  <div class='ocr_page' id='page_1' title='image "/cluster/home/n/w/nwhite01/storage/ocr_20150623/142/hvd.32044012457388/575.png"; bbox 0 0 3832 6360; ppageno 0'>
   <div class='ocr_carea' id='block_1_1' title="bbox 370 378 546 444">
    <p class='ocr_par' dir='ltr' id='par_1_1' title="bbox 370 378 546 444">
     <span class='ocr_line' id='line_1_1' title="bbox 370 378 546 444; baseline 0 -3"><span class='ocrx_word' id='word_1_1' title='bbox 370 378 546 444; x_wconf 78' lang='grc' dir='ltr'><strong>1139ο</strong></span> 
     </span>
    </p>
   </div>
   <div class='ocr_carea' id='block_1_2' title="bbox 1554 382 2442 455">
    <p class='ocr_par' dir='ltr' id='par_1_2' title="bbox 1554 382 2442 455">
     <span class='ocr_line' id='line_1_2' title="bbox 1554 382 2442 455; baseline 0.002 -4"><span class='ocrx_word' id='word_1_2' title='bbox 1554 382 1976 452; x_wconf 75' lang='lat' dir='ltr'><strong>NICEPHORI</strong></span> <span class='ocrx_word' id='word_1_3' title='bbox 2020 394 2310 454; x_wconf 79' lang='grc' dir='ltr'>ιιιΕΜΜι</span> <span class='ocrx_word' id='word_1_4' title='bbox 2328 394 2442 455; x_wconf 47' lang='grc' dir='ltr'><strong>ΒΑΕ</strong></span> 
     </span>
    </p>
   </div>
   <div class='ocr_carea' id='block_1_3' title="bbox 3476 388 3615 455">
    <p class='ocr_par' dir='ltr' id='par_1_3' title="bbox 3476 388 3615 455">
     <span class='ocr_line' id='line_1_3' title="bbox 3476 388 3615 455; baseline 0.014 -4"><span class='ocrx_word' id='word_1_5' title='bbox 3476 388 3615 455; x_wconf 65' lang='grc'><strong>1140</strong></span> 
     </span>
    </p>
   </div>
   <div class='ocr_carea' id='block_1_4' title="bbox 439 496 1915 581">
    <p class='ocr_par' dir='ltr' id='par_1_4' title="bbox 439 496 1915 574">
     <span class='ocr_line' id='line_1_4' title="bbox 439 496 1915 574; baseline 0.006 -22"><span class='ocrx_word' id='word_1_6' title='bbox 439 496 705 564; x_wconf 65' lang='grc' dir='ltr'>ιιρυοιι</span> <span class='ocrx_word' id='word_1_7' title='bbox 744 507 924 553; x_wconf 85' lang='lat' dir='ltr'><strong>autem</strong></span> <span class='ocrx_word' id='word_1_8' title='bbox 956 515 1066 554; x_wconf 90' lang='lat' dir='ltr'><strong>nou</strong></span> <span class='ocrx_word' id='word_1_9' title='bbox 1090 499 1165 554; x_wconf 86' lang='lat' dir='ltr'><strong>ita</strong></span> <span class='ocrx_word' id='word_1_10' title='bbox 1233 501 1390 557; x_wconf 73' lang='lat' dir='ltr'><strong>multi</strong></span> <span class='ocrx_word' id='word_1_11' title='bbox 1425 516 1671 574; x_wconf 64' lang='lat' dir='ltr'><strong>cometa,</strong></span> <span class='ocrx_word' id='word_1_12' title='bbox 1718 522 1817 563; x_wconf 88' lang='lat' dir='ltr'><strong>nec</strong></span> <span class='ocrx_word' id='word_1_13' title='bbox 1855 507 1915 562; x_wconf 68' lang='lat' dir='ltr'><strong>ita</strong></span> 
     </span>
    </p>
   </div>
   <div class='ocr_carea' id='block_1_5' title="bbox 2031 496 3614 581">
    <p class='ocr_par' dir='ltr' id='par_1_5' title="bbox 2108 505 3614 581">
     <span class='ocr_line' id='line_1_5' title="bbox 2108 505 3614 581; baseline -0.002 -18"><span class='ocrx_word' id='word_1_14' title='bbox 2108 512 2199 567; x_wconf 80' lang='grc' dir='ltr'>ια’.</span> <span class='ocrx_word' id='word_1_15' title='bbox 2231 511 2337 565; x_wconf 84' lang='grc' dir='ltr'>Τοῦ</span> <span class='ocrx_word' id='word_1_16' title='bbox 2374 510 2430 564; x_wconf 77' lang='grc' dir='ltr'>δι</span> <span class='ocrx_word' id='word_1_17' title='bbox 2487 510 2562 581; x_wconf 85' lang='grc' dir='ltr'>μὴ</span> <span class='ocrx_word' id='word_1_18' title='bbox 2617 508 2862 579; x_wconf 83' lang='grc' dir='ltr'>γίνεσθαι</span> <span class='ocrx_word' id='word_1_19' title='bbox 2908 507 3134 571; x_wconf 75' lang='grc' dir='ltr'>πολλοὺς</span> <span class='ocrx_word' id='word_1_20' title='bbox 3182 505 3429 578; x_wconf 75' lang='grc' dir='ltr'><strong>κομήτας</strong></span> <span class='ocrx_word' id='word_1_21' title='bbox 3476 507 3614 577; x_wconf 63' lang='grc' dir='ltr'>μηδὲ</span> 
     </span>
    </p>
   </div>
   <div class='ocr_carea' id='block_1_6' title="bbox 364 587 1938 667">
    <p class='ocr_par' dir='ltr' id='par_1_6' title="bbox 364 587 1938 667">
     <span class='ocr_line' id='line_1_6' title="bbox 364 587 1938 667; baseline 0.007 -24"><span class='ocrx_word' id='word_1_22' title='bbox 364 587 559 644; x_wconf 88' lang='lat' dir='ltr'><strong>crebro</strong></span> <span class='ocrx_word' id='word_1_23' title='bbox 589 598 647 644; x_wconf 91' lang='lat' dir='ltr'><strong>ut</strong></span> <span class='ocrx_word' id='word_1_24' title='bbox 672 588 842 643; x_wconf 82' lang='lat' dir='ltr'><strong>stellae</strong></span> <span class='ocrx_word' id='word_1_25' title='bbox 873 589 1245 658; x_wconf 87' lang='lat' dir='ltr'><strong>prosilicntes,</strong></span> <span class='ocrx_word' id='word_1_26' title='bbox 1303 594 1575 650; x_wconf 80' lang='lat' dir='ltr'><strong>exsistunt</strong></span> <span class='ocrx_word' id='word_1_27' title='bbox 1607 614 1624 665; x_wconf 87' lang='lat'><strong>;</strong></span> <span class='ocrx_word' id='word_1_28' title='bbox 1683 598 1938 667; x_wconf 87' lang='lat' dir='ltr'><strong>quodque</strong></span> 
     </span>
    </p>
   </div>
   <div class='ocr_carea' id='block_1_7' title="bbox 363 679 1939 767">
    <p class='ocr_par' dir='ltr' id='par_1_7' title="bbox 363 679 1939 767">
     <span class='ocr_line' id='line_1_7' title="bbox 363 679 1939 767; baseline 0.008 -34"><span class='ocrx_word' id='word_1_29' title='bbox 363 681 525 735; x_wconf 86' lang='lat' dir='ltr'><strong>etiam</strong></span> <span class='ocrx_word' id='word_1_30' title='bbox 557 681 647 747; x_wconf 89' lang='lat' dir='ltr'><strong>qui</strong></span> <span class='ocrx_word' id='word_1_31' title='bbox 668 679 960 746; x_wconf 74' lang='lat' dir='ltr'><strong>exsistunt,</strong></span> <span class='ocrx_word' id='word_1_32' title='bbox 1003 693 1154 738; x_wconf 77' lang='lat' dir='ltr'><strong>extra</strong></span> <span class='ocrx_word' id='word_1_33' title='bbox 1197 686 1379 755; x_wconf 85' lang='lat' dir='ltr'><strong>potius</strong></span> <span class='ocrx_word' id='word_1_34' title='bbox 1405 702 1566 767; x_wconf 75' lang='lat' dir='ltr'><strong>quam</strong></span> <span class='ocrx_word' id='word_1_35' title='bbox 1594 690 1733 745; x_wconf 89' lang='lat' dir='ltr'><strong>intra</strong></span> <span class='ocrx_word' id='word_1_36' title='bbox 1768 693 1939 761; x_wconf 85' lang='lat' dir='ltr'><strong>tropi-</strong></span> 
     </span>
    </p>
   </div>
   <div class='ocr_carea' id='block_1_8' title="bbox 363 772 1938 837">
    <p class='ocr_par' dir='ltr' id='par_1_8' title="bbox 363 772 1938 837">
     <span class='ocr_line' id='line_1_8' title="bbox 363 772 1938 837; baseline 0.008 -12"><span class='ocrx_word' id='word_1_37' title='bbox 363 785 460 826; x_wconf 88' lang='lat' dir='ltr'><strong>cos</strong></span> <span class='ocrx_word' id='word_1_38' title='bbox 485 772 798 827; x_wconf 80' lang='lat' dir='ltr'><strong>exsistunt:</strong></span> <span class='ocrx_word' id='word_1_39' title='bbox 840 786 1061 828; x_wconf 84' lang='lat' dir='ltr'><strong>causam</strong></span> <span class='ocrx_word' id='word_1_40' title='bbox 1092 789 1214 829; x_wconf 89' lang='lat' dir='ltr'><strong>esse</strong></span> <span class='ocrx_word' id='word_1_41' title='bbox 1244 790 1471 833; x_wconf 79' lang='lat' dir='ltr'><strong>censent</strong></span> <span class='ocrx_word' id='word_1_42' title='bbox 1503 781 1636 836; x_wconf 85' lang='lat' dir='ltr'><strong>solis</strong></span> <span class='ocrx_word' id='word_1_43' title='bbox 1676 783 1938 837; x_wconf 82' lang='lat' dir='ltr'><strong>aliorum-</strong></span> 
     </span>
    </p>
   </div>
   <div class='ocr_carea' id='block_1_9' title="bbox 363 864 1936 943">
    <p class='ocr_par' dir='ltr' id='par_1_9' title="bbox 363 864 1936 943">
     <span class='ocr_line' id='line_1_9' title="bbox 363 864 1936 943; baseline 0.011 -28"><span class='ocrx_word' id='word_1_44' title='bbox 363 878 470 932; x_wconf 90' lang='lat' dir='ltr'><strong>que</strong></span> <span class='ocrx_word' id='word_1_45' title='bbox 499 864 839 932; x_wconf 77' lang='lat' dir='ltr'><strong>planetarum</strong></span> <span class='ocrx_word' id='word_1_46' title='bbox 874 874 1080 918; x_wconf 90' lang='lat' dir='ltr'><strong>motum</strong></span> <span class='ocrx_word' id='word_1_47' title='bbox 1117 885 1130 920; x_wconf 92' lang='lat'><strong>:</strong></span> <span class='ocrx_word' id='word_1_48' title='bbox 1171 868 1260 935; x_wconf 86' lang='lat' dir='ltr'><strong>qui</strong></span> <span class='ocrx_word' id='word_1_49' title='bbox 1300 886 1425 923; x_wconf 87' lang='lat' dir='ltr'><strong>cum</strong></span> <span class='ocrx_word' id='word_1_50' title='bbox 1497 872 1638 927; x_wconf 90' lang='lat' dir='ltr'><strong>intra</strong></span> <span class='ocrx_word' id='word_1_51' title='bbox 1697 876 1936 943; x_wconf 88' lang='lat' dir='ltr'><strong>tropicos</strong></span> 
     </span>
    </p>
   </div>
   <div class='ocr_carea' id='block_1_10' title="bbox 361 952 1935 1033">
    <p class='ocr_par' dir='ltr' id='par_1_10' title="bbox 361 952 1935 1033">
     <span class='ocr_line' id='line_1_10' title="bbox 361 952 1935 1033; baseline 0.01 -29"><span class='ocrx_word' id='word_1_52' title='bbox 361 961 685 1006; x_wconf 81' lang='lat' dir='ltr'><strong>moveantur</strong></span> <span class='ocrx_word' id='word_1_53' title='bbox 720 952 830 1024; x_wconf 84' lang='lat' dir='ltr'><strong>(hic</strong></span> <span class='ocrx_word' id='word_1_54' title='bbox 863 954 1008 1009; x_wconf 86' lang='lat' dir='ltr'><strong>enim</strong></span> <span class='ocrx_word' id='word_1_55' title='bbox 1052 954 1297 1026; x_wconf 77' lang='lat' dir='ltr'><strong>signiferi</strong></span> <span class='ocrx_word' id='word_1_56' title='bbox 1349 960 1539 1015; x_wconf 83' lang='lat' dir='ltr'><strong>circuli</strong></span> <span class='ocrx_word' id='word_1_57' title='bbox 1577 961 1629 1016; x_wconf 94' lang='lat' dir='ltr'><strong>in</strong></span> <span class='ocrx_word' id='word_1_58' title='bbox 1673 978 1782 1033; x_wconf 92' lang='lat' dir='ltr'><strong>quo</strong></span> <span class='ocrx_word' id='word_1_59' title='bbox 1816 981 1935 1019; x_wconf 89' lang='lat' dir='ltr'><strong>mo-</strong></span> 
     </span>
    </p>
   </div>
   <div class='ocr_carea' id='block_1_11' title="bbox 361 1044 1935 1122">
    <p class='ocr_par' dir='ltr' id='par_1_11' title="bbox 361 1044 1935 1122">
     <span class='ocr_line' id='line_1_11' title="bbox 361 1044 1935 1122; baseline 0.011 -26"><span class='ocrx_word' id='word_1_60' title='bbox 361 1050 450 1097; x_wconf 83' lang='lat' dir='ltr'><strong>tus</strong></span> <span class='ocrx_word' id='word_1_61' title='bbox 493 1044 835 1113; x_wconf 85' lang='lat' dir='ltr'><strong>planetarum</strong></span> <span class='ocrx_word' id='word_1_62' title='bbox 895 1048 1196 1115; x_wconf 76' lang='lat' dir='ltr'><strong>perﬁcitur,</strong></span> <span class='ocrx_word' id='word_1_63' title='bbox 1262 1050 1403 1105; x_wconf 90' lang='lat' dir='ltr'><strong>situs</strong></span> <span class='ocrx_word' id='word_1_64' title='bbox 1477 1054 1605 1122; x_wconf 87' lang='lat' dir='ltr'><strong>est),</strong></span> <span class='ocrx_word' id='word_1_65' title='bbox 1650 1054 1935 1113; x_wconf 88' lang='lat' dir='ltr'><strong>densiores</strong></span> 
     </span>
    </p>
   </div>
   <div class='ocr_carea' id='block_1_12' title="bbox 358 1136 1929 1209">
    <p class='ocr_par' dir='ltr' id='par_1_12' title="bbox 358 1136 1929 1209">
     <span class='ocr_line' id='line_1_12' title="bbox 358 1136 1929 1209; baseline 0.009 -21"><span class='ocrx_word' id='word_1_66' title='bbox 358 1143 413 1189; x_wconf 82' lang='lat' dir='ltr'><strong>et</strong></span> <span class='ocrx_word' id='word_1_67' title='bbox 488 1136 841 1203; x_wconf 74' lang='lat' dir='ltr'><strong>conglobatus</strong></span> <span class='ocrx_word' id='word_1_68' title='bbox 910 1138 1308 1205; x_wconf 80' lang='lat' dir='ltr'><strong>exltalationcs,</strong></span> <span class='ocrx_word' id='word_1_69' title='bbox 1387 1159 1508 1209; x_wconf 72' lang='lat' dir='ltr'><strong>qua:</strong></span> <span class='ocrx_word' id='word_1_70' title='bbox 1590 1155 1929 1202; x_wconf 87' lang='lat' dir='ltr'><strong>cometarum</strong></span> 
     </span>
    </p>
   </div>
   <div class='ocr_carea' id='block_1_13' title="bbox 359 1231 1934 1306">
    <p class='ocr_par' dir='ltr' id='par_1_13' title="bbox 359 1231 1934 1306">
     <span class='ocr_line' id='line_1_13' title="bbox 359 1231 1934 1306; baseline 0.012 -25"><span class='ocrx_word' id='word_1_71' title='bbox 359 1236 488 1281; x_wconf 91' lang='lat' dir='ltr'><strong>sunt</strong></span> <span class='ocrx_word' id='word_1_72' title='bbox 538 1231 786 1296; x_wconf 80' lang='lat' dir='ltr'><strong>materia,</strong></span> <span class='ocrx_word' id='word_1_73' title='bbox 836 1231 1153 1302; x_wconf 77' lang='lat' dir='ltr'><strong>disgregaut</strong></span> <span class='ocrx_word' id='word_1_74' title='bbox 1192 1246 1250 1291; x_wconf 93' lang='lat' dir='ltr'><strong>ut</strong></span> <span class='ocrx_word' id='word_1_75' title='bbox 1295 1235 1585 1306; x_wconf 88' lang='lat' dir='ltr'><strong>plurimum</strong></span> <span class='ocrx_word' id='word_1_76' title='bbox 1660 1255 1713 1294; x_wconf 80' lang='lat' dir='ltr'><strong>et</strong></span> <span class='ocrx_word' id='word_1_77' title='bbox 1783 1256 1934 1299; x_wconf 71' lang='lat' dir='ltr'><strong>exte-</strong></span> 
     </span>
    </p>
   </div>
   <div class='ocr_carea' id='block_1_14' title="bbox 354 1319 614 1377">
    <p class='ocr_par' dir='ltr' id='par_1_14' title="bbox 354 1319 614 1377">
     <span class='ocr_line' id='line_1_14' title="bbox 354 1319 614 1377; baseline 0.023 -6"><span class='ocrx_word' id='word_1_78' title='bbox 354 1330 526 1374; x_wconf 85' lang='lat' dir='ltr'><strong>nuant</strong></span> <span class='ocrx_word' id='word_1_79' title='bbox 549 1319 614 1377; x_wconf 78' lang='lat'><strong>&quot;.</strong></span> 
     </span>
    </p>
   </div>
   <div class='ocr_carea' id='block_1_15' title="bbox 428 1412 1932 1496">
    <p class='ocr_par' dir='ltr' id='par_1_15' title="bbox 428 1412 1932 1496">
     <span class='ocr_line' id='line_1_15' title="bbox 428 1412 1932 1496; baseline 0.012 -32"><span class='ocrx_word' id='word_1_80' title='bbox 428 1412 513 1465; x_wconf 71' lang='lat'><strong>12.</strong></span> <span class='ocrx_word' id='word_1_81' title='bbox 545 1413 778 1491; x_wconf 77' lang='lat' dir='ltr'><strong>Maxime</strong></span> <span class='ocrx_word' id='word_1_82' title='bbox 804 1424 987 1470; x_wconf 89' lang='lat' dir='ltr'><strong>autem</strong></span> <span class='ocrx_word' id='word_1_83' title='bbox 1014 1415 1065 1471; x_wconf 91' lang='lat' dir='ltr'><strong>iu</strong></span> <span class='ocrx_word' id='word_1_84' title='bbox 1097 1431 1263 1473; x_wconf 86' lang='lat' dir='ltr'><strong>causa</strong></span> <span class='ocrx_word' id='word_1_85' title='bbox 1316 1435 1438 1476; x_wconf 89' lang='lat' dir='ltr'><strong>esse</strong></span> <span class='ocrx_word' id='word_1_86' title='bbox 1497 1424 1734 1488; x_wconf 82' lang='lat' dir='ltr'><strong>videtur,</strong></span> <span class='ocrx_word' id='word_1_87' title='bbox 1786 1429 1932 1496; x_wconf 83' lang='lat' dir='ltr'><strong>quod</strong></span> 
     </span>
    </p>
   </div>
   <div class='ocr_carea' id='block_1_16' title="bbox 353 1502 1931 1587">
    <p class='ocr_par' dir='ltr' id='par_1_16' title="bbox 353 1502 1931 1587">
     <span class='ocr_line' id='line_1_16' title="bbox 353 1502 1931 1587; baseline 0.011 -31"><span class='ocrx_word' id='word_1_88' title='bbox 353 1502 408 1556; x_wconf 86' lang='lat' dir='ltr'><strong>lu</strong></span> <span class='ocrx_word' id='word_1_89' title='bbox 445 1503 567 1559; x_wconf 86' lang='lat' dir='ltr'><strong>istis</strong></span> <span class='ocrx_word' id='word_1_90' title='bbox 615 1506 863 1575; x_wconf 86' lang='lat' dir='ltr'><strong>partibus</strong></span> <span class='ocrx_word' id='word_1_91' title='bbox 906 1518 1138 1562; x_wconf 71' lang='lat' dir='ltr'><strong>cometa:</strong></span> <span class='ocrx_word' id='word_1_92' title='bbox 1177 1526 1283 1565; x_wconf 91' lang='lat' dir='ltr'><strong>non</strong></span> <span class='ocrx_word' id='word_1_93' title='bbox 1324 1515 1602 1583; x_wconf 87' lang='lat' dir='ltr'><strong>oriuntur,</strong></span> <span class='ocrx_word' id='word_1_94' title='bbox 1645 1519 1767 1587; x_wconf 87' lang='lat' dir='ltr'><strong>quia</strong></span> <span class='ocrx_word' id='word_1_95' title='bbox 1820 1519 1931 1574; x_wconf 76' lang='lat' dir='ltr'><strong>fere</strong></span> 
     </span>
    </p>
   </div>
   <div class='ocr_carea' id='block_1_17' title="bbox 354 1598 1928 1671">
    <p class='ocr_par' dir='ltr' id='par_1_17' title="bbox 354 1598 1928 1671">
     <span class='ocr_line' id='line_1_17' title="bbox 354 1598 1928 1671; baseline 0.01 -22"><span class='ocrx_word' id='word_1_96' title='bbox 354 1598 407 1651; x_wconf 91' lang='lat' dir='ltr'><strong>in</strong></span> <span class='ocrx_word' id='word_1_97' title='bbox 458 1598 616 1654; x_wconf 86' lang='lat' dir='ltr'><strong>lactis</strong></span> <span class='ocrx_word' id='word_1_98' title='bbox 671 1601 973 1667; x_wconf 77' lang='lat' dir='ltr'><strong>regionem,</strong></span> <span class='ocrx_word' id='word_1_99' title='bbox 1024 1600 1185 1671; x_wconf 79' lang='lat'><strong>158</strong></span> <span class='ocrx_word' id='word_1_100' title='bbox 1246 1602 1350 1659; x_wconf 86' lang='lat' dir='ltr'><strong>hoc</strong></span> <span class='ocrx_word' id='word_1_101' title='bbox 1409 1617 1517 1669; x_wconf 89' lang='lat' dir='ltr'><strong>est,</strong></span> <span class='ocrx_word' id='word_1_102' title='bbox 1560 1624 1610 1661; x_wconf 88' lang='lat' dir='ltr'><strong>tn</strong></span> <span class='ocrx_word' id='word_1_103' title='bbox 1663 1610 1928 1665; x_wconf 87' lang='lat' dir='ltr'><strong>circulum</strong></span> 
     </span>
    </p>
   </div>
   <div class='ocr_carea' id='block_1_18' title="bbox 353 1689 1931 1774">
    <p class='ocr_par' dir='ltr' id='par_1_18' title="bbox 353 1689 1931 1774">
     <span class='ocr_line' id='line_1_18' title="bbox 353 1689 1931 1774; baseline 0.011 -31"><span class='ocrx_word' id='word_1_104' title='bbox 353 1689 632 1744; x_wconf 69' lang='lat' dir='ltr'><strong>Galatiam</strong></span> <span class='ocrx_word' id='word_1_105' title='bbox 702 1691 938 1745; x_wconf 84' lang='lat' dir='ltr'><strong>maxima</strong></span> <span class='ocrx_word' id='word_1_106' title='bbox 1008 1693 1277 1762; x_wconf 80' lang='lat' dir='ltr'><strong>ejusmodi</strong></span> <span class='ocrx_word' id='word_1_107' title='bbox 1335 1698 1743 1756; x_wconf 74' lang='lat' dir='ltr'><strong>exltalationum</strong></span> <span class='ocrx_word' id='word_1_108' title='bbox 1801 1719 1931 1774; x_wconf 88' lang='lat' dir='ltr'><strong>pars</strong></span> 
     </span>
    </p>
   </div>
   <div class='ocr_carea' id='block_1_19' title="bbox 352 1786 1927 1871">
    <p class='ocr_par' dir='ltr' id='par_1_19' title="bbox 352 1786 1927 1871">
     <span class='ocr_line' id='line_1_19' title="bbox 352 1786 1927 1871; baseline 0.014 -36"><span class='ocrx_word' id='word_1_109' title='bbox 352 1786 690 1851; x_wconf 79' lang='lat' dir='ltr'><strong>excernitur,</strong></span> <span class='ocrx_word' id='word_1_110' title='bbox 752 1786 1064 1860; x_wconf 88' lang='lat' dir='ltr'><strong>ibidemque</strong></span> <span class='ocrx_word' id='word_1_111' title='bbox 1122 1793 1349 1848; x_wconf 86' lang='lat' dir='ltr'><strong>collecta</strong></span> <span class='ocrx_word' id='word_1_112' title='bbox 1401 1795 1575 1852; x_wconf 84' lang='lat' dir='ltr'><strong>lucem</strong></span> <span class='ocrx_word' id='word_1_113' title='bbox 1624 1815 1742 1854; x_wconf 89' lang='lat' dir='ltr'><strong>eam</strong></span> <span class='ocrx_word' id='word_1_114' title='bbox 1805 1817 1927 1871; x_wconf 71' lang='lat' dir='ltr'><strong>quae</strong></span> 
     </span>
    </p>
   </div>
   <div class='ocr_carea' id='block_1_20' title="bbox 353 1877 894 1943">
    <p class='ocr_par' dir='ltr' id='par_1_20' title="bbox 353 1877 894 1943">
     <span class='ocr_line' id='line_1_20' title="bbox 353 1877 894 1943; baseline 0.013 -14"><span class='ocrx_word' id='word_1_115' title='bbox 353 1877 692 1943; x_wconf 88' lang='lat' dir='ltr'><strong>conspicitur</strong></span> <span class='ocrx_word' id='word_1_116' title='bbox 710 1879 894 1936; x_wconf 72' lang='lat' dir='ltr'><strong>efﬁcit.</strong></span> 
     </span>
    </p>
   </div>
   <div class='ocr_carea' id='block_1_21' title="bbox 428 1969 1918 2051">
    <p class='ocr_par' dir='ltr' id='par_1_21' title="bbox 428 1969 1918 2051">
     <span class='ocr_line' id='line_1_21' title="bbox 428 1969 1918 2051; baseline 0.011 -28"><span class='ocrx_word' id='word_1_117' title='bbox 428 1970 516 2024; x_wconf 73' lang='grc'><strong>15.</strong></span> <span class='ocrx_word' id='word_1_118' title='bbox 553 1969 1028 2037; x_wconf 80' lang='lat' dir='ltr'><strong>Quemadmodum</strong></span> <span class='ocrx_word' id='word_1_119' title='bbox 1071 1975 1217 2030; x_wconf 84' lang='lat' dir='ltr'><strong>enim</strong></span> <span class='ocrx_word' id='word_1_120' title='bbox 1276 1979 1449 2035; x_wconf 66' lang='lat' dir='ltr'><strong>stella:</strong></span> <span class='ocrx_word' id='word_1_121' title='bbox 1502 1981 1750 2051; x_wconf 78' lang='lat' dir='ltr'><strong>quaedam</strong></span> <span class='ocrx_word' id='word_1_122' title='bbox 1795 1998 1918 2039; x_wconf 89' lang='lat' dir='ltr'><strong>cum</strong></span> 
     </span>
    </p>
   </div>
   <div class='ocr_carea' id='block_1_22' title="bbox 348 2064 1915 2148">
    <p class='ocr_par' dir='ltr' id='par_1_22' title="bbox 348 2064 1915 2148">
     <span class='ocr_line' id='line_1_22' title="bbox 348 2064 1915 2148; baseline 0.009 -31"><span class='ocrx_word' id='word_1_123' title='bbox 348 2071 594 2119; x_wconf 83' lang='lat' dir='ltr'><strong>errantes</strong></span> <span class='ocrx_word' id='word_1_124' title='bbox 624 2064 689 2131; x_wconf 79' lang='grc'><strong>⁷⁸,</strong></span> <span class='ocrx_word' id='word_1_125' title='bbox 724 2075 835 2120; x_wconf 92' lang='lat' dir='ltr'><strong>tum</strong></span> <span class='ocrx_word' id='word_1_126' title='bbox 860 2066 1192 2137; x_wconf 86' lang='lat' dir='ltr'><strong>inerrantes,</strong></span> <span class='ocrx_word' id='word_1_127' title='bbox 1224 2071 1456 2139; x_wconf 68' lang='lat' dir='ltr'><strong>crinitae,</strong></span> <span class='ocrx_word' id='word_1_128' title='bbox 1496 2082 1554 2127; x_wconf 89' lang='lat' dir='ltr'><strong>ut</strong></span> <span class='ocrx_word' id='word_1_129' title='bbox 1587 2075 1791 2130; x_wconf 90' lang='lat' dir='ltr'><strong>dictum</strong></span> <span class='ocrx_word' id='word_1_130' title='bbox 1810 2087 1915 2148; x_wconf 86' lang='lat' dir='ltr'><strong>est,</strong></span> 
     </span>
    </p>
   </div>
   <div class='ocr_carea' id='block_1_23' title="bbox 348 2157 1921 2230">
    <p class='ocr_par' dir='ltr' id='par_1_23' title="bbox 348 2157 1921 2230">
     <span class='ocr_line' id='line_1_23' title="bbox 348 2157 1921 2230; baseline 0.012 -23"><span class='ocrx_word' id='word_1_131' title='bbox 348 2157 783 2224; x_wconf 62' lang='lat' dir='ltr'><strong>vi;:etttur,cum</strong></span> <span class='ocrx_word' id='word_1_132' title='bbox 813 2157 954 2214; x_wconf 80' lang='lat' dir='ltr'><strong>infra</strong></span> <span class='ocrx_word' id='word_1_133' title='bbox 981 2161 1131 2230; x_wconf 91' lang='lat' dir='ltr'><strong>ipsas</strong></span> <span class='ocrx_word' id='word_1_134' title='bbox 1186 2162 1409 2229; x_wconf 83' lang='lat' dir='ltr'><strong>densior</strong></span> <span class='ocrx_word' id='word_1_135' title='bbox 1457 2166 1734 2224; x_wconf 77' lang='lat' dir='ltr'><strong>exhalatio</strong></span> <span class='ocrx_word' id='word_1_136' title='bbox 1788 2185 1921 2225; x_wconf 88' lang='lat' dir='ltr'><strong>con-</strong></span> 
     </span>
    </p>
   </div>
   <div class='ocr_carea' id='block_1_24' title="bbox 349 2238 1921 2327">
    <p class='ocr_par' dir='ltr' id='par_1_24' title="bbox 349 2238 1921 2327">
     <span class='ocr_line' id='line_1_24' title="bbox 349 2238 1921 2327; baseline 0.011 -26"><span class='ocrx_word' id='word_1_137' title='bbox 349 2247 548 2302; x_wconf 82' lang='lat' dir='ltr'><strong>crescit</strong></span> <span class='ocrx_word' id='word_1_138' title='bbox 586 2257 640 2302; x_wconf 87' lang='lat' dir='ltr'><strong>et</strong></span> <span class='ocrx_word' id='word_1_139' title='bbox 673 2238 1048 2306; x_wconf 72' lang='lat' dir='ltr'><strong>inﬂammatur</strong></span> <span class='ocrx_word' id='word_1_140' title='bbox 1071 2244 1142 2308; x_wconf 78' lang='lat' dir='ltr'><strong>et</strong></span> <span class='ocrx_word' id='word_1_141' title='bbox 1170 2267 1296 2309; x_wconf 91' lang='lat' dir='ltr'><strong>cum</strong></span> <span class='ocrx_word' id='word_1_142' title='bbox 1333 2255 1468 2327; x_wconf 87' lang='lat' dir='ltr'><strong>ipsis</strong></span> <span class='ocrx_word' id='word_1_143' title='bbox 1498 2258 1660 2315; x_wconf 84' lang='lat' dir='ltr'><strong>simul</strong></span> <span class='ocrx_word' id='word_1_144' title='bbox 1689 2276 1921 2317; x_wconf 79' lang='lat' dir='ltr'><strong>conver-</strong></span> 
     </span>
    </p>
   </div>
   <div class='ocr_carea' id='block_1_25' title="bbox 348 2340 1919 2411">
    <p class='ocr_par' dir='ltr' id='par_1_25' title="bbox 348 2340 1919 2411">
     <span class='ocr_line' id='line_1_25' title="bbox 348 2340 1919 2411; baseline 0.011 -18"><span class='ocrx_word' id='word_1_145' title='bbox 348 2340 519 2393; x_wconf 80' lang='lat' dir='ltr'><strong>titur:</strong></span> <span class='ocrx_word' id='word_1_146' title='bbox 577 2341 659 2395; x_wconf 92' lang='lat' dir='ltr'><strong>sic</strong></span> <span class='ocrx_word' id='word_1_147' title='bbox 708 2342 874 2397; x_wconf 91' lang='lat' dir='ltr'><strong>etiam</strong></span> <span class='ocrx_word' id='word_1_148' title='bbox 926 2343 1179 2400; x_wconf 87' lang='lat' dir='ltr'><strong>inlacteo</strong></span> <span class='ocrx_word' id='word_1_149' title='bbox 1208 2347 1415 2404; x_wconf 86' lang='lat' dir='ltr'><strong>circulo</strong></span> <span class='ocrx_word' id='word_1_150' title='bbox 1473 2366 1561 2406; x_wconf 90' lang='lat' dir='ltr'><strong>res</strong></span> <span class='ocrx_word' id='word_1_151' title='bbox 1597 2366 1657 2407; x_wconf 90' lang='lat' dir='ltr'><strong>se</strong></span> <span class='ocrx_word' id='word_1_152' title='bbox 1714 2353 1919 2411; x_wconf 83' lang='lat' dir='ltr'><strong>habere</strong></span> 
     </span>
    </p>
   </div>
   <div class='ocr_carea' id='block_1_26' title="bbox 346 2432 1916 2512">
    <p class='ocr_par' dir='ltr' id='par_1_26' title="bbox 346 2432 1916 2512">
     <span class='ocr_line' id='line_1_26' title="bbox 346 2432 1916 2512; baseline 0.01 -27"><span class='ocrx_word' id='word_1_153' title='bbox 346 2432 582 2488; x_wconf 72' lang='lat' dir='ltr'><strong>videtur.</strong></span> <span class='ocrx_word' id='word_1_154' title='bbox 610 2433 763 2501; x_wconf 86' lang='lat' dir='ltr'><strong>Quod</strong></span> <span class='ocrx_word' id='word_1_155' title='bbox 804 2437 950 2491; x_wconf 90' lang='lat' dir='ltr'><strong>enim</strong></span> <span class='ocrx_word' id='word_1_156' title='bbox 978 2438 1252 2494; x_wconf 77' lang='lat' dir='ltr'><strong>exhalatio</strong></span> <span class='ocrx_word' id='word_1_157' title='bbox 1287 2456 1369 2505; x_wconf 90' lang='lat' dir='ltr'><strong>ea,</strong></span> <span class='ocrx_word' id='word_1_158' title='bbox 1406 2458 1529 2512; x_wconf 74' lang='lat' dir='ltr'><strong>quae</strong></span> <span class='ocrx_word' id='word_1_159' title='bbox 1580 2444 1722 2498; x_wconf 87' lang='lat' dir='ltr'><strong>circa</strong></span> <span class='ocrx_word' id='word_1_160' title='bbox 1754 2460 1916 2500; x_wconf 83' lang='lat' dir='ltr'><strong>unam</strong></span> 
     </span>
    </p>
   </div>
   <div class='ocr_carea' id='block_1_27' title="bbox 347 2528 1913 2608">
    <p class='ocr_par' dir='ltr' id='par_1_27' title="bbox 347 2528 1913 2608">
     <span class='ocr_line' id='line_1_27' title="bbox 347 2528 1913 2608; baseline 0.008 -29"><span class='ocrx_word' id='word_1_161' title='bbox 347 2528 658 2597; x_wconf 87' lang='lat' dir='ltr'><strong>quampiam</strong></span> <span class='ocrx_word' id='word_1_162' title='bbox 693 2529 907 2583; x_wconf 85' lang='lat' dir='ltr'><strong>stellam</strong></span> <span class='ocrx_word' id='word_1_163' title='bbox 938 2531 1175 2598; x_wconf 74' lang='lat' dir='ltr'><strong>exsistit,</strong></span> <span class='ocrx_word' id='word_1_164' title='bbox 1208 2532 1379 2587; x_wconf 81' lang='lat' dir='ltr'><strong>crinis</strong></span> <span class='ocrx_word' id='word_1_165' title='bbox 1425 2534 1650 2605; x_wconf 82' lang='lat' dir='ltr'><strong>ﬁguram</strong></span> <span class='ocrx_word' id='word_1_166' title='bbox 1694 2537 1863 2593; x_wconf 83' lang='lat' dir='ltr'><strong>efﬁcit</strong></span> <span class='ocrx_word' id='word_1_167' title='bbox 1898 2555 1913 2608; x_wconf 82' lang='lat'><strong>;</strong></span> 
     </span>
    </p>
   </div>
   <div class='ocr_carea' id='block_1_28' title="bbox 346 2618 1917 2703">
    <p class='ocr_par' dir='ltr' id='par_1_28' title="bbox 346 2618 1917 2703">
     <span class='ocr_line' id='line_1_28' title="bbox 346 2618 1917 2703; baseline 0.01 -28"><span class='ocrx_word' id='word_1_168' title='bbox 346 2618 488 2676; x_wconf 84' lang='lat' dir='ltr'><strong>idem</strong></span> <span class='ocrx_word' id='word_1_169' title='bbox 524 2622 686 2677; x_wconf 89' lang='lat' dir='ltr'><strong>etiam</strong></span> <span class='ocrx_word' id='word_1_170' title='bbox 729 2622 855 2678; x_wconf 86' lang='lat' dir='ltr'><strong>dum</strong></span> <span class='ocrx_word' id='word_1_171' title='bbox 884 2625 935 2679; x_wconf 89' lang='lat' dir='ltr'><strong>in</strong></span> <span class='ocrx_word' id='word_1_172' title='bbox 970 2623 1038 2680; x_wconf 90' lang='lat' dir='ltr'><strong>iis</strong></span> <span class='ocrx_word' id='word_1_173' title='bbox 1067 2627 1240 2682; x_wconf 82' lang='lat' dir='ltr'><strong>stellis</strong></span> <span class='ocrx_word' id='word_1_174' title='bbox 1274 2626 1325 2682; x_wconf 92' lang='lat' dir='ltr'><strong>in</strong></span> <span class='ocrx_word' id='word_1_175' title='bbox 1362 2626 1559 2698; x_wconf 82' lang='lat' dir='ltr'><strong>quibus</strong></span> <span class='ocrx_word' id='word_1_176' title='bbox 1589 2632 1673 2688; x_wconf 91' lang='lat' dir='ltr'><strong>lac</strong></span> <span class='ocrx_word' id='word_1_177' title='bbox 1691 2642 1917 2703; x_wconf 85' lang='lat' dir='ltr'><strong>apparet</strong></span> 
     </span>
    </p>
   </div>
   <div class='ocr_carea' id='block_1_29' title="bbox 350 2713 1914 2795">
    <p class='ocr_par' dir='ltr' id='par_1_29' title="bbox 350 2713 1914 2795">
     <span class='ocr_line' id='line_1_29' title="bbox 350 2713 1914 2795; baseline 0.01 -28"><span class='ocrx_word' id='word_1_178' title='bbox 350 2713 512 2767; x_wconf 85' lang='lat' dir='ltr'><strong>simul</strong></span> <span class='ocrx_word' id='word_1_179' title='bbox 543 2716 621 2779; x_wconf 89' lang='lat' dir='ltr'><strong>lit,</strong></span> <span class='ocrx_word' id='word_1_180' title='bbox 660 2715 927 2771; x_wconf 80' lang='lat' dir='ltr'><strong>circulum</strong></span> <span class='ocrx_word' id='word_1_181' title='bbox 986 2719 1130 2773; x_wconf 86' lang='lat' dir='ltr'><strong>hunc</strong></span> <span class='ocrx_word' id='word_1_182' title='bbox 1188 2722 1278 2786; x_wconf 87' lang='lat' dir='ltr'><strong>qui</strong></span> <span class='ocrx_word' id='word_1_183' title='bbox 1334 2721 1539 2779; x_wconf 71' lang='lat' dir='ltr'><strong>lactt-us</strong></span> <span class='ocrx_word' id='word_1_184' title='bbox 1586 2728 1914 2795; x_wconf 80' lang='lat' dir='ltr'><strong>appellatur,</strong></span> 
     </span>
    </p>
   </div>
   <div class='ocr_carea' id='block_1_30' title="bbox 348 2805 1913 2883">
    <p class='ocr_par' dir='ltr' id='par_1_30' title="bbox 348 2805 1913 2883">
     <span class='ocr_line' id='line_1_30' title="bbox 348 2805 1913 2883; baseline 0.011 -24"><span class='ocrx_word' id='word_1_185' title='bbox 348 2805 561 2863; x_wconf 76' lang='lat' dir='ltr'><strong>efﬁcere</strong></span> <span class='ocrx_word' id='word_1_186' title='bbox 596 2809 830 2863; x_wconf 79' lang='lat' dir='ltr'><strong>videtur.</strong></span> <span class='ocrx_word' id='word_1_187' title='bbox 863 2811 1014 2877; x_wconf 87' lang='lat' dir='ltr'><strong>Quod</strong></span> <span class='ocrx_word' id='word_1_188' title='bbox 1038 2813 1198 2883; x_wconf 80' lang='lat' dir='ltr'><strong>igitur</strong></span> <span class='ocrx_word' id='word_1_189' title='bbox 1221 2815 1363 2870; x_wconf 82' lang='lat' dir='ltr'><strong>circa</strong></span> <span class='ocrx_word' id='word_1_190' title='bbox 1422 2833 1582 2872; x_wconf 85' lang='lat' dir='ltr'><strong>uuam</strong></span> <span class='ocrx_word' id='word_1_191' title='bbox 1634 2820 1913 2876; x_wconf 86' lang='lat' dir='ltr'><strong>stellarum</strong></span> 
     </span>
    </p>
   </div>
   <div class='ocr_carea' id='block_1_31' title="bbox 349 2897 1917 2969">
    <p class='ocr_par' dir='ltr' id='par_1_31' title="bbox 349 2897 1917 2969">
     <span class='ocr_line' id='line_1_31' title="bbox 349 2897 1917 2969; baseline 0.01 -16"><span class='ocrx_word' id='word_1_192' title='bbox 349 2897 469 2954; x_wconf 69' lang='lat' dir='ltr'><strong>ﬁeri</strong></span> <span class='ocrx_word' id='word_1_193' title='bbox 491 2910 693 2969; x_wconf 90' lang='lat' dir='ltr'><strong>potcst,</strong></span> <span class='ocrx_word' id='word_1_194' title='bbox 727 2900 782 2956; x_wconf 88' lang='lat' dir='ltr'><strong>id</strong></span> <span class='ocrx_word' id='word_1_195' title='bbox 807 2903 1050 2957; x_wconf 88' lang='lat' dir='ltr'><strong>etiamin</strong></span> <span class='ocrx_word' id='word_1_196' title='bbox 1080 2906 1336 2960; x_wconf 83' lang='lat' dir='ltr'><strong>universo</strong></span> <span class='ocrx_word' id='word_1_197' title='bbox 1361 2912 1500 2962; x_wconf 67' lang='lat' dir='ltr'><strong>cazlo</strong></span> <span class='ocrx_word' id='word_1_198' title='bbox 1532 2911 1646 2964; x_wconf 80' lang='lat' dir='ltr'><strong>tieri</strong></span> <span class='ocrx_word' id='word_1_199' title='bbox 1686 2928 1792 2967; x_wconf 90' lang='lat' dir='ltr'><strong>non</strong></span> <span class='ocrx_word' id='word_1_200' title='bbox 1832 2923 1917 2968; x_wconf 78' lang='lat' dir='ltr'><strong>est</strong></span> 
     </span>
    </p>
   </div>
   <div class='ocr_carea' id='block_1_32' title="bbox 343 2988 1917 3073">
    <p class='ocr_par' dir='ltr' id='par_1_32' title="bbox 343 2988 1917 3073">
     <span class='ocr_line' id='line_1_32' title="bbox 343 2988 1917 3073; baseline 0.008 -27"><span class='ocrx_word' id='word_1_201' title='bbox 343 2988 854 3050; x_wconf 88' lang='lat' dir='ltr'><strong>inconsentaneum.</strong></span> <span class='ocrx_word' id='word_1_202' title='bbox 890 2994 948 3049; x_wconf 91' lang='lat' dir='ltr'><strong>Si</strong></span> <span class='ocrx_word' id='word_1_203' title='bbox 979 2994 1123 3050; x_wconf 90' lang='lat' dir='ltr'><strong>enim</strong></span> <span class='ocrx_word' id='word_1_204' title='bbox 1152 2998 1332 3053; x_wconf 68' lang='lat' dir='ltr'><strong>.unius</strong></span> <span class='ocrx_word' id='word_1_205' title='bbox 1373 3001 1542 3073; x_wconf 69' lang='lat' dir='ltr'><strong>stellae</strong></span> <span class='ocrx_word' id='word_1_206' title='bbox 1582 3013 1763 3057; x_wconf 90' lang='lat' dir='ltr'><strong>motus</strong></span> <span class='ocrx_word' id='word_1_207' title='bbox 1788 3004 1917 3059; x_wconf 65' lang='lat' dir='ltr'><strong>facit</strong></span> 
     </span>
    </p>
   </div>
   <div class='ocr_carea' id='block_1_33' title="bbox 349 3083 1911 3166">
    <p class='ocr_par' dir='ltr' id='par_1_33' title="bbox 349 3083 1911 3166">
     <span class='ocr_line' id='line_1_33' title="bbox 349 3083 1911 3166; baseline 0.009 -31"><span class='ocrx_word' id='word_1_208' title='bbox 349 3084 454 3137; x_wconf 70' lang='lat' dir='ltr'><strong>tale</strong></span> <span class='ocrx_word' id='word_1_209' title='bbox 486 3083 714 3152; x_wconf 82' lang='lat' dir='ltr'><strong>aliquid,</strong></span> <span class='ocrx_word' id='word_1_210' title='bbox 746 3100 853 3139; x_wconf 89' lang='lat' dir='ltr'><strong>non</strong></span> <span class='ocrx_word' id='word_1_211' title='bbox 889 3085 1186 3140; x_wconf 82' lang='lat' dir='ltr'><strong>absurdum</strong></span> <span class='ocrx_word' id='word_1_212' title='bbox 1240 3097 1324 3144; x_wconf 89' lang='lat' dir='ltr'><strong>est</strong></span> <span class='ocrx_word' id='word_1_213' title='bbox 1373 3091 1713 3158; x_wconf 62' lang='lat' dir='ltr'><strong>existimare,</strong></span> <span class='ocrx_word' id='word_1_214' title='bbox 1768 3092 1911 3166; x_wconf 82' lang='lat' dir='ltr'><strong>quod</strong></span> 
     </span>
    </p>
   </div>
   <div class='ocr_carea' id='block_1_34' title="bbox 2041 599 3614 672">
    <p class='ocr_par' dir='ltr' id='par_1_34' title="bbox 2041 599 3614 672">
     <span class='ocr_line' id='line_1_34' title="bbox 2041 599 3614 672; baseline -0.003 -17"><span class='ocrx_word' id='word_1_215' title='bbox 2041 601 2359 665; x_wconf 73' lang='grc' dir='ltr'><strong>πλειστάκις</strong></span> <span class='ocrx_word' id='word_1_216' title='bbox 2389 601 2465 666; x_wconf 82' lang='grc' dir='ltr'>ὡς</span> <span class='ocrx_word' id='word_1_217' title='bbox 2488 603 2538 655; x_wconf 80' lang='lat' dir='ltr'><strong>oi</strong></span> <span class='ocrx_word' id='word_1_218' title='bbox 2585 600 2911 672; x_wconf 79' lang='grc' dir='ltr'><strong>διᾴττοντες,</strong></span> <span class='ocrx_word' id='word_1_219' title='bbox 2939 599 3076 653; x_wconf 87' lang='grc' dir='ltr'><strong>ἀλλά</strong></span> <span class='ocrx_word' id='word_1_220' title='bbox 3122 600 3216 653; x_wconf 59' lang='grc' dir='ltr'><strong>καί⁵</strong></span> <span class='ocrx_word' id='word_1_221' title='bbox 3239 599 3366 661; x_wconf 69' lang='grc' dir='ltr'>τοὺς</span> <span class='ocrx_word' id='word_1_222' title='bbox 3393 599 3614 667; x_wconf 78' lang='grc' dir='ltr'>γινομέ-</span> 
     </span>
    </p>
   </div>
   <div class='ocr_carea' id='block_1_35' title="bbox 2039 690 3615 763">
    <p class='ocr_par' dir='ltr' id='par_1_35' title="bbox 2039 690 3615 763">
     <span class='ocr_line' id='line_1_35' title="bbox 2039 690 3615 763; baseline -0.006 -14"><span class='ocrx_word' id='word_1_223' title='bbox 2039 711 2165 758; x_wconf 89' lang='grc' dir='ltr'>νους</span> <span class='ocrx_word' id='word_1_224' title='bbox 2216 694 2373 757; x_wconf 80' lang='grc' dir='ltr'>ἐκτὸς</span> <span class='ocrx_word' id='word_1_225' title='bbox 2418 694 2528 748; x_wconf 90' lang='grc' dir='ltr'><strong>τῶν</strong></span> <span class='ocrx_word' id='word_1_226' title='bbox 2585 691 2863 763; x_wconf 81' lang='grc' dir='ltr'><strong>τροπικῶν</strong></span> <span class='ocrx_word' id='word_1_227' title='bbox 2906 691 3154 759; x_wconf 89' lang='grc' dir='ltr'>γίνεσθαι</span> <span class='ocrx_word' id='word_1_228' title='bbox 3207 690 3407 758; x_wconf 79' lang='grc' dir='ltr'>μᾶλλον</span> <span class='ocrx_word' id='word_1_229' title='bbox 3463 690 3615 758; x_wconf 74' lang='grc' dir='ltr'>ἥπερ</span> 
     </span>
    </p>
   </div>
   <div class='ocr_carea' id='block_1_36' title="bbox 2039 780 3616 857">
    <p class='ocr_par' dir='ltr' id='par_1_36' title="bbox 2039 780 3616 857">
     <span class='ocr_line' id='line_1_36' title="bbox 2039 780 3616 857; baseline -0.007 -14"><span class='ocrx_word' id='word_1_230' title='bbox 2039 791 2212 851; x_wconf 78' lang='grc' dir='ltr'>ἐντὸς.</span> <span class='ocrx_word' id='word_1_231' title='bbox 2248 789 2429 843; x_wconf 76' lang='grc' dir='ltr'>αἰτίαν</span> <span class='ocrx_word' id='word_1_232' title='bbox 2472 787 2690 841; x_wconf 87' lang='grc' dir='ltr'>τιθέασι</span> <span class='ocrx_word' id='word_1_233' title='bbox 2722 785 2820 857; x_wconf 82' lang='grc' dir='ltr'>τὴν</span> <span class='ocrx_word' id='word_1_234' title='bbox 2853 784 2946 837; x_wconf 83' lang='grc' dir='ltr'>τοῦ</span> <span class='ocrx_word' id='word_1_235' title='bbox 2977 783 3130 853; x_wconf 83' lang='grc' dir='ltr'>ἡλίου</span> <span class='ocrx_word' id='word_1_236' title='bbox 3166 784 3260 836; x_wconf 72' lang='grc' dir='ltr'><strong>καὶ</strong></span> <span class='ocrx_word' id='word_1_237' title='bbox 3286 781 3399 834; x_wconf 86' lang='grc' dir='ltr'><strong>τῶν</strong></span> <span class='ocrx_word' id='word_1_238' title='bbox 3437 780 3616 834; x_wconf 83' lang='grc' dir='ltr'>ἀλλων</span> 
     </span>
    </p>
   </div>
   <div class='ocr_carea' id='block_1_37' title="bbox 2040 872 3611 953">
    <p class='ocr_par' dir='ltr' id='par_1_37' title="bbox 2040 872 3611 953">
     <span class='ocr_line' id='line_1_37' title="bbox 2040 872 3611 953; baseline -0.007 -18"><span class='ocrx_word' id='word_1_239' title='bbox 2040 881 2329 953; x_wconf 84' lang='grc' dir='ltr'>πλανητῶν</span> <span class='ocrx_word' id='word_1_240' title='bbox 2365 881 2602 953; x_wconf 55' lang='grc' dir='ltr'>κίνησιν,</span> <span class='ocrx_word' id='word_1_241' title='bbox 2641 878 2692 931; x_wconf 79' lang='grc' dir='ltr'>οἳ</span> <span class='ocrx_word' id='word_1_242' title='bbox 2740 877 2944 947; x_wconf 80' lang='grc' dir='ltr'>μεταξὺ</span> <span class='ocrx_word' id='word_1_243' title='bbox 2979 877 3087 932; x_wconf 90' lang='grc' dir='ltr'><strong>τῶν</strong></span> <span class='ocrx_word' id='word_1_244' title='bbox 3121 875 3400 943; x_wconf 81' lang='grc' dir='ltr'>τροπικῶν</span> <span class='ocrx_word' id='word_1_245' title='bbox 3432 872 3611 925; x_wconf 82' lang='grc' dir='ltr'>κινού-</span> 
     </span>
    </p>
   </div>
   <div class='ocr_carea' id='block_1_38' title="bbox 2042 950 3612 1042">
    <p class='ocr_par' dir='ltr' id='par_1_38' title="bbox 2042 950 3612 1042">
     <span class='ocr_line' id='line_1_38' title="bbox 2042 950 3612 1042; baseline -0.005 -18"><span class='ocrx_word' id='word_1_246' title='bbox 2042 950 2212 1041; x_wconf 25' lang='grc' dir='ltr'>μενοι,</span> <span class='ocrx_word' id='word_1_247' title='bbox 2253 971 2501 1042; x_wconf 80' lang='grc' dir='ltr'><strong>(τοιαύτη</strong></span> <span class='ocrx_word' id='word_1_248' title='bbox 2540 950 2651 1042; x_wconf 84' lang='grc' dir='ltr'><strong>γάρ</strong></span> <span class='ocrx_word' id='word_1_249' title='bbox 2699 972 2731 1042; x_wconf 74' lang='grc' dir='ltr'>ἠ</span> <span class='ocrx_word' id='word_1_250' title='bbox 2782 969 2876 1023; x_wconf 82' lang='grc' dir='ltr'>τοῦ</span> <span class='ocrx_word' id='word_1_251' title='bbox 2909 967 3180 1034; x_wconf 80' lang='grc' dir='ltr'><strong>ζωδιακοῦ</strong></span> <span class='ocrx_word' id='word_1_252' title='bbox 3211 966 3359 1029; x_wconf 81' lang='grc' dir='ltr'>θέσις</span> <span class='ocrx_word' id='word_1_253' title='bbox 3391 964 3514 1017; x_wconf 78' lang='grc' dir='ltr'>καθ’</span> <span class='ocrx_word' id='word_1_254' title='bbox 3549 963 3612 1017; x_wconf 77' lang='grc' dir='ltr'>ὃν</span> 
     </span>
    </p>
   </div>
   <div class='ocr_carea' id='block_1_39' title="bbox 2036 1057 3612 1134">
    <p class='ocr_par' dir='ltr' id='par_1_39' title="bbox 2036 1057 3612 1134">
     <span class='ocr_line' id='line_1_39' title="bbox 2036 1057 3612 1134; baseline -0.006 -15"><span class='ocrx_word' id='word_1_255' title='bbox 2036 1068 2145 1119; x_wconf 89' lang='grc' dir='ltr'><strong>τῶν</strong></span> <span class='ocrx_word' id='word_1_256' title='bbox 2177 1064 2466 1133; x_wconf 87' lang='grc' dir='ltr'>πλανητῶν</span> <span class='ocrx_word' id='word_1_257' title='bbox 2499 1067 2531 1131; x_wconf 84' lang='grc' dir='ltr'>ὴ</span> <span class='ocrx_word' id='word_1_258' title='bbox 2569 1065 2804 1134; x_wconf 84' lang='grc' dir='ltr'>κίνησις)</span> <span class='ocrx_word' id='word_1_259' title='bbox 2835 1062 3174 1133; x_wconf 86' lang='grc' dir='ltr'>διακρίνουσι</span> <span class='ocrx_word' id='word_1_260' title='bbox 3206 1061 3274 1113; x_wconf 86' lang='grc' dir='ltr'><strong>τά</strong></span> <span class='ocrx_word' id='word_1_261' title='bbox 3301 1059 3474 1112; x_wconf 84' lang='grc' dir='ltr'>πολλά</span> <span class='ocrx_word' id='word_1_262' title='bbox 3516 1057 3612 1110; x_wconf 77' lang='grc' dir='ltr'>καὶ</span> 
     </span>
    </p>
   </div>
   <div class='ocr_carea' id='block_1_40' title="bbox 2036 1149 3612 1225">
    <p class='ocr_par' dir='ltr' id='par_1_40' title="bbox 2036 1149 3612 1225">
     <span class='ocr_line' id='line_1_40' title="bbox 2036 1149 3612 1225; baseline -0.005 -14"><span class='ocrx_word' id='word_1_263' title='bbox 2036 1157 2360 1211; x_wconf 75' lang='grc' dir='ltr'><strong>λεπτύνουσι</strong></span> <span class='ocrx_word' id='word_1_264' title='bbox 2382 1160 2479 1219; x_wconf 73' lang='grc' dir='ltr'>τὰς</span> <span class='ocrx_word' id='word_1_265' title='bbox 2521 1156 2858 1225; x_wconf 83' lang='grc' dir='ltr'>πυκνοτέρας</span> <span class='ocrx_word' id='word_1_266' title='bbox 2889 1155 2980 1208; x_wconf 76' lang='grc' dir='ltr'>καὶ</span> <span class='ocrx_word' id='word_1_267' title='bbox 3009 1152 3211 1220; x_wconf 84' lang='grc' dir='ltr'>πεπιλη</span> <span class='ocrx_word' id='word_1_268' title='bbox 3222 1151 3388 1221; x_wconf 89' lang='grc' dir='ltr'>μένας</span> <span class='ocrx_word' id='word_1_269' title='bbox 3411 1149 3612 1205; x_wconf 85' lang='grc' dir='ltr'>ἀναθυ-</span> 
     </span>
    </p>
   </div>
   <div class='ocr_carea' id='block_1_41' title="bbox 2042 1231 3285 1321">
    <p class='ocr_par' dir='ltr' id='par_1_41' title="bbox 2042 1245 3285 1321">
     <span class='ocr_line' id='line_1_41' title="bbox 2042 1245 3285 1321; baseline -0.004 -17"><span class='ocrx_word' id='word_1_270' title='bbox 2042 1251 2257 1315; x_wconf 83' lang='grc' dir='ltr'>ιιάσεις,</span> <span class='ocrx_word' id='word_1_271' title='bbox 2291 1250 2516 1314; x_wconf 80' lang='grc' dir='ltr'>αἵτινές</span> <span class='ocrx_word' id='word_1_272' title='bbox 2557 1252 2696 1303; x_wconf 84' lang='grc' dir='ltr'>είσιν</span> <span class='ocrx_word' id='word_1_273' title='bbox 2729 1250 2827 1321; x_wconf 82' lang='grc' dir='ltr'><strong>ὑλη</strong></span> <span class='ocrx_word' id='word_1_274' title='bbox 2863 1248 2972 1302; x_wconf 90' lang='grc' dir='ltr'><strong>τῶν</strong></span> <span class='ocrx_word' id='word_1_275' title='bbox 3006 1245 3285 1317; x_wconf 77' lang='grc' dir='ltr'>κομητῶν.</span> 
     </span>
    </p>
   </div>
   <div class='ocr_carea' id='block_1_42' title="bbox 2109 1424 3610 1506">
    <p class='ocr_par' dir='ltr' id='par_1_42' title="bbox 2109 1424 3610 1506">
     <span class='ocr_line' id='line_1_42' title="bbox 2109 1424 3610 1506; baseline -0.007 -16"><span class='ocrx_word' id='word_1_276' title='bbox 2109 1435 2198 1506; x_wconf 76' lang='grc' dir='ltr'><strong>ιβ’.</strong></span> <span class='ocrx_word' id='word_1_277' title='bbox 2233 1435 2486 1490; x_wconf 83' lang='grc' dir='ltr'>Μάλιστα</span> <span class='ocrx_word' id='word_1_278' title='bbox 2514 1432 2560 1487; x_wconf 80' lang='grc' dir='ltr'>δ’</span> <span class='ocrx_word' id='word_1_279' title='bbox 2589 1432 2738 1488; x_wconf 82' lang='grc' dir='ltr'>αἰτία</span> <span class='ocrx_word' id='word_1_280' title='bbox 2771 1431 2918 1486; x_wconf 87' lang='grc' dir='ltr'>δοκεῖ</span> <span class='ocrx_word' id='word_1_281' title='bbox 2956 1429 3051 1486; x_wconf 81' lang='grc' dir='ltr'>τοῦ</span> <span class='ocrx_word' id='word_1_282' title='bbox 3082 1431 3157 1501; x_wconf 79' lang='grc' dir='ltr'><strong>μὴ</strong></span> <span class='ocrx_word' id='word_1_283' title='bbox 3186 1427 3433 1497; x_wconf 83' lang='grc' dir='ltr'>γίνεσθαι</span> <span class='ocrx_word' id='word_1_284' title='bbox 3463 1424 3610 1481; x_wconf 86' lang='grc' dir='ltr'><strong>κατά</strong></span> 
     </span>
    </p>
   </div>
   <div class='ocr_carea' id='block_1_43' title="bbox 2033 1517 3608 1596">
    <p class='ocr_par' dir='ltr' id='par_1_43' title="bbox 2033 1517 3608 1596">
     <span class='ocr_line' id='line_1_43' title="bbox 2033 1517 3608 1596; baseline -0.01 -11"><span class='ocrx_word' id='word_1_285' title='bbox 2033 1531 2205 1586; x_wconf 84' lang='grc' dir='ltr'>ταῦτα</span> <span class='ocrx_word' id='word_1_286' title='bbox 2228 1528 2292 1581; x_wconf 72' lang='grc' dir='ltr'>τὰ</span> <span class='ocrx_word' id='word_1_287' title='bbox 2330 1525 2471 1596; x_wconf 85' lang='grc' dir='ltr'>μέρη</span> <span class='ocrx_word' id='word_1_288' title='bbox 2509 1526 2779 1594; x_wconf 81' lang='grc' dir='ltr'>κομήτας,</span> <span class='ocrx_word' id='word_1_289' title='bbox 2807 1524 2883 1587; x_wconf 84' lang='grc' dir='ltr'>ὡς</span> <span class='ocrx_word' id='word_1_290' title='bbox 2931 1524 3136 1578; x_wconf 66' lang='grc' dir='ltr'>ἐπίπαν</span> <span class='ocrx_word' id='word_1_291' title='bbox 3166 1524 3229 1577; x_wconf 78' lang='grc' dir='ltr'><strong>τὸ</strong></span> <span class='ocrx_word' id='word_1_292' title='bbox 3258 1524 3337 1583; x_wconf 84' lang='grc' dir='ltr'><strong>είς</strong></span> <span class='ocrx_word' id='word_1_293' title='bbox 3380 1520 3482 1590; x_wconf 77' lang='grc' dir='ltr'>τὴν</span> <span class='ocrx_word' id='word_1_294' title='bbox 3505 1517 3608 1573; x_wconf 78' lang='grc' dir='ltr'>τοῦ</span> 
     </span>
    </p>
   </div>
   <div class='ocr_carea' id='block_1_44' title="bbox 2034 1608 3610 1693">
    <p class='ocr_par' dir='ltr' id='par_1_44' title="bbox 2034 1608 3610 1693">
     <span class='ocr_line' id='line_1_44' title="bbox 2034 1608 3610 1693; baseline -0.009 -15"><span class='ocrx_word' id='word_1_295' title='bbox 2034 1624 2309 1691; x_wconf 79' lang='grc' dir='ltr'>γάλακτος</span> <span class='ocrx_word' id='word_1_296' title='bbox 2339 1623 2547 1693; x_wconf 85' lang='grc' dir='ltr'>χώραν.</span> <span class='ocrx_word' id='word_1_297' title='bbox 2576 1621 2743 1691; x_wconf 73' lang='grc' dir='ltr'>ηγουν</span> <span class='ocrx_word' id='word_1_298' title='bbox 2779 1620 2858 1680; x_wconf 87' lang='grc' dir='ltr'><strong>είς</strong></span> <span class='ocrx_word' id='word_1_299' title='bbox 2884 1618 2976 1671; x_wconf 81' lang='grc' dir='ltr'>τὸν</span> <span class='ocrx_word' id='word_1_300' title='bbox 3008 1616 3268 1684; x_wconf 80' lang='grc' dir='ltr'>γαλαξίαν</span> <span class='ocrx_word' id='word_1_301' title='bbox 3295 1612 3516 1679; x_wconf 81' lang='grc' dir='ltr'>κύκλον,</span> <span class='ocrx_word' id='word_1_302' title='bbox 3545 1608 3610 1664; x_wconf 79' lang='grc' dir='ltr'><strong>τδ</strong></span> 
     </span>
    </p>
   </div>
   <div class='ocr_carea' id='block_1_45' title="bbox 2034 1700 3609 1776">
    <p class='ocr_par' dir='ltr' id='par_1_45' title="bbox 2034 1700 3609 1776">
     <span class='ocr_line' id='line_1_45' title="bbox 2034 1700 3609 1776; baseline -0.01 -8"><span class='ocrx_word' id='word_1_303' title='bbox 2034 1714 2287 1768; x_wconf 87' lang='grc' dir='ltr'>πλεῖστον</span> <span class='ocrx_word' id='word_1_304' title='bbox 2341 1714 2450 1766; x_wconf 88' lang='grc' dir='ltr'><strong>τῶν</strong></span> <span class='ocrx_word' id='word_1_305' title='bbox 2513 1711 2772 1764; x_wconf 78' lang='grc' dir='ltr'>τοιούτων</span> <span class='ocrx_word' id='word_1_306' title='bbox 2820 1707 3241 1776; x_wconf 80' lang='grc' dir='ltr'>ἀναθυμιάσεων</span> <span class='ocrx_word' id='word_1_307' title='bbox 3304 1700 3609 1771; x_wconf 82' lang='grc' dir='ltr'>ἀποκρίνε-</span> 
     </span>
    </p>
   </div>
   <div class='ocr_carea' id='block_1_46' title="bbox 2036 1792 3611 1872">
    <p class='ocr_par' dir='ltr' id='par_1_46' title="bbox 2036 1792 3611 1872">
     <span class='ocr_line' id='line_1_46' title="bbox 2036 1792 3611 1872; baseline -0.01 -14"><span class='ocrx_word' id='word_1_308' title='bbox 2036 1805 2193 1859; x_wconf 85' lang='grc' dir='ltr'>σθαι⁶</span> <span class='ocrx_word' id='word_1_309' title='bbox 2233 1804 2457 1858; x_wconf 86' lang='grc' dir='ltr'>κάκεῖσε</span> <span class='ocrx_word' id='word_1_310' title='bbox 2502 1800 2913 1872; x_wconf 72' lang='grc' dir='ltr'>ἀθροιζόμενον,</span> <span class='ocrx_word' id='word_1_311' title='bbox 2939 1797 3114 1851; x_wconf 82' lang='grc' dir='ltr'>ποιεῖν</span> <span class='ocrx_word' id='word_1_312' title='bbox 3144 1794 3249 1867; x_wconf 69' lang='grc' dir='ltr'><strong>(τὸ)</strong></span> <span class='ocrx_word' id='word_1_313' title='bbox 3278 1792 3611 1863; x_wconf 81' lang='grc' dir='ltr'>φαινόμενον</span> 
     </span>
    </p>
   </div>
   <div class='ocr_carea' id='block_1_47' title="bbox 2030 1912 2166 1964">
    <p class='ocr_par' dir='ltr' id='par_1_47' title="bbox 2030 1912 2166 1964">
     <span class='ocr_line' id='line_1_47' title="bbox 2030 1912 2166 1964; baseline 0.007 -18"><span class='ocrx_word' id='word_1_314' title='bbox 2030 1912 2166 1964; x_wconf 83' lang='grc' dir='ltr'>φως.</span> 
     </span>
    </p>
   </div>
   <div class='ocr_carea' id='block_1_48' title="bbox 2101 1975 3598 2056">
    <p class='ocr_par' dir='ltr' id='par_1_48' title="bbox 2101 1975 3598 2056">
     <span class='ocr_line' id='line_1_48' title="bbox 2101 1975 3598 2056; baseline -0.011 -13"><span class='ocrx_word' id='word_1_315' title='bbox 2101 1984 2193 2055; x_wconf 87' lang='grc' dir='ltr'>ιγ’.</span> <span class='ocrx_word' id='word_1_316' title='bbox 2228 1985 2395 2040; x_wconf 83' lang='grc' dir='ltr'>Ὥστε</span> <span class='ocrx_word' id='word_1_317' title='bbox 2428 1983 2538 2056; x_wconf 82' lang='grc' dir='ltr'><strong>γάρ</strong></span> <span class='ocrx_word' id='word_1_318' title='bbox 2566 2000 2717 2047; x_wconf 85' lang='grc' dir='ltr'>τινες</span> <span class='ocrx_word' id='word_1_319' title='bbox 2748 1981 2860 2035; x_wconf 87' lang='grc' dir='ltr'><strong>τῶν</strong></span> <span class='ocrx_word' id='word_1_320' title='bbox 2911 1979 3157 2049; x_wconf 85' lang='grc' dir='ltr'>ἀστέρων</span> <span class='ocrx_word' id='word_1_321' title='bbox 3185 1976 3219 2048; x_wconf 78' lang='grc' dir='ltr'>ἦ</span> <span class='ocrx_word' id='word_1_322' title='bbox 3248 1975 3359 2041; x_wconf 84' lang='grc' dir='ltr'><strong>τῶν</strong></span> <span class='ocrx_word' id='word_1_323' title='bbox 3383 1975 3598 2041; x_wconf 84' lang='grc' dir='ltr'>πλανη-</span> 
     </span>
    </p>
   </div>
   <div class='ocr_carea' id='block_1_49' title="bbox 2029 2062 3601 2148">
    <p class='ocr_par' dir='ltr' id='par_1_49' title="bbox 2029 2062 3601 2148">
     <span class='ocr_line' id='line_1_49' title="bbox 2029 2062 3601 2148; baseline -0.01 -16"><span class='ocrx_word' id='word_1_324' title='bbox 2029 2076 2196 2148; x_wconf 87' lang='grc' dir='ltr'>τῶνῆ</span> <span class='ocrx_word' id='word_1_325' title='bbox 2228 2078 2323 2131; x_wconf 70' lang='grc' dir='ltr'><strong>καὶ</strong></span> <span class='ocrx_word' id='word_1_326' title='bbox 2362 2077 2473 2131; x_wconf 87' lang='grc' dir='ltr'><strong>τῶν</strong></span> <span class='ocrx_word' id='word_1_327' title='bbox 2522 2072 2779 2129; x_wconf 84' lang='grc' dir='ltr'>ἀπλανῶν</span> <span class='ocrx_word' id='word_1_328' title='bbox 2818 2073 3102 2142; x_wconf 84' lang='grc' dir='ltr'>φαίνονται</span> <span class='ocrx_word' id='word_1_329' title='bbox 3130 2066 3393 2138; x_wconf 81' lang='grc' dir='ltr'>κομῆται,</span> <span class='ocrx_word' id='word_1_330' title='bbox 3426 2062 3601 2119; x_wconf 78' lang='grc' dir='ltr'>καθά-</span> 
     </span>
    </p>
   </div>
   <div class='ocr_carea' id='block_1_50' title="bbox 2027 2151 3604 2243">
    <p class='ocr_par' dir='ltr' id='par_1_50' title="bbox 2027 2151 3604 2243">
     <span class='ocr_line' id='line_1_50' title="bbox 2027 2151 3604 2243; baseline -0.011 -18"><span class='ocrx_word' id='word_1_331' title='bbox 2027 2151 2134 2243; x_wconf 76' lang='grc' dir='ltr'><strong>περ</strong></span> <span class='ocrx_word' id='word_1_332' title='bbox 2152 2171 2388 2242; x_wconf 67' lang='grc' dir='ltr'>εἴρηται,</span> <span class='ocrx_word' id='word_1_333' title='bbox 2412 2164 2811 2236; x_wconf 70' lang='grc' dir='ltr'>συνιόταμένης</span> <span class='ocrx_word' id='word_1_334' title='bbox 2834 2164 2927 2219; x_wconf 83' lang='grc' dir='ltr'>ὑπ’</span> <span class='ocrx_word' id='word_1_335' title='bbox 2953 2162 3151 2225; x_wconf 73' lang='grc' dir='ltr'>αὐτοὺς</span> <span class='ocrx_word' id='word_1_336' title='bbox 3180 2157 3604 2226; x_wconf 74' lang='grc' dir='ltr'>ἀναθυμιάσεως</span> 
     </span>
    </p>
   </div>
   <div class='ocr_carea' id='block_1_51' title="bbox 2026 2248 3600 2333">
    <p class='ocr_par' dir='ltr' id='par_1_51' title="bbox 2026 2248 3600 2333">
     <span class='ocr_line' id='line_1_51' title="bbox 2026 2248 3600 2333; baseline -0.006 -16"><span class='ocrx_word' id='word_1_337' title='bbox 2026 2263 2368 2333; x_wconf 90' lang='grc' dir='ltr'>πυκνοτέρας</span> <span class='ocrx_word' id='word_1_338' title='bbox 2396 2263 2491 2315; x_wconf 76' lang='grc' dir='ltr'><strong>καὶ</strong></span> <span class='ocrx_word' id='word_1_339' title='bbox 2519 2258 2894 2328; x_wconf 78' lang='grc' dir='ltr'>ἐξαπτομένης</span> <span class='ocrx_word' id='word_1_340' title='bbox 2915 2255 3007 2310; x_wconf 69' lang='grc' dir='ltr'><strong>καλ⁵</strong></span> <span class='ocrx_word' id='word_1_341' title='bbox 3042 2273 3104 2308; x_wconf 90' lang='grc' dir='ltr'><strong>συ</strong></span> <span class='ocrx_word' id='word_1_342' title='bbox 3114 2248 3600 2323; x_wconf 79' lang='grc' dir='ltr'>μπεριφερομένης</span> 
     </span>
    </p>
   </div>
   <div class='ocr_carea' id='block_1_52' title="bbox 2027 2340 3601 2419">
    <p class='ocr_par' dir='ltr' id='par_1_52' title="bbox 2027 2340 3601 2419">
     <span class='ocr_line' id='line_1_52' title="bbox 2027 2340 3601 2419; baseline -0.011 -10"><span class='ocrx_word' id='word_1_343' title='bbox 2027 2356 2212 2419; x_wconf 84' lang='grc' dir='ltr'>αὐτοῖς</span> <span class='ocrx_word' id='word_1_344' title='bbox 2235 2369 2251 2386; x_wconf 79' lang='grc' dir='ltr'><strong><em>ο</em></strong></span> <span class='ocrx_word' id='word_1_345' title='bbox 2287 2353 2431 2408; x_wconf 77' lang='grc' dir='ltr'>οὕτω</span> <span class='ocrx_word' id='word_1_346' title='bbox 2460 2352 2607 2407; x_wconf 87' lang='grc' dir='ltr'>δοκεῖ</span> <span class='ocrx_word' id='word_1_347' title='bbox 2636 2352 2772 2405; x_wconf 87' lang='grc' dir='ltr'><strong>κάπί</strong></span> <span class='ocrx_word' id='word_1_348' title='bbox 2800 2348 2896 2403; x_wconf 80' lang='grc' dir='ltr'>τοῦ</span> <span class='ocrx_word' id='word_1_349' title='bbox 2933 2346 3195 2417; x_wconf 78' lang='grc' dir='ltr'>γαλαξίου</span> <span class='ocrx_word' id='word_1_350' title='bbox 3223 2341 3472 2413; x_wconf 89' lang='grc' dir='ltr'>γίνεσθαι</span> <span class='ocrx_word' id='word_1_351' title='bbox 3502 2340 3601 2394; x_wconf 85' lang='grc' dir='ltr'>κύ-</span> 
     </span>
    </p>
   </div>
   <div class='ocr_carea' id='block_1_53' title="bbox 2026 2432 3601 2517">
    <p class='ocr_par' dir='ltr' id='par_1_53' title="bbox 2026 2432 3601 2517">
     <span class='ocr_line' id='line_1_53' title="bbox 2026 2432 3601 2517; baseline -0.011 -16"><span class='ocrx_word' id='word_1_352' title='bbox 2026 2447 2178 2503; x_wconf 89' lang='grc' dir='ltr'>κλου.</span> <span class='ocrx_word' id='word_1_353' title='bbox 2213 2448 2280 2501; x_wconf 80' lang='grc' dir='ltr'>Ὀ</span> <span class='ocrx_word' id='word_1_354' title='bbox 2309 2447 2417 2517; x_wconf 87' lang='grc' dir='ltr'><strong>γάρ</strong></span> <span class='ocrx_word' id='word_1_355' title='bbox 2446 2447 2479 2516; x_wconf 79' lang='grc' dir='ltr'><strong>ἡ</strong></span> <span class='ocrx_word' id='word_1_356' title='bbox 2524 2445 2651 2516; x_wconf 76' lang='grc' dir='ltr'>περὶ</span> <span class='ocrx_word' id='word_1_357' title='bbox 2682 2442 2781 2498; x_wconf 73' lang='grc' dir='ltr'>ἕνα</span> <span class='ocrx_word' id='word_1_358' title='bbox 2814 2440 2925 2494; x_wconf 87' lang='grc' dir='ltr'><strong>τῶν</strong></span> <span class='ocrx_word' id='word_1_359' title='bbox 2958 2440 3208 2509; x_wconf 80' lang='grc' dir='ltr'>ἀστέρων</span> <span class='ocrx_word' id='word_1_360' title='bbox 3232 2432 3601 2502; x_wconf 74' lang='grc' dir='ltr'>ἀναθυμίασις</span> 
     </span>
    </p>
   </div>
   <div class='ocr_carea' id='block_1_54' title="bbox 2023 2520 3602 2608">
    <p class='ocr_par' dir='ltr' id='par_1_54' title="bbox 2023 2520 3602 2608">
     <span class='ocr_line' id='line_1_54' title="bbox 2023 2520 3602 2608; baseline -0.013 -15"><span class='ocrx_word' id='word_1_361' title='bbox 2023 2537 2250 2608; x_wconf 82' lang='grc' dir='ltr'>τοιαύτη</span> <span class='ocrx_word' id='word_1_362' title='bbox 2284 2536 2551 2607; x_wconf 82' lang='grc' dir='ltr'>γενομένη</span> <span class='ocrx_word' id='word_1_363' title='bbox 2600 2536 2850 2603; x_wconf 75' lang='grc' dir='ltr'>κομήτην</span> <span class='ocrx_word' id='word_1_364' title='bbox 2884 2532 3046 2594; x_wconf 84' lang='grc' dir='ltr'>ποιεῖ,</span> <span class='ocrx_word' id='word_1_365' title='bbox 3095 2527 3256 2582; x_wconf 75' lang='grc' dir='ltr'>τοῦτο</span> <span class='ocrx_word' id='word_1_366' title='bbox 3296 2524 3426 2587; x_wconf 69' lang='grc' dir='ltr'>περὶ</span> <span class='ocrx_word' id='word_1_367' title='bbox 3468 2520 3602 2581; x_wconf 74' lang='grc' dir='ltr'>τοὺς</span> 
     </span>
    </p>
   </div>
   <div class='ocr_carea' id='block_1_55' title="bbox 2024 2617 3601 2703">
    <p class='ocr_par' dir='ltr' id='par_1_55' title="bbox 2024 2617 3601 2703">
     <span class='ocr_line' id='line_1_55' title="bbox 2024 2617 3601 2703; baseline -0.013 -17"><span class='ocrx_word' id='word_1_368' title='bbox 2024 2632 2260 2703; x_wconf 82' lang='grc' dir='ltr'>ἀστέρας</span> <span class='ocrx_word' id='word_1_369' title='bbox 2300 2630 2415 2700; x_wconf 77' lang='grc' dir='ltr'><strong>ἅμα</strong></span> <span class='ocrx_word' id='word_1_370' title='bbox 2450 2629 2732 2697; x_wconf 88' lang='grc' dir='ltr'>γινόμενον</span> <span class='ocrx_word' id='word_1_371' title='bbox 2763 2624 2885 2680; x_wconf 81' lang='grc' dir='ltr'><strong>καθ⁹</strong></span> <span class='ocrx_word' id='word_1_372' title='bbox 2913 2621 3006 2686; x_wconf 77' lang='grc' dir='ltr'><strong>οὓς</strong></span> <span class='ocrx_word' id='word_1_373' title='bbox 3042 2621 3102 2674; x_wconf 78' lang='grc' dir='ltr'>τὸ</span> <span class='ocrx_word' id='word_1_374' title='bbox 3130 2620 3272 2688; x_wconf 82' lang='grc' dir='ltr'>γάλα</span> <span class='ocrx_word' id='word_1_375' title='bbox 3321 2617 3601 2686; x_wconf 82' lang='grc' dir='ltr'>φαίνεται,</span> 
     </span>
    </p>
   </div>
   <div class='ocr_carea' id='block_1_56' title="bbox 2022 2706 3600 2792">
    <p class='ocr_par' dir='ltr' id='par_1_56' title="bbox 2022 2706 3600 2792">
     <span class='ocr_line' id='line_1_56' title="bbox 2022 2706 3600 2792; baseline -0.015 -12"><span class='ocrx_word' id='word_1_376' title='bbox 2022 2726 2116 2781; x_wconf 79' lang='grc' dir='ltr'>τὸν</span> <span class='ocrx_word' id='word_1_377' title='bbox 2147 2723 2482 2792; x_wconf 84' lang='grc' dir='ltr'>καλούμενον</span> <span class='ocrx_word' id='word_1_378' title='bbox 2534 2716 2799 2788; x_wconf 77' lang='grc' dir='ltr'>γαλαξίαν</span> <span class='ocrx_word' id='word_1_379' title='bbox 2835 2714 3036 2767; x_wconf 86' lang='grc' dir='ltr'>κύκλον</span> <span class='ocrx_word' id='word_1_380' title='bbox 3078 2712 3257 2766; x_wconf 76' lang='grc' dir='ltr'>ἔοικεν</span> <span class='ocrx_word' id='word_1_381' title='bbox 3288 2706 3600 2762; x_wconf 80' lang='grc' dir='ltr'>ἀποτελεῖν.</span> 
     </span>
    </p>
   </div>
   <div class='ocr_carea' id='block_1_57' title="bbox 2022 2803 3602 2884">
    <p class='ocr_par' dir='ltr' id='par_1_57' title="bbox 2022 2803 3602 2884">
     <span class='ocr_line' id='line_1_57' title="bbox 2022 2803 3602 2884; baseline -0.016 -10"><span class='ocrx_word' id='word_1_382' title='bbox 2022 2819 2096 2873; x_wconf 88' lang='grc' dir='ltr'>Τδ</span> <span class='ocrx_word' id='word_1_383' title='bbox 2124 2816 2303 2871; x_wconf 89' lang='grc' dir='ltr'>τοίνυν</span> <span class='ocrx_word' id='word_1_384' title='bbox 2333 2820 2462 2884; x_wconf 74' lang='grc' dir='ltr'>περὶ</span> <span class='ocrx_word' id='word_1_385' title='bbox 2509 2813 2607 2866; x_wconf 67' lang='grc' dir='ltr'>ἕνα</span> <span class='ocrx_word' id='word_1_386' title='bbox 2666 2811 2774 2865; x_wconf 88' lang='grc' dir='ltr'><strong>τῶν</strong></span> <span class='ocrx_word' id='word_1_387' title='bbox 2829 2807 3077 2878; x_wconf 85' lang='grc' dir='ltr'>ἀστέρων</span> <span class='ocrx_word' id='word_1_388' title='bbox 3133 2803 3378 2874; x_wconf 84' lang='grc' dir='ltr'>γίνεσθαι</span> <span class='ocrx_word' id='word_1_389' title='bbox 3415 2816 3602 2867; x_wconf 50' lang='lat' dir='ltr'><strong>metu</strong></span> 
     </span>
    </p>
   </div>
   <div class='ocr_carea' id='block_1_58' title="bbox 2023 2888 3596 2973">
    <p class='ocr_par' dir='ltr' id='par_1_58' title="bbox 2023 2888 3596 2973">
     <span class='ocr_line' id='line_1_58' title="bbox 2023 2888 3596 2973; baseline -0.013 -9"><span class='ocrx_word' id='word_1_390' title='bbox 2023 2910 2121 2971; x_wconf 76' lang='grc' dir='ltr'><strong>κὸς</strong></span> <span class='ocrx_word' id='word_1_391' title='bbox 2142 2908 2241 2963; x_wconf 85' lang='grc' dir='ltr'><strong>οὑκ</strong></span> <span class='ocrx_word' id='word_1_392' title='bbox 2263 2904 2485 2967; x_wconf 76' lang='grc' dir='ltr'>ἀπεικὸς</span> <span class='ocrx_word' id='word_1_393' title='bbox 2519 2903 2764 2973; x_wconf 86' lang='grc' dir='ltr'>γίνεσθαι</span> <span class='ocrx_word' id='word_1_394' title='bbox 2798 2901 2892 2953; x_wconf 80' lang='grc' dir='ltr'>καὶ</span> <span class='ocrx_word' id='word_1_395' title='bbox 2921 2897 3051 2968; x_wconf 68' lang='grc' dir='ltr'>περὶ</span> <span class='ocrx_word' id='word_1_396' title='bbox 3075 2896 3166 2949; x_wconf 66' lang='grc' dir='ltr'>τὸν</span> <span class='ocrx_word' id='word_1_397' title='bbox 3192 2894 3311 2947; x_wconf 78' lang='grc' dir='ltr'>ὅλον</span> <span class='ocrx_word' id='word_1_398' title='bbox 3340 2888 3596 2962; x_wconf 68' lang='grc' dir='ltr'>οὐρανόν.</span> 
     </span>
    </p>
   </div>
   <div class='ocr_carea' id='block_1_59' title="bbox 2017 2980 3601 3071">
    <p class='ocr_par' dir='ltr' id='par_1_59' title="bbox 2017 2980 3601 3071">
     <span class='ocr_line' id='line_1_59' title="bbox 2017 2980 3601 3071; baseline -0.015 -14"><span class='ocrx_word' id='word_1_399' title='bbox 2017 3002 2090 3057; x_wconf 76' lang='grc' dir='ltr'><strong>Εἰ</strong></span> <span class='ocrx_word' id='word_1_400' title='bbox 2121 3000 2231 3071; x_wconf 76' lang='grc' dir='ltr'>γὰρ</span> <span class='ocrx_word' id='word_1_401' title='bbox 2274 2998 2390 3061; x_wconf 78' lang='grc' dir='ltr'>ἑνὸς</span> <span class='ocrx_word' id='word_1_402' title='bbox 2437 2997 2668 3067; x_wconf 83' lang='grc' dir='ltr'>ἀστέρος</span> <span class='ocrx_word' id='word_1_403' title='bbox 2698 2991 3100 3062; x_wconf 21' lang='grc' dir='ltr'>κίνησιςκποιεῖ</span> <span class='ocrx_word' id='word_1_404' title='bbox 3128 3006 3179 3040; x_wconf 88' lang='grc' dir='ltr'><strong>τι</strong></span> <span class='ocrx_word' id='word_1_405' title='bbox 3206 2984 3462 3049; x_wconf 80' lang='grc' dir='ltr'>τοιοῦτον,</span> <span class='ocrx_word' id='word_1_406' title='bbox 3494 2980 3601 3033; x_wconf 80' lang='grc' dir='ltr'><strong>οὑκ</strong></span> 
     </span>
    </p>
   </div>
   <div class='ocr_carea' id='block_1_60' title="bbox 2022 3072 3601 3153">
    <p class='ocr_par' dir='ltr' id='par_1_60' title="bbox 2022 3072 3601 3153">
     <span class='ocr_line' id='line_1_60' title="bbox 2022 3072 3601 3153; baseline -0.014 -6"><span class='ocrx_word' id='word_1_407' title='bbox 2022 3095 2224 3150; x_wconf 79' lang='grc' dir='ltr'>ἄτοπον</span> <span class='ocrx_word' id='word_1_408' title='bbox 2277 3088 2570 3144; x_wconf 73' lang='grc' dir='ltr'>ὑπολαϐεῖν</span> <span class='ocrx_word' id='word_1_409' title='bbox 2621 3087 2717 3141; x_wconf 76' lang='grc' dir='ltr'>καὶ</span> <span class='ocrx_word' id='word_1_410' title='bbox 2751 3086 2850 3153; x_wconf 80' lang='grc' dir='ltr'><strong>τὴν</strong></span> <span class='ocrx_word' id='word_1_411' title='bbox 2901 3082 3010 3136; x_wconf 79' lang='grc' dir='ltr'><strong>τῶν</strong></span> <span class='ocrx_word' id='word_1_412' title='bbox 3041 3081 3260 3134; x_wconf 80' lang='grc' dir='ltr'>πάντων</span> <span class='ocrx_word' id='word_1_413' title='bbox 3290 3078 3505 3145; x_wconf 87' lang='grc' dir='ltr'>κίνησιν</span> <span class='ocrx_word' id='word_1_414' title='bbox 3534 3072 3601 3126; x_wconf 80' lang='grc' dir='ltr'><strong>τδ</strong></span> 
     </span>
    </p>
   </div>
   <div class='ocr_carea' id='block_1_61' title="bbox 342 3171 1915 3275">
    <p class='ocr_par' dir='ltr' id='par_1_61' title="bbox 342 3176 1915 3257">
     <span class='ocr_line' id='line_1_61' title="bbox 342 3176 1915 3257; baseline 0.01 -28"><span class='ocrx_word' id='word_1_415' title='bbox 342 3178 587 3231; x_wconf 90' lang='lat' dir='ltr'><strong>omnium</strong></span> <span class='ocrx_word' id='word_1_416' title='bbox 614 3177 772 3231; x_wconf 84' lang='lat' dir='ltr'><strong>ctiam</strong></span> <span class='ocrx_word' id='word_1_417' title='bbox 798 3176 990 3249; x_wconf 67' lang='lat' dir='ltr'><strong>[stt-llai</strong></span> <span class='ocrx_word' id='word_1_418' title='bbox 1010 3179 1122 3250; x_wconf 73' lang='lat' dir='ltr'><strong>um]</strong></span> <span class='ocrx_word' id='word_1_419' title='bbox 1150 3189 1329 3235; x_wconf 89' lang='lat' dir='ltr'><strong>motus</strong></span> <span class='ocrx_word' id='word_1_420' title='bbox 1351 3183 1487 3237; x_wconf 85' lang='lat' dir='ltr'><strong>idem</strong></span> <span class='ocrx_word' id='word_1_421' title='bbox 1515 3186 1771 3250; x_wconf 67' lang='lat' dir='ltr'><strong>praestare</strong></span> <span class='ocrx_word' id='word_1_422' title='bbox 1793 3204 1915 3257; x_wconf 83' lang='lat' dir='ltr'><strong>pos-</strong></span> 
     </span>
    </p>
   </div>
   <div class='ocr_carea' id='block_1_62' title="bbox 2031 3171 3601 3275">
    <p class='ocr_par' dir='ltr' id='par_1_62' title="bbox 2031 3171 3601 3244">
     <span class='ocr_line' id='line_1_62' title="bbox 2031 3171 3601 3244; baseline -0.013 -3"><span class='ocrx_word' id='word_1_423' title='bbox 2031 3187 2156 3241; x_wconf 81' lang='grc' dir='ltr'>αὑτὸ</span> <span class='ocrx_word' id='word_1_424' title='bbox 2182 3185 2446 3239; x_wconf 77' lang='grc' dir='ltr'>δύνασθαι</span> <span class='ocrx_word' id='word_1_425' title='bbox 2477 3183 2654 3236; x_wconf 82' lang='grc' dir='ltr'>ποιεῖν</span> <span class='ocrx_word' id='word_1_426' title='bbox 2681 3181 2755 3242; x_wconf 84' lang='grc' dir='ltr'><strong>ὡς</strong></span> <span class='ocrx_word' id='word_1_427' title='bbox 2796 3177 3103 3244; x_wconf 77' lang='grc' dir='ltr'>ἐκριπίζειν</span> <span class='ocrx_word' id='word_1_428' title='bbox 3133 3192 3190 3228; x_wconf 82' lang='grc' dir='ltr'><strong>τε</strong></span> <span class='ocrx_word' id='word_1_429' title='bbox 3215 3172 3309 3226; x_wconf 74' lang='grc' dir='ltr'>καὶ</span> <span class='ocrx_word' id='word_1_430' title='bbox 3340 3171 3601 3236; x_wconf 72' lang='grc' dir='ltr'>ἐξάπτειν</span> 
     </span>
    </p>
   </div>
   <div class='ocr_carea' id='block_1_63' title="bbox 344 3260 1915 3349">
    <p class='ocr_par' dir='ltr' id='par_1_63' title="bbox 344 3269 1915 3334">
     <span class='ocr_line' id='line_1_63' title="bbox 344 3269 1915 3334; baseline 0.007 -12"><span class='ocrx_word' id='word_1_431' title='bbox 344 3269 437 3330; x_wconf 84' lang='lat' dir='ltr'><strong>sit,</strong></span> <span class='ocrx_word' id='word_1_432' title='bbox 490 3279 547 3323; x_wconf 88' lang='lat' dir='ltr'><strong>ut</strong></span> <span class='ocrx_word' id='word_1_433' title='bbox 592 3270 989 3325; x_wconf 79' lang='lat' dir='ltr'><strong>exhalatiouem</strong></span> <span class='ocrx_word' id='word_1_434' title='bbox 1029 3274 1131 3327; x_wconf 86' lang='lat' dir='ltr'><strong>sibi</strong></span> <span class='ocrx_word' id='word_1_435' title='bbox 1180 3275 1455 3330; x_wconf 86' lang='lat' dir='ltr'><strong>subditam</strong></span> <span class='ocrx_word' id='word_1_436' title='bbox 1497 3283 1915 3334; x_wconf 81' lang='lat' dir='ltr'><strong>exsusciteutet</strong></span> 
     </span>
    </p>
   </div>
   <div class='ocr_carea' id='block_1_64' title="bbox 2031 3260 3583 3349">
    <p class='ocr_par' dir='ltr' id='par_1_64' title="bbox 2031 3260 3583 3349">
     <span class='ocr_line' id='line_1_64' title="bbox 2031 3260 3583 3349; baseline -0.012 -16"><span class='ocrx_word' id='word_1_437' title='bbox 2031 3280 2119 3349; x_wconf 76' lang='grc' dir='ltr'>τὴν</span> <span class='ocrx_word' id='word_1_438' title='bbox 2154 3278 2247 3331; x_wconf 81' lang='grc' dir='ltr'>ὑπ’</span> <span class='ocrx_word' id='word_1_439' title='bbox 2279 3275 2478 3338; x_wconf 79' lang='grc' dir='ltr'>αὐτοὺς</span> <span class='ocrx_word' id='word_1_440' title='bbox 2516 3260 2883 3341; x_wconf 78' lang='grc' dir='ltr'>ἀναθυμίασιν</span> <span class='ocrx_word' id='word_1_441' title='bbox 2913 3268 3009 3321; x_wconf 74' lang='grc' dir='ltr'><strong>καὶ</strong></span> <span class='ocrx_word' id='word_1_442' title='bbox 3039 3263 3486 3334; x_wconf 83' lang='grc' dir='ltr'>συνεφέλκεσθαι.</span> <span class='ocrx_word' id='word_1_443' title='bbox 3560 3324 3583 3335; x_wconf 30' lang='grc' dir='ltr'><strong>ς</strong></span> 
     </span>
    </p>
   </div>
   <div class='ocr_carea' id='block_1_65' title="bbox 342 3366 1239 3424">
    <p class='ocr_par' dir='ltr' id='par_1_65' title="bbox 342 3366 1239 3424">
     <span class='ocr_line' id='line_1_65' title="bbox 342 3366 1239 3424; baseline 0.001 -1"><span class='ocrx_word' id='word_1_444' title='bbox 342 3366 680 3423; x_wconf 81' lang='lat' dir='ltr'><strong>inﬂamment</strong></span> <span class='ocrx_word' id='word_1_445' title='bbox 704 3380 755 3422; x_wconf 89' lang='lat' dir='ltr'><strong>et</strong></span> <span class='ocrx_word' id='word_1_446' title='bbox 776 3385 962 3423; x_wconf 86' lang='lat' dir='ltr'><strong>secum</strong></span> <span class='ocrx_word' id='word_1_447' title='bbox 997 3370 1239 3424; x_wconf 84' lang='lat' dir='ltr'><strong>trahant.</strong></span> 
     </span>
    </p>
   </div>
   <div class='ocr_carea' id='block_1_66' title="bbox 419 3460 1914 3530">
    <p class='ocr_par' dir='ltr' id='par_1_66' title="bbox 419 3460 1914 3530">
     <span class='ocr_line' id='line_1_66' title="bbox 419 3460 1914 3530; baseline 0.003 -15"><span class='ocrx_word' id='word_1_448' title='bbox 419 3462 509 3515; x_wconf 75' lang='grc' dir='ltr'><strong>Η.</strong></span> <span class='ocrx_word' id='word_1_449' title='bbox 540 3460 809 3516; x_wconf 83' lang='lat' dir='ltr'><strong>Caeterum</strong></span> <span class='ocrx_word' id='word_1_450' title='bbox 835 3461 936 3515; x_wconf 87' lang='lat' dir='ltr'><strong>hoc</strong></span> <span class='ocrx_word' id='word_1_451' title='bbox 966 3460 1141 3530; x_wconf 88' lang='lat' dir='ltr'><strong>potius</strong></span> <span class='ocrx_word' id='word_1_452' title='bbox 1182 3462 1295 3515; x_wconf 81' lang='lat' dir='ltr'><strong>ﬁeri</strong></span> <span class='ocrx_word' id='word_1_453' title='bbox 1352 3472 1781 3519; x_wconf 87' lang='lat' dir='ltr'><strong>consentaneum</strong></span> <span class='ocrx_word' id='word_1_454' title='bbox 1832 3475 1914 3519; x_wconf 87' lang='lat' dir='ltr'><strong>est</strong></span> 
     </span>
    </p>
   </div>
   <div class='ocr_carea' id='block_1_67' title="bbox 342 3552 1914 3622">
    <p class='ocr_par' dir='ltr' id='par_1_67' title="bbox 342 3552 1914 3622">
     <span class='ocr_line' id='line_1_67' title="bbox 342 3552 1914 3622; baseline 0.001 -15"><span class='ocrx_word' id='word_1_455' title='bbox 342 3553 397 3607; x_wconf 89' lang='lat' dir='ltr'><strong>in</strong></span> <span class='ocrx_word' id='word_1_456' title='bbox 422 3568 482 3608; x_wconf 85' lang='lat' dir='ltr'><strong>ea</strong></span> <span class='ocrx_word' id='word_1_457' title='bbox 504 3552 627 3607; x_wconf 75' lang='grc' dir='ltr'>οωιί</span> <span class='ocrx_word' id='word_1_458' title='bbox 663 3562 836 3620; x_wconf 89' lang='lat' dir='ltr'><strong>parte,</strong></span> <span class='ocrx_word' id='word_1_459' title='bbox 881 3553 934 3605; x_wconf 88' lang='lat' dir='ltr'><strong>in</strong></span> <span class='ocrx_word' id='word_1_460' title='bbox 963 3568 1067 3620; x_wconf 85' lang='lat' dir='ltr'><strong>qua</strong></span> <span class='ocrx_word' id='word_1_461' title='bbox 1128 3553 1312 3621; x_wconf 82' lang='lat' dir='ltr'><strong>plures</strong></span> <span class='ocrx_word' id='word_1_462' title='bbox 1352 3553 1530 3609; x_wconf 81' lang='lat' dir='ltr'><strong>densae</strong></span> <span class='ocrx_word' id='word_1_463' title='bbox 1598 3564 1651 3608; x_wconf 90' lang='lat' dir='ltr'><strong>et</strong></span> <span class='ocrx_word' id='word_1_464' title='bbox 1707 3571 1914 3622; x_wconf 75' lang='lat' dir='ltr'><strong>magme</strong></span> 
     </span>
    </p>
   </div>
   <div class='ocr_carea' id='block_1_68' title="bbox 339 3643 1910 3717">
    <p class='ocr_par' dir='ltr' id='par_1_68' title="bbox 339 3643 1910 3717">
     <span class='ocr_line' id='line_1_68' title="bbox 339 3643 1910 3717; baseline -0.001 -17"><span class='ocrx_word' id='word_1_465' title='bbox 339 3645 511 3700; x_wconf 79' lang='lat' dir='ltr'><strong>stellae</strong></span> <span class='ocrx_word' id='word_1_466' title='bbox 557 3654 705 3699; x_wconf 87' lang='lat' dir='ltr'><strong>sunt.</strong></span> <span class='ocrx_word' id='word_1_467' title='bbox 736 3643 922 3711; x_wconf 85' lang='lat' dir='ltr'><strong>Itaque</strong></span> <span class='ocrx_word' id='word_1_468' title='bbox 977 3646 1029 3698; x_wconf 91' lang='lat' dir='ltr'><strong>iu</strong></span> <span class='ocrx_word' id='word_1_469' title='bbox 1064 3645 1302 3699; x_wconf 84' lang='lat' dir='ltr'><strong>Zodiaco</strong></span> <span class='ocrx_word' id='word_1_470' title='bbox 1328 3647 1604 3699; x_wconf 78' lang='lat' dir='ltr'><strong>exhalatio</strong></span> <span class='ocrx_word' id='word_1_471' title='bbox 1646 3646 1910 3717; x_wconf 82' lang='lat' dir='ltr'><strong>ejusmodi</strong></span> 
     </span>
    </p>
   </div>
   <div class='ocr_carea' id='block_1_69' title="bbox 338 3734 1911 3806">
    <p class='ocr_par' dir='ltr' id='par_1_69' title="bbox 338 3734 1911 3806">
     <span class='ocr_line' id='line_1_69' title="bbox 338 3734 1911 3806; baseline -0.001 -14"><span class='ocrx_word' id='word_1_472' title='bbox 338 3745 393 3792; x_wconf 86' lang='lat' dir='ltr'><strong>et</strong></span> <span class='ocrx_word' id='word_1_473' title='bbox 418 3737 696 3792; x_wconf 86' lang='lat' dir='ltr'><strong>concretio</strong></span> <span class='ocrx_word' id='word_1_474' title='bbox 724 3750 827 3789; x_wconf 86' lang='lat' dir='ltr'><strong>non</strong></span> <span class='ocrx_word' id='word_1_475' title='bbox 855 3744 1058 3799; x_wconf 82' lang='lat' dir='ltr'><strong>manet,</strong></span> <span class='ocrx_word' id='word_1_476' title='bbox 1097 3747 1380 3805; x_wconf 86' lang='lat' dir='ltr'><strong>propterea</strong></span> <span class='ocrx_word' id='word_1_477' title='bbox 1416 3734 1577 3806; x_wconf 79' lang='lat'><strong>159</strong></span> <span class='ocrx_word' id='word_1_478' title='bbox 1638 3739 1783 3805; x_wconf 87' lang='lat' dir='ltr'><strong>quod</strong></span> <span class='ocrx_word' id='word_1_479' title='bbox 1828 3736 1911 3791; x_wconf 91' lang='lat' dir='ltr'><strong>sol</strong></span> 
     </span>
    </p>
   </div>
   <div class='ocr_carea' id='block_1_70' title="bbox 337 3822 1913 3907">
    <p class='ocr_par' dir='ltr' id='par_1_70' title="bbox 337 3822 1913 3907">
     <span class='ocr_line' id='line_1_70' title="bbox 337 3822 1913 3907; baseline -0.001 -23"><span class='ocrx_word' id='word_1_480' title='bbox 337 3839 393 3885; x_wconf 90' lang='lat' dir='ltr'><strong>et</strong></span> <span class='ocrx_word' id='word_1_481' title='bbox 421 3830 598 3884; x_wconf 69' lang='lat' dir='ltr'><strong>caeteri</strong></span> <span class='ocrx_word' id='word_1_482' title='bbox 627 3829 857 3897; x_wconf 82' lang='lat' dir='ltr'><strong>planetae</strong></span> <span class='ocrx_word' id='word_1_483' title='bbox 910 3828 1002 3897; x_wconf 89' lang='lat' dir='ltr'><strong>qui</strong></span> <span class='ocrx_word' id='word_1_484' title='bbox 1069 3844 1165 3897; x_wconf 82' lang='lat' dir='ltr'><strong>per</strong></span> <span class='ocrx_word' id='word_1_485' title='bbox 1200 3822 1349 3882; x_wconf 86' lang='lat' dir='ltr'><strong>hunc</strong></span> <span class='ocrx_word' id='word_1_486' title='bbox 1406 3837 1717 3907; x_wconf 64' lang='lat' dir='ltr'><strong>moventur,</strong></span> <span class='ocrx_word' id='word_1_487' title='bbox 1762 3827 1913 3900; x_wconf 77' lang='lat' dir='ltr'><strong>ejus-</strong></span> 
     </span>
    </p>
   </div>
   <div class='ocr_carea' id='block_1_71' title="bbox 336 3921 1692 3991">
    <p class='ocr_par' dir='ltr' id='par_1_71' title="bbox 336 3921 1692 3991">
     <span class='ocr_line' id='line_1_71' title="bbox 336 3921 1692 3991; baseline 0.001 -15"><span class='ocrx_word' id='word_1_488' title='bbox 336 3922 485 3976; x_wconf 72' lang='lat' dir='ltr'><strong>modi</strong></span> <span class='ocrx_word' id='word_1_489' title='bbox 512 3922 920 3976; x_wconf 84' lang='lat' dir='ltr'><strong>concretionem</strong></span> <span class='ocrx_word' id='word_1_490' title='bbox 951 3921 1337 3991; x_wconf 81' lang='lat' dir='ltr'><strong>disgregantet</strong></span> <span class='ocrx_word' id='word_1_491' title='bbox 1371 3931 1692 3978; x_wconf 68' lang='lat' dir='ltr'><strong>esteuuant.</strong></span> 
     </span>
    </p>
   </div>
   <div class='ocr_carea' id='block_1_72' title="bbox 1180 4068 1207 4090">
    <p class='ocr_par' dir='ltr' id='par_1_72' title="bbox 1180 4068 1207 4090">
     <span class='ocr_line' id='line_1_72' title="bbox 1180 4068 1207 4090; baseline 0 0"><span class='ocrx_word' id='word_1_492' title='bbox 1180 4068 1207 4090; x_wconf 64' lang='grc' dir='ltr'><em>Ι</em></span> 
     </span>
    </p>
   </div>
   <div class='ocr_carea' id='block_1_73' title="bbox 419 4102 1906 4172">
    <p class='ocr_par' dir='ltr' id='par_1_73' title="bbox 419 4102 1906 4172">
     <span class='ocr_line' id='line_1_73' title="bbox 419 4102 1906 4172; baseline 0.001 -16"><span class='ocrx_word' id='word_1_493' title='bbox 419 4103 509 4158; x_wconf 79' lang='grc'><strong>15.</strong></span> <span class='ocrx_word' id='word_1_494' title='bbox 534 4102 685 4168; x_wconf 89' lang='lat' dir='ltr'><strong>Quod</strong></span> <span class='ocrx_word' id='word_1_495' title='bbox 719 4111 897 4156; x_wconf 73' lang='lat' dir='ltr'><strong>autem</strong></span> <span class='ocrx_word' id='word_1_496' title='bbox 930 4102 1134 4156; x_wconf 89' lang='lat' dir='ltr'><strong>lacteus</strong></span> <span class='ocrx_word' id='word_1_497' title='bbox 1164 4102 1405 4157; x_wconf 87' lang='lat' dir='ltr'><strong>circulus</strong></span> <span class='ocrx_word' id='word_1_498' title='bbox 1439 4103 1533 4172; x_wconf 85' lang='lat' dir='ltr'><strong>qui</strong></span> <span class='ocrx_word' id='word_1_499' title='bbox 1558 4111 1610 4157; x_wconf 88' lang='lat' dir='ltr'><strong>et</strong></span> <span class='ocrx_word' id='word_1_500' title='bbox 1647 4102 1762 4172; x_wconf 89' lang='lat' dir='ltr'><strong>ipse</strong></span> <span class='ocrx_word' id='word_1_501' title='bbox 1789 4118 1906 4158; x_wconf 86' lang='lat' dir='ltr'><strong>ma-</strong></span> 
     </span>
    </p>
   </div>
   <div class='ocr_carea' id='block_1_74' title="bbox 339 4194 1906 4266">
    <p class='ocr_par' dir='ltr' id='par_1_74' title="bbox 339 4194 1906 4266">
     <span class='ocr_line' id='line_1_74' title="bbox 339 4194 1906 4266; baseline 0.001 -17"><span class='ocrx_word' id='word_1_502' title='bbox 339 4195 521 4251; x_wconf 76' lang='lat' dir='ltr'><strong>ximus</strong></span> <span class='ocrx_word' id='word_1_503' title='bbox 549 4204 713 4251; x_wconf 88' lang='lat' dir='ltr'><strong>estet</strong></span> <span class='ocrx_word' id='word_1_504' title='bbox 742 4195 1001 4265; x_wconf 83' lang='lat' dir='ltr'><strong>obliquus</strong></span> <span class='ocrx_word' id='word_1_505' title='bbox 1048 4205 1108 4249; x_wconf 89' lang='lat' dir='ltr'><strong>ut</strong></span> <span class='ocrx_word' id='word_1_506' title='bbox 1154 4194 1447 4260; x_wconf 84' lang='lat' dir='ltr'><strong>Zodiacus,</strong></span> <span class='ocrx_word' id='word_1_507' title='bbox 1496 4197 1739 4266; x_wconf 82' lang='lat' dir='ltr'><strong>tropicos</strong></span> <span class='ocrx_word' id='word_1_508' title='bbox 1798 4198 1906 4251; x_wconf 90' lang='lat' dir='ltr'><strong>situ</strong></span> 
     </span>
    </p>
   </div>
   <div class='ocr_carea' id='block_1_75' title="bbox 336 4287 1903 4359">
    <p class='ocr_par' dir='ltr' id='par_1_75' title="bbox 336 4287 1903 4359">
     <span class='ocr_line' id='line_1_75' title="bbox 336 4287 1903 4359; baseline 0 -16"><span class='ocrx_word' id='word_1_509' title='bbox 336 4287 575 4353; x_wconf 74' lang='lat' dir='ltr'><strong>excedit,</strong></span> <span class='ocrx_word' id='word_1_510' title='bbox 610 4290 858 4359; x_wconf 78' lang='lat' dir='ltr'><strong>aliosque</strong></span> <span class='ocrx_word' id='word_1_511' title='bbox 889 4289 1122 4344; x_wconf 81' lang='lat' dir='ltr'><strong>circulos</strong></span> <span class='ocrx_word' id='word_1_512' title='bbox 1153 4304 1258 4343; x_wconf 93' lang='lat' dir='ltr'><strong>non</strong></span> <span class='ocrx_word' id='word_1_513' title='bbox 1288 4290 1475 4359; x_wconf 91' lang='lat' dir='ltr'><strong>procul</strong></span> <span class='ocrx_word' id='word_1_514' title='bbox 1507 4304 1537 4344; x_wconf 88' lang='lat' dir='ltr'><strong>a</strong></span> <span class='ocrx_word' id='word_1_515' title='bbox 1567 4290 1705 4357; x_wconf 84' lang='lat' dir='ltr'><strong>polis</strong></span> <span class='ocrx_word' id='word_1_516' title='bbox 1737 4289 1903 4344; x_wconf 84' lang='lat' dir='ltr'><strong>attin-</strong></span> 
     </span>
    </p>
   </div>
   <div class='ocr_carea' id='block_1_76' title="bbox 337 4378 1903 4451">
    <p class='ocr_par' dir='ltr' id='par_1_76' title="bbox 337 4378 1903 4451">
     <span class='ocr_line' id='line_1_76' title="bbox 337 4378 1903 4451; baseline 0.002 -17"><span class='ocrx_word' id='word_1_517' title='bbox 337 4383 437 4451; x_wconf 70' lang='lat' dir='ltr'><strong>git,</strong></span> <span class='ocrx_word' id='word_1_518' title='bbox 467 4390 523 4438; x_wconf 79' lang='lat' dir='ltr'><strong>et</strong></span> <span class='ocrx_word' id='word_1_519' title='bbox 547 4397 615 4435; x_wconf 78' lang='lat' dir='ltr'><strong>ex</strong></span> <span class='ocrx_word' id='word_1_520' title='bbox 646 4381 866 4450; x_wconf 85' lang='lat' dir='ltr'><strong>obliqua</strong></span> <span class='ocrx_word' id='word_1_521' title='bbox 902 4389 1055 4451; x_wconf 88' lang='lat' dir='ltr'><strong>parte</strong></span> <span class='ocrx_word' id='word_1_522' title='bbox 1082 4378 1302 4435; x_wconf 79' lang='lat' dir='ltr'><strong>Zodiaci</strong></span> <span class='ocrx_word' id='word_1_523' title='bbox 1327 4380 1646 4448; x_wconf 86' lang='lat' dir='ltr'><strong>collocatur,</strong></span> <span class='ocrx_word' id='word_1_524' title='bbox 1673 4390 1730 4436; x_wconf 89' lang='lat' dir='ltr'><strong>ut</strong></span> <span class='ocrx_word' id='word_1_525' title='bbox 1756 4397 1821 4436; x_wconf 91' lang='lat' dir='ltr'><strong>ue</strong></span> <span class='ocrx_word' id='word_1_526' title='bbox 1851 4381 1903 4437; x_wconf 91' lang='lat' dir='ltr'><strong>in</strong></span> 
     </span>
    </p>
   </div>
   <div class='ocr_carea' id='block_1_77' title="bbox 335 4471 1904 4544">
    <p class='ocr_par' dir='ltr' id='par_1_77' title="bbox 335 4471 1904 4544">
     <span class='ocr_line' id='line_1_77' title="bbox 335 4471 1904 4544; baseline 0.001 -17"><span class='ocrx_word' id='word_1_527' title='bbox 335 4472 455 4543; x_wconf 90' lang='lat' dir='ltr'><strong>ipso</strong></span> <span class='ocrx_word' id='word_1_528' title='bbox 495 4471 723 4542; x_wconf 75' lang='lat' dir='ltr'><strong>planette</strong></span> <span class='ocrx_word' id='word_1_529' title='bbox 748 4481 1091 4537; x_wconf 81' lang='lat' dir='ltr'><strong>moveantur,</strong></span> <span class='ocrx_word' id='word_1_530' title='bbox 1114 4473 1371 4543; x_wconf 81' lang='lat' dir='ltr'><strong>quodque</strong></span> <span class='ocrx_word' id='word_1_531' title='bbox 1404 4483 1662 4544; x_wconf 72' lang='lat' dir='ltr'><strong>praeterea</strong></span> <span class='ocrx_word' id='word_1_532' title='bbox 1692 4473 1904 4544; x_wconf 76' lang='lat' dir='ltr'><strong>magnis</strong></span> 
     </span>
    </p>
   </div>
   <div class='ocr_carea' id='block_1_78' title="bbox 2095 3431 3601 3519">
    <p class='ocr_par' dir='ltr' id='par_1_78' title="bbox 2095 3431 3601 3519">
     <span class='ocr_line' id='line_1_78' title="bbox 2095 3431 3601 3519; baseline -0.012 -6"><span class='ocrx_word' id='word_1_533' title='bbox 2095 3460 2180 3513; x_wconf 82' lang='lat' dir='ltr'><strong>t6&#39;.</strong></span> <span class='ocrx_word' id='word_1_534' title='bbox 2227 3457 2301 3510; x_wconf 82' lang='grc' dir='ltr'>Τδ</span> <span class='ocrx_word' id='word_1_535' title='bbox 2333 3454 2575 3509; x_wconf 75' lang='grc' dir='ltr'>τοιοῦτον</span> <span class='ocrx_word' id='word_1_536' title='bbox 2613 3451 2671 3506; x_wconf 83' lang='grc' dir='ltr'>δὲ</span> <span class='ocrx_word' id='word_1_537' title='bbox 2700 3446 2946 3518; x_wconf 81' lang='grc' dir='ltr'>γίνεσθαι</span> <span class='ocrx_word' id='word_1_538' title='bbox 2975 3448 3175 3519; x_wconf 84' lang='grc' dir='ltr'>μᾶλλον</span> <span class='ocrx_word' id='word_1_539' title='bbox 3217 3445 3384 3511; x_wconf 69' lang='grc' dir='ltr'>εἰκὸς,</span> <span class='ocrx_word' id='word_1_540' title='bbox 3413 3431 3535 3497; x_wconf 52' lang='grc' dir='ltr'>καθδ</span> <span class='ocrx_word' id='word_1_541' title='bbox 3568 3440 3601 3495; x_wconf 82' lang='grc' dir='ltr'><strong>δ</strong></span> 
     </span>
    </p>
   </div>
   <div class='ocr_carea' id='block_1_79' title="bbox 2021 3532 3601 3621">
    <p class='ocr_par' dir='ltr' id='par_1_79' title="bbox 2021 3532 3601 3621">
     <span class='ocr_line' id='line_1_79' title="bbox 2021 3532 3601 3621; baseline -0.013 -17"><span class='ocrx_word' id='word_1_542' title='bbox 2021 3550 2186 3621; x_wconf 82' lang='grc' dir='ltr'>μέρος</span> <span class='ocrx_word' id='word_1_543' title='bbox 2211 3547 2304 3600; x_wconf 83' lang='grc' dir='ltr'><strong>τοῦ</strong></span> <span class='ocrx_word' id='word_1_544' title='bbox 2339 3542 2581 3616; x_wconf 78' lang='grc' dir='ltr'>οὐρανοῦ</span> <span class='ocrx_word' id='word_1_545' title='bbox 2611 3542 2856 3595; x_wconf 89' lang='grc' dir='ltr'>πλεῖστοι</span> <span class='ocrx_word' id='word_1_546' title='bbox 2895 3540 2989 3592; x_wconf 72' lang='grc' dir='ltr'>καὶ</span> <span class='ocrx_word' id='word_1_547' title='bbox 3017 3539 3212 3591; x_wconf 77' lang='grc' dir='ltr'>πυκνοὶ</span> <span class='ocrx_word' id='word_1_548' title='bbox 3243 3536 3337 3590; x_wconf 74' lang='grc' dir='ltr'>καὶ</span> <span class='ocrx_word' id='word_1_549' title='bbox 3368 3532 3601 3621; x_wconf 74' lang='grc' dir='ltr'>μεγάλοι</span> 
     </span>
    </p>
   </div>
   <div class='ocr_carea' id='block_1_80' title="bbox 2016 3619 3598 3711">
    <p class='ocr_par' dir='ltr' id='par_1_80' title="bbox 2016 3619 3598 3711">
     <span class='ocr_line' id='line_1_80' title="bbox 2016 3619 3598 3711; baseline -0.014 -16"><span class='ocrx_word' id='word_1_550' title='bbox 2016 3619 2249 3711; x_wconf 77' lang='grc' dir='ltr'>ἀστέρες</span> <span class='ocrx_word' id='word_1_551' title='bbox 2278 3637 2406 3694; x_wconf 88' lang='grc' dir='ltr'>είσί.</span> <span class='ocrx_word' id='word_1_552' title='bbox 2440 3634 2599 3688; x_wconf 81' lang='grc' dir='ltr'>Κατά</span> <span class='ocrx_word' id='word_1_553' title='bbox 2630 3634 2731 3703; x_wconf 79' lang='grc' dir='ltr'>μὲν</span> <span class='ocrx_word' id='word_1_554' title='bbox 2755 3628 2849 3687; x_wconf 81' lang='grc' dir='ltr'><strong>οὖν</strong></span> <span class='ocrx_word' id='word_1_555' title='bbox 2875 3631 2966 3684; x_wconf 77' lang='grc' dir='ltr'>τὸν</span> <span class='ocrx_word' id='word_1_556' title='bbox 2991 3626 3255 3694; x_wconf 68' lang='grc' dir='ltr'>ζωδιακὸν</span> <span class='ocrx_word' id='word_1_557' title='bbox 3287 3626 3320 3695; x_wconf 85' lang='grc' dir='ltr'>ὴ</span> <span class='ocrx_word' id='word_1_558' title='bbox 3362 3619 3598 3691; x_wconf 80' lang='grc' dir='ltr'>τοιαύτη</span> 
     </span>
    </p>
   </div>
   <div class='ocr_carea' id='block_1_81' title="bbox 2018 3713 3599 3800">
    <p class='ocr_par' dir='ltr' id='par_1_81' title="bbox 2018 3713 3599 3800">
     <span class='ocr_line' id='line_1_81' title="bbox 2018 3713 3599 3800; baseline -0.013 -13"><span class='ocrx_word' id='word_1_559' title='bbox 2018 3732 2382 3800; x_wconf 87' lang='grc' dir='ltr'>ἀναθυμίασις</span> <span class='ocrx_word' id='word_1_560' title='bbox 2415 3731 2510 3784; x_wconf 72' lang='grc' dir='ltr'>καὶ</span> <span class='ocrx_word' id='word_1_561' title='bbox 2539 3728 2798 3788; x_wconf 88' lang='grc' dir='ltr'>σύστασις</span> <span class='ocrx_word' id='word_1_562' title='bbox 2827 3725 2887 3778; x_wconf 88' lang='grc' dir='ltr'><strong>οὑ</strong></span> <span class='ocrx_word' id='word_1_563' title='bbox 2917 3724 3064 3795; x_wconf 82' lang='grc' dir='ltr'>μένει</span> <span class='ocrx_word' id='word_1_564' title='bbox 3089 3739 3102 3753; x_wconf 88' lang='grc'><strong>·</strong></span> <span class='ocrx_word' id='word_1_565' title='bbox 3138 3721 3273 3775; x_wconf 82' lang='grc' dir='ltr'>διότι</span> <span class='ocrx_word' id='word_1_566' title='bbox 3304 3716 3447 3772; x_wconf 84' lang='grc' dir='ltr'><strong>κατά</strong></span> <span class='ocrx_word' id='word_1_567' title='bbox 3469 3713 3599 3768; x_wconf 82' lang='grc' dir='ltr'>τοῦ-</span> 
     </span>
    </p>
   </div>
   <div class='ocr_carea' id='block_1_82' title="bbox 2014 3807 3600 3897">
    <p class='ocr_par' dir='ltr' id='par_1_82' title="bbox 2014 3807 3600 3897">
     <span class='ocr_line' id='line_1_82' title="bbox 2014 3807 3600 3897; baseline -0.012 -18"><span class='ocrx_word' id='word_1_568' title='bbox 2014 3842 2107 3880; x_wconf 88' lang='grc' dir='ltr'><strong>τον</strong></span> <span class='ocrx_word' id='word_1_569' title='bbox 2132 3825 2159 3878; x_wconf 90' lang='lat'><strong>6</strong></span> <span class='ocrx_word' id='word_1_570' title='bbox 2189 3825 2339 3897; x_wconf 78' lang='grc' dir='ltr'>ἥλιος</span> <span class='ocrx_word' id='word_1_571' title='bbox 2368 3822 2466 3877; x_wconf 77' lang='grc' dir='ltr'>καὶ</span> <span class='ocrx_word' id='word_1_572' title='bbox 2516 3822 2567 3875; x_wconf 89' lang='grc' dir='ltr'><strong>οί</strong></span> <span class='ocrx_word' id='word_1_573' title='bbox 2599 3819 2777 3873; x_wconf 57' lang='grc' dir='ltr'><strong>λοιποί⁵</strong></span> <span class='ocrx_word' id='word_1_574' title='bbox 2826 3815 3138 3885; x_wconf 80' lang='grc' dir='ltr'>κινούμενοι</span> <span class='ocrx_word' id='word_1_575' title='bbox 3168 3808 3440 3879; x_wconf 81' lang='grc' dir='ltr'>πλανῆτες</span> <span class='ocrx_word' id='word_1_576' title='bbox 3471 3807 3600 3861; x_wconf 73' lang='grc' dir='ltr'>διαε-</span> 
     </span>
    </p>
   </div>
   <div class='ocr_carea' id='block_1_83' title="bbox 2016 3899 3596 3989">
    <p class='ocr_par' dir='ltr' id='par_1_83' title="bbox 2016 3899 3596 3989">
     <span class='ocr_line' id='line_1_83' title="bbox 2016 3899 3596 3989; baseline -0.013 -16"><span class='ocrx_word' id='word_1_577' title='bbox 2016 3919 2266 3989; x_wconf 85' lang='grc' dir='ltr'>κρίνουσι</span> <span class='ocrx_word' id='word_1_578' title='bbox 2331 3899 2431 3987; x_wconf 80' lang='grc' dir='ltr'><strong>τὴν</strong></span> <span class='ocrx_word' id='word_1_579' title='bbox 2490 3912 2749 3983; x_wconf 88' lang='grc' dir='ltr'>τοιαύτην</span> <span class='ocrx_word' id='word_1_580' title='bbox 2813 3909 3073 3963; x_wconf 85' lang='grc' dir='ltr'>σύστασιν</span> <span class='ocrx_word' id='word_1_581' title='bbox 3125 3906 3221 3959; x_wconf 73' lang='grc' dir='ltr'><strong>καὶ</strong></span> <span class='ocrx_word' id='word_1_582' title='bbox 3283 3900 3596 3956; x_wconf 84' lang='grc' dir='ltr'>λεπτύνου-</span> 
     </span>
    </p>
   </div>
   <div class='ocr_carea' id='block_1_84' title="bbox 2014 4026 2121 4064">
    <p class='ocr_par' dir='ltr' id='par_1_84' title="bbox 2014 4026 2121 4064">
     <span class='ocr_line' id='line_1_84' title="bbox 2014 4026 2121 4064; baseline -0.028 0"><span class='ocrx_word' id='word_1_583' title='bbox 2014 4026 2121 4064; x_wconf 86' lang='grc' dir='ltr'>σιν.</span> 
     </span>
    </p>
   </div>
   <div class='ocr_carea' id='block_1_85' title="bbox 2088 4087 3599 4165">
    <p class='ocr_par' dir='ltr' id='par_1_85' title="bbox 2088 4087 3599 4165">
     <span class='ocr_line' id='line_1_85' title="bbox 2088 4087 3599 4165; baseline -0.009 -11"><span class='ocrx_word' id='word_1_584' title='bbox 2088 4106 2177 4157; x_wconf 87' lang='grc' dir='ltr'>ιε’.</span> <span class='ocrx_word' id='word_1_585' title='bbox 2207 4098 2331 4153; x_wconf 75' lang='grc' dir='ltr'>Ὀτι</span> <span class='ocrx_word' id='word_1_586' title='bbox 2374 4099 2420 4153; x_wconf 77' lang='grc' dir='ltr'>δ’</span> <span class='ocrx_word' id='word_1_587' title='bbox 2450 4098 2479 4150; x_wconf 94' lang='lat'><strong>6</strong></span> <span class='ocrx_word' id='word_1_588' title='bbox 2514 4095 2781 4165; x_wconf 80' lang='grc' dir='ltr'>γαλαξίας</span> <span class='ocrx_word' id='word_1_589' title='bbox 2816 4093 3014 4156; x_wconf 81' lang='grc' dir='ltr'>κύκλος</span> <span class='ocrx_word' id='word_1_590' title='bbox 3070 4090 3327 4157; x_wconf 81' lang='grc' dir='ltr'>μέγιστος</span> <span class='ocrx_word' id='word_1_591' title='bbox 3375 4088 3451 4142; x_wconf 86' lang='grc' dir='ltr'><strong>ῶν</strong></span> <span class='ocrx_word' id='word_1_592' title='bbox 3494 4087 3599 4141; x_wconf 78' lang='grc' dir='ltr'>καὶ</span> 
     </span>
    </p>
   </div>
   <div class='ocr_carea' id='block_1_86' title="bbox 2012 4179 3596 4258">
    <p class='ocr_par' dir='ltr' id='par_1_86' title="bbox 2012 4179 3596 4258">
     <span class='ocr_line' id='line_1_86' title="bbox 2012 4179 3596 4258; baseline -0.009 -13"><span class='ocrx_word' id='word_1_593' title='bbox 2012 4189 2175 4253; x_wconf 74' lang='grc' dir='ltr'>αὑτὸς</span> <span class='ocrx_word' id='word_1_594' title='bbox 2204 4190 2302 4243; x_wconf 72' lang='grc' dir='ltr'>καὶ</span> <span class='ocrx_word' id='word_1_595' title='bbox 2347 4186 2499 4253; x_wconf 75' lang='grc' dir='ltr'>λοξὸς</span> <span class='ocrx_word' id='word_1_596' title='bbox 2546 4184 2736 4258; x_wconf 83' lang='grc' dir='ltr'>ὥσπερ</span> <span class='ocrx_word' id='word_1_597' title='bbox 2764 4187 2791 4239; x_wconf 97' lang='lat'><strong>6</strong></span> <span class='ocrx_word' id='word_1_598' title='bbox 2820 4184 3106 4250; x_wconf 73' lang='grc' dir='ltr'>ζωδιακὸς,</span> <span class='ocrx_word' id='word_1_599' title='bbox 3152 4179 3483 4252; x_wconf 77' lang='grc' dir='ltr'>ὑπερϐάλλει</span> <span class='ocrx_word' id='word_1_600' title='bbox 3519 4180 3596 4248; x_wconf 75' lang='grc' dir='ltr'>τῇ</span> 
     </span>
    </p>
   </div>
   <div class='ocr_carea' id='block_1_87' title="bbox 2013 4273 3594 4351">
    <p class='ocr_par' dir='ltr' id='par_1_87' title="bbox 2013 4273 3594 4351">
     <span class='ocr_line' id='line_1_87' title="bbox 2013 4273 3594 4351; baseline -0.008 -16"><span class='ocrx_word' id='word_1_601' title='bbox 2013 4282 2159 4335; x_wconf 83' lang='grc' dir='ltr'>θέσει</span> <span class='ocrx_word' id='word_1_602' title='bbox 2192 4279 2319 4342; x_wconf 82' lang='grc' dir='ltr'><strong>τοὺς</strong></span> <span class='ocrx_word' id='word_1_603' title='bbox 2345 4279 2664 4351; x_wconf 72' lang='grc' dir='ltr'>τροπικοὺς,</span> <span class='ocrx_word' id='word_1_604' title='bbox 2712 4277 2811 4331; x_wconf 84' lang='grc' dir='ltr'><strong>καί</strong></span> <span class='ocrx_word' id='word_1_605' title='bbox 2839 4294 3001 4331; x_wconf 88' lang='grc' dir='ltr'>τινων</span> <span class='ocrx_word' id='word_1_606' title='bbox 3031 4274 3236 4347; x_wconf 72' lang='grc' dir='ltr'>ἐτέρων</span> <span class='ocrx_word' id='word_1_607' title='bbox 3278 4273 3594 4343; x_wconf 75' lang='grc' dir='ltr'>ἐφάπτεται</span> 
     </span>
    </p>
   </div>
   <div class='ocr_carea' id='block_1_88' title="bbox 2011 4362 3594 4442">
    <p class='ocr_par' dir='ltr' id='par_1_88' title="bbox 2011 4362 3594 4442">
     <span class='ocr_line' id='line_1_88' title="bbox 2011 4362 3594 4442; baseline -0.006 -15"><span class='ocrx_word' id='word_1_608' title='bbox 2011 4373 2231 4428; x_wconf 86' lang='grc' dir='ltr'>κύκλων</span> <span class='ocrx_word' id='word_1_609' title='bbox 2264 4372 2323 4425; x_wconf 82' lang='grc' dir='ltr'><strong>οὑ</strong></span> <span class='ocrx_word' id='word_1_610' title='bbox 2354 4371 2544 4442; x_wconf 81' lang='grc' dir='ltr'>πόρῤω</span> <span class='ocrx_word' id='word_1_611' title='bbox 2575 4370 2688 4423; x_wconf 86' lang='grc' dir='ltr'><strong>τῶν</strong></span> <span class='ocrx_word' id='word_1_612' title='bbox 2723 4369 2902 4422; x_wconf 88' lang='grc' dir='ltr'>πόλων</span> <span class='ocrx_word' id='word_1_613' title='bbox 2922 4368 3116 4431; x_wconf 70' lang='grc' dir='ltr'>ὄντων,</span> <span class='ocrx_word' id='word_1_614' title='bbox 3158 4367 3254 4420; x_wconf 73' lang='grc' dir='ltr'>καὶ</span> <span class='ocrx_word' id='word_1_615' title='bbox 3281 4367 3462 4420; x_wconf 84' lang='grc' dir='ltr'>κεῖται</span> <span class='ocrx_word' id='word_1_616' title='bbox 3489 4362 3594 4417; x_wconf 78' lang='grc' dir='ltr'>τοῦ</span> 
     </span>
    </p>
   </div>
   <div class='ocr_carea' id='block_1_89' title="bbox 2011 4453 3593 4533">
    <p class='ocr_par' dir='ltr' id='par_1_89' title="bbox 2011 4453 3593 4533">
     <span class='ocr_line' id='line_1_89' title="bbox 2011 4453 3593 4533; baseline -0.007 -12"><span class='ocrx_word' id='word_1_617' title='bbox 2011 4463 2279 4533; x_wconf 77' lang='grc' dir='ltr'>ζωδιακοῦ</span> <span class='ocrx_word' id='word_1_618' title='bbox 2325 4464 2390 4516; x_wconf 74' lang='grc' dir='ltr'>ἐκ</span> <span class='ocrx_word' id='word_1_619' title='bbox 2445 4453 2693 4530; x_wconf 83' lang='grc' dir='ltr'>πλαγίων</span> <span class='ocrx_word' id='word_1_620' title='bbox 2723 4460 2801 4521; x_wconf 87' lang='grc' dir='ltr'>ὡς</span> <span class='ocrx_word' id='word_1_621' title='bbox 2852 4458 2929 4531; x_wconf 81' lang='grc' dir='ltr'>μὴ</span> <span class='ocrx_word' id='word_1_622' title='bbox 2958 4458 3081 4513; x_wconf 84' lang='grc' dir='ltr'>κατ’</span> <span class='ocrx_word' id='word_1_623' title='bbox 3111 4458 3275 4512; x_wconf 68' lang='grc' dir='ltr'>αὑτὸν</span> <span class='ocrx_word' id='word_1_624' title='bbox 3316 4456 3593 4512; x_wconf 81' lang='grc' dir='ltr'>κινεῖσθαι</span> 
     </span>
    </p>
   </div>
   <div class='ocr_carea' id='block_1_90' title="bbox 315 4547 1915 4637">
    <p class='ocr_par' dir='ltr' id='par_1_90' title="bbox 315 4566 1900 4637">
     <span class='ocr_line' id='line_1_90' title="bbox 315 4566 1900 4637; baseline 0 -16"><span class='ocrx_word' id='word_1_625' title='bbox 315 4571 390 4622; x_wconf 78' lang='lat' dir='ltr'><strong>‘et</strong></span> <span class='ocrx_word' id='word_1_626' title='bbox 424 4566 726 4637; x_wconf 82' lang='lat' dir='ltr'><strong>splendidis</strong></span> <span class='ocrx_word' id='word_1_627' title='bbox 757 4566 928 4623; x_wconf 79' lang='lat' dir='ltr'><strong>stellis</strong></span> <span class='ocrx_word' id='word_1_628' title='bbox 959 4575 1043 4621; x_wconf 90' lang='lat' dir='ltr'><strong>est</strong></span> <span class='ocrx_word' id='word_1_629' title='bbox 1076 4566 1336 4631; x_wconf 80' lang='lat' dir='ltr'><strong>refertus,</strong></span> <span class='ocrx_word' id='word_1_630' title='bbox 1379 4567 1577 4622; x_wconf 88' lang='lat' dir='ltr'><strong>rationi</strong></span> <span class='ocrx_word' id='word_1_631' title='bbox 1608 4575 1900 4623; x_wconf 83' lang='lat' dir='ltr'><strong>consenta-</strong></span> 
     </span>
    </p>
   </div>
   <div class='ocr_carea' id='block_1_91' title="bbox 2031 4547 3594 4637">
    <p class='ocr_par' dir='ltr' id='par_1_91' title="bbox 2031 4547 3594 4626">
     <span class='ocr_line' id='line_1_91' title="bbox 2031 4547 3594 4626; baseline -0.007 -17"><span class='ocrx_word' id='word_1_632' title='bbox 2031 4559 2131 4622; x_wconf 69' lang='lat' dir='ltr'><strong>reb;</strong></span> <span class='ocrx_word' id='word_1_633' title='bbox 2156 4556 2459 4626; x_wconf 74' lang='grc' dir='ltr'>πλάνητας,</span> <span class='ocrx_word' id='word_1_634' title='bbox 2485 4555 2567 4607; x_wconf 83' lang='grc' dir='ltr'>ὃτι</span> <span class='ocrx_word' id='word_1_635' title='bbox 2610 4569 2669 4606; x_wconf 87' lang='grc' dir='ltr'><strong>τε</strong></span> <span class='ocrx_word' id='word_1_636' title='bbox 2705 4551 2918 4621; x_wconf 83' lang='grc' dir='ltr'>πλήρης</span> <span class='ocrx_word' id='word_1_637' title='bbox 2955 4553 2983 4605; x_wconf 89' lang='grc' dir='ltr'><strong>ό</strong></span> <span class='ocrx_word' id='word_1_638' title='bbox 3004 4550 3173 4611; x_wconf 79' lang='grc' dir='ltr'>τόπος</span> <span class='ocrx_word' id='word_1_639' title='bbox 3218 4548 3470 4619; x_wconf 79' lang='grc' dir='ltr'>μεγάλων</span> <span class='ocrx_word' id='word_1_640' title='bbox 3491 4547 3594 4600; x_wconf 78' lang='grc' dir='ltr'><strong>καὶ</strong></span> 
     </span>
    </p>
   </div>
   <div class='ocr_carea' id='block_1_92' title="bbox 332 4658 1901 4725">
    <p class='ocr_par' dir='ltr' id='par_1_92' title="bbox 332 4658 1901 4725">
     <span class='ocr_line' id='line_1_92' title="bbox 332 4658 1901 4725; baseline 0 -14"><span class='ocrx_word' id='word_1_641' title='bbox 332 4673 497 4712; x_wconf 86' lang='lat' dir='ltr'><strong>neum</strong></span> <span class='ocrx_word' id='word_1_642' title='bbox 529 4666 613 4713; x_wconf 77' lang='lat' dir='ltr'><strong>est</strong></span> <span class='ocrx_word' id='word_1_643' title='bbox 645 4658 923 4724; x_wconf 85' lang='lat' dir='ltr'><strong>arbitrari,</strong></span> <span class='ocrx_word' id='word_1_644' title='bbox 959 4675 1083 4714; x_wconf 88' lang='lat' dir='ltr'><strong>cum</strong></span> <span class='ocrx_word' id='word_1_645' title='bbox 1130 4660 1201 4713; x_wconf 88' lang='lat' dir='ltr'><strong>ob</strong></span> <span class='ocrx_word' id='word_1_646' title='bbox 1231 4659 1396 4714; x_wconf 88' lang='lat' dir='ltr'><strong>situm</strong></span> <span class='ocrx_word' id='word_1_647' title='bbox 1419 4698 1436 4725; x_wconf 88' lang='lat'><strong>,</strong></span> <span class='ocrx_word' id='word_1_648' title='bbox 1471 4667 1584 4713; x_wconf 88' lang='lat' dir='ltr'><strong>tum</strong></span> <span class='ocrx_word' id='word_1_649' title='bbox 1618 4658 1687 4712; x_wconf 87' lang='lat' dir='ltr'><strong>ob</strong></span> <span class='ocrx_word' id='word_1_650' title='bbox 1712 4659 1901 4712; x_wconf 81' lang='lat' dir='ltr'><strong>Stella-</strong></span> 
     </span>
    </p>
   </div>
   <div class='ocr_carea' id='block_1_93' title="bbox 330 4745 1902 4820">
    <p class='ocr_par' dir='ltr' id='par_1_93' title="bbox 330 4745 1902 4820">
     <span class='ocr_line' id='line_1_93' title="bbox 330 4745 1902 4820; baseline -0.001 -18"><span class='ocrx_word' id='word_1_651' title='bbox 330 4764 452 4802; x_wconf 89' lang='lat' dir='ltr'><strong>rum</strong></span> <span class='ocrx_word' id='word_1_652' title='bbox 484 4765 605 4818; x_wconf 68' lang='lat' dir='ltr'><strong>quae</strong></span> <span class='ocrx_word' id='word_1_653' title='bbox 632 4751 683 4803; x_wconf 93' lang='lat' dir='ltr'><strong>in</strong></span> <span class='ocrx_word' id='word_1_654' title='bbox 719 4748 839 4819; x_wconf 91' lang='lat' dir='ltr'><strong>ipso</strong></span> <span class='ocrx_word' id='word_1_655' title='bbox 870 4756 1001 4804; x_wconf 89' lang='lat' dir='ltr'><strong>sunt</strong></span> <span class='ocrx_word' id='word_1_656' title='bbox 1035 4748 1444 4804; x_wconf 87' lang='lat' dir='ltr'><strong>multitudinem</strong></span> <span class='ocrx_word' id='word_1_657' title='bbox 1481 4756 1535 4803; x_wconf 88' lang='lat' dir='ltr'><strong>et</strong></span> <span class='ocrx_word' id='word_1_658' title='bbox 1570 4745 1902 4820; x_wconf 84' lang='lat' dir='ltr'><strong>magnitudi-</strong></span> 
     </span>
    </p>
   </div>
   <div class='ocr_carea' id='block_1_94' title="bbox 334 4841 1899 4912">
    <p class='ocr_par' dir='ltr' id='par_1_94' title="bbox 334 4841 1899 4912">
     <span class='ocr_line' id='line_1_94' title="bbox 334 4841 1899 4912; baseline 0 -19"><span class='ocrx_word' id='word_1_659' title='bbox 334 4856 481 4905; x_wconf 85' lang='lat' dir='ltr'><strong>nem,</strong></span> <span class='ocrx_word' id='word_1_660' title='bbox 529 4855 651 4895; x_wconf 76' lang='lat' dir='ltr'><strong>eam</strong></span> <span class='ocrx_word' id='word_1_661' title='bbox 695 4841 1098 4912; x_wconf 78' lang='lat' dir='ltr'><strong>exltalationem</strong></span> <span class='ocrx_word' id='word_1_662' title='bbox 1130 4858 1253 4912; x_wconf 63' lang='lat' dir='ltr'><strong>quae</strong></span> <span class='ocrx_word' id='word_1_663' title='bbox 1283 4852 1647 4911; x_wconf 77' lang='lat' dir='ltr'><strong>congregatur</strong></span> <span class='ocrx_word' id='word_1_664' title='bbox 1676 4850 1728 4895; x_wconf 90' lang='lat' dir='ltr'><strong>et</strong></span> <span class='ocrx_word' id='word_1_665' title='bbox 1764 4856 1899 4896; x_wconf 86' lang='lat' dir='ltr'><strong>con-</strong></span> 
     </span>
    </p>
   </div>
   <div class='ocr_carea' id='block_1_95' title="bbox 330 4908 1629 5001">
    <p class='ocr_par' dir='ltr' id='par_1_95' title="bbox 330 4908 1629 5001">
     <span class='ocr_line' id='line_1_95' title="bbox 330 4908 1629 5001; baseline 0.004 -20"><span class='ocrx_word' id='word_1_666' title='bbox 330 4927 606 4987; x_wconf 85' lang='lat' dir='ltr'><strong>crescitet</strong></span> <span class='ocrx_word' id='word_1_667' title='bbox 633 4908 1026 4997; x_wconf 76' lang='lat' dir='ltr'><strong>inﬂammatur,</strong></span> <span class='ocrx_word' id='word_1_668' title='bbox 1059 4908 1219 4986; x_wconf 30' lang='lat' dir='ltr'><strong>lac&#39;in</strong></span> <span class='ocrx_word' id='word_1_669' title='bbox 1251 4932 1373 5001; x_wconf 90' lang='lat' dir='ltr'><strong>ipso</strong></span> <span class='ocrx_word' id='word_1_670' title='bbox 1392 4908 1629 4986; x_wconf 61' lang='lat' dir='ltr'><strong>edicere.</strong></span> 
     </span>
    </p>
   </div>
   <div class='ocr_carea' id='block_1_96' title="bbox 403 5106 1903 5180">
    <p class='ocr_par' dir='ltr' id='par_1_96' title="bbox 403 5106 1903 5180">
     <span class='ocr_line' id='line_1_96' title="bbox 403 5106 1903 5180; baseline 0 -16"><span class='ocrx_word' id='word_1_671' title='bbox 403 5106 490 5164; x_wconf 79' lang='grc'><strong>16.</strong></span> <span class='ocrx_word' id='word_1_672' title='bbox 526 5106 699 5179; x_wconf 79' lang='lat' dir='ltr'><strong>Hujus</strong></span> <span class='ocrx_word' id='word_1_673' title='bbox 745 5120 926 5165; x_wconf 89' lang='lat' dir='ltr'><strong>autem</strong></span> <span class='ocrx_word' id='word_1_674' title='bbox 973 5110 1049 5165; x_wconf 90' lang='lat' dir='ltr'><strong>rei</strong></span> <span class='ocrx_word' id='word_1_675' title='bbox 1083 5109 1213 5164; x_wconf 89' lang='lat' dir='ltr'><strong>illud</strong></span> <span class='ocrx_word' id='word_1_676' title='bbox 1262 5109 1477 5180; x_wconf 84' lang='lat' dir='ltr'><strong>signum</strong></span> <span class='ocrx_word' id='word_1_677' title='bbox 1523 5120 1623 5174; x_wconf 89' lang='lat' dir='ltr'><strong>est,</strong></span> <span class='ocrx_word' id='word_1_678' title='bbox 1657 5110 1798 5180; x_wconf 86' lang='lat' dir='ltr'><strong>quod</strong></span> <span class='ocrx_word' id='word_1_679' title='bbox 1852 5121 1903 5165; x_wconf 79' lang='lat' dir='ltr'><strong>et</strong></span> 
     </span>
    </p>
   </div>
   <div class='ocr_carea' id='block_1_97' title="bbox 329 5189 1903 5272">
    <p class='ocr_par' dir='ltr' id='par_1_97' title="bbox 329 5189 1903 5272">
     <span class='ocr_line' id='line_1_97' title="bbox 329 5189 1903 5272; baseline 0.003 -17"><span class='ocrx_word' id='word_1_680' title='bbox 329 5200 500 5271; x_wconf 88' lang='lat' dir='ltr'><strong>ipsius</strong></span> <span class='ocrx_word' id='word_1_681' title='bbox 532 5189 720 5259; x_wconf 88' lang='lat' dir='ltr'><strong>circuli</strong></span> <span class='ocrx_word' id='word_1_682' title='bbox 755 5205 1036 5259; x_wconf 91' lang='lat' dir='ltr'><strong>concretio</strong></span> <span class='ocrx_word' id='word_1_683' title='bbox 1070 5204 1302 5272; x_wconf 87' lang='lat' dir='ltr'><strong>amplior</strong></span> <span class='ocrx_word' id='word_1_684' title='bbox 1336 5214 1439 5265; x_wconf 85' lang='lat' dir='ltr'><strong>est.</strong></span> <span class='ocrx_word' id='word_1_685' title='bbox 1488 5215 1542 5259; x_wconf 84' lang='lat' dir='ltr'><strong>et</strong></span> <span class='ocrx_word' id='word_1_686' title='bbox 1576 5205 1756 5259; x_wconf 89' lang='lat' dir='ltr'><strong>lumen</strong></span> <span class='ocrx_word' id='word_1_687' title='bbox 1806 5220 1903 5259; x_wconf 90' lang='lat' dir='ltr'><strong>co-</strong></span> 
     </span>
    </p>
   </div>
   <div class='ocr_carea' id='block_1_98' title="bbox 328 5295 1897 5367">
    <p class='ocr_par' dir='ltr' id='par_1_98' title="bbox 328 5295 1897 5367">
     <span class='ocr_line' id='line_1_98' title="bbox 328 5295 1897 5367; baseline 0.001 -18"><span class='ocrx_word' id='word_1_688' title='bbox 328 5296 538 5364; x_wconf 87' lang='lat' dir='ltr'><strong>piosius</strong></span> <span class='ocrx_word' id='word_1_689' title='bbox 593 5296 647 5349; x_wconf 90' lang='lat' dir='ltr'><strong>in</strong></span> <span class='ocrx_word' id='word_1_690' title='bbox 699 5296 873 5351; x_wconf 90' lang='lat' dir='ltr'><strong>altero</strong></span> <span class='ocrx_word' id='word_1_691' title='bbox 923 5295 1297 5361; x_wconf 85' lang='lat' dir='ltr'><strong>semicirculo,</strong></span> <span class='ocrx_word' id='word_1_692' title='bbox 1342 5311 1450 5365; x_wconf 89' lang='lat' dir='ltr'><strong>qua</strong></span> <span class='ocrx_word' id='word_1_693' title='bbox 1484 5305 1639 5366; x_wconf 85' lang='lat' dir='ltr'><strong>parte</strong></span> <span class='ocrx_word' id='word_1_694' title='bbox 1676 5296 1897 5367; x_wconf 90' lang='lat' dir='ltr'><strong>duplam</strong></span> 
     </span>
    </p>
   </div>
   <div class='ocr_carea' id='block_1_99' title="bbox 328 5386 1894 5460">
    <p class='ocr_par' dir='ltr' id='par_1_99' title="bbox 328 5386 1894 5460">
     <span class='ocr_line' id='line_1_99' title="bbox 328 5386 1894 5460; baseline 0.001 -20"><span class='ocrx_word' id='word_1_695' title='bbox 328 5386 757 5455; x_wconf 80' lang='lat' dir='ltr'><strong>magnitudinem</strong></span> <span class='ocrx_word' id='word_1_696' title='bbox 789 5387 989 5441; x_wconf 87' lang='lat' dir='ltr'><strong>habere</strong></span> <span class='ocrx_word' id='word_1_697' title='bbox 1021 5389 1231 5442; x_wconf 87' lang='lat' dir='ltr'><strong>lacteus</strong></span> <span class='ocrx_word' id='word_1_698' title='bbox 1263 5389 1508 5444; x_wconf 87' lang='lat' dir='ltr'><strong>circulus</strong></span> <span class='ocrx_word' id='word_1_699' title='bbox 1534 5389 1894 5460; x_wconf 81' lang='lat' dir='ltr'><strong>conspicitur,</strong></span> 
     </span>
    </p>
   </div>
   <div class='ocr_carea' id='block_1_100' title="bbox 329 5479 1455 5546">
    <p class='ocr_par' dir='ltr' id='par_1_100' title="bbox 329 5479 1455 5546">
     <span class='ocr_line' id='line_1_100' title="bbox 329 5479 1455 5546; baseline 0.004 -13"><span class='ocrx_word' id='word_1_700' title='bbox 329 5479 420 5533; x_wconf 84' lang='lat' dir='ltr'><strong>ubi</strong></span> <span class='ocrx_word' id='word_1_701' title='bbox 449 5480 685 5546; x_wconf 88' lang='lat' dir='ltr'><strong>majores</strong></span> <span class='ocrx_word' id='word_1_702' title='bbox 714 5487 767 5532; x_wconf 89' lang='lat' dir='ltr'><strong>et</strong></span> <span class='ocrx_word' id='word_1_703' title='bbox 791 5479 1076 5535; x_wconf 86' lang='lat' dir='ltr'><strong>densiores</strong></span> <span class='ocrx_word' id='word_1_704' title='bbox 1107 5481 1277 5535; x_wconf 69' lang='lat' dir='ltr'><strong>stellae</strong></span> <span class='ocrx_word' id='word_1_705' title='bbox 1308 5490 1455 5537; x_wconf 87' lang='lat' dir='ltr'><strong>sunt.</strong></span> 
     </span>
    </p>
   </div>
   <div class='ocr_carea' id='block_1_101' title="bbox 397 5571 1894 5645">
    <p class='ocr_par' dir='ltr' id='par_1_101' title="bbox 397 5571 1894 5645">
     <span class='ocr_line' id='line_1_101' title="bbox 397 5571 1894 5645; baseline 0.003 -20"><span class='ocrx_word' id='word_1_706' title='bbox 397 5571 488 5626; x_wconf 74' lang='grc'><strong>17.</strong></span> <span class='ocrx_word' id='word_1_707' title='bbox 528 5572 584 5625; x_wconf 89' lang='lat' dir='ltr'><strong>Si</strong></span> <span class='ocrx_word' id='word_1_708' title='bbox 616 5572 784 5641; x_wconf 72' lang='lat' dir='ltr'><strong>igitur</strong></span> <span class='ocrx_word' id='word_1_709' title='bbox 831 5572 936 5627; x_wconf 82' lang='lat' dir='ltr'><strong>hoc</strong></span> <span class='ocrx_word' id='word_1_710' title='bbox 985 5574 1036 5625; x_wconf 91' lang='lat' dir='ltr'><strong>in</strong></span> <span class='ocrx_word' id='word_1_711' title='bbox 1090 5573 1299 5628; x_wconf 85' lang='lat' dir='ltr'><strong>circulo</strong></span> <span class='ocrx_word' id='word_1_712' title='bbox 1349 5574 1530 5630; x_wconf 89' lang='lat' dir='ltr'><strong>lumen</strong></span> <span class='ocrx_word' id='word_1_713' title='bbox 1564 5583 1808 5645; x_wconf 81' lang='lat' dir='ltr'><strong>apparet,</strong></span> <span class='ocrx_word' id='word_1_714' title='bbox 1842 5575 1894 5629; x_wconf 88' lang='lat' dir='ltr'><strong>in</strong></span> 
     </span>
    </p>
   </div>
   <div class='ocr_carea' id='block_1_102' title="bbox 327 5663 1897 5746">
    <p class='ocr_par' dir='ltr' id='par_1_102' title="bbox 327 5663 1897 5746">
     <span class='ocr_line' id='line_1_102' title="bbox 327 5663 1897 5746; baseline 0.004 -29"><span class='ocrx_word' id='word_1_715' title='bbox 327 5678 439 5733; x_wconf 88' lang='lat' dir='ltr'><strong>quo</strong></span> <span class='ocrx_word' id='word_1_716' title='bbox 476 5663 659 5719; x_wconf 69' lang='lat' dir='ltr'><strong>multa:</strong></span> <span class='ocrx_word' id='word_1_717' title='bbox 686 5673 740 5717; x_wconf 88' lang='lat' dir='ltr'><strong>et</strong></span> <span class='ocrx_word' id='word_1_718' title='bbox 782 5679 991 5735; x_wconf 65' lang='lat' dir='ltr'><strong>magna:</strong></span> <span class='ocrx_word' id='word_1_719' title='bbox 1022 5668 1192 5721; x_wconf 78' lang='lat' dir='ltr'><strong>stellae</strong></span> <span class='ocrx_word' id='word_1_720' title='bbox 1224 5675 1374 5731; x_wconf 87' lang='lat' dir='ltr'><strong>sunt,</strong></span> <span class='ocrx_word' id='word_1_721' title='bbox 1405 5676 1461 5723; x_wconf 88' lang='lat' dir='ltr'><strong>et</strong></span> <span class='ocrx_word' id='word_1_722' title='bbox 1506 5683 1697 5725; x_wconf 88' lang='lat' dir='ltr'><strong>rursus</strong></span> <span class='ocrx_word' id='word_1_723' title='bbox 1723 5663 1897 5746; x_wconf 79' lang='lat' dir='ltr'><strong>ipsius</strong></span> 
     </span>
    </p>
   </div>
   <div class='ocr_carea' id='block_1_103' title="bbox 395 5841 1461 5910">
    <p class='ocr_par' dir='ltr' id='par_1_103' title="bbox 395 5841 1461 5910">
     <span class='ocr_line' id='line_1_103' title="bbox 395 5841 1461 5910; baseline 0.007 -18"><span class='ocrx_word' id='word_1_724' title='bbox 395 5842 441 5873; x_wconf 81' lang='lat'><strong>”</strong></span> <span class='ocrx_word' id='word_1_725' title='bbox 478 5841 498 5893; x_wconf 81' lang='grc' dir='ltr'><strong>ί</strong></span> <span class='ocrx_word' id='word_1_726' title='bbox 536 5841 757 5899; x_wconf 78' lang='lat' dir='ltr'><strong>.lleteor.</strong></span> <span class='ocrx_word' id='word_1_727' title='bbox 796 5859 845 5897; x_wconf 76' lang='grc' dir='ltr'>ε.</span> <span class='ocrx_word' id='word_1_728' title='bbox 873 5845 925 5910; x_wconf 84' lang='lat'><strong>7,</strong></span> <span class='ocrx_word' id='word_1_729' title='bbox 967 5845 1021 5901; x_wconf 92' lang='lat'><strong>8.</strong></span> <span class='ocrx_word' id='word_1_730' title='bbox 1099 5845 1140 5878; x_wconf 84' lang='grc'>⁷⁰</span> <span class='ocrx_word' id='word_1_731' title='bbox 1166 5844 1301 5900; x_wconf 75' lang='lat' dir='ltr'><strong>Ibid.</strong></span> <span class='ocrx_word' id='word_1_732' title='bbox 1338 5860 1386 5901; x_wconf 86' lang='lat' dir='ltr'><strong>c.</strong></span> <span class='ocrx_word' id='word_1_733' title='bbox 1409 5847 1461 5902; x_wconf 91' lang='lat'><strong>8.</strong></span> 
     </span>
    </p>
   </div>
   <div class='ocr_carea' id='block_1_104' title="bbox 2010 4637 3592 4717">
    <p class='ocr_par' dir='ltr' id='par_1_104' title="bbox 2010 4637 3592 4717">
     <span class='ocr_line' id='line_1_104' title="bbox 2010 4637 3592 4717; baseline -0.009 -14"><span class='ocrx_word' id='word_1_734' title='bbox 2010 4648 2283 4717; x_wconf 90' lang='grc' dir='ltr'>λαμπρῶν</span> <span class='ocrx_word' id='word_1_735' title='bbox 2338 4645 2602 4716; x_wconf 81' lang='grc' dir='ltr'>ἀστέρων,</span> <span class='ocrx_word' id='word_1_736' title='bbox 2645 4643 2869 4712; x_wconf 77' lang='grc' dir='ltr'>εὑλογον</span> <span class='ocrx_word' id='word_1_737' title='bbox 2917 4638 3360 4710; x_wconf 75' lang='grc' dir='ltr'>ὑπολαμϐάνεται</span> <span class='ocrx_word' id='word_1_738' title='bbox 3413 4637 3502 4691; x_wconf 84' lang='grc' dir='ltr'><strong>διά</strong></span> <span class='ocrx_word' id='word_1_739' title='bbox 3528 4654 3592 4689; x_wconf 88' lang='grc' dir='ltr'><strong>τε</strong></span> 
     </span>
    </p>
   </div>
   <div class='ocr_carea' id='block_1_105' title="bbox 2011 4731 3592 4813">
    <p class='ocr_par' dir='ltr' id='par_1_105' title="bbox 2011 4731 3592 4813">
     <span class='ocr_line' id='line_1_105' title="bbox 2011 4731 3592 4813; baseline -0.006 -17"><span class='ocrx_word' id='word_1_740' title='bbox 2011 4741 2111 4813; x_wconf 77' lang='grc' dir='ltr'><strong>τὴν</strong></span> <span class='ocrx_word' id='word_1_741' title='bbox 2134 4741 2284 4794; x_wconf 77' lang='grc' dir='ltr'>θέσιν</span> <span class='ocrx_word' id='word_1_742' title='bbox 2312 4738 2407 4792; x_wconf 82' lang='grc' dir='ltr'>καὶ</span> <span class='ocrx_word' id='word_1_743' title='bbox 2436 4739 2496 4790; x_wconf 85' lang='grc' dir='ltr'><strong>τὸ</strong></span> <span class='ocrx_word' id='word_1_744' title='bbox 2525 4735 2633 4791; x_wconf 87' lang='grc' dir='ltr'><strong>τῶν</strong></span> <span class='ocrx_word' id='word_1_745' title='bbox 2662 4735 2784 4789; x_wconf 83' lang='grc' dir='ltr'>κατ’</span> <span class='ocrx_word' id='word_1_746' title='bbox 2814 4735 2974 4788; x_wconf 82' lang='grc' dir='ltr'>αὑτὸν</span> <span class='ocrx_word' id='word_1_747' title='bbox 2995 4734 3236 4802; x_wconf 85' lang='grc' dir='ltr'>ἀστέρων</span> <span class='ocrx_word' id='word_1_748' title='bbox 3262 4731 3465 4800; x_wconf 80' lang='grc' dir='ltr'>πλῆθος</span> <span class='ocrx_word' id='word_1_749' title='bbox 3491 4732 3592 4787; x_wconf 75' lang='grc' dir='ltr'>καὶ</span> 
     </span>
    </p>
   </div>
   <div class='ocr_carea' id='block_1_106' title="bbox 2015 4827 3585 4903">
    <p class='ocr_par' dir='ltr' id='par_1_106' title="bbox 2015 4827 3585 4903">
     <span class='ocr_line' id='line_1_106' title="bbox 2015 4827 3585 4903; baseline -0.004 -18"><span class='ocrx_word' id='word_1_750' title='bbox 2015 4832 2244 4903; x_wconf 87' lang='grc' dir='ltr'>μέγεθος</span> <span class='ocrx_word' id='word_1_751' title='bbox 2298 4828 2697 4900; x_wconf 74' lang='grc' dir='ltr'>ἀθροιζομένην</span> <span class='ocrx_word' id='word_1_752' title='bbox 2747 4827 2845 4897; x_wconf 81' lang='grc' dir='ltr'><strong>τὴν</strong></span> <span class='ocrx_word' id='word_1_753' title='bbox 2895 4828 3261 4896; x_wconf 82' lang='grc' dir='ltr'>ἀναθυμίασιν</span> <span class='ocrx_word' id='word_1_754' title='bbox 3304 4828 3399 4879; x_wconf 74' lang='grc' dir='ltr'>καὶ</span> <span class='ocrx_word' id='word_1_755' title='bbox 3431 4842 3585 4878; x_wconf 79' lang='grc' dir='ltr'>συνι-</span> 
     </span>
    </p>
   </div>
   <div class='ocr_carea' id='block_1_107' title="bbox 2013 4919 3586 4998">
    <p class='ocr_par' dir='ltr' id='par_1_107' title="bbox 2013 4919 3586 4998">
     <span class='ocr_line' id='line_1_107' title="bbox 2013 4919 3586 4998; baseline -0.006 -17"><span class='ocrx_word' id='word_1_756' title='bbox 2013 4927 2291 4998; x_wconf 87' lang='grc' dir='ltr'>σταμένην</span> <span class='ocrx_word' id='word_1_757' title='bbox 2347 4924 2442 4977; x_wconf 78' lang='grc' dir='ltr'>καὶ</span> <span class='ocrx_word' id='word_1_758' title='bbox 2508 4921 2883 4992; x_wconf 79' lang='grc' dir='ltr'>ὲξαπτομένην</span> <span class='ocrx_word' id='word_1_759' title='bbox 2940 4923 3116 4976; x_wconf 84' lang='grc' dir='ltr'>ποιεῖν</span> <span class='ocrx_word' id='word_1_760' title='bbox 3173 4923 3233 4973; x_wconf 73' lang='grc' dir='ltr'><strong>ιν</strong></span> <span class='ocrx_word' id='word_1_761' title='bbox 3295 4919 3468 4991; x_wconf 83' lang='grc' dir='ltr'>τούτῳ</span> <span class='ocrx_word' id='word_1_762' title='bbox 3524 4920 3586 4973; x_wconf 75' lang='grc' dir='ltr'>τὸ</span> 
     </span>
    </p>
   </div>
   <div class='ocr_carea' id='block_1_108' title="bbox 2007 5019 2172 5087">
    <p class='ocr_par' dir='ltr' id='par_1_108' title="bbox 2007 5019 2172 5087">
     <span class='ocr_line' id='line_1_108' title="bbox 2007 5019 2172 5087; baseline 0.006 -15"><span class='ocrx_word' id='word_1_763' title='bbox 2007 5019 2172 5087; x_wconf 82' lang='grc' dir='ltr'>γάλα.</span> 
     </span>
    </p>
   </div>
   <div class='ocr_carea' id='block_1_109' title="bbox 2084 5109 3583 5186">
    <p class='ocr_par' dir='ltr' id='par_1_109' title="bbox 2084 5109 3583 5186">
     <span class='ocr_line' id='line_1_109' title="bbox 2084 5109 3583 5186; baseline -0.003 -20"><span class='ocrx_word' id='word_1_764' title='bbox 2084 5119 2183 5179; x_wconf 74' lang='grc' dir='ltr'>ις’.</span> <span class='ocrx_word' id='word_1_765' title='bbox 2218 5113 2422 5166; x_wconf 86' lang='grc' dir='ltr'>Τούτου</span> <span class='ocrx_word' id='word_1_766' title='bbox 2457 5112 2504 5166; x_wconf 81' lang='grc' dir='ltr'>δ’</span> <span class='ocrx_word' id='word_1_767' title='bbox 2535 5113 2602 5166; x_wconf 87' lang='grc' dir='ltr'>ἂν</span> <span class='ocrx_word' id='word_1_768' title='bbox 2647 5114 2732 5186; x_wconf 71' lang='grc' dir='ltr'>εἴη</span> <span class='ocrx_word' id='word_1_769' title='bbox 2775 5114 2998 5184; x_wconf 76' lang='grc' dir='ltr'>σημεῖον</span> <span class='ocrx_word' id='word_1_770' title='bbox 3046 5111 3106 5164; x_wconf 75' lang='grc' dir='ltr'>τὸ</span> <span class='ocrx_word' id='word_1_771' title='bbox 3139 5111 3232 5165; x_wconf 71' lang='grc' dir='ltr'><strong>καὶ</strong></span> <span class='ocrx_word' id='word_1_772' title='bbox 3283 5109 3447 5164; x_wconf 81' lang='grc' dir='ltr'>αὑτοῦ</span> <span class='ocrx_word' id='word_1_773' title='bbox 3486 5109 3583 5164; x_wconf 75' lang='grc' dir='ltr'>τοῦ</span> 
     </span>
    </p>
   </div>
   <div class='ocr_carea' id='block_1_110' title="bbox 2010 5200 3587 5274">
    <p class='ocr_par' dir='ltr' id='par_1_110' title="bbox 2010 5200 3587 5274">
     <span class='ocr_line' id='line_1_110' title="bbox 2010 5200 3587 5274; baseline -0.004 -12"><span class='ocrx_word' id='word_1_774' title='bbox 2010 5208 2212 5261; x_wconf 83' lang='grc' dir='ltr'>κύκλου</span> <span class='ocrx_word' id='word_1_775' title='bbox 2241 5208 2340 5274; x_wconf 73' lang='grc' dir='ltr'>τὴν</span> <span class='ocrx_word' id='word_1_776' title='bbox 2379 5206 2639 5258; x_wconf 89' lang='grc' dir='ltr'>σύστασιν</span> <span class='ocrx_word' id='word_1_777' title='bbox 2674 5204 2845 5256; x_wconf 86' lang='grc' dir='ltr'>πλείω</span> <span class='ocrx_word' id='word_1_778' title='bbox 2875 5200 3014 5256; x_wconf 78' lang='grc' dir='ltr'>εἶναι</span> <span class='ocrx_word' id='word_1_779' title='bbox 3051 5204 3143 5256; x_wconf 78' lang='grc' dir='ltr'>καὶ</span> <span class='ocrx_word' id='word_1_780' title='bbox 3172 5202 3356 5254; x_wconf 84' lang='grc' dir='ltr'>πλεῖον</span> <span class='ocrx_word' id='word_1_781' title='bbox 3382 5202 3444 5254; x_wconf 81' lang='grc' dir='ltr'>τὸ</span> <span class='ocrx_word' id='word_1_782' title='bbox 3463 5203 3587 5268; x_wconf 77' lang='grc' dir='ltr'>φῶς</span> 
     </span>
    </p>
   </div>
   <div class='ocr_carea' id='block_1_111' title="bbox 2007 5292 3583 5367">
    <p class='ocr_par' dir='ltr' id='par_1_111' title="bbox 2007 5292 3583 5367">
     <span class='ocr_line' id='line_1_111' title="bbox 2007 5292 3583 5367; baseline -0.005 -15"><span class='ocrx_word' id='word_1_783' title='bbox 2007 5299 2070 5352; x_wconf 71' lang='grc' dir='ltr'>ἐν</span> <span class='ocrx_word' id='word_1_784' title='bbox 2100 5298 2177 5367; x_wconf 82' lang='grc' dir='ltr'><strong>τῷ</strong></span> <span class='ocrx_word' id='word_1_785' title='bbox 2211 5299 2384 5366; x_wconf 78' lang='grc' dir='ltr'>ἑτέρῳ</span> <span class='ocrx_word' id='word_1_786' title='bbox 2418 5295 2728 5366; x_wconf 73' lang='grc' dir='ltr'>ἡμικυκλίῳ</span> <span class='ocrx_word' id='word_1_787' title='bbox 2765 5294 2886 5348; x_wconf 83' lang='grc' dir='ltr'>καθ’</span> <span class='ocrx_word' id='word_1_788' title='bbox 2911 5295 2938 5347; x_wconf 79' lang='grc' dir='ltr'><strong>ὅ</strong></span> <span class='ocrx_word' id='word_1_789' title='bbox 2967 5293 3191 5361; x_wconf 82' lang='grc' dir='ltr'>διπλόην</span> <span class='ocrx_word' id='word_1_790' title='bbox 3217 5292 3339 5347; x_wconf 72' lang='grc' dir='ltr'>τινὰ</span> <span class='ocrx_word' id='word_1_791' title='bbox 3372 5292 3515 5361; x_wconf 78' lang='grc' dir='ltr'>ἔχων</span> <span class='ocrx_word' id='word_1_792' title='bbox 3552 5293 3583 5344; x_wconf 85' lang='lat'><strong>6</strong></span> 
     </span>
    </p>
   </div>
   <div class='ocr_carea' id='block_1_112' title="bbox 2008 5366 3585 5458">
    <p class='ocr_par' dir='ltr' id='par_1_112' title="bbox 2008 5366 3585 5458">
     <span class='ocr_line' id='line_1_112' title="bbox 2008 5366 3585 5458; baseline -0.004 -17"><span class='ocrx_word' id='word_1_793' title='bbox 2008 5366 2269 5457; x_wconf 69' lang='grc' dir='ltr'>γαλαξίας</span> <span class='ocrx_word' id='word_1_794' title='bbox 2297 5388 2511 5458; x_wconf 78' lang='grc' dir='ltr'>ὁρᾶται,</span> <span class='ocrx_word' id='word_1_795' title='bbox 2545 5387 2602 5439; x_wconf 83' lang='grc' dir='ltr'>ὲν</span> <span class='ocrx_word' id='word_1_796' title='bbox 2622 5379 2665 5453; x_wconf 82' lang='grc' dir='ltr'><strong>ᾧ</strong></span> <span class='ocrx_word' id='word_1_797' title='bbox 2703 5384 2919 5454; x_wconf 78' lang='grc' dir='ltr'>μείζους</span> <span class='ocrx_word' id='word_1_798' title='bbox 2951 5386 3042 5437; x_wconf 73' lang='grc' dir='ltr'><strong>καὶ</strong></span> <span class='ocrx_word' id='word_1_799' title='bbox 3072 5384 3395 5452; x_wconf 83' lang='grc' dir='ltr'>πυκνότεροι</span> <span class='ocrx_word' id='word_1_800' title='bbox 3420 5382 3585 5435; x_wconf 68' lang='lat' dir='ltr'><strong>amt-</strong></span> 
     </span>
    </p>
   </div>
   <div class='ocr_carea' id='block_1_113' title="bbox 2011 5484 2291 5555">
    <p class='ocr_par' dir='ltr' id='par_1_113' title="bbox 2011 5484 2291 5555">
     <span class='ocr_line' id='line_1_113' title="bbox 2011 5484 2291 5555; baseline -0.004 -19"><span class='ocrx_word' id='word_1_801' title='bbox 2011 5500 2104 5555; x_wconf 86' lang='grc' dir='ltr'><strong>ρες</strong></span> <span class='ocrx_word' id='word_1_802' title='bbox 2132 5484 2291 5536; x_wconf 80' lang='grc' dir='ltr'>είσίν.</span> 
     </span>
    </p>
   </div>
   <div class='ocr_carea' id='block_1_114' title="bbox 2063 5564 3583 5646">
    <p class='ocr_par' dir='ltr' id='par_1_114' title="bbox 2063 5564 3583 5646">
     <span class='ocr_line' id='line_1_114' title="bbox 2063 5564 3583 5646; baseline -0.008 -17"><span class='ocrx_word' id='word_1_803' title='bbox 2063 5577 2170 5646; x_wconf 80' lang='grc' dir='ltr'><strong>ιζ’.</strong></span> <span class='ocrx_word' id='word_1_804' title='bbox 2202 5576 2266 5629; x_wconf 80' lang='lat' dir='ltr'><strong>Ei</strong></span> <span class='ocrx_word' id='word_1_805' title='bbox 2294 5564 2562 5629; x_wconf 68' lang='grc' dir='ltr'>τοίνυνὲν</span> <span class='ocrx_word' id='word_1_806' title='bbox 2588 5574 2663 5644; x_wconf 84' lang='grc' dir='ltr'>τῷ</span> <span class='ocrx_word' id='word_1_807' title='bbox 2682 5572 2867 5643; x_wconf 80' lang='grc' dir='ltr'>κύκλῳ</span> <span class='ocrx_word' id='word_1_808' title='bbox 2898 5574 3071 5643; x_wconf 85' lang='grc' dir='ltr'>τούτῳ</span> <span class='ocrx_word' id='word_1_809' title='bbox 3095 5569 3345 5638; x_wconf 73' lang='grc' dir='ltr'>φαίνεται</span> <span class='ocrx_word' id='word_1_810' title='bbox 3376 5565 3437 5619; x_wconf 82' lang='grc' dir='ltr'><strong>τό</strong></span> <span class='ocrx_word' id='word_1_811' title='bbox 3462 5565 3583 5632; x_wconf 70' lang='grc' dir='ltr'>φῶς</span> 
     </span>
    </p>
   </div>
   <div class='ocr_carea' id='block_1_115' title="bbox 2006 5655 3583 5739">
    <p class='ocr_par' dir='ltr' id='par_1_115' title="bbox 2006 5655 3583 5739">
     <span class='ocr_line' id='line_1_115' title="bbox 2006 5655 3583 5739; baseline -0.008 -16"><span class='ocrx_word' id='word_1_812' title='bbox 2006 5670 2065 5723; x_wconf 69' lang='grc' dir='ltr'><strong>έν</strong></span> <span class='ocrx_word' id='word_1_813' title='bbox 2100 5661 2144 5739; x_wconf 83' lang='grc' dir='ltr'><strong>ᾧ</strong></span> <span class='ocrx_word' id='word_1_814' title='bbox 2177 5666 2360 5722; x_wconf 72' lang='grc' dir='ltr'>πολλοὶ</span> <span class='ocrx_word' id='word_1_815' title='bbox 2403 5667 2497 5722; x_wconf 76' lang='grc' dir='ltr'>καὶ</span> <span class='ocrx_word' id='word_1_816' title='bbox 2532 5666 2757 5738; x_wconf 85' lang='grc' dir='ltr'>μεγάλοι</span> <span class='ocrx_word' id='word_1_817' title='bbox 2777 5665 3024 5734; x_wconf 80' lang='grc' dir='ltr'>ἀστέρες,</span> <span class='ocrx_word' id='word_1_818' title='bbox 3062 5664 3155 5717; x_wconf 78' lang='grc' dir='ltr'>καὶ</span> <span class='ocrx_word' id='word_1_819' title='bbox 3183 5660 3348 5714; x_wconf 86' lang='grc' dir='ltr'><strong>αὑτοῦ</strong></span> <span class='ocrx_word' id='word_1_820' title='bbox 3385 5658 3443 5713; x_wconf 76' lang='grc' dir='ltr'>δι</span> <span class='ocrx_word' id='word_1_821' title='bbox 3483 5655 3583 5712; x_wconf 74' lang='grc' dir='ltr'>τοῦ</span> 
     </span>
    </p>
   </div>
  </div>
