3832 6360
363 389 498 454 1143

1568 387 1994 452 NICEPHORI
2033 391 2458 459 BLEMMIDIE

3458 389 3587 455 ιιιι

359 502 499 556 infra
523 499 846 555 remanserit
867 506 920 554 et
945 499 1296 570 refrigeratus
1319 497 1502 562 fuerit,
1529 513 1618 554 ros
1641 509 1695 555 et
1719 499 1913 568 pruina

2046 507 2115 558 [αἱ
2147 508 2435 578 ψυχθεῖσα,
2470 510 2682 578 γίνεται
2721 509 2909 581 δρόσος
2943 511 3036 564 καὶ
3065 509 3266 581 πάχνη,
3291 509 3464 564 Ὅταν
3492 508 3590 581 μὲν

359 602 669 662 generatur.
711 590 944 657 Quando
973 591 1117 647 enim
1169 605 1198 646 a
1252 599 1393 644 terra
1425 589 1482 644 fit
1536 590 1820 656 remotior,
1867 599 1924 644 ut

358 690 641 753 separetur
678 697 800 750 quae
839 682 1017 750 ipsum
1043 681 1227 735 evexit
1271 681 1443 735 calida
1491 689 1544 734 et
1588 681 1801 736 fumosa
1838 697 1926 734 ex-

359 775 585 838 halatio,
625 776 827 844 quique
867 773 994 828 huic
1028 773 1178 827 adest
1211 773 1394 838 calor;
1431 773 1557 827 dum
1583 772 1670 826 illa
1706 774 1922 842 quidem

269 941 274 946 .
359 866 672 921 excernitur
698 875 752 920 et
778 866 1104 922 subvehitur
1126 865 1193 919 ad
1223 865 1491 931 fomitem,
1525 865 1614 920 hic
1637 875 1818 920 autem
1853 866 1924 919 ob

360 959 463 1014 loci
499 958 849 1030 frigiditatem
882 958 1288 1027 exstinguitur;
1326 967 1458 1013 tunc
1494 975 1663 1028 vapor
1707 967 1926 1012 contra-

361 1056 450 1104 cto
491 1049 693 1117 frigore
737 1065 767 1104 a
807 1049 1086 1106 caliditate
1137 1050 1389 1106 desertus
1431 1051 1733 1116 densatur,
1771 1057 1826 1104 et
1871 1050 1924 1104 in

361 1141 559 1195 nubem
594 1157 661 1196 ex
697 1156 823 1197 aere
855 1143 1184 1209 concrescit,
1229 1144 1392 1212 inque
1438 1157 1635 1212 aquam
1685 1151 1927 1196 mutatur

359 1242 415 1286 et
449 1233 628 1301 pluvia
670 1231 926 1289 efficitur.
958 1233 1054 1288 Est
1082 1248 1210 1290 vero
1237 1248 1409 1303 vapor
1441 1231 1656 1303 quidem
1681 1249 1746 1286 ex
1785 1249 1926 1304 aqua

360 1337 483 1392 quae
519 1332 848 1380 extenuatur
879 1334 931 1380 et
963 1325 1186 1390 rarefit;
1215 1325 1355 1379 idem
1387 1333 1568 1380 autem
1601 1332 1927 1380 extenuatus

359 1422 416 1466 et
444 1413 762 1480 rarefactus,
793 1429 888 1469 aer
920 1413 1014 1478 ﬁt;
1048 1429 1142 1469 aer
1175 1429 1336 1484 porro
1359 1416 1694 1468 incrassatus
1724 1422 1776 1468 ct
1797 1429 1927 1468 con-

361 1503 639 1569 densatus,
693 1505 870 1560 nubes
910 1504 1186 1571 efﬁcitur;
1219 1507 1392 1560 nubes
1429 1505 1664 1575 denique
1703 1520 1826 1560 cum
1871 1504 1924 1558 in

361 1612 556 1668 aquam
590 1606 852 1662 mutatur,
887 1598 1124 1668 pluviam
1155 1610 1436 1654 causatur.

428 1775 483 1832 4.
517 1774 808 1831 Humidum
841 1791 971 1845 ergo
1011 1776 1154 1846 quod
1207 1776 1286 1830 sol
1337 1774 1577 1844 quotidie
1611 1774 1832 1830 adducit
1871 1782 1928 1829 et

361 1866 556 1931 elevat,
585 1868 712 1922 dum
754 1868 806 1923 id
852 1869 1038 1923 calore
1071 1883 1170 1923 suo
1214 1869 1272 1923 in
1322 1883 1576 1936 vaporem
1614 1869 1924 1932 convertit,
1959 1838 2000 1893 Β

361 1966 622 2014 extenuat
657 1967 712 2012 et
739 1959 1042 2025 discernit;
1071 1961 1174 2014 hoc
1200 1969 1548 2029 posteaquam
1587 1960 1640 2013 in
1678 1960 1931 2029 superio-

361 2066 474 2106 rem
513 2049 696 2105 locum
728 2050 1016 2106 collectum
1047 2061 1132 2106 est
1157 2062 1212 2106 et
1240 2061 1460 2121 prepter
1490 2051 1655 2120 frigus
1687 2052 1932 2107 constitit

363 2152 525 2213 atque
547 2143 850 2207 concrevit,
881 2142 1040 2215 164
1062 2158 1253 2199 rursus
1289 2146 1339 2198 in
1376 2159 1575 2208 aquam
1607 2160 1930 2200 conversum

361 2237 430 2294 ad
472 2245 674 2294 terram
703 2237 968 2293 defertur.
1001 2237 1066 2292 Et
1092 2250 1402 2307 quanquam
1436 2251 1540 2290 non
1576 2235 1807 2304 singulis
1838 2250 1934 2288 an-

365 2329 450 2386 nis
482 2331 815 2386 tantumdem
843 2339 1108 2402 quantum
1139 2338 1385 2386 evectum
1420 2338 1505 2384 est
1544 2329 1792 2394 decidat;
1823 2338 1934 2382 Sta-

364 2423 434 2476 tis
475 2433 654 2478 tamen
691 2423 1033 2493 temporibus
1079 2422 1328 2478 defertur
1373 2429 1428 2476 ct
1479 2421 1727 2476 redditur
1774 2435 1936 2474 omne

367 2514 649 2569 humidum
681 2515 824 2584 quod
858 2525 1104 2570 evectum
1129 2522 1232 2577 est,
1259 2514 1311 2568 id
1337 2513 1500 2568 etiam
1539 2513 1683 2582 quod
1712 2519 1935 2580 prapter

367 2604 659 2658 tardiorem
707 2605 1064 2660 mutationem
1100 2605 1173 2660 ibi
1211 2619 1419 2658 moram
1465 2604 1611 2658 fecit.
1647 2603 1935 2672 Propterea

363 2695 527 2750 ctiam
564 2706 687 2764 post
720 2712 894 2753 annos
931 2699 1131 2768 quibus
1166 2706 1336 2772 aestus
1371 2697 1544 2767 major
1584 2696 1709 2759 fuit,
1741 2698 1933 2750 iterum

365 2789 527 2857 pluvii
553 2791 757 2846 exoriri
788 2791 966 2846 solent
991 2807 1008 2857 ;
1034 2791 1382 2846 exhalatione
1403 2791 1656 2842 nimirum
1687 2788 1934 2850 humida,

364 2894 486 2948 quae
524 2881 765 2934 nondum
818 2882 1089 2938 hactenus
1124 2889 1330 2936 mutata
1383 2881 1504 2944 fuit,
1538 2880 1658 2949 ipsa
1712 2892 1934 2949 quoquc

365 2972 719 3027 mutationem
748 2988 872 3029 cum
913 2975 1005 3029 illa
1041 2989 1162 3045 quae
1190 2973 1462 3037 evehitur,
1503 2973 1794 3026 subeunte.

432 3063 488 3120 5.
523 3065 749 3123 Mutatio
783 3067 946 3138 igitur
972 3084 1036 3124 ex
1070 3084 1209 3138 aqua
1238 3068 1292 3123 in
1329 3082 1509 3122 aerem
1539 3068 1812 3122 mediante
1845 3081 1938 3120 va-

2027 595 2164 666 (οὖν)
2215 604 2322 669 γὰρ
2381 601 2743 669 ἀπογειοτέρα
2807 602 3034 672 γένηται
3092 602 3439 673 χωριζομένη
3493 603 3589 669 τῆς

2025 691 2331 762 ἀνάγουσης
2361 695 2563 762 ταύτην
2591 693 2800 764 θέρμης
2823 694 2918 748 καὶ
2943 695 3261 756 καπνώδους
3293 692 3593 759 ἀναθυμιά-

2028 797 2165 841 σεως
2193 780 2285 833 καὶ
2311 781 2407 850 τῆς
2443 782 2708 852 συνούσης
2735 783 2908 855 ταύτῃ
2959 784 3316 853 θερμότητος,
3347 782 3446 850 τῆς
3491 781 3592 849 μὶν

2025 869 2418 939 ἐκκρινομένης
2476 871 2572 924 καῖ
2605 874 3017 943 ἀναφερομένης
3051 875 3189 944 πρὸς
3213 873 3274 926 τὸ
3304 874 3591 928 ὑπέκκαυ-

2030 976 2127 1027 μα,
2166 961 2263 1028 τῆς
2291 959 2347 1012 δὲ
2390 959 2755 1031 σϐεννυμένης
2783 962 2874 1016 διὰ
2901 962 3000 1030 τὴν
3047 962 3143 1016 τοῦ
3175 964 3340 1016 τόπου
3389 961 3595 1031 ψυχρό-

2026 1057 2166 1121 τητα
2187 1067 2203 1083 ο
2243 1052 2366 1105 τότε
2399 1053 2464 1123 δὴ
2499 1053 2776 1124 ψυχομένη
2807 1055 2840 1124 ή
2872 1053 3038 1124 ἀτμὶς
3059 1055 3147 1108 διά
3178 1054 3275 1125 τὴν
3306 1055 3595 1123 ἀπόλειψιν

2026 1142 2118 1196 τοῦ
2150 1143 2373 1214 θερμοῦ,
2399 1147 2699 1201 πυκνοῦται
2725 1146 2817 1211 καὶ
2847 1149 2927 1210 είς
2957 1146 3117 1216 νέφος
3158 1147 3220 1213 ἐξ
3251 1147 3412 1216 ἀέρος
3442 1145 3596 1199 συνί-

2029 1251 2240 1301 σταται,
2280 1237 2372 1288 καὶ
2403 1237 2484 1299 είς
2521 1235 2662 1308 ὕδωρ
2699 1237 3169 1308 μεταϐάλλει,καὶ
3199 1236 3405 1307 ὄμϐρος
3443 1236 3597 1305 γίνε-

2026 1341 2137 1378 ται.
2179 1327 2336 1380 Ἔστι
2359 1327 2413 1379 δὲ
2443 1329 2473 1398 ή
2507 1329 2604 1396 μὲν
2634 1328 2794 1397 ἀτμὶς
2821 1331 2884 1382 ἐκ
2913 1328 3006 1382 τοῦ
3039 1328 3230 1392 ὓδατος
3258 1328 3596 1397 λεπτυνομέ-

2029 1431 2118 1467 νου
2170 1416 2267 1468 καὶ
2316 1415 2714 1487 ἀραιουμένου·
2768 1417 2909 1488 αὕτη
2975 1419 3032 1473 δὲ
3083 1419 3441 1473 λεπτυνθεῖσα
3497 1419 3599 1472 καὶ

2028 1504 2381 1574 ἀραιωθεῖσα,
2419 1506 2628 1574 γίνεται
2688 1508 2836 1579 ἀήρ*
2886 1511 2914 1562 ό
2943 1509 2990 1562 δ’
3041 1509 3149 1579 ἀὴρ
3204 1509 3498 1578 παχυνθείς
3535 1526 3597 1563 τε

2028 1593 2128 1646 καὶ
2159 1593 2488 1660 πυκνωθεὶς,
2541 1597 2748 1664 γίνεται
2798 1598 2958 1666 νέφος
2982 1613 2998 1632 ·
3037 1597 3098 1650 τὸ
3139 1597 3196 1650 δὲ
3238 1597 3396 1665 νέφος
3423 1614 3597 1668 μετα-

2031 1687 2224 1742 ϐάλλον
2259 1688 2338 1750 είς
2371 1688 2536 1759 ὕδωρ,
2566 1689 2657 1743 τὸν
2686 1689 2892 1761 ὄμϐρον
2921 1691 3084 1743 ποιεῖ.

2101 1779 2166 1835 δ’.
2211 1782 2280 1834 Ὀ
2324 1780 2506 1834 τοίνυν
2540 1781 2730 1849 ἀνάγει
2773 1783 2870 1836 καὶ
2899 1781 3220 1853 μετεωρίζει
3249 1782 3342 1835 τοῦ
3371 1781 3539 1852 ὑγροῦ
3571 1783 3600 1834 ὁ

2029 1874 2182 1944 ἣλιος
2221 1872 2592 1943 καθεκὰστην,
2621 1874 2873 1943 ἀτμίζων
2908 1877 2972 1944 τῇ
3007 1874 3299 1943 θερμότητι
3341 1873 3439 1926 καὶ
3506 1873 3600 1925 λε-

2032 1967 2250 2022 πτύνων
2279 1967 2374 2020 καὶ
2403 1967 2716 2036 διακρίνων,
2750 1965 2912 2020 τοῦτο
2961 1967 3346 2038 συναθροισθὲν
3378 1965 3457 2027 είς
3507 1964 3600 2018 τὸν

2032 2061 2147 2116 ἀνω
2176 2060 2340 2113 τόπον
2361 2059 2454 2112 καὶ
2477 2058 2564 2112 διὰ
2584 2059 2901 2130 ψυχρότητα
2929 2059 3131 2112 συστὰν
3152 2059 3246 2111 καὶ
3276 2056 3596 2126 συγκριθὲν,

2034 2153 2199 2208 πάλιν
2227 2152 2370 2223 ὕδωρ
2395 2153 2706 2221 γενόμενον,
2740 2152 2877 2226 πρὸς
2919 2153 3020 2222 τὴν
3068 2151 3173 2220 γῆν
3203 2151 3598 2221 καταφέρεται.

2033 2245 2154 2298 Κᾶν
2184 2243 2257 2313 μὴ
2294 2245 2415 2297 κατ’
2441 2244 2686 2297 ένιαυτδν
2708 2227 2771 2297 ,δὲ
2804 2244 2917 2297 ἴσον
2947 2242 3024 2313 τῷ
3064 2241 3347 2311 ἀναχθέντι
3375 2257 3602 2294 κατενε-

2036 2339 2159 2410 χθῇ,
2185 2337 2300 2392 ἀλλ’
2328 2339 2386 2391 έν
2435 2354 2545 2390 τισι
2592 2337 2944 2406 τεταγμένοις
2974 2333 3186 2407 χρόνοις
3226 2333 3604 2402 καταφέρεται

2037 2433 2132 2485 καὶ
2165 2430 2472 2486 ἀποδίδοται
2505 2430 2614 2482 πᾶν
2642 2429 2704 2482 τδ
2733 2427 2968 2498 ἀναχθὲν
3014 2427 3198 2496 ὑγρὸν,
3231 2424 3325 2478 καὶ
3373 2423 3606 2492 ὑστερῆ-

2039 2541 2136 2578 σαν
2187 2522 2264 2592 τῷ
2319 2523 2392 2592 μὴ
2444 2522 2652 2590 ταχέως
2694 2519 3040 2588 μεταϐαλεῖν.
3073 2517 3164 2569 Διὸ
3214 2517 3311 2568 καὶ
3363 2514 3502 2583 μετά
3535 2511 3606 2564 τὰ

2039 2611 2300 2683 αὐχμηρὰ
2358 2609 2454 2679 ἔτη
2490 2609 2636 2677 φιλεῖ
2679 2607 2842 2663 πάλιν
2903 2605 3157 2675 έπομϐρα
3199 2601 3467 2672 γίνεσθαι,
3505 2601 3606 2667 τῆς

2037 2705 2414 2776 ἀμεταϐλήτου
2473 2701 2739 2770 μεινάσης
2773 2699 2946 2770 ὑγρᾶς
3001 2695 3422 2766 ἀναθυμιάσεως
3465 2707 3608 2761 συμ-

2043 2792 2488 2866 μεταϐαλλούσης
2512 2793 2579 2864 τῇ
2617 2788 3017 2861 ἀναφερομένη.

2114 3073 2176 3122 ε’.
2211 3065 2275 3118 Ἢ
2308 3062 2408 3134 μὲν
2455 3060 2546 3115 οὖν
2573 3058 2634 3125 ἐξ
2670 3059 2864 3121 ὓδατος
2911 3056 2992 3121 είς
3031 3055 3168 3126 ἀέρα
3211 3051 3484 3123 μεταϐολὴ
3517 3051 3610 3104 διὰ

364 3173 498 3225 pore
536 3157 614 3213 ﬁt.
649 3157 826 3228 Vapor
856 3160 999 3214 enim
1041 3170 1127 3215 est
1173 3176 1270 3216 aer
1307 3161 1565 3225 crassior,
1598 3162 1691 3230 qui
1728 3160 1931 3230 aliquid

2046 3160 2217 3230 μέσης
2270 3155 2490 3226 ἀτμίδος
2532 3154 2758 3222 γίνεται.
2795 3151 2859 3204 Ἢ
2907 3150 3015 3217 γὰρ
3073 3146 3239 3216 ἀτμὶς
3299 3143 3611 3214 παχύτερός

364 3251 528 3304 etiam
560 3265 711 3321 aqua:
743 3253 928 3317 habet,
967 3261 1037 3330 ,οι
1081 3261 1365 3322 propterea
1401 3243 1540 3307 aeris
1572 3263 1625 3307 et
1666 3267 1819 3322 aqute
1853 3261 1934 3308 est

365 3339 774 3396 intermedium.
811 3342 878 3396 At
923 3357 1054 3397 vero
1091 3359 1155 3398 ex
1207 3358 1334 3398 aere
1383 3345 1435 3397 in
1474 3359 1668 3414 aquam
1704 3347 1935 3400 mutatio

366 3433 642 3490 mediante
681 3434 824 3488 nube
874 3437 955 3489 fit.
1008 3436 1087 3490 Ac
1134 3435 1276 3504 quod
1308 3450 1477 3506 vapor
1509 3435 1790 3501 deorsum,
1825 3436 1929 3491 hoc

368 3523 540 3577 nuch
590 3538 804 3578 sursum
835 3533 938 3580 est.
972 3523 1148 3579 Ambo
1183 3526 1326 3579 enim
1356 3527 1501 3582 aeris
1534 3536 1587 3580 et
1619 3542 1772 3597 aqua:
1807 3534 1934 3582 sunt

369 3614 714 3669 intermedia.

438 3703 490 3759 6.
519 3704 730 3760 Nebula
760 3715 940 3761 autem
975 3707 1024 3741 "
1053 3713 1138 3762 est
1163 3707 1324 3764 nubis
1355 3711 1408 3764 in
1440 3724 1634 3779 aquam
1669 3719 1940 3765 concreta:

248 3843 259 3849 -
367 3806 423 3851 et
457 3805 678 3853 mutatae
707 3789 1081 3868 superfluitas.
1113 3798 1270 3866 Quod
1303 3801 1452 3854 enim
1485 3803 1537 3854 in
1571 3801 1730 3855 nubis
1763 3811 1940 3856 muta-

373 3887 516 3942 tione
546 3888 599 3941 in
636 3904 833 3957 aquam
869 3890 1159 3957 relictum,
1209 3891 1310 3944 hoc
1341 3899 1449 3958 est,
1495 3893 1642 3961 quod
1689 3895 1742 3947 in
1794 3894 1939 3948 nube

369 3981 553 4034 sterile
582 3989 857 4050 repertum
889 3983 1088 4045 fuerit,
1129 3983 1180 4035 id
1212 3983 1446 4052 denique
1478 3985 1674 4039 nebula
1722 3994 1825 4040 est.
1857 3985 1941 4039 Fit

370 4084 552 4128 autem
585 4075 749 4129 etiam
785 4092 847 4129 ex
882 4077 1026 4130 nube
1061 4078 1276 4140 nebula,
1323 4079 1541 4147 quando
1598 4079 1672 4132 ita
1719 4079 1940 4147 conglo-

370 4166 489 4219 lrari
529 4183 633 4221 non
671 4167 869 4235 potuit,
902 4170 1040 4222 utin
1073 4184 1268 4236 aquam
1305 4181 1509 4224 mutata
1537 4171 1752 4225 fuisset.
1789 4170 1942 4226 Unde

370 4259 774 4313 etiam-nebula
806 4263 1122 4316 serenitatis
1167 4262 1322 4333 165
1355 4264 1536 4332 potius
1584 4279 1746 4332 quam
1785 4279 1942 4332 aqua:

373 4349 589 4417 signum
617 4358 703 4405 est
741 4351 804 4404 7".
847 4352 942 4408 Est
970 4355 1112 4408 enim
1147 4358 1303 4423 quasi
1348 4355 1550 4410 sterilis
1584 4355 1780 4420 nubes,
1822 4369 1943 4424 qua:

378 4458 485 4494 non
515 4442 732 4511 quidem
765 4444 820 4498 in
855 4459 1051 4514 aquam
1078 4455 1337 4510 mutatur,
1361 4447 1486 4515 quia
1519 4447 1718 4502 siccior
1746 4487 1761 4513 ,
1788 4447 1944 4501 deor-

375 4549 497 4589 sum
537 4544 715 4590 tamen
748 4536 914 4605 cadit,
948 4537 1076 4608 quia
1110 4537 1377 4608 frigidior.

341 4719 344 4766 ξ
447 4719 502 4773 7.
535 4719 764 4784 Quando
795 4720 967 4790 igitur
995 4719 1048 4775 in
1101 4719 1225 4777 loco
1256 4736 1286 4776 a
1325 4731 1467 4776 terra
1501 4729 1794 4778 remotiore
1822 4737 1946 4778 coa-

377 4820 632 4866 cervatus
677 4826 843 4881 vapor
890 4811 1062 4880 frigus
1111 4813 1490 4879 contraxerit,
1533 4823 1591 4868 ut
1639 4815 1880 4868 diximus
1921 4859 1936 4883 ,

379 4913 507 4956 tunc
539 4901 718 4970 pluvia
743 4912 1066 4970 generatur;
1091 4918 1211 4971 qua:
1232 4902 1450 4971 quidem
1482 4903 1525 4955 si
1554 4903 1941 4959 minutioribus

375 4992 625 5060 partibus
644 5000 698 5046 et
733 5007 840 5047 non
872 4993 1190 5058 confertim,
1219 4995 1312 5048 sed
1345 4993 1605 5061 paulatim
1631 4994 1896 5048 deciderit
1927 5034 1942 5057 ,

377 5083 645 5152 quasi-ex
688 5084 831 5139 nube
877 5095 1235 5155 generaretur
1271 5087 1456 5146 modo.
1492 5100 1683 5154 psecas
1721 5101 1812 5139 seu
1850 5087 1948 5139 mi-

323 5211 330 5218 υ
379 5189 512 5231 nuta
557 5177 739 5246 pluvia
777 5188 1031 5234 vocatur.
1070 5177 1165 5231 Sin
1197 5188 1379 5231 autem
1419 5178 1670 5248 partibus
1732 5177 1948 5247 majori-

376 5270 479 5323 hus
508 5281 564 5324 et
590 5270 919 5336 confertius,
981 5271 1137 5339 quasi
1167 5270 1387 5339 jamjam
1419 5271 1581 5325 nubis
1623 5273 1857 5326 mutatio
1897 5271 1950 5326 in

376 5377 572 5432 aquam
612 5364 683 5418 sit
714 5363 876 5429 facta,
909 5363 1082 5416 imber
1113 5362 1451 5418 nominatur.

437 5455 502 5509 '8.
535 5453 723 5509 Solent
754 5463 935 5508 autem
971 5455 1085 5508 haec
1139 5454 1304 5508 certis
1339 5455 1466 5507 anni
1514 5456 1563 5529 ,⁷⁸
1607 5455 1946 5524 temporibus

379 5547 521 5602 fieri.
561 5547 839 5616 Ejusmodi
883 5547 1027 5600 enim
1076 5547 1448 5602 exlialationes
1507 5548 1940 5611 etmutationes

377 5642 675 5698 secundum
721 5639 972 5712 proprios
1005 5638 1136 5693 solis
1167 5646 1346 5694 motus
1377 5640 1513 5695 fiunt
1547 5641 1782 5695 maxime
1807 5679 1821 5705 ,
1856 5656 1942 5696 se-

2041 3255 2192 3307 έστιν
2223 3251 2354 3322 ἀὴρ,
2394 3250 2529 3318 ἔχων
2557 3265 2612 3299 τι
2639 3248 2730 3298 καὶ
2763 3243 2974 3306 ὓδατος,
3002 3241 3098 3294 καὶ
3128 3241 3214 3293 διὰ
3246 3237 3405 3291 τοῦτο
3445 3237 3616 3303 ἀέρος

2038 3347 2300 3416 τυγχάνει
2323 3342 2417 3396 καὶ
2441 3341 2631 3402 ὓδατος
2655 3336 2884 3410 μεταξύ.
2932 3336 2996 3388 Ἦ
3021 3334 3066 3387 δ’
3088 3334 3148 3399 ἐξ
3169 3333 3325 3401 ἀέρος
3357 3332 3436 3392 είς
3463 3328 3614 3397 ὕδωρ

2043 3436 2312 3509 μεταϐολὴ
2358 3435 2448 3488 διὰ
2505 3434 2671 3501 μέσου
2730 3431 2940 3498 γίνεται
2975 3427 3190 3494 νέφους.
3242 3422 3353 3475 Καὶ
3404 3423 3542 3488 ὅπερ
3572 3421 3611 3488 ἡ

2040 3529 2203 3598 ἀτμὶς
2242 3527 2413 3586 κάτω,
2462 3523 2606 3576 τοῦτ’
2648 3523 2760 3577 ἀνω
2795 3521 2855 3574 τδ
2887 3519 3069 3587 νέφος.
3129 3515 3240 3568 Καὶ
3285 3513 3451 3583 ἄμφω
3499 3512 3616 3579 γὰρ

2041 3623 2205 3690 ἀέρος
2235 3617 2330 3671 καὶ
2356 3615 2548 3676 ὕδατος
2587 3610 2812 3684 μεταξύ.

2115 3718 2190 3778 ς’.
2225 3711 2290 3764 Ἦ
2323 3710 2366 3763 δ’
2401 3707 2600 3778 ὁμίχλη
2663 3703 2984 3774 περίττωμα
3036 3701 3135 3770 τῆς
3197 3699 3275 3757 είς
3330 3695 3475 3766 ὕδωρ
3513 3693 3617 3745 τοῦ

2042 3806 2237 3874 νέφους
2299 3798 2639 3870 συγκρίσεως
2672 3797 2795 3848 ἐστι
2835 3794 2931 3847 καὶ
2988 3789 3314 3860 μεταϐολῆς.
3366 3786 3440 3838 Τὸ
3497 3782 3619 3854 γὰρ

2043 3893 2369 3962 ὑπολειφθὲν
2406 3891 2515 3944 ἀπὸ
2545 3889 2642 3958 τῆς
2671 3886 2902 3955 νεφέλης
2935 3885 2991 3936 ὲν
3025 3885 3091 3953 τῇ
3131 3882 3210 3944 εἰς
3259 3879 3403 3948 ὓδωρ
3440 3892 3620 3946 μετοι-

2043 3989 2196 4058 ϐολῇ,
2236 3984 2536 4047 τουτέστιν,
2575 3982 2712 4049 ὅπερ
2757 3981 2814 4030 έν
2844 3979 2909 4047 τῇ
2929 3974 3128 4045 νεφέλῃ
3162 3975 3353 4040 ἄγονον
3383 3967 3614 4038 εὑρέθῇ,

2047 4080 2124 4150 μὴ
2156 4079 2454 4145 δυνάμενον
2475 4076 2554 4136 είς
2579 4071 2721 4142 ὕδωρ
2754 4066 3100 4139 μεταϐαλεῖν,
3133 4063 3328 4132 ὀμίχλη
3363 4059 3622 4113 τολοιπόν

2045 4175 2182 4225 ἐστι.
2215 4169 2428 4222 Γίνεται
2451 4163 2709 4234 δ’όμίχλη
2731 4162 2824 4215 καὶ
2851 4161 2908 4213 τὸ
2929 4159 3108 4226 νέφος,
3140 4157 3268 4209 ὅταν
3294 4153 3368 4222 μὴ
3405 4150 3619 4219 δυνηθῇ

2048 4262 2351 4330 πιληθῆναι
2376 4257 2571 4320 οὓτως,
2613 4256 2688 4318 ὡς
2711 4256 2790 4317 εἰς
2821 4250 2965 4319 ὕδωρ
3001 4247 3351 4318 μεταϐαλεῖν.
3378 4243 3541 4298 Ὅθεν
3583 4244 3620 4310 ἡ

2048 4355 2245 4426 ὁμίχλη
2278 4351 2374 4406 καὶ
2411 4353 2635 4420 σημεῖον
2683 4347 2882 4416 μᾶλλον
2917 4343 3097 4402 εὐδίας
3126 4340 3274 4392 ἐστὶν
3319 4339 3463 4408 ἤπερ
3488 4335 3623 4387 ’ὑδα-

2049 4463 2163 4510 τος.
2198 4443 2417 4514 Νεφέλη
2473 4440 2581 4510 γὰρ
2607 4437 2792 4508 ὥσπερ
2827 4436 3020 4503 ἄγονος
3050 4431 3283 4502 ὑπάρχει
3339 4429 3418 4513 μη
3448 4443 3625 4495 μετα.

1975 4502 2018 4559 D
2051 4502 2320 4592 ϐάλλουσα
2353 4502 2451 4604 μέν
2598 4530 2740 4600 ὕδωρ
2764 4502 2885 4591 id);
2912 4525 3202 4598 ξηροτέρα,
3243 4502 3412 4574 κάτω’
3432 4519 3489 4571 δὲ
3525 4519 3622 4569 πί-

2052 4641 2264 4684 πτουσα
2285 4626 2446 4680 πάλιν
2479 4624 2554 4687 ὡς
2581 4620 2916 4691 ψυχροτέρα.

2120 4719 2188 4782 ζ’.
2224 4719 2393 4771 Ὅταν
2429 4717 2526 4785 μὲν
2559 4713 2651 4767 οὖν
2681 4715 2740 4765 ὲν
2773 4711 2851 4780 τῷ
2882 4705 3254 4776 ἀπογειοτέρῳ
3273 4703 3428 4772 τόπῳ
3457 4716 3630 4752 συνα-

2052 4809 2366 4882 θροισθεῖσα
2432 4810 2466 4878 ὴ
2524 4805 2688 4875 ἀτμὶς
2717 4803 2920 4875 ψυχθῇ,
2974 4798 3155 4861 καθὼς
3216 4797 3457 4864 εἴρηται,
3494 4791 3627 4844 τότε

2049 4906 2261 4973 γίνεται
2289 4901 2491 4971 ὖμϐρος
2513 4914 2529 4930 ο
2569 4897 2628 4960 ὃς
2657 4898 2705 4949 εί
2758 4896 2858 4964 μὲν
2888 4893 3030 4947 κατά
3093 4888 3267 4961 μικρὰ
3320 4887 3486 4957 μόρια
3519 4885 3628 4952 φέ-

2052 5012 2197 5066 ροιτο
2223 4996 2316 5047 καὶ
2350 4992 2424 5061 μὴ
2469 4989 2710 5060 ἀθρόως,
2736 4986 2872 5040 ἀλλά
2907 4983 3048 5038 κατὰ
3085 4981 3268 5051 μέρος,
3303 4979 3378 5038 ὡς
3405 4974 3630 5066 κατολίέ

2051 5065 2147 5148 γον
2174 5086 2238 5136 ὲκ
2274 5081 2362 5135 τοῦ
2401 5080 2598 5148 νέφους
2642 5077 3001 5146 γεννώμενος,
3038 5072 3286 5127 καλεῖται
3322 5066 3496 5136 ψεκάς
3519 5080 3533 5095 ·
3575 5065 3627 5116 εί

2051 5175 2107 5226 δὲ
2142 5175 2285 5226 κατά
2317 5170 2490 5240 μείζω
2545 5169 2639 5221 καὶ
2678 5162 3138 5236 ἁθροώτερον,ὠς
3169 5161 3270 5230 ῆδη
3315 5154 3625 5225 γενομένης

2053 5267 2153 5336 τῆς
2204 5267 2283 5328 εἰς
2330 5263 2475 5331 ὓδωρ
2520 5259 2615 5314 τοῦ
2668 5259 2868 5326 νέφους
2934 5252 3259 5326 μεταϐολῆς,
3293 5245 3625 5318 ὀνομάζεται

2055 5358 2228 5420 ὑετὸς.

2126 5459 2198 5522 η’.
2226 5449 2444 5504 Φιλοῦσι
2467 5449 2524 5500 δὲ
2553 5446 2726 5500 ταῦτα
2757 5443 3004 5512 γίνεσθαι
3043 5438 3184 5492 κατά
3210 5433 3310 5496 τὰς
3339 5428 3624 5522 ἐνιαυσίας

2057 5519 2226 5617 ὥρας.
2258 5543 2324 5596 Δί
2353 5541 2460 5610 γάρ
2513 5538 2764 5592 τοιαῦται
2779 5534 3167 5602 ἀναθυμιάσεις
3204 5527 3294 5580 καὶ
3328 5519 3631 5617 μεταϐολαὶ

2054 5614 2195 5694 κατὰ
2224 5633 2324 5696 τὰς
2349 5632 2487 5695 ιδίας
2528 5630 2772 5701 κινήσεις
2801 5627 2893 5680 τοῦ
2914 5627 3063 5697 ἡλίου
3099 5621 3333 5692 μάλιστα
3361 5614 3634 5686 γίνονται,

449 5823 500 5857 ⁷³
534 5825 558 5878 l
595 5824 816 5881 Mcteor.
845 5840 891 5878 (ε.
917 5825 983 5892 9;
1027 5825 1100 5880 De
1144 5823 1345 5880 mundo
1371 5840 1420 5879 c.
1448 5824 1500 5878 6.
1577 5821 1668 5876 ⁷⁸1
1699 5819 1920 5876 Meteor.

2047 5821 2098 5876 9.
2170 5821 2211 5852 ⁷⁸
2246 5817 2382 5873 Ibid.
