3844 6520
199 444 332 513 1145

1423 447 1766 509 ΕΡΙΤΟΜΕ
1803 450 1905 510 ΡΗ
1915 452 2148 513 YSlCA.

3297 465 3434 521 1140

187 565 311 618 καθ’
336 564 403 629 ἃς
428 564 673 637 κινήσεις
704 565 798 621 κοιλ⁸
819 568 875 621 αἱ
924 557 1065 637 ὧραι
1092 563 1186 620 τοῦ
1215 564 1374 628 ἔτους
1406 564 1766 633 διαιροῦνται.

1877 572 2113 623 cundum
2142 586 2282 637 quos
2312 574 2477 624 etiam
2509 574 2635 627 anni
2665 584 2904 643 tempora
2936 574 3269 629 dividuntur.
3299 576 3434 629 Cum

189 655 292 710 Τὸν
336 657 446 728 γάρ
493 658 696 712 οίκεῖον
729 658 928 712 κύκλον
979 657 1232 727 ἀμείϐων
1282 659 1309 710 6
1348 657 1525 728 ἥλιος,
1564 657 1630 710 τά
1664 656 1764 726 μὲν

188 749 455 820 διακρίνει
476 750 585 803 τῶν
606 751 984 820 ὑποκειμένων
1015 749 1309 818 σωμάτων,
1341 746 1567 813 πλησίον
1586 746 1766 800 αὐτῶν

95 885 99 888 ι
192 842 483 913 γενόμενος
513 843 602 913 (τά
635 861 694 896 τε
725 843 835 914 γάρ
862 841 1034 896 ὕδατα
1058 839 1314 892 λεπτύνει
1337 841 1430 892 καὶ
1460 839 1629 908 αὐτὴν
1663 840 1765 909 τὴν

191 923 440 1003 γῆν)”καὶ
474 934 570 996 τὰς
604 933 1001 1003 ἀναθυμιάσεις
1034 933 1219 985 ποιεῖ’
1261 931 1329 984 τά
1360 931 1416 983 δὲ
1482 931 1766 999 συγκρίνει

190 1023 374 1089 πάλιν,
401 1025 778 1093 ἀφιστάμενος
810 1025 1022 1098 πόρῥω.
1075 1024 1211 1078 Τότε
1247 1025 1358 1093 γὰρ
1406 1023 1761 1091 συγκρίνεται

188 1115 224 1186 ἡ
258 1116 400 1185 ὑγρὰ
427 1115 790 1186 ἀναθυμίασις
830 1117 912 1180 είς
942 1114 1078 1186 νέφη
1125 1117 1220 1169 καὶ
1266 1114 1460 1169 ὓδατα.
1501 1113 1666 1187 Ὀθεν
1694 1115 1762 1184 τῇ

190 1208 438 1278 προσόδῳ
467 1224 524 1260 τε
560 1208 652 1262 καὶ
694 1208 876 1278 ἀφόδῳ
908 1209 1015 1261 τῶν
1038 1202 1302 1261 ἐναντίων
1334 1205 1524 1259 παθῶν
1553 1207 1581 1259 6
1614 1205 1767 1277 ἣλιος

189 1300 363 1363 αἴτιος
400 1300 634 1368 γίνεται,
662 1301 985 1372 κινούμενος
1014 1300 1109 1354 τὸν
1144 1299 1430 1364 ζωδιακὸν.

259 1390 325 1446 θ’.
359 1393 572 1446 Γίνεται
602 1393 660 1446 δὲ
708 1393 803 1447 καὶ
837 1392 1185 1463 καθημερινή
1231 1409 1315 1454 τις
1348 1391 1460 1445 άπὸ
1499 1390 1601 1461 τῆς
1638 1391 1768 1462 περὶ

190 1480 297 1554 γῆν
332 1483 632 1555 ὑγρότητος
680 1485 762 1546 είς
800 1485 1002 1555 ἀτμίδα
1048 1483 1358 1554 μεταϐολήο
1407 1482 1768 1552 λαμϐάνουσα

191 1577 285 1629 καὶ
306 1575 448 1644 αὕτη
477 1575 577 1645 τὴν
610 1577 787 1648 ἀρχὴν
815 1577 878 1629 ἐκ
915 1576 1019 1645 τῆς
1070 1574 1456 1646 καθημερινῆς
1486 1575 1630 1643 ὑπὲρ
1663 1575 1770 1645 γῆν

188 1684 250 1722 τε
275 1669 369 1723 καὶ
403 1668 508 1722 ὑπὸ
538 1668 643 1738 γῆν
674 1667 769 1722 τοῦ
799 1667 954 1738 ἡλίου
1007 1668 1278 1734 κινήσεως
1307 1668 1448 1721 κατὰ
1490 1666 1589 1739 τὴν
1627 1667 1769 1736 μετὰ

186 1760 283 1814 τοῦ
311 1760 517 1826 παντὸς
542 1760 990 1832 συμπεριφοράν.
1029 1758 1129 1814 Ἐκ
1153 1761 1217 1829 δὴ
1245 1761 1449 1830 ταύτης
1470 1760 1569 1827 τῆς
1599 1760 1769 1830 καθη-

191 1857 424 1927 μερινῆς
454 1854 699 1924 ἀτμίδος,
725 1855 825 1924 ὅση
857 1853 926 1907 ἂν
958 1854 1032 1923 μὴ
1069 1852 1343 1923 ἰσχύσειεν
1369 1852 1600 1906 ἐπιπολὺ
1634 1870 1768 1922 μετ-

188 1945 543 2017 εωρισθῆναι,
578 1946 666 1999 διὰ
693 1947 795 2017 τὴν
851 1946 1140 2000 ἀσθένειαν
1169 1944 1265 1998 τοῦ
1298 1945 1601 2013 ἀνάγοντος
1626 1944 1766 1999 ταύ·

187 2054 291 2108 την
342 2036 570 2109 θερμοῦ,
620 2038 786 2107 ἐγγὺς
817 2038 915 2109 τῆς
951 2038 1057 2107 γῆς
1087 2037 1362 2108 ψυχθεϊσα
1402 2036 1620 2109 νύκτωρ
1645 2037 1767 2107 (ψυ-

187 2131 451 2202 χρότεραι
493 2130 605 2200 γὰρ
643 2131 700 2186 αἱ
748 2129 964 2200 νύκτες)
1016 2130 1336 2200 δρόσονκα)⁸
1375 2130 1591 2201 πάχνην
1625 2130 1765 2189 άπο.

185 2222 370 2277 τελεῐο
407 2224 624 2294 πάχνην
661 2224 782 2292 μὲν,
814 2225 945 2278 ὅταν
989 2223 1080 2278 διά
1112 2224 1250 2278 πολὺ
1308 2222 1483 2295 ψῦχος
1529 2226 1564 2295 ἡ
1600 2224 1765 2294 ἀτμὶς

186 2317 330 2389 αὕτη
358 2321 508 2390 παγῇ
543 2317 648 2388 πρὸ
672 2316 769 2371 τοῦ
800 2320 881 2382 είς
901 2318 1048 2388 ὕδωρ
1074 2317 1400 2389 μεταϐαλεῖν
1421 2334 1436 2347 ·
1464 2318 1659 2385 δρόσον
1684 2317 1763 2381 δὲ,

186 2410 319 2464 ὅταν
346 2410 424 2480 τῷ
452 2410 527 2482 μὴ
557 2411 700 2465 πάνυ
732 2410 943 2481 ψυχρδν
969 2406 1113 2464 εἶναι
1151 2410 1214 2463 τὸ
1245 2410 1505 2481 περιέχον
1534 2411 1567 2479 ἠ
1597 2410 1766 2479 ἀτμὶς

189 2504 275 2565 είς
306 2501 461 2570 ὕδωρ
513 2502 782 2575 άλλοιωθῇ
814 2520 829 2541 ο
864 2503 991 2572 μήθ’
1029 2501 1176 2556 οὕτω
1227 2500 1597 2572 θερμανθεῑσα
1625 2500 1768 2555 ὥστε

189 2595 564 2667 ξηρανθῆναι,
627 2597 757 2667 μήθ’
791 2594 937 2651 οὕτω
983 2596 1257 2667 ψυχθείσα
1288 2596 1430 2650 ὥστε
1491 2596 1765 2665 παγῆναι.

189 2689 416 2759 Ὀθενή
447 2688 549 2758 μὲν
584 2689 766 2759 πάχνη
818 2688 1089 2760 χειμῶνος
1119 2689 1213 2742 καὶ
1243 2690 1302 2740 ὲν
1328 2689 1444 2749 τοῖς
1473 2703 1770 2758 χειμεριω-

184 2778 371 2849 τέροις
401 2779 612 2846 γίνεται
649 2779 837 2843 τόποις
859 2795 873 2811 ο
903 2781 937 2850 η
991 2780 1046 2832 δὲ
1087 2778 1299 2849 δρόσος.
1344 2777 1505 2846 ἔαρος
1534 2778 1768 2847 μάλιστα

186 2871 289 2924 καὶ
322 2870 689 2942 φθινοπώρου,
744 2872 841 2924 καὶ
894 2872 952 2923 ὲν
984 2871 1169 2934 τόποις
1199 2869 1505 2939 εύκράτοις.
1541 2868 1770 2939 Δίθρίας

76 2950 77 2957 γ
184 2964 246 3017 δὲ
281 2964 378 3018 καὶ
428 2964 692 3035 νηνεμίας
734 2962 872 3034 (καὶ)
922 2962 1091 3033 ἄμφω
1142 2962 1411 3032 γίνονται.
1463 2962 1554 3033 Μὴ
1602 2960 1769 3034 οὔσης

183 3057 302 3126 γὰρ
331 3056 551 3126 αἰθρίας
577 3056 678 3109 οὐκ
698 3055 764 3110 ἂν
811 3057 844 3123 ή
878 3057 1045 3125 ἀτμὶς
1077 3056 1439 3125 ἀναφέροιτοο
1473 3055 1770 3127 ξηρότητος

188 3148 302 3217 γὰρ
327 3148 412 3200 δεῖ
468 3148 601 3218 πρὸς
651 3148 748 3219 τὴν
780 3149 1072 3219 ἀναγωγὴν
1103 3150 1278 3217 αὐτῆς
1320 3149 1412 3202 καὶ
1439 3149 1770 3219 λεπτότητος

1867 663 2012 714 enim
2054 664 2334 731 proprium
2370 666 2635 720 circulum
2665 669 2743 722 sol
2771 671 3061 735 percurrit,
3089 669 3191 722 alia
3217 685 3282 722 ex
3309 669 3438 722 sub—

1865 750 2030 821 jectis
2058 754 2386 822 corporibus
2408 757 2613 825 quibus
2640 760 2864 830 prapior
2888 761 3149 826 emi-itur,
3174 762 3438 816 discernit

1870 841 2091 912 (quippe
2144 860 2339 914 aquam
2422 859 2684 903 extenuat
2748 852 3032 922 ipsamque
3084 852 3337 922 terram),
3383 860 3439 906 et

1867 936 2242 992 exbalationes
2271 938 2438 992 efticit
2469 959 2483 1007 ;
2526 940 2632 995 alia
2667 952 2849 997 autem
2893 958 2923 997 a
2971 944 3175 1013 quibus
3206 942 3465 999 discedit-

1869 1025 2105 1100 lnngius,
2136 1033 2484 1104 constringit.
2513 1032 2668 1090 Tunc
2700 1037 2846 1090 enim
2891 1038 3115 1091 humida
3156 1036 3434 1092 exhalatio

1869 1120 1923 1176 in
1956 1122 2129 1178 nubes
2179 1133 2233 1178 et
2287 1140 2460 1196 aquas
2510 1128 2742 1197 cogitur.
2795 1127 2945 1184 Unde
2980 1145 3079 1183 suo
3118 1144 3345 1184 accessu
3383 1137 3436 1183 et

1871 1228 2088 1270 recessu
2142 1215 2223 1270 sol
2277 1219 2682 1273 contrariarum
2738 1220 3054 1287 passionum
3097 1234 3262 1275 causa
3310 1229 3435 1283 est.

1868 1305 1997 1360 dum
2029 1316 2278 1362 movetur
2312 1311 2554 1383 ιθθῖἱη
2585 1310 2841 1367 Zodiaco.

1939 1399 1995 1455 9.
2029 1398 2117 1455 Fit
2145 1412 2324 1456 autem
2373 1404 2536 1457 etiam
2569 1406 2889 1474 quotidiana
2929 1404 3177 1477 quaedam
3224 1420 3289 1460 ex
3337 1404 3438 1458 hu-

1870 1507 2021 1546 more
2045 1493 2188 1548 circa
2226 1504 2425 1549 terram
2479 1497 2533 1550 in
2567 1512 2821 1565 vaporem
2860 1498 3125 1567 mutatio;
3159 1511 3279 1567 quae
3312 1495 3432 1566 ipsa

1870 1577 2032 1632 etiam
2073 1593 2104 1632 a
2146 1581 2465 1649 quotidiana
2508 1582 2639 1637 solis
2688 1599 2853 1653 super
2896 1582 2955 1639 et'
3000 1586 3191 1639 subter
3237 1592 3437 1637 terram

1870 1679 2019 1724 tuom
2054 1686 2213 1739 quem
2245 1655 2594 1733 communem
2630 1674 2791 1730 habet
2824 1690 2949 1729 cum
2987 1675 3155 1731 totius
3189 1671 3432 1732 universi

1870 1763 2250 1829 conversione,
2289 1767 2457 1820 sumit
2496 1766 2735 1821 initium.
2776 1767 2951 1837 Hujus
2997 1767 3252 1821 nimirum
3299 1781 3438 1835 quo-

1874 1855 2065 1910 tidiani
2102 1858 2320 1926 vaporis
2354 1874 2473 1929 quae
2503 1874 2630 1930 pars
2663 1860 2826 1915 altius
2856 1860 3057 1914 elevari
3090 1868 3312 1928 propter
3345 1874 3440 1914 ea-

1872 1943 1963 1997 lidi
1995 1945 2178 2015 ipsum
2236 1946 2559 2005 adducentis
2610 1950 2984 2005 inﬁrmitatem
3017 1964 3127 2005 non
3167 1949 3440 2015 valuerit,

1866 2052 1930 2091 ea
1965 2052 2091 2093 cum
2121 2054 2288 2109 prope
2322 2049 2520 2095 terram
2569 2041 2887 2112 refrigerata
2919 2050 3085 2097 noctu
3134 2040 3291 2099 fuerit
3319 2039 3443 2110 (no-

1868 2138 1987 2185 ctes
2013 2130 2160 2185 enim
2179 2130 2491 2206 frigidiores
2524 2131 2696 2203 sunt),
2723 2146 2904 2189 rorem
2935 2141 2990 2187 et
3039 2131 3290 2200 pruinam
3325 2132 3445 2186 effi-

1868 2221 1964 2275 cit.
2002 2219 2260 2276 Pruinam
2298 2221 2517 2291 quidem
2542 2261 2558 2287 ,
2597 2237 2721 2278 cum
2771 2229 2995 2292 propter
3027 2221 3224 2290 ingens
3261 2219 3436 2291 frigus

1868 2327 2043 2384 vapor
2075 2314 2165 2369 ille
2194 2314 2623 2385 conglaciaverit
2655 2316 2698 2346 ⁷⁸
2725 2331 2740 2381 ;
2782 2329 2963 2370 rorem
2993 2328 3144 2379 vero,
3175 2326 3445 2382 cumpro-

1871 2415 2054 2474 pterea
2088 2406 2234 2476 quod
2267 2407 2554 2462 continens
2589 2421 2697 2462 non
2733 2405 2869 2460 adeo
2902 2403 3158 2474 frigidum
3209 2410 3313 2466 est,
3344 2416 3442 2456 va-

1872 2514 1971 2567 por
2000 2503 2054 2552 in
2092 2513 2288 2568 aquam
2342 2499 2607 2555 alteratus
2652 2497 2854 2565 fuerit;
2910 2496 3172 2551 nimirum
3217 2509 3318 2549 nec
3363 2493 3437 2546 ita

1871 2590 2171 2650 calefactus
2215 2598 2277 2644 ut
2304 2590 2699 2654 exsiccarctur,
2736 2602 2836 2643 nec
2871 2588 2947 2642 ita
2990 2586 3346 2655 refrigeratus
3382 2593 3443 2638 ut

1827 2702 1833 2708 ’
1871 2682 2258 2753 conglaciaret.
2297 2679 2451 2737 Unde
2485 2681 2680 2751 pruina
2712 2681 2934 2750 quidem
2971 2680 3153 2734 hieme
3184 2688 3238 2733 et
3289 2676 3439 2746 frigi-

1871 2776 1956 2831 dis
1988 2776 2044 2829 iit
2090 2775 2143 2829 in
2171 2774 2340 2841 locis;
2382 2789 2474 2829 ros
2502 2783 2681 2830 autem
2718 2790 2858 2829 vere.
2879 2773 3219 2846 potissimum
3258 2781 3313 2826 et
3341 2785 3442 2824 au-

1874 2877 2087 2933 tumno,
2141 2869 2309 2940 inque
2347 2869 2664 2940 temperatis
2698 2868 2857 2924 locis.
2904 2868 3082 2922 Ambo
3113 2875 3293 2921 autem
3326 2865 3442 2919 hac

1873 2977 2066 3018 sereno
2089 2970 2143 3018 et
2170 2962 2467 3032 tranquillo
2495 2966 2633 3016 coelo
2658 2961 2811 3018 fluut.
2836 2960 3024 3028 Neque
3051 2959 3195 3012 enim
3232 2959 3277 2989 ⁷⁷
3296 2958 3440 3011 cmlo

1874 3070 1980 3109 non
2041 3055 2340 3111 exsisteute
2381 3069 2589 3125 sereno
2622 3068 2791 3123 vapor
2838 3051 2994 3106 evehi
3035 3042 3233 3120 potest.
3274 3048 3447 3104 Sicci-

1875 3157 1983 3203 tate
2025 3146 2172 3201 enim
2214 3156 2270 3201 et
2302 3146 2571 3201 tenuitate
2603 3141 2896 3217 [corporis]
2928 3139 3266 3197 continentis
3302 3155 3443 3210 opus

185 3241 250 3292 ιν
277 3239 356 3308 τῷ
378 3242 707 3310 περιέχοντι,
738 3241 1041 3307 τουτέστιν,
1076 3241 1162 3293 ἵνα
1195 3241 1269 3311 μὴ
1291 3241 1348 3293 τὸ
1381 3241 1635 3309 περιέχον
1667 3242 1767 3295 κά-

1877 3249 1955 3295 est
1986 3239 2053 3294 ad
2078 3238 2435 3313 elevationem
2458 3239 2666 3308 ipsius;
2697 3238 2800 3293 hoc
2829 3242 2936 3302 est,
2962 3249 3032 3289 ne
3068 3234 3353 3290 continens
3376 3248 3440 3287 ex

184 3331 397 3401 θυγρον
418 3334 493 3385 ’ὲκ
535 3330 642 3387 τῶν
664 3333 1128 3403 καταφερομένων
1157 3332 1384 3402 ὄμϐρων
1480 3334 1574 3386 καὶ
1601 3332 1768 3404 παχύ.

182 3423 328 3476 Τότε
350 3422 459 3493 γὰρ
485 3424 519 3495 η
546 3423 711 3491 ἀτμὶς
726 3425 1038 3494 ’ἀναχθῆναι
1060 3425 1120 3477 οὐ
1143 3423 1388 3479 δύναται.
1418 3424 1560 3478 Οὔτε
1581 3425 1627 3478 δ’
1650 3425 1773 3479 ἀνέ-

185 3533 299 3586 μου
331 3515 484 3581 ὄντος
516 3517 813 3570 συνίσταιτ*
845 3518 911 3571 ἂν
934 3519 968 3588 ἡ
999 3518 1164 3586 ἀτμὶς
1181 3518 1321 3571 ὥστε
1354 3518 1594 3587 παγῆναι
1628 3517 1660 3589 ἢ
1691 3520 1772 3580 είς

182 3608 342 3677 ὕδωρ
369 3608 698 3678 μεταϐαλεῖν
731 3648 747 3671 ,
807 3610 946 3663 ἀλλὰ
1004 3609 1281 3665 σκίδναιτό
1310 3627 1389 3679 τε,
1410 3610 1503 3664 καὶ
1533 3608 1774 3677 διαφθεί-

184 3708 359 3770 ρὸιτο.
401 3700 715 3770 Τεκμήριον
742 3700 799 3754 δὲ
832 3703 971 3770 (καὶ)
1021 3701 1114 3755 τοῦ
1167 3702 1528 3755 συνίστασθαι
1557 3703 1658 3773 τήν
1704 3720 1767 3763 τε

181 3790 408 3860 πάχνην
439 3791 534 3843 καὶ
559 3792 658 3861 τὴν
711 3791 903 3862 δρόσον
953 3791 1029 3861 μὴ
1060 3790 1252 3862 πόρρω
1292 3790 1394 3859 τῆς
1424 3791 1526 3861 γῆς
1554 3792 1616 3844 τὸ
1670 3792 1765 3845 ἐπὶ

177 3884 306 3944 τοῖς
336 3883 689 3956 ὑψηλοτέροις
722 3885 874 3954 ὄρεσι
908 3884 1220 3955 μηδετέραν
1249 3884 1428 3937 αὐτῶν
1462 3884 1737 3953 γίνεσθαι.

265 4063 321 4118 t'.
356 4065 545 4135 Πάχνη
586 4064 687 4133 μὲν
715 4063 809 4118 οὖν
834 4064 928 4117 καὶ
955 4063 1147 4133 δρόσος
1178 4067 1234 4117 ὲν
1270 4065 1384 4133 τοῖς
1417 4067 1772 4136 προσγειοτέ-

179 4175 314 4230 ροις
347 4158 905 4236 συνίστανταιτόποις
924 4175 940 4192 ·
971 4159 1177 4228 ὄμϐρος
1197 4160 1253 4211 δὲ
1283 4161 1378 4212 καὶ
1418 4160 1654 4229 χάλαζα,
1680 4163 1774 4214 καὶ

177 4251 353 4323 χιὼν,
389 4250 448 4304 ἐν
475 4253 588 4313 τοῖς
622 4251 1034 4328 άπογειοτέροις
1062 4267 1078 4283 ο
1132 4250 1260 4303 ἔνθα
1301 4251 1431 4321 μήθ’
1484 4252 1513 4303 6
1543 4253 1651 4322 ἀὴρ
1690 4255 1776 4322 ῥεῖ

174 4346 288 4399 καὶ
317 4342 877 4414 συμπεριφέρεταιτῷ
895 4342 1079 4411 κύκλῳ
1102 4343 1408 4414 κινουμένῳ
1432 4340 1668 4412 σώματι,
1696 4344 1774 4408 ὡς

173 4438 283 4493 διὰ
330 4438 428 4507 τὴν
468 4436 727 4506 τοιαύτην
762 4436 919 4507 ῥύσιν
971 4436 1066 4489 καὶ
1099 4434 1313 4503 κίνησιν
1346 4435 1447 4496 τὰς
1487 4437 1774 4499 συστάσεις

1875 3332 2251 3387 decidentibus
2301 3331 2570 3385 imbribus
2618 3329 2905 3384 humidum
2955 3342 3316 3396 crassumque
3353 3328 3443 3380 sit.

1859 3424 2033 3494 '167
2065 3423 2221 3477 Tunc
2251 3424 2397 3478 enim
2433 3437 2653 3477 sursum
2682 3420 2878 3476 adduci
2916 3435 3086 3489 vapor
3112 3434 3217 3495 non
3249 3427 3448 3487 potest.

1874 3515 2063 3585 Neque
2102 3531 2233 3570 vero
2271 3526 2438 3570 vento
2466 3515 2770 3570 exsistente
2813 3513 3114 3566 consistere
3150 3519 3331 3581 potest
3360 3526 3450 3563 va-

1874 3605 1995 3680 por,
2030 3618 2087 3663 ut
2116 3609 2419 3681 conglaciet
2445 3618 2540 3662 aut
2568 3609 2624 3663 in
2655 3622 2855 3675 aquam
2892 3612 3156 3671 mutetur,
3192 3605 3288 3659 sed
3336 3606 3450 3661 dis-

1874 3690 2186 3769 sipaturct
2235 3699 2627 3769 corrumpitur.
2679 3697 2949 3754 Indicium
2997 3704 3180 3750 autem
3211 3703 3296 3751 est
3329 3696 3449 3766 ejus

1874 3794 2020 3864 quod
2055 3803 2110 3847 et
2147 3793 2346 3861 pruina
2372 3802 2426 3846 et
2472 3806 2563 3845 ros
2607 3807 2714 3848 non
2765 3791 2956 3860 procul
3000 3807 3030 3848 a
3083 3796 3227 3845 terra
3267 3788 3453 3844 consi-

1874 3893 2044 3946 Stant,
2076 3886 2205 3952 quia
2240 3892 2499 3939 neutrum
2525 3899 2720 3940 eorum
2751 3884 2806 3941 in
2833 3885 3157 3942 editioribus
3179 3885 3454 3940 montibus

1874 3989 2164 4047 generetur
2191 3978 2255 4035 ⁷⁸.

1946 4069 2034 4124 to.
2073 4071 2251 4136 Quare
2280 4071 2476 4141 pruina
2516 4069 2735 4141 quidem
2787 4078 2843 4125 et
2884 4084 2974 4126 ros
3006 4069 3062 4125 in
3122 4068 3260 4125 locis
3293 4076 3453 4123 terrm

1878 4163 2272 4230 vicinioribus,
2330 4173 2384 4217 at
2426 4178 2557 4218 vero
2604 4163 2776 4219 imber
2812 4172 2865 4218 et
2902 4162 3109 4234 grando
3157 4172 3211 4217 et
3252 4164 3344 4215 uix
3398 4160 3453 4213 in

1875 4254 2060 4309 locisa
2095 4265 2237 4309 terra
2267 4255 2657 4311 remotioribus
2717 4253 3070 4316 consistunt;
3114 4255 3205 4309 ubi
3270 4269 3448 4329 neque

1874 4361 1967 4399 aer
2005 4344 2123 4399 ﬂuit
2153 4354 2348 4401 etcum
2378 4361 2608 4416 corpore
2638 4346 2780 4415 quod
2801 4346 3138 4400 circulariter
3170 4353 3445 4407 movetur,

1876 4436 2040 4492 simul
2070 4437 2426 4506 convertitur,
2459 4438 2536 4489 uti
2564 4445 2785 4505 propter
2813 4415 3088 4504 ejusmodi
3156 4432 3367 4487 fluxum
3405 4442 3460 4487 et

179 4532 273 4602 μὴ
301 4527 552 4595 γίνεσθαι
581 4528 688 4581 τῶν
729 4530 928 4595 νεφῶν,
963 4528 1100 4598 μήτε
1125 4528 1233 4579 τῶν
1255 4527 1500 4597 ἡλιακῶν
1532 4527 1767 4581 ἀκτίνων

1878 4537 2085 4582 motum
2122 4528 2345 4582 nubium
2376 4528 2753 4582 concretiones
2792 4541 2899 4580 non
2945 4529 3121 4592 tiaut;
3161 4540 3332 4594 neque
3368 4539 3456 4577 ra-

176 4587 273 4677 αἱ.
315 4587 645 4683 άνακλάσεις
681 4620 741 4672 τὸ
789 4587 1288 4698 ὄντονόνέχουσινξ
1315 4618 1457 4672 ὥστε
1517 4618 1623 4689 μὴν
1676 4618 1767 4672 τοῦ

1877 4621 2088 4676 diorum
2107 4622 2368 4677 solarium
2389 4620 2472 4674 ref
2475 4620 2741 4674 ractiones
2761 4615 3056 4672 etl'icaciam
3094 4634 3212 4671 cam
3237 4617 3460 4680 habent,

175 4715 361 4785 ἀέρος
414 4714 495 4775 είς
547 4711 683 4781 νέφη
738 4711 960 4781 πίλησιν
1005 4710 1315 4764 κωλύεσθαι
1349 4715 1415 4781 τῇ
1450 4711 1775 4782 θερμότητι.

189 4807 302 4861 Ἐν
333 4804 397 4875 δὴ
426 4805 537 4868 τοῖς
564 4803 835 4864 τοιούτοις
866 4805 1051 4865 τόποις
1086 4803 1198 4866 τοῖς
1239 4806 1367 4873 περὶ
1396 4803 1463 4855 τὰ
1490 4803 1626 4871 νέφη
1653 4820 1777 4856 συν·

175 4901 446 4954 ίστανται
509 4895 601 4950 διά
633 4893 800 4965 ψύξιν
862 4894 1093 4965 ὄμϐρος,
1143 4895 1278 4965 χιών
1307 4910 1369 4946 τε
1399 4895 1494 4947 καὶ
1538 4894 1775 4965 χάλαζα.

273 5076 371 5132 ια’.
403 5078 515 5132 Καὶ
548 5079 576 5131 6
607 5078 711 5146 μὲν
762 5075 971 5146 ὄμϐρος
1010 5074 1096 5128 διὰ
1130 5074 1228 5145 τὴν
1279 5035 1449 5143 αὐτην
1503 5076 1687 5129 αἰτίαν
1714 5079 1782 5148 τῇ

168 5169 374 5242 δρόσῳ
394 5168 629 5235 γίνεταιο
657 5170 691 5239 ἡ
711 5168 845 5239 χιὼν
870 5167 928 5220 δὲ
952 5167 1040 5220 διὰ
1071 5167 1172 5238 τὴν
1203 5168 1373 5235 αὐτὴν
1391 5168 1573 5222 αἰτίαν
1594 5172 1657 5240 τῇ
1680 5171 1785 5224 πά-

1876 4722 1935 4767 υῑ
1963 4713 2104 4767 aeris
2135 4713 2189 4766 in
2221 4713 2395 4767 nubes
2419 4710 2895 4780 conglobationem
2937 4724 3038 4762 suo
3063 4708 3244 4762 calore
3283 4709 3461 4777 impe-

1877 4805 1995 4859 dire
2025 4812 2250 4883 queant.
2277 4802 2334 4855 ln
2354 4799 2627 4870 ejusmodi
2650 4799 2859 4853 scilicet
2892 4797 3032 4853 locis
3063 4797 3265 4865 quibus
3289 4797 3462 4849 nubes

1881 4895 2259 4956 continentur,
2288 4908 2385 4963 per
2413 4892 2885 4961 refrigerationem
2918 4890 3170 4960 ctpluvia
3203 4899 3255 4944 et
3296 4889 3386 4944 nix
3409 4900 3464 4944 ct

1876 4986 2085 5059 grando
2114 4986 2445 5040 consistunt.

1960 5078 2047 5149 ll.
2084 5078 2149 5133 Et
2180 5077 2361 5147 pluvia
2392 5074 2610 5147 quidem
2666 5080 2890 5144 prapter
2937 5073 3187 5128 eamdem
3235 5087 3460 5127 causam

1883 5182 2104 5240 propter
2118 5186 2281 5241 quam
2307 5185 2400 5226 ros
2421 5180 2748 5242 generatur;
2802 5168 2890 5222 nix
2925 5182 3048 5221 vero
3086 5177 3313 5237 propter
3334 5182 3463 5220 ean-

172 5264 603 5337 χνῃ.Διαφὲρει
635 5263 682 5316 δ’
711 5264 918 5333 ὄμϐρος
946 5264 1040 5315 καὶ
1072 5263 1283 5331 δρόσος,
1323 5263 1418 5315 καὶ
1449 5262 1615 5316 πάλιν
1648 5262 1767 5335 χιὼι

1883 5263 2004 5318 dem
2023 5277 2243 5318 causam
2268 5279 2430 5335 quam
2457 5275 2677 5336 propter
2701 5266 2894 5336 pruina
2918 5244 2983 5317 i’:
3005 5262 3260 5316 differunt
3282 5270 3461 5316 autem
3486 5333 3493 5341 Ι

172 5358 298 5414 καὶ
324 5356 528 5427 πάχνη,
561 5354 640 5423 τῷ
673 5355 874 5425 μᾶλλον
908 5356 1001 5407 καὶ
1022 5348 1184 5424 ἦττον
1208 5355 1301 5406 καὶ
1320 5354 1517 5422 πλήθει
1549 5357 1643 5406 καὶ
1673 5355 1782 5408 ὀλι-

171 5447 411 5518 γότητι.
460 5447 521 5498 ’0
553 5446 653 5515 μὲν
683 5447 782 5515 γὰρ
811 5445 1037 5513 ὄμϐρος,
1084 5444 1248 5507 πολύς
1274 5459 1289 5476 ⁸
1327 5448 1389 5498 έκ
1423 5445 1625 5513 πολλῆς
1667 5446 1776 5516 γὰρ

168 5537 427 5607 ἀτμίδος
471 5538 683 5606 γίνεται
716 5534 1030 5606 ψυχομένης
1052 5550 1065 5564 ·
1131 5536 1221 5586 καὶ
1267 5536 1294 5587 ό
1343 5535 1510 5598 τόπος
1539 5537 1598 5601 ἐξ
1624 5533 1685 5590 οὗ
1714 5553 1774 5589 τε

171 5630 536 5700 ἀναφέρεται
559 5628 655 5681 καὶ
678 5630 759 5691 είς
791 5629 851 5681 ὃν
880 5627 1219 5695 ἀθραίζεται,
1248 5627 1438 5689 πολύς·
1475 5630 1571 5700 κα).
1599 5632 1627 5682 6
1650 5630 1773 5699 χρό-

167 5739 293 5786 νος
335 5724 394 5775 ἐν
446 5715 491 5791 ᾧ
520 5740 580 5775 τι
627 5722 965 5792 ἀναφέρεται
1022 5723 1116 5774 καὶ
1153 5715 1276 5788 ἐνῷ
1317 5697 1771 5791 ψύχεταΐποὶύς.

253 5904 315 5938 ’⁸
341 5904 360 5960 ι
390 5903 612 5960 Metenr.
646 5920 694 5959 c.
724 5903 807 5960 10.
890 5906 933 5938 ⁷⁷
964 5905 1094 5961 Ibid.
1175 5896 1371 5961 "ibid.

1880 5356 2060 5425 pluvia
2094 5365 2147 5410 et
2175 5372 2287 5424 ros,
2323 5358 2564 5444 itemque
2614 5374 2805 5414 rursus
2845 5358 2934 5415 uix
2963 5366 3015 5411 et
3046 5356 3237 5427 pruina
3288 5357 3466 5409 inten-

1875 5449 2027 5503 tione
2049 5456 2104 5504 et
2126 5449 2712 5519 remissioneitemque,
2737 5450 3083 5506 multitudine
3104 5449 3465 5519 et-pauritate.

1877 5540 2067 5595 Pluvia
2091 5541 2235 5594 enim
2273 5543 2494 5611 copiosa
2535 5545 2698 5614 168
2735 5554 2815 5598 est
2846 5561 2864 5613 ;
2897 5562 2960 5599 ex
3010 5543 3232 5615 cepiosn
3264 5541 3465 5612 quippe

1865 5645 2076 5699 Vapore
2107 5631 2431 5700 frigesceute
2463 5647 2779 5703 generatur;
2846 5644 2900 5690 et
2962 5636 3115 5690 locus
3180 5633 3342 5688 etiam
3394 5647 3462 5685 ex

1877 5741 1989 5795 quo
2024 5726 2270 5782 elevatur
2304 5736 2353 5783 et
2397 5715 2449 5782 in
2502 5744 2659 5800 quem
2701 5738 3059 5783 enat-erratur
3111 5726 3321 5797 amplus
3347 5733 3457 5785 est;

1451 5906 1491 5939 τι
1526 5889 1662 5963 lbi'.
1697 5922 1746 5963 ς.
1793 5906 1878 5963 tt.
