3832 6360
159 323 299 392 1153

1453 288 1790 364 muretus
1832 302 2173 365 PHYSICA.

3264 297 3403 363 1154

154 448 254 515 γῆν
282 444 346 494 ἐκ
375 436 485 492 τῶν
505 436 563 489 ὲν
592 435 662 505 γῇ
695 428 937 500 ἀτμίδων
968 422 1263 496 γεννᾶσθαι
1303 419 1448 493 ὕδωρ
1484 419 1576 474 διὰ
1623 417 1723 489 τὴν
1749 433 1766 477 Α

1888 418 1969 474 ira
2022 426 2228 472 terram
2286 429 2352 470 ex
2414 411 2734 485 vaporibus,
2793 411 2887 481 qui
2951 416 3080 466 sunt
3138 407 3195 464 in
3260 407 3404 479 ipsa,

154 533 379 589 ἐνοῦσαν
401 530 465 599 τῇ
497 528 569 597 γῇ
593 522 935 595 ψυχρότηταο

224 704 293 776 Υ.
329 706 553 775 Δέχεται
604 700 705 772 μὲν
759 697 869 769 γὰρ
925 697 959 767 ἡ
1012 696 1109 748 καὶ
1159 693 1361 764 γῆκαὶ
1416 692 1479 746 τὸ
1521 692 1587 745 ἐκ
1624 690 1733 744 τῶν

1832 525 2029 581 aquam
2060 509 2177 565 ﬁeri
2209 507 2634 565 existimandum
2662 516 2748 563 est
2795 515 3017 575 propter
3055 504 3229 575 frigus
3260 503 3404 575 quod

1833 613 1994 658 terrae
2023 603 2189 657 inest.

1905 697 1960 751 5.
1988 695 2126 750 Nam
2160 703 2307 749 terra
2345 694 2563 765 quidem
2614 695 2778 749 etiam
2838 708 3034 764 aquam
3085 707 3151 747 ex
3211 690 3414 762 pluviis

161 797 383 868 ὀμδρων
405 791 854 863 καταφερόμενον
888 788 967 852 είς
992 787 1166 857 αὐτὴν
1198 785 1364 854 ὕδωρ,
1393 785 1490 838 καὶ
1547 786 1734 851 στέγει

1885 788 2076 841 elatam
2107 786 2320 856 recipit,
2354 787 2590 854 sinuque
2620 801 2719 841 suo
2743 786 2897 854 tegit.
2928 784 3034 843 Sed
3065 793 3119 841 et
3169 784 3334 841 aliam
3357 786 3415 840 in

160 887 318 942 τοῦτο
354 888 411 940 ἑν
434 886 625 955 ἑαυτῇ.
655 881 889 935 Δύναται
918 880 976 933 δὲ
1024 878 1215 950 ἓτερον
1261 878 1457 947 γεννᾷν
1491 873 1737 944 συνεχῶς

1885 880 1978 936 »εἰς
2010 879 2076 934 ad
2110 879 2214 934 hoc
2259 878 2474 934 idoneis
2528 878 2876 934 continenter
2913 894 3177 950 generare
3212 887 3412 950 potest.

164 981 222 1033 ἐν
248 981 362 1042 τοῖς
389 977 526 1048 πρὸς
549 976 712 1029 τοῦτο
740 972 1070 1053 ἑπιτηδείοις
1098 971 1288 1033 τόποις
1322 969 1520 1037 αὐτῆς.

232 1074 295 1128 δ’.
329 1074 543 1141 Ὥσπερ
572 1066 667 1123 οὖν
691 1069 748 1120 ἐν
788 1065 865 1137 τῷ
893 1064 1037 1134 ὑπὲρ
1074 1063 1184 1134 γῆν
1206 1062 1360 1132 τόπῳ
1390 1062 1534 1115 κατὰ
1567 1058 1743 1130 μικρὰ

1916 1064 1969 1119 ι.
1999 1061 2473 1139 Quemadmodum
2504 1075 2635 1130 ergo
2662 1060 2717 1114 in
2746 1059 2867 1114 loco
2896 1060 2986 1126 qui
3018 1075 3179 1128 supra
3217 1068 3419 1115 terram

169 1164 556 1235 συνιστάμεναι
613 1161 833 1232 πρῶτον
882 1159 938 1212 αἱ
972 1157 1209 1227 ῥανίδες,
1269 1154 1444 1208 ἔπειτ’
1476 1153 1743 1223 ἀλλήλαις

1885 1166 1953 1222 st,
1992 1164 2159 1226 guttae
2185 1155 2421 1226 primum
2444 1152 2753 1209 minutatim
2786 1161 3201 1221 coagmentatae,
3229 1151 3426 1208 deinde

171 1257 522 1330 μιγνύμεναι,
549 1254 610 1310 τὸ
631 1253 941 1308 τελευταῖον
961 1252 1100 1321 μετά
1126 1248 1365 1320 πλήθους
1388 1247 1742 1315 κατάγονται,

1850 1252 1992 1306 inter
2042 1265 2101 1305 se
2162 1247 2482 1313 commistze,
2529 1247 2747 1302 tandem
2810 1247 2864 1300 in
2906 1246 3064 1315 copia
3105 1245 3426 1302 deferuntur

169 1350 416 1420 ποταμόν
441 1365 562 1401 τινα
593 1346 799 1400 ἄνωθεν
831 1345 1023 1415 ῥέοντα
1050 1341 1304 1395 ποιοῦσαι
1326 1356 1340 1372 ο
1373 1341 1465 1394 τδν
1490 1338 1657 1392 αὐτὸν
1684 1337 1750 1409 δὴ

1885 1344 2074 1405 invium
2112 1343 2274 1414 176
2306 1343 2542 1412 aliquem
2596 1355 2833 1410 superne
2887 1339 3146 1394 ﬂuentum
3186 1340 3429 1396 eﬁicien-

169 1445 370 1513 τρόπον
404 1442 499 1495 καὶ
548 1441 653 1494 ὑπὸ
697 1440 826 1509 γῆν,
887 1439 953 1490 ὲκ
1008 1435 1222 1507 μικρῶν
1270 1435 1523 1506 ρανίδων,
1560 1432 1750 1502 ὥσπερ

1857 1445 1966 1500 tes;
1996 1434 2188 1488 eodem
2218 1448 2351 1487 sane
2384 1432 2547 1486 etiam
2585 1432 2745 1486 modo
2781 1430 2924 1485 infra
2966 1442 3166 1486 terram
3195 1446 3258 1485 ex
3298 1444 3429 1499 par-

174 1538 426 1611 ίδρούσης
453 1537 556 1607 τῆς
577 1535 705 1604 γῆςέ
733 1531 1068 1586 συλλείϐεται
1100 1528 1314 1600 πρῶτον
1336 1526 1396 1581 τὸ
1412 1525 1579 1595 ὕδωρ,
1600 1526 1663 1579 τό
1691 1541 1752 1578 τε

1885 1531 1936 1595 is
1966 1529 2132 1597 guttis
2161 1527 2313 1592 quasi
2351 1525 2575 1579 sudaret
2607 1532 2750 1578 terra
2803 1524 2975 1579 stillat
3003 1524 3237 1591 primum
3288 1537 3429 1587 aqua

175 1630 293 1684 κατ’
317 1628 487 1699 αὐτῆς
520 1626 675 1680 δύνον
701 1624 807 1678 ὑπὸ
836 1624 946 1675 τῶν
977 1621 1226 1691 ὄμϐρων,
1251 1622 1347 1672 καὶ
1380 1619 1440 1671 τδ
1473 1617 1754 1687 γεννώμε-

176 1741 270 1777 νον
300 1724 358 1774 sv
400 1721 561 1790 αὐτῇ·
594 1719 690 1773 καὶ
717 1713 831 1772 οἷον
873 1717 954 1781 είς
997 1715 1056 1768 ἓν
1102 1731 1155 1766 τι
1201 1712 1462 1783 πηδώσης
1494 1711 1595 1782 τῆς
1626 1712 1754 1783 γῆς,

177 1814 234 1866 αἱ
266 1812 442 1882 πηγαὶ
469 1811 710 1880 γίνονται
740 1809 832 1862 καὶ
851 1808 909 1862 αἱ
931 1807 1154 1876 κρῆναι.

250 1910 314 1960 ε’.
348 1904 413 1958 Ai
443 1903 623 1974 πηγαὶ
659 1901 759 1973 μὲν
783 1899 877 1954 οὖν
898 1899 1066 1970 ἁρχαὶ
1094 1897 1423 1967 τυγχάνουσι
1454 1894 1755 1966 ποταμῶν·

180 1998 236 2050 αἱ
262 1996 320 2051 δὲ
352 1994 554 2067 κρῆναι
591 1994 792 2064 μικραὶ
827 1991 1005 2063 πηγαί
1036 1992 1167 2055 εἰσι,
1208 1989 1286 2060 μὴ
1316 1987 1633 2058 δυναμένης
1661 1988 1761 2042 αὐ-

181 2087 289 2141 τῶν
332 2087 571 2158 ἑκάστης
604 2086 901 2165 ποτάμιον.
918 2082 1042 2139 καθ’
1070 2082 1249 2165 αὐτὴν
1278 2079 1761 2163 ρεῦμαλπροαγα-

184 2176 329 2248 γεῖν.
1644 2175 1651 2183 ’

255 2267 332 2335 ς’.
364 2269 427 2322 οι
458 2267 703 2321 πλεῖστοι
731 2266 788 2319 δὲ
818 2265 912 2320 καὶ
937 2266 1189 2335 μέγιστοι
1219 2264 1331 2319 τῶν
1364 2264 1631 2336 ποταμῶν
1652 2264 1764 2318 ἀπὸ

185 2364 294 2417 τῶν
328 2357 678 2433 ὑψηλοτάτων
717 2360 934 2430 ῥέουσιν
960 2358 1124 2429 ὀρῶν.
1166 2359 1358 2429 Ὀρεσι
1391 2346 1449 2412 δὲ
1476 2356 1763 2427 γειτνιῶσι

188 2458 280 2510 καὶ
316 2457 370 2509 αἱ
402 2454 651 2506 πλεῖσται
682 2451 907 2522 κρῆναι,
953 2451 1047 2504 καὶ
1101 2452 1160 2515 ἐξ
1190 2450 1335 2520 ὀρῶν
1363 2450 1761 2521 ἀπορρέουσιν.

1858 1635 1980 1677 cum
2034 1635 2155 1686 qua:
2208 1621 2383 1687 ipsam
2450 1633 2478 1671 a
2517 1617 2716 1687 pluviis
2771 1616 2937 1678 subit,
2971 1626 3084 1671 tum
3123 1632 3243 1685 quze
3294 1616 3429 1670 inibi

1859 1723 2183 1785 generatur;
2216 1709 2651 1786 adeoqueveluti
2673 1708 2958 1766 consiliret
2988 1716 3131 1764 terra
3161 1708 3213 1763 in
3240 1724 3432 1772 unum,

1789 1772 1830 1826 Β
1861 1808 2041 1863 fontes
2074 1817 2132 1862 et
2170 1804 2529 1874 scaturigines
2561 1804 2836 1857 oriuntur.

1935 1901 1990 1956 5.
2017 1901 2217 1957 Fontes
2254 1899 2482 1970 proinde
2501 1899 2721 1968 quidem
2755 1898 3043 1952 ﬂmiorum
3082 1906 3207 1951 sunt
3237 1899 3436 1965 princic

1861 1995 1948 2065 pia
1976 2010 1992 2062 ;
2023 1993 2386 2063 scaturigines
2421 2001 2626 2057 autem,
2656 1992 2835 2063 exigui
2871 1991 3047 2046 fontes
3104 2002 3231 2045 sunt
3264 2009 3279 2059 ;
3312 2007 3434 2045 cum

1862 2087 2336 2157 quaelibetearum
2386 2086 2657 2142 ﬂuvialem
2683 2086 2976 2141 decursum
3016 2101 3109 2155 per
3138 2102 3198 2142 se
3234 2086 3440 2156 produ-

1864 2195 1988 2234 cere
2016 2188 2268 2250 nequeal.
2470 2190 2478 2197 '
2604 2199 2611 2207 ε
3425 2187 3429 2192 ’

1864 2270 1899 2308 '
1933 2271 1989 2326 6.
2021 2271 2194 2325 Porro
2227 2271 2448 2339 plurimi
2493 2278 2549 2326 et
2583 2272 2805 2326 maximi
2842 2270 2985 2326 ﬂuvii
3042 2287 3108 2326 ex
3159 2271 3444 2327 altissimis

1865 2362 2036 2417 ﬂuunt
2090 2363 2392 2420 mentibus.
2450 2363 2558 2418 Sed
2616 2372 2671 2419 et
2748 2363 3000 2433 plurimas
3076 2362 3446 2431 scaturigines

1868 2455 2150 2511 montibus
2177 2456 2373 2509 vicinae
2399 2464 2550 2521 sunt,
2591 2465 2641 2508 ct
2671 2469 2736 2509 ex
2771 2454 3054 2508 montibus
3085 2453 3352 2507 deﬂuunt.
3388 2452 3444 2506 In

200 2549 288 2601 ’Ev
318 2548 426 2617 γὰρ
459 2548 571 2609 τοῖς
604 2544 807 2607 πεδίοις
829 2543 1009 2611 ὀλίγαι
1045 2542 1289 2615 (κρῆναι)
1322 2543 1607 2607 παντελῶς
1656 2545 1765 2597 είσι

1885 2550 2095 2604 >1ιιηίιίθ
2129 2549 2273 2602 enim
2328 2558 2473 2602 certe
2508 2562 2693 2617 panem
2747 2554 2873 2611 sunt
2920 2544 3307 2615 (scaturigines
3372 2528 3448 2611 ei)

190 2639 333 2710 (καὶ)
365 2638 540 2707 πηγαὶ
564 2637 658 2689 καὶ
684 2635 873 2707 ῥύσεις
899 2634 1108 2689 ὑδάτων
1134 2635 1304 2705 χωρὶς
1327 2634 1435 2689 τῶν
1457 2636 1763 2704 ποταμίωνο

1885 2643 2053 2697 'ontes
2086 2649 2141 2695 et.
2168 2641 2349 2697 ﬂuxus
2381 2655 2671 2709 aquarum,
2709 2638 2954 2709 exceptis
2991 2636 3299 2692 ﬂuvialibus
3328 2652 3451 2703 quae

187 2730 224 2787 ἃ
271 2733 355 2800 ῥεῖ
398 2730 497 2800 μὲν
535 2730 623 2783 διὰ
647 2730 756 2783 τῶν
794 2727 1016 2794 πεδίων,
1050 2728 1164 2797 ἔχει
1211 2727 1269 2780 δὲ
1301 2728 1403 2800 τὴν
1446 2729 1624 2798 ἀρχὴν
1656 2729 1766 2781 ἀπὸ

1885 2751 1968 2806 per
2016 2735 2175 2802 plana
2205 2735 2422 2804 quidem
2453 2733 2774 2795 decurrunt.
2816 2732 2912 2789 sed
2943 2731 3207 2800 originem
3245 2728 3453 2785 habent

187 2823 299 2875 τῶν
322 2823 569 2892 ὀρῶν.Τόι
591 2822 703 2892 γὰρ
732 2820 919 2891 ὀρεινὰ
949 2819 1045 2873 καὶ
1077 2818 1259 2889 ὑψηλὰ
1286 2821 1463 2890 χωρία
1484 2820 1559 2885 ὡς
1597 2836 1766 2889 σπογ-

1885 2845 1904 2884 a
1938 2829 2243 2884 montibus.
2275 2827 2490 2898 Quippe
2544 2836 2803 2881 montana
2836 2835 2891 2881 et
2931 2826 3078 2880 edita
3132 2825 3247 2880 loca
3285 2823 3453 2880 veluti

188 2914 307 2982 γιαί
337 2930 479 2977 τινες
516 2912 971 2982 ὲπικρεμάμεναι
1019 2910 1129 2964 τῶν
1162 2910 1468 2981 χθαμαλῶν
1502 2914 1647 2966 κατὰ
1679 2929 1766 2981 μι-

1885 2924 2118 2992 spongia
2153 2921 2402 2988 quaedam
2441 2918 2743 2974 humilibus
2776 2918 3152 2986 impendentes
3189 2917 3456 2987 pauxilla-

188 3007 300 3078 διρὰ
338 3008 458 3078 μὲν,
509 3006 756 3076 πολλαχῆ
813 3006 870 3059 δὲ
916 3004 1250 3074 διαπηδῶσι,
1289 3007 1386 3058 καὶ
1424 3005 1766 3059 ἀποδιδόασιν

1885 3012 1972 3066 lim
2000 3010 2246 3080 quidem,
2292 3011 2385 3067 sed
2418 3009 2603 3064 multis
2642 3024 2707 3063 ex
2741 3007 2990 3079 partibus
3020 3015 3368 3077 rumpuntur,
3400 3011 3457 3060 et

188 3102 330 3170 ὅπερ
364 3101 421 3152 ὲν
469 3100 682 3162 ἑαυτοῖς
728 3098 839 3153 ἀπὸ
878 3098 991 3154 τῶν
1045 3097 1267 3168 ὀμὸρων
1304 3096 1450 3168 ὕδωρ
1496 3098 1766 3167 δεχόμενα

1885 3120 2070 3176 aquam
2133 3105 2366 3160 reddunt
2425 3117 2590 3174 quam
2652 3103 2704 3156 in
2731 3117 2789 3156 se
2819 3118 2885 3155 ex
2920 3101 3118 3170 pluviis
3168 3099 3454 3181 collectam

194 3193 457 3261 φυλάττει
482 3192 568 3246 διὰ
615 3189 948 3261 πυκνότητα.
986 3191 1107 3244 Ἔτι
1137 3207 1198 3244 τε
1233 3189 1329 3245 καὶ
1359 3189 1460 3257 τὴν
1488 3189 1559 3243 δι’
1585 3190 1768 3244 αὐτῶν

192 3284 451 3338 ἀνιοῦσαν
498 3286 561 3336 ὲκ
590 3282 786 3354 βάθους
817 3282 1019 3351 ἀτμίδα
1047 3281 1212 3355 ψύχει
1240 3284 1308 3336 τὰ
1339 3282 1565 3338 τοιαῦτα
1594 3284 1770 3355 χωρία

191 3378 291 3430 καὶ
326 3376 652 3445 μεταϐάλλει
704 3378 783 3438 εἰς
833 3374 1002 3447 ὕδωρ,
1037 3376 1112 3438 ὼς
1146 3376 1241 3429 καὶ
1287 3375 1447 3430 τοῦτο
1478 3377 1772 3447 γινόμενον

197 3469 463 3538 ἀπορρεῖν
510 3468 569 3534 ἐξ
607 3467 820 3521 αὐτῶνθ
849 3469 909 3521 οὐ
954 3468 1067 3538 μὴν
1122 3468 1289 3538 μόνον
1323 3467 1384 3520 τδ
1417 3470 1482 3522 ἐκ
1526 3470 1639 3524 τῶν
1673 3470 1775 3542 ὀμ-

119 3562 125 3569 ’
196 3561 349 3633 βρων
389 3563 806 3632 προενυπάρχον
835 3561 1044 3626 αὐτοῖς.

275 3654 342 3717 ζ’.
371 3654 533 3707 Ὥστε
567 3655 661 3707 καὶ
684 3656 799 3709 ὅσοι
829 3654 939 3709 τῶν
978 3649 1245 3726 mnam
1295 3655 1352 3721 ἐξ
1388 3656 1526 3710 ἑλῶν
1557 3655 1777 3727 φαίνον-

195 3761 292 3797 ται
328 3746 566 3821 ῥέοντες,
620 3749 682 3799 ἐκ
704 3745 814 3799 τῶν
846 3746 1196 3816 ὑψηλοτέρων
1228 3749 1410 3801 τόπων
1455 3748 1643 3818 ἔχουσι
1677 3748 1778 3812 τὰς

200 3832 427 3906 πρώτας
450 3836 641 3908 ἀρχάς.
680 3836 919 3890 Ἐκεῖθεν
942 3837 1049 3908 γὰρ
1096 3837 1514 3907 συλλειδόμενον
1546 3840 1605 3892 τὸ
1631 3838 1775 3912 ὕδωρ

202 3928 303 3982 καὶ
331 3929 559 3999 συρρέον
595 3931 687 3982 καὶ
728 3928 1065 3999 ὑπονομεῦον
1095 3930 1163 3984 τὰ
1213 3929 1333 4002 ἕλη,
1367 3933 1430 3985 ἐκ
1460 3931 1667 3985 τούτων
1700 3932 1777 3995 ὡς

203 4021 271 4074 ὲκ
294 4021 487 4091 πηγῶν
519 4022 846 4076 ἀναδίδοται.

277 4110 351 4183 η’.
390 4114 449 4166 Ei
482 4112 581 4185 μὲν
610 4111 703 4168 οὖν
729 4116 797 4168 τὰ
828 4118 1154 4185 ἐπικείμενα
1192 4116 1292 4188 ὅρη
1331 4118 1565 4187 μέγιστά
1602 4136 1663 4171 τε
1690 4118 1777 4187 εἴη

151 4200 155 4203 ’
198 4208 299 4261 καὶ
322 4207 501 4258 πυκνὰ
521 4208 614 4259 καὶ
657 4207 864 4277 ψυχρὰ,
899 4211 1082 4279 ῥέουσι
1118 4212 1212 4262 καὶ
1244 4212 1291 4263 οἱ
1338 4209 1588 4263 ἐντεῦθεν
1614 4230 1782 4264 ποτα-

206 4299 301 4367 μοὶ
350 4298 593 4351 ἀένναον.
628 4297 694 4354 Oi
743 4300 850 4368 γὰρ
881 4301 1111 4353 τοιοῦτοι
1144 4302 1298 4354 τόποι
1342 4303 1600 4356 πλεῖστον
1630 4303 1779 4376 ὕδωρ

1872 3205 2165 3251 asservant
2217 3195 2508 3250 densitatis
2562 3209 2676 3249 suae
2737 3206 2925 3271 causa.
2959 3191 3101 3259 Quin
3137 3200 3191 3271 et
3222 3170 3457 3261 amplius

1874 3304 1938 3342 ex
1969 3297 2186 3342 suamet
2221 3286 2597 3356 profunditate
2643 3261 3028 3340 ascendeittem
3062 3299 3316 3353 vaporem
3372 3297 3461 3336 re.

1873 3377 2137 3449 frigerant
2170 3378 2438 3448 ejusmodi
2496 3377 2640 3443 loca,
2674 3387 2726 3431 et
2759 3376 2811 3430 in
2870 3391 3068 3446 aquam
3104 3384 3352 3441 mutant;
3401 3382 3461 3429 ut

1874 3481 1927 3528 et
1962 3475 2076 3527 haec
2106 3488 2229 3528 cum
2270 3472 2327 3526 ﬂt
2352 3489 2419 3528 ex
2454 3472 2588 3543 ipsis
2627 3473 2788 3542 177
2825 3471 3045 3536 eﬂluat;
3098 3486 3198 3526 nec
3234 3485 3296 3525 ea
3329 3478 3459 3523 tau-

1876 3577 1991 3619 tum
2023 3580 2145 3633 quae.
2172 3580 2238 3620 ex
2272 3564 2475 3636 pluviis
2519 3564 2655 3620 inibi
2694 3566 2806 3635 jam
2844 3575 2973 3619 ante
2999 3563 3237 3619 exsistit.

1953 3658 2006 3711 7.
2041 3657 2221 3723 Quare
2255 3673 2452 3713 omnes
2486 3656 2636 3712 ﬂuvii
2679 3657 2772 3726 q'ui
2830 3673 2903 3711 ex.
2928 3658 3139 3725 stagnis
3170 3654 3341 3712 ﬂuere
3383 3658 3462 3712 vi-

1878 3749 2099 3813 dentur,
2161 3766 2225 3804 cx
2283 3750 2418 3805 locis
2480 3750 2809 3805 editioribus
2871 3764 2970 3805 sua
3028 3747 3203 3816 prima
3257 3748 3461 3806 habent

1880 3842 2125 3897 exordia.
2160 3841 2296 3897 Cum
2335 3843 2484 3897 enim
2541 3844 2690 3897 illinc
2747 3857 2888 3913 aqua
2935 3842 3177 3897 destillet
3241 3850 3296 3894 et
3326 3856 3463 3896 con-

1880 3932 2009 3986 ﬂuat
2051 3943 2105 3987 et
2131 3948 2226 4001 per
2259 3935 2553 3991 cuniculos
2583 3942 2779 4006 stagna
2839 3934 3054 4002 subeat,
3087 3949 3153 3989 ex
3189 3932 3276 3987 his
3306 3933 3462 4004 quasi

1882 4044 1945 4084 ex
1980 4024 2224 4082 fontibus
2256 4029 2461 4082 editur.
2898 4039 2904 4045 ‘

1952 4119 2006 4175 8.
2038 4121 2190 4187 Quod
2244 4122 2287 4174 si
2325 4121 2489 4191 igitur
2521 4128 2737 4176 montes
2790 4119 3200 4187 incumbentes,
3236 4119 3464 4176 maximi

1883 4222 2011 4268 sunt
2044 4224 2098 4269 ct
2139 4214 2292 4269 densi
2350 4223 2404 4268 et
2461 4211 2664 4285 frigidi,
2712 4214 2877 4269 etiam
2916 4213 3064 4269 ﬂuvii
3117 4214 3243 4269 inde
3291 4213 3466 4269 ﬂuunt

1884 4305 2220 4375 perenniter.
2255 4305 2466 4373 Quippe
2495 4304 2767 4374 ejusmodi
2805 4305 2924 4359 lora
2983 4306 3278 4376 plurimum
3313 4320 3467 4373 aquae

201 4390 302 4443 καὶ
330 4382 578 4460 δέχονται
612 4392 703 4444 καὶ
728 4393 982 4460 στέγουσι
1012 4394 1106 4445 καὶ
1133 4393 1570 4459 ποιοῦσι.”οσοις
1596 4396 1650 4448 δὲ
1670 4396 1766 4449 τῶι

1886 4403 1940 4450 et
1968 4396 2240 4466 recipiunt
2269 4407 2323 4449 et
2352 4403 2541 4467 tegunt
2572 4401 2627 4449 et
2681 4394 2888 4449 faciunt
2918 4396 2987 4451 ".
3016 4394 3227 4462 Quibus
3282 4404 3464 4449 autem

201 4482 470 4552 ποταμῶν
522 4484 617 4537 καὶ
670 4483 1115 4552 ἐπικρεμάμεναι
1148 4485 1255 4537 τῶν
1288 4484 1434 4555 ὀρῶν
1487 4487 1766 4550 συστάσεις

1889 4486 2069 4543 ﬂuviis
2103 4487 2486 4557 impendentes
2540 4486 2811 4541 montium
2873 4487 3301 4541 constitutiones
3336 4495 3469 4541 sunt.

205 4572 403 4643 μικραί
425 4574 638 4644 είσιν,ἣ
666 4575 870 4643 σομφαὶ
904 4576 997 4626 καὶ
1022 4575 1269 4639 λιθώδεις
1306 4579 1400 4629 καὶ
1437 4577 1783 4648 ἁργιλώδεις,

200 4664 387 4718 είτουν
440 4664 630 4718 λευκαὶ
661 4669 752 4719 καὶ
780 4660 893 4720 οἷον
926 4668 1259 4735 τιτανῶδεις,
1292 4672 1342 4721 oi
1364 4670 1596 4724 τοιοῦτοι
1616 4688 1787 4724 ποτα-

206 4757 328 4826 μοὶ,
388 4757 520 4827 πρὶν
558 4758 807 4811 ἐπελθεῖν
837 4760 962 4822 τοὺς
1012 4762 1360 4830 χειμερινοὺς
1414 4762 1679 4832 ὄμϐρους,
1722 4763 1786 4816 τὸ

203 4848 358 4918 ὕδωρ
394 4849 920 4920 προαπολείπουσιν.

284 4940 353 4996 θ’.
382 4942 447 4995 Ei
473 4942 531 4995 δὲ
558 4942 715 4996 ταῦθ’
736 4942 909 5007 οὕτως
932 4945 1071 5015 ἔχει,
1101 4945 1216 5009 πῶς
1242 4946 1309 4999 ἂν
1335 4945 1536 5011 δόξειεν
1567 4945 1793 5015 εὔλογον

204 5035 275 5088 ἔκ
294 5034 394 5104 τῆς
419 5034 692 5106 θαλάσσης
716 5036 983 5107 ἄρχεσθαι
1012 5039 1112 5102 τας
1141 5042 1342 5108 πηγὰς,
1374 5039 1449 5103 ὡς
1470 5039 1562 5093 τοῦ
1590 5039 1792 5094 θαλασ-

204 5126 330 5178 σίου
365 5124 557 5189 ῠδατος
610 5126 967 5198 διηθουμὲνου
998 5131 1094 5184 καὶ
1130 5130 1510 5202 διυλιζομένου
1545 5132 1637 5187 διὰ
1689 5135 1792 5203 τῆς

202 5221 338 5287 γῆς,
375 5219 470 5272 καὶ⁵
498 5219 643 5298 οὕτω
663 5221 1092 5293 γλυκαινομένου
1124 5226 1216 5279 καὶ
1246 5225 1656 5297 ἀναδιδομένου,
1684 5243 1790 5280 κα-

207 5309 324 5372 θὼς
373 5313 472 5364 οὐκ
517 5312 688 5381 ὀλίγοι
729 5317 1274 5387 πεφυσιολογήκασις
1316 5318 1523 5389 μᾶλλον
1559 5320 1668 5391 γὰρ
1698 5319 1786 5385 ἂν,

206 5402 258 5454 εί
282 5401 427 5455 τοῦτ’
455 5399 543 5474 ἦν,
579 5406 643 5458 ἐκ
692 5407 800 5460 τῶν
834 5401 1156 5480 κοιλοτέρων
1191 5411 1397 5477 τόπων,
1427 5412 1547 5465 ἀλλ’
1578 5413 1680 5466 οὐκ
1724 5414 1790 5465 ὲκ

90 5568 97 5571 _
207 5491 321 5544 τῶν
353 5492 922 5569 ὑψηλοτέρωνωέρρεον
957 5500 1014 5554 αί
1055 5504 1233 5573 πηγαὶ
1264 5504 1406 5559 κατὰ
1451 5502 1513 5558 τὸ
1547 5505 1723 5568 είκός.

289 5758 335 5793 ⁸⁸
355 5760 380 5814 ι
404 5758 627 5817 Mcteor.
657 5778 707 5820 c.
745 5763 838 5822 14.

224 5976 259 5989 ..ρ

1892 4579 2124 4649 exigua,
2176 4589 2272 4634 aut
2303 4580 2515 4643 inanes,
2569 4588 2625 4634 et
2651 4577 2909 4646 lapidosae
2936 4588 2990 4633 et
3026 4579 3315 4647 argillosaa,
3351 4576 3469 4645 sive

1892 4669 2027 4724 albae
2060 4679 2112 4726 et
2145 4671 2311 4724 veluti
2343 4679 2618 4741 gypsata;
2647 4669 2917 4736 ejusmodi
2972 4668 3121 4723 ﬂuvii
3153 4668 3305 4739 prius
3325 4681 3469 4740 aqua

1891 4764 2179 4829 deﬁciunt,
2206 4779 2370 4834 quam
2400 4763 2640 4819 hibernae
2672 4762 2871 4833 pluviae
2903 4760 3315 4831 superveniant.

1964 4940 2018 4996 9.
2055 4939 2213 5007 Quod
2246 4938 2292 4994 si
2350 4953 2483 4993 vero
2536 4938 2656 4994 haec
2706 4938 2780 4993 ita
2814 4952 2873 4993 se
2931 4937 3153 5003 habent,
3190 4937 3470 5008 quomodo

1890 5036 2093 5094 rationi
2145 5043 2572 5090 consentaneum
2603 5040 2690 5088 est
2746 5032 2926 5087 fontes
2953 5046 3020 5087 ex
3088 5032 3223 5085 mari
3251 5030 3470 5101 princi-

1894 5128 2042 5198 pium
2081 5127 2308 5190 habere,
2355 5125 2509 5195 quasi
2560 5140 2701 5195 aqua
2743 5123 2955 5179 marina
3011 5124 3386 5193 percolaretur
3412 5131 3471 5177 et

1890 5220 2249 5277 defaecaretur
2306 5234 2403 5289 per
2458 5226 2699 5285 terram,
2740 5226 2905 5286 atque
2939 5215 3014 5270 ita
3052 5215 3387 5270 dulcesceret
3416 5225 3470 5271 et

1892 5314 2301 5375 restitueretur,
2353 5309 2815 5379 quem-admodum
2864 5323 2973 5363 non
3029 5308 3188 5379 pauci
3253 5306 3468 5379 physici

1896 5402 2319 5459 disseruerunt?
2348 5401 2483 5455 Nam
2515 5401 2559 5456 si
2589 5401 2692 5456 hoc
2728 5400 2802 5455 ita
2837 5409 3097 5462 esset;ex
3135 5399 3269 5454 locis
3298 5399 3469 5468 magis
3540 5448 3557 5463 ,

1892 5498 2068 5559 cavis,
2102 5507 2157 5550 et
2189 5510 2295 5549 non
2327 5510 2391 5549 ex
2418 5495 2746 5549 editioribus
2800 5493 2981 5549 fontes
3017 5494 3181 5547 liuere
3229 5504 3466 5559 consen-

1896 5607 2116 5653 taneum
2158 5594 2328 5650 videri
2383 5604 2564 5664 queat.
