3844 6474
179 386 318 456 1157

1441 390 1780 455 EPITUME
1820 391 2168 455 l‘HYSlCA.

3264 387 3423 456 1158

251 514 321 577 γ’.
351 506 606 560 Φαίνεται
636 501 737 577 δ’ὴ
764 505 1012 560 θάλασσα
1043 504 1245 578 ῥέουσα
1276 506 1417 560 κατᾶ
1452 508 1579 570 τοὺς
1621 524 1743 560 στε·

1920 509 1974 563 5.
2000 508 2229 564 Videtur
2259 514 2439 560 autem
2475 519 2625 558 mare
2650 501 2820 559 ﬂuere
2841 504 2986 561 circa
3018 504 3133 560 loca
3161 517 3420 578 angusta,

174 600 300 663 voitc
331 598 553 664 τόπους,
583 590 657 651 ὧν
687 597 997 668 ἑκατέρωσε
1029 598 1257 653 πλατεῖα
1288 599 1539 653 θάλασσά
1571 602 1742 654 ἐστιν.

178 691 355 744 Ὀπου
395 690 503 760 γὰρ
529 690 595 743 ἂν
648 690 713 742 ἐκ
762 688 994 753 πλατέος
1050 691 1324 758 πελάγους
1369 692 1453 754 εἰς
1484 691 1672 744 στενὸν
1706 692 1741 761 ἡ

176 781 421 836 θάλασσα
452 783 742 850 συνάγεται
773 781 878 835 ὑπὸ
902 784 1002 852 τῆς
1029 782 1390 853 περιεχούσης
1413 783 1476 836 τὸ
1508 783 1745 850 πέλαγος

180 874 288 945 γῆς
330 873 671 945 ὑψηλοτέρας
713 873 898 944 οὔσης,
957 875 1097 927 κατὰ
1144 875 1303 928 τοῦτο
1353 875 1604 942 φαίνεται
1651 874 1748 926 καὶ

188 965 567 1037 μεταρρεουσα
600 965 776 1019 ἄλλοτ’
835 966 922 1018 ἐπ’
954 966 1083 1021 ἄλλο
1116 966 1281 1036 μέρος
1332 965 1422 1019 διὰ
1453 965 1516 1019 τὸ
1550 965 1745 1019 ταλαν-

179 1056 437 1109 τεύεσθαι
475 1055 537 1109 τὸ
566 1055 712 1125 ὕδωρ
739 1055 898 1127 δεῦρο
932 1057 1155 1110 κάκεῖσε
1183 1056 1466 1120 πολλάκις.
1505 1059 1746 1124 ’θ’γίνε-
1775 1052 1779 1058 ’

181 1164 273 1203 ται
300 1148 397 1220 μιν
426 1149 521 1203 καὶ
549 1150 606 1202 ὲν
636 1153 699 1219 τῇ
729 1150 1165 1224 ἀναπεπταμένῃ
1211 1151 1456 1222 θαλάσση
1482 1166 1499 1183 ο
1552 1152 1747 1221 ἄδηλον

180 1243 237 1295 δέ
273 1245 411 1307 ιστι,
442 1242 519 1312 τῷ
549 1242 622 1312 μὴ
653 1241 793 1296 εἶναι
812 1243 913 1314 τὴν
940 1243 1111 1310 αὐτῆς
1148 1242 1458 1313 ἑκατέρωσε
1483 1245 1588 1314 γῆν
1614 1244 1751 1314 πλη-

184 1336 321 1396 σίον.
344 1334 475 1404 παρ’
500 1336 567 1395 ἣν
596 1334 899 1402 ἀμείὸουσα
930 1336 964 1406 ἡ
1002 1335 1344 1407 μετάρῤυσις
1376 1334 1585 1402 ταύτης
1612 1352 1752 1401 γνω-

186 1427 380 1500 ρίζοιτ*
409 1428 496 1482 ἄν.

249 1517 315 1573 δ’.
361 1517 470 1571 Ῥεῖ
510 1518 556 1572 δ’
602 1517 914 1589 ήθάλασσα
948 1520 1042 1575 καὶ
1089 1521 1199 1575 ἀπὸ
1249 1520 1359 1575 τῶν
1396 1520 1748 1592 ὑψηλοτέρων

180 1610 354 1679 αὐτῆς
388 1611 479 1663 ἐπὶ
514 1611 583 1664 τὰ
630 1611 920 1680 κοιλότερα
953 1613 1044 1666 διὰ
1093 1612 1154 1668 τὸ
1188 1613 1397 1682 πλῆθος
1430 1613 1539 1667 τῶν
1569 1616 1650 1677 είς
1686 1613 1754 1667 τὰ

184 1702 492 1771 ὑψηλότερα
538 1703 745 1772 ταύτης
795 1704 1178 1772 ἐμϐαλλόντων
1218 1705 1503 1775 ποταμῶψ
1539 1705 1752 1774 πᾶφυκε

182 1792 293 1860 γὰρ
315 1791 375 1844 τδ
398 1790 541 1859 ὕδωρ
576 1796 638 1845 ἐκ
666 1792 773 1845 τῶν
799 1791 1144 1864 ὑψηλοτέρων
1173 1794 1356 1847 τόπων
1386 1794 1467 1857 είς
1491 1793 1558 1847 τὰ
1595 1793 1750 1846 κοῖλα

184 1882 598 1953 καταφέρεσθαι
624 1901 684 1937 τε
728 1886 821 1936 καὶ
856 1886 993 1955 ῥεῖν.
1031 1884 1185 1939 Ἔστι
1220 1885 1276 1938 δὲ
1305 1888 1400 1938 καὶ
1422 1887 1525 1939 κάν
1557 1887 1623 1955 τῇ
1654 1884 1750 1939 θα·

182 1973 359 2045 λάτσῃ
390 1974 459 2027 τὰ
491 1975 591 2043 μὲν
642 1975 810 2045 αὐτῆς
852 1975 1159 2047 ὑψηλότερα
1185 2016 1202 2042 ,
1233 1977 1302 2030 τὰ
1332 1977 1390 2030 δὲ
1446 1975 1754 2047 κοιλότερα.

186 2063 376 2127 Ὀπως
404 2066 449 2118 δ’
478 2066 544 2119 ἂν
589 2068 622 2136 ἠ
658 2065 905 2121 θάλασσα
942 2069 1032 2138 ρῇ,
1073 2068 1238 2122 πάλιν
1287 2067 1377 2138 ἐφ’
1411 2068 1613 2137 ἑαυτὴν
1640 2067 1756 2138 ἔχει

183 2157 248 2209 τὸ
277 2158 477 2227 ῥεῦμα,
517 2158 613 2211 καὶ
640 2158 700 2211 οὗ
747 2160 883 2229 πρὸς
915 2160 1044 2215 ἄλλο
1082 2160 1286 2232 δοχεῖον
1330 2159 1612 2232 ὲμσάλλει,
1657 2177 1757 2214 κα·
1799 2181 1805 2192 ·

185 2250 365 2319 θάπερ
395 2250 445 2303 οἱ
492 2251 727 2320 ποταμοὶ
758 2252 895 2322 πρὸς
923 2253 1113 2333 αὑτήν,
1160 2257 1261 2311 Διὰ
1313 2254 1474 2309 τοῦτο
1501 2255 1594 2309 καὶ
1626 2253 1758 2308 στά-

188 2340 347 2409 σιμόν
376 2342 489 2393 ἐστι
520 2341 579 2393 τὸ
605 2338 749 2410 ὕδωρ
780 2342 882 2410 τῆς
931 2342 1209 2415 θαλάσσης
1234 2384 1250 2411 ,
1280 2342 1398 2398 ἀλλ’
1430 2344 1531 2398 οὐκ
1581 2345 1755 2416 ἀπόρ-

190 2434 377 2502 ρυτον.

265 2523 325 2581 ε’.
365 2526 634 2594 Στάσιμον
677 2526 723 2579 δ’
777 2526 838 2580 ὃν
899 2527 933 2599 ἢ
993 2530 1230 2597 πηγαῖον
1281 2532 1314 2601 ἢ
1373 2532 1757 2604 συλλογιμαῖον

189 2616 284 2687 εἴη
316 2617 402 2671 ἄν.
450 2617 589 2671 Ἀλλ’
616 2617 851 2689 ἐπείπερ
872 2617 939 2690 ἦν
971 2623 1230 2690 πηγαῖον,
1258 2617 1327 2693 ἦν
1356 2621 1425 2676 ἂν
1451 2624 1550 2677 καὶ
1577 2626 1756 2697 ἀπόρ-

190 2710 377 2778 ρυτον.
407 2709 651 2778 Πηγαῖον
702 2708 813 2778 γὰρ
853 2709 999 2779 ὕδωρ
1033 2711 1307 2780 αὐτοφυὲς
1350 2715 1615 2784 στάσιμον
1641 2718 1754 2770 όλί-

186 2816 286 2868 ¹γον
307 2800 639 2868 εὑρίσκεται.
686 2801 823 2854 Οὐδὲ
877 2802 984 2874 γὰρ
1013 2808 1077 2856 τὸ
1123 2805 1234 2857 ἀπὸ
1285 2805 1533 2874 μείζονος
1572 2811 1756 2878 πηγῆς

116 2898 125 2904 ”
185 2889 289 2959 τὴν
338 2890 511 2959 ἀρχὴν
554 2891 676 2960 ἔχον
711 2890 935 2945 δύναται
972 2893 1240 2962 στάσιμον
1270 2891 1433 2951 εἶναι.
1468 2899 1568 2952 Δια
1597 2900 1756 2953 τοῦτο

186 2994 287 3038 καὶ
314 2984 436 3036 ὅσαι
468 2983 576 3037 τῶν
605 2985 813 3054 λιμνῶν
844 2987 909 3039 ὲκ
937 2987 1128 3055 πηγῶν
1181 2988 1366 3058 ἔχουσι
1404 2989 1504 3053 τὰς
1554 2991 1750 3060 ἀρχὰς,

187 3076 244 3128 ui
306 3075 406 3144 μὲν
466 3076 708 3145 φανερὰς
759 3077 1094 3148 ἀπορῤύσεις
1136 3081 1440 3146 ποιοῦνται,
1492 3083 1547 3136 αί
1586 3083 1641 3135 δὲ
1685 3084 1753 3136 δι’

1851 614 2087 668 quorum
2121 613 2184 650 ex
2224 605 2456 666 utraque
2490 606 2641 665 parte
2684 597 2925 666 amplum
2977 612 3128 651 mare
3180 608 3282 653 est.
3317 598 3421 654 Ubi

1849 690 1994 745 enim
2033 705 2098 744 ex
2127 690 2306 757 amplo
2340 689 2530 758 pelago
2568 688 2621 742 in
2651 698 2938 758 augustum
2979 689 3194 756 cogitur
3265 704 3418 744 mare.

1849 798 1879 836 a
1912 791 2058 837 terra
2093 781 2250 850 181
2287 779 2599 835 continente
2629 779 2855 849 pelagus
2881 794 3008 833 cum
3036 780 3197 835 altior
3235 781 3327 844 sit,
3349 780 3420 835 ob

1853 875 1902 927 id
1940 874 2112 928 ﬂuere
2158 881 2211 926 et
2241 872 2376 925 alias
2420 870 2474 924 in
2511 871 2673 924 aliam
2708 881 2910 938 partem
2964 871 3191 926 reﬂuere
3231 872 3423 942 depre-

1852 966 2123 1032 henditur,
2181 974 2465 1035 propterea
2517 963 2660 1030 quod
2716 964 2786 1017 ibi
2850 978 2991 1034 aqua
3026 967 3222 1033 saepius
3278 965 3422 1019 ultro

1851 1061 2101 1128 citroque
2141 1059 2390 1113 Iibretur.
2444 1055 2598 1122 Quod
2632 1055 2688 1110 ﬁt
2741 1055 2958 1126 quidem
3016 1058 3177 1111 etiam
3228 1059 3278 1109 in
3315 1057 3423 1111 alto

1852 1153 2026 1219 mari;
2057 1152 2279 1205 evidens
2310 1159 2487 1204 autem
2515 1165 2624 1203 non
2650 1157 2755 1210 est,
2793 1147 2932 1216 quod
2968 1150 3221 1216 utrinque
3243 1149 3420 1217 ipsum

1853 1245 2102 1299 ambiens
2131 1255 2269 1298 terra
2298 1258 2464 1311 prope
2492 1259 2601 1297 non
2646 1243 2737 1305 sit,
2771 1243 2837 1296 ad
2875 1257 3039 1311 quam
3087 1241 3299 1298 alluens
3335 1257 3424 1297 re-

1853 1336 2275 1407 ciprocationem
2302 1335 2649 1390 manifestam
2666 1334 2926 1402 Jtaberet.

1925 1519 1980 1574 4.
2014 1516 2159 1573 Fluit
2192 1525 2372 1574 autem
2405 1532 2555 1572 mare
2582 1517 2745 1573 etiam
2773 1518 2840 1571 ab
2872 1516 3158 1573 altioribus
3205 1522 3321 1575 suis
3353 1519 3421 1574 ad

1856 1614 2029 1680 magis
2066 1626 2384 1676 cavernosa,
2420 1623 2641 1681 propter
2690 1610 2973 1667 ﬂuminum
3019 1610 3420 1666 multitudinem

1856 1721 1976 1776 qum
2031 1707 2306 1761 iualtiura
2365 1706 2538 1776 ipsius
2585 1704 2842 1761 inﬂuunt.
2903 1706 3112 1775 Quippe
3159 1721 3297 1770 aqua
3355 1719 3421 1758 ex

1858 1800 2144 1853 altioribus
2166 1797 2372 1852 locisin
2416 1813 2544 1852 cava
2575 1799 2770 1852 deferri
2806 1807 2859 1852 et
2892 1797 3057 1850 ﬂuere
3089 1796 3370 1850 consuerit
3405 1811 3421 1858 ;

1867 1906 2108 1962 suntque
2164 1892 2327 1944 etiam
2364 1892 2419 1944 in
2450 1890 2583 1944 mari
2613 1898 2795 1958 partes
2822 1889 2940 1943 alia;
2974 1889 3217 1952 altiores,
3246 1886 3423 1940 ravio-

1864 1998 1954 2038 res
1983 1982 2123 2036 aliae.
2160 1981 2660 2051 Quomodocunqne
2716 1991 2897 2036 autem
2962 1996 3112 2036 mare
3157 1980 3309 2041 ﬂuat,
3371 1978 3423 2033 in

1863 2074 2103 2147 seipsum
2138 2073 2337 2135 reﬂuit.
2366 2088 2471 2128 nec
2500 2073 2553 2127 in
2585 2073 2729 2127 aliud
2788 2074 3188 2141 receptaculum
3224 2070 3424 2135 inﬂuit,

1862 2163 2324 2234 quemadmodum
2379 2163 2434 2217 in
2495 2163 2673 2233 ipsum
2738 2163 2908 2217 ﬂuvii.
2948 2162 3065 2228 Qua
3122 2163 3188 2216 de
3260 2173 3426 2216 causa

1862 2256 2026 2313 etiam
2058 2265 2324 2327 stagnans
2350 2264 2431 2311 est
2458 2252 2631 2310 maris
2659 2269 2822 2325 aqua,
2860 2269 2967 2310 non
2991 2254 3227 2311 eﬂluida.

1930 2550 1982 2608 5.
2016 2548 2177 2619 Atqui
2216 2563 2337 2602 cum
2379 2557 2637 2616 stagnans
2669 2547 2759 2610 sit,
2794 2557 2887 2601 aut
2941 2546 3162 2600 fontana
3189 2547 3291 2599 erit
3331 2554 3425 2600 aut

1862 2641 2172 2698 collectitia.
2209 2639 2313 2695 Sed
2349 2637 2617 2708 siquidem
2672 2638 2896 2694 fontana
2925 2646 3090 2700 essnt,
3139 2637 3323 2707 utique
3372 2645 3428 2692 et

1862 2735 2076 2790 eﬂluida
2113 2744 2278 2787 esset.
2311 2731 2525 2801 Quippe
2552 2730 2899 2784 foutauarum
2928 2746 3193 2797 aquarum
3235 2739 3428 2798 sponte

1863 2844 1975 2882 suae
1996 2810 2211 2881 natura:
2224 2834 2488 2889 ortarum,
2511 2838 2699 2892 pauca:
2720 2832 3036 2894 stagnantes
3055 2828 3425 2894 reperiuntur.

1861 2920 2048 2987 Neque
2081 2919 2225 2973 enim
2261 2932 2383 2986 qua!
2413 2931 2442 2970 a
2475 2915 2680 2976 maiore
2711 2915 2859 2970 fonte
2884 2916 3210 2985 principiqu
3239 2915 3425 2976 habet.

1862 3021 2123 3081 stagnans
2152 3023 2274 3063 esse
2308 3016 2505 3075 potest.
2544 3005 2886 3076 Quapropter
2935 3007 3100 3061 etiam
3158 3015 3381 3074 quotum
3407 3015 3429 3059 t

1862 3103 2016 3157 lacus
2047 3117 2111 3156 ex
2162 3100 2408 3154 fontibus
2442 3099 2643 3152 habent
2685 3098 2974 3166 principia,
3023 3099 3056 3153 ii
3112 3100 3195 3152 vel
3265 3098 3426 3167 182

188 3166 477 3236 ὑπονόμων
517 3168 857 3237 ἱστοροῦνται
913 3170 1052 3237 πρὸς
1123 3172 1400 3228 θάλασσαν
1453 3175 1750 3247 ἀπορρεῖν

1865 3194 2181 3249 manifestos
2211 3191 2420 3246 faciunt
2451 3190 2703 3255 ciﬂuxus,
2731 3190 2812 3242 vel
2853 3206 2947 3258 per
2972 3190 3253 3245 cuniculos
3314 3207 3427 3243 ιιιν-
3464 3198 3470 3205 ’

187 3256 373 3318 καθὼς
410 3260 506 3311 καὶ
556 3260 588 3327 ἡ
631 3259 737 3313 ὑπὸ
761 3260 820 3310 τὸ
850 3259 976 3328 ὅρος
1012 3261 1103 3315 τὸν
1145 3262 1440 3319 Καύκασον
1471 3266 1659 3335 λίμνη,
1690 3268 1755 3339 ἣν

187 3350 284 3419 (οι)
314 3351 491 3403 ἐκεῖσε
521 3349 795 3405 θάλασσαν
833 3351 1063 3406 καλοῦσι
1090 3353 1179 3406 διὰ
1206 3356 1264 3407 τὸ
1316 3357 1569 3425 μέγεθος·
1607 3359 1750 3431 αὕτη

188 3445 301 3516 γὰρ
332 3445 544 3500 πολλῶν
575 3448 841 3517 ποταμῶν
887 3449 1265 3518 ἐμϐαλλόντων
1320 3453 1403 3517 είς
1438 3454 1609 3524 αὐτὴν
1661 3460 1756 3510 καὶ

190 3535 446 3605 μεγάλων
493 3536 591 3590 οὐκ
630 3536 829 3607 ἔχουσα
875 3539 1107 3607 φανερδιν
1164 3538 1399 3611 ἔκρουν,
1464 3544 1756 3597 ἐκδίδωσιν

187 3629 297 3682 ὑπὸ
338 3628 439 3698 γῆν
471 3628 617 3682 κατὰ
663 3627 945 3700 Κοραξοὺς
993 3632 1123 3701 περὶ
1142 3632 1211 3686 τὰ
1253 3633 1565 3700 καλούμενα
1590 3636 1759 3707 βαθέα

183 3717 285 3774 τοῦ
312 3720 537 3774 Πόντου.
583 3720 749 3774 Ὅθεν
796 3723 894 3774 καὶ
925 3721 1115 3793 πόρρω
1144 3724 1243 3795 τῆς
1271 3726 1374 3795 γῆς
1423 3728 1555 3797 περὶ
1598 3744 1757 3799 τρια-

187 3811 353 3865 κόσια
386 3813 577 3866 στάδια
609 3814 796 3885 σχεδὸν
839 3814 1129 3870 ἀναδίδωσι
1182 3817 1413 3888 πότιμον
1463 3818 1606 3892 ὕδωρ
1662 3822 1758 3874 ἐπὶ

186 3902 354 3958 τόπον
386 3904 579 3960 πολύν.

264 4081 341 4150 ς’.
378 4083 534 4138 Ἐπεὶ
565 4085 744 4138 τοίνυν
770 4086 831 4139 εδ
880 4087 979 4154 τῆς
1008 4086 1286 4158 θαλάσσης
1313 4087 1459 4161 ὕδωρ
1492 4092 1759 4160 στάσιμον

127 4213 153 4233 .
185 4176 250 4231 ὃν
281 4179 380 4230 ούκ
427 4177 544 4231 ἐστι
572 4181 826 4248 πηγαῖον,
878 4179 956 4244 ὡς
1004 4180 1301 4247 δείκνυται,
1348 4183 1592 4238 λείπεται
1618 4181 1759 4240 εἶναι

191 4270 593 4339 συλλογιμαῖον.
636 4272 748 4325 Ούκ
801 4274 867 4326 ἂν
905 4272 951 4326 δ’
985 4271 1072 4341 εἴη
1112 4273 1506 4344 συλλογιμαῖον
1536 4278 1601 4330 ὲκ
1648 4276 1757 4331 τῶν

140 4360 147 4367 ’
191 4360 517 4431 εἰσρεόντων
564 4361 623 4413 ἐν
656 4362 795 4435 αὐτῇ
823 4364 1110 4431 ποταμῶν,
1164 4363 1269 4421 κᾶν
1301 4366 1483 4420 πολλοὶ
1518 4361 1621 4423 ῶσι
1664 4371 1760 4423 καὶ

196 4451 465 4521 μέγιστοι.
494 4452 698 4506 Τούτου
732 4453 841 4524 γὰρ
871 4453 1025 4517 ὄντος
1051 4450 1119 4525 ἦν
1153 4455 1221 4508 ἂν
1264 4457 1437 4511 πάλαι
1472 4458 1607 4512 ποτὲ
1639 4459 1755 4513 τῶν

191 4543 401 4614 καιρῶν
432 4544 755 4616 ὀλιγώτερον
785 4546 847 4599 τδ
878 4546 977 4615 τῆς
1012 4546 1293 4620 θαλάσσης
1327 4548 1495 4622 ὕδωρ,
1543 4553 1640 4605 καὶ
1669 4552 1757 4605 ἀεὶ
1790 4534 1836 4590 Ῑ)

193 4637 518 4709 ὲπληθύετο.
550 4637 763 4692 Μᾶλλον
815 4638 864 4692 δ’
908 4636 976 4710 ἦν
1006 4640 1073 4693 ἂν
1123 4641 1247 4712 ἔχον
1299 4645 1364 4697 ἑκ
1421 4645 1615 4715 πηγῶν
1656 4647 1753 4711 τὰς

192 4733 371 4803 ἀρχὰς
399 4732 545 4802 ἥπερ
572 4732 636 4785 ὲκ
672 4730 952 4801 ποταμῶν·
987 4732 1081 4786 καὶ
1112 4732 1258 4786 οὕτω
1296 4734 1458 4788 πάλιν
1506 4735 1756 4809 ἀπόρρυ-

189 4842 288 4880 τον
305 4821 394 4895 ἦν.

266 4913 334 4981 ζ’.
365 4915 428 4969 Οί
460 4914 559 4985 μὲν
583 4914 675 4969 οὖν
702 4918 767 4986 τῇ
793 4917 1106 4990 ἀνθρωπίνῃ
1136 4918 1296 4991 σοφίᾳ
1315 4921 1410 4974 καὶ
1439 4921 1538 4991 τὴν
1559 4921 1759 4978 θάλασ-

194 5024 294 5062 σαν
326 5006 585 5079 ἄναρχον,
613 5006 802 5079 ὥσπερ
846 5009 911 5080 δὴ
957 5011 1178 5065 καὶτὸν
1212 5013 1417 5082 κόσμον
1463 5014 1585 5067 ὅλον
1613 5014 1759 5069 ἑτοί-

196 5115 314 5170 μως
348 5098 565 5169 ἔχουσιν
621 5100 1026 5167 ἀποφαίνεσθαι
1056 5120 1070 5135 ·
1128 5103 1243 5157 ὅσοι
1288 5104 1345 5156 δὲ
1397 5106 1500 5176 τὴν
1554 5107 1759 5176 γνῶσιν

192 5189 352 5260 ἔσχον
389 5190 496 5243 ὑπὸ
554 5191 651 5261 τῆς
702 5191 797 5245 τοῦ
827 5193 985 5262 ἁγίου
1040 5195 1362 5266 Πνεύματος
1397 5199 1757 5271 ύφηγήσεως,

189 5282 364 5347 ὅντως
410 5281 540 5337 οὔτε
574 5284 691 5355 ,τὴν
725 5284 1026 5352 θάλασσαν,
1054 5288 1178 5342 οὔτε
1227 5290 1318 5342 τὸν
1354 5290 1517 5346 ἄλλον
1554 5298 1759 5367 κόσμον

189 5373 431 5443 ἄναρχον
475 5373 874 5444 ἐδιδάχθησαν,
918 5377 1035 5430 ἀλλ’
1077 5380 1381 5448 ἀκηκόασιν
1405 5398 1420 5413 ·
1476 5381 1577 5437 Ἐν
1597 5383 1758 5454 ἀρχῇ

190 5466 484 5534 ἐποίησεν
514 5469 548 5521 ὁ
600 5467 746 5534 Θεὸς
777 5471 883 5522 τὸν
911 5470 1178 5545 οὐρανὸν
1220 5473 1317 5525 καί
1349 5473 1467 5541 τὴν
1490 5473 1625 5545 γῆν·
1664 5479 1759 5531 καὶ

189 5558 398 5612 πάλινοι
436 5559 798 5626 Γεννηθήτω
845 5542 1174 5629 στερέωμᾶ,
1212 5564 1311 5616 καί
1356 5567 1422 5618 τὸ
1473 5542 1756 5623 ύποκάτω

185 5649 298 5705 τοῦ
341 5650 751 5723 στερεώματος
800 5652 959 5721 ὕδωρ
1016 5656 1393 5728 ,συναχθήτω
1453 5660 1540 5724 είς
1606 5663 1758 5730 μίαν

258 5835 307 5870 ’³
337 5834 362 5888 1
401 5834 625 5893 Meteor.
660 5851 710 5891 c.
746 5838 832 5896 13.
916 5838 958 5871 ’δ
987 5838 1123 5895 Gen.
1180 5855 1220 5906 t,
1256 5841 1305 5896 Ι.

1860 3297 2143 3341 morantur
2168 3285 2233 3338 ad
2293 3299 2442 3338 mare
2467 3282 2724 3337 deﬂuere.
2754 3264 3228 3348 Quemadmodum
3262 3282 3425 3337 rtizun

1859 3378 2009 3432 lacus
2035 3377 2080 3409 ’³
2117 3375 2219 3430 sub
2244 3382 2427 3429 monte
2460 3374 2734 3438 Caucaso,
2757 3390 2916 3442 quiem
2953 3374 3153 3429 acrola-
3207 3380 3428 3443 propter

1857 3467 2284 3536 magnitudinem
2314 3479 2462 3520 mare
2512 3473 2730 3521 vocant.
2795 3463 2894 3520 Hic
2943 3465 3088 3520 enim
3151 3467 3319 3519 multa
3372 3472 3428 3519 et

1859 3576 2049 3631 magna
2072 3558 2294 3614 ﬂumina
2315 3558 2369 3611 in
2400 3573 2460 3613 se
2486 3544 2770 3613 inﬂuentis
2788 3557 3084 3628 recipiens,
3119 3574 3218 3612 nec
3248 3558 3425 3613 mani-

1856 3651 2053 3707 festum
2089 3650 2345 3705 emuxum
2369 3650 2598 3714 habens,
2650 3657 2850 3703 terram
2890 3649 3036 3703 subit
3087 3657 3142 3702 et
3207 3647 3423 3703 demum

1852 3744 2008 3815 juxta
2047 3743 2289 3797 Coraxos
2313 3742 2457 3796 circa
2480 3752 2667 3797 vocata
2702 3741 2923 3805 bathea,
2968 3742 3146 3820 idest.
3201 3741 3427 3810 profun-

1857 3837 1924 3893 da
1962 3834 2109 3906 ponti
2135 3842 2387 3903 acceptas
2410 3832 2615 3888 evomit
2660 3847 2852 3902 aquas.
2893 3830 3050 3887 Unde
3080 3832 3243 3886 etiam
3302 3848 3429 3901 pro-

1857 3928 1945 3983 cul
1978 3942 2007 3980 a
2038 3935 2180 3981 terra
2223 3925 2288 3979 ad
2313 3933 2554 3980 trecenta
2586 3924 2699 3980 fere
2726 3926 2901 3979 stadia
2964 3924 3151 3980 multis
3191 3924 3245 3980 in
3288 3925 3426 3982 locis

1857 4032 2055 4086 aquam
2090 4014 2423 4085 potulentam
2450 4014 2674 4071 emittit.
3130 4076 3138 4087 θ

1931 4108 1981 4163 6.
2018 4106 2288 4174 Quoniam
2319 4106 2486 4176 igitur
2510 4120 2651 4175 aqua
2685 4107 2854 4162 maris
2882 4123 3003 4163 cum
3041 4115 3302 4178 stagnans
3331 4110 3426 4175 sit,

1858 4218 1970 4258 non
2000 4209 2082 4256 est
2106 4200 2327 4254 fontana
2359 4239 2376 4265 ,
2417 4208 2477 4253 ut
2504 4201 2808 4255 ostenditur
2839 4218 2854 4256 :
2884 4217 3002 4254 eam
3043 4218 3159 4256 esse
3187 4203 3430 4257 collecti-

1864 4295 1989 4348 tiam
2018 4292 2369 4360 relinquitur.
2402 4292 2522 4345 Non
2561 4292 2724 4347 fuerit
2774 4306 2956 4348 autem
3008 4295 3304 4350 collectitia
3359 4311 3426 4350 ex

1858 4385 2176 4441 ﬂuminibus
2238 4386 2415 4454 ipsum
2469 4384 2922 4453 ingredientibus,
2976 4387 3193 4442 tametsi
3258 4389 3427 4442 multa

1862 4479 1970 4534 sint
1994 4484 2048 4532 et
2081 4475 2340 4533 maxima.
2374 4473 2488 4530 Hoc
2524 4476 2668 4530 enim
2695 4477 2740 4532 si
2766 4488 2931 4546 esset,
2966 4479 3162 4545 priscis
3219 4489 3430 4549 tempo-

1863 4571 2017 4626 ribus
2044 4583 2185 4638 aqua
2222 4567 2391 4622 maris
2421 4568 2598 4623 minor
2626 4568 2841 4629 fuisset.
2873 4585 3197 4640 semperque
3247 4572 3431 4628 multi—

1866 4663 2184 4734 plicaretur.
2211 4657 2352 4725 Quin
2382 4660 2559 4726 potius
2584 4676 2647 4715 ex
2702 4658 2942 4716 fontibus
2972 4663 3206 4734 haberet
3225 4665 3433 4733 princi-

1868 4731 1954 4824 pia
1982 4791 1999 4817 ,
2057 4765 2220 4821 quam
2268 4764 2332 4805 ex
2360 4749 2723 4806 ﬂuminibus:
2772 4762 2825 4807 rt
2878 4752 2949 4807 ita
2977 4752 3156 4809 denuo
3193 4731 3431 4811 'emuida

1867 4852 2032 4901 esset.

1940 4936 1997 4991 7.
2028 4934 2129 5001 Qui
2171 4932 2357 5005 itaque
2393 4934 2639 4989 humana
2664 4934 2927 5004 sapientia
2967 4937 3240 5006 sapientes
3280 4950 3428 5001 sunt.

1863 5037 1918 5085 et
1947 5042 2096 5084 mare
2117 5027 2370 5098 principii
2387 5043 2601 5094 expers.
2630 5028 3087 5098 quemadmodum
3111 5045 3244 5085 sane
3260 5032 3427 5087 etiam

1862 5128 2038 5175 totum
2077 5120 2338 5174 mundum
2375 5128 2627 5190 prompte
2689 5121 2977 5175 enuntiare
3017 5136 3271 5192 possunt.
3322 5124 3429 5191 Qui

1859 5222 2040 5268 autem
2094 5228 2158 5267 ex
2229 5210 2468 5280 Spiritus
2529 5213 2705 5268 sancti
2768 5213 3111 5270 institutione
3180 5217 3428 5273 notitiam

1859 5306 2036 5372 adepti
2067 5314 2196 5363 sunt
2221 5346 2235 5371 ,
2256 5306 2312 5360 bi
2340 5321 2527 5361 revera
2561 5321 2741 5376 neque
2776 5322 2947 5373 mare,
2979 5324 3155 5379 neque
3171 5319 3427 5367 caeterum

1870 5397 2029 5468 183
2056 5397 2317 5451 tnnndnm
2363 5398 2615 5469 principii
2647 5404 3126 5470 expertemedoeti
3156 5416 3304 5470 sunt.
3332 5408 3429 5463 sed

1866 5489 2237 5541 audiverunt:
2269 5486 2358 5541 cln
2386 5490 2653 5558 principio
2676 5489 2804 5545 fecit
2829 5492 2971 5548 Deus
3012 5493 3208 5549 caelum
3233 5504 3293 5566 et
3326 5507 3431 5550 ια’·
3516 5550 3531 5557 ,

1867 5594 1980 5632 ram
2003 5577 2070 5633 ".
2088 5598 2106 5629 ι
2130 5579 2196 5634 Et
2224 5596 2416 5636 rursus
2437 5598 2450 5634 :
2473 5580 2589 5635 Fiat
2614 5582 3039 5650 ﬁrmamentum,
3064 5593 3117 5638 el
3141 5600 3281 5654 aqua
3311 5600 3433 5656 quan

1865 5667 2007 5725 infra
2032 5669 2431 5726 ﬁrmamentum
2467 5683 2546 5728 est
2579 5673 2632 5727 in
2675 5689 2835 5729 unam
2872 5677 3180 5745 congeriem
3210 5676 3433 5746 colliga-
