3832 6360
443 339 578 405 1159

1586 335 2011 394 NICEPHORI
2053 335 2470 396 BLEMMIDE

3526 321 3658 386 1160

435 468 523 512 tur
544 457 621 506 ⁸⁸»
654 454 779 525 (hoc
804 461 903 514 est,
926 449 1090 506 simul
1121 449 1190 503 sit
1211 456 1264 502 et
1296 463 1390 518 per
1415 447 1520 517 se),
1551 460 1603 503 et
1628 449 2000 518 conspiciatur

2138 451 2472 520 ὐγαγωγήν
2502 465 2513 478 ·
2575 447 2870 510 τουτέστιν,
2911 443 3078 513 Ὀμοῦ
3133 441 3376 511 γινέσθω
3413 443 3506 496 καὶ
3541 445 3665 496 καθ’

435 551 608 605 arida.
645 546 758 601 lloc
787 547 930 600 enim
955 543 1102 613 quod
1130 543 1280 596 estin
1309 557 1472 594 uuam
1505 542 1840 611 congeriem,
1893 557 2001 594 non

437 651 590 696 notat
621 639 772 700 illud,
800 638 852 690 in
889 652 996 690 uno
1033 635 1178 688 loco.
1217 632 1348 685 Nam
1405 634 1608 686 videsis
1660 628 1840 686 divina
1898 633 2001 686 ite-

435 749 556 789 rum
581 747 681 786 vox
706 729 1084 784 multitudines
1107 740 1370 796 aquarum
1406 725 1620 778 vocavit
1661 725 1860 780 maria.

509 912 562 965 8.
596 908 1060 974 Quemadmodum
1101 906 1267 975 Igitur
1316 905 1549 960 aliorum
1597 907 2001 960 elementorum

443 1001 738 1068 unicuique
767 999 1040 1066 proprium
1088 996 1268 1050 locitm
1303 997 1575 1057 conditor,
1617 997 1695 1048 sic
1749 1005 1802 1048 et
1853 1011 2010 1065 aqum

441 1095 736 1160 separavit.
768 1089 997 1144 Videtur
1055 1097 1236 1141 autem
1269 1088 1428 1140 etiam
1466 1087 1709 1154 physicis
1753 1087 1907 1141 locus
1965 1089 2010 1142 is

441 1203 602 1253 quem
647 1199 793 1235 mare
838 1184 1098 1244 continet,
1141 1197 1247 1234 non
1283 1197 1404 1234 esse
1462 1181 1626 1232 maris
1690 1181 1864 1244 locus,
1918 1181 2009 1234 sed

441 1294 595 1344 aqum
629 1266 1386 1344 simpliciter":Undeetiam
1442 1275 1625 1326 omnia
1681 1273 1902 1326 flumina
1945 1273 2010 1324 ad

446 1383 616 1428 mare,
651 1374 708 1418 ut
733 1365 796 1416 ad
828 1363 1103 1432 proprium
1131 1363 1307 1415 lorum
1343 1364 1612 1417 feruntur.
1651 1363 1782 1414 Nam
1831 1361 2012 1416 ﬂuxus

447 1461 500 1513 in
525 1461 795 1513 caviorem
822 1467 1029 1526 partem
1062 1457 1362 1515 seetmdum
1389 1465 1634 1508 naturam
1665 1473 1818 1524 aqua:
1847 1456 2009 1523 inest,

447 1560 502 1606 et
537 1566 687 1605 mare.
708 1550 885 1604 locum
911 1559 1067 1603 terra?
1095 1549 1444 1603 cavissimtuu
1472 1557 1703 1613 οπυρειρει

518 1738 572 1794 9.
605 1737 935 1795 Sedss-dinem
977 1752 1140 1805 porro
1172 1742 1225 1789 (η
1250 1737 1666 1788 amaritudine-tt
1698 1753 1859 1803 quam
1913 1737 2011 1790 ha-

450 1829 565 1892 bet,
596 1845 661 1882 ex
702 1845 766 1884 eo
799 1831 942 1898 quod
966 1829 1228 1891 consistit
1275 1829 1344 1890 ",
1393 1839 1446 1879 et
1480 1829 1624 1895 quod
1661 1830 1794 1881 adeo
1825 1845 1852 1882 a
1901 1833 2012 1883 sole

446 1931 728 1990 evaporat,
764 1920 963 1976 habere
991 1921 1220 1974 videtur.
1249 1919 1384 1974 Nam
1435 1929 1610 1973 stante
1643 1920 1761 1986 ipso
1793 1921 1840 1973 id
1895 1921 2016 1988 qui-

449 2013 568 2067 dem
606 2013 750 2082 quod
783 2025 867 2068 est
897 2004 1114 2066 tenuius
1140 2013 1223 2067 sol
1277 2013 1559 2075 extrahit;
1614 2013 1753 2080 quod
1830 2020 2011 2066 autem

449 2106 691 2160 crassius
722 2113 828 2169 est,
869 2104 1165 2174 relinquit;
1204 2105 1353 2173 quod
1419 2120 1548 2156 sane
1582 2119 1704 2156 cum
1767 2104 2014 2172 quaedam

451 2195 616 2251 veluti
655 2195 1003 2264 superﬂuitas
1035 2210 1190 2264 aqua:
1214 2197 1304 2255 sit.
1339 2195 1538 2246 salsum
1567 2206 1617 2247 et
1644 2210 1886 2248 amarum
1913 2204 2016 2250 est.

451 2285 916 2350 Quemadmodum
941 2285 1083 2340 enim
1122 2285 1178 2337 in
1215 2283 1376 2354 1833.
1429 2285 1752 2354 corporibus
1807 2284 2019 2338 anima-

454 2381 582 2432 lium
619 2380 895 2446 potulento
921 2379 1145 2433 humido
1181 2379 1303 2432 cibo
1339 2379 1587 2447 ingresso
1655 2393 1902 2432 amarum
1967 2388 2022 2432 et

457 2471 660 2525 salsum
689 2470 930 2525 redditur
959 2469 1011 2524 id
1054 2469 1487 2538 superﬂuitatum
1543 2485 1714 2539 genus
1758 2472 1902 2540 quod
1964 2471 2022 2524 in

457 2561 694 2615 vesicam
717 2561 1036 2632 colligitur;
1069 2561 1194 2628 quia
1226 2575 1253 2612 a
1282 2561 1463 2616 nativo
1497 2563 1676 2615 calo-rc
1707 2562 2021 2617 animalium

459 2655 604 2723 quod
644 2653 881 2722 potabile
917 2662 1000 2707 est
1049 2653 1347 2709 attrahitur
1381 2655 1449 2719 ’,
1509 2655 1672 2722 inque
1711 2672 1903 2710 carnes
1973 2665 2026 2710 et

459 2747 726 2816 reliquam
759 2746 1009 2814 corporis
1038 2746 1402 2818 sulistaptiam
1440 2755 1497 2799 ut
1528 2747 1783 2800 convenit
1831 2747 2026 2803 distri-

460 2838 680 2903 lmitur;
713 2837 791 2890 sic
813 2837 972 2890 etiam
1012 2837 1066 2891 in
1098 2850 1234 2904 aqua
1271 2836 1384 2890 tieri
1434 2837 1856 2892 existimandum
1921 2849 2023 2894 est.

460 2927 592 2979 Cum
616 2927 756 2979 enim
788 2925 1040 2980 universa
1095 2927 1269 2980 dulcis
1316 2927 1409 2992 sit,
1467 2928 1592 2996 quia
1646 2929 1790 2996 quod
1854 2930 2028 2997 ipsius

415 3071 428 3081 ο
464 3016 696 3082 potabile
723 3024 805 3069 est
830 3029 927 3085 per
947 3016 1346 3070 exhalationem
1381 3032 1410 3070 a
1435 3018 1601 3071 solari
1635 3019 1816 3072 calore
1841 3034 2030 3073 excer-

449 3211 632 3275 _versaa
663 3207 747 3250 est
770 3196 1141 3265 superﬂuitas,
1182 3205 1238 3251 et
1275 3197 1482 3252 salsum
1537 3205 1588 3250 et
1621 3215 1869 3252 amarum
1920 3211 2030 3254 est.

532 3287 621 3341 l9.
647 3285 764 3341 Jam
789 3303 916 3342 vero
950 3289 1164 3342 etiamsi
1194 3287 1424 3342 multum
1465 3303 1618 3358 aqua!
1640 3289 1872 3359 singulis
1915 3289 2035 3344 dic-

465 3380 569 3435 bus
607 3381 660 3434 in
693 3395 842 3434 mare
889 3379 1068 3434 inﬂuit
1095 3381 1163 3446 η,
1209 3380 1378 3434 nihilo
1427 3388 1612 3435 tamen
1679 3381 1857 3450 majus
1907 3381 2033 3436 inde

468 3486 619 3526 mare
645 3471 896 3529 cllicitur.
941 3472 1135 3526 Omnis
1159 3473 1301 3525 enim
1337 3487 1478 3542 aqua
1507 3473 1560 3526 in
1596 3474 1772 3541 ipsum
1803 3475 2034 3526 inﬂuens

466 3579 588 3617 cum
621 3565 673 3616 in
706 3565 1026 3620 immensam
1059 3565 1474 3633 amplitudinem
1536 3564 1854 3633 dissipetur,
1923 3565 2034 3619 cito

468 3653 742 3721 nobisque
767 3673 873 3709 non
907 3656 1467 3710 auimadvertentibus
1493 3657 1823 3710 exsiccatur.
1853 3655 2038 3724 Neque

468 3761 596 3799 vero
628 3748 822 3800 itcrmn
875 3763 1022 3802 mare
1057 3749 1484 3815 deprehenditur
1557 3748 1760 3814 minus,
1818 3747 2037 3801 tametsi

469 3837 651 3889 multa:
685 3838 925 3906 quotidie
954 3853 1021 3892 ex
1084 3838 1204 3908 ipso
1268 3839 1643 3894 exhalationes
1699 3839 2032 3904 ascendant;

469 3935 752 3996 propterea
785 3929 927 3997 quod
954 3944 1113 3998 aqua,
1142 3945 1261 3999 quae
1279 3946 1343 3984 ex
1396 3931 1532 3984 mari
1566 3929 1900 3999 evaporuvit,
1960 3929 2039 3982 vi-

469 4019 655 4072 cissim
704 4017 957 4082 infertur,
993 4033 1115 4072 cum
1171 4034 1267 4088 per
1324 4019 1682 4086 ingredientia
1747 4020 1800 4072 in
1863 4020 2038 4087 ipsum

471 4111 713 4174 ﬂumina,
746 4119 856 4163 tum
884 4127 979 4180 per
1009 4113 1244 4180 pluviam
1276 4127 1398 4180 quae
1428 4112 1482 4164 in
1512 4112 1690 4178 ipsum
1719 4111 1941 4164 decidit.
1973 4109 2040 4164 Et

474 4209 530 4253 ut
565 4215 672 4255 uno
695 4202 861 4256 verbo
885 4202 1087 4265 dicam,
1113 4201 1257 4270 quod
1285 4202 1508 4254 marina:
1541 4217 1694 4271 aquae
1731 4203 1898 4256 moles
1929 4215 2040 4254 non

473 4304 720 4362 augetur,
753 4293 806 4347 in
827 4307 994 4347 causa
1027 4301 1111 4347 est
1143 4293 1555 4348 ascendentium
1589 4307 1846 4362 vaporum
1883 4292 2040 4362 185

473 4385 664 4453 copia;
698 4383 841 4455 quod
873 4396 1054 4439 autem
1089 4393 1280 4438 contra
1310 4400 1418 4439 non
1452 4385 1743 4450 minuitur,
1783 4385 1836 4437 in
1873 4400 2040 4439 causa

473 4487 556 4530 est
585 4491 723 4545 aqua
752 4478 1124 4532 exstrinsecus
1158 4476 1498 4546 ingrediens.

544 4567 630 4622 ll.
715 4567 1014 4637 Eapropter
1063 4582 1239 4637 neque
1298 4567 1514 4623 dulcius
1565 4567 1632 4621 ab
1692 4565 2039 4622 extrinsecus

475 4659 799 4715 adveniente
820 4673 982 4729 aqua,
1017 4675 1197 4728 neque
1230 4658 1475 4713 vicissim
1513 4658 1580 4712 ab
1597 4657 2036 4714 cxhalationibus

475 4751 673 4808 salsius
697 4762 752 4808 et
781 4752 1019 4806 amarius
1056 4766 1209 4807 mare
1235 4751 1514 4818 redditur;
1549 4751 1643 4806 sed
1679 4750 1790 4806 fere
1823 4766 2041 4821 semper

475 4845 720 4898 eamdem
773 4854 826 4898 et
865 4845 1224 4914 quantitatem
1277 4853 1335 4901 et
1384 4844 1704 4914 qualitatem
1757 4859 1914 4914 aqua:
1951 4860 2040 4900 re-

478 4936 640 4990 tinet.

548 5024 638 5079 12.
663 5024 896 5080 Proinde
935 5027 1024 5096 qui
1053 5042 1199 5081 mare
1221 5027 1474 5098 principii
1503 5043 1698 5098 expers
1725 5028 1951 5092 faciunt.
1989 5029 2043 5084 hi

477 5116 643 5170 etiam
677 5129 1081 5187 consequenter
1115 5120 1429 5189 qualitatem
1477 5120 1595 5188 ejus
1648 5123 1918 5192 principio
1952 5138 2045 5178 ca-

477 5223 600 5272 rere
634 5209 838 5264 dicunt.
875 5211 976 5276 Qui
1009 5221 1188 5266 autem
1225 5227 1288 5266 ex
1330 5228 1486 5268 sacra
1535 5213 1819 5286 Scriptura
1875 5218 2046 5272 maris

481 5302 888 5368 generationem
924 5303 1256 5369 didicerunt,
1285 5306 1336 5358 hi
1369 5307 1536 5360 etiam
1572 5309 1854 5377 qualitatis
1890 5310 2048 5364 istius

483 5393 816 5462 principium
850 5395 1053 5458 sciunt,
1105 5397 1408 5466 spiritualia
1465 5399 1720 5456 simulet
1780 5404 2049 5457 naturalia

479 5484 728 5555 dogmata
758 5498 1070 5555 sequentes.
1093 5491 1231 5554 Quia
1251 5494 1395 5546 enim
1422 5493 1510 5547 Dei
1536 5493 1690 5561 jussu
1712 5497 2050 5566 disseparata

479 5585 562 5630 cst
589 5591 615 5628 a
648 5577 988 5636 ﬁrmamento
1015 5599 1154 5652 aqua
1187 5593 1388 5638 terram
1452 5587 1880 5657 circumtegcns,
1943 5591 2035 5644 illa

549 5759 593 5789 ’⁵
619 5758 754 5814 Gen.
789 5776 824 5826 ι,
885 5762 936 5817 9.

1015 5764 1057 5794 ’⁸
1083 5763 1116 5813 9.
1156 5763 1374 5817 .lletcor.
1405 5763 1532 5818 αἳ.
1610 5765 1658 5796 ’⁷
1683 5765 1816 5823 lbid.
1863 5783 1911 5822 c.
1958 5768 2011 5821 5.

2107 544 2260 606 αὐτὸ,
2307 543 2403 595 καὶ
2441 541 2664 610 ὀφθήτω
2694 542 2724 610 ὴ
2757 540 2916 608 ξηρά.
2959 538 3034 590 Τὸ
3066 538 3173 607 γὰρ
3220 537 3310 601 εις
3339 537 3488 604 μίαν
3518 550 3668 589 συν-

2106 634 2346 702 αγωγὴν
2383 635 2442 686 οὐ
2474 634 2624 703 δηλοῖ
2640 633 2700 686 τὸ
2734 633 2804 684 ἐν
2834 633 2921 683 ἐνὶ
2956 632 3136 692 τόπῳ.
3183 629 3315 682 Ἰδοὺ
3344 630 3509 698 γὰρὴ
3547 630 3666 682 θεία

2112 727 2276 780 πάλιν
2311 725 2463 796 φωνὴ
2507 725 2577 778 τὰ
2632 725 2959 794 συστήματα
3022 722 3130 774 τῶν
3181 721 3390 775 ὑδάτων
3440 722 3667 776 ἐκάλεσε

2112 817 2400 879 θαλάσσας.
3433 867 3443 875 .

2181 917 2249 978 η’,
2297 911 2507 979 Ὥσπερ
2562 909 2742 962 τοίνυν
2777 909 2884 961 τῶν
2932 909 3113 963 ἄλλων
3148 906 3429 976 στοιχείων
3462 904 3678 969 ἑκάστῳ

2111 1000 2275 1052 τόπον
2307 1001 2436 1052 ξ’διον
2483 1000 2762 1065 ἀφώρισεν
2813 1001 2840 1050 ό
2870 997 3224 1067 δημιουργὸς,
3277 995 3419 1049 οὕτω
3464 995 3530 1064 δὴ
3585 996 3679 1047 καὶ

2114 1093 2188 1162 τῷ
2211 1085 2382 1144 ὕδατι.
2416 1093 2574 1144 Δοκεῖ
2595 1091 2649 1144 δὲ
2677 1093 2772 1142 καὶ
2806 1093 2918 1152 τοῖς
2973 1092 3222 1156 φυσικοῖς
3251 1089 3310 1141 δν
3335 1089 3562 1157 κατέχει
3590 1088 3676 1139 τό·

2116 1203 2216 1235 πον
2247 1186 2280 1254 ὴ
2334 1185 2600 1256 θάλασσα,
2671 1185 2746 1253 μὴ
2801 1180 2941 1236 εἶναι
2996 1183 3274 1251 Θαλάσσης
3330 1184 3518 1244 τόπον,
3569 1181 3682 1234 ἀλλ’

2117 1275 2301 1336 ἀτελῶς
2328 1274 2538 1336 ὕδατος.
2579 1275 2740 1326 Ὅθεν
2790 1278 2882 1326 καὶ
2926 1275 3129 1336 πάντες
3165 1275 3214 1325 οί
3281 1275 3517 1340 ποταμοὶ
3550 1273 3680 1340 πρὶς

2119 1366 2216 1432 τὴν
2268 1366 2564 1426 θάλασσαν,
2606 1364 2682 1427 ὡς
2741 1366 2879 1432 πρὸς
2939 1367 3138 1418 οίκείον
3189 1366 3442 1435 φέρονται
3495 1365 3683 1419 τόπον.

2120 1458 2210 1517 Ei';
2252 1474 2309 1506 τε
2341 1457 2448 1526 γὰρ
2477 1457 2537 1508 τὸ
2569 1457 2876 1525 κοιλότερον
2923 1459 2956 1527 ή
3010 1457 3171 1524 ῥύσις
3232 1457 3376 1510 κατὰ
3406 1457 3575 1525 φύσιν
3609 1457 3682 1525 τῷ

2121 1545 2296 1608 ὕδατι,
2331 1548 2424 1599 καὶ
2451 1547 2484 1615 ἠ
2510 1547 2754 1600 θάλασσα
2787 1547 2878 1600 τὸν
2925 1547 3238 1600 κοιλότατον
3265 1547 3428 1600 τόπον
3460 1547 3682 1616 κατέχει

2119 1639 2220 1706 τῆς
2253 1641 2377 1706 γῆς·

2196 1731 2265 1784 θ’.
2297 1732 2406 1800 Τὴν
2455 1732 2809 1802 ἁλμυρότητα
2858 1731 2913 1784 δὲ
2941 1731 3038 1784 καὶ
3066 1733 3166 1800 τὴν
3209 1732 3440 1803 πικρίαν
3471 1732 3538 1803 ἦν
3575 1732 3682 1802 ἔχει

2117 1823 2449 1893 ἡθέιλασσα,
2488 1826 2552 1876 ἐκ
2608 1825 2700 1876 τοῦ
2758 1823 3007 1877 ἵστασθαι
3061 1826 3156 1876 καὶ
3199 1825 3374 1876 διόλου
3425 1825 3680 1892 ἁτμίζειν

2118 1916 2220 1969 ὑπὸ
2250 1916 2343 1968 τοῦ
2375 1898 2708 1986 ἡλίου-ἐχειν
2754 1917 2922 1970 δοκεῖ.
2968 1916 3293 1986 ἰσταμένης
3329 1919 3438 1987 γὰρ
3487 1919 3675 1986 αὐτῆς,

2117 2006 2176 2058 τὸ
2212 2007 2308 2067 μὲν
2343 2005 2668 2076 λεπτότερον
2703 2009 2966 2075 ἀνιμᾶται
3004 2008 3032 2059 ὀ
3061 2009 3235 2078 ἥλιος,
3264 2009 3324 2061 τδ
3353 2009 3409 2060 δὲ
3444 2009 3684 2078 παχύτε-

2123 2115 2213 2167 ρον
2271 2098 2592 2151 καταλείπει
2629 2115 2645 2131 ⁸
2708 2099 2842 2168 ὅπερ
2888 2097 2999 2152 οἷον
3040 2101 3356 2170 περίττωμα
3385 2100 3444 2152 ὃν
3483 2101 3684 2164 ὕδατος,

2119 2191 2362 2258 ἁλμυρόν
2423 2193 2539 2242 ἐστι
2609 2192 2706 2244 καὶ
2771 2192 2987 2261 πικρόν.
3033 2192 3120 2253 Ὠς
3171 2193 3281 2262 γάρ
3317 2195 3376 2243 ὲν
3433 2196 3549 2255 τοῖς
3584 2194 3686 2244 τῶν

2122 2282 2273 2346 ζώων
2305 2283 2518 2350 σώμασι
2542 2285 2771 2352 ποτίμου
2835 2283 2934 2352 τῆς
2970 2285 3142 2354 ὑγρᾶς
3191 2286 3542 2352 εἰσελθούσης
3574 2302 3686 2353 τρο-

2123 2372 2230 2442 φῆς
2264 2374 2464 2442 πικρὸν
2514 2375 2610 2428 καὶ
2670 2376 2912 2444 ἁλμυρὸν
2945 2376 3156 2443 γίνεται
3194 2377 3253 2427 τὸ
3299 2377 3686 2444 συλλεγόμενον

2124 2465 2203 2526 είς
2226 2463 2322 2534 τὴν
2351 2467 2543 2518 κύστιν
2571 2466 2923 2538 περίττωμα,
2963 2467 3052 2519 διὰ
3075 2466 3137 2518 τὺ
3180 2466 3286 2518 ὑπὸ
3314 2469 3406 2536 τῆς
3446 2471 3682 2536 ἐμφύτου

2123 2559 2236 2621 τοῖς
2262 2556 2424 2624 ζώοις
2472 2559 2812 2632 θερμότητος
2845 2559 2903 2613 τὺ
2932 2559 3171 2631 πότιμον
3198 2557 3456 2614 ἕλκεσθαι
3481 2560 3588 2612 καὶ.
3615 2562 3687 2621 es;

2126 2653 2224 2714 τὰς
2263 2652 2473 2723 σάρκας
2527 2644 2622 2705 καὶ
2674 2653 2776 2722 τὴν
2829 2654 3022 2723 λοιπὴν
3061 2654 3250 2706 οὐσίαν
3295 2653 3390 2705 τοῦ
3445 2653 3689 2723 σώματος

2131 2743 2477 2797 ἀναδίδοσθαι
2505 2745 2690 2808 καθὼς
2723 2746 2990 2814 πέφυκεν·
3015 2745 3185 2809 οὕτως
3220 2746 3566 2814 ὑποληπτέον
3595 2749 3688 2798 κά-

2130 2836 2192 2888 πὶ
2224 2836 2314 2888 τοῦ
2347 2835 2534 2900 ὕδατος
2588 2836 2856 2904 γίνεσθαι.
2918 2837 3154 2900 Γλυκέυς
3236 2838 3345 2907 γὰρ
3396 2840 3554 2902 ὄντος
3605 2837 3689 2890 τοῦ

2129 2927 2326 2999 ἀθρόου
2352 2930 2428 2996 τῷ
2457 2929 2515 2981 τὸ
2556 2931 2786 2999 πότιμον
2816 2929 2980 2982 αὑτοῦ
3005 2929 3094 2982 διὰ
3137 2929 3236 2998 τῆς
3271 2932 3690 2999 ἀναθυμιάσεως

2131 3017 2229 3084 τῆς
2265 3017 2497 3088 ἡλιακῆς
2542 3019 2874 3087 θερμότητος
2907 3019 3320 3087 ἀποκρίνεσθαι,
3353 3019 3414 3071 τὸ
3445 3020 3689 3070 καταλει-

297 3157 304 3166 ,
393 3172 401 3180 _
465 3108 636 3171 nitur,
671 3107 719 3158 id
750 3105 895 3176 quod
927 3105 1281 3174 relinquitur,
1315 3114 1367 3160 et
1395 3106 1551 3175 quasi
1604 3107 1852 3176 quaedam
1912 3108 2027 3162 uui-

2138 3111 2369 3179 πόμενον
2393 3113 2486 3163 καὶ
2509 3111 2696 3179 ὥσπερ
2731 3112 3050 3181 περίττωμα
3077 3109 3170 3164 τοῦ
3206 3111 3402 3174 παντὸς
3434 3110 3491 3163 ὃν
3523 3112 3691 3182 ἁλμυ-

2145 3207 2242 3277 ρόν
2275 3209 2391 3259 ἐστι
2424 3209 2516 3260 καὶ
2547 3207 2762 3276 πικρόν.

2207 3307 2260 3355 ι’.
2314 3301 2515 3354 Πολλοῦ
2567 3302 2622 3352 δὲ
2661 3300 2895 3371 πλήθους
2945 3286 3138 3363 ὓδατος
3197 3300 3434 3370 ἑκάστης
3487 3298 3691 3369 ἡμέρας

2135 3389 2491 3457 ὲμὸάλλοντος
2520 3392 2599 3452 εἰς
2625 3391 2721 3459 τὴν
2767 3389 3063 3452 θάλασσαν,
3105 3388 3256 3441 οὐδὲν
3305 3387 3505 3440 πλείων
3538 3389 3572 3457 ἡ
3608 3387 3692 3440 θάο

2135 3479 2310 3533 λασσα
2357 3481 2588 3547 γίνεται.
2645 3483 2757 3532 Πᾶν
2789 3482 2893 3549 γὰρ
2934 3480 2994 3533 τὸ
3045 3481 3125 3542 είς
3179 3478 3355 3549 αὐτὴν
3405 3479 3689 3547 ἐμϐάλλον,

2137 3569 2215 3630 είς
2251 3570 2446 3636 ἀχανὲς
2482 3569 2682 3632 πλάτος
2733 3569 3122 3638 σκιδνάμενον,
3163 3570 3297 3639 ταχύ
3344 3587 3402 3622 τε
3434 3569 3530 3623 καὶ
3577 3569 3693 3636 ἀδήο

2138 3663 2247 3726 λως
2278 3663 2722 3731 ἀναξηραίνεται.
2756 3664 2891 3715 Οῠτε
2923 3664 2978 3716 δὲ
3011 3662 3172 3716 πάλιν
3199 3663 3232 3732 η
3261 3662 3505 3732 Θάλασσα
3552 3661 3692 3714 ἐλάτ-

2139 3771 2245 3807 των
2299 3753 2550 3821 φαίνεται
2621 3753 2827 3822 πολλῆς
2887 3754 3239 3824 καθεκάστην
3282 3754 3580 3822 γινομένης
3608 3755 3693 3822 τῆς

2140 3846 2557 3915 ἀναθυμιάσεως
2616 3845 2677 3910 ἐξ
2723 3845 2912 3916 αὐτῆς,
2941 3847 3024 3898 ὃτι
3055 3844 3116 3898 τὸ
3146 3845 3252 3899 ἀπὸ
3294 3846 3393 3914 τῆς
3427 3844 3693 3910 θαλάσσης

2141 3939 2373 4009 ἁτμίσαν
2445 3938 2589 4017 ὕδωρ
2647 3934 2803 4002 αὖθις
2878 3939 3266 4008 ἀντεισάγεται
3322 3939 3412 3993 διά
3473 3955 3535 3991 τε
3596 3937 3692 3991 τῶν

2141 4031 2466 4101 εἰσρεόντων
2509 4031 2590 4093 είς
2613 4031 2786 4101 αὐτὴν
2821 4033 3105 4102 ποταμῶν,
3133 4032 3228 4086 καὶ
3261 4032 3356 4085 τοῦ
3399 4048 3694 4100 καταφερο-

2145 4127 2308 4196 μένου
2350 4123 2510 4178 ὑετοῦ
2543 4125 2684 4195 πρὸς
2717 4125 2912 4197 αὑτήν.
2949 4127 3062 4180 Καὶ
3098 4126 3286 4189 ἁπλῶς
3332 4125 3426 4178 τοῦ
3478 4125 3581 4194 μὲν
3630 4123 3710 4192 μὴ,

2143 4218 2403 4286 πληθύειν
2447 4219 2538 4271 τδν
2577 4219 2742 4286 ὄγκον
2795 4218 2889 4272 τοῦ
2948 4221 3151 4288 ταύτης
3188 4217 3398 4284 ιῦδατος
3426 4222 3602 4272 αἴτιον
3647 4219 3695 4268 τὸ

2147 4309 2347 4377 πλῆθος
2375 4309 2483 4362 τῶν
2513 4311 2935 4378 ἀναφερομένων
2981 4310 3190 4379 ἀτμῶν,
3223 4309 3318 4363 τοῦ
3362 4310 3416 4362 δὲ
3450 4311 3527 4380 μὴ
3559 4312 3694 4363 ἐλατ-

2145 4400 2370 4454 τοῦσθαι
2437 4401 2596 4454 πάλιν
2661 4391 2835 4454 αἴτιον
2903 4403 2965 4455 τὸ
3038 4401 3236 4467 ἔξωθεν
3325 4405 3696 4474 εἰσερχόμενον

2148 4493 2313 4564 ὕδωρ.

2218 4583 2310 4638 ια’.
2344 4586 2442 4639 Διά
2469 4586 2642 4640 ταῦτα
2685 4587 2774 4640 καὶ
2813 4585 2935 4640 οὔτε
2969 4588 3278 4658 γλυκυτέρα
3312 4589 3417 4640 ὑπὸ
3447 4591 3542 4641 τοῦ
3577 4587 3697 4652 ἔξω·

2148 4675 2239 4730 θεν
2268 4677 2518 4747 ὓδατοςή
2559 4679 2828 4742 θάλασσα,
2878 4678 2973 4731 ob:
3019 4679 3170 4741 αὖθις
3224 4679 3574 4749 άλμυροτὲρα
3610 4683 3694 4731 καὶ

2149 4773 2450 4840 πικροτέρα
2479 4770 2583 4821 ὑπὸ
2621 4770 2730 4822 τῶν
2763 4770 3182 4839 ἀναθυμιάσεων
3223 4773 3453 4839 γίνεται,
3489 4771 3603 4823 ἀλλ’
3628 4771 3694 4831 ὡς

2145 4863 2347 4915 ἐπίπαν
2376 4862 2437 4914 τδ
2472 4863 2604 4915 αὐτὸ
2637 4865 2801 4916 ποσόν
2844 4879 2904 4915 τε
2963 4864 3058 4915 καὶ
3092 4863 3245 4917 ποιδν
3293 4864 3559 4932 φυλάσσει
3610 4860 3692 4914 τοῦ

2149 4954 2364 5017 ὓδατος.

2221 5047 2308 5115 ιβ’.
2351 5047 2414 5098 Οἱ
2448 5046 2548 5117 μὲν
2581 5043 2673 5100 οὗν
2703 5046 2940 5116 ἄναρχον
2983 5047 3258 5110 ποιοῦντες
3303 5047 3402 5117 τὴν
3437 5049 3698 5102 θάλασσαν

2151 5139 2386 5209 ἄναρχον
2425 5141 2742 5203 ἀκολούθως
2779 5141 2875 5193 καὶ
2925 5143 3026 5211 τὴν
3059 5143 3227 5212 αὐτῆς
3271 5138 3412 5196 εἶναι
3457 5147 3699 5210 ποιότητα

2151 5231 2442 5297 λέγουσιν·
2493 5234 2541 5284 οἱ
2587 5235 2642 5286 δὲ
2692 5234 2792 5303 τὴν
2852 5233 2950 5302 τῆς
2998 5233 3272 5302 θαλάσσης
3305 5233 3516 5300 γένεσιν
3565 5234 3700 5300 παρὰ

2149 5325 2248 5391 τῆς
2284 5323 2435 5386 θείας
2472 5325 2818 5394 μεμυημένοι
2853 5325 3108 5394 Γραφῆς,
3142 5325 3319 5378 οἴδασι
3349 5325 3444 5378 καὶ
3489 5324 3588 5395 τὴν
3612 5326 3701 5390 ἀρ⁹

2149 5416 2250 5484 χὴν
2297 5415 2398 5483 τῆς
2432 5416 2640 5484 ταύτης
2676 5419 2983 5487 ποιότητος,
3019 5419 3404 5486 πνευματικοῖς
3450 5416 3584 5485 ὁμοῦ
3617 5414 3702 5467 καὶ

2153 5509 2404 5574 φυσικοῖς
2437 5506 2694 5574 ἑπόμενοι
2735 5508 3024 5577 δόγμασινο
3058 5509 3181 5560 ἐπεὶ
3216 5507 3322 5576 γὰρ
3359 5505 3492 5559 Θεοῦ
3529 5504 3698 5558 κελεύ-

2161 5611 2242 5645 σει
2279 5595 2682 5666 δακεχώρισται
2733 5599 2792 5651 τὸ
2831 5598 3235 5670 περικαλύπτον
3279 5600 3378 5669 τὴν
3433 5600 3536 5668 γῆν
3567 5595 3696 5664 ὕδωρ

2087 5770 2132 5800 ἰ
2164 5770 2300 5824 nun.
2333 5786 2382 5826 ο.
2415 5771 2470 5827 2.
2546 5773 2592 5804 ε’
2626 5741 2763 5827 lbid.
