3832 6360
210 349 353 418 1165
398 341 400 343 ’

1351 373 1358 380 ’
1460 368 1794 430 ΕΡΙΊῸΜΕ
1831 370 2186 432 PHYSICA.
2229 371 2240 378 ’

3341 373 3473 438 Ηϐίῑ

201 467 377 538 ιρορὰς
409 465 590 537 ἔχουσι
623 469 757 540 πρὸς
806 472 896 525 τόν
927 474 1079 544 ἦλιον
1117 479 1266 547 παρά
1320 481 1443 545 τοῑις
1476 478 1558 546 οἷς
1599 484 1767 553 παρά·

1887 481 2057 535 solem
2100 480 2193 549 qui
2230 479 2644 536 exhalatinnum
2709 496 2874 537 causa
2928 492 3014 538 est
3047 482 3469 554 dispositionem

201 577 433 614 κεινται.
475 560 550 613 Οὑ
586 561 692 632 μὴν
729 564 844 616 ἀλλ’
880 567 1052 620 ἐνίοτε
1090 573 1234 626 κατά
1268 572 1370 642 μὲν
1401 573 1520 627 τόδε
1565 576 1627 628 τὸ
1682 577 1776 646 μὲ-

202 667 300 719 ρος
329 651 430 720 τὴν
471 651 646 724 ξηρὰν
680 655 1050 728 ἀναθυμίασιν
1079 664 1378 733 συμϐαίνει
1410 665 1776 733 πλεονεκτεῖν,

197 741 344 796 κατά
365 743 497 797 δὲτὸ
525 748 940 818 παρακείμενον
971 753 1074 824 τὴν
1111 757 1306 826 ὑγράν·
1343 759 1442 813 καὶ
1479 760 1776 815 ἀνάπαλιν.

199 835 388 909 Οΰπερ
412 839 586 892 αῖτιον
611 841 680 896 ἃν
710 843 796 915 εἴη
830 845 890 898 τὸ
923 847 1053 900 ποτὲ
1085 849 1186 919 μὲν
1223 852 1317 921 ἀφ’
1341 847 1410 925 ἧς
1449 854 1780 924 ἀναφέρεται

1885 571 2113 629 habent.
2153 570 2259 624 nisi
2316 578 2538 639 propter
2595 571 2763 626 situm
2816 574 3054 641 aliquem
3113 577 3470 645 peculiarem.

1886 661 2004 717 loca
2028 659 2277 730 quasdam
2309 662 2379 717 ab
2409 662 2518 717 illis
2543 663 2744 733 quibus
2801 665 3058 735 adjacent
3096 669 3469 725 diﬂ‘erentiatn

1888 755 2146 810 habeant.
2192 755 2271 808 .At
2301 769 2431 810 vero
2486 755 2757 810 interdum
2795 757 2848 812 in
2914 775 3018 814 una
3080 760 3260 830 aliqua
3319 773 3474 831 parte
3545 833 3547 836 γ

1887 845 2288 902 exbalationem
2320 847 2558 912 siccam;
2593 848 2648 902 in
2674 848 2957 920 adiacente
3003 866 3154 918 vero,
3185 853 3465 908 humidam
3543 858 3548 896 L

200 929 389 1001 χώρας
422 935 454 1005 ή
493 935 672 1007 ξηρὰ,
725 941 868 993 κατά
900 942 1108 1010 ταύτην
1159 947 1258 998 καὶ
1308 947 1496 1017 μένειν
1554 948 1767 1018 ῥέουσαι

1885 939 2170 994 abundare
2196 941 2488 1011 contingit,
2518 949 2574 996 et
2603 949 2814 998 contra.
2835 941 3012 1011 Cujus
3052 946 3128 1000 rei
3161 961 3328 1002 causa
3358 961 3464 1010 est,
3504 941 3522 974 ⁴

195 1024 390 1092 αὑτήν⁹
421 1027 624 1094 ὁμοίως
651 1031 747 1083 καὶ
787 1032 880 1100 ἀφ’
915 1028 984 1106 ἦς
1021 1037 1053 1106 ἡ
1087 1036 1233 1107 ὑγρά
1279 1037 1379 1108 τὴν
1407 1037 1605 1110 ὑγράν.
1628 1038 1688 1092 Ὀ
1717 1039 1767 1092 τέ

1883 1032 2031 1102 quod
2089 1032 2363 1088 interdum
2425 1048 2491 1088 ex
2538 1049 2647 1104 qua
2725 1035 2950 1105 regione
3012 1039 3263 1094 ascendit
3318 1040 3467 1095 sicca

195 1113 244 1166 δ’
283 1116 728 1176 ὑπαλλάσσεσθαι
777 1127 877 1178 καὶ
929 1127 1274 1184 ἀπωθεῖσθαι
1313 1130 1420 1184 ὑπὸ
1453 1131 1767 1201 πνευμάτωε

1886 1124 2229 1198 [exhalatio].
2271 1125 2326 1179 in
2353 1127 2543 1182 eadem
2601 1128 2766 1184 etiam
2817 1129 2994 1186 ﬂuens
3027 1131 3145 1198 ipsa
3202 1141 3468 1196 maneat;

197 1207 364 1262 τινῶν
395 1210 494 1280 τὴν
526 1211 629 1280 μὲν
666 1214 846 1285 ὑγράν
877 1255 892 1282 ,
931 1217 1058 1272 ὅθεν
1101 1222 1134 1289 ὴ
1173 1222 1347 1292 ξηρὰ,
1380 1223 1480 1292 τὴν
1526 1223 1582 1276 δὲ
1618 1223 1767 1294 ξηράι

1887 1219 2144 1275 similiter
2209 1219 2366 1291 192
2419 1237 2485 1277 ex
2541 1237 2647 1292 qua
2709 1224 2929 1278 humida
2987 1225 3258 1294 elevatur,
3303 1237 3363 1281 ut
3395 1227 3468 1280 ibi

203 1301 338 1355 ὅθεν
365 1307 397 1373 ἡ
433 1304 603 1375 ὑγριιί⁸
641 1307 673 1377 ἢ
708 1311 742 1379 ἠ
787 1311 890 1379 μὲν
935 1312 1120 1378 ἔμεινε
1157 1315 1293 1369 καθὸ
1341 1316 1633 1386 ἀνηνέχθη,
1669 1314 1767 1386 ἡΊ

1889 1310 2156 1366 subsistat
2193 1309 2438 1367 humida.
2468 1313 2744 1368 Interdum
2781 1331 2914 1370 vero
2953 1317 3074 1372 vice
3105 1333 3258 1373 versa
3295 1331 3472 1374 muta-

199 1395 282 1458 είς
312 1397 480 1467 ἀλλην
511 1415 615 1452 που
649 1399 836 1471 χώραν
869 1405 1128 1476 ἀπώσθη.

1888 1414 1999 1468 tur,
2029 1412 2086 1459 et
2119 1419 2148 1458 a
2190 1404 2412 1460 ﬂatibus
2459 1405 2737 1476 aliquibus
2788 1408 3100 1478 depellitur,
3131 1410 3352 1466 lmmida
3399 1429 3466 1463 co

199 1491 344 1544 unde
401 1492 545 1547 sicca
586 1503 689 1559 est,
742 1496 886 1552 sicca
918 1514 982 1554 eo
1024 1500 1170 1556 unde
1225 1502 1452 1558 humida
1505 1513 1590 1559 est
1620 1519 1635 1570 ;
1670 1509 1766 1556 aut
1806 1514 1914 1554 una
1942 1499 2166 1570 quidem
2204 1501 2480 1568 subsistit,
2512 1513 2785 1574 quatenus
2819 1503 3034 1560 sublata
3101 1515 3225 1572 est;
3291 1507 3458 1562 altera

193 1598 325 1637 vero
355 1586 407 1639 in
437 1585 594 1640 aliam
628 1588 827 1643 alicubi
861 1593 1134 1661 regionem
1168 1596 1384 1666 repulsa
1414 1608 1523 1654 est.

269 1675 331 1733 e'.
395 1680 506 1750 Τὴν
579 1683 677 1750 μὶν
732 1680 827 1739 οὖν
873 1687 985 1740 τῶν
1040 1689 1264 1760 ἀνέμων
1319 1691 1494 1762 ὕλην,
1555 1693 1771 1764 θερμὴν

194 1771 292 1823 καὶ
344 1771 516 1841 ξηρὰν
556 1775 928 1844 ἀναθυμίασιν
991 1777 1132 1835 εἷναί
1189 1801 1358 1853 φασι,
1394 1787 1470 1856 μὴ
1502 1787 1685 1841 δοκεῖν
1716 1788 1774 1841 δὲ

196 1863 326 1925 τοὺς
360 1864 600 1952 ἀνέμους
636 1867 898 1938 θερμοὺς,
929 1872 1020 1928 8ιά
1047 1875 1110 1927 τὸ
1140 1880 1320 1931 κινεῖν
1344 1879 1438 1932 τὸν
1472 1880 1609 1952 ἀέρα
1635 1882 1773 1935 πολ-

1952 1685 2006 1741 5.
2040 1685 2322 1743 Materiam
2371 1703 2504 1758 ergo
2525 1699 2836 1755 ventorum,
2866 1690 3270 1746 exhalationem
3323 1693 3456 1746 cali-

1881 1781 2005 1836 dam
2028 1790 2087 1837 et
2112 1782 2315 1838 siccam
2343 1797 2465 1837 esse
2520 1783 2691 1848 aiunt;
2721 1799 2829 1839 non
2859 1785 3028 1840 videri
3058 1798 3242 1840 autem
3271 1797 3460 1842 ventos

1881 1873 2111 1939 calidos,
2145 1885 2430 1945 prepterea
2462 1877 2606 1946 quod
2645 1891 2827 1931 aerem
2858 1889 3134 1943 moveant,
3162 1879 3256 1949 qui
3293 1880 3466 1932 multo

194 1952 297 2062 λῗις
332 1950 558 2062 ἀτμίδος
604 1959 790 2032 πλήρη
828 1966 1171 2036 τυγχάνοντα
1215 1971 1313 2024 καὶ
1337 1950 1577 2043 ψυχρᾶς.
1611 1971 1767 2029 Οὕτω

1881 1974 1934 2020 et
1963 1963 2163 2036 frigido
2195 1981 2404 2036 vapore
2435 1966 2669 2023 refertus
2698 1981 2804 2024 est.
2840 1971 2861 2001 ⁸
2885 1968 2976 2025 Sic
3005 1970 3152 2025 enim
3187 1982 3238 2025 et
3265 1969 3454 2025 ﬂatum

195 2044 307 2116 γὰρ
351 2048 448 2101 καὶ
494 2050 554 2104 τὸ
614 2053 704 2106 διὰ
732 2055 829 2108 τοῦ
874 2058 1148 2128 στόματος
1193 2063 1523 2133 φυσώμενον
1550 2065 1776 2137 πνεῦμα

195 2139 402 2229 θερμὸν
435 2141 536 2212 μὲν
573 2145 804 2213 ἐγγύθεν
834 2144 978 2202 εἶναι
1023 2151 1121 2204 τοῦ
1164 2153 1457 2222 στόματος,
1499 2157 1693 2229 πόρρω
1719 2159 1776 2212 δὲ

193 2226 403 2300 ψυχρὸν
431 2233 519 2288 διὰ
553 2235 654 2306 τὴν
695 2237 868 2309 αὐτὴν
897 2241 1100 2297 αἰτίαν.

271 2331 350 2390 ς’.
398 2328 561 2392 Ἴσως
618 2329 662 2382 δ’
720 2330 786 2385 ἀν
833 2335 897 2386 ὲκ
941 2334 1156 2406 θερμῆς
1188 2338 1288 2408 μὲν
1352 2341 1777 2412 ἀναθυμιάσεως

196 2419 376 2488 ἔχοιεν
424 2425 472 2476 οἱ
505 2423 701 2494 ἄνεμοι
732 2427 835 2491 τὰς
866 2427 1046 2499 ἀρχὰς
1069 2471 1086 2497 ,
1117 2430 1309 2502 ὥσπερ
1350 2434 1415 2504 δὴ
1469 2437 1560 2489 καὶ
1595 2438 1645 2489 oi
1676 2437 1777 2508 ὑμ-

197 2517 321 2586 6ροι
365 2519 538 2587 (πᾶσα
597 2521 706 2590 γὰρ
759 2523 1130 2595 ἀναθυμίασις
1189 2526 1330 2598 ξηρά
1380 2547 1438 2582 τε
1493 2532 1587 2585 καὶ
1632 2533 1778 2600 ὑγρά

197 2607 290 2661 διὰ
315 2611 376 2662 τὸ
407 2611 465 2662 ἓν
489 2611 626 2684 αὐτῇ
645 2613 849 2683 θερμὸν
873 2617 1244 2688 ἀναθυμιᾶται
1272 2622 1366 2674 καὶ
1394 2623 1772 2695 ἀναφέρεται).

212 2701 358 2755 Ἀλλ’
387 2704 579 2776 ὥσπερ
631 2709 664 2777 ἠ
712 2709 877 2779 ἀτμὶς
904 2709 991 2764 aut
1010 2711 1172 2781 ψύξιν
1201 2714 1507 2787 πιλουμένη
1535 2717 1630 2770 καὶ
1667 2736 1772 2770 πυ-

195 2795 471 2866 κνουμένη
501 2796 724 2852 δύναται
763 2800 1122 2869 μεταϐάλλειν
1168 2804 1252 2866 είς
1299 2804 1463 2876 ὕδωρ·
1500 2806 1602 2858 οὑκ
1653 2805 1774 2860 ἄτο-

198 2901 300 2938 πον
331 2886 397 2938 ἂν
433 2887 520 2954 εἴη
565 2889 725 2956 τυχὸν
779 2892 870 2942 τὸν
901 2891 1064 2944 αὑτὸν
1098 2894 1303 2962 τρόπον
1349 2894 1644 2948 ὑπολαϐεῖν
1677 2895 1774 2947 καὶ

195 2978 297 3047 τὴν
332 2977 540 3050 θερμὴν
587 2982 685 3036 καὶ
726 2983 896 3053 ξηρὰν
970 2985 1348 3057 ἀναθυμίασιν
1393 2987 1671 3041 πιλεῖσθαί
1711 3005 1773 3040 τε

191 3073 288 3126 καὶ
323 3073 684 3140 πυκνοῦσθαι,
712 3077 810 3130 καὶ
863 3079 940 3142 εἰς
991 3078 1214 3149 πνεῦμα
1243 3079 1616 3137 συνίστασθαι.
1661 3081 1776 3136 Καὶ

192 3167 383 3235 ὥσπερ
445 3167 508 3220 ἐκ
555 3167 658 3237 τῆς
715 3167 1020 3240 ὑγροτέρας
1073 3171 1497 3241 ἀναθυμιάσεως
1559 3174 1773 3241 γίνεται

199 3260 346 3331 ὕδωρ
373 3261 514 3331 ὑπὲρ
544 3262 648 3330 γῆν
664 3279 723 3314 τε
743 3265 836 3316 καὶ
868 3264 974 3317 ὑπὸ
1001 3265 1128 3334 γῆν,
1153 3264 1333 3323 οὕτως
1355 3266 1426 3320 αὖ
1448 3268 1511 3320 ἐκ
1544 3267 1642 3336 τῆς
1677 3267 1770 3338 ξη-

1881 2059 1973 2127 qui
2023 2072 2122 2112 ore
2167 2059 2477 2126 exhalatur,
2508 2061 2744 2117 clidum
2801 2061 3023 2135 quidem
3076 2079 3245 2135 prope
3275 2081 3369 2131 os;
3403 2075 3458 2118 at

1881 2150 1951 2205 ab
1976 2151 2098 2221 ipso
2135 2162 2428 2216 remotum,
2461 2169 2526 2209 cx
2557 2155 2748 2211 eadem
2777 2171 2941 2211 causa
2994 2156 3249 2227 frigidum
3278 2173 3419 2213 esse.

1949 2310 2003 2365 6.
2039 2310 2201 2366 Forte
2251 2320 2434 2367 autem
2495 2327 2562 2366 ex
2609 2313 2786 2368 calida
2835 2314 3056 2384 quidem
3113 2315 3464 2370 exhalatione

1880 2408 2028 2462 venti
2061 2405 2260 2462 habent
2295 2405 2592 2477 principia.
2621 2407 3089 2478 quemadmodum
3117 2409 3286 2465 etiam
3337 2411 3459 2480 plu-

1881 2499 1982 2554 vite
2015 2497 2164 2569 (nam
2199 2499 2381 2553 omnis
2406 2499 2686 2554 exhalatio
2715 2516 2842 2554 cum
2877 2501 3024 2557 sicca
3057 2513 3170 2557 tum
3231 2505 3456 2562 humida

1879 2597 2101 2659 propter
2155 2589 2396 2644 calorem
2453 2605 2616 2660 quem
2675 2591 2729 2646 in
2778 2607 2840 2647 se
2891 2593 3056 2648 habet
3081 2594 3374 2652 exhalatur
3406 2609 3462 2654 et

1877 2695 2104 2735 sursum
2162 2679 2382 2750 fertur).
2417 2679 2525 2738 Sed
2591 2685 3050 2752 quemadmodum
3105 2703 3297 2759 vapor.
3328 2704 3457 2746 cum

1879 2779 2101 2842 pr0pter
2135 2772 2612 2844 refrigerationem
2668 2778 2945 2845 spissatur
2973 2789 3032 2834 et
3061 2783 3458 2850 condensatur,

1877 2863 1932 2916 in
1966 2878 2160 2934 aquam
2194 2864 2394 2920 mutari
2426 2876 2604 2935 potest
2634 2884 2650 2934 ;
2681 2869 2821 2924 forte
2871 2871 3016 2926 haud
3048 2873 3348 2931 absurdum
3371 2890 3461 2935 est

1872 2963 1928 3009 et
1983 2956 2211 3010 calidam
2261 2959 2577 3028 siccamque
2633 2960 3041 3020 exbalationem
3117 2968 3345 3038 spissari
3397 2982 3458 3027 et

1878 3049 2229 3116 condensari,
2253 3060 2310 3105 et
2337 3051 2584 3106 inﬂatum
2611 3055 2944 3112 coalescere.
2979 3061 3060 3114 Ac
3097 3063 3457 3129 quemadmo-

1877 3141 2008 3194 dum
2042 3157 2108 3197 ex
2139 3143 2449 3202 humidiore
2477 3149 2828 3204 exhalatione
2874 3150 2935 3205 fit
2989 3168 3131 3223 aqua
3189 3171 3356 3225 super
3402 3170 3458 3213 et

1879 3234 2019 3290 infra
2049 3245 2271 3302 terram,
2307 3237 2389 3293 sic
2419 3239 2657 3296 vicissim
2683 3256 2751 3296 ex
2785 3243 2944 3314 193
2976 3246 3210 3304 sicciore
3267 3249 3456 3305 ﬂatum

195 3326 424 3424 po‘ré'pa;
459 3326 705 3422 γενέσθαι
738 3357 957 3427 πνεῦμα
976 3326 1074 3411 καί
1094 3326 1208 3412 ἀνω
1241 3359 1497 3413 καὶκάτω
1517 3326 1767 3430 ὑπό-γὴν.

1881 3326 1994 3384 tieri
2041 3346 2262 3386 sursum
2291 3341 2345 3387 et
2374 3333 2632 3388 deorsum
2667 3334 2810 3390 infra
2845 3347 3070 3393 terram.

266 3449 334 3512 ζ’.
367 3449 508 3520 ’Υλη
564 3451 663 3520 μὲν
721 3451 816 3505 οὖν
855 3453 964 3505 τῶν
1019 3453 1244 3524 ἀνόμων
1279 3453 1366 3522 εἴη
1404 3455 1472 3509 ἂν
1501 3457 1536 3526 ἠ
1591 3455 1769 3525 θερμὴ

187 3541 559 3610 ἀναθυμίασις
598 3543 694 3596 καὶ
738 3543 902 3613 ξηρὰ,
943 3544 1044 3597 οὑκ
1103 3546 1309 3616 ἀμιγὴς
1342 3545 1454 3599 οὐδ’
1501 3548 1765 3620 ἀκρατοςο

191 3633 430 3702 ἀπείπερ
459 3634 491 3702 ἡ
523 3632 747 3703 τοιαύτη
776 3634 1044 3688 διαῦαίνει
1077 3639 1215 3705 πρὸς
1243 3638 1304 3690 τὸ
1337 3639 1695 3710 ὑπέκκαυμαο
1731 3644 1766 3712 ἠ

187 3723 249 3776 δὲ
303 3723 413 3780 τῶν
445 3724 664 3793 ἀνέμων
709 3726 973 3790 σύστασις
1010 3728 1242 3799 πλησίον
1285 3731 1498 3799 γίνεται
1539 3733 1639 3802 τῆς
1662 3733 1768 3802 γῆς

187 3818 250 3868 ἐν
279 3815 356 3886 τῷ
381 3817 680 3887 ἠρεμοῦντι
707 3817 852 3888 ἀέρι,
885 3819 1002 3872 ἀλλ’
1041 3821 1140 3873 οὑκ
1173 3823 1228 3876 ὲν
1257 3823 1332 3892 τῷ
1370 3825 1474 3877 ὑπὸ
1498 3824 1594 3879 τοῦ
1624 3825 1770 3879 αἰθέ-

189 3925 286 3978 ρος
339 3910 824 3981 συνεπισυρομένῳ
873 3912 1016 3982 μετά
1060 3915 1155 3968 τοῦ
1202 3915 1651 3986 ὑπεκκαύματος.
1687 3915 1768 3975 Ἦ

188 3999 302 4070 γὰρ
337 3999 406 4053 ἂν
465 4001 556 4052 ἐπὶ
594 4001 762 4054 ταυτὸ
803 4009 1130 4074 περιήγοντο
1183 4006 1379 4070 πάντες
1425 4009 1640 4079 ἀνεμοισ
1675 4009 1769 4062 νῦν

184 4091 246 4146 δὲ
283 4091 376 4146 καί
407 4109 550 4156 τινες
586 4093 836 4163 ἀλλήλοις
877 4097 1278 4154 ἀντιπνέουσιν.
1315 4099 1477 4152 Ἀλλά
1517 4100 1613 4156 καί
1645 4117 1766 4153 τινα

185 4183 300 4240 τῶν
333 4185 681 4256 ὑψηλοτέρων
711 4189 1004 4258 ἱστορεῖται
1027 4189 1174 4260 ὀρῶν
1199 4192 1545 4262 ὑπερνέφελά
1573 4211 1631 4246 τε
1671 4195 1768 4248 καὶ

189 4278 536 4350 ὑπερήνεμα.
573 4278 745 4333 Ἔνθα
768 4279 901 4348 γοῦν
918 4282 989 4334 τὰ
1013 4281 1151 4351 νέφη
1175 4283 1550 4352 συνίστανται,
1584 4287 1765 4340 ἐκεῖσε

185 4371 454 4426 δοκεῖκαὶ
483 4375 606 4436 τοὺς
635 4374 870 4444 ἀνέμους
897 4375 1270 4430 συνίστασθαι.

259 4538 332 4603 η’.
367 4534 477 4587 Καὶ
525 4532 714 4604 ὥσπερ
739 4533 836 4596 τὰς
883 4534 1101 4604 ῥανίδας
1135 4537 1278 4590 κατά
1312 4537 1484 4608 μικρὰ
1513 4553 1766 4592 συνισται

117 4613 122 4618 ’
188 4628 358 4697 μένας
403 4627 464 4680 τὸ
516 4628 760 4697 πρῶτον,
805 4627 975 4680 ἔπειτ’
1004 4627 1266 4698 ἀλλήλαις
1313 4629 1656 4699 μιγνυμένας
1703 4631 1767 4682 τὸ

1955 3423 2007 3478 7.
2039 3424 2263 3480 Materia
2297 3426 2467 3495 igitur
2496 3438 2782 3483 ventorum
2813 3431 2923 3486 erit
2965 3434 3242 3487 exhalatio
3277 3437 3454 3490 calida

1872 3526 1925 3569 et
1957 3517 2126 3581 sicca,
2162 3533 2267 3572 non
2301 3515 2663 3586 impermista,
2694 3535 2794 3574 nec
2821 3536 2976 3589 pns-a,
3006 3525 3452 3594 quandoquidem

1871 3625 1992 3680 qua:
2021 3611 2144 3666 talis
2175 3619 2260 3666 est
2287 3610 2355 3664 ad
2383 3609 2625 3666 fomitem
2677 3623 2963 3682 penetrat;
2993 3633 3116 3668 cum
3169 3630 3453 3672 ventorum

1871 3702 2148 3756 concretio
2186 3715 2354 3770 prope
2408 3709 2612 3756 terram
2669 3703 2722 3756 in
2787 3719 2912 3758 aere
2960 3705 3279 3773 quiescente
3331 3711 3448 3770 ttat.

1871 3807 1979 3846 non
2013 3793 2066 3845 in
2101 3805 2167 3845 eo
2196 3791 2290 3861 qui
2329 3806 2434 3846 una
2467 3805 2591 3846 cum
2640 3797 3001 3849 succensione
3043 3795 3114 3850 ab
3137 3797 3342 3852 aethere
3369 3812 3450 3850 at.-

1871 3883 2132 3936 trahitur.
2178 3881 2397 3952 Alioqui
2467 3895 2660 3938 omnes
2729 3885 2874 3938 venti
2939 3887 3451 3957 circumagerentnr

1870 3977 2060 4032 eodem
2093 3977 2272 4047 spatio
2298 3994 2314 4044 ;
2341 3976 2454 4047 jam
2487 3993 2618 4034 vero
2652 3979 2814 4034 etiam
2865 3979 2956 4034 alii
2988 3991 3178 4037 contra
3213 3998 3271 4038 se
3315 3982 3453 4038 ﬂant

1872 4071 2128 4124 invicem.
2167 4069 2272 4124 Sed
2318 4079 2374 4124 et
2409 4069 2476 4124 de
2505 4069 2836 4138 quihusdam
2895 4073 3178 4128 montibus
3232 4075 3443 4129 altiori-

1872 4161 1972 4216 bus
2002 4161 2279 4231 proditum
2311 4161 2366 4216 in
2400 4161 2648 4220 historiis
2678 4164 2972 4232 reperitur.
3009 4165 3155 4234 quod
3209 4167 3438 4222 nebulas

1869 4264 1924 4307 et
1951 4262 2140 4308 ventos
2175 4253 2588 4309 transcendant.
2620 4253 2724 4311 Ubi
2760 4255 2926 4324 igitur
2980 4257 3155 4313 nubes
3208 4272 3442 4314 concre-

1868 4354 2049 4407 scunt,
2085 4345 2156 4398 ibi
2187 4344 2354 4398 etiam
2403 4347 2547 4402 venti
2592 4361 2948 4404 concrescere
2977 4349 3254 4404 videntur.

1941 4439 1996 4492 8.
2038 4437 2148 4492 Et‘
2192 4439 2652 4508 quemadmodum
2702 4449 2870 4510 guttae
2924 4457 3048 4496 cum
3101 4443 3440 4512 pauxillatim

1871 4533 2047 4603 primo
2093 4539 2564 4602 coagmentantur,
2618 4531 2815 4589 deinde
2875 4535 3014 4588 inter
3074 4550 3134 4587 se
3183 4534 3442 4590 commis-

1868 4635 2060 4679 centnr
2089 4665 2105 4689 ,
2154 4625 2215 4678 "in
2267 4624 2422 4694 copia
2464 4626 2682 4680 tandem
2729 4627 3098 4691 deferuntur;
3155 4634 3212 4680 et
3299 4627 3446 4683 sicut

179 4721 493 4774 τελευταῖον
523 4721 930 4791 καταφέρεσθαι
990 4725 1127 4790 μετά
1157 4723 1400 4790 πλήθους
1420 4739 1434 4754 ·
1471 4723 1548 4785 ὡς
1577 4723 1633 4776 δὲ
1659 4725 1761 4777 κάν

1881 4734 2006 4789 aqua
2055 4719 2112 4773 in
2169 4727 2314 4774 terra
2368 4718 2574 4774 sensim
2642 4718 2880 4781 stillans.
2945 4718 3233 4774 humorem
3291 4719 3446 4792 [sci-

178 4817 249 4882 τῇ
281 4815 350 4883 γῇ
380 4813 667 4882 κατολίγον
703 4815 763 4866 τὸ
792 4813 936 4886 ὕδωρ
975 4815 1398 4883 συλλειϐόμενον
1426 4815 1750 4888 vett-{otior};

177 4904 282 4972 τῆς
309 4903 435 4971 γῆς,
475 4903 568 4956 καὶ
594 4906 717 4956 τότε
752 4906 1123 4972 συναγόμενον
1149 4906 1228 4968 εἰς
1261 4903 1344 4969 ἐν,
1376 4906 1478 4969 τὰς
1514 4906 1624 4960 τῶν
1659 4923 1759 4959 που

178 4995 375 5063 ταμῶν
406 4994 579 5063 ἀρχὰς
623 4996 890 5060 ἐκτελεῖν,
925 4998 1017 5050 τὸν
1059 4997 1223 5050 αὑτὸν
1256 5002 1455 5068 τρόπον
1503 5001 1598 5053 καὶ
1653 5003 1786 5068 τὴν·

177 5085 293 5138 τῶν
328 5085 545 5156 ἀνέμων
588 5086 846 5140 σύστασιν
895 5087 1178 5155 γίνεσθαι·
1217 5090 1424 5143 πολλῶν
1472 5092 1579 5159 γὰρ
1624 5093 1755 5154 ἁνα-

177 5177 494 5244 θυμιὰσεων
531 5179 673 5230 κατά
722 5179 918 5248 μικρὸν
961 5180 1219 5249 ἀλλήλαις
1254 5181 1552 5233 συνιουσῶν
1587 5184 1663 5244 είς
1695 5182 1757 5234 τὸ

179 5272 416 5338 φανερὸν
461 5271 510 5322 οι
566 5271 752 5340 ἄνεμοι
801 5273 1162 5342 προέρχονται
1233 5273 1481 5343 μέγεθος.
1520 5277 1614 5326 Διὸ
1663 5275 1757 5328 καὶ

178 5363 454 5433 ἐλάχιστοι
489 5365 590 5432 μέν
622 5367 764 5416 εἰσιν
793 5365 916 5416 ὅθεν
940 5365 1206 5434 ἄρχονται
1237 5367 1439 5420 πίνεινο
1470 5369 1755 5438 προϊόντες

172 5455 219 5507 δ’
260 5453 514 5518 αῠξονται
559 5457 651 5508 καὶ
709 5455 952 5526 λαμπροὶ
1004 5461 1242 5525 γίνονται
1300 5460 1754 5529 προσγινομένων

173 5549 359 5610 αὐτοῖς
397 5551 814 5620 ἀναθυμιάσεων
839 5553 981 5604 κατὰ
1005 5553 1103 5624 τὴν
1147 5555 1225 5616 είς
1257 5555 1316 5607 τὺ
1350 5555 1584 5623 πρόσθεν
1615 5555 1749 5622 πρό-

173 5640 293 5691 οδον
318 5641 413 5692 καὶ
449 5643 824 5707 συναυξουσῶν
865 5643 1078 5707 αὐτούς.
1123 5646 1299 5714 Ὅπερ
1344 5651 1480 5700 κάπὶ
1513 5647 1615 5696 τῶι
1652 5663 1747 5712 με·

249 5819 270 5851 ³
294 5833 335 5874 ιι
401 5820 623 5877 Meteor.
661 5837 709 5877 c.
739 5821 791 5877 8.
869 5822 888 5853 ⁵
926 5839 963 5877 ιι
995 5822 1218 5878 Mtte-or.
1253 5839 1302 5878 c.
1328 5825 1381 5889 4,

1872 4809 2018 4882 licet]
2042 4809 2302 4866 fundente
2323 4815 2489 4872 terra,
2518 4818 2571 4864 et
2604 4817 2734 4864 tunc
2759 4809 2812 4862 in
2834 4806 2999 4864 unum
3021 4809 3226 4877 coiens,
3257 4809 3440 4865 ﬂumi-

1870 4917 2000 4957 num
2024 4902 2184 4956 elficit
2217 4900 2476 4971 principia
2499 4917 2515 4965 ;
2537 4899 2726 4955 eodem
2753 4901 2913 4954 modo
2935 4909 2988 4954 et
3005 4908 3284 4956 ventorum
3309 4917 3444 4957 con-

1869 4997 2042 5051 cretio
2073 4995 2191 5049 ﬂeri
2223 4994 2436 5049 videtur
2465 5010 2482 5062 ;
2521 5008 2644 5048 cum
2674 4995 2820 5046 enim
2851 4993 3035 5047 multa:
3069 4993 3445 5048 exhalationes

1873 5090 2132 5158 paulatim
2168 5103 2474 5158 congressae
2533 5085 2757 5152 fuerint,
2806 5094 2918 5139 tum
2953 5085 3098 5139 venti
3147 5086 3214 5138 ad
3269 5089 3436 5139 mani.

1869 5181 2061 5235 festazn
2145 5180 2576 5248 magnitudinem
2656 5177 3003 5247 perveniunt.
3069 5175 3434 5244 Quamobrem

1867 5277 2031 5326 etiam
2072 5273 2279 5325 minimi
2339 5281 2467 5326 sunt
2523 5271 2619 5333 ibi.
2657 5270 2800 5324 unde
2849 5268 2983 5324 ﬂare
3006 5268 3310 5338 incipiunt;
3340 5269 3438 5323 scil

1869 5381 2157 5434 progressu
2211 5375 2478 5434 augentur
2535 5364 2695 5436 194
2723 5375 2776 5418 et
2807 5364 2937 5432 largi
2979 5363 3138 5425 fiunt,
3175 5363 3302 5417 dum
3334 5376 3435 5432 per

1864 5470 2071 5513 motum
2108 5459 2161 5510 in
2214 5459 2493 5512 anteriora
2538 5457 2859 5513 accedentes
2913 5456 3290 5510 cxhalationes
3347 5470 3442 5505 ιιιιε

1861 5562 1987 5621 gent
2019 5553 2188 5620 ipsos.
2229 5547 2382 5615 Quod
2425 5549 2587 5604 etiam
2624 5548 2678 5605 in
2713 5549 2928 5619 magnis
2969 5547 3289 5602 ﬂuminibus
3315 5547 3433 5599 fieri

1859 5645 2219 5712 cotzspicitur.
2262 5641 2392 5698 Nam
2429 5641 2483 5696 in
2513 5641 2814 5708 fluxiunnnt
2855 5640 3083 5696 'snarmn
3123 5641 3438 5711 primordiis
