3844 6460
184 409 317 475 118ι

1483 418 1832 482 ΕΡΙΤΟΜΕ
1868 423 2171 488 ΡΗΥΙΟΑ.

3305 439 3442 503 1182

249 553 311 581 ε.
349 526 564 582 Γίνεται
629 529 686 581 δὲ
746 531 887 598 μετὰ
936 531 1036 600 τὴν
1077 531 1330 603 βροντὴν,
1381 537 1476 588 καὶ
1533 535 1761 607 ὕστερον

1935 541 1990 595 5.
2023 540 2111 596 Fit
2138 555 2316 598 autem
2346 553 2465 614 post
2494 548 2702 603 tonitru
2731 559 2783 604 et
2814 549 2978 606 ictum
3013 553 3279 621 sequitur.
3311 554 3440 608 Vio-

175 623 279 690 τῆς
337 621 581 690 πληγῆς.
623 621 686 674 Ἦ
727 623 902 690 βίαιος
966 627 1074 695 γὰρ
1107 627 1320 698 κίνησις
1380 630 1472 682 καὶ
1509 631 1542 700 ἠ
1575 630 1681 699 πλη
1700 631 1762 703 ίὴ

179 711 338 766 arcta
404 714 553 768 ἐστὶν
601 715 750 785 αὐτῷ
789 717 889 787 τῆς
937 716 1327 795 ἐκπυρώσεως.
1414 721 1514 774 Διά
1575 722 1761 791 μέντοι

121 877 136 891 ἦ
179 804 250 858 τὺ
280 805 382 875 τὴν
411 806 536 876 ὄψιν
565 806 1071 879 ἀντιλαμϐάνεσθαι
1102 811 1214 864 τῶν
1285 811 1432 868 ἰδίων
1483 814 1762 886 αἰσθητῶν

121 903 133 926 τ
181 898 418 969 πρώτην
451 900 554 969 τῆς
583 901 776 970 ἀκοῆς,
811 903 901 958 διὰ
931 903 1090 957 τοῦτο
1120 905 1229 975 πρὸ
1267 908 1363 960 τοῦ
1421 908 1762 979 ἀκουσθῆναι

182 991 290 1060 τὴν
323 991 578 1063 βροντὴν,
601 995 796 1065 ὁρᾶται
833 997 868 1067 ἡ
898 997 1163 1069 ἀστραπή
1186 1013 1201 1030 ·
1259 999 1444 1063 καθώς
1495 1003 1646 1054 ἐστιν
1669 1003 1764 1055 ἐπὶ

185 1085 293 1152 τῆς
330 1084 572 1154 εἰρεσίας
608 1086 922 1157 γινόμενον.
977 1089 1118 1162 Ἤδη
1176 1090 1286 1161 γὰρ
1340 1092 1763 1163 ἀναφερομένων

188 1175 306 1227 τῶν
333 1177 538 1232 κωπῶν
588 1178 653 1232 ἐκ
675 1179 772 1234 τοῦ
805 1179 1022 1247 ὕδατος,
1059 1184 1088 1235 ὁ
1129 1184 1346 1254 πρῶτος
1408 1184 1603 1255 ψόφος,
1639 1188 1666 1238 ὁ
1706 1187 1763 1239 ἔν

188 1269 262 1338 τῇ
291 1269 506 1342 καθόδῳ
535 1273 778 1341 γεγονὼς
827 1275 1174 1343 ἐξακούεται,
1226 1278 1324 1348 τῆς
1353 1277 1530 1346 ὂψεως
1588 1279 1766 1348 ἑωρα-

189 1361 359 1425 κυίας
388 1363 558 1418 πάλαι
582 1364 681 1429 τὰς
711 1365 908 1430 κώπας
931 1367 1272 1439 καθιεμένας
1301 1387 1360 1422 τε
1395 1371 1476 1436 είς
1530 1370 1592 1424 τὸ
1618 1370 1765 1444 ὕδωρ

189 1453 290 1506 καὶ
308 1455 655 1524 τάηττούσας
677 1458 841 1515 αὐτό.
1730 1523 1734 1534 ,

261 1553 339 1611 ς’.
378 1547 549 1602 Ὅταν
577 1548 678 1620 μὲν
703 1545 798 1605 οὖν
831 1551 892 1606 τὸ
919 1552 985 1606 ὲκ
1005 1552 1117 1608 τῶν
1158 1553 1337 1623 νεφῶν
1374 1556 1766 1625 πυκνουμένων

184 1639 580 1710 ὲκθλιδόμενον
635 1643 864 1714 πνεῦμα
917 1641 1176 1722 λεπτδνῇ
1230 1648 1329 1702 καὶ
1390 1647 1526 1718 μηδὲ
1565 1652 1765 1720 συνεχῆ

193 1729 295 1802 τὴν
317 1731 538 1799 γένεσιν
571 1733 670 1806 ἔχῃ
703 1735 801 1790 καὶ
855 1736 1133 1808 ἔκκρισιν,
1166 1738 1302 1792 ἀλλά
1343 1737 1611 1801 πολλάκις
1671 1742 1767 1793 καὶ

185 1824 337 1876 κατά
393 1827 593 1897 μικρὸν
645 1831 866 1900 γίνηται
926 1833 1025 1883 καὶ
1080 1831 1428 1902 έκκρίνηται,
1467 1831 1764 1886 κάντεῦθεν

187 1918 332 1986 μηδὲ
391 1920 531 1994 μένῃ
585 1921 722 1977 ἀλλὰ
773 1923 972 1995 διαπνῇ
1022 1926 1188 1980 ”τότε
1255 1927 1486 1997 βροντάς
1540 1945 1602 1980 τε
1665 1930 1762 1983 καὶ

185 2011 479 2081 ἀστραπὰς
523 2015 616 2066 τὸν
672 2017 967 2086 εἰρημένον
1017 2023 1224 2086 τρόπον
1273 2022 1436 2074 ποιεῖ.
1502 2021 1668 2073 Ἐ-πὰν
1707 2021 1762 2074 δὲ

189 2107 700 2178 σωματωδέστερον
849 2109 910 2162 τὸ
967 2109 1210 2180 πνεῦμα,
1265 2113 1546 2166 τουτέστιν
1603 2108 1765 2184 ἦττον

124 2263 131 2270 _
183 2201 409 2265 λεπτὸν,
437 2201 641 2271 ἀθρόαν
662 2221 721 2257 τε
757 2206 852 2256 καὶ
879 2206 1086 2275 συνεχή
1119 2205 1221 2277 τὴν
1247 2207 1467 2273 γένεσιν
1519 2209 1619 2280 Em
1669 2211 1764 2262 καὶ

183 2294 464 2366 ἔκκρισιν,
498 2295 640 2352 ὥστε
675 2300 750 2369 μὴ
782 2298 1029 2353 διαπνεῖν
1089 2300 1230 2354 ἀλλά
1268 2301 1552 2370 διαμένειν
1577 2317 1591 2332 ο
1643 2303 1765 2356 τότε

181 2387 283 2440 τὸν
307 2387 605 2458 λεγόμενον
651 2391 912 2460 ὲκνεφίαν
951 2391 1156 2460 ἄνεμον
1213 2395 1448 2450 ἐκτελεῖ.
1493 2396 1766 2468 Καθάπερ

183 2483 302 2551 γὰρ
338 2482 775 2550 πλεεονεκτοὺσης
802 2485 901 2549 τῆς
946 2485 1120 2556 ὑγρᾶς
1162 2486 1610 2557 ἀναθυμιάσεως,
1633 2490 1766 2544 ὅταν

182 2575 270 2636 εἰς
297 2573 440 2646 ὕδωρ
492 2576 716 2648 γίνηται
778 2579 812 2648 ἡ
848 2579 1144 2648 μεταϐολὴ,
1195 2581 1262 2650 τῇ
1302 2579 1532 2652 πρώτως
1596 2599 1767 2650 μετα-

182 2667 468 2739 ϐαλλούσῃ
509 2669 874 2738 ἀναθυμιάσει
912 2672 1356 2742 συμμεταὸάλλει
1390 2675 1487 2726 καὶ
1518 2675 1550 2744 ἠ
1600 2674 1764 2742 λοιπὴ

185 2764 289 2830 ίση
317 2761 417 2829 τῆς
439 2761 616 2826 αὐτῆς
639 2763 910 2834 τετύχηκε
949 2764 1166 2832 φύσεως
1186 2783 1201 2798 ο
1249 2768 1343 2821 καὶ
1372 2767 1582 2834 γίνεται
1614 2767 1766 2832 ὑετὸς

183 2853 428 2921 συνεχὴς
467 2855 562 2906 καὶ
587 2853 779 2918 πολύς.
803 2853 908 2908 Τὸν
933 2856 1096 2910 αὑτὸν
1125 2858 1326 2928 τρόπον
1361 2857 1766 2929 ἐπικρατούσης

183 2944 292 3010 τῆς
316 2943 489 3013 ξηρᾶς
532 2945 958 3016 ἀναθυμιάσεως
990 2949 1226 3018 ὁπηνίκα
1285 2949 1506 3020 πνεῦμα
1544 2953 1765 3023 γίνηται

189 3038 287 3089 καὶ
341 3038 686 3108 έκκρίνηται,
749 3040 1144 3095 συνακολουθεῖ
1188 3045 1253 3112 τῇ
1306 3044 1502 3115 πρώτῃ
1555 3047 1766 3114 γενέσει

184 3144 250 3180 τε
283 3129 379 3182 καὶ
434 3130 706 3201 ὲκκρίσει,
756 3133 852 3184 καὶ
898 3134 1025 3188 ὅσον
1094 3132 1224 3186 ἄλλο
1267 3133 1369 3204 τῆς
1423 3135 1594 3206 αὐτῆς
1647 3139 1762 3192 ἐστι

1864 630 2046 688 lentus
2095 634 2241 688 enim
2298 645 2479 692 motus
2535 649 2590 694 et
2642 641 2828 706 ictus,
2861 642 2911 696 ei
2960 651 3019 696 ut
3075 642 3438 699 inﬂanunetur

1863 740 2030 781 causa
2056 736 2160 782 est.
2199 725 2588 784 Verumtamen
2622 732 2748 801 quia
2785 733 2935 790 visus
2967 737 3186 806 propria
3216 738 3439 793 sensilia

1865 818 2021 888 prius
2073 835 2236 888 quam
2288 821 2513 878 auditus
2571 825 2800 895 arripit;
2851 843 2914 881 ea
2966 828 3032 882 de
3066 843 3229 882 causa
3289 832 3440 899 prius

1864 924 2028 979 quam
2073 911 2328 966 audiatur
2353 913 2580 981 tonitru,
2629 914 2810 984 fulgur
2836 917 3168 987 conspicitur
3199 935 3215 975 :
3251 936 3444 989 quem-

1867 1001 2164 1056 admodum
2221 1003 2382 1074 213
2411 1005 2466 1058 in
2515 1005 2873 1074 remigatione
2901 1008 3186 1078 contingit.
3215 1009 3442 1075 Quando

1867 1092 2012 1147 enim
2064 1094 2177 1165 jam
2216 1096 2356 1150 remi
2389 1109 2455 1150 ex
2503 1111 2645 1166 aqua
2677 1095 3002 1164 eﬂ‘eruntur,
3051 1107 3165 1152 tum
3221 1101 3441 1154 demum

1869 1186 2078 1255 primus
2131 1202 2304 1243 sonus
2337 1189 2429 1258 qui
2467 1189 2521 1244 in
2576 1191 2841 1245 descensu
2888 1192 3069 1247 editus
3117 1201 3235 1258 est,
3273 1209 3441 1247 exau-

1867 1277 2048 1343 ditur;
2081 1293 2206 1333 cum
2249 1280 2402 1337 visus
2436 1281 2640 1336 dudum
2682 1290 2736 1337 et
2767 1283 2824 1336 in
2861 1297 3058 1352 aquam
3109 1285 3320 1339 demitti
3359 1301 3444 1340 re-

1869 1386 1988 1428 mos
2020 1384 2075 1428 et
2100 1377 2349 1431 eamdem
2387 1375 2555 1433 ferire
2585 1377 2934 1447 conspicatus
2960 1378 3051 1434 sit.

1939 1551 1994 1606 6.
2043 1550 2276 1618 Quando
2331 1551 2496 1624 igitur
2525 1551 2689 1609 ﬂatus
2724 1553 2816 1624 qui
2867 1569 2933 1610 ex
2990 1553 3445 1608 denseScentibus

1868 1643 2106 1699 nubibus
2139 1639 2384 1711 eliditur,
2419 1645 2603 1700 tenuis
2634 1646 2818 1713 fuerit,
2849 1656 2905 1701 et
2943 1645 3318 1712 continuatum
3355 1662 3448 1715 ge-

1869 1736 2212 1792 nerationem
2254 1745 2419 1806 atque
2457 1738 2829 1794 excretionem
2877 1752 2985 1792 non
3026 1736 3314 1799 habuerit;
3349 1737 3446 1792 sed

1869 1845 2248 1900 saepenumero
2292 1833 2601 1887 minutatim
2657 1841 2948 1901 generatur
2998 1840 3053 1886 et
3083 1832 3447 1898 excernitur,

1868 1923 2110 1994 hincque
2142 1939 2253 1980 non
2282 1933 2588 1995 permanet,
2623 1924 2718 1978 sed
2748 1923 3020 1991 (limatur;
3054 1934 3168 1976 tum
3195 1938 3259 1978 co
3285 1924 3449 1977 modo

1870 2030 2030 2084 quem
2078 2016 2323 2072 diximus
2379 2018 2622 2071 tonitrua
2647 2026 2701 2070 et
2730 2019 2948 2085 fulgura
2999 2015 3182 2072 eﬂicil.
3218 2015 3448 2080 Quando

1869 2119 2051 2162 autem
2097 2109 2260 2165 ﬂatus
2313 2110 2706 2178 corpulentior,
2748 2112 2848 2165 hoc
2885 2119 2993 2175 est,
3031 2112 3211 2164 minus
3266 2109 3447 2164 tennis

1868 2202 2052 2268 fuerit,
2079 2203 2494 2269 confertamque
2524 2213 2578 2259 et
2609 2205 2984 2258 continuatam
3037 2202 3444 2272 generationem

1866 2303 1920 2348 et
1969 2295 2339 2350 excretionem
2398 2294 2671 2361 habuerit,
2718 2306 2774 2349 ut
2831 2310 2939 2348 non
2978 2303 3288 2358 evanescat,
3340 2297 3435 2345 sed

1868 2396 2224 2457 permaneat;
2259 2395 2374 2441 tum
2424 2401 2546 2442 eum
2600 2396 2820 2441 ventum
2853 2384 2944 2454 qui
2973 2384 3255 2452 ἐκνεφίας.
3287 2381 3445 2452 quasi

1870 2481 2145 2549 nubigena
2177 2479 2402 2543 dicitur,
2453 2479 2727 2548 producit,
2771 2476 3244 2544 Quemadmodum
3297 2475 3445 2529 enini

1866 2573 2212 2627 exhalatione
2252 2573 2477 2626 humida
2506 2573 2860 2634 exuberante,
2883 2569 3048 2624 simul
3072 2583 3134 2622 ac
3161 2569 3213 2622 in
3251 2582 3446 2636 aquam

1869 2664 1928 2719 fit
1982 2665 2253 2730 mutatio,
2312 2679 2437 2719 cum
2499 2665 2754 2734 primitus
2810 2671 3020 2717 mutata
3095 2662 3446 2715 exhalatione

1867 2756 2032 2810 etiam
2102 2757 2312 2825 reliqua
2372 2769 2714 2824 quaecunque
2777 2754 3041 2823 {ejusdem
3106 2762 3312 2806 naturae
3364 2759 3452 2808 est

1863 2848 2020 2916 juxta
2051 2858 2466 2916 commutatur;
2511 2864 2574 2902 ac
2606 2853 2676 2903 ita
2717 2849 3070 2905 continuatus
3100 2858 3153 2902 et
3189 2848 3450 2916 copiosus

1868 2941 2047 2996 imber
2092 2949 2411 3011 generatur.
2487 2938 2691 2995 Eodem
2735 2941 2898 2995 modo
2933 2939 3249 2992 dominante
3278 2938 3449 2992 exha-

1871 3033 2077 3088 latione
2127 3032 2298 3096 sicca,
2374 3046 2499 3085 cum
2575 3032 2738 3086 ﬂatus
2782 3039 3079 3100 generatur
3149 3037 3203 3082 et
3262 3043 3454 3083 excer-

1875 3127 2048 3192 nitur,
2085 3126 2317 3196 primam
2349 3126 2756 3195 generationem
2789 3134 2843 3178 et
2872 3124 3242 3178 excretionem
3280 3121 3454 3176 comi-

186 3222 431 3289 φύσεως.
490 3225 600 3277 Καὶ
647 3224 822 3290 οὕτως
877 3229 905 3280 ὁ
961 3226 1220 3296 ἐκνεφίας
1281 3228 1479 3298 ἄνεμος
1535 3229 1764 3297 γίνεται,

1877 3231 2048 3284 tatur,
2082 3220 2248 3293 214,
2278 3220 2441 3272 etiam
2490 3233 2652 3272 omne
2701 3217 2847 3272 aliud
2889 3215 3154 3286 quidquid
3203 3213 3449 3284 ejusdem

185 3316 412 3387 πνεῦμα
462 3318 598 3371 πολὺ
648 3318 745 3372 καὶ
820 3320 1042 3390 συνεχὲς
1098 3320 1159 3384 ἐξ
1207 3321 1374 3374 αὐτοῦ
1441 3322 1536 3375 τοῦ
1573 3324 1770 3392 νέφους

187 3406 388 3476 ἀθρόον
418 3410 811 3482 ἑκκρινόμενον
859 3412 957 3467 καὶ
990 3411 1184 3482 βιαίως
1233 3413 1533 3486 φερόμενον
1583 3417 1675 3471 διὰ
1710 3417 1772 3470 τὸ

184 3500 326 3570 ταχὺ
359 3500 466 3569 τῆς
501 3499 834 3572 ἐκκρίσεως.
1044 3505 1069 3524 ’

263 3680 331 3744 ζ’.
360 3681 532 3735 ὀταν
561 3681 621 3736 δὲ
672 3682 736 3737 τδ
769 3684 1173 3755 ὲκκρινόμενον
1201 3686 1424 3758 πνεῦμα
1453 3687 1771 3760 εἱλούμενον

187 3773 251 3824 ὲν
284 3772 474 3842 κύκλῳ
525 3775 775 3854 τυγχάνῃ
825 3777 922 3830 καὶ
980 3779 1122 3846 μετὰ
1163 3779 1262 3833 τοῦ
1321 3780 1634 3852 ὲγχύματος
1676 3783 1772 3836 τοῦ

188 3865 388 3932 νέφους
422 3866 576 3921 κάτω
621 3869 948 3940 φερόμενον,
981 3871 1103 3925 τότε
1155 3870 1348 3942 τυφὼν
1413 3873 1770 3943 ὀνομάζεται.

189 3955 413 4013 Γίνεται
450 3959 703 4028 δὲτοῦτο,
749 3963 879 4016 ὅταν
910 3962 974 4016 τὸ
1001 3964 1067 4018 ὲκ
1118 3961 1258 4036 (τοῦ)
1283 3965 1482 4035 νέφους
1527 3968 1776 4038 έκκρινόρ

195 4068 362 4120 μενον
397 4052 618 4124 πνεῦμα
649 4055 826 4125 ἑτέρῳ
866 4057 1019 4126 νέφει
1041 4057 1392 4132 ἀντιτυπήσῃ
1441 4061 1535 4112 καὶ
1559 4061 1660 4130 τὴν
1685 4061 1773 4114 ἐπ’

189 4139 411 4204 εὐθείας
457 4143 632 4213 φορὰν
687 4145 930 4215 κωλυθῇ.
993 4145 1266 4218 Καθάπερ
1327 4150 1458 4202 ὅταν
1496 4151 1561 4204 ὲκ
1605 4153 1774 4205 τόπου

192 4233 432 4298 πλατέος
460 4236 542 4298 εῐς
575 4252 629 4290 τι
662 4237 850 4291 στενὸν
879 4240 910 4291 ό
945 4239 1148 4308 ἄνεμος
1178 4240 1431 4312 συῤῥέων
1464 4242 1724 4314 βιάζηται
1755 4261 1769 4276 ο

192 4328 256 4378 ἐν
280 4324 478 4390 πύλαις
499 4328 663 4397 τυχὸν
691 4329 726 4401 ἢ
789 4329 952 4392 ὁδοῖς.
991 4331 1296 4402 Συμΰαίνει
1359 4334 1471 4405 γὰρ
1511 4336 1775 4402 πολλάκις

193 4419 256 4469 ὲν
290 4421 404 4482 τοῖς
426 4420 715 4486 τοιούτοις,
757 4422 860 4492 μὴ’
898 4423 1206 4493 δυναμένου
1271 4429 1640 4499 προέρχεσθαι
1679 4431 1774 4485 τοῦ

195 4514 620 4584 προηγουμένου
656 4516 848 4586 μορίου
883 4518 982 4570 τοῦ
1014 4518 1230 4589 ῥέοντος
1285 4519 1537 4592 σώματος
1595 4525 1652 4577 ὲν
1698 4525 1776 4598 τῷ

1874 3323 2080 3367 natura:
2104 3322 2208 3367 est.
2266 3311 2306 3365 Ε
2329 3311 2408 3366 sic
2441 3310 2698 3379 ἐκνεφίας
2729 3318 2925 3364 ventus
2957 3316 3264 3378 generatur,
3296 3307 3453 3360 ﬂatus

1873 3405 2133 3473 copiosus
2160 3417 2215 3461 et
2245 3405 2563 3466 continuus,
2601 3403 2696 3474 qui
2726 3418 2792 3457 ex
2833 3404 2947 3471 ipsa
2985 3401 3128 3456 nube
3158 3399 3450 3455 confertim

1875 3499 2209 3563 excernitur,
2242 3511 2295 3554 et
2330 3509 2554 3570 propter
2584 3495 2916 3552 escretionis
2961 3495 3299 3550 celeritatem
3335 3510 3453 3547 ma-

1874 3608 1976 3664 gna
2010 3593 2176 3648 fertur
2204 3593 2488 3648 violentia.

1947 3687 2000 3740 7.
2033 3686 2266 3752 Quando
2295 3697 2475 3741 autem
2524 3685 2686 3742 ﬂatus
2718 3687 2812 3756 qui
2857 3683 3194 3746 excernitur,
3243 3681 3298 3735 in
3347 3683 3456 3734 cir-

1876 3780 2000 3834 culo
2029 3778 2401 3844 convolvitur,
2431 3788 2486 3834 et
2518 3794 2642 3834 cum
2681 3778 2960 3834 infusione
2993 3777 3154 3831 nubis
3193 3777 3453 3829 deorsum

1875 3873 2072 3939 fertur,
2103 3882 2239 3928 tunc
2263 3880 2473 3936 vortex,
2503 3870 2710 3926 Graecis
2747 3869 2954 3940 τυφὼν,
2997 3868 3331 3923 nominatur.
3367 3865 3456 3919 Fit

1875 3975 2056 4020 autem
2095 3965 2218 4030 hoc,
2252 3979 2377 4019 cum
2409 3961 2592 4029 ﬂatus,
2621 3963 2714 4033 qui
2753 3976 2821 4017 ex
2853 3961 2999 4016 nube
3026 3960 3368 4022 excernitur,
3398 3959 3454 4011 in

1876 4059 2040 4112 aliam
2084 4056 2289 4111 nubem
2321 4055 2636 4120 incurrerit,
2690 4063 2745 4109 et
2769 4053 3069 4124 quominus
3113 4059 3264 4106 recto
3306 4059 3458 4105 motu
3545 4127 3551 4134 .

1877 4146 2179 4214 deferatur,
2229 4146 2545 4218 prohibitus
2579 4145 2765 4200 fuerit.
2802 4145 3277 4211 Quemadmodum
3307 4144 3353 4198 si
3389 4157 3456 4197 es

1878 4242 2000 4294 loco
2028 4239 2210 4310 amplo
2241 4239 2297 4294 in
2328 4239 2640 4310 angustiam
2678 4239 2916 4309 aliquam
2953 4247 3146 4293 ventus
3175 4236 3457 4291 conﬂuens

1876 4333 1986 4388 vim
2023 4331 2254 4402 patitur,
2289 4332 2345 4386 in
2377 4331 2552 4401 portis
2580 4341 2677 4386 aut
2704 4332 2807 4387 viis
2837 4330 3075 4400 exempli
3113 4329 3312 4399 gratia.
3341 4326 3458 4383 Sm-

1879 4443 1945 4498 pe
1971 4429 2120 4482 enim
2179 4429 2243 4482 in-
2269 4427 2543 4497 ejusmodi
2601 4427 2736 4482 locis
2775 4428 2997 4491 accidit,
3055 4439 3181 4480 cum
3237 4423 3459 4479 liuentis

1880 4519 2129 4589 corporis
2166 4535 2294 4590 pars
2322 4521 2653 4576 antecedens
2689 4536 2796 4575 non
2825 4529 3003 4589 potest
3039 4518 3314 4588 progredi,
3349 4532 3457 4570 non

197 4602 278 4676 μὴ
301 4604 582 4676 εὑρίσκειν
619 4607 856 4672 διέξοδον
885 4610 919 4679 ἢ
943 4611 1036 4662 διὰ
1065 4611 1167 4678 τὴν
1222 4610 1393 4666 τόπου
1451 4616 1770 4689 στενότητα,

1879 4613 2212 4668 inveniendo
2255 4615 2548 4669 transitum
2601 4619 2684 4668 vel
2734 4622 2959 4682 propter
2990 4613 3095 4666 loci
3124 4609 3458 4679 angustiam,

192 4698 226 4765 ἢ
259 4699 354 4751 καὶ
381 4699 471 4753 διά
508 4700 571 4752 τὸ
593 4702 875 4756 ἀντιπνεῖν
914 4703 1046 4756 ἄλλο
1085 4721 1140 4757 τι
1177 4705 1423 4775 πνεῦμα,
1447 4709 1652 4763 κύκλον
1678 4712 1778 4765 καὶ

192 4791 347 4863 δίνην
365 4792 460 4846 τοῦ
488 4793 806 4864 πνεύματος
857 4795 1129 4864 γίνεσθαι.
1179 4799 1252 4854 Τὸ
1298 4799 1400 4870 μὲν
1436 4801 1547 4871 γὰρ
1603 4820 1780 4875 προη-

194 4886 473 4952 γούμενον
502 4884 599 4939 τοῦ
633 4887 946 4957 πνεύματος
980 4890 1144 4962 μέρος
1161 4892 1223 4944 οὐ
1255 4891 1484 4948 δύναται
1519 4895 1774 4951 διελθεῖν·

191 4977 260 5028 τὸ
290 4976 345 5030 δὲ
377 4977 606 5050 συρρέον
635 4978 860 5033 ὄπισθεν
893 4981 1072 5051 βιάζει
1097 4982 1199 5054 τὴν
1227 4985 1422 5039 δίοδονο
1458 4989 1552 5040 καὶ
1579 4988 1637 5042 τὸ
1675 4990 1779 5057 μὲν

197 5068 614 5136 ἁντιόαίνει,τὺ
668 5071 716 5124 δ’
751 5073 984 5128 ἀπωθεῖ.
1062 5076 1303 5146 Ἀνάγκη
1353 5078 1534 5143 τοίνυν
1586 5081 1647 5134 τὸ
1699 5084 1780 5146 είς

199 5160 438 5230 πλάγιον
491 5163 624 5217 ἔνθα
683 5163 762 5236 μὴ
833 5165 982 5221 ἔστιν
1037 5168 1326 5234 ἀντίϐασις
1380 5171 1664 5242 ἐνεχθῆναι
1717 5176 1782 5228 τὸ

198 5255 474 5323 ἑπόμενον
504 5257 673 5329 μέρος
709 5258 807 5312 τοῦ
841 5259 1178 5331 πνεύματος,
1215 5264 1311 5316 καὶ
1343 5262 1520 5328 οὕτως
1569 5267 1654 5318 ἀεὶ
1685 5267 1782 5321 καὶ

199 5347 314 5400 πᾶν
345 5348 407 5401 τὸ
443 5349 729 5419 ἐχόμενον,
769 5350 881 5404 ἐστ’
929 5351 1023 5410 ἂν.
1045 5353 1112 5408 ἐκ
1167 5353 1402 5424 πλαγίου
1449 5357 1674 5426 βιασθὲν
1719 5359 1780 5412 τό

200 5440 621 5510 προηγούμενον
642 5445 738 5496 καὶ
776 5445 1092 5499 ἀντιὸαῖνον
1127 5447 1297 5516 μέρος
1344 5448 1440 5501 τοῦ
1470 5450 1780 5519 πνεύματος

198 5533 513 5605 ἑκκρουσθῇ
540 5534 636 5587 τοῦ
683 5537 1238 5608 προκατειλημμένου
1281 5542 1472 5609 τόπου,
1533 5543 1627 5596 καὶ
1654 5545 1781 5596 ἀναο

199 5624 456 5695 κὰμψαν,
492 5625 708 5700 συνάψῃ
735 5629 810 5697 τῷ
859 5628 1085 5683 ὄπισθεν
1142 5633 1434 5704 φερομένῳ
1488 5636 1583 5687 καὶ
1631 5637 1780 5688 ὲπω-

196 5715 409 5784 θοῦντι,
437 5719 534 5772 καὶ
562 5721 791 5788 γένηται
815 5721 874 5773 τὸ
895 5723 1018 5774 ὅλον
1052 5723 1112 5774 έν
1138 5740 1152 5754 ο
1183 5723 1382 5788 κύκλος
1408 5727 1465 5778 δέ
1490 5727 1608 5780 ἐστι
1625 5727 1782 5780 τοῦτο

193 5808 260 5860 τὸ
284 5812 491 5879 σχῆμα.
526 5814 635 5866 Καὶ
664 5813 808 5866 οὕτω
847 5815 946 5884 μὲν
1000 5815 1094 5868 ἐπὶ
1144 5817 1238 5887 τῆς
1277 5819 1379 5887 γῆς
1418 5819 1474 5870 αἱ
1525 5819 1666 5872 δῖναι
1698 5820 1782 5888 γί-

197 5916 407 5957 νονται.
457 5903 692 5974 ’(ὶμοέως
725 5907 776 5960 δε
817 5910 916 5961 κάν
951 5911 1057 5973 τοῖς
1093 5910 1316 5980 νέφεσιν
1339 5911 1599 5983 ἀλλήλαις
1660 5930 1780 5967 συν-

1885 4706 1967 4759 vel
1983 4706 2146 4760 etiam
2171 4719 2393 4776 propter
2413 4705 2780 4761 obluctantem
2801 4705 2968 4760 alium
2987 4705 3222 4773 aliquem
3248 4703 3460 4766 ﬂatum,

1881 4808 1940 4854 ut
1990 4800 2233 4856 circulus
2280 4809 2336 4855 et
2379 4801 2587 4869 vertigo
2630 4798 2789 4854 ﬂatus
2839 4798 3069 4854 oriatur.
3121 4797 3461 4852 Antecedens

1880 4892 2026 4946 enim
2057 4906 2185 4961 pars
2212 4891 2374 4948 ﬂatus
2409 4903 2646 4948 transrre
2676 4907 2787 4947 non
2815 4898 3030 4960 potest;
3063 4905 3187 4960 quae
3213 4896 3394 4944 autem
3428 4908 3462 4946 a

1882 4991 2037 5050 tergo
2078 4981 2328 5050 conﬂuit,
2384 4983 2676 5039 transitum
2727 4983 2980 5051 adurget;
3019 4981 3208 5050 sicque
3255 4980 3344 5034 ilia
3370 4995 3461 5035 re-
3556 5026 3559 5028 .

1883 5074 2144 5140 luctatur.
2197 5075 2313 5131 hac
2356 5077 2650 5145 protrudit.
2684 5076 2919 5132 Necesse
2965 5077 3150 5146 itaque
3174 5084 3278 5141 est,
3311 5084 3370 5130 ut
3408 5077 3460 5129 in

1882 5176 2280 5234 transversum,
2319 5169 2410 5223 ubi
2459 5183 2568 5225 non
2599 5175 2685 5223 est
2733 5169 3042 5232 reluctatio,
3080 5168 3290 5223 feratur
3336 5183 3464 5235 pars

1881 5256 2042 5314 ﬂatus
2076 5273 2441 5330 consequens,
2480 5270 2533 5314 et
2569 5262 2641 5314 ita
2670 5274 2885 5329 semper
2927 5260 3106 5313 omnis
3141 5274 3262 5328 quae
3297 5257 3463 5327 215

1884 5351 2142 5422 deinceps
2196 5355 2486 5424 sequitur;
2540 5355 2716 5408 donec
2761 5354 3092 5408 antecedens
3121 5362 3175 5408 et
3216 5354 3464 5406 renitens

1885 5460 2014 5515 pars
2060 5446 2220 5502 ﬂatus
2251 5462 2317 5502 ex
2362 5448 2582 5518 obliqua
2611 5457 2768 5517 parte
2826 5460 3165 5514 compressa,
3220 5446 3289 5500 de
3342 5445 3464 5497 loco

1883 5555 2044 5610 quem
2098 5542 2519 5609 praeoccupavit,
2547 5550 2794 5605 extrusa,
2859 5546 2912 5593 et
2939 5539 3299 5593 conversione
3320 5538 3463 5591 facta

1885 5645 2008 5685 cum
2041 5648 2101 5684 ea
2136 5647 2256 5700 quae
2288 5649 2316 5686 a
2365 5640 2516 5701 tergo
2549 5631 2722 5687 fertur
2750 5640 2802 5684 et
2837 5632 3009 5699 ipsam
3040 5631 3291 5697 adurget,
3333 5643 3464 5681 con-

1883 5725 2075 5796 juncta
2110 5725 2308 5792 fuerit;
2345 5727 2593 5796 adeoque
2636 5734 2808 5780 totum
2861 5724 3004 5778 istud
3056 5739 3222 5776 unum
3259 5719 3464 5774 eﬂicia-

1887 5828 1993 5884 tur,
2027 5836 2148 5890 qua:
2191 5821 2361 5890 figura
2403 5821 2668 5874 circulum
2703 5819 2971 5872 imitatur.
3025 5819 3204 5884 Atque
3236 5815 3308 5866 ita
3343 5814 3466 5881 qui-

1888 5910 2009 5968 dem
2053 5913 2104 5968 in
2138 5922 2282 5969 terra
2317 5912 2452 5970 fiunt
2482 5911 2794 5982 vertigines.
2841 5910 3040 5966 Eodem
3075 5918 3254 5963 autem
3298 5905 3462 5963 modo
