3832 6360
414 338 549 402 1187
1045 371 1054 380 -

970 447 1199 505 CAPUT
1248 448 1364 504 XX.

585 565 661 620 De
679 564 899 620 ostentis
940 580 1055 636 qua!
1083 565 1139 618 in
1194 563 1321 618 caelo
1356 563 1801 630 conspiciuntur.

479 727 531 782 Ι.
579 726 742 781 Multa
779 739 1168 794 nonnunquam
1237 732 1398 778 noctu
1451 725 1750 780 serenitate
1825 722 1978 779 exsi-

408 831 585 878 Stente
616 823 668 876 in
697 822 834 877 caelo
871 831 1087 876 ostenta
1115 834 1209 874 seu
1253 826 1491 888 spectra,
1526 829 1586 872 ut
1621 819 1835 873 colores
1854 833 1982 872 san-

409 916 616 992 guinei,
666 924 721 970 et
778 915 960 968 hiatus
1013 923 1066 969 et
1122 914 1290 970 fovete
1347 911 1650 968 consistere
1701 909 1981 966 videntur.

411 1008 616 1062 llnrum
653 1021 780 1062 vero
806 1008 1053 1061 omnium
1099 1021 1264 1060 causa
1329 1003 1578 1059 redditur
1631 1001 1837 1058 fomitis
1897 1005 1983 1058 in-

409 1102 620 1154 censio.

479 1193 532 1244 2.
568 1192 703 1245 Cum
737 1191 879 1245 enim
911 1190 1106 1251 fomes,
1149 1199 1209 1245 ut
1243 1198 1371 1245 ante
1409 1189 1616 1244 dictmn
1638 1197 1745 1252 est,
1793 1187 1984 1241 incen-

410 1285 594 1347 datur,
621 1293 675 1337 et
699 1283 946 1336 incensio
979 1281 1101 1351 ejus
1132 1282 1271 1336 alias
1311 1282 1544 1337 ﬂamma:
1575 1280 1814 1344 ardenti,
1847 1281 1983 1334 alias

416 1376 634 1429 lacibus
696 1385 749 1428 et
781 1374 956 1428 stellis
1010 1373 1466 1442 procurrentibus
1515 1372 1710 1427 similis
1752 1373 1824 1427 sit
1857 1389 1872 1430 :
1903 1372 1986 1425 ni-

411 1469 487 1521 hil
516 1468 814 1521 ahsurdum
848 1475 954 1532 est,
981 1466 1026 1519 si
1059 1464 1334 1532 eiusmodi
1375 1464 1982 1520 inﬂammationibusin

412 1560 533 1630 ipso
557 1562 862 1615 orientibus
920 1557 1055 1613 varii
1113 1557 1334 1612 colores
1384 1566 1703 1626 appareant.
1774 1555 1986 1610 Lumen

411 1655 557 1706 enim
596 1653 638 1707 si
693 1667 787 1719 per
838 1651 1068 1705 densum
1128 1664 1308 1705 aerem
1360 1651 1664 1712 subluceat,
1700 1649 1785 1702 vel
1838 1649 1984 1719 quod

410 1762 506 1800 aer
531 1745 774 1809 densior,
800 1745 980 1798 lumen
1045 1743 1227 1797 minus
1257 1743 1493 1808 est;vel
1556 1742 1740 1797 lumen
1800 1741 1987 1811 copio-

411 1840 549 1901 sius,
577 1853 670 1892 aer
701 1852 828 1892 vero
862 1838 1044 1891 minus
1067 1836 1309 1900 densus;
1357 1835 1537 1890 omnis
1573 1836 1790 1906 generis
1825 1836 1983 1890 colo-
2015 1819 2058 1875 Β

413 1949 531 1986 rum
587 1931 744 2000 221
778 1930 1012 1998 speciem
1072 1929 1399 1994 exhibebit;
1437 1929 1491 1983 in
1553 1929 1747 2000 primis
1798 1940 1979 1983 autem

410 2025 628 2093 punicei
662 2033 715 2077 et
744 2021 1027 2092 purpurei.
1061 2019 1125 2074 Hi
1155 2020 1302 2076 enim
1337 2021 1578 2085 colores,
1610 2034 1679 2075 ex
1710 2019 1873 2090 igneo
1928 2027 1982 2072 et

410 2118 533 2170 atho
591 2131 716 2170 eum
779 2115 934 2183 nigro
979 2128 1073 2181 per
1127 2111 1525 2181 oppositionem
1577 2111 1759 2167 mistis
1805 2112 1981 2181 magis

409 2209 525 2261 ﬁeri
586 2207 1022 2275 conspiciuntur.
1069 2205 1193 2258 'Sic
1250 2204 1510 2258 nimirum
1573 2205 1735 2258 etiam
1811 2204 1984 2258 stella:

409 2299 649 2352 orientes
682 2306 734 2352 et
766 2295 1108 2358 occidentes,
1142 2311 1266 2349 cum
1296 2305 1462 2350 :estus
1513 2293 1698 2361 fuerit,
1737 2289 1983 2364 punicea:

410 2402 694 2460 apparent.
723 2390 858 2445 Cum
885 2391 1029 2444 enim
1061 2404 1162 2457 per
1196 2403 1377 2442 aerem
1411 2388 1586 2458 magis
1619 2387 1849 2442 densum
1880 2401 1982 2441 nec

409 2485 633 2552 perinde
701 2482 1032 2553 pellucidum
1111 2497 1432 2545 cernuntur.
1488 2495 1797 2549 quanquam
1846 2480 1983 2533 albae

410 2587 559 2641 sunt,
593 2577 833 2644 punicea:
866 2584 1044 2630 tamen
1103 2575 1542 2644 conspiciuntur,
1575 2571 1704 2627 dum
1757 2571 1982 2638 nigredo

408 2685 512 2735 qua
558 2669 785 2724 all‘ectus
812 2684 907 2722 aer
946 2679 1200 2732 est,cum
1236 2667 1522 2722 stellarum
1587 2665 1840 2720 albcdiue
1887 2677 1984 2732 per

408 2761 736 2816 ofl‘usionem
764 2761 1174 2815 commiscetur.
1212 2759 1317 2812 Sed
1360 2769 1416 2813 et
1468 2757 1604 2811 tales
1637 2772 1733 2825 per
1771 2756 1979 2809 fumum

409 2858 717 2920 conspectae
750 2859 1034 2920 apparent.
1062 2849 1202 2914 Quin
1249 2850 1300 2901 in
1337 2848 1652 2902 universum
1689 2847 1762 2900 ita
1800 2863 1859 2900 se
1897 2862 1982 2901 res

411 2945 626 2999 habet:
663 2946 878 3016 igneum
936 2953 991 2997 et
1019 2944 1226 3006 album,
1258 2955 1381 2995 cum
1419 2949 1574 2994 trans
1624 2940 1835 3009 nigrum
1888 2945 1983 2993 aut

409 3037 463 3090 in
499 3037 655 3106 nigro
689 3037 926 3096 videtur.
964 3049 1060 3105 pro
1080 3035 1232 3088 varia
1284 3032 1530 3114 interﬁt:
1586 3030 1819 3085 invicem
1879 3031 1983 3084 mi-

1599 289 2029 397 NICEPHOBI
2083 337 2502 399 BLEMMIDE

2885 391 2892 395 _
3521 332 3653 395 1188

2665 450 2918 504 ΚΕΦᾹΔ.
2976 450 3059 503 Κ’.

2085 563 2223 633 Περὶ
2291 563 2410 617 τῶν
2465 564 2534 617 ἐν
2600 563 2681 631 τῷ
2741 563 2978 689 οᾶέφανῷ
3057 561 3443 631 φαινομένων
3504 578 3662 630 φασ-

2721 654 2759 689 u
2805 652 2948 688 των.

2716 652 2948 704 ματων.

2163 733 2233 780 α’.
2263 727 2520 780 Φαίνεταί
2566 745 2696 781 ποτε
2747 727 3116 796 συνιστάμενα
3175 726 3392 796 νύκτωρ
3442 725 3662 795 αἰθρίας

2083 815 2252 886 οῦσης
2283 819 2451 872 πολλὰ
2485 821 2750 889 φάσματα
2784 821 2842 874 έν
2871 819 2948 890 τῷ
2983 817 3220 891 οὐρανῷ,
3243 815 3358 873 οἷον
3373 818 3662 886 αἱματώδη

2083 911 2207 962 τινὰ
2254 912 2548 981 χρώματα,
2576 913 2836 982 χάσματα
2859 929 2917 966 τε
2947 913 3040 965 καὶ
3071 911 3306 983 βόθυνοι.
3361 909 3579 964 Τούτων
3605 912 3665 963 δὲ

2086 999 2304 1054 πάντων
2351 1002 2734 1070 αἰτιολογεῖται
2765 1001 2860 1055 τοῦ
2922 1001 3350 1074 ὑπεκκαύματος
3407 1004 3441 1072 ἡ
3491 1003 3665 1054 ἐκπύ·

2087 1108 2280 1162 ρωσις.

2151 1183 2218 1255 ρ’.
2256 1186 2707 1257 Ἐκπυρουμένου
2741 1190 2849 1259 γὰρ
2877 1186 2971 1241 τοῦ
2996 1187 3449 1257 ὑπεκκαύματος,
3477 1187 3669 1245 καθὼς

2086 1279 2302 1350 εἴρηται
2329 1283 2619 1352 πρότερον,
2656 1283 2753 1336 καὶ
2777 1283 2910 1335 ποτὲ
2937 1283 3039 1351 μὲν
3068 1282 3314 1344 ἐοικυίας
3347 1283 3448 1350 τῆς
3488 1279 3664 1334 αὐτοῦ

2085 1373 2454 1443 ἐκπυρώσεως
2529 1374 2797 1446 καιομένῃ
2865 1375 3046 1443 φλογί,
3113 1374 3243 1426 ποτὲ
3303 1373 3360 1425 δὲ
3405 1374 3583 1433 δαλοῖς
3636 1374 3669 1440 ἢ

2087 1464 2322 1532 ἀστράσι
2354 1464 2705 1535 φερομένοις,
2735 1464 2888 1518 οὐδὲν
2913 1465 3112 1518 ἄτοπον
3133 1463 3391 1518 τοιούτων
3421 1465 3672 1533 eadem»

2087 1555 2146 1607 ὲν
2191 1553 2342 1623 αύτῷ
2397 1555 2702 1624 γινομένων
2758 1554 2980 1607 ποικίλα
3028 1555 3294 1624 χρώματα
3351 1554 3667 1622 φαίνεσθαι.

2087 1642 2184 1696 Διὰ
2210 1645 2316 1712 γὰρ
2353 1644 2558 1697 πυκνοῦ
2595 1646 2756 1714 ἀέρος
2795 1645 3241 1713 ῦποφαινόμενον
3299 1642 3435 1712 φῶς,
3490 1643 3525 1711 ἢ
3567 1641 3672 1694 τοῦ

2089 1745 2252 1817 ἀέρος
2283 1746 2435 1808 ὄντος
2466 1747 2670 1817 μᾶλλον
2731 1746 2964 1813 πυκνοῦ,
2996 1746 3090 1800 τοῦ
3147 1746 3325 1813 φωτὸς
3361 1746 3406 1800 δ’
3437 1747 3673 1798 ἐλάττου

2087 1856 2195 1902 νος,
2231 1839 2265 1908 ἢ
2302 1840 2548 1903 πλείονος
2579 1839 2682 1910 μὲν
2712 1839 2807 1893 τοῦ
2842 1840 3042 1910 φωτὸς,
3069 1841 3165 1894 τοῦ
3231 1841 3278 1893 δ’
3308 1839 3471 1904 ἀέρος
3498 1834 3671 1911 ἦττον

2085 1933 2326 2001 πυκνοῦ,
2357 1934 2658 2003 φαντασίαν
2691 1935 2910 2004 ποιήσει
2944 1935 3254 2005 χρωμάτων
3277 1934 3671 1988 παντοδαπῶν·

2087 2021 2328 2091 μάλιστα
2393 2023 2580 2094 μέντοι
2624 2022 2722 2077 τοῦ
2760 2022 3007 2092 φοινικοῦ
3059 2039 3119 2076 τε
3181 2024 3280 2076 καὶ
3353 2022 3669 2092 πορφυροῦ.

2084 2113 2272 2170 Ταῦτα
2299 2114 2408 2186 γὰρ
2435 2116 2503 2169 τὰ
2537 2115 2807 2187 χρώματα
2839 2116 3098 2186 γινόμενα
3150 2115 3398 2184 φαίνεται
3461 2115 3674 2185 μᾶλλον

2086 2207 2152 2260 ὲκ
2199 2207 2294 2261 τοῦ
2347 2209 2633 2278 πυρώδους
2676 2226 2739 2264 τε
2787 2212 2882 2262 καὶ
2932 2208 3130 2262 λευκοῦ
3195 2209 3546 2278 μιγνυμένων
3593 2206 3676 2276 τῷ

2088 2297 2281 2365 μέλανι
2317 2300 2458 2352 κατὰ
2487 2299 2584 2368 τῆς
2614 2299 3094 2369 ἐπιπροσθήσεως.
3155 2298 3316 2353 Οῦτω
3378 2301 3511 2364 γοῦν
3573 2303 3677 2350 καὶ

2084 2393 2134 2444 oi
2165 2391 2399 2461 ἀστέρες
2437 2392 2752 2462 ἀνίσχοντες
2779 2395 2875 2446 καὶ
2903 2393 3179 2463 δυόμενοι,
3232 2392 3519 2462 καύματος
3580 2393 3672 2443 ὃν-

2083 2501 2194 2547 τος,
2225 2485 2507 2552 φαίνονται
2542 2487 2795 2554 φοινικοῖ.
2827 2486 2926 2538 Διά
2954 2485 3062 2555 γάρ
3093 2484 3185 2538 τοῦ
3221 2486 3385 2554 ἀέρος
3414 2501 3666 2555 περιπυα

2085 2579 2389 2646 κνουμένου
2450 2581 2542 2631 καὶ
2572 2579 2670 2648 οὐχ
2715 2577 2919 2648 ὁμοίως
2960 2578 3114 2641 ὄντος
3173 2576 3473 2644 διαφανοῦς
3521 2576 3674 2645 ὁρώ-

2089 2686 2263 2738 μενοι.
2287 2668 2470 2722 λευκοὶ
2507 2669 2681 2735 ὄντες,
2719 2669 3014 2736 φαίνονται
3071 2669 3324 2737 φοινικοῖ,
3389 2668 3673 2735 μιγνυμέ-

2086 2779 2178 2814 νου
2219 2761 2314 2815 τοῦ
2339 2763 2470 2832 περὶ
2489 2762 2581 2815 τὸν
2617 2761 2757 2833 ἀέρα
2808 2762 3038 2831 μέλανος
3083 2763 3150 2831 τῇ
3201 2761 3490 2830 λευκότητι
3555 2757 3673 2810 τῶν

2086 2853 2330 2923 ἀστέρων
2385 2853 2506 2906 κατ’
2552 2854 2981 2925 ὲπιπρόσθησιν.
3033 2853 3277 2909 Τοιοῦτοι
3332 2855 3390 2908 δὲ
3432 2855 3528 2907 καὶ
3575 2854 3674 2906 διὰ

2085 2941 2297 2996 καπνοῦ
2327 2943 2598 3014 ὁρώμενοι
2633 2944 2935 3011 φαίνονται.
2964 2943 3142 3005 Ὀλως
3171 2961 3230 2995 τε
3271 2943 3367 2996 καὶ
3402 2943 3670 3013 πυρῶδες

2085 3035 2181 3089 καὶ
2212 3035 2274 3088 τὸ
2298 3035 2491 3088 λευκὸν
2527 3035 2618 3089 διὰ
2637 3036 2732 3089 τοῦ
2767 3036 2993 3106 μέλανος
3050 3035 3330 3106 ὁρώμενον
3391 3037 3424 3106 ἢ
3463 3037 3522 3088 ἐν
3585 3036 3672 3103 τῷ

407 3129 584 3182 stione
608 3128 813 3183 multas
845 3127 1092 3183 colorum
1119 3125 1461 3180 diﬂ’erentias
1486 3124 1808 3180 ostendunt.
1841 3121 1975 3178 Nam

2092 3128 2281 3197 μέλανι
2313 3128 2513 3191 πολλὰς
2545 3127 2786 3181 δείκνυσι
2845 3128 3154 3200 χρωμάτων
3190 3128 3460 3197 διαφορὰς
3519 3131 3673 3181 κατὰ

407 3233 462 3280 et
489 3223 718 3278 ﬂan'imze
743 3221 896 3276 color
929 3221 1066 3274 alias
1094 3219 1347 3274 diversus
1378 3231 1474 3287 per
1532 3217 1743 3270 fumum
1809 3231 1976 3286 appa-

406 3327 512 3372 ret.
575 3317 711 3372 Cum
789 3315 936 3370 enim
1029 3313 1213 3367 fumus
1285 3310 1567 3380 aliquanto
1649 3318 1738 3364 est
1797 3309 1976 3362 humi-

407 3411 552 3468 (ἷξον,
614 3409 843 3461 ﬂammae
879 3420 1079 3475 corpus
1137 3405 1549 3473 purpurisseum
1610 3411 1886 3472 apparet;
1925 3411 1978 3454 at

409 3502 724 3570 puniceum,
774 3513 900 3552 cum
971 3498 1156 3552 [mnus
1204 3505 1288 3549 est
1339 3497 1520 3548 minus
1553 3494 1828 3550 humidus.
1883 3493 1980 3548 At-

407 3610 514 3660 qne
567 3594 666 3647 hoc
739 3606 872 3646 sane
950 3591 1110 3644 modo
1168 3589 1485 3643 ditierentes
1547 3587 1761 3641 colores
1816 3600 1982 3666 appa-

409 3694 546 3738 rt'ttl.

477 3774 529 3826 5.
564 3771 756 3824 Hiatus
777 3779 958 3825 autem
993 3779 1047 3824 et
1110 3769 1302 3833 levem,
1356 3777 1411 3824 et
1455 3769 1572 3823 iure
1609 3767 1822 3823 scilicet
1878 3763 1982 3819 mi-
2027 3773 2030 3775 '

407 3865 582 3917 stiune
617 3863 724 3915 albi
757 3871 811 3915 et
842 3862 980 3931 nigri
1008 3861 1380 3926 oboriuntur;
1440 3863 1825 3916 verumtamen
1865 3872 1978 3913 non

407 3971 509 4015 sm.
544 3965 601 4007 ιιι
635 3970 730 4022 per
761 3952 976 4024 nigrum
1009 3963 1266 4007 cernatur
1295 3951 1498 4015 album,
1525 3952 1618 4006 sed
1667 3957 1729 4004 ut
1771 3951 1823 4003 in
1856 3949 1979 4003 albo

408 4050 622 4110 n‘grum
668 4053 946 4115 appareat.
976 4045 1206 4110 Quando
1239 4043 1383 4098 enim
1414 4059 1444 4097 a
1481 4043 1638 4112 nigro
1673 4041 1855 4111 aliquo
1885 4048 1981 4094 aut

377 4140 567 4216 .222
597 4141 830 4194 can-illeo
874 4139 1014 4192 lucis
1045 4132 1384 4193 continui'tas
1422 4137 1796 4202 interciditur,
1850 4147 1978 4191 tunc

407 4239 590 4303 aliqua
629 4233 970 4304 profunditas
1001 4247 1268 4302 apparere
1299 4233 1517 4287 videtur
1549 4231 1662 4287 :ita
1696 4241 1755 4284 ut
1792 4231 1846 4285 in
1883 4244 1978 4285 ea-

407 4327 528 4380 dem
556 4325 931 4394 sintplanitie,
968 4333 1021 4377 et
1046 4340 1151 4378 non
1182 4339 1210 4377 a
1245 4323 1555 4379 seinvicem
1590 4329 1981 4378 removeantur

408 4419 590 4470 att-mm
631 4427 684 4470 et
714 4415 929 4482 nigrum
958 4453 974 4478 ,
1007 4415 1099 4469 sed
1153 4429 1219 4468 ex
1266 4429 1421 4484 aequo
1474 4413 1762 4468 intervallo
1815 4413 1979 4467 etiam

2085 3221 2182 3291 τὴν
2206 3220 2460 3291 ποικίλην
2502 3218 2649 3289 μίξιν
2670 3219 2872 3272 αὐτῶν.
2901 3221 3013 3272 Καὶ
3039 3218 3101 3272 τὸ
3151 3218 3348 3289 χρῶμα
3404 3219 3515 3286 γὰρ
3566 3220 3671 3284 τῆς

2085 3309 2283 3379 φλογὸς
2320 3311 2510 3364 ἄλλοτε
2562 3312 2776 3365 ἀλλοῖον
2829 3312 3078 3380 φαίνεται
3133 3311 3220 3364 διὰ
3283 3310 3378 3364 τοῦ
3422 3311 3670 3367 καπνοῦ.

2097 3400 2426 3473 ’Υγροτέρου
2451 3403 2551 3472 μὲν
2575 3404 2682 3472 γὰρ
2707 3403 2860 3468 ὄντος
2899 3403 2992 3457 τοῦ
3051 3405 3262 3458 καπνοῦ
3296 3405 3549 3472 φαίνεται
3601 3409 3669 3459 τὸ

2087 3495 2248 3565 σῶμα
2271 3496 2477 3565 φλογὸς
2511 3495 2778 3568 ἁλουργόν
2805 3513 2821 3531 ·
2855 3496 3133 3564 φοινικοῦν
3174 3497 3252 3559 δὲ,
3311 3498 3408 3551 τοῦ
3450 3499 3666 3551 καπνοῦ

2084 3590 2446 3658 τυγχάνοντος
2463 3583 2626 3660 ἦττον
2656 3589 2849 3660 ὑγροῦ.
2879 3590 3080 3644 Τοῦτον
3103 3591 3206 3660 μὲν
3223 3585 3316 3645 οὖν
3340 3593 3434 3644 τὸν
3457 3592 3667 3661 τρόπον

2083 3681 2153 3733 τὰ
2182 3679 2411 3750 διάφορα
2447 3681 2700 3750 φαίνεται
2731 3681 3032 3753 χρώματα.

2161 3768 2230 3838 γ’.
2259 3772 2342 3824 Τὰ
2377 3771 2436 3825 δέ
2470 3788 2534 3840 γε
2571 3773 2830 3842 χάσματα
2857 3774 2950 3825 καὶ
2977 3775 3027 3826 οἱ
3068 3772 3297 3842 ,βόθυνοι
3355 3773 3501 3843 μίξει
3554 3773 3664 3842 μὲν

2079 3862 2183 3921 καὶ
2210 3861 2385 3916 ταῦτα
2416 3862 2611 3916 λευκοῦ
2642 3864 2736 3917 καὶ
2764 3863 2996 3935 μέλανος
3022 3866 3255 3934 γίνεται,
3288 3865 3428 3935 πλὴν
3455 3865 3518 3918 οὔ
3570 3866 3668 3918 διὰ

2085 3954 2181 4008 τοῦ
2215 3956 2444 4022 μέλανος
2505 3955 2785 4026 ὁρωμένου
2844 3957 2936 4011 τοῦ
2995 3955 3218 4022 λευκοῦ,
3293 3957 3409 4010 ἀλλ’
3460 3959 3522 4009 ὲν
3581 3958 3669 4026 τῷ

2088 4047 2266 4118 λευκῷ
2321 4049 2652 4117 φαινομένου
2712 4047 2806 4100 τοῦ
2857 4048 3107 4118 μέλανος.
3169 4049 3340 4102 Ὅταν
3391 4051 3500 4120 γὰρ
3553 4051 3668 4102 ὑπό

2086 4153 2233 4203 τινος
2275 4140 2503 4208 μέλανος
2560 4141 2591 4209 ἢ
2661 4139 2862 4194 κυανοῦ
2916 4140 3274 4212 διακόπτηται
3331 4140 3428 4194 τοῦ
3482 4144 3670 4209 φωτὸς

2088 4231 2123 4300 η
2165 4230 2438 4300 συνέχεια,
2473 4231 2596 4283 τότε
2651 4230 2816 4301 βάθος
2861 4232 3015 4285 δοκεῖ
3040 4250 3092 4285 τι
3125 4232 3453 4302 φαίνεσθαιο
3488 4233 3670 4287 ὄντων

2091 4322 2194 4393 μὲν
2219 4323 2276 4374 ὲν
2305 4323 2382 4393 τῷ
2407 4322 2559 4392 αύτῷ
2582 4323 2824 4394 ἐπιπέδῳ
2876 4326 2974 4378 καὶ
3015 4327 3090 4396 μὴ
3141 4327 3529 4395 ἀφισταμένων
3567 4328 3670 4379 ἁλ-

2088 4412 2265 4483 λήλων
2299 4412 2393 4466 τοῦ
2446 4413 2642 4469 λευκοῦ
2676 4417 2772 4468 καὶ
2814 4415 2910 4469 τοῦ
2965 4417 3216 4486 μέλανος,
3271 4417 3384 4469 ἀλλ’
3430 4417 3547 4471 ἴσον
3605 4418 3673 4482 ἐξ

407 4510 571 4562 ambo
592 4522 620 4560 a
652 4507 809 4561 nobis
832 4506 1056 4572 distent,
1086 4507 1310 4575 pr0pius
1331 4515 1512 4561 autem
1545 4505 1727 4559 album
1759 4504 1979 4575 quidem

2092 4501 2246 4571 ἡμῶν
2273 4503 2662 4574 ἀφεστηκότων
2719 4507 2816 4560 καὶ
2844 4507 3212 4578 ζάμφοτέρων,
3263 4509 3543 4580 ἐγγυτέρω
3603 4512 3670 4566 δὲ

406 4615 528 4655 esse
559 4600 834 4664 videatur,
869 4599 1086 4668 nigrum
1131 4613 1262 4652 vero
1295 4599 1348 4652 in
1398 4596 1756 4667 profundiore
1789 4603 1844 4648 et
1898 4608 1985 4650 re-

407 4691 642 4746 motiore
672 4692 815 4746 loco.
839 4688 1108 4758 Quoniam
1143 4691 1287 4745 enim
1345 4689 1438 4744 lux
1494 4700 1547 4743 et
1590 4689 1774 4742 album
1809 4686 1983 4756 magis

407 4795 626 4839 movent
667 4784 867 4847 visum,
900 4793 1188 4854 propterea
1244 4781 1348 4852 ipsi
1377 4781 1635 4852 propiora
1677 4779 1932 4834 videntur
1965 4794 1983 4845 ;

407 4877 622 4944 nigrum
667 4882 867 4940 autem,
906 4875 1050 4944 quod
1113 4889 1221 4928 non
1275 4871 1497 4942 perinde
1545 4871 1725 4926 visum
1775 4878 1980 4936 movet,

408 4967 622 5038 longius
655 4968 724 5022 ab
755 4969 860 5022 hoc
889 4967 1091 5021 distare
1142 4974 1384 5036 putatur.
1437 4961 1571 5016 Cum
1631 4977 1762 5031 ergo
1808 4963 1982 5030 magis

407 5057 706 5110 introrsum
742 5058 954 5124 nigrum
1006 5063 1253 5124 apparet,
1315 5063 1602 5123 propterea
1660 5053 1804 5120 quod
1855 5052 1980 5106 albo

406 5149 579 5217 ipsum
606 5150 727 5218 plus
750 5159 852 5213 est,
876 5157 987 5201 tum
1023 5149 1179 5199 fovea
1204 5145 1408 5199 dicitur
1433 5161 1447 5210 ;
1477 5159 1601 5198 cum
1625 5153 1806 5198 autem
1824 5154 1978 5212 aper-

406 5255 516 5294 tum
550 5241 911 5310 conspicitur,
949 5247 1235 5308 propterea
1272 5236 1417 5306 quod
1480 5236 1662 5290 lumen
1703 5247 1926 5304 superat
1957 5243 1980 5299 ,'

407 5346 534 5389 tunc
565 5335 750 5388 hiatus
786 5342 1039 5388 vocatur.

481 5428 535 5480 4.
571 5427 644 5479 Ex
673 5426 939 5496 ejusmodi
1002 5423 1213 5478 scilicet
1249 5421 1393 5476 aeris
1440 5424 1816 5490 concretione,
1871 5424 1976 5478 hoc

403 5529 483 5571 est
539 5533 603 5571 ex
643 5516 815 5572 foveis
847 5528 903 5571 et
959 5516 1222 5579 hiatibus,
1275 5513 1440 5568 etiam
1476 5513 1618 5569 faces
1655 5523 1795 5584 saepe
1827 5515 1974 5569 exci-

402 5606 625 5664 derunt.
656 5609 888 5675 Quando
918 5611 1065 5664 enim
1097 5623 1193 5660 aer
1239 5607 1350 5660 coit
1382 5616 1435 5662 et
1485 5609 1776 5682 densatur,
1803 5617 1857 5661 et
1909 5621 1972 5661 ea

403 5714 627 5770 promer
660 5704 932 5769 nigrorem
955 5700 1264 5766 contrahit,
1303 5699 1485 5752 hiatus
1527 5706 1580 5753 et
1647 5699 1813 5754 fovea:
1847 5715 1972 5767 spe-

403 5794 542 5847 ciem
587 5774 933 5867 reprtcsetitat
963 5812 976 5858 ;
1004 5794 1220 5870 quando
1252 5801 1430 5848 autem
1459 5807 1551 5846 aer
1581 5791 1670 5860 qui
1695 5792 1967 5861 uigrorem

2086 4596 2372 4660 δοκοῦντος
2398 4591 2540 4650 εῖναι
2571 4598 2664 4652 τοῦ
2691 4596 2910 4663 λευκοῦ,
2944 4597 3040 4652 τοῦ
3062 4601 3119 4654 δὲ
3160 4600 3390 4670 μέλανος
3414 4603 3475 4654 ὲν
3502 4602 3671 4672 βάθει

2086 4686 2184 4740 καὶ¹
2219 4689 2582 4759 πορρωτέρω.
2601 4687 2822 4760 Ἐπειδὴ
2850 4689 2959 4760 γὰρ
2997 4690 3058 4742 τὸ
3093 4691 3208 4759 φῶς
3229 4693 3326 4745 καὶ
3355 4693 3415 4745 τὸ
3458 4691 3670 4748 λευκὸν
3701 4730 3713 4737 -

2087 4775 2289 4844 μᾶλλον
2329 4777 2430 4847 τὴν
2457 4777 2581 4847 ὄψιν
2609 4780 2767 4844 κινεῖ,
2801 4779 2890 4831 διὰ
2915 4780 3080 4833 τοῦτο
3103 4780 3306 4849 ταύτης
3367 4783 3672 4855 ἐγγυτέρω

2082 4868 2253 4923 δοκεῖ’
2295 4869 2355 4922 τὸ
2391 4869 2446 4922 δὲ
2512 4870 2679 4939 μέλαν
2732 4871 2832 4940 οὐχ
2860 4871 3063 4938 ὁμοίως
3111 4872 3214 4939 τὴν
3266 4872 3391 4943 ὄψιν
3447 4877 3671 4937 κινοῦν,

2083 4960 2246 5013 πλέον
2279 4961 2579 5030 ἀφεστάναι
2601 4961 2806 5031 ταύτης
2845 4959 3152 5030 νομίζεται.
3192 4962 3359 5015 Ὅταν
3407 4964 3509 5033 μὲν
3565 4965 3674 5018 οὖν

2083 5055 2141 5105 ἐν
2171 5053 2322 5123 βάθει
2356 5052 2557 5122 μᾶλλον
2604 5053 2866 5125 φαίνηται
2914 5053 2976 5104 τὸ
3024 5053 3214 5122 μέλαν,
3265 5055 3353 5108 διὰ
3399 5057 3461 5108 τδ
3513 5051 3671 5110 εἶναι

2083 5145 2265 5198 πλεῖον
2299 5145 2392 5198 τοῦ
2421 5145 2638 5209 λευκοῦ,
2667 5146 2784 5198 τότε
2836 5144 3057 5213 λέγεται
3092 5143 3313 5213 βόθυνος
3343 5161 3358 5175 ·
3420 5147 3554 5200 ὅταν
3613 5149 3673 5199 δ’

2082 5239 2428 5307 ἀνεῳγμένον
2471 5238 2729 5307 φαίνηται
2757 5239 2847 5291 διὰ
2902 5239 2963 5292 τὸ
3009 5233 3151 5292 εἶναι
3205 5238 3366 5292 πλέον
3403 5241 3468 5292 τδ
3515 5241 3672 5310 φῶς,

2079 5330 2201 5382 τότε
2232 5329 2479 5382 καλεῖται
2509 5330 2717 5398 χάσμα.

2149 5420 2210 5474 δ’.
2258 5422 2351 5473 Ἐκ
2387 5421 2450 5492 δὴ
2482 5421 2583 5484 τῆς
2637 5419 2892 5489 τοιαύτης
2943 5419 3039 5474 τοῦ
3091 5420 3253 5492 ἀέρος
3313 5423 3672 5491 συστάσεως,

2079 5513 2246 5583 ἡγουν
2315 5513 2424 5565 τῶν
2485 5511 2725 5581 βοθύνων
2761 5528 2821 5564 τε
2874 5513 2968 5564 καλ⁸
3017 5513 3340 5582 χασμάτων,
3404 5518 3501 5569 καὶ
3560 5519 3673 5571 δα.-

2077 5605 2160 5658 λοὶ
2208 5605 2469 5668 πολλάκις
2534 5604 2816 5669 ἐξέπεσον.
2877 5605 3084 5659 Συνιὼν
3134 5605 3235 5674 μὲν
3290 5608 3404 5678 γὰρ
3463 5611 3492 5662 6
3545 5612 3670 5682 ἀὴρ

2078 5701 2172 5752 καὶ
2201 5698 2578 5768 πυκνούμενος
2630 5701 2725 5751 καὶ
2771 5698 2859 5751 διὰ
2924 5700 3086 5752 τοῦτο
3127 5700 3514 5772 μελαινόμενος
3555 5708 3672 5774 χά-

2080 5809 2281 5865 σματος
2316 5792 2411 5844 καὶ
2468 5790 2694 5860 βοθύνου
2751 5793 3054 5860 φαντασίαν
3121 5793 3461 5852 παοέγεται·
3525 5801 3671 5852 ὅταν
