3832 6360
412 353 543 421 1191

1608 336 2039 404 NICEPHORI
2083 336 2513 402 ΒιΕιιΜιυΑι

3541 334 3682 402 1192

410 464 591 529 nobis,
617 469 676 517 ut
707 458 953 516 densitas
977 462 1033 513 et
1061 452 1239 528 caligo
1257 451 1405 510 aeris
1423 452 1991 519 ohumbrent;lumen:

2116 450 2256 519 δμῖν,
2300 450 2405 522 τῆς
2436 448 2532 505 τοῦ
2557 448 2718 523 ἀέρος
2751 450 3088 520 πυκνότητός
3131 469 3190 505 τε
3234 453 3328 506 καὶ
3374 448 3685 519 ζοφερότην

411 572 513 612 nec
545 556 598 610 id
650 568 847 622 purum
878 560 933 605 et
986 551 1289 611 sincerum,
1353 545 1446 603 sed
1497 544 1883 600 conturbatum
1941 551 1995 598 et

412 648 700 708 confusum
738 661 807 700 ex
865 642 1266 712 ejustuodiper
1296 639 1780 695 obumbrationem
1843 652 1996 694 coni-

412 740 670 795 tristione
701 735 851 790 cerni
894 734 1079 792 sinant
1118 746 1134 785 :
1171 742 1363 785 verum
1394 728 1557 783 etiam
1579 739 1675 779 aer
1708 724 1999 781 retractio-

413 849 511 891 nes
542 830 844 900 accipiens,
882 825 1129 882 colorum
1156 832 1210 879 et
1243 822 1546 894 ﬁgurarum
1584 817 1789 890 speciei
1827 832 1992 874 causa

411 928 651 985 exsistit.

480 1106 541 1163 2.
576 1107 652 1161 Es
703 1100 1223 1159 mathematicorum
1258 1098 1478 1170 quidem
1529 1098 1803 1154 sententia
1841 1095 1907 1161 “,
1936 1105 1996 1151 ut

410 1201 564 1252 visus
594 1195 926 1265 refringatur
955 1194 1024 1247 ab
1053 1208 1180 1249 aere
1208 1193 1480 1249 crassiore
1500 1199 1557 1246 et
1579 1191 1994 1248 concretionem

414 1291 648 1344 habente
684 1287 749 1342 ad
783 1286 991 1355 aliquid
1019 1298 1211 1339 eorum
1240 1298 1365 1353 qute
1418 1281 1583 1353 227
1640 1280 1995 1338 illuminandi

422 1382 738 1435 facultatem
765 1376 1071 1434 naturalem
1107 1375 1331 1438 habent,
1371 1385 1426 1431 et
1460 1376 1759 1432 secundum
1786 1384 1995 1433 certam

411 1476 499 1527 vel
538 1474 948 1530 concretionem
983 1470 1065 1524 vel
1098 1468 1475 1525 habitudinem
1499 1469 1643 1526 aeris
1670 1479 1724 1525 et
1746 1470 1993 1536 luminis,

413 1568 544 1637 quin
579 1577 631 1620 et
666 1565 971 1621 secundum
1010 1562 1185 1633 ipsius
1213 1561 1493 1617 cernentis
1525 1561 1677 1617 visus
1736 1562 1807 1616 ad
1861 1576 1997 1618 con-

413 1669 622 1712 cretum
660 1673 841 1711 aerem
872 1664 929 1711 et
962 1657 1027 1710 ad
1059 1657 1244 1709 lumen
1281 1653 1680 1720 habitudinem,
1713 1668 1840 1709 cum
1898 1669 1995 1709 co-

413 1752 589 1805 lorum
616 1760 728 1804 tum
759 1748 1056 1821 ﬁgurarum
1082 1747 1293 1815 species
1317 1746 1665 1817 perﬁciatur;
1692 1760 1756 1801 ex
1806 1746 1995 1818 physi-

2098 560 2191 607 τος
2224 545 2672 616 ἱπιπροσθούσης
2703 546 2764 598 τδ
2792 547 2907 613 φῶς
2946 546 3043 600 καὶ
3088 546 3164 617 μὴ
3213 544 3393 616 ἐώσης
3446 544 3686 616 ὁρᾶσθαι

2098 637 2342 710 καθαρὸν
2376 638 2471 692 καὶ
2497 638 2820 707 εἰλικρινὲς,
2863 638 3000 693 ἀλλά
3058 636 3533 708 συντεθολωμένον
3586 642 3687 692 καὶ

2100 728 2518 801 συγκεχυμένον
2556 732 2620 786 ἐκ
2663 730 2762 800 τῆς
2789 731 3051 798 τοιαύτης
3100 730 3224 785 κατ’
3280 733 3690 803 ἐπιπρόσθησιν

2099 819 2387 890 ἐπιμιξίας
2416 835 2433 852 ο
2459 821 2594 875 ἀλλὰ
2647 822 2742 876 καὶ
2794 821 3120 883 άναιδάσεις
3159 821 3449 892 δεχόμενος
3494 823 3521 874 ὁ
3573 824 3689 887 ἀὴρ

2098 911 2271 977 αἴτιος
2347 914 2652 983 φαντασίας
2720 914 3036 987 χρωμάτων
3088 915 3188 987 ἢδη
3236 918 3333 970 καὶ
3379 917 3690 987 σχημάτων

2098 1001 2443 1059 καθίσταται.

2170 1095 2236 1167 β’.
2275 1097 2432 1152 Κατὰ
2462 1096 2564 1166 μὶν
2588 1099 2718 1162 τοὺς
2775 1099 2840 1152 ἐκ
2896 1097 3241 1170 μαθημάτων
3287 1098 3695 1167 ἀνακλωμένης

2098 1188 2200 1259 τῆς
2230 1187 2409 1258 ὅψεως
2433 1187 2541 1242 ἀπὸ
2562 1188 2658 1243 τοῦ
2692 1188 3005 1260 παχυτέρου
3041 1189 3205 1261 ἀέρος
3251 1189 3346 1245 καὶ
3412 1189 3690 1243 σύστασιν

2097 1278 2315 1350 ἔχοντος
2338 1279 2435 1333 ἐπί
2465 1299 2517 1335 τι
2542 1281 2653 1335 τῶν
2687 1283 2950 1352 φωτίζειν
2981 1280 3332 1352 πεφυκότων,
3391 1281 3488 1335 καὶ
3535 1281 3695 1335 κατὰ

2095 1373 2198 1442 τὴν
2235 1372 2456 1443 ποιάνῆ
2496 1371 2761 1427 σύστασιν
2784 1372 2818 1443 ἢ
2844 1375 3031 1445 σχέσιν
3059 1372 3155 1427 τοῦ
3207 1374 3371 1445 ἀέρος
3432 1374 3529 1427 καὶ
3585 1369 3692 1427 τοῦ

2096 1462 2300 1534 φωτὸς,
2333 1465 2435 1536 ήδη
2479 1465 2537 1520 δὲ
2571 1467 2666 1519 καὶ
2710 1466 2883 1537 αὐτῆς
2940 1467 3041 1536 τῆς
3098 1464 3315 1537 ὁρώσης
3357 1466 3535 1536 ὅψεως
3581 1466 3694 1534 τὴν

2099 1557 2238 1629 πρός
2261 1573 2320 1611 τε
2351 1557 2446 1610 τὸν
2479 1560 2854 1626 συνεστηκότα
2905 1559 3045 1629 ἀέρα
3100 1558 3199 1612 καὶ
3247 1558 3387 1629 πρὸς
3453 1556 3513 1609 τὸ
3566 1556 3694 1623 φῶς

2098 1650 2307 1719 σχέσιν,
2344 1649 2444 1718 τῆς
2479 1646 2593 1701 τῶν
2628 1650 2943 1721 χρωμάτων
2977 1667 3035 1702 τε
3063 1650 3157 1704 καὶ
3208 1649 3514 1720 σχημάτων
3544 1665 3695 1715 φαν-

2096 1739 2292 1802 τασίας
2325 1738 2753 1809 ὲκτελουμένης·
2789 1739 2935 1794 κατὰ
2954 1740 3011 1793 δὲ
3064 1740 3193 1803 τοῦς
3228 1738 3499 1808 φυσικοὺς
3530 1755 3691 1806 γινοο

410 1858 602 1897 corum
658 1848 842 1895 autem
898 1839 1270 1903 doctrina,'ut
1329 1837 1556 1893 luminis
1606 1835 1867 1894 refractio
1919 1838 1988 1894 ad

2116 1831 2269 1902 ιένης
2294 1828 2391 1885 τοῦ
2421 1831 2600 1900 φωτὸς
2625 1831 2983 1897 ἀνακλάσεως
3007 1832 3142 1904 πρὸς
3168 1832 3267 1903 τὴν
3304 1832 3449 1903 ὄψιν,
3476 1832 3535 1886 οὗ
3569 1832 3686 1902 μὴν

410 1934 613 1994 visum,
640 1949 744 1987 non
779 1931 952 2003 ipsius
987 1932 1139 1986 visus
1171 1929 1237 1985 ad
1262 1930 1448 1987 iumen
1486 1928 1598 1985 ﬁat.

482 2025 537 2081 3.
584 2024 948 2080 Mathematici
1002 2023 1149 2078 enim
1216 2023 1402 2079 radios
1451 2023 1718 2095 quosdam
1771 2022 1864 2095 qui
1922 2038 1995 2080 ex

408 2119 584 2173 oculis
608 2117 987 2181 eﬂuuduntur,
1023 2116 1189 2186 inque
1236 2131 1350 2171 rem
1411 2116 1795 2186 aspectabilem
1856 2116 1994 2173 inci-

410 2211 566 2273 dunt,
598 2208 816 2262 videndi
852 2222 1052 2262 causas
1078 2206 1236 2260 nubis
1256 2220 1377 2259 esse
1397 2206 1588 2260 dicunt
1617 2221 1632 2258 :
1693 2206 1793 2261 hos
1848 2206 1995 2262 scili-

409 2314 495 2359 cet
520 2303 671 2372 ipsos
704 2301 833 2355 dum
868 2317 898 2354 a
950 2298 1189 2370 speculis
1219 2306 1272 2352 et
1301 2297 1425 2351 aliis
1472 2298 1744 2353 similibus
1771 2298 1837 2352 ad
1878 2313 1991 2354 rem

415 2394 805 2465 aspectabilem
870 2393 945 2446 ads
1007 2390 1237 2459 angulos
1302 2390 1540 2458 aequales
1602 2389 1990 2460 refringantur,

417 2504 639 2542 causam
672 2487 828 2540 nobis
859 2488 1102 2556 pra'here
1152 2496 1209 2538 ut
1246 2485 1318 2537 ita
1355 2484 1505 2553 quod
1538 2483 1772 2551 videtur,
1808 2482 1995 2538 videa-

416 2596 581 2649 mus;
613 2590 667 2635 at
700 2579 945 2651 physicis
975 2594 1085 2633 non
1115 2593 1212 2648 per
1264 2576 1546 2633 radiorum
1605 2577 1987 2642 emissionem,

413 2676 507 2730 sed
546 2691 641 2745 per
667 2674 948 2744 qualitatis
980 2688 1170 2728 eorum
1190 2687 1312 2741 quae
1343 2672 1598 2725 videntur
1625 2672 1994 2739 receptionem

412 2766 555 2819 visio
583 2765 767 2834 perlici
789 2763 1027 2819 videtur.
1058 2761 1133 2817 Ea
1159 2763 1306 2817 enim
1327 2777 1446 2831 qua:
1466 2762 1531 2816 ad
1556 2770 1766 2816 rectam
1791 2761 1995 2818 lineam

415 2857 691 2923 videntur,
718 2857 869 2912 cerni
894 2855 1125 2923 dicunt;
1158 2856 1285 2925 quia
1313 2855 1659 2924 perspicuum
1688 2854 1834 2925 quod
1858 2857 2000 2909 inter

2092 1922 2193 1995 τῆς
2237 1923 2415 1992 ὅψεως
2444 1923 2584 1998 πρὸς
2618 1924 2681 1979 τδ
2709 1925 2846 1994 φῶς.

2162 2019 2232 2084 τ’.
2265 2014 2330 2068 Oi
2363 2013 2461 2085 μὲν
2494 2015 2601 2088 γὰρ
2640 2016 2754 2070 τῶν
2792 2015 3136 2089 μαθημάτων
3164 2016 3388 2080 ἀκτῖνάς
3423 2016 3557 2085 φασί
3593 2032 3686 2069 τι-

2094 2123 2192 2171 νας
2254 2110 2591 2180 ἐκχεομένας
2619 2110 2731 2164 τῶν
2760 2110 3053 2181 ὀφθαλμῶν
3080 2112 3175 2165 καὶ
3222 2110 3692 2181 προσπιπτούσας

2096 2201 2174 2273 τῷ
2202 2201 2409 2274 ὁρατῷ,
2431 2203 2531 2257 τοῦ
2563 2204 2696 2275 ὁρᾷν
2724 2206 2901 2267 αἰτίας
2930 2200 3069 2258 εἶναι
3093 2207 3227 2275 ἡμῖν
3254 2205 3423 2269 αὑτὰς
3454 2204 3518 2265 δὴ
3547 2204 3693 2256 ταῦ-

2097 2312 2199 2359 τας
2237 2295 2346 2348 ἀπὸ
2376 2295 2485 2349 τῶν
2521 2296 2850 2367 κατόπτρων
2891 2297 2987 2351 καὶ
3019 2297 3237 2351 πάντων
3273 2296 3380 2351 τῶν
3417 2296 3693 2350 τοιούτων

2098 2386 2495 2455 ἀνακλωμένας
2548 2386 2640 2440 ἐπὶ
2671 2387 2733 2440 τὸ
2762 2390 2959 2460 ὁρατὸν
3015 2389 3152 2458 πρὶς
3181 2390 3303 2450 [σας
3337 2387 3539 2455 γωνίας
3574 2389 3683 2455 τὴν

2097 2480 2279 2531 αἰτίαν
2311 2479 2476 2532 πάλιν
2502 2480 2636 2548 ἡμῖν
2664 2480 2930 2551 παρέχειν
2960 2480 3055 2534 τοῦ
3086 2482 3260 2544 ὅντως
3288 2480 3421 2551 ὁρᾷν
3451 2480 3511 2533 ab
3533 2481 3689 2549 ὁρῶ·

2102 2589 2302 2643 μενον⁶
2330 2576 2449 2638 τοῖς
2506 2574 2563 2628 δὲ
2601 2577 2855 2642 φυσικοῖς
2908 2576 2970 2627 οῦ
3027 2575 3175 2628 δοκεῖ
3213 2575 3282 2627 δι’
3308 2574 3541 2627 ἀκτίνων
3584 2576 3688 2626 ὲκο

2100 2667 2331 2739 πομπῆς
2363 2667 2641 2722 τελεῖσθαι
2679 2667 2776 2736 τὴν
2806 2669 3024 2739 ὅρασιν,
3066 2667 3198 2722 ἀλλὰ
3228 2671 3294 2739 τῇ
3335 2668 3554 2737 εἰσδοχῇ
3583 2671 3692 2734 τῆς

2098 2760 2208 2814 τῶν
2254 2759 2548 2831 ὁρωμένων
2596 2759 2905 2830 ποιότητος.
2944 2760 3207 2831 Ὀρᾶσθαι
3258 2761 3367 2830 γάρ
3422 2777 3560 2829 φασι
3615 2761 3687 2813 τά

2105 2853 2207 2924 μιν
2232 2853 2458 2917 εὐθείας
2480 2853 2760 2924 ὁρώμενα,
2784 2853 2862 2924 τῷ
2885 2854 3118 2923 πάσχειν
3141 2852 3249 2907 ὑπὸ
3275 2853 3372 2906 τοῦ
3395 2856 3688 2922 ὁρωμένου

413 2965 531 3004 rem
558 2949 951 3020 inspectabilem
980 2958 1033 3001 et
1087 2956 1369 3019 aspectum
1415 2948 1712 3001 intervenit
1754 2963 1781 3000 a
1814 2949 1994 3003 colore

2116 2943 2396 3016 χρώματος
2424 2946 2486 2999 τὸ
2524 2945 2730 3015 μεταξὺ
2776 2945 2870 2999 τοῦ
2904 2947 3189 3017 ὁρωμένου
3236 2946 3331 2999 καὶ
3369 2946 3474 3015 τῆς
3504 2946 3692 3015 ὅψεως

416 3042 510 3112 qui
538 3050 847 3113 spei-tatur.
869 3039 1161 3104 afﬁciatur,
1191 3048 1245 3094 et
1282 3039 1597 3110 passionem
1620 3042 1765 3097 visui
1803 3042 1896 3111 qui
1946 3051 1994 3097 et

2116 3028 2391 3108 διαφανὲς,
2418 3039 2516 3092 καὶ
2547 3037 2895 3105 μεταδιδόναι
2929 3041 2995 3111 τῇ
3023 3039 3144 3109 ὕψει
3184 3037 3278 3092 τοῦ
3310 3039 3517 3104 πάθους
3548 3038 3692 3113 οὔσῃ

416 3134 537 3205 ipse
564 3143 648 3189 est
678 3134 1027 3205 perspicuus,
1060 3131 1461 3186 communicet.
1490 3129 1625 3197 Qua!
1663 3143 1850 3188 autem
1905 3148 1994 3203 per

2116 3131 2199 3184 καὶ
2228 3128 2405 3200 ταύτῃ
2442 3129 2717 3198 διαφανεῖ.
2752 3132 2833 3185 Τά
2871 3131 2929 3185 δὲ
2972 3130 3094 3185 κατ’
3126 3130 3430 3186 ἀνάκλασιν
3457 3132 3694 3201 ὁρᾶσθαι

417 3223 803 3279 refractionem
838 3231 1168 3285 cernuntur,
1198 3221 1268 3273 ita
1294 3222 1441 3275 cerni
1469 3237 1485 3287 ;
1516 3231 1575 3277 ut
1625 3223 1704 3279 rei
1761 3234 2013 3296 aspecta-

417 3313 546 3369 bilis
570 3314 926 3369 simulacrum
964 3312 1201 3381 primum
1230 3304 1389 3368 ﬁatin
1417 3314 1659 3384 speculis
1684 3325 1736 3370 et
1754 3317 2011 3373 omnibus

421 3408 632 3477 speculi
687 3423 837 3462 more
890 3405 1057 3476 228
1083 3406 1392 3476 perspicuis
1427 3447 1443 3470 ,
1516 3417 1744 3476 propter
1797 3417 2008 3463 certain

423 3501 661 3570 aliquam
696 3500 772 3554 rei
800 3499 1152 3569 aspectabilis
1181 3497 1552 3554 habitudinem
1577 3501 1643 3553 ad
1677 3501 1957 3571 speculum
1992 3519 2008 3558 :

420 3593 535 3650 ﬁeri
570 3606 754 3647 autem
790 3591 1080 3662 imaginem
1116 3591 1192 3646 rei
1218 3593 1642 3661 aspectabilisin
1672 3596 1897 3664 speculo
1916 3611 2009 3665 per

418 3687 803 3759 perspicuum,
831 3686 978 3754 quod
1013 3686 1153 3739 inter
1174 3688 1461 3754 speculum
1484 3694 1539 3740 et
1586 3698 1870 3756 aspectum
1920 3689 2008 3742 in-

418 3781 687 3842 tervenit;
728 3785 784 3831 ut
816 3777 1157 3845 ejuscemodi
1184 3779 1535 3848 perspicuum
1570 3792 1601 3832 a
1635 3779 1714 3834 rei
1758 3787 2010 3849 aspecta-

419 3873 549 3929 liilis
587 3874 775 3929 colore
800 3870 1090 3937 aﬂiciatur,
1115 3882 1167 3925 et
1187 3871 1531 3928 aﬂ‘ectionem
1560 3873 1783 3943 speculo
1810 3873 2010 3943 imper-

420 3966 542 4031 tiat,
576 3966 721 4035 quod
747 3975 801 4019 et
863 3965 1039 4031 ipsum
1068 3973 1154 4018 est
1189 3963 1542 4034 perspicuum
1569 3981 1586 4031 ;
1619 3965 1817 4020 deinde
1847 3964 2008 4021 sicex

420 4059 646 4127 speculo
676 4058 743 4110 ad
769 4067 1053 4126 aspectum
1089 4055 1275 4111 venire
1328 4056 1526 4112 dictam
1567 4058 1858 4128 imaginem
1913 4072 2012 4131 per

421 4150 568 4206 idem
620 4149 752 4204 illud
807 4149 1159 4219 perspicuum
1206 4150 1352 4220 quod
1403 4152 1546 4206 inter
1615 4152 1897 4220 speculum
1955 4160 2012 4207 et

421 4252 702 4309 aspectum
728 4240 971 4295 exsistit.
994 4236 1163 4296 Posse
1186 4242 1331 4296 enim
1364 4241 1650 4312 speculum
1676 4241 1931 4298 levitatis
1956 4256 2011 4299 et

422 4330 652 4401 fulgoris
676 4344 843 4385 causa
872 4331 950 4385 rei
995 4334 1342 4402 aspectabilis
1366 4334 1607 4389 colorem
1632 4336 2010 4391 communica-

420 4434 561 4491 tum,
589 4442 696 4482 nun
730 4426 939 4479 tantum
979 4436 1228 4495 prompte
1255 4426 1534 4499 accipere,
1587 4428 1681 4483 sed
1729 4427 2009 4484 custodire

420 4519 611 4593 etiam,
639 4528 695 4571 et
726 4520 1020 4587 perspicuo
1051 4518 1196 4588 quod
1249 4518 1431 4589 ipsum
1463 4518 1643 4589 primo
1678 4520 2006 4589 transmisit,
2040 4500 2085 4557 θ

419 4610 672 4665 vicissim
710 4609 1019 4667 remittere.

489 4702 544 4763 4.
569 4698 727 4765 Quod
766 4699 932 4769 igitur
973 4699 1191 4758 lucidus
1217 4710 1272 4758 et
1306 4700 1496 4756 clarus
1532 4700 1817 4757 oculorum
1846 4704 2008 4774 spiri-

420 4802 514 4849 tus
542 4804 887 4859 secernatur,
918 4803 1129 4851 tantum
1161 4811 1271 4851 non
1328 4795 1536 4850 diserte
1574 4796 1836 4862 clamant,
1904 4800 2009 4880 ipsi

417 4888 586 4940 etiam
620 4886 891 4956 nerviqui
933 4887 1097 4942 talem
1143 4887 1401 4956 spiritum
1424 4902 1492 4941 ex
1543 4887 1775 4945 cerebro
1825 4893 2007 4946 conti-

417 4987 615 5031 nenter
637 4977 951 5033 alﬂuentem
976 4977 1271 5033 demittunt
1311 4981 1376 5033 ad
1424 4978 1651 5047 oculos;
1709 4982 1811 5038 soli
1851 4985 1997 5039 enim

417 5069 473 5123 hi
508 5086 579 5124 ex
612 5073 868 5126 omnibus
892 5071 988 5141 qui
1020 5081 1148 5127 sunt
1178 5071 1233 5125 in
1267 5087 1503 5142 corpore
1528 5059 1728 5138 ‘nervi,
1774 5076 1892 5130 cavi
1948 5084 2005 5132 et

417 5163 769 5218 canaliculati
792 5173 943 5219 sunt.
972 5163 1321 5235 Quapropter
1336 5180 1434 5220 eos
1457 5165 1623 5220 etiam
1662 5165 2000 5236 Herophilus

418 5267 603 5322 poros,
636 5255 687 5308 id
713 5265 799 5310 est
832 5265 1069 5321 meatus,
1099 5271 1195 5310 seu
1249 5256 1496 5321 canales,
1535 5255 1857 5314 nominavit.

487 5451 605 5512 5-8,
631 5452 788 5520 Quod
810 5464 989 5510 autem
1015 5455 1201 5511 lumen
1224 5457 1374 5512 visus
1399 5474 1505 5513 non
1522 5461 1697 5530 possit
1717 5460 1891 5530 ipsum
1913 5476 2009 5529 per

417 5561 480 5601 se
506 5551 680 5601 solum
711 5548 1015 5616 pmvenire
1036 5558 1089 5601 et
1111 5552 1578 5620 comprehendere
1602 5554 1788 5606 omnia
1846 5568 2010 5622 aspe-

415 5638 636 5695 ctabilia
666 5640 771 5696 nisi
800 5642 869 5698 ah
910 5651 1138 5697 esterno
1164 5643 1329 5716 229
1356 5645 1564 5701 lumine
1615 5645 1926 5711 adjuvetur,
1957 5660 2009 5700 e-

493 5823 537 5856 ⁸⁸
565 5838 622 5878 ιιι
681 5823 911 5883 Meténr.
966 5841 1017 5880 c.
1056 5827 1114 5881 2.

2111 3223 2382 3292 λεγόμενα
2425 3214 2599 3285 οὕτως
2630 3222 2881 3295 ὁρᾶσθαι,
2912 3223 2991 3293 τῷ
3038 3223 3283 3291 γίνεσθαι
3318 3224 3541 3299 septimi:
3588 3227 3691 3296 τὴν

2109 3312 2202 3369 τοῦ
2229 3313 2511 3385 ὁρωμένου
2565 3314 2804 3384 ἔμφασιν
2834 3314 2890 3367 ὲν
2940 3316 3051 3377 τοῖς
3079 3315 3363 3384 ἑνόπτροις
3391 3317 3484 3367 καὶ
3516 3318 3690 3368 πᾶσιν

2108 3405 2454 3475 ινοπτρικοζς
2497 3405 2587 3458 διὰ
2622 3404 2723 3474 τὴν
2747 3405 2911 3457 ποιὰν
2944 3404 3130 3473 σχέσιν
3163 3405 3263 3457 τοῦ
3310 3404 3512 3475 ὁρατοῦ
3549 3406 3690 3475 πρὸς

2107 3496 2170 3549 τδ
2202 3496 2501 3567 ἔνοπτρονο
2538 3496 2787 3565 γίνεσθαι
2823 3495 2881 3549 δὲ
2914 3495 3015 3566 τὴν
3055 3496 3147 3548 τοῦ
3191 3497 3392 3567 ὁρατοῦ
3440 3498 3685 3567 ἔμφασιν

2110 3591 2169 3649 ιν
2206 3590 2283 3661 τῷ
2313 3589 2561 3662 ἐνόπτρῳ
2583 3589 2673 3646 διὰ
2704 3591 2797 3646 τοῦ
2827 3589 3303 3662 διαφανοῦς,ὅπερ
3333 3593 3450 3645 ἐστί
3474 3594 3685 3662 μεταξῦ

2107 3683 2204 3741 τοῦ
2241 3684 2506 3752 ἐνόπτρου
2538 3702 2599 3739 τε
2643 3686 2738 3739 καὶ
2771 3686 2871 3756 τῆς
2903 3684 3081 3755 ὅψεως
3116 3685 3421 3756 πάσχοντος
3447 3686 3542 3741 τοῦ
3573 3706 3688 3742 τοι·

2109 3776 2269 3831 οῦτου
2328 3776 2620 3847 διαφανοῦς
2670 3777 2775 3831 ὑπὸ
2807 3779 2908 3847 τῆς
2935 3778 3031 3832 τοῦ
3060 3782 3343 3851 ὁρωμένου
3372 3784 3566 3852 χροιᾶς
3597 3784 3692 3835 καὶ

2110 3872 2202 3928 τοῦ
2240 3871 2443 3937 πάθους
2471 3872 2850 3942 μεταδιδόντος
2888 3871 2968 3939 τῷ
2998 3874 3243 3945 ἐνόπτρῳ
3285 3873 3544 3941 διαφανεῖ
3583 3878 3690 3929 κά-

2113 3964 2277 4036 κείνῳ
2297 3964 2621 4034 τυγχάνοντι
2642 3979 2662 4000 ο
2694 3960 2796 4017 εἷθ’
2827 3963 3003 4029 οὕτως
3036 3966 3102 4018 ἐκ
3132 3965 3228 4020 τοῦ
3265 3967 3532 4036 ἐνόπτρου
3556 3969 3693 4036 πρδς

2107 4056 2212 4127 τὴν
2263 4056 2390 4128 ὄψιν
2425 4058 2588 4129 ήκειν
2617 4058 2716 4128 τὴν
2767 4058 3072 4130 εἰρημένην
3127 4058 3370 4129 ἔμφασιν
3412 4061 3483 4113 δι’
3519 4060 3690 4114 αὑτοῦ

2112 4152 2277 4206 πάλιν
2314 4149 2409 4203 τοῦ
2440 4149 2647 4220 μεταξὺ
2677 4149 2771 4203 τοῦ
2796 4149 3059 4221 ἐνόπτρου
3100 4151 3195 4203 καὶ
3228 4151 3327 4219 τῆς
3365 4150 3545 4221 ὄψεως
3577 4153 3694 4206 δια-

2109 4241 2332 4312 φανοῦς.
2363 4244 2641 4299 Δύνασθαι
2672 4243 2782 4313 γὰρ
2811 4245 2871 4296 τὸ
2901 4241 3164 4315 ἔνοπτρον
3189 4241 3279 4296 διὰ
3305 4242 3564 4314 λειότητα
3587 4246 3683 4298 καὶ

2112 4334 2502 4405 στιλπνότητα,
2537 4333 2612 4407 μὴ
2644 4332 2806 4405 μόνον
2834 4335 3070 4405 ἑτοίμως
3098 4335 3357 4406 δέχεσθαι
3379 4337 3444 4389 τὸ
3466 4339 3692 4407 μεταδιο

2111 4429 2338 4500 δόμενον
2373 4428 2525 4501 αὐτῷ
2549 4431 2751 4501 χρῶμα
2779 4429 2872 4483 τοῦ
2908 4428 3126 4499 ὁρατοῦ,
3166 4429 3303 4483 ἀλλά
3344 4431 3439 4483 καὶ
3477 4433 3693 4499 φυλάσ-

2110 4538 2229 4577 σειν
2259 4524 2351 4576 καὶ
2373 4522 2847 4592 ἀντιμεταδιδὸναι
2869 4520 2948 4593 τῷ
2995 4521 3283 4593 μεταδόντι
3306 4521 3542 4593 πρώτως
3576 4525 3692 4580 δια-

2110 4616 2293 4687 φανεῖ.

2181 4706 2242 4765 δ’.
2279 4707 2405 4763 Ὀτι
2435 4708 2531 4779 μὲν
2564 4703 2660 4762 οῦν
2703 4708 2980 4777 αὐγοειδὲς
3012 4709 3111 4761 καὶ
3147 4709 3435 4780 φωτοειδὲς
3468 4708 3691 4777 πνεῦμα

2112 4800 2221 4853 τῶν
2248 4801 2545 4871 ὀφθαλμῶν
2578 4799 2967 4871 ἀποκρίνεται,
2997 4800 3282 4873 μονονουχί
3334 4800 3436 4873 βοᾷ
3466 4803 3686 4871 τρανῶς

2111 4896 2205 4949 καὶ
2235 4895 2376 4949 αὐτὰ
2395 4895 2463 4949 τά
2485 4893 2654 4964 νεῦρα
2670 4895 2738 4948 τά
2757 4893 3149 4965 διαπέμποντα
3178 4895 3314 4965 πρὸς
3336 4896 3466 4958 τοὺς
3485 4896 3697 4964 ὀφθαλο

2111 4989 2245 5061 μοῦς
2274 4990 2334 5043 τὸ
2372 4988 2613 5042 τοιοῦτον
2642 4985 2861 5057 πνεῦμα
2877 4988 3136 5059 ἐπιρρέον
3158 4990 3224 5042 ἐκ
3247 4989 3340 5041 τοῦ
3376 4988 3691 5057 ἐγκεφάλου

2109 5088 2251 5142 κατὰ
2290 5086 2616 5155 συνέχειαν
2660 5086 2753 5139 καὶ
2810 5086 2922 5157 γάρ
2966 5086 3304 5156 συμπάντων
3356 5085 3471 5139 τῶν
3514 5088 3572 5141 ιν
3614 5086 3693 5156 τῷ

2111 5179 2326 5249 σώματι
2362 5178 2572 5250 νεύρων
2620 5176 2798 5232 ταῦτα
2844 5179 2985 5248 μόνα
3041 5178 3197 5232 κοῖλα
3261 5179 3530 5250 τυγχάνει
3596 5183 3692 5231 καὶ

2115 5269 2466 5341 σωληνοειδῆ.
2501 5271 2599 5325 Διὰ
2626 5271 2788 5324 τοῦτο
2814 5270 2908 5324 καὶ
2937 5268 3141 5341 πόρους
3170 5269 3459 5342 ὠνόμασεν
3493 5272 3638 5325 αὐτὰ
3661 5277 3689 5325 ὁ

2128 5362 2434 5432 Ἡρόφιλος.

2187 5460 2329 5531 ε’-η⁹τ
2390 5455 2515 5510 Ὀτι
2545 5454 2590 5509 δ’
2620 5455 2720 5510 οὐκ
2746 5453 2814 5509 ἂν
2863 5454 2923 5507 τὸ
2959 5453 3061 5524 τῆς
3101 5451 3275 5523 ὅψεως
3312 5454 3532 5507 δύναιτο
3572 5455 3693 5523 φῶς

2120 5547 2252 5602 αὐτὸ
2286 5546 2408 5601 καθ’
2441 5547 2570 5600 αὐτὸ
2612 5548 2776 5617 μόνον
2826 5546 3054 5614 φθάνειν
3104 5546 3200 5600 καὶ
3252 5546 3688 5616 περιλαμϐάνειν

2119 5641 2341 5694 ἅπαντα
2369 5640 2437 5693 τὰ
2471 5640 2725 5711 ὁρώμενα
2756 5640 2832 5711 μὴ
2865 5638 3233 5711 portae-Spuma
3255 5640 3351 5691 καὶ
3385 5638 3551 5692 elevet
3577 5656 3690 5708 χει,
