3844 6470
149 361 177 423 1
196 359 302 422 225

1408 363 1742 426 ΕΡΙΤΟΜΕ
1783 366 2132 428 PHYSICA.

3277 373 3420 438 12’6

145 477 394 546 πέφυκε.
431 475 540 530 Ka‘t
567 475 666 529 οὐκ
708 473 774 531 ἂν
807 475 953 532 εῐποι
985 461 1090 544 τις.
1129 477 1205 544 ὡς
1245 479 1400 537 ἔσται
1449 482 1640 552 χρόνος
1667 483 1726 536 ὅτ

1849 489 2171 549 corruptum
2229 478 2294 533 iri
2325 479 2458 534 nihil
2515 487 2599 535 est
2647 481 3009 553 impossibile.
3082 483 3243 540 Proin
3299 489 3428 556 quia

145 569 258 620 οὐκ
315 569 469 621 ἔσται
514 568 542 620 6
598 570 864 638 οὐρανός·
922 571 1036 624 ἀλλ’
1090 572 1244 626 ἔσται
1293 575 1457 629 πάλιν
1508 577 1736 644 αἰωνική

145 675 241 721 τις
305 661 633 730 παράτασις,
690 663 815 714 καθ’
866 663 932 734 ἦν
989 663 1104 718 οὗθ’
1163 667 1192 718 6
1245 666 1476 736 οὐρανὸς
1540 665 1654 720 οὗθ’
1710 672 1738 722 ὀ

146 752 347 822 χρόνος
394 749 534 806 εἶναι
586 755 878 825 δυνήσεται
929 757 1068 809 κατὰ
1113 755 1212 826 τὴν
1255 758 1582 813 ἀκολουθίαν
1640 761 1738 830 τῆς

146 846 400 915 φύσεως.

230 1124 334 1195 κβ’.
373 1127 607 1193 Λέγουσι
636 1127 799 1181 πάλιν
821 1145 834 1159 ο
870 1128 1042 1200 Ετπερ
1085 1131 1113 1182 6
1146 1130 1352 1199 κόσμος
1382 1133 1608 1201 γενητὸς
1644 1137 1740 1189 καὶ

149 1220 418 1292 φθαρτὸς,
440 1223 524 1274 δεῖ
550 1221 912 1290 προηγεῖσθαι
934 1223 1034 1291 τὴν
1069 1223 1328 1277 σύστασιν
1363 1225 1421 1290 ἐξ
1445 1219 1512 1298 ἦς
1543 1230 1738 1295 γέγονε

146 1316 253 1369 καὶ
299 1315 378 1377 είς
411 1316 479 1384 ἢν
511 1311 669 1379 αὖθις
720 1315 1082 1386 φθαρήσεται.
1139 1317 1282 1370 Ἀλλ’
1317 1314 1400 1382 εἷς
1437 1323 1464 1373 ὁ
1507 1321 1735 1390 κόσμος·

141 1407 414 1477 ἀγένητος
463 1409 574 1478 ἄρα
626 1410 724 1462 καὶ
767 1409 1066 1480 ἄφθαρτος.
1095 1410 1158 1464 El
1216 1411 1316 1482 μὲν
1355 1407 1447 1466 οὖν
1476 1414 1738 1484 ἐλέγομεν

140 1505 245 1554 τὸν
268 1501 472 1572 κόσμον
493 1503 722 1572 γενητὸν
755 1504 852 1558 καὶ
885 1503 1129 1575 φθαρτὸν
1159 1507 1234 1569 ὡς
1262 1507 1330 1560 τὰ
1357 1509 1604 1578 τέσσαρα
1634 1509 1740 1561 σώ-

147 1612 302 1662 ματα
324 1597 420 1648 καὶ
449 1597 515 1648 τὰ
545 1596 605 1660 ἐξ
634 1596 834 1658 αὐτῶν,
868 1596 928 1651 εὖ
953 1598 1020 1651 ἂν
1051 1599 1239 1667 ἔλεγον
1268 1604 1318 1654 oi
1349 1599 1523 1654 ταῦτα
1555 1602 1738 1670 λέγον-

139 1705 260 1748 ·τεςο
294 1691 414 1742 ἐπεὶ
439 1689 485 1740 δ’
509 1691 573 1743 ἐκ
605 1689 700 1742 τοῦ
736 1691 963 1759 μηδαμῆ
999 1693 1266 1761 μηδαμῶς
1299 1695 1472 1758 ὄντος,
1497 1696 1611 1750 ἀλλ’
1637 1697 1740 1750 οὐκ

141 1780 215 1832 ὲκ
242 1782 723 1852 προῦποκειμένης
752 1783 853 1851 τῆς
885 1782 1020 1854 ὕλης
1049 1784 1240 1839 τοῦτον
1264 1787 1517 1855 γίνεσθαι
1554 1807 1736 1858 φαμεν

144 1873 306 1939 παρα
333 1871 429 1924 τοῦ
457 1873 616 1937 Θεοῦ,
640 1873 802 1926 ποίαν
831 1873 946 1944 ἔχει
969 1876 997 1926 6
1022 1875 1178 1944 λόγος
1207 1879 1391 1932 αὐτῶν
1419 1880 1520 1952 τὴν
1548 1883 1734 1952 ξσχύν;

144 1963 214 2016 Εἰ
263 1966 442 2018 τοίνυν
489 1969 554 2021 ἐκ
587 1966 684 2020 τοῦ·
722 1966 798 2036 μὴ
848 1969 983 2031 ὅλως
1014 1967 1157 2024 εἶναι
1190 1974 1477 2044 γεγένητο,
1523 1977 1735 2037 πέφυκε

141 2058 315 2110 πάλιν
345 2060 424 2120 είς
461 2062 521 2113 τὸ
557 2060 633 2131 μὴ
653 2063 791 2126 ὅλως
825 2059 966 2117 εἶναι
1002 2064 1406 2136 φθαρήσεσθαι,
1437 2068 1606 2140 κᾶν..η
1641 2071 1734 2124 τοῦ

141 2151 487 2221 δημιουργοῦ
576 2153 852 2224 ἀγαθότης
919 2157 1272 2226 ὑπερνικῶσα
1325 2162 1510 2215 πᾶσαν
1569 2163 1733 2231 φύσιν

139 2246 338 2316 ὥσπερ
358 2250 425 2302 ὲκ
450 2247 544 2302 τοῦ
576 2250 824 2322 μηδό).ως
846 2250 998 2310 ὄντος
1030 2251 1124 2303 τὸν
1147 2250 1354 2320 κόσμον
1382 2258 1734 2325 παρήγαγεν,

139 2338 294 2392 οὕτω
328 2342 467 2410 προς
500 2345 562 2398 τὸ
595 2345 844 2414 κρεῖττον
877 2343 1280 2413 μετασκευάσαι
1325 2346 1428 2417 τὴν
1465 2347 1734 2421 δημιουρ-

141 2435 280 2502 γίαν
309 2436 503 2492 αὐτοῦ.

222 2710 330 2771 κγ’.
400 2705 522 2758 Ἐτι
601 2707 1027 2778 πεπερασμένος
1083 2708 1114 2762 6
1159 2710 1392 2780 οὐρανός
1427 2729 1441 2745 ·
1499 2715 1733 2786 ἐπείπερ

142 2793 416 2850 ἀδύνατον
463 2797 752 2868 κινηθῆναι
803 2799 866 2854 τὸ
913 2799 1164 2874 ἄπειρον.
1195 2803 1258 2858 Ei
1301 2804 1414 2876 γὰρ
1453 2807 1730 2880 κινηθείη,

142 2887 345 2957 χρόνον
373 2888 600 2960 ἄπειρον
622 2891 838 2963 ἀνάγκη
865 2891 1064 2948 διιέναι
1097 2894 1240 2949 κατὰ
1264 2897 1367 2968 τὴν
1391 2898 1630 2969 κίνησιν.
1673 2902 1734 2956 ’0

141 2982 206 3034 δὲ
240 2983 664 3053 περιστρέφεται
716 2985 942 3052 σύμπας
989 2987 1048 3041 ὲν
1106 2988 1350 3045 ἐλάττονι
1405 2993 1584 3064 χρόνῳ
1637 2995 1732 3048 τοῦ

141 3073 552 3146 νυχθημερινοῦ
602 3077 992 3149 διαστήματος.
1028 3081 1190 3135 Ὥστε
1243 3087 1662 3154 πεπερασμένος
1704 3089 1733 3142 6

1843 570 2009 625 simul
2041 586 2168 626 cum
2202 579 2447 641 tempore
2474 574 2746 640 substitit,
2805 591 2930 630 cum
2983 584 3230 646 tempore
3261 579 3426 634 etiam

1845 663 2010 718 simul
2043 663 2271 719 dissolvi
2324 673 2525 734 potest.
2581 663 2691 721 Nec
2741 667 2944 724 dixerit
2995 670 3220 738 aliquis,
3279 677 3428 742 quod

1843 765 2058 826 tempus
2087 756 2445 822 sitfuturum,
2483 759 2706 826 quando
2737 761 2938 813 coelum
2987 777 3095 816 non
3140 764 3268 818 erit.
3320 765 3428 818 Sed

1843 863 2038 906 rursus
2064 859 2267 905 aeterna
2305 853 2554 920 quaedam
2613 852 2718 905 erit
2780 854 3055 921 extensio,
3109 858 3416 911 secuudum

1841 955 2005 1011 quam
2032 959 2209 1014 neque
2239 943 2440 998 caelum
2467 959 2642 1015 neque
2668 956 2881 1015 tempus
2902 961 3026 1003 csse
3062 950 3291 1018 poterit,
3323 967 3421 1020 pro

1841 1047 2048 1092 nulum
2063 1041 2477 1106 consequentia.

1913 1130 2003 1185 2‘2.
2032 1129 2228 1186 lterum
2260 1133 2449 1187 dicunt
2477 1131 2557 1205 [et
2591 1133 2887 1206 objiciunt]
2929 1153 2944 1193 :
2979 1136 3036 1191 Si
3066 1138 3305 1195 mundus
3325 1156 3421 1195 or-

1843 1232 1933 1278 tus
1977 1234 2060 1279 est
2093 1235 2150 1280 et
2199 1226 2447 1281 interitui
2501 1228 2801 1293 obnoxius,
2858 1231 3146 1284 materiam
3201 1242 3416 1302 oportet

1842 1319 2149 1386 pracedere
2178 1334 2244 1374 ex
2282 1336 2389 1390 qua
2435 1321 2508 1375 sit
2563 1336 2741 1386 ortus,
2794 1334 2852 1379 et
2896 1325 2950 1378 in
3002 1339 3167 1393 quam
3223 1341 3418 1382 rursus

1844 1411 2098 1470 intereat.
2129 1412 2291 1482 Atqui
2321 1417 2554 1471 mundus
2583 1425 2668 1470 est
2697 1432 2859 1472 unus.
2896 1416 3008 1473 Nec
3070 1418 3241 1489 igitur
3267 1427 3423 1476 ortus

1841 1512 1947 1566 est,
1998 1520 2095 1559 nec
2162 1506 2506 1576 corruptioni
2543 1509 2838 1564 obnoxius.
2882 1510 3038 1576 Quod
3091 1511 3137 1566 si
3199 1512 3423 1582 quidem

1842 1597 2107 1652 mundum
2142 1609 2322 1652 ortum
2349 1609 2402 1654 et
2432 1603 2850 1670 corruptibilem
2900 1619 3024 1660 esse
3077 1603 3426 1670 diceremus;

1843 1698 2162 1758 utquatuor
2183 1705 2412 1759 corpora
2459 1691 2932 1765 [elementorum],
2998 1705 3147 1750 recte
3181 1697 3430 1751 dicerent

1842 1784 1932 1852 qui
1980 1783 2096 1839 haec
2127 1783 2340 1840 dicunt.
2385 1786 2656 1853 Quoniam
2695 1798 2880 1843 autem
2929 1804 2997 1844 ex
3049 1804 3280 1860 prorsus
3313 1804 3424 1844 non

1841 1888 1988 1940 ente.
2025 1893 2128 1933 nec
2155 1894 2219 1932 ex
2267 1881 2663 1950 prmsupposita
2719 1881 2950 1937 materia
2992 1881 3172 1954 ipsum
3231 1897 3264 1937 a
3310 1882 3423 1939 Deo
3485 1956 3494 1968 ⁸

1840 1981 2023 2025 ortum
2072 1987 2194 2028 esse
2241 1973 2402 2043 272
2461 1974 2717 2038 dicimus,
2773 1977 2905 2045 quid
2957 1977 3180 2034 roboris
3241 1979 3424 2034 oratio

1844 2061 2090 2130 ipsorum
2120 2062 2336 2118 habet?
2379 2063 2535 2130 Quod
2592 2064 2638 2121 si
2695 2065 2862 2137 igitur
2928 2082 2996 2122 ex
3043 2082 3274 2132 prorsus
3310 2083 3421 2124 non

1839 2168 1963 2207 esse
2001 2153 2179 2209 factus
2201 2163 2307 2218 est,
2364 2155 2446 2211 sic
2499 2166 2699 2213 natura
2741 2173 2841 2213 sua
2906 2170 3261 2230 comparatus
3312 2168 3422 2224 est,

1841 2256 1901 2299 ut
1927 2246 1993 2301 ad
2024 2263 2250 2315 prorsus
2269 2264 2374 2303 non
2400 2264 2523 2306 esse
2564 2250 2794 2307 interire
2831 2253 3047 2322 possit:
3102 2268 3418 2324 quanquam

1774 2342 1779 2348 ’
1843 2339 2056 2395 bonitas
2085 2341 2301 2410 opiﬁcis
2333 2357 2456 2412 quae
2487 2357 2710 2398 omnem
2765 2354 3018 2399 naturam
3054 2345 3221 2418 longe
3259 2362 3421 2417 supe-

1844 2443 1949 2499 rat,
1997 2433 2136 2489 sicut
2175 2450 2238 2490 ex
2275 2451 2500 2503 prorsus
2553 2452 2663 2492 non
2705 2446 2834 2493 ente
2883 2439 3153 2494 mundum
3212 2441 3422 2511 produ-

1840 2527 1938 2591 xit,
1973 2528 2046 2581 ita
2104 2527 2159 2582 in
2195 2527 2476 2585 meliorem
2509 2538 2717 2585 statqu
2765 2531 3002 2586 mutabit
3056 2547 3222 2588 suum
3260 2533 3421 2606 opiﬁ-

1837 2621 2006 2675 cium.

1906 2717 2004 2792 25,
2029 2716 2293 2773 Praeterea
2318 2719 2534 2774 ﬁnitum
2569 2728 2654 2774 est
2681 2720 2882 2776 coelum
2912 2737 2932 2778 :
2965 2720 3414 2790 quandoquidem

1841 2820 1897 2865 ut
1923 2812 2198 2867 inﬁnitum
2226 2823 2540 2878 moveatur,
2583 2814 2701 2871 ﬁeri
2740 2831 2851 2870 non
2913 2823 3113 2883 poteSI.
3173 2815 3228 2869 Si
3269 2816 3417 2870 enim

1837 2913 2174 2972 moveretur,
2201 2921 2429 2962 necesse
2457 2905 2625 2972 foret,
2657 2917 2716 2963 ut
2770 2909 2990 2964 inﬁnito
3028 2919 3279 2978 tempore
3329 2923 3418 2962 sc-

1836 2998 2315 3054 cuudumrnotum
2371 2999 2814 3070 progrederetur.
2874 3001 3037 3071 Atqui
3100 3003 3416 3057 universum

1840 3091 2016 3159 ipsum
2072 3090 2272 3145 minori
2320 3097 2570 3160 tempore
2599 3107 2764 3162 quam
2821 3093 2930 3149 diei
2984 3103 3039 3148 et
3104 3095 3285 3150 noctis
3332 3106 3419 3150 est

141 3169 396 3239 οὐρανός.
425 3171 487 3224 Ei
532 3170 580 3224 δ’
631 3170 788 3235 οὗτος
830 3176 1268 3245 πεπερασμένος,
1303 3179 1398 3231 καὶ
1435 3182 1545 3244 πᾶς
1587 3181 1618 3234 6
1643 3183 1728 3236 κό-

1839 3183 2097 3252 spatium.
2129 3187 2598 3243 circumvertitur.
2654 3189 2894 3245 Proinde
2956 3189 3155 3244 caelum
3200 3189 3415 3246 ﬁnitum

143 3277 290 3331 σμος
323 3267 762 3334 πεπερασμένος.
819 3265 884 3318 Εἰ
929 3266 1039 3337 γὰρ
1085 3269 1148 3322 τὸ
1193 3271 1448 3342 περιέχον
1489 3289 1734 3344 πεπερα-

144 3356 376 3426 σμένον,
406 3357 497 3411 καὶ
547 3358 610 3412 τὸ
659 3359 1054 3431 περιεχόμενον
1101 3362 1160 3429 ἐξ
1189 3364 1438 3434 ἀνάγκης
1480 3383 1736 3438 πεπερας

141 3450 370 3518 σμένον.
401 3453 566 3505 Οὐδὲν
596 3452 655 3506 δὲ
691 3453 854 3523 σῶμα
880 3458 1302 3526 πεπερασμένον
1345 3459 1461 3532 ἔχει
1499 3461 1734 3532 δύναμιν

141 3543 403 3612 ἄπειρον.
436 3545 510 3597 Τὸ
538 3547 647 3616 γὰρ
685 3545 780 3600 τοῦ
815 3551 1238 3619 πεπερασμένου
1275 3553 1443 3624 μέρος
1491 3553 1524 3624 ἢ
1569 3556 1730 3609 ἄπει-

143 3645 245 3698 ρον
272 3629 382 3694 ἔξει
407 3630 638 3700 δύναμιν
667 3634 764 3693 καὶ
789 3635 922 3689 αὐτὸ
953 3637 1046 3692 καὶ
1074 3639 1168 3692 τοῦ
1198 3641 1427 3711 ἀπείρου
1463 3645 1652 3713 μεῖζόν
1675 3664 1729 3700 τι

140 3719 503 3793 εὑρεθήσεται
535 3723 764 3794 (μείζων
785 3728 894 3795 γὰρ
920 3729 950 3797 ή
977 3731 1034 3781 ἐν
1050 3730 1128 3800 τῷ
1152 3731 1260 3802 ὅλῳ
1289 3732 1518 3804 δύναμις
1547 3740 1644 3807 τῆς
1671 3740 1731 3792 έν

140 3814 226 3881 τῷ
254 3814 412 3884 μέρει
457 3815 740 3885 δυνάμεως
764 3832 779 3847 ’
812 3819 930 3872 ἀλλ’
959 3819 1112 3874 οὐδὲν
1149 3826 1246 3876 τοῦ
1277 3825 1508 3895 ἀπείρου
1541 3829 1728 3897 μεῖζόν

141 3899 342 3968 ἔστων
373 3902 406 3972 ἢ
437 3909 864 3978 πεπερασμένην
913 3909 1025 3975 ἕξει
1065 3912 1298 3983 δύναμιν
1328 3916 1390 3969 τὸ
1420 3920 1587 3990 μέρος
1631 3919 1727 3976 τοῦ

142 3996 597 4064 πεπερασμένου.
629 3999 724 4052 καὶ
759 4001 819 4054 τὸ
839 4001 960 4055 ὃλον
989 4007 1416 4080 πεπερασμένης
1446 4009 1600 4064 ἔσται
1632 4013 1728 4068 δυ-

141 4084 386 4150 νάμεως.
415 4088 489 4142 Τὸ
522 4091 629 4162 γὰρ
667 4095 730 4145 ἐκ
784 4101 1224 4166 πεπερασμένων
1273 4104 1546 4168 συνεστὼς
1587 4094 1728 4163 κατὰ

139 4178 248 4250 τὴν
277 4179 508 4252 όλότητα
538 4189 960 4257 πεπερασμένον
992 4191 1442 4265 ὁμολογουμένως
1480 4200 1601 4252 ἐστὶ
1631 4204 1728 4256 καὶ¹

140 4274 301 4330 αὐτό.
331 4276 446 4330 Πᾶν
471 4277 581 4349 ἄρα
612 4283 1034 4352 πεπερασμένον
1086 4287 1248 4357 σῶμα
1295 4295 1724 4368 πεπερασμένης

143 4368 365 4438 μετέχει
402 4370 706 4441 δυνάμεως.
755 4374 919 4429 Ὅθεν
971 4379 999 4431 ό
1042 4379 1248 4449 κόσμος
1303 4387 1724 4457 πεπερασμένος

139 4459 221 4513 ὢν
275 4466 703 4535 πεπερασμένην
761 4469 1025 4539 κέκτηται
1076 4472 1330 4544 δύναμιν.
1369 4477 1723 4552 ’Δδυνατήσει

1833 3286 1939 3330 εει.
1968 3275 2121 3343 Quod
2153 3280 2197 3334 si
2232 3279 2336 3335 hoc
2370 3279 2586 3335 ﬁnitum
2621 3295 2727 3347 est,
2789 3291 2942 3338 totus
2971 3283 3136 3338 etiam
3173 3285 3415 3340 mundus

1837 3367 2022 3424 ﬁnitus
2048 3377 2156 3425 est.
2189 3367 2246 3426 Si
2277 3371 2425 3426 enim
2448 3374 2590 3442 quod
2623 3372 2893 3441 continet,
2941 3372 3153 3429 ﬁnitum
3198 3384 3284 3431 est
3317 3389 3332 3427 :
3359 3375 3416 3431 id

1832 3465 1998 3518 etiam
2053 3465 2200 3534 quod
2257 3467 2595 3532 continetur,
2656 3469 2972 3524 necessario
3026 3466 3242 3523 ﬁnitum
3300 3479 3409 3526 est.

1833 3554 2053 3611 Nullum
2085 3569 2267 3613 autem
2297 3574 2495 3628 corpus
2517 3561 2663 3630 quod
2723 3560 2932 3615 ﬁnitum
2979 3573 3086 3629 est,
3139 3563 3410 3618 inﬁnitam

1836 3650 1999 3704 habet
2025 3656 2344 3720 potentium.
2385 3650 2600 3707 Etenim
2644 3653 2782 3709 ﬁniti
2810 3670 2942 3725 pars
2995 3668 3094 3710 aut
3145 3655 3412 3710 inﬁnitam

1834 3742 2057 3797 habebit
2095 3745 2414 3813 potentiam,
2469 3746 2586 3815 ipsa
2614 3763 2836 3818 quoque
2870 3756 2925 3802 et
2969 3749 3182 3804 inﬁnito
3237 3751 3414 3818 majus

1830 3831 2037 3898 aliquid
2091 3834 2534 3902 deprehendetur
2599 3837 2796 3909 (major
2837 3839 2983 3894 enim
3040 3848 3125 3895 est
3167 3843 3413 3911 potentia

1829 3937 1954 3992 qua:
1997 3924 2050 3979 in
2081 3937 2220 3990 toto,
2253 3941 2418 3996 quam
2473 3944 2594 3998 qua:
2649 3929 2703 3984 in
2755 3939 2908 4000 parte
2941 3939 3024 3986 est
3058 3948 3072 4000 ;
3114 3933 3212 3988 sed
3273 3934 3410 3989 nihil

1832 4016 2046 4073 inﬁnito
2079 4018 2253 4089 majus
2275 4021 2381 4090 est)
2428 4037 2444 4076 :
2475 4033 2570 4077 aut
2615 4023 2820 4080 ﬁnitam
2859 4025 3084 4081 habebit
3108 4030 3408 4096 potentiam

1829 4111 1966 4166 ﬁniti
1993 4127 2142 4182 pars,
2175 4122 2462 4184 totumque
2526 4116 2692 4172 nitas
2742 4118 2848 4175 erit
2907 4121 3184 4190 potentia.
3246 4121 3408 4189 Quod

1827 4207 1974 4262 enim
2007 4223 2076 4262 ex
2113 4208 2282 4265 ﬁnitis
2315 4209 2477 4282 273
2505 4219 2681 4267 totum
2712 4223 2956 4279 constat,
3004 4214 3183 4286 ipsum
3237 4219 3402 4272 etiam

1827 4305 2072 4357 omnium
2105 4302 2459 4359 confessione
2491 4304 2701 4360 ﬁnitum
2727 4313 2830 4362 est.
2855 4306 3032 4363 Omne
3081 4307 3252 4380 igitur
3283 4310 3408 4384 ﬁui-

1828 4401 1942 4447 tum
1979 4409 2202 4465 corpus,
2253 4396 2428 4452 ﬁnita:
2454 4397 2709 4467 potentia:
2768 4408 2854 4454 est
2898 4401 3196 4472 particeps.
3249 4400 3406 4459 Unde
3479 4395 3484 4400 ’

1827 4487 2066 4542 mundus
2095 4502 2218 4543 cum
2248 4490 2318 4545 sit
2345 4490 2553 4556 ﬁnitus,
2589 4491 2800 4547 ﬁnitam
2829 4494 3132 4564 potentiam
3160 4496 3402 4552 obtinet.

138 4553 324 4607 τοίνυν
347 4555 494 4628 λόγῳ
525 4557 740 4626 φύσεως
767 4562 864 4615 καὶ
894 4564 925 4634 ή
949 4565 1203 4632 ἐνέργεια
1229 4567 1396 4622 αὐτοῦ
1422 4569 1719 4644 παύσεται,

1839 4579 2083 4635 Potentia
2114 4581 2282 4652 igitur
2304 4593 2541 4639 exuetur
2598 4595 2810 4640 naturae
2870 4590 3126 4658 ratione;
3160 4601 3215 4645 et
3260 4593 3405 4650 actio

137 4644 244 4713 τῆς
281 4646 568 4716 δυνάμεως
602 4654 985 4724 παυσαμένης.
1021 4656 1185 4710 Ὅθεν
1219 4659 1450 4730 ἄρχεται
1494 4665 1528 4735 η
1559 4665 1720 4736 ἐνέρο

140 4740 498 4827 γειαηΤοῦτο
531 4741 588 4796 δὲ
638 4745 693 4796 τι
753 4745 941 4817 ἕτερόν
995 4751 1145 4804 ἐστιν
1195 4753 1449 4823 ἠτελεία
1501 4759 1718 4828 φθοράς

139 4824 335 4884 Τοίνυν
386 4835 414 4887 ὁ
460 4835 661 4903 κόσμος
709 4839 885 4911 φθορᾷ
919 4843 1174 4897 παντελεῖ
1201 4847 1342 4902 κατὰ
1383 4824 1542 4920 λόγον

139 4939 323 4977 κειται
351 4928 603 4994 φυσικὴν,
639 4927 715 5000 μὴ
740 4931 1038 5002 δυνάμενος
1059 4938 1436 5009 συνδιαμένειν
1453 4943 1532 5014 τῷ
1560 4946 1722 5000 ἀπει-

141 5016 432 5111 ροδυνὰμῳ
460 5021 801 5095 δημιουργῷ.
848 5028 958 5082 Καὶ
989 5029 1042 5081 τί
1067 5032 1179 5102 γὰρ
1205 5032 1333 5086 ἄλλο
1379 5035 1412 5106 ἢ
1455 5036 1722 5111 δημιούρο

136 5123 296 5178 γημα
326 5110 401 5164 ὢν
435 5114 730 5169 κάντεῦθεν
780 5119 874 5172 καὶ
919 5121 1080 5191 μόνον
1125 5125 1226 5195 τῆς
1250 5127 1345 5180 τοῦ
1375 5110 1718 5202 δημιουργῆ-

138 5217 333 5265 σαντος
369 5206 660 5275 ὑφειμένος
695 5211 1039 5284 ἁῖδιότητοςς
1088 5217 1150 5272 Et
1188 5217 1369 5273 τοίνυν
1411 5221 1652 5294 φθαρτὸς
1690 5227 1718 5280 6

135 5294 365 5390 πόσμος,
407 5302 624 5366 πάντως
654 5306 750 5360 καὶ
798 5308 1046 5378 γενητός.
1093 5311 1573 5372 Ἀντακολουθοῦσι
1606 5319 1714 5390 γὰρ

135 5387 390 5459 ἀλλήλοις
419 5396 482 5447 τὸ
510 5398 738 5467 γενητὸν
786 5400 881 5454 καὶ
918 5401 979 5454 τὸ
1022 5401 1284 5473 φθαρτὸν,
1309 5409 1406 5462 καὶ
1445 5411 1611 5465 πάλιν
1654 5387 1716 5465 τὸ

134 5479 402 5552 ἀγένητον
425 5487 522 5540 καὶ
549 5488 610 5542 τὸ
638 5490 938 5564 ἄφθαρτον.

211 5664 311 5721 κδ’.
333 5669 601 5735 Λέγουσιν
630 5672 783 5740 αὖθις
804 5691 822 5709 ο
855 5678 918 5732 El
947 5681 1022 5751 μὴ
1049 5681 1166 5754 ἅμα
1183 5682 1319 5749 Θεὸς
1350 5683 1468 5758 ἅμα
1490 5687 1719 5760 κόσμος,

135 5755 206 5831 ἦν
254 5778 382 5815 ποτε
433 5766 461 5817 6
495 5765 627 5829 Θεὸς
660 5769 759 5823 οὐκ
790 5772 1043 5846 ἐνεργείᾳ
1089 5755 1454 5850 δημιουργός,
1486 5755 1716 5853 δυνάμει

135 5854 192 5907 δὲ
221 5856 405 5925 μόνον.
434 5857 597 5913 Ὅθεν
625 5863 719 5915 καὶ
759 5863 954 5938 ἀτελής
975 5884 989 5897 ·
1022 5870 1084 5923 τὸ
1113 5871 1341 5943 hauet
1368 5876 1476 5947 γὰρ
1507 5878 1718 5944 ἀτελές.

379 5958 652 6022 ΡΑτιιοι..
687 5964 804 6025 Gn.
837 5965 1075 6028 CXLII.

1707 6046 1903 6068 ._~._‘-F

1819 5508 2182 5577 corruptibile
2208 5527 2222 5564 :
2271 5518 2327 5565 et

1827 4669 1992 4723 etiam
2025 4671 2145 4740 ejus
2170 4673 2432 4737 cessabit,
2461 4689 2586 4728 cum
2625 4677 2868 4744 potentia
2900 4680 3044 4732 unde
3081 4680 3225 4735 actio
3261 4681 3406 4738 inci-

1828 4765 2248 4831 pitcessaverit.
2305 4764 2424 4820 Hoc
2480 4776 2665 4822 autem
2718 4769 2847 4838 quid
2900 4769 3048 4826 aliud
3099 4783 3182 4826 est
3235 4788 3400 4844 quam

1827 4854 2068 4924 perlecta
2091 4856 2414 4928 corruptio?
2444 4858 2790 4930 Quapropter
2833 4865 3069 4918 mundus
3102 4865 3404 4924 universali

1828 4950 2168 5018 cori-optioni
2192 4952 2404 5006 ratione
2435 4955 2669 5008 natdrali
2701 4955 3011 5026 subjicitur,
3033 4967 3092 5012 ut
3119 4960 3212 5029 qui
3239 4960 3406 5017 simul

1827 5054 1951 5093 cum
1973 5041 2166 5110 opiﬁce
2197 5043 2426 5099 inﬁnitae
2449 5049 2708 5114 potentiae
2730 5061 3052 5115 permanere
3075 5065 3182 5104 non
3203 5054 3402 5121 possit.

1825 5129 1965 5198 Quid
2029 5133 2176 5186 enim
2225 5133 2372 5215 aliud
2419 5152 2584 5205 quam
2661 5139 2962 5209 opiﬁcium.
3019 5153 3078 5198 et
3133 5144 3259 5202 hinc
3321 5149 3404 5202 vel

1827 5227 2024 5282 saltem
2058 5230 2271 5297 opiﬁcis
2298 5232 2607 5290 mternitate
2648 5234 2931 5292 inferior?
2962 5235 3119 5304 Quod
3164 5241 3211 5295 sl
3237 5241 3406 5313 igitur

1826 5320 2063 5375 mundus
2105 5321 2485 5393 corruptibilis
2511 5335 2620 5390 est,
2671 5337 2820 5384 certe
2866 5331 3032 5386 etiam
3088 5342 3245 5390 ortus
3288 5347 3400 5394 est.

1824 5411 2076 5468 Vicissim
2105 5416 2256 5471 enim
2321 5433 2382 5473 se
2427 5421 2657 5476 invicem
2688 5437 3108 5497 consequuntur
3141 5441 3324 5485 ortum
3349 5445 3404 5487 et

2401 5527 2596 5569 rursus
2647 5531 2757 5570 non
2819 5528 3000 5575 ortum
3034 5537 3100 5577 ac
3155 5525 3402 5580 incorru-

1827 5598 2032 5666 ptibile.

1896 5692 1985 5748 24.
2024 5692 2223 5752 lterum
2260 5699 2448 5754 dicunt
2487 5717 2500 5753 :
2536 5700 2592 5758 Si
2625 5719 2734 5760 non
2765 5705 2931 5762 simul
2959 5706 3104 5763 Deus
3135 5716 3193 5764 et
3231 5723 3393 5766 mun-

1827 5785 1931 5842 dus
1955 5789 2142 5858 simul,
2173 5789 2319 5847 Deus
2349 5792 2646 5864 aliquando
2684 5813 2792 5852 non
2817 5810 2943 5854 actu
2975 5807 3093 5854 erat
3122 5802 3394 5866 conditor,

1828 5881 1920 5938 sed
1967 5885 2211 5952 potentia
2255 5895 2462 5944 tantum
2495 5903 2512 5943 :
2542 5900 2598 5946 et
2661 5893 2896 5963 proinde
2937 5893 3103 5950 etiam
3141 5895 3399 5968 imperie-

2323 6037 2538 6074 μ,
2978 5987 3053 6051 39
