3832 6360
158 385 281 444 1233

1406 365 1752 429 EPITOME
1788 364 2131 427 PHYSICA.

3261 359 3399 425 1234

158 500 244 554 καὶ
281 494 540 567 λεγομένη
584 489 834 562 ἀπλανὴς
880 488 974 544 δὺο
1034 489 1268 542 κινεῖται
1307 485 1550 556 κινήσεις
1613 485 1711 536 ἀν-

1904 481 2132 546 tlicitur,
2163 479 2376 535 duobus
2407 480 2570 536 simul
2602 480 2850 537 motibus
2912 478 3015 533 sibi
3060 476 3412 533 obviantibus

156 589 425 665 τιρῤόπους
483 585 662 655 ὁμοῦ·
720 582 850 648 μίαν
924 582 1027 651 μὲν
1073 581 1285 635 οἰκείαν
1351 578 1452 648 τὴν
1505 578 1570 630 ὲκ
1628 577 1721 631 δυ-

159 684 297 754 σμῶν
351 682 488 753 πρὸς
543 675 982 748 ἀνατολὰς,ῆτις
1026 675 1122 728 καὶ
1148 669 1551 740 ἀνεπαίσθητός
1603 669 1720 722 ἐστι

157 777 240 829 διὰ
271 774 362 843 τὴν
391 774 492 843 τῆς
527 769 867 841 βραδυτῆτος
908 763 1215 836 ὑπερϐολήν
1239 778 1252 792 ·
1286 760 1485 832 ἑτέραν
1525 759 1582 814 δὲ
1620 759 1721 827 τὴν

156 867 248 936 τῆς
271 865 487 934 πρώτης
527 863 784 930 σφαίρας,
809 858 934 914 καθ’
958 860 1024 926 ἣν
1050 857 1110 922 ἐξ
1140 855 1419 911 ἀνατολῶν
1444 853 1722 919 όξυτάτως

161 958 582 1030 συμπεριάγεται
625 954 764 1024 πρὸς
792 951 1025 1021 δυσμάς.
1059 951 1123 1004 Oi
1167 950 1211 1003 δ’
1243 947 1473 1017 ἀστέρες
1521 947 1572 1000 οί
1621 961 1724 1000 κα-

157 1050 395 1121 λούμενοι
439 1048 704 1110 ἀπλανεῖς
749 1049 903 1118 τρεῖς
953 1044 1019 1098 ἂν
1063 1044 1301 1098 κινοῖντο
1325 1040 1595 1111 κινήσεις·
1621 1038 1724 1108 τὴν

158 1141 349 1196 οἰκείαν
374 1139 589 1212 δίνησιν
632 1138 727 1194 καὶ
763 1139 865 1208 τὴν
904 1136 1044 1207 μετά
1074 1139 1174 1207 τῆς
1200 1133 1439 1204 σφαίρας
1465 1125 1612 1207 ᾗπερ
1633 1133 1723 1184 ὲν-

158 1235 383 1290 δέδενται
426 1231 758 1304 περιφορὰν,
786 1231 880 1286 καὶ
915 1229 1014 1302 τὴν
1059 1229 1151 1283 διὰ
1175 1230 1276 1299 τῆς
1305 1228 1515 1297 κυρίως
1547 1225 1729 1279 ἀπλα-

158 1327 271 1396 νεῦς
297 1326 800 1396 ἀντιπεριαγωγήν.
845 1321 1125 1378 Ὡσαύτως
1175 1320 1316 1376 κάπὶ
1371 1321 1481 1374 τῶν
1529 1319 1725 1389 ἐφεξῆς

158 1387 264 1486 εἷει
315 1415 559 1486 σφαιρῶν
613 1415 711 1468 καὶ
761 1413 872 1466 τῶν
928 1413 988 1466 ὲν
1043 1412 1272 1474 ταύταις
1331 1411 1616 1480 ἀστέρων·
1671 1410 1730 1464 αί

163 1509 254 1578 μὲν
283 1508 383 1578 γὰρ
413 1505 508 1562 δύο
553 1507 802 1576 κινήσεις
849 1503 1128 1558 κινοῦνται
1181 1504 1278 1566 τάς
1320 1501 1686 1573 ἀντιρρόπους
1713 1517 1727 1531 ·

99 1583 124 1598 ί
160 1603 207 1654 oi
243 1600 286 1653 δ’
311 1600 540 1671 ἀστέρες
588 1599 728 1671 πρὸς
752 1600 872 1684 ταῖς
904 1605 1188 1660 τοιαύταις
1217 1597 1463 1668 κινήσεσι
1511 1593 1730 1649 κινοῖντ’

160 1692 224 1748 ἂν
262 1694 349 1747 καὶ
377 1692 479 1764 τὴν
527 1693 586 1746 ἐν
627 1693 864 1759 ἑαυτοῖς,
914 1691 992 1757 ὡς
1041 1692 1138 1746 ἐπὶ
1177 1691 1287 1744 τῶν
1338 1688 1594 1745 ἀπλανῶν
1651 1685 1731 1742 εῖ-

164 1804 342 1857 ρηται.

161 1974 554 2046 ωνομάσθησαν
587 1974 676 2031 διά
717 1976 778 2029 τὺ
804 1973 1030 2045 ἔκδηλον
1069 1973 1171 2046 τῆς
1204 1975 1345 2044 μετά
1371 1973 1482 2026 τῶν
1512 1971 1733 2027 οἰκείων

164 2067 401 2138 σφαιρῶν
427 2068 730 2138 ἀντιφορᾶς
755 2071 829 2140 τῇ
858 2067 1053 2140 πρώτῃ
1093 2069 1302 2139 σφαίρᾳ
1333 2068 1428 2121 καὶ
1461 2067 1583 2122 κατ’
1603 2065 1738 2135 ἀλή-

163 2160 308 2214 Θιιαν
334 2158 566 2214 ἀπλανεῖ
591 2176 604 2188 ·
640 2158 893 2232 καθάπερ
927 2159 961 2230 ἡ
989 2158 1202 2228 πληθὺς
1225 2157 1334 2211 τῶν
1368 2155 1544 2211 ἄλλων
1573 2154 1738 2210 ἀστέ-

167 2271 272 2324 ρων
307 2251 558 2323 ἀπλανὴς
587 2251 855 2324 κέκτηται
893 2251 984 2306 διὰ
1014 2251 1074 2304 τὸ
1108 2250 1308 2319 ἄδηλον
1339 2250 1442 2320 τῆς
1479 2250 1739 2318 τοιαύτης

162 2345 476 2416 ἀντιφορᾶς.
509 2344 926 2415 Περιαγομένου
982 2345 1164 2398 τοίνυν
1212 2342 1308 2398 τοῦ
1356 2341 1740 2412 στερεὼματος

161 2436 222 2503 ἐξ
249 2438 525 2492 ἀνατολῶν
551 2441 632 2502 είς
656 2438 889 2508 δυσμὰς,
923 2435 1240 2502 ἀναγκαίως
1270 2436 1364 2491 καὶ
1395 2436 1445 2489 oi
1476 2435 1740 2498 ἀπλανεῖς

162 2533 268 2586 τῶν
293 2532 542 2604 ἀστέρων
574 2533 749 2604 τούτῳ
777 2533 1254 2603 συμπεριάγονται
1287 2533 1562 2602 μηδεμίαν
1585 2532 1741 2601 έχον-

163 2643 251 2688 τες
286 2627 420 2680 ίδίαν
450 2628 667 2697 κίνησιν
700 2629 1110 2697 μεταφορητήν.
1151 2625 1252 2679 Διά
1296 2627 1456 2679 τοῦτο
1498 2626 1608 2696 γάρ
1647 2627 1742 2678 καὶ

160 2719 285 2781 τοὺς
335 2719 536 2782 αὐτοὺς
601 2720 688 2773 ἀεὶ
756 2720 1054 2790 κατέχουσι
1121 2720 1364 2782 τόπους,
1436 2719 1534 2773 καὶ
1594 2717 1744 2773 οὐδέ-

161 2828 291 2869 ποτε
327 2815 429 2885 τήν
457 2813 553 2868 ἀπ’
581 2813 827 2885 ἀλλήλων
862 2815 1166 2872 ἀπόστασιν
1201 2815 1650 2872 ἑναλλάσσουσιν.
1729 2886 1734 2890 ἡ

233 2990 299 3057 ζ’.
321 2992 478 3048 Οῦτω
495 2995 550 3049 δὲ
569 2997 907 3067 κινουμένων
935 2997 1160 3054 πάντων
1177 2999 1426 3066 ἀστέρων
1444 3001 1557 3054 τῶν
1573 3002 1745 3057 ἀπλα-

156 3085 289 3154 νῶν,
317 3081 396 3151 εἷς
430 3089 589 3158 μόνος
615 3090 791 3162 ἀστήρ
825 3092 1020 3164 ὁρᾶται
1043 3092 1183 3164 πρὸς
1209 3093 1412 3163 ἄρκτον
1445 3095 1702 3167 ἀκίνητος
1728 3111 1745 3129 ο

154 3181 258 3250 οὐχ
287 3180 368 3234 ὅτι
398 3182 536 3251 μετά
557 3182 657 3253 τῆς
683 3183 922 3256 σφαίρας
951 3185 1046 3239 τοῦ
1087 3186 1474 3256 στερεώματος
1499 3186 1560 3240 οὐ
1588 3203 1746 3257 περι-

156 3270 392 3342 φέρεται
441 3274 536 3327 καὶ
589 3275 776 3340 αὐτὸς,
809 3274 928 3329 ἀλλ’
962 3277 1046 3332 ὅτι
1106 3277 1218 3331 τῶν
1269 3276 1366 3331 δύο
1415 3277 1510 3332 τοῦ
1558 3278 1748 3345 ἄξονος
1777 3258 1820 3317 c

156 3365 350 3434 ἄκρων
398 3370 528 3438 περὶ
573 3367 634 3423 δν
683 3371 717 3438 ή
756 3371 961 3441 σφαῖρα
1019 3371 1312 3440 στρέφεται
1342 3372 1443 3424 “ab
1482 3371 1540 3428 ἓν
1579 3372 1750 3441 ἀκρον

160 3451 321 3521 οὗτος
373 3459 609 3532 ὑπάρχει
654 3462 718 3514 τὸ
773 3461 1008 3533 βόρειον·
1041 3463 1165 3519 ὅθεν
1215 3466 1310 3519 καὶ
1344 3465 1556 3536 βόρειος
1593 3466 1752 3530 πόλος

157 3550 509 3620 ὠνόμασται·
553 3552 710 3607 πόλοι
758 3558 870 3625 γὰρ
913 3555 983 3609 τά
1042 3556 1260 3628 πέρατα
1308 3558 1604 3618 καλοῦνται
1655 3559 1752 3614 τοῦ

157 3642 374 3706 ἄξονος.
412 3643 582 3710 Πόλος
643 3645 738 3700 οῦν
782 3646 1047 3718 ὑπάρχων
1099 3652 1200 3719 τῆς
1242 3649 1337 3702 τοῦ
1371 3652 1753 3724 στερεώματος

162 3737 409 3804 σφαίρας
438 3738 466 3790 ὁ
495 3740 791 3808 εἰρημένος
824 3740 1028 3814 ἀστὴρ,
1062 3744 1438 3812 στρεφομένου
1465 3743 1568 3797 τοῦ
1631 3761 1756 3798 στεο
1785 3744 1788 3748 ί

161 3830 455 3901 ρεώματός
482 3831 577 3892 καὶ
605 3832 772 3896 αὐτὸς
826 3835 1144 3904 ἀναγκαίως
1187 3838 1753 3908 συμπεριστρέφεται.

164 3925 310 3992 Περὶ
345 3924 541 3977 ἑαυτὸν
572 3925 630 3979 δὲ
665 3926 893 3998 πάσχων
923 3927 1022 4000 τὴν
1055 3931 1293 3999 στροφὴν
1338 3928 1415 3992 ὡς
1457 3928 1629 3999 ἀκρον
1659 3927 1756 3982 τοῦ

162 4016 386 4083 ἄξονος,
418 4018 677 4089 ἀκίνητος
708 4021 776 4089 τῇ
806 4019 1054 4091 αίσθήσει
1084 4021 1268 4084 δοκεῖ,
1298 4019 1444 4074 καθά
1495 4022 1592 4076 καὶ
1624 4021 1757 4076 πάν-

159 4129 262 4175 τες
295 4113 524 4184 ἀστέρες
552 4114 889 4185 ἀσυμφανῶς
916 4117 1050 4189 ήμῖν
1075 4115 1327 4172 δύναιντο
1358 4117 1534 4171 ποιεῖν
1565 4116 1668 4190 τήν
1699 4118 1758 4170 έν

162 4205 389 4272 laurei;
432 4210 768 4280 συστροφήν.

241 4391 320 4463 η’.
354 4392 513 4447 Οὕτω
544 4395 646 4463 μὲν
671 4389 766 4448 οῦν
807 4393 857 4448 oi
890 4393 1152 4458 ἀπλανεῖς
1176 4395 1407 4465 ἀστέρες
1443 4393 1540 4450 καὶ
1571 4393 1670 4466 τὴν
1700 4396 1760 4464 ἐξ

163 4486 456 4542 ἀνατολῶν
506 4490 726 4558 κίνησιν
776 4490 871 4542 καὶ
925 4487 1025 4559 τήν
1071 4489 1137 4541 ὲκ
1171 4489 1394 4557 δυσμῶν
1437 4490 1502 4559 τῇ
1551 4489 1761 4560 σφαίρᾳ

164 4579 566 4649 συγκινοῦνται
629 4579 727 4634 τοῦ
785 4581 1192 4652 στερεώματος.
1254 4581 1417 4636 Ἀλλά
1462 4582 1527 4652 δὴ
1575 4582 1674 4637 καὶ
1714 4583 1764 4637 oi
1794 4561 1843 4620 ι)

162 4674 452 4744 πλάνητες
488 4675 708 4743 ἑτέραις
742 4675 1000 4746 σφαίραις
1039 4674 1400 4744 δνδεδεμένοι,
1434 4675 1666 4739 ἕκαστος
1694 4678 1762 4747 τῇ

160 4769 398 4832 ἑαυτοῦ,
429 4769 524 4821 καὶ
549 4769 651 4837 τὴν
678 4769 814 4836 πρὸς
838 4769 1046 4836 δυσμὰς
1076 4769 1360 4837 φέρονται,
1381 4770 1477 4823 καὶ
1503 4770 1603 4839 τήν
1625 4769 1764 4841 πρὸς

157 4862 468 4928 ἀνατολὰς,
502 4862 643 4930 μετά
669 4861 778 4913 τῶν
801 4861 1021 4914 οίκείων
1057 4862 1330 4931 σφαιρῶν.

239 4955 318 5010 0'.
352 4956 418 5008 Δί
453 4955 628 5009 πᾶσαι
674 4954 733 5008 δὲ
777 4955 1006 5024 σφαῖραι
1037 4971 1148 5007 των
1178 4953 1469 5024 πλανήτων
1517 4955 1656 5009 ἑπτά
1689 4957 1767 5010 εί-

163 5066 293 5113 σιν,
350 5051 512 5103 ἀνισα
569 5049 639 5103 τά
701 5048 911 5120 μεγέθη
970 5047 1238 5121 φέρουσαι
1292 5049 1436 5120 πρὸς
1489 5049 1761 5120 ἀλλήλας·

161 5142 431 5214 περιέχει
471 5143 582 5212 γὰρ
611 5142 643 5212 ή
675 5139 870 5214 πρώτη
891 5142 994 5213 τὴν
1021 5141 1306 5213 δευτέραν,
1333 5141 1426 5196 καὶ
1468 5143 1501 5213 ή
1535 5143 1767 5214 δευτέρα

159 5237 276 5306 τὴν
333 5236 454 5305 μετ’
503 5237 711 5308 αὑτήν·
743 5235 839 5290 καὶ
879 5235 1041 5291 τοῦτο
1077 5236 1363 5307 μέχριτῆς
1408 5237 1765 5302 τελευταίας·

160 5333 271 5385 καὶ
299 5329 483 5393 οὕτως
527 5331 586 5398 ἐξ
632 5328 882 5399 ἀνάγκης
918 5331 974 5384 αί
1010 5331 1369 5401 περιέχουσαι
1397 5330 1624 5400 μείζους
1663 5330 1775 5384 τῶν

161 5421 760 5492 περισχομένωνέίσί.
799 5419 998 5492 Πρώτη
1028 5421 1127 5491 μὲν
1153 5419 1248 5474 οῦν
1279 5422 1424 5488 μετά
1459 5422 1558 5492 τὴν
1583 5421 1775 5475 δοκοῦ·
1813 5469 1829 5480 .

163 5533 280 5568 σαν
319 5514 419 5568 καὶ
448 5514 756 5582 λεγομένην
787 5513 1010 5582 ἀπλανῆ
1045 5515 1286 5584 σφαῖραν
1331 5515 1363 5582 ἡ
1421 5513 1516 5566 τοῦ
1563 5514 1774 5582 Κρόνου

161 5607 303 5660 ἐστὶ
346 5605 444 5659 τοῦ
497 5606 838 5675 καλουμένου
888 5606 984 5659 καὶ
1037 5605 1322 5673 φαίνοντος
1367 5610 1779 5676 τριακονταετεῖ

161 5701 368 5770 χρόνῳ
397 5700 505 5753 ἀπὸ
526 5699 620 5752 τοῦ
639 5696 805 5752 αὑτοῦ
836 5701 915 5761 είς
942 5698 1002 5751 τὸ
1022 5698 1154 5750 αὐτὸ
1177 5697 1664 5769 ἀποκαθισταμένη
1691 5699 1780 5753 διὰ

1824 587 2124 641 movetur;
2159 589 2268 628 uno
2296 575 2516 644 quidem
2552 574 2715 646 283
2749 572 2990 644 proprio.
3037 586 3148 641 quo
3177 570 3244 625 ab
3278 571 3414 624 orti-

1823 668 1927 724 bus
1963 666 2032 722 ad
2091 681 2327 722 occasus
2363 664 2608 739 [cietur].
2650 665 2744 736 qui
2785 665 2949 720 etiam
3009 669 3234 733 propter
3261 675 3413 716 sunt-

1827 777 1973 816 mam
2005 760 2312 816 tarditatem
2358 758 2698 815 insensibilis
2745 766 2876 826 est;
2916 757 3090 812 altero
3128 771 3284 817 vero.
3321 756 3412 827 qui

1824 857 2015 928 primae
2068 855 2296 926 sphara
2351 862 2460 920 est,
2489 869 2602 924 quo
2673 853 2742 910 ab
2774 853 2990 908 ortibus
3050 851 3118 908 ad
3181 865 3418 907 occasus

1825 949 2211 1020 pernicissime
2278 945 2713 1016 circumagitur;
2771 945 2944 1002 stella
2993 945 3232 1015 denique
3299 959 3422 1012 quae

1827 1043 2138 1100 inerrantes
2182 1051 2475 1107 vocantur,
2537 1039 2717 1096 tribus
2775 1048 3066 1095 moventur
3143 1037 3412 1102 motibus,

1828 1138 2329 1212 circumgyratione
2405 1137 2628 1211 propria
2702 1143 2759 1189 et
2844 1130 3210 1187 conversione
3291 1144 3418 1182 cum

1831 1233 2045 1305 sphaera
2090 1233 2181 1288 cui
2239 1233 2456 1305 illigata
2483 1239 2654 1296 sunt;
2708 1236 2765 1282 et
2814 1223 2933 1293 eius
2997 1223 3246 1293 sphaera,
3304 1236 3425 1290 qua

1831 1331 2055 1402 pr0prie
2088 1332 2343 1388 inerrans
2373 1331 2599 1394 dicitur,
2650 1325 3081 1384 circumactione
3115 1320 3420 1378 contraria.

1832 1424 2034 1480 Eodem
2097 1425 2262 1481 modo
2311 1425 2482 1480 etiam
2537 1438 2661 1477 cum
2721 1420 2953 1491 spharis
3006 1433 3129 1488 qua
3163 1415 3427 1481 deinceps

1833 1524 1987 1580 sunt,
2045 1515 2482 1586 earumdemque
2537 1515 2712 1570 stellis
2740 1516 3120 1582 comparatum
3177 1518 3282 1562 est.
3319 1505 3429 1560 Illae

1834 1609 1978 1664 enim
2041 1609 2259 1667 duobus
2317 1609 2563 1664 motibus
2625 1605 3010 1664 obnitentibus
3099 1611 3426 1665 moventur;

1836 1702 2006 1758 stella
2033 1709 2216 1757 autem
2265 1699 2333 1754 ad
2367 1699 2468 1754 hos
2523 1706 2711 1753 motus
2765 1697 2932 1752 etiam
2965 1694 3074 1749 alio
3139 1693 3192 1746 in
3229 1691 3427 1761 scipsis

1837 1805 2152 1859 moventur,
2180 1801 2243 1860 ut
2281 1792 2349 1849 de
2384 1791 2760 1847 inerrantibus
2803 1788 3004 1844 dictum
3039 1795 3142 1842 est.

229 1877 299 1945 ς’.
334 1881 611 1951 Πλάνητες
641 1879 752 1949 γὰρ
781 1881 831 1935 oi
864 1879 1153 1952 προσεχῶς
1197 1877 1566 1950 δεδηλωμένοι
1596 1893 1731 1930 κατ-

1908 1888 1964 1944 ϐ.
2000 1887 2265 1944 Errantes
2296 1887 2469 1952 enim,
2523 1886 2689 1941 modo
2745 1883 3040 1941 declarata
3077 1876 3299 1952 [stellae]
3337 1891 3434 1933 no-

1840 1983 2065 2038 minata
2126 1989 2277 2048 sunt,
2305 1980 2453 2052 quod
2486 1993 2678 2036 carum
2714 1977 2769 2034 in
2838 1976 2956 2033 suis
2991 1973 3220 2045 spharis
3244 1973 3435 2042 prima

1840 2085 1895 2131 et
1926 2089 2117 2131 revera
2152 2075 2420 2131 inerranti
2451 2073 2683 2144 sphara
2737 2069 3053 2126 contrarius
3104 2074 3285 2123 motus
3320 2079 3436 2118 ma-

1843 2169 2076 2225 nifestus
2135 2168 2264 2225 sit:
2323 2165 2786 2239 quemadmodum
2848 2163 3081 2218 aliarum
3147 2159 3430 2216 stellarum

1842 2259 2141 2315 multitudo
2192 2261 2446 2315 inerrans
2507 2263 2702 2312 vocata
2763 2262 2872 2322 est,
2929 2253 3076 2323 qttod
3121 2249 3433 2307 contrarius

1842 2353 2156 2410 istiusmodi
2203 2360 2389 2407 motus
2433 2349 2690 2406 occultus
2729 2349 2822 2404 sit.
2880 2347 3016 2403 Cum
3063 2359 3192 2414 ergo
3243 2345 3434 2398 tlrma-

1845 2455 2088 2502 mentum
2137 2459 2203 2500 εχ
2239 2442 2455 2499 ortibus
2485 2441 2539 2496 in
2599 2454 2840 2496 occasus
2867 2435 3286 2505 circumagitur,
3342 2448 3437 2487 ne-

1843 2541 2088 2594 cesSario
2143 2536 2310 2592 etiam
2364 2549 2492 2589 cum
2542 2533 2650 2588 hoc
2681 2533 2996 2587 inerrantes
3055 2523 3222 2599 [ﬂxae]
3267 2523 3438 2577 stella

1845 2635 2326 2702 circumaguntur,
2381 2641 2506 2684 cum
2568 2625 2848 2696 proprium
2920 2630 3129 2676 motum
3162 2614 3443 2673 translati-

1845 2733 1983 2782 tium
2022 2741 2134 2780 non
2172 2723 2432 2778 habeant.
2483 2719 2789 2790 Eapropter
2841 2715 2986 2771 enim
3016 2712 3182 2768 etiam
3243 2708 3438 2764 eadem

1845 2835 2066 2887 semper
2105 2815 2274 2891 284
2304 2817 2424 2870 loca
2451 2814 2724 2878 obtinent,
2766 2824 2868 2865 nec
2897 2819 3140 2877 unquam
3168 2818 3200 2859 a
3234 2816 3295 2858 se
3353 2800 3441 2854 in-

1848 2915 2023 2970 vicem
2063 2910 2533 2980 intercapedinem
2569 2907 2880 2961 immutant.

1922 3007 1978 3062 7.
2017 3004 2154 3061 Cum
2206 3013 2390 3060 autem
2444 3002 2756 3058 inerrantes
2803 2995 2973 3054 stellae
3007 2995 3082 3049 ita
3105 3005 3297 3048 omnes
3322 3003 3443 3043 mo-

1847 3111 2110 3163 veantur.
2159 3111 2270 3154 una
2303 3097 2420 3154 sola
2470 3095 2630 3152 stella
2666 3095 2733 3149 ad
2764 3091 3189 3164 septentrionem
3245 3089 3440 3143 immo-

1851 3197 1980 3252 bilis
2026 3195 2404 3267 conspicitur;
2459 3207 2569 3249 non
2610 3191 2758 3263 quod
2815 3203 2940 3244 cum
2991 3182 3445 3258 sphara__iirma-

1853 3291 2024 3348 menti
2065 3307 2172 3346 non
2226 3287 2654 3345 circumferatur
2709 3285 2830 3356 ipsa
2889 3294 3129 3354 quoque.
3161 3279 3256 3332 sed
3291 3271 3438 3344 quod

1855 3385 2086 3440 duorum
2127 3383 2250 3438 axis
2302 3390 2674 3437 extremorum
2704 3381 2850 3436 circa
2907 3388 3032 3445 qua
3069 3371 3283 3436 sphara
3315 3381 3451 3419 con-

1855 3476 2109 3540 vertitur,
2167 3474 2402 3528 alterum
2466 3481 2776 3527 extremum
2833 3465 3057 3523 boreale
3092 3455 3450 3532 itac[stella‘_l

1857 3571 2106 3629 exsistat.
2167 3568 2314 3623 unde
2375 3567 2542 3622 etiam
2588 3564 2752 3636 polus
2812 3559 3048 3616 borealis
3091 3555 3441 3612 vocabatur:

1859 3666 1966 3734 poli
2016 3663 2160 3718 enim
2217 3659 2597 3716 extremitates
2651 3658 2772 3714 axis
2830 3662 3123 3711 vocantur.
3147 3649 3284 3707 Cum
3315 3658 3448 3717 ergo

1858 3760 2000 3814 dicta
2068 3755 2224 3811 stella
2288 3754 2518 3824 sphara
2575 3748 2908 3806 ﬁrmamenti
2975 3747 3136 3818 polus
3197 3743 3452 3805 exsistat,

1857 3860 2108 3906 vertente
2147 3847 2498 3903 ﬁrmamento
2523 3853 2579 3899 et
2630 3843 2749 3914 ipsa
2783 3841 2944 3896 simul
2975 3835 3289 3894 necessario
3343 3834 3454 3888 cir-

1860 3942 2242 3998 cumvertitur.
2300 3938 2490 4008 Quoad
2540 3945 2745 4003 autem,
2810 3944 2871 3990 ut
2928 3934 3048 3989 axis
3105 3940 3454 3996 extremum,

1862 4037 2009 4092 circa
2041 4049 2100 4089 se
2139 4033 2558 4090 conversionem
2612 4030 2870 4096 sustinet,
2903 4024 3203 4083 immobilis
3239 4022 3454 4077 videtur

1864 4145 2033 4185 sensu
2097 4145 2114 4185 :
2167 4125 2630 4198 quemadmodum
2680 4123 2845 4179 etiam
2908 4134 3101 4177 omnes
3156 4117 3328 4174 stella
3392 4123 3456 4168 ιιι

1863 4222 2110 4297 a_noltis
2150 4221 2257 4277 hoc
2293 4234 2402 4276 non
2459 4218 2932 4274 animadvertatur
2985 4229 3141 4270 suam
3195 4213 3338 4268 intra
3395 4224 3455 4265 se

1861 4315 2275 4372 conversionem
2309 4312 2493 4368 facere
2524 4320 2775 4382 possunt.

1936 4407 1990 4462 8.
2023 4405 2118 4462 Sic
2156 4407 2326 4476 igitur
2360 4405 2671 4459 inerrantes
2700 4403 2921 4472 quidem
2972 4399 3146 4455 stella
3172 4406 3221 4453 el
3252 4411 3318 4451 eo
3355 4391 3453 4466 qui

1865 4515 1932 4556 ex
1963 4500 2177 4556 ortibus
2221 4507 2304 4554 est
2337 4507 2512 4560 mutu,
2547 4503 2606 4551 et
2633 4509 2700 4550 eo
2727 4495 2822 4565 qui
2873 4509 2940 4548 ex
2983 4491 3294 4554 Occasibus,
3331 4506 3442 4544 cun

1869 4595 2083 4665 sphara
2116 4591 2446 4647 ﬁrmamenti
2473 4589 2640 4645 simul
2672 4592 2986 4642 moventur.
3017 4584 3124 4640 Sed
3151 4593 3207 4638 et
3260 4597 3448 4637 erran-

1872 4697 1978 4753 tes,
2009 4701 2129 4757 qua
2158 4685 2284 4741 aliis
2312 4681 2544 4754 spli‘aris
2596 4681 2818 4753 illigata
2852 4690 3002 4744 sunt,
3043 4678 3161 4733 suis
3206 4678 3456 4745 singula.

1868 4790 1926 4834 et
1964 4778 2151 4847 eosqui
2197 4777 2264 4829 ad
2289 4789 2521 4830 occasus
2574 4785 2679 4839 est,
2712 4781 2855 4827 eteo
2890 4772 2984 4841 qui
3021 4771 3089 4826 ad
3121 4778 3298 4836 ortus,
3331 4784 3452 4823 cum

1870 4871 2095 4942 spharis
2123 4869 2236 4924 suis
2269 4867 2509 4938 pr0priis
2535 4865 2734 4940 [motu]
2767 4873 3082 4919 moventur.

1948 4963 2003 5018 9.
2035 4961 2240 5017 Omnes
2295 4948 2476 5015 autem
2535 4959 2764 5029 sphara
2817 4957 3117 5012 errantium
3176 4955 3458 5011 stellatum

1874 5067 2080 5129 septem
2116 5064 2266 5119 sunt,
2299 5068 2421 5125 qua
2451 5051 2752 5121 inaquales
2806 5051 2872 5103 ad
2901 5066 2957 5104 se
2988 5049 3221 5102 invicem
3255 5046 3460 5101 habent

1873 5147 2306 5218 magnitudines.
2364 5144 2530 5218 285
2585 5143 2721 5198 Nam
2782 5144 2980 5211 prima,
3013 5141 3356 5206 secundam;
3407 5151 3462 5192 et

1876 5238 2146 5305 secunda,
2204 5247 2530 5308 sequentem
2583 5235 2874 5302 continet;
2929 5245 2982 5288 et
3016 5234 3119 5288 ltoc
3174 5247 3350 5301 usque
3393 5231 3459 5284 ad

1873 5332 2123 5387 ultimam
2150 5345 2167 5396 ;
2200 5339 2374 5400 atque
2405 5329 2479 5383 ita
2505 5327 2859 5383 continentes
2892 5326 3169 5380 contentis
3198 5338 3458 5379 necessa—

1885 5425 1972 5479 rio
1999 5423 2237 5492 majores
2262 5431 2391 5476 sunt
2415 5421 2486 5476 ³³.
2523 5419 2652 5474 Post
2677 5433 2796 5474 eam
2831 5418 2992 5489 igitur
3046 5419 3314 5489 spharam
3340 5433 3462 5486 qua

1876 5520 2098 5573 videtur
2123 5527 2178 5571 et
2205 5517 2408 5571 dicitur
2429 5516 2710 5579 inerrans,
2744 5514 2921 5582 prima
2950 5523 3035 5568 est
3067 5511 3313 5575 Saturni,
3363 5514 3459 5581 qui

1876 5610 2043 5662 etiam
2105 5609 2343 5663 i’hanon
2399 5617 2655 5666 vocatur.
2725 5621 2846 5676 qua
2887 5616 3039 5661 matu
3099 5605 3339 5661 erratico
3369 5619 3465 5675 per

1879 5702 2100 5771 triginta
2152 5717 2422 5756 annorum
2477 5700 2714 5772 spatium
2749 5700 2818 5754 ab
2881 5701 3072 5759 eodem
3107 5697 3361 5774 [puncto]
3393 5699 3460 5754 ad

245 5816 299 5849 ⁸³
333 5812 499 5872 Arist.
530 5813 598 5871 de
637 5812 834 5870 mundo
864 5827 913 5869 c.
947 5811 1026 5879 2-,
1058 5810 1378 5869 Ptolomaus
1413 5814 1706 5886 Almagesti
1725 5815 1818 5872 lib.
1857 5829 2002 5882 tx,c.
2036 5814 2059 5869 l
2101 5822 2153 5870 et
2177 5813 2246 5883 3;
2277 5811 2486 5870 Cleom.
2517 5811 2616 5870 lib.
2652 5827 2688 5877 ι,
2715 5827 2763 5868 c.
2799 5811 2854 5867 3.
