3844 6478
135 477 274 540 m7
1321 491 1324 494 ·
1387 489 1726 552 EPITOME
1765 471 2119 554 rursm.
3252 487 3390 554 1238

203 588 292 661 ιβ’.
331 591 392 646 ὀ
431 593 528 662 μὲν
563 593 656 650 οὖν
691 598 1007 671 ίσημερινὸς
1049 603 1145 657 καὶ
1199 606 1248 658 οί
1277 609 1532 676 τροπικοὶ
1565 609 1705 663 πάν⁴⁹

1889 609 1976 663 12.
2021 605 2446 677 IEquinoctialis
2482 605 2649 678 igitur
2681 617 2734 662 et
2763 608 2955 676 tropici
2995 606 3194 674 ubique
3225 607 3387 662 iidem

129 683 258 736 τοτέ
293 685 432 738 εἰσιν
467 685 516 738 οἱ
551 687 727 752 αὐτοὶ,
757 693 852 745 καὶ
879 697 1008 759 τοὺς
1039 697 1236 763 αὐτοὺς
1261 700 1590 772 κατέχοντες
1623 721 1647 756 τ

1873 711 1943 756 ιιιι
1976 703 2274 772 eademque
2327 703 2493 757 etiam
2555 718 2772 774 semper
2835 711 3106 770 occupant
3157 703 3295 766 loca,
3335 714 3391 758 at

131 794 274 840 πους
327 779 610 848 διηνεκῶς.
668 785 728 838 ’0
777 784 825 838 δ’
881 789 1142 858 ἀρκτικὸς
1194 795 1292 848 καὶ
1348 793 1648 866 ἀνταρκτικ

1871 793 2055 848 'cticus
2085 804 2139 848 et
2175 795 2513 850 antarcticus
2555 795 2855 850 secundum
2919 795 3200 848 climatum
3233 794 3389 848 dill'e-

133 873 279 925 κατὰ
337 874 437 934 τὰς
487 877 598 928 τῶν
650 877 936 949 κλιμὰτων
983 885 1250 956 διαφορὰς
1289 889 1650 944 ἐναλλάσσοντ

1875 890 2028 943 τιιιίοιι
2061 889 2278 942 variant
2317 897 2372 944 et
2421 889 2539 944 loca
2579 899 2812 942 mutant.
2845 890 2910 942 Et
2938 888 3136 942 alicubi
3171 888 3393 956 quidem

133 965 231 1017 καὶ
277 968 403 1028 τοὺς
450 967 650 1033 τόπους
705 973 1015 1042 ἀμείϐουσι.
1049 980 1154 1031 Καὶ
1191 981 1294 1033 ποῦ
1342 982 1562 1048 μείζους
1604 985 1651 1038 εί

1875 981 2052 1050 ajores
2086 991 2238 1046 sunt,
2290 983 2629 1052 multumque
2661 983 2886 1050 tropicis
2912 983 3393 1051 appropinquant;

135 1059 234 1112 καὶ
257 1061 390 1112 πολὺ
424 1063 534 1124 τοῖς
564 1071 848 1134 τροπικοῖς
879 1070 1276 1142 πλησιάζοντες
1296 1091 1310 1104 ·
1345 1077 1449 1130 ποῦ
1475 1077 1524 1131 δ’
1558 1079 1653 1134 ἐλά

1877 1075 2012 1130 icubi
2054 1087 2231 1130 autem
2297 1077 2534 1132 minores
2589 1089 2644 1131 et
2672 1078 2920 1147 proxime
2963 1076 3028 1130 ad
3058 1076 3210 1144 polos
3237 1091 3395 1130 acce-

134 1167 266 1214 τους
293 1191 306 1216 ,
367 1153 462 1206 καὶ
513 1159 626 1220 τοῖς
687 1161 870 1224 πόλοις
937 1165 1174 1233 μάλιστα
1236 1173 1652 1241 προσεγγίζοντε

1873 1176 1974 1221 int.
2012 1165 2117 1222 Sed
2159 1175 2213 1222 et
2259 1167 2461 1222 alicubi
2529 1177 2891 1222 evanescunt.
2946 1167 3176 1232 Quando
3211 1178 3391 1218 autem

145 1246 304 1298 Ἔστι
333 1247 377 1300 δ’
401 1250 536 1303 ὅπου
570 1252 661 1305 καὶ
687 1254 1064 1321 ἀφανίζονται.
1099 1261 1187 1332 Μὴ
1221 1263 1640 1336 ἀφανιζομένων

1875 1275 1928 1314 ιιι
1983 1269 2342 1324 evanescunt,
2395 1277 2536 1316 unus
2569 1262 2787 1330 quidem
2846 1259 3015 1332 288
3071 1261 3393 1326 invisibilis;

142 1337 348 1404 αὐτῶν,
373 1342 402 1394 6
429 1343 530 1412 μὲν
555 1343 786 1416 ἀόρατός
811 1348 982 1414 ἐστιν,
1016 1354 1045 1405 6
1077 1353 1122 1406 δ’
1141 1355 1228 1407 ἀεὶ
1256 1357 1454 1426 ὁρατός
1477 1373 1492 1389 ·
1523 1359 1616 1413 καὶ
1654 1378 1660 1394 ι

1879 1365 1954 1410 ter
1982 1370 2112 1425 vero
2138 1370 2358 1424 semper
2387 1364 2472 1410 est
2500 1355 2729 1410 visibilis
2753 1371 2769 1425 ;
2804 1365 2858 1410 et
2885 1357 3138 1410 universa
3173 1353 3397 1423 sphaera:

145 1435 537 1504 περιεχόμενον
587 1439 678 1492 ὑπ’
708 1442 874 1496 αὐτοῦ
948 1445 1116 1515 μέρος
1160 1449 1260 1517 τῆς
1303 1452 1536 1520 σφαίρας
1567 1453 1663 1506 ἆπι

1877 1463 1946 1502 trs
1981 1464 2102 1517 quae
2154 1455 2222 1502 ab
2253 1449 2372 1518 ipso
2425 1449 2491 1502 ad
2531 1450 2712 1518 polum
2757 1464 2930 1520 usque
2979 1445 3395 1518 comprehendi-

137 1525 200 1576 τὸ
235 1527 370 1595 πρὸς
413 1529 492 1597 τῷ
521 1529 668 1602 πόλῳ
710 1534 988 1604 ἀειφανὲς,
1019 1536 1098 1602 ὡς
1149 1540 1212 1592 τὸ
1255 1541 1361 1596 ὑπὸ
1399 1542 1494 1597 τοῦ
1523 1546 1655 1599 λοιττ

1883 1557 1928 1605 r,
1963 1555 2182 1610 semper
2227 1527 2600 1611 conspicitur;
2663 1541 3126 1611 quemadmodum
3161 1554 3282 1610 quae
3331 1539 3398 1590 ab

147 1619 538 1690 περιεχόμενον
561 1627 788 1693 ἀφανές.
825 1629 983 1682 Πόλοι
1023 1630 1081 1684 δὲ
1119 1636 1337 1688 πάντων
1369 1636 1479 1690 τῶν
1510 1641 1665 1708 παρα

1883 1643 1994 1688 tero
2050 1635 2369 1690 continetur
2401 1649 2509 1688 non
2547 1635 2908 1704 conspicitur.
2973 1633 3136 1703 Atqui
3169 1634 3274 1702 puli
3313 1647 3401 1701 pu-

143 1711 324 1780 λὴλων
353 1715 568 1770 κύκλων
595 1721 644 1772 οί
674 1720 773 1789 τῆς
803 1724 1043 1795 σφαίρας
1066 1727 1226 1784 είσίν.

1878 1727 2132 1782 llelorum
2181 1729 2426 1782 omnium
2488 1740 2617 1783 sunt
2655 1727 2754 1793 illi,
2795 1728 2888 1798 qui
2915 1739 2964 1781 et
2995 1729 3220 1798 spherae
3251 1740 3396 1780 sunt.

219 1811 307 1873 ιγ’.
353 1806 581 1876 Ἕτερος
629 1812 688 1866 δὲ
735 1817 938 1870 νοεῖται
995 1821 1254 1887 μέγιστος
1288 1821 1630 1890 κύκλος,,διά
1660 1841 1721 1878 τε

1900 1819 1986 1874 l3.
2021 1819 2192 1874 Porro
2212 1820 2256 1852 ⁸⁹
2285 1820 2424 1874 alius
2478 1821 2718 1876 circulus
2759 1819 3031 1874 maximus
3055 1815 3399 1886 intelligitur.

141 1896 254 2013 ’ζῶν
299 1903 576 1970 τροπικῶν
626 1905 718 1958 καὶ
753 1905 846 1960 τοῦ
881 1909 1203 1980 ίσημερινοῦ
1255 1915 1586 1984 βεϐλημένος
1630 1917 1659 1970 λ

1885 1907 1916 1961 ιί
1953 1923 2048 1978 per
2109 1907 2354 1976 tropicos
2396 1917 2450 1963 et
2507 1917 2840 1978 mquatorem
2903 1909 3125 1977 oblique
3176 1905 3403 1975 interir-

147 1987 257 2052 ξῶς
277 2009 290 2021 ·
321 1993 444 2046 καθ’
479 1995 538 2048 ἓν
568 1997 666 2066 μὲν
701 2005 930 2069 σημεῖον
949 2003 1140 2072 ψαύων
1173 2006 1436 2076 ἑκατέρου
1466 2007 1576 2060 τῶν
1604 2026 1665 2078 τρ

1889 2013 1952 2052 ns
1983 2007 2110 2064 est;
2139 1999 2226 2066 qui
2259 2015 2369 2052 uno
2402 2001 2621 2068 quidem
2678 2010 2880 2069 puncto
2917 2011 3209 2068 utrumque
3239 2000 3407 2068 tropi-

147 2085 359 2140 πικῶνο
395 2090 476 2152 είς
509 2091 600 2144 ῖσα
631 2092 686 2146 δὲ
716 2093 810 2148 δύο
854 2097 998 2150 κατὰ
1028 2097 1121 2151 δύο
1155 2103 1357 2168 σημεῖα
1388 2103 1602 2172 τέμνων
1633 2119 1662 2155 τ

1885 2106 2018 2144 n-um
2057 2093 2296 2160 attingit,
2335 2092 2386 2146 in
2429 2095 2562 2148 duas
2595 2101 2776 2147 autem
2836 2091 3074 2161 aequales
3135 2099 3318 2160 partes
3351 2089 3403 2141 in

147 2176 488 2248 ἰσημερινόν.
531 2177 700 2248 Οὗτος
740 2189 768 2239 6
804 2187 956 2253 λοξὸς
987 2189 1186 2253 κύκλος
1231 2193 1477 2247 καλεῖται
1519 2195 1665 2248 Ζωδιε

1891 2181 2044 2236 Iebus
2107 2183 2322 2251 punctis
2377 2181 2812 2252 aututinoctialem
2870 2181 3084 2234 dividit.
3141 2178 3240 2232 llic
3270 2177 3409 2232 obli-

145 2269 244 2332 κός
266 2285 278 2300 ³
311 2271 426 2326 ἔστι
454 2273 509 2326 δὲ
544 2276 746 2341 πλατὺς
788 2281 883 2332 καὶ
917 2282 1099 2352 φέρων
1137 2285 1314 2354 ἄστρα
1357 2286 1550 2354 πολλὰ,
1577 2305 1663 2341 σκι

1891 2291 1969 2330 ιιιε
2015 2275 2255 2329 circulus
2289 2277 2450 2330 etiam
2481 2275 2750 2330 Zodiarus
2784 2283 3033 2328 vocatur.
3097 2273 3300 2341 Estque
3335 2273 3409 2323 lu-

145 2363 396 2430 γραφοῦν
422 2366 490 2420 τά
519 2384 636 2431 πως
668 2371 780 2434 ζῶἀ
813 2390 956 2430 τινα.
1007 2377 1100 2431 Ἐκ
1143 2379 1243 2448 τῆς
1273 2378 1532 2450 τοιαύτης
1573 2397 1663 2432 σκι

1900 2386 1925 2423 s
1961 2369 2204 2423 circulus
2233 2380 2284 2422 et
2318 2371 2484 2422 multa
2512 2369 2894 2438 cmnplectitur
2915 2367 3114 2428 sidera,
3145 2383 3264 2433 qth
3293 2367 3411 2417 ani-

147 2457 391 2525 γραφέας
475 2461 574 2530 τῆς
623 2468 1046 2538 συγκεχυμένης
1097 2474 1194 2525 καὶ
1223 2473 1473 2543 ἀμυδρᾶς
1519 2475 1665 2542 ὲκλήι

1893 2460 1998 2514 alia
2047 2463 2296 2530 quaedam
2347 2461 2676 2513 adun'tbraut
2740 2469 2788 2515 et
2855 2467 3268 2528 reprtesentant.
3335 2457 3409 2509 lix

149 2550 306 2618 παρὰ
381 2552 491 2606 τῶν
580 2556 822 2626 ἀρχαίων
898 2562 1242 2631 ἀστρολόγων
1304 2564 1579 2636 ζωοφόρος
1635 2584 1667 2619 κ

1893 2552 2062 2608 infusa
2089 2554 2188 2608 hac
2217 2564 2272 2608 et
2304 2555 2540 2610 obseura
2575 2555 3000 2608 atlumbratione
3026 2561 3078 2608 et
3113 2567 3411 2622 repraesen-

155 2644 464 2707 Ζωδιακός·
524 2650 616 2702 καὶ
664 2651 734 2702 τὰ
773 2657 1248 2724 σκιαγραφήματα
1283 2659 1593 2728 ἐκλήθησαν
1619 2663 1673 2714 Ζι

1897 2646 2046 2700 tione
2075 2647 2142 2700 ab
2173 2647 2416 2716 antiquis
2447 2647 2766 2717 astrologis,
2811 2646 3038 2716 signifer
3075 2657 3128 2698 et
3153 2647 3411 2700 zodiacus

151 2735 264 2790 δια.
289 2737 361 2790 Τὸ
391 2737 590 2804 πλάτος
619 2741 714 2794 οὖν
735 2743 830 2796 τοῦ
861 2731 1126 2809 ζωδιακὸῦ
1157 2752 1305 2820 τρεῖς
1337 2750 1608 2822 διαιροῦσι
1637 2771 1669 2806 κ

1985 2747 2064 2794 ius
2097 2738 2256 2794 fuit“
2279 2755 2294 2804 ;
2317 2729 3032 2805 etimagines,animalcnla
3071 2742 3146 2812 [et
3175 2739 3311 2793 alias
3337 2741 3412 2791 si.
3498 2779 3503 2789 .

157 2830 276 2882 κλοι
324 2830 419 2883 καὶ
449 2831 818 2901 διανέμονται.
857 2837 968 2891 Καὶ
997 2840 1026 2892 6
1055 2840 1155 2908 μὲν
1187 2843 1366 2898 αὐτῶν
1405 2845 1568 2914 μέσος
1619 2847 1675 2898 ἔα

1897 2830 1966 2903 ta]
1996 2840 2200 2886 vocata:
2239 2841 2394 2890 sunt.
2434 2832 2804 2886 Latitudinem
2840 2833 2996 2900 proin
3051 2830 3260 2884 zodiaci
3302 2840 3415 2883 tres

155 2939 216 2975 τε
269 2927 362 2976 καὶ
420 2923 672 2992 λέγεται*
709 2928 898 2982 τούτου
929 2930 974 2984 δ’
1013 2933 1060 2986 oi
1090 2934 1391 3003 ἑκατέρωθι
1418 2937 1667 3008 ὠνομάσο

1893 2927 2026 2982 rculi
2057 2927 2312 2982 dividunt
2365 2940 2422 2982 et
2455 2929 2768 2998 partiuntur
2799 2927 2864 2980 δι.
2911 2925 2976 2978 Et
3011 2941 3153 2980 unus
3193 2926 3411 2990 quida-m

161 3031 262 3068 σαν
293 3017 318 3068 6
351 3016 450 3086 μὲν
483 3018 693 3089 βόρειος
713 3063 728 3084 ,
755 3025 780 3074 ὀ
801 3023 859 3076 δὲ
889 3023 1084 3090 νότιος,
1119 3028 1184 3080 ὲκ
1230 3028 1338 3084 τῶν
1403 3031 1496 3083 τοῦ
1529 3033 1679 3102 κόσμι

1895 3037 2051 3084 trum,
2091 3020 2304 3075 medius
2335 3031 2454 3093 εει,
2480 3031 2535 3075 et
2571 3021 2811 3076 dicitur:
2855 3019 2921 3074 ab
2954 3020 3058 3074 hoc
3085 3029 3288 3082 autem,
3323 3017 3413 3084 qui

161 3111 343 3178 μερῶν
402 3108 484 3173 οἷς
543 3116 985 3184 προσπελάζουσι
1046 3119 1466 3194 κληρωσάμενοι
1505 3128 1572 3179 τὰ
1618 3129 1676 3181 ὀν

1897 3117 1908 3168 l
1961 3123 2256 3183 utrumque
2305 3117 2450 3170 latus
2483 3115 2661 3179 'sunt,
2695 3129 2842 3170 unus
2897 3115 3116 3183 quidem
3154 3113 3415 3173 borealis,

161 3221 330 3272 ματα.
1840 3209 1982 3262 alter
2037 3208 2294 3262 australis
2355 3208 2618 3262 nominati
2654 3217 2784 3260 sunt
2814 3223 2830 3275 ;
2861 3223 2890 3261 a
2947 3207 3136 3260 mundi
3169 3207 3418 3276 partibus

1763 3305 1806 3362 C
1841 3302 2042 3370 quibus
2069 3302 2541 3370 appropinquant,
2573 3303 2796 3354 nomina
2829 3300 3030 3355 sortiti.

235 3385 553 3456 ιὸ⁹.”Ετερος
580 3389 726 3460 παρὰ
747 3391 838 3444 τὸν
872 3389 1138 3456 ζωδιακὸν
1173 3399 1374 3452 καὶτὸν
1399 3401 1732 3472 ίσημερινὸν,

1909 3395 1996 3448 Η.
2029 3393 2186 3447 Alius
2219 3406 2413 3463 praeter
2445 3396 2730 3448 zodiacum
2765 3405 2818 3446 et
2849 3393 3284 3460 aquiuuctialem
3313 3391 3419 3445 cir-

163 3479 420 3547 μέγιστος
453 3481 547 3532 καὶ
575 3482 757 3546 αὐτὸς,
791 3487 993 3539 νοεῖται
1023 3487 1224 3551 κύκλος
1244 3529 1258 3554 ,
1293 3493 1320 3543 6
1349 3492 1574 3562 διαιρῶν
1603 3497 1678 3561 ﬁn

1913 3491 1992 3541 lus
2021 3487 2188 3558 289
2215 3498 2270 3542 et
2305 3490 2420 3558 ipse
2449 3488 2722 3542 maximus
2775 3486 3122 3554 intelligitur,
3153 3487 3244 3554 qui
3289 3499 3421 3554 par-

162 3573 222 3624 τὸ
275 3573 370 3642 τῆς
433 3575 670 3644 σφαίρας
728 3579 962 3647 φανερὸν
1008 3582 1072 3633 ἐκ
1117 3581 1212 3634 τοῦ
1241 3584 1506 3652 ἀφανοῦς,
1542 3586 1600 3649 6;
1641 3607 1680 3640 κ;

1907 3595 1945 3631 :n
1975 3581 2203 3648 spineta:
2240 3579 2600 3648 conspicuam
2652 3579 2720 3629 ab
2753 3573 3106 3645 inconspicua
3139 3575 3302 3628 nobis
3331 3574 3425 3625 di-‘

157 3665 356 3734 ὁρίζων
420 3667 507 3720 διὰ.
579 3667 738 3721 τοῦτο
805 3676 1295 3744 προσαγορεύεται.
1334 3679 1608 3746 Μέγιστος

1899 3673 1993 3732 dit.
2043 3673 2248 3742 quique
2303 3677 2592 3741 μορίαι-θα
2651 3670 2878 3724 horizon
2943 3667 3020 3740 [id
3074 3663 3157 3722 ρει
3215 3663 3417 3737 linitur}

163 3761 278 3814 ἐστι
307 3760 401 3812 καὶ⁵
431 3761 612 3826 αὐτὸς,
643 3762 873 3833 ἐπείπερ
919 3766 1000 3829 είς
1034 3766 1124 3820 ῐσα
1154 3768 1248 3822 δύο
1293 3771 1384 3824 τὸν
1418 3774 1623 3842 κόσμον
1657 3773 1681 3826 δ

1901 3767 2167 3836 ιρεΙΙειιιιδ.
2217 3765 2489 3820 Maximus
2547 3773 2730 3820 autem
2789 3771 2845 3818 et
2877 3764 2992 3833 ipse
3039 3771 3143 3826 est,
3203 3760 3419 3830 quaude

163 3853 324 3918 αιρεί.
360 3852 562 3914 Πάντες
609 3854 715 3922 γὰρ
746 3854 794 3906 oi
834 3855 1080 3924 μέγιστοι
1127 3861 1319 3916 κύκλοι
1349 3865 1446 3933 τήν
1477 3881 1538 3916 τε
1575 3882 1681 3934 σφα

1899 3860 2056 3914 tidem
2093 3860 2146 3914 in
2201 3860 2340 3914 duas
2386 3857 2626 3927 aequales
2681 3866 2864 3926 partes
2897 3855 3166 3910 mundum
3203 3853 3417 3907 ditidit.

165 3961 264 4010 ραν
296 3944 389 3998 καὶ
415 3945 674 4016 ἀλλήλους
709 3949 788 4011 είς
815 3950 904 4003 ῖσα
931 3951 1074 4024 μέρη
1101 3955 1393 4024 τέμνουσιν
1423 3960 1683 4028 ἀναγκαία

1901 3969 2042 4007 nues
2087 3952 2234 4006 enim
2270 3951 2470 4006 circuli
2523 3950 2769 4013 maximi,
2803 3963 2926 4004 cum
2979 3949 3272 4018 sphaeram,
3308 3956 3419 3998 tum

158 4038 255 4088 καὶ
291 4039 398 4090 ἴσοι
425 4038 676 4107 ἀλλήλοις
705 4039 836 4096 εἰσί.
1225 4073 1236 4084 ·

1956 4045 2188 4098 invicem
2249 4045 2307 4098 in
2343 4043 2586 4112 aequales
2635 4049 2820 4112 partes
2853 4049 3045 4098 secant
3069 4035 3421 4101 necessario,

1231 4125 1240 4136 ’
1838 4147 1894 4193 et
1924 4138 2028 4194 sibi
2059 4138 2294 4192 invicem
2325 4137 2564 4206 eqttales
2593 4146 2745 4191 sunt.

233 4229 318 4279 ιε’.
349 4225 568 4280 Τούτων
609 4227 782 4290 οὕτως
813 4230 1047 4301 ἑχόντων
1091 4233 1142 4284 οῖ
1183 4231 1458 4302 πλάνητες
1496 4233 1740 4298 ἅπαντες

1914 4232 2002 4288 15.
2037 4231 2162 4286 lla-rc
2207 4247 2332 4286 cum
2380 4231 2452 4285 ita
2486 4247 2544 4286 se
2595 4231 2830 4286 habeant
2859 4231 2926 4295 ",
2960 4239 3208 4284 errantes
3244 4229 3419 4282 stellae

155 4319 258 4386 τὴν
285 4318 536 4374 ἐναντίαν
561 4320 638 4390 τῷ
665 4324 1008 4392 στερεώματι
1040 4325 1184 4379 κατὰ
1215 4325 1278 4379 τὸ
1307 4325 1499 4380 δοκοῦν
1526 4327 1673 4397 κίνηε

1903 4347 2033 4408 ques
2069 4344 2190 4400 quae
2223 4329 2504 4383 contrario
2540 4328 2888 4381 ﬁrmamento
2935 4338 2994 4381 ut
3024 4327 3242 4381 videtur
3273 4333 3421 4379 motu

159 4411 494 4482 κινούμενοι,
527 4415 624 4468 καὶ
655 4415 832 4469 ἄλλοτ’
869 4418 930 4470 ὲν
959 4417 1142 4481 ἄλλοις
1171 4417 1264 4472 τοῦ
1311 4419 1516 4489 κόσμου
1553 4438 1677 4489 φαιν

1899 4435 2158 4485 oventur.
2201 4435 2254 4477 et
2283 4423 2424 4477 alias
2453 4423 2506 4476 in
2540 4422 2665 4476 aliis
2695 4421 2885 4476 mundi
2917 4422 3168 4491 partibus
3204 4423 3415 4488 conspi.

161 4520 316 4574 μενοι
357 4505 604 4573 μέρεσιν,
629 4507 730 4560 οὐκ
756 4509 992 4563 ἄτακτον
1039 4511 1328 4566 ποιοῦνται
1359 4513 1458 4584 τὴν
1489 4515 1679 4584 κίνησκ

1903 4525 2090 4580 untur,
2137 4514 2282 4568 haud
2331 4514 2644 4568 inordinate
2691 4521 2838 4566 motu
2877 4513 3162 4576 incedunt,
3200 4527 3298 4565 nec
3331 4527 3421 4580 per

119 4623 130 4634 -
157 4598 283 4649 οὐδὲ
308 4596 376 4649 δι’
409 4593 485 4650 ὧν
524 4600 684 4669 ἔτυχε
713 4600 807 4654 τοῦ
845 4603 1052 4674 κόσμου
1081 4605 1340 4672 φέρονται
1378 4607 1588 4676 μερῶν,
1627 4613 1637 4662 ι

1886 4609 2070 4664 uasvis
2103 4609 2418 4677 promiscue
2449 4606 2638 4660 mundi
2665 4614 2860 4676 partes
2895 4605 3171 4668 fsruntur,
3196 4604 3290 4657 sed
3323 4607 3401 4657 sul

162 4689 270 4742 ὑπὸ
297 4689 384 4742 τὸν
421 4689 686 4753 ζωδιακὸν
711 4693 802 4746 ἀεὶ
830 4695 1179 4766 στρέφοντας.
1225 4695 1332 4750 Καὶ
1362 4697 1391 4748 ὁ
1433 4675 1531 4768 μὲν
1565 4698 1680 4768 ἧλιο

1895 4701 2074 4756 nliaco
2101 4714 2316 4767 semper
2339 4709 2751 4762 convertuntur.
2779 4696 2844 4748 Et
2871 4696 2954 4750 sol
2979 4695 3196 4766 quidem
3232 4711 3261 4748 a
3297 4711 3413 4748 cnu-

160 4782 272 4834 ἀττὸ
305 4783 525 4850 τροπῶν
547 4785 840 4839 διαϐαίνων
869 4789 960 4840 ἐπὶ
987 4788 1214 4856 τροπὰς,
1242 4791 1352 4852 τοῖς
1378 4789 1610 4859 βορείοις
1643 4812 1678 4860 μ

1905 4791 2205 4848 :rsionibus
2235 4788 2528 4861 {solstitio}
2557 4789 2622 4842 ad
2657 4791 3050 4843 conversiones
3082 4787 3423 4859 [solstitinm'

162 4875 258 4928 καὶ
306 4877 418 4938 τοῖς
467 4877 664 4939 νοτίοις
711 4879 1086 4948 προσπελάζει
1123 4881 1220 4935 τυῦ
1251 4883 1458 4952 κόσμου
1493 4885 1680 4954 μέρεσι

1910 4886 2190 4955 gradiens.
2229 4886 2296 4940 ad
2335 4885 2588 4940 boreales
2611 4883 2830 4952 quidem
2867 4893 2919 4936 et
2949 4883 3220 4936 australes
3249 4892 3421 4950 parte:

159 4967 422 5020 οὐδέποτε
480 4969 534 5022 δὲ
595 4971 662 5024 τὰ
715 4971 821 5024 ὑπὸ
871 4973 962 5025 τὸν
993 4973 1256 5038 ζωδιακὸν
1289 4973 1476 5044 βόρεια
1525 4977 1677 5046 ἢνότ

1893 4979 2082 5044 ccedit,
2115 4993 2396 5046 nunquam
2431 4986 2614 5030 autem
2653 4975 2898 5030 boreales
2921 4977 3300 5030 autaustrales
3329 4977 3411 5028 sui

161 5061 594 5128 καταλαμϐάνει,
631 5062 723 5115 τὸν
771 5064 1099 5132 μεσαίτατον
1147 5067 1230 5118 ἀεὶ
1295 5071 1510 5136 τέμνων
1545 5069 1679 5122 κύκὶ

1913 5071 2081 5124 Idiaco
2115 5081 2302 5139 partes
2341 5079 2612 5139 occupat.
2646 5069 2888 5124 medium
2921 5068 3132 5124 scilicet
3165 5069 3431 5123 circulum

158 5154 256 5206 τὸν
290 5156 384 5205 καὶ
414 5152 644 5223 ἡλιακὸν
674 5154 767 5208 διὰ
799 5155 960 5208 τοῦτο
995 5155 1353 5228 καλούμενον.
1394 5161 1458 5212 υἱ
1488 5161 1544 5213 δὲ
1571 5161 1676 5214 low

1919 5173 2071 5226 mper
2104 5173 2324 5220 secans.
2371 5159 2464 5226 qui
2517 5159 2682 5212 etiam
2733 5161 2804 5210 ob
2827 5159 2880 5214 id
2916 5160 3112 5214 solaris
3139 5160 3429 5214 vocitatur.

169 5247 443 5315 πλάνητες
476 5245 568 5298 καὶ
602 5244 698 5297 τοῦ
727 5246 932 5316 κόσμου
959 5249 1071 5310 τοῖς
1103 5247 1332 5320 βορείοις
1373 5251 1467 5304 καὶ
1515 5255 1627 5315 τοῖς
1661 5273 1685 5305 ν

1914 5257 2079 5302 etcrte
2109 5265 2238 5302 vero
2261 5260 2511 5304 errantes
2535 5249 2727 5314 stella',
2755 5263 2878 5302 cum
2911 5249 3098 5304 mundi
3121 5249 3432 5304 borealibus

170 5339 311 5399 τέοις
359 5336 804 5408 προσπελάζουσι
857 5339 1106 5408 μέρεσιν·
1155 5340 1292 5394 ἀλλὰ
1331 5342 1392 5414 δὴ
1441 5344 1533 5397 καὶ
1581 5348 1681 5398 αὐτ

1910 5342 2322 5410 istralibusque,
2354 5352 2466 5394 tum
2507 5356 2634 5395 vero
2681 5342 2846 5396 etiam
2889 5341 3035 5396 illius
3069 5343 3289 5406 circuli,
3339 5345 3427 5412 qui

169 5429 267 5482 τοῦ
303 5427 676 5490 ὑποτείνοντος
731 5429 821 5480 τὸν
873 5430 1146 5486 Ζωδιακὸν
1197 5434 1419 5488 κύκλον.
1485 5435 1595 5488 Καὶ
1641 5455 1687 5504 γι

1915 5433 2142 5488 ιι¹ἰιιοιιιιι
2173 5431 2477 5499 subtendit,
2505 5431 2759 5502 partibus
2787 5431 3168 5488 admoventur.
3202 5433 3433 5502 Obliqne

173 5521 506 5582 ἐλικοιειδῶς
536 5523 595 5574 ἐν
628 5521 775 5590 αὐτῷ
808 5523 1104 5588 κινοῦνται,
1151 5526 1432 5590 κατιόντες
1487 5529 1590 5583 ἀπὸ
1641 5532 1691 5583 τί

1915 5527 2000 5578 ιίΙιΙ
2049 5533 2100 5578 et
2133 5523 2373 5580 ﬂexuose
2421 5525 2472 5578 in
2513 5541 2580 5578 eo
2619 5541 2648 5577 a
2687 5523 3001 5581 borealibus
3057 5525 3124 5580 ad
3167 5527 3433 5580 australes

167 5612 402 5686 βφρείων
430 5611 520 5663 ἐπὶ
550 5611 620 5663 τὰ
656 5613 806 5664 νότια
827 5631 840 5644 ο
895 5613 1149 5668 κάκεῖθεν
1180 5617 1341 5670 πάλιν
1379 5619 1618 5682 ἀνιόντες
1656 5623 1677 5670 ἑ

1916 5627 2040 5670 n-Ies
2089 5617 2254 5688 290
2301 5617 2706 5684 descendendo,
2752 5625 2806 5672 et
2837 5620 2964 5675 hinc
3009 5635 3203 5676 rursus
3232 5619 3295 5672 ad
3342 5619 3434 5672 bo-

158 5706 228 5758 »..1'.
261 5707 480 5773 βόρειν
513 5703 603 5755 καὶ
631 5703 771 5758 οὕτω
801 5705 936 5776 (καὶ)
967 5706 1056 5762 τὸν
1101 5709 1321 5780 ἡλιακὸν
1373 5713 1676 5782 παραμεὶϐι

1920 5709 2031 5760 ales
2063 5709 2435 5776 ast-cudendo,
2463 5709 2648 5782 itaque
2683 5713 2916 5768 solarem
2945 5711 3306 5783 permutando
3329 5711 3437 5768 cir-

163 5814 251 5838 την

169 5836 273 5854 uag-

1929 5799 2037 5852 lum
2073 5809 2378 5854 moventur.
3441 5801 3443 5804 ’

237 5994 278 6024 ⁵³
307 5991 510 6048 Cleom.
547 5990 640 6050 lib.
673 6005 730 6060 ιι,
769 6007 820 6049 c.
853 5995 903 6050 4.
1005 5993 1052 6027 ³ο
1075 5994 1194 6052 Juv.
1223 5993 1380 6052 Pent.
1419 5995 1510 6050 lib.
1546 6011 1583 6050 ιι
1611 5993 1675 6051 de
1704 6011 1715 6052 ι

1546 6011 1583 6050 ιι
1611 5993 1675 6051 dc
1704 6011 1840 6062 r.c.,
1874 6010 1927 6066 p.
1963 5993 2081 6050 1‘28.
2162 5991 2206 6025 ⁵⁸
2233 5987 2442 6050 Cleom.
2474 5991 2510 6050 ι.
2539 5987 2582 6062 ἰ,
2685 5993 2740 6049 4.
2817 5997 2860 6028 ⁸³
2897 5993 3036 6051 ibid.
