3832 6360
434 399 568 461 i239

1625 424 2050 486 NlCEPliUK‘l
2093 427 2514 489 BLEMMIDA’.

3544 425 3676 488 12m

503 516 588 572 iii.
623 519 769 570 Luna
803 522 956 587 proin
1003 523 1049 554 “
1077 525 1196 590 plus
1227 527 1348 584 aliis
1398 532 1572 590 stellis
1611 539 1925 592 errantibus
1964 553 1992 590 a

2172 540 2268 604 ις’.
2289 540 2350 594 Ἦ
2379 542 2480 611 μὲν
2501 541 2594 595 οὖν
2623 541 2823 612 σελήνη
2863 541 3026 595 πλέον
3044 539 3152 592 τῶν
3191 538 3364 591 ἀλλων
3387 536 3678 605 πλανήτων

432 607 610 664 medio
635 621 689 665 et
717 613 880 667 solari
914 614 1169 691 [circnio]
1200 623 1453 680 recedere
1479 627 1702 696 dicitur,
1730 631 1859 685 dum
1911 648 1996 686 er-

431 703 604 756 ratico
639 718 740 757 suo
772 716 920 760 motu
956 710 1023 762 ad
1063 710 1312 774 boreales
1348 724 1402 770 et
1451 721 1719 776 australes
1761 722 1999 779 Zodiaco

429 794 704 860 subiectas
753 810 932 867 partes
964 805 1197 861 accedit.
1233 806 1370 864 liinc
1408 810 1590 868 Venus
1631 815 1891 885 utrinque
1931 819 1996 871 ad

429 899 611 954 partes
640 892 901 964 quinque,
925 895 1231 957 Mercurius
1263 903 1330 957 ad
1364 916 1615 976 quatuor;
1649 908 1791 964 Mars
1819 919 1871 965 et
1901 911 1999 965 Ju-

431 982 568 1048 piter
602 982 665 1038 ad
695 984 834 1042 duas
883 1004 1009 1044 cum
1067 993 1330 1060 semisse,
1389 999 1660 1056 Saturnus
1714 1003 1779 1055 ad
1834 1019 1996 1057 unam

426 1082 657 1142 partem.

500 1279 590 1334 t7.
623 1280 854 1349 Quando
887 1286 1053 1356 igitur
1083 1288 1132 1322 δι
1177 1291 1408 1361 planetae
1439 1309 1468 1349 a
1514 1295 1720 1352 boreali
1750 1299 1958 1355 circulo
1978 1342 1994 1365 ,

427 1383 489 1440 ut
541 1375 608 1428 ad
691 1379 930 1434 medium
1005 1381 1277 1461 feruntur,
1357 1386 1667 1444 sublimiter
1725 1392 1991 1461 deprimi;

425 1466 649 1530 quando
675 1479 854 1523 autem
889 1471 1066 1526 medio
1097 1453 1404 1543 permutato
1427 1477 1493 1531 ad
1521 1453 1813 1536 australem
1845 1453 2000 1537 acce-

428 1555 586 1624 dunt,
620 1559 900 1614 humiliter
921 1561 1184 1632 deprimi;
1215 1577 1405 1622 contra
1439 1583 1504 1624 ex
1531 1571 1756 1626 australi
1793 1572 1858 1626 ad
1891 1589 2002 1628 me-

426 1650 579 1704 ilium
635 1651 1096 1722 proﬁciscentes,
1150 1657 1434 1715 humiliter
1488 1663 1661 1718 attolli
1722 1680 1740 1732 ;
1789 1674 1845 1720 at
1873 1681 1999 1721 cum

430 1742 669 1797 medium
716 1748 1058 1814 praetervecti
1107 1749 1174 1803 ad
1208 1749 1479 1808 borealem
1523 1756 1998 1826 appropinquant,

427 1833 736 1891 sublimiter
762 1837 936 1892 attolli
971 1839 1255 1897 dicuntur.
1304 1843 1519 1899 Accidit
1549 1846 1694 1900 enim
1722 1859 1781 1902 ut
1811 1848 2002 1903 borea-

429 1930 507 1982 les
533 1929 547 1943 '
567 1929 778 1985 zodiaci
811 1939 995 2000 partes
1025 1932 1166 2000 apud
1202 1949 1300 1989 nos
1326 1935 1650 1991 attollantur
1675 1955 1692 2004 ;
1730 1940 2000 2001 australes

426 2030 648 2090 autem,
692 2023 971 2080 horizonti
1033 2029 1318 2096 propiores
1367 2029 1677 2098 videantur,
1710 2041 2000 2102 propterea

426 2117 572 2182 quod
609 2117 847 2174 mundus
881 2134 910 2174 a
953 2120 1269 2176 borealibus
1297 2123 1367 2178 ad
1408 2123 1674 2180 australes
1704 2134 1888 2194 partes
1918 2125 1997 2181 in-

426 2209 663 2265 clinatus
689 2209 760 2265 sit
790 2210 846 2265 in
878 2216 1013 2268 orbe
1061 2212 1368 2280 liabitabili,
1413 2229 1574 2286 quem
1621 2231 1718 2271 nos
1750 2217 2000 2271 novimus

425 2315 476 2355 i't
503 2303 815 2361 incolimus.

497 2418 582 2474 i8.
618 2417 1048 2475 Conformantur
1073 2421 1120 2456 η
1143 2436 1309 2492 porro
1346 2423 1416 2478 ad
1473 2437 1592 2480 sese
1630 2423 1864 2480 invicem
1886 2424 2002 2493 pla—

429 2523 567 2568 ncta:
629 2517 874 2585 quinque
934 2517 1466 2588 contigurationibus
1510 2537 1526 2575 :
1567 2518 2000 2588 conjunctione,

427 2609 776 2678 sexangulari
825 2608 1100 2683 [sextili],
1151 2612 1577 2682 quadrangulari
1641 2611 1997 2685 [quadrato],

429 2701 746 2771 triangulari
783 2701 1000 2776 [trino],
1045 2713 1100 2760 et
1131 2705 1456 2761 dimetiente
1503 2705 1662 2776 291
1699 2706 2000 2779 [Opposito]

427 2802 675 2864 aspectu.
728 2796 863 2851 Cum
921 2797 1068 2853 enim
1129 2797 1391 2855 zodiacus
1427 2799 1479 2853 iu
1534 2799 1820 2854 duodecim
1875 2816 2001 2870 seg-

431 2893 635 2952 menta,
683 2904 806 2958 quae
838 2888 1002 2943 etiam
1039 2889 1199 2961 signa
1239 2902 1529 2956 vocantur,
1565 2891 1776 2946 divisus
1817 2891 1912 2955 sit,
1947 2901 2002 2947 et

429 2995 621 3036 rursus
644 2981 927 3051 quodlibet
947 2995 1285 3054 segmentum
1314 2984 1367 3039 in
1400 2985 1622 3054 triginta
1652 2994 1837 3054 partes
1853 2983 2004 3052 [gra-

425 3077 592 3143 tius];
628 3077 820 3144 sicque
871 3076 1034 3131 etiam
1069 3077 1256 3132 circuli
1290 3077 1394 3132 sub
1441 3078 1688 3144 zodiaca,
1713 3077 1768 3132 in
1801 3078 2004 3147 quibus

429 3170 659 3235 planetae
699 3181 1007 3236 moventur,
1043 3170 1364 3226 dividantur
1397 3187 1413 3226 :
1448 3171 1667 3240 quando
1690 3170 1810 3224 duae
1834 3170 2002 3225 stellae

2103 631 2416 704 ἀποχωρεῖν
2464 635 2682 702 λέγεται
2727 633 2822 688 τοῦ
2867 634 3035 704 μέσου
3092 633 3184 685 καὶ
3231 629 3481 700 ήλιακοῦ,
3537 631 3680 683 κατὰ

2100 723 2198 794 τὴν
2238 725 2580 798 πλανητικὴν
2622 727 2791 797 αὐτῆς
2821 727 3058 797 κίνησιν,
3111 725 3414 795 προσιοῦσα
3459 723 3580 785 τοῖς
3620 738 3681 774 τε

2105 816 2360 885 βορείοις,
2405 821 2503 873 καὶ
2559 822 2674 883 τοῖς
2705 822 2928 884 νοτίοις,
2959 821 3072 882 τοῖς
3120 818 3226 872 ὑπὸ
3264 818 3354 871 τὸν
3381 815 3678 870 Ζωδιακόν.

2101 908 2259 961 Μετὰ
2301 910 2507 980 ταύτην
2549 914 2581 981 ή
2621 911 2911 982 Ἀφροδίτη
2964 911 3268 982 ἑκατέρωθι
3313 911 3417 964 ἀνὰ
3484 907 3680 978 μοίρας

2101 1001 2307 1054 πέντε·
2371 1002 2580 1075 Ἐρμῆς
2625 1006 2681 1058 δὲ
2739 1005 2843 1058 ἀνὰ
2899 1006 3209 1074 τέσσαρας·
3245 1006 3419 1072 Ἀρης
3474 1003 3533 1055 δὲ
3591 989 3679 1054 καὶ

2103 1095 2236 1158 Ζεὺς
2267 1097 2370 1150 ἀνὰ
2403 1099 2498 1151 δύο
2545 1101 2639 1152 καὶ
2682 1099 2855 1171 ἥμισυ
2908 1099 3105 1172 μοίρας
3147 1099 3319 1170 μιᾶς·
3363 1097 3574 1166 Κρόνος
3623 1093 3679 1147 δὲ

2102 1188 2206 1240 ἀνὰ
2242 1191 2440 1259 μοῖραν
2467 1191 2618 1261 μίαν.

2177 1297 2264 1361 ιζ’.
2317 1298 2552 1356 Ὀπόταν
2573 1301 2670 1356 οὖν
2691 1304 2741 1356 οι
2764 1303 3039 1372 πλάνητες
3057 1303 3166 1356 ἀπὸ
3202 1300 3299 1355 τοῦ
3330 1299 3548 1371 βορείου
3581 1298 3677 1352 x5-

2101 1390 2232 1444 κλου
2253 1389 2326 1454 ώς
2340 1392 2433 1445 ἐπὶ
2449 1392 2540 1446 τδν
2558 1394 2728 1462 μέσον
2745 1394 3163 1465 φέροιντοῶφος
3180 1393 3436 1448 ταπεινοῦ
3446 1393 3574 1445 σθαι
3595 1394 3676 1445 λέ.

2102 1500 2289 1552 γονται
2311 1501 2326 1516 ο
2357 1486 2556 1540 ὁπόταν
2573 1488 2632 1541 δὲ
2653 1489 2747 1541 τὸν
2767 1488 2933 1556 μέσον
2957 1486 3404 1556 παραλλάξαντες
3423 1485 3500 1553 τῷ
3519 1487 3677 1555 νοτίῳ

2103 1580 2477 1649 προσχωροῑεν
2507 1580 2836 1652 ταπείνωμα
2864 1579 3273 1634 ταπεινοῦσθαι·
3308 1581 3372 1632 ὲκ
3385 1577 3490 1632 τοῦ
3507 1578 3677 1631 νοτίου

2100 1667 2158 1720 δὲ
2193 1669 2484 1739 φερόμενοι
2508 1673 2648 1741 πρὸς
2667 1672 2760 1726 τὸν
2781 1672 2948 1742 μέσον
2969 1711 2985 1736 ,
3031 1673 3361 1742 ταπείνωμα
3414 1669 3677 1742 ὑψοζσθαι

2101 1761 2352 1831 λέγονται
2379 1780 2394 1795 ·
2432 1763 2652 1819 ἐπειδὰν
2681 1765 2740 1822 δὲ
2781 1766 2875 1819 τὸν
2903 1768 3068 1838 μέσον
3096 1764 3433 1836 ἀμείψαντες
3483 1763 3565 1834 τῷ
3593 1761 3676 1832 βοο

2032 1889 2082 1950 Β
2111 1855 2239 1926 ρείῳ
2263 1856 2579 1950 πελάζοιεν,
2614 1857 2751 1950 ὕψος
2781 1857 3074 1928 ὑψοῦσθαι.
3104 1857 3432 1928 Συμσέσηκε
3467 1857 3578 1927 γὰρ
3610 1857 3677 1950 τα

2081 1974 2087 1980 -
2112 1947 2211 2014 μὲν
2259 1947 2446 2018 βόρεια
2477 1948 2571 2003 τοῦ
2605 1949 2884 2006 Ζωδιακοῦ
2938 1951 3063 2006 καθ’
3091 1952 3238 2022 ἡμᾶς
3297 1952 3393 2004 ἰπὶ
3422 1950 3562 2003 πολὺ
3585 1949 3678 2003 τοῦ

2106 2039 2377 2108 ὁρίζοντος
2407 2041 2635 2114 ἐξῆρθαι
2656 2059 2672 2076 ·
2709 2045 2779 2099 τὰ
2818 2044 2877 2099 δὶ
2915 2047 3068 2100 νότια
3091 2043 3461 2115 πλησιαίτερα
3487 2043 3680 2112 φαίνε-

2108 2132 2330 2205 σθαιτῷ
2357 2133 2616 2206 ὁρίζοντι,
2643 2137 2734 2192 διὰ
2753 2137 2815 2192 τὸ
2841 2139 3199 2207 ἐγκεκλίσθαι
3221 2137 3313 2192 τὸν
3341 2137 3546 2208 κόσμον
3570 2137 3677 2192 ἀπὸ

2105 2225 2216 2278 τῶν
2253 2225 2484 2298 βορείων
2527 2229 2622 2282 ἰπὶ
2671 2229 2742 2284 τὰ
2770 2229 2945 2296 νότια,
2998 2230 3120 2284 καθ’
3157 2229 3223 2300 ἣν
3250 2229 3477 2296 οἴδαμεν
3505 2230 3678 2281 οἰκου-

2111 2317 2301 2388 μένην.

2185 2433 2275 2504 ιη¹.
2308 2433 2749 2506 Σχηματίζονται
2776 2436 2834 2490 δὶ
2863 2437 3002 2507 πρὸς
3033 2437 3301 2507 ἀλλήλους
3339 2437 3386 2489 ot
3410 2435 3682 2505 πλάνητες

2108 2529 2273 2581 πέντε
2303 2533 2711 2602 σχηματισμοῖς
2735 2547 2752 2564 ο
2781 2531 2985 2602 συνόδῳ
3016 2529 3300 2600 δξαγώνῳ,
3331 2527 3682 2598 τετρατώνφι

2107 2621 2362 2694 τριγώνῳ
2383 2625 2476 2677 καὶ
2499 2624 2914 2695 διαμέτρῳ.Τοῦ
2931 2624 3040 2695 γὰρ
3059 2621 3330 2688 ζωδιακοῦ
3353 2623 3512 2693 διῃρη
3522 2621 3682 2690 μένου

2109 2717 2188 2777 είς
2249 2715 2516 2786 τμήματα
2578 2714 2667 2787 ιβ’,
2695 2717 2765 2770 τὰ
2793 2717 2887 2772 καὶ
2915 2711 3085 2782 coam
3116 2715 3436 2784 κεκλημένα
3459 2715 3553 2766 καὶ
3577 2712 3682 2765 τῶν

2107 2807 2414 2877 τμημάτων
2443 2806 2678 2862 ἑκάστου
2703 2809 2867 2864 πάλιν
2882 2810 2963 2872 εἰς
2982 2810 3279 2878 τριάκοντα
3311 2805 3527 2877 μοίρας·
3544 2802 3683 2856 οὕτω

2107 2899 2165 2952 δὲ
2197 2901 2294 2954 καὶ
2319 2899 2431 2953 τῶν
2466 2901 2574 2954 ὑπὸ
2601 2900 2695 2954 τδν
2726 2899 2996 2966 ζωδιακὸν
3034 2899 3254 2955 κύκλων
3283 2895 3684 2969 διαιρουμένων

2108 2992 2194 3059 έφ⁸
2227 2991 2320 3055 οὒς
2347 2993 2396 3046 ot
2438 2993 2715 3063 πλάνητες
2760 2993 3020 3062 φέρονται
3048 3009 3064 3024 ο
3097 2993 3302 3047 ὁπόταν
3331 2991 3424 3045 δύο
3455 2990 3684 3060 ἀστέρες

2109 3086 2214 3139 ὑπὸ
2241 3087 2340 3158 τὴν
2369 3087 2539 3158 αὐτὴν
2569 3091 2765 3159 μοῖραν
2791 3086 2885 3140 τοῦ
2911 3084 3076 3140 αὐτοῦ
3099 3085 3294 3150 ζωδίου
3321 3084 3686 3154 εὑρίσκοιντο,

2113 3177 2417 3232 συνοδεύειν
2463 3178 2750 3246 λέγονται·
2786 3178 2856 3233 ἂν
2910 3179 2955 3231 δ’
3003 3179 3032 3230 ό
3069 3177 3166 3247 μὶν
3216 3175 3323 3230 ὑπό
3354 3193 3407 3230 τι
3465 3175 3693 3246 φέροιτο

427 3261 528 3314 sub
557 3260 803 3331 ejusdem
837 3263 978 3332 signi
1007 3263 1202 3317 eadem
1240 3272 1396 3333 parte
1436 3265 1810 3333 reperiuntur,
1851 3263 2001 3318 coire

2113 3268 2318 3333 ζώδιον,
2348 3270 2376 3322 ό
2425 3269 2470 3323 δ’
2497 3269 2686 3341 ἔτερος
2739 3269 2844 3322 ὐπδ
2891 3269 3085 3323 τδάπ*
3125 3267 3293 3322 αὐτοῦ
3343 3266 3528 3336 τρίτον
3580 3264 3690 3318 ὑπὸ

427 3353 776 3427 hoojungi];
813 3359 1031 3425 quando
1061 3366 1244 3412 autem
1277 3372 1382 3411 una
1429 3357 1650 3426 quidem
1688 3356 1788 3411 sub
1816 3355 2003 3424 aliquo

430 3447 603 3501 fertur
653 3447 845 3517 signo,
898 3449 1068 3503 altera
1127 3457 1309 3503 autem
1351 3448 1454 3502 sub
1489 3448 1651 3504 tertio
1697 3446 1900 3502 abhinc
1946 3447 2002 3501 in

431 3541 622 3595 iisdem
661 3542 933 3611 partibus,
983 3543 1400 3611 sexangularem
1461 3551 1744 3612 aspectum
1803 3541 2004 3594 habere

360 3683 368 3694 ,
427 3633 713 3687 dicuntur.
738 3631 872 3688 Nam
901 3635 1078 3689 sexies
1105 3635 1237 3699 duo,
1271 3644 1400 3689 sunt
1428 3634 1739 3690 duodecim.
1795 3633 2002 3703 Estque

427 3724 662 3782 duorum
697 3728 981 3795 signorum
1012 3727 1422 3791 intervallum,
1470 3728 1755 3796 sexanguli
1807 3727 1993 3783 latus:

427 3820 892 3888 quemadmodum
941 3821 1132 3887 trium,
1164 3823 1525 3892 quadranguli
1579 3823 1797 3892 (quater
1852 3822 2000 3877 enim

425 3912 553 3978 tria,
592 3923 722 3969 sunt
755 3914 1094 3986 duodecim).
1124 3916 1190 3969 At
1224 3925 1466 3986 quatuor
1498 3913 1800 3986 [signorum
1829 3915 2002 3970 inter-

425 4005 657 4079 vallum]
688 4007 946 4078 trianguli
986 4009 1210 4078 tetenim
1251 4019 1331 4064 ter
1361 4017 1602 4078 quatuor
1637 4017 1766 4063 sunt
1797 4009 2004 4063 duode-

423 4099 580 4171 cini);
613 4110 670 4154 at
703 4115 802 4157 sex
845 4101 1130 4172 signorum
1173 4101 1534 4158 interstitium
1575 4110 1679 4167 est,
1711 4101 2002 4166 diameter;

424 4193 517 4262 qui
572 4194 625 4247 in
655 4193 895 4262 aequales
915 4192 1181 4250 circulum
1224 4204 1406 4265 partes
1433 4195 1647 4250 dividit.
1671 4193 1808 4250 Cum
1841 4193 2007 4265 igitur

425 4285 571 4336 inter
615 4283 860 4338 medium
887 4285 1120 4342 duarum
1149 4287 1434 4343 stellarum
1457 4286 1804 4342 intervallum
1843 4285 2008 4370 fuerit

425 4376 664 4444 partium
697 4377 978 4447 sexaginta
1005 4415 1020 4443 ,
1047 4381 1466 4450 sexangularem
1499 4379 1669 4436 stellae
1696 4379 2004 4448 configura-

2109 3362 2209 3421 τὰς
2233 3362 2406 3426 αὑτὰς
2437 3361 2658 3431 μοίρας,
2683 3360 3057 3429 ὲξαγωνίζιιν.
3095 3359 3315 3423 Ἐεάκις
3341 3359 3449 3429 γὰρ
3481 3358 3548 3410 τὰ
3593 3356 3692 3408 δύο

2110 3456 2366 3519 διώδεκα,
2399 3456 2494 3509 καὶ
2519 3455 2634 3508 ἔστι
2670 3455 2951 3524 διάστημα
2989 3453 3096 3507 τῶν
3115 3453 3211 3506 δύο
3235 3452 3444 3517 ζωδίων
3473 3449 3691 3517 ἑξαγώ-

2111 3567 2204 3605 νου
2239 3549 2450 3618 πλευρα
2477 3546 2668 3617 ὥσπερ
2687 3546 2798 3599 τῶν
2825 3546 2994 3617 τριῶν
3017 3545 3386 3615 τετραγώνου.
3412 3543 3690 3613 Τετράκις

2111 3643 2222 3712 γὰρ
2246 3643 2315 3695 τὰ
2348 3643 2474 3711 τρία
2524 3637 2755 3694 δώδεκα.
2788 3639 2910 3692 Τῶν
2945 3638 3002 3692 δὲ
3036 3637 3340 3707 τεσσάρων,
3391 3635 3689 3706 τριγώνου.

2111 3733 2245 3804 Τρὶς
2288 3734 2398 3804 γὰρ
2429 3733 2498 3784 τὰ
2530 3731 2774 3802 τέσσαρα
2806 3728 3043 3782 δώδεκα·
3075 3729 3186 3782 τῶν
3217 3728 3263 3782 δ’
3294 3728 3354 3792 ἓξ
3391 3727 3602 3792 ζωδίων
3631 3729 3693 3780 τὸ

2108 3825 2387 3896 διάστημα
2447 3824 2762 3893 διάμετρος,
2791 3823 2873 3884 εις
2909 3822 3000 3874 ῑσα
3030 3819 3318 3889 διαιροῦσα
3345 3820 3439 3874 τὸν
3463 3819 3690 3873 κύκλον.

2113 3921 2286 3973 Ὅταν
2323 3914 2418 3972 οὖν
2469 3910 2674 3987 μεταξὺ
2724 3915 2820 3968 δύο
2851 3913 3101 3984 ἀστέρων
3129 3912 3410 3982 διάστημα
3441 3911 3527 3981 εἴη
3575 3928 3696 3979 μοι-

2117 4013 2227 4082 ρῶν
2254 4013 2540 4081 ἐξήκοντα,
2577 4007 2999 4076 ἐξαγωνίζουσιν
3035 4006 3302 4075 ἀλλήλους
3337 4006 3389 4058 oi
3418 4003 3657 4073 ἀστέρες
3677 4017 3692 4032 ·

2112 4107 2245 4158 ὅταν
2273 4104 2332 4157 δὲ
2372 4101 2581 4172 μοιρῶν
2621 4100 2968 4170 ἐνενήκοντα,
2995 4096 3524 4167 τετραγωνίζουσινο
3557 4097 3694 4147 ὃταν

2115 4194 2172 4248 δὲ
2209 4195 2413 4264 μοιρῶν
2447 4192 2620 4246 εῐκοσι
2669 4191 2805 4259 πρὸς
2847 4189 2970 4249 ταῖς
3015 4186 3227 4248 ἑκατὸν,
3263 4182 3693 4256 τριγωνίζουσι·

2113 4290 2243 4342 ὅταν
2287 4285 2332 4339 δ’
2368 4285 2700 4354 ὀγδοήκοντα
2754 4281 2894 4352 πρὸς
2925 4281 3046 4341 ταῖς
3086 4279 3305 4346 ἑκατὸν,
3356 4277 3694 4348 διαμετροῦο

2115 4396 2145 4432 σ
2153 4395 2220 4432 ιν.

427 4471 675 4536 tionem;
713 4483 836 4522 cum
895 4484 1078 4526 autem
1128 4474 1427 4542 nonaginta
1486 4471 1655 4526 fuerit
1713 4471 1951 4540 partium
1987 4510 2003 4535 ,
2044 4467 2546 4541 quadrangularem
2573 4480 2590 4530 ;
2622 4479 2748 4519 cum
2785 4471 3005 4518 centum
3039 4468 3096 4517 et
3158 4461 3397 4532 νίαἰιιιίν-
3441 4459 3699 4529 triangu-

429 4565 637 4634 larem;
688 4583 811 4624 cum
840 4576 1054 4622 centum
1097 4577 1153 4620 et
1195 4564 1466 4634 oetoginta
1488 4602 1504 4628 ,
1544 4564 1868 4619 diametrum
1900 4563 2125 4620 faciunt.

500 4682 588 4737 l9.
640 4685 717 4738 Ac
765 4683 1042 4737 Saturnus
1079 4680 1328 4750 quidem,
1380 4689 1435 4734 et
1463 4677 1693 4748 Jupiter,
1729 4689 1788 4734 et
1823 4678 1967 4735 Mars
1994 4719 2010 4746 ,
2045 4678 2089 4733 D

428 4773 590 4845 292
614 4783 668 4830 et
705 4775 832 4828 luna
861 4774 910 4806 “
937 4773 1085 4828 omni
1114 4772 1548 4840 conﬁguratione
1577 4771 1643 4826 ad
1677 4774 1846 4828 solem
1877 4771 2010 4840 figu-

427 4879 641 4923 rantur.
675 4867 756 4922 Ad
807 4866 1041 4938 quodvis
1072 4865 1218 4920 enim
1253 4864 1323 4920 ab
1354 4881 1421 4921 eo
1467 4865 1814 4920 intervallum
1852 4880 2010 4920 sece-

2188 4681 2272 4733 ιθ’.
2338 4679 2379 4732 ὁ
2412 4677 2512 4746 μὲν
2558 4670 2652 4730 οὖν
2698 4673 2908 4745 Κρόνος
2943 4674 3040 4730 καὶ
3079 4673 3107 4725 ό
3135 4671 3274 4735 Ζεὺς
3325 4670 3419 4723 καὶ
3455 4672 3483 4724 ό
3516 4673 3699 4741 Ἀρης

2108 4776 2205 4827 καὶ
2239 4775 2270 4842 ή
2325 4771 2550 4839 σελήνη,
2597 4767 2778 4822 πάντα
2820 4765 3212 4838 σχηματισμὸν
3251 4765 3697 4834 σχηματίζονται

2108 4867 2248 4937 πρὸς
2283 4865 2374 4918 τδν
2404 4865 2575 4936 ἥλιον.
2615 4861 2966 4930 Ἀφίστανται
2996 4859 3100 4928 γὰρ
3137 4856 3415 4928 διάστημα
3453 4857 3562 4908 πᾶν
3596 4859 3700 4909 ἀπ’

430 4965 588 5016 dunt.
623 4961 689 5016 At
718 4960 906 5016 Venus
953 4967 1008 5013 et
1055 4957 1356 5014 Mercurius
1434 4972 1541 5012 non
1597 4958 1662 5012 ad
1693 4956 1928 5027 quodvis
1978 4973 2003 5011 a

2113 4957 2294 5012 αὐτοῦ.
2332 4956 2398 5010 Ἠ
2431 4955 2477 5010 δ’
2517 4952 2813 5025 Ἀφροδίτη
2853 4952 2948 5005 καὶ
2982 4953 3010 5004 ό
3049 4949 3259 5022 Ἐρμῆς
3298 4951 3397 5004 οὐκ
3425 4950 3702 5019 ἀφίσταν-

429 5057 544 5110 sole
578 5056 924 5111 intervallum
958 5054 1204 5122 abeuntf;
1233 5053 1326 5124 sed
1358 5053 1665 5108 Mercurius
1694 5052 1913 5120 quidem
1940 5051 2003 5104 ad

2113 5068 2197 5104 ται
2229 5048 2325 5103 τοῦ
2359 5048 2516 5119 ἡλίου
2553 5047 2830 5115 διάστημα
2859 5043 2970 5096 πᾶν
2993 5058 3008 5073 ·
3047 5033 3164 5096 ἀλλ⁶
3191 5045 3219 5095 ό
3249 5041 3349 5112 μὲν
3387 5042 3603 5110 Ἐρμῆς
3633 5044 3698 5095 τὸ

428 5165 702 5204 summum
721 5189 736 5213 ,
757 5149 951 5217 viginti
983 5145 1445 5218 partibus,Venus
1465 5160 1597 5202 vero
1614 5145 1678 5199 ad
1705 5159 2002 5206 summum,

2113 5143 2367 5196 πλεῖστον
2389 5140 2595 5210 μοιρῶν
2615 5139 2821 5192 εῑκοσιν
2841 5152 2855 5168 ·
2883 5139 2916 5208 ὴ
2942 5135 2986 5188 δ’
3026 5133 3323 5205 Ἀφροδίτη
3345 5134 3404 5188 τὸ
3434 5135 3700 5188 πλεῖστον

430 5243 671 5307 partibus
702 5244 1120 5314 quinquaginta.

2114 5235 2323 5307 μοιρῶν
2354 5235 2714 5302 πεντήκοντα.

496 5359 587 5413 20.
641 5355 1101 5427 Conjunctionem
1152 5365 1332 5410 autem
1396 5369 1520 5410 cum
1580 5353 1697 5408 sole
1743 5352 1949 5407 faciunt
1987 5391 2003 5416 ,

2182 5356 2253 5405 κ’.
2285 5347 2514 5401 Σύνοδον
2560 5346 2617 5399 δὲ
2649 5344 2786 5412 πρὸς
2816 5342 2969 5415 ἥλιον
3015 5339 3299 5407 ποιοῦνται
3346 5340 3560 5409 Κρόνος
3591 5340 3698 5410 μὲν

437 5451 712 5503 Saturnus
749 5450 994 5518 quidem,
1053 5447 1313 5503 trecentis
1374 5457 1430 5500 et
1478 5445 1824 5515 septuaginta
1878 5455 2003 5497 octo

2113 5444 2182 5498 δι’
2209 5441 2434 5513 ἡμερῶν
2486 5439 2630 5492 ὀκτὼ
2666 5438 2762 5490 καὶ
2791 5435 3162 5505 ἑϐδομήκοντα
3194 5433 3331 5502 πρὸς
3375 5432 3498 5491 ταῖς
3531 5447 3697 5501 τρια-

429 5543 646 5606 diebus,
686 5539 897 5612 Jupiter
947 5541 1208 5597 trecentis
1240 5553 1292 5593 et
1325 5539 1620 5610 nonaginta
1674 5549 1822 5599 octo,
1861 5540 2003 5595 Mars

2114 5537 2328 5596 κοσίαις
2351 5548 2363 5563 ο
2395 5529 2527 5593 Ζεὺς
2557 5529 2614 5582 δὲ
2652 5527 2720 5580 δι’
2749 5525 2897 5578 ὀκτὼ
2923 5525 3016 5576 καὶ
3040 5523 3369 5592 ἐνενήκοντα
3397 5520 3534 5590 ¹πρὸς
3566 5523 3700 5585 ταῖς

432 5633 791 5702 διοριὶιιεοιιιὶε
815 5641 870 5687 et
898 5634 1192 5702 octoginta,
1222 5629 1400 5685 Venus
1429 5630 1745 5700 quingentis
1773 5639 1827 5683 et
1850 5639 2003 5682 octo-

2113 5614 2493 5695 τριακοσίαις·
2536 5622 2709 5691 Ἀρης
2753 5619 2808 5672 δὲ
2869 5617 2936 5671 δι’
2989 5617 3321 5686 ὀγδοήκοντα
3372 5614 3507 5684 πρὸς
3569 5616 3702 5677 ταῖς

427 5730 575 5800 ginta
636 5736 895 5796 quatuor,
937 5723 1240 5780 Mercurius
1283 5733 1503 5779 centum
1566 5731 1619 5778 et
1669 5725 1902 5790 decem;
1948 5732 2002 5775 ct

2113 5722 2469 5782 ἑπτακοσίαις
2497 5733 2511 5749 ·
2553 5713 2843 5785 Ἀφροδίτη
2871 5713 2926 5767 δὲ
2966 5711 3053 5764 διὰ
3081 5710 3365 5780 τεσσάρων
3389 5708 3484 5762 καὶ
3498 5707 3703 5780 ὀγδοήο

515 5907 780 5962 "Cleom.
821 5906 856 5960 ι.
920 5922 978 5974 ιι,
1005 5924 1049 5960 c.
1095 5907 1143 5960 7.
1225 5905 1269 5935 “
1305 5902 1452 5961 Ibid.
1483 5919 1530 5958 c.
1566 5902 1617 5960 4.
1696 5904 1740 5936 δ’
1765 5903 1884 5960 Jov.
1909 5900 2063 5955 Pont.
2098 5901 2194 5955 lib.
2230 5917 2242 5954 ι
2273 5900 2339 5956 dc
2375 5916 2416 5952 r.
2454 5915 2529 5968 c.,
2571 5913 2618 5971 p.
2663 5897 2787 5952 108.
2866 5893 2909 5925 ⁵⁸
2939 5893 3146 5950 Cleom.
3179 5890 3272 5946 lib.
3309 5905 3372 5955 ιι,
3398 5904 3449 5944 c.
3497 5888 3552 5944 7.
