3832 6360
205 330 330 395 1257

1424 332 1706 393 ΕΡΙΊῸΜ
1720 330 1764 390 Ε
1802 329 1899 390 ΡΠ
1912 328 2117 388 YSlCA
2131 373 2150 393 .

3316 326 3455 391 1258

257 444 325 513 γ’.
354 443 608 498 εἰαὶνεται
644 440 777 512 γοῦν
807 442 1059 500 ἐντεῦθεν
1098 445 1172 516 μὴ
1202 448 1323 500 κατ’
1365 448 1669 519 ἀνάκλησιν
1700 450 1762 499 ἐκ

1940 446 1994 499 5.
2027 446 2269 513 Apparet
2300 441 2466 513 igitur
2500 441 2629 498 hinc
2652 483 2666 505 ,
2711 456 2821 497 non
2856 455 2952 512 per
3000 437 3387 495 reiractionen:
3425 456 3456 493 a

195 536 288 607 τῆς
314 537 546 607 σελήνης
580 532 723 590 εῖναι
748 535 810 589 τὺ
846 536 986 606 φῶς,
1021 537 1154 592 ἀλλὰ
1189 542 1311 593 κατ’
1342 539 1581 609 ἰδιότητα.
1612 541 1764 610 δεχο-

198 632 358 702 μένης
394 630 569 699 αὐτῆς
614 631 715 695 τὰς
767 631 1003 698 ἡλιακὰς
1058 634 1288 698 ἀκτῖνας
1323 635 1401 697 εἰς
1436 632 1625 705 βάθος,
1660 635 1763 687 οὐκ

196 724 269 788 είς
291 724 458 794 μόνην
506 724 606 795 τὴν
629 725 959 794 ἐπιφάνειαν
978 743 993 759 ·
1020 725 1193 791 οὕτως
1223 728 1283 792 ἐξ
1307 727 1480 798 αὐτῆς
1506 729 1599 782 τὸν
1624 729 1766 799 ἀέρα

196 817 515 883 φωτίζεσθαι
547 820 641 873 καὶ
662 818 764 891 τὴν
793 819 921 889 γῆν.
946 820 1112 885 Εἰκδς
1150 815 1243 875 οὖν
1267 819 1527 891 δέχεσθαι
1550 821 1649 890 τὴν
1682 837 1769 874 σε-

193 907 350 978 λήνην
373 909 432 961 τὸ
461 908 598 978 φῶς,
623 909 697 973 ὡς
721 915 850 973 τοὺς
881 912 1156 980 σπόγγους
1176 912 1237 965 τὸ
1265 910 1411 981 ὕδωρ
1430 928 1446 944 σ
1483 911 1559 984 μὴ
1578 914 1765 982 φέρειν

191 1003 232 1055 δ’
259 1000 386 1055 αὐτὸ
435 1002 505 1055 δι’
534 1002 666 1072 ὅλης
700 1003 878 1074 αὐτῆς
899 1003 1310 1076 διικνούμενονο
1347 1005 1428 1059 ὅτι
1451 1022 1511 1075 τε
1542 1005 1603 1056 τδ
1635 1003 1765 1056 ταύ-

190 1114 280 1166 της
313 1096 469 1165 σῶμα
508 1095 821 1167 παχύτητος
873 1096 969 1151 καὶ
1029 1098 1368 1169 πυκνότητος
1420 1099 1521 1153 οὐκ
1572 1097 1765 1166 ὀλίγης

194 1191 423 1258 μετέχει,
460 1188 556 1241 καὶ
595 1190 680 1245 ὅιι
733 1190 828 1244 καί
866 1190 1115 1262 ⁴μήκοθιέν
1141 1190 1426 1245 ἐπιϐάλλει
1461 1190 1635 1266 ταύτῃ
1666 1191 1766 1256 τὰς

191 1280 404 1343 ἀκτῖνας
432 1284 460 1335 ὁ
486 1283 661 1352 ἡλιος.
706 1283 849 1337 Πολὺ
878 1284 988 1353 γὰρ
1033 1284 1346 1355 ἀφέστηκεν
1390 1279 1451 1348 ἐξ
1479 1282 1651 1352 αὐτῆς
1687 1281 1767 1335 ετ-

190 1389 292 1442 περ
317 1364 503 1440 μεῖζον
534 1376 567 1448 ἡ
596 1376 1221 1445 ἑπτακαιδεκαπλάσιον,
1251 1371 1382 1432 οὗπε
1394 1396 1423 1448 ρ
1455 1376 1764 1446 ἀφέστηκεν

188 1467 439 1538 ἡσελὴνη
473 1467 572 1538 τῆς
601 1467 725 1538 γῆς,
763 1467 839 1532 ὡς
864 1467 1145 1522 δείκνυται
1175 1468 1536 1539 γραμμικῶς.

252 1647 316 1704 δ’.
348 1649 446 1721 Εῐη
478 1649 525 1703 δ’
552 1649 619 1703 ἂν
649 1649 851 1721 ἰδιότης
883 1650 1127 1722 μάλιστα
1148 1651 1253 1718 τῆς
1284 1649 1541 1721 σελήνης,
1573 1647 1765 1722 ῶσπερ

1868 535 1996 590 luna
2029 550 2154 591 esse
2203 534 2424 599 lumen;
2459 534 2556 589 sed
2599 535 2669 590 ab
2713 534 2834 606 ipsa
2866 532 2937 587 ob
2964 545 3120 588 suam
3154 536 3459 602 propriczao

1869 638 2017 692 tem,
2065 643 2172 698 qua
2210 626 2395 682 radios
2424 627 2632 684 solares
2673 627 2978 683 introrsum
3005 668 3019 693 ,
3053 640 3160 680 non
3195 626 3249 679 in
3282 624 3458 679 solam

1867 718 2213 791 superﬁciem
2262 719 2500 791 recipit,
2549 734 2734 775 aerem
2784 729 2839 775 et
2885 727 3088 775 terram
3133 717 3456 772 illuminari.

1867 814 2321 870 Consentaneum
2372 813 2540 884 igitur
2598 820 2684 867 est
2738 811 2884 884 quod
2936 813 3067 868 luna
3128 813 3355 877 lumen,
3401 821 3460 866 nt

1869 906 2097 977 Spongia
2150 921 2351 977 aquam
2407 906 2683 977 recipiat;
2742 904 2852 960 non
2903 912 3086 961 autem
3144 905 3319 976 ipsum
3362 921 3461 976 per

1868 998 2113 1067 seipsam
2153 1004 2325 1055 totam
2363 1011 2652 1071 permeans
2699 994 2975 1067 accipiat;
3010 1004 3066 1052 et
3097 998 3244 1070 quod
3293 996 3460 1067 hujus

1868 1109 2071 1164 corpus
2103 1093 2376 1150 crassitiei
2408 1106 2464 1149 et
2493 1091 2790 1148 densitatis
2831 1106 2939 1147 non
2973 1093 3186 1162 exiguae
3226 1091 3298 1147 sit
3330 1104 3460 1160 par-

1868 1188 2084 1258 ticeps,
2133 1197 2186 1243 et
2217 1188 2364 1261 quod
2398 1187 2565 1243 etiam
2601 1187 2680 1241 sol
2715 1183 2848 1241 huic
2884 1185 3104 1242 eminus
3136 1184 3321 1242 radios
3364 1184 3461 1240 ad-

1869 1290 2105 1336 moveat.
2157 1279 2343 1349 Longe
2442 1281 2588 1335 enim
2623 1278 2669 1312 °‘
2704 1279 2871 1335 distat
2921 1278 2992 1335 ab
3037 1295 3099 1334 ea
3126 1318 3144 1346 ,
3190 1279 3458 1349 siqtlidcm

1868 1375 1995 1445 plus
2056 1374 2450 1446 septemdecim
2497 1373 2710 1429 vicibus
2744 1390 2906 1443 quam
2948 1373 3079 1428 luna
3126 1389 3155 1427 a
3198 1383 3339 1429 terra
3380 1373 3462 1428 di-

1867 1475 2024 1536 stat,
2058 1466 2519 1539 quemadmodum
2564 1467 2847 1523 lineariter
2900 1464 3036 1540 [seu
3084 1461 3460 1539 geometrice]

1870 1567 2360 1616 commonstratur.

1940 1650 1997 1705 4.
2042 1649 2277 1709 Maxime
2307 1662 2491 1708 autem
2522 1651 2806 1722 proprium
2844 1650 3013 1708 fuerit
3046 1650 3225 1716 lunae,
3259 1664 3455 1721 quem-

187 1741 244 1797 τὸ
277 1743 371 1805 τὰς
404 1742 636 1813 ἡλιακὰς
669 1743 898 1808 ἀκτῖνας
944 1745 1286 1817 εἰσδέχεσθαι
1332 1748 1428 1799 καὶ
1457 1745 1550 1798 ὑπ’
1580 1744 1762 1798 αὐτῶν

1873 1740 2168 1797 admodum
2203 1743 2387 1800 radios
2426 1744 2636 1800 solares
2679 1743 2912 1815 suscipit
2942 1752 2996 1799 et
3025 1742 3094 1800 ab
3124 1740 3292 1816 315
3323 1743 3459 1813 ipsis

188 1828 524 1908 αὐγάζεσθαι
553 1840 648 1893 καὶ
680 1839 1047 1909 ἀνταυγάζειν
1077 1840 1137 1895 τὸ
1172 1838 1451 1912 περιέχον,
1485 1838 1632 1894 οὕτω
1670 1841 1762 1893 καὶ

1873 1832 2192 1898 illustratur.
2214 1845 2269 1891 et
2288 1835 2574 1893 continens
2594 1835 2836 1893 vicissim
2861 1837 3132 1905 illustrat;
3173 1844 3232 1891 ut
3262 1836 3338 1891 ita
3361 1849 3460 1907 per

186 1932 246 1987 τὸ
274 1932 348 2004 μὴ
377 1933 446 1986 δι’
471 1933 597 1986 ὅλου
630 1929 725 1986 τοῦ
760 1934 1017 2004 σώματος
1050 1933 1221 2004 αὐτῆς
1272 1934 1419 2005 ἐχειν
1450 1932 1764 2000 διαϐιϐαζο-

189 2028 354 2099 μένας
382 2026 553 2092 αὐτάς
571 2042 587 2057 ⁸
622 2027 711 2082 ἀεὶ
738 2026 794 2083 at
824 2027 963 2099 πρὸς
990 2027 1083 2082 τὸν
1121 2026 1276 2101 ἥλιον
1324 2028 1763 2101 τετραμμένονὴ

189 2120 383 2190 σελήνη
425 2120 882 2191 περιαυγάζεται,
940 2122 1036 2175 καὶ
1093 2120 1283 2176 ἄλλοτε
1327 2121 1478 2177 ἄλλο.
1527 2123 1619 2177 Διὸ
1668 2125 1767 2180 καὶ

188 2212 387 2281 σελήνη
410 2210 631 2280 λέγεται
660 2209 748 2266 διὰ
775 2212 836 2265 τὸ
868 2211 1033 2277 σέλας
1058 2210 1178 2267 νέον
1220 2212 1367 2283 ἔχειν
1397 2215 1505 2278 ἀεὶ,
1553 2215 1647 2269 καὶ
1675 2215 1765 2270 οὖ-

186 2321 315 2357 ποτε
351 2304 605 2359 παλαιόν.
637 2305 700 2358 Εἰ
738 2304 835 2374 μὲν
870 2305 979 2376 γὰρ
1010 2305 1110 2377 τὴν
1134 2304 1306 2376 αὐτὴν
1321 2304 1508 2377 σχέσιν
1534 2307 1766 2376 ἐφύλατ-

184 2413 241 2450 τε
269 2397 569 2460 διαπαντδς
607 2396 745 2469 πρδς
775 2397 869 2452 τὸν
894 2397 1072 2469 ἥλιον,
1106 2397 1165 2452 ἓν
1197 2400 1265 2453 ἂν
1297 2393 1414 2471 εἶχε
1451 2399 1618 2471 μέρος
1672 2403 1768 2456 καὶ

183 2488 244 2541 τὸ
281 2487 374 2542 ὐπ’
415 2486 582 2543 αὐτοῦ
611 2487 983 2559 φωτιζόμενον
1009 2504 1025 2521 ·
1069 2490 1196 2547 ἐπεὶ
1243 2490 1301 2545 δὲ
1331 2493 1473 2545 κατὰ
1498 2495 1599 2563 τὴν
1637 2494 1766 2548 πλα-

183 2578 412 2652 νητικὴν
458 2580 633 2650 αὐτῆς
667 2581 903 2651 πορείαν
962 2580 1095 2636 ποτὲ
1137 2584 1238 2649 μὲν
1265 2586 1636 2655 προσέρχεται
1686 2587 1767 2659 τῷ

182 2673 340 2745 ἡλίῳ,
374 2673 505 2727 ποτὲ
534 2672 581 2728 δ’
606 2675 703 2728 ἀπ’
737 2674 905 2728 αὑτοῦ
943 2676 1244 2746 μακρύνει’
1276 2675 1364 2730 διὰ
1396 2676 1556 2731 τοῦτο
1575 2676 1764 2732 ἄλλοτε

181 2765 312 2821 ἄλλο
347 2769 513 2837 μέρος
548 2767 950 2838 λαμπρύνεται.
984 2770 1094 2826 Καὶ
1132 2771 1271 2839 ὅπερ
1309 2770 1527 2825 ἑστῶσα
1564 2770 1767 2825 πέπον-

183 2858 277 2914 ίὶεν
300 2861 334 2931 ἡ
364 2861 432 2930 γῆ
477 2860 615 2931 πρὸς
636 2863 727 2913 τὸν
758 2861 985 2933 ἡλιακὸν
1044 2863 1347 2933 φωτισμὸν,
1396 2862 1557 2916 τοῦτο
1604 2865 1702 2918 καὶ
1729 2868 1761 2937 ἡ

184 2951 385 3023 σελήνη
426 2952 747 3022 κινουμένη.
780 2954 890 3007 Καὶ
919 2952 1030 3025 γὰρ
1059 2953 1249 3025 ὥσπερ
1273 2956 1307 3027 ἡ
1331 2954 1401 3025 γῆ
1423 2955 1484 3008 τὸ
1510 2953 1626 3010 ἴσον
1655 2955 1765 3009 ἀπὸ

180 3043 280 3099 τοῦ
317 3043 468 3116 ἡλίου
511 3045 714 3116 ἔχουσα
745 3044 886 3114 φῶς,
914 3044 1107 3102 ἄλλοτε
1153 3046 1291 3103 ἄλλα
1342 3046 1765 3120 καταλάμπεται

1868 1927 2190 1984 universum
2229 1944 2390 1985 suum
2431 1945 2637 2001 corpus
2672 1939 3025 1999 penetrantes
3060 1945 3171 1985 non
3210 1927 3407 1984 habeat
3440 1943 3456 1981 :

1870 2019 1965 2075 sed
2002 2036 2218 2091 semper
2260 2038 2325 2076 ea
2368 2033 2522 2093 parte
2571 2038 2678 2093 qua
2725 2024 2792 2078 ad
2843 2024 3018 2080 solem
3065 2036 3333 2079 conversa
3371 2033 3460 2076 est

1870 2106 2002 2171 luna
2038 2115 2285 2187 undique
2332 2117 2691 2173 collustratur
2714 2157 2731 2181 ,
2781 2127 2835 2172 et
2871 2119 3008 2173 alias
3040 2117 3171 2172 alia.
3208 2116 3460 2187 Quapro-

1869 2215 1989 2278 pter
2037 2211 2203 2265 etiam
2271 2209 2480 2282 σελήνη
2540 2208 2720 2284 [luna]
2795 2210 3039 2278 dicitur,
3096 2210 3241 2281 quod
3298 2207 3461 2274 σέλας

1869 2302 1989 2357 νέον
2018 2302 2098 2377 [id
2132 2312 2239 2372 est,
2276 2304 2460 2359 lumen
2490 2303 2719 2377 novum]
2755 2321 2820 2361 ac
2852 2320 3131 2376 nunquam
3174 2312 3330 2359 vetus
3364 2302 3460 2357 ha-

1869 2394 2013 2453 beat.
2060 2395 2117 2453 Si
2157 2398 2304 2454 enim
2337 2397 2560 2469 quidem
2597 2398 2848 2455 eamdem
2884 2405 3148 2469 perpetuo
3178 2399 3245 2454 ad
3282 2397 3457 2454 solem

1869 2489 2129 2548 retineret
2176 2492 2596 2557 habitudinem,
2640 2506 2803 2547 unam
2851 2492 3016 2549 etiam
3072 2492 3299 2547 haberet
3335 2506 3457 2559 par-

1874 2593 2021 2651 tem,
2060 2599 2183 2655 quas
2217 2585 2286 2641 ab
2322 2586 2441 2655 ipso
2487 2585 2915 2642 illuminaretur.
2959 2584 3100 2652 Quia
3141 2594 3322 2639 autem
3357 2598 3458 2652 pro

1871 2675 2188 2732 errabundo
2248 2693 2351 2733 suo
2409 2693 2705 2750 progressu
2751 2679 2797 2711 "
2831 2678 3108 2734 interdum
3161 2677 3229 2733 ad
3284 2680 3456 2733 solem

1869 2771 2103 2836 accedit,
2142 2770 2422 2827 interdum
2458 2774 2527 2827 ab
2561 2772 2754 2828 eodem
2793 2772 3013 2842 longius
3048 2770 3297 2835 recedit;
3330 2783 3457 2839 pro—

1869 2872 2056 2932 pterea
2087 2863 2225 2919 alias
2258 2864 2365 2919 alia
2402 2863 2552 2920 illius
2585 2880 2717 2935 pars
2753 2864 3047 2932 splendore
3076 2861 3452 2935 perfunditur.

1870 2954 1938 3010 Et
1968 2954 2116 3025 quod
2151 2966 2312 3012 terra:
2339 2958 2506 3012 stanti
2541 2959 2833 3029 contingit,
2865 2965 3139 3029 quatenus
3168 2971 3200 3013 a
3236 2956 3356 3013 sole
3388 2956 3453 3011 il-

1875 3048 2177 3104 luminatur
2222 3048 2288 3115 ⁶⁸,
2355 3048 2498 3105 idem
2533 3050 2697 3106 etiam
2735 3050 2880 3107 lunae
2913 3065 3034 3121 quae
3080 3060 3329 3106 movetur
3367 3065 3459 3107 ac-

184 3139 329 3211 μέρη
354 3139 496 3195 κατὰ
523 3139 622 3212 τὴν
647 3138 743 3192 τοῦ
777 3139 930 3211 ἡλίου
966 3140 1241 3211 περίοδον,
1291 3142 1762 3212 συμπερινοστοῦ-

1873 3140 2025 3197 cidit.
2063 3140 2221 3196 Sicut
2267 3141 2416 3198 enim
2459 3150 2605 3199 terra
2633 3157 2757 3215 qua:
2798 3145 3011 3214 aequale
3049 3159 3081 3199 ι
3120 3145 3237 3205 sole
3269 3144 3453 3202 lumen

180 3248 286 3299 σης
316 3230 464 3299 αὐτῷ
486 3232 579 3285 καὶ
606 3231 703 3299 τῆς
721 3230 1070 3303 λαμπηδόνος
1104 3232 1201 3287 καί
1227 3231 1327 3300 τῆς
1357 3234 1502 3289 κατὰ
1531 3234 1631 3308 τὴν
1656 3235 1764 3307 γῆν

180 3320 346 3386 σκιᾶς
373 3337 387 3352 '
423 3322 566 3376 οὕτω
596 3322 690 3376 καὶ
715 3324 748 3391 ἡ
777 3323 982 3395 σελήνη
1012 3325 1072 3378 τδ
1101 3324 1233 3379 αὐτὸ
1263 3323 1368 3395 μὲν
1399 3326 1517 3400 ἔχει
1552 3328 1667 3399 φῶς
1697 3331 1764 3386 ὲκ

176 3418 279 3473 τοῦ
323 3416 475 3489 ἡλίου
528 3415 814 3487 διηνεκῶς,
852 3416 914 3471 ού
949 3417 1084 3471 ποτὲ
1116 3420 1214 3487 μὲν
1249 3419 1520 3489 μείζονος,
1553 3420 1686 3476 ποτὲ
1719 3421 1765 3477 δ’

178 3513 467 3576 ἐλάττονος
512 3512 933 3581 ἑλλαμπομένου
989 3512 1192 3584 μέρους
1244 3494 1455 3586 αὐτῆς·
1495 3517 1636 3589 πλὴν
1664 3517 1765 3573 οὐκ

177 3606 364 3660 ἀεὶτὸ
418 3604 549 3659 αὐτὸ
592 3604 684 3658 καί
726 3603 787 3659 ἓν
834 3605 1279 3675 καταφωτίζεται
1338 3607 1529 3679 μέρος,
1576 3608 1669 3663 διὰ
1703 3607 1767 3663 τὸ

176 3693 442 3765 διάφορον
471 3693 581 3747 τῶν
613 3693 749 3763 πρὸς
776 3693 866 3747 τὸν
887 3693 1040 3766 ἥλιον
1083 3697 1321 3766 σχέσεων
1358 3697 1550 3767 αὐτῆς.
1593 3692 1771 3769 Προσ-

181 3785 373 3857 ιούσης
394 3788 505 3859 γὰρ
543 3785 621 3857 τῷ
655 3786 795 3857 ἡλίῳ
825 3788 921 3840 καί
941 3787 1102 3841 πάλιν
1120 3789 1546 3863 μακρυνομένης
1563 3789 1761 3857 αὐτοῦ,

177 3881 374 3936 ἄλλοτε
408 3879 542 3935 ἄλλα
577 3883 719 3951 μέρη
749 3872 955 3952 ταύτης
986 3880 1368 3952 λαμπρύνεται
1426 3882 1487 3936 τὸ
1534 3882 1763 3955 quam

177 3974 418 4042 ἐχούσης
443 3973 559 4040 φῶς
589 3974 717 4041 περὶ
762 3974 822 4025 τὸ
852 3974 1000 4027 ἅπαν
1027 3974 1231 4043 ταύτης
1268 3974 1428 4045 σῶμα
1465 3975 1767 4046 στρεφόμε-

175 4086 276 4123 νον
302 4067 602 4131 κυκλικῶς.

256 4262 324 4312 ε’.
373 4253 567 4308 Ὁπότε
604 4254 704 4324 μὲν
733 4250 826 4307 οὖν
878 4252 1095 4316 σύνοδος
1121 4253 1229 4323 εἴη,
1257 4253 1318 4308 τὺ
1364 4251 1499 4324 πρὸς
1533 4252 1765 4324 οὐρανὸν

170 4353 565 4422 τετραμμένον
597 4350 762 4423 μέρος
794 4351 965 4421 αὐτῆς
1000 4349 1432 4421 καταυγάζεται.
1486 4347 1621 4403 Τότε
1655 4348 1764 4421 γὰρ

170 4444 316 4498 αὐτὸ
354 4445 492 4515 πρις
525 4443 616 4497 τὸν
645 4443 799 4514 ἥλιον
832 4443 1038 4516 dempti.
1070 4442 1535 4516 Παραμεισούσης
1575 4442 1635 4497 δὲ
1658 4443 1762 4513 τῆς

1872 3236 2057 3306 habet,
2095 3236 2231 3294 alias
2263 3236 2392 3294 aliis
2417 3238 2670 3310 partibus
2697 3253 2799 3311 pro
2825 3239 3189 3297 conversione
3222 3239 3359 3297 solis
3393 3240 3456 3294 il-

1869 3329 2172 3396 lustratur,
2202 3345 2327 3387 cum
2360 3346 2471 3402 quo
2504 3329 2822 3406 [nimirum]
2851 3340 2908 3388 et
2950 3332 3214 3405 splendor
3245 3342 3301 3389 et
3331 3349 3454 3388 um-

1869 3422 1969 3477 bra
2023 3429 2185 3477 terra:
2241 3422 2406 3499 simul
2457 3424 2851 3479 circumeunt:
2889 3422 2972 3480 sic
3020 3435 3075 3481 et
3125 3423 3254 3480 luna
3308 3423 3453 3479 idem

1870 3512 2088 3584 quidem
2125 3530 2156 3568 ιι
2189 3514 2306 3570 sole
2337 3530 2556 3586 semper
2588 3517 2774 3571 lumen
2813 3514 3011 3582 habet,
3054 3522 3114 3573 ut
3146 3514 3289 3570 haud
3318 3515 3456 3570 alias

1871 3606 2070 3680 major,
2105 3608 2243 3665 alias
2280 3610 2463 3687 minor
2499 3610 2648 3666 illius
2677 3626 2805 3682 pars
2844 3611 3186 3690 illustretur;
3228 3625 3452 3666 γει-οων

1872 3710 2056 3758 tamen
2096 3717 2205 3758 non
2242 3717 2346 3757 una
2394 3718 2612 3775 semper
2639 3703 2948 3775 eademque
2994 3719 3123 3775 pars
3170 3703 3455 3760 illumina-

1871 3804 1981 3861 tur,
2009 3794 2156 3864 quod
2187 3794 2419 3850 diversae
2450 3793 2598 3849 illius
2636 3795 2705 3850 ad
2741 3796 2910 3851 solem
2937 3796 3047 3855 sint
3076 3796 3450 3852 habitudines.

1870 3884 2007 3938 Cum
2054 3883 2200 3939 enim
2243 3884 2310 3938 ad
2364 3888 2533 3940 solem
2589 3883 2854 3953 accedat,
2890 3897 2946 3940 et
2993 3902 3189 3942 rursus
3227 3887 3296 3940 ab
3333 3886 3456 3957 ipso

1869 3974 2033 4048 315
2074 3968 2294 4042 longius
2324 3977 2618 4042 discedat,
2658 3978 2795 4033 alias
2824 3978 2945 4032 aliae
2979 3978 3125 4033 illius
3166 3991 3348 4049 partes
3388 3981 3454 4030 il-

1872 4071 2203 4137 lustrantur,
2229 4070 2379 4140 quod
2413 4071 2556 4125 circa
2590 4074 2905 4127 universum
2938 4073 3083 4128 illius
3115 4087 3315 4144 corpus
3347 4072 3453 4127 ctr-

1872 4162 2138 4217 culariter
2167 4163 2347 4218 solare
2379 4163 2563 4219 lumen
2595 4174 2975 4220 contvcrtatur.
3036 4150 3041 4153 ’
3144 4154 3149 4157 ’

1942 4255 1995 4311 5.
2039 4257 2100 4309 ln
2135 4255 2527 4326 conjunctione
2561 4250 2731 4329 igitur
2772 4258 2854 4323 °°,
2893 4273 3021 4328 pars
3052 4258 3198 4313 illius
3225 4258 3292 4312 ad
3333 4273 3453 4313 coc-

1871 4344 1983 4402 lum
2036 4363 2304 4405 conversa
2349 4348 2652 4405 illustratur
2706 4350 2788 4419 7‘;
2831 4349 3035 4423 quippe
3084 4361 3197 4407 tum
3250 4351 3341 4405 illa
3383 4352 3450 4407 ad

1871 4440 2043 4495 solem
2079 4436 2326 4511 respicit.
2360 4438 2496 4497 Cum
2530 4452 2714 4497 autem
2763 4442 2935 4498 solem
2974 4452 3246 4513 permutat
3282 4444 3407 4496 luna
3433 4482 3450 4508 ,
3556 4468 3557 4471 η

174 4501 424 4607 σελήνης
450 4501 540 4589 τὸν
567 4501 719 4606 ἡλιον
733 4501 1128 4607 ἐπιστρέιρεται
1146 4501 1285 4610 πρδς
1308 4537 1471 4591 αὐτὸν
1488 4501 1565 4591 ’τὸ
1594 4501 1761 4608 μέρος

1873 4541 1984 4588 tum
2013 4547 2144 4604 pars
2178 4535 2301 4605 ejus
2333 4535 2402 4590 ad
2441 4537 2615 4591 solem
2669 4535 3047 4600 convertitur,
3076 4553 3197 4606 qua
3246 4545 3450 4592 terram

160 4622 353 4699 αὐτῆς
401 4628 428 4682 ὅ
459 4629 648 4701 βλέπει
681 4628 818 4700 πρὸς
863 4630 987 4700 γῆν.
1025 4631 1134 4684 Καὶ
1189 4630 1351 4684 τοῦτο
1382 4631 1596 4700 γίνεται
1625 4631 1762 4701 πρὸς

166 4724 339 4792 λόγον
375 4722 471 4777 τοῦ
518 4723 848 4793 μακρυσμοῦ
873 4738 886 4751 ·
928 4726 1022 4775 καὶ
1055 4721 1232 4786 οὕτως
1270 4725 1334 4777 ὲκ
1364 4725 1475 4776 τῶν
1511 4722 1760 4792 πλαγίων

161 4796 462 4888 ἀρχομένη
517 4814 852 4883 φωτίζεσθαι
906 4818 940 4885 ἡ
997 4813 1219 4886 σελήνη,
1276 4815 1489 4882 γίνεται
1542 4810 1762 4885 πρῶτον

166 4910 472 4980 μηνοειδής
501 4925 515 4937 '
554 4908 911 4977 μακρύνουσα
935 4908 982 4959 δ’
1009 4908 1294 4972 ὲπιπλέον,
1313 4907 1597 4978 διχότομος
1619 4923 1634 4939 ⁸
1658 4902 1762 4960 εἰτ’

156 5005 548 5074 ἀμφίκυρτος.
594 5004 1026 5073 Διαμετρὴσασα
1075 5002 1132 5056 δὲ
1189 5001 1280 5055 τὸν
1333 5002 1487 5072 ἥλιον
1540 5000 1758 5072 πλήρης

155 5096 542 5166 ἀπαρτίζεται
578 5097 671 5151 καὶ
696 5096 1056 5167 πανσέληνος.
1081 5095 1223 5163 Ἤδη
1256 5093 1315 5146 δὲ
1343 5094 1443 5165 τὴν
1462 5094 1761 5164 διάμετρον

157 5189 637 5261 παραμειϐούσης
673 5190 865 5257 αὐτῆς,
898 5189 993 5241 καί
1021 5187 1101 5258 τῷ
1136 5188 1274 5260 ἡλίῳ
1322 5186 1490 5241 πάλιν
1519 5204 1762 5259 προσερ.

148 5285 437 5358 χομένης,
468 5285 547 5348 εἰς
569 5283 629 5336 τὸ
661 5282 797 5354 πρὸς
816 5281 1047 5352 οὐρανὸν
1086 5281 1467 5351 τετραμμένον
1491 5280 1665 5351 αὐτῆς
1696 5283 1761 5334 ἐκ

141 5378 267 5432 τοῦ
315 5377 453 5445 πρὸς
484 5377 630 5446 ἡμᾶς
660 5376 895 5445 ὁρῶντος
955 5373 1101 5427 κατὰ
1131 5372 1289 5440 λόγον
1321 5373 1382 5428 τὸ
1416 5372 1534 5442 φῶς
1566 5374 1784 5445 περιά-,

139 5488 332 5541 γεται
351 5487 365 5501 ·
404 5469 599 5540 μέχρις
630 5468 697 5522 ἂν
741 5468 959 5520 συνόδου
994 5466 1297 5536 γενομένης
1317 5467 1628 5534 ἀφώτιστον
1658 5485 1758 5521 κα-

1866 4628 2065 4698 aspicit
2095 4644 2111 4684 :
2145 4628 2361 4699 hocque
2388 4630 2449 4685 lit
2478 4645 2580 4702 pro
2611 4631 2933 4687 remotionis
2969 4630 3346 4701 proportione.
3371 4631 3451 4685 Ac
3508 4695 3511 4698 ν

1867 4736 1993 4775 cum
2027 4720 2100 4776 ita
2126 4736 2192 4775 ex
2219 4722 2447 4793 obliquo
2482 4724 2610 4778 luna
2635 4724 2938 4780 illuminari
2966 4724 3180 4795 incipit,
3208 4724 3449 4793 primum

1865 4813 2066 4870 falcata
2093 4814 2195 4881 tit;
2231 4830 2356 4871 cum
2387 4816 2606 4889 longius
2637 4816 2953 4891 recesserit,
2982 4816 3289 4884 dimidiata,
3321 4817 3448 4873 inde

1868 4909 2232 4978 pratumida;
2265 4910 2487 4981 quando
2509 4911 2749 4980 denique
2774 4910 3022 4967 dimensa
3055 4910 3226 4968 solem
3257 4909 3447 4973 fuerit.

1871 4999 1975 5055 hoc
2000 5010 2121 5068 est,
2156 5017 2257 5073 per
2284 5002 2616 5059 diametrum
2647 5003 2749 5059 soii
2776 5004 3108 5075 opponitur,
3140 5004 3297 5073 plena
3335 5004 3451 5067 etii,-

1867 5094 2013 5149 citur
2039 5133 2057 5161 ,
2091 5105 2148 5152 et
2174 5097 2392 5154 exsistit
2422 5098 2815 5169 plenilunium.
2855 5082 2974 5152 Jam
3009 5113 3138 5155 vero
3171 5114 3295 5156 cum
3330 5099 3447 5170 ipsa

1867 5186 2075 5242 deserit
2101 5187 2459 5255 diametrum,
2491 5202 2548 5245 et
2571 5193 2754 5247 denuo
2785 5190 2850 5247 ad
2895 5192 3067 5248 solem
3109 5192 3346 5259 accedit,
3378 5196 3443 5245 ςιιι

1866 5288 2073 5349 partem
2116 5278 2265 5338 illius
2308 5299 2430 5353 qua:
2469 5283 2537 5338 ad
2580 5282 2781 5340 cmlum
2824 5299 3093 5341 conversa
3126 5301 3191 5339 ex
3231 5299 3295 5341 ea
3325 5302 3450 5356 qua:
3492 5310 3497 5311 ν

1867 5387 1969 5427 nos
1997 5372 2242 5429 intuetur
2264 5415 2280 5442 ,
2324 5374 2510 5431 habita
2547 5376 2903 5448 proportione
2928 5415 2944 5441 ,
2977 5375 3161 5432 lumen
3198 5377 3446 5432 circum-

1864 5463 2082 5534 agitur,
2118 5466 2296 5522 donec
2339 5468 2735 5538 cunjuuctione
2784 5470 2926 5525 facta
2977 5486 3083 5524 non
3138 5471 3443 5525 illuminam

134 5560 497 5632 ταλειφθείη
525 5559 744 5622 τελείως
779 5558 927 5611 ἅπαν
963 5557 1025 5609 τὸ
1074 5557 1213 5626 πρὸς
1241 5559 1390 5629 ἡμᾶς
1427 5557 1628 5628 βλέπον
1663 5563 1758 5629 μέ-

1873 5558 2213 5628 relinquatur
2244 5561 2501 5619 universa
2540 5566 2656 5620 haec
2698 5578 2827 5635 pars
2867 5562 3019 5621 illius
3065 5580 3187 5635 qua:
3233 5563 3301 5618 ad
3339 5580 3444 5633 nos

238 5771 293 5843 ‘9
320 5768 458 5823 Ptol.
487 5767 629 5820 Alm.
664 5765 698 5843 |_.
724 5781 770 5832 ν,
792 5782 842 5843 c.
874 5766 958 5843 lii.
989 5765 1221 5843 Gardan.
1256 5764 1555 5843 DeASubtiI.
1580 5766 1617 5820 l.
1645 5772 1804 5843 tufp.
1837 5769 1959 5829 189.
2040 5773 2086 5805 ⁸⁷
2114 5770 2321 5831 Cleom.
2351 5771 2448 5829 lib.
2475 5787 2538 5840 It,
2565 5788 2614 5829 c.
2646 5770 2700 5829 5.
2780 5772 2822 5808 ⁵⁵
2837 5771 3047 5828 Cleom.
3074 5771 3182 5827 .lib.
3213 5780 3274 5837 tt,
3305 5782 3356 5826 c.
3384 5768 3442 5827 5.

129 5848 210 5881 "
234 5842 451 5900 Cleom.
490 5855 549 5905 ιι,
583 5855 631 5893 c.
666 5839 719 5891 4.
800 5837 840 5868 ⁷⁸
898 5838 1184 5894 lleiuhold.
1209 5840 1264 5896 in
1295 5838 1496 5895 Thcor.
1530 5839 1694 5893 Furb.

293 5942 565 6002 i’A'rnuc.
624 5937 738 5997 Gn.
784 5934 1011 5995 CXLII.
3042 5933 3117 5996 ιο
