3824 6354
337 385 479 450 12⁸5

1539 388 1963 452 NICEPHORI
2005 389 2429 458 BLEMM‘KDE

3477 387 3619 453 1276

332 497 639 553 randorum
666 494 1014 565 facultatem,
1041 514 1167 556 cum
1195 516 1259 557 ex
1297 502 1516 570 adusta,
1554 514 1669 560 tum
1716 522 1778 562 es
1813 520 1940 578 pro-

2092 516 2144 561 εν
2170 502 2239 561 ῒκ
2266 516 2329 561 τε
2352 510 2452 578 τῆς
2490 506 2949 578 διακεκαυμένης
2973 504 3066 562 καὶ
3097 505 3195 577 τῆς
3220 500 3631 577 πλῳιαζώσης

332 592 538 662 pinqua
568 589 765 661 frigida
799 593 1032 664 accepit.

408 685 496 741 16.
538 683 697 751 Quod
746 695 926 744 autem
967 689 1088 744 alim
1115 701 1480 759 partcsterrae
1502 693 1939 751 eombustaetor-

335 776 686 848 reant,336
701 778 819 832 alize
848 777 1050 849 frigore
1076 781 1307 850 rigeant,
1333 783 1451 836 alim
1470 791 1782 853 temperatae
1806 783 1935 847 sint,

280 928 287 940 ι
337 870 420 923 sol
449 870 503 923 in
546 884 719 926 causa
750 880 830 926 est
862 871 933 937 ",
970 882 1025 929 et
1057 883 1218 929 terra:
1282 875 1451 945 figura
1497 892 1618 945 qua:
1667 876 1937 946 sphmrica

282 956 288 983 ⁵
339 970 447 1026 est,
492 971 552 1017 ut
597 960 857 1020 diximus.
890 965 1028 1021 Cum
1065 966 1211 1021 enim
1246 968 1329 1024 sol
1361 968 1415 1023 in
1456 967 1663 1024 mundo
1691 985 1788 1039 per
1816 968 1937 1024 lati-

341 1052 589 1107 tu.linem
620 1070 743 1124 quae
778 1056 923 1112 inter
962 1059 1203 1128 tropicos
1257 1060 1570 1132 intercepta
1601 1071 1706 1127 est,
1754 1076 1940 1116 move-

342 1156 468 1205 tur.
523 1148 839 1203 necessario
884 1149 1070 1207 adurit
1112 1161 1341 1220 terram,
1401 1167 1523 1223 quae
1583 1153 1678 1208 tali
1759 1153 1939 1226 spatio

343 1238 589 1302 subjecta
623 1250 726 1305 est.
776 1253 967 1313 utpote
1026 1246 1117 1317 qui
1171 1254 1351 1303 rectos
1382 1256 1438 1301 et
1483 1246 1694 1302 validos
1726 1246 1778 1301 in
1813 1262 1935 1302 eam

345 1332 534 1390 radios
568 1335 808 1394 emittat.
857 1337 1071 1396 Rursus
1103 1340 1547 1411 quandoquidem
1599 1354 1701 1396 nec
1732 1343 1801 1395 ab
1842 1356 1935 1396 au-

346 1427 609 1483 stralibus
641 1430 889 1497 partibus
921 1441 978 1486 ut
1025 1432 1093 1487 ad
1124 1433 1377 1489 boreales
1426 1434 1724 1500 accedens,
1764 1434 1937 1505 trapi-

347 1535 473 1573 rum
504 1521 775 1589 aestivum,
806 1538 909 1579 nec
953 1525 1080 1579 hinc
1114 1536 1172 1580 ut
1208 1527 1274 1582 ad
1314 1528 1606 1597 australes,
1644 1528 1936 1584 hibernum

349 1615 693 1671 transcendit
723 1634 737 1670 :
771 1628 1065 1688 eapropter
1108 1630 1296 1690 partes
1333 1622 1481 1676 ursis
1522 1622 1798 1690 subiectas
1841 1621 1940 1674 fri—

350 1725 479 1777 gare
512 1709 687 1779 rigere
714 1711 1007 1781 contingit.
1044 1721 1101 1765 ut
1130 1729 1251 1782 qua:
1283 1729 1311 1768 a
1344 1713 1460 1770 sole
1485 1715 1596 1770 sint
1622 1714 1933 1769 remotissi-

2045 600 2493 672 κατεψυγμένης.

2118 702 2218 760 ις’.
2253 695 2360 749 Τοῦ
2391 696 2449 749 δὲ
2475 696 2542 749 τὰ
2574 695 2674 765 μὲν
2728 694 2830 764 τῆς
2875 694 2977 763 γῆς
3022 689 3406 755 διακεκαῦθαι,
3455 689 3525 742 τά
3574 685 3638 740 δὲ

2043 790 2389 861 κατεψὺχθαι
2422 832 2437 856 ,
2466 793 2534 845 τὰ
2565 789 2611 844 δ’
2643 787 2888 861 εὕκρατα
2942 787 3253 858 τυγχάνειν,
3284 788 3313 839 ὁ
3354 783 3506 856 ἣλιος
3548 781 3641 835 al-

2041 904 2181 952 τιος,
2216 886 2312 940 καὶ
2356 886 2415 939 rb
2473 882 2663 956 σχῆμα
2727 882 2829 952 τῆς
2862 881 2967 951 γῆς
3018 877 3320 951 σφαιρικδν.
3358 876 3637 946 ὑπάρχον,

2041 981 2116 1045 ὼς
2145 979 2384 1053 εἴρηται.
2418 977 2755 1048 Κινοὺμενος
2783 977 2894 1048 γὰρ
2933 977 2993 1029 ὲν
3035 973 3115 1043 τῷ
3176 973 3370 1042 κόσμῳ
3418 968 3480 1022 τδ
3530 982 3641 1037 με-

2040 1072 2174 1139 ταξὺ
2199 1072 2312 1125 τῶν
2340 1070 2622 1142 τροπικῶν
2654 1070 2860 1132 πλάτος
2895 1070 2924 1121 ὁ
2959 1068 3110 1138 ἥλιος
3164 1062 3477 1133 ἀναγκαίως
3508 1060 3639 1116 δια-

2042 1168 2189 1221 καίει
2219 1165 2319 1236 τὴν
2355 1164 2727 1233 ὑποκειμένην
2757 1162 2835 1234 τῷ
2864 1160 3093 1231 τοιούτῳ
3124 1157 3458 1229 διαστήματι
3493 1154 3633 1223 γῆν,

2040 1258 2259 1324 ὀρθίους
2290 1257 2387 1311 καὶ
2415 1258 2668 1321 ἐντόνους
2702 1257 3011 1326 ἐκπέμπων
3064 1252 3164 1317 τὰς
3194 1252 3425 1310 ἀκτῖνας
3468 1249 3636 1315 αὐτῇ.

2042 1351 2213 1407 Πάλιν
2238 1349 2465 1421 ἐπείπερ
2518 1348 2631 1405 οὔτ’
2662 1350 2769 1403 ἀπὸ
2800 1348 2909 1402 τῶν
2943 1346 3138 1400 νοτίων
3194 1343 3270 1407 ὡς
3303 1342 3407 1394 ἐπὶ.
3442 1340 3512 1393 τὰ
3545 1336 3640 1406 βά-

2044 1462 2167 1517 ρεια
2207 1443 2496 1513 γινόμενος
2556 1442 2899 1516 ὑπερϐαίνει.
2938 1440 3031 1494 τὸν
3060 1436 3277 1510 θερινὸν
3340 1431 3638 1503 τροπικὸν,

2041 1536 2156 1593 οὔτ’
2194 1536 2448 1591 unum
2484 1535 2561 1600 ὡς
2595 1536 2690 1589 ἐπὶ
2722 1534 2792 1589 τά
2829 1534 2991 1589 νότια
3029 1531 3123 1587 τὸν
3155 1528 3469 1601 χειμερινόν
3504 1540 3518 1554 ·
3544 1522 3640 1576 διὰ

2042 1630 2201 1687 τοῦτο
2231 1628 2305 1685 τὰ.
2335 1630 2442 1684 ὑπὸ
2480 1631 2601 1693 ταῖς
2655 1628 2879 1700 ἄρκτοις
2921 1626 3066 1699 μέρη
3115 1619 3456 1693 κατεψῦχθαι
3493 1635 3640 1685 cup.-

2042 1720 2303 1795 ϐέϐηκεν,
2337 1723 2412 1786 ὡς
2442 1722 2783 1795 πορρωτάτω
2838 1721 2932 1775 τοῦ
2992 1718 3168 1790 ἡλίου,
3208 1715 3303 1771 καὶ
3328 1713 3417 1768 διά
3475 1710 3639 1765 τοῦτο

348 1818 473 1863 ιιιτιτ,
505 1812 558 1856 et
594 1803 695 1858 hac
739 1804 808 1858 de
839 1820 1006 1860 causa
1036 1805 1290 1876 obliquos
1363 1817 1418 1863 et
1457 1809 1721 1864 remissos
1755 1807 1940 1864 radios

2092 1816 2285 1886 λαγίας
2346 1820 2441 1873 καὶ
2493 1815 2789 1886 ἀνειμένας
2834 1814 2932 1877 τάς
2984 1813 3218 1883 ἡλιακάς
3273 1809 3499 1870 ἀκτῖνας
3553 1806 3643 1910 δε-

350 1897 558 1951 snlares
595 1896 903 1965 suscipiant
936 1913 952 1953 :
988 1899 1213 1970 reliquae
1251 1911 1432 1956 autem
1466 1918 1639 1965 zonae,
1664 1918 1783 1972 quae
1825 1917 1938 1958 me-

353 1991 438 2042 dia
471 1991 882 2059 quodammodo
940 1994 1153 2049 ratione
1185 1994 1320 2051 stilis
1375 1997 1558 2052 radios
1607 1998 1938 2064 admittunt,

353 2081 557 2137 bonum
595 2092 1089 2152 temperamentqu
1127 2086 1331 2142 habent
1368 2088 1436 2143 ”.

428 2175 515 2231 17.
551 2174 757 2231 llarutn
802 2192 965 2247 porro
1012 2186 1439 2250 temperaturum
1479 2191 1771 2250 utramque
1804 2183 1943 2256 phy-

351 2269 451 2325 sici
483 2269 538 2325 in
573 2270 708 2327 duas
731 2270 932 2326 iterum
960 2282 1145 2343 partes
1175 2273 1487 2333 dividentes
1517 2292 1618 2347 pro
1652 2276 1945 2333 medietate

351 2377 473 2431 qua:
502 2363 697 2432 partim
725 2377 913 2435 super.
944 2366 1143 2433 partim
1176 2367 1370 2423 subter
1402 2378 1605 2423 terram
1636 2383 1759 2425 esse
1786 2368 1942 2425 vide-

354 2463 484 2516 tur,
531 2463 767 2524 quatuor
823 2456 1149 2513 habitabiles
1209 2457 1472 2533 [partes]
1520 2475 1643 2517 esse
1690 2462 1881 2516 dicunt
1929 2480 1943 2516 :

352 2563 587 2615 quarum
645 2564 811 2603 unam
867 2549 1086 2620 quidem
1145 2551 1467 2608 habitamus
1542 2570 1643 2610 nos
1696 2554 1946 2609 homines

352 2639 447 2711 qui
489 2641 599 2694 noti
657 2656 887 2708 sumus;
925 2644 1224 2700 secundam
1284 2646 1507 2715 perioeci
1559 2645 1754 2721 [quasi
1793 2648 1948 2702 dicas

355 2732 909 2801 circumhabitantes,
946 2750 1045 2790 seu
1100 2734 1502 2809 circnmcolre].
1536 2737 1629 2807 qui
1670 2739 1723 2793 in
1757 2739 1946 2793 eadem

354 2825 647 2880 nobiscum
685 2835 985 2894 temperata
1020 2828 1289 2884 exsistere
1318 2839 1371 2884 et
1394 2831 1555 2886 clima
1582 2831 1727 2900 quod
1751 2831 1947 2886 subter

353 2928 558 2974 terram
591 2933 675 2975 eSt
709 2918 870 2989 337
908 2918 1159 2976 habitare
1206 2923 1483 2993 finguntur
1516 2941 1532 2983 :
1564 2925 1807 2990 tertiam,
1851 2940 1949 2979 an-

354 3012 484 3064 ιωρί
515 3005 595 3083 [τι.
630 3009 688 3066 d.
710 3011 1255 3086 contrahabitantes]
1287 3022 1339 3067 et
1388 3026 1725 3085 postremam
1763 3016 1782 3049 ί
1804 3017 1951 3071 ami-

357 3102 531 3172 podes
586 3101 783 3176 [quasi
837 3104 1067 3175 pedibus
1124 3107 1375 3163 obversis
1434 3108 1800 3182 incedentes]
1854 3110 1949 3180 qui

2044 1907 2272 1978 χὸμενα.
2311 1907 2378 1961 Αἰ
2425 1907 2481 1961 δὲ
2512 1906 2697 1960 λοιπαί
2730 1906 2954 1974 ζῶναι,
2975 1905 3158 1977 μέσως
3188 1920 3306 1967 πως
3348 1902 3447 1962 τὰς
3481 1901 3643 1953 ἀκτῖο

2044 2019 2141 2064 νας
2178 2002 2274 2055 τοῦ
2325 2001 2481 2073 ἡλίου
2530 2000 2939 2072 λαμϐάνουσαι,
2988 2000 3048 2052 τὸ
3104 1996 3370 2067 εὔκρατον
3426 1993 3639 2065 έχουσι.

2120 2180 2211 2237 ιζ’.
2262 2182 2487 2236 Τούτων
2532 2180 2640 2237 τῶν
2690 2178 2978 2249 εὖκράτων
3032 2176 3304 2248 ἑκατέραν
3356 2173 3521 2227 πάλιν
3563 2174 3642 2235 εἰς

2046 2275 2140 2330 δύο
2179 2275 2517 2346 διαιροῦντες
2575 2277 2626 2328 οἱ
2661 2273 2885 2343 φυσικοί
2951 2272 3095 2327 κατά
3129 2287 3190 2325 τε
3235 2271 3297 2323 τὸ
3354 2268 3499 2340 ὑπὲρ
3534 2266 3645 2338 γῆν

2049 2368 2146 2422 καὶ
2174 2369 2281 2421 ὑπὸ
2325 2370 2431 2439 γῆν
2462 2366 2655 2422 δοκοῦν
2712 2367 2913 2437 ἥμισυ,
2974 2365 3252 2434 τέσσαρας
3308 2360 3645 2430 οἰκουμένας

2050 2456 2189 2513 εἷναί
2219 2475 2420 2528 φασιν’
2456 2452 2532 2512 ὧν
2562 2457 2695 2524 μίαν
2749 2457 2848 2528 μὲν
2905 2455 3053 2527 ἔχειν
3111 2455 3260 2524 ἡμᾶς
3324 2454 3453 2514 τοὺς
3496 2450 3645 2503 i370-

2054 2552 2349 2621 ρουμένους
2379 2548 2706 2618 ἀνθρώπους
2732 2564 2745 2578 ·
2779 2549 2913 2619 μίαν
2973 2547 3031 2601 δὲ
3090 2546 3217 2609 τοὺς
3266 2542 3644 2611 καλουμένους

2050 2644 2366 2714 περιοίκους
2401 2642 2452 2698 οῖ
2507 2643 2652 2696 κατά
2703 2642 2801 2713 τὴν
2832 2640 3003 2710 αὐτὴν
3040 2639 3172 2709 ἡμῖν
3224 2637 3497 2707 ὑπάρχειν
3550 2634 3653 2687 εἷο-ι

2050 2754 2258 2809 κρατον
2283 2735 2635 2804 πλάττονται,
2688 2736 2783 2789 καί
2820 2734 2882 2788 τὸ
2908 2731 3103 2788 δοκοῦν
3155 2729 3261 2784 ῦπδ
3308 2729 3413 2799 γῆν
3465 2729 3643 2781 οἰκεῖν

2052 2828 2222 2896 κλίμα
2243 2844 2258 2859 ο
2290 2826 2492 2898 τρίτην
2515 2827 2645 2891 τοὺς
2674 2825 2987 2888 ἀντοίκους,
3026 2823 3120 2877 καί
3142 2819 3338 2891 λοιπὴν
3384 2818 3517 2879 τοὺς
3549 2817 3645 2869 ἀν·-

2050 2921 2294 2984 τίποδας,
2322 2919 2374 2974 οἳ
2402 2920 2497 2973 καί.
2522 2919 2693 2990 ἄμφω
2721 2918 2821 2991 τὴν
2850 2917 3226 2987 ἀντεΰκριιτον
3278 2913 3456 2970 οἰκεῖν
3498 2911 3642 2963 ὀνει-

2056 3012 2378 3083 ρώττονται·
2435 3012 2577 3083 πλὴν
2616 3012 2669 3065 οί
2727 3011 2827 3082 μὲν
2860 3009 3125 3072 ἄντοικοι,
3180 3006 3325 3061 κατά
3378 3005 3440 3058 τὸ
3497 3003 3643 3072 ὑπὲρ

2052 3106 2158 3174 γῆν
2187 3106 2358 3175 κλίμα
2389 3104 2705 3177 (καλοῦνται
2762 3105 2808 3158 δ’
2836 3099 2982 3159 οὗτοι
3024 3102 3119 3155 καί.
3152 3099 3443 3168 ἄντωμοι),
3500 3094 3643 3149 κατᾶ

361 3197 529 3250 etiam
600 3196 822 3267 utrique
891 3209 1248 3269 temperatam
1322 3202 1633 3271 oppositam
1708 3203 1949 3260 incolere

2092 3199 2198 3253 ὲτδ
2227 3198 2420 3253 δοκοῦν
2447 3198 2552 3252 ὑπὸ
2598 3198 2704 3267 γῆν
2769 3199 2820 3251 οἰ
2879 3196 3188 3255 ἀντίποδες.
3245 3193 3475 3252 Πάντως
3534 3188 3646 3256 γὰρ

360 3290 748 3357 ιοιιιιιῑιιιιιιιι·;
791 3291 990 3346 οηιωοί
1040 3301 1221 3345 tamen
1261 3292 1315 3346 in
1366 3293 1586 3349 climate
1635 3311 1801 3366 super
1840 3306 1950 3353 ter-

362 3398 481 3436 ram
515 3383 807 3454 (vocantur
840 3395 1021 3441 autem
1052 3385 1105 3440 hi
1141 3388 1305 3441 etiam
1362 3388 1566 3443 autoeci
1593 3431 1607 3456 ,
1654 3390 1810 3458 quasi
1844 3390 1953 3446 hu-

369 3472 540 3527 meris
584 3471 811 3542 aversi),
848 3474 903 3528 in
955 3488 1020 3529 eo
1051 3485 1233 3529 autem
1270 3475 1416 3542 quod
1448 3475 1590 3531 infra
1631 3484 1836 3532 terram
1875 3478 1955 3533 vi-

364 3565 547 3631 detnr,
583 3563 870 3634 antipodes
899 3564 1251 3639 [habitant.]
1278 3564 1531 3622 Omnium
1555 3568 1701 3622 enim
1728 3568 1780 3623 in
1810 3578 1953 3624 terra

365 3656 730 3711 habitantium
797 3658 1023 3728 vestigia
1074 3659 1252 3729 ipsutu
1326 3669 1490 3716 terra;
1537 3661 1952 3720 medioxumum

366 3750 486 3803 s‘ve
514 3757 765 3804 centrum
799 3757 1053 3820 spectare
1078 3765 1308 3808 necesse
1334 3762 1443 3811 est.
1465 3754 1602 3811 Cum
1635 3758 1781 3812 enim
1812 3767 1956 3813 terra

367 3842 691 3910 sphanicam
727 3842 956 3912 ﬁguram
991 3843 1212 3911 habeat,
1246 3847 1483 3901 medium
1507 3856 1564 3903 et
1599 3848 1862 3905 deorsum
1900 3860 1956 3907 et

364 3945 617 3989 centrum
670 3935 813 3990 idem
846 3944 951 3991 est.
986 3934 1332 4007 Quapropter
1368 3941 1511 3995 haud
1545 3943 1776 4013 periteci
1827 3955 1960 4001 sunt

366 4027 535 4082 etiam
566 4027 878 4099 antipodes,
909 4031 1003 4087 sed
1030 4032 1121 4102 qui
1153 4032 1385 4089 inferius
1430 4050 1493 4090 ex
1525 4035 1754 4092 adverso
1787 4053 1958 4109 oppo-

368 4120 536 4174 situm
575 4129 943 4192 temperatum
986 4123 1150 4179 clima
1184 4123 1328 4181 infra
1372 4136 1578 4183 terram
1620 4128 1954 4196 inhabitant,

368 4220 425 4265 et
470 4226 566 4276 per
610 4212 938 4269 diametrum
995 4215 1207 4273 distant
1251 4220 1425 4291 :quia
1470 4227 1669 4277 borum
1728 4224 1955 4295 vestigia

371 4300 602 4356 istorum
638 4303 921 4360 hominum
950 4307 1198 4379 vestigiis
1239 4318 1365 4365 sunt
1397 4311 1673 4382 opposita,
1716 4328 1951 4382 quorum

373 4410 632 4480 respectu
665 4398 957 4469 antipodes
1015 4399 1297 4457 dicuntur.
1347 4401 1676 4459 Nostrorum
1729 4407 1962 4476 proinde

371 4487 711 4542 antmcorum
736 4489 981 4558 periteci,
1007 4491 1484 4563 nOstriantipodes
1507 4493 1962 4567 dicioquiverunt;

2053 3292 2165 3346 τῶν
2197 3291 2291 3346 ἐπὶ
2321 3295 2425 3361 γῆς
2459 3289 2777 3363 βεϐηκότων
2828 3290 2897 3343 τὰ
2938 3290 3063 3359 ίχνη
3117 3286 3338 3358 βλέπειν
3376 3282 3468 3336 ἐπ’
3511 3280 3649 3333 αὐτο

2052 3384 2115 3438 τδ
2145 3383 2479 3454 μεσαίτατον
2510 3387 2610 3455 τῆς
2645 3386 2773 3455 γῆς,
2823 3382 2944 3453 ἤτοι
3003 3381 3063 3434 τδ
3111 3380 3339 3450 κέντρον
3392 3376 3648 3443 ἀνάγκην

2055 3477 2190 3549 ἔχει.
2223 3479 2337 3531 Καὶ
2394 3478 2504 3549 γὰρ
2564 3478 2663 3548 τῆς
2707 3475 2812 3547 γῆς
2854 3472 3131 3545 σφαιρικῷ
3164 3474 3406 3544 σλήματι
3442 3486 3649 3539 κεχρη-

2059 3572 2247 3644 μένης,
2278 3571 2340 3624 τὸ
2372 3571 2535 3642 μέσον
2552 3572 2646 3624 καὶ
2683 3571 2836 3625 κάτω
2865 3568 3093 3638 κέντρον
3161 3565 3331 3619 ταυτὸ
3358 3580 3373 3596 ⁸

2056 3665 2157 3737 οὐχ
2180 3666 2230 3719 οἱ
2252 3664 2527 3735 περίοικοι
2564 3659 2809 3734 γίνονται
2834 3664 2930 3717 καὶ
2954 3659 3261 3725 ἀντίποδες,
3326 3657 3447 3711 ἀλλ’
3478 3657 3533 3710 οί
3588 3658 3650 3709 τὸ

2056 3759 2211 3814 κάτω
2266 3759 2378 3811 τῶν
2420 3755 2681 3811 ἀπέναντι
2741 3752 3130 3814 κατοικοῦντες
3194 3750 3440 3821 ἄκρατον
3471 3747 3648 3817 κλίμα

2057 3851 2120 3906 τὸ
2149 3849 2254 3905 ὑπὸ
2285 3850 2386 3919 γῆν
2419 3849 2515 3902 καὶ
2541 3847 2682 3901 κατά
2713 3845 3007 3917 διάμετρον
3045 3842 3224 3907 ὄντες,
3275 3843 3358 3895 ὅτι
3404 3839 3477 3893 τὰ
3522 3838 3645 3909 ἴχνη

2059 3943 2269 3999 τούτων
2336 3942 2569 4012 ἄντικρυ
2639 3939 2749 3993 τῶν
2799 3938 2960 4008 ἰχνῶν
3008 3938 3123 3989 ὲστι
3177 3934 3288 3989 τῶν
3340 3932 3648 4003 ἀνθρώπων

2061 4034 2289 4087 ἐκείνων
2324 4031 2465 4103 πρὸς
2493 4029 2587 4094 οὓς
2648 4028 2933 4090 ἀντίποδες
2961 4026 3235 4096 λέγονται.
3281 4024 3371 4077 Διὸ
3414 4021 3647 4083 λέγοιντ’

2061 4127 2127 4182 ἂν
2185 4126 2347 4198 ἡμῶν
2396 4122 2686 4187 ἀντίποδες
2740 4122 2791 4175 οί
2861 4118 2970 4173 τῶν
3020 4117 3323 4191 ἡμετέρων
3375 4117 3650 4171 ἀντοίκων

2062 4221 2374 4291 περίο;κοι’
2445 4219 2555 4272 τῶν
2608 4218 2654 4272 δ’
2696 4215 2982 4290 ἡμετέρων
3030 4215 3311 4269 ἀντοίκων
3362 4211 3653 4273 ἀντίποδες

2062 4316 2112 4369 οἰ
2156 4314 2431 4384 περίοικοι
2478 4311 2643 4368 πάλιν
2698 4309 2857 4384 ἡμῶν
2885 4325 2901 4340 °
2950 4309 3000 4362 οἰ
3063 4308 3111 4362 δ’
3158 4304 3448 4367 ἀντίποδες
3487 4302 3651 4373 ἡμῶν

2064 4406 2214 4477 ἡμᾶς
2242 4404 2540 4468 ἀντίποδας
2588 4403 2799 4476 ἔχουσι,
2832 4399 2931 4456 καὶ
2961 4400 3279 4469 περιοίκους
3345 4398 3396 4451 οἱ
3443 4398 3655 4465 περίοιο

2069 4516 2179 4562 κοι,
2204 4499 2301 4551 καὶ
2331 4497 2618 4559 ἀντοίκους
2641 4496 2691 4549 οἰ
2713 4496 2988 4550 ἄντοικοι·
3031 4493 3143 4546 τῶν
3175 4493 3234 4544 ιν
3272 4489 3489 4553 τούτοις
3529 4488 3659 4556 σχέ-

3453 3563 3647 3634 διόπερ

371 4587 427 4632 at
462 4595 653 4636 rursus
685 4590 1004 4639 nostrorum
1040 4595 1389 4642 antoecorum
1426 4586 1736 4658 antipodes,
1780 4592 1954 4645 nostri

2092 4610 2213 4646 ιεων
2245 4590 2450 4659 ὁμοίως
2474 4591 2593 4653 ταῖς
2622 4590 2679 4642 ὲν
2714 4586 2893 4657 φίλοις
2918 4587 3014 4642 καὶ
3068 4585 3323 4655 ἀδελφοῖς
3370 4584 3654 4649 ἀντιστρεο

374 4672 714 4738 perunctae
766 4675 1005 4748 denique
1038 4678 1218 4733 nostri
1259 4677 1569 4748 antipodes,
1609 4694 1710 4734 nos
1742 4682 1957 4751 antipo—

371 4766 766 4837 deszperioaci,
789 4770 1055 4840 perimeos
1080 4773 1341 4839 ;antmci,
1371 4780 1619 4828 antcecos
1655 4772 1879 4841 habent,
1906 4786 1965 4830 ut

373 4855 569 4912 borum
634 4860 702 4915 ad
752 4877 812 4918 se
859 4863 1213 4921 habitudines
1263 4862 1534 4936 (scheses)
1599 4864 1828 4934 perinde
1896 4877 1953 4922 ut

2071 4685 2312 4756 φουσῶν.
2361 4682 2428 4737 '0
2459 4681 2569 4753 γὰρ
2599 4681 2864 4744 ἀντίπους
2918 4677 3203 4741 ἀντίποδος
3247 4672 3657 4737 ἀντίπου;,κα“ι

2069 4780 2099 4831 ὁ
2133 4777 2416 4849 περίοικος
2464 4772 2745 4845 περιοίκου
2804 4771 3131 4844 περίοικος,
3190 4769 3285 4822 καὶ
3342 4767 3371 4820 ὁ
3406 4766 3658 4825 ἇντοικος

2062 4868 2315 4923 ἀντοίκου
2343 4869 2615 4931 ἄντοικος.

374 4953 675 5008 amicorum
711 4963 767 5010 et
801 4954 1032 5013 fratrum
1070 4967 1483 5016 convertantur.
1518 4958 1752 5031 Antipus
1782 4960 1948 5035 338
2017 4965 2166 5020 enim
2214 4962 2487 5035 antipodis
2535 4961 2755 5033 antipus
2802 4966 2919 5025 est;
2970 4964 3027 5015 et
3101 4956 3375 5029 perimctts
3432 4945 3659 5025 ριξιὶωεί

376 5049 683 5119 pet-imcus;
723 5062 779 5107 et
809 5061 1059 5113 antmcus
1090 5057 1288 5114 antteci
1321 5067 1573 5113 antoecus
1602 5066 1707 5119 est,

452 5147 639 5203 {8-20.
690 5149 1062 5216 Quamobrem
1099 5161 1340 5223 quatuor
1377 5159 1537 5206 terra:
1587 5160 1773 5221 partes
1825 5159 1964 5206 tem-

379 5252 594 5310 peratas
638 5243 874 5300 habitari
926 5245 1143 5315 physici
1196 5252 1511 5299 monstrose
1550 5243 1765 5313 tingunt
1804 5260 1963 5301 :non

379 5350 541 5404 posse
601 5349 782 5394 autem
838 5354 1172 5411 quemquam
1208 5339 1274 5394 ad
1329 5339 1600 5409 perimcos
1654 5339 1965 5408 proﬁcisci,

383 5430 525 5495 qunti
565 5430 712 5500 ipsos
756 5447 786 5487 a
828 5448 890 5488 se
923 5432 1156 5487 invicem
1198 5430 1450 5488 Oceanus
1500 5431 1595 5503 qui
1635 5431 1834 5488 helluis
1880 5448 1968 5487 re-

386 5521 559 5578 intus
603 5524 673 5579 sit
718 5537 773 5581 et
821 5525 1211 5596 innavigabilis
1257 5525 1529 5581 dirimat:
1565 5538 1668 5580 nec
1701 5524 1867 5579 etiam
1901 5523 1966 5580 ad

387 5632 483 5671 eus
507 5619 598 5687 qui
632 5619 938 5690 oppositam
975 5629 1331 5690 temperatam
1367 5618 1639 5685 habitant,
1683 5625 1969 5688 propterea

2144 5157 2324 5224 ιη’-κ’.
2384 5147 2670 5205 Οἰκεῖσθαι
2712 5145 2847 5215 γοῦν
2909 5145 3004 5197 καί
3067 5141 3169 5206 τὰς
3219 5142 3495 5209 τέσσαρας
3559 5138 3656 5192 εὖ-

2068 5247 2311 5317 κράτους
2338 5247 2536 5316 μοίρας
2563 5243 2662 5311 τῆς
2707 5239 2809 5311 γῆς
2843 5239 2893 5292 οἰ
2947 5237 3172 5306 φυσικοὶ
3227 5235 3612 5306 τερατεὺονται
3639 5251 3653 5264 ·

2071 5341 2146 5412 μὴ
2171 5339 2434 5394 δύνασθαι
2472 5338 2528 5390 δέ
2555 5354 2709 5398 τινας
2753 5335 2894 5406 πρὸς
2914 5332 3042 5395 τοὺς
3080 5329 3396 5401 περιοίκους
3422 5326 3660 5398 πορεῦε-

2070 5436 2199 5488 σθαι
2260 5432 2348 5485 διὰ
2399 5431 2460 5484 τὸ
2502 5430 2763 5499 διείργειν
2839 5428 3040 5489 αὐτοὺς
3116 5423 3212 5477 ἀπ’
3270 5422 3521 5492 ἀλλήλων
3563 5421 3661 5473 τὸν

2084 5524 2367 5591 Ὠκεανὸν,
2403 5523 2646 5594 θηριώδη
2693 5521 2974 5591 πεφηνότα
3021 5519 3116 5573 καί.
3173 5514 3426 5571 ἄπλωτον
3453 5531 3470 5547 ’
3520 5516 3661 5586 μήτε

2076 5619 2186 5690 μὴν
2224 5618 2360 5690 πρὸς
2409 5618 2539 5678 τοὺς
2572 5613 2672 5685 τὴν
2703 5612 3074 5684 ἀντεύκρατον
3105 5608 3418 5671 οἰκοῦντας.
3453 5607 3544 5659 διὰ
3600 5606 3662 5658 τὸ

459 5829 504 5901 ’Ϊ
554 5829 790 5884 Μίητθδο
849 5830 900 5882 ί¹¹
961 5810 1366 5901 ςοιυιι-ξβείρο
1416 5844 1465 5892 οο
1519 5829 1572 5893 5,
1626 5829 1675 5893 Ἲς
1732 5829 1888 5882 ΜῖιιἹο
1948 5827 2190 5901 Capella,
2230 5834 2323 5888 lib.
2381 5849 2454 5900 Vl,
2487 5830 2578 5901 qui
2609 5837 2689 5885 est
2747 5828 2815 5882 de
2843 5824 3135 5897 geometria
3169 5823 3358 5885 ;Ovid.
3390 5839 3404 5876 ι
3438 5822 3664 5876 Metam.

394 5897 437 5929 ”
467 5898 674 5955 Cleom.
700 5901 734 5954 l.
769 5916 804 5967 ι,
840 5904 1017 5969 ευρ-δτι.

1098 5899 1297 5956 ‘Mart.
1322 5899 1562 5969 Capvllat,
1608 5902 1700 5955 lib.
1740 5917 1811 5966 vt,
1853 5916 1903 5969 p.
1941 5899 2067 5953 9.27.
