3844 6454
186 389 355 483 1277Δ

1442 421 1781 481 EPITOME
1812 421 2149 485 PHYSICA.

3307 426 3493 490 1278'

187 536 265 602 μὴ
318 536 420 606 τὴν
474 535 679 605 μεταξὺ
744 535 1189 607 διακεκαυμένην
1243 531 1384 592 εἶναι
1405 536 1765 607 πορεύσιμον.

1888 538 2013 604 ιιιοά
2049 540 2371 595 intermedia
2404 541 2596 596 adusta
2632 538 2848 612 [zona]
2880 539 3100 594 transiri
3131 554 3238 594 non
3263 552 3447 610 queat.

187 627 380 684 Ταῦτα
412 629 767 700 φυσιολογίας
798 629 868 683 τὰ
923 630 1293 699 ἐξευρήματα.
1338 631 1486 703 Πρὸς
1534 632 1577 682 δ’
1629 631 1769 698 ἀλή-

190 722 344 777 θειαν
365 723 465 778 οὐκ
493 724 601 778 elei
650 723 949 795 περίοικοι.
998 722 1117 778 οὒτ’
1167 725 1427 788 ἄντοικοι,
1479 723 1592 777 οὔτ’
1625 725 1771 778 ἀντί-

192 812 377 876 ποδες.
411 814 471 867 Εί
529 816 641 885 γὰρ
684 816 763 877 είς
788 815 889 886 τὴν
923 815 1205 885 ἡμετέραν
1236 814 1443 883 ταύτην
1471 814 1773 884 σύμπασαν

192 906 299 974 γῆν
326 905 512 977 πολλῷ
537 908 738 961 πλείων
776 907 877 978 τῆς
915 908 1243 978 οἰκουμένης
1277 906 1535 977 ἀοίκητος
1574 905 1775 975 εὔκρα-

193 1013 307 1059 τος,
340 997 425 1060 τίς
451 998 668 1068 ἀνάγκη
694 999 916 1063 πλείους
975 999 1308 1068 οἰκουμένας
1345 1000 1622 1065 ὲπινοείν;
1672 998 1773 1050 Τό-

195 1107 333 1153 πους
358 1091 541 1160 μέντοι
571 1091 803 1152 πολλοὺς
834 1093 1129 1159 ἀοικήτους
1188 1093 1492 1163 εὐκράτους
1527 1090 1775 1157 ὑπολαμ-

197 1182 385 1237 ίὰνειν
438 1184 500 1237 τδ
553 1184 766 1239 κωλύον
851 1186 1028 1242 οὐδέν.
1090 1184 1608 1256 ’Υπερεκπερισσοῦ
1666 1184 1774 1253 γὰρ

200 1275 418 1330 ἅπαντα
444 1278 744 1347 πεποίηκεν
770 1280 798 1330 δ
828 1279 962 1343 Θεός
985 1294 1001 1312 σ
1029 1280 1123 1332 καὶ
1179 1277 1372 1348 ὥσπερ
1406 1277 1588 1345 ὀλίγον
1638 1276 1773 1343 πῦρ,

197 1368 382 1435 ὀλίγος
409 1369 538 1438 ἀὴρ,
566 1370 748 1437 ὀλίγον
777 1370 922 1439 ὕδωρ
955 1372 1021 1424 τὰ
1050 1371 1186 1441 πρὸς
1210 1371 1404 1442 χρῆσιν
1435 1367 1775 1438 ὲξαρκοῦντα

199 1463 311 1520 τοῖς
341 1456 422 1517 οἷς
449 1463 697 1530 χρήσιμα
739 1462 913 1517 ταῦτα
945 1462 1311 1529 γινώσκονται
1344 1504 1360 1526 ,
1419 1463 1778 1531 πάμπλειστα

199 1553 256 1606 δὲ
291 1555 442 1622 παρὰ
471 1557 569 1623 τῆς
609 1556 1016 1625 δημιουργικῆς
1047 1557 1468 1626 μεγαλειότητος
1506 1554 1779 1609 καὶπλου-

203 1647 561 1715 σιοπαροχίας
589 1648 904 1715 γεγόνασιν·
941 1646 1083 1702 οὕτω
1141 1651 1236 1703 καὶ
1288 1650 1386 1716 τῆς
1443 1650 1547 1718 γῆς
1597 1649 1778 1717 ὀλίγον

204 1734 304 1802 μὲν
326 1734 387 1786 τὸ
415 1734 760 1806 οἰκούμενον,
786 1737 931 1792 πάνυ
983 1737 1041 1791 δὲ
1090 1739 1225 1793 πολὺ
1269 1739 1329 1793 τὸ
1368 1738 1637 1810 εὔκρατον
1685 1742 1779 1794 καὶ

202 1827 338 1893 πρὸς
369 1829 584 1898 οἴκησιν
615 1834 881 1899 πεφυκός.
941 1831 1011 1884 Ἦ
1039 1832 1149 1903 γὰρ
1202 1833 1301 1903 τῆς
1354 1833 1509 1896 θείας
1558 1835 1776 1902 δωρεᾶς

200 1920 586 1989 ἀκατάληπτος
618 1922 851 1988 ἄϐυσσος
881 1923 1026 1994 ὑπὲρ
1050 1924 1268 1980 ἃπασαν
1302 1908 1508 1995 χρείαν
1542 1926 1779 1995 ὑπερεξ-

200 2011 352 2083 έχεεν
372 2015 608 2069 ἅπαντα.

267 2303 364 2354 κα,
385 2286 492 2357 κβ’.
513 2287 650 2358 Περὶ
681 2283 775 2340 τοῦ
806 2286 908 2356 τῆς
928 2286 1032 2356 γῆς
1062 2284 1329 2356 μεγέθους
1354 2286 1605 2357 διάφοροι
1629 2286 1780 2356 λόγοι

198 2381 492 2450 γεγόνασιν
515 2374 591 2436 ὧν
613 2380 788 2444 οὐδεὶς
818 2379 934 2450 ἔχει
969 2380 1031 2434 τὸ
1080 2379 1481 2451 ἀναντίρρητον
1502 2395 1517 2411 ⁸
1542 2381 1683 2443 τέως
1734 2380 1779 2432 δ’

200 2470 295 2526 οὖν
332 2469 528 2541 βελτίω
565 2472 709 2543 τάχα
734 2472 844 2526 τῶν
872 2471 1055 2526 ἄλλων
1112 2471 1329 2527 δοκοῦσι
1378 2473 1558 2540 λέγειν
1618 2472 1780 2545 Ἐρα-

201 2566 464 2637 τοσθένης
497 2566 592 2621 καὶ
627 2566 1006 2630 Ποσειδώνιος.
1044 2566 1104 2619 '0
1136 2565 1236 2637 μὲν
1259 2565 1354 2620 οὖν
1386 2566 1780 2638 Ἐρατοσθένης

202 2659 544 2729 γραμμικῶς
584 2658 862 2713 δεικνύναι
886 2660 1194 2730 προάγεται
1220 2658 1319 2732 τὴν
1342 2660 1441 2729 τῆς
1480 2659 1586 2729 γῆς
1628 2660 1782 2729 περί-

206 2740 410 2823 μετρον
452 2752 683 2807 σταδίων
724 2751 1003 2823 μυριάδων
1054 2752 1220 2807 πέντε
1248 2755 1342 2808 καὶ
1378 2752 1609 2817 εἴκοσιν,
1649 2752 1783 2806 ὑπό·

205 2843 357 2897 θεσιν
397 2843 535 2913 πρὸς
559 2843 657 2914 τὴν
693 2842 899 2907 οἰκείαν
944 2843 1114 2907 δεῖξιν
1173 2843 1500 2913 ποιούμενος
1529 2845 1592 2897 τὸ
1650 2860 1781 2898 στα-

202 2935 334 2995 δίων
362 2930 503 2989 εἶναι
534 2936 998 3008 πεντακισχιλίων
1029 2936 1091 2989 τὸ
1132 2936 1243 2990 ἀπὸ
1299 2936 1531 3008 σελήνης
1586 2938 1782 3007 μέχρις

216 3025 629 3096 Ἀλεξανδρείας
657 3027 938 3096 διάστημα
972 3045 987 3059 ·
1016 3028 1110 3081 καὶ
1141 3027 1360 3098 πρῶτον
1378 3028 1437 3080 τὺ
1464 3027 1562 3090 τὰς
1596 3028 1781 3090 πόλεις

1874 629 1999 685 Haec
2044 630 2397 701 physiologia:
2451 632 2672 686 inventa
2732 640 2862 687 sunt
2896 634 2938 686 ’.
2996 628 3054 686 In
3106 630 3185 685 rei
3265 642 3445 687 autem

1876 723 2106 776 veritate
2152 737 2253 778 nec
2302 721 2523 792 ρειίωοί
2559 734 2709 786 sunt,
2744 737 2845 776 nee
2896 721 3119 785 antmci,
3167 736 3267 776 nec
3298 726 3467 775 stiti»

1876 816 2064 885 podcs.
2097 816 2151 871 Si
2179 815 2325 870 enim
2359 816 2502 884 quod
2530 815 2595 869 ad
2630 825 2871 869 nostram
2906 816 3213 869 universam
3244 823 3443 869 terram

1875 910 2094 972 attinet.
2144 908 2318 962 multo
2348 906 2524 975 major
2558 914 2641 961 est
2690 906 2891 960 inculta
2929 917 3229 976 temperata
3279 923 3443 976 quam

1876 1018 1994 1069 ψιειι
2020 1000 2239 1062 colitur,
2270 1016 2388 1069 qua:
2412 999 2709 1054 necessitas
2731 1000 2876 1067 cogit
2911 1013 2969 1054 ut
3015 1000 3196 1069 plures
3236 1000 3447 1054 habita-

1876 1093 2014 1147 biles
2048 1092 2296 1166 [partes]
2347 1092 2766 1162 excogitemus?
2811 1093 2975 1163 Atqui
3023 1102 3081 1146 ιιι
3126 1093 3291 1148 multa
3329 1093 3445 1147 loca

1879 1196 2177 1255 temperata
2228 1187 2541 1255 iudicemus
2589 1187 2817 1254 inculta,
2852 1186 2990 1241 nihil
3023 1195 3106 1241 est
3145 1186 3288 1257 quod
3325 1202 3453 1253 pro-

1879 1278 2083 1332 hibeat.
2142 1277 2355 1349 Quippe
2411 1277 2555 1333 Deus
2612 1278 2796 1332 omnia
2854 1275 2909 1330 in
2970 1291 3183 1330 summa
3244 1277 3452 1329 creavit

1878 1371 2236 1427 abundantia.
2293 1370 2361 1426 Ει
2416 1371 2558 1426 sicut
2613 1386 2805 1441 parum
2884 1370 3025 1439 ignis
3087 1383 3191 1433 est,
3257 1385 3449 1439 parum

1879 1466 2046 1529 acris,
2116 1481 2305 1533 parum
2373 1480 2546 1535 aquae,
2632 1480 2757 1534 quae
2814 1464 3085 1519 suﬁiciant
3164 1463 3229 1516 ad
3294 1477 3454 1517 nsum

1877 1559 1963 1613 his
2017 1558 2217 1625 quibus
2292 1558 2551 1627 expedire
2647 1568 3071 1628 cognoscuntur,
3163 1556 3454 1626 plurimum

1881 1662 2063 1705 autem
2098 1666 2124 1703 a
2155 1649 2460 1706 conditoris
2495 1650 2777 1719 majestate
2808 1660 2864 1705 et
2897 1650 3315 1719 opulentissima
3351 1652 3456 1705 lar-

1881 1744 2049 1811 gitate
2080 1724 2402 1797 iacttun'est
2434 1758 2451 1798 :
2487 1742 2565 1796 sic
2609 1743 2770 1796 etiam
2802 1743 2995 1809 exigua
3032 1753 3188 1796 terra:
3219 1759 3344 1811 pars
3374 1754 3456 1798 est

1880 1850 2002 1903 qua
2035 1835 2343 1899 habitatur,
2398 1836 2491 1890 sed
2541 1837 2696 1890 valde
2729 1851 2943 1904 magna,
2989 1852 3109 1906 quze
3157 1846 3456 1905 temperata

1881 1927 2045 1998 339
2088 1936 2144 1981 et
2190 1928 2257 1983 ad
2309 1928 2700 1983 habitationem
2750 1938 2946 1984 natura
2990 1940 3300 1997 comparata
3351 1941 3452 1986 est.

1885 2020 2153 2077 immensa
2190 2021 2334 2075 etnim
2365 2021 2560 2075 divinae
2595 2021 2981 2076 muniﬁcentiae
3014 2023 3241 2093 abyssus
3272 2023 3455 2076 omnia

1880 2113 2053 2168 multo
2094 2112 2466 2170 abundantius
2509 2113 2718 2178 eil'udit,
2756 2129 2920 2182 quam
2981 2129 3174 2168 eorum
3224 2113 3456 2184 requirit

1880 2205 2200 2273 indigentia.

1949 2297 2043 2363 2i,
2067 2297 2158 2352 22.
2194 2298 2465 2353 Caeterum
2494 2300 2515 2330 ⁸
2544 2298 2610 2352 de
2640 2310 2800 2354 teme
2841 2297 3216 2368 magnitudine
3270 2297 3456 2352 mutue

1880 2391 2163 2447 sententia:
2228 2392 2454 2447 fuerunt
2484 2431 2499 2457 ,
2535 2407 2768 2459 quarum
2817 2391 2969 2446 nulla
3000 2390 3458 2446 contradictionis

1880 2495 2077 2548 expers
2126 2490 2247 2547 est;
2291 2488 2666 2536 verumtamen
2722 2480 2934 2536 cmteris
2995 2480 3219 2535 meliora
3275 2478 3456 2536 forsan

1879 2574 2062 2629 dicere
2094 2574 2346 2629 videntur
2402 2574 2794 2629 Eratosthenes
2826 2583 2879 2628 et
2922 2574 3269 2630 Posidonius.
3328 2573 3460 2628 Era-

1880 2668 2163 2724 tosthenes
2214 2669 2381 2737 igitur
2408 2668 2742 2737 geometrire
2789 2676 2949 2722 terra:
2979 2667 3244 2722 ambitum
3277 2676 3460 2720 osten-

1882 2757 2012 2812 dere
2040 2760 2357 2827 aggreditur
2388 2757 2580 2828 viginti
2618 2756 2862 2827 quinque
2917 2756 3216 2826 myriadnm
3252 2756 3457 2810 stadio-

1883 2866 2000 2904 rum
2037 2869 2050 2905 :
2086 2851 2214 2905 dum
2246 2848 2530 2923 [interim]
2573 2865 2685 2905 suae
2737 2848 3071 2904 oatensioitis
3131 2848 3458 2917 hypothesin

1882 2943 2033 3005 facit,
2079 2943 2225 3012 quod
2280 2942 2626 2997 intervallum
2664 2957 2693 2995 a
2726 2940 2904 3011 Syene
2959 2941 3024 2994 ad
3073 2939 3458 2994 Alexandriam

1882 3037 1952 3091 sit
1978 3036 2272 3105 quinquies
2296 3034 2443 3088 mille
2478 3034 2786 3088 stadiorum
2826 3032 2868 3087 ⁸.
2905 3031 2971 3086 Ει
3011 3033 3185 3102 primo
3206 3033 3349 3102 quod
3380 3032 3462 3085 ha:

201 3120 405 3181 ταύτας
431 3118 535 3172 ὑπὸ
568 3119 646 3189 τῷ
685 3120 836 3190 αὐτῷ
866 3119 1086 3174 κεῖσθαι
1136 3120 1529 3191 μεσημϐρινῷ.
1579 3121 1675 3175 atati.
1721 3122 1780 3174 τὸ

1888 3126 2048 3179 nrbes
2090 3134 2219 3179 sunt
2254 3124 2357 3178 sub
2389 3125 2582 3177 eodem
2624 3122 2949 3187 meridiano,
2983 3122 3243 3190 quodque
3296 3120 3462 3174 inter-

206 3211 413 3278 μεταξὺ
449 3211 556 3264 τῶν
581 3211 789 3265 πόλεων
813 3212 1116 3282 διάστημα,
1147 3213 1381 3267 σταδίων
1416 3231 1776 3285 πεντακισχιο

1890 3218 2126 3271 medium
2177 3216 2394 3272 urbium
2451 3215 2795 3271 intervallum
2844 3222 2929 3270 est
2965 3214 3262 3284 quinquies
3315 3213 3463 3267 mille

204 3300 337 3357 λίων
359 3304 426 3356 δι’
451 3294 827 3374 ἁπλουστέρας
856 3304 1050 3372 ἐφόδου
1076 3306 1175 3376 τὴν
1198 3305 1297 3372 τῆς
1322 3306 1427 3375 γῆς
1446 3307 1782 3377 περίμετρον

1892 3310 2214 3373 stadiorum,
2245 3309 2582 3379 simpliciore
2616 3310 2848 3375 ratione,
2898 3316 3057 3361 terrae
3088 3307 3348 3362 ambizum
3371 3322 3468 3360 ex-

203 3394 504 3462 ᾁποδίδωσι
536 3396 766 3449 σταδίων
799 3397 1079 3465 μυριάδων
1102 3398 1386 3466 τεσσάρων
1449 3400 1546 3455 καὶ
1578 3400 1779 3454 εἴκοσι.

208 3486 594 3558 Μεσημὸρινοὶ
633 3488 691 3541 δὲ
722 3487 1082 3567 κύκλοιιείσὶν
1108 3491 1155 3540 οί
1184 3488 1273 3542 διά
1302 3506 1360 3541 τε
1392 3488 1501 3541 τῶν
1525 3489 1621 3542 τοῦ
1663 3507 1787 3544 στε·

212 3580 499 3648 ρεώματος
532 3581 713 3635 πόλων
744 3581 1105 3653 γραφόμενοι,
1132 3584 1225 3635 καὶ
1249 3582 1337 3636 διὰ
1379 3584 1609 3651 σημείου
1639 3584 1784 3647 τινὸς

206 3672 237 3743 δ
278 3673 377 3741 τῆς
403 3674 652 3743 κορυφῆς
680 3674 911 3727 ἑκάστου
948 3674 1055 3726 τῶν
1094 3673 1238 3744 ὑπὲρ
1300 3673 1401 3741 γῆς
1465 3672 1785 3744 βεδηκίτων

209 3767 554 3837 ὑπέρκειται.
604 3765 763 3826 Πόλοι
820 3766 919 3834 μὲν
952 3761 1045 3820 οὖν
1095 3767 1143 3818 oi
1205 3766 1361 3819 αὐτοὶ
1422 3768 1639 3820 πάντων
1692 3785 1788 3833 μεο

212 3859 571 3929 σημόρινῶν·
605 3858 667 3912 τδ
714 3858 770 3912 δὲ
806 3859 948 3912 κατὰ
1009 3858 1255 3927 κορυφὴν
1319 3862 1543 3928 σημεῖον
1599 3859 1786 3929 ἕτερον

210 3951 416 4020 ἑτέρων
447 3951 617 4009 ἐστίν.
647 3949 813 4003 Ὅθεν
852 3951 947 4003 καὶ
993 3951 1213 4020 ἄπειροι
1267 3949 1521 4004 δύνανται
1578 3952 1787 4023 γράφε-

211 4044 337 4098 σθαι
373 4042 766 4113 μεσημϐρινοί.
839 4042 1049 4105 Πάντες
1086 4042 1133 4092 δ’
1182 4037 1276 4095 οὖν
1329 4042 1378 4095 oi
1419 4044 1786 4113 μεσημϐρινοὶ

213 4136 465 4207 μέγιστοι
502 4133 692 4187 κύκλοι
720 4133 893 4198 ὀντες,
919 4133 1013 4186 καὶ
1043 4133 1136 4185 τὸν
1166 4134 1374 4200 κόσμον
1402 4133 1585 4205 ιπρδς)
1620 4136 1785 4206 ἀλλή-

209 4229 337 4288 λους
371 4229 450 4289 είς
472 4225 567 4279 δύο
591 4226 883 4296 τέμνοντες
914 4226 1025 4289 ἴσα,
1092 4225 1198 4278 [σοι
1244 4224 1340 4278 καὶ
1401 4224 1478 4294 τῷ
1533 4227 1784 4297 ζωδιακῷ

210 4324 306 4375 καὶ
328 4320 579 4391 ἀλλήλοις
610 4322 749 4377 εἰσίν
776 4340 790 4354 ·
828 4318 951 4375 ἐπεὶ
987 4319 1080 4372 καὶ
1137 4318 1165 4373 ὀ
1198 4318 1466 4385 ζωδιακὸς
1528 4320 1785 4389 μέγιστος

215 4413 420 4475 κύκλος
451 4413 623 4466 ἐστίν.
660 4413 725 4465 Οἱ
753 4411 798 4464 δ’
825 4412 937 4465 ὅλοι
984 4412 1130 4473 ὅλοις
1182 4410 1313 4476 ἴσοι,
1352 4411 1447 4466 καὶ
1497 4413 1566 4464 τὰ
1623 4410 1784 4480 ὅμοια

214 4508 280 4578 μέ
291 4522 356 4576 ρη
379 4504 627 4572 ἀλλήλων
658 4503 744 4554 ia:
769 4502 1013 4556 ἔσονται.

1892 3398 2065 3465 bibet,
2101 3401 2287 3471 viginti
2317 3401 2563 3471 quinque
2597 3400 2899 3471 myriadum
2926 3399 3250 3454 stadiorum.
3279 3398 3463 3453 Cate-

1892 3509 2011 3546 rum
2047 3493 2334 3547 meridiani
2379 3505 2509 3547 sunt
2540 3493 2756 3554 circuli.
2793 3492 2885 3565 qui
2921 3504 2973 3546 et
3011 3507 3107 3561 per
3135 3488 3461 3544 ﬁrmamenti

1890 3583 2045 3653 polos
2076 3581 2487 3647 describuntur,
2523 3592 2577 3638 et
2631 3600 2725 3653 per
2761 3583 2980 3654 aliquod
3013 3591 3275 3651 punctum
3313 3580 3460 3633 aliud

1889 3676 2038 3749 quod
2077 3676 2251 3733 cuivis
2276 3678 2332 3731 in
2385 3686 2531 3732 terra
2566 3677 2961 3732 ambulantlnm
2993 3675 3181 3730 vertici
3210 3674 3464 3743 superin-

1888 3766 2126 3822 cumbit.
2157 3766 2271 3821 Poli
2293 3766 2525 3836 proinde
2549 3768 2795 3820 omnium
2818 3764 3247 3821 meridianorum
3277 3763 3459 3828 iidem,

1888 3856 1985 3911 sed
2023 3864 2286 3925 punctum
2310 3856 2569 3911 vertieale
2595 3856 2736 3925 apud
2780 3855 2916 3909 alios
2945 3864 3031 3911 est
3062 3854 3231 3909 aliud.
3254 3855 3374 3921 Qua
3402 3854 3468 3908 de

1888 3961 2050 4001 causa
2074 3946 2237 4001 etiam
2269 3946 2464 4004 infiniti
2497 3946 2776 4001 meridiani
2799 3945 2962 4001 scribi
2993 3954 3240 4017 possunt.
3265 3945 3467 4001 Omnes

1887 4037 2054 4111 3&0
2080 4038 2307 4108 proinde
2339 4037 2625 4092 meridiani
2660 4052 2783 4092 cum
2818 4037 2932 4093 sint
2977 4037 3201 4091 maximi
3236 4038 3423 4092 circuli
3450 4053 3496 4101 ,‘

1890 4144 1945 4187 et
1978 4131 2242 4187 mundum
2280 4132 2511 4185 invicem
2547 4130 2603 4183 in
2656 4128 2795 4185 duas
2843 4128 3081 4200 aequales
3117 4137 3298 4198 partes
3332 4128 3465 4182 divi-

1890 4223 2043 4290 dant,
2080 4238 2203 4277 cum
2240 4220 2480 4276 Zodiaco
2509 4229 2622 4275 tum
2654 4220 2758 4275 sibi
2791 4219 3026 4276 invicem
3054 4220 3290 4291 aquales
3313 4232 3463 4286 sunt,

1889 4319 2148 4388 quoniam
2206 4317 2371 4375 etiam
2420 4314 2687 4373 Zodiacns
2735 4323 2820 4371 est
2868 4314 3110 4370 circulus
3166 4314 3464 4369 maximus.

1892 4410 2049 4477 Quod
2086 4410 2134 4464 si
2162 4410 2258 4463 toti
2294 4408 2424 4463 tatis
2454 4415 2583 4462 sunt
2626 4408 2899 4478 aequales,
2957 4407 3118 4462 etiam
3155 4417 3336 4477 partes
3371 4420 3468 4461 eo-

1895 4521 2037 4567 rum,
2076 4518 2197 4573 quae
2247 4502 2478 4557 invicem
2513 4513 2641 4557 sunt
2695 4501 2928 4566 similes,
2988 4500 3224 4569 :equales
3279 4506 3464 4553 erunt.

288 4595 397 4664 κγ’.
427 4597 539 4667 Τὴν
574 4594 642 4649 αὖ
691 4595 874 4659 Ῥόδον
922 4594 1016 4648 καὶ
1044 4593 1143 4665 τὴν
1202 4593 1613 4660 Ἀλεξάνδρειαν
1680 4595 1783 4649 ύπό

1966 4596 2061 4650 9.3.
2121 4594 2298 4649 Porro
2351 4595 2597 4649 Rhodum
2631 4604 2687 4648 et
2718 4591 3104 4647 Alexandriam
3139 4591 3313 4646 eidem
3352 4606 3468 4645 me-

211 4690 291 4761 τῷ
321 4688 472 4755 αὑτῷ
503 4686 720 4741 κεῖσθαι
751 4686 1116 4756 μεσημῦρινῷ
1143 4686 1318 4754 λέγων
1348 4689 1377 4741 ὀ
1407 4689 1790 4754 Ποσειδώνιος,

210 4780 307 4834 καὶ
341 4777 574 4831 σταδίων
598 4772 739 4829 εἶναι
765 4774 1223 4844 πεντακισχιλίων
1247 4774 1309 4828 τὸ
1356 4776 1456 4839 τὰς
1482 4776 1667 4840 πόλεις
1698 4778 1792 4831 ἀπ’

210 4872 461 4942 ἀλλήλων
489 4869 729 4938 διεῖργον
779 4867 1081 4937 διάστημα,
1130 4866 1527 4940 λαμπρότατον
1591 4871 1795 4940 ἀστέρα

210 4963 336 5017 τινά
383 4978 515 5031 φησι
568 4959 903 5030 καλούμενον
986 4960 1255 5027 Κᾲνωπον
1317 4960 1607 5029 φαίνεσθαι
1659 4960 1799 5030 πρὸς

215 5053 568 5126 ιν-σημδρίαν
601 5053 677 5115 ὡς
702 5053 798 5105 ἐπὶ
852 5050 928 5120 τῷ
970 5049 1219 5122 πηδαλίῳ
1271 5050 1372 5121 τῆς
1440 5052 1670 5124 Ἀργοῦς
1692 5071 1705 5085 .
1736 5055 1794 5107 εν

224 5147 442 5202 Ἐλλάδι
482 5146 582 5215 μιν
606 5146 720 5198 οὐδ’
745 5144 884 5207 ὅλως
914 5141 1193 5211 δρώμενον
1226 5144 1374 5216 (ὅθεν
1400 5146 1512 5199 οὐδ’
1558 5148 1794 5215 Ἄρατος

211 5241 272 5293 ὲν
300 5241 411 5301 τοῖς
439 5237 831 5303 Φαινοιιένοις
864 5234 1056 5307 εἴρηκό
1095 5254 1148 5289 τι
1178 5239 1308 5307 περὶ
1340 5237 1553 5304 αὑτοῦ),
1603 5244 1716 5304 τοῖς
1746 5240 1794 5293 δ’

213 5330 324 5383 ἀπὸ
346 5330 455 5383 τῶν
489 5331 915 5399 ἁρκτικωτέρων
949 5329 1137 5398 μερῶν
1166 5330 1241 5392 ὡς
1271 5330 1406 5398 πρὸς
1438 5334 1793 5402 μεσημϐρίαν

214 5424 535 5493 ἐρχομένοις
587 5423 765 5493 ἀρχὴν
824 5422 883 5473 ἐν
927 5419 1089 5492 Ῥόδῳ
1147 5420 1244 5475 τοῦ
1300 5422 1531 5493 δρᾶσθαι
1580 5423 1795 5492 λαμϐά-

212 5529 410 5568 νοντα·
445 5514 582 5568 κάπὶ
632 5512 737 5569 τοῦ
762 5513 1039 5584 ὁρίζοντος
1087 5512 1322 5579 ὀφθέντα
1375 5514 1590 5584 μικρὸν,
1630 5514 1792 5578 εὐθὺς

214 5609 360 5663 κατὰ
386 5607 484 5677 τὴν
513 5605 606 5660 τοῦ
635 5607 841 5677 κόσμου
872 5604 1186 5674 συστροφὴν
1235 5606 1598 5660 καταδύεσθαι
1622 5624 1635 5636 ·
1678 5611 1788 5669 τοῖς

286 5826 310 5859 ⁸
348 5824 487 5878 Plin.
522 5824 615 5878 lib.
638 5839 696 5882 Il.
729 5838 779 5876 ι’.
811 5822 914 5889 65;
947 5820 1100 5875 Lact.
1142 5819 1239 5874 lib.
1272 5837 1356 5884 ιιι,
1389 5816 1451 5876 c.
1492 5821 1581 5873 24.
1613 5823 1783 5885 Augns

1896 5859 1909 5871 .
1946 5836 2054 5884 κνι,
2085 5834 2136 5874 c.
2167 5819 2219 5878 9.
2260 5820 2332 5871 De
2384 5818 2603 5871 civitate
2642 5816 2754 5870 Dei.

1892 4689 2108 4744 ridiano
2139 4688 2440 4755 subiectam
2472 4702 2596 4742 esse
2662 4686 2853 4741 dicens
2907 4685 3260 4749 Posidonius,
3290 4693 3344 4738 et
3386 4683 3467 4737 in-

1898 4782 2184 4836 tervallum
2215 4780 2358 4850 quod
2390 4780 2686 4834 civitatesa
2716 4794 2775 4834 se
2808 4777 3038 4833 invicem
3070 4775 3276 4831 dirimit
3307 4776 3466 4845 quin-

1897 4872 2055 4942 quies
2090 4867 2235 4924 mille
2264 4868 2592 4932 stadiorum,
2630 4868 3123 4939 Splendidissimam
3156 4868 3468 4936 quampiam

1902 4966 2122 5021 stellam
2163 4978 2285 5033 quae
2321 4962 2579 5030 Canopus
2620 4969 2867 5026 vocatur,
2913 4960 2979 5013 ad
3012 4956 3290 5011 meridiem
3320 4968 3380 5009 ut
3416 4956 3467 5009 in

1902 5055 2273 5126 gubernaculo
2332 5054 2509 5123 Argus
2554 5066 2822 5122 apparere
2879 5050 3232 5120 pronuntiat,
3265 5064 3386 5119 qua:
3416 5049 3469 5102 in

1902 5149 2112 5204 Graecia
2158 5148 2385 5216 quidem
2427 5147 2578 5201 nullo
2610 5146 2771 5199 modo
2818 5142 3191 5212 conspiciatur
3238 5142 3366 5212 (qua
3407 5140 3474 5194 de

1900 5257 2065 5298 causa
2098 5241 2261 5296 etiam
2328 5242 2526 5293 Aratus
2564 5238 2616 5291 in
2682 5224 3046 5290 ΡΙιιειιοιιιειιίιι
3094 5233 3231 5287 nihil
3283 5232 3350 5286 de
3405 5246 3468 5286 ea

1902 5333 2185 5401 disseruit)
2215 5347 2230 5387 :
2259 5334 2328 5385 ab
2375 5331 2441 5384 iis
2472 5336 2651 5383 autem
2701 5327 2789 5395 qui
2821 5343 2848 5379 a
2882 5326 3127 5394 partibus
3157 5323 3473 5378 borealiori-

1904 5425 2006 5479 Lus
2032 5431 2090 5476 ut
2127 5423 2191 5477 ad
2226 5421 2510 5476 meridiem
2549 5420 2995 5489 proﬁciscuntur,
3026 5430 3150 5470 eum
3183 5415 3237 5469 in
3283 5411 3474 5467 Rhodo

1900 5518 2137 5587 primum
2199 5514 2593 5583 conspiciatur,
2646 5521 2703 5565 nt
2746 5526 2910 5579 super
2962 5509 3304 5565 horizontem
3358 5505 3472 5560 visa

1902 5625 2092 5681 parum
2132 5609 2313 5673 fuerit,
2345 5608 2494 5660 illico
2531 5606 2585 5660 itt
2619 5607 2804 5657 mtmdi
2848 5605 3207 5657 conversione
3234 5600 3471 5663 occidat,

2863 5816 3101 5871 ’Cleom.
3139 5816 3175 5877 Ι,
3208 5826 3246 5873 ι,
3278 5824 3328 5862 c.
3368 5805 3478 5874 10;

215 5893 380 5952 Mart.
410 5895 648 5967 Capella,
685 5892 779 5950 lib.
820 5887 974 5964 \'t,'p.
1000 5892 1127 5947 224.
1204 5889 1224 5920 ⁸
1248 5890 1379 5947 Pars
1432 5893 1455 5946 l
1492 5893 1655 5981 habet
1678 5891 1854 5946 stadia
1883 5890 2040 5959 3000,
2078 5902 2260 5961 partes
2290 5889 2356 5945 50
2387 5889 2665 5944 habebunt
2687 5887 2917 5943 9.50000.
