3824 6354
206 381 315 443 1Ξ89

1424 372 1767 435 ΕΡΙΤΟΜΕ
1802 372 2147 435 PHYSICA.

3272 358 3407 426 1290

200 495 326 562 ρινῆς
351 492 626 563 ίςημερίας
659 494 863 565 ἡμέραι
896 495 1044 564 τρεῖς
1077 493 1210 563 πρὸς
1246 493 1596 558 ἐνενήκοντα,
1628 490 1720 545 καὶ

1864 489 2141 544 utumnalc
2168 487 2554 557 aequinoctium
2588 486 2705 541 dies
2725 484 3020 556 nonaginta
3047 496 3177 546 tres,
3198 493 3251 537 et
3272 483 3403 535 item

198 584 370 655 ἡμέρας
415 585 616 653 ὁμοίως
657 587 849 655 ἥμισυ.
879 584 1013 639 Ἀπὸ
1059 584 1262 653 ταύτης
1290 585 1388 653 τῆς
1424 583 1723 653 ἰσημερίας

197 678 509 747 ivngam-.1:th
551 678 880 748 χειμῖρινῶν
914 678 1012 748 μία
1053 677 1236 748 ἡμέρα
1261 678 1397 748 πρὸς
1437 676 1725 746 ἐνενήκον-

1829 583 1939 638 diei
1994 583 2305 649 dimidium;
2364 581 2431 635 ab
2485 583 2588 635 hoc
2643 579 2973 651 aeqtiin0ctio
3023 576 3091 631 ad
3147 575 3407 629 hibernas

1827 677 2218 733 conversiones
2245 689 2436 744 usque,
2470 674 2769 744 nonaginta
2799 683 2854 726 et
2907 687 3050 726 unus
3083 669 3222 731 dies;
3256 675 3312 723 et
3337 667 3406 720 ab

195 786 268 822 ταο
296 771 374 822 καὶ
419 771 524 822 an}.
572 769 903 840 χειμερινῶν
948 768 1171 834 τροπῶν
1202 768 1309 831 ’ἐως
1335 769 1561 836 ἐαρινῆς
1607 770 1726 836 ἰση-

1857 770 2075 825 Iibernis
2103 767 2555 825 conversionibus
2584 768 2648 821 ad
2710 781 2934 820 vernum
2992 762 3405 832 aequinoctium,

197 861 358 930 μερίας
381 861 434 928 ἓξ
475 863 569 915 καὶ
598 863 931 929 ὀγδοήκοντα
974 862 1181 933 ἡμέραι
1230 861 1327 915 καὶ
1366 860 1583 930 ἡμέρας
1634 861 1724 911 τέ-

193 970 376 1021 ταρτον.

255 1044 343 1098 κα’.
376 1048 534 1099 Ἰσων
581 1047 674 1099 οῦν
707 1046 879 1099 ὅντων
919 1047 1030 1099 τῶν
1084 1046 1179 1100 τοῦ
1231 1039 1503 1109 ζωδιακοῦ
1530 1065 1730 1117 τεταρ-

190 1137 453 1204 τημορίων,
484 1138 582 1189 οὐκ
606 1138 662 1189 έν
689 1138 790 1207 ἴσῳ
816 1137 993 1207 χρόνῳ
1009 1137 1184 1190 ταῦτα
1216 1136 1475 1203 διέξεισιν
1500 1138 1528 1190 ὁ
1551 1136 1725 1207 ἥλιοςο

190 1227 391 1298 ἐπείπερ
412 1230 472 1281 ού
497 1228 566 1281 δι’
596 1227 764 1281 αὐτοῦ
817 1228 911 1280 τοῦ
941 1226 1213 1292 ζωδιακοῦ
1244 1232 1480 1281 ποιεῖται
1502 1228 1601 1298 τὴν
1634 1244 1731 1280 πο-

192 1320 341 1388 ρείαν,
377 1321 511 1372 ἀλλὰ
556 1320 643 1374 διὰ
674 1320 770 1374 τοῦ
801 1321 1055 1385 ἡλιακοῦ.
1103 1321 1160 1374 '0
1204 1321 1249 1374 δ’
1278 1321 1503 1388 ἡλιακὺς
1537 1321 1728 1374 ἐκκεν-

187 1414 293 1482 τρό;
319 1416 421 1467 ἐστι
459 1418 594 1484 πρὸς
626 1415 716 1467 τὸν
763 1414 1054 1478 ζωδιακόν.
1095 1414 1455 1484 Τεμνομένου
1488 1413 1622 1480 γοῦν
1653 1415 1731 1476 είς

190 1504 266 1558 ἴσα
292 1507 522 1576 τέσσαρα
563 1508 659 1561 τοῦ
710 1507 1006 1573 ζωδιακοῦ.
1052 1510 1082 1561 ὁ
1111 1508 1267 1585 me;
1294 1507 1463 1561 αὐτοῦ
1504 1508 1732 1580 ἡλιακὸς

191 1600 261 1659 είς
293 1598 439 1652 ἄνισα
470 1600 755 1669 τέμνεται.
806 1602 916 1655 Kal.
947 1602 1003 1656 αἱ
1033 1600 1143 1654 ἀπὸ
1173 1601 1282 1655 τῶν
1313 1601 1594 1672 τροπικῶν
1638 1603 1732 1653 καὶ

185 1688 269 1740 τοῦ
309 1690 617 1761 ίσημερινοῦ
655 1690 947 1760 ἑλκόμεναι
993 1691 1301 1763 διάμετροι,
1349 1692 1442 1745 τὸν
1494 1692 1594 1756 μὲν
1627 1691 1734 1756 ζω-

1829 862 2102 934 ocmginta
2136 877 2230 917 sex
2261 862 2377 917 dies
2398 868 2454 917 et
2488 860 2767 930 quadrans
2802 859 2930 913 dici.

1899 1044 1991 1098 21.
2032 1038 2267 1098 Proin‘de
2301 1056 2612 1112 quanquam
2641 1048 2848 1109 quartae
2909 1047 3088 1106 partes
3153 1036 3400 1106 signiferi

1830 1137 2064 1206 :equale;
2096 1147 2247 1199 sunt,
2282 1146 2460 1191 tamen
2489 1150 2585 1190 cas
2646 1134 2728 1189 sol
2760 1132 2951 1202 aequali
3004 1141 3251 1200 tempore
3291 1147 3401 1187 non

1832 1229 2127 1299 percurrit,
2164 1226 2609 1298 quandoquidem
2650 1241 2757 1279 non
2785 1240 2881 1293 per
2909 1225 3087 1293 ipsum
3117 1224 3410 1278 zodiacum

1832 1322 1939 1377 iter
1963 1321 2116 1388 facit,
2152 1323 2243 1375 sed
2276 1336 2371 1390 per
2409 1320 2667 1373 solarem.
2702 1318 2908 1372 Solaris
2963 1317 3244 1373 autem—ed
3312 1332 3414 1372 zo-

1834 1415 2052 1469 diacum
2078 1422 2161 1468 est
2188 1412 2548 1467 eccentricus.
2579 1409 2813 1477 Quando
2846 1410 3004 1481 proin
3057 1409 3313 1465 zodiacus
3355 1409 3414 1464 in

1835 1514 2073 1577 quatuor
2099 1503 2337 1576 aequales
2364 1514 2545 1573 partes
2596 1502 2878 1564 dividitur,
2911 1503 3106 1556 solaris
3134 1502 3228 1571 qni
3271 1502 3413 1557 intra

1837 1599 2014 1668 ipsum
2041 1609 2148 1664 est,
2177 1599 2230 1653 in
2273 1596 2574 1667 inmquales
2602 1605 2841 1650 secatur.
2869 1594 2933 1648 Et
2956 1595 3203 1649 diametri
3235 1609 3357 1663 qua:
3384 1609 3415 1648 a

1836 1691 2065 1760 tropicis
2097 1686 2540 1758 etmquinoctiali
2568 1688 2866 1752 ducuntur,
2910 1686 2963 1740 in
3000 1687 3236 1755 aequales
3290 1700 3416 1756 par-

184 1781 350 1835 διακδν
377 1786 455 1847 είς
498 1784 589 1837 ἴσα
624 1785 956 1853 τέμνουσιν·
998 1782 1214 1838 οὑκ-ἐτι
1266 1785 1323 1839 δέ
1374 1802 1438 1853 γε
1491 1788 1588 1839 καὶ
1640 1786 1734 1837 τδν

1864 1801 1922 1841 es
1966 1783 2251 1838 zodiacum
2276 1782 2531 1837 dividunt
2559 1796 2575 1840 :
2602 1779 2764 1851 355
2797 1781 2888 1836 sed
2930 1795 3037 1833 non
3066 1779 3228 1833 etiam
3269 1779 3419 1834 sola-

184 1874 410 1944 ήλιακδν,
440 1877 529 1929 διὰ
559 1876 622 1929 τὸ
653 1878 728 1948 μὴ
749 1878 1039 1948 τυγχάνειν
1063 1879 1393 1949 όμόκεντρον
1434 1876 1511 1950 τῷ
1538 1880 1734 1943 ζωδια-

1857 1892 1980 1941 rem,
2006 1877 2133 1946 quia
2181 1875 2407 1931 zodiaco
2438 1890 2546 1929 non
2563 1882 2651 1930 est
2685 1872 3086 1929 concentricus.
3118 1869 3231 1926 Soli
3275 1871 3420 1927 enim

184 1966 281 2037 κῷ.
307 1969 467 2022 Μόνοι
502 1970 614 2040 γὰρ
643 1971 693 2022 ei
738 1973 851 2034 τοῖς
881 1971 1067 2034 αὐτοῖς
1110 1973 1357 2043 κέντροις
1406 1974 1740 2043 κεχρημένοι

183 2061 356 2115 κύκλοι
376 2064 755 2134 τετραμμένας
784 2064 999 2135 ἔχουσιν
1031 2064 1109 2127 εἰς
1126 2061 1236 2117 *ἶσα
1262 2065 1360 2129 τὰς
1384 2064 1740 2135 περιφερείας

183 2152 280 2206 ὑπὸ
305 2153 406 2206 τῶν
426 2154 754 2225 διαμέτρων,

250 2244 346 2318 κβ’.
405 2248 505 2302 Ἂν
557 2250 740 2302 τοίνυν
771 2251 800 2301 ό
854 2250 1076 2319 ἡλιακδς
1110 2251 1191 2312 εἰς
1239 2249 1445 2303 δώδεκα
1478 2252 1742 2320 τμήματα

179 2324 517 2412 ⁸συνδιαιρεθῇ
557 2342 634 2412 τῷ
684 2342 957 2415 ζωδιακῷ,
988 2344 1102 2407 τοῖς
1144 2342 1239 2396 τοῦ
1293 2342 1565 2408 ζωδιακοῦ
1602 2343 1744 2414 τμή-

190 2450 345 2501 μασιν
378 2434 512 2496 ἴσοις
547 2433 703 2488 οὖσιν
764 2435 927 2489 ἄνισα
960 2436 1027 2487 τὰ
1061 2434 1157 2487 τοῦ
1193 2434 1423 2505 ἡλιακοῦ
1450 2436 1743 2488 ὑποκείσε-

182 2545 264 2580 ται
295 2528 576 2598 τμήματαο
610 2530 706 2581 καὶ
738 2528 998 2598 μέγιστον
1030 2528 1129 2597 μὲν
1158 2528 1324 2582 αὑτοῦ
1351 2529 1548 2598 τμῆμα
1577 2528 1733 2582 ἔσται

183 2621 242 2675 τὸ
270 2620 622 2691 ὑποκείμενον
651 2623 763 2685 τοῖς
786 2620 1061 2692 Διδύμοις·
1090 2621 1374 2692 ἐλάχιστον
1405 2620 1462 2674 δὲ
1509 2622 1570 2673 eo
1614 2622 1745 2676 ὑπο-

181 2716 426 2785 κείμενον
472 2716 549 2786 τῷ
603 2717 844 2792 Τοξότῃ·
900 2717 995 2771 καὶ
1045 2715 1221 2770 ἄλλων
1266 2716 1405 2770 ἄλλα
1447 2716 1618 2787 μείζω
1651 2720 1744 2770 καὶ

182 2807 382 2861 ἐλάττω
410 2808 544 2878 πρὸς
572 2808 728 2877 λόγον
759 2809 998 2862 ἔσονται.
1044 2808 1137 2862 Διὸ
1182 2808 1312 2871 τοὺς
1344 2809 1442 2877 μὲν
1471 2808 1745 2878 Διδύμους

178 2900 206 2952 ό
249 2899 398 2970 ἥλιος
428 2902 488 2953 ὲν
542 2901 791 2971 μηκίστῳ
833 2900 1010 2971 χρόνῳ
1052 2901 1352 2968 ὑπέρχεται
1386 2900 1505 2971 (καὶ
1542 2900 1652 2972 γὰρ
1687 2903 1746 2953 ὲν

177 2993 426 3062 Διδύμοις
462 2994 609 3047 ἐστὶν
656 2992 1036 3063 ὑψηλότερος),
1064 2991 1155 3045 τὸν
1180 2991 1239 3044 δὲ
1267 2990 1504 3061 Τοξότην
1537 2993 1596 3045 έν
1623 2991 1749 3045 έλα-

175 3084 346 3157 χίστῳ
376 3086 498 3154 (καὶ
528 3086 635 3155 γάρ
685 3087 833 3138 ἐστιν
861 3086 919 3138 ἐν
949 3084 1098 3149 αὺτῷ
1122 3085 1531 3147 ταπεινότατος)
1553 3101 1565 3114 ·
1606 3086 1665 3138 ἐν
1689 3084 1748 3137 δὲ

171 3180 284 3240 τοῖς
310 3178 488 3240 ἀλλοις
524 3178 739 3242 ζωδίοις
774 3178 1057 3245 ἀναλόγως
1097 3176 1430 3247 ὑψηλότερος
1472 3175 1548 3229 ῶν
1579 3177 1612 3246 ἢ
1653 3194 1748 3230 τα·
1774 3210 1818 3267 c

170 3270 487 3339 πεινότερος
518 3269 845 3340 ἐνδιατρίϐει
875 3273 970 3326 καὶ
1010 3268 1511 3340 πολυχρονιώτερον
1541 3269 1573 3339 ἢ
1607 3268 1745 3339 βρα-

168 3362 506 3435 χυχρονιὼτε
516 3380 632 3432 ρον.

241 3461 361 3521 κγ’.
404 3455 547 3508 ’Λλὶυ
568 3456 690 3509 οὐδὲ
722 3457 789 3510 τά
816 3456 1139 3529 νυχθήμερα
1190 3457 1370 3512 πάντα
1391 3459 1452 3511 τὸ
1480 3458 1750 3512 ἱσαίτατον

166 3547 428 3619 ἀλλήλοις
473 3547 585 3618 ἔχει
608 3547 727 3601 κατ’
757 3547 1072 3620 ἀκρίϐειαν,
1108 3550 1247 3606 ἀλλά
1282 3552 1443 3622 μόνον
1484 3551 1624 3621 πρὸς
1649 3550 1753 3618 ἰαί-

166 3639 372 3709 σθησιν
443 3640 535 3695 ῑσα
591 3642 755 3696 δοκεῖ.
820 3642 1027 3708 Παντὸς
1084 3643 1185 3713 μὲν
1237 3644 1347 3715 γὰρ
1401 3622 1751 3716 νυχθημέρου

165 3731 346 3799 μείων
387 3732 534 3786 ἐστὶν
565 3733 599 3802 ἡ
629 3732 723 3785 τοῦ
754 3733 963 3804 κόσμου
990 3735 1287 3808 περιφορὰ,
1321 3735 1411 3789 διὰ
1438 3736 1501 3790 τὸ
1544 3734 1756 3789 καὶτὸν

158 3824 322 3895 ἥλιον
373 3824 513 3877 ἰδίαν
553 3824 826 3880 ποιεῖσθαι
849 3825 1066 3897 κίνησιν
1099 3827 1357 3890 ἐναντίως
1383 3826 1462 3899 τῷ
1489 3825 1708 3899 οὐρανῷ
1737 3841 1750 3855 ·

162 3913 481 3968 κάντεῦθεν
512 3915 624 3969 ἀπὸ
660 3916 755 3970 τοῦ
783 3915 953 3972 αὑτοῦ
997 3916 1228 3987 σημείου
1259 3917 1398 3988 πρὸς
1443 3916 1612 3972 ταυτδ
1659 3915 1755 3970 τοῦ

161 4006 419 4077 οὐρανοῦ
473 4009 933 4078 καταντήσαντος,
970 4010 1139 4081 μήπω
1164 4009 1309 4065 κατά
1340 4010 1443 4082 τὴν
1489 4010 1757 4081 ἀνατολὴν

155 4100 414 4170 ὁρᾶσθαι
459 4101 552 4154 τὸν
590 4101 764 4170 ἥλιον·
823 4102 940 4156 ἀλλ’
988 4102 1190 4157 ὁπόταν
1232 4104 1268 4173 ἡ
1297 4103 1623 4176 περιφέρεια
1659 4103 1756 4157 τοῦ

148 4192 380 4248 κύκλου
410 4192 677 4263 ἀνενεχθῇ
704 4236 719 4260 ,
771 4192 840 4265 ἠν
878 4193 946 4267 δὴ
977 4193 1059 4265 τῷ
1105 4193 1435 4267 νυχθημὲρφ
1483 4194 1628 4250 κατά
1654 4196 1755 4265 τὴν

151 4283 369 4339 ἑαυτοῦ
420 4284 674 4355 διήνυσεν
724 4286 753 4339 ό
800 4284 954 4356 ἥλιος
1003 4286 1219 4357 κίνησιν
1246 4326 1262 4352 ,
1305 4287 1425 4341 τότε
1459 4290 1556 4342 καὶ
1598 4286 1760 4342 αὐτὸν

150 4376 261 4429 ἐπὶ
291 4377 368 4445 τῇ
417 4376 655 4446 ἀνατολῇ
683 4375 996 4449 φαίνεσθαι.

234 4649 349 4702 κδ’.
393 4648 582 4705 Πάντα
635 4648 693 4702 δὲ
727 4648 796 4702 τὰ
847 4648 1170 4722 νυχθήμερα
1212 4649 1275 4704 τὸ
1302 4649 1488 4704 ἄνισον
1511 4650 1763 4722 ἀλλήλοις

140 4742 359 4809 ἔχουσι
405 4740 495 4793 διὰ
532 4741 631 4809 τὴν
664 4741 757 4792 τοῦ
812 4738 964 4813 ἡλίου
1010 4739 1226 4811 κίνησιν
1266 4738 1368 4811 τὴν
1399 4741 1761 4811 πλανητικὴν,

137 4833 253 4885 καὶ
288 4829 396 4885 τοῦ
429 4831 657 4900 ἡλιακοῦ
690 4831 891 4886 κύκλου
923 4832 983 4885 τὸ
1011 4831 1307 4901 έκκὲντρον
1352 4833 1491 4905 πρὸς
1538 4833 1632 4885 τὸν
1665 4834 1760 4887 ού-

139 4921 359 4996 ρανόν.
396 4922 458 4974 Et
492 4923 591 4993 μὲν
625 4922 734 4991 γὰρ
786 4921 921 4976 ίδίαν
969 4922 1187 4992 κίνησιν
1217 4922 1319 4976 οὐκ
1352 4918 1500 4990 εῖχεν
1529 4921 1562 4977 6
1591 4925 1765 4995 ἥλιος,

127 5014 232 5080 τῷ
266 5015 502 5084 οὐρανῷ
531 5014 588 5068 δὲ
631 5016 1050 5085 συμπεριήγετο
1078 5012 1268 5084 μόνον,
1302 5012 1395 5067 ίσα
1420 5010 1489 5086 ἦν
1512 5014 1758 5086 ἀλλήλοις

123 5106 217 5158 ἂν
252 5104 495 5158 ἅπαντα
514 5103 582 5157 τὰ
611 5103 935 5175 νυχθήμερα
966 5104 1075 5158 τῶν
1112 5104 1290 5175 ὀρθῶς
1315 5107 1759 5176 ἀναφερομένων

123 5197 247 5250 τοῦ
288 5195 577 5261 ζωδιακοῦ
601 5199 931 5268 τμημάτων,
961 5197 1134 5268 ἤγουν
1182 5196 1292 5252 τῶν
1334 5197 1565 5269 θερινῶν
1590 5214 1760 5254 κατα-

115 5289 455 5360 δυομένων
505 5289 711 5355 λοξῶς,
770 5292 863 5342 καὶ
906 5289 1016 5343 τῶν
1072 5287 1247 5355 λοξῶς
1306 5290 1758 5362 ἀναφερομένων,

1843 1969 1921 2024 illi
1962 1968 2177 2035 circuli,
2207 1971 2299 2040 qui
2325 1968 2522 2024 iisdem
2549 1968 2756 2022 centris
2820 1973 3073 2033 utuntur,
3130 1963 3424 2022 circumfe-

1844 2064 2048 2118 rentias
2067 2064 2272 2118 habent
2293 2078 2391 2118 eas
2422 2078 2546 2134 qua:
2575 2061 2627 2116 in
2663 2062 2903 2131 a'quates
2943 2064 3124 2131 partes
3154 2076 3184 2116 a
3211 2060 3423 2121 diame-

1845 2155 1947 2210 tris
1986 2166 2266 2212 secentur.

1913 2252 2004 2308 22.
2039 2252 2195 2319 Quod
2218 2253 2262 2309 si
2286 2253 2453 2325 igitur
2470 2251 2668 2307 solaris
2719 2250 2961 2307 circulus
2998 2266 3104 2306 una
3156 2266 3282 2305 cum
3334 2268 3423 2305 zo-

1845 2347 2007 2402 diaco
2032 2348 2086 2401 in
2122 2347 2412 2403 duodecim
2444 2352 2727 2416 segmenta
2743 2346 2955 2401 divisus
2977 2343 3164 2409 fuerit,
3206 2344 3419 2399 zodiaci

1847 2440 2145 2509 segmentis
2193 2454 2316 2510 quae
2374 2446 2505 2493 sunt
2556 2438 2809 2507 aequalia,
2879 2437 3168 2508 inaequalia
3221 2437 3422 2491 solaris

1846 2547 2128 2603 segmenta
2160 2533 2528 2603 subjicicntur
2556 2547 2573 2599 ;
2616 2542 2668 2586 et
2700 2532 2997 2586 niaximum
3027 2532 3245 2602 quidem
3275 2531 3425 2585 illius

1848 2636 2189 2696 segmentum
2212 2627 2344 2688 erit,
2363 2629 2507 2695 quod
2523 2627 2772 2684 Geminis
2790 2626 3108 2697 subjicitur,
3132 2627 3419 2681 minimum

1848 2718 1995 2788 quod
2027 2718 2323 2787 subiicitur
2362 2717 2665 2789 Sagittario
2692 2739 2706 2786 ;
2740 2729 2795 2774 et
2819 2720 2925 2773 alia
2955 2717 3080 2773 aliis
3131 2715 3340 2787 majora
3371 2725 3425 2770 et

1849 2809 2061 2861 minora
2123 2816 2341 2862 servata
2406 2809 2762 2878 proportione
2808 2816 2993 2863 erunt.
3053 2805 3421 2874 Quamobrem

1852 2899 2117 2956 Geminos
2159 2902 2382 2971 quidem
2445 2902 2527 2957 sol
2587 2902 2908 2969 longissimo
2945 2912 3189 2972 tempore
3250 2900 3422 2967 subii,

1854 2993 2042 3062 (altior
2068 2994 2215 3048 enim
2247 3002 2331 3048 est
2383 2996 2438 3048 in
2478 2992 2773 3063 Geminis),
2829 2994 3159 3050 brevissimo
3193 2992 3430 3061 Sagitta.

1856 3086 1996 3141 rium
2029 3086 2256 3157 (etenim
2315 3087 2368 3141 in
2413 3101 2481 3141 eo
2518 3094 2601 3143 est
2632 3086 3040 3157 humillimus);
3075 3087 3130 3141 in
3159 3086 3283 3141 aliis
3327 3100 3430 3141 auo

1852 3187 1961 3233 tem
2000 3179 2173 3250 signis
2200 3194 2327 3235 cum
2364 3181 2523 3251 juxta
2553 3179 2968 3251 proportionem
3006 3181 3082 3235 sit
3143 3180 3305 3234 altior
3335 3189 3430 3232 aut

1854 3272 2139 3339 humilior,
2200 3274 2448 3342 longiore
2498 3274 2668 3329 etiam
2720 3282 2969 3342 tempore
3028 3282 3127 3329 aut
3176 3271 3428 3328 breviore

1853 3374 2243 3422 commoratur.

1925 3456 2018 3515 23.
2051 3458 2156 3515 Sed
2191 3460 2234 3491 ⁸⁷
2259 3475 2439 3530 neque
2463 3450 2858 3530 nychthemera
2900 3457 3048 3530 [quae
3104 3458 3222 3513 dies
3270 3466 3433 3517 natu-

1856 3553 2002 3609 rales
2040 3553 2341 3622 appellant.
2380 3568 2446 3607 ex
2508 3552 2601 3607 die
2651 3560 2705 3607 et
2760 3538 2928 3606 nocte
2981 3550 3255 3607 artificiali
3290 3567 3430 3607 con-
3474 3626 3477 3631 _

1860 3646 2093 3719 stantes]
2119 3646 2224 3700 sibi
2253 3646 2490 3701 invicem
2519 3646 2742 3715 praecise
2776 3646 2960 3701 omnia
2988 3654 3120 3700 sunt
3161 3643 3389 3714 aequalia
3416 3661 3434 3709 ς

1857 3740 1953 3796 sed
1983 3750 2195 3795 tantum
2229 3739 2409 3812 quoad
2442 3744 2664 3795 sensum
2694 3737 2923 3809 aequalia
2978 3737 3253 3792 videntur.
3288 3736 3439 3804 Quo-
3530 3742 3551 3755 '

1857 3833 1942 3889 vis
1962 3834 2108 3889 enim
2139 3833 2535 3904 nychthemero
2565 3833 2753 3887 minor
2773 3841 2860 3886 est
2899 3832 3090 3887 mundi
3122 3833 3433 3897 conversio,

1861 3932 2150 4003 propterea
2177 3925 2320 3994 quod
2346 3925 2513 3980 etiam
2547 3924 2632 3981 sol
2664 3924 2949 3995 proprium
2972 3932 3182 3979 motum
3210 3937 3437 3997 peragat

1860 4018 1999 4073 coelo
2046 4018 2408 4078 contrarium,
2464 4018 2725 4088 quodque
2792 4031 2854 4071 ea
2903 4015 3070 4088 356
3118 4016 3188 4073 de
3242 4031 3434 4081 causa,

1860 4119 2147 4181 postquam
2173 4110 2242 4165 ab
2269 4110 2459 4165 eodem
2502 4120 2707 4180 puncto
2766 4109 2892 4164 εωιί
2945 4112 3012 4164 ad
3048 4111 3187 4164 idem
3238 4124 3425 4165 recur-

1864 4200 1974 4261 rit,
2027 4198 2081 4252 in
2142 4205 2270 4251 ortu
2329 4196 2569 4252 nondum
2635 4204 2913 4268 spectetur
2984 4199 3099 4267 sol,
3152 4200 3247 4255 sed
3308 4215 3435 4256 cum

1864 4288 2058 4343 circuli
2136 4288 2581 4343 circumferentia
2663 4288 2888 4344 emersit
2931 4304 3095 4359 quam
3168 4292 3435 4362 nychthe~

1863 4378 2059 4454 mero[
2090 4381 2195 4437 hoc
2247 4389 2351 4447 est,
2402 4380 2510 4436 diei
2577 4383 2844 4437 naturalis
2892 4380 3116 4453 spatio]
3150 4383 3230 4436 sol
3285 4394 3436 4438 mon:

1866 4475 2089 4544 proprio
2136 4473 2389 4543 perfecit,
2429 4482 2542 4526 tum
2580 4471 2744 4526 etiam
2808 4472 2924 4542 ipse
2963 4473 3018 4528 in
3056 4482 3181 4528 ortu
3222 4476 3440 4544 conspi-

1785 4555 1838 4616 D
1867 4564 2069 4620 ciatur.

1933 4657 2026 4713 ει.
2058 4655 2253 4713 Omnia
2293 4667 2476 4714 autem
2517 4657 2909 4729 nyclitbemera
2964 4657 3254 4728 inaequalia
3312 4669 3443 4711 sunt.

1864 4755 2098 4811 invicem
2125 4762 2348 4824 propter
2389 4761 2596 4809 motum
2623 4754 2758 4809 solis
2790 4752 3203 4817 errabundum,
3248 4761 3303 4806 et
3345 4768 3441 4805 ec-

1865 4831 2268 4902 centricitattnn
2305 4843 2506 4900 solaris
2548 4844 2742 4900 circuli
2788 4844 2857 4898 ad
2897 4842 3121 4899 cretum.
3184 4840 3241 4897 Si
3294 4842 3439 4896 enim

1867 4936 2151 5007 proprium
2176 4945 2385 4992 motum
2415 4937 2499 4992 sol
2522 4951 2632 4992 non
2660 4936 2909 5003 haberet,
2943 4936 3037 4991 sed
3072 4943 3288 4990 tantum
3313 4950 3436 4988 cum

1866 5031 2006 5087 caelo
2079 5030 2584 5101 circumageretur,
2643 5029 2875 5100 aequalia
2945 5027 3131 5083 forent
3209 5027 3441 5082 invicem

1864 5123 2052 5177 omnia
2107 5123 2522 5193 nychthemera,
2582 5122 2712 5177 dum
2757 5130 2906 5178 recte
2956 5119 3290 5190 emergentia
3351 5135 3444 5173 zo-

1870 5214 2014 5273 diaci
2044 5224 2347 5286 segmenta,
2374 5216 2425 5270 id
2468 5224 2554 5271 est
2579 5215 2792 5280 aestiva,
2824 5213 3051 5285 oblique
3086 5214 3433 5277 occiderent;

1862 5316 1917 5361 ct
1977 5306 2199 5377 oblique
2249 5308 2621 5378 emergentia.
2671 5308 2775 5363 hoc
2827 5316 2912 5363 est
2963 5306 3228 5371 hiberna,
3296 5318 3444 5360 recte

117 5386 345 5454 ἤγουν
385 5384 493 5437 τῶν
528 5382 860 5454 χειμερινῶν
888 5422 903 5447 ,
936 5382 1361 5452 καταδυομένων
1414 5383 1620 5455 ὀρθῶς·
1666 5401 1737 5438 κα

1872 5399 2237 5466 occiderent;
2294 5401 2554 5470 nullaque
2621 5401 2749 5455 hinc
2818 5398 2960 5453 foret
3020 5398 3444 5469 nychtbemero~

107 5480 321 5535 οὐδὲν
361 5480 615 5536 ἐντεῦθεν
643 5480 705 5535 τὸ
737 5481 837 5551 τῆς
886 5480 996 5534 τῶν
1026 5479 1399 5551 νυχθημέρων
1435 5481 1738 5551 ἀνισότητα

1870 5506 1990 5544 rum
2038 5491 2432 5561 inaequalitatis
2484 5508 2684 5560 causa;
2737 5491 3039 5562 aequalibus
3090 5488 3439 5565 [nimiruml

102 5577 381 5637 αἴτιον,
426 5573 560 5628 ἴσων
605 5576 692 5628 ἀεὶ
754 5573 1063 5644 γενομένων
1113 5572 1224 5626 τῶν
1271 5573 1364 5627 τοῦ
1404 5575 1622 5646 αἰθέρος
1658 5593 1738 5629 πε·

1868 5599 2087 5655 semper
2119 5586 2523 5644 exsislentibus
2540 5587 2760 5644 :etheris
2789 5588 3263 5665 conversionibus.
3302 5616 3309 5617 ν

102 5690 156 5742 ρ
174 5685 516 5739 ιστροφων.

210 5863 271 5893 ¹⁷
297 5864 566 5937 Regiam.
589 5865 639 5919 in
658 5868 800 5922 Alm.
824 5866 969 5922 Ptol.
1010 5866 1109 5921 lib.
1140 5881 1219 5931 ιιι,
1253 5880 1410 5937 prop.
1436 5862 1529 5918 τε.

506 5962 778 6022 Parnm.
830 5964 945 6024 Gn.
994 5961 1217 6022 CXLII.
2020 5976 2037 5987 ‘
2616 6016 2629 6024 ς
2970 5953 3042 6018 41
