3824 6354
333 294 356 359 1
368 295 470 360 307

1522 300 1943 359 NlCEPllOllI
1982 300 2406 362 BLEMMIDE

3426 293 3581 361 1308

318 420 582 481 tantoque
608 410 885 465 stellarum
916 412 1641 480 exercituaberraveriut,et
1668 426 1881 470 contra-
1914 443 1923 473 Α

2041 434 2078 467 ιν
2107 413 2583 484 ἀποπλανηθέντες
2614 414 2712 481 τῆς
2737 408 2828 463 τοῦ
2865 407 3247 479 στερεὼματος
3314 409 3575 478 πορείας,

318 503 403 558 ria
428 505 513 559 via
543 504 942 575 ingrediantur.

393 683 448 736 8.
488 684 618 738 Dico
665 694 843 740 autem
882 686 995 741 lucc
1026 688 1204 756 quoad
1230 689 1622 758 apparentiam,
1648 691 1892 760 quando-

324 774 548 843 quidem
583 777 755 831 solum
788 777 1024 848 primum
1052 781 1253 835 cmlum
1286 798 1352 835 ex
1383 782 1606 836 ortibus
1638 782 1696 835 in
1731 796 1891 835 occa-

327 884 422 924 sus
453 867 582 924 ferri
609 873 886 941 cognitum
915 881 1017 937 est,
1052 873 1195 941 quod
1240 887 1426 928 secum
1479 878 1643 928 etiam
1697 888 1894 928 secun-

327 959 483 1024 dum,
538 976 734 1030 nempe
795 962 1224 1029 ﬁrmamentum,
1275 966 1619 1035 circumagit.
1682 964 1895 1019 Firma-

331 1059 571 1104 mentum
608 1052 969 1136 cuiimipsum
1011 1070 1226 1124 quoque
1261 1056 1328 1108 ab
1362 1056 1650 1109 occasibus
1688 1055 1754 1108 ad
1807 1069 1898 1109 or-

284 1149 423 1197 -tus
456 1158 578 1196 cum
639 1145 815 1198 stellis
873 1161 992 1215 quae
1051 1147 1359 1201 inerrantes
1412 1147 1672 1201 dicuntur
1720 1145 1898 1200 fertur

254 1312 261 1318 .
333 1235 657 1289 naturaliter
696 1236 779 1304 ";
815 1238 908 1291 sed
961 1248 1179 1307 propter
1234 1238 1618 1308 hujuscemodi
1670 1240 1896 1295 erratici

332 1335 515 1384 motus
545 1345 812 1385 summam
876 1334 1188 1387 tarditatem
1242 1348 1465 1388 sensum
1520 1334 1733 1401 eﬁ'ugit.
1761 1334 1897 1388 Cum

332 1422 478 1475 enim
526 1422 578 1475 in
608 1432 876 1479 trecentas
910 1428 1187 1495 sexaginta
1222 1437 1406 1495 partes
1439 1428 1625 1498 quivis
1655 1428 1902 1483 circulus

335 1514 635 1580 dividatur,
663 1532 825 1569 unam
851 1526 1060 1585 partem
1089 1534 1232 1574 anno
1262 1521 1563 1575 centesimo
1595 1521 1904 1575 ﬁrmamen-

336 1615 450 1660 tum
484 1606 783 1675 planctarie
814 1610 1042 1664 transire
1058 1612 1401 1665 observatum
1431 1613 1681 1669 est."-":
1708 1629 1906 1668 secun-

341 1699 469 1753 dum
486 1700 698 1770 aliquos
719 1710 929 1779 autem,
950 1720 1054 1758 nou
1081 1716 1311 1774 partem,
1337 1706 1429 1762 sed
1456 1708 1624 1777 partis
1653 1722 1906 1779 segmen-

341 1803 455 1846 tum
496 1794 805 1850 minimum.
842 1796 1185 1868 Quapropter
1232 1801 1419 1869 utique
1469 1817 1533 1855 ex
1594 1800 1906 1870 hujusmodi

338 1886 563 1955 praprio
587 1895 641 1941 et
671 1890 904 1943 naturali
936 1899 1087 1944 motu
1125 1891 1457 1947 firmamenti
1496 1894 1733 1962 primum
1786 1908 1898 1947 c03-

340 1976 457 2028 lum
493 1977 639 2047 quod
693 1995 805 2034 non
853 1981 1073 2036 videtur
1114 1983 1557 2037 animadversum
1614 1993 1699 2039 est
1742 1984 1910 2038 abiis

339 2070 434 2138 qui
473 2071 523 2123 in
556 2071 698 2127 hanc
725 2074 1141 2143 inquisitionem
1175 2075 1422 2129 studiose
1454 2074 1839 2130 iueubuerunt.

413 2163 467 2219 9.
495 2163 780 2232 Proprium
814 2182 944 2237 ergo
981 2168 1130 2222 hunc
1159 2180 1365 2223 malum
1416 2170 1646 2239 planetu:
1681 2170 1908 2237 obeunt,

340 2258 563 2327 qualem
620 2259 852 2317 dicimus
891 2277 907 2327 ;
942 2262 1103 2315 simul
1145 2271 1333 2335 autem
1385 2263 1547 2323 etiam
1597 2279 1718 2317 cum
1778 2263 1915 2316 coelo

344 2349 814 2419 circumaguntur,
863 2368 986 2407 cum
1047 2354 1430 2409 conversionis
1478 2353 1651 2423 ipsius
1709 2356 1913 2423 impc-tu

346 2443 513 2513 379
542 2454 895 2514 superantur.
934 2444 997 2499 Et
1049 2446 1177 2501 hinc
1222 2448 1384 2501 etiam
1437 2447 1541 2511 Sul,
1570 2448 1663 2517 qui
1698 2446 1907 2516 (annuo

348 2538 549 2606 spatio)
599 2541 879 2609 proprium
939 2551 1143 2595 motum
1199 2541 1585 2611 planetariusu,
1625 2543 1774 2596 illum
1825 2544 1918 2611 qui

351 2631 424 2683 ab
455 2632 745 2687 occasibus
775 2641 860 2687 est
887 2635 954 2685 ad
978 2643 1136 2687 ortus
1192 2635 1418 2702 implet,
1462 2650 1573 2689 uno
1605 2633 1693 2689 die
1724 2642 1779 2689 et
1825 2650 1922 2688 no-

356 2731 445 2777 cte
470 2738 568 2793 per
622 2725 963 2778 contrarium
1023 2723 1278 2798 [motum]
1305 2742 1369 2780 ex
1422 2727 1611 2781 eodem
1660 2728 1726 2780 ad
1778 2726 1917 2781 idem

352 2827 617 2885 punctum
649 2826 705 2871 et
749 2817 1029 2887 aliquanto
1078 2820 1318 2889 amplius
1374 2818 1683 2883 revertitur,
1716 2829 1776 2873 ut
1829 2819 1922 2889 qui

352 2907 479 2963 ωδιί
530 2908 730 2979 impetu
781 2912 1030 2965 trahatur
1082 2923 1137 2967 et
1194 2913 1624 2984 circumagatur.
1680 2893 1926 2968 Proinde

354 3000 783 3055 circumactione
798 3017 919 3071 quae
948 3002 1048 3070 ipsi
1078 3018 1107 3055 a
1141 3003 1282 3058 caelo
1314 3012 1418 3069 est,
1446 3004 1658 3057 dierum
1699 3013 1753 3057 et
1825 3018 1922 3057 no.

358 3094 528 3147 ctium
561 3109 727 3149 causa
767 3094 1029 3160 ellicitur;
1060 3096 1294 3159 dierum,
1366 3097 1494 3152 dum
1533 3111 1696 3166 supra
1725 3104 1923 3150 terram

360 3187 554 3252 turtur,
590 3184 859 3252 noctium,
890 3186 1019 3241 dum
1076 3186 1219 3242 intra
1274 3197 1477 3242 terram
1510 3207 1525 3243 :
1557 3188 1651 3244 sed
1689 3196 1930 3257 quatuor

363 3280 623 3331 horarum
658 3292 754 3330 seu
788 3286 1056 3331 staturum
1087 3278 1212 3329 anni
1243 3287 1575 3347 temporum,
1615 3286 1765 3331 motu
1796 3290 1928 3347 pro-

363 3371 485 3441 prio
512 3370 818 3441 planetarin
850 3385 945 3425 seu
972 3369 1227 3422 erratico.

433 3461 525 3517 10.
562 3461 698 3515 Cum
732 3462 876 3515 enim
913 3459 1291 3530 hujuscemodi
1337 3474 1421 3514 sui
1449 3467 1630 3515 motus
1664 3460 1928 3516 circulum

363 3554 468 3607 sub
524 3553 864 3607 ﬁrmamento
897 3552 1118 3620 oblique
1167 3551 1439 3620 jacentem
1473 3552 1695 3617 habeat,
1728 3560 1781 3605 et
1814 3551 1934 3605 dum

367 3649 511 3703 illius
534 3657 717 3718 partes
748 3662 871 3716 quae
899 3644 1345 3701 suntsecundum
1367 3645 1695 3699 diametrum
1743 3645 1937 3700 mediis

366 3740 691 3796 ﬁrmamenti
728 3741 974 3810 partibus
1017 3755 1080 3795 ex
1128 3740 1358 3793 adverso
1404 3738 1684 3794 collocatae
1723 3738 1858 3801 sint,
1885 3746 1938 3793 ct

366 3834 610 3890 vicissim
664 3832 897 3886 duarum
958 3832 1185 3887 aliarum
1235 3830 1496 3899 partium,
1529 3845 1652 3899 qua:
1698 3842 1753 3884 et
1803 3831 1948 3898 ipsa}.

368 3927 865 3982 suut.secundum
918 3926 1273 3986 diametrum,
1315 3939 1424 3978 una
1475 3925 1541 3977 ad
1604 3923 1941 3987 borealiores

369 4018 697 4073 ﬁrmamenti
724 4028 924 4086 partes.
960 4020 1129 4071 altera
1193 4017 1260 4070 ad
1310 4016 1669 4072 australiores
1697 4018 1935 4086 vergat:

372 4111 812 4182 quandoquidem
864 4126 959 4165 eas
1010 4117 1259 4180 peragrat
1308 4118 1523 4179 partes,
1577 4125 1700 4181 qua!
1752 4110 1945 4165 mediis

374 4202 701 4257 ﬁrmamenti
752 4202 998 4271 partibus
1074 4202 1332 4270 subiecta:
1392 4210 1550 4269 sunt,
1606 4202 1945 4269 aequinoctia

375 4295 574 4360 efﬁcit;
630 4309 906 4355 vernum,
965 4310 1089 4349 cum
1145 4297 1213 4349 ab
1272 4294 1603 4349 australibus
1651 4292 1946 4366 [partibus]

378 4389 647 4453 ascendit,
682 4388 1015 4452 autumnale,
1052 4402 1177 4443 cum
1205 4402 1234 4440 a
1274 4387 1587 4443 borealibus
1611 4386 1942 4451 revertitur;

1993 508 2087 562 καὶ
2144 508 2238 562 τοῦ
2270 507 2527 562 τοσούτου
2567 506 2676 559 τῶν
2705 505 2950 574 ἀστέρων
2989 500 3308 573 ὲσμοῦ,’καί
3346 500 3446 568 τὴν
3492 500 3581 551 ὲν-

1992 602 2183 654 αντίαν
2222 602 2551 671 βαδίζοντες.

2063 691 2132 762 η’.
2168 691 2352 745 Ταῦτα
2390 692 2447 746 δὲ
2490 692 2632 761 λέγω
2652 691 2791 763 προς
2819 692 2878 743 τδ
2910 688 3262 758 φαινόμενον·
3341 688 3465 740 ἐπει
3496 688 3586 741 τοί

1993 799 2056 851 γε
2088 784 2247 853 μόνος
2273 786 2300 837 ό
2327 782 2542 854 πρῶτος
2571 783 2805 852 οὐρανὸς
2837 783 2896 847 ἐξ
2946 780 3227 835 ἀνατολῶν
3254 781 3334 842 εἰς
3366 779 3587 849 δυσμὰς

1995 875 2297 943 φερόμενος
2353 876 2622 943 ἔγνωσται
2678 876 3086 945 συμπεριὰγων
3141 873 3323 942 ἑαυτῷ
3364 872 3459 925 καὶ
3492 872 3595 925 τὸν

1995 967 2269 1037 δεύτερον,
2300 968 2362 1020 τὸ
2394 969 2702 1039 στερέωμα.
2734 967 2808 1020 Τὸ
2842 966 2947 1035 γὰρ
2982 965 3270 1037 στερέωμα
3306 964 3399 1018 καὶ
3449 964 3592 1018 αύτὸ

1998 1060 2133 1130 πρὶς
2169 1059 2383 1129 δυσμὰς
2439 1058 2500 1123 ἐξ
2552 1058 2830 1112 ἀνατολῶν
2904 1058 3059 1128 μετὰ
3094 1057 3205 1110 τῶν
3269 1057 3592 1124 λεγομένων

2001 1153 2264 1206 ἀπλανῶν
2288 1153 2534 1224 ἀστέρων
2563 1153 2810 1222 φέρεται.
2831 1150 3077 1221 φυσικῶς
3099 1167 3114 1183 ·
3157 1150 3246 1202 διὰ
3278 1148 3335 1201 δὲ
3367 1148 3432 1201 τὸ
3456 1148 3594 1219 βρα-

2000 1247 2234 1300 δύτατον
2266 1246 2367 1314 τῆς
2405 1245 2665 1315 τοιαύτης
2691 1243 3033 1315 πλανητικῆς
3058 1244 3328 1314 κινήσεως
3363 1242 3593 1295 διαλανο

2004 1340 2153 1394 θάνει
2180 1339 2280 1410 τὴν
2302 1337 2573 1407 αἴσθησιν.
2627 1338 2719 1401 Εἰς
2753 1338 2946 1408 μοίρας
2992 1338 3101 1407 γὰρ
3160 1337 3427 1404 ἑξήκοντα
3484 1335 3585 1386 καὶ

2004 1434 2321 1504 τριακοσίας
2357 1429 2451 1484 τοῦ
2490 1430 2689 1493 παντὸς
2737 1430 2938 1483 κύκλου
2991 1430 3400 1498 διαιρουμένου,
3461 1428 3591 1497 μίαν

2010 1529 2206 1596 μοῖραν
2270 1524 2391 1578 καθ’
2458 1525 2693 1578 ἕκαστον
2742 1523 2862 1586 ἔτος
2908 1525 3206 1594 τετήρηται
3263 1523 3586 1592 διέρχεσθαι
3626 1520 3637 1533 ⁸

2009 1616 2356 1687 ττλανητικῶς
2387 1617 2447 1671 τὸ
2484 1617 2791 1686 στερέωμα·
2827 1617 2967 1669 κατά
2997 1633 3146 1677 τινας
3182 1614 3229 1668 δ’
3255 1615 3315 1667 ού
3372 1617 3593 1682 μοῖραν,

2013 1710 2149 1765 ἀλλὰ
2195 1709 2391 1779 τμῆμα
2451 1709 2644 1779 μοίρας
2707 1708 3004 1776 ὀλίγιστον.
3064 1707 3156 1759 Διὸ
3207 1706 3272 1776 δὴ
3332 1707 3444 1758 κὰκ
3495 1706 3596 1772 τῆς

2012 1803 2265 1873 τοιαύτης
2296 1802 2433 1865 ἰδίας
2463 1802 2558 1855 καὶ
2586 1804 2823 1871 φυσικῆς
2853 1802 3123 1871 κινήσεως
3152 1800 3247 1854 τοῦ
3275 1798 3595 1869 στερεὼμαο

2010 1915 2121 1961 τος,
2146 1900 2173 1950 ό
2197 1896 2411 1966 πρῶτος
2459 1882 2689 1964 οὐρανὸς
2720 1895 2748 1948 ό
2806 1894 2881 1963 μὴ
2922 1893 3200 1965 ὁρώμενος
3222 1893 3466 1963 ἑώραται
3502 1907 3595 1941 νο-

2013 1992 2152 2062 ερῶς
2175 1991 2285 2052 τοῖς
2318 1978 2419 2059 τὴν
2450 1987 2703 2054 ἐξέτασιν
2736 1987 2946 2056 ταύτην
2987 1988 3301 2056 φιλοπόνως
3361 2001 3601 2054 ποιησα-

2017 2083 2224 2151 μένοις.

2087 2175 2151 2226 0'.
2180 2170 2290 2242 Τὴν
2323 2170 2420 2241 μὲν
2449 2169 2544 2225 οὖν
2580 2170 2721 2224 ἰδίαν
2748 2169 2965 2239 κίνησιν
2989 2168 3039 2223 οἱ
3066 2168 3337 2236 πλάνητες
3375 2165 3599 2220 ποιοῦνο

2017 2283 2107 2321 ται
2142 2266 2418 2334 τοιαύτην,
2457 2263 2576 2317 οἵαν
2619 2264 2926 2334 εἰρήκαμεν
2954 2280 2967 2293 ·
3025 2263 3501 2332 συμπεριὼίονται
3546 2262 3602 2315 δὲ

2020 2358 2114 2408 καὶ
2148 2354 2222 2424 τῷ
2260 2353 2477 2425 ούρανῷ
2502 2356 2567 2424 τῇ
2600 2354 2749 2423 ῥύμῃ
2775 2357 2873 2422 τῆς
2901 2352 3064 2406 αὑτοῦ
3090 2355 3264 2421 φορᾶς
3288 2353 3602 2418 ἐκνικώμε-

2023 2465 2123 2500 νοι.
2168 2447 2481 2500 Κάιιτεῦοεν
2512 2449 2539 2498 ὁ
2576 2445 2722 2514 ἥλιος
2763 2445 2830 2498 δι’
2884 2444 3136 2498 ἐνιαυτοῦ
3170 2445 3268 2513 τὴν
3292 2444 3443 2513 ,ἰδίαν
3499 2444 3605 2512 (κι-

2025 2539 2201 2609 νησιν)
2231 2538 2544 2609 ἐκπληρῶν,
2575 2539 2674 2607 τὴν
2721 2539 3085 2609 πλανητικὴν,
3115 2540 3215 2601 τὴν
3251 2540 3315 2590 ὲκ
3379 2535 3604 2606 δυσμῶν

2024 2633 2103 2693 εἷς
2151 2630 2438 2696 ἀνατολὰς,
2482 2633 2538 2684 ἐν
2591 2632 2773 2702 ἡμέρᾳ
2826 2630 2926 2701 μιᾷ
2986 2631 3085 2684 καὶ
3144 2631 3321 2693 νυκτὶ,
3367 2630 3456 2682 διὰ
3505 2630 3606 2697 τῆς

2026 2726 2272 2789 ἐναντίας
2311 2727 2375 2779 ἐκ
2431 2724 2523 2779 τοῦ
2569 2724 2736 2780 αὑτοῦ
2783 2727 2865 2788 εἰς
2915 2726 2976 2778 τὸ
3031 2725 3166 2779 αὐτὸ
3209 2725 3303 2778 καί
3331 2743 3381 2777 τι
3442 2726 3612 2777 πλέον

2026 2818 2489 2881 ἀποκαθίσταται,
2524 2818 2627 2871 una
2652 2812 2749 2888 τῆς
2785 2819 3016 2886 ούρανου
3072 2818 3255 2888 ῥύμης
3313 2817 3608 2883 ἑλκόμενος

2008 2913 2120 3010 ⁸καὶ
2174 2909 2598 2979 περιαγόμενος.
2651 2911 2750 2962 Δια
2810 2909 2909 2979 μὲν
2954 2903 3048 2962 οὗν
3079 2908 3177 2977 τῆς
3236 2908 3334 2963 σὺν
3391 2907 3613 2977 ούρανῷ

2028 3000 2389 3073 περιαγωγῆς
2431 3003 2605 3066 αἴτιος
2625 3002 2836 3070 γίνεται
2866 3001 2976 3055 τῶν
3010 3000 3238 3072 ἡμερῶν
3270 3018 3329 3053 τε
3363 3001 3456 3053 καὶ
3500 3001 3613 3052 τῶν

2029 3093 2574 3164 νυκτῶν,ύπέργειος
2628 3094 2926 3163 φερόμενος
2985 3094 3099 3147 τῶν
3161 3093 3414 3163 ἡμερῶν,
3476 3093 3613 3146 ὑπό-

2034 3203 2183 3254 γειος
2215 3184 2325 3237 τῶν
2354 3185 2568 3237 νυκτῶν
2590 3200 2604 3214 ·
2633 3185 2721 3237 διὰ.
2747 3185 2803 3237 δὲ
2834 3185 2932 3253 τῆς
2963 3186 3171 3249 οἰκείας
3200 3187 3470 3255 κινήσεως
3516 3186 3616 3254 at";

2031 3280 2375 3357 πλανητικῆς
2407 3277 2518 3331 τῶν
2546 3279 2832 3347 τεσσάρων
2864 3276 3046 3348 ὡρῶν.

2107 3467 2158 3515 ι’.
2206 3459 2387 3529 Ἐχων
2414 3460 2524 3529 γὰρ
2555 3457 2648 3512 τὸν
2687 3459 2790 3527 τῆς
2828 3459 3086 3529 τοιαύτης
3135 3458 3300 3513 αὐτοῦ
3342 3460 3617 3529 κινήσεως

2034 3554 2257 3618 κύκλον,
2316 3552 2421 3605 ὑπὸ
2449 3553 2507 3605 τὸ
2560 3551 2849 3620 στερέωμα
2900 3550 3236 3621 βεϐλημένον
3281 3551 3475 3618 λοξῶς,
3508 3552 3615 3604 τῶν

2041 3647 2140 3718 μὲν
2172 3646 2268 3699 δύο
2297 3645 2483 3715 μερῶν
2510 3643 2673 3697 αὑτοῦ
2706 3645 2813 3697 τῶν
2844 3647 2988 3696 κατὰ
3036 3645 3352 3715 διάμετρον,
3385 3645 3615 3711 ἀντικρὺ

2038 3737 2390 3808 τεταγμένων
2425 3740 2539 3801 τοῖς
2594 3738 2777 3806 μέσοις
2811 3737 2906 3790 τοῦ
2964 3736 3345 3806 στερεώματος
3400 3738 3614 3806 μέρεσι,

2038 3832 2149 3884 τῶν
2177 3832 2383 3902 ἑτέρων
2416 3832 2466 3884 δ’
2498 3828 2564 3884 αὖ
2603 3831 2697 3883 δύο
2736 3829 2943 3900 μερῶν,
3003 3830 3148 3883 κατὰ
3194 3829 3493 3898 διάμετρον
3528 3835 3617 3879 καὶ

2042 3924 2248 3987 αὐτῶν,
2285 3922 2380 3976 τοῦ
2419 3923 2518 3992 μὲν
2549 3922 2904 3985 ὑπονεύοντος
2934 3924 3071 3991 πρὸς
3096 3922 3211 3983 τοῖς
3256 3919 3620 3989 βορειοτέροις

2040 4018 2135 4071 τοῦ
2178 4017 2585 4087 στερεὼματος,
2628 4014 2724 4069 τοῦ
2757 4015 2813 4069 δὲ
2873 4015 3010 4086 πρὶς
3060 4017 3175 4077 τοῖς
3232 4015 3575 4082 νοτιωτέροις
3602 4028 3618 4043 ·

2043 4109 2131 4163 ὅτε
2165 4108 2263 4177 μὲν
2294 4106 2566 4175 διέρχεται
2599 4104 2668 4157 τὰ
2698 4105 2801 4157 ὑπὸ
2823 4103 2891 4156 τὰ
2920 4105 3061 4173 μέσα
3089 4102 3184 4155 τοῦ
3217 4101 3619 4170 στερεῶματος,

2045 4200 2142 4262 τὰς
2173 4198 2462 4268 ἰσημερίας
2501 4197 2685 4249 ποιεῖ·
2720 4193 2819 4265 τὴν
2862 4192 3101 4264 ἐαρινὴν,
3143 4191 3251 4244 ἀπὸ
3272 4191 3385 4244 τῶν
3433 4189 3622 4241 νοτίων

2048 4291 2361 4361 ἐρχόμενος·
2399 4288 2755 4358 ὑποστρέφων
2790 4290 2852 4341 ἐκ
2885 4286 2993 4339 τῶν
3024 4283 3409 4356 βορεῖωνιτὴν
3438 4282 3622 4350 φθινο-

2050 4383 2321 4456 πωρινὴν·
2384 4381 2474 4435 ὅτε
2526 4381 2584 4434 δὲ
2615 4381 2679 4433 τὸ
2707 4379 2802 4433 τοῦ
2838 4379 3040 4433 οἰκείου
3089 4378 3293 4431 κύκλου
3326 4379 3526 4447 τμῆμα
3567 4374 3625 4426 τὸ

375 4484 595 4556 quando
651 4493 830 4537 autem
886 4482 969 4536 sui
1031 4480 1236 4550 proprii
1273 4479 1467 4534 circuli
1500 4479 1923 4534 borealissimuu

2052 4477 2395 4549 βορειότατον
2427 4476 2610 4540 δίεισι,
2636 4476 2757 4527 τότε
2780 4475 2876 4543 τὴν
2908 4471 3129 4542 θερινὴν
3162 4470 3315 4540 ῶραν
3346 4468 3624 4522 ἀποτελεῖ·

379 4583 717 4647 segmentum
739 4573 905 4644 390
917 4573 1038 4642 (sic)
1056 4578 1324 4642 peragrat,
1353 4582 1465 4625 tum
1486 4572 1728 4627 aestivam
1755 4572 1943 4626 horam

377 4666 662 4736 producit;
711 4667 998 4721 hibernam
1044 4681 1263 4731 rursus,
1320 4678 1446 4719 cum
1496 4665 1796 4719 australius
1852 4664 1937 4718 sui

378 4759 571 4815 circuli
599 4769 942 4830 segmentum
984 4758 1277 4825 percurrit.

454 4856 538 4910 il.
572 4853 740 4909 Porro
782 4855 828 4886 ³⁸
858 4854 1031 4923 prima
1074 4867 1103 4905 a
1148 4852 1489 4906 ﬁrmamento
1518 4850 1673 4906 abest
1713 4848 1948 4904 erratica

388 4949 545 5002 sti-lla
582 4947 874 5009 Saturnus,
909 4946 1001 5013 qui
1051 4945 1216 4999 etiam
1273 4944 1509 4998 leuou
1566 4952 1815 5006 vocatur,
1850 4939 1943 5011 qui

382 5039 663 5111 proprium
704 5037 972 5094 circulum
1008 5035 1230 5105 triginta
1271 5049 1539 5088 annorum
1575 5034 1754 5099 spatio
1790 5046 1953 5101 pera-

384 5145 529 5205 grat.
557 5132 705 5188 Infra
756 5132 903 5186 hunc
959 5140 1045 5186 est
1074 5130 1308 5198 Jupiter,
1343 5127 1435 5198 qui
1470 5132 1631 5182 etlam
1664 5123 1948 5180 Phaethon

380 5225 604 5291 dicitur,
660 5222 1018 5294 planetariam
1082 5237 1239 5277 suam
1298 5219 1583 5290 periodum
1657 5216 1949 5270 duodecim

376 5318 537 5373 annis
568 5317 880 5375 absolvens.
909 5317 1043 5372 Post
1082 5316 1235 5371 illum
1285 5322 1338 5367 et
1384 5314 1485 5367 sub
1522 5311 1617 5365 illo
1646 5318 1731 5365 est
1788 5308 1953 5373 Mars,

378 5412 473 5481 qui
502 5411 663 5467 etiam
691 5409 881 5480 Pyrois
924 5409 1144 5476 dicitur,
1180 5406 1395 5462 duobus
1440 5404 1599 5458 annis
1630 5411 1685 5457 et
1719 5402 1959 5472 quinque

381 5507 663 5563 mensibus
709 5522 773 5560 ac
817 5504 1099 5574 aliquanto
1183 5498 1390 5568 majore
1443 5497 1627 5568 spatio
1678 5493 1957 5565 propriam

2052 4568 2151 4640 τὴν
2185 4567 2504 4642 χειμερινὴν
2558 4564 2741 4629 πάλιν,
2771 4564 2855 4615 ὅτε
2882 4562 2943 4614 τὸ
2977 4559 3317 4630 νοτιώτερον.

2132 4840 2220 4889 ια’.
2261 4832 2564 4901 ’Δφέστηκε
2593 4829 2650 4882 ἢ
2681 4827 2896 4899 πρῶτος
2920 4825 3017 4878 τοῦ
3059 4821 3444 4894 στερεὼματος
3495 4823 3632 4878 πλά-

2046 4945 2145 4997 νης
2173 4926 2351 4998 ἀστὴρ
2386 4924 2618 4994 Κρόνος,
2643 4922 2671 4972 ό
2704 4921 2800 4973 καὶ
2858 4918 3073 4973 Φαίνων
3128 4914 3486 4985 καλούμενος,
3543 4916 3632 4967 τὶν

2046 5022 2246 5074 οἰκεῖον
2270 5018 2471 5072 κύκλον
2500 5016 2568 5069 δι’
2595 5013 2731 5068 ἐτῶν
2758 5013 3057 5083 τριάκοντα
3088 5012 3439 5081 διερχόμενος
3465 5049 3483 5065 .
3518 5012 3632 5063 Κα-

2047 5117 2272 5186 τωτέρω
2294 5114 2480 5167 τούτου
2512 5114 2668 5173 Ζεὺς,
2701 5113 2728 5162 ὁ
2756 5113 2851 5162 καὶ
2879 5109 3122 5170 Φαέθων,
3148 5107 3486 5177 δωδεκαετίᾳ
3534 5103 3633 5175 τὴν

2062 5209 2230 5265 αὐτοῦ
2265 5208 2605 5275 πλανητικὴν
2643 5202 2961 5273 ἀπαρτίζων
3006 5201 3279 5267 περίοδον.
3310 5200 3445 5254 Μετ’
3472 5199 3638 5253 αὐτόν

2060 5319 2117 5356 τε
2151 5302 2245 5355 καὶ
2279 5299 2371 5352 ὑπ’
2412 5297 2575 5350 αὑτὸν
2605 5297 2779 5364 Ἀρης
2836 5296 2864 5346 ό
2914 5293 3009 5345 καὶ
3065 5292 3297 5359 Πυρόεις
3351 5291 3497 5342 ἔτεσι
3543 5287 3638 5341 δύο

2065 5396 2160 5448 καὶ
2205 5393 2339 5463 μησὶ
2381 5391 2543 5443 πέντε
2594 5390 2691 5441 καί
2736 5388 2872 5455 πρὸς
2910 5385 3008 5454 τὴν
3067 5383 3206 5436 ἰδίαν
3262 5378 3636 5451 περιστροφὴν

2068 5482 2383 5552 ἐκπληρῶν.
2431 5476 2569 5533 Εἶτα
2597 5479 2857 5549 τέταρτος
2889 5475 3151 5530 καὶκατὰ
3177 5474 3236 5527 τὸ
3267 5472 3363 5525 τοῦ
3422 5472 3637 5541 αἱθέρος

463 5717 506 5747 ³¹
532 5712 852 5783 Regiomon.
875 5710 930 5783 in
951 5706 1090 5762 Ptol.
1113 5707 1325 5783 Almag.
1347 5706 1727 5783 lib.vu._pr0p,
1753 5697 1867 5783 ξζιιι
1899 5712 2013 5783 seq.
2081 5687 2520 5783 "7-"LR‘einhold.
2558 5686 2610 5739 iu
2636 5683 2851 5738 tabulas
2874 5678 3190 5735 Prutenicas
3236 5692 3288 5746 ιι.
3430 5677 3478 5707 ⁸⁸
3496 5675 3633 5733 Vide

391 5762 1011 5859 snpré'é'iiéiii'pizss;
1046 5778 1205 5833 Macr.
1232 5762 1392 5840 l.'t,c.
1427 5774 1529 5836 19;
1564 5762 1722 5824 Mart.
1750 5768 1878 5839 Cap.
1913 5762 2117 5823 lih.vtit
2147 5763 2247 5820 sub
2265 5762 2448 5815 ﬁnem.
3339 5769 3351 5781 ιη
