3824 6354
152 347 289 461 lb’i3

1375 406 1708 468 EPITOME
1742 406 2088 470 PHYSICA.

3263 409 3400 475 1314

142 511 450 578 τηνικαῦτα
483 513 646 581 μέσον
680 516 710 586 ἠ
745 516 813 585 γῆ
837 558 851 582 ,
888 522 1029 575 κατὰ
1065 521 1195 591 μίαν
1229 522 1443 578 εὐθεῖαν
1464 566 1479 592 ,
1519 525 1716 579 κωλύει

1839 522 2217 593 'eperiaturiu
2270 523 2458 579 eadem
2508 524 2652 581 linea
2708 532 2880 590 recta,
2936 524 3189 596 prohibet
3222 526 3411 579 lunam

145 604 243 674 τὴν
280 605 509 675 σελήνην
543 609 662 670 ταῖς
697 608 755 676 ἐξ
791 610 943 680 ήλίου
978 611 1323 684 λαμπηδόσιν
1358 617 1718 687 αὐγάζεσθαι.

148 697 259 749 Καὶ
322 698 449 750 ὅσον
506 699 676 768 αὐτῆς
739 702 906 772 μέρος
959 706 1080 769 ταῖς
1126 709 1380 777 ἡλιακαῖς
1426 712 1642 765 ἀκτῖσιν
1662 710 1722 763 ού

146 792 604 862 καταλάμπεται,
661 797 810 865 μένει
872 797 1033 852 τοῦτο
1094 804 1329 872 πάμπαν
1394 803 1721 871 ἀφώτιστον.

156 883 360 938 Ἐνίοτε
386 886 443 939 δέ
472 887 567 940 καὶ
592 890 743 943 πᾶσα
770 891 1052 960 ζοφοῦται,
1072 896 1165 947 καὶ
1187 898 1248 948 τὸ
1275 898 1391 966 φῶς
1416 899 1535 951 ὅλον
1561 899 1727 951 ἀπόλ-

145 973 320 1041 λυσιν,
346 974 420 1040 ὡς
448 979 541 1031 καὶ
569 979 747 1033 δοκεῖν
772 982 1126 1052 ἡφαντῶσθαι
1156 987 1250 1040 καὶ
1280 987 1414 1058 μηδέ
1440 989 1532 1040 τὸν
1556 989 1722 1041 τιεπον

145 1068 205 1121 ἐν
245 1061 396 1140 ᾧπερ
440 1067 508 1140 ἦν
550 1072 688 1135 ὅλως
729 1074 1213 1141 διαγινώσκεσθαι,
1255 1079 1331 1147 τῷ
1380 1081 1516 1149 μηδέ
1563 1083 1726 1133 σκιὰν

147 1161 321 1230 αὐτῆς
351 1164 453 1216 κᾶν
482 1165 611 1231 γοῦν
638 1166 887 1237 ἀμυδράν
916 1158 1037 1223 ⁸ἑινα
1070 1170 1493 1241 περισώζεσθτι.
1530 1171 1725 1226 Τοιαύ-

146 1271 247 1324 της
278 1258 373 1308 καὶ
401 1259 562 1326 ήμετς
590 1262 916 1332 σεληνιακῆς
946 1262 1241 1333 ἐκλείψεως
1273 1263 1540 1318 αὐτόπται
1571 1266 1729 1334 γεγό-

146 1362 339 1415 ναμεν.

220 1438 324 1506 κβ⁸.
363 1440 421 1494 ὐ
453 1441 552 1512 μὲν
579 1443 671 1498 οὖν
695 1445 845 1515 ἥλιος
874 1450 936 1503 ἐκ
964 1450 1073 1502 τῶν
1104 1451 1444 1520 φαινομένων
1471 1453 1600 1522 περὶ
1626 1451 1727 1516 τὰς

147 1530 250 1601 τῆς
286 1533 513 1604 σελήνης
541 1536 813 1606 ἐκλείψεις
845 1540 1046 1611 μείζων
1076 1540 1174 1613 τῆς
1202 1543 1303 1612 γῆς
1338 1544 1726 1605 ἀνενδοιάστως

147 1623 479 1691 γινώσκεται
503 1642 517 1655 ο
564 1631 658 1681 καὶ
715 1631 803 1685 διὰ
844 1620 1021 1687 ’τοῦτο
1050 1624 1333 1706 γινόμενος
1364 1638 1465 1690 ὑπὸ
1494 1637 1632 1707 γῆν,
1664 1639 1725 1691 ού

148 1714 418 1769 κωλύεται
461 1719 591 1788 παρ’
621 1721 791 1789 αὐτῆς
830 1724 921 1801 είς,
951 1725 1012 1778 τὺ
1051 1726 1144 1778 τοῦ
1189 1726 1411 1797 αἰθέρος
1454 1726 1588 1798 ὕψος
1628 1731 1725 1793 τὰς

146 1806 355 1869 οἰκείας
383 1810 689 1879 ἐκπέμπειν
712 1815 907 1883 αύγάς.
937 1816 1338 1891 Περιεχομένης
1364 1823 1471 1891 γὰρ
1501 1822 1607 1875 ὑπὸ
1631 1821 1724 1875 τοῦ

149 1899 303 1970 ἡλίου
336 1899 436 1970 τῆς
471 1904 573 1972 γῆς
607 1905 694 1957 διὰ
725 1908 822 1976 τὴν
857 1908 1059 1980 ταύτης
1096 1915 1472 1983 σμικρότητα,
1512 1916 1627 1977 πῶς
1662 1914 1727 1969 ἂν

147 1991 449 2047 κωλυθεῖεν
501 1996 559 2048 αἱ
600 1998 819 2063 ἀκτῖνες
857 2001 922 2055 ἐκ
956 2002 1066 2056 τῶν
1100 2004 1285 2076 ἄκρων
1341 2008 1512 2077 αὐτῆς
1554 2009 1633 2071 είς
1668 2008 1727 2061 τὸ

148 2085 248 2139 τοῦ
284 2087 503 2158 αἰθέρος
536 2089 669 2160 ὕψος
702 2090 1115 2160 διαόιὸἀζεσοαι
1147 2113 1164 2165 ;
1200 2099 1292 2151 Διὸ
1327 2097 1422 2152 καὶ
1442 2101 1727 2169 καταλάμ·

149 2196 315 2233 πεται
343 2180 411 2235 τὰ
441 2182 747 2255 ὑψηλότερα
774 2185 866 2240 τοῦ
897 2188 1104 2258 κόσμου
1140 2192 1242 2244 κάν
1269 2191 1347 2262 τῷ
1378 2193 1482 2245 ὑπὸ
1513 2193 1619 2262 γῆν
1649 2188 1728 2247 εἷ-

149 2278 241 2324 ναι
276 2272 370 2327 τὸν
407 2275 597 2342 ἧλιον⁸
639 2279 697 2331 ἐν
734 2281 888 2333 νυκτὶ
926 2281 984 2362 διέ
1023 2284 1129 2334 είσι
1166 2283 1288 2336 τότε
1327 2285 1398 2337 τὰ
1433 2284 1728 2354 χθαμαλώτ-

148 2371 290 2432 τερα
317 2385 377 2421 τε
414 2370 509 2425 καὶ
544 2375 960 2443 προσγειότερα.
993 2375 1110 2441 Νὺξ
1142 2377 1253 2448 γὰρ
1285 2376 1438 2431 οὐδὲν
1469 2378 1659 2448 ἕτερον
1690 2377 1724 2449 ἦ

149 2460 250 2529 τῆς
281 2460 386 2528 γῆς
419 2462 452 2532 ἡ
484 2462 634 2517 σκιά.

225 2554 330 2621 κγ’.
372 2556 484 2623 Τῆς
519 2557 773 2628 τοιαύτης
812 2554 904 2613 οὖν
942 2561 1099 2624 σκιᾶς
1138 2560 1228 2617 διὰ
1262 2563 1323 2617 τδ
1366 2564 1596 2634 μέγεθος
1631 2566 1725 2619 τοῦ

149 2648 305 2718 ἡλίου
332 2651 625 2720 γινομένης
652 2653 990 2719 κωνοειδοῦς,
1020 2659 1112 2708 καὶ
1137 2656 1237 2727 τὴν
1267 2658 1366 2725 μὲν
1392 2657 1550 2728 βάσιν
1574 2661 1727 2731 ἐχού-

148 2755 254 2809 σης
285 2741 542 2795 πλατεῖαν
568 2748 1170 2823 συμπαρεκτεταμένην
1197 2749 1272 2821 τῷ
1307 2751 1465 2822 μέρει
1492 2752 1590 2822 τῆς
1623 2753 1727 2821 γῆς

148 2831 274 2885 ὅσον
300 2833 363 2885 ού
395 2837 744 2905 καταλάμπει
776 2837 804 2889 ὁ
831 2837 1000 2908 ἥλιος,
1031 2840 1129 2910 τὴν
1150 2841 1213 2907 ῥέ
1245 2843 1490 2913 κορυφὴν
1522 2846 1602 2908 είς
1632 2844 1725 2910 ὀξὺ

147 2921 425 2994 λήγουσαν
450 2937 464 2952 ·
500 2927 569 2979 τὰ
608 2928 706 2997 μέν
741 2930 853 2983 ἄνω
886 2934 986 3000 τῆς
1024 2932 1254 3002 σελήνης
1288 2936 1381 2987 καὶ⁸
1417 2934 1727 3006 ὑψηλότερα

146 3014 249 3080 τὴν
292 3015 553 3088 τοιαύτην
601 3018 696 3071 καὶ
745 3021 887 3074 κατὰ
938 3022 1112 3092 μῆκος
1165 3025 1487 3094 ὑπερϐαίνει
1541 3028 1723 3082 σκιάν.

150 3105 319 3159 Ὅθεν
343 3107 515 3170 οὐδεὶς
548 3108 828 3180 ίστόρηταί
857 3128 985 3165 ποτε
1014 3113 1122 3166 τῶν
1148 3116 1400 3186 ἀστέρων
1424 3117 1599 3190 ταύτῃ
1630 3135 1724 3171 πε-

1831 630 1897 668 ue
1950 612 2247 684 splendore
2296 615 2428 670 solis
2462 615 2810 673 ‘illustretur.
2874 618 2940 672 Et
2995 629 3200 688 quanta
3238 620 3414 689 ipsius

1827 722 1956 775 pars
2003 706 2275 760 solaribus
2323 706 2493 762 radiis
2543 724 2649 762 non
2701 710 3069 774 illuminatur,
3108 721 3257 766 tmta
3296 729 3416 763 mn-

1829 800 1959 854 nino
2010 799 2438 856 illuminatiouis
2493 816 2693 872 expers
2765 803 3056 871 reperitur.
3134 802 3408 857 Interdum

1828 902 2007 945 autem
2068 901 2177 946 tota
2215 895 2558 959 obscuratur,
2589 902 2641 960 et
2670 910 2831 948 omne
2865 876 3047 949 lumen
3087 878 3310 964 amittit,
3347 908 3407 949 ut

1827 985 1988 1037 etiam
2012 982 2583 1051 evanuissevideatur,
2608 992 2661 1038 et
2685 1001 2861 1055 neque
2892 988 3047 1042 locus
3069 988 3121 1040 in
3157 1003 3265 1057 quo
3292 997 3412 1041 erat

1829 1079 2057 1128 omnino
2096 1075 2472 1146 dignoscatur,
2516 1089 2798 1147 propterea
2826 1085 2971 1148 quod
2998 1096 3172 1148 neque
3223 1081 3418 1135 umbra

1831 1168 1976 1223 illius
2010 1171 2365 1238 quantumvis
2397 1169 2556 1225 exilis
2582 1180 2640 1225 et
2694 1171 2984 1225 imbecillis
3050 1171 3411 1245 relinquatur.

1827 1259 2148 1330 Cujusmodi
2186 1263 2432 1317 lunarem
2466 1264 2741 1319 defectum
2769 1271 2823 1319 et
2853 1279 2951 1319 nos
2991 1265 3250 1318 vidimus.

1900 1463 1991 1519 22.
2034 1464 2127 1518 Sal
2165 1464 2318 1533 proin
2345 1468 2389 1518 le
2442 1480 2506 1518 ex
2541 1463 2652 1520 illis
2687 1481 2809 1535 qua
2839 1464 2894 1521 in
2928 1465 3071 1520 luna:
3102 1464 3409 1522 defectibus

1831 1568 2115 1627 apparent,
2150 1557 2269 1610 sine
2304 1556 2471 1610 dubio
2506 1564 2649 1611 terra
2687 1557 2864 1628 major
2892 1573 3017 1612 esse
3054 1558 3419 1626 intelligitur;

1829 1658 1883 1704 et
1920 1660 2205 1720 propterea
2240 1665 2363 1702 eum
2398 1648 2537 1702 inl'ra
2579 1658 2777 1704 terram
2817 1659 2919 1715 est,
2950 1666 3058 1705 non
3097 1654 3422 1718 prohibetur

1831 1745 1897 1797 ah
1931 1757 1993 1796 ea
2040 1756 2151 1810 quo
2202 1739 2383 1794 minus
2435 1756 2566 1794 suos
2618 1742 2800 1797 radios
2846 1743 2897 1796 in
2932 1746 3155 1798 aetheris
3187 1746 3410 1798 emittat

1762 1833 2203 1928 Baltitudinem.
2250 1834 2385 1888 Cum
2435 1832 2583 1888 enim
2648 1843 2792 1888 terra
2856 1844 3080 1906 propter
3145 1835 3419 1906 exiguita-

1838 1938 1944 1983 tem
1996 1943 2153 1982 suam
2202 1943 2231 1981 a
2283 1926 2400 1982 sole
2442 1926 2815 1994 contineatur,
2861 1926 3138 1996 quomodo
3181 1929 3321 1983 radii
3352 1930 3421 1981 ah

1836 2020 2008 2089 ipsius
2042 2017 2485 2074 extremitatibus
2517 2019 2797 2088 prohiberi
2845 2020 3011 2091 396
3062 2029 3309 2091 possent,
3352 2036 3421 2075 ne

1837 2116 1890 2168 in
1933 2114 2153 2167 :etheris
2226 2112 2568 2168 altitudinem
2635 2113 3196 2167 transmitterentur?
3265 2112 3418 2180 Qua-

1836 2217 2058 2276 propter
2111 2206 2273 2259 etiam
2329 2206 2556 2260 altiores
2600 2205 2795 2260 mundi
2834 2215 3019 2276 partes
3052 2207 3417 2269 illustrantur,

1833 2300 2052 2369 quando
2096 2298 2178 2351 sol
2215 2297 2319 2352 sub
2357 2306 2503 2350 terra
2537 2306 2656 2363 est;
2694 2297 2988 2352 inferiores
3013 2306 3196 2352 autem
3227 2308 3280 2353 et
3309 2308 3420 2353 ter-

1835 2403 1908 2441 rze
1934 2388 2230 2443 viriniores
2261 2395 2394 2441 tunc
2420 2386 2475 2441 in
2509 2397 2667 2441 nocte
2716 2399 2868 2444 sunt.
2897 2387 3043 2443 Nihil
3088 2390 3233 2443 enim
3270 2389 3418 2444 aliud

1834 2494 1937 2533 nos
1968 2487 2075 2538 est.
2113 2495 2279 2548 quam
2305 2492 2464 2534 terrae
2498 2481 2712 2535 umbra.

1904 2572 1995 2626 23.
2039 2571 2177 2626 Cum
2207 2588 2338 2641 ergo
2387 2572 2501 2627 haec
2549 2575 2743 2628 umbra
2781 2585 3005 2645 propter
3045 2577 3178 2631 solis
3212 2580 3422 2647 magni-

1836 2664 2075 2718 tudinem
2115 2665 2392 2718 turbinata
2451 2666 2546 2730 sit,
2584 2675 2637 2718 et
2670 2665 2830 2719 basin
2866 2666 3089 2736 quidem
3125 2671 3288 2723 latam
3326 2671 3422 2724 ha-

1835 2759 1981 2821 beat,
2018 2767 2367 2811 coextentam
2414 2773 2537 2812 cum
2589 2767 2749 2812 terrae
2798 2773 2952 2828 parte
2986 2778 3149 2827 quam
3194 2762 3274 2816 sul
3311 2778 3419 2816 non
3479 2811 3487 2820 .

1834 2849 2135 2913 illuminat,
2173 2851 2435 2904 verticem
2469 2860 2651 2905 autem
2681 2851 2774 2921 qui
2822 2850 2877 2906 in
2918 2863 3140 2907 acutum
3179 2853 3418 2917 desinat,

1835 2956 1898 2997 ea
1935 2958 2057 3011 qua:
2087 2957 2255 3011 supra
2305 2940 2491 2995 lunam
2519 2951 2573 2995 et
2604 2942 2801 2996 altiora
2837 2954 2966 2998 sunt
2998 2944 3139 2998 hanc
3168 2945 3417 2998 umbram

1833 3035 1997 3089 etiam
2019 3035 2318 3089 secundum
2337 3035 2745 3106 longitudinem
2786 3039 3201 3092 transcendunt.
3239 3039 3420 3105 Quare

1834 3127 1902 3180 de
1943 3127 2087 3180 nulla
2126 3126 2282 3181 stella
2308 3142 2550 3197 unquam
2589 3128 2793 3183 litteris
2826 3139 2907 3184 est
2939 3130 3238 3199 proditum,
3269 3135 3415 3198 quod

146 3200 417 3269 ριπεσεῖν.
441 3196 519 3253 Ἦ
546 3202 657 3271 γὰρ
685 3202 752 3256 ἂν
777 3204 950 3273 ἐφάνη
978 3206 1360 3280 λαμπρότερος
1387 3210 1583 3263 ἐαυτοῦ
1610 3226 1624 3241 ’
1656 3210 1724 3263 τὰ

1839 3218 1888 3273 in
1922 3221 2061 3273 hanc
2100 3196 2413 3273 inciderit}
2464 3220 2618 3275 Alias
2657 3221 2803 3275 enim
2855 3196 3032 3292 seipsa
3075 3196 3419 3293 splendidior

143 3293 304 3362 φῶτα
335 3293 442 3365 γὰρ
478 3294 534 3346 ἐν
564 3295 720 3348 νυκτὶ
757 3298 959 3366 μᾶλλον
989 3298 1021 3367 ἧ
1056 3301 1114 3352 ἐν
1145 3301 1328 3372 ἡμέρᾳ
1360 3301 1726 3373 λαμπρότερα

144 3389 423 3456 φαίνεται.
458 3388 547 3440 Διὸ
579 3389 674 3441 καὶ
703 3389 753 3442 oi
784 3390 1037 3460 ἀστέρες,
1068 3394 1288 3462 αἰθρίας
1314 3394 1484 3466 οὔσης
1512 3398 1570 3451 ἐν
1601 3398 1727 3450 ἀσε-

144 3481 293 3550 λήνῳ
320 3485 478 3536 νυκτὶ
495 3521 511 3545 ,
539 3484 702 3537 πλέον
731 3486 914 3553 ἔχουσι
941 3485 1004 3541 τὸ
1030 3487 1287 3559 λαμπρὸν
1311 3491 1344 3563 ἦ
1373 3493 1472 3564 τῆς
1500 3493 1727 3565 σελήνης

141 3574 566 3646 διαυγαιζούσης.
602 3579 663 3631 Οἱ
698 3579 797 3648 μὲν
827 3577 919 3633 οὖν
949 3582 1182 3648 ἀστέρες
1211 3583 1452 3649 ἅπαντες
1481 3585 1727 3657 ὑπερφέ-

146 3682 333 3736 ρονται
362 3668 457 3737 τῆς
486 3671 665 3732 σκιᾶς,
699 3673 774 3740 μὴ
806 3672 1116 3744 φθανούσης
1142 3676 1221 3739 είς
1246 3679 1306 3729 τὸ
1339 3676 1473 3747 ὖψος
1499 3677 1681 3731 αὐτῶν
1705 3694 1722 3711 ο

141 3762 179 3830 η
214 3760 271 3812 δὲ
302 3762 500 3831 σελήνη
534 3763 824 3833 πρόσγειος
851 3765 1007 3830 οὖσα,
1035 3766 1117 3838 τῷ
1141 3768 1241 3838 τῆς
1270 3771 1374 3842 γῆς
1403 3772 1725 3843 ἐντυγχάνει

147 3851 309 3922 κώνῳ
336 3856 465 3923 περὶ
492 3854 554 3906 τὸ
578 3856 770 3927 ἄκρον,
799 3858 886 3931 ὅτε
915 3859 1292 3931 διαμετροῦσα
1318 3862 1411 3917 τὸν
1436 3863 1591 3933 ἥλιον
1621 3864 1727 3920 ὑπὸ

143 3946 240 3996 τὸν
290 3945 453 3999 αὑτοῦ
504 3946 723 4019 φέροιτο
774 3949 992 4014 κύκλον,
1044 3954 1181 4024 μήτε
1234 3954 1372 4026 πρὸς
1415 3957 1485 4011 τὰ
1515 3955 1723 4027 βόρεια,

151 4037 292 4109 μήτε
325 4038 461 4111 προς
491 4042 558 4093 τὰ
584 4041 736 4096 νότια
763 4044 1015 4099 νεύουσα.

223 4220 320 4278 κδ’.
362 4220 532 4291 Δῆλον
561 4222 605 4276 δ’
627 4223 1013 4303 ἐντεῦθενςότι
1043 4228 1140 4282 καὶ
1167 4228 1305 4283 πολὺ
1336 4230 1571 4303 σμικρὸν
1599 4231 1724 4287 ὅσον

146 4318 287 4389 πρὸς
319 4319 416 4389 τὴν
445 4319 549 4389 γῆν
580 4320 642 4373 τὸ
676 4320 836 4390 σῶμα
863 4300 963 4393 (is;
996 4324 1226 4395 σελήνης
1259 4326 1409 4379 ἐστίν
1431 4343 1447 4359 ο
1478 4300 1534 4382 εί
1561 4344 1627 4397 γε
1657 4327 1726 4383 τα

145 4410 280 4479 περὶ
319 4411 381 4463 τὸ
419 4410 590 4481 ἄκρον
628 4413 726 4481 τῆς
769 4414 835 4467 ἐκ
880 4414 985 4485 γῆς
1031 4418 1190 4481 σκιᾶς
1231 4418 1328 4473 καὶ
1370 4419 1564 4485 νυκτὸς
1595 4422 1726 4493 ρλον

145 4503 285 4558 αὐτὸ
312 4503 560 4558 δύναιντο
590 4508 898 4576 περισχεῖν.

1828 3320 2121 3380 conspecta
2185 3309 2421 3379 fuisset;
2478 3312 2678 3382 quippe
2735 3314 2944 3368 lumina
3019 3325 3183 3369 noctu
3237 3318 3437 3386 potius

1827 3417 1992 3472 quam
2044 3403 2285 3457 interdiu
2344 3403 2719 3473 splendidiora
2772 3405 3214 3475 conspiciuntur.
3268 3407 3418 3473 Qua-

1828 3505 2052 3566 propter
2099 3497 2264 3550 etiam
2298 3498 2489 3562 stellae,
2529 3498 2572 3553 si
2621 3508 2786 3554 nocte
2825 3499 2979 3553 ilhini
3016 3501 3215 3555 coelum
3268 3517 3417 3556 scre-

1827 3600 1958 3641 num
2006 3585 2121 3647 slt,.
2152 3585 2276 3655 plus
2329 3586 2644 3656 splendoris
2697 3587 2922 3652 habent,
2979 3601 3141 3657 quam
3195 3588 3415 3643 lucente

1826 3679 1977 3735 luna.
2030 3677 2211 3733 Stella:
2291 3679 2521 3747 proinde
2586 3682 2857 3735 universae
2902 3696 3067 3751 supra
3118 3682 3415 3749 umbram,

1828 3788 1951 3846 qua:
1982 3772 2047 3828 ad
2082 3773 2323 3842 ipsarum
2361 3773 2703 3828 altitudinem
2752 3789 2857 3828 nan
2890 3775 3175 3846 pertingit,
3219 3774 3414 3831 ferun-

1827 3873 1954 3932 tur;
1989 3866 2117 3919 luna
2165 3875 2350 3920 autem
2390 3881 2515 3921 cum
2567 3875 2724 3921 terra:
2757 3867 2833 3922 sit
2869 3869 3073 3931 vicina,
3112 3869 3166 3923 in
3208 3884 3411 3924 conum

1826 3956 1974 4011 circa
2025 3955 2430 4009 extremitatem
2478 3956 2696 4022 incidit,
2748 3958 2972 4027 quando
3018 3957 3188 4012 solem
3240 3958 3418 4013 dime-
3506 3954 3509 3955 ⁷

1827 4048 1970 4104 tiens
2005 4048 2109 4101 sub
2136 4049 2259 4117 ejus
2299 4046 2512 4102 circulo
2554 4048 2627 4103 ita
2664 4060 2939 4115 movetur,
2974 4057 3034 4104 ut
3067 4064 3167 4104 nec
3197 4049 3264 4104 ad
3286 4106 3295 4114 ,
3318 4050 3414 4104 bn-

1828 4140 2025 4205 reales,
2058 4153 2159 4193 nec
2187 4138 2254 4192 ad
2291 4138 2563 4193 australes
2593 4148 2775 4208 partes
2805 4146 3015 4207 vergat.

1896 4231 1989 4286 24.
2027 4229 2373 4286 Manifestum
2419 4230 2581 4303 397
2626 4243 2805 4286 autem
2866 4232 2990 4286 inde
3039 4231 3238 4297 evadit,
3268 4232 3417 4302 quod

1828 4324 1971 4379 luna:
2013 4338 2210 4393 corpus
2241 4327 2307 4379 ad
2348 4333 2549 4379 terram
2584 4325 2739 4379 valde
2770 4325 2843 4380 sit
2874 4325 3130 4396 exiguum
3158 4343 3173 4393 ;
3227 4327 3404 4397 siqui-

1826 4419 1948 4473 dem
1995 4420 2171 4486 ipsum
2224 4427 2397 4471 totum
2433 4419 2811 4473 extremitates
2866 4420 3074 4473 umbra:
3125 4426 3181 4473 et
3231 4422 3411 4475 noctis

1828 4518 1990 4563 terra:
2017 4515 2309 4576 conlegere
2338 4518 2593 4577 possunt.

222 4595 322 4652 κε’.
366 4598 472 4651 Καὶ
494 4596 642 4651 τοῦθ’
659 4600 793 4670 ἡμῖν
814 4599 905 4653 ἐπὶ
927 4602 1040 4664 τοῖς
1063 4602 1435 4674 δεδειγμένοις
1455 4608 1517 4660 ού
1543 4623 1724 4678 γραμ-

1902 4600 1998 4655 9.5.
2040 4600 2105 4653 Et
2135 4600 2254 4655 hac
2282 4600 2355 4653 ita
2397 4601 2768 4678 demonstrata
2801 4603 2912 4658 sint
2946 4601 3127 4665 nobis.
3150 4621 3257 4658 non
3291 4604 3416 4674 qui-

149 4689 327 4758 μικῶς
359 4690 493 4744 ἀλλᾶ
548 4668 804 4759 λογικῶς,
828 4692 966 4746 ἐστω
1004 4693 1067 4764 δὴ
1112 4668 1379 4768 πόρισμα.
1413 4668 1598 4754 Ταῢτα
1633 4668 1724 4771 μὲν

1839 4694 1957 4744 dem
1992 4690 2270 4745 liueariter
2292 4706 2389 4745 seu
2419 4668 2772 4762 géometrice,
2816 4694 2913 4747 sed
2948 4692 3145 4762 logico.
3177 4668 3414 4762 Simque

146 4783 215 4834 ἐκ
243 4786 343 4851 τῆς
373 4786 453 4844 εις
484 4785 574 4837 τὸν
606 4786 795 4851 ὃγδοον
822 4787 1038 4842 ψαλαὸν
1068 4790 1405 4862 ἐξηγήσεως.

223 4966 335 5023 κς⁹.
372 4956 522 5011 Ἐπεὶ
560 4960 615 5013 δὲ
655 4964 785 5031 περὶ
822 4964 1132 5033 ύψωμάτων
1166 4968 1257 5022 καὶ
1291 4976 1725 5043 ταπεινωμάτων

148 5052 247 5103 καὶ
279 5052 442 5104 οἴκων
480 5052 572 5102 καὶ
605 5056 1034 5125 ἐναντιωμάτων
1067 5057 1176 5109 τῶν
1209 5060 1267 5111 ἐν
1301 5065 1416 5126 τοῖς
1452 5064 1723 5135 πλάνησιν

145 5140 393 5212 ἐφθημεν
426 5144 837 5213 προδιαλασιίν,
873 5147 960 5218 εἴη
994 5147 1061 5202 ἂν
1093 5148 1269 5204 διττὸν
1299 5152 1363 5205 τὸ
1396 5153 1597 5227 ὕψωμα
1631 5163 1727 5214 καὶ

148 5238 501 5309 ταπείνωμαο
528 5239 590 5292 τὸ
617 5239 719 5311 μὲν
743 5241 885 5295 κατὰ
909 5242 971 5294 τὸ
996 5243 1419 5319 ύπεργειότερον
1441 5252 1535 5306 καὶ
1559 5270 1727 5325 προσ-

147 5330 429 5399 γειότερον
462 5333 572 5383 τῶν
607 5333 665 5384 ἐν
697 5335 811 5397 τοῖς
852 5334 1090 5405 πλάνησι
1133 5338 1381 5411 σφαιρῶν
1415 5343 1725 5418 (ἐκκεντρω

146 5423 258 5490 γάρ
299 5422 436 5473 εἰσιν
469 5423 524 5474 αί
569 5424 739 5477 πᾶσαι
776 5422 912 5494 πρὸς
943 5425 1043 5497 τήν
1080 5433 1317 5500 σφαῖραν
1351 5435 1446 5490 τοῦ
1482 5440 1722 5509 στερεώ-

149 5529 322 5579 ματος
342 5550 357 5575 ,
390 5512 485 5567 καὶ
516 5516 653 5583 προς
682 5514 919 5586 ἀλλήλας
943 5531 958 5547 ο
994 5520 1086 5572 καὶ
1117 5522 1184 5573 τὰ
1219 5523 1315 5592 μὲν
1349 5528 1532 5597 μερῶν
1564 5528 1722 5600 ἔχου-

146 5619 236 5655 σιν
267 5603 595 5695 ύψηλότερα,
627 5607 693 5660 τὰ
720 5607 775 5661 δὲ
804 5612 1205 5683 ταπεινότερα),
1234 5600 1307 5668 εἴ
1323 5617 1378 5671 δέ
1396 5620 1718 5695 ταπείνωμα

142 5696 240 5746 καὶ
284 5694 505 5765 ὕψωμα,
550 5699 689 5752 κατὰ
730 5698 828 5771 τὴν
872 5701 967 5755 τοῦ
1012 5703 1281 5769 ζωδιακοῦ
1328 5709 1711 5780 ὑπεξάλλαξιν.

219 5882 267 5914 ³³
297 5884 519 5958 Origan.
550 5887 841 5958 themer.
875 5897 1027 5958 parte
1062 5906 1102 5959 ι,
1153 5909 1208 5964 p.
1234 5894 1360 5952 251.

1832 4784 2019 4839 eadem
2077 4784 2429 4841 corollarium
2479 4801 2779 4858 exegeseos
2827 4788 2883 4843 in
2936 4788 3208 4857 psalmum
3264 4796 3414 4842 octa-

1833 4890 1979 4929 vum.

1899 4987 1991 5044 Q6.
2032 4987 2302 5054 Quoniam
2354 5001 2537 5045 autem
2576 4993 2644 5047 de
2677 4992 3107 5051 exaltationibus
3157 5007 3214 5052 et
3263 4999 3412 5068 deje-

1829 5081 2104 5136 ctionibus
2133 5090 2188 5138 et
2248 5084 2503 5141 domibus
2534 5093 2588 5140 et
2626 5085 3053 5145 adversitatibus
3100 5105 3197 5146 seu
3245 5092 3412 5146 detri-

1830 5170 2031 5225 mentis
2062 5171 2131 5235 “,
2171 5188 2295 5242 quae
2335 5174 2537 5230 habent
2576 5177 2749 5232 stella
2778 5179 3055 5244 erratica,
3087 5181 3239 5251 prius
3269 5183 3410 5237 disi-

1830 5279 1976 5328 mus,
2004 5264 2205 5335 duples
2244 5282 2376 5323 sane
2408 5268 2572 5324 fuerit
2602 5272 2862 5327 esaltatio
2892 5282 2948 5329 et
2977 5275 3213 5344 dejectio
3236 5262 3261 5331 (ε
3296 5293 3406 5332 uua

1827 5357 2051 5425 quidem
2092 5359 2236 5423 inde,
2273 5362 2419 5430 quod
2451 5362 2737 5418 stellarqu
2774 5366 3144 5422 erratiearum
3177 5370 3406 5439 sphame

1830 5462 1895 5500 ex
1959 5458 2111 5517 parte
2168 5466 2199 5505 a
2260 5461 2403 5507 terra
2450 5452 2833 5521 distantiores,
2886 5473 2955 5513 ex
3015 5469 3169 5528 parte
3224 5461 3402 5515 eidem

1828 5541 2126 5596 viciniores
2157 5553 2285 5596 sunt
2318 5544 2531 5614 (omnes
2561 5547 2706 5602 enim
2735 5558 2789 5605 et
2845 5552 2913 5606 ad
2972 5555 3242 5621 sphaeram
3310 5556 3405 5609 tir-

1826 5632 2087 5689 utamenti
2136 5642 2194 5691 et
2229 5634 2297 5690 ad
2355 5651 2416 5692 se
2471 5638 2707 5696 invicem
2762 5654 2891 5698 sunt
2942 5647 3302 5711 eccentrirte;
3350 5655 3404 5700 et

1822 5724 1959 5780 alias
1993 5726 2225 5797 quidem»
2254 5739 2436 5800 partes
2485 5732 2689 5792 habent
2720 5734 2966 5804 altiores,
3019 5738 3157 5795 alias
3210 5750 3401 5803 autem
