3824 6354
71 340 237 446 ⁹1345

1273 364 1689 440 ΕΧΡΟΞΙΤΙΟ
1734 382 1809 441 IN
1848 376 2214 443 PSALMOS.

3222 380 3358 450 13‘6

98 499 253 566 ᾶγιόν
280 514 372 551 σου
408 499 463 550 ἐν
497 498 647 568 φόϐῳ
680 516 798 553 σου.
834 518 852 551 0
891 531 956 541 -—
995 499 1165 552 Τοῦτο
1203 494 1672 569 μετριοφροσύνης
1702 504 1749 560 Α
1776 497 1871 550 ἀπ’
1904 498 2084 567 ἀρχῆς
2115 497 2212 550 καὶ
2236 496 2420 551 οὐποτ*
2468 493 2613 568 ἦσαν
2652 498 2727 569 μὴ
2784 498 3143 569 δολιούμενοι.
3174 501 3358 555 Γλῶσσι

97 587 406 655 ὐπόδειγμά
436 604 493 639 τε
543 590 635 639 καὶ
700 588 960 657 δίδαγμα.
1014 589 1197 658 Πάσης
1257 590 1366 657 γὰρ
1409 591 1674 657 πονηρίας

95 682 122 732 ὁ
162 678 255 733 τοῦ
290 680 423 732 Θεοῦ
470 678 757 749 ἅνθρωπος
788 684 1055 752 ἀμέτοχος
1120 680 1222 747 ὢν,
1272 684 1330 734 ἐν
1363 681 1441 751 τῷ
1478 680 1673 752 πλήθει

95 771 188 825 τοῦ
220 772 405 835 ἐλέους
442 782 536 825 σου
571 774 949 843 εἰσελεύσομαι
978 777 1058 840 είς
1088 777 1180 828 τὸν
1209 769 1357 828 οἶκόν
1390 793 1507 841 σου,
1534 775 1673 844 φησὶ

95 868 233 937 πρὸς
258 866 410 930 Θεὸν,
439 867 607 938 ἤγουν
646 868 706 921 οὐ
730 867 816 921 διά
847 868 946 938 τὴν
975 868 1114 938 ἐμὴν
1152 868 1381 938 ἀρετὴν,
1413 868 1548 922 ἀλλά
1581 868 1669 921 διὰ

94 957 152 1010 τδ
181 957 381 1028 πλῆθος
412 960 503 1012 τοῦ
532 960 715 1024 ἐλέους
747 976 840 1012 σου
863 962 960 1029 τῆς
984 962 1242 1030 τοιαύτης
1282 959 1669 1031 ἀξιωθήσομαι

92 1048 337 1121 χάριτος.
375 1044 535 1104 Οἷκον
564 1052 620 1104 δὲ
656 1053 749 1104 καὶ
776 1051 902 1107 ναὸν
932 1053 1024 1104 καὶ
1049 1052 1141 1105 τὸν
1172 1052 1427 1121 αἰσθητὸν
1468 1052 1673 1120 ὑπολη-

93 1143 258 1196 πτέον
289 1143 374 1195 τὸν
402 1144 459 1195 ἐν
477 1147 542 1215 τῇ
567 1147 661 1213 γῇ,
683 1144 776 1197 καὶ
798 1144 975 1214 πολλῷ
1001 1144 1233 1213 μάλιστα
1257 1145 1349 1197 τὸν
1362 1144 1551 1216 νοητὸν
1575 1148 1669 1198 καὶ

94 1234 513 1306 ὐπερουράνιον,
553 1237 687 1306 πρὸς
716 1236 774 1290 ὃν
797 1238 921 1289 ὅποι
947 1236 1049 1307 γῆς
1078 1236 1311 1307 ἔστηκεν
1333 1238 1361 1289 ό
1386 1237 1667 1307 θεοφιλὴς,

90 1326 295 1398 νοερῶς
319 1330 702 1399 εἰσερχόμενος
728 1330 786 1382 ἐν
812 1329 985 1401 φόϐῳ,
1008 1330 1102 1383 καὶ
1130 1327 1390 1401 εὐλαϐείᾳ
1421 1346 1666 1400 προσκυ-

92 1424 175 1474 νεῖ
207 1423 298 1475 τὸν
333 1422 466 1475 Θεόν

166 1533 185 1565 ι
228 1515 417 1585 Κύριε,
451 1514 720 1586 όδήγησόν
765 1531 834 1584 με
889 1514 946 1566 ἐν
989 1516 1053 1586 τῇ
1097 1513 1417 1586 δικαιοσύνῃ
1454 1532 1572 1582 σου,
1608 1516 1666 1567 ἐν

91 1610 210 1669 ταῖς
244 1608 483 1669 ἐντολαῖς
528 1626 619 1663 σου
658 1610 715 1662 ἐν
746 1602 834 1670 αἷς
862 1609 1046 1661 πᾶσαν
1082 1608 1355 1672 διδάσκεις
1386 1607 1667 1663 δικαιοσύ-

89 1718 187 1767 νην
234 1699 649 1768 χειραγώγησόν
681 1716 770 1769 με.
816 1718 834 1751 0
866 1729 939 1738 —
967 1698 1070 1751 Σοῦ
1120 1699 1227 1770 γάρ
1272 1701 1348 1769 μὴ
1390 1716 1664 1770 χειραγωο

1779 605 1870 643 σαι
1922 588 1980 641 δὲ
2013 591 2111 642 καὶ
2144 590 2344 660 καρδία
2380 591 2474 643 καὶ
2509 591 2686 659 στόμα
2720 590 2815 644 καὶ
2849 591 3060 661 λάρυγξ
3117 594 3209 649 ἐπὶ
3243 595 3361 649 δαι-

1786 682 1965 752 μόνων
1990 684 2239 752 εἴρηνται
2255 683 2457 753 ’τρόπῳ
2488 685 2827 753 μεταφορᾶς.

1851 794 1870 827 ι
1909 776 1946 826 Κ
1960 777 2107 845 ρῖνον
2138 775 2354 840 αὐτοὺς,
2381 777 2408 828 ό
2429 775 2584 839 Θεὰς.
2623 796 2642 829 0
2672 806 2740 818 -—
2768 778 2964 848 Κρίσιν
2990 780 3358 849 ποιησάμενος

1776 864 1863 916 ἐπ’
1886 865 2066 926 αὐτοῖς
2098 864 2315 919 δικαίαν
2345 867 2487 920 κατά
2530 868 2598 920 τὰ
2632 868 2771 936 ἔργα
2802 871 3000 934 αὐτῶν,
3032 872 3227 933 ἀπόδος
3257 873 3355 923 αὐ-

1773 957 1905 1018 τοῖς,
1937 956 1965 1008 ό
2004 955 2213 1018 δίκαιος
2243 956 2399 1016 Θεός.
2438 956 2898 1011 ’Δποπεσέτωσαν
2944 960 3053 1011 ἀπὸ
3085 959 3194 1010 τῶν
3234 959 3354 1011 δια-

1773 1047 2004 1101 ϐουλίων
2037 1048 2241 1112 αὐτῶν,
2295 1049 2687 1102 ἐκπεσέτωσαν
2731 1049 2840 1103 τῶν
2891 1052 3013 1103 κατ’
3042 1051 3177 1118 ἐμοῦ
3225 1051 3350 1117 βου-

1772 1139 2061 1210 λευμάτων
2096 1142 2302 1203 αὐτῶν,
2340 1142 2508 1213 μηδὲν
2549 1143 2906 1196 ἀνυσάτωσαν
2954 1138 3029 1196 ὧν
3062 1144 3183 1197 κατ’
3214 1142 3349 1212 ἐμοῦ

1775 1233 2079 1303 μελετῶσιν
2112 1236 2653 1306 ἀπρακτησάτιιισαν.

1852 1344 1872 1377 ε
1905 1326 2064 1381 Κατὰ
2098 1326 2160 1381 τὸ
2221 1326 2425 1397 πλῆθος
2460 1327 2568 1379 τῶν
2630 1326 2896 1380 ἀσεϐειῶν
2945 1326 3124 1379 αὐτῶν
3147 1325 3353 1389 ἐξωσον

1772 1416 1995 1481 αὐτούς.
2028 1436 2047 1469 0
2079 1447 2151 1457 —
2184 1418 2384 1471 Πολλαὶ
2437 1419 2617 1471 αὐτῶν
2674 1421 2729 1472 αί
2768 1419 3054 1472 ἀσέϐειαι⁸
3097 1421 3188 1472 καὶ
3239 1420 3352 1487 γὰρ

1736 1509 1859 1585 ’ἀεὶ
1895 1510 2310 1582 βλασφημοῦσιν
2348 1512 2432 1573 είς
2466 1510 2546 1574 σέ,
2580 1513 2672 1564 καὶ
2705 1512 2848 1566 κατά
2883 1512 2991 1564 τῶν
3023 1514 3132 1564 σῶν
3156 1514 3349 1581 -διηνεα

1768 1603 1879 1667 κῶς
1914 1605 2393 1672 ἐκστρατεύουσιν,
2430 1606 2838 1674 αίχραλωτίσαι
2886 1605 3216 1668 σπεύδοντες
3248 1606 3347 1658 αὐ-

1764 1698 1892 1761 τοὺς
1942 1697 2050 1750 ἀπὸ
2088 1695 2208 1752 σοῦ.
2244 1698 2397 1750 Κατά
2431 1698 2565 1764 γοῦν
2596 1698 2657 1749 τὸ
2690 1700 2892 1769 πλῆθος
2935 1699 3043 1752 τῶν
3075 1700 3348 1752 ἀσεϐειῶν

87 1797 357 1862 γήσαντος
386 1794 485 1856 ἕως
513 1796 720 1860 τέλους,
767 1794 865 1865 τὴν
905 1794 1090 1863 τρίϐον
1139 1794 1247 1847 τῶν
1294 1794 1402 1846 σῶν
1433 1793 1662 1847 ἐντολῶν
1700 1857 1735 1865 __
1766 1789 1947 1841 αὐτῶν
1981 1788 2213 1857 ποίησον
2240 1789 2447 1853 αὐτοῖς,
2498 1791 2594 1842 καὶ
2642 1792 2738 1841 νῦν
2787 1791 2886 1860 μέν
2913 1790 3115 1856 ἐξωσον
3147 1792 3349 1856 αὐτοὺς

83 1886 457 1953 ἀπροσκόπως
485 1886 712 1938 διελθεῖν
744 1887 803 1939 οὐ
839 1888 1168 1957 δυνήσομαι.

167 1996 187 2029 ε
227 1978 430 2030 Ἕνεκα
486 1979 592 2031 τῶν
646 1978 855 2050 ἐχθρῶν
887 1997 991 2049 μου
1045 1979 1377 2034 κατεύθονον
1432 1976 1664 2032 ἐνώπιόν

85 2087 185 2122 σου
234 2069 330 2123 τὴν
366 2070 485 2123 ὀδόν
546 2088 673 2140 μου.
708 2090 726 2122 0
760 2101 830 2112 —-
870 2070 1020 2135 Ὀδὸς
1081 2073 1114 2136 ἡ
1162 2071 1407 2140 διαγωγή
1434 2086 1447 2099 ⁶
1476 2070 1570 2123 καὶ
1616 2069 1664 2122 εί

86 2162 190 2232 μὲν
233 2162 373 2214 κατά
401 2162 526 2224 τοὺς
566 2161 744 2224 θείους
778 2162 978 2228 νόμους
1006 2162 1179 2215 ὁδεύει
1216 2178 1322 2227 τις,
1359 2162 1393 2230 η
1418 2161 1535 2225 ὁδὸς
1562 2162 1662 2213 αὐ-

83 2255 181 2309 τοῦ
214 2260 362 2309 ἐστιν
409 2255 642 2308 ἐνώπιον
663 2254 758 2309 τοῦ
786 2255 945 2321 Θεοῦ,
999 2257 1151 2322 θείας
1191 2256 1489 2319 ἐποπτείας
1535 2256 1665 2321 ἀξία

80 2349 447 2418 τυγχάνουσα.
481 2347 629 2401 Καθὸ
660 2348 894 2417 ἄμωμος
937 2350 1031 2402 καὶ
1061 2349 1267 2419 ἀρεστὴ
1313 2348 1390 2413 τῷ
1417 2347 1537 2417 Θεῷ
1570 2349 1664 2401 καὶ

81 2443 229 2495 κατὰ
254 2443 477 2504 τούτους
503 2444 626 2503 τούς
653 2441 844 2510 λόγους
876 2443 1268 2512 ἐπεγνωσμένη
1293 2441 1435 2511 Θεῷ,
1466 2441 1663 2509 γινώσο

81 2550 173 2585 κει
212 2535 318 2602 γὰρ
355 2532 557 2604 Κύριος
602 2534 719 2586 000v
748 2534 975 2586 δικαίων
999 2550 1015 2567 ο
1047 2534 1097 2587 εί
1142 2534 1223 2606 δὲ,
1250 2534 1400 2601 παρά
1446 2534 1544 2603 τὴν
1575 2535 1662 2587 ἐν-

79 2624 247 2694 τολὴν
275 2625 414 2688 060;,
457 2626 556 2678 οὐκ
583 2624 732 2678 ἐστιν
753 2626 990 2679 ἐνώπιον
1013 2625 1108 2679 τοῦ
1131 2626 1292 2689 Θεοῦ,
1329 2628 1427 2697 τήν
1455 2643 1512 2678 τε
1538 2624 1660 2679 κατ’

76 2716 361 2770 οἰκείωσιν
410 2718 611 2784 γνῶσιν
654 2706 740 2771 οὐ’
773 2717 1099 2787 γινώσκεται
1146 2720 1296 2789 παρά
1343 2720 1437 2773 τοῦ
1497 2719 1658 2775 Θεοῦ.

77 2809 251 2874 Λέγει
282 2811 460 2862 τοίνυν
509 2812 537 2862 ὀ
578 2811 1037 2881 προσευχόμενος,
1061 2809 1124 2865 Οἱ
1156 2812 1345 2881 ἐχθροί
1389 2830 1492 2882 μου
1541 2830 1659 2866 πει-

83 2903 288 2971 ρῶνται
316 2903 580 2973 διηνεκῶς
611 2904 936 2972 ἀποπλανᾷν
968 2920 1035 2971 με
1068 2905 1165 2971 τῆς
1199 2906 1373 2975 μέσης
1405 2904 1524 2957 όδοῦ
1559 2907 1668 2975 τῆς

74 2996 251 3063 ὀρθῆς
280 2997 371 3048 καὶ
415 2995 535 3049 κατ’
557 2996 781 3066 ἀρετὴν,
814 2998 907 3049 καὶ
948 2996 979 3066 ἢ
1012 2997 1149 3064 πρὸς
1180 2998 1329 3061 δεξιά
1369 3000 1659 3069 ἐκτρέπειν

79 3089 112 3154 ἢ
178 3088 311 3155 πρὸς
344 3089 633 3157 ἀριστερά,
682 3088 749 3141 δι’
792 3089 1112 3156 ὑπερϐολῶν
1167 3088 1199 3157 ἢ
1248 3088 1317 3142 δι’
1360 3089 1658 3159 ἐλλείψεων

1698 1857 1739 1910 Β
1766 1882 1841 1949 ἀφ
1883 1882 2042 1951 ήμῶν
2070 1881 2411 1952 ἡττημένους
2445 1882 2538 1934 καὶ
2563 1857 2980 1953 ῂσχυμμὲιιους,
3015 1885 3076 1937 ἐν
3118 1884 3195 1954 τῷ
3225 1902 3348 1938 και-

1770 1973 1849 2043 ρῷ
1875 1973 1935 2027 δὲ
1960 1974 2061 2042 τῆς
2084 1974 2319 2044 κρίσεως
2344 1974 2601 2039 ἐκδίωξον
2628 1976 2828 2038 αὐτοὺς
2856 1977 2936 2039 είς
2971 1978 3068 2047 τὴν
3092 1979 3345 2045 γέενναν.

1768 2066 1877 2118 Καὶ
1921 2066 2403 2138 ἀποκατάστησον,
2461 2069 2541 2131 είς
2592 2068 2653 2121 :0
2701 2069 3111 2138 ἡτοιμασμένον
3157 2072 3349 2134 αὐτοῖς

1767 2157 1990 2210 αἰώνιον
2018 2157 2151 2229 πῦρ,
2182 2159 2258 2222 ὼς
2291 2160 2357 2211 ἂν
2384 2160 2622 2223 αίωνίως
2654 2161 2993 2223 κολάζοιντο.

1844 2268 1862 2302 ι
1898 2250 2020 2304 Ὀτι
2042 2252 2460 2322 παρεπίκρανάν
2487 2269 2569 2315 σε,
2600 2255 2794 2325 Κύριε,
2819 2273 2838 2305 0
2860 2282 2922 2292 --
2950 2254 3051 2307 Σοῦ
3082 2255 3193 2325 γάρ
3220 2254 3348 2323 περὶ

1766 2343 1940 2398 πολλὰ
1964 2345 2259 2414 τιθεμὲνου
2291 2334 2391 2416 τὴν
2434 2348 2710 2417 σωτηρίαν
2751 2348 2909 2417 ἡμῶν
2954 2348 3047 2399 καὶ
3082 2347 3348 2408 ποικίλοις

1764 2436 1993 2502 τρόποις
2023 2436 2443 2505 οἰκονομοῦντος
2474 2436 2647 2507 αὐτὴν
2676 2438 3156 2508 ἀντεπιχειροῦσιν
3193 2429 3344 2489 οὗτοι

1764 2529 1861 2583 καὶ
1890 2530 2342 2599 ἀντιπράττουσι,
2384 2531 2480 2583 καὶ
2532 2532 2803 2593 παντοίως
2852 2531 3208 2600 μηχανῶνται
3245 2528 3351 2596 τὴν

1764 2622 1874 2677 τῶν
1909 2621 2222 2693 ἀνθρώπων
2250 2622 2527 2674 ἀπώλειαν
2559 2639 2572 2654 σ
2619 2624 3090 2692 παραπικρασμὸν
3121 2623 3177 2675 δέ
3221 2640 3348 2692 νοη-

1762 2715 1884 2769 τέον
1915 2714 2015 2786 τὴν
2045 2714 2155 2768 τῶν
2204 2713 2477 2781 δαιμόνων
2529 2717 2920 2777 ἁντιστασίαν,
2975 2716 3101 2768 ὅσον
3144 2716 3205 2768 τὸ
3260 2716 3344 2778 είς

1763 2806 1964 2870 αὐτοὺς
1994 2800 2131 2877 ἧκον
2184 2806 2320 2876 πρὸς
2367 2806 2428 2859 :0
2469 2806 2718 2878 βδύλημα
2766 2806 2860 2861 τοῦ
2905 2807 3043 2861 Θεοῦ
3078 2823 3092 2838 ’
3140 2808 3203 2861 :0
3233 2812 3346 2880 γὰρ

1764 2897 1909 2951 θεῖον
1940 2898 2139 2962 παντὸς
2164 2897 2371 2961 πάθους
2405 2899 2698 2970 ἀνώτερον.

1839 3011 1858 3044 ε
1909 2993 2015 3046 Καὶ
2049 2992 2494 3063 εὐφρανθείησαν
2546 2994 2749 3052 πάντες
2793 2995 2843 3047 οί
2891 2993 3210 3061 ἐλπίζοντες
3245 2997 3341 3049 ἐπὶ

1765 3086 1848 3140 σέ.
1891 3104 1912 3138 0
1937 3086 2291 3157 ——-'Ev:a§0a
2323 3084 2424 3156 μὲν
2446 3087 2899 3156 ἐπικρατέστεροι
2926 3092 2987 3158 τῇ
3029 3094 3092 3159 σῇ
3118 3089 3343 3161 βοηθείᾳ

76 3182 318 3247 ἀπάγειν
344 3183 439 3251 τῆς
483 3183 681 3252 ἀρετῆς
724 3184 1134 3253 μηχανώμενοι,
1164 3183 1258 3235 καὶ
1301 3182 1425 3235 ὅσον
1455 3185 1523 3236 τὰ
1567 3184 1654 3237 ἐπ’
1686 3198 1728 3256 ο
1764 3180 1865 3247 τῆς
1919 3177 2027 3231 τῶν
2087 3178 2358 3248 δαιμόνων
2392 3180 2732 3249 πανουργίας
2779 3182 3084 3251 γενόμενοι,
3128 3187 3247 3238 ὲκεί
3279 3186 3338 3237 δὲ

75 3276 269 3337 αὐτοῖς
303 3275 401 3327 οὐκ
433 3276 566 3329 ἐῶσι
593 3276 845 3344 γίνεσθαι
878 3278 976 3347 τὴν
1017 3279 1157 3347 ἐμὴν
1207 3278 1484 3348 διαγωγὴν
1526 3279 1658 3330 ἐνώ.
1760 3270 1871 3323 τῶν
1919 3269 2031 3323 σῶν
2070 3271 2470 3341 ἀνεκφράστων
2502 3273 2723 3339 ἀγαθῶν
2757 3274 3173 3339 ἀπολαύσαντες
3201 3318 3216 3342 ,
3256 3278 3340 3341 είς

74 3367 204 3421 πιόν
231 3385 353 3420 σου.
395 3368 466 3419 Σὺ
497 3368 629 3435 γοῦν
682 3368 842 3431 αὐτὸς
882 3369 1049 3422 ἕνεκα
1100 3369 1210 3423 τῶν
1244 3370 1365 3423 κατ’
1398 3370 1535 3440 ἐμοῦ
1568 3366 1685 3423 δοέ
1758 3362 1935 3416 αῖῶνα
1998 3362 2446 3431 ἀγαλλιάσονται.
2475 3363 2722 3416 τουτέστι
2780 3366 3048 3431 διηνεκῶς
3104 3368 3199 3421 νῦν
3235 3369 3341 3433 μιν

70 3458 412 3527 λιευομένων
444 3458 653 3529 ἐχθρῶν
687 3458 931 3528 ὅρθωσον
952 3458 1051 3529 τὴν
1081 3459 1361 3531 διαγωγήν
1393 3478 1497 3529 μου
1523 3461 1657 3513 ἐνώ-
1758 3456 1913 3526 παρά
1950 3457 2134 3509 πᾶσαν
2163 3455 2343 3509 αὐτῶν
2372 3457 2472 3525 τὴν
2501 3454 2667 3525 ζωὴν,
2702 3458 2808 3510 01:0
2838 3458 2933 3511 σοῦ
2964 3460 3338 3531 κραταιούμε-

72 3554 204 3604 πιόν
262 3569 355 3604 σου
408 3552 639 3603 πάντοτε
696 3551 943 3618 γίνεσθαι
998 3554 1421 3624 ἀπαρέγκλιτον.
1487 3554 1655 3607 Ὅσον

70 3646 189 3712 γάρ
224 3660 307 3704 τις
343 3644 577 3697 ἐκκλίνει
614 3645 710 3715 τῆς
744 3647 974 3716 ἀρετῆς,
1008 3648 1264 3702 τοσοῦτον
1299 3649 1505 3717 ἀπάγει
1553 3647 1653 3719 τὴν

65 3737 195 3788 ὁδον
228 3735 390 3787 αὐτού
421 3738 524 3789 καὶ
550 3736 828 3806 διαγωγὴν
852 3737 948 3790 τοῦ
972 3733 1111 3793 εῖναι
1144 3740 1379 3794 ἐνώπιον
1400 3740 1494 3793 τοῦ
1515 3740 1651 3794 Θεοῦ

66 3828 492 3895 μακρυνόμενος
521 3828 625 3879 ἀπὸ
661 3827 756 3880 τοῦ
793 3827 951 3882 Θεοῦ.
991 3831 1153 3900 Δῆλοι
1183 3830 1240 3883 δὲ
1276 3831 1546 3902 πολλαχοῦ
1593 3831 1653 3885 τὸ

60 3920 336 3972 ἐνώπιον
358 3920 464 3973 τοῦ
495 3920 642 3974 Θεοῦ
673 3904 768 3975 κει
798 3922 859 3974 τδ
891 3922 1186 3994 ἀλάθητον,
1217 3923 1291 3987 ὡς
1324 3925 1385 3978 τδ
1431 3942 1449 3975 ε
1502 3925 1656 3995 Ἐξη-

64 4015 361 4083 μάρτομεν
409 4012 634 4066 ἐνώπιόν
686 4030 805 4080 σου,
851 4033 870 4065 0
909 4016 1027 4078 καὶ,
1065 4033 1083 4066 ε
1123 4015 1194 4067 Τὸ
1251 4019 1490 4088 πονηρὸν
1523 4019 1653 4071 ἐνώο

61 4106 195 4156 πιόι
236 4120 329 4155 σου
366 4104 616 4171 ἐποίησα,
663 4123 682 4156 0
720 4105 903 4167 καθὼς
950 4106 1041 4157 καὶ
1072 4107 1105 4177 ἡ
1137 4108 1341 4173 γνῶσις
1371 4108 1471 4177 τὴν
1501 4109 1651 4179 εἴδη-

59 4212 176 4259 σιν,
202 4192 275 4255 ώς
300 4194 381 4260 τὸ,
416 4212 434 4243 ε
476 4195 678 4264 Κύριος
695 4196 954 4264 γινώσκει
980 4199 1105 4261 τοὺς
1129 4199 1515 4271 διαλογισμοὺς
1536 4207 1649 4256 τῶν

1759 3566 1862 3612 νοι,
1900 3549 1996 3601 καὶ
2044 3550 2223 3618 πάσης
2245 3549 2541 3614 ἐπιϐουλῆς
2590 3550 2882 3620 ὑπέρτεροι
2912 3550 3333 3621 καθιστάμενοι,

1755 3642 1878 3694 τότε
1909 3640 1966 3694 δέ
1990 3644 2092 3711 τὴν
2138 3641 2380 3711 ἀρρητον
2414 3641 2631 3710 ἐκείνην
2669 3641 2996 3707 ἀγαλλίασιν
3040 3644 3337 3706 αίωνίζου-

1759 3751 1859 3786 σαν
1889 3734 2346 3805 κληρωσάμενοι,
2401 3734 2498 3787 καὶ
2532 3734 2979 3806 κατασκηνώσεις
3026 3740 3084 3791 ἐν
3124 3740 3332 3805 αὐτοῖς,

1759 3824 1854 3877 νῦν
1892 3826 1995 3895 μὲν
2041 3828 2156 3888 ταῖς
2188 3824 2373 3879 αὐτῶν
2425 3826 2701 3894 θεοφιλέσι
2741 3827 2944 3897 ψυχαῖς
2977 3830 3333 3885 ἐπαναπαυό-

1757 3938 1942 3988 μενος,
1975 3920 2096 3977 τότε
2127 3919 2186 3972 δέ
2214 3919 2313 3989 τῆς
2364 3920 2461 3988 σῆς
2494 3921 2652 3990 δόξης
2681 3938 2741 3973 τε
2788 3924 2881 3976 καὶ
2925 3922 3199 3992 θειότητος
3232 3925 3333 3977 αὐ-

1754 4015 1879 4075 τούς
1911 4011 2226 4082 ἐμπιπλῶν,
2269 4014 2327 4065 ἐν
2359 4013 2545 4074 αὐτοῖς
2601 4029 2660 4067 τε
2724 4013 3019 4075 κατοικῶν,
3066 4013 3143 4082 τῷ
3179 4013 3324 4085 λόγῳ

1752 4106 1851 4173 τῆς
1887 4105 2217 4167 οίκειώσεως
2263 4104 2394 4166 Θεὸς
2448 4106 2503 4157 ἐν
2539 4108 2689 4181 μέσῳ
2738 4104 2876 4156 θεῶν
2920 4104 3323 4175 γνωριζόμενος

1751 4202 1778 4252 ό
1810 4198 1931 4251 κατ’
1965 4198 2158 4250 οὐσίαν
2206 4197 2316 4250 τῶν
2364 4197 2512 4251 κατά
2549 4180 2788 4264 μέθεξιν,
2822 4180 2917 4250 καὶ
2953 4200 3326 4266 καυχήσονται

1750 4292 1809 4344 ἐν
1844 4294 1928 4344 σοὶ
1955 4290 2003 4343 οἱ
2029 4288 2355 4357 ἀγαπῶντες
2382 4290 2442 4342 :0
2469 4289 2642 4357 ὄνομά
2675 4306 2787 4342 σου.
2808 4288 2923 4340 Νῦν
2959 4290 3060 4359 μὲν
3085 4290 3189 4342 01:0
3225 4289 3323 4343 σοῦ

1748 4383 2158 4454 δυναμωθέντες
2189 4382 2286 4437 καὶ
2316 4384 2536 4453 νικηταὶ
2576 4373 2949 4446 καταστάντες
2978 4385 3036 4436 ἐν
3072 4385 3153 4436 00':
3184 4402 3324 4437 καυ-

1750 4480 2014 4549 χήσονται
2044 4493 2061 4511 ·
2096 4478 2217 4532 τότε
2254 4477 2299 4530 δ’
2330 4479 2516 4532 ἐκεῖνα
2546 4480 2686 4550 γέρα
2719 4479 2786 4530 τά
2817 4478 2956 4545 ὑπὲρ
2982 4478 3209 4531 ἃπασαν
3233 4478 3323 4530 ἐν·

54 4285 373 4357 ἀνθρώπων
400 4288 479 4340 5::
508 4290 613 4340 εἰσὶ
646 4291 891 4357 μάταιοι.
932 4309 949 4341 0

136 4398 157 4431 ε
206 4378 328 4431 "0::
355 4380 452 4431 οὐκ
504 4379 653 4432 ἐστιν
686 4382 745 4434 ἐν
783 4383 862 4452 τῷ
895 4384 1133 4454 στόματι
1166 4387 1343 4440 αὐτῶν
1374 4390 1600 4457 ἀλήθεια
1627 4406 1641 4421 ⁸

49 4477 81 4542 ἡ
114 4472 323 4539 καρδία
360 4473 541 4525 αὐτῶν
577 4476 805 4543 ματαία.
845 4495 863 4528 0
903 4508 966 4518 --
991 4466 1238 4533 Ψεῦσται
1264 4481 1357 4533 καὶ
1387 4482 1644 4536 ἀπατεῶ-

48 4570 145 4628 vs’;
176 4567 341 4619 εἰσιν.
388 4566 742 4619 Ὑποτιθέασι
800 4568 961 4636 δῆθεν
1016 4587 1139 4624 τινα
1187 4572 1527 4627 συνοίσοντα.
1562 4575 1643 4629 Τὰ
1676 4575 1720 4632 D
1749 4590 1918 4638 νοιαν,
1945 4572 2096 4641 παρά
2140 4571 2302 4640 μόνου
2341 4571 2435 4625 σοῦ
2486 4572 2849 4641 κομισάμενοί
2900 4587 2975 4624 σε’
3009 4574 3104 4624 καὶ
3160 4574 3323 4641 μόνον

44 4664 103 4716 δε
137 4662 255 4713 εἱσι
290 4660 583 4727 βλαπτικά.
617 4662 713 4711 Διὰ
745 4660 800 4712 δὲ
832 4663 931 4731 τῆς
976 4664 1205 4732 καρδίας
1257 4667 1354 4726 τὰς
1409 4667 1641 4734 μελέτας
1744 4662 1925 4730 ἕξουσι
1962 4663 2254 4733 καύχημα.
2293 4664 2390 4717 Διά
2437 4662 2494 4717 δέ
2532 4663 2626 4717 τοῦ
2667 4666 2841 4716 είπεῖν
2885 4667 2940 4717 οί
2970 4662 3323 4733 ἀγαπῶντες

43 4752 243 4809 αὐτῶν
281 4752 515 4819 ἐδήλωσε
552 4754 824 4821 μελετῶσι
858 4755 1140 4823 κατ’ἐμοῦ
1170 4759 1338 4811 κακά.
1372 4759 1445 4812 Το
1470 4759 1642 4811 κακὸν
1743 4756 1810 4809 τὸ
1842 4755 2034 4825 ὄνομά
2062 4772 2180 4810 σου
2236 4754 2300 4808 τὺ
2338 4754 2433 4809 τοῦ
2476 4758 2647 4809 πόθου
2699 4758 2963 4824 διάπυρον
3008 4757 3245 4822 ἔδειξεν·
3272 4760 3325 4814 οι

43 4846 100 4899 δὲ
126 4846 367 4912 μάταιον
393 4843 466 4905 ὡς
489 4844 842 4915 ἀνύπαρκτον
873 4844 1014 4898 ὦστε
1044 4847 1104 4898 :0
1127 4848 1358 4915 μάταιον
1387 4850 1447 4902 οὐ
1477 4850 1642 4916 μόνον
1743 4848 1853 4919 γὰρ
1878 4846 2172 4911 ποθοῦντες
2203 4847 2447 4917 σφοδρῶς
2474 4849 2568 4901 καὶ
2596 4848 2674 4916 τῷ
2704 4849 2796 4900 τοῦ
2825 4851 3164 4917 ποθουμένου
3192 4869 3325 4920 τρυ-

47 4941 144 4992 εττί
179 4935 277 4988 τοῦ
331 4937 638 4990 ἀσυστάτου
696 4939 1193 5009 παραλαμϐάνεται
1249 4942 1348 4993 καὶ
1380 4940 1639 5011 ψευδοῦς,
1744 4943 1919 5010 φῶσιν
1954 4940 2205 5010 ὀνόματι,
2260 4941 2354 4994 καὶ
2400 4942 2689 5008 ἀγαπῶσιν
2738 4942 2870 5013 .300
2898 4942 3231 5012 λαλούμενόν
3260 4961 3321 4997 τε

48 5032 197 5084 ἀλλὰ
230 5029 324 5080 καὶ
355 5030 447 5080 ἐπὶ
479 5029 571 5080 τοῦ
605 5031 781 5083 δολίου
813 5032 905 5084 καὶ
939 5032 1242 5102 περιέργου
1275 5033 1372 5085 καὶ
1396 5032 1639 5103 πονηροῦ
1747 5037 1842 5088 καὶ
1874 5034 2243 5104 ἀκουόμενον,
2272 5034 2355 5087 ὅτι
2392 5035 2456 5085 σύ
2489 5034 2809 5103 εὐλογήσεις
2854 5036 3087 5097 δίκαιον,
3127 5039 3321 5107 Κύριε,

49 5129 146 5177 καὶ
190 5120 542 5185 ἀλυσιτελοῦς
586 5126 677 5174 καὶ
707 5123 842 5186 ὅλως
874 5124 1071 5178 κακοῦ.
1745 5126 1927 5180 πάντα
1955 5124 2203 5194 δηλονότι
2234 5125 2327 5177 τὸν
2353 5124 2560 5178 δίκαιον
2581 5142 2593 5155 ·
2629 5125 2722 5179 νῦν
2756 5126 2855 5195 μὲν
2884 5128 2997 5197 γάρ
3029 5129 3079 5182 οί
3115 5130 3316 5185 δίκαιοι

127 5238 145 5267 ε
198 5214 381 5282 Τάφος
404 5216 748 5284 ἀνεῳγμένος
770 5217 797 5267 ὁ
828 5214 1036 5285 λάρυγξ
1061 5217 1264 5270 αὐτῶν.
1301 5235 1321 5268 0
1353 5217 1640 5288 -Ὤσπερ
1739 5219 1839 5289 τῆς
1882 5218 1982 5285 σῆς
2007 5218 2261 5287 εὐλογίας
2284 5220 2379 5272 καὶ
2418 5221 2644 5289 χάριτος
2674 5218 2979 5285 τεύξονται.
3012 5224 3122 5277 Καὶ
3155 5227 3318 5279 ἐπαι-

51 5315 68 5366 5
112 5308 469 5377 ἀνεῳγμένος
501 5310 689 5376 τάφος,
713 5310 740 5361 ό
770 5308 910 5378 ἔχων
950 5309 1009 5360 ἐν
1040 5308 1191 5377 αὐτῷ
1232 5309 1394 5378 σῶμα
1419 5310 1642 5379 διαφθο-
1745 5311 2068 5371 νεθήσονται
2120 5315 2275 5383 παρά
2315 5330 2373 5367 τε
2407 5318 2499 5366 καί
2537 5316 2653 5377 τοῖς
2682 5318 2817 5379 σοῖς,
2852 5316 2974 5368 τότε
3006 5315 3053 5368 δ’
3085 5318 3319 5371 ἐνώτιον

53 5409 183 5467 σᾶς,
212 5402 436 5469 ἐκφέρει
468 5401 733 5454 δυσωδίαν
783 5403 1088 5472 ἀφόρητον,
1127 5402 1274 5457 οὕτω
1326 5404 1391 5473 δὴ
1449 5406 1545 5456 καὶ
1590 5406 1638 5456 οί
1744 5406 2098 5472 παγκοσμίου
2130 5404 2629 5474 ἀθροίσματοςηκαὶ
2663 5406 2968 5476 ἀνθρώπων
3007 5409 3103 5461 καὶ
3142 5410 3316 5478 άγγέο

55 5500 340 5565 εαίμονες,
371 5496 641 5561 ἀσέμνους
695 5496 1023 5564 ἐνθυμήσεις
1064 5497 1525 5561 ἀναπεμπάξουσι
1570 5501 1637 5568 τῇ
1741 5497 1848 5549 λων
1872 5498 2223 5561 ἀκούσονται,
2253 5517 2271 5548 ε
2300 5498 2486 5561 Δεῦτε,
2508 5499 2556 5551 οί
2588 5499 2946 5569 εὐλογημένοι
2977 5500 3071 5553 τοῦ
3107 5503 3318 5575 Πατρός

57 5591 204 5665 ψυχῇ
242 5588 337 5639 καὶ
369 5586 732 5656 βλασφημιῶν
764 5589 1062 5659 αἰσχίστων
1093 5589 1482 5660 ἐξερεύγονται
1533 5592 1634 5663 ρήι
1745 5608 1868 5659 μου,
1900 5590 2354 5661 κληρονομήσατε
2403 5590 2503 5660 τὴν
2554 5592 2967 5662 ἡτοιμασμένην
2996 5593 3126 5662 ὑμῖν
3161 5596 3319 5664 βασι-

1741 5682 1889 5735 λείαν
1940 5684 2046 5735 ἀπὸ
2094 5682 2403 5750 καταϐολῆς
2450 5683 2681 5751 κόσμου·
2731 5682 2807 5745 ὡς
2862 5683 3013 5753 ὅπλῳ
3063 5684 3319 5749 εὐδοκίας

1742 5778 2127 5845 ἐστεφάνωσας
2161 5777 2331 5845 ἡμᾶς.
2372 5799 2390 5829 0
2421 5778 2857 5848 Εὐχαριστήριον
2890 5777 3223 5847 ἐπιφώνημα
3253 5775 3318 5831 τὸ

1740 5872 1820 5938 ὡς
1853 5873 1974 5926 ἀντὶ
1997 5870 2091 5925 τοῦ
2123 5872 2288 5943 λίαν,
2323 5870 2715 5944 θαυμαστικῠς
2743 5874 2776 5943 ἠ
2822 5873 3151 5943 ἀνάγνωσις,
3187 5872 3308 5925 λίαν

60 5700 237 5742 ιατα.

122 5798 146 5831 ι
198 5776 332 5837 Ταῖς
384 5772 654 5842 γλώτταις
707 5774 886 5827 αὐτῶν
936 5773 1275 5831 ἐδολιοῦσαν.
1316 5794 1336 5828 0
1372 5805 1443 5817 -—-
1491 5777 1639 5855 Ἐδο-

64 5871 304 5927 4500010
334 5866 451 5922 κατ’
487 5868 646 5937 ἐμοῦ,
693 5870 788 5923 καὶ
817 5869 874 5922 τὸ
905 5869 1065 5940 ἔργον
1113 5868 1341 5922 αὐτῶκό
1381 5869 1530 5935 δόλος
1566 5868 1634 5927 ἲν
