3824 6354
138 397 280 462 1353

1317 397 1638 461 EXPOSlT
1652 397 1726 460 10
1766 398 1851 459 ΙΝ
1897 399 2027 459 PSA
2041 400 2139 460 LM
2153 397 2263 462 OS.

3278 396 3414 464 1354

139 513 284 570 εἶναι
309 514 376 587 δὴ
413 513 475 569 :6
510 515 810 571 ἀντίπαλον
847 515 939 570 διὰ
969 518 1097 581 :06;
1150 514 1486 584 ἀγωνιστάς.
1547 533 1570 567 ι
1603 513 1721 570 Καὶ
1750 518 1799 576 Α
1827 513 1998 583 ἀλλην
2077 514 2366 585 ἀναίρεσιν
2442 515 2829 588 ἀπαραίτητον
2899 519 2991 571 καὶ
3075 517 3196 571 λίαν
3272 519 3417 573 ἐπώο

139 610 492 672 κατευθυνεῖς
519 609 750 666 δίκαιον.
789 629 807 661 ι
843 609 952 664 Καὶ
981 611 1147 682 μήπω
1177 609 1236 664 δέ
1294 609 1401 679 τῆς
1452 608 1721 680 πονηρίας

141 702 600 773 συντελεσθείσης
663 703 901 772 ἐξαίρων
952 705 1017 756 ἐκ
1054 709 1225 775 μέσον
1279 704 1351 758 τὰ
1416 703 1719 764 σκάνδαλα.

142 799 597 865 παρασκευάσεις
656 799 748 852 τὸν
801 797 1033 863 δίκαιον,
1121 798 1298 871 ὀρθῶς
1345 798 1576 869 δραμεῖν
1623 797 1722 868 τὴν

137 891 327 962 τρίϐον
354 892 453 961 τῆς
480 891 707 962 ἀρετῆς.
746 911 764 944 ι
806 891 1181 954 Κατευθυνεῖς
1220 890 1277 945 δέ
1309 891 1400 944 τὸν
1425 891 1656 954 δίκα-ιον,
1696 907 1715 939 ι

137 983 384 1052 εῐρηκεν,
413 983 496 1048 06,
531 981 1051 1053 Κατευθυνθήσεται
1105 983 1340 1046 δίκαιος,
1375 983 1459 1036 ὅτι
1502 981 1722 1034 πάντων

135 1077 247 1130 τῶν
284 1076 510 1146 ἀγαθῶν
545 1076 720 1140 αῖτιος
749 1078 776 1131 6
810 1075 946 1141 Θεός
979 1093 993 1108 ’
1037 1076 1099 1130 οὐ
1154 1075 1266 1146 γάρ
1312 1074 1406 1129 τοῦ
1449 1073 1720 1136 θέλοντος,

114 1171 330 1238 φησὶν,
355 1170 477 1223 οὐδὲ
505 1168 600 1223 τοῦ
620 1170 930 1240 τρέχοντος,
961 1169 1097 1225 ἀλλά
1119 1173 1216 1224 τοῦ
1257 1169 1540 1230 ἐλεοῦντος
1561 1167 1722 1224 Θεοῦ.

135 1263 249 1315 Καὶ
291 1261 488 1315 πάλιν⁹
532 1279 550 1314 ι
591 1263 665 1316 Ού
699 1261 931 1316 δύνασθε
991 1264 1166 1334 χωρὶς
1221 1261 1358 1334 ἐμοῦ
1403 1262 1582 1314 ποιεῖν
1630 1260 1721 1314 06-

134 1354 246 1408 δέν.
295 1373 316 1407 ι
347 1354 602 1417 Ἔτάζων
635 1355 865 1427 καρδίας
921 1357 1018 1412 καὶ
1070 1358 1309 1427 νεφροὺς
1359 1358 1386 1410 6
1425 1355 1580 1420 Θεὸς.
1639 1355 1720 1408 διο

139 1451 312 1513 καίως
345 1449 378 1520 ή
413 1448 643 1520 βοήθειά
681 1468 783 1521 μου
843 1451 998 1522 παρά
1041 1451 1137 1505 τοῦ
1169 1449 1303 1504 Θεοῦ
1333 1450 1427 1505 τοῦ
1457 1450 1721 1516 σώζοντος

133 1548 260 1608 τοὺς
295 1546 472 1610 εὖθεῖς
508 1549 574 1617 τῇ
613 1546 837 1618 καρδία.
879 1546 1163 1618 Ἐρευνῶν
1189 1547 1339 1601 ἐστιν
1375 1547 1629 1617 ἀκριϐῶς
1689 1549 1717 1602 6

134 1638 383 1702 Θεδςτάς
417 1639 526 1692 τῶν
565 1637 872 1710 ἀνθρώπων
928 1639 1164 1711 βουλάςο
1216 1639 1381 1693 τοῦτο
1437 1642 1549 1711 γάρ
1594 1640 1720 1713 ἐδή-

131 1732 274 1785 λωσε
306 1731 394 1785 διὰ
425 1733 534 1784 τῶν
555 1732 816 1801 καρδιῶν,
848 1733 946 1786 καὶ
970 1732 1112 1787 αὐτά
1143 1733 1198 1786 δέ
1249 1734 1319 1787 τά
1381 1734 1496 1786 τῶν
1534 1732 1722 1802 λογισ-

135 1826 255 1894 μῶν
284 1825 488 1895 ἔσχατα
513 1825 607 1878 καὶ
641 1823 944 1894 βαθύτατα,
999 1813 1188 1878 τοῦτοι
1220 1824 1308 1878 διά
1337 1823 1446 1879 τῶν
1480 1827 1716 1896 νεφρῶν.

1831 605 2005 661 δυνον.

1909 717 1926 750 ι
1967 699 2050 752 Τά
2083 699 2214 770 βέλη
2251 699 2420 754 αὑτοῦ
2457 702 2569 764 τοῖς
2615 702 2932 774 καιομένοις
2961 703 3352 774 ἐξειργάσατο.
3391 723 3410 756 ι

1829 819 1903 830 --
1929 793 2012 845 Τὰ
2041 794 2179 846 αὑτά
2202 795 2296 847 καὶ
2329 794 2498 865 σκεύη
2531 795 2766 851 θανάτου
2799 797 2892 850 καὶ
2935 797 3065 868 βέλη
3094 798 3285 868 φησὶν,
3339 797 3415 860 ώς

1833 886 2172 958 εἰρήκαμεν,
2203 887 2239 941 ἃ
2279 889 2393 950 τοῖς
2431 888 2532 941 οὐκ
2585 890 3018 959 ἐπιστρέφουσιν
3054 890 3416 962 ἐξειργάσατο

1832 981 1926 1033 καῖ⁵
1959 981 2257 1052 ἀπήρτισε.
2289 980 2530 1048 Τούτους
2581 984 2695 1055 γὰρ
2738 987 3074 1049 καιομένους
3125 985 3416 1056 ὠνόμασεν

1831 1075 1906 1137 ώς
1932 1074 2153 1136 ἀτόποις
2167 1075 2490 1146 ἐπιθυμίαις
2507 1093 2566 1130 τε
2591 1079 2686 1130 καλ
2710 1077 2779 1131 Ou
2795 1081 2940 1146 μοῖς,
2970 1081 3026 1146 ἐξ
3049 1075 3124 1135 ῶν
3153 1083 3302 1134 πᾶσα
3319 1098 3418 1134 κα-

1830 1166 1957 1232 κίας
1994 1170 2231 1240 πρᾶξις,
2267 1168 2974 1242 φλεγομένουςιδιαπαντός.

1906 1279 1926 1312 ι
1964 1261 2100 1315 Ἰδοὺ
2130 1261 2396 1332 ῶδίνησεν
2423 1261 2667 1319 ἀδικίαν.
2692 1292 2763 1303 -
2800 1264 2972 1318 Πάλιν
3008 1265 3147 1335 πρὸς
3171 1266 3262 1320 τὸν
3281 1266 3414 1320 Θεδν

1833 1356 2073 1408 ποιεῖται
2097 1355 2226 1418 τοὺς
2260 1355 2476 1424 λόγους,
2521 1357 2615 1410 καὶ
2671 1356 2766 1410 τοῦ
2828 1357 3082 1411 διαϐόλου
3141 1359 3418 1412 καταϐοᾶ-

1829 1461 1945 1512 ται,
1979 1443 2082 1517 τὴν
2113 1447 2195 1509 εἰς
2229 1447 2353 1517 ἐμέ,
2384 1447 2584 1516 λέγων,
2637 1447 2854 1502 ἀδικίαν
2904 1451 2930 1503 6
2963 1448 3210 1512 διάϐολος
3241 1451 3418 1519 ἐμμε-

1830 1537 2066 1608 λετήσας
2087 1539 2146 1593 ἐν
2177 1540 2379 1612 ἐαυτῷ,
2405 1543 2503 1594 καὶ
2529 1541 2638 1596 ἰδοὺ
2671 1542 3102 1614 τελεσφορήσας,
3126 1539 3412 1613 ώδίνησεν.

1843 1630 2108 1702 Ἐκρῆξαι
2173 1633 2380 1705 ταύτην
2444 1633 2670 1688 σπεύδει
2713 1633 2923 1701 λοιπὸν,
2975 1635 3070 1688 καὶ
3123 1636 3202 1699 είς
3252 1629 3454 1706 ἔργον⁸

1830 1724 2064 1796 ἀγαγεῖν
2105 1727 2522 1796 κατεπείγεται.
2558 1729 2656 1792 Τίς
2696 1729 2728 1798 ἡ
2769 1729 3003 1796 ἀδικία;
3065 1727 3270 1800 πτῶμα
3321 1731 3415 1783 καὶ

1829 1818 2044 1874 ὄλισθον
2058 1821 2388 1895 προξενῆσαί
2414 1841 2526 1893 μοι,
2550 1823 2646 1877 καὶ
2673 1822 2770 1877 τοῦ
2800 1825 3014 1896 Κυρίου
3046 1823 3415 1898 ἐπάίσχύνης

136 1916 303 1969 Ὅθεν
329 1917 508 1970 πάντα
533 1916 599 1970 τὰ
625 1918 681 1969 ἐν
701 1917 880 1987 σκότῳ
905 1915 1002 1970 καὶ
1030 1915 1241 1986 κρύφια
1272 1917 1532 1989 καθορῶν
1555 1921 1718 1989 ἐναρο
1755 1896 1795 1954 Β
1825 1913 2175 1981 ἀποξενῶσαι
2200 1932 2292 1984 με.

132 2008 248 2079 γῶς
276 2005 386 2063 οἶδε
439 2009 537 2062 καὶ
566 2011 647 2063 ὄτι
675 2011 916 2080 πονηρία
944 2012 1039 2064 καὶ
1078 2009 1231 2074 δόλος
1265 2010 1365 2064 οὐκ
1424 2010 1541 2064 ἔστι
1598 2029 1714 2082 μοι.

129 2105 370 2166 Δικαίως
395 2103 488 2157 οῦν
513 2105 608 2158 καὶ
639 2104 879 2172 εύλόγως
919 2103 1204 2170 ἐλπίζεται
1238 2106 1334 2158 καὶ
1368 2104 1517 2158 ἐστιν
1548 2107 1580 2175 ἢ
1638 2108 1717 2170 εἰς

131 2198 234 2268 ἐμὲ
265 2195 491 2269 βοήθεια
519 2199 615 2251 καὶ
638 2197 884 2268 σωτηρία
905 2197 1056 2266 παρά
1085 2197 1180 2251 τοῦ
1217 2196 1357 2251 Θεοῦ
1385 2197 1478 2250 τοῦ
1515 2197 1720 2264 σώζον-

130 2309 224 2354 τος
253 2293 373 2354 τοῦς
404 2292 718 2363 άπονήρους
750 2290 846 2344 καὶ
887 2289 1114 2355 ἀδόλους
1148 2294 1214 2362 τῇ
1276 2289 1477 2363 καρδία
1511 2293 1717 2363 τυγχά-

132 2404 350 2450 νοντας.

210 2523 228 2556 ι
281 2503 340 2558 '0
370 2503 502 2566 Θεὸς
536 2501 732 2576 κριτὴς
760 2503 973 2567 δίκαιος
999 2503 1093 2557 καὶ
1131 2503 1355 2573 ἰσχυρὸς
1387 2505 1484 2555 καὶ
1505 2505 1715 2574 μακρό-

137 2597 329 2666 θυμος.
381 2615 398 2646 ι
440 2595 644 2665 Κριτὴς
668 2596 746 2648 ὢν
781 2596 993 2658 δίκαιος
1033 2595 1132 2663 τὴν
1161 2595 1272 2648 τῶν
1329 2595 1547 2665 ἐχθρῶν
1613 2614 1716 2666 μου

131 2689 408 2757 δαιμόνων
440 2687 661 2742 ἀδικίαν
690 2688 1040 2758 ἀποσοϐῆσαι
1067 2690 1264 2756 κρινεῖ,
1301 2694 1394 2741 καὶ
1447 2689 1522 2757 μὴ
1557 2689 1717 2744 ἐᾶσαι

132 2783 340 2854 ταύτην
371 2785 452 2846 εἰς
485 2783 636 2845 τέλος
670 2781 848 2834 ἐλθεῖν
872 2797 886 2812 ’
957 2781 1179 2852 ἰσχυρὸς
1210 2779 1288 2834 ὢν
1315 2781 1529 2850 ίσχύσει
1559 2781 1719 2838 τοῦτο

137 2878 370 2947 ποιῆσαι
411 2878 507 2930 καὶ
534 2877 870 2948 διατηρῆσαι
897 2893 965 2946 με
988 2876 1091 2945 τῆς
1133 2875 1318 2930 αὐτῶν
1373 2877 1718 2945 κακουργίας

133 2970 406 3042 ἀνώτερον
430 2987 443 3000 ·
481 2970 841 3040 μακρόθυμος
867 2968 947 3023 ὢν
987 2971 1264 3040 ἀναμενεῖ
1292 2972 1394 3037 τὴν
1422 2971 1565 3040 ἐμὴν
1597 2971 1739 3024 ἐπι--

133 3064 398 3137 στροφὴν,
430 3065 528 3118 καὶ
548 3064 611 3116 οὐ
653 3062 808 3133 παρά
832 3061 995 3126 πόδας
1034 3061 1132 3134 τὴν
1166 3063 1474 3133 καταδίκην
1525 3063 1716 3128 ἐπάξει

137 3175 249 3229 μοι,
286 3157 380 3211 καὶ
416 3157 491 3226 μὴ
521 3155 695 3228 ὀργήν
741 3154 966 3224 ἐπάγων
993 3155 1123 3209 καθ’
1173 3155 1416 3225 ἑκάστην
1469 3156 1708 3228 ἡμέραν.

151 3251 350 3320 ὐργὴν
411 3250 560 3316 λέγει
605 3247 704 3317 τὴν
751 3247 1022 3301 κάκωσιν.
1075 3246 1464 3315 Ἐπεεηγεῖται
1516 3246 1596 3310 δέ,
1660 3247 1713 3300 τί

131 3343 336 3396 ἐστινό
383 3338 768 3413 μακρόθυμος·
817 3341 847 3393 6
895 3338 972 3409 μὴ
1014 3338 1244 3403 ἐπάγων
1303 3337 1425 3390 καθ’
1471 3337 1713 3409 ἑκάστην

133 3437 375 3508 ἡμέραν,
403 3434 524 3506 ήτοι
554 3434 698 3487 κατά
725 3434 907 3487 πάντα
945 3431 1165 3500 καιρὸν,
1185 3432 1300 3493 τοῖς
1331 3429 1712 3502 ἁμαρτάνουσι

129 3531 402 3595 κάκωσιν,
420 3527 538 3580 ἀλλ’
569 3526 904 3596 ἀνεχόμενος
936 3526 1033 3579 καὶ
1059 3525 1163 3594 τήν
1194 3523 1377 3579 αὐτῶν
1411 3524 1711 3594 μετάνοιαν

127 3624 222 3677 καί
255 3619 549 3691 διόρθωσιν
584 3619 976 3689 ἐκδεχόμενος.

207 3775 223 3808 ι
261 3757 392 3809 Ἐἀν
459 3755 534 3827 μὴ
577 3754 990 3826 ἐπιστραφῆτε,
1047 3752 1146 3821 τὴν
1204 3755 1485 3826 ῥομφαίαν
1544 3753 1710 3810 αὐτοῦ

124 3849 432 3903 στιλϐάσει.
474 3866 493 3899 ι
524 3845 598 3900 T6
630 3846 784 3911 τόξον
818 3846 984 3900 αὑτοῦ
1021 3847 1256 3900 ἐνέτεινε
1289 3849 1385 3900 καὶ
1412 3847 1711 3918 ἡτοίμασεν

122 3942 258 3998 αύτὸ
291 3943 322 4010 ή
357 3940 654 4003 στίλϐωσις
687 3941 782 4010 τῆς
823 3939 1102 4010 ῥομφαίας
1140 3941 1236 3993 καὶ
1262 3941 1297 4012 ή
1359 3941 1579 4004 ἔντασις
1611 3939 1709 3993 τοῦ

119 4037 303 4102 τόξου.
336 4035 445 4090 Καὶ
479 4035 513 4105 ή
542 4033 832 4103 ἐτοιμασία
858 4033 994 4100 πρὸς
1023 4032 1239 4100 τοξείαν
1288 4033 1521 4102 ἀπειλῆς
1554 4033 1696 4104 ὁμοῦ

121 4135 221 4186 καὶ
253 4129 537 4199 μελήσεως
597 4125 868 4197 σύμϐολα.
921 4127 1194 4196 Παραινεῖ
1246 4126 1306 4180 δέ
1367 4128 1464 4180 καὶ
1524 4125 1709 4190 ἄλλοις

123 4226 228 4278 σὺν
260 4221 443 4292 ἐαυτῷ
466 4219 853 4291 μακροθυμίας
885 4217 1023 4271 Θεοῦ
1056 4218 1132 4290 μὴ
1152 4220 1546 4290 καταφρονεῖν
1577 4219 1708 4273 Ἐὰν

119 4321 256 4388 γάρ,
292 4316 450 4386 φησὶ,
520 4313 598 4384 μή
627 4312 1007 4384 ἐπιστραφῆτε
1059 4313 1196 4385 πρὸς
1222 4311 1353 4366 Θεὸν
1384 4315 1433 4366 οί
1468 4330 1706 4384 μακρυν-

120 4413 312 4475 θέντες
349 4409 446 4462 ἀπ’
495 4407 664 4462 αὑτοῦ
697 4406 787 4460 διὰ
836 4405 936 4475 τῆς
992 4406 1104 4460 τῶν
1162 4405 1398 4461 ἐντολῶν
1447 4407 1706 4478 παραϐά-

118 4525 305 4571 σεως,
367 4506 416 4558 εί
475 4503 568 4557 καὶ
631 4501 708 4573 μὴ
761 4499 994 4570 τάχιστα
1063 4497 1159 4552 καὶ
1211 4499 1356 4553 κατά
1423 4499 1703 4568 σπουδήν,

1901 2025 1918 2058 ι
1957 2005 2226 2060 Συνέλαϐε
2261 2007 2421 2062 πόνον
2457 2010 2549 2062 καὶ
2603 2010 2790 2064 ἔτεκεν
2839 2011 3108 2081 ἀνομίαν.
3149 2033 3167 2068 ι
3203 2043 3272 2054 -
3311 2015 3407 2070 Λῖ-

1823 2115 1940 2150 τιον
1993 2097 2073 2168 τῷ
2126 2099 2360 2170 διαϐόλῳ
2421 2101 2522 2169 τῆς
2585 2101 2848 2172 τοιαύτης
2907 2104 3124 2170 ἀδικίας
3181 2107 3280 2175 τῆς
3327 2109 3409 2170 είς

1823 2191 1925 2258 ἐμὲ
1955 2191 2017 2245 :6
2060 2192 2192 2263 ἐμὸν
2225 2193 2392 2261 ἄλγος
2451 2186 2495 2263 ᾧ
2527 2193 2711 2266 χαίρει
2759 2197 2859 2251 καὶ
2909 2197 3084 2269 οὕπερ
3137 2199 3354 2268 ἐφίεται
3391 2217 3405 2230 ·

1823 2280 1920 2334 καὶ
1974 2284 2083 2352 γὰρ
2115 2282 2176 2348 ἐξ
2206 2283 2386 2354 ἄκρας
2441 2285 2745 2356 βασκανίας
2797 2285 3097 2360 ἐπιθυμῶν
3132 2292 3225 2344 τοῦ
3271 2294 3408 2364 πόρ-

1824 2376 1903 2444 ρω
1928 2373 2036 2428 τῶν
2068 2376 2395 2446 σωζομένων
2428 2380 2807 2452 άποῤῥιφῆναί
2840 2399 2935 2451 με,
2968 2384 3066 2437 καὶ
3125 2386 3290 2441 πόνον
3309 2389 3408 2442 καὶ

1823 2466 2044 2536 ὀδύνην,
2096 2468 2155 2521 ἐν
2189 2469 2268 2539 τῷ
2297 2470 2476 2541 καιρῷ
2513 2471 2914 2544 κληρώσασθαι
2964 2475 3065 2546 τῆς
3120 2478 3405 2542 ἐκτίσεως.

1823 2557 1916 2609 τὸν
1943 2555 2192 2612 τοιοῦτον
2220 2559 2383 2613 πόνον
2420 2558 2617 2632 ῶσπερ
2641 2561 2768 2615 τινά
2819 2563 3025 2633 σπόρον
3083 2565 3140 2618 ἐν
3195 2565 3409 2638 διανοίᾳ

1825 2649 2112 2721 συνέλαϐε,
2156 2654 2252 2708 κα)⁸
2286 2655 2386 2725 τὴν
2421 2656 2522 2727 τῆς
2559 2657 2858 2728 ἐπιϐουλῆς
2883 2658 3117 2730 ἀνομίαν
3137 2665 3408 2718 συσκευά-

1825 2760 1924 2810 σας
1954 2745 2250 2802 ἀπέτεκεν.

1901 2856 1920 2892 ι
1979 2839 2203 2894 Λάκκον
2261 2837 2450 2912 ῶρυξε
2515 2843 2610 2896 καὶ
2673 2841 2984 2916 ἀνέσκαψεν
3037 2845 3222 2903 αὐτόν.
3281 2866 3302 2901 ι
3336 2878 3409 2891 --

1821 2931 2043 2986 Λάκκον
2095 2933 2246 3002 λέγει
2292 2935 2395 3004 τὴν
2451 2937 2705 3009 μηχανὴν
2761 2941 2856 2991 καὶ
2909 2939 3242 3011 ἀνάσκαψιν,
3281 2942 3404 3014 ήτοι

1820 3023 2083 3094 δευτέραν
2111 3025 2396 3096 ἀνόρυξιν,
2431 3026 2493 3079 τὸ
2522 3029 2617 3098 τῆς
2658 3030 2908 3100 μηχανῆς
2948 3031 3276 3088 δολιώτατον
3308 3036 3406 3088 καὶ

1823 3113 2151 3188 βαθύτατον.
2210 3117 2400 3172 Πᾶσαν
2457 3120 2841 3190 ἐτεκτήνατο,
2904 3125 3060 3193 φησὶ,
3103 3123 3225 3180 κατ’
3263 3127 3402 3197 ἐμοῦ

1742 3247 1789 3310 c
1824 3209 2100 3280 μηχανὴν,
2140 3209 2237 3265 καὶ
2272 3210 2516 3282 ἄφυκτον
2578 3213 2774 3286 αὐτὴν,
2834 3216 2895 3269 τό
2926 3234 2988 3286 γε
3027 3212 3163 3292 ἧκον
3187 3221 3269 3285 είς
3299 3221 3403 3276 αὖ-

1819 3303 1934 3368 τὸν,
1973 3303 2379 3376 ἀπειργάσατο,
2409 3306 2504 3362 καὶ
2573 3311 2908 3380 ἐμπεσεῖται
2965 3315 3040 3377 εἰς
3085 3313 3282 3385 βόθρον
3338 3317 3401 3370 δν

1818 3398 2140 3470 είργάσατο.
2221 3400 2526 3471 Ἐμπίπτει
2579 3407 2696 3467 τοῖς
2775 3405 2942 3460 αὑτοῦ
3003 3409 3401 3481 μηχανήμασιν

1815 3490 1844 3543 6
1870 3491 2140 3560 διάϐολος,
2165 3494 2254 3547 ὅτε
2288 3493 2463 3547 πολλά
2500 3496 2647 3549 κατά
2681 3497 2790 3550 τῶν
2842 3498 2979 3552 Θεοῦ
3035 3499 3239 3554 δούλων
3296 3518 3398 3555 συο

1819 3585 2248 3655 σκευασόμενος,
2291 3587 2355 3638 ἐκ
2399 3588 2620 3640 πάντων
2676 3589 3026 3662 ἀπρακτήσει
3089 3593 3185 3647 καὶ
3226 3608 3400 3666 ang;—

1823 3680 2148 3750 σχυμμένος
2177 3681 2560 3751 ὑποχωρήσειο
2590 3681 2688 3754 τὴν
2718 3684 2824 3754 γὰρ
2873 3685 3138 3756 αἰσχύνην
3166 3686 3234 3758 ἢν
3283 3692 3399 3752 τοῖς

1815 3773 2334 3842 ἐπιϐουλευομένοις
2353 3776 2671 3844 ἐμηχανᾶτο
2701 3777 2790 3832 διὰ
2820 3777 2920 3848 τῆς
2960 3779 3241 3851 ἁμαρτίας
3269 3781 3400 3835 ἐπε-

1815 3867 2057 3936 νεγκεῖν,
2087 3867 2397 3920 ἐπισπᾶται
2422 3869 2602 3924 πᾶσαν
2633 3869 2819 3939 αὐτὸς,
2867 3872 3100 3938 μάταιος
3133 3871 3194 3940 ἐξ
3245 3875 3394 3930 ὲκεί-

1812 3977 1922 4015 νων
1944 3960 2360 4031 ἀποκρουσθείς.
3443 3948 3448 3952 ’

1891 4075 1908 4107 ι
1947 4056 2300 4127 Ἐπιστρέψει
2351 4060 2378 4112 6
2416 4059 2578 4122 πόνος
2635 4057 2798 4114 αὐτοῦ
2856 4061 2938 4125 είς
2991 4063 3240 4135 κεφαλὴν
3292 4067 3396 4120 αὐ-

1810 4147 1928 4204 τοῦ.
1981 4168 2102 4203 ι-
2143 4151 2203 4205 'U
2263 4152 2424 4210 πόνος
2484 4152 2544 4206 ὃν
2604 4153 2731 4224 ἐμοὶ
2789 4153 3082 4226 προύξένει
3147 4156 3238 4211 διὰ
3294 4158 3394 4227 τῆς

1820 4243 2124 4309 ἀπωλείας,
2161 4245 2538 4315 στραφήσεται
2567 4245 2705 4317 πρὸς
2741 4248 2927 4313 αὑτὸν,
2961 4247 3058 4303 καὶ
3116 4249 3178 4303 :6
3229 4251 3394 4319 ἄλγος

1808 4333 2021 4401 δέξεται
2058 4334 2296 4405 καίριον,
2327 4336 2497 4408 ήγουν
2541 4338 2898 4395 ἀνύποιστον.
2931 4340 3041 4394 Καὶ
3093 4341 3187 4395 ἐπὶ
3223 4359 3394 4413 κορυ-

1810 4426 1916 4496 φὴν
1959 4427 2124 4482 αὑτοῦ
2172 4429 2204 4500 ή
2267 4429 2455 4485 ἀδικία
2512 4431 2680 4486 αὑτοῦ
2735 4431 3128 4505 καταϐήσεται.
3195 4435 3301 4488 Καὶ
3357 4437 3390 4505 ἡ

1810 4518 1992 4573 ἀδικία
2021 4520 2086 4590 ἣν
2117 4520 2378 4577 ἔσπευδεν
2409 4523 2666 4596 ἀδικῆσαί
2693 4543 2762 4595 με
2797 4527 2892 4580 καί⁵
2918 4528 3013 4582 :06
3045 4527 3180 4599 ἐμοῦ
3199 4527 3392 4584 δεσπό-

113 4605 258 4663 τῖως
307 4597 351 4693 θ’
403 4593 496 4652 οὖν
544 4598 602 4650 έν
647 4594 826 4665 καιρῷ
859 4593 1058 4660 δέοντιι
1112 4592 1329 4664 πικρῶς
1385 4591 1700 4660 έξολθθρευ’
1737 4611 1902 4670 υτον
1958 4614 2237 4686 μακρῦναί
2295 4633 2386 4687 με.
2452 4591 2566 4672 καί.⁷
2605 4591 2708 4689 τῆς
2757 4603 2924 4674 αὑτοῦ
2975 4591 3133 4693 δόξης
3193 4623 3389 4687 θεῖναι,

118 4691 382 4763 θήσεσθε.

215 4822 235 4855 ε
271 4804 383 4857 Καὶ
410 4802 467 4856 ἐν
496 4800 644 4870 αὐτῷ
675 4801 940 4869 ἡτοίμασε
973 4797 1143 4867 σκεύη
1208 4796 1463 4853 θανάτου.
1501 4816 1520 4850 ι
1584 4797 1703 4850 Τῶν

114 4903 176 4952 ἐν
247 4899 360 4958 τοῖς
416 4894 598 4964 βέλεσι
649 4891 926 4961 γλυφίδων
959 4893 1081 4954 ταῖς
1111 4890 1222 4943 τῶν
1250 4891 1424 4958 τόξων
1483 4892 1702 4961 νευραῖς

111 4987 418 5058 ἐνιεμένων
441 4987 500 5039 ἐν
538 4986 652 5046 τοῖς
678 4983 854 5049 τόξοις
889 4982 1292 5052 ἑτοιμάζεσθαι
1325 4984 1392 5036 τὰ
1429 4981 1558 5052 βέλη
1614 4982 1704 5036 λέ-

109 5097 309 5153 γονται
345 5096 359 5111 ο
395 5077 515 5132 ἀλλ’
548 5079 712 5146 εἰπερ
738 5077 958 5146 φέροιεν
1004 5076 1083 5128 ἰὸν
1129 5075 1162 5146 ἢ
1213 5075 1347 5146 πῦρ,
1401 5075 1477 5138 ώς
1529 5074 1701 5129 ταῦτά

107 5188 265 5236 τινες
295 5170 484 5234 αὐτοῖς
515 5167 844 5232 ἐντιθέασιν,
877 5167 928 5219 οί
965 5165 1064 5236 μὲν
1115 5165 1282 5230 ὀξέως
1336 5167 1432 5220 καὶ
1485 5165 1702 5236 πικρῶς

107 5265 352 5326 ἀνελεῖν,
379 5263 428 5315 οί
459 5261 515 5313 δὲ
547 5256 904 5328 πυρπολῆσαι
933 5255 1286 5326 προθέμενοι,
1318 5255 1440 5308 τότε
1473 5254 1542 5308 τὰ
1567 5253 1699 5324 βέλη

108 5361 213 5415 καὶ
251 5354 424 5426 σκεύη
457 5359 709 5425 γίνονται
748 5350 816 5404 δι’
874 5349 910 5404 ἃ.
966 5350 1389 5423 περιφέρουσιν.
1442 5347 1609 5402 ’Ὅθεν
1663 5350 1699 5421 ή

106 5451 372 5523 ψιλμικὴ
409 5451 573 5522 ῥῆσις
600 5449 729 5510 τοὺς
761 5448 998 5515 τρόπους
1033 5444 1126 5497 τοῦ
1161 5443 1396 5497 θανάτου
1451 5443 1580 5504 τοὺς
1637 5445 1702 5497 ἐκ

104 5552 210 5615 τῆς
237 5547 394 5608 θείας
425 5544 594 5614 ὀργῆς
623 5541 720 5593 καὶ
744 5537 876 5608 βέλη
939 5537 1032 5590 καὶ
1089 5535 1261 5607 σκεύη
1327 5535 1563 5590 θανάτου
1609 5535 1702 5588 κέ-

107 5641 292 5710 κληκε
333 5633 748 5707 μεταφορικῶς.
782 5633 950 5699 Λέγει
1001 5629 1136 5699 γοῦν
1166 5633 1264 5684 καὶ
1321 5631 1379 5682 ἐν
1411 5629 1563 5700 αύτῷ
1621 5629 1700 5700 τῷ

101 5736 251 5804 τόξῳ
284 5731 520 5788 θανάτου
577 5729 820 5800 τρόπους
877 5725 1176 5796 ἡτοίμασε,
1241 5725 1344 5795 γῆς
1373 5723 1697 5796 συγχώσεις,

102 5827 286 5896 πυρὸς
363 5821 686 5895 ίφλογὼπεις
739 5861 756 5888 ,
839 5819 1031 5882 ὓδατος
1104 5817 1461 5882 ἐπικλύσεις,
1536 5819 1698 5888 ἀέρος

103 5915 365 5988 φθοράς,
435 5915 534 5977 τὰς
583 5915 648 5965 ἐκ
684 5909 968 5978 πολεμίων
1033 5907 1290 5977 σφαγὰς,
1355 5910 1449 5963 καὶ
1509 5911 1700 5965 πᾶσαν

370 6016 642 6101 [δλειειιοι.
682 6013 801 6075 lla.
866 6009 1099 6073 CXLII.

1811 4703 2020 4758 ἀνωθεν
2059 4705 2124 4758 ἐκ
2151 4705 2334 4776 ψήφου
2364 4706 2516 4770 θείας
2546 4709 2626 4771 εἰς
2671 4709 2836 4763 αὐτὸν
2868 4712 3263 4784 καταϐήσεται,
3294 4715 3391 4767 καὶ

1809 4797 1872 4850 :6
1886 4797 2416 4868 μακρυνθῆναιΘεοῦ
2448 4801 2543 4852 καὶ
2574 4798 2684 4852 τῶν
2719 4800 2815 4855 τοῦ
2837 4802 2996 4870 Θεοῦ,
3025 4803 3390 4874 καιριώτατον

1811 4887 2156 4960 κληρώσεται
2185 4891 2281 4944 καὶ
2313 4877 2615 4962 ἀκρότατον
2645 4911 2660 4926 ο
2691 4897 2906 4965 καίριον
2935 4895 3036 4966 μέν
3068 4897 3178 4965 γὰρ
3223 4897 3256 4967 ή
3294 4914 3388 4950 κε-

1811 4981 1979 5051 φαλὴ,
2022 4981 2082 5036 :6
2134 4983 2229 5035 ἀπ’
2267 4984 2492 5054 αέχένος
2521 4987 2636 5040 ἀνω
2664 4989 2854 5058 διῆκον
2887 4987 3050 5058 μέρος
3076 4987 3170 5042 τοῦ
3203 4986 3391 5058 σώμαι

1808 5089 1900 5137 τος
1927 5089 1943 5105 ⁸
1979 5072 2042 5127 :6
2070 5073 2126 5127 δέ
2156 5075 2361 5146 ταύτης
2394 5076 2565 5142 ἄκρον
2594 5079 2626 5149 ἡ
2659 5079 2874 5148 κορυφὴ
2915 5079 3286 5151 καιριώτατον
3329 5082 3389 5134 ἐν

1807 5159 1852 5234 ᾧ
1881 5165 2018 5219 καὶὸ
2053 5167 2374 5234 ἐγκέφαλος,
2409 5169 2532 5222 ὅθεν
2556 5169 2813 5240 αἴσθησις
2845 5172 2996 5224 πᾶσα
3023 5173 3118 5226 καὶ
3149 5173 3386 5243 κίνησις.
3435 5235 3438 5239 _

1810 5258 1908 5310 Διά
1941 5257 2325 5312 τούτωνδέτά
2373 5261 2607 5330 ἐσόμενα
2641 5262 2793 5330 λέγει
2843 5262 3044 5332 μᾶλλον
3101 5264 3132 5333 ἢ
3183 5265 3392 5336 ἐπαρᾶ-

1808 5367 1898 5404 ται
1926 5365 1939 5380 ο
1976 5351 2054 5420 τῷ
2079 5350 2311 5421 διαϐόλῳ
2342 5353 2452 5422 γὰρ
2495 5355 2586 5408 καὶ
2634 5356 2746 5418 τοῖς
2803 5354 3060 5423 ἀγγέλοις
3110 5356 3279 5410 αὐτοῦ
3329 5358 3391 5411 :6

1809 5443 2030 5498 αἰώνιον
2061 5445 2395 5516 ήτοίμασται
2428 5448 2540 5518 πῦρ
2575 5447 2603 5502 6
2636 5447 2702 5518 δή
2751 5449 2848 5502 καὶ
2879 5447 3070 5512 σκότος
3125 5449 3388 5520 ἐξώτερον

1809 5538 1902 5591 καὶ
1940 5540 2159 5608 μακρὰν
2196 5537 2377 5604 πάντη
2414 5538 2562 5604 θείας
2598 5540 2926 5608 ἐπισκοπῆς.
2957 5558 2977 5594 ι
3027 5539 3390 5611 Ἐξομολογή-

1810 5647 1975 5701 σομαι
2009 5629 2123 5701 τῷ,
2149 5631 2338 5702 Κυρίῳ
2399 5633 2542 5686 κατά
2599 5632 2698 5703 τήν
2747 5633 3098 5704 δικαιοσύνην
3140 5631 3330 5687 αὑτοῦ.
3363 5649 3384 5685 ι

1810 5723 1922 5794 Τὴν
1953 5723 2030 5789 τῷ
2059 5723 2290 5796 διαϐόλῳ
2335 5725 2430 5778 καὶ
2482 5726 2592 5788 τοῖς
2634 5725 2886 5796 δαίμοσιν
2932 5724 3390 5797 ἐπαχθησομένην

1811 5816 2034 5870 κόλασίν
2055 5832 2113 5868 τε
2139 5815 2236 5869 καὶ
2285 5817 2532 5871 κάκωσιν
2561 5817 2702 5888 ἀρᾶς
2743 5816 2900 5885 τύπῳ
2958 5815 3388 5887 διηγησάμενος,

1813 5907 2208 5980 Εὐχάριστήσω
2238 5908 2446 5980 Κυρίῳ,
2480 5909 2667 5981 φησὶν,
2701 5907 2888 5962 ἕνεκεν
2941 5911 3041 5976 τῆς
3089 5906 3258 5960 αὐτοῦ
3308 5906 3388 5962 δι·

2991 6000 3068 6062 ’43
