3824 6354
204 320 333 384 ΗΠ

1361 322 1773 385 EXPOSITIO
1816 325 1898 386 ΙΝ
1930 325 2297 388 PSALMOS.

3302 326 3440 390 H18

192 440 221 492 ὁ
246 436 408 490 Δαυῖδ
433 434 590 491 τοῦτο
633 436 886 508 προϊδὼν,
944 437 1087 509 ’ὐπέρ
1128 437 1369 502 Ἐζεκίου
1405 438 1593 493 τοῦτον
1644 438 1764 504 ἐξε-
1794 444 1839 500 Α
1869 439 1928 491 τὸ
1956 478 1971 501 ,
2010 457 2028 490 ι
2072 439 2197 493 Ὀτι
2235 440 2380 510 δῴης
2432 439 2581 510 αὐτῷ
2636 440 2889 509 εὐλογίαν
2943 442 3023 503 είς
3085 440 3258 495 αίῶνα
3308 444 3443 497 αίῶο

194 527 468 598 φώνησεν.

206 624 209 625 ⁷
270 639 289 671 ι
323 621 513 692 Κύριε,
545 621 605 674 ἐν
632 624 697 692 τῇ
733 621 961 692 δυνάμει
1006 640 1101 677 σου
1128 624 1570 697 εὐφρανθήσεται
1604 628 1631 681 δ
1665 627 1766 697 βα-

197 708 396 771 σιλεύς.
435 728 453 761 ι
489 740 558 751 -
587 711 666 780 Τῇ
701 710 973 785 βοηθούσῃ
997 715 1148 785 αὐτῷ
1181 717 1277 768 καὶ
1302 719 1385 779 είς
1435 717 1497 770 τὸ
1524 718 1649 787 ἑξῆς
1679 719 1771 771 εὐ-

200 803 576 873 φρανθήσεται
609 819 624 835 ⁸
654 804 748 857 καὶ
773 805 935 859 τοῦτο
954 808 1281 880 πιστεύομεν
1297 809 1406 863 ἀπὸ
1430 810 1539 864 τῶν
1565 811 1768 882 προλα-

195 894 397 947 ϐόντων
431 894 914 966 εὐεργετημάτων.

1870 548 1978 591 νος.
2010 550 2027 583 1

1904 674 1909 679 ,
1948 640 1966 672 ι
2007 622 2146 693 Περὶ
2190 621 2291 691 τῆς
2333 622 2604 690 εὐλογίας.
2649 641 2666 675 ι
2705 623 2771 676 Ἦ
2808 624 3028 693 εὐλογία
3060 625 3188 678 ποτέ
3216 625 3314 695 μὲν
3348 641 3446 693 ση-

1875 714 2057 785 μαίνει
2081 713 2178 783 τὴν
2205 714 2486 783 εὐφημίαν
2508 755 2522 776 ,
2557 714 2631 774 ώς
2654 715 2732 780 τὸ,
2772 734 2789 766 ι
2834 716 3063 780 Εὐλόγει
3096 718 3130 785 η
3160 716 3306 786 ψυχή
3345 734 3447 785 μου

1871 807 1963 859 τὸν
1989 805 2220 876 Κύριον·
2263 824 2283 858 ι
2327 805 2457 857 ποτέ
2485 803 2653 875 δὲτὴν
2684 808 2865 876 χάριν,
2896 808 2970 872 ώς
2996 808 3077 874 τδ,
3108 826 3125 861 ι
3163 808 3451 878 Προέφθα-

1875 916 1974 961 σας
2010 899 2173 953 αὐτὸν
2213 898 2269 951 ἐν
2326 897 2597 963 εὐλογίαις
2651 901 3057 970 χρηστότητοςν
3083 919 3101 952 ε
3154 901 3235 954 ἔτι
3263 901 3320 954 δέ
3354 901 3453 954 καὶ

271 1005 290 1038 ε
318 987 428 1041 Καὶ
461 988 554 1040 ἐπὶ
578 989 655 1059 τῷ
687 992 943 1063 σωτηρίῳ
967 1008 1061 1045 σου
1081 992 1470 1063 ἀγαλλιάσεται
1491 995 1717 1066 σφόδρα.
1746 1015 1766 1050 ε
1874 990 1973 1060 τὴν
2009 990 2298 1061 μετάδοσιν
2332 989 2426 1042 τοῦ
2456 990 2753 1060 ἁγιασμοῦ,
2786 991 2859 1053 ὼς
2902 992 2994 1046 ἐπὶ
3022 993 3117 1047 τοῦ
3145 993 3413 1063 παρόντος
3434 1009 3449 1024 ⁸

194 1110 263 1123 ~
286 1082 412 1133 Ἐπὶ
436 1083 502 1151 τῇ
536 1083 687 1150 παρὰ
721 1083 817 1137 σοῦ
854 1087 1124 1157 σωτηρίᾳ.

272 1191 290 1224 ι
323 1173 435 1241 Τὴν
461 1173 757 1244 ἐπιθυμίαν
786 1176 887 1244 τῆς
910 1177 1091 1249 ψυχῆς
1127 1180 1293 1234 αὐτοῦ
1324 1182 1532 1247 ἔδωκας
1551 1180 1720 1251 αὐτῷ.
1742 1199 1762 1232 ε

196 1298 265 1311 --
294 1267 366 1320 Ἢ
400 1266 499 1337 τὴν
526 1269 668 1323 κατὰ
700 1270 808 1323 τῶν
844 1271 1055 1343 ἐχθρῶν
1102 1268 1283 1345 νίκην.
1322 1274 1356 1345 ἢ
1396 1274 1496 1347 τὴν
1530 1275 1772 1347 προσθη-

198 1374 301 1426 κην
330 1359 426 1426 τῆς
451 1358 616 1430 ζωῆς,
645 1360 676 1431 ἢ
710 1362 897 1426 ἁπλῶς
923 1366 1104 1419 πᾶσαν
1134 1364 1383 1430 ἀξίωσιν.

275 1467 294 1499 ι
320 1448 430 1500 Kal
454 1448 554 1519 τὴν
586 1449 775 1520 δέησιν
804 1450 912 1505 τῶν
934 1453 1161 1523 χειλέων
1193 1452 1361 1507 αὐτοῦ
1385 1453 1486 1508 οὐκ
1539 1453 1773 1524 ἐστέρη-

200 1557 299 1604 σας
323 1541 509 1596 αὐτόν.
556 1559 575 1593 ε
609 1571 678 1583 --
710 1543 781 1595 Τὸ
808 1543 943 1597 αὐτὸ
976 1544 1140 1599 πάλιν
1170 1545 1475 1616 δεδήλωκεν
1502 1539 1616 1599 οἷον
1646 1546 1777 1613 ἐνη-

197 1633 422 1703 δόμενος
448 1635 516 1705 τῇ
543 1634 870 1705 εὐχαριστίᾳ
894 1651 909 1667 ο
940 1628 1001 1688 οὗ
1028 1636 1138 1705 γάρ
1190 1653 1278 1700 τις
1305 1636 1586 1707 ἐπιθυμεῖ,
1616 1635 1778 1690 τοῦτο

198 1726 295 1779 καὶ
324 1727 413 1780 διὰ
438 1725 550 1779 τῶν
570 1726 795 1794 χειλέων
825 1727 968 1782 αἰτεῖ
1001 1744 1014 1758 ·
1040 1728 1261 1800 θέλησιν
1289 1729 1398 1799 γὰρ
1426 1729 1522 1783 νῦν
1570 1729 1667 1800 τὴν
1690 1730 1773 1783 ατ-

196 1833 355 1886 τησιν
399 1819 688 1887 νοήσομεν.

278 1924 296 1959 ι
334 1909 460 1961 Ὀτι
497 1909 852 1979 προέφθασας
881 1911 1045 1965 αὐτὸν
1076 1912 1134 1965 ἐν
1164 1911 1437 1981 εὐλογίαις
1467 1914 1775 1985 χρηστότη-

198 2017 313 2064 τος.
347 2020 366 2053 ›
394 2003 702 2075 ἑ-Ὲπειδὴ
740 2004 836 2058 καὶ
867 2005 1169 2073 προέλαϐες
1222 2006 1387 2058 αὐτὸν
1418 2007 1524 2076 πρὸ
1568 2006 1669 2077 τῆς
1696 2009 1780 2061 al-

199 2092 415 2161 τὴσεως
446 2092 750 2163 εὐεργετῶν
774 2094 1035 2159 πολλάκις
1061 2109 1073 2124 ⁸
1114 2095 1368 2163 εὐλογίαν
1388 2097 1498 2167 γὰρ
1536 2096 1632 2149 νῦν
1670 2098 1771 2166 τὴν

203 2184 524 2255 εὐεργεσίαν
582 2186 1018 2259 ὐποληψόμεθα·
1076 2184 1353 2259 εὐλογίαις
1398 2190 1455 2244 δὲ
1509 2190 1633 2253 ταῖς
1678 2190 1779 2260 τῆς

206 2281 307 2353 σῆς
331 2284 721 2353 χρηστότητος.

284 2393 303 2427 ι
335 2374 581 2446 Ἐθηκας
610 2376 705 2430 ἐπὶ
730 2377 830 2446 τὴν
856 2376 1102 2448 κεφαλὴν
1168 2370 1335 2432 αὐτοῦ
1396 2382 1661 2449 στέφανον
1714 2381 1781 2433 ἐκ

206 2464 360 2519 λίθου
412 2467 619 2536 τιμίου.
657 2484 676 2518 ι
712 2497 782 2509 -
808 2467 1114 2535 Καταλέγει
1170 2468 1269 2531 τὰς
1319 2468 1661 2538 εὐεργεσίας,
1699 2469 1783 2523 δτι

207 2560 317 2628 πρὸ
342 2559 561 2613 πάντων
594 2560 833 2631 ἐχαρίσω
865 2560 926 2614 τὸ
960 2561 1200 2631 διάδημα
1236 2560 1543 2631 βασιλείας.

284 2668 304 2702 ι
337 2650 490 2721 Ζωὴν
518 2652 756 2723 ᾐτήσατό
787 2670 869 2719 σε,
897 2652 989 2706 καὶ
1019 2653 1230 2717 ἔδωκας
1259 2652 1430 2724 αὐτῷ.
1463 2673 1484 2707 ε
1514 2685 1585 2696 -—
1616 2655 1781 2710 Ὥστε

212 2742 289 2813 μὴ
315 2743 407 2797 ὐπ’
443 2744 675 2814 ἐχθρῶν,
714 2746 853 2815 μήτε
888 2745 994 2799 ὑπὸ
1024 2746 1199 2801 νόσων
1232 2742 1527 2803 ἀποθανεῖν
1551 2764 1563 2778 °
1598 2749 1785 2817 ἀμφό-

208 2853 345 2907 τερα
361 2835 470 2907 γὰρ
498 2836 732 2890 ἐνταῦθα
753 2840 1037 2908 νοήσομεν.

289 2970 308 3002 ι
348 2952 685 3022 Μακρότητα
710 2950 937 3022 ἡμερῶν
986 2951 1069 3015 είς
1094 2953 1266 3007 αίῶνα
1293 2952 1512 3016 αίῶνος.
1554 2971 1572 3003 ι
1609 2982 1678 2993 -
1708 2954 1784 3006 Οὐ

215 3046 377 3115 μόνον
404 3047 594 3110 ἁπλῶς
618 3046 786 3118 ζωὴν,
815 3045 953 3102 ἀλλὰ
1007 3050 1102 3101 καὶ
1159 3048 1400 3119 μακράν.
1440 3048 1513 3101 Τὸ
1576 3047 1631 3101 δέ
1696 3048 1786 3114 εις

1877 1082 1991 1136 ἐστι
2038 1082 2084 1135 δ’
2128 1084 2216 1136 ὅτε
2259 1083 2355 1135 καὶ
2381 1082 2480 1153 τὴν
2537 1082 2915 1152 βλασφημίανο
2976 1084 3073 1150 ώς,
3142 1103 3160 1136 ι
3200 1080 3276 1138 Ἦ
3342 1084 3451 1153 μὴν

1879 1176 1958 1238 είς
2012 1175 2305 1246 πρόσωπόν
2359 1192 2420 1228 σε
2464 1175 2769 1245 εὐλογήσει.
2821 1192 2840 1226 ι
2891 1175 3001 1228 Kal
3038 1176 3145 1246 μὴν
3202 1177 3296 1230 καὶ
3352 1176 3452 1246 τὴν

1879 1267 2341 1336 προσαγόρευσιν,
2383 1265 2459 1329 ώς
2514 1267 2571 1319 ἐν
2603 1269 2670 1337 τῇ
2704 1263 2747 1319 δ’
2794 1264 2903 1319 τῶν
2936 1266 3239 1319 Βασιλειῶν
3285 1284 3453 1338 φησιν

1891 1360 2192 1423 Ἐλισσαῖος
2220 1358 2355 1427 πρὸς
2389 1356 2576 1422 Γιεζῆ’
2601 1376 2620 1410 ι
2667 1359 2791 1413 Ἐὰν
2821 1358 2987 1431 εὕρῃς
3017 1359 3209 1429 ἄνδρα,
3230 1360 3331 1413 οὐκ
3366 1362 3455 1411 εὐ-

1881 1449 2141 1519 λογήσεις
2171 1449 2357 1504 αὐτόν.
2418 1450 2529 1505 Kal
2576 1450 2672 1506 ἐὰν
2706 1451 2980 1522 εὐλογήσῃ
3031 1467 3092 1504 σε
3142 1452 3307 1522 ἀνὴρ,
3356 1452 3456 1504 οὐκ

1882 1540 2233 1613 ἁποκριθήσῃ
2267 1542 2443 1614 αὐτῷ.
2481 1561 2499 1595 ι

1957 1652 1977 1687 ι
2017 1634 2324 1705 Εὐφρανεῖς
2378 1636 2540 1689 αὐτὸν
2576 1638 2634 1689 ἐν
2680 1638 2825 1709 χαρᾷ
2858 1638 2998 1706 μετὰ
3026 1638 3121 1692 τοῦ
3160 1637 3458 1709 προσώπου

1884 1743 2002 1780 σου.
2038 1744 2057 1778 ε
2080 1725 2221 1780 -Ὅ
2249 1727 2549 1798 Σύμμαχος
2585 1730 2934 1799 ἡρμήνευσεν
2970 1750 2988 1784 ι
3029 1730 3137 1785 ἀπὸ
3170 1732 3265 1785 τοῦ
3291 1749 3460 1804 προσ⁴

1811 1800 1861 1859 Β
1886 1816 2036 1869 ώπου
2069 1834 2186 1883 σου,
2230 1836 2249 1869 ι
2294 1819 2545 1874 τουτέστι
2580 1819 2668 1872 διὰ
2700 1819 2801 1889 τῆς
2840 1821 2939 1890 σῆς
2971 1821 3303 1892 ἐπισκοπῆς·
3333 1800 3461 1875 ἐπι-

1881 1910 2098 1980 ϐλέψεις
2123 1911 2232 1981 γὰρ
2267 1911 2356 1964 ἐπ’
2372 1912 2556 1983 αὐτὸν,
2599 1915 2692 1966 καὶ
2716 1915 2891 1984 χαρᾶς
2916 1913 3313 1985 πλησθήσεται.

1958 2022 1977 2056 ε
2016 2004 2139 2059 Ὀτι
2176 2007 2203 2058 ό
2228 1994 2483 2072 βασιλεὺς
2514 2005 2724 2072 ἐλπίζει
2757 2007 2850 2059 ἐπὶ
2885 2006 3090 2077 Κύριον
3150 2009 3244 2062 καὶ
3275 2008 3333 2060 ἐν
3382 2007 3462 2075 τῷ

1881 2096 2022 2151 ἐλέει
2076 2095 2170 2151 τοῦ
2215 2096 2475 2168 Ὑψίστου
2522 2100 2583 2151 οὐ
2621 2099 2697 2169 μὴ
2765 2098 3025 2171 σαλευθῇ.
3065 2118 3084 2152 ε
3115 2129 3182 2143 -—
3213 2101 3327 2154 Οὐκ
3367 2099 3462 2152 ἐπὶ

1886 2188 2330 2259 στρατεύμασιν,
2374 2189 2484 2243 οὐδ’
2535 2192 2628 2243 ἐπὶ
2674 2190 2892 2261 πλούτῳ
2940 2193 3203 2245 πέποιθεν
3256 2192 3290 2263 ἡ
3350 2208 3461 2245 τισι

1882 2282 2173 2345 τοιούτοις,
2212 2280 2326 2334 ἀλλ’
2356 2282 2451 2334 ἐπὶ
2473 2282 2622 2353 μόνῳ
2642 2282 2720 2353 τῷ
2758 2270 3052 2354 βοηθοῦντι
3084 2284 3201 2355 Θεῷ
3232 2301 3245 2314 ·
3282 2285 3367 2338 διὸ
3397 2285 3462 2336 οὐ

1885 2391 1951 2427 πε
1960 2375 2380 2445 ριτραπήσεται.

1866 2536 1869 2537 ν
1962 2485 1981 2519 ι
2014 2465 2332 2538 Εὐρεθείηή
2366 2467 2487 2538 χείρ
2529 2484 2625 2521 σου
2672 2469 2805 2521 πᾶσι
2844 2470 2955 2531 τοῖς
3003 2469 3220 2539 ἐχθροῖς
3269 2486 3385 2523 σου.
3439 2489 3456 2519 ι

1885 2587 1955 2600 -
1984 2556 2120 2611 Θεοῦ
2153 2558 2277 2629 χεὶρ
2312 2559 2343 2629 ἡ
2376 2560 2495 2613 θεία
2530 2560 2785 2628 δύναμις,
2818 2554 2852 2632 ᾖ
2882 2564 3206 2629 περιπεσεῖν
3240 2558 3464 2630 εὔχεται

1886 2651 2099 2714 πάντας
2126 2652 2252 2713 τοὺς
2292 2652 2381 2705 τὸν
2420 2651 2626 2722 Κύριον
2651 2651 3109 2723 βλασφημοῦντας
3152 2669 3165 2684 ·
3206 2651 3465 2723 εὑρεθείη

1888 2743 2090 2807 αὐτοῖς,
2125 2743 2311 2813 φησιν,
2338 2746 2419 2809 είς
2438 2745 2734 2815 τιμωρίαν.

1969 2854 1987 2887 ι
2037 2838 2102 2889 Ἥ
2122 2838 2273 2905 δεξιά
2304 2854 2398 2892 σου
2429 2837 2579 2909 εὖροι
2601 2839 2806 2903 πάντας
2839 2841 2963 2903 τοὺς
2995 2839 3291 2910 μισοῦντας
3323 2858 3403 2895 σε.
3442 2858 3460 2891 ι

1890 2922 1959 2972 4-
1984 2928 2407 3000 Καταλῄψαιτο.

1969 3040 1989 3074 ι
2028 3021 2226 3094 Θήσεις
2252 3024 2451 3087 αὐτοὺς
2477 3022 2553 3087 ώς
2603 3023 2862 3077 κλίϐανον
2892 3024 3064 3095 πυρὸς
3124 3024 3206 3089 εις
3275 3026 3468 3095 καιρὸν

209 3137 397 3192 αίῶνα
426 3138 643 3205 ιιίῶνος
783 3140 1068 3211 προφήτης
1129 3115 1339 3212 κυρίως
1387 3140 1488 3208 μὲν
1543 3141 1636 3193 ἐπὶ
1688 3140 1784 3194 τοῦ
1814 3160 1859 3221 c
1890 3115 2337 3221 'oﬁ‘ﬂfwfbm.”
2409 3134 2529 3171 σου·
2738 3118 3077 3221 Ἐμξξρήσεξς
3134 3120 3341 3221 ἀξτοδς
3387 3119 3469 3221 fc!"

215 3232 503 3302 μέλλοντος
533 3232 629 3286 καὶ
680 3207 1032 3287 ἀκαταλύτου
1063 3207 1262 3296 αἰῶνος
1307 3207 1543 3301 τίθησιν.
1575 3232 1694 3286 εστι
1738 3233 1782 3286 δ’
1818 3207 1859 3221 υ
1893 3209 2030 3302 πξίρὶ
2060 3208 2160 3277 τῆς
2178 3207 2351 3279 ὀργῆς
2372 3224 2469 3261 σου
2505 3222 2519 3237 ⁸
2549 3207 2804 3302 κλίδανον
2832 3210 3078 3302 δδῗπυρδς
3099 3210 3163 3302 τδ
3180 3210 3469 3264 ὀπτανεῖον

209 3325 304 3380 ὅτε
340 3328 433 3380 καὶ
491 3327 588 3380 ἐπὶ
633 3326 734 3396 τῆς
803 3328 1024 3395 μακράς
1079 3328 1339 3399 χρονικῆς
1387 3327 1780 3399 παρατάσεως,

214 3417 348 3471 ποτέ
378 3417 434 3472 δέ
470 3418 565 3471 καὶ
602 3417 695 3470 ἐπὶ
724 3417 818 3470 τοῦ
849 3418 1073 3489 βεϐαίου
1129 3420 1225 3472 καὶ
1259 3420 1657 3487 ἀμεταπτώτου
1704 3419 1782 3482 ὡς

211 3510 307 3563 ἐπὶ
335 3510 430 3564 τοῦ
467 3509 851 3581 προκειμένου,
885 3504 1017 3575 οἷον,
1057 3530 1074 3562 ι
1117 3511 1364 3574 Ἔδωκας
1406 3510 1556 3579 αὐτῷ
1580 3509 1779 3580 ζωὴν,›

212 3604 308 3655 καὶ
338 3602 484 3671 ζωὴν
514 3601 733 3673 μακράν
768 3603 864 3655 καὶ
906 3602 1227 3673 μακρότητα
1254 3602 1480 3671 ἡμερῶν
1508 3602 1740 3671 βεϐαίαν
1767 3618 1781 3633 ’

215 3694 265 3743 εί
298 3692 480 3745 δὲκαὶ
526 3690 615 3744 διὰ
650 3692 752 3761 τὴν
791 3692 1011 3746 αίώνιον
1043 3692 1194 3760 λέγει
1248 3691 1418 3763 ζωὴν,
1458 3693 1580 3746 οὐδέ
1631 3692 1789 3747 τοῦτο

216 3786 403 3856 πόρρω
434 3782 661 3839 σκοποῦ.

289 3920 307 3953 ι
357 3893 635 3971 Μεγάληὴ
676 3901 801 3968 δόξα
829 3902 996 3956 αὐτοῦ
1032 3904 1089 3956 ἐν
1118 3902 1194 3973 τῷ
1219 3904 1473 3973 σωτηρίῳ
1509 3921 1625 3958 σου.
1670 3923 1687 3957 ι
1718 3937 1787 3947 -

214 3996 371 4049 Μετὰ
430 3993 539 4065 γὰρ
581 3992 679 4065 τὴν
731 3993 886 4047 θείαν
941 3995 1265 4065 συμμαχίαν
1314 3996 1412 4047 καὶ
1463 3995 1789 4065 εὐεργεσίαν

219 4085 392 4155 μέγας
423 4085 575 4155 παρὰ
604 4086 824 4140 πάντων
848 4085 1042 4154 γέγονε
1083 4087 1177 4140 καὶ
1201 4087 1557 4156 περίϐλεπτος
1585 4088 1661 4151 ώς
1695 4089 1789 4142 καὶ

217 4176 454 4244 βασιλεῖς
484 4176 984 4246 διαπρεσϐεύεσθαι
1026 4178 1163 4247 πρὸς
1208 4178 1371 4231 αὐτὸν
1402 4179 1497 4232 καὶ
1528 4181 1790 4249 χρήματα

215 4268 479 4338 πέμπειν.
503 4267 677 4321 Τοῦτο
709 4268 765 4321 δέ
797 4270 993 4337 γέγονε
1023 4268 1111 4322 διὰ
1155 4269 1255 4340 τὴν
1294 4270 1666 4341 γεγενημένην
1693 4271 1791 4325 αὐ-

213 4361 297 4432 τῷ
327 4361 511 4415 θεόθεν
541 4363 873 4433 ἐπισκοπὴν.

294 4497 313 4530 ι
341 4478 508 4542 Δόξαν
531 4479 625 4531 καὶ
646 4477 1124 4550 μεγαλοπρέπειαν
1149 4478 1431 4550 ἐπιθήσεις
1456 4480 1544 4533 ἐπ’
1565 4480 1745 4539 αὐτόν.
1761 4500 1780 4534 ι

215 4600 289 4614 --
323 4573 433 4625 Kal
464 4571 545 4625 ἐτι
580 4571 768 4626 τοῦτον
811 4572 1093 4638 δοξάσεις,
1134 4572 1229 4625 καὶ
1282 4572 1506 4642 μείζονα
1541 4576 1791 4646 ποιήσεις

218 4666 303 4719 διὰ
321 4666 419 4735 τὴν
438 4665 799 4737 εὐαρέστησιν
826 4664 1017 4719 αὑτοῦ.

299 4803 319 4836 ι
356 4784 485 4838 ’Ότι
513 4783 710 4850 δώσεις
736 4784 884 4857 αὐτῷ
913 4784 1169 4855 εὐλογίαν
1202 4786 1283 4849 είς
1323 4784 1492 4840 αίῶνα
1518 4785 1738 4848 αίῶνος.
1769 4801 1788 4836 ε

219 4906 291 4918 -
318 4876 555 4945 Εὐλογία
602 4877 691 4930 ναὶ
740 4875 847 4946 μὴν
891 4877 990 4931 καὶ
1052 4877 1477 4948 προαγόρευσις,
1519 4875 1595 4937 ὡς
1638 4876 1695 4928 ἐν
1726 4877 1792 4946 τῇ

218 4970 455 5040 τετάρτη
473 4969 583 5022 τῶν
606 4968 906 5023 Βασιλειῶν
931 4986 1101 5039 φησιν
1117 4970 1420 5031 Ἐλισσαῖος
1447 4967 1584 5039 πρὸς
1607 4968 1793 5037 Γιεζῆ,

226 5083 245 5115 ι
286 5065 414 5119 Ἐὰν
443 5062 615 5136 εὕρῃς
664 5064 859 5135 ἄνδρα,
885 5064 984 5121 οὐκ
1009 5064 1328 5135 εὐλογήσεις
1361 5062 1545 5127 αὐτὸν,
1578 5063 1671 5115 καὶ
1700 5064 1796 5117 ἐὰν

220 5158 490 5228 εὐλογήση
538 5174 599 5210 σε
645 5155 786 5227 ἀνὴρ
810 5196 825 5223 ,
878 5157 977 5209 οὐκ
1012 5155 1363 5227 ἁποκριθήσῃ
1398 5155 1568 5225 αὐτῷ,
1601 5174 1620 5208 ι
1665 5156 1797 5209 ποτέ

223 5251 323 5321 μὲν
341 5251 599 5319 σημαίνει
613 5248 705 5302 τὸν
734 5245 908 5316 αἶνον,
941 5250 1072 5303 ποτέ
1102 5249 1161 5303 δέ
1192 5250 1289 5319 τὴν
1319 5250 1502 5320 χάριν,
1526 5250 1625 5319 τὴν
1645 5251 1800 5318 εὐερ-

219 5342 433 5411 γεσίαν,
466 5343 542 5404 ὡς
596 5342 659 5394 τὸ
694 5358 715 5394 ε
775 5341 1134 5413 Προίφθασας
1188 5341 1352 5395 αὐτὸν
1405 5343 1466 5395 ἐν
1521 5340 1797 5409 εὐλογίαις

220 5436 630 5508 χρηστότητος.
673 5454 691 5487 ι
751 5435 845 5489 καὶ
880 5435 979 5506 τὴν
1016 5435 1307 5506 μετάδοσιν
1347 5434 1443 5488 τοῦ
1495 5434 1793 5505 ἁγιασμούο
1824 5432 1829 5438 ’

221 5531 353 5583 ποτέ
408 5530 465 5584 δὲ
504 5530 605 5600 τὴν
656 5529 841 5601 χάριν,
889 5528 967 5592 ώς
1016 5530 1111 5583 ἐπὶ
1150 5529 1243 5581 τοῦ
1279 5527 1565 5597 παρόντος-⁸
1602 5527 1717 5580 ἐστι
1750 5527 1799 5581 δ’

220 5624 310 5675 ὅτε
358 5623 457 5676 καὶ
507 5622 604 5693 τὴν
631 5622 1005 5693 βλασφημίαν,
1035 5621 1109 5684 ὡς
1139 5621 1199 5687 τὸ
1251 5639 1269 5673 ι
1319 5620 1352 5691 ἢ
1387 5621 1494 5692 μὴν
1516 5622 1597 5684 είς
1628 5621 1796 5691 πρόσ-

220 5713 368 5765 ωπόν
405 5728 465 5764 σε
516 5712 827 5781 εὐλογήσει.
851 5730 870 5763 ε
912 5710 1077 5779 Δῴης
1106 5710 1164 5765 δέ
1198 5711 1319 5764 ἀντὶ
1351 5710 1446 5764 τοῦ
1475 5711 1667 5775 δώσεις
1702 5712 1799 5763 εὐο

220 5800 409 5858 κτικδν
459 5804 578 5857 ἀντὶ
616 5803 922 5873 μέλλοντος.
976 5806 1130 5856 Ἐστι
1163 5804 1219 5857 δὲ
1255 5806 1350 5859 καὶ
1382 5804 1555 5870 ἄλλως
1607 5802 1797 5868 νοῆσαι

539 5898 811 5961 Pun“.
857 5898 973 5961 Gn.
1048 5898 1283 5961 CXLII.

1889 3300 2001 3354 τῶν
2036 3302 2219 3371 ἄρτων
2248 3316 2263 3333 ’
2298 3303 2387 3367 εἰς
2443 3301 2654 3370 καιρὸν
2686 3302 2756 3354 δέ
2806 3301 2914 3355 τοῦ
2971 3300 3316 3369 προσώπου,
3349 3304 3471 3355 ἀντὶ

1888 3392 1982 3445 τοῦ
2018 3392 2076 3445 ἐν
2110 3392 2187 3463 τῷ
2216 3393 2393 3464 καιρῷ
2426 3396 2523 3465 τῆς
2555 3395 2884 3465 ἐπισκοπῆς,
2908 3396 3035 3449 ὅταν
3057 3395 3249 3465 ἐπίδῃς
3271 3394 3467 3456 αὐτοὺς

1889 3484 2179 3555 δυσμενής.
2212 3487 2512 3557 Πρόσωπον
2564 3486 2619 3540 δὲ
2651 3486 2859 3557 Κυρίου
2892 3486 2983 3538 ἐπὶ
3018 3485 3309 3549 ποιοῦντας
3370 3502 3472 3539 κα-

1890 3575 1984 3641 κὰ,
2013 3575 2109 3631 τοῦ
2133 3574 2518 3647 ἐξολοθρεῦσαι
2541 3578 2606 3630 ἐκ
2628 3577 2731 3646 γῆς
2762 3577 2821 3631 τὺ
2864 3577 3211 3647 μνημόσυνον
3261 3577 3467 3631 αὐτῶν.

1967 3687 1985 3720 ι
2027 3669 2231 3740 Κύριος
2262 3672 2320 3723 ἐν
2352 3670 2489 3742 ὀργῇ
2522 3669 2689 3725 αὐτοῦ
2746 3669 3073 3739 συνταράξει
3108 3668 3332 3731 αὐτοὺς,
3374 3670 3470 3720 καὶ

1892 3760 2276 3830 καταφάγεται
2315 3760 2513 3825 αὐτοὺς
2541 3752 2675 3831 πῦρ.
2737 3761 2843 3814 Τὸν
2874 3760 3087 3830 καρπὸν
3125 3758 3307 3811 αὐτῶν
3360 3757 3472 3813 ἀπὸ

1890 3855 1995 3924 γῆς
2053 3854 2297 3921 ἀπολεῖς,
2329 3854 2427 3908 καὶ
2459 3854 2519 3909 τὸ
2564 3855 2788 3925 σπέρμα
2824 3852 3004 3906 αὐτῶν
3042 3851 3153 3904 ἀπὸ
3204 3849 3338 3903 υἱῶν
3376 3851 3473 3902 ἁν-

1892 3944 2150 4017 θρώπων.
2194 3964 2212 3997 ι
2243 3974 2313 3986 -
2343 3946 2737 4015 ῐῐροαναφωνεῖ
2765 3945 2862 4015 τὴν
2906 3947 3017 3998 τῶν
3044 3942 3254 4013 ἐχθρῶν
3315 3942 3470 3996 ἀπώ-

1892 4038 2063 4093 λειαν.
2101 4039 2210 4092 Kal
2249 4038 2649 4108 ἀπαριθμεῖται
2714 4038 2786 4091 τὰ
2849 4038 2963 4108 εῐδη
3010 4037 3120 4091 τῶν
3185 4036 3471 4107 τιμωριῶν

1894 4133 2077 4187 αὐτῶν
2101 4148 2113 4161 ·
2142 4133 2224 4187 ὅτι
2258 4132 2615 4202 πειραθέντες
2638 4131 2741 4201 τῆς
2786 4131 2933 4196 θείας
2962 4132 3135 4202 ὀργῆς
3199 4147 3477 4201 συνταραο

1894 4224 2192 4296 χθήσονται
2222 4223 2493 4278 πάντοθεν
2544 4223 3000 4294 ἐξαπορούμενοι,
3041 4226 3137 4277 καὶ
3185 4222 3474 4293 πυρπολη-

1896 4316 2176 4387 θήσονται,
2208 4316 2305 4371 καὶ
2334 4318 2363 4371 δ
2393 4316 2607 4387 καρπὸς
2663 4316 2774 4378 τῶν
2808 4316 3096 4387 γεωργιῶν
3126 4316 3305 4370 αὐτῶν
3350 4315 3473 4368 δια-

1896 4409 2257 4479 φθαρήσεται,
2285 4410 2378 4463 καὶ
2401 4409 2591 4473 ἁπλῶς
2608 4410 2785 4465 εἰπεῖν
2807 4408 3140 4462 ἀπολοῦνται
3170 4407 3438 4477 παγγενεί
3457 4424 3471 4436 ·

1894 4502 2057 4577 τοῦτον
2117 4502 2228 4570 γὰρ
2291 4502 2494 4555 νοεῖται
2559 4500 2622 4553 τὸ
2687 4500 2910 4569 σπέρμα
2989 4498 3106 4554 νῦν.
3179 4499 3345 4562 Υίοῦς
3419 4498 3475 4552 δε

1894 4592 2201 4661 ἀνθρώπων
2226 4594 2286 4647 τὸ
2319 4594 2474 4662 γένος
2502 4591 2614 4646 τῶν
2640 4591 2946 4663 ἀνθρώπων
2975 4591 3265 4646 ἐκάλεσεν.

1974 4704 1995 4739 ε
2032 4686 2156 4740 Ὀτι
2190 4686 2410 4741 έκλιναν
2460 4688 2538 4751 είς
2576 4687 2635 4740 at
2660 4686 2825 4742 κακά.
2864 4704 2885 4738 ε
2918 4716 2985 4732 -
3012 4684 3204 4739 Ταῦτα
3260 4684 3479 4737 πείσον-

1897 4797 2009 4846 ται,
2046 4779 2182 4834 διότι
2221 4780 2585 4852 κεκινήκασιν
2616 4784 2697 4844 είς
2731 4782 2791 4836 σε
2831 4781 2980 4835 κακὰ
3019 4777 3476 4851 βλασφημοῦντές

1896 4873 1959 4927 τὸ
1988 4875 2081 4926 σὸν
2107 4873 2280 4943 ὄνομα
2316 4873 2410 4927 καὶ
2440 4875 2556 4939 τοῖς
2606 4874 2819 4938 δούλοις
2870 4870 3319 4933 ἐπιϐουλεύοντες
3348 4868 3474 4937 ,καὶ

1897 4966 2345 5030 κακοποιοῦντες.
3272 4962 3275 4965 ’

1948 5075 1999 5113 ἰ
2028 5061 2410 5129 Διελογίσαντο
2445 5058 2647 5131 βουλὴν
2679 5058 2746 5131 ἢν
2796 5060 2859 5113 οὐ
2914 5060 2989 5132 μὴ
3015 5056 3283 5113 δύνωνται
3342 5054 3479 5122 στῆ-

1900 5169 2014 5205 σαι.
2050 5169 2070 5203 ι
2104 5180 2175 5190 -
2204 5152 2266 5205 El
2294 5151 2404 5222 γὰρ
2434 5151 2529 5205 καὶ
2570 5150 2742 5205 πολλὰ
2769 5151 2915 5205 κατὰ
2950 5151 3046 5205 σοῦ
3097 5150 3193 5204 καὶ
3222 5147 3334 5203 τῶν
3363 5146 3476 5202 σῶν

1900 5246 2263 5314 ἐμελέτησαν,
2292 5245 2409 5299 ἀλλ’
2431 5245 2527 5301 οὖν
2555 5246 2659 5301 οὐκ
2691 5246 3012 5316 ἰσχύσουσιν
3047 5245 3313 5314 ἐμμεῖναι
3364 5242 3479 5301 τοῖς

1899 5339 2241 5409 δεδογμένοις
2256 5355 2271 5369 ο
2295 5340 2811 5411 περιτραπήσονται
2837 5337 2947 5409 γὰρ
2970 5337 3026 5391 αί
3043 5336 3250 5390 τούτων
3264 5334 3479 5405 βουλαί.

1978 5449 1998 5483 ι
2037 5432 2158 5485 Ὀτι
2184 5431 2373 5502 θήσεις
2421 5432 2618 5495 αὐτοὺς
2664 5430 2853 5483 νῶτον.
2889 5447 2910 5483 ε
2957 5429 3232 5491 -Νῶτος
3267 5428 3480 5496 γίνεται

1900 5526 1929 5579 δ
1960 5523 2181 5594 φεύγων
2217 5540 2231 5554 ·
2261 5523 2414 5578 οὐδὲν
2448 5524 2558 5595 γὰρ
2599 5523 2790 5595 ἕτερον
2817 5521 2984 5577 αὐτοῦ
3025 5521 3279 5590 φαίνεται
3310 5518 3343 5590 ἢ
3383 5519 3479 5587 μό-

1903 5635 1990 5672 νον
2016 5619 2044 5669 ό
2065 5616 2253 5678 νῶτος.

1981 5726 1998 5758 ι
2045 5707 2134 5759 Ἐν
2163 5704 2646 5769 τοῖςπεοιλοίποις
2692 5720 2785 5757 σου
2819 5704 3134 5774 ἐτοιμάσεις
3165 5702 3225 5753 τὸ
3266 5699 3484 5769 πρόσω·

1905 5819 2005 5857 πον
2031 5800 2228 5858 αὐτῶν.
2264 5816 2283 5851 ι
2321 5828 2387 5841 -
2422 5795 2595 5853 Τοῦτο
2624 5797 2746 5852 καθ’
2786 5798 3091 5866 ὑπερϐατὸν
3122 5792 3483 5869 συντὸιξομεν⁹

2886 5890 2964 5973 .195
