3824 6354
340 319 509 391 ’1419

1559 309 1972 378 NICEPIIORI
2017 307 2434 380 BLEMMIDE

3488 309 3627 375 1420

359 441 408 493 ει
439 438 728 509 μέλλοιμεν
760 438 1101 509 συντηρῆσαι
1158 437 1258 506 τὴν
1300 432 1626 490 ἀκολουθίαν
1687 431 1789 502 τῆς
1829 431 1946 484 δια·
1977 432 2020 490 Α
2053 442 2171 489 σου,
2203 445 2220 476 ι
2251 428 2499 480 τουτέστι
2538 425 2654 490 τοῖς
2685 427 2744 493 ἐξ
2773 427 2956 482 αὐτῶν
2999 426 3426 481 πεπιστευκόσιν
3451 430 3527 490 είς
3566 430 3630 481 σε

264 535 271 541 ’
357 532 511 595 νοίας
551 545 562 559 ’
602 526 713 584 οἷον
746 531 802 583 ἐν
838 532 954 592 ’τοῖς
1014 528 1356 600 περιλοίποις
1407 527 1588 582 αὐτῶν
1629 524 1940 595 έτοιμάσεις

343 629 415 681 ’τὸ
443 628 735 698 πρόσωπον
767 643 782 658 ο
817 625 1103 679 τουτέστιν
1138 625 1248 679 οὐδ’
1279 624 1330 678 οί
1363 620 1810 694 περιλειφθέντες
1833 619 1943 671 ἀπὸ

356 719 457 787 τῆς
514 719 572 772 ιν
601 718 680 788 τῷ
704 716 928 789 πολέμω
959 715 1203 787 σφαγῆς,
1231 715 1328 771 καὶ
1353 717 1435 777 είς
1469 711 1685 783 σφαγὴν
1707 709 1944 782 τραπέν-

354 830 446 876 τες
483 811 846 882 σωθήσονται,
885 811 1024 866 ἀλλά
1073 813 1170 867 καὶ¹
1225 809 1348 865 κατ’
1396 809 1579 864 αὐτῶν
1634 804 1944 873 ἐπισκοπὴν

353 907 454 978 τὴν
487 906 588 976 σὴν
617 906 963 976 εύτρεπίσεις
994 905 1138 960 ὥστε
1171 905 1246 976 μὴ
1292 902 1580 974 διαφυγεῖν
1609 898 1833 960 αὐτούς.

432 1019 451 1054 ε
501 999 804 1071 Ὑψώθητι,
839 1001 1036 1070 Κύριε,
1069 1001 1128 1052 ιν
1155 1002 1222 1069 τῇ
1255 997 1492 1066 δυνάμει
1537 1013 1655 1050 σου.
1701 1012 1718 1045 ι
1748 1022 1814 1034 —-
1855 992 1944 1045 Ἑν

353 1093 435 1165 τῷ
483 1092 700 1164 ἑϐδόμῳ
747 1091 952 1162 ψαλμῷ
999 1091 1398 1161 σεσαφήνισται
1455 1091 1508 1142 τί
1574 1087 1830 1156 σημαίνει
1883 1085 1948 1138 τὸ

357 1184 631 1254 ὑψώθητι
663 1203 677 1216 ·
714 1185 777 1240 τὸ
817 1184 990 1255 παρὸν
1023 1185 1132 1255 γάρ
1160 1183 1327 1252 ῥητὸν
1354 1181 1550 1236 ταυτὸν
1582 1181 1810 1234 δύναται
1839 1177 1937 1248 τῷ,

367 1275 646 1347 ’Υψὼοητι
681 1277 736 1329 έν
762 1279 872 1339 τοῖς
902 1276 1099 1347 πέρασι
1122 1275 1230 1330 τῶν
1260 1273 1469 1345 ἐχθρῶν
1503 1289 1620 1328 σου.

431 1388 452 1422 ε
500 1370 747 1442 ’ᾼσομεν
811 1373 908 1424 καὶ
932 1367 1213 1440 ψαλοῦμεν
1265 1368 1365 1431 τὰς
1392 1368 1716 1430 δυναστείας
1769 1386 1884 1423 σου.
1919 1387 1938 1421 ε

362 1494 431 1507 --
469 1463 560 1517 Ἐν
581 1464 660 1534 τῷ
687 1464 832 1518 τέλει
871 1463 964 1517 τοῦ
994 1463 1304 1518 δωδεκάτου
1339 1461 1558 1532 ψαλμοῦ
1591 1462 1949 1534 προδιελάϐο-

361 1573 464 1628 μεν
494 1555 546 1610 τί
572 1555 855 1627 βούλονται
888 1556 948 1610 τὸ
1001 1555 1121 1628 ᾇσω
1176 1556 1271 1610 καὶ
1306 1554 1484 1625 ψαλῶ.
1541 1556 1699 1618 Τινὶς
1750 1556 1805 1610 δε
1856 1557 1951 1610 καὶ

357 1650 448 1704 τὸν
481 1651 727 1717 παρόντα
749 1649 966 1720 ψαλμὸν
992 1651 1068 1720 τῷ
1095 1650 1262 1704 Δαυῖδ
1312 1651 1618 1721 ἀρμόζουσι
1647 1665 1662 1680 ·
1695 1649 1948 1718 λέγοντες

359 1743 502 1814 ὑπὲρ
552 1742 748 1799 ἑαυτοῦ
780 1744 974 1798 τοῦτον
1008 1743 1159 1817 ᾆσαι.
1195 1744 1257 1798 El
1319 1743 1376 1796 δὶ
1440 1743 1602 1797 τοῦτο
1650 1743 1941 1813 δεξόμεθα,

2057 516 2149 569 τὸν
2189 517 2324 570 Υίὸν
2350 520 2446 572 καὶ
2503 518 2880 587 ὑπολειφθεῖσι
2913 537 3017 584 σοι,
3071 519 3403 589 έτοιμάσεις,
3457 521 3633 590 ἧγουν

2049 611 2354 681 κοσμήσεις
2377 610 2474 665 καὶ
2506 610 2754 679 δοξάσεις
2777 612 2838 665 τὸ
2866 613 3025 682 γένος
3070 611 3254 665 αὐτῶν
3281 627 3297 645 ·
3327 612 3457 678 δόξα
3511 613 3627 681 γὰρ

2048 704 2164 767 τοῖς
2199 703 2477 774 Ἑϐραίοις
2512 705 2650 769 τέως
2673 706 2758 760 ὅτι
2789 706 3030 778 πατέρες
3048 707 3159 760 τῶν
3191 707 3507 763 ἀποστόλων
3536 723 3632 773 γε-

2050 798 2298 866 γόνασιν.
2327 797 2392 852 Εί
2420 798 2514 852 καὶ
2543 799 2671 852 καθ’
2700 800 2929 863 ἑαυτοὺς
2975 798 3157 864 ἄδοξοί
3185 802 3294 852 είσι
3325 799 3424 852 καὶ
3494 816 3633 867 φευ-

2050 891 2172 944 κτοὶ
2253 892 2569 963 ἀρμόζομεν
2623 891 2839 964 ψαλμὸν
2892 891 3083 947 τοῦτον
3137 893 3231 947 καὶ
3282 892 3361 963 τῷ
3417 892 3638 963 βασιλεῖ

2048 983 2209 1055 ἡμῶν
2239 987 2382 1041 κατὰ
2412 986 2521 1041 τῶν
2555 987 2854 1060 βαρϐάρων
2877 987 2952 1051 ὡς
2988 988 3078 1044 καὶ
3107 988 3202 1044 τὸν
3229 987 3520 1058 πρότερον.

2610 1124 2906 1179 ΨΛΛΜΟΣ
2935 1127 3064 1180 KA'.

2129 1280 2148 1315 ε
2181 1262 2275 1327 Είς
2299 1262 2360 1316 τὸ
2386 1261 2564 1328 τέλος,
2595 1262 2742 1334 ὑπὲρ
2779 1262 2882 1332 τῆς
2910 1263 3255 1334 ἀντιλήψεως
3303 1264 3405 1331 τῆς
3471 1261 3636 1315 ἑωθι-

2049 1353 2165 1422 νῆς,
2199 1353 2412 1425 ψαλμδς
2439 1355 2521 1426 τῷ
2549 1355 2732 1410 Δαυτδ.
2775 1372 2796 1405 ι
2825 1383 2894 1396 -
2937 1355 2995 1409 Ὅ
3025 1353 3240 1424 ψαλμὸς
3271 1352 3428 1416 οὖτος
3464 1367 3640 1422 φανε-

2052 1446 2163 1519 ρῶς
2193 1449 2276 1511 είς
2314 1448 2557 1517 Χριστὸν
2605 1448 2869 1516 ἀνάγεται
2913 1465 2926 1479 ο
2970 1435 3338 1520 προαγορεύει
3400 1446 3513 1515 γάρ
3569 1443 3640 1496 τά

2051 1541 2146 1595 τοῦ
2179 1542 2615 1612 προσλήμματος
2646 1543 2742 1596 καὶ
2770 1541 2840 1596 τά
2863 1540 2958 1595 τοῦ
2992 1541 3262 1611 σωτηρίου
3298 1537 3508 1600 πάθους
3535 1536 3639 1589 a6-

2050 1633 2146 1686 τοῦ
2181 1632 2216 1688 ἀ
2246 1633 2400 1697 τέλος
2452 1635 2764 1703 εἰλήφασιν.
2807 1634 2983 1704 ’Υπὲρ
3025 1633 3126 1704 τῆς
3179 1630 3526 1702 ἀντιλήψεως
3579 1627 3637 1680 δὲ

2055 1727 2465 1798 ἐπιγέγραπται
2507 1728 2596 1784 διὰ
2638 1728 2698 1780 τὸ
2755 1728 3028 1796 περιέχειν
3078 1726 3291 1779 ῖκεσίαν
3339 1724 3480 1794 ὑπὲρ
3531 1721 3631 1776 τοῦ

358 1809 560 1892 κωλύει
593 1838 702 1906 γάρ
727 1837 902 1903 οὐδὲν,
944 1809 1488 1907 μεθερμηνεύσωμεν
1513 1841 1583 1891 τΞι
1627 1809 1817 1907 ρητάν·
1847 1809 1944 1892 καλ.
1975 1830 2020 1890 Β
2053 1816 2230 1870 ἐλθεῖν
2271 1817 2418 1886 αὐτῷ
2454 1819 2605 1888 παρὰ
2637 1817 2732 1870 τοῦ
2788 1818 3003 1886 ll“pr
3065 1817 3123 1869 έν
3171 1816 3251 1886 τῷ
3307 1814 3485 1907 καιρῷ
3542 1809 3639 1907 τοᾷ

358 1931 470 2001 γὰρ
505 1931 707 1986 αὐτίκα
735 1929 814 1998 τὸ,
858 1949 878 1983 ε
932 1931 1023 1986 Ἐν
1051 1935 1118 2004 τῇ
1155 1933 1387 2001 δυνάμει
1440 1949 1535 1986 σου
1567 1933 1942 2003 εὐφρανθήσε-

357 2043 448 2078 ται
482 2023 576 2076 καὶ
602 2025 694 2077 ἐπὶ
753 2024 831 2094 τῷ
877 2025 1132 2094 σωτηρίῳ
1191 2025 1608 2093 ἀγαλλιάσεται,
1651 2044 1669 2078 ι
1708 2025 1796 2078 διὰ
1852 2026 1945 2080 τὸν

360 2115 600 2184 Χριστὸν
663 2114 919 2184 εἰρῆσθαι
976 2117 1245 2186 νοήσομεν
1277 2133 1290 2148 ·
1329 2117 1454 2170 ἐπεὶ
1512 2116 1624 2187 γὰρ
1655 2119 1680 2169 ό
1706 2117 1948 2185 Χριστὸς

360 2209 454 2260 καὶ
479 2205 618 2259 Θεοῦ
651 2208 768 2260 ἐστι
799 2207 1032 2275 δύναμις
1059 2225 1094 2276 ⁸,
1114 2209 1249 2278 φησὶ
1274 2210 1382 2279 γὰρ
1412 2212 1439 2262 ὁ
1473 2213 1646 2279 μέγας
1692 2210 1900 2273 Παῦλος
1929 2225 1944 2241 ⁸

374 2315 393 2348 ε
434 2296 670 2366 Χριστὸς
708 2295 845 2350 Θεοῦ
877 2297 1134 2364 δύναμις,
1173 2319 1188 2350 ο
1217 2298 1312 2351 καὶ
1359 2298 1522 2354 πάλιν
1571 2302 1597 2353 ὸ
1644 2300 1812 2364 αὐτὸς
1853 2302 1948 2355 καὶ

365 2393 548 2462 σωτήρ
609 2394 723 2446 ἐστι
765 2408 778 2423 ·
809 2391 961 2460 φησὶ,
995 2392 1104 2460 γάρ
1136 2394 1162 2444 ὁ
1216 2391 1623 2461 Εύα,’γελιστής
1652 2408 1668 2425 °
1706 2411 1724 2444 ε
1775 2393 1949 2456 Αὐτὸς

361 2486 472 2556 γὰρ
516 2487 680 2540 σώσει
710 2487 802 2540 τὸν
832 2487 964 2540 λαὸν
995 2486 1160 2540 αὐτοῦ
1197 2502 1210 2517 ⁸
1259 2505 1277 2540 ι
1324 2488 1466 2556 πρὸς
1498 2487 1598 2555 μὲν
1625 2487 1715 2541 τὸν
1775 2488 1952 2541 Πατέ-

367 2595 438 2646 ρα
499 2573 643 2643 εἷπε,
679 2595 698 2628 ε
748 2578 944 2647 Κύριε,
983 2580 1039 2632 ὲν
1090 2582 1158 2649 τῇ
1209 2579 1439 2651 δυνάμει
1476 2597 1570 2633 σου
1599 2597 1613 2611 ο
1659 2600 1677 2632 ι
1725 2585 1857 2650 πρὸς
1895 2581 1950 2635 δὲ

367 2667 462 2721 τὸν
519 2668 666 2733 ὶίὸν,
708 2687 726 2719 ε
775 2669 886 2722 Καὶ
931 2670 1026 2722 ἐπὶ
1070 2669 1146 2738 τῷ
1195 2673 1456 2742 σωτηρίῳ
1505 2689 1622 2736 σου,
1655 2675 1950 2726 »τουτέστι

365 2761 432 2830 τῇ
499 2762 645 2828 παρὰ
693 2759 788 2812 σοῦ
842 2761 1110 2832 γινομένῃ
1143 2761 1393 2832 σωτηρίᾳ
1421 2764 1531 2815 τῶν
1585 2761 1892 2833 ἀνθρώπων
1932 2779 1944 2793 ·

368 2847 513 2901 οὕτω
546 2850 601 2901 δὲ
644 2851 738 2903 καὶ
769 2852 850 2914 είς
880 2851 938 2903 τὸ
967 2851 1096 2920 ἑξῆς
1131 2867 1145 2884 ⁶
1175 2851 1242 2905 τά
1277 2854 1376 2921 μὲν
1407 2854 1544 2924 πρὸς
1571 2854 1662 2908 τὸν
1710 2856 1951 2926 Πατέρα,

362 2940 436 2992 τά
472 2940 526 2993 δὲ
564 2942 701 3010 πρὸς
733 2943 824 2994 τὸν
854 2942 981 2996 Υίὸν
1007 2943 1212 3010 λέγοιτ’
1236 2945 1321 3000 ἀν.
1363 2947 1472 2998 Καὶ
1497 2946 1669 3010 ὅντως
1704 2947 1955 3017 ηὐφράν-

368 3031 436 3100 θη
475 3033 570 3084 καὶ
621 3033 995 3102 ἠγαλλιάσατο
1054 3037 1218 3090 Δαυῖδ
1275 3039 1615 3109 θεασάμενος
1674 3043 1768 3092 καὶ
1815 3040 1954 3108 μετά

372 3126 605 3179 θάνατον
643 3126 706 3178 τὸ
738 3126 838 3195 τῆς
904 3127 1055 3192 θείας
1115 3129 1586 3202 ἐνανθρωπήσεως
1630 3134 1950 3205 μυστήριον.

371 3218 431 3269 Et
463 3218 572 3286 739
601 3217 698 3286 τὴν
732 3217 900 3288 ἀχλὺν
931 3222 1029 3291 τῆς
1061 3221 1265 3291 σαρκὸς
1313 3224 1706 3293 περικείμενος
1736 3224 1821 3278 ἔτι
1842 3227 1956 3288 τοῖς

367 3308 464 3378 τῆς
497 3308 674 3379 ψυχῆς
707 3311 1008 3381 ὀφθαλμοῖς
1038 3307 1146 3366 εἶδε
1179 3315 1244 3366 τά
1287 3315 1575 3383 μέλὶοντα,
1606 3317 1788 3388 πολλῷ
1822 3318 1958 3388 μᾶλ-

371 3401 465 3454 λον
499 3403 706 3472 ταύτην
736 3403 1096 3472 ἀποθέμενος,
1128 3405 1519 3477 καθαρώτερον
1545 3408 1694 3478 ἐώρα
1726 3411 1821 3464 καὶ
1854 3427 1956 3480 τη-

372 3495 742 3564 λαυγέστερον
779 3511 794 3526 ·
825 3497 1139 3562 ἀκολούθως
1172 3499 1228 3552 δὲ
1259 3503 1354 3553 καὶ
1388 3501 1696 3572 ἐπιθυμίαν
1727 3501 1958 3572 καρδίας

375 3588 792 3656 ύποληψόμεθα,
822 3590 913 3644 τὸν
950 3591 1114 3646 πόθον
1158 3593 1253 3646 τοῦ
1291 3593 1422 3647 ίδεῖν
1448 3595 1549 3664 τὴν
1581 3594 1674 3647 τοῦ
1706 3594 1959 3664 Σωτῆρος

374 3679 792 3751 ὲνανθρώπησιν
821 3677 889 3754 ἧς
921 3685 1136 3752 προεῖδε
1160 3685 1252 3738 τὸν
1285 3686 1475 3740 τύπον.
1507 3685 1740 3758 Θέλησις
1760 3687 1816 3741 δὲ
1849 3688 1958 3740 τῶν

372 3770 599 3841 χειλέων
631 3776 692 3825 τὸ
724 3772 900 3826 θέλειν
929 3775 1017 3828 διὰ
1051 3775 1255 3840 παντὸς
1287 3775 1434 3846 ᾅδειν
1458 3776 1599 3848 Θεῷ.
1627 3779 1737 3832 Καὶ
1769 3779 1957 3848 μέντοι

387 3864 488 3916 καὶ
522 3864 636 3936 ᾅδει
671 3867 928 3932 πάντοτε,
956 3870 1067 3930 τοῖς
1097 3867 1209 3921 τῶν
1232 3870 1443 3922 πιστῶν
1479 3871 1686 3941 χείλεσι
1731 3870 1961 3941 χρώμε-

377 3972 465 4020 νος
489 3972 504 3987 ο
536 3956 684 4028 ζωὴν
714 3959 770 4013 δὲ
800 3960 1051 4030 ,ᾐτήσατο
1082 3961 1178 4013 καὶ
1237 3961 1717 4036 έλαϐεηπολλάκις
1776 3965 1958 4017 κινδυ-

376 4049 576 4113 νεύσας
606 4051 903 4105 ἀποθανεῖν
952 4054 1095 4124 ὑπὲρ
1125 4053 1337 4125 ἐχθρῶν
1363 4057 1458 4108 καὶ
1489 4055 1559 4108 δι’
1581 4055 1748 4127 εὐχῆς
1803 4072 1960 4125 περι-

379 4144 595 4206 σωθείς.
629 4145 860 4215 Μεγάλη
907 4147 962 4199 δὲ
997 4150 1027 4215 ἡ
1061 4147 1190 4211 δόξα
1236 4149 1401 4202 αὑτοῦ
1437 4151 1496 4202 έν
1546 4148 1626 4220 τῷ
1678 4149 1956 4222 σωτηρίῳ,

377 4238 628 4290 τουτέστι
655 4238 744 4292 διὰ
781 4238 878 4308 τὴν
935 4241 1088 4308 παρά
1161 4241 1256 4293 σοῦ
1307 4241 1609 4312 σωτηρίαν.
1664 4242 1958 4314 Ἐδοξάσθη

377 4329 489 4398 γάρ
512 4329 958 4397 ἀληθ‹ἷ›ς,ὄτιὲκ
1010 4333 1110 4400 τῆς
1166 4333 1323 4405 ῥίζης
1385 4334 1552 4390 αὑτοῦ
1618 4336 1651 4406 ἡ
1710 4335 1959 4406 σωτηρία

375 4421 542 4490 ἡμῶν
574 4422 901 4493 ἐϐλάστησε,
936 4426 1033 4478 καὶ
1065 4427 1240 4494 μέγας
1303 4429 1498 4495 γέγονε
1545 4429 1642 4482 καὶ
1691 4429 1959 4500 περιϐόη-

2051 1909 2259 1972 πάθους
2308 1910 2600 1980 ἀντίληψιν
2659 1911 3038 1980 ὲνισχύουσαν.
3093 1908 3208 1978 Τῆς
3260 1906 3520 1973 ἑωθινῆς
3583 1904 3639 1957 δὲ

2050 2002 2401 2071 πρόσκειται,
2433 2001 2552 2055 ἀντί
2586 2001 2681 2053 τοῦ
2720 2001 2820 2071 τῆς
2852 2000 2947 2055 τοῦ
2973 2000 3213 2071 Χριστοῦ
3243 2015 3257 2031 ο
3291 1998 3494 2069 ὄρθρος
3523 1995 3637 2065 γάρ

2050 2095 2205 2159 οὗτος
2234 2088 2584 2164 ὀνομάζεται,
2610 2096 2638 2148 ὅ
2671 2099 2821 2148 ἑστιν
2849 2094 3063 2164 ἡμέρας
3091 2093 3233 2164 ἀρχή
3269 2107 3284 2123 ·
3314 2093 3483 2151 ὅντως
3527 2092 3641 2160 γάρ

2051 2190 2324 2244 ἀνέτειλεν
2359 2192 2494 2260 ἡμῖν
2515 2191 2612 2258 τῆς
2643 2190 2703 2240 ὲν
2733 2187 2811 2259 τῷ
2847 2189 3027 2242 σκότει
3053 2188 3153 2257 τῆς
3201 2187 3411 2256 πλάνης
3463 2184 3640 2254 καθη-

2055 2283 2238 2352 μένοις
2289 2281 2441 2352 ἦλιος
2483 2282 2860 2351 δικαιοσύνης,
2891 2283 2986 2335 καὶ
3029 2281 3145 2348 φῶς
3177 2279 3440 2349 γνώσεως
3475 2293 3493 2308 ο
3529 2278 3642 2330 ἱκε-

2051 2375 2199 2429 τεύει
2231 2375 2287 2427 δὲ
2321 2375 2397 2437 ὼς
2429 2374 2719 2445 ἄνθρωπος
2745 2375 3016 2428 διδάσκων
3065 2372 3322 2444 εὔχεσθαι
3356 2372 3506 2424 κατά
3549 2373 3641 2422 τὶν

2051 2466 2147 2521 τοῦ
2177 2469 2408 2520 θανάτου
2446 2465 2876 2538 καιρόνονφύσει
2933 2465 3045 2533 γὰρ
3107 2463 3231 2516 τότε
3290 2463 3385 2515 καὶ
3413 2464 3441 2515 ό
3492 2460 3640 2512 πάνυ

2053 2562 2262 2624 δίκαιος
2295 2560 2473 2631 δειλιᾷ
2504 2560 2565 2612 τὸ
2604 2547 2796 2613 καινὸν
2838 2557 2942 2628 τῆς
2980 2556 3332 2620 διαζεύξεως.
3379 2555 3545 2616 Τινὲς
3585 2553 3641 2604 δὲ

2055 2653 2305 2716 νοοῦντες
2339 2653 2600 2723 πρόθεσιν
2630 2653 2752 2706 ἀντὶ
2802 2651 3140 2722 προθέσεως,
3192 2648 3314 2711 έθος
3371 2649 3485 2716 γὰρ
3549 2646 3643 2697 καὶ

2054 2746 2216 2800 τοῦτο
2239 2749 2371 2810 τοῖς·
2387 2747 2665 2809 παλαιοῖς,
2691 2745 2830 2815 φασὶ
2878 2745 2970 2798 τὸν
2998 2741 3214 2814 ψαλμὸν
3268 2739 3458 2794 τοῦτον
3502 2733 3646 2791 εῖναι

2057 2842 2187 2911 περὶ
2220 2841 2330 2894 τῶν
2361 2839 2553 2894 παθῶν
2591 2838 2684 2892 τοῦ
2709 2836 2953 2907 Χριστοῦ
2983 2851 2998 2868 ³
3026 2835 3204 2890 ταῦτα
3234 2836 3344 2904 γάρ
3374 2834 3518 2885 εἰσιν
3545 2833 3647 2883 ἑω-

2059 2932 2178 3002 θινὴ
2219 2932 2507 3002 ἀντίληψις
2539 2932 2622 2986 ὅτι
2673 2933 2797 2986 τότε
2849 2930 3054 3002 μᾶλλον
3110 2927 3433 2982 ἀντελάϐετο
3481 2925 3644 2993 ἡμῶν

2060 3026 2088 3076 ὁ
2111 3024 2372 3094 δηλωθεὶς
2397 3024 2618 3094 ὸρθρος,
2647 3024 2674 3077 δ
2702 3025 2820 3078 ἐστι
2886 3021 3122 3094 Χριστός
3159 3036 3173 3051 '
3207 3019 3435 3089 θανάτῳ
3491 3019 3647 3086 νική-

2062 3135 2158 3182 σας
2194 3117 2286 3172 τὸν
2319 3118 2381 3171 τὸ
2405 3119 2607 3187 κράτος
2637 3117 2831 3187 ἔχοντα
2855 3116 2950 3168 τοῦ
2989 3114 3246 3169 θανάτου.

2141 3229 2160 3263 ε
2202 3209 2262 3264 Ὀ
2317 3211 2486 3276 Θεὸς,
2542 3213 2570 3265 δ
2631 3210 2762 3272 Θεός
2829 3225 2934 3278 μου
2969 3211 3241 3280 πρόσσχες
3297 3224 3392 3277 μοι
3425 3221 3440 3238 ·
3501 3202 3647 3257 ίνατί

2058 3306 2425 3374 ἐγκατέλιπές
2481 3320 2592 3374 με;
2631 3304 2998 3365 ι-Δειλίας
3050 3302 3152 3372 μὲν
3207 3298 3567 3368 ἀνθρωπίνης
3623 3298 3648 3346 6

2057 3403 2216 3469 λόγος
2251 3415 2265 3431 ·
2293 3399 2582 3454 πιστοῦται
2619 3399 2677 3452 δὲ
2731 3398 2892 3451 τοῦτο
2946 3396 3046 3468 τὴν
3095 3394 3516 3463 ἐνανθρώπησιν
3563 3393 3646 3444 ὅτι

2057 3496 2264 3558 τέλειος
2294 3494 2370 3547 ῶν
2420 3493 2712 3561 ἄνθρωπος
2747 3508 2760 3523 ·
2800 3491 2896 3544 καὶ
2963 3490 3041 3559 τῷ
3098 3488 3314 3558 φυσικῷ
3351 3486 3504 3555 φόϐῳ
3547 3487 3648 3537 ὕπο

2061 3590 2257 3642 ἐκειτο.
2323 3588 2600 3654 Πρόσχες
2653 3603 2756 3656 μοι
2789 3583 3061 3638 ἐίώθασι
3123 3583 3230 3652 γὰρ
3277 3584 3326 3634 οἱ
3385 3597 3649 3650 παραχω-

2063 3680 2289 3752 ροῦντές
2324 3695 2450 3732 τινα
2497 3676 2720 3746 δημίοις
2776 3675 3146 3745 ἀποστρέφειν
3185 3672 3279 3734 τάς
3311 3669 3463 3738 ὕψεις
3520 3669 3647 3720 ἑαυ-

2061 3776 2192 3830 τῶν.
2222 3775 2358 3830 Ἵνα
2384 3774 2440 3825 τί
2485 3788 2562 3842 με
2622 3768 3016 3839 ἐγκατέλιπες
3045 3781 3059 3796 ·
3096 3766 3190 3818 καὶ
3243 3762 3350 3834 μὴν
3387 3761 3646 3814 οὐδέποτε

2061 3869 2250 3938 διέστη
2287 3865 2479 3932 αὐτοῦ,
2516 3864 2664 3928 ἅπαξ
2713 3862 3008 3924 ὲνωθέντος
3059 3857 3138 3930 τῷ
3191 3856 3308 3925 Υἱῷ
3344 3856 3440 3909 καὶ
3476 3852 3598 3921 Θεῷ
3629 3870 3643 3882 ·

2059 3962 2180 4018 ἀλλ’
2219 3957 2724 4028 ἐγκαταλελεῖφθαι
2759 3955 2909 4024 λέγει
2933 3954 3021 4009 διὰ
3043 3951 3142 4023 τὴν
3169 3949 3374 4006 δειλίαν
3403 3965 3417 3980 ’
3459 3947 3512 4001 εί
3534 3946 3648 4015 γάρ

2063 4056 2150 4122 σὺ,
2206 4056 2363 4127 φησὶ,
2425 4052 2527 4122 τὴν
2587 4050 2737 4121 παρὰ
2802 4047 2897 4101 σοῦ
2958 4045 3214 4117 βοήθειαν
3269 4044 3519 4112 ἐπέσχες,
3544 4041 3645 4092 οὐκ

2061 4146 2128 4201 ἂν
2151 4144 2384 4216 ὲγὼτὸν
2407 4143 2642 4199 θάνατον
2679 4140 2958 4195 έδειλίασα
2991 4155 3006 4170 ’
3046 4140 3176 4210 περὶ
3209 4136 3417 4205 ταύτης
3449 4133 3508 4188 δὲ
3545 4130 3645 4198 τῆς

2063 4241 2269 4306 δειλίας
2293 4242 2390 4296 καὶ
2421 4239 2473 4292 οῖ
2506 4236 2900 4307 εύαγγελισταὶ
2923 4233 3187 4300 διεξίασιν
3215 4246 3228 4261 ’
3259 4231 3344 4285 ὅτι
3365 4230 3458 4284 καὶ
3479 4243 3647 4297 προσ-

2063 4335 2270 4406 ηύξατο
2301 4331 2599 4404 παρελθεῖν
2649 4330 2711 4383 τὸ
2765 4328 2859 4382 τοῦ
2913 4327 3147 4382 θανάτου
3203 4326 3468 4397 ποτήριον
3499 4338 3515 4354 ο
3551 4323 3648 4374 καὶ

2065 4429 2199 4482 αύτὸ
2218 4427 2276 4481 δὲ
2311 4426 2434 4480 εῖπε
2459 4425 2637 4502 τὸτοῦ
2669 4422 2888 4495 ψαλμοῦ
2919 4421 3084 4494 ῥητὸν
3109 4419 3200 4473 ἐπὶ
3233 4418 3329 4471 τοῦ
3365 4415 3603 4484 σταυροῦ
3630 4451 3646 4466 .

377 4527 494 4575 τος.
528 4513 835 4584 Εὐφρανεῖς
861 4515 919 4568 δὲ
954 4516 1118 4570 αὐτὸν
1155 4519 1213 4570 ἐν
1237 4519 1383 4590 χαρᾷ
1419 4519 1560 4587 μετά
1591 4519 1688 4574 τοῦ
1740 4519 1958 4592 προσώ-
1993 4537 2036 4593 ι)
2069 4543 2089 4575 ε
2115 4524 2215 4576 Θεέ
2236 4539 2338 4594 μου
2355 4521 2441 4575 ἵνα
2463 4519 2514 4572 τί
2533 4517 2893 4588 ἐγκατέλιπες
2915 4532 2931 4582 ;
2953 4514 3234 4590 Αὴγουνῖνα
3256 4514 3308 4567 τί
3334 4528 3400 4582 με
3419 4509 3647 4581 ἐγκατέ-

381 4620 486 4656 που
520 4621 636 4669 σου,
670 4607 792 4659 ἀντὶ
819 4607 914 4660 τοῦ
952 4601 1180 4678 τέρψεις
1210 4609 1374 4662 αὐτὸν
1412 4608 1502 4663 διὰ
1527 4608 1622 4662 τοῦ
1654 4609 1786 4664 Υίοῦ
1819 4628 1912 4665 σου
1948 4627 1962 4641 ’

377 4697 678 4768 πρόσωπον
711 4699 823 4769 γάρ
859 4699 1075 4771 Πατ-ρὸς
1095 4703 1131 4752 δ
1157 4700 1289 4764 Υἱός
1320 4718 1336 4734 ο
1366 4702 1502 4770 φησὶ
1531 4703 1660 4772 γάρ,
1697 4721 1716 4754 ε
1756 4702 1816 4756 '0
1862 4704 1966 4757 ὲωο

383 4788 570 4860 ρὰκὼς
598 4792 697 4862 ἐμὲ
718 4792 937 4862 ἑώρακε
965 4795 1056 4845 τὸν
1086 4793 1310 4864 Πατέρα
1331 4811 1444 4864 μου
1479 4811 1494 4827 ο
1527 4795 1759 4866 ἐχθροὺς
1790 4796 1846 4849 δὲ
1869 4795 1964 4850 τοῦ

371 4882 520 4937 θεοῦ
552 4886 771 4953 νοήσεις
804 4887 932 4948 τοὺς
994 4887 1390 4956 μισοχρίστους
1426 4887 1722 4953 Ἰουδαίους
1762 4885 1844 4952 οἷς
1873 4893 1967 4943 καὶ

323 4984 329 4992 ’
382 4979 451 5031 τά
481 4977 760 5049 δεινότερα
787 4981 1061 5050 ἐπαρᾶται
1089 4985 1182 5032 καὶ
1211 4981 1552 5051 προφητεύει
1575 4979 1610 5035 a
1634 4983 1966 5038 πεπόνθασιν

371 5067 460 5128 ιῶν
486 5075 548 5128 τὸ
584 5075 810 5146 σπέρμα
861 5077 1199 5148 πανολεθρία
1250 5077 1524 5149 διεφθάρη
1553 5094 1572 5113 ο
1602 5078 1807 5151 δηλαδὴ
1858 5073 1967 5132 τῶν

386 5169 830 5239 σταυρωσάντων
849 5171 943 5222 τὸν
971 5169 1184 5240 Κύριον
1221 5187 1238 5203 ⁶
1269 5173 1319 5225 οῖ
1359 5172 1472 5244 γὰρ
1504 5175 1563 5228 ὲν
1597 5177 1717 5237 ταῖς
1744 5174 1968 5226 διασπο-

390 5262 514 5328 ραῖς
541 5262 975 5331 διαπεφεύγασιν
1029 5265 1242 5319 ἐκεῖνον
1285 5265 1381 5319 τὸν
1417 5265 1662 5337 ὄλεθρον.
1705 5285 1724 5318 ε
1766 5267 1969 5336 Θήσεις

382 5353 449 5408 δέ
489 5354 689 5417 αὐτοὺς
722 5355 800 5418 ὡς
864 5354 1118 5410 κλίϐανον
1158 5356 1332 5428 πυρὸς
1391 5358 1452 5410 έν
1507 5357 1584 5428 τῷ
1638 5357 1814 5429 καιρῷ
1873 5359 1968 5412 τοῦ

366 5445 682 5517 ’προσώπου
718 5465 812 5502 σου
847 5462 862 5480 ·
895 5465 915 5500 ι
959 5449 1160 5520 δηλαδὴ
1208 5451 1301 5504 τοῦ
1342 5450 1474 5503 Υίοῦ
1513 5467 1632 5515 σου,
1671 5451 1855 5513 καθὼς
1887 5453 1968 5504 εί-

389 5541 641 5610 ρήκαμεν
675 5555 692 5570 ⁸
722 5539 864 5610 μετὰ
922 5542 1030 5611 γὰρ
1093 5542 1194 5612 τὴν
1247 5543 1545 5612 ἐπιδημίαν
1594 5544 1784 5608 αὑτοῦ,
1811 5542 1969 5596 τοῦτο

389 5631 716 5698 πεπόνθασι,
758 5631 856 5685 καὶ
884 5633 1120 5704 ἤρξαντο
1175 5634 1294 5687 κατ’
1330 5634 1512 5689 αὐτῶν
1569 5633 1844 5706 φύρεσθαι
1901 5635 1970 5688 τά

390 5725 543 5778 δεινά
575 5741 592 5758 ο
625 5725 721 5795 ἀφ’
765 5719 827 5778 οὗ
861 5728 888 5778 ό
918 5724 1154 5795 Χριστὸς
1191 5723 1346 5781 εἶπεν
1381 5728 1590 5793 αὐτοῖς,
1635 5747 1653 5781 ε
1703 5728 1968 5798 Ἀρθήσε-

388 5831 478 5873 ται
508 5814 604 5886 ἀφ’
633 5815 838 5888 ῦμῶνη
867 5813 1180 5904 βασιλεία
1199 5833 1237 5904 »1
1259 5818 1318 5902 έν
1349 5815 1404 5902 δέ
1433 5819 1546 5902 τοῖς
1577 5833 1596 5870 ε
1629 5814 1970 5902 περιλοίποις

2067 4618 2225 4678 λιπες
2257 4615 2334 4677 είς
2352 4613 2553 4667 δειλίαν
2578 4610 2769 4680 ;είδὼς
2786 4610 2945 4662 ὅτιτὸ
2963 4608 3062 4679 μὲν
3083 4608 3302 4677 πνεῦμα
3337 4606 3645 4676 πρόθυμον,

2068 4709 2102 4779 ἡ
2134 4707 2190 4760 δὲ
2237 4707 2371 4776 σὰρξ
2401 4704 2636 4774 ἀσθενής
2671 4717 2686 4733 ⁸
2725 4702 2785 4772 ἢ,
2817 4699 2918 4754 Διά
2946 4701 2996 4754 τί
3035 4717 3104 4768 με
3133 4698 3537 4770 παρεχώρησας
3571 4696 3649 4764 τῷ

2069 4797 2313 4869 θανάτῳ,
2336 4795 2628 4866 γινώσκων
2648 4798 2729 4850 ὅτι
2751 4795 2905 4850 οὐδὲν
2927 4794 3178 4865 ἥμαρτον
3197 4793 3347 4858 ἄξιον
3371 4791 3607 4845 θανάτου
3630 4809 3644 4855 ;

2145 4911 2163 4944 ε
2192 4891 2432 4962 Μακράν
2466 4887 2576 4943 ἀπὸ
2605 4891 2706 4960 τῆς
2754 4887 3034 4958 σωτηρίας
3083 4904 3190 4957 μου
3234 4888 3283 4938 οῖ
3336 4885 3483 4954 λόγοι
3537 4885 3650 4936 τῶν

2069 4983 2539 5054 παραπτωμάτων
2567 4999 2694 5054 μου.
2724 5001 2741 5035 ι
2764 5013 2835 5024 -
2853 4981 2918 5036 Αἱ
2948 4981 3057 5050 γάρ
3085 4979 3310 5034 εύθύναι
3336 4980 3446 5032 τῶν
3473 4981 3652 5049 ἀμαρ-

2066 5077 2202 5131 τιῶν
2235 5094 2336 5149 μου
2373 5075 2567 5147 πόρρω
2595 5075 2705 5129 είσὶ
2757 5077 2860 5145 τῆς
2890 5074 3162 5144 σωτηρίας
3213 5091 3338 5142 μου,
3369 5074 3650 5126 τουτέστιν

2068 5169 2169 5222 ούκ
2206 5167 2597 5238 ἐμποδίζουσιν
2644 5165 2784 5236 αὐτῇ
2821 5181 2836 5196 ·
2863 5164 2952 5217 διά
2980 5165 3042 5217 τὸ
3077 5163 3325 5234 μηδόλως
3364 5157 3506 5215 εἶναι
3548 5163 3648 5214 αύ-

2069 5263 2169 5324 τάς
2199 5277 2213 5292 ⁸
2244 5261 2487 5330 ἀνομίαν
2517 5260 2648 5328 γάρ,
2682 5258 2872 5327 φησὶν,
2900 5257 3001 5309 οὐκ
3030 5256 3254 5322 ἐποίησε
3281 5268 3300 5282 ·
3328 5253 3436 5307 τῶν
3463 5252 3650 5321 ἀμαρ-

2070 5354 2341 5407 τανόντων
2368 5353 2423 5404 δὲ
2458 5355 2486 5406 ό
2543 5351 2774 5413 θάνατος
2832 5347 3127 5417 ἐπιτίμιον,
3155 5345 3190 5417 ἢ
3242 5345 3336 5398 καὶ
3372 5344 3546 5407 ἄλλως
3589 5347 3648 5396 τὸ

2073 5447 2370 5518 πρόσωπον
2393 5445 2492 5515 τῆς
2517 5444 2648 5512 ὅλης
2671 5443 2782 5496 τῶν
2813 5441 3120 5512 ἀνθρώπων
3171 5439 3385 5509 φύσεως
3410 5440 3484 5501 ὡς
3518 5455 3652 5503 συγ-

2070 5541 2234 5611 γενὴς
2255 5539 2414 5610 ἡμῶν
2446 5529 2758 5600 ὑποδύεται,
2791 5538 2884 5590 καὶ
2919 5535 3010 5588 διά
3031 5535 3084 5588 τί
3116 5551 3207 5602 με,
3241 5535 3396 5601 φησὶ,
3427 5532 3489 5585 τὸ
3552 5548 3652 5582 κα-

2005 5639 2022 5654 ‘
2072 5632 2229 5684 θόλου
2313 5629 2608 5698 ἄνθρωπον
2671 5627 3008 5690 κατέλιπες,
3065 5623 3475 5694 ἀποθνήσκειν;
3531 5619 3650 5674 εἶτα

2073 5725 2332 5794 ἐπιφέρει
2358 5725 2455 5776 καὶ
2482 5720 2582 5792 τὴν
2631 5719 2812 5774 αἰτίαν
2844 5735 2857 5749 ·
2893 5720 2976 5772 ὄτι
3029 5716 3414 5787 μεμάκρυνται
3475 5731 3648 5786 σωτη-

2077 5814 2198 5886 ρίας
2227 5815 2284 5868 αἱ
2316 5813 2606 5868 καταδίκαι
2655 5828 2778 5885 μου,
2839 5805 2926 5876 αἷς
2964 5810 3072 5879 ἀρα
3099 5808 3254 5878 κάγὼ
3300 5807 3650 5879 συνάπτομαι
