3824 6354
272 435 412 501 1425

1444 446 1868 511 EXPOSl-TIO'
1890 448 1977 514 IN
2013 451 2385 517 PSAL‘MOS.

3389 465 3409 528 l
3428 465 3531 528 426

192 589 201 596 θ
261 558 373 627 χῶν
407 557 676 622 ἄγευστον
698 556 980 628 ἁμαρτίας
1014 552 1166 615 εἶναι·
1203 561 1297 616 καὶ
1326 563 1416 619 διὰ
1447 567 1509 619 τὸ
1555 569 1719 639 μόνον
1750 568 1844 624 τὸν
1871 589 1922 648 Α
1951 585 2077 639 μου.
2123 586 2142 621 ι
2179 575 2254 612 -’
2296 570 2475 638 Εὐθὶἰς
2501 573 2560 628 ἐν
2591 571 2670 646 τῷ
2725 571 2856 648 βοᾷν
2889 590 2957 647 με
3009 575 3146 650 πρδς
3181 577 3341 633 αύτδν
3377 580 3533 652 εισή-

263 647 394 700 Υίδν
443 647 588 718 ἔχειν
615 648 897 721 ἡνωμένον
930 654 1056 708 καθ’
1090 654 1415 714 ὑπόστασιν.
1477 655 1614 732 Περὶ
1662 661 1718 716 δέ
1745 664 1844 734 τῆς

265 740 466 795 ἐαυτοῦ
501 743 894 810 ταπεινώσεως
917 747 1015 801 καὶ
1037 747 1202 814 αὐτὸς
1231 751 1292 802 ἐν
1322 754 1438 814 τοῖς
1459 753 1629 821 ἱεροῖς
1661 754 1841 824 Εὐαγ-

260 832 464 902 γελίοις
502 835 738 901 ἐδίδαξεν
761 838 932 891 είπῶν
954 856 967 872 ·
1005 858 1024 892 ι
1049 841 1268 896 Μάθετε
1290 843 1386 899 ἀπ’
1412 844 1548 913 ἐμοῦ
1566 846 1648 900 δτι
1669 849 1844 918 πρᾶός

259 931 486 998 είμικαὶ
501 933 761 996 ταπεινὸς
777 936 844 1003 τῇ
879 935 1101 1007 καρδίᾳ.
1132 955 1150 988 ι
1180 938 1339 1002 Τίνος
1372 939 1428 994 δέ
1448 940 1641 994 ἕνεκεν
1663 940 1841 1006 οὕτως

260 1021 464 1093 ηὔχετο
505 1027 947 1099 προειρήκαμεν,
977 1027 1060 1084 ἐτι
1084 1030 1140 1084 δέ
1175 1033 1272 1085 καὶ
1295 1032 1489 1088 ὁποίαν
1524 1034 1711 1104 ἐζήτει
1743 1035 1839 1090 λύ-

257 1129 480 1186 τρωσιν;

335 1247 356 1281 ι
385 1231 740 1304 Διηγήσομαι
768 1235 830 1290 τὸ
865 1236 1040 1303 ὄνομά
1067 1255 1164 1292 σου
1187 1241 1302 1304 τοῖς
1340 1240 1593 1312 ἀδελφοῖς
1626 1261 1751 1313 μου.
1818 1265 1837 1298 ι

257 1350 328 1362 --
358 1323 678 1392 Σημείωσαι
702 1327 821 1394 πῶς
858 1331 928 1384 τὰ
963 1331 1064 1401 μὶν
1116 1332 1193 1396 ὡς
1223 1334 1324 1405 ήδη
1375 1337 1724 1406 γεγενημένα
1754 1338 1841 1390 λέ-

259 1430 348 1480 γει
376 1416 440 1470 τὸ
467 1417 611 1472 θεῖον
643 1419 876 1493 Πνεῦμα
937 1425 1298 1495 προθεωροῦν
1333 1427 1497 1491 αὐτὰ.
1549 1429 1620 1484 τὰ
1651 1430 1707 1484 δέ
1764 1432 1839 1496 ὡς

266 1505 535 1576 μέλλοντα
561 1511 713 1584 νόμῳ
745 1518 1111 1587 προφητείας.
1149 1520 1361 1589 Ὀνομα
1400 1521 1457 1575 δέ
1483 1539 1621 1593 φησι
1647 1525 1710 1578 τὸ
1739 1524 1841 1594 τῆς

264 1602 644 1674 πατρότητοςσ
691 1605 831 1662 Θεὸν
883 1611 988 1678 μὶν
1018 1611 1130 1682 γὰρ
1175 1613 1492 1684 ὡμολόγουν
1549 1616 1795 1688 Ἑϐραῖοι
1821 1633 1840 1648 ⁸

265 1693 484 1766 Πατέρα
532 1697 590 1752 δέ
641 1699 776 1754 Υίοῦ
838 1703 942 1756 οὐκ
995 1705 1300 1774 ἐγίνωσκον
1352 1708 1429 1772 ὡς
1489 1709 1548 1763 ἐν
1583 1710 1661 1781 τῷ
1698 1711 1841 1766 κατὰ

273 1786 541 1856 Ἰωάννην
575 1788 898 1867 Εὐαγγελίῳ
929 1797 1124 1870 εἴρηκε
1146 1813 1210 1860 ’,ε
1260 1801 1620 1872 [πορευθεῖσαι
1645 1803 1838 1862 είπατε

257 1881 370 1944 τοῖς
397 1881 648 1953 ἀδελφοῖς
672 1904 798 1956 μου.
831 1907 852 1941 ι

333 2018 354 2052 ε
404 1999 496 2056 Ἐν
529 2001 682 2073 μέσῳ
710 2004 1040 2077 Ἐκκλησίας
1075 2010 1305 2080 ὑμνήσω
1353 2029 1436 2066 σε.
1479 2033 1498 2066 ι
1535 2045 1606 2056 --
1633 2017 1710 2072 Ού
1742 2016 1838 2088 μό-

258 2110 350 2146 νον
373 2095 482 2165 γὰρ
515 2096 627 2169 ἰδίᾳ
656 2099 782 2164 τοὺς
824 2103 1166 2168 ἀποστόλους
1192 2105 1462 2175 ἐδίδαξεν,
1491 2110 1628 2164 ἀλλὰ
1661 2114 1758 2168 καὶ
1779 2115 1838 2167 ἐν

257 2186 377 2249 ταῖς
411 2191 765 2259 συναγωγαῖς
794 2193 902 2248 τῶν
924 2193 1197 2251 Ἰουδαίων
1231 2199 1692 2280 ἐπαρρησιάζετο
1717 2204 1838 2275 διη-

258 2277 530 2347 γούμενος
561 2281 630 2336 τὰ
661 2284 933 2354 μεγαλεῖα
963 2287 1062 2340 τοῦ
1089 2288 1228 2343 θεοῦ
1278 2291 1376 2344 καὶ
1406 2277 1644 2364 Πατρός.
1701 2297 1838 2366 Περὶ

253 2368 466 2424 τούτων
498 2370 594 2425 οῦν
619 2375 653 2444 ή
693 2375 943 2445 παροῦσα
970 2381 1281 2451 προφητεία
1315 2396 1330 2412 ⁸
1369 2382 1530 2438 τοῦτο
1559 2385 1615 2438 δέ
1643 2387 1737 2440 καὶ
1758 2389 1841 2454 είς

253 2461 338 2514 ἐτι
366 2466 514 2516 ποιεῖ
544 2464 636 2519 διὰ
659 2466 754 2521 τοῦ
787 2468 1131 2538 Εὐαγγελίου
1211 2473 1380 2528 αὐτοῦ
1420 2477 1518 2532 καὶ
1578 2479 1689 2552 ἰδίᾳ
1737 2482 1838 2536 καὶ

253 2551 499 2627 δημοσίᾳ
527 2558 1053 2636 ἀναγινωσκομένη.

328 2685 348 2720 ε
387 2670 450 2722 Οί
505 2672 836 2745 φοϐούμενοι
884 2679 1127 2750 Κύριον,
1173 2683 1430 2740 αίνέσατε
1486 2686 1675 2746 αὐτόν.
1714 2709 1734 2743 ι
1767 2719 1838 2730 -—-

266 2757 356 2822 Ὦς
379 2760 484 2832 ἤδη
518 2764 910 2832 εἰσακουσθεὶς
938 2773 1309 2842 προτρέπεται
1333 2777 1461 2839 τοὺς
1497 2779 1725 2844 πιστοὺς
1753 2783 1837 2846 είς

251 2853 632 2924 εὐχαριστίαν,
676 2861 772 2912 καὶ
805 2861 1026 2931 πρῶτον
1058 2865 1186 2928 τοὺς
1233 2865 1295 2931 ἐξ
1334 2867 1548 2931 ἐθνῶνο
1613 2872 1698 2925 ὅτι
1739 2874 1836 2927 καὶ⁵

253 2946 476 3016 πρῶτον
501 2949 582 3012 είς
619 2949 685 3004 τὰ
712 2948 840 3021 έθνη
866 2955 996 3018 τοὺς
1020 2954 1362 3020 ἀποστόλους
1441 2959 1584 3030 μετὰ
1619 2961 1718 3030 τὴν
1769 2965 1834 3018 ἐκ

253 3038 468 3108 νεκρῶν
547 3039 850 3098 ἀνάστασιν
915 3045 1267 3111 ἐξαπέστειλε
1303 3065 1322 3081 ο
1388 3069 1408 3102 ε
1464 3053 1834 3123 Πορευθέντες

249 3129 382 3198 γάρ,
413 3131 570 3199 φησι,
605 3132 986 3204 μαθητεύσατε
1014 3137 1194 3192 πάντα
1217 3139 1287 3192 τὰ
1337 3137 1500 3209 ἔθνη·
1543 3158 1564 3192 ι
1607 3139 1702 3204 οὒς
1739 3144 1836 3198 καὶ

249 3222 624 3293 φοϐουμένους
647 3225 746 3279 τὸν.
769 3226 974 3296 Κύριον
991 3230 1152 3284 καλεῖ
1172 3231 1606 3301 προσαγορεύων
1630 3234 1828 3298 αὐτοὺς

247 3314 360 3367 ἀπὸ
409 3317 508 3387 τῆς
537 3319 778 3388 ἀρετῆς*
833 3321 928 3373 καὶ.
959 3321 1171 3392 Πέτρος
1208 3323 1318 3392 γὰρ
1359 3323 1538 3389 οὕτως
1577 3326 1656 3380 ’ὲν
1708 3329 1830 3392 ταῖς
1854 3323 1903 3391 C

252 3407 528 3476 Πράξεσιν
545 3409 834 3479 ὠνόμασεν
857 3411 1092 3475 αὐτούς’
1134 3432 1154 3464 ι
1219 3414 1449 3486 Ἀνδρες
1487 3415 1828 3488 Ἰσραηλῖται

251 3501 347 3553 καὶ
377 3501 426 3554 οί
460 3503 517 3556 ἐν
549 3503 1038 3574 ὑμίνιφοϐούμενοι
1061 3505 1154 3560 τὸν
1184 3507 1358 3561 Θεόνο
1400 3525 1418 3560 ι
1483 3509 1608 3562 ἐπεὶ
1665 3509 1727 3563 δὲ
1793 3511 1827 3582 ή

265 3596 563 3667 Ἐκκλησία
596 3597 704 3650 τῶν
739 3598 950 3652 πιστῶν
999 3599 1102 3653 οὐκ
1132 3600 1191 3668 ἐξ
1229 3598 1400 3655 ἐθνῶν
1443 3601 1632 3671 μόνον,
1691 3602 1829 3656 ἀλλὰ

250 3692 346 3745 καὶ
374 3692 435 3757 ἐξ
460 3690 738 3744 Ἰουδαίων
767 3693 1112 3754 συνίσταται.
1144 3695 1240 3749 καὶ
1263 3696 1394 3760 τοὺς
1412 3696 1492 3762 είς
1515 3694 1829 3765 δοξολογιίαν

248 3789 415 3841 κινεῖ’
443 3787 578 3858 φησὶ
602 3791 709 3860 γάρ
726 3806 740 3822 ·

329 3923 347 3954 ε
391 3905 578 3960 Ἀπαν
613 3907 672 3960 τὺ
709 3907 935 3978 σπέρμα
963 3909 1183 3974 Ἰακὼϐ,
1255 3907 1521 3974 δοξάσατε
1584 3908 1770 3963 αὐτόν.
1804 3927 1822 3961 ι

247 4029 318 4040 -—
343 3999 552 4065 Πάντες
587 4002 637 4054 οί
692 4002 751 4069 ἐξ
783 4002 1061 4056 Ἰουδαίων
1107 4003 1542 4066 πεπιστευκότες
1570 4017 1584 4032 ’
1612 4000 1827 4071 προπά-

249 4110 362 4163 τωρ
399 4096 509 4166 γὰρ
531 4096 642 4151 τῶν
684 4095 870 4165 φυλῶν
907 4095 1179 4150 όίακὼϐ.

322 4207 342 4240 ι
381 4186 787 4261 Φοϐηθήτωσαν
813 4191 977 4244 αὑτὸν
1011 4191 1161 4245 ἆπαν
1195 4189 1258 4243 τὸ
1284 4189 1508 4261 σπέρμα
1541 4189 1820 4261 Ἰσραήλ.»

247 4311 318 4326 -
342 4280 616 4336 Ἐνταῦθα
671 4284 768 4336 καὶ
807 4285 976 4353 ἄμφω
1007 4288 1075 4338 τα
1126 4285 1275 4355 μέρη
1299 4283 1472 4350 λέγει,
1509 4283 1648 4337 διότι
1718 4285 1826 4347 πᾶς

243 4374 503 4442 ἐπιγνοὺς
581 4376 816 4447 Χριστὸν
890 4377 1105 4449 Ἰσραήλ
1165 4380 1364 4432 ἐστιν’
1429 4374 1654 4449 Ἰσραὴλ
1717 4375 1825 4450 γάρ

248 4467 730 4539 μεθερμηνεύεται
790 4469 912 4533 νοῦς
939 4473 1084 4540 ὁρῶν
1138 4473 1296 4528 Θεόν.
1361 4474 1590 4532 Κελεύει
1641 4479 1823 4535 τοίνυν

244 4564 336 4613 καὶ
362 4542 554 4630 ὑμνεῖν
591 4564 686 4618 τὸν
720 4563 855 4618 Θεὸν
891 4566 984 4617 καὶ
1045 4566 1133 4618 ἀεὶ
1184 4566 1472 4634 φοϐεῖσθαι
1537 4571 1701 4624 αὑτὸν
1743 4572 1824 4638 ὡς

1954 662 2117 715 κουσέ
2147 680 2271 733 μου.

2032 774 2049 808 ι
2088 757 2247 829 Παρὰ
2278 758 2372 813 σοῦ
2397 762 2424 814 ό
2459 759 2685 827 ἔπαινός
2712 780 2838 834 μου.
2879 783 2898 817 ι
2927 791 3000 809 -ω
3053 767 3184 821 Ὀτε
3223 768 3377 840 φωνὴ
3408 788 3537 822 κατ-

1951 849 2166 921 ηνέχθη
2194 852 2371 906 ἐκτοῦ
2402 853 2637 924 οὐρανοῦ
2685 857 2966 925 λέγουσα·
3007 879 3025 912 ι
3084 860 3256 925 Οὗτός
3309 864 3457 914 ἐστιν
3507 863 3534 913 ό

1953 939 2084 1005 Υίός
2121 959 2225 1012 μου
2258 943 2287 997 ό
2318 945 2624 1015 ἀγαπητὸς,
2651 949 2709 1003 ἐν
2731 941 2776 1017 ᾦ
2809 950 3105 1024 εὐδόκησα.
3148 973 3168 1006 ι
3205 953 3317 1007 Καὶ
3332 951 3486 1017 αὖθις
3517 970 3529 982 ·

1957 1051 1976 1086 ε
2023 1034 2288 1099 Ἐδόξασα
2324 1038 2421 1091 καὶ
2461 1040 2625 1095 πάλιν
2651 1041 2884 1107 δοξάσω.
2917 1063 2936 1097 ι
3293 1093 3297 1097 ,

2031 1147 2052 1181 ο
2087 1127 2388 1203 Ἐκκλησία
2421 1133 2659 1207 μεγάλῃ.
2701 1153 2719 1187 ι
2764 1168 2834 1179 -
2883 1139 3310 1210 Ἐξομολόγησιν
3341 1137 3544 1196 ἐνταῦέ

1950 1219 2022 1274 θα
2054 1221 2154 1292 τὴν
2184 1222 2395 1278 αίνεσιν
2417 1226 2592 1295 λέγει.
2619 1229 2849 1302 Μεγάλη
2873 1231 2939 1285 δέ»
2965 1234 2996 1302 ή
3032 1233 3143 1286 τῶν
3171 1235 3383 1290 πιστῶν
3404 1235 3535 1290 Ἐκ-

1954 1313 2181 1384 κληᾶία,
2238 1316 2314 1380 ῶς
2350 1319 2516 1392 μέχρι
2545 1320 2808 1391 περάτων
2841 1324 2942 1394 τῆς
2980 1324 3085 1394 γῆς
3117 1323 3398 1394 φθάνουσα
3421 1343 3434 1357 ·
3501 1326 3532 1395 ἦ

1949 1406 2043 1479 κα).
2072 1405 2148 1471 ῶς
2178 1409 2286 1463 ἀπὸ
2315 1412 2572 1494 μεγάλων
2618 1413 2830 1486 ἀνδρῶν
2861 1416 3260 1486 συνισταμένη.
3313 1415 3428 1469 Ἀεὶ
3477 1417 3533 1469 δέ
3639 1431 3642 1433 ‘

1948 1499 2036 1554 διὰ
2066 1502 2161 1556 τοῦ
2194 1503 2537 1572 Εὐαγγελίου
2561 1505 2727 1575 μέσον
2758 1509 2928 1572 αὐτῆς
2965 1509 3130 1578 ὑμνεῖ
3155 1508 3248 1562 τὸν
3283 1508 3530 1578 Πατέρα.

1952 1595 2104 1648 Ἀνω
2155 1596 2256 1662 μὲν
2312 1591 2408 1651 οὖν
2465 1598 2656 1663 ἁπλῶς
2703 1599 3042 1668 Ἐκκλησίαν
3091 1594 3214 1653 εἷπε
3268 1599 3368 1669 τὴν
3424 1599 3532 1653 τῶν

1960 1687 2236 1743 Ἰουδαίων
2263 1693 2613 1763 συναγωγὴν,
2665 1692 2698 1762 ἢ
2768 1693 2864 1747 καὶ
2895 1693 2994 1763 τὴν
3042 1693 3282 1764 ἐκάστην
3336 1710 3533 1762 παροι-

1947 1781 2078 1836 κίαν
2109 1782 2350 1854 μερικὴν
2375 1783 2484 1837 τῶν
2521 1784 2772 1839 εὐσεϐῶν
2799 1802 2813 1816 ·
2852 1784 2948 1840 νῦν
2981 1785 3038 1840 δέ
3065 1787 3315 1859 μεγάλην
3375 1785 3527 1854 λέγει

1947 1876 2046 1948 τήν
2079 1877 2383 1951 καθολικὴν
2409 1879 2521 1932 τῶν
2552 1880 2790 1935 πιστῶν.

1868 1969 1912 2026 Β
2014 1989 2034 2023 ε
2079 1971 2192 2036 Τὰς
2222 1971 2395 2042 εὐχάς
2432 1991 2535 2042 μου
2569 1973 2842 2028 ἀποδώσω
2873 1973 3110 2028 ἐνώπιον
3161 1975 3273 2030 τῶν
3334 1973 3532 2045 φοϐου-

1945 2065 2126 2134 μένων
2162 2065 2351 2120 αὐτόν.
2384 2085 2404 2118 ι
2429 2094 2500 2107 -
2520 2065 2704 2137 Εὑχὰς
2740 2065 2838 2120 νῦν
2863 2066 2960 2130 τὰς
2987 2067 3318 2138 ὑποσχέσεις
3344 2068 3522 2131 καλεῖ,

1942 2157 2189 2227 δηλονότι
2225 2159 2288 2213 τὸ
2331 2160 2648 2230 διηγεῖσθαι
2672 2161 2735 2215 τὸ
2778 2161 2953 2231 ὖνομα
2989 2160 3085 2214 τοῦ
3149 2162 3366 2232 Πατρδς
3427 2165 3521 2216 καὶ

1940 2247 2036 2303 τοῦ
2064 2249 2196 2304 Υίοῦ
2222 2251 2426 2321 μνῆσαι
2452 2253 2640 2308 αὐτόν.

2018 2357 2037 2390 ι
2075 2340 2139 2394 Οί
2177 2340 2341 2414 μέχρι
2368 2341 2490 2396 τότε
2528 2344 2765 2416 πένητες
2826 2345 2950 2400 ὅσον
3005 2347 3089 2410 είς
3135 2344 3443 2410 εὐσέϐειαν,
3469 2346 3549 2414 ,ἢ-

1945 2433 2040 2486 καὶ
2072 2433 2198 2488 ὅσον
2231 2435 2312 2496 είς
2343 2433 2698 2507 ἀνθρώπινον
2732 2437 2969 2492 πλοῦτον
2999 2455 3014 2472 ο
3071 2438 3382 2508 άκτήμανες
3418 2438 3524 2509 γὰρ
3563 2473 3566 2481 ·

1937 2525 2170 2580 οἱκατὰ
2225 2525 2493 2598 ἀλήθειαν
2552 2529 2903 2599 Χριστιανοί.
2983 2528 3257 2602 Φάγονται
3303 2528 3360 2583 δέ
3417 2529 3560 2598 τὴν.

1940 2621 2328 2690 πνευματικὴν
2356 2620 2569 2692 τροφὴν
2593 2621 2696 2691 τῆς
2753 2621 3120 2692 εὖαγγελικῆς
3159 2621 3520 2688 διδασκαλίας

1936 2710 2037 2779 τὴν
2067 2693 2343 2776 αῦξουσαν
2373 2716 2475 2782 τὴν
2503 2713 2711 2786 ψυχήν.
3537 2792 3541 2796 Α

2016 2825 2036 2860 ε
2065 2807 2342 2877 Φάγονται
2394 2809 2683 2882 πένητες,,
2721 2812 2817 2867 καὶ
2863 2813 3374 2886 ἐμπλησθήσονται.
3415 2815 3524 2870 Καὶ
3555 2843 3558 2846 ~

1939 2900 2221 2955 αίνέσουσι
2294 2902 2504 2974 Κύριον
2541 2905 2590 2956 οί
2620 2903 2983 2972 ἐκζητοῦντες
3003 2909 3189 2963 αὐτόν.
3223 2928 3241 2961 ι
3277 2939 3344 2954 -—
3397 2909 3522 2963 Ὅτι

1937 2990 2040 3044 οὐκ
2068 2991 2335 3059 ἐφείσατο
2387 2993 2482 3047 τοῦ
2533 2996 2880 3065 Μονογενοῦς
2915 2999 3082 3052 αὐτοῦ
3107 3000 3197 3054 διὰ
3262 3000 3365 3072 τὴν
3416 3018 3521 3056 σω·

1935 3083 2132 3152 τηρίαν
2223 3085 2334 3138 τῶν
2425 3086 2761 3157 ἀνθρώπων.
2827 3090 3082 3162 Ἐκζητεί
3136 3095 3193 3148 δέ
3244 3095 3360 3158 πᾶς
3427 3097 3522 3153 τὸν

1937 3175 2425 3248 Θεὸνόδεύωντὴν
2459 3181 2652 3250 τρίϐον
2708 3174 2818 3236 τῶν
2876 3183 3105 3238 ἐντολῶν
3159 3187 3348 3253 αὑτοῦ,
3421 3206 3522 3257 φε-

1941 3268 2150 3340 ρουσῶν
2163 3269 2436 3342 ,ἄντικρυς
2461 3274 2542 3337 είς
2571 3274 2736 3330 αὐτόν
2775 3293 2788 3307 ⁶
2827 3277 2984 3347 ἢῘκαὶ
3009 3279 3188 3344 ἄλλως
3244 3283 3517 3350 φάγονται

1933 3360 2186 3432 τδσῶμα
2213 3363 2308 3416 τοῦ
2361 3363 2679 3436 Σωτῆροςῷ
2714 3370 2896 3424 καὶτὸ
2947 3366 3089 3439 αἷμα
3129 3378 3519 3448 συμπεριλαμ-

1933 3453 2179 3520 ϐάνεται,
2238 3459 2334 3511 καὶ
2392 3458 2880 3530 ἐμπλησθήσονται
2949 3466 3266 3534 Πνεύματος
3302 3470 3506 3539 ἁγίουο

1930 3549 2028 3602 καὶ
2055 3547 2251 3618 ὕμνοις
2282 3553 2410 3624 περὶ
2435 3552 2536 3624 τὴν
2569 3556 2844 3629 μυστικὴν
2866 3560 3168 3630 χρήσονται
3200 3560 3509 3633 τράπεζαν·

1929 3639 2006 3703 ὡς
2033 3637 2174 3698 εἶναι
2207 3641 2368 3698 τοῦτο
2394 3650 2742 3718 προφητείαν
2773 3651 2835 3703 οὐ
2865 3657 3029 3720 μόνον
3053 3656 3183 3724 περὶ
3215 3654 3310 3709 τοῦ
3337 3656 3514 3724 Εὐαγ-

1929 3735 2140 3807 γελίου,
2177 3738 2313 3792 ἀλλὰ
2336 3739 2429 3793 καὶ
2460 3743 2593 3812 περὶ
2623 3743 2723 3813 τῆς
2778 3747 3053 3815 μυστικῆς
3095 3747 3402 3817 τραπέζης.

2006 3850 2026 3883 ι
2067 3832 2333 3902 Ζήσονται
2380 3835 2435 3888 αἱ
2497 3837 2717 3905 καρδίαι
2754 3838 2935 3892 αὐτῶν
3003 3842 3084 3904 εἰς
3143 3841 3317 3896 αἰῶνα
3374 3843 3510 3896 αἰῶ-

1929 3939 2038 3984 νος.
2080 3941 2098 3974 ι
2128 3949 2199 3963 —-
2225 3924 2394 3993 Φησὶν
2429 3928 2487 3994 ἐν
2517 3927 2596 3998 τῷ
2627 3929 2951 4000 Εὑαγγελέῳ
2979 3933 3006 3986 ό
3040 3932 3266 4004 Κύριοςο
3308 3952 3340 3987 ε.
3368 3933 3513 4002 Ἑγοῦ

1929 4015 2047 4084 είμι
2096 4017 2124 4070 ό
2172 4016 2339 4085 ἄρτος
2368 4019 2468 4090 τῆς
2507 4020 2695 4091 ζωῆςο
2749 4042 2777 4075 ι-
2815 4025 2911 4077 καὶ
2967 4027 3168 4082 πάλιν·
3214 4047 3232 4080 ι
3278 4027 3402 4081 Ἐάν
3428 4045 3513 4090 τις

1929 4106 2082 4179 φάγῃ
2106 4108 2168 4160 ἐκ
2203 4108 2298 4162 τοῦ
2329 4111 2464 4180 ἐμοῦ
2517 4113 2706 4184 ἄρτου,
2734 4115 2960 4185 ζήσεται
3001 4119 3079 4180 είς
3112 4118 3205 4172 τὸν
3244 4116 3446 4172 αίῶνα⁹
3487 4137 3517 4170 ι-

1929 4197 2215 4267 φυλάττων
2246 4201 2448 4275 δηλαδὴ
2481 4204 2581 4270 τὰς
2625 4207 2846 4271 ἐντολὰς
2887 4207 2978 4261 διὰ
3005 4207 3106 4279 τῆς
3131 4207 3356 4279 καρδίας
3387 4209 3512 4262 ὅλον

1927 4290 1988 4343 τὸ
2018 4290 2158 4355 ζῶον
2204 4293 2473 4366 ἐδήλωσεν
2516 4297 2625 4350 ἀπὸ
2649 4295 2744 4351 τοῦ
2769 4299 3132 4369 καιριωτέρου
3175 4299 3376 4371 μέρους
3411 4315 3425 4331 ο
3457 4301 3508 4352 ει

1925 4383 2035 4454 γὰρ
2063 4384 2160 4437 καὶ
2191 4386 2513 4458 τεθνήξεται
2538 4389 2682 4443 κατὰ
2717 4389 2902 4459 φύσιν,
2933 4387 3047 4444 ἀλλ’
3082 4386 3243 4456 αὖθις
3268 4392 3508 4461 ἀναστή-

1926 4493 2077 4532 σεται
2106 4480 2186 4540 είς
2217 4480 2362 4550 ζωὴν
2387 4480 2626 4538 αἰώνιον.

2002 4588 2021 4621 ε
2051 4571 2472 4643 Μνησθήσονται
2499 4576 3130 4649 καὶέπιστραφήσονταιι
3149 4579 3510 4652 πρδςΚύριον

243 4653 662 4726 παντοδύναμον
690 4659 762 4730 ·ἢ
813 4660 908 4712 καὶ
944 4661 1058 4723 τοῖς
1110 4660 1295 4724 ἄλλοις
1329 4661 1611 4728 Ἰουδαίοις
1675 4683 1820 4736 παρ.
1847 4690 1899 4750 D
1928 4663 2107 4717 πάντα
2138 4664 2205 4716 τὰ
2241 4666 2455 4736 πέρατα
2494 4669 2607 4739 τῆς.
2644 4670 2768 4738 γῆς.
2809 4689 2828 4722 ι
2863 4699 2933 4713 --
2962 4673 3168 4744 Μνήμη
3201 4673 3294 4725 ἐπὶ
3349 4689 3512 4743 προε-

239 4749 500 4817 αγγέλλει
529 4750 821 4819 φοϐεῖσθαι
862 4748 1050 4816 αὐτὸν,
1105 4753 1181 4818 ὡς
1232 4753 1697 4827 παντοδύναμόν,’
1721 4761 1818 4814 καὶ
1851 4748 1880 4750 ⁷
1929 4759 2249 4826 γνωσμένου
2271 4761 2600 4831 πράγματος
2628 4761 2869 4834 λέγεται.
2888 4765 3145 4819 Φαίνεται
3168 4767 3347 4820 τοίνυν
3372 4765 3449 4830 ὡς
3472 4769 3506 4836 ή

239 4841 512 4909 ἐπάξοντα
533 4843 748 4908 τούτοις
775 4845 1161 4917 πανολεθρίαν,
1207 4847 1299 4902 διὰ
1350 4851 1450 4920 τὴν
1509 4849 1665 4905 λύσιν
1723 4851 1821 4924 τὴν

241 4934 384 5004 μετὰ
413 4934 509 4988 τοῦ
544 4935 676 4989 Υίοῦ
712 4935 900 4990 αὑτοῦ.

316 5041 336 5074 ε
378 5024 506 5077 Ὀτι
554 5023 655 5077 οὐκ
719 5025 1085 5092 ἐξουδένωσεν
1148 5028 1271 5082 οὐδέ
1341 5030 1689 5102 προσώχθισε
1751 5035 1818 5105 τῇ

236 5114 420 5184 δεήσει
456 5115 554 5169 τοῦ
587 5117 832 5188 πτωχοῦ.
870 5138 888 5171 ι
933 5150 997 5160 -—
1030 5121 1105 5174 Οὐ
1141 5124 1404 5191 παρεῖδεν
1444 5123 1569 5178 ούδέ
1624 5141 1818 5192 φορτι-

238 5206 333 5258 κὸν
364 5207 614 5277 ἡγήσατο
647 5209 746 5280 τὴν
782 5210 945 5278 ἐμὴν,
1001 5211 1158 5280 φησι,
1197 5212 1404 5281 δέησιν,
1432 5213 1531 5284 τὴν
1563 5215 1693 5287 περὶ
1723 5216 1817 5269 τὸν

235 5297 484 5353 διάϐολον
514 5301 761 5370 νικῆσαι,
799 5303 894 5356 καὶ
927 5304 1060 5374 ὑμῖν
1085 5305 1186 5374 τὴν
1219 5307 1380 5376 νίκην
1433 5308 1812 5380 δωρήσασθαι.

239 5390 463 5462 Πτωχδν
487 5392 543 5445 δέ
582 5391 870 5465 ὠνόμασεν
899 5396 1097 5449 ἑαυτὸν
1128 5397 1218 5452 διά
1276 5416 1336 5452 τε
1385 5399 1485 5465 τὴν
1538 5400 1819 5457 εὐτέλειαν

234 5479 336 5551 τῆς
370 5486 596 5556 σαρκὸς,
627 5488 720 5540 καὶ
748 5488 832 5541 ὅτι
869 5488 965 5542 καὶ
998 5489 1174 5554 άλλως
1212 5491 1384 5562 πένης
1432 5487 1528 5565 ἦν,
1559 5495 1687 5550 ὅσον
1738 5497 1818 5560 εἰς

238 5579 500 5649 χρήματα
523 5580 617 5633 καὶ
642 5583 992 5651 περιουσίαν.
1140 5615 1146 5620 ·
1815 5575 1828 5598 ⁸

311 5691 330 5724 ι
363 5671 497 5725 Ούδέ
518 5674 834 5745 ἀπέστρεψε
865 5678 924 5730 τὸ
954 5678 1257 5748 πρόσωπον
1292 5681 1460 5734 αὑτοῦ
1497 5681 1594 5735 ἀπ’
1615 5681 1810 5753 ἐμοῦ.»

233 5795 305 5806 --
327 5767 465 5836 Περὶ
494 5767 549 5819 δέ
581 5768 674 5821 τοῦ
711 5770 1004 5840 ἰδιώματος
1037 5773 1234 5827 τούτου
1282 5776 1702 5846 προειρήκαμεν
1755 5779 1815 5832 ἐν

233 5861 299 5931 τῇ
333 5859 593 5933 ἐξηγήσει
623 5866 717 5918 τοῦ
751 5865 872 5918 Ἰὼϐ
897 5867 1140 5939 ψαλμοῦ.

313 5973 331 6006 ι
362 5954 472 6011 Καὶ
494 5957 553 6013 ἐν
580 5958 655 6030 τῷ
683 5961 1020 6032 κεκραγέναι
1053 5980 1120 6035 με
1153 5968 1288 6038 πρὸς
1322 5964 1484 6022 αὐτὸν
1514 5965 1807 6039 είσήκουοέ

1926 4851 2238 4920 θεογνωσία,
2283 4856 2396 4919 τοῖς
2430 4856 2742 4926 ἀνθρώποις
2791 4859 3039 4930 ἔμφυτός
3085 4863 3236 4914 ἐστιν
3261 4876 3278 4894 ο
3307 4858 3424 4914 ἀλλ’
3451 4860 3508 4913 ἐν

1922 4947 2034 5007 τοῖς
2062 4945 2328 5018 ἐθνεσινή
2351 4947 2452 5019 τῆς
2470 4949 2678 5018 πλάνης
2700 4951 2868 5021 ἀχλὺς
2895 4952 3156 5005 ἐκάλεσεν
3170 4953 3366 5022 αὑτήν.
3396 4953 3508 5021 Τῆς

1922 5037 2123 5108 ἀχλύος
2160 5039 2216 5093 δέ
2245 5040 2731 5112 διασκεδασθείσης
2753 5041 2834 5114 τῷ
2861 5045 3123 5115 ήλίῳτῆς
3152 5045 3505 5114 δικαιοσύνης

1925 5133 2148 5211 Χριστῷ
2174 5135 2550 5206 ἐμνήσθησαν,
2572 5135 2666 5190 τοῦ
2697 5137 3032 5208 δημιουργοῦ
3052 5141 3149 5192 καὶ
3175 5139 3310 5208 πρὸς
3341 5139 3505 5193 αὑτὸν

1927 5226 2367 5296 ἐπεστράφησαν
2414 5228 2909 5300 ἢμνησθήσονται,
2963 5229 3087 5286 ἀντὶ
3135 5228 3241 5282 τοῦ.
3280 5231 3503 5301 μνήμης

1886 5357 1889 5359 -
1922 5320 2326 5390 ἁξιωθήσονται
2357 5321 2514 5391 παρὰ
2539 5321 2618 5388 τῷ
2639 5321 2759 5392 Θεῷ
2784 5322 2954 5393 μέχρι
2981 5322 3103 5375 τότε
3133 5322 3502 5392 παρεωραμέ-

1922 5431 2026 5469 νοι.
2051 5411 2193 5481 Ὅρα
2232 5412 2291 5466 δέ
2314 5411 2464 5477 ὅπως
2503 5414 2776 5484 ἐχρήσατο
2807 5416 2873 5483 τῇ
2918 5413 3072 5480 τάξει
3100 5412 3501 5483 μνησθήσον·

1920 5520 2015 5558 ται
2048 5505 2242 5572 εἰπὼν,
2279 5501 2399 5559 εἶτα
2447 5505 3034 5577 ἐπιστραφήσονται,
3070 5502 3190 5560 εἶτα
3229 5520 3501 5576 προσκυο

1920 5599 2249 5668 νήσουσιν.

1924 5694 1946 5715 "
1996 5708 2014 5741 ι
2056 5693 2166 5744 Καὶ
2199 5692 2676 5762 προσκυνήσουσιν
2721 5690 2958 5746 ἐνώπιον
3012 5692 3180 5747 αὑτοῦ
3230 5694 3404 5746 πᾶσαι
3441 5694 3498 5746 αί

1919 5786 2150 5852 πατριαὶ
2192 5785 2300 5838 τῶν
2349 5785 2542 5839 ἐθνῶν.
2581 5804 2598 5837 ι
2641 5815 2710 5827 --
2742 5787 2855 5840 Καὶ
2893 5787 3001 5858 μὴν
3037 5786 3160 5840 οὔτε
3202 5787 3384 5842 πάντα
3433 5790 3498 5841 τά

1921 5877 2131 5943 πέρατα
2163 5876 2260 5946 τῆς
2282 5877 2383 5946 γῆς
2417 5878 2750 5930 ἐπίστευσαν
2789 5877 2913 5931 οῦτε
2959 5879 3132 5932 πᾶσαι
3181 5881 3237 5932 αί
3269 5881 3497 5951 πατριαὶ

1919 5967 2024 6023 τῶν
2052 5969 2220 6028 ἐθνῶν
2241 5984 2253 5998 ’
2279 5969 2395 6027 ἀλλ’
2427 5972 2553 6028 ἐπεὶ.
2587 5971 2683 6026 καὶ
2711 5974 2790 6037 εἰς
2830 5971 3008 6030 πάντα
3040 5973 3104 6028 τὰ
3154 5961 3365 6045 πέρατα
3400 5974 3512 6044 τῆς,
