  <div class='ocr_page' id='page_1' title='image "/cluster/home/n/w/nwhite01/storage/ocr_20150623/142/hvd.32044012457388/719.png"; bbox 0 0 3824 6354; ppageno 0'>
   <div class='ocr_carea' id='block_1_1' title="bbox 342 407 474 471">
    <p class='ocr_par' dir='ltr' id='par_1_1' title="bbox 342 407 474 471">
     <span class='ocr_line' id='line_1_1' title="bbox 342 407 474 471; baseline -0.015 0"><span class='ocrx_word' id='word_1_1' title='bbox 342 407 474 471; x_wconf 69' lang='grc' dir='ltr'>ιιετ</span> 
     </span>
    </p>
   </div>
   <div class='ocr_carea' id='block_1_2' title="bbox 337 619 1911 692">
    <p class='ocr_par' dir='ltr' id='par_1_2' title="bbox 337 619 1911 692">
     <span class='ocr_line' id='line_1_2' title="bbox 337 619 1911 692; baseline 0.001 -20"><span class='ocrx_word' id='word_1_2' title='bbox 337 621 660 688; x_wconf 79' lang='grc' dir='ltr'>δεδήλωκεν,</span> <span class='ocrx_word' id='word_1_3' title='bbox 697 619 772 683; x_wconf 82' lang='grc' dir='ltr'>ὡς</span> <span class='ocrx_word' id='word_1_4' title='bbox 804 623 862 672; x_wconf 87' lang='grc' dir='ltr'>ἐν</span> <span class='ocrx_word' id='word_1_5' title='bbox 892 619 1076 680; x_wconf 84' lang='grc' dir='ltr'>ἄλλοις</span> <span class='ocrx_word' id='word_1_6' title='bbox 1119 619 1434 674; x_wconf 79' lang='grc' dir='ltr'>τούναντίον</span> <span class='ocrx_word' id='word_1_7' title='bbox 1466 621 1573 674; x_wconf 82' lang='grc' dir='ltr'>ἀπὸ</span> <span class='ocrx_word' id='word_1_8' title='bbox 1616 623 1818 692; x_wconf 79' lang='grc' dir='ltr'>μέρους</span> <span class='ocrx_word' id='word_1_9' title='bbox 1850 621 1911 673; x_wconf 85' lang='grc' dir='ltr'>τὸ</span> 
     </span>
    </p>
   </div>
   <div class='ocr_carea' id='block_1_3' title="bbox 338 710 1912 782">
    <p class='ocr_par' dir='ltr' id='par_1_3' title="bbox 338 710 1912 782">
     <span class='ocr_line' id='line_1_3' title="bbox 338 710 1912 782; baseline 0.001 -19"><span class='ocrx_word' id='word_1_10' title='bbox 338 712 456 763; x_wconf 82' lang='grc' dir='ltr'>ὅλον</span> <span class='ocrx_word' id='word_1_11' title='bbox 479 728 492 741; x_wconf 89' lang='grc'>⁸</span> <span class='ocrx_word' id='word_1_12' title='bbox 525 711 701 773; x_wconf 77' lang='grc' dir='ltr'>ἄλλως</span> <span class='ocrx_word' id='word_1_13' title='bbox 731 729 786 764; x_wconf 90' lang='grc' dir='ltr'>τε</span> <span class='ocrx_word' id='word_1_14' title='bbox 819 710 878 762; x_wconf 79' lang='grc' dir='ltr'>δὲ</span> <span class='ocrx_word' id='word_1_15' title='bbox 914 713 1153 780; x_wconf 84' lang='grc' dir='ltr'>πατριὰς</span> <span class='ocrx_word' id='word_1_16' title='bbox 1206 711 1303 774; x_wconf 79' lang='grc' dir='ltr'>τὰς</span> <span class='ocrx_word' id='word_1_17' title='bbox 1363 712 1689 782; x_wconf 83' lang='grc' dir='ltr'>συγγενείας</span> <span class='ocrx_word' id='word_1_18' title='bbox 1735 713 1912 765; x_wconf 84' lang='grc' dir='ltr'>καλεῖ.</span> 
     </span>
    </p>
   </div>
   <div class='ocr_carea' id='block_1_4' title="bbox 1530 403 2402 470">
    <p class='ocr_par' dir='ltr' id='par_1_4' title="bbox 1530 403 2402 470">
     <span class='ocr_line' id='line_1_4' title="bbox 1530 403 2402 470; baseline 0.003 -5"><span class='ocrx_word' id='word_1_19' title='bbox 1530 403 1947 466; x_wconf 79' lang='lat' dir='ltr'>NICEPHORI</span> <span class='ocrx_word' id='word_1_20' title='bbox 1983 407 2402 470; x_wconf 60' lang='lat' dir='ltr'>BLEMMIDJ!</span> 
     </span>
    </p>
   </div>
   <div class='ocr_carea' id='block_1_5' title="bbox 336 522 1985 600">
    <p class='ocr_par' dir='ltr' id='par_1_5' title="bbox 336 522 1985 600">
     <span class='ocr_line' id='line_1_5' title="bbox 336 522 1985 600; baseline -0.002 -20"><span class='ocrx_word' id='word_1_21' title='bbox 336 527 529 600; x_wconf 62' lang='grc' dir='ltr'>γῆςτὸ</span> <span class='ocrx_word' id='word_1_22' title='bbox 563 522 896 594; x_wconf 82' lang='grc' dir='ltr'>Εὐαγγέλιον</span> <span class='ocrx_word' id='word_1_23' title='bbox 935 524 1194 594; x_wconf 77' lang='grc' dir='ltr'>ἔφθασεν,</span> <span class='ocrx_word' id='word_1_24' title='bbox 1221 525 1332 578; x_wconf 79' lang='grc' dir='ltr'>ἀπδ</span> <span class='ocrx_word' id='word_1_25' title='bbox 1358 523 1451 579; x_wconf 89' lang='grc' dir='ltr'>τοῦ</span> <span class='ocrx_word' id='word_1_26' title='bbox 1484 526 1612 580; x_wconf 83' lang='grc' dir='ltr'>ὅλου</span> <span class='ocrx_word' id='word_1_27' title='bbox 1648 527 1706 579; x_wconf 87' lang='grc' dir='ltr'>τδ</span> <span class='ocrx_word' id='word_1_28' title='bbox 1741 525 1907 596; x_wconf 85' lang='grc' dir='ltr'>μέρος</span> <span class='ocrx_word' id='word_1_29' title='bbox 1935 539 1985 599; x_wconf 71' lang='grc' dir='ltr'>Α</span> 
     </span>
    </p>
   </div>
   <div class='ocr_carea' id='block_1_6' title="bbox 3456 401 3592 466">
    <p class='ocr_par' dir='ltr' id='par_1_6' title="bbox 3456 401 3592 466">
     <span class='ocr_line' id='line_1_6' title="bbox 3456 401 3592 466; baseline -0.022 0"><span class='ocrx_word' id='word_1_30' title='bbox 3456 404 3478 466; x_wconf 87' lang='grc'>1</span> <span class='ocrx_word' id='word_1_31' title='bbox 3493 401 3592 466; x_wconf 70' lang='grc'>428</span> 
     </span>
    </p>
   </div>
   <div class='ocr_carea' id='block_1_7' title="bbox 2562 527 3036 583">
    <p class='ocr_par' dir='ltr' id='par_1_7' title="bbox 2562 527 3036 583">
     <span class='ocr_line' id='line_1_7' title="bbox 2562 527 3036 583; baseline -0.002 -1"><span class='ocrx_word' id='word_1_32' title='bbox 2562 530 2710 583; x_wconf 72' lang='grc' dir='ltr'>ΨΑΛ</span> <span class='ocrx_word' id='word_1_33' title='bbox 2720 531 2857 582; x_wconf 68' lang='lat' dir='ltr'>MOE</span> <span class='ocrx_word' id='word_1_34' title='bbox 2909 527 3036 581; x_wconf 65' lang='grc' dir='ltr'>ΚΠ.</span> 
     </span>
    </p>
   </div>
   <div class='ocr_carea' id='block_1_8' title="bbox 2094 616 3598 693">
    <p class='ocr_par' dir='ltr' id='par_1_8' title="bbox 2094 616 3598 693">
     <span class='ocr_line' id='line_1_8' title="bbox 2094 616 3598 693; baseline -0.005 -18"><span class='ocrx_word' id='word_1_35' title='bbox 2094 641 2114 675; x_wconf 77' lang='grc' dir='ltr'>ι</span> <span class='ocrx_word' id='word_1_36' title='bbox 2154 622 2386 691; x_wconf 79' lang='grc' dir='ltr'>Ψαλμδς</span> <span class='ocrx_word' id='word_1_37' title='bbox 2412 623 2490 693; x_wconf 78' lang='grc' dir='ltr'>τῷ</span> <span class='ocrx_word' id='word_1_38' title='bbox 2515 624 2701 677; x_wconf 80' lang='grc' dir='ltr'>Δαυῖδ.</span> <span class='ocrx_word' id='word_1_39' title='bbox 2729 622 2937 690; x_wconf 79' lang='grc' dir='ltr'>Κύριος</span> <span class='ocrx_word' id='word_1_40' title='bbox 2975 618 3256 690; x_wconf 80' lang='grc' dir='ltr'>ποιμαίνει</span> <span class='ocrx_word' id='word_1_41' title='bbox 3290 636 3358 686; x_wconf 88' lang='grc' dir='ltr'>με</span> <span class='ocrx_word' id='word_1_42' title='bbox 3383 619 3477 670; x_wconf 74' lang='grc' dir='ltr'>καὶ</span> <span class='ocrx_word' id='word_1_43' title='bbox 3503 616 3598 670; x_wconf 78' lang='grc' dir='ltr'>οὐ·</span> 
     </span>
    </p>
   </div>
   <div class='ocr_carea' id='block_1_9' title="bbox 2016 711 3601 787">
    <p class='ocr_par' dir='ltr' id='par_1_9' title="bbox 2016 711 3601 787">
     <span class='ocr_line' id='line_1_9' title="bbox 2016 711 3601 787; baseline -0.005 -19"><span class='ocrx_word' id='word_1_44' title='bbox 2016 715 2103 768; x_wconf 85' lang='grc' dir='ltr'>δέν</span> <span class='ocrx_word' id='word_1_45' title='bbox 2140 732 2208 785; x_wconf 81' lang='grc' dir='ltr'>με</span> <span class='ocrx_word' id='word_1_46' title='bbox 2256 717 2572 787; x_wconf 83' lang='grc' dir='ltr'>ὐστερήσει.</span> <span class='ocrx_word' id='word_1_47' title='bbox 2615 735 2633 768; x_wconf 76' lang='grc' dir='ltr'>ι</span> <span class='ocrx_word' id='word_1_48' title='bbox 2670 746 2740 756; x_wconf 93' lang='grc'><strong><em>-</em></strong></span> <span class='ocrx_word' id='word_1_49' title='bbox 2764 715 2937 776; x_wconf 79' lang='grc' dir='ltr'>Αὐτὸς</span> <span class='ocrx_word' id='word_1_50' title='bbox 2967 715 3078 784; x_wconf 86' lang='grc' dir='ltr'>γὰρ</span> <span class='ocrx_word' id='word_1_51' title='bbox 3129 714 3189 765; x_wconf 81' lang='grc' dir='ltr'>ἐν</span> <span class='ocrx_word' id='word_1_52' title='bbox 3224 712 3301 780; x_wconf 80' lang='grc' dir='ltr'>τῷ</span> <span class='ocrx_word' id='word_1_53' title='bbox 3342 711 3601 777; x_wconf 68' lang='grc' dir='ltr'>Εὐαγγέ-</span> 
     </span>
    </p>
   </div>
   <div class='ocr_carea' id='block_1_10' title="bbox 341 801 3600 878">
    <p class='ocr_par' dir='ltr' id='par_1_10' title="bbox 341 801 3600 878">
     <span class='ocr_line' id='line_1_10' title="bbox 341 801 3600 878; baseline -0.002 -20"><span class='ocrx_word' id='word_1_54' title='bbox 341 809 512 876; x_wconf 79' lang='grc' dir='ltr'>Δῆλον</span> <span class='ocrx_word' id='word_1_55' title='bbox 543 807 597 860; x_wconf 78' lang='grc' dir='ltr'>δὲ</span> <span class='ocrx_word' id='word_1_56' title='bbox 636 807 719 858; x_wconf 85' lang='grc' dir='ltr'>ὅτι</span> <span class='ocrx_word' id='word_1_57' title='bbox 761 806 964 868; x_wconf 74' lang='grc' dir='ltr'>παντὸς</span> <span class='ocrx_word' id='word_1_58' title='bbox 1013 805 1202 868; x_wconf 74' lang='grc' dir='ltr'>ἔθνους</span> <span class='ocrx_word' id='word_1_59' title='bbox 1257 807 1544 873; x_wconf 74' lang='grc' dir='ltr'>συγγενεῖς</span> <span class='ocrx_word' id='word_1_60' title='bbox 1583 805 1914 858; x_wconf 87' lang='grc' dir='ltr'>ἐπίστευσαν</span> <span class='ocrx_word' id='word_1_61' title='bbox 2016 808 2116 878; x_wconf 87' lang='grc' dir='ltr'>λίῳ</span> <span class='ocrx_word' id='word_1_62' title='bbox 2147 808 2340 878; x_wconf 83' lang='grc' dir='ltr'>φησίν·</span> <span class='ocrx_word' id='word_1_63' title='bbox 2385 829 2404 860; x_wconf 74' lang='grc' dir='ltr'>ι</span> <span class='ocrx_word' id='word_1_64' title='bbox 2457 808 2600 876; x_wconf 83' lang='grc' dir='ltr'>Ἐγώ</span> <span class='ocrx_word' id='word_1_65' title='bbox 2629 810 2746 874; x_wconf 86' lang='grc' dir='ltr'>είμι</span> <span class='ocrx_word' id='word_1_66' title='bbox 2799 809 2828 859; x_wconf 98' lang='lat'>6</span> <span class='ocrx_word' id='word_1_67' title='bbox 2898 806 3106 876; x_wconf 77' lang='grc' dir='ltr'>ποιμὴν</span> <span class='ocrx_word' id='word_1_68' title='bbox 3136 807 3164 859; x_wconf 89' lang='lat'>6</span> <span class='ocrx_word' id='word_1_69' title='bbox 3217 803 3414 865; x_wconf 81' lang='grc' dir='ltr'>καλὸς⁸</span> <span class='ocrx_word' id='word_1_70' title='bbox 3455 821 3474 854; x_wconf 71' lang='grc' dir='ltr'>ι</span> <span class='ocrx_word' id='word_1_71' title='bbox 3518 801 3600 864; x_wconf 84' lang='grc' dir='ltr'>ὡς</span> 
     </span>
    </p>
   </div>
   <div class='ocr_carea' id='block_1_11' title="bbox 344 897 1916 968">
    <p class='ocr_par' dir='ltr' id='par_1_11' title="bbox 344 897 1916 968">
     <span class='ocr_line' id='line_1_11' title="bbox 344 897 1916 968; baseline 0 -15"><span class='ocrx_word' id='word_1_72' title='bbox 344 903 422 962; x_wconf 79' lang='grc' dir='ltr'>είς</span> <span class='ocrx_word' id='word_1_73' title='bbox 452 899 687 967; x_wconf 74' lang='grc' dir='ltr'>Χριστὸν</span> <span class='ocrx_word' id='word_1_74' title='bbox 719 899 815 952; x_wconf 80' lang='grc' dir='ltr'>καὶ</span> <span class='ocrx_word' id='word_1_75' title='bbox 858 897 927 951; x_wconf 87' lang='grc' dir='ltr'>δι’</span> <span class='ocrx_word' id='word_1_76' title='bbox 959 897 1127 952; x_wconf 88' lang='grc' dir='ltr'>αὐτοῦ</span> <span class='ocrx_word' id='word_1_77' title='bbox 1175 897 1599 968; x_wconf 79' lang='grc' dir='ltr'>προσεκύνησαν</span> <span class='ocrx_word' id='word_1_78' title='bbox 1662 898 1753 950; x_wconf 69' lang='grc' dir='ltr'>τὸν</span> <span class='ocrx_word' id='word_1_79' title='bbox 1801 899 1916 953; x_wconf 83' lang='grc' dir='ltr'>Πα-</span> 
     </span>
    </p>
   </div>
   <div class='ocr_carea' id='block_1_12' title="bbox 341 994 495 1066">
    <p class='ocr_par' dir='ltr' id='par_1_12' title="bbox 341 994 495 1066">
     <span class='ocr_line' id='line_1_12' title="bbox 341 994 495 1066; baseline 0.019 -21"><span class='ocrx_word' id='word_1_80' title='bbox 341 994 495 1066; x_wconf 86' lang='grc' dir='ltr'>τέρα.</span> 
     </span>
    </p>
   </div>
   <div class='ocr_carea' id='block_1_13' title="bbox 417 1081 1916 1154">
    <p class='ocr_par' dir='ltr' id='par_1_13' title="bbox 417 1081 1916 1154">
     <span class='ocr_line' id='line_1_13' title="bbox 417 1081 1916 1154; baseline 0 -20"><span class='ocrx_word' id='word_1_81' title='bbox 417 1102 435 1134; x_wconf 83' lang='grc' dir='ltr'>ι</span> <span class='ocrx_word' id='word_1_82' title='bbox 474 1083 599 1136; x_wconf 84' lang='grc' dir='ltr'>Ὅτι</span> <span class='ocrx_word' id='word_1_83' title='bbox 636 1081 729 1136; x_wconf 88' lang='grc' dir='ltr'>τοῦ</span> <span class='ocrx_word' id='word_1_84' title='bbox 765 1084 972 1154; x_wconf 77' lang='grc' dir='ltr'>Κυρίου</span> <span class='ocrx_word' id='word_1_85' title='bbox 1016 1084 1049 1150; x_wconf 90' lang='grc' dir='ltr'>ή</span> <span class='ocrx_word' id='word_1_86' title='bbox 1100 1083 1369 1152; x_wconf 87' lang='grc' dir='ltr'>βασιλεία,</span> <span class='ocrx_word' id='word_1_87' title='bbox 1403 1085 1497 1136; x_wconf 80' lang='grc' dir='ltr'>καὶ</span> <span class='ocrx_word' id='word_1_88' title='bbox 1526 1082 1688 1144; x_wconf 70' lang='grc' dir='ltr'>αὐτὸς</span> <span class='ocrx_word' id='word_1_89' title='bbox 1719 1081 1916 1134; x_wconf 80' lang='grc' dir='ltr'>δεσπόο</span> 
     </span>
    </p>
   </div>
   <div class='ocr_carea' id='block_1_14' title="bbox 343 1170 1920 1243">
    <p class='ocr_par' dir='ltr' id='par_1_14' title="bbox 343 1170 1920 1243">
     <span class='ocr_line' id='line_1_14' title="bbox 343 1170 1920 1243; baseline -0.001 -16"><span class='ocrx_word' id='word_1_90' title='bbox 343 1174 426 1238; x_wconf 80' lang='grc' dir='ltr'>ζει</span> <span class='ocrx_word' id='word_1_91' title='bbox 457 1175 568 1229; x_wconf 82' lang='grc' dir='ltr'>τῶν</span> <span class='ocrx_word' id='word_1_92' title='bbox 593 1175 782 1229; x_wconf 84' lang='grc' dir='ltr'>ἐθνῶν.</span> <span class='ocrx_word' id='word_1_93' title='bbox 821 1194 840 1226; x_wconf 85' lang='grc'><strong>›</strong></span> <span class='ocrx_word' id='word_1_94' title='bbox 874 1207 941 1216; x_wconf 88' lang='grc'><strong><em>-</em></strong></span> <span class='ocrx_word' id='word_1_95' title='bbox 971 1170 1140 1239; x_wconf 75' lang='grc' dir='ltr'>Οὗτός</span> <span class='ocrx_word' id='word_1_96' title='bbox 1180 1177 1296 1228; x_wconf 85' lang='grc' dir='ltr'>ἐστι</span> <span class='ocrx_word' id='word_1_97' title='bbox 1329 1176 1420 1227; x_wconf 72' lang='grc' dir='ltr'>καὶ</span> <span class='ocrx_word' id='word_1_98' title='bbox 1455 1174 1711 1243; x_wconf 78' lang='grc' dir='ltr'>βασιλεὺς</span> <span class='ocrx_word' id='word_1_99' title='bbox 1739 1173 1920 1226; x_wconf 84' lang='grc' dir='ltr'>αὐτῶν</span> 
     </span>
    </p>
   </div>
   <div class='ocr_carea' id='block_1_15' title="bbox 346 1261 1918 1336">
    <p class='ocr_par' dir='ltr' id='par_1_15' title="bbox 346 1261 1918 1336">
     <span class='ocr_line' id='line_1_15' title="bbox 346 1261 1918 1336; baseline -0.003 -17"><span class='ocrx_word' id='word_1_100' title='bbox 346 1266 440 1319; x_wconf 74' lang='grc' dir='ltr'>καὶ</span> <span class='ocrx_word' id='word_1_101' title='bbox 465 1267 758 1336; x_wconf 83' lang='grc' dir='ltr'>δεσπότης,</span> <span class='ocrx_word' id='word_1_102' title='bbox 816 1267 960 1320; x_wconf 88' lang='grc' dir='ltr'>κατά</span> <span class='ocrx_word' id='word_1_103' title='bbox 996 1266 1078 1332; x_wconf 75' lang='grc' dir='ltr'>τὸ,</span> <span class='ocrx_word' id='word_1_104' title='bbox 1119 1283 1136 1316; x_wconf 84' lang='grc' dir='ltr'>ι</span> <span class='ocrx_word' id='word_1_105' title='bbox 1172 1265 1278 1319; x_wconf 69' lang='grc' dir='ltr'>Καὶ</span> <span class='ocrx_word' id='word_1_106' title='bbox 1309 1265 1467 1319; x_wconf 77' lang='grc' dir='ltr'>δώσω</span> <span class='ocrx_word' id='word_1_107' title='bbox 1528 1281 1610 1316; x_wconf 91' lang='grc' dir='ltr'>σοι</span> <span class='ocrx_word' id='word_1_108' title='bbox 1662 1263 1790 1333; x_wconf 75' lang='grc' dir='ltr'>ἔθνη</span> <span class='ocrx_word' id='word_1_109' title='bbox 1819 1261 1918 1333; x_wconf 81' lang='grc' dir='ltr'>τὴν</span> 
     </span>
    </p>
   </div>
   <div class='ocr_carea' id='block_1_16' title="bbox 345 1355 1918 1429">
    <p class='ocr_par' dir='ltr' id='par_1_16' title="bbox 345 1355 1918 1429">
     <span class='ocr_line' id='line_1_16' title="bbox 345 1355 1918 1429; baseline -0.003 -17"><span class='ocrx_word' id='word_1_110' title='bbox 345 1358 715 1429; x_wconf 78' lang='grc' dir='ltr'>κληρονομίαν</span> <span class='ocrx_word' id='word_1_111' title='bbox 745 1376 839 1412; x_wconf 90' lang='grc' dir='ltr'>σου</span> <span class='ocrx_word' id='word_1_112' title='bbox 873 1361 965 1414; x_wconf 73' lang='grc' dir='ltr'>καὶ</span> <span class='ocrx_word' id='word_1_113' title='bbox 990 1359 1091 1428; x_wconf 80' lang='grc' dir='ltr'>τὴν</span> <span class='ocrx_word' id='word_1_114' title='bbox 1122 1357 1454 1427; x_wconf 69' lang='grc' dir='ltr'>κατάσχεσιν</span> <span class='ocrx_word' id='word_1_115' title='bbox 1482 1375 1578 1411; x_wconf 89' lang='grc' dir='ltr'>σου</span> <span class='ocrx_word' id='word_1_116' title='bbox 1605 1357 1674 1411; x_wconf 87' lang='grc' dir='ltr'>τά</span> <span class='ocrx_word' id='word_1_117' title='bbox 1704 1355 1918 1424; x_wconf 89' lang='grc' dir='ltr'>πέρατα</span> 
     </span>
    </p>
   </div>
   <div class='ocr_carea' id='block_1_17' title="bbox 345 1433 1919 1521">
    <p class='ocr_par' dir='ltr' id='par_1_17' title="bbox 345 1433 1919 1521">
     <span class='ocr_line' id='line_1_17' title="bbox 345 1433 1919 1521; baseline -0.001 -19"><span class='ocrx_word' id='word_1_118' title='bbox 345 1451 444 1520; x_wconf 82' lang='grc' dir='ltr'>τῆς</span> <span class='ocrx_word' id='word_1_119' title='bbox 489 1451 625 1521; x_wconf 80' lang='grc' dir='ltr'>γῆς’</span> <span class='ocrx_word' id='word_1_120' title='bbox 665 1470 686 1504; x_wconf 73' lang='grc' dir='ltr'>ι</span> <span class='ocrx_word' id='word_1_121' title='bbox 721 1452 816 1505; x_wconf 78' lang='grc' dir='ltr'>καὶ</span> <span class='ocrx_word' id='word_1_122' title='bbox 870 1451 959 1506; x_wconf 77' lang='grc' dir='ltr'>διὰ</span> <span class='ocrx_word' id='word_1_123' title='bbox 998 1451 1162 1504; x_wconf 84' lang='grc' dir='ltr'>τοῦτο</span> <span class='ocrx_word' id='word_1_124' title='bbox 1228 1433 1705 1520; x_wconf 83' lang='grc' dir='ltr'>προσκυνήσουσιν</span> <span class='ocrx_word' id='word_1_125' title='bbox 1756 1449 1919 1502; x_wconf 80' lang='grc' dir='ltr'>αὐτὸν</span> 
     </span>
    </p>
   </div>
   <div class='ocr_carea' id='block_1_18' title="bbox 343 1542 1682 1615">
    <p class='ocr_par' dir='ltr' id='par_1_18' title="bbox 343 1542 1682 1615">
     <span class='ocr_line' id='line_1_18' title="bbox 343 1542 1682 1615; baseline 0.001 -20"><span class='ocrx_word' id='word_1_126' title='bbox 343 1544 442 1611; x_wconf 82' lang='grc' dir='ltr'>τῆς</span> <span class='ocrx_word' id='word_1_127' title='bbox 482 1545 796 1614; x_wconf 78' lang='grc' dir='ltr'>διαϐολικῆς</span> <span class='ocrx_word' id='word_1_128' title='bbox 827 1544 1148 1615; x_wconf 77' lang='grc' dir='ltr'>τυραννίδος</span> <span class='ocrx_word' id='word_1_129' title='bbox 1190 1542 1682 1611; x_wconf 86' lang='grc' dir='ltr'>ἐλευθερωθέντες.</span> 
     </span>
    </p>
   </div>
   <div class='ocr_carea' id='block_1_19' title="bbox 421 1632 1922 1707">
    <p class='ocr_par' dir='ltr' id='par_1_19' title="bbox 421 1632 1922 1707">
     <span class='ocr_line' id='line_1_19' title="bbox 421 1632 1922 1707; baseline -0.001 -21"><span class='ocrx_word' id='word_1_130' title='bbox 421 1657 441 1686; x_wconf 78' lang='grc' dir='ltr'>ι</span> <span class='ocrx_word' id='word_1_131' title='bbox 480 1638 725 1704; x_wconf 84' lang='grc' dir='ltr'>Ἕφαγον</span> <span class='ocrx_word' id='word_1_132' title='bbox 763 1637 857 1689; x_wconf 82' lang='grc' dir='ltr'>καὶ</span> <span class='ocrx_word' id='word_1_133' title='bbox 920 1636 1345 1707; x_wconf 83' lang='grc' dir='ltr'>προσεκύνησαν</span> <span class='ocrx_word' id='word_1_134' title='bbox 1381 1635 1583 1697; x_wconf 83' lang='grc' dir='ltr'>πάντες</span> <span class='ocrx_word' id='word_1_135' title='bbox 1629 1633 1680 1686; x_wconf 89' lang='grc' dir='ltr'>οί</span> <span class='ocrx_word' id='word_1_136' title='bbox 1736 1632 1922 1694; x_wconf 87' lang='grc' dir='ltr'>πίονες</span> 
     </span>
    </p>
   </div>
   <div class='ocr_carea' id='block_1_20' title="bbox 344 1726 1924 1800">
    <p class='ocr_par' dir='ltr' id='par_1_20' title="bbox 344 1726 1924 1800">
     <span class='ocr_line' id='line_1_20' title="bbox 344 1726 1924 1800; baseline -0.002 -18"><span class='ocrx_word' id='word_1_137' title='bbox 344 1728 444 1799; x_wconf 80' lang='grc' dir='ltr'>τῆς</span> <span class='ocrx_word' id='word_1_138' title='bbox 479 1731 604 1799; x_wconf 86' lang='grc' dir='ltr'>γῆς.</span> <span class='ocrx_word' id='word_1_139' title='bbox 642 1749 660 1782; x_wconf 76' lang='grc' dir='ltr'>ι</span> <span class='ocrx_word' id='word_1_140' title='bbox 696 1761 766 1770; x_wconf 91' lang='grc'><strong><em>-</em></strong></span> <span class='ocrx_word' id='word_1_141' title='bbox 797 1731 1020 1796; x_wconf 74' lang='grc' dir='ltr'>Πίονας</span> <span class='ocrx_word' id='word_1_142' title='bbox 1062 1731 1209 1800; x_wconf 78' lang='grc' dir='ltr'>τοὺς</span> <span class='ocrx_word' id='word_1_143' title='bbox 1237 1729 1528 1792; x_wconf 87' lang='grc' dir='ltr'>πλουσίους</span> <span class='ocrx_word' id='word_1_144' title='bbox 1584 1727 1760 1795; x_wconf 80' lang='grc' dir='ltr'>λέγει,</span> <span class='ocrx_word' id='word_1_145' title='bbox 1793 1726 1924 1790; x_wconf 78' lang='grc' dir='ltr'>τοὺς</span> 
     </span>
    </p>
   </div>
   <div class='ocr_carea' id='block_1_21' title="bbox 345 1819 1922 1892">
    <p class='ocr_par' dir='ltr' id='par_1_21' title="bbox 345 1819 1922 1892">
     <span class='ocr_line' id='line_1_21' title="bbox 345 1819 1922 1892; baseline -0.002 -19"><span class='ocrx_word' id='word_1_146' title='bbox 345 1822 759 1892; x_wconf 77' lang='grc' dir='ltr'>πλουτήσαντας</span> <span class='ocrx_word' id='word_1_147' title='bbox 803 1824 902 1892; x_wconf 80' lang='grc' dir='ltr'>τήν</span> <span class='ocrx_word' id='word_1_148' title='bbox 933 1822 1254 1876; x_wconf 87' lang='grc' dir='ltr'>εὐσέϐειαν·</span> <span class='ocrx_word' id='word_1_149' title='bbox 1295 1821 1344 1876; x_wconf 80' lang='grc' dir='ltr'>οἳ</span> <span class='ocrx_word' id='word_1_150' title='bbox 1384 1823 1649 1892; x_wconf 87' lang='grc' dir='ltr'>πρότερον</span> <span class='ocrx_word' id='word_1_151' title='bbox 1690 1819 1922 1890; x_wconf 85' lang='grc' dir='ltr'>πένητες</span> 
     </span>
    </p>
   </div>
   <div class='ocr_carea' id='block_1_22' title="bbox 349 1912 1097 1988">
    <p class='ocr_par' dir='ltr' id='par_1_22' title="bbox 349 1912 1097 1988">
     <span class='ocr_line' id='line_1_22' title="bbox 349 1912 1097 1988; baseline 0.001 -19"><span class='ocrx_word' id='word_1_152' title='bbox 349 1912 509 1988; x_wconf 80' lang='grc' dir='ltr'>ἦσαν,</span> <span class='ocrx_word' id='word_1_153' title='bbox 542 1915 617 1978; x_wconf 88' lang='grc' dir='ltr'>ὡς</span> <span class='ocrx_word' id='word_1_154' title='bbox 652 1916 1097 1986; x_wconf 72' lang='grc' dir='ltr'>προειρήκαμεν.</span> 
     </span>
    </p>
   </div>
   <div class='ocr_carea' id='block_1_23' title="bbox 426 2002 1918 2076">
    <p class='ocr_par' dir='ltr' id='par_1_23' title="bbox 426 2002 1918 2076">
     <span class='ocr_line' id='line_1_23' title="bbox 426 2002 1918 2076; baseline -0.003 -18"><span class='ocrx_word' id='word_1_155' title='bbox 426 2025 446 2058; x_wconf 82' lang='grc' dir='ltr'>ι</span> <span class='ocrx_word' id='word_1_156' title='bbox 493 2007 754 2060; x_wconf 85' lang='grc' dir='ltr'>Ἐνώπιον</span> <span class='ocrx_word' id='word_1_157' title='bbox 778 2006 942 2060; x_wconf 88' lang='grc' dir='ltr'>αὐτοῦ</span> <span class='ocrx_word' id='word_1_158' title='bbox 975 2005 1387 2076; x_wconf 82' lang='grc' dir='ltr'>προπεσοῦνται</span> <span class='ocrx_word' id='word_1_159' title='bbox 1421 2004 1625 2067; x_wconf 88' lang='grc' dir='ltr'>πάντες</span> <span class='ocrx_word' id='word_1_160' title='bbox 1661 2002 1710 2055; x_wconf 80' lang='grc' dir='ltr'>οἱ</span> <span class='ocrx_word' id='word_1_161' title='bbox 1746 2018 1918 2055; x_wconf 67' lang='grc' dir='ltr'>καταα</span> 
     </span>
    </p>
   </div>
   <div class='ocr_carea' id='block_1_24' title="bbox 343 2094 1920 2168">
    <p class='ocr_par' dir='ltr' id='par_1_24' title="bbox 343 2094 1920 2168">
     <span class='ocr_line' id='line_1_24' title="bbox 343 2094 1920 2168; baseline -0.002 -18"><span class='ocrx_word' id='word_1_162' title='bbox 343 2097 624 2162; x_wconf 84' lang='grc' dir='ltr'>ϐαίνοντες</span> <span class='ocrx_word' id='word_1_163' title='bbox 655 2102 736 2162; x_wconf 83' lang='grc' dir='ltr'>είς</span> <span class='ocrx_word' id='word_1_164' title='bbox 767 2101 890 2168; x_wconf 84' lang='grc' dir='ltr'>γῆν.</span> <span class='ocrx_word' id='word_1_165' title='bbox 931 2118 950 2150; x_wconf 72' lang='grc' dir='ltr'>ι</span> <span class='ocrx_word' id='word_1_166' title='bbox 983 2129 1050 2139; x_wconf 91' lang='lat'>-—</span> <span class='ocrx_word' id='word_1_167' title='bbox 1084 2099 1563 2167; x_wconf 84' lang='grc' dir='ltr'>Προσκυνήσουσιν</span> <span class='ocrx_word' id='word_1_168' title='bbox 1589 2095 1754 2147; x_wconf 79' lang='grc' dir='ltr'>αὐτὸν</span> <span class='ocrx_word' id='word_1_169' title='bbox 1784 2094 1920 2148; x_wconf 71' lang='grc' dir='ltr'>πάν-</span> 
     </span>
    </p>
   </div>
   <div class='ocr_carea' id='block_1_25' title="bbox 343 2186 1918 2262">
    <p class='ocr_par' dir='ltr' id='par_1_25' title="bbox 343 2186 1918 2262">
     <span class='ocr_line' id='line_1_25' title="bbox 343 2186 1918 2262; baseline -0.001 -18"><span class='ocrx_word' id='word_1_170' title='bbox 343 2207 436 2253; x_wconf 85' lang='grc' dir='ltr'>τες</span> <span class='ocrx_word' id='word_1_171' title='bbox 463 2193 511 2244; x_wconf 87' lang='grc' dir='ltr'>οί</span> <span class='ocrx_word' id='word_1_172' title='bbox 557 2190 994 2262; x_wconf 78' lang='grc' dir='ltr'>ἀποθνήσκοντες</span> <span class='ocrx_word' id='word_1_173' title='bbox 1041 2190 1138 2244; x_wconf 79' lang='grc' dir='ltr'>καὶ</span> <span class='ocrx_word' id='word_1_174' title='bbox 1203 2192 1286 2254; x_wconf 88' lang='grc' dir='ltr'>είς</span> <span class='ocrx_word' id='word_1_175' title='bbox 1341 2189 1449 2259; x_wconf 82' lang='grc' dir='ltr'>γῆν</span> <span class='ocrx_word' id='word_1_176' title='bbox 1515 2186 1918 2257; x_wconf 85' lang='grc' dir='ltr'>ἀναλυόμενοι’</span> 
     </span>
    </p>
   </div>
   <div class='ocr_carea' id='block_1_26' title="bbox 352 2278 1922 2353">
    <p class='ocr_par' dir='ltr' id='par_1_26' title="bbox 352 2278 1922 2353">
     <span class='ocr_line' id='line_1_26' title="bbox 352 2278 1922 2353; baseline -0.002 -20"><span class='ocrx_word' id='word_1_177' title='bbox 352 2283 491 2350; x_wconf 84' lang='grc' dir='ltr'>μετὰ</span> <span class='ocrx_word' id='word_1_178' title='bbox 525 2282 633 2353; x_wconf 82' lang='grc' dir='ltr'>γὰρ</span> <span class='ocrx_word' id='word_1_179' title='bbox 687 2282 786 2351; x_wconf 78' lang='grc' dir='ltr'>τήν</span> <span class='ocrx_word' id='word_1_180' title='bbox 815 2280 1006 2352; x_wconf 86' lang='grc' dir='ltr'>κοινήν</span> <span class='ocrx_word' id='word_1_181' title='bbox 1058 2281 1361 2335; x_wconf 79' lang='grc' dir='ltr'>ἀνάστασιν</span> <span class='ocrx_word' id='word_1_182' title='bbox 1411 2279 1560 2350; x_wconf 88' lang='grc' dir='ltr'>αὐτῷ</span> <span class='ocrx_word' id='word_1_183' title='bbox 1614 2281 1723 2333; x_wconf 81' lang='grc' dir='ltr'>πᾶν</span> <span class='ocrx_word' id='word_1_184' title='bbox 1792 2278 1922 2345; x_wconf 84' lang='grc' dir='ltr'>γόνυ</span> 
     </span>
    </p>
   </div>
   <div class='ocr_carea' id='block_1_27' title="bbox 350 2370 1922 2444">
    <p class='ocr_par' dir='ltr' id='par_1_27' title="bbox 350 2370 1922 2444">
     <span class='ocr_line' id='line_1_27' title="bbox 350 2370 1922 2444; baseline 0.001 -22"><span class='ocrx_word' id='word_1_185' title='bbox 350 2370 559 2441; x_wconf 75' lang='grc' dir='ltr'>κάμψει</span> <span class='ocrx_word' id='word_1_186' title='bbox 616 2373 758 2427; x_wconf 86' lang='grc' dir='ltr'>κατά</span> <span class='ocrx_word' id='word_1_187' title='bbox 811 2372 904 2426; x_wconf 78' lang='grc' dir='ltr'>τὸν</span> <span class='ocrx_word' id='word_1_188' title='bbox 945 2373 1296 2435; x_wconf 82' lang='grc' dir='ltr'>Ἀπόστολον,</span> <span class='ocrx_word' id='word_1_189' title='bbox 1339 2377 1434 2430; x_wconf 77' lang='grc' dir='ltr'>καὶ</span> <span class='ocrx_word' id='word_1_190' title='bbox 1464 2376 1516 2427; x_wconf 86' lang='grc' dir='ltr'>οἱ</span> <span class='ocrx_word' id='word_1_191' title='bbox 1555 2372 1652 2444; x_wconf 81' lang='grc' dir='ltr'>μὲν</span> <span class='ocrx_word' id='word_1_192' title='bbox 1703 2371 1922 2434; x_wconf 81' lang='grc' dir='ltr'>ἑκόντες</span> 
     </span>
    </p>
   </div>
   <div class='ocr_carea' id='block_1_28' title="bbox 349 2466 1429 2540">
    <p class='ocr_par' dir='ltr' id='par_1_28' title="bbox 349 2466 1429 2540">
     <span class='ocr_line' id='line_1_28' title="bbox 349 2466 1429 2540; baseline 0.006 -23"><span class='ocrx_word' id='word_1_193' title='bbox 349 2467 442 2517; x_wconf 84' lang='grc' dir='ltr'>καὶ</span> <span class='ocrx_word' id='word_1_194' title='bbox 477 2466 627 2536; x_wconf 86' lang='grc' dir='ltr'>πόθῳ</span> <span class='ocrx_word' id='word_1_195' title='bbox 652 2507 666 2530; x_wconf 94' lang='grc'>,</span> <span class='ocrx_word' id='word_1_196' title='bbox 699 2468 749 2519; x_wconf 86' lang='grc' dir='ltr'>οἱ</span> <span class='ocrx_word' id='word_1_197' title='bbox 779 2467 838 2520; x_wconf 73' lang='grc' dir='ltr'>δέ</span> <span class='ocrx_word' id='word_1_198' title='bbox 869 2467 1098 2528; x_wconf 69' lang='grc' dir='ltr'>ἄκοντες</span> <span class='ocrx_word' id='word_1_199' title='bbox 1128 2471 1222 2522; x_wconf 72' lang='grc' dir='ltr'>καὶ</span> <span class='ocrx_word' id='word_1_200' title='bbox 1257 2468 1429 2540; x_wconf 82' lang='grc' dir='ltr'>φόϐῳ.</span> 
     </span>
    </p>
   </div>
   <div class='ocr_carea' id='block_1_29' title="bbox 425 2559 1924 2632">
    <p class='ocr_par' dir='ltr' id='par_1_29' title="bbox 425 2559 1924 2632">
     <span class='ocr_line' id='line_1_29' title="bbox 425 2559 1924 2632; baseline 0.002 -23"><span class='ocrx_word' id='word_1_201' title='bbox 425 2577 444 2608; x_wconf 80' lang='grc' dir='ltr'>ι</span> <span class='ocrx_word' id='word_1_202' title='bbox 487 2559 597 2611; x_wconf 76' lang='grc' dir='ltr'>Καὶ</span> <span class='ocrx_word' id='word_1_203' title='bbox 629 2561 661 2627; x_wconf 91' lang='grc' dir='ltr'>ή</span> <span class='ocrx_word' id='word_1_204' title='bbox 696 2560 845 2630; x_wconf 78' lang='grc' dir='ltr'>ψυχή</span> <span class='ocrx_word' id='word_1_205' title='bbox 890 2579 988 2630; x_wconf 85' lang='grc' dir='ltr'>μου</span> <span class='ocrx_word' id='word_1_206' title='bbox 1031 2561 1182 2632; x_wconf 78' lang='grc' dir='ltr'>αὐτῷ</span> <span class='ocrx_word' id='word_1_207' title='bbox 1218 2562 1309 2631; x_wconf 77' lang='grc' dir='ltr'>ζῇ.</span> <span class='ocrx_word' id='word_1_208' title='bbox 1351 2580 1371 2614; x_wconf 74' lang='grc' dir='ltr'>ι</span> <span class='ocrx_word' id='word_1_209' title='bbox 1399 2591 1468 2601; x_wconf 92' lang='lat'>—-</span> <span class='ocrx_word' id='word_1_210' title='bbox 1501 2561 1673 2622; x_wconf 83' lang='grc' dir='ltr'>Αὐτός</span> <span class='ocrx_word' id='word_1_211' title='bbox 1704 2562 1853 2614; x_wconf 85' lang='grc' dir='ltr'>ἐστιν</span> <span class='ocrx_word' id='word_1_212' title='bbox 1895 2560 1924 2612; x_wconf 90' lang='lat'>6</span> 
     </span>
    </p>
   </div>
   <div class='ocr_carea' id='block_1_30' title="bbox 348 2650 1923 2724">
    <p class='ocr_par' dir='ltr' id='par_1_30' title="bbox 348 2650 1923 2724">
     <span class='ocr_line' id='line_1_30' title="bbox 348 2650 1923 2724; baseline 0.001 -22"><span class='ocrx_word' id='word_1_213' title='bbox 348 2650 553 2720; x_wconf 89' lang='grc' dir='ltr'>ταύτην</span> <span class='ocrx_word' id='word_1_214' title='bbox 604 2652 782 2716; x_wconf 78' lang='grc' dir='ltr'>ζωῶν,</span> <span class='ocrx_word' id='word_1_215' title='bbox 845 2653 1047 2724; x_wconf 76' lang='grc' dir='ltr'>καὶμὴ</span> <span class='ocrx_word' id='word_1_216' title='bbox 1084 2654 1188 2707; x_wconf 84' lang='grc' dir='ltr'>ἐῶν</span> <span class='ocrx_word' id='word_1_217' title='bbox 1239 2654 1616 2724; x_wconf 82' lang='grc' dir='ltr'>ἀποθνήσκειν</span> <span class='ocrx_word' id='word_1_218' title='bbox 1660 2651 1768 2706; x_wconf 75' lang='grc' dir='ltr'>ὑπὸ</span> <span class='ocrx_word' id='word_1_219' title='bbox 1823 2651 1923 2720; x_wconf 81' lang='grc' dir='ltr'>τῆς</span> 
     </span>
    </p>
   </div>
   <div class='ocr_carea' id='block_1_31' title="bbox 347 2741 1926 2814">
    <p class='ocr_par' dir='ltr' id='par_1_31' title="bbox 347 2741 1926 2814">
     <span class='ocr_line' id='line_1_31' title="bbox 347 2741 1926 2814; baseline 0.001 -17"><span class='ocrx_word' id='word_1_220' title='bbox 347 2743 651 2813; x_wconf 78' lang='grc' dir='ltr'>ἁμαρτίας.</span> <span class='ocrx_word' id='word_1_221' title='bbox 688 2741 862 2798; x_wconf 85' lang='grc' dir='ltr'>Τοῦτο</span> <span class='ocrx_word' id='word_1_222' title='bbox 885 2743 942 2798; x_wconf 83' lang='grc' dir='ltr'>δέ</span> <span class='ocrx_word' id='word_1_223' title='bbox 982 2746 1082 2798; x_wconf 75' lang='grc' dir='ltr'>καὶ</span> <span class='ocrx_word' id='word_1_224' title='bbox 1107 2746 1202 2799; x_wconf 69' lang='grc' dir='ltr'>ἐπὶ</span> <span class='ocrx_word' id='word_1_225' title='bbox 1230 2744 1323 2798; x_wconf 89' lang='grc' dir='ltr'>τοῦ</span> <span class='ocrx_word' id='word_1_226' title='bbox 1362 2746 1681 2814; x_wconf 84' lang='grc' dir='ltr'>Πνεύματος</span> <span class='ocrx_word' id='word_1_227' title='bbox 1720 2747 1926 2798; x_wconf 82' lang='grc' dir='ltr'>νοεῖται</span> 
     </span>
    </p>
   </div>
   <div class='ocr_carea' id='block_1_32' title="bbox 350 2833 1924 2910">
    <p class='ocr_par' dir='ltr' id='par_1_32' title="bbox 350 2833 1924 2910">
     <span class='ocr_line' id='line_1_32' title="bbox 350 2833 1924 2910; baseline 0.003 -24"><span class='ocrx_word' id='word_1_228' title='bbox 350 2833 446 2888; x_wconf 66' lang='grc' dir='ltr'>καὶ</span> <span class='ocrx_word' id='word_1_229' title='bbox 498 2835 590 2887; x_wconf 73' lang='grc' dir='ltr'>ἐπὶ</span> <span class='ocrx_word' id='word_1_230' title='bbox 633 2834 728 2888; x_wconf 89' lang='grc' dir='ltr'>τοῦ</span> <span class='ocrx_word' id='word_1_231' title='bbox 789 2835 956 2890; x_wconf 84' lang='grc' dir='ltr'>Υίοῦ⁸</span> <span class='ocrx_word' id='word_1_232' title='bbox 989 2837 1086 2892; x_wconf 74' lang='grc' dir='ltr'>καὶ</span> <span class='ocrx_word' id='word_1_233' title='bbox 1151 2838 1334 2901; x_wconf 76' lang='grc' dir='ltr'>ἄλλως</span> <span class='ocrx_word' id='word_1_234' title='bbox 1384 2838 1465 2904; x_wconf 89' lang='grc' dir='ltr'>δέ,</span> <span class='ocrx_word' id='word_1_235' title='bbox 1505 2858 1523 2890; x_wconf 81' lang='grc' dir='ltr'>ι</span> <span class='ocrx_word' id='word_1_236' title='bbox 1569 2841 1644 2910; x_wconf 79' lang='grc' dir='ltr'>Ζῇ</span> <span class='ocrx_word' id='word_1_237' title='bbox 1674 2839 1753 2909; x_wconf 85' lang='grc' dir='ltr'>τῷ</span> <span class='ocrx_word' id='word_1_238' title='bbox 1782 2838 1924 2909; x_wconf 85' lang='grc' dir='ltr'>Θεῷ,</span> 
     </span>
    </p>
   </div>
   <div class='ocr_carea' id='block_1_33' title="bbox 350 2926 1923 3002">
    <p class='ocr_par' dir='ltr' id='par_1_33' title="bbox 350 2926 1923 3002">
     <span class='ocr_line' id='line_1_33' title="bbox 350 2926 1923 3002; baseline 0.004 -23"><span class='ocrx_word' id='word_1_239' title='bbox 350 2927 540 2995; x_wconf 70' lang='grc' dir='ltr'>φησὶν,</span> <span class='ocrx_word' id='word_1_240' title='bbox 570 2930 602 2999; x_wconf 83' lang='grc' dir='ltr'>ή</span> <span class='ocrx_word' id='word_1_241' title='bbox 641 2928 789 2999; x_wconf 81' lang='grc' dir='ltr'>ψυχή</span> <span class='ocrx_word' id='word_1_242' title='bbox 822 2946 949 2999; x_wconf 90' lang='grc' dir='ltr'>μου,</span> <span class='ocrx_word' id='word_1_243' title='bbox 991 2949 1008 2982; x_wconf 73' lang='grc' dir='ltr'>ι</span> <span class='ocrx_word' id='word_1_244' title='bbox 1037 2930 1114 2992; x_wconf 85' lang='grc' dir='ltr'>ὡς</span> <span class='ocrx_word' id='word_1_245' title='bbox 1136 2931 1359 2999; x_wconf 79' lang='grc' dir='ltr'>ἐνεργὸς</span> <span class='ocrx_word' id='word_1_246' title='bbox 1387 2926 1522 2984; x_wconf 79' lang='grc' dir='ltr'>οὖσα</span> <span class='ocrx_word' id='word_1_247' title='bbox 1556 2931 1692 3002; x_wconf 81' lang='grc' dir='ltr'>πρὸς</span> <span class='ocrx_word' id='word_1_248' title='bbox 1721 2931 1885 2986; x_wconf 87' lang='grc' dir='ltr'>αὐτόν</span> <span class='ocrx_word' id='word_1_249' title='bbox 1909 2947 1923 2961; x_wconf 89' lang='grc'>⁸</span> 
     </span>
    </p>
   </div>
   <div class='ocr_carea' id='block_1_34' title="bbox 350 3017 1925 3094">
    <p class='ocr_par' dir='ltr' id='par_1_34' title="bbox 350 3017 1925 3094">
     <span class='ocr_line' id='line_1_34' title="bbox 350 3017 1925 3094; baseline 0.003 -23"><span class='ocrx_word' id='word_1_250' title='bbox 350 3017 540 3090; x_wconf 81' lang='grc' dir='ltr'>ῶσπερ</span> <span class='ocrx_word' id='word_1_251' title='bbox 575 3020 640 3074; x_wconf 75' lang='grc' dir='ltr'>ἐκ</span> <span class='ocrx_word' id='word_1_252' title='bbox 674 3019 770 3074; x_wconf 89' lang='grc' dir='ltr'>τοῦ</span> <span class='ocrx_word' id='word_1_253' title='bbox 798 3022 1044 3076; x_wconf 80' lang='grc' dir='ltr'>ἐναντίου</span> <span class='ocrx_word' id='word_1_254' title='bbox 1069 3021 1301 3094; x_wconf 84' lang='grc' dir='ltr'>τέθνηκε</span> <span class='ocrx_word' id='word_1_255' title='bbox 1348 3023 1424 3094; x_wconf 84' lang='grc' dir='ltr'>τῷ</span> <span class='ocrx_word' id='word_1_256' title='bbox 1448 3024 1665 3094; x_wconf 83' lang='grc' dir='ltr'>δαίμονι</span> <span class='ocrx_word' id='word_1_257' title='bbox 1696 3024 1770 3087; x_wconf 82' lang='grc' dir='ltr'>ὡς</span> <span class='ocrx_word' id='word_1_258' title='bbox 1801 3025 1925 3078; x_wconf 78' lang='grc' dir='ltr'>ἀκι-</span> 
     </span>
    </p>
   </div>
   <div class='ocr_carea' id='block_1_35' title="bbox 349 3111 1448 3183">
    <p class='ocr_par' dir='ltr' id='par_1_35' title="bbox 349 3111 1448 3183">
     <span class='ocr_line' id='line_1_35' title="bbox 349 3111 1448 3183; baseline 0.006 -21"><span class='ocrx_word' id='word_1_259' title='bbox 349 3111 590 3180; x_wconf 83' lang='grc' dir='ltr'>νητοῦσα</span> <span class='ocrx_word' id='word_1_260' title='bbox 620 3112 760 3182; x_wconf 69' lang='grc' dir='ltr'>πρὸς</span> <span class='ocrx_word' id='word_1_261' title='bbox 787 3113 889 3178; x_wconf 86' lang='grc' dir='ltr'>τὰς</span> <span class='ocrx_word' id='word_1_262' title='bbox 931 3113 1221 3183; x_wconf 79' lang='grc' dir='ltr'>ὑποθήκας</span> <span class='ocrx_word' id='word_1_263' title='bbox 1258 3114 1448 3170; x_wconf 86' lang='grc' dir='ltr'>αὐτοῦ.</span> 
     </span>
    </p>
   </div>
   <div class='ocr_carea' id='block_1_36' title="bbox 427 3203 1929 3277">
    <p class='ocr_par' dir='ltr' id='par_1_36' title="bbox 427 3203 1929 3277">
     <span class='ocr_line' id='line_1_36' title="bbox 427 3203 1929 3277; baseline 0.006 -24"><span class='ocrx_word' id='word_1_264' title='bbox 427 3221 444 3253; x_wconf 81' lang='grc' dir='ltr'>ι</span> <span class='ocrx_word' id='word_1_265' title='bbox 489 3203 596 3256; x_wconf 75' lang='grc' dir='ltr'>Καὶ</span> <span class='ocrx_word' id='word_1_266' title='bbox 619 3203 680 3258; x_wconf 84' lang='grc' dir='ltr'>τὺ</span> <span class='ocrx_word' id='word_1_267' title='bbox 707 3203 927 3273; x_wconf 88' lang='grc' dir='ltr'>σπέρμα</span> <span class='ocrx_word' id='word_1_268' title='bbox 961 3220 1061 3271; x_wconf 84' lang='grc' dir='ltr'>μου</span> <span class='ocrx_word' id='word_1_269' title='bbox 1089 3203 1370 3257; x_wconf 80' lang='grc' dir='ltr'>δουλεύσει</span> <span class='ocrx_word' id='word_1_270' title='bbox 1403 3206 1572 3276; x_wconf 85' lang='grc' dir='ltr'>αὐτῷ.</span> <span class='ocrx_word' id='word_1_271' title='bbox 1609 3225 1626 3257; x_wconf 74' lang='grc' dir='ltr'>ι</span> <span class='ocrx_word' id='word_1_272' title='bbox 1668 3208 1929 3277; x_wconf 83' lang='grc' dir='ltr'>-Σπέρ-</span> 
     </span>
    </p>
   </div>
   <div class='ocr_carea' id='block_1_37' title="bbox 299 3295 1924 3370">
    <p class='ocr_par' dir='ltr' id='par_1_37' title="bbox 299 3295 1924 3370">
     <span class='ocr_line' id='line_1_37' title="bbox 299 3295 1924 3370; baseline 0.004 -24"><span class='ocrx_word' id='word_1_273' title='bbox 299 3355 304 3358; x_wconf 94' lang='lat'>_</span> <span class='ocrx_word' id='word_1_274' title='bbox 352 3311 428 3363; x_wconf 83' lang='grc' dir='ltr'>μα</span> <span class='ocrx_word' id='word_1_275' title='bbox 467 3295 704 3363; x_wconf 82' lang='grc' dir='ltr'>Χριστοῦ</span> <span class='ocrx_word' id='word_1_276' title='bbox 741 3295 863 3370; x_wconf 74' lang='grc' dir='ltr'>ήτοι</span> <span class='ocrx_word' id='word_1_277' title='bbox 916 3295 1079 3348; x_wconf 87' lang='grc' dir='ltr'>τέκνα</span> <span class='ocrx_word' id='word_1_278' title='bbox 1130 3296 1336 3361; x_wconf 84' lang='grc' dir='ltr'>πάντες</span> <span class='ocrx_word' id='word_1_279' title='bbox 1363 3299 1413 3351; x_wconf 85' lang='grc' dir='ltr'>οί</span> <span class='ocrx_word' id='word_1_280' title='bbox 1441 3299 1528 3353; x_wconf 78' lang='grc' dir='ltr'>διὰ</span> <span class='ocrx_word' id='word_1_281' title='bbox 1553 3299 1646 3352; x_wconf 89' lang='grc' dir='ltr'>τοῦ</span> <span class='ocrx_word' id='word_1_282' title='bbox 1675 3301 1924 3369; x_wconf 75' lang='grc' dir='ltr'>Εὐαγγέ-</span> 
     </span>
    </p>
   </div>
   <div class='ocr_carea' id='block_1_38' title="bbox 347 3387 1930 3466">
    <p class='ocr_par' dir='ltr' id='par_1_38' title="bbox 347 3387 1930 3466">
     <span class='ocr_line' id='line_1_38' title="bbox 347 3387 1930 3466; baseline 0.004 -27"><span class='ocrx_word' id='word_1_283' title='bbox 347 3387 464 3440; x_wconf 84' lang='grc' dir='ltr'>λίου</span> <span class='ocrx_word' id='word_1_284' title='bbox 511 3389 872 3460; x_wconf 80' lang='grc' dir='ltr'>γεννηθέντες</span> <span class='ocrx_word' id='word_1_285' title='bbox 911 3392 1099 3466; x_wconf 85' lang='grc' dir='ltr'>αὐτῷ⁸</span> <span class='ocrx_word' id='word_1_286' title='bbox 1139 3392 1234 3459; x_wconf 77' lang='grc' dir='ltr'>οὓς</span> <span class='ocrx_word' id='word_1_287' title='bbox 1278 3393 1372 3446; x_wconf 73' lang='grc' dir='ltr'>καὶ</span> <span class='ocrx_word' id='word_1_288' title='bbox 1408 3391 1639 3456; x_wconf 77' lang='grc' dir='ltr'>ὑπέταξε</span> <span class='ocrx_word' id='word_1_289' title='bbox 1690 3393 1770 3462; x_wconf 81' lang='grc' dir='ltr'>τῷ</span> <span class='ocrx_word' id='word_1_290' title='bbox 1819 3394 1930 3446; x_wconf 84' lang='grc' dir='ltr'>Πα-</span> 
     </span>
    </p>
   </div>
   <div class='ocr_carea' id='block_1_39' title="bbox 347 3480 913 3551">
    <p class='ocr_par' dir='ltr' id='par_1_39' title="bbox 347 3480 913 3551">
     <span class='ocr_line' id='line_1_39' title="bbox 347 3480 913 3551; baseline 0.011 -18"><span class='ocrx_word' id='word_1_291' title='bbox 347 3482 459 3551; x_wconf 84' lang='grc' dir='ltr'>τρί.</span> <span class='ocrx_word' id='word_1_292' title='bbox 911 3480 913 3482; x_wconf 52' lang='grc'><em>’</em></span> 
     </span>
    </p>
   </div>
   <div class='ocr_carea' id='block_1_40' title="bbox 427 3579 1930 3653">
    <p class='ocr_par' dir='ltr' id='par_1_40' title="bbox 427 3579 1930 3653">
     <span class='ocr_line' id='line_1_40' title="bbox 427 3579 1930 3653; baseline 0.005 -26"><span class='ocrx_word' id='word_1_293' title='bbox 427 3595 447 3626; x_wconf 81' lang='grc' dir='ltr'>ι</span> <span class='ocrx_word' id='word_1_294' title='bbox 496 3579 958 3650; x_wconf 81' lang='grc' dir='ltr'>Ἀναγγελήσεται</span> <span class='ocrx_word' id='word_1_295' title='bbox 1018 3580 1095 3651; x_wconf 80' lang='grc' dir='ltr'>τῷ</span> <span class='ocrx_word' id='word_1_296' title='bbox 1157 3582 1348 3653; x_wconf 84' lang='grc' dir='ltr'>Κυρίῳ</span> <span class='ocrx_word' id='word_1_297' title='bbox 1404 3582 1569 3650; x_wconf 83' lang='grc' dir='ltr'>γενεὰ</span> <span class='ocrx_word' id='word_1_298' title='bbox 1616 3582 1647 3652; x_wconf 88' lang='grc' dir='ltr'>ή</span> <span class='ocrx_word' id='word_1_299' title='bbox 1697 3580 1930 3652; x_wconf 86' lang='grc' dir='ltr'>ἐρχομέ-</span> 
     </span>
    </p>
   </div>
   <div class='ocr_carea' id='block_1_41' title="bbox 351 3671 1932 3744">
    <p class='ocr_par' dir='ltr' id='par_1_41' title="bbox 351 3671 1932 3744">
     <span class='ocr_line' id='line_1_41' title="bbox 351 3671 1932 3744; baseline 0.004 -24"><span class='ocrx_word' id='word_1_300' title='bbox 351 3687 440 3737; x_wconf 85' lang='grc' dir='ltr'>νη.</span> <span class='ocrx_word' id='word_1_301' title='bbox 477 3689 495 3720; x_wconf 73' lang='grc' dir='ltr'>ι</span> <span class='ocrx_word' id='word_1_302' title='bbox 529 3699 599 3711; x_wconf 93' lang='lat'><strong><em>—-</em></strong></span> <span class='ocrx_word' id='word_1_303' title='bbox 623 3671 1066 3742; x_wconf 77' lang='grc' dir='ltr'>Γνωρισθήσεται</span> <span class='ocrx_word' id='word_1_304' title='bbox 1102 3673 1181 3744; x_wconf 83' lang='grc' dir='ltr'>τῷ</span> <span class='ocrx_word' id='word_1_305' title='bbox 1217 3673 1336 3744; x_wconf 82' lang='grc' dir='ltr'>Θεῷ</span> <span class='ocrx_word' id='word_1_306' title='bbox 1385 3676 1416 3742; x_wconf 83' lang='grc' dir='ltr'>ἡ</span> <span class='ocrx_word' id='word_1_307' title='bbox 1453 3674 1511 3740; x_wconf 74' lang='grc' dir='ltr'>ἐξ</span> <span class='ocrx_word' id='word_1_308' title='bbox 1560 3672 1734 3726; x_wconf 86' lang='grc' dir='ltr'>ἐθνῶν</span> <span class='ocrx_word' id='word_1_309' title='bbox 1765 3673 1932 3742; x_wconf 87' lang='grc' dir='ltr'>γενεά</span> 
     </span>
    </p>
   </div>
   <div class='ocr_carea' id='block_1_42' title="bbox 353 3763 1933 3839">
    <p class='ocr_par' dir='ltr' id='par_1_42' title="bbox 353 3763 1933 3839">
     <span class='ocr_line' id='line_1_42' title="bbox 353 3763 1933 3839; baseline 0.003 -24"><span class='ocrx_word' id='word_1_310' title='bbox 353 3763 461 3816; x_wconf 88' lang='grc' dir='ltr'>τῶν</span> <span class='ocrx_word' id='word_1_311' title='bbox 487 3765 695 3818; x_wconf 84' lang='grc' dir='ltr'>πιστῶν</span> <span class='ocrx_word' id='word_1_312' title='bbox 733 3767 769 3836; x_wconf 85' lang='grc' dir='ltr'>ή</span> <span class='ocrx_word' id='word_1_313' title='bbox 795 3765 1130 3836; x_wconf 83' lang='grc' dir='ltr'>ἐλευσομένη</span> <span class='ocrx_word' id='word_1_314' title='bbox 1180 3768 1238 3819; x_wconf 86' lang='grc' dir='ltr'>ἐν</span> <span class='ocrx_word' id='word_1_315' title='bbox 1268 3768 1390 3830; x_wconf 80' lang='grc' dir='ltr'>ταῖς</span> <span class='ocrx_word' id='word_1_316' title='bbox 1425 3768 1662 3839; x_wconf 78' lang='grc' dir='ltr'>ἡμέραις</span> <span class='ocrx_word' id='word_1_317' title='bbox 1697 3767 1795 3837; x_wconf 83' lang='grc' dir='ltr'>τῆς</span> <span class='ocrx_word' id='word_1_318' title='bbox 1847 3769 1933 3819; x_wconf 80' lang='grc' dir='ltr'>ἐν·</span> 
     </span>
    </p>
   </div>
   <div class='ocr_carea' id='block_1_43' title="bbox 351 3859 1067 3929">
    <p class='ocr_par' dir='ltr' id='par_1_43' title="bbox 351 3859 1067 3929">
     <span class='ocr_line' id='line_1_43' title="bbox 351 3859 1067 3929; baseline 0.003 -18"><span class='ocrx_word' id='word_1_319' title='bbox 351 3859 758 3929; x_wconf 82' lang='grc' dir='ltr'>ανθρωπήσεως</span> <span class='ocrx_word' id='word_1_320' title='bbox 787 3860 878 3912; x_wconf 90' lang='grc' dir='ltr'>τοῦ</span> <span class='ocrx_word' id='word_1_321' title='bbox 914 3859 1067 3915; x_wconf 87' lang='grc' dir='ltr'>Υῐοῦ.</span> 
     </span>
    </p>
   </div>
   <div class='ocr_carea' id='block_1_44' title="bbox 426 3939 1926 4022">
    <p class='ocr_par' dir='ltr' id='par_1_44' title="bbox 426 3939 1926 4022">
     <span class='ocr_line' id='line_1_44' title="bbox 426 3939 1926 4022; baseline 0.001 -19"><span class='ocrx_word' id='word_1_322' title='bbox 426 3970 444 4002; x_wconf 83' lang='grc' dir='ltr'>ι</span> <span class='ocrx_word' id='word_1_323' title='bbox 487 3951 595 4004; x_wconf 74' lang='grc' dir='ltr'>Καὶ</span> <span class='ocrx_word' id='word_1_324' title='bbox 623 3939 992 4021; x_wconf 60' lang='grc' dir='ltr'>ἀναγγελοθσι</span> <span class='ocrx_word' id='word_1_325' title='bbox 1022 3953 1121 4022; x_wconf 83' lang='grc' dir='ltr'>τὴν</span> <span class='ocrx_word' id='word_1_326' title='bbox 1177 3951 1531 4020; x_wconf 85' lang='grc' dir='ltr'>δικαιοσύνην</span> <span class='ocrx_word' id='word_1_327' title='bbox 1585 3952 1753 4005; x_wconf 86' lang='grc' dir='ltr'>αὐτοῦ</span> <span class='ocrx_word' id='word_1_328' title='bbox 1811 3951 1926 4018; x_wconf 85' lang='grc' dir='ltr'>λαῷ</span> 
     </span>
    </p>
   </div>
   <div class='ocr_carea' id='block_1_45' title="bbox 350 4041 1928 4113">
    <p class='ocr_par' dir='ltr' id='par_1_45' title="bbox 350 4041 1928 4113">
     <span class='ocr_line' id='line_1_45' title="bbox 350 4041 1928 4113; baseline 0 -17"><span class='ocrx_word' id='word_1_329' title='bbox 350 4041 428 4110; x_wconf 81' lang='grc' dir='ltr'>τῷ</span> <span class='ocrx_word' id='word_1_330' title='bbox 459 4041 871 4112; x_wconf 70' lang='grc' dir='ltr'>τεχθησομένῳ.</span> <span class='ocrx_word' id='word_1_331' title='bbox 930 4062 947 4095; x_wconf 74' lang='grc' dir='ltr'>ι</span> <span class='ocrx_word' id='word_1_332' title='bbox 991 4073 1061 4082; x_wconf 87' lang='grc'><strong>--</strong></span> <span class='ocrx_word' id='word_1_333' title='bbox 1102 4045 1176 4096; x_wconf 62' lang='lat' dir='ltr'>Ui</span> <span class='ocrx_word' id='word_1_334' title='bbox 1208 4044 1296 4098; x_wconf 77' lang='grc' dir='ltr'>διὰ</span> <span class='ocrx_word' id='word_1_335' title='bbox 1347 4044 1588 4106; x_wconf 88' lang='grc' dir='ltr'>πίστεως</span> <span class='ocrx_word' id='word_1_336' title='bbox 1644 4043 1928 4113; x_wconf 81' lang='grc' dir='ltr'>τεχθέντες</span> 
     </span>
    </p>
   </div>
   <div class='ocr_carea' id='block_1_46' title="bbox 350 4131 1928 4206">
    <p class='ocr_par' dir='ltr' id='par_1_46' title="bbox 350 4131 1928 4206">
     <span class='ocr_line' id='line_1_46' title="bbox 350 4131 1928 4206; baseline 0.001 -21"><span class='ocrx_word' id='word_1_337' title='bbox 350 4131 716 4201; x_wconf 84' lang='grc' dir='ltr'>ἀναγγελοῦσι</span> <span class='ocrx_word' id='word_1_338' title='bbox 745 4136 858 4193; x_wconf 78' lang='grc' dir='ltr'>τοῖς</span> <span class='ocrx_word' id='word_1_339' title='bbox 894 4134 1341 4205; x_wconf 84' lang='grc' dir='ltr'>τεχθησομένοις,</span> <span class='ocrx_word' id='word_1_340' title='bbox 1378 4135 1473 4190; x_wconf 83' lang='grc' dir='ltr'>καὶ</span> <span class='ocrx_word' id='word_1_341' title='bbox 1501 4135 1661 4190; x_wconf 82' lang='grc' dir='ltr'>τοῦτο</span> <span class='ocrx_word' id='word_1_342' title='bbox 1689 4136 1928 4206; x_wconf 79' lang='grc' dir='ltr'>καθεξῆς</span> 
     </span>
    </p>
   </div>
   <div class='ocr_carea' id='block_1_47' title="bbox 353 4227 1930 4298">
    <p class='ocr_par' dir='ltr' id='par_1_47' title="bbox 353 4227 1930 4298">
     <span class='ocr_line' id='line_1_47' title="bbox 353 4227 1930 4298; baseline 0.004 -21"><span class='ocrx_word' id='word_1_343' title='bbox 353 4227 461 4280; x_wconf 83' lang='grc' dir='ltr'>ἀεί.</span> <span class='ocrx_word' id='word_1_344' title='bbox 490 4228 851 4298; x_wconf 63' lang='grc' dir='ltr'>Δικαιοσύνην</span> <span class='ocrx_word' id='word_1_345' title='bbox 885 4228 965 4292; x_wconf 76' lang='grc' dir='ltr'>δὲ,</span> <span class='ocrx_word' id='word_1_346' title='bbox 1001 4229 1084 4281; x_wconf 85' lang='grc' dir='ltr'>ὅτι</span> <span class='ocrx_word' id='word_1_347' title='bbox 1115 4228 1334 4283; x_wconf 81' lang='grc' dir='ltr'>καθεῖλε</span> <span class='ocrx_word' id='word_1_348' title='bbox 1363 4231 1454 4285; x_wconf 72' lang='grc' dir='ltr'>τὸν</span> <span class='ocrx_word' id='word_1_349' title='bbox 1482 4229 1776 4284; x_wconf 81' lang='grc' dir='ltr'>ἀδικοῦντα</span> <span class='ocrx_word' id='word_1_350' title='bbox 1804 4231 1930 4294; x_wconf 79' lang='grc' dir='ltr'>τοὺς</span> 
     </span>
    </p>
   </div>
   <div class='ocr_carea' id='block_1_48' title="bbox 353 4318 994 4389">
    <p class='ocr_par' dir='ltr' id='par_1_48' title="bbox 353 4318 994 4389">
     <span class='ocr_line' id='line_1_48' title="bbox 353 4318 994 4389; baseline 0.005 -19"><span class='ocrx_word' id='word_1_351' title='bbox 353 4318 678 4388; x_wconf 79' lang='grc' dir='ltr'>ἀνθρώπους</span> <span class='ocrx_word' id='word_1_352' title='bbox 710 4319 994 4389; x_wconf 87' lang='grc' dir='ltr'>πολέμιον.</span> 
     </span>
    </p>
   </div>
   <div class='ocr_carea' id='block_1_49' title="bbox 430 4412 1930 4487">
    <p class='ocr_par' dir='ltr' id='par_1_49' title="bbox 430 4412 1930 4487">
     <span class='ocr_line' id='line_1_49' title="bbox 430 4412 1930 4487; baseline 0.005 -25"><span class='ocrx_word' id='word_1_353' title='bbox 430 4430 446 4461; x_wconf 85' lang='grc' dir='ltr'>ι</span> <span class='ocrx_word' id='word_1_354' title='bbox 487 4412 581 4464; x_wconf 89' lang='grc' dir='ltr'>Ὃν</span> <span class='ocrx_word' id='word_1_355' title='bbox 617 4412 876 4482; x_wconf 86' lang='grc' dir='ltr'>ἐποίησεν</span> <span class='ocrx_word' id='word_1_356' title='bbox 903 4415 931 4466; x_wconf 92' lang='lat'>6</span> <span class='ocrx_word' id='word_1_357' title='bbox 961 4415 1191 4486; x_wconf 80' lang='grc' dir='ltr'>Κύριος.</span> <span class='ocrx_word' id='word_1_358' title='bbox 1235 4435 1253 4467; x_wconf 77' lang='grc' dir='ltr'>ι</span> <span class='ocrx_word' id='word_1_359' title='bbox 1295 4447 1365 4457; x_wconf 89' lang='grc'><strong>-</strong></span> <span class='ocrx_word' id='word_1_360' title='bbox 1398 4418 1495 4469; x_wconf 81' lang='grc' dir='ltr'>’ον</span> <span class='ocrx_word' id='word_1_361' title='bbox 1526 4417 1785 4486; x_wconf 89' lang='grc' dir='ltr'>ἐποίησεν</span> <span class='ocrx_word' id='word_1_362' title='bbox 1809 4416 1930 4487; x_wconf 72' lang='grc' dir='ltr'>ἦτοι</span> 
     </span>
    </p>
   </div>
   <div class='ocr_carea' id='block_1_50' title="bbox 355 4505 1927 4578">
    <p class='ocr_par' dir='ltr' id='par_1_50' title="bbox 355 4505 1927 4578">
     <span class='ocr_line' id='line_1_50' title="bbox 355 4505 1927 4578; baseline 0.006 -25"><span class='ocrx_word' id='word_1_363' title='bbox 355 4506 728 4571; x_wconf 79' lang='grc' dir='ltr'>συνεστήσατο</span> <span class='ocrx_word' id='word_1_364' title='bbox 781 4505 909 4558; x_wconf 82' lang='grc' dir='ltr'>λαὸν</span> <span class='ocrx_word' id='word_1_365' title='bbox 944 4506 1141 4560; x_wconf 79' lang='grc' dir='ltr'>ἑαυτοῦ</span> <span class='ocrx_word' id='word_1_366' title='bbox 1175 4510 1441 4578; x_wconf 89' lang='grc' dir='ltr'>πρότερον</span> <span class='ocrx_word' id='word_1_367' title='bbox 1488 4509 1548 4561; x_wconf 91' lang='grc' dir='ltr'>οὐ</span> <span class='ocrx_word' id='word_1_368' title='bbox 1596 4508 1724 4563; x_wconf 77' lang='grc' dir='ltr'>λαὸν</span> <span class='ocrx_word' id='word_1_369' title='bbox 1774 4508 1927 4572; x_wconf 75' lang='grc' dir='ltr'>ὄντα,</span> 
     </span>
    </p>
   </div>
   <div class='ocr_carea' id='block_1_51' title="bbox 2019 892 3600 971">
    <p class='ocr_par' dir='ltr' id='par_1_51' title="bbox 2019 892 3600 971">
     <span class='ocr_line' id='line_1_51' title="bbox 2019 892 3600 971; baseline -0.006 -17"><span class='ocrx_word' id='word_1_370' title='bbox 2019 900 2275 970; x_wconf 88' lang='grc' dir='ltr'>πρόϐατα</span> <span class='ocrx_word' id='word_1_371' title='bbox 2325 903 2434 971; x_wconf 84' lang='grc' dir='ltr'>γὰρ</span> <span class='ocrx_word' id='word_1_372' title='bbox 2472 900 2864 970; x_wconf 86' lang='grc' dir='ltr'>πλανωμένους</span> <span class='ocrx_word' id='word_1_373' title='bbox 2914 900 3008 951; x_wconf 78' lang='grc' dir='ltr'>ἐπὶ</span> <span class='ocrx_word' id='word_1_374' title='bbox 3063 897 3263 960; x_wconf 82' lang='grc' dir='ltr'>τόπους</span> <span class='ocrx_word' id='word_1_375' title='bbox 3314 892 3600 952; x_wconf 76' lang='grc' dir='ltr'>ἀπωλείας</span> 
     </span>
    </p>
   </div>
   <div class='ocr_carea' id='block_1_52' title="bbox 2019 987 3602 1065">
    <p class='ocr_par' dir='ltr' id='par_1_52' title="bbox 2019 987 3602 1065">
     <span class='ocr_line' id='line_1_52' title="bbox 2019 987 3602 1065; baseline -0.008 -19"><span class='ocrx_word' id='word_1_376' title='bbox 2019 995 2147 1056; x_wconf 80' lang='grc' dir='ltr'>τοὺς</span> <span class='ocrx_word' id='word_1_377' title='bbox 2179 993 2236 1060; x_wconf 80' lang='grc' dir='ltr'>ἐξ</span> <span class='ocrx_word' id='word_1_378' title='bbox 2275 991 2446 1047; x_wconf 80' lang='grc' dir='ltr'>ἐθνῶν</span> <span class='ocrx_word' id='word_1_379' title='bbox 2478 988 2604 1065; x_wconf 76' lang='grc' dir='ltr'>εὗρε</span> <span class='ocrx_word' id='word_1_380' title='bbox 2633 993 2729 1046; x_wconf 80' lang='grc' dir='ltr'>καὶ</span> <span class='ocrx_word' id='word_1_381' title='bbox 2755 995 2838 1056; x_wconf 83' lang='grc' dir='ltr'>είς</span> <span class='ocrx_word' id='word_1_382' title='bbox 2873 991 3114 1064; x_wconf 52' lang='grc' dir='ltr'>μάνδραν</span> <span class='ocrx_word' id='word_1_383' title='bbox 3146 990 3344 1059; x_wconf 73' lang='grc' dir='ltr'>ἠγαγε,</span> <span class='ocrx_word' id='word_1_384' title='bbox 3369 987 3468 1040; x_wconf 74' lang='grc' dir='ltr'>καὶ</span> <span class='ocrx_word' id='word_1_385' title='bbox 3483 987 3602 1036; x_wconf 80' lang='grc' dir='ltr'>λοι·</span> 
     </span>
    </p>
   </div>
   <div class='ocr_carea' id='block_1_53' title="bbox 2021 1076 3602 1156">
    <p class='ocr_par' dir='ltr' id='par_1_53' title="bbox 2021 1076 3602 1156">
     <span class='ocr_line' id='line_1_53' title="bbox 2021 1076 3602 1156; baseline -0.008 -16"><span class='ocrx_word' id='word_1_386' title='bbox 2021 1087 2124 1140; x_wconf 77' lang='grc' dir='ltr'>πδν</span> <span class='ocrx_word' id='word_1_387' title='bbox 2157 1088 2440 1156; x_wconf 87' lang='grc' dir='ltr'>ποιμαίνει</span> <span class='ocrx_word' id='word_1_388' title='bbox 2466 1104 2480 1121; x_wconf 92' lang='grc'>⁸</span> <span class='ocrx_word' id='word_1_389' title='bbox 2513 1088 2594 1141; x_wconf 77' lang='grc' dir='ltr'>διὸ</span> <span class='ocrx_word' id='word_1_390' title='bbox 2624 1089 2718 1140; x_wconf 74' lang='grc' dir='ltr'>καὶ</span> <span class='ocrx_word' id='word_1_391' title='bbox 2744 1087 2978 1146; x_wconf 73' lang='grc' dir='ltr'>ἕκαστος</span> <span class='ocrx_word' id='word_1_392' title='bbox 3019 1083 3201 1136; x_wconf 85' lang='grc' dir='ltr'>αὐτῶν</span> <span class='ocrx_word' id='word_1_393' title='bbox 3252 1076 3602 1152; x_wconf 78' lang='grc' dir='ltr'>εὐχαριστῶν</span> 
     </span>
    </p>
   </div>
   <div class='ocr_carea' id='block_1_54' title="bbox 2021 1168 3602 1250">
    <p class='ocr_par' dir='ltr' id='par_1_54' title="bbox 2021 1168 3602 1250">
     <span class='ocr_line' id='line_1_54' title="bbox 2021 1168 3602 1250; baseline -0.008 -17"><span class='ocrx_word' id='word_1_394' title='bbox 2021 1179 2356 1248; x_wconf 71' lang='grc' dir='ltr'>ἀπαγγέλλει</span> <span class='ocrx_word' id='word_1_395' title='bbox 2393 1178 2494 1243; x_wconf 90' lang='grc' dir='ltr'>τάς</span> <span class='ocrx_word' id='word_1_396' title='bbox 2512 1179 2832 1250; x_wconf 78' lang='grc' dir='ltr'>εὐεργεσίας</span> <span class='ocrx_word' id='word_1_397' title='bbox 2872 1173 3040 1231; x_wconf 89' lang='grc' dir='ltr'>αὐτοῦ</span> <span class='ocrx_word' id='word_1_398' title='bbox 3073 1173 3279 1242; x_wconf 76' lang='grc' dir='ltr'>λέγων’</span> <span class='ocrx_word' id='word_1_399' title='bbox 3320 1191 3338 1222; x_wconf 87' lang='grc' dir='ltr'>ι</span> <span class='ocrx_word' id='word_1_400' title='bbox 3388 1171 3448 1223; x_wconf 90' lang='lat'>&#39;0</span> <span class='ocrx_word' id='word_1_401' title='bbox 3479 1168 3602 1220; x_wconf 83' lang='grc' dir='ltr'>Κύ-</span> 
     </span>
    </p>
   </div>
   <div class='ocr_carea' id='block_1_55' title="bbox 2025 1263 3606 1343">
    <p class='ocr_par' dir='ltr' id='par_1_55' title="bbox 2025 1263 3606 1343">
     <span class='ocr_line' id='line_1_55' title="bbox 2025 1263 3606 1343; baseline -0.009 -16"><span class='ocrx_word' id='word_1_402' title='bbox 2025 1290 2138 1341; x_wconf 88' lang='grc' dir='ltr'>ριος</span> <span class='ocrx_word' id='word_1_403' title='bbox 2174 1273 2458 1343; x_wconf 83' lang='grc' dir='ltr'>ποιμαίνει</span> <span class='ocrx_word' id='word_1_404' title='bbox 2491 1290 2582 1343; x_wconf 88' lang='grc' dir='ltr'>με,</span> <span class='ocrx_word' id='word_1_405' title='bbox 2621 1273 2717 1326; x_wconf 74' lang='grc' dir='ltr'>καὶ</span> <span class='ocrx_word' id='word_1_406' title='bbox 2743 1271 2900 1325; x_wconf 81' lang='grc' dir='ltr'>οὐδέν</span> <span class='ocrx_word' id='word_1_407' title='bbox 2934 1287 3002 1339; x_wconf 87' lang='grc' dir='ltr'>με</span> <span class='ocrx_word' id='word_1_408' title='bbox 3049 1267 3382 1336; x_wconf 86' lang='grc' dir='ltr'>ὐστερήσει·</span> <span class='ocrx_word' id='word_1_409' title='bbox 3421 1283 3440 1315; x_wconf 75' lang='grc' dir='ltr'>ι</span> <span class='ocrx_word' id='word_1_410' title='bbox 3479 1263 3606 1332; x_wconf 74' lang='grc' dir='ltr'>ἦτοι</span> 
     </span>
    </p>
   </div>
   <div class='ocr_carea' id='block_1_56' title="bbox 2021 1356 3606 1433">
    <p class='ocr_par' dir='ltr' id='par_1_56' title="bbox 2021 1356 3606 1433">
     <span class='ocr_line' id='line_1_56' title="bbox 2021 1356 3606 1433; baseline -0.006 -16"><span class='ocrx_word' id='word_1_411' title='bbox 2021 1365 2174 1418; x_wconf 89' lang='grc' dir='ltr'>οὐδέν</span> <span class='ocrx_word' id='word_1_412' title='bbox 2211 1383 2278 1433; x_wconf 89' lang='grc' dir='ltr'>με</span> <span class='ocrx_word' id='word_1_413' title='bbox 2327 1363 2513 1418; x_wconf 72' lang='grc' dir='ltr'>λοιπὸν</span> <span class='ocrx_word' id='word_1_414' title='bbox 2565 1362 2836 1432; x_wconf 79' lang='grc' dir='ltr'>ἐπιλείψει</span> <span class='ocrx_word' id='word_1_415' title='bbox 2869 1361 2979 1415; x_wconf 90' lang='grc' dir='ltr'>τῶν</span> <span class='ocrx_word' id='word_1_416' title='bbox 3008 1359 3351 1431; x_wconf 85' lang='grc' dir='ltr'>ἐπιτηδείων.</span> <span class='ocrx_word' id='word_1_417' title='bbox 3405 1356 3606 1410; x_wconf 73' lang='grc' dir='ltr'>’ἰστέον</span> 
     </span>
    </p>
   </div>
   <div class='ocr_carea' id='block_1_57' title="bbox 2022 1450 3605 1528">
    <p class='ocr_par' dir='ltr' id='par_1_57' title="bbox 2022 1450 3605 1528">
     <span class='ocr_line' id='line_1_57' title="bbox 2022 1450 3605 1528; baseline -0.004 -17"><span class='ocrx_word' id='word_1_418' title='bbox 2022 1457 2078 1511; x_wconf 87' lang='grc' dir='ltr'>δέ</span> <span class='ocrx_word' id='word_1_419' title='bbox 2109 1458 2189 1512; x_wconf 80' lang='grc' dir='ltr'>ὅτι</span> <span class='ocrx_word' id='word_1_420' title='bbox 2215 1457 2284 1512; x_wconf 89' lang='grc' dir='ltr'>τά</span> <span class='ocrx_word' id='word_1_421' title='bbox 2318 1459 2460 1512; x_wconf 81' lang='grc' dir='ltr'>πάνυ</span> <span class='ocrx_word' id='word_1_422' title='bbox 2492 1456 2812 1528; x_wconf 77' lang='grc' dir='ltr'>ἐγνωσμένα</span> <span class='ocrx_word' id='word_1_423' title='bbox 2844 1456 3013 1528; x_wconf 76' lang='grc' dir='ltr'>χωρὶς</span> <span class='ocrx_word' id='word_1_424' title='bbox 3045 1454 3250 1526; x_wconf 80' lang='grc' dir='ltr'>ἄρθρου</span> <span class='ocrx_word' id='word_1_425' title='bbox 3279 1452 3372 1506; x_wconf 73' lang='grc' dir='ltr'>τὸν</span> <span class='ocrx_word' id='word_1_426' title='bbox 3398 1450 3605 1504; x_wconf 81' lang='grc' dir='ltr'>πολλά-</span> 
     </span>
    </p>
   </div>
   <div class='ocr_carea' id='block_1_58' title="bbox 2024 1549 3554 1619">
    <p class='ocr_par' dir='ltr' id='par_1_58' title="bbox 2024 1549 3554 1619">
     <span class='ocr_line' id='line_1_58' title="bbox 2024 1549 3554 1619; baseline 0.002 -17"><span class='ocrx_word' id='word_1_427' title='bbox 2024 1565 2111 1613; x_wconf 91' lang='grc' dir='ltr'>κις</span> <span class='ocrx_word' id='word_1_428' title='bbox 2151 1549 2500 1619; x_wconf 75' lang='grc' dir='ltr'>ἐκφέρονται.</span> <span class='ocrx_word' id='word_1_429' title='bbox 3550 1614 3554 1618; x_wconf 29' lang='grc' dir='ltr'><strong>π</strong></span> 
     </span>
    </p>
   </div>
   <div class='ocr_carea' id='block_1_59' title="bbox 2102 1638 3608 1711">
    <p class='ocr_par' dir='ltr' id='par_1_59' title="bbox 2102 1638 3608 1711">
     <span class='ocr_line' id='line_1_59' title="bbox 2102 1638 3608 1711; baseline -0.003 -20"><span class='ocrx_word' id='word_1_430' title='bbox 2102 1656 2121 1690; x_wconf 86' lang='grc' dir='ltr'>ι</span> <span class='ocrx_word' id='word_1_431' title='bbox 2167 1640 2263 1704; x_wconf 82' lang='grc' dir='ltr'>Είς</span> <span class='ocrx_word' id='word_1_432' title='bbox 2294 1640 2458 1693; x_wconf 85' lang='grc' dir='ltr'>τόπον</span> <span class='ocrx_word' id='word_1_433' title='bbox 2505 1639 2669 1711; x_wconf 79' lang='grc' dir='ltr'>χλόης</span> <span class='ocrx_word' id='word_1_434' title='bbox 2704 1641 2825 1694; x_wconf 84' lang='grc' dir='ltr'>ἐκεῖ</span> <span class='ocrx_word' id='word_1_435' title='bbox 2883 1657 2951 1708; x_wconf 87' lang='grc' dir='ltr'>με</span> <span class='ocrx_word' id='word_1_436' title='bbox 2999 1638 3446 1707; x_wconf 85' lang='grc' dir='ltr'>κατεσκήνωσεν.</span> <span class='ocrx_word' id='word_1_437' title='bbox 3482 1653 3504 1686; x_wconf 74' lang='grc' dir='ltr'>ι</span> <span class='ocrx_word' id='word_1_438' title='bbox 3544 1663 3608 1674; x_wconf 89' lang='grc'><strong><em>-</em></strong></span> 
     </span>
    </p>
   </div>
   <div class='ocr_carea' id='block_1_60' title="bbox 2026 1729 3608 1805">
    <p class='ocr_par' dir='ltr' id='par_1_60' title="bbox 2026 1729 3608 1805">
     <span class='ocr_line' id='line_1_60' title="bbox 2026 1729 3608 1805; baseline -0.004 -18"><span class='ocrx_word' id='word_1_439' title='bbox 2026 1733 2205 1796; x_wconf 88' lang='grc' dir='ltr'>Τόπος</span> <span class='ocrx_word' id='word_1_440' title='bbox 2247 1735 2346 1804; x_wconf 76' lang='grc' dir='ltr'>μὲν</span> <span class='ocrx_word' id='word_1_441' title='bbox 2379 1733 2546 1804; x_wconf 86' lang='grc' dir='ltr'>χλόης</span> <span class='ocrx_word' id='word_1_442' title='bbox 2575 1736 2607 1803; x_wconf 83' lang='grc' dir='ltr'>ἡ</span> <span class='ocrx_word' id='word_1_443' title='bbox 2642 1733 2925 1805; x_wconf 78' lang='grc' dir='ltr'>πρακτικὴ</span> <span class='ocrx_word' id='word_1_444' title='bbox 2958 1733 3128 1802; x_wconf 85' lang='grc' dir='ltr'>ἀρετή</span> <span class='ocrx_word' id='word_1_445' title='bbox 3154 1749 3170 1764; x_wconf 95' lang='grc'>⁸</span> <span class='ocrx_word' id='word_1_446' title='bbox 3201 1730 3347 1800; x_wconf 78' lang='grc' dir='ltr'>ὕδωρ</span> <span class='ocrx_word' id='word_1_447' title='bbox 3380 1729 3437 1781; x_wconf 82' lang='grc' dir='ltr'>δὲ</span> <span class='ocrx_word' id='word_1_448' title='bbox 3469 1730 3608 1781; x_wconf 85' lang='grc' dir='ltr'>ἀνα-</span> 
     </span>
    </p>
   </div>
   <div class='ocr_carea' id='block_1_61' title="bbox 2030 1817 3608 1896">
    <p class='ocr_par' dir='ltr' id='par_1_61' title="bbox 2030 1817 3608 1896">
     <span class='ocr_line' id='line_1_61' title="bbox 2030 1817 3608 1896; baseline -0.004 -19"><span class='ocrx_word' id='word_1_449' title='bbox 2030 1825 2285 1888; x_wconf 87' lang='grc' dir='ltr'>παύσεως</span> <span class='ocrx_word' id='word_1_450' title='bbox 2315 1827 2347 1896; x_wconf 81' lang='grc' dir='ltr'>ὴ</span> <span class='ocrx_word' id='word_1_451' title='bbox 2375 1825 2686 1896; x_wconf 83' lang='grc' dir='ltr'>θεωρητικὴ</span> <span class='ocrx_word' id='word_1_452' title='bbox 2715 1824 3007 1894; x_wconf 78' lang='grc' dir='ltr'>φιλοσοφία</span> <span class='ocrx_word' id='word_1_453' title='bbox 3033 1840 3046 1853; x_wconf 90' lang='grc'>⁸</span> <span class='ocrx_word' id='word_1_454' title='bbox 3084 1826 3203 1875; x_wconf 85' lang='grc' dir='ltr'>ἐκεῖ</span> <span class='ocrx_word' id='word_1_455' title='bbox 3227 1822 3282 1875; x_wconf 87' lang='grc' dir='ltr'>δέ</span> <span class='ocrx_word' id='word_1_456' title='bbox 3318 1839 3409 1889; x_wconf 87' lang='grc' dir='ltr'>με,</span> <span class='ocrx_word' id='word_1_457' title='bbox 3449 1817 3608 1889; x_wconf 74' lang='grc' dir='ltr'>φησί,</span> 
     </span>
    </p>
   </div>
   <div class='ocr_carea' id='block_1_62' title="bbox 1951 1901 3607 1987">
    <p class='ocr_par' dir='ltr' id='par_1_62' title="bbox 1951 1901 3607 1987">
     <span class='ocr_line' id='line_1_62' title="bbox 1951 1901 3607 1987; baseline -0.004 -17"><span class='ocrx_word' id='word_1_458' title='bbox 1951 1901 2476 1987; x_wconf 75' lang='grc' dir='ltr'>Βκατεσκήνωσεν,</span> <span class='ocrx_word' id='word_1_459' title='bbox 2529 1919 2664 1972; x_wconf 84' lang='grc' dir='ltr'>ὅπου</span> <span class='ocrx_word' id='word_1_460' title='bbox 2722 1919 2890 1981; x_wconf 90' lang='grc' dir='ltr'>τόπος</span> <span class='ocrx_word' id='word_1_461' title='bbox 2959 1917 3148 1986; x_wconf 87' lang='grc' dir='ltr'>χλόης.</span> <span class='ocrx_word' id='word_1_462' title='bbox 3193 1915 3478 1983; x_wconf 82' lang='grc' dir='ltr'>Ἐπίμεινε</span> <span class='ocrx_word' id='word_1_463' title='bbox 3541 1914 3607 1981; x_wconf 84' lang='grc' dir='ltr'>τῇ</span> 
     </span>
    </p>
   </div>
   <div class='ocr_carea' id='block_1_63' title="bbox 2024 2004 3610 2080">
    <p class='ocr_par' dir='ltr' id='par_1_63' title="bbox 2024 2004 3610 2080">
     <span class='ocr_line' id='line_1_63' title="bbox 2024 2004 3610 2080; baseline -0.004 -18"><span class='ocrx_word' id='word_1_464' title='bbox 2024 2012 2200 2080; x_wconf 79' lang='grc' dir='ltr'>τροπῇ</span> <span class='ocrx_word' id='word_1_465' title='bbox 2247 2008 2341 2062; x_wconf 88' lang='grc' dir='ltr'>τοῦ</span> <span class='ocrx_word' id='word_1_466' title='bbox 2375 2011 2694 2079; x_wconf 87' lang='grc' dir='ltr'>ποιμαίνειν</span> <span class='ocrx_word' id='word_1_467' title='bbox 2719 2027 2734 2041; x_wconf 99' lang='grc'>⁸</span> <span class='ocrx_word' id='word_1_468' title='bbox 2767 2009 2901 2079; x_wconf 84' lang='grc' dir='ltr'>χλόη</span> <span class='ocrx_word' id='word_1_469' title='bbox 2927 2010 3038 2077; x_wconf 77' lang='grc' dir='ltr'>γὰρ</span> <span class='ocrx_word' id='word_1_470' title='bbox 3070 2009 3166 2060; x_wconf 81' lang='grc' dir='ltr'>καὶ</span> <span class='ocrx_word' id='word_1_471' title='bbox 3205 2005 3351 2074; x_wconf 76' lang='grc' dir='ltr'>ὕδωρ</span> <span class='ocrx_word' id='word_1_472' title='bbox 3381 2004 3610 2075; x_wconf 83' lang='grc' dir='ltr'>εὐθηνία</span> 
     </span>
    </p>
   </div>
   <div class='ocr_carea' id='block_1_64' title="bbox 2027 2096 3610 2170">
    <p class='ocr_par' dir='ltr' id='par_1_64' title="bbox 2027 2096 3610 2170">
     <span class='ocr_line' id='line_1_64' title="bbox 2027 2096 3610 2170; baseline -0.004 -18"><span class='ocrx_word' id='word_1_473' title='bbox 2027 2101 2310 2170; x_wconf 87' lang='grc' dir='ltr'>ποιμνίου.</span> <span class='ocrx_word' id='word_1_474' title='bbox 2332 2102 2506 2155; x_wconf 89' lang='grc' dir='ltr'>Τοῦτο</span> <span class='ocrx_word' id='word_1_475' title='bbox 2561 2102 2620 2155; x_wconf 91' lang='grc' dir='ltr'>δέ</span> <span class='ocrx_word' id='word_1_476' title='bbox 2650 2101 2934 2170; x_wconf 83' lang='grc' dir='ltr'>βούλονται</span> <span class='ocrx_word' id='word_1_477' title='bbox 2981 2097 3204 2170; x_wconf 81' lang='grc' dir='ltr'>δηλοῦν,</span> <span class='ocrx_word' id='word_1_478' title='bbox 3249 2100 3332 2151; x_wconf 84' lang='grc' dir='ltr'>ὅτι</span> <span class='ocrx_word' id='word_1_479' title='bbox 3373 2097 3432 2150; x_wconf 77' lang='grc' dir='ltr'>ἐν</span> <span class='ocrx_word' id='word_1_480' title='bbox 3469 2096 3610 2148; x_wconf 81' lang='grc' dir='ltr'>ἀπο-</span> 
     </span>
    </p>
   </div>
   <div class='ocr_carea' id='block_1_65' title="bbox 2025 2193 2878 2268">
    <p class='ocr_par' dir='ltr' id='par_1_65' title="bbox 2025 2193 2878 2268">
     <span class='ocr_line' id='line_1_65' title="bbox 2025 2193 2878 2268; baseline 0.005 -22"><span class='ocrx_word' id='word_1_481' title='bbox 2025 2193 2218 2248; x_wconf 78' lang='grc' dir='ltr'>λαύσει</span> <span class='ocrx_word' id='word_1_482' title='bbox 2241 2196 2426 2268; x_wconf 75' lang='grc' dir='ltr'>⁸νομῆς</span> <span class='ocrx_word' id='word_1_483' title='bbox 2453 2213 2520 2265; x_wconf 90' lang='grc' dir='ltr'>με</span> <span class='ocrx_word' id='word_1_484' title='bbox 2547 2196 2878 2264; x_wconf 87' lang='grc' dir='ltr'>κατέστησε.</span> 
     </span>
    </p>
   </div>
   <div class='ocr_carea' id='block_1_66' title="bbox 2097 2282 3610 2357">
    <p class='ocr_par' dir='ltr' id='par_1_66' title="bbox 2097 2282 3610 2357">
     <span class='ocr_line' id='line_1_66' title="bbox 2097 2282 3610 2357; baseline -0.004 -19"><span class='ocrx_word' id='word_1_485' title='bbox 2097 2286 2208 2340; x_wconf 81' lang='grc' dir='ltr'>Καὶ</span> <span class='ocrx_word' id='word_1_486' title='bbox 2239 2286 2444 2352; x_wconf 74' lang='grc' dir='ltr'>ἄλλως</span> <span class='ocrx_word' id='word_1_487' title='bbox 2467 2305 2480 2320; x_wconf 90' lang='grc'>⁸</span> <span class='ocrx_word' id='word_1_488' title='bbox 2509 2288 2676 2347; x_wconf 86' lang='grc' dir='ltr'>τόπος</span> <span class='ocrx_word' id='word_1_489' title='bbox 2704 2287 2806 2357; x_wconf 80' lang='grc' dir='ltr'>μὲν</span> <span class='ocrx_word' id='word_1_490' title='bbox 2832 2285 2993 2356; x_wconf 83' lang='grc' dir='ltr'>χλόης</span> <span class='ocrx_word' id='word_1_491' title='bbox 3021 2287 3055 2357; x_wconf 83' lang='grc' dir='ltr'>ή</span> <span class='ocrx_word' id='word_1_492' title='bbox 3097 2283 3404 2354; x_wconf 84' lang='grc' dir='ltr'>Ἐκκλησία</span> <span class='ocrx_word' id='word_1_493' title='bbox 3430 2299 3446 2315; x_wconf 93' lang='grc'>⁸</span> <span class='ocrx_word' id='word_1_494' title='bbox 3475 2282 3610 2352; x_wconf 77' lang='grc' dir='ltr'>χλόη</span> 
     </span>
    </p>
   </div>
   <div class='ocr_carea' id='block_1_67' title="bbox 2027 2377 3612 2449">
    <p class='ocr_par' dir='ltr' id='par_1_67' title="bbox 2027 2377 3612 2449">
     <span class='ocr_line' id='line_1_67' title="bbox 2027 2377 3612 2449; baseline -0.004 -19"><span class='ocrx_word' id='word_1_495' title='bbox 2027 2378 2086 2430; x_wconf 80' lang='grc' dir='ltr'>δὲ</span> <span class='ocrx_word' id='word_1_496' title='bbox 2116 2379 2167 2431; x_wconf 77' lang='grc' dir='ltr'>οἱ</span> <span class='ocrx_word' id='word_1_497' title='bbox 2197 2381 2383 2432; x_wconf 73' lang='grc' dir='ltr'>πιστοὶ</span> <span class='ocrx_word' id='word_1_498' title='bbox 2413 2378 2711 2442; x_wconf 82' lang='grc' dir='ltr'>ἀνθοῦντες</span> <span class='ocrx_word' id='word_1_499' title='bbox 2760 2377 2884 2432; x_wconf 84' lang='grc' dir='ltr'>κατ’</span> <span class='ocrx_word' id='word_1_500' title='bbox 2921 2380 3129 2449; x_wconf 81' lang='grc' dir='ltr'>ἀρετήν</span> <span class='ocrx_word' id='word_1_501' title='bbox 3161 2395 3175 2408; x_wconf 89' lang='grc'>⁸</span> <span class='ocrx_word' id='word_1_502' title='bbox 3205 2379 3235 2446; x_wconf 84' lang='grc' dir='ltr'>ἢ</span> <span class='ocrx_word' id='word_1_503' title='bbox 3292 2378 3388 2431; x_wconf 75' lang='grc' dir='ltr'>καὶ</span> <span class='ocrx_word' id='word_1_504' title='bbox 3445 2377 3612 2447; x_wconf 80' lang='grc' dir='ltr'>χλόην</span> 
     </span>
    </p>
   </div>
   <div class='ocr_carea' id='block_1_68' title="bbox 2026 2467 3610 2541">
    <p class='ocr_par' dir='ltr' id='par_1_68' title="bbox 2026 2467 3610 2541">
     <span class='ocr_line' id='line_1_68' title="bbox 2026 2467 3610 2541; baseline -0.003 -19"><span class='ocrx_word' id='word_1_505' title='bbox 2026 2470 2126 2540; x_wconf 79' lang='grc' dir='ltr'>τὴν</span> <span class='ocrx_word' id='word_1_506' title='bbox 2151 2469 2262 2523; x_wconf 88' lang='grc' dir='ltr'>τῶν</span> <span class='ocrx_word' id='word_1_507' title='bbox 2288 2471 2634 2540; x_wconf 84' lang='grc' dir='ltr'>Χριστιανῶν</span> <span class='ocrx_word' id='word_1_508' title='bbox 2665 2471 2852 2524; x_wconf 91' lang='grc' dir='ltr'>πίστιν</span> <span class='ocrx_word' id='word_1_509' title='bbox 2873 2472 3110 2541; x_wconf 85' lang='grc' dir='ltr'>νοήσεις,</span> <span class='ocrx_word' id='word_1_510' title='bbox 3145 2469 3449 2532; x_wconf 80' lang='grc' dir='ltr'>νεάζουσαν</span> <span class='ocrx_word' id='word_1_511' title='bbox 3480 2467 3576 2519; x_wconf 85' lang='grc' dir='ltr'>ἀεί</span> <span class='ocrx_word' id='word_1_512' title='bbox 3596 2483 3610 2497; x_wconf 92' lang='grc'>⁸</span> 
     </span>
    </p>
   </div>
   <div class='ocr_carea' id='block_1_69' title="bbox 2028 2561 3614 2634">
    <p class='ocr_par' dir='ltr' id='par_1_69' title="bbox 2028 2561 3614 2634">
     <span class='ocr_line' id='line_1_69' title="bbox 2028 2561 3614 2634; baseline -0.003 -19"><span class='ocrx_word' id='word_1_513' title='bbox 2028 2564 2062 2632; x_wconf 88' lang='grc' dir='ltr'>ή</span> <span class='ocrx_word' id='word_1_514' title='bbox 2096 2562 2204 2632; x_wconf 82' lang='grc' dir='ltr'>γὰρ</span> <span class='ocrx_word' id='word_1_515' title='bbox 2254 2563 2363 2616; x_wconf 88' lang='grc' dir='ltr'>τῶν</span> <span class='ocrx_word' id='word_1_516' title='bbox 2395 2561 2668 2632; x_wconf 77' lang='grc' dir='ltr'>Ἑλλήνων</span> <span class='ocrx_word' id='word_1_517' title='bbox 2696 2562 2772 2626; x_wconf 84' lang='grc' dir='ltr'>ὡς</span> <span class='ocrx_word' id='word_1_518' title='bbox 2807 2563 3005 2634; x_wconf 88' lang='grc' dir='ltr'>χόρτος</span> <span class='ocrx_word' id='word_1_519' title='bbox 3059 2562 3302 2634; x_wconf 84' lang='grc' dir='ltr'>ἐγήρασε</span> <span class='ocrx_word' id='word_1_520' title='bbox 3334 2561 3433 2615; x_wconf 70' lang='grc' dir='ltr'>καὶ</span> <span class='ocrx_word' id='word_1_521' title='bbox 3473 2561 3614 2612; x_wconf 57' lang='grc' dir='ltr'>ἀπε.</span> 
     </span>
    </p>
   </div>
   <div class='ocr_carea' id='block_1_70' title="bbox 2031 2654 2298 2726">
    <p class='ocr_par' dir='ltr' id='par_1_70' title="bbox 2031 2654 2298 2726">
     <span class='ocr_line' id='line_1_70' title="bbox 2031 2654 2298 2726; baseline 0.022 -6"><span class='ocrx_word' id='word_1_522' title='bbox 2031 2654 2298 2726; x_wconf 74' lang='grc' dir='ltr'>ξηράνθη·</span> 
     </span>
    </p>
   </div>
   <div class='ocr_carea' id='block_1_71' title="bbox 2107 2745 3616 2817">
    <p class='ocr_par' dir='ltr' id='par_1_71' title="bbox 2107 2745 3616 2817">
     <span class='ocr_line' id='line_1_71' title="bbox 2107 2745 3616 2817; baseline -0.001 -18"><span class='ocrx_word' id='word_1_523' title='bbox 2107 2765 2126 2799; x_wconf 85' lang='grc' dir='ltr'>ι</span> <span class='ocrx_word' id='word_1_524' title='bbox 2167 2746 2292 2800; x_wconf 76' lang='grc' dir='ltr'>Ἐπὶ</span> <span class='ocrx_word' id='word_1_525' title='bbox 2351 2747 2545 2809; x_wconf 79' lang='grc' dir='ltr'>ὓδατος</span> <span class='ocrx_word' id='word_1_526' title='bbox 2606 2748 2973 2812; x_wconf 84' lang='grc' dir='ltr'>ἀναπαύσεως</span> <span class='ocrx_word' id='word_1_527' title='bbox 3031 2745 3292 2816; x_wconf 80' lang='grc' dir='ltr'>ἐξέθρεψέ</span> <span class='ocrx_word' id='word_1_528' title='bbox 3342 2763 3432 2817; x_wconf 88' lang='grc' dir='ltr'>με.</span> <span class='ocrx_word' id='word_1_529' title='bbox 3477 2763 3496 2797; x_wconf 76' lang='grc' dir='ltr'>ι</span> <span class='ocrx_word' id='word_1_530' title='bbox 3546 2774 3616 2786; x_wconf 94' lang='lat'><strong><em>—</em></strong></span> 
     </span>
    </p>
   </div>
   <div class='ocr_carea' id='block_1_72' title="bbox 2030 2837 3615 2912">
    <p class='ocr_par' dir='ltr' id='par_1_72' title="bbox 2030 2837 3615 2912">
     <span class='ocr_line' id='line_1_72' title="bbox 2030 2837 3615 2912; baseline -0.003 -18"><span class='ocrx_word' id='word_1_531' title='bbox 2030 2839 2203 2894; x_wconf 84' lang='grc' dir='ltr'>Τοῦτο</span> <span class='ocrx_word' id='word_1_532' title='bbox 2227 2841 2318 2895; x_wconf 87' lang='grc' dir='ltr'>διά</span> <span class='ocrx_word' id='word_1_533' title='bbox 2371 2841 2434 2896; x_wconf 76' lang='grc' dir='ltr'>τὸ</span> <span class='ocrx_word' id='word_1_534' title='bbox 2465 2842 2692 2912; x_wconf 74' lang='grc' dir='ltr'>λουτρὸν</span> <span class='ocrx_word' id='word_1_535' title='bbox 2755 2843 2850 2897; x_wconf 89' lang='grc' dir='ltr'>τοῦ</span> <span class='ocrx_word' id='word_1_536' title='bbox 2900 2841 3324 2911; x_wconf 80' lang='grc' dir='ltr'>βαπτίσματοςο</span> <span class='ocrx_word' id='word_1_537' title='bbox 3377 2840 3467 2894; x_wconf 82' lang='grc' dir='ltr'>διὰ</span> <span class='ocrx_word' id='word_1_538' title='bbox 3520 2837 3615 2891; x_wconf 84' lang='grc' dir='ltr'>τοῦ</span> 
     </span>
    </p>
   </div>
   <div class='ocr_carea' id='block_1_73' title="bbox 2029 2932 3615 3005">
    <p class='ocr_par' dir='ltr' id='par_1_73' title="bbox 2029 2932 3615 3005">
     <span class='ocr_line' id='line_1_73' title="bbox 2029 2932 3615 3005; baseline 0 -20"><span class='ocrx_word' id='word_1_539' title='bbox 2029 2933 2274 2987; x_wconf 85' lang='grc' dir='ltr'>τοιούτου</span> <span class='ocrx_word' id='word_1_540' title='bbox 2335 2935 2444 3003; x_wconf 89' lang='grc' dir='ltr'>γάρ</span> <span class='ocrx_word' id='word_1_541' title='bbox 2501 2935 2693 3000; x_wconf 79' lang='grc' dir='ltr'>ὓδατος</span> <span class='ocrx_word' id='word_1_542' title='bbox 2751 2935 3120 3005; x_wconf 77' lang='grc' dir='ltr'>ρυπτόμενοι,</span> <span class='ocrx_word' id='word_1_543' title='bbox 3182 2934 3462 3003; x_wconf 84' lang='grc' dir='ltr'>ρύπτομεν</span> <span class='ocrx_word' id='word_1_544' title='bbox 3519 2932 3615 2985; x_wconf 71' lang='grc' dir='ltr'>τὸν</span> 
     </span>
    </p>
   </div>
   <div class='ocr_carea' id='block_1_74' title="bbox 2033 3023 3614 3096">
    <p class='ocr_par' dir='ltr' id='par_1_74' title="bbox 2033 3023 3614 3096">
     <span class='ocr_line' id='line_1_74' title="bbox 2033 3023 3614 3096; baseline -0.001 -20"><span class='ocrx_word' id='word_1_545' title='bbox 2033 3025 2196 3078; x_wconf 86' lang='grc' dir='ltr'>πόνον</span> <span class='ocrx_word' id='word_1_546' title='bbox 2232 3025 2330 3080; x_wconf 78' lang='grc' dir='ltr'>καὶ</span> <span class='ocrx_word' id='word_1_547' title='bbox 2363 3026 2423 3079; x_wconf 85' lang='grc' dir='ltr'>τδ</span> <span class='ocrx_word' id='word_1_548' title='bbox 2456 3024 2622 3096; x_wconf 83' lang='grc' dir='ltr'>βάρος</span> <span class='ocrx_word' id='word_1_549' title='bbox 2662 3043 2765 3090; x_wconf 84' lang='grc' dir='ltr'>της</span> <span class='ocrx_word' id='word_1_550' title='bbox 2791 3025 3070 3096; x_wconf 86' lang='grc' dir='ltr'>ἀμαρτίας</span> <span class='ocrx_word' id='word_1_551' title='bbox 3090 3041 3106 3055; x_wconf 94' lang='grc'>⁸</span> <span class='ocrx_word' id='word_1_552' title='bbox 3135 3025 3232 3078; x_wconf 69' lang='grc' dir='ltr'>καὶ</span> <span class='ocrx_word' id='word_1_553' title='bbox 3261 3023 3452 3077; x_wconf 77' lang='grc' dir='ltr'>λοιπὸν</span> <span class='ocrx_word' id='word_1_554' title='bbox 3476 3023 3614 3076; x_wconf 81' lang='grc' dir='ltr'>ἀνα-</span> 
     </span>
    </p>
   </div>
   <div class='ocr_carea' id='block_1_75' title="bbox 2031 3115 3616 3190">
    <p class='ocr_par' dir='ltr' id='par_1_75' title="bbox 2031 3115 3616 3190">
     <span class='ocr_line' id='line_1_75' title="bbox 2031 3115 3616 3190; baseline -0.002 -19"><span class='ocrx_word' id='word_1_555' title='bbox 2031 3116 2357 3186; x_wconf 81' lang='grc' dir='ltr'>παυόμεθα⁸</span> <span class='ocrx_word' id='word_1_556' title='bbox 2391 3118 2472 3171; x_wconf 82' lang='grc' dir='ltr'>διὸ</span> <span class='ocrx_word' id='word_1_557' title='bbox 2504 3119 2599 3171; x_wconf 81' lang='grc' dir='ltr'>καὶ</span> <span class='ocrx_word' id='word_1_558' title='bbox 2633 3121 2660 3172; x_wconf 85' lang='lat'>6</span> <span class='ocrx_word' id='word_1_559' title='bbox 2715 3119 2923 3190; x_wconf 84' lang='grc' dir='ltr'>Κύριος</span> <span class='ocrx_word' id='word_1_560' title='bbox 2959 3117 3147 3185; x_wconf 77' lang='grc' dir='ltr'>ἐλεγε⁸</span> <span class='ocrx_word' id='word_1_561' title='bbox 3189 3136 3210 3170; x_wconf 83' lang='grc' dir='ltr'>ι</span> <span class='ocrx_word' id='word_1_562' title='bbox 3257 3115 3425 3169; x_wconf 82' lang='grc' dir='ltr'>Δεῦτε</span> <span class='ocrx_word' id='word_1_563' title='bbox 3475 3117 3616 3184; x_wconf 80' lang='grc' dir='ltr'>πρός</span> 
     </span>
    </p>
   </div>
   <div class='ocr_carea' id='block_1_76' title="bbox 2039 3205 3615 3278">
    <p class='ocr_par' dir='ltr' id='par_1_76' title="bbox 2039 3205 3615 3278">
     <span class='ocr_line' id='line_1_76' title="bbox 2039 3205 3615 3278; baseline -0.003 -16"><span class='ocrx_word' id='word_1_564' title='bbox 2039 3225 2108 3278; x_wconf 82' lang='grc' dir='ltr'>με</span> <span class='ocrx_word' id='word_1_565' title='bbox 2142 3210 2345 3272; x_wconf 84' lang='grc' dir='ltr'>πάντες</span> <span class='ocrx_word' id='word_1_566' title='bbox 2381 3209 2433 3262; x_wconf 87' lang='grc' dir='ltr'>οί</span> <span class='ocrx_word' id='word_1_567' title='bbox 2465 3209 2770 3272; x_wconf 81' lang='grc' dir='ltr'>κοπιῶντες</span> <span class='ocrx_word' id='word_1_568' title='bbox 2817 3209 2914 3262; x_wconf 77' lang='grc' dir='ltr'>καὶ</span> <span class='ocrx_word' id='word_1_569' title='bbox 2955 3207 3410 3278; x_wconf 86' lang='grc' dir='ltr'>πεφορτισμένοι,</span> <span class='ocrx_word' id='word_1_570' title='bbox 3456 3205 3615 3273; x_wconf 85' lang='grc' dir='ltr'>κάγὼ</span> 
     </span>
    </p>
   </div>
   <div class='ocr_carea' id='block_1_77' title="bbox 2031 3298 3618 3371">
    <p class='ocr_par' dir='ltr' id='par_1_77' title="bbox 2031 3298 3618 3371">
     <span class='ocr_line' id='line_1_77' title="bbox 2031 3298 3618 3371; baseline -0.003 -17"><span class='ocrx_word' id='word_1_571' title='bbox 2031 3301 2333 3356; x_wconf 86' lang='grc' dir='ltr'>ἀναπαύσω</span> <span class='ocrx_word' id='word_1_572' title='bbox 2367 3302 2547 3371; x_wconf 80' lang='grc' dir='ltr'>ὑμᾶς’</span> <span class='ocrx_word' id='word_1_573' title='bbox 2587 3320 2608 3354; x_wconf 86' lang='grc'><strong>›</strong></span> <span class='ocrx_word' id='word_1_574' title='bbox 2661 3301 2700 3370; x_wconf 82' lang='grc' dir='ltr'><em>ἣ</em></span> <span class='ocrx_word' id='word_1_575' title='bbox 2733 3301 2832 3355; x_wconf 74' lang='grc' dir='ltr'>καί</span> <span class='ocrx_word' id='word_1_576' title='bbox 2862 3300 3070 3366; x_wconf 72' lang='grc' dir='ltr'>ἄλλως</span> <span class='ocrx_word' id='word_1_577' title='bbox 3103 3314 3118 3329; x_wconf 97' lang='grc'>⁸</span> <span class='ocrx_word' id='word_1_578' title='bbox 3162 3298 3311 3367; x_wconf 79' lang='grc' dir='ltr'>ὕδωρ</span> <span class='ocrx_word' id='word_1_579' title='bbox 3366 3299 3426 3351; x_wconf 80' lang='grc' dir='ltr'>τὸ</span> <span class='ocrx_word' id='word_1_580' title='bbox 3474 3298 3618 3366; x_wconf 82' lang='grc' dir='ltr'>ζωη-</span> 
     </span>
    </p>
   </div>
   <div class='ocr_carea' id='block_1_78' title="bbox 2036 3393 3617 3465">
    <p class='ocr_par' dir='ltr' id='par_1_78' title="bbox 2036 3393 3617 3465">
     <span class='ocr_line' id='line_1_78' title="bbox 2036 3393 3617 3465; baseline -0.003 -17"><span class='ocrx_word' id='word_1_581' title='bbox 2036 3395 2128 3465; x_wconf 84' lang='grc' dir='ltr'>ρὺν</span> <span class='ocrx_word' id='word_1_582' title='bbox 2150 3397 2301 3465; x_wconf 80' lang='grc' dir='ltr'>νᾶμα</span> <span class='ocrx_word' id='word_1_583' title='bbox 2325 3397 2421 3464; x_wconf 80' lang='grc' dir='ltr'>τῆς</span> <span class='ocrx_word' id='word_1_584' title='bbox 2449 3395 2542 3448; x_wconf 88' lang='grc' dir='ltr'>τοῦ</span> <span class='ocrx_word' id='word_1_585' title='bbox 2573 3394 2809 3464; x_wconf 82' lang='grc' dir='ltr'>Χριστοῦ</span> <span class='ocrx_word' id='word_1_586' title='bbox 2839 3394 3218 3456; x_wconf 80' lang='grc' dir='ltr'>διδασκαλίας,</span> <span class='ocrx_word' id='word_1_587' title='bbox 3247 3393 3322 3455; x_wconf 81' lang='grc' dir='ltr'>ὡς</span> <span class='ocrx_word' id='word_1_588' title='bbox 3348 3393 3617 3462; x_wconf 82' lang='grc' dir='ltr'>προειρή-</span> 
     </span>
    </p>
   </div>
   <div class='ocr_carea' id='block_1_79' title="bbox 2033 3483 3620 3558">
    <p class='ocr_par' dir='ltr' id='par_1_79' title="bbox 2033 3483 3620 3558">
     <span class='ocr_line' id='line_1_79' title="bbox 2033 3483 3620 3558; baseline -0.004 -17"><span class='ocrx_word' id='word_1_589' title='bbox 2033 3504 2210 3557; x_wconf 85' lang='grc' dir='ltr'>καμεν</span> <span class='ocrx_word' id='word_1_590' title='bbox 2248 3489 2329 3550; x_wconf 86' lang='grc' dir='ltr'>είς</span> <span class='ocrx_word' id='word_1_591' title='bbox 2361 3489 2455 3540; x_wconf 74' lang='grc' dir='ltr'>τὸν</span> <span class='ocrx_word' id='word_1_592' title='bbox 2485 3489 2701 3556; x_wconf 86' lang='grc' dir='ltr'>πρῶτον</span> <span class='ocrx_word' id='word_1_593' title='bbox 2730 3487 2968 3558; x_wconf 76' lang='grc' dir='ltr'>ψαλμὸν,</span> <span class='ocrx_word' id='word_1_594' title='bbox 2997 3488 3059 3540; x_wconf 83' lang='grc' dir='ltr'>τὸ</span> <span class='ocrx_word' id='word_1_595' title='bbox 3087 3486 3249 3555; x_wconf 81' lang='grc' dir='ltr'>παρὰ</span> <span class='ocrx_word' id='word_1_596' title='bbox 3291 3485 3400 3551; x_wconf 81' lang='grc' dir='ltr'>τὰς</span> <span class='ocrx_word' id='word_1_597' title='bbox 3427 3483 3620 3548; x_wconf 78' lang='grc' dir='ltr'>διεξό-</span> 
     </span>
    </p>
   </div>
   <div class='ocr_carea' id='block_1_80' title="bbox 2034 3580 3057 3651">
    <p class='ocr_par' dir='ltr' id='par_1_80' title="bbox 2034 3580 3057 3651">
     <span class='ocr_line' id='line_1_80' title="bbox 2034 3580 3057 3651; baseline -0.003 -15"><span class='ocrx_word' id='word_1_598' title='bbox 2034 3580 2182 3646; x_wconf 80' lang='grc' dir='ltr'>δους</span> <span class='ocrx_word' id='word_1_599' title='bbox 2215 3580 2335 3635; x_wconf 76' lang='grc' dir='ltr'>τῶν</span> <span class='ocrx_word' id='word_1_600' title='bbox 2364 3580 2606 3637; x_wconf 80' lang='grc' dir='ltr'>ὑδάτων</span> <span class='ocrx_word' id='word_1_601' title='bbox 2633 3581 3057 3651; x_wconf 82' lang='grc' dir='ltr'>ἑρμηνεύοντες.</span> 
     </span>
    </p>
   </div>
   <div class='ocr_carea' id='block_1_81' title="bbox 2106 3670 3618 3745">
    <p class='ocr_par' dir='ltr' id='par_1_81' title="bbox 2106 3670 3618 3745">
     <span class='ocr_line' id='line_1_81' title="bbox 2106 3670 3618 3745; baseline -0.001 -17"><span class='ocrx_word' id='word_1_602' title='bbox 2106 3694 2126 3728; x_wconf 83' lang='grc' dir='ltr'>ι</span> <span class='ocrx_word' id='word_1_603' title='bbox 2152 3674 2266 3745; x_wconf 84' lang='grc' dir='ltr'>Τὴν</span> <span class='ocrx_word' id='word_1_604' title='bbox 2285 3675 2466 3745; x_wconf 71' lang='grc' dir='ltr'>ψυχήν</span> <span class='ocrx_word' id='word_1_605' title='bbox 2487 3692 2590 3744; x_wconf 90' lang='grc' dir='ltr'>μου</span> <span class='ocrx_word' id='word_1_606' title='bbox 2617 3674 2970 3744; x_wconf 67' lang='grc' dir='ltr'>ἐπέστρεψεν.</span> <span class='ocrx_word' id='word_1_607' title='bbox 2995 3692 3014 3726; x_wconf 76' lang='grc' dir='ltr'>ι</span> <span class='ocrx_word' id='word_1_608' title='bbox 3043 3672 3258 3726; x_wconf 81' lang='grc' dir='ltr'>-Ἀπδ</span> <span class='ocrx_word' id='word_1_609' title='bbox 3289 3671 3392 3741; x_wconf 86' lang='grc' dir='ltr'>τῆς</span> <span class='ocrx_word' id='word_1_610' title='bbox 3409 3670 3618 3740; x_wconf 78' lang='grc' dir='ltr'>πλάνης</span> 
     </span>
    </p>
   </div>
   <div class='ocr_carea' id='block_1_82' title="bbox 2020 3767 2428 3822">
    <p class='ocr_par' dir='ltr' id='par_1_82' title="bbox 2020 3767 2428 3822">
     <span class='ocr_line' id='line_1_82' title="bbox 2020 3767 2428 3822; baseline 0.002 -1"><span class='ocrx_word' id='word_1_611' title='bbox 2020 3767 2146 3822; x_wconf 80' lang='grc' dir='ltr'>’τῶν</span> <span class='ocrx_word' id='word_1_612' title='bbox 2171 3768 2428 3822; x_wconf 78' lang='grc' dir='ltr'>εἰδώλων.</span> 
     </span>
    </p>
   </div>
   <div class='ocr_carea' id='block_1_83' title="bbox 2115 3859 3670 3932">
    <p class='ocr_par' dir='ltr' id='par_1_83' title="bbox 2115 3859 3670 3932">
     <span class='ocr_line' id='line_1_83' title="bbox 2115 3859 3670 3932; baseline -0.002 -20"><span class='ocrx_word' id='word_1_613' title='bbox 2115 3880 2132 3912; x_wconf 80' lang='grc' dir='ltr'>ι</span> <span class='ocrx_word' id='word_1_614' title='bbox 2183 3860 2452 3929; x_wconf 83' lang='grc' dir='ltr'>Ὠδήγησέ</span> <span class='ocrx_word' id='word_1_615' title='bbox 2481 3876 2549 3930; x_wconf 88' lang='grc' dir='ltr'>με</span> <span class='ocrx_word' id='word_1_616' title='bbox 2579 3862 2672 3914; x_wconf 75' lang='grc' dir='ltr'>ἐπὶ</span> <span class='ocrx_word' id='word_1_617' title='bbox 2709 3859 2930 3932; x_wconf 88' lang='grc' dir='ltr'>τρίϐους</span> <span class='ocrx_word' id='word_1_618' title='bbox 2963 3859 3337 3929; x_wconf 88' lang='grc' dir='ltr'>δικαιοσύνης.</span> <span class='ocrx_word' id='word_1_619' title='bbox 3377 3877 3398 3910; x_wconf 75' lang='grc' dir='ltr'>ι</span> <span class='ocrx_word' id='word_1_620' title='bbox 3426 3886 3500 3898; x_wconf 92' lang='grc'><strong><em>-</em></strong></span> <span class='ocrx_word' id='word_1_621' title='bbox 3529 3859 3618 3910; x_wconf 88' lang='grc' dir='ltr'>Δι-</span> <span class='ocrx_word' id='word_1_622' title='bbox 3666 3893 3670 3897; x_wconf 65' lang='grc' dir='ltr'><strong><em>ς</em></strong></span> 
     </span>
    </p>
   </div>
   <div class='ocr_carea' id='block_1_84' title="bbox 2037 3950 3615 4024">
    <p class='ocr_par' dir='ltr' id='par_1_84' title="bbox 2037 3950 3615 4024">
     <span class='ocr_line' id='line_1_84' title="bbox 2037 3950 3615 4024; baseline -0.005 -15"><span class='ocrx_word' id='word_1_623' title='bbox 2037 3954 2334 4024; x_wconf 88' lang='grc' dir='ltr'>καιοσύνην</span> <span class='ocrx_word' id='word_1_624' title='bbox 2365 3952 2600 4008; x_wconf 83' lang='grc' dir='ltr'>ἐνταῦθα</span> <span class='ocrx_word' id='word_1_625' title='bbox 2639 3954 2737 4024; x_wconf 81' lang='grc' dir='ltr'>τὴν</span> <span class='ocrx_word' id='word_1_626' title='bbox 2764 3952 2997 4006; x_wconf 78' lang='grc' dir='ltr'>καθόλου</span> <span class='ocrx_word' id='word_1_627' title='bbox 3033 3953 3182 4018; x_wconf 88' lang='grc' dir='ltr'>λέγει</span> <span class='ocrx_word' id='word_1_628' title='bbox 3213 3951 3312 4020; x_wconf 77' lang='grc' dir='ltr'>τὴν</span> <span class='ocrx_word' id='word_1_629' title='bbox 3346 3950 3615 4020; x_wconf 85' lang='grc' dir='ltr'>ἐμπεριέ-</span> 
     </span>
    </p>
   </div>
   <div class='ocr_carea' id='block_1_85' title="bbox 2038 4042 3618 4117">
    <p class='ocr_par' dir='ltr' id='par_1_85' title="bbox 2038 4042 3618 4117">
     <span class='ocr_line' id='line_1_85' title="bbox 2038 4042 3618 4117; baseline -0.003 -18"><span class='ocrx_word' id='word_1_630' title='bbox 2038 4062 2242 4117; x_wconf 88' lang='grc' dir='ltr'>χουσαν</span> <span class='ocrx_word' id='word_1_631' title='bbox 2276 4045 2458 4108; x_wconf 86' lang='grc' dir='ltr'>πάσας</span> <span class='ocrx_word' id='word_1_632' title='bbox 2486 4045 2584 4108; x_wconf 82' lang='grc' dir='ltr'>τὰς</span> <span class='ocrx_word' id='word_1_633' title='bbox 2637 4045 2842 4115; x_wconf 84' lang='grc' dir='ltr'>ἀρετάς</span> <span class='ocrx_word' id='word_1_634' title='bbox 2867 4062 2881 4080; x_wconf 83' lang='grc'>⁸</span> <span class='ocrx_word' id='word_1_635' title='bbox 2930 4045 3151 4114; x_wconf 87' lang='grc' dir='ltr'>τρίϐους</span> <span class='ocrx_word' id='word_1_636' title='bbox 3181 4044 3238 4097; x_wconf 84' lang='grc' dir='ltr'>δὲ</span> <span class='ocrx_word' id='word_1_637' title='bbox 3281 4042 3491 4113; x_wconf 86' lang='grc' dir='ltr'>ταύτης</span> <span class='ocrx_word' id='word_1_638' title='bbox 3523 4042 3618 4104; x_wconf 77' lang='grc' dir='ltr'>τὰς</span> 
     </span>
    </p>
   </div>
   <div class='ocr_carea' id='block_1_86' title="bbox 2042 4137 3620 4211">
    <p class='ocr_par' dir='ltr' id='par_1_86' title="bbox 2042 4137 3620 4211">
     <span class='ocr_line' id='line_1_86' title="bbox 2042 4137 3620 4211; baseline -0.003 -17"><span class='ocrx_word' id='word_1_639' title='bbox 2042 4140 2279 4211; x_wconf 88' lang='grc' dir='ltr'>μερικάς</span> <span class='ocrx_word' id='word_1_640' title='bbox 2331 4141 2570 4210; x_wconf 83' lang='grc' dir='ltr'>ἀρετάς·</span> <span class='ocrx_word' id='word_1_641' title='bbox 2610 4140 2746 4194; x_wconf 88' lang='grc' dir='ltr'>διότι</span> <span class='ocrx_word' id='word_1_642' title='bbox 2779 4140 3040 4210; x_wconf 76' lang='grc' dir='ltr'>φέρουσιν</span> <span class='ocrx_word' id='word_1_643' title='bbox 3071 4140 3154 4202; x_wconf 86' lang='grc' dir='ltr'>είς</span> <span class='ocrx_word' id='word_1_644' title='bbox 3205 4139 3413 4207; x_wconf 88' lang='grc' dir='ltr'>αὐτήν·</span> <span class='ocrx_word' id='word_1_645' title='bbox 3456 4137 3620 4199; x_wconf 73' lang='grc' dir='ltr'>αὐτὸς</span> 
     </span>
    </p>
   </div>
   <div class='ocr_carea' id='block_1_87' title="bbox 2039 4229 3620 4304">
    <p class='ocr_par' dir='ltr' id='par_1_87' title="bbox 2039 4229 3620 4304">
     <span class='ocr_line' id='line_1_87' title="bbox 2039 4229 3620 4304; baseline -0.004 -18"><span class='ocrx_word' id='word_1_646' title='bbox 2039 4235 2149 4302; x_wconf 85' lang='grc' dir='ltr'>γὰρ</span> <span class='ocrx_word' id='word_1_647' title='bbox 2177 4231 2606 4304; x_wconf 86' lang='grc' dir='ltr'>ἐνανθρωπήσας</span> <span class='ocrx_word' id='word_1_648' title='bbox 2656 4230 2820 4301; x_wconf 80' lang='grc' dir='ltr'>ἔτεμε</span> <span class='ocrx_word' id='word_1_649' title='bbox 2868 4231 3070 4295; x_wconf 83' lang='grc' dir='ltr'>ταύτας</span> <span class='ocrx_word' id='word_1_650' title='bbox 3105 4231 3202 4285; x_wconf 77' lang='grc' dir='ltr'>καὶ</span> <span class='ocrx_word' id='word_1_651' title='bbox 3227 4230 3453 4300; x_wconf 80' lang='grc' dir='ltr'>βαδίσας</span> <span class='ocrx_word' id='word_1_652' title='bbox 3488 4229 3620 4282; x_wconf 86' lang='grc' dir='ltr'>ὑπέ-</span> 
     </span>
    </p>
   </div>
   <div class='ocr_carea' id='block_1_88' title="bbox 2038 4323 3308 4393">
    <p class='ocr_par' dir='ltr' id='par_1_88' title="bbox 2038 4323 3308 4393">
     <span class='ocr_line' id='line_1_88' title="bbox 2038 4323 3308 4393; baseline 0.001 -17"><span class='ocrx_word' id='word_1_653' title='bbox 2038 4323 2214 4385; x_wconf 84' lang='grc' dir='ltr'>δειξεν</span> <span class='ocrx_word' id='word_1_654' title='bbox 2246 4323 2394 4392; x_wconf 81' lang='grc' dir='ltr'>ἔργῳ</span> <span class='ocrx_word' id='word_1_655' title='bbox 2425 4324 2522 4377; x_wconf 80' lang='grc' dir='ltr'>καὶ</span> <span class='ocrx_word' id='word_1_656' title='bbox 2551 4324 2696 4392; x_wconf 86' lang='grc' dir='ltr'>λόγῳ</span> <span class='ocrx_word' id='word_1_657' title='bbox 2728 4323 3113 4391; x_wconf 71' lang='grc' dir='ltr'>καθοδηγήσας</span> <span class='ocrx_word' id='word_1_658' title='bbox 3139 4323 3308 4393; x_wconf 78' lang='grc' dir='ltr'>ἡμᾶς.</span> 
     </span>
    </p>
   </div>
   <div class='ocr_carea' id='block_1_89' title="bbox 2115 4413 3622 4484">
    <p class='ocr_par' dir='ltr' id='par_1_89' title="bbox 2115 4413 3622 4484">
     <span class='ocr_line' id='line_1_89' title="bbox 2115 4413 3622 4484; baseline 0.002 -19"><span class='ocrx_word' id='word_1_659' title='bbox 2115 4432 2134 4465; x_wconf 82' lang='grc' dir='ltr'>ι</span> <span class='ocrx_word' id='word_1_660' title='bbox 2172 4414 2403 4468; x_wconf 87' lang='grc' dir='ltr'>Ἕνεκεν</span> <span class='ocrx_word' id='word_1_661' title='bbox 2437 4413 2531 4468; x_wconf 87' lang='grc' dir='ltr'>τοῦ</span> <span class='ocrx_word' id='word_1_662' title='bbox 2566 4415 2832 4484; x_wconf 83' lang='grc' dir='ltr'>ὀνόματος</span> <span class='ocrx_word' id='word_1_663' title='bbox 2871 4413 3058 4468; x_wconf 89' lang='grc' dir='ltr'>αὐτοῦ.</span> <span class='ocrx_word' id='word_1_664' title='bbox 3098 4433 3118 4466; x_wconf 77' lang='grc' dir='ltr'>ι</span> <span class='ocrx_word' id='word_1_665' title='bbox 3156 4444 3226 4456; x_wconf 71' lang='lat'>~—</span> <span class='ocrx_word' id='word_1_666' title='bbox 3257 4415 3354 4468; x_wconf 88' lang='grc' dir='ltr'>Διά</span> <span class='ocrx_word' id='word_1_667' title='bbox 3388 4414 3447 4468; x_wconf 72' lang='grc' dir='ltr'>τὸ</span> <span class='ocrx_word' id='word_1_668' title='bbox 3489 4416 3622 4484; x_wconf 85' lang='grc' dir='ltr'>κλη-</span> 
     </span>
    </p>
   </div>
   <div class='ocr_carea' id='block_1_90' title="bbox 2041 4502 3621 4577">
    <p class='ocr_par' dir='ltr' id='par_1_90' title="bbox 2041 4502 3621 4577">
     <span class='ocr_line' id='line_1_90' title="bbox 2041 4502 3621 4577; baseline -0.001 -20"><span class='ocrx_word' id='word_1_669' title='bbox 2041 4502 2200 4576; x_wconf 82' lang='grc' dir='ltr'>θῆναί</span> <span class='ocrx_word' id='word_1_670' title='bbox 2232 4521 2300 4572; x_wconf 88' lang='grc' dir='ltr'>με</span> <span class='ocrx_word' id='word_1_671' title='bbox 2358 4504 2769 4575; x_wconf 76' lang='grc' dir='ltr'>Χριστιανὸν,ή</span> <span class='ocrx_word' id='word_1_672' title='bbox 2819 4506 2908 4558; x_wconf 78' lang='grc' dir='ltr'>ἵνα</span> <span class='ocrx_word' id='word_1_673' title='bbox 2970 4509 3046 4576; x_wconf 81' lang='grc' dir='ltr'>μὴ</span> <span class='ocrx_word' id='word_1_674' title='bbox 3111 4506 3510 4577; x_wconf 75' lang='grc' dir='ltr'>βλασφημῆται</span> <span class='ocrx_word' id='word_1_675' title='bbox 3563 4506 3621 4556; x_wconf 77' lang='grc' dir='ltr'>τὸ</span> 
     </span>
    </p>
   </div>
   <div class='ocr_carea' id='block_1_91' title="bbox 353 4592 3620 4670">
    <p class='ocr_par' dir='ltr' id='par_1_91' title="bbox 353 4592 3620 4670">
     <span class='ocr_line' id='line_1_91' title="bbox 353 4592 3620 4670; baseline 0.002 -26"><span class='ocrx_word' id='word_1_676' title='bbox 353 4592 474 4644; x_wconf 78' lang='grc' dir='ltr'>ἀλλ’</span> <span class='ocrx_word' id='word_1_677' title='bbox 499 4594 852 4662; x_wconf 82' lang='grc' dir='ltr'>ἀπωσμένον,</span> <span class='ocrx_word' id='word_1_678' title='bbox 887 4595 921 4663; x_wconf 79' lang='grc' dir='ltr'>ἦ</span> <span class='ocrx_word' id='word_1_679' title='bbox 953 4596 1012 4648; x_wconf 78' lang='grc' dir='ltr'>ὃν</span> <span class='ocrx_word' id='word_1_680' title='bbox 1039 4596 1466 4667; x_wconf 87' lang='grc' dir='ltr'>ἐδημιούργησε.</span> <span class='ocrx_word' id='word_1_681' title='bbox 1492 4598 1565 4651; x_wconf 84' lang='grc' dir='ltr'>Τὸ</span> <span class='ocrx_word' id='word_1_682' title='bbox 1596 4598 1676 4663; x_wconf 81' lang='grc' dir='ltr'>δέ,</span> <span class='ocrx_word' id='word_1_683' title='bbox 1722 4599 1918 4667; x_wconf 62' lang='grc' dir='ltr'>Ἀναγκ</span> <span class='ocrx_word' id='word_1_684' title='bbox 1957 4603 2011 4663; x_wconf 85' lang='lat' dir='ltr'><strong>D</strong></span> <span class='ocrx_word' id='word_1_685' title='bbox 2037 4596 2211 4668; x_wconf 73' lang='grc' dir='ltr'>ὄνομα</span> <span class='ocrx_word' id='word_1_686' title='bbox 2260 4597 2426 4653; x_wconf 90' lang='grc' dir='ltr'>αὐτοῦ</span> <span class='ocrx_word' id='word_1_687' title='bbox 2461 4598 2530 4652; x_wconf 70' lang='grc' dir='ltr'>δι’</span> <span class='ocrx_word' id='word_1_688' title='bbox 2558 4599 2777 4652; x_wconf 84' lang='grc' dir='ltr'>ἀτόπων</span> <span class='ocrx_word' id='word_1_689' title='bbox 2811 4599 3064 4669; x_wconf 83' lang='grc' dir='ltr'>πράξεων</span> <span class='ocrx_word' id='word_1_690' title='bbox 3114 4599 3269 4670; x_wconf 87' lang='grc' dir='ltr'>παρά</span> <span class='ocrx_word' id='word_1_691' title='bbox 3322 4602 3436 4663; x_wconf 77' lang='grc' dir='ltr'>τοῖς</span> <span class='ocrx_word' id='word_1_692' title='bbox 3495 4600 3620 4652; x_wconf 85' lang='grc' dir='ltr'>ἀπί-</span> 
     </span>
    </p>
   </div>
   <div class='ocr_carea' id='block_1_92' title="bbox 353 4684 1932 4762">
    <p class='ocr_par' dir='ltr' id='par_1_92' title="bbox 353 4684 1932 4762">
     <span class='ocr_line' id='line_1_92' title="bbox 353 4684 1932 4762; baseline 0.005 -25"><span class='ocrx_word' id='word_1_693' title='bbox 353 4684 675 4753; x_wconf 72' lang='grc' dir='ltr'>τελήσεται</span> <span class='ocrx_word' id='word_1_694' title='bbox 706 4687 787 4750; x_wconf 81' lang='grc' dir='ltr'>τῷ</span> <span class='ocrx_word' id='word_1_695' title='bbox 819 4688 1036 4757; x_wconf 84' lang='grc' dir='ltr'>Κυρίῳ,</span> <span class='ocrx_word' id='word_1_696' title='bbox 1062 4690 1206 4753; x_wconf 87' lang='grc' dir='ltr'>τινές</span> <span class='ocrx_word' id='word_1_697' title='bbox 1231 4691 1406 4754; x_wconf 77' lang='grc' dir='ltr'>ἄλλως</span> <span class='ocrx_word' id='word_1_698' title='bbox 1437 4691 1809 4762; x_wconf 86' lang='grc' dir='ltr'>ήρμήνευσαν,</span> <span class='ocrx_word' id='word_1_699' title='bbox 1859 4693 1932 4744; x_wconf 83' lang='grc' dir='ltr'>εἰ·</span> 
     </span>
    </p>
   </div>
   <div class='ocr_carea' id='block_1_93' title="bbox 353 4774 1928 4850">
    <p class='ocr_par' dir='ltr' id='par_1_93' title="bbox 353 4774 1928 4850">
     <span class='ocr_line' id='line_1_93' title="bbox 353 4774 1928 4850; baseline 0.006 -26"><span class='ocrx_word' id='word_1_700' title='bbox 353 4777 550 4838; x_wconf 75' lang='grc' dir='ltr'>πάντες</span> <span class='ocrx_word' id='word_1_701' title='bbox 574 4774 655 4826; x_wconf 80' lang='grc' dir='ltr'>ὅτι</span> <span class='ocrx_word' id='word_1_702' title='bbox 693 4779 1025 4845; x_wconf 80' lang='grc' dir='ltr'>προφητεία,</span> <span class='ocrx_word' id='word_1_703' title='bbox 1076 4777 1324 4832; x_wconf 86' lang='grc' dir='ltr'>τουτέστι</span> <span class='ocrx_word' id='word_1_704' title='bbox 1355 4783 1484 4850; x_wconf 77' lang='grc' dir='ltr'>περὶ</span> <span class='ocrx_word' id='word_1_705' title='bbox 1513 4781 1623 4833; x_wconf 88' lang='grc' dir='ltr'>τῶν</span> <span class='ocrx_word' id='word_1_706' title='bbox 1669 4782 1728 4836; x_wconf 86' lang='grc' dir='ltr'>ἐν</span> <span class='ocrx_word' id='word_1_707' title='bbox 1762 4783 1928 4850; x_wconf 77' lang='grc' dir='ltr'>Ὶεροο</span> 
     </span>
    </p>
   </div>
   <div class='ocr_carea' id='block_1_94' title="bbox 356 4865 1924 4943">
    <p class='ocr_par' dir='ltr' id='par_1_94' title="bbox 356 4865 1924 4943">
     <span class='ocr_line' id='line_1_94' title="bbox 356 4865 1924 4943; baseline 0.006 -25"><span class='ocrx_word' id='word_1_708' title='bbox 356 4865 614 4931; x_wconf 82' lang='grc' dir='ltr'>σολύμοις</span> <span class='ocrx_word' id='word_1_709' title='bbox 648 4865 1000 4939; x_wconf 77' lang='grc' dir='ltr'>ζητησάντων</span> <span class='ocrx_word' id='word_1_710' title='bbox 1049 4871 1181 4924; x_wconf 84' lang='grc' dir='ltr'>ίδεῖν</span> <span class='ocrx_word' id='word_1_711' title='bbox 1230 4871 1324 4925; x_wconf 75' lang='grc' dir='ltr'>τὸν</span> <span class='ocrx_word' id='word_1_712' title='bbox 1361 4872 1571 4942; x_wconf 82' lang='grc' dir='ltr'>Ἰησοῦν</span> <span class='ocrx_word' id='word_1_713' title='bbox 1614 4872 1924 4943; x_wconf 79' lang='grc' dir='ltr'>Ἑλλήνωνο</span> 
     </span>
    </p>
   </div>
   <div class='ocr_carea' id='block_1_95' title="bbox 355 4959 1932 5037">
    <p class='ocr_par' dir='ltr' id='par_1_95' title="bbox 355 4959 1932 5037">
     <span class='ocr_line' id='line_1_95' title="bbox 355 4959 1932 5037; baseline 0.001 -23"><span class='ocrx_word' id='word_1_714' title='bbox 355 4963 489 5030; x_wconf 72' lang='grc' dir='ltr'>φησὶ</span> <span class='ocrx_word' id='word_1_715' title='bbox 513 4959 584 5028; x_wconf 89' lang='grc' dir='ltr'>γά</span> <span class='ocrx_word' id='word_1_716' title='bbox 593 4978 624 5031; x_wconf 90' lang='grc' dir='ltr'>ρ</span> <span class='ocrx_word' id='word_1_717' title='bbox 639 4963 666 5014; x_wconf 89' lang='lat'>6</span> <span class='ocrx_word' id='word_1_718' title='bbox 685 4960 1078 5032; x_wconf 78' lang='grc' dir='ltr'>εὐαγγελιστὴς</span> <span class='ocrx_word' id='word_1_719' title='bbox 1094 4963 1458 5034; x_wconf 82' lang='grc' dir='ltr'>Ἰωάννης,ὄτι</span> <span class='ocrx_word' id='word_1_720' title='bbox 1481 4983 1498 5016; x_wconf 84' lang='grc' dir='ltr'>ι</span> <span class='ocrx_word' id='word_1_721' title='bbox 1512 4963 1673 5018; x_wconf 83' lang='grc' dir='ltr'>Οὗτοι</span> <span class='ocrx_word' id='word_1_722' title='bbox 1692 4965 1932 5037; x_wconf 78' lang='grc' dir='ltr'>προσῆλ-</span> 
     </span>
    </p>
   </div>
   <div class='ocr_carea' id='block_1_96' title="bbox 356 5053 1931 5124">
    <p class='ocr_par' dir='ltr' id='par_1_96' title="bbox 356 5053 1931 5124">
     <span class='ocr_line' id='line_1_96' title="bbox 356 5053 1931 5124; baseline 0.004 -20"><span class='ocrx_word' id='word_1_723' title='bbox 356 5053 446 5106; x_wconf 91' lang='grc' dir='ltr'>θον</span> <span class='ocrx_word' id='word_1_724' title='bbox 469 5053 724 5124; x_wconf 80' lang='grc' dir='ltr'>Φιλίππῳ</span> <span class='ocrx_word' id='word_1_725' title='bbox 739 5053 854 5106; x_wconf 79' lang='grc' dir='ltr'>όντι</span> <span class='ocrx_word' id='word_1_726' title='bbox 871 5055 978 5107; x_wconf 74' lang='grc' dir='ltr'>ἀπὸ</span> <span class='ocrx_word' id='word_1_727' title='bbox 998 5054 1332 5122; x_wconf 81' lang='grc' dir='ltr'>Βηθσαῖδειᾶ</span> <span class='ocrx_word' id='word_1_728' title='bbox 1352 5056 1450 5124; x_wconf 83' lang='grc' dir='ltr'>τῆς</span> <span class='ocrx_word' id='word_1_729' title='bbox 1464 5057 1781 5122; x_wconf 87' lang='grc' dir='ltr'>Γαλιλαίας,</span> <span class='ocrx_word' id='word_1_730' title='bbox 1833 5059 1931 5111; x_wconf 70' lang='grc' dir='ltr'>καὶ</span> 
     </span>
    </p>
   </div>
   <div class='ocr_carea' id='block_1_97' title="bbox 355 5143 1930 5221">
    <p class='ocr_par' dir='ltr' id='par_1_97' title="bbox 355 5143 1930 5221">
     <span class='ocr_line' id='line_1_97' title="bbox 355 5143 1930 5221; baseline 0.005 -25"><span class='ocrx_word' id='word_1_731' title='bbox 355 5143 588 5213; x_wconf 72' lang='grc' dir='ltr'>ἠρώτων</span> <span class='ocrx_word' id='word_1_732' title='bbox 620 5146 786 5199; x_wconf 82' lang='grc' dir='ltr'>αὐτὸν</span> <span class='ocrx_word' id='word_1_733' title='bbox 823 5145 1094 5213; x_wconf 87' lang='grc' dir='ltr'>λέγοντες,</span> <span class='ocrx_word' id='word_1_734' title='bbox 1128 5147 1324 5218; x_wconf 81' lang='grc' dir='ltr'>Κύριε,</span> <span class='ocrx_word' id='word_1_735' title='bbox 1354 5148 1581 5219; x_wconf 86' lang='grc' dir='ltr'>θέλομεν</span> <span class='ocrx_word' id='word_1_736' title='bbox 1616 5152 1706 5204; x_wconf 76' lang='grc' dir='ltr'>τὸν</span> <span class='ocrx_word' id='word_1_737' title='bbox 1721 5151 1930 5221; x_wconf 83' lang='grc' dir='ltr'>Ἰησοῦν</span> 
     </span>
    </p>
   </div>
   <div class='ocr_carea' id='block_1_98' title="bbox 357 5237 1931 5314">
    <p class='ocr_par' dir='ltr' id='par_1_98' title="bbox 357 5237 1931 5314">
     <span class='ocr_line' id='line_1_98' title="bbox 357 5237 1931 5314; baseline 0.004 -25"><span class='ocrx_word' id='word_1_738' title='bbox 357 5237 486 5291; x_wconf 81' lang='grc' dir='ltr'>ίδεῑν</span> <span class='ocrx_word' id='word_1_739' title='bbox 507 5253 522 5268; x_wconf 94' lang='grc'>⁸</span> <span class='ocrx_word' id='word_1_740' title='bbox 561 5237 783 5307; x_wconf 72' lang='grc' dir='ltr'>ἔρχεται</span> <span class='ocrx_word' id='word_1_741' title='bbox 813 5237 1081 5303; x_wconf 79' lang='grc' dir='ltr'>Φίλιππος</span> <span class='ocrx_word' id='word_1_742' title='bbox 1111 5241 1206 5293; x_wconf 76' lang='grc' dir='ltr'>καὶ</span> <span class='ocrx_word' id='word_1_743' title='bbox 1255 5240 1407 5310; x_wconf 81' lang='grc' dir='ltr'>λέγει</span> <span class='ocrx_word' id='word_1_744' title='bbox 1436 5241 1515 5313; x_wconf 83' lang='grc' dir='ltr'>τῷ</span> <span class='ocrx_word' id='word_1_745' title='bbox 1554 5242 1805 5314; x_wconf 73' lang='grc' dir='ltr'>Ἀνδρέα,</span> <span class='ocrx_word' id='word_1_746' title='bbox 1837 5244 1931 5296; x_wconf 71' lang='grc' dir='ltr'>καὶ</span> 
     </span>
    </p>
   </div>
   <div class='ocr_carea' id='block_1_99' title="bbox 357 5328 1931 5405">
    <p class='ocr_par' dir='ltr' id='par_1_99' title="bbox 357 5328 1931 5405">
     <span class='ocr_line' id='line_1_99' title="bbox 357 5328 1931 5405; baseline 0.006 -26"><span class='ocrx_word' id='word_1_747' title='bbox 357 5328 522 5380; x_wconf 83' lang='grc' dir='ltr'>πάλιν</span> <span class='ocrx_word' id='word_1_748' title='bbox 560 5329 813 5401; x_wconf 80' lang='grc' dir='ltr'>Ἀνδρέας</span> <span class='ocrx_word' id='word_1_749' title='bbox 850 5332 944 5384; x_wconf 77' lang='grc' dir='ltr'>καὶ</span> <span class='ocrx_word' id='word_1_750' title='bbox 977 5329 1244 5397; x_wconf 78' lang='grc' dir='ltr'>Φίλιππος</span> <span class='ocrx_word' id='word_1_751' title='bbox 1273 5333 1494 5402; x_wconf 86' lang='grc' dir='ltr'>λέγουσι</span> <span class='ocrx_word' id='word_1_752' title='bbox 1519 5333 1597 5404; x_wconf 87' lang='grc' dir='ltr'>τῷ</span> <span class='ocrx_word' id='word_1_753' title='bbox 1635 5334 1832 5405; x_wconf 79' lang='grc' dir='ltr'>Ἰησοῦ.</span> <span class='ocrx_word' id='word_1_754' title='bbox 1869 5333 1931 5387; x_wconf 85' lang='lat'><strong>&#39;0</strong></span> 
     </span>
    </p>
   </div>
   <div class='ocr_carea' id='block_1_100' title="bbox 356 5421 1931 5498">
    <p class='ocr_par' dir='ltr' id='par_1_100' title="bbox 356 5421 1931 5498">
     <span class='ocr_line' id='line_1_100' title="bbox 356 5421 1931 5498; baseline 0.004 -24"><span class='ocrx_word' id='word_1_755' title='bbox 356 5422 413 5475; x_wconf 90' lang='grc' dir='ltr'>δέ</span> <span class='ocrx_word' id='word_1_756' title='bbox 451 5421 660 5491; x_wconf 83' lang='grc' dir='ltr'>Ἰησοῦς</span> <span class='ocrx_word' id='word_1_757' title='bbox 720 5424 1048 5496; x_wconf 72' lang='grc' dir='ltr'>ἀποκριθεὶς</span> <span class='ocrx_word' id='word_1_758' title='bbox 1081 5422 1266 5478; x_wconf 75' lang='grc' dir='ltr'>εἶπεν·</span> <span class='ocrx_word' id='word_1_759' title='bbox 1309 5425 1653 5496; x_wconf 81' lang='grc' dir='ltr'>Ἐλήλυθενή</span> <span class='ocrx_word' id='word_1_760' title='bbox 1683 5426 1802 5498; x_wconf 91' lang='grc' dir='ltr'>ῶρα</span> <span class='ocrx_word' id='word_1_761' title='bbox 1844 5426 1931 5480; x_wconf 71' lang='grc' dir='ltr'>ἕνα</span> 
     </span>
    </p>
   </div>
   <div class='ocr_carea' id='block_1_101' title="bbox 356 5514 1930 5587">
    <p class='ocr_par' dir='ltr' id='par_1_101' title="bbox 356 5514 1930 5587">
     <span class='ocr_line' id='line_1_101' title="bbox 356 5514 1930 5587; baseline 0.002 -20"><span class='ocrx_word' id='word_1_762' title='bbox 356 5514 586 5586; x_wconf 78' lang='grc' dir='ltr'>δοξασθῇ</span> <span class='ocrx_word' id='word_1_763' title='bbox 620 5518 648 5568; x_wconf 92' lang='lat'>6</span> <span class='ocrx_word' id='word_1_764' title='bbox 676 5515 801 5580; x_wconf 82' lang='grc' dir='ltr'>Υίδς</span> <span class='ocrx_word' id='word_1_765' title='bbox 830 5516 927 5570; x_wconf 86' lang='grc' dir='ltr'>τοῦ</span> <span class='ocrx_word' id='word_1_766' title='bbox 964 5516 1280 5587; x_wconf 86' lang='grc' dir='ltr'>ἀνθρώπου.</span> <span class='ocrx_word' id='word_1_767' title='bbox 1317 5535 1336 5570; x_wconf 75' lang='grc' dir='ltr'>ι</span> <span class='ocrx_word' id='word_1_768' title='bbox 1381 5517 1514 5573; x_wconf 79' lang='grc' dir='ltr'>Ἰδοὺ</span> <span class='ocrx_word' id='word_1_769' title='bbox 1548 5517 1728 5571; x_wconf 89' lang='grc' dir='ltr'>τοίνυν</span> <span class='ocrx_word' id='word_1_770' title='bbox 1759 5519 1930 5586; x_wconf 79' lang='grc' dir='ltr'>ἀναγο</span> 
     </span>
    </p>
   </div>
   <div class='ocr_carea' id='block_1_102' title="bbox 359 5600 1932 5701">
    <p class='ocr_par' dir='ltr' id='par_1_102' title="bbox 359 5600 1932 5701">
     <span class='ocr_line' id='line_1_102' title="bbox 359 5600 1932 5701; baseline 0.003 -44"><span class='ocrx_word' id='word_1_771' title='bbox 359 5605 540 5673; x_wconf 82' lang='grc' dir='ltr'>γέλλει</span> <span class='ocrx_word' id='word_1_772' title='bbox 599 5606 678 5676; x_wconf 84' lang='grc' dir='ltr'>τῷ</span> <span class='ocrx_word' id='word_1_773' title='bbox 703 5607 926 5677; x_wconf 82' lang='grc' dir='ltr'>Χριστῷ</span> <span class='ocrx_word' id='word_1_774' title='bbox 954 5607 1148 5678; x_wconf 87' lang='grc' dir='ltr'>παρὼν</span> <span class='ocrx_word' id='word_1_775' title='bbox 1188 5600 1302 5662; x_wconf 66' lang='grc' dir='ltr'>τῶν</span> <span class='ocrx_word' id='word_1_776' title='bbox 1345 5609 1722 5679; x_wconf 84' lang='grc' dir='ltr'>ἀποστόλωνή</span> <span class='ocrx_word' id='word_1_777' title='bbox 1767 5611 1932 5701; x_wconf 57' lang='grc' dir='ltr'>γενεόε</span> 
     </span>
    </p>
   </div>
   <div class='ocr_carea' id='block_1_103' title="bbox 359 5698 1929 5772">
    <p class='ocr_par' dir='ltr' id='par_1_103' title="bbox 359 5698 1929 5772">
     <span class='ocr_line' id='line_1_103' title="bbox 359 5698 1929 5772; baseline 0.002 -22"><span class='ocrx_word' id='word_1_778' title='bbox 359 5698 544 5768; x_wconf 89' lang='grc' dir='ltr'>ἐκείνη</span> <span class='ocrx_word' id='word_1_779' title='bbox 566 5716 580 5731; x_wconf 93' lang='grc'>⁸</span> <span class='ocrx_word' id='word_1_780' title='bbox 608 5701 890 5753; x_wconf 87' lang='grc' dir='ltr'>τουτέστιν</span> <span class='ocrx_word' id='word_1_781' title='bbox 916 5702 964 5751; x_wconf 80' lang='grc' dir='ltr'>οἱ</span> <span class='ocrx_word' id='word_1_782' title='bbox 991 5699 1253 5770; x_wconf 78' lang='grc' dir='ltr'>Ἕλληνες</span> <span class='ocrx_word' id='word_1_783' title='bbox 1274 5715 1289 5731; x_wconf 97' lang='grc'>⁸</span> <span class='ocrx_word' id='word_1_784' title='bbox 1327 5702 1378 5753; x_wconf 88' lang='grc' dir='ltr'>οἱ</span> <span class='ocrx_word' id='word_1_785' title='bbox 1415 5700 1762 5771; x_wconf 79' lang='grc' dir='ltr'>ἐξερχόμενοι</span> <span class='ocrx_word' id='word_1_786' title='bbox 1794 5698 1929 5772; x_wconf 74' lang='grc' dir='ltr'>πρὸς</span> 
     </span>
    </p>
   </div>
   <div class='ocr_carea' id='block_1_104' title="bbox 359 5791 1928 5866">
    <p class='ocr_par' dir='ltr' id='par_1_104' title="bbox 359 5791 1928 5866">
     <span class='ocr_line' id='line_1_104' title="bbox 359 5791 1928 5866; baseline 0.002 -24"><span class='ocrx_word' id='word_1_787' title='bbox 359 5792 520 5842; x_wconf 55' lang='grc' dir='ltr'>αὐτον</span> <span class='ocrx_word' id='word_1_788' title='bbox 552 5791 838 5863; x_wconf 76' lang='grc' dir='ltr'>προοίμιόν</span> <span class='ocrx_word' id='word_1_789' title='bbox 863 5809 919 5845; x_wconf 86' lang='grc' dir='ltr'>τε</span> <span class='ocrx_word' id='word_1_790' title='bbox 963 5791 1114 5856; x_wconf 74' lang='grc' dir='ltr'>ὄντες</span> <span class='ocrx_word' id='word_1_791' title='bbox 1143 5792 1360 5847; x_wconf 82' lang='grc' dir='ltr'>πάντων</span> <span class='ocrx_word' id='word_1_792' title='bbox 1393 5792 1498 5848; x_wconf 82' lang='grc' dir='ltr'>τῶν</span> <span class='ocrx_word' id='word_1_793' title='bbox 1525 5793 1581 5859; x_wconf 78' lang='grc' dir='ltr'>ἐξ</span> <span class='ocrx_word' id='word_1_794' title='bbox 1610 5794 1775 5849; x_wconf 82' lang='grc' dir='ltr'>ἐθνῶν</span> <span class='ocrx_word' id='word_1_795' title='bbox 1809 5797 1928 5866; x_wconf 70' lang='grc' dir='ltr'>ὲλη·</span> 
     </span>
    </p>
   </div>
   <div class='ocr_carea' id='block_1_105' title="bbox 362 5884 614 5938">
    <p class='ocr_par' dir='ltr' id='par_1_105' title="bbox 362 5884 614 5938">
     <span class='ocr_line' id='line_1_105' title="bbox 362 5884 614 5938; baseline 0.02 -5"><span class='ocrx_word' id='word_1_796' title='bbox 362 5884 487 5936; x_wconf 80' lang='grc' dir='ltr'>λυθό</span> <span class='ocrx_word' id='word_1_797' title='bbox 497 5903 614 5938; x_wconf 85' lang='grc' dir='ltr'>των.</span> 
     </span>
    </p>
   </div>
   <div class='ocr_carea' id='block_1_106' title="bbox 2043 4708 2210 4754">
    <p class='ocr_par' dir='ltr' id='par_1_106' title="bbox 2043 4708 2210 4754">
     <span class='ocr_line' id='line_1_106' title="bbox 2043 4708 2210 4754; baseline 0.012 -11"><span class='ocrx_word' id='word_1_798' title='bbox 2043 4708 2210 4754; x_wconf 89' lang='grc' dir='ltr'>στοις.</span> 
     </span>
    </p>
   </div>
   <div class='ocr_carea' id='block_1_107' title="bbox 2117 4781 3620 4853">
    <p class='ocr_par' dir='ltr' id='par_1_107' title="bbox 2117 4781 3620 4853">
     <span class='ocr_line' id='line_1_107' title="bbox 2117 4781 3620 4853; baseline 0.001 -20"><span class='ocrx_word' id='word_1_799' title='bbox 2117 4801 2134 4833; x_wconf 82' lang='grc' dir='ltr'>ι</span> <span class='ocrx_word' id='word_1_800' title='bbox 2184 4781 2311 4834; x_wconf 78' lang='grc' dir='ltr'>Ἐὰν</span> <span class='ocrx_word' id='word_1_801' title='bbox 2343 4781 2453 4852; x_wconf 86' lang='grc' dir='ltr'>γὰρ</span> <span class='ocrx_word' id='word_1_802' title='bbox 2475 4782 2569 4836; x_wconf 66' lang='grc' dir='ltr'>καλ⁸</span> <span class='ocrx_word' id='word_1_803' title='bbox 2599 4783 2856 4853; x_wconf 88' lang='grc' dir='ltr'>πορευθῶ</span> <span class='ocrx_word' id='word_1_804' title='bbox 2889 4783 2946 4836; x_wconf 88' lang='grc' dir='ltr'>ἐν</span> <span class='ocrx_word' id='word_1_805' title='bbox 2979 4783 3130 4852; x_wconf 84' lang='grc' dir='ltr'>μέσῳ</span> <span class='ocrx_word' id='word_1_806' title='bbox 3166 4784 3328 4844; x_wconf 79' lang='grc' dir='ltr'>σκιᾶς</span> <span class='ocrx_word' id='word_1_807' title='bbox 3364 4781 3620 4845; x_wconf 81' lang='grc' dir='ltr'>θανάτου,</span> 
     </span>
    </p>
   </div>
   <div class='ocr_carea' id='block_1_108' title="bbox 2040 4871 3623 4946">
    <p class='ocr_par' dir='ltr' id='par_1_108' title="bbox 2040 4871 3623 4946">
     <span class='ocr_line' id='line_1_108' title="bbox 2040 4871 3623 4946; baseline -0.001 -18"><span class='ocrx_word' id='word_1_808' title='bbox 2040 4875 2104 4928; x_wconf 84' lang='grc' dir='ltr'>οὐ</span> <span class='ocrx_word' id='word_1_809' title='bbox 2140 4875 2527 4944; x_wconf 84' lang='grc' dir='ltr'>φοϐηθήσομαι</span> <span class='ocrx_word' id='word_1_810' title='bbox 2561 4878 2730 4942; x_wconf 66' lang='grc' dir='ltr'>κακὰ,</span> <span class='ocrx_word' id='word_1_811' title='bbox 2759 4877 2844 4929; x_wconf 80' lang='grc' dir='ltr'>ὅτι</span> <span class='ocrx_word' id='word_1_812' title='bbox 2873 4877 2937 4930; x_wconf 81' lang='grc' dir='ltr'>σὺ</span> <span class='ocrx_word' id='word_1_813' title='bbox 2970 4878 3087 4946; x_wconf 81' lang='grc' dir='ltr'>μετ’</span> <span class='ocrx_word' id='word_1_814' title='bbox 3109 4876 3244 4946; x_wconf 85' lang='grc' dir='ltr'>ἐμοῦ</span> <span class='ocrx_word' id='word_1_815' title='bbox 3273 4871 3376 4930; x_wconf 71' lang='grc' dir='ltr'>εἷ.»</span> <span class='ocrx_word' id='word_1_816' title='bbox 3396 4905 3468 4914; x_wconf 84' lang='lat'>—-</span> <span class='ocrx_word' id='word_1_817' title='bbox 3487 4875 3623 4927; x_wconf 82' lang='grc' dir='ltr'>Σκιά</span> 
     </span>
    </p>
   </div>
   <div class='ocr_carea' id='block_1_109' title="bbox 2042 4965 3625 5039">
    <p class='ocr_par' dir='ltr' id='par_1_109' title="bbox 2042 4965 3625 5039">
     <span class='ocr_line' id='line_1_109' title="bbox 2042 4965 3625 5039; baseline -0.003 -18"><span class='ocrx_word' id='word_1_818' title='bbox 2042 4966 2276 5021; x_wconf 86' lang='grc' dir='ltr'>θανάτου</span> <span class='ocrx_word' id='word_1_819' title='bbox 2315 4969 2344 5020; x_wconf 93' lang='lat'>6</span> <span class='ocrx_word' id='word_1_820' title='bbox 2377 4965 2569 5037; x_wconf 86' lang='grc' dir='ltr'>παρὼν</span> <span class='ocrx_word' id='word_1_821' title='bbox 2621 4967 2826 5037; x_wconf 88' lang='grc' dir='ltr'>κόσμος</span> <span class='ocrx_word' id='word_1_822' title='bbox 2851 4985 2864 4998; x_wconf 89' lang='grc'>⁸</span> <span class='ocrx_word' id='word_1_823' title='bbox 2901 4967 3094 5039; x_wconf 84' lang='grc' dir='ltr'>ὥσπερ</span> <span class='ocrx_word' id='word_1_824' title='bbox 3148 4969 3258 5035; x_wconf 76' lang='grc' dir='ltr'>γὰρ</span> <span class='ocrx_word' id='word_1_825' title='bbox 3310 4970 3338 5020; x_wconf 91' lang='lat'>6</span> <span class='ocrx_word' id='word_1_826' title='bbox 3387 4967 3625 5028; x_wconf 77' lang='grc' dir='ltr'>θάνατος</span> 
     </span>
    </p>
   </div>
   <div class='ocr_carea' id='block_1_110' title="bbox 2042 5057 3623 5131">
    <p class='ocr_par' dir='ltr' id='par_1_110' title="bbox 2042 5057 3623 5131">
     <span class='ocr_line' id='line_1_110' title="bbox 2042 5057 3623 5131; baseline 0.001 -20"><span class='ocrx_word' id='word_1_827' title='bbox 2042 5058 2264 5128; x_wconf 78' lang='grc' dir='ltr'>χωρίζει</span> <span class='ocrx_word' id='word_1_828' title='bbox 2292 5059 2393 5131; x_wconf 82' lang='grc' dir='ltr'>τὴν</span> <span class='ocrx_word' id='word_1_829' title='bbox 2423 5057 2602 5129; x_wconf 78' lang='grc' dir='ltr'>ψυχὴν</span> <span class='ocrx_word' id='word_1_830' title='bbox 2657 5060 2763 5112; x_wconf 73' lang='grc' dir='ltr'>ἀπὸ</span> <span class='ocrx_word' id='word_1_831' title='bbox 2799 5058 2894 5113; x_wconf 87' lang='grc' dir='ltr'>τοῦ</span> <span class='ocrx_word' id='word_1_832' title='bbox 2951 5060 3223 5128; x_wconf 83' lang='grc' dir='ltr'>σώματος,</span> <span class='ocrx_word' id='word_1_833' title='bbox 3261 5059 3403 5113; x_wconf 74' lang='grc' dir='ltr'>οὕτω</span> <span class='ocrx_word' id='word_1_834' title='bbox 3465 5061 3564 5113; x_wconf 83' lang='grc' dir='ltr'>καὶ</span> <span class='ocrx_word' id='word_1_835' title='bbox 3596 5062 3623 5112; x_wconf 86' lang='grc' dir='ltr'>ὁ</span> 
     </span>
    </p>
   </div>
   <div class='ocr_carea' id='block_1_111' title="bbox 2043 5151 3621 5224">
    <p class='ocr_par' dir='ltr' id='par_1_111' title="bbox 2043 5151 3621 5224">
     <span class='ocr_line' id='line_1_111' title="bbox 2043 5151 3621 5224; baseline 0.001 -19"><span class='ocrx_word' id='word_1_836' title='bbox 2043 5152 2237 5224; x_wconf 75' lang='grc' dir='ltr'>παρὼν</span> <span class='ocrx_word' id='word_1_837' title='bbox 2264 5156 2469 5223; x_wconf 88' lang='grc' dir='ltr'>κόσμος</span> <span class='ocrx_word' id='word_1_838' title='bbox 2491 5151 2720 5223; x_wconf 75' lang='grc' dir='ltr'>χωρίζει</span> <span class='ocrx_word' id='word_1_839' title='bbox 2747 5153 2839 5204; x_wconf 67' lang='grc' dir='ltr'>τὸν</span> <span class='ocrx_word' id='word_1_840' title='bbox 2860 5152 3190 5222; x_wconf 83' lang='grc' dir='ltr'>φιλόκοσμον</span> <span class='ocrx_word' id='word_1_841' title='bbox 3208 5153 3315 5206; x_wconf 77' lang='grc' dir='ltr'>ἀπὸ</span> <span class='ocrx_word' id='word_1_842' title='bbox 3335 5154 3429 5206; x_wconf 85' lang='grc' dir='ltr'>τοῦ</span> <span class='ocrx_word' id='word_1_843' title='bbox 3458 5153 3621 5208; x_wconf 88' lang='grc' dir='ltr'>Θεοῦ.</span> 
     </span>
    </p>
   </div>
   <div class='ocr_carea' id='block_1_112' title="bbox 2043 5243 3624 5315">
    <p class='ocr_par' dir='ltr' id='par_1_112' title="bbox 2043 5243 3624 5315">
     <span class='ocr_line' id='line_1_112' title="bbox 2043 5243 3624 5315; baseline 0.001 -15"><span class='ocrx_word' id='word_1_844' title='bbox 2043 5247 2110 5300; x_wconf 73' lang='lat' dir='ltr'>Ei&#39;</span> <span class='ocrx_word' id='word_1_845' title='bbox 2135 5263 2216 5306; x_wconf 83' lang='grc' dir='ltr'>τις</span> <span class='ocrx_word' id='word_1_846' title='bbox 2244 5246 2300 5298; x_wconf 82' lang='grc' dir='ltr'>δέ</span> <span class='ocrx_word' id='word_1_847' title='bbox 2327 5248 2443 5299; x_wconf 86' lang='grc' dir='ltr'>ἐστι</span> <span class='ocrx_word' id='word_1_848' title='bbox 2497 5244 2637 5313; x_wconf 85' lang='grc' dir='ltr'>μετά</span> <span class='ocrx_word' id='word_1_849' title='bbox 2667 5244 2762 5298; x_wconf 89' lang='grc' dir='ltr'>τοῦ</span> <span class='ocrx_word' id='word_1_850' title='bbox 2793 5243 2956 5313; x_wconf 82' lang='grc' dir='ltr'>Θεοῦ,</span> <span class='ocrx_word' id='word_1_851' title='bbox 2992 5246 3085 5298; x_wconf 75' lang='grc' dir='ltr'>καὶ</span> <span class='ocrx_word' id='word_1_852' title='bbox 3117 5249 3144 5300; x_wconf 91' lang='lat'>6</span> <span class='ocrx_word' id='word_1_853' title='bbox 3177 5247 3313 5310; x_wconf 74' lang='grc' dir='ltr'>Θεὸς</span> <span class='ocrx_word' id='word_1_854' title='bbox 3365 5247 3492 5315; x_wconf 87' lang='grc' dir='ltr'>μετ’</span> <span class='ocrx_word' id='word_1_855' title='bbox 3523 5249 3624 5300; x_wconf 85' lang='grc' dir='ltr'>αὐ-</span> 
     </span>
    </p>
   </div>
   <div class='ocr_carea' id='block_1_113' title="bbox 1987 5334 3624 5400">
    <p class='ocr_par' dir='ltr' id='par_1_113' title="bbox 1987 5334 3624 5400">
     <span class='ocr_line' id='line_1_113' title="bbox 1987 5334 3624 5400; baseline -0.001 -10"><span class='ocrx_word' id='word_1_856' title='bbox 1987 5385 2000 5390; x_wconf 86' lang='grc'>-</span> <span class='ocrx_word' id='word_1_857' title='bbox 2040 5336 2135 5389; x_wconf 88' lang='grc' dir='ltr'>τοῦ</span> <span class='ocrx_word' id='word_1_858' title='bbox 2169 5337 2308 5388; x_wconf 85' lang='grc' dir='ltr'>ἐστι.’</span> <span class='ocrx_word' id='word_1_859' title='bbox 2339 5335 2445 5387; x_wconf 69' lang='grc' dir='ltr'>Καὶ</span> <span class='ocrx_word' id='word_1_860' title='bbox 2475 5334 2678 5398; x_wconf 80' lang='grc' dir='ltr'>ἑτέρως</span> <span class='ocrx_word' id='word_1_861' title='bbox 2716 5334 2815 5388; x_wconf 83' lang='grc' dir='ltr'>δέ’</span> <span class='ocrx_word' id='word_1_862' title='bbox 2849 5335 2976 5389; x_wconf 88' lang='grc' dir='ltr'>σκιά</span> <span class='ocrx_word' id='word_1_863' title='bbox 3011 5335 3248 5389; x_wconf 88' lang='grc' dir='ltr'>θανάτου</span> <span class='ocrx_word' id='word_1_864' title='bbox 3301 5337 3469 5400; x_wconf 85' lang='grc' dir='ltr'>πόνος</span> <span class='ocrx_word' id='word_1_865' title='bbox 3499 5354 3624 5389; x_wconf 81' lang='grc' dir='ltr'>κινο</span> 
     </span>
    </p>
   </div>
   <div class='ocr_carea' id='block_1_114' title="bbox 2039 5421 3624 5500">
    <p class='ocr_par' dir='ltr' id='par_1_114' title="bbox 2039 5421 3624 5500">
     <span class='ocr_line' id='line_1_114' title="bbox 2039 5421 3624 5500; baseline 0 -18"><span class='ocrx_word' id='word_1_866' title='bbox 2039 5429 2196 5482; x_wconf 87' lang='grc' dir='ltr'>δύνου</span> <span class='ocrx_word' id='word_1_867' title='bbox 2233 5421 2454 5490; x_wconf 75' lang='grc' dir='ltr'>παντὸς,</span> <span class='ocrx_word' id='word_1_868' title='bbox 2485 5421 2573 5479; x_wconf 79' lang='grc' dir='ltr'>οἷα</span> <span class='ocrx_word' id='word_1_869' title='bbox 2598 5425 2796 5488; x_wconf 80' lang='grc' dir='ltr'>ἐοικὼς</span> <span class='ocrx_word' id='word_1_870' title='bbox 2849 5426 3064 5496; x_wconf 84' lang='grc' dir='ltr'>θανάτῳ</span> <span class='ocrx_word' id='word_1_871' title='bbox 3112 5428 3201 5482; x_wconf 79' lang='grc' dir='ltr'>διὰ</span> <span class='ocrx_word' id='word_1_872' title='bbox 3230 5429 3330 5498; x_wconf 85' lang='grc' dir='ltr'>τὴν</span> <span class='ocrx_word' id='word_1_873' title='bbox 3385 5431 3624 5500; x_wconf 82' lang='grc' dir='ltr'>πικρίαν</span> 
     </span>
    </p>
   </div>
   <div class='ocr_carea' id='block_1_115' title="bbox 2040 5517 3622 5591">
    <p class='ocr_par' dir='ltr' id='par_1_115' title="bbox 2040 5517 3622 5591">
     <span class='ocr_line' id='line_1_115' title="bbox 2040 5517 3622 5591; baseline -0.001 -17"><span class='ocrx_word' id='word_1_874' title='bbox 2040 5519 2140 5591; x_wconf 80' lang='grc' dir='ltr'>τῆς</span> <span class='ocrx_word' id='word_1_875' title='bbox 2168 5517 2462 5588; x_wconf 82' lang='grc' dir='ltr'>ἀλγηδόνος</span> <span class='ocrx_word' id='word_1_876' title='bbox 2486 5533 2502 5548; x_wconf 97' lang='grc'>⁸</span> <span class='ocrx_word' id='word_1_877' title='bbox 2530 5519 2656 5571; x_wconf 73' lang='grc' dir='ltr'>σκιὰ</span> <span class='ocrx_word' id='word_1_878' title='bbox 2693 5519 2877 5585; x_wconf 83' lang='grc' dir='ltr'>μέντοι</span> <span class='ocrx_word' id='word_1_879' title='bbox 2902 5519 2992 5571; x_wconf 84' lang='grc' dir='ltr'>διὰ</span> <span class='ocrx_word' id='word_1_880' title='bbox 3017 5520 3116 5591; x_wconf 80' lang='grc' dir='ltr'>τὴν</span> <span class='ocrx_word' id='word_1_881' title='bbox 3145 5519 3404 5590; x_wconf 75' lang='grc' dir='ltr'>ὁμοίωσιν</span> <span class='ocrx_word' id='word_1_882' title='bbox 3426 5536 3442 5552; x_wconf 91' lang='grc'>⁸</span> <span class='ocrx_word' id='word_1_883' title='bbox 3471 5521 3622 5574; x_wconf 83' lang='grc' dir='ltr'>κακά</span> 
     </span>
    </p>
   </div>
   <div class='ocr_carea' id='block_1_116' title="bbox 2039 5609 3621 5683">
    <p class='ocr_par' dir='ltr' id='par_1_116' title="bbox 2039 5609 3621 5683">
     <span class='ocr_line' id='line_1_116' title="bbox 2039 5609 3621 5683; baseline 0.001 -17"><span class='ocrx_word' id='word_1_884' title='bbox 2039 5615 2095 5666; x_wconf 79' lang='grc' dir='ltr'>δὲ</span> <span class='ocrx_word' id='word_1_885' title='bbox 2122 5613 2170 5666; x_wconf 90' lang='grc' dir='ltr'>οἱ</span> <span class='ocrx_word' id='word_1_886' title='bbox 2208 5609 2526 5682; x_wconf 88' lang='grc' dir='ltr'>πειρασμοί.</span> <span class='ocrx_word' id='word_1_887' title='bbox 2553 5610 2782 5674; x_wconf 87' lang='grc' dir='ltr'>Σύνεσις</span> <span class='ocrx_word' id='word_1_888' title='bbox 2815 5612 2870 5664; x_wconf 86' lang='grc' dir='ltr'>δὲ</span> <span class='ocrx_word' id='word_1_889' title='bbox 2900 5613 3036 5665; x_wconf 78' lang='grc' dir='ltr'>πᾶσι</span> <span class='ocrx_word' id='word_1_890' title='bbox 3083 5615 3196 5676; x_wconf 84' lang='grc' dir='ltr'>τοῖς</span> <span class='ocrx_word' id='word_1_891' title='bbox 3227 5614 3446 5683; x_wconf 84' lang='grc' dir='ltr'>ἀληθῶς</span> <span class='ocrx_word' id='word_1_892' title='bbox 3482 5615 3621 5682; x_wconf 83' lang='grc' dir='ltr'>Χρι-</span> 
     </span>
    </p>
   </div>
   <div class='ocr_carea' id='block_1_117' title="bbox 2042 5703 3612 5775">
    <p class='ocr_par' dir='ltr' id='par_1_117' title="bbox 2042 5703 3612 5775">
     <span class='ocr_line' id='line_1_117' title="bbox 2042 5703 3612 5775; baseline 0.001 -17"><span class='ocrx_word' id='word_1_893' title='bbox 2042 5706 2278 5764; x_wconf 78' lang='grc' dir='ltr'>στιανοϊς</span> <span class='ocrx_word' id='word_1_894' title='bbox 2309 5705 2337 5756; x_wconf 94' lang='lat'>6</span> <span class='ocrx_word' id='word_1_895' title='bbox 2381 5703 2582 5772; x_wconf 88' lang='grc' dir='ltr'>Κύριος</span> <span class='ocrx_word' id='word_1_896' title='bbox 2605 5719 2620 5734; x_wconf 89' lang='grc'>⁸</span> <span class='ocrx_word' id='word_1_897' title='bbox 2657 5704 2823 5758; x_wconf 82' lang='grc' dir='ltr'>αὐτοῦ</span> <span class='ocrx_word' id='word_1_898' title='bbox 2856 5706 2963 5775; x_wconf 82' lang='grc' dir='ltr'>γὰρ</span> <span class='ocrx_word' id='word_1_899' title='bbox 2994 5707 3022 5757; x_wconf 94' lang='lat'>6</span> <span class='ocrx_word' id='word_1_900' title='bbox 3057 5705 3212 5774; x_wconf 87' lang='grc' dir='ltr'>λόγος</span> <span class='ocrx_word' id='word_1_901' title='bbox 3239 5722 3254 5738; x_wconf 95' lang='grc'>⁸</span> <span class='ocrx_word' id='word_1_902' title='bbox 3292 5725 3310 5759; x_wconf 83' lang='grc' dir='ltr'>ι</span> <span class='ocrx_word' id='word_1_903' title='bbox 3351 5709 3459 5760; x_wconf 82' lang='grc' dir='ltr'>Καὶ</span> <span class='ocrx_word' id='word_1_904' title='bbox 3494 5709 3612 5760; x_wconf 73' lang='grc' dir='ltr'>ίδοίι</span> 
     </span>
    </p>
   </div>
   <div class='ocr_carea' id='block_1_118' title="bbox 2040 5795 3615 5870">
    <p class='ocr_par' dir='ltr' id='par_1_118' title="bbox 2040 5795 3615 5870">
     <span class='ocr_line' id='line_1_118' title="bbox 2040 5795 3615 5870; baseline 0.003 -22"><span class='ocrx_word' id='word_1_905' title='bbox 2040 5795 2151 5864; x_wconf 85' lang='grc' dir='ltr'>ἐγὼ</span> <span class='ocrx_word' id='word_1_906' title='bbox 2187 5795 2304 5863; x_wconf 86' lang='grc' dir='ltr'>μεθ’</span> <span class='ocrx_word' id='word_1_907' title='bbox 2330 5796 2485 5863; x_wconf 83' lang='grc' dir='ltr'>ὑμῶν</span> <span class='ocrx_word' id='word_1_908' title='bbox 2517 5798 2633 5864; x_wconf 80' lang='grc' dir='ltr'>εἰμι</span> <span class='ocrx_word' id='word_1_909' title='bbox 2664 5796 2841 5860; x_wconf 82' lang='grc' dir='ltr'>πάσας</span> <span class='ocrx_word' id='word_1_910' title='bbox 2870 5796 2967 5861; x_wconf 76' lang='grc' dir='ltr'>τὰς</span> <span class='ocrx_word' id='word_1_911' title='bbox 2993 5797 3203 5869; x_wconf 81' lang='grc' dir='ltr'>ἡμέρας</span> <span class='ocrx_word' id='word_1_912' title='bbox 3232 5798 3335 5863; x_wconf 76' lang='grc' dir='ltr'>ἕως</span> <span class='ocrx_word' id='word_1_913' title='bbox 3360 5801 3456 5870; x_wconf 82' lang='grc' dir='ltr'>τῆς</span> <span class='ocrx_word' id='word_1_914' title='bbox 3484 5817 3615 5852; x_wconf 78' lang='grc' dir='ltr'>συν-</span> 
     </span>
    </p>
   </div>
   <div class='ocr_carea' id='block_1_119' title="bbox 1954 5886 2687 5953">
    <p class='ocr_par' dir='ltr' id='par_1_119' title="bbox 1954 5886 2687 5953">
     <span class='ocr_line' id='line_1_119' title="bbox 1954 5886 2687 5953; baseline 0.001 -13"><span class='ocrx_word' id='word_1_915' title='bbox 1954 5919 1960 5925; x_wconf 90' lang='grc'><strong>-</strong></span> <span class='ocrx_word' id='word_1_916' title='bbox 2040 5888 2252 5950; x_wconf 73' lang='grc' dir='ltr'>τελείας</span> <span class='ocrx_word' id='word_1_917' title='bbox 2288 5886 2380 5939; x_wconf 77' lang='grc' dir='ltr'>τοῦ</span> <span class='ocrx_word' id='word_1_918' title='bbox 2415 5888 2631 5953; x_wconf 75' lang='grc' dir='ltr'>αἰῶνος.</span> <span class='ocrx_word' id='word_1_919' title='bbox 2669 5907 2687 5941; x_wconf 73' lang='grc' dir='ltr'>ι</span> 
     </span>
    </p>
   </div>
  </div>
