3824 6354
382 379 520 437 1431

1583 385 2006 461 NJCEPHORI
2053 389 2475 455 BLEMMIDB

3495 380 3516 445 1
3529 379 3631 444 4'32

375 488 584 597 λιξσσης
617 484 652 544 ἃ
674 507 781 597 ’και
814 490 1086 597 θαλάσσοξς
1119 493 1366 597 ,ἐκάλεσε
1393 494 1469 568 τῷ
1507 497 1609 597 τοῦ
1651 497 1776 552 ὅλου
1798 501 2023 597 ἔχρη-,Α
2051 522 2160 559 των
2191 507 2282 560 1611
2327 508 2551 580 K691011.
2590 507 2751 564 Ἤτοι
2799 505 3166 577 ἀγαπώντωνο
3201 503 3228 558 6
3253 503 3364 574 γάρ
3398 502 3630 571 ἀγαπῶν

374 573 610 652 σάμενος
665 582 912 653 ὀνόματιο
972 584 1067 638 καὶ
1111 587 1139 638 6
1195 586 1404 656 Μωσῆς
1455 587 1564 660 γάρ
1594 605 1730 661 φησι
1770 590 1948 645 δτιτά

371 673 693 743 συστήματα
719 673 829 728 τῶν
855 674 1066 730 ὑδάτων
1098 678 1322 732 ἐκάλεσε
1352 680 1649 747 θαλάσσας·
1675 685 1808 756 περὶ
1836 683 1948 756 γὰρ

369 765 478 818 τῶν
511 766 776 837 ποταμῶν
801 767 853 820 τί
880 767 987 839 χρὴ
1010 768 1214 838 λέγειν,
1238 773 1386 836 ὅπως
1420 773 1746 847 ὑποϐρύχιοι
1779 777 1946 847 μέχρι

369 857 570 911 πολλοῦ
657 859 952 931 φερόμενοι
997 862 1312 916 ἀναδιδόασι
1340 881 1355 931 ;
1393 864 1708 937 θαυμαστὸν
1738 868 1796 923 δέ
1829 870 1947 932 πῶς

370 951 426 1004 a6
457 951 735 1016 συνιζάνει
778 953 848 1006 τά
875 953 1182 1024 τηλικαῦτα
1221 954 1363 1029 βάρη
1395 958 1493 1028 τῆς
1545 959 1670 1028 γῆς·
1704 961 1808 1031 δρη
1837 962 1946 1031 γὰρ

369 1041 463 1095 δλα
494 1045 610 1106 τοῖς
635 1042 903 1108 τοιούτοις
939 1043 1129 1099 ὕδασιν
1158 1047 1516 1118 ἐφήδρασταιο
1546 1049 1639 1103 καὶ
1673 1049 1826 1119 ὅμως
1855 1049 1948 1120 μέ-

370 1151 449 1186 νει
481 1133 929 1208 τεθεμελιωμένη
965 1137 1052 1190 ἐπ’
1108 1138 1278 1208 αὐτῆς
1308 1137 1404 1193 καὶ
1437 1140 1770 1210 συνεχομένη
1799 1141 1947 1212 μόνῳ

366 1227 442 1296 τῷ
476 1231 860 1299 προστάγματι
889 1229 982 1285 τοῦ
1013 1231 1365 1303 ποιήσαντος·
1401 1233 1694 1303 ἡτοίμασε
1740 1233 1797 1288 66
1826 1235 1949 1290 ἀντὶ

383 1320 480 1375 τοῦ
509 1322 840 1393 ἐκόσμησεν.

441 1431 461 1463 1
500 1412 598 1477 Τίς
629 1414 966 1484 ἀναϐήσεται
1000 1415 1080 1479 είς
1102 1415 1162 1469 τδ
1189 1415 1314 1486 690;
1347 1414 1442 1471 τοῦ
1478 1416 1716 1488 Κυρίου;
1749 1417 1842 1471 καὶ
1865 1417 1948 1482 τίς

365 1505 626 1572 στήσεται
657 1507 715 1560 ἐν
758 1506 910 1578 τόπῳ
945 1507 1084 1576 ἁγίῳ
1115 1508 1315 1572 αὐτοῦς
1360 1509 1633 1562 ι--Τοῦτο
1680 1510 1807 1580 περὶ
1839 1510 1947 1564 τῶν

365 1595 558 1666 ίερέων
587 1590 744 1666 οἶμαι
783 1598 1271 1669 προαγορεύεσθαι
1295 1615 1311 1631 ·
1343 1599 1623 1668 διαφαίνει
1649 1602 1757 1674 γὰρ
1798 1602 1945 1666 οἵους

360 1688 562 1751 αὐτοὺς
584 1686 728 1743 εἶναι
746 1692 874 1761 χρή.
916 1692 1027 1746 Kal
1061 1693 1185 1764 690;
1227 1693 1324 1762 μὲν
1360 1693 1562 1766 Κυρίου
1598 1695 1819 1766 νοήσεις
1851 1694 1946 1747 τὸν

361 1778 649 1833 καθολικδν
689 1783 926 1836 ἑκάστου
952 1786 1100 1838 ναόνο
1139 1785 1226 1838 διὰ
1257 1786 1318 1838 16
1343 1786 1791 1856 ὐπερανεστηκδς
1843 1785 1942 1839 καὶ

2128 601 2230 654 τεῖ.

2128 601 2230 654 τεῖ.

2053 597 2146 745 ζηι
2187 693 2508 762 Ζητούντων
2555 694 2619 749 16
2673 695 2967 766 πρόσωπον
3019 691 3113 745 τοῦ
3159 688 3297 744 Θεοῦ
3348 687 3575 743 Ἰακώϐ.
3607 707 3624 738 1

2057 813 2129 827 —
2156 785 2290 850 Θεὸς
2383 785 2480 840 τοῦ
2546 786 2740 842 Ἰακὼϐ
2804 787 2833 840 6
2914 785 3102 854 Πατὴρ
3173 780 3449 838 ἐδείκνυτο
3521 781 3632 842 τοῖς

2059 874 2332 946 Ἑϐραίοις
2361 891 2376 906 ’
2406 878 2777 950 πρόσωπονδέ
2795 876 3008 947 Πατρδς
3029 877 3057 929 6
3086 873 3212 937 Υἱός
3239 890 3256 907 ο
3291 892 3312 927 1
3358 873 3421 926 '0
3452 872 3630 940 ἑωρα-

2049 967 2160 1032 κὼς
2227 969 2358 1038 γάρ,
2419 971 2608 1040 φησὶν,
2645 969 2748 1040 ῖμέ
2798 967 3016 1039 ἑώρακε
3045 967 3140 1022 τδν
3177 967 3423 1038 Πατέρα.
3464 983 3483 1016 1
3524 963 3629 1018 T611

2066 1060 2262 1115 Ἰακὼϐ
2289 1060 2347 1116 δέ
2375 1061 2617 1132 συνεχῶς
2650 1062 2709 1114 ἐν
2755 1063 2870 1124 τοῖς
2934 1060 3190 1130 Ψαλμοῖς
3236 1059 3454 1129 τίθησιν
3478 1098 3494 1122 ,
3546 1054 3621 1118 ὥς

2048 1153 2262 1224 πατέρα
2311 1153 2422 1208 τῶν
2464 1153 2661 1209 Ἰακὼϐ
2699 1153 2905 1222 φυλῶν.
2943 1153 3012 1206 Ἦ
3047 1153 3143 1206 καὶ
3169 1150 3349 1214 άλλως
3394 1147 3627 1220 ζητούντ

2047 1261 2186 1298 των·
2220 1245 2350 1298 ίδεῖν
2395 1244 2488 1298 τδν
2530 1245 2665 1299 Θεδν
2694 1245 2838 1300 κατά
2865 1244 2954 1298 1611
2994 1243 3261 1312 μέλλοντα
3301 1241 3498 1295 αίῶναο
3529 1241 3618 1294 ὅτε

2052 1335 2353 1404 πρόσωπον
2387 1335 2527 1404 πρδς
2572 1335 2872 1407 πρόσωπον
2912 1333 3136 1405 ὄψονται
3167 1334 3330 1388 αὑτὸν
3359 1334 3410 1386 οί
3457 1332 3624 1399 ἀξιοι,

1992 1444 2017 1457 ··
2048 1426 2192 1480 καθά
2223 1442 2359 1498 φησι
2379 1425 2612 1489 Παῦλος.

2663 1518 3007 1587 Διάψαιμα.

2118 1612 2253 1682 Περὶ
2275 1610 2367 1664 τοῦ
2397 1610 2770 1682 διαψάλματος
2815 1609 3016 1673 ίκανῶς
3050 1610 3112 1664 ἐν
3141 1611 3260 1673 τοῖς
3302 1610 3622 1681 προοιμίοις

2047 1705 2265 1775 εἴρηται
2304 1703 2405 1771 τῆς
2438 1701 2726 1773 παρούσης
2759 1700 2968 1771 βίϐλου.

2121 1816 2140 1852 ι
2183 1798 2388 1869 Ἀρατε
2415 1797 2594 1861 πύλας
2616 1798 2667 1850 οί
2691 1797 2956 1868 ἄρχοντες
2989 1796 3167 1866 ὑμῶν.
3194 1815 3214 1849 1
3241 1791 3619 1848 -Ἐντεῦθεν

359 1872 606 1942 διάδηλον
637 1877 731 1928 καὶ
779 1874 842 1927 ἐδ
874 1878 1260 1948 περιπνεῖσθαι
1293 1881 1411 1942 ταῖς
1454 1878 1798 1942 ἀντιπνοίαις
1827 1878 1934 1931 τῶν
1970 1870 2011 1925 Β
2039 1890 2403 1961 προαγορεύει
2461 1891 2557 1943 καὶ
2604 1889 2705 1958 τὴν
2760 1890 2841 1952 είς
2879 1888 3152 1959 οὐρανοὺς
3205 1886 3303 1942 τοῦ
3365 1885 3626 1953 Σωτῆρος

359 1965 573 2038 ἐχθρῶν
627 1967 727 2037 τῆς
788 1968 1049 2031 πίστεως·
1083 1971 1250 2026 τόπον
1283 1972 1340 2025 δὲ
1378 1970 1535 2040 ἀγιον
1572 1971 1662 2025 1611
1697 1971 1935 2025 ἐνώπιον

359 2058 455 2112 τοῦ
517 2059 928 2132 θυσιαστηρίου.
955 2062 1097 2133 Ὅρα
1123 2063 1180 2116 δὲ
1231 2064 1329 2134 τῆς
1391 2062 1591 2130 λέξεως
1637 2063 1736 2132 τὴν
1773 2063 1934 2134 ἀκρί-

361 2150 513 2206 ϐειαν
539 2167 554 2184 ⁸
591 2153 927 2224 ἀναϐήσεται
982 2155 1126 2227 γὰρ,
1164 2150 1308 2220 εἷπε,
1346 2155 1478 2210 διότι
1514 2155 1620 2225 1196
1677 2155 1774 2225 τῆς
1825 2156 1934 2207 εἱσ-

359 2244 482 2299 όδου
511 2244 775 2314 βαθμίδες
796 2246 942 2311 τινές
967 2247 1195 2301 εἰώθασι
1224 2247 1758 2312 κατασκευάζεσθαι.
1793 2248 1934 2316 (Duo

315 2358 330 2374 ι
363 2338 477 2393 hac
521 2339 686 2393 verba
711 2338 825 2395 fere
875 2340 1101 2394 omnino
1133 2356 1288 2395 erasa
1326 2340 1505 2403 sum.)
1534 2341 1693 2400 Τινὲς
1724 2338 1780 2392 δὲ
1810 2339 1936 2410 δρος

361 2429 563 2503 Κυρίου
618 2431 840 2501 λέγουσι
874 2432 934 2486 16
965 2431 1101 2502 ὕψος
1139 2437 1246 2487 τῶν
1280 2434 1491 2503 ἀρετῶν
1522 2433 1591 2497 ἀς
1635 2434 1665 2487 6
1692 2434 1936 2504 Χριστὸς

365 2522 678 2577 ἐνετείλατο
739 2523 828 2577 διά
871 2522 968 2578 τοῦ
1023 2525 1401 2594 Εὑαγγελίουο
1461 2525 1628 2581 τόπον
1675 2526 1734 2579 δὲ
1777 2526 1936 2594 ἀγιον

360 2613 454 2668 1611
510 2615 610 2683 τῆς
666 2615 1092 2687 ἐπηγγελμένης
1133 2616 1412 2688 βασιλείας
1439 2619 1548 2671 τῶν
1573 2618 1824 2687 οὐρανῶν
1855 2633 1870 2649 ·
1899 2617 1932 2680 ἦ

361 2707 459 2761 καὶ
485 2706 662 2773 άλλως
694 2709 820 2779 δρος
850 2709 910 2762 τὸ
941 2709 1074 2778 ὕψος
1111 2709 1211 2779 τῆς
1256 2711 1388 2778 περὶ
1414 2709 1510 2764 τοῦ
1541 2708 1780 2781 Χριστοῦ
1811 2709 1935 2764 θεο-

361 2798 549 2868 λογίας
604 2801 698 2855 καὶ
765 2801 876 2856 τῶν
909 2802 1086 2874 ὀρθῶν
1115 2802 1404 2874 δογμάτων
1454 2803 1552 2874 τῆς
1583 2803 1937 2874 ἐνανθρωπήε

363 2906 502 2955 σεως
539 2891 724 2946 αὑτοῦ.

442 3003 462 3034 1
502 2981 705 3046 ’Δθῶος
738 2983 921 3054 χερσὶ,
951 2985 1046 3039 καὶ
1073 2985 1317 3058 καθαρὸς
1345 2989 1412 3060 τῇ
1440 2985 1660 3058 καρδίᾳ.
1699 3004 1722 3041 1
1749 3017 1818 3029 —
1840 2984 1936 3052 Et;

364 3075 634 3148 ἐρώτησιν
666 3079 1013 3149 σχηματίσας
1047 3081 1075 3132 6
1105 3082 1393 3152 προφήτης
1425 3080 1486 3134 16
1521 3078 1794 3149 προλαϐδν
1833 3082 1937 3151 ρη-

357 3169 473 3238 1611,
504 3163 622 3223 εἷτα
643 3169 740 3224 νῦν
780 3171 1160 3241 ἀποκρίνεται.
1204 3172 1310 3228 Kal
1336 3175 1424 3229 διὰ
1457 3175 1557 3242 μέν
1586 3174 1696 3228 τῶν
1728 3173 1935 3246 χειρῶν

363 3261 464 3325 τὰς
494 3259 728 3342 πράξεις
757 3260 929 3331 δηλοῖ,
959 3262 1046 3315 διά
1077 3262 1136 3316 δέ
1171 3264 1272 3334 τῆς
1297 3265 1532 3335 καρδίας
1563 3265 1664 3329 τὰς
1693 3266 1934 3336 ἐνθυμή-

363 3370 479 3418 σεις
503 3353 826 3424 ἀμέμπτους
873 3353 1015 3426 ιχων
1055 3355 1152 3410 καὶ
1195 3356 1466 3428 καθαράς·
1505 3357 1685 3412 ἀθῶον
1713 3359 1822 3430 γὰρ
1849 3361 1934 3413 ἐν·

361 3445 539 3500 ταῦθα
568 3445 660 3500 1611
679 3446 992 3517 ἄμεμπτον·
1028 3447 1104 3511 ὼς
1132 3448 1224 3502 ὅτε
1263 3449 1338 3519 μὴ
1376 3449 1622 3516 τοιοῦτος
1655 3451 1781 3505 οὕτε
1803 3452 1936 3505 ἀνα-

363 3539 537 3595 ϐαίνει
564 3582 581 3607 ,
635 3539 758 3594 αὕθ’
793 3541 1049 3607 ἵσταται,
1087 3541 1192 3596 κᾶν
1243 3541 1402 3598 τοῦτο
1449 3543 1621 3614 δοκῇ·
1659 3543 1853 3596 σκόπει
1877 3543 1933 3597 δέ

363 3631 483 3696 πῶς
513 3631 682 3702 ἀμφω
723 3631 1068 3699 συνέζευξενο
1100 3634 1364 3705 ἑκάτερον
1394 3635 1506 3705 γάρ
1536 3633 1804 3706 ἐκατέρου
1830 3653 1936 3707 χω-

362 3727 449 3796 ρὶς
474 3725 758 3796 ἀδόκιμον.

438 3837 458 3871 1
499 3821 593 3883 '0;
632 3819 732 3874 0611
776 3818 970 3874 ἔλαϐεν
993 3820 1084 3872 ἐπὶ
1115 3819 1330 3890 ματαίῳ
1356 3819 1456 3892 τήν
1482 3819 1662 3892 ψυχὴν
1687 3821 1876 3877 αὑτοῦ.
1911 3841 1930 3876 1

361 3915 534 3975 -Ὃς
562 3912 665 3967 οὐκ
691 3910 852 3967 ἔλαϐε
881 3912 1034 3983 παρά
1060 3911 1197 3965 Θεοῦ
1224 3912 1322 3984 τήν
1347 3912 1528 3984 ψυχὴν
1559 3914 1723 3968 αὑτοῦ
1749 3915 1937 3969 ἐνεκεν

365 4001 723 4075 ματαίου,ἵνα
754 4003 962 4073 ματαία
993 4001 1474 4073 μεταχειρίζηταιο
1513 4003 1545 4074 ἥ
1571 4003 1628 4067 6;
1654 4005 1755 4057 οὐκ
1779 4006 1941 4076 ἐχρή-

363 4112 494 4150 σατο
538 4096 617 4159 είς
671 4094 910 4166 πονηρὸν
937 4093 1036 4164 τὴν
1065 4092 1248 4165 ψυχὴν
1283 4094 1447 4148 αὑτοῦ
1485 4094 1807 4149 κτισθεῖσαν
1851 4097 1936 4149 ἐπ’

361 4187 616 4257 ἀγαθοῖς.
890 4173 892 4175 ’

440 4300 457 4332 1
495 4279 598 4336 Kal
631 4281 733 4334 0611
780 4281 999 4352 ὤμοσεν
1035 4283 1128 4336 ἐπὶ
1158 4279 1292 4354 δόλῳ
1331 4283 1411 4354 τῷ
1442 4281 1677 4352 πλησίον
1709 4279 1929 4339 αὕτοῦ.ι

356 4403 431 4416 --
451 4373 556 4430 Kal
586 4377 687 4431 οὐκ
722 4375 1071 4446 ἐπιώρκησεν
1096 4394 1110 4408 ο
1141 4379 1168 4432 6
1190 4379 1301 4450 γὰρ
1329 4376 1608 4446 ἐπιορκῶν
1635 4374 1937 4429 δολιεύεται

361 4466 450 4521 ῖνα
481 4467 514 4539 ἢ
541 4467 719 4540 ἀφεθῇ
750 4469 1063 4540 χρεωστῶν,
1094 4471 1127 4541 ἢ
1158 4469 1300 4543 λάϐῃ
1355 4471 1432 4541 μὴ
1462 4467 1932 4542 χρεωστούμενος⁶

2038 1982 2326 2054 ἀνάληψιν·
2346 1984 2558 2051 είσάγει
2581 1981 2690 2051 γὰρ
2727 1982 2856 2045 τοῦς
2890 1983 2947 2035 ἐν
2978 1978 3202 2052 Χριστῷ
3236 1977 3626 2037 διακονοῦντας

2039 2073 2132 2127 ἐπὶ
2164 2074 2264 2144 τῆς
2294 2074 2399 2144 γῆς
2429 2072 2699 2141 ἀγγέλους
2745 2071 3102 2131 συνανιόντας
3149 2069 3298 2138 αὐτῷ
3348 2069 3446 2122 καὶ
3491 2082 3625 2135 προ-

2039 2165 2274 2234 άγοντας
2306 2166 2404 2218 καὶ
2431 2163 2924 2234 διακελευομένους
2986 2165 3101 2224 τοῖς
3147 2160 3479 2229 φυλάττουσι
3524 2157 3623 2227 τὴν

2040 2261 2122 2323 είς
2151 2259 2382 2330 οὐρανὸν
2413 2258 2624 2313 είσοδον
2663 2257 2847 2328 αῖρειν
2884 2255 2982 2320 τάς
3021 2254 3216 2317 πύλας.
3244 2251 3621 2333 Συντάσσεται

2035 2349 2095 2404 δὲ
2127 2350 2185 2402 16
2219 2349 2382 2420 ῥητὸν
2411 2347 2603 2412 οὕτως·
2626 2349 2688 2402 Ol
2719 2347 3008 2419 ἄρχοντες.
3041 2347 3214 2414 ἄρατε
3243 2344 3417 2405 πύλας
3441 2341 3620 2407 ὑμῶν.

2036 2443 2205 2513 ήγουν
2250 2443 2298 2495 οί
2333 2440 2744 2506 ἐξουσιάζοντες
2794 2439 2907 2494 τῶν
2972 2437 3160 2492 πυλῶν
3187 2435 3414 2497 τούτων,
3447 2433 3619 2503 ἀρατε

2036 2535 2263 2598 ταύταςο
2291 2533 2459 2605 ὑμῶν
2495 2534 2552 2588 δέ
2582 2534 2705 2587 ἀντὶ
2731 2533 2828 2586 τοῦ
2859 2525 2935 2587 ῶν
2968 2531 3191 2601 ἄρχετε.
3232 2529 3347 2582 Ούκ
3401 2521 3528 2580 εἷπε
3559 2524 3619 2578 δέ

2039 2626 2308 2694 ἀνοίξατε,
2340 2627 2454 2681 ἀλλ’
2489 2626 2692 2696 ἄρατε,
2732 2624 3014 2681 παντελῶς
3043 2622 3292 2675 ἐντεῦθεν
3325 2620 3384 2674 16
3409 2617 3616 2689 ἀχώρι-

2041 2735 2166 2772 στον
2193 2717 2297 2789 τῆς
2325 2717 2484 2786 δόξης
2514 2715 2609 2771 τοῦ
2659 2716 2948 2787 μέλλοντος
2984 2713 3249 2768 είσελθεῖν
3301 2712 3614 2784 ἐμφαίνων.

2039 2808 2226 2872 Πύλας
2251 2809 2310 2863 δέ
2335 2809 2436 2878 τὴν
2471 2807 2720 2878 φυλακὴν
2748 2805 2985 2877 οἰητέον.

2117 2919 2134 2954 1
2188 2901 2290 2956 Καὶ
2321 2899 2602 2971 ἐπάρθητε
2641 2899 2808 2954 πύλαι
2839 2896 3080 2962 αίώνιοι,
3113 2897 3212 2950 καὶ
3243 2893 3621 2949 εἰσελεύσεται

2037 2993 2067 3046 6
2104 2993 2357 3064 βασιλεὺς
2408 2992 2506 3062 τῆς
2556 2990 2738 3062 δόξης.
2771 3008 2792 3042 1
2830 3019 2904 3033 —-
2940 2987 3003 3042 'H
3056 2986 3274 3056 φυλακὴ
3327 2988 3361 3056 ή
3400 2985 3623 3046 αίώνιος

2040 3085 2130 3140 διὰ
2189 3087 2288 3156 τὴν
2343 3084 2620 3154 ἀῖδιότητα
2671 3082 2781 3136 τῶν
2835 3080 3215 3152 φυλαττόντων
3251 3077 3507 3147 ἀγγέλων
3539 3077 3621 3146 ’ἢ

2042 3179 2252 3232 αίώνιοι
2301 3177 2390 3231 διὰ
2424 3175 2486 3230 16
2521 3176 2791 3247 μηδέποτε
2843 3173 3131 3244 ἀνοιγῆναι
3156 3189 3170 3204 ·
3206 3169 3621 3238 κεκλεισμένων

2036 3274 2146 3343 γὰρ
2182 3271 2385 3340 αὐτῶν,
2422 3271 2694 3340 κατῆλθεν
2754 3270 2835 3333 είς
2897 3267 3026 3338 γῆν,
3088 3265 3272 3321 λαθὼν
3309 3265 3491 3328 πάσας
3520 3263 3623 3326 τάς

2035 3364 2318 3435 δυνάμεις.

2070 3479 2077 3486 ·
2115 3477 2133 3510 ι
2169 3458 2266 3520 Τίς
2290 3457 2437 3510 ἐστιν
2481 3455 2636 3517 οὗτος
2669 3455 2698 3508 6
2729 3453 2982 3523 βασιλεὺς
3019 3449 3118 3522 τῆς
3151 3449 3344 3520 δόξηςς
3386 3467 3405 3500 1
3439 3447 3624 3499 —Ba-

2038 3547 2217 3610 σιλεῦς
2259 3547 2358 3617 τῆς
2389 3545 2548 3616 δόξης
2568 3546 2787 3613 λέγεται
2826 3544 2922 3596 καὶ
2948 3545 3140 3610 κύριος
3173 3541 3272 3609 τῆς
3311 3537 3512 3608 δόξης.
3547 3537 3623 3599 ὡς

2039 3635 2422 3708 ὑπερένδοξος,
2463 3636 2560 3690 καὶ
2603 3636 2678 3700 ὠς
2714 3633 3023 3705 βασιλεύων
3050 3630 3146 3686 καὶ
3177 3629 3449 3700 κυριεύων
3479 3629 3620 3683 πάν-

2036 3748 2146 3785 των
2183 3732 2294 3786 τῶν
2321 3729 2571 3794 ἐνδόξων.

2116 3839 2138 3874 1
2173 3821 2378 3894 K6910;
2402 3821 2668 3893 κραταιὸς
2693 3822 2788 3875 καὶ
2818 3822 3064 3888 δυνατὸς,
3088 3823 3288 3896 Κύριος
3310 3819 3540 3881 δυνατὸς
3562 3820 3619 3872 ἐν

2044 3914 2287 3987 πολέμῳ.
2329 3934 2348 3968 1
2375 3945 2448 3958 —
2488 3915 2848 3979 Ἀκούσαντες
2880 3916 2930 3969 οί
2978 3916 3241 3987 ἄρχοντες
3283 3913 3394 3967 τῶν
3427 3911 3620 3966 πυλῶν

2040 4008 2483 4079 ἐξηπορήθησαν·
2516 4002 2604 4060 οἷα
2645 4008 2806 4076 μόνον
2838 4007 2930 4061 τδν
2966 4007 3101 4060 Θεὸν
3146 4005 3348 4067 εἰδότες
3385 4003 3619 4073 βασιλέα

2039 4103 2138 4172 τῆς
2159 4102 2336 4172 δόξηςο
2373 4101 2432 4156 ὃν
2466 4103 2524 4155 ἐν
2548 4103 2732 4172 τρισὶν
2762 4101 3123 4154 ὑποστάσεσιν
3153 4099 3306 4162 δντα,
3327 4097 3418 4151 τδν
3443 4097 3621 4164 ὑπερ·
3675 4081 3684 4088 ’

1987 4245 1998 4250 -
2041 4194 2297 4266 ουράνιον
2323 4193 2490 4248 τόπον
2537 4193 2884 4264 προσεδόκων
2914 4194 3106 4246 οἰκεῖν.
3139 4191 3348 4252 Ἀλλως
3373 4206 3433 4242 τε
3466 4188 3621 4256 καὶὴ

2040 4285 2307 4358 περιϐολὴ
2340 4286 2440 4357 τῆς
2474 4285 2679 4354 σαρκὸς
2714 4285 3008 4356 ἐξέπληττε
3053 4282 3298 4351 τούτους,
3323 4280 3450 4336 ὅθεν
3480 4283 3625 4350 ἐρω-

2043 4382 2211 4435 τῶσιν
2241 4381 2339 4435 καὶ
2383 4380 2546 4444 αὖθις
2578 4379 2824 4434 ἀκούειν.

2116 4475 2354 4545 ιἈρατε
2389 4473 2591 4539 πύλας,
2617 4473 2668 4526 οί
2695 4472 2975 4542 ἄρχοντες,
3003 4469 3180 4541 ὑμῶν,
3207 4471 3302 4524 καὶ
3315 4470 3621 4539 ἐπάρθητε,

361 4556 588 4612 τοιαῦτα
626 4554 751 4612 εἶπε
787 4560 884 4614 καὶ
926 4560 986 4615 έν
1029 4559 1109 4632 τῷ
1151 4559 1211 4615 ιδ’
1250 4561 1472 4633 ψαλμῷ⁶
1505 4562 1603 4614 καὶ
1635 4560 1790 4632 ζήτει
1823 4559 1938 4612 ἐκεῖ
1969 4584 2013 4642 ι)
2043 4566 2212 4620 πύλαι
2275 4564 2524 4628 αίώνιοι,
2581 4565 2680 4620 καὶ
2735 4564 3104 4647 είσελεύσεται
3153 4565 3180 4616 6
3219 4562 3480 4634 βασιλεὺς
3515 4563 3622 4644 ’τῆς

288 4695 295 4703 .
361 4650 497 4721 περὶ
517 4649 684 4722 δρκου
715 4651 1051 4724 πλατύτερον
1075 4653 1206 4708 ἔνθα
1233 4657 1414 4710 κεῖται
1452 4654 1534 4720 16,
1571 4671 1591 4706 1
1627 4651 1690 4708 Ὀ
1718 4651 1938 4724 ὀμνύων
2040 4657 2220 4727 δόξης.
2255 4673 2275 4708 1
2302 4685 2372 4696 —
2406 4655 2467 4709 Ὁ
2501 4654 2706 4725 Κύριός
2757 4655 2905 4708 ἐστιν
2955 4652 3016 4706 δν
3069 4649 3244 4707 οίδατε
3289 4652 3317 4704 6
3357 4649 3623 4720 κραταιὸς

359 4745 438 4816 τῷ
471 4744 704 4816 πλησίον
738 4746 907 4801 αὐτοῦ
947 4748 1044 4801 καὶ⁵
1083 4748 1184 4800 οὐκ
1229 4747 1458 4802 ἀθετῶν.
1491 4765 1510 4800 1

436 4857 455 4891 1
497 4831 667 4902 Οὗτος
695 4837 928 4910 λήψεται
958 4838 1208 4907 εἶιλογίαν
1243 4839 1392 4909 παρά
1417 4838 1641 4909 Κυρίου.
1677 4856 1695 4891 1
1728 4869 1798 4878 —
1820 4836 1934 4891 Χά-

360 4946 447 5002 ριν
489 4929 703 5003 δωρεάν
748 4930 890 4985 κατά
940 4929 1033 4985 1611
1077 4930 1320 5000 παρόντα
1349 4929 1489 5001 βίον·
1534 4931 1562 4984 6
1609 4931 1703 4984 καὶ
1733 4931 1936 5000 πρᾶξιν

361 5022 564 5091 ἀγαθὸς
599 5023 696 5077 καὶ
732 5021 1033 5094 ἐνθύμησιν
1085 5024 1365 5096 καθαρὸς,
1403 5023 1497 5078 καὶ
1534 5023 1645 5077 τῶν
1687 5021 1936 5094 ματαίων

360 5115 615 5185 ἀφεστὼς
646 5117 739 5170 καὶ
773 5115 850 5188 μὴ
881 5117 1157 5188 ἐπιορκῶν
1208 5117 1286 5188 τῷ
1321 5117 1571 5192 πλησίον.

438 5227 456 5260 1
500 5209 604 5262 Kal
635 5209 1010 5281 ἐλεημοσύνην
1051 5213 1206 5280 παρὰ
1235 5211 1372 5266 Θεοῦ
1402 5212 1675 5282 σωτηρίου
1709 5211 1930 5268 αὑτοῦ.»

364 5329 422 5342 -ο
465 5301 616 5357 Κατὰ
651 5301 742 5354 1611
775 5301 1064 5373 μέλλοντα·
1096 5305 1204 5366 πᾶς
1232 5304 1340 5375 γὰρ
1375 5305 1466 5358 καὶ
1499 5305 1697 5358 δ’πάνυ
1727 5304 1936 5367 δίκαιος

364 5400 550 5463 ἐλέους
591 5398 761 5452 δεῖται
814 5398 966 5470 παρά
1019 5399 1178 5453 Θεοῦ’
1233 5402 1281 5454 εί
1327 5400 1434 5470 γὰρ
1476 5400 1551 5469 μὴ
1591 5400 1690 5469 τὴν
1728 5400 1936 5452 οἰκείαν

363 5493 674 5563 παραμίξει
704 5495 1058 5563 συμπάθειαν
1084 5538 1100 5562 ,
1146 5494 1206 5548 06
1241 5493 1664 5563 δικαιωθήσεται
1702 5489 1936 5544 ἐνώπιον

343 5587 532 5642 ,αὐτοῦ
591 5590 702 5652 πᾶς
758 5588 887 5653 ζῶν.
926 5589 1028 5644 Kal
1068 5587 1241 5650 άλλως
1274 5587 1333 5640 δὲ
1370 5589 1498 5640 ποῖα
1537 5582 1934 5655 ἑργαιάντάξια

363 5680 461 5750 τῆς
517 5680 796 5750 βασιλείας
828 5682 938 5734 τῶν
976 5679 1265 5750 οὐρανῶν;
1531 5737 1535 5741 ,

439 5790 460 5824 1
499 5773 649 5844 Δῦτη
675 5776 708 5845 ή
751 5773 916 5842 γενεά
944 5771 1256 5842 ζητούντων
1282 5773 1374 5824 1611
1402 5771 1622 5842 Κύριον.
1654 5790 1672 5824 1
1708 5769 1930 5840 -Αῦτη

365 5867 398 5937 ή
431 5868 649 5938 γενεάή
684 5865 854 5931 οὕτως
884 5864 1076 5937 βιοῦσα
1119 5864 1280 5934 γενεά
1305 5865 1418 5919 ἐστι
1457 5862 1665 5932 ἀνδρῶν
1701 5862 1927 5931 ζητούν-

2039 4755 2134 4808 καὶ
2163 4752 2410 4816 δυνατός.
2465 4747 2602 4806 Εἶτα
2657 4749 2836 4804 πάλιν·
2871 4750 2899 4802 6
2953 4747 3160 4819 Κύριος
3202 4749 3229 4801 6
3272 4745 3505 4808 61111a16;
3564 4747 3622 4798 ἐν
3722 4759 3727 4764 ‘

2038 4825 2318 4915 πολέμοις.
2389 4841 2456 4896 Ἣ
2510 4842 2568 4896 δὲ
2647 4839 3017 4902 ἀναδίπλωσις
3063 4838 3145 4900 είς
3191 4833 3624 4904 ἀναγνωρισμδν

2037 4938 2236 5001 αὐτοὺς
2270 4935 2416 5004 ἀγει.
2457 4935 2612 5004 Ἅμα
2665 4932 2722 4986 δὲ
2756 4930 2852 4985 καὶ
2913 4930 3138 5000 ἐξυμνεῖ
3186 4929 3286 4998 τὴν
3331 4927 3478 4980 κοιτά
3525 4924 3623 4978 τοῦ

2037 5029 2302 5100 τυράννου
2325 5028 2504 5098 νίκην·
2541 5021 2585 5095 ᾧ
2625 5024 2944 5094 πολεμήσας
2982 5019 3368 5092 προσϐαλόντι,
3397 5018 3626 5071 καθεῖλε

2037 5123 2130 5177 καὶ
2157 5120 2234 5190 τῷ
2265 5119 2488 5190 σταυρῷ
2518 5117 2774 5187 καθάπερ
2811 5115 2994 5183 δόρατι
3024 5113 3441 5180 κατηκόντισεν.

2115 5235 2134 5269 1
2175 5215 2270 5279 Τίς
2295 5215 2446 5268 ἐστιν
2501 5204 2678 5275 οὗτος,
2712 5212 2740 5263 ὁ
2788 5208 3040 5278 βασιλεὺς
3064 5206 3162 5277 τῆς
3184 5203 3379 5274 δόξης;
3409 5202 3628 5272 Κύριος

2037 5309 2146 5362 τῶν
2196 5305 2509 5377 δυνάμεων.
2548 5321 2568 5354 1
2599 5332 2669 5344 —
2715 5299 2953 5370 Ὁμοίως
3021 5296 3320 5369 ἀποροῦσιν
3373 5297 3626 5350 κάκεῖνοι

2035 5401 2132 5456 καὶ
2165 5401 2288 5464 τοὺς
2329 5397 2693 5452 πυνθάνονται
2729 5394 2823 5448 καὶ
2855 5391 3168 5446 ἀκούουσιν.

2111 5493 2208 5547 κδ’.
2242 5510 2262 5545 1
2297 5490 2471 5554 Αὐτός
2498 5491 2647 5542 ἐστιν
2682 5488 2708 5540 6
2743 5485 2998 5557 βασιλεὺς
3029 5483 3131 5553 τῆς
3174 5481 3356 5550 δόξης.
3391 5498 3410 5532 1
3447 5509 3520 5521 -ν
3563 5481 3626 5533 '0

2033 5585 2254 5648 δυνατὸς
2307 5583 2512 5652 Κύριος
2560 5581 2590 5634 6
2649 5576 2889 5650 χορηγὸς
2939 5573 3047 5628 τῶν
3102 5573 3408 5642 δυνάμεων.
3460 5570 3628 5640 ἢκαὶ

2039 5677 2310 5741 δεσπότης
2337 5672 2449 5725 τῶν
2483 5671 2750 5733 δυνατῶν,
2782 5666 2942 5728 αὑτός
2976 5665 3129 5718 ἐστιν
3175 5663 3204 5716 6
3247 5663 3629 5730 καταγγελλόο

2038 5787 2198 5841 μενος
2251 5764 2381 5836 παρ’
2420 5763 2578 5834 ήμῶν
2635 5759 2890 5831 βασιλεὺς
2929 5753 3030 5824 τῆς
3061 5755 3239 5823 δόξης.
3270 5752 3390 5823 Χρὴ
3436 5753 3493 5806 δὲ
3536 5771 3628 5821 γι-

2035 5862 2265 5918 νώσκειν
2296 5857 2370 5921 ὡς
2399 5857 2446 5910 οί
2489 5853 2727 5927 Ἑϐραῖοι
2761 5850 2852 5904 καὶ
2883 5848 2973 5901 1611
2998 5848 3240 5918 παρόντα
3266 5844 3485 5916 ψαλμὸν
3520 5849 3626 5901 καὶ
