3824 6354
191 407 331 480 1433

1361 415 1772 480 EXPOSITIO
1815 415 1892 476 lN
1929 418 2064 479 PSA
2076 418 2294 479 LMOS.

3295 415 3433 478 ΗΜ

189 526 280 578 τὸν
319 525 428 597 πρδ
461 526 628 582 αὐτοῦ
679 529 790 592 τοῖς
844 530 901 584 ἓν
937 528 1222 584 Βαϐυλῶνι
1257 530 1629 602 αἰχμαλώτοις
1663 527 1765 583 αὑ·-
1791 529 1841 588 A
1946 547 1966 580 ε
2011 529 2192 582 Πᾶσαι
2239 529 2295 582 αί
2336 527 2446 582 ὀδοὶ
2497 526 2704 598 Κυρίου
2759 525 2905 589 ἔλεος
2941 528 3034 580 καὶ
3061 527 3292 597 ἀλήθεια
3338 532 3451 592 τοῖς

192 617 304 671 τῶν
337 620 767 687 προσάπτουσινο
803 624 1014 677 ἐκεῖνον
1048 623 1150 690 μὶν
1179 623 1248 676 16
1274 624 1417 676 κατά
1441 621 1538 692 τὴν
1570 619 1770 676 επάνος

192 710 284 764 δον
336 711 517 767 αὐτῶν
553 714 878 786 χαρμόσυνα
932 713 1417 786 συνδιηγούμενον,
1462 714 1657 769 τοῦτον
1715 713 1773 766 δὲ

195 806 699 877 παραμυθούμενον
732 807 802 861 16
837 809 897 862 ὲν
919 811 983 878 τῇ
1017 807 1369 879 αίχμαλωσίᾳ
1395 806 1642 876 λυπηρὰ.
1673 806 1772 859 καὶ

194 894 515 953 διδάσκοντα
563 900 638 970 μή
690 898 1066 970 δυσχεραίνειν
1099 899 1180 970 τῷ
1222 899 1374 970 τόπῳ
1399 937 1416 963 .
1452 894 1541 952 οἷα
1590 896 1777 966 πάσης

195 989 297 1056 τῆς
329 989 432 1059 γῆς
462 989 557 1043 τοῦ
589 990 726 1044 Θεοῦ
763 989 933 1062 οῦσης
953 1031 970 1058 ,
999 991 1108 1046 καὶ-
1126 991 1430 1061 δυναμένου
1459 989 1685 1052 παντὸς.
1716 990 1775 1040 ὲν

197 1082 363 1132 παντὶ
391 1079 540 1151 τόπῳ
569 1081 879 1152 εὐαρεστεῖν
915 1081 992 1154 τῷ
1015 1081 1158 1153 Θεῷ·
1196 1081 1491 1152 ἀλέγχοντα
1532 1079 1588 1133 δὲ
1644 1095 1777 1148 προ-

196 1167 378 1238 δήλως
429 1170 526 1224 καὶ
560 1172 670 1225 ἀπὸ
691 1172 792 1240 τῆς
817 1171 1047 1238 τάξεως·
1081 1174 1114 1245 ἢ
1141 1173 1253 1245 γάρ
1279 1172 1347 1227 ἂν
1379 1172 1588 1235 ἐκεῖνος
1637 1170 1776 1239 μετά

197 1261 388 1316 τοῦτον
420 1264 614 1336 ὲτάγηο
641 1267 718 1330 ώς
740 1266 810 1322 τά
845 1267 982 1339 μετά
1015 1267 1116 1338 τὴν
1140 1266 1402 1321 ἐπάνοδον
1434 1264 1543 1318 τῶν
1572 1265 1778 1335 αίχμα-

197 1356 386 1410 λώτων
439 1359 803 1430 διηγούμενον
824 1379 839 1394 ο
885 1363 974 1416 ναὶ
1010 1362 1118 1432 μὴν
1145 1360 1241 1414 καὶ
1283 1360 1392 1414 ἀπὸ
1424 1359 1532 1413 τῶν
1564 1357 1773 1429 ῥητῶν·

201 1449 306 1502 τοῦ
337 1449 444 1520 γὰρ
476 1450 537 1505 16
577 1450 727 1516 ἔλεος
755 1453 852 1507 τοῦ
881 1452 1017 1506 Θεοῦ
1049 1452 1382 1523 παρέμεινεν
1416 1451 1604 1513 αὐτοῖς
1647 1448 1776 1519 ἀχρι
1821 1468 1828 1474 ·

202 1540 345 1610 ζωῆς
378 1542 512 1608 ὅλως
537 1560 554 1612 ;
579 1545 655 1609 ὡς
687 1546 973 1617 πρώτατος
1037 1546 1186 1614 λέγει
1233 1545 1468 1616 ψαλμός.
1517 1543 1684 1606 Ποίας
1720 1542 1777 1596 δὲ

201 1637 378 1700 πύλας
409 1637 696 1704 ἀνιωνίους
718 1641 836 1710 έχεὶ
867 1641 939 1694 16
973 1640 1336 1711 Ἰεροσόλυμα
1394 1636 1584 1702 καθὼς
1613 1636 1642 1690 ὀ
1671 1652 1780 1691 πα-

205 1727 317 1799 ρών
352 1746 539 1802 φησιν,
568 1731 657 1786 ῖνα
690 1731 861 1787 τάλλα
889 1735 1231 1804 παρήσωμεν
1259 1749 1276 1802 ;

757 1850 1056 1906 ΨΔΔΜΟΣ
1105 1852 1233 1907 KA'.

1881 619 2180 689 ἑκζητοῦσι
2233 623 2331 690 τὴν
2383 619 2654 690 διαθήκην
2689 619 2880 682 αὐτοῦ,
2925 621 3020 673 καὶ
3053 621 3124 674 τὰ
3175 623 3452 690 μαρτύρια

1875 711 2064 768 αὑτοῦ.
2102 731 2122 766 0
2165 711 2353 775 Ὀδοῦς
2380 712 2480 781 τὴν
2517 710 2841 778 νομοθεσίαν
2893 715 3060 784 φησὶν
3087 713 3154 776 ἀς
3187 715 3216 767 6
3247 713 3452 784 Κύριος
3492 760 3502 769 .

1873 806 2004 868 τοὺς
2034 803 2358 875 ἀνθρώπους
2409 803 2696 874 νομοθετεῖ
2722 804 2892 860 ἐλεῶν
2919 822 2934 838 ο
2975 805 3184 877 ἀληθὴς
3217 806 3274 860 δι
3305 807 3386 861 δτι
3424 808 3454 860 6

1875 898 2178 969 νομοθέτης
2204 897 2525 964 αὐτοτελής.

1955 1009 1975 1045 ε
2011 991 2239 1046 Ἕνεκεν
2262 989 2357 1045 τοῦ
2381 991 2654 1061 ὀνόματός
2688 1007 2806 1055 σου⁹
2828 978 3040 1059 Κύριε,
3081 992 3176 1045 καὶ
3205 992 3454 1062 ίλάσθητι

1875 1087 1941 1155 τῇ
1973 1084 2222 1156 ἁμαρτία
2278 1097 2424 1155 μουο
2471 1083 2648 1156 πολλή
2694 1083 2803 1154 γάρ
2863 1086 2998 1139 ἐστι.
3041 1103 3059 1137 0
3095 1115 3165 1128 --—
3191 1086 3452 1158 Περιττός

1875 1177 2114 1232 ἐνταῦθα
2147 1179 2176 1231 6
2209 1179 2332 1232 καί.

1956 1313 1976 1346 ε
2012 1294 2109 1358 Τίς
2139 1295 2290 1348 ἔστιν
2325 1293 2614 1365 ἄνθρωπος
2649 1295 2677 1348 6
2707 1291 3050 1363 φοϐούμενος
3089 1292 3182 1346 16v
3210 1292 3451 1360 Κύριον;

1877 1387 2232 1457 νομοθετήσει
2279 1387 2430 1458 αὐτῷ
2473 1389 2532 1441 ὲν
2564 1387 2696 1458 ὀδῷ,
2803 1386 3126 1456 ήρετίσατο.
3163 1405 3182 1438 0
3221 1386 3456 1438 -Ἐπεὶ

1878 1479 2130 1551 διάφοροί
2168 1479 2307 1533 εἰσιν
2339 1480 2396 1534 αί
2429 1479 2568 1549 πρὸς
2599 1478 2876 1546 σωτηρίαν
2913 1477 3044 1541 ὀδοὶ,
3090 1477 3373 1528 τουτέστιν
3404 1475 3460 1527 αί

1879 1573 2020 1625 κατά
2055 1571 2189 1625 Θεδν
2233 1570 2522 1633 πολιτεῖαι,
2581 1571 2638 1622 ἐν
2754 1569 2860 1640 ὁδῷ
2894 1567 3103 1636 διάγειν
3150 1569 3392 1638 αίρεῖται
3426 1569 3456 1620 6

1878 1665 2164 1736 ἄνθρωπος
2219 1665 2312 1719 τοῦ
2365 1663 2505 1718 Θεοῦ
2563 1664 2812 1735 εὑρίσκει
2861 1663 3025 1716 αὐτὸν
3055 1659 3455 1731 νομοθετοῦντα

1880 1757 2067 1820 αὐτὸν,
2094 1756 2344 1811 τουτέστι
2394 1753 2751 1818 διδασκαλίας
2806 1757 2904 1808 καὶ⁹
2938 1753 3174 1814 κανόνας
3224 1752 3452 1824 θέμενον

1877 1851 1980 1920 τῆς
2014 1849 2324 1919 ἀκριϐείας
2343 1847 2437 1902 τοῦ
2467 1847 2887 1916 πολιτεύματος.

275 1962 503 2032 Ψαλμδς
537 1963 906 2040 τῷΔαυῖδ.--
929 1963 1136 2018 Τοῦτον
1170 1961 1482 2033 ἑξεφώνησε
1510 1960 1783 2030 πολεμού-
1811 1931 1859 1993 Β
1897 2037 1909 2040 Α
1942 1962 1980 2040 ᾼί
2006 1943 2268 2040 -Ἦ-ψῖξχὴ
2291 1941 2457 2040 αὖξοῧ
2505 1939 2830 2040 ινρἀσθοῖς
2877 1937 3292 2040 αὖλισθίρσεξαιο
3339 1957 3358 1991 ι
3391 1969 3464 1981 -

209 2072 370 2125 μενος
416 2055 509 2109 ὑπ’
543 2055 777 2127 ἔχθρῶν.
819 2056 1081 2128 Ἀρμόζει
1137 2056 1194 2110 δὲ
1250 2058 1344 2111 καὶ
1389 2057 1527 2110 πᾶσι
1567 2059 1679 2119 τοῖς
1724 2057 1782 2109 ὲν

206 2147 478 2214 ἀνάγκαις
509 2148 607 2201 καὶ
646 2147 938 2217 ἑπηρείαις
965 2147 1330 2216 δαιμονικαῖς.

281 2255 301 2291 ε
344 2239 488 2308 Πρός
539 2255 623 2301 σε,
675 2241 887 2310 Κύριε,
927 2233 1038 2308 ἦρα
1071 2239 1172 2308 τὴν
1200 2237 1386 2308 ψυχήν
1429 2251 1552 2308 μου*
1587 2235 1616 2288 6
1649 2235 1784 2298 Θεός

209 2347 336 2401 μου,
369 2332 464 2384 ἐπὶ
501 2331 587 2385 σο)⁸
623 2330 883 2389 πέποιθα.
920 2350 940 2384 0
979 2331 1160 2384 -Σοὶ
1190 2328 1466 2400 ἀνεθέμην
1513 2327 1612 2399 τὴν
1643 2327 1786 2398 ἐμὴν

206 2422 411 2492 ψυχήν.

287 2533 306 2568 ι
345 2516 440 2586 Μὴ
470 2514 932 2587 καταισχυνθείην
971 2513 1051 2578 είς
1095 2514 1188 2568 16v
1221 2513 1417 2568 αἰῶνα.
1459 2530 1479 2564 0
1517 2509 1786 2581 -Μηδέ-

212 2625 340 2662 ποτε
389 2609 850 2678 καταισχυνθείην
910 2607 1047 2678 μηδὲ
1101 2606 1244 2660 κατά
1305 2603 1400 2658 16v
1445 2603 1542 2658 νῦν
1583 2602 1784 2668 αίῶνα,

210 2703 352 2774 μήτε
384 2705 528 2758 κατά
553 2702 648 2756 16v
691 2702 978 2774 μέλλοντα,
1006 2700 1158 2772 δηλοῖ
1193 2699 1252 2754 δι
1282 2697 1342 2753 16
1379 2698 1459 2762 είς
1488 2697 1581 2752 16v
1615 2696 1789 2751 αίῶνα

207 2797 307 2850 καὶ
335 2798 396 2849 16
426 2795 740 2858 διαπαντός.
1433 2862 1437 2867 ,
1659 2859 1662 2864 _

290 2908 310 2942 ε
360 2889 512 2960 Μηδὲ
541 2884 1082 2956 καταγελασάτωσάν
1126 2898 1194 2954 με
1224 2881 1276 2936 οί
1311 2879 1500 2952 ἐχθροί
1539 2895 1665 2952 μου*
1693 2879 1790 2934 καὶ

208 2984 318 3055 γὰρ
351 2983 554 3044 πάντες
609 2981 660 3034 οί
710 2977 1091 3048 ὑπομένοντες
1133 2974 1195 3028 ού
1248 2973 1326 3043 μὴ
1367 2971 1790 3048 καταισχυνθῶ-

211 3094 320 3132 σιν.
363 3093 383 3127 0
413 3103 484 3118 —
524 3073 613 3126 'Ev
633 3071 851 3133 πολλοῖς
894 3070 922 3122 ὀ
953 3066 1116 3122 Δαυῖδ
1158 3066 1220 3120 16
1264 3065 1536 3136 ὑπομένον
1568 3065 1663 3118 καὶ
1693 3063 1792 3134 τήν

210 3169 490 3239 ὑπομονὴν
529 3167 622 3221 ἐπὶ
662 3167 765 3232 τὶς
817 3162 1150 3232 προσδοκίας
1196 3158 1420 3228 καὶτῆς
1448 3157 1665 3217 ἑλπίδος
1696 3158 1791 3212 καὶ

208 3259 521 3330 ἀπεκδοχῆς
550 3257 755 3328 τίθησι·
793 3254 962 3326 φησὶν
993 3249 1108 3307 οὖν·
1144 3269 1165 3306 ε
1201 3252 1278 3305 Οὐ
1313 3249 1390 3322 μὴ
1421 3248 1792 3318 αἰσχυνθῶσιν

209 3349 260 3401 οἱ
299 3347 710 3416 προσδοκῶντες
740 3347 837 3399 καὶ
869 3342 1188 3408 ιλπίζοντες
1231 3340 1330 3394 καὶ
1360 3338 1788 3409 ἀπεκδεχόμενοί

216 3440 434 3511 σε’ήτοι
461 3439 608 3510 παρά
639 3440 733 3494 σοῦ
770 3437 1046 3509 βοήθειαν.

286 3549 306 3584 ε
365 3533 826 3603 Δίσχυνθήτωσαν
878 3531 926 3582 οί
967 3527 1301 3598 ἀνομοῦντες
1353 3524 1632 3596 διακενῆς.
1669 3544 1688 3580 0
1718 3554 1792 3567 —

213 3623 472 3686 Ματαίως
506 3623 615 3693 γὰρ
651 3623 745 3675 καὶ
774 3624 1035 3684 εναντίως
1082 3615 1413 3689 πολεμοῦσιν
1437 3617 1488 3672 οἱ
1520 3615 1788 3687 ἀνομοῦνο

212 3735 306 3781 τες
331 3718 409 3787 τῷ
443 3715 610 3787 μηδὲν
643 3714 1011 3786 αίδικήσαντι.

292 3828 312 3862 ι
343 3809 454 3872 Τάς
501 3807 656 3869 ὀδούς
714 3824 831 3873 σου,
888 3804 1087 3876 Κύριε,
1123 3801 1392 3876 γνώρισόν
1425 3817 1537 3873 μοι,
1575 3798 1792 3861 καὶτὰς

222 3901 445 3976 τρίϐους
481 3918 576 3955 σου
607 3901 820 3967 δίδαεόν
846 3915 934 3969 με.
972 3917 992 3952 0
1019 3928 1086 3942 -ι
1115 3897 1194 3951 Δι’
1221 3878 1550 3966 ἀμφοτέρων
1575 3894 1672 3957 τάς
1707 3893 1792 3946 ιν-

219 3995 381 4059 τολάς
411 3994 685 4067 ἐδήλωσεν
711 3991 777 4058 ἀς
809 3990 1031 4064 εῦχεται
1064 3991 1216 4064 παρά
1244 3988 1380 4044 Θεοῦ
1416 3987 1612 4061 μαθεῖν
1649 4002 1792 4058 πραι-

173 4127 182 4132 -
219 4086 450 4150 κτικῶς.

296 4198 316 4234 ε
362 4178 663 4255 Ὂδήγησόν
695 4193 764 4248 με
794 4176 886 4230 ἐπὶ
914 4175 1017 4245 τὴν
1059 4161 1322 4244 ἀλήθειάν
1352 4190 1467 4235 σου.
1501 4171 1598 4226 καὶ
1642 4169 1796 4244 δίδα-

221 4273 312 4340 εόν
345 4290 467 4343 με.»
492 4300 555 4314 —-
587 4270 679 4341 Μὴ
712 4269 872 4340 μόνον
894 4268 992 4338 τὴν
1023 4266 1246 4338 πρᾶξιν,
1282 4264 1418 4318 ἀλλά
1447 4263 1544 4318 καὶ
1567 4263 1667 4334 τὴν
1688 4261 1796 4315 τῶν

222 4363 572 4436 πραγμάτων
621 4361 892 4430 ὀρθότητα
943 4358 1169 4430 ζητεῖν⁹
1227 4359 1286 4425 ἐξ
1335 4356 1668 4427 ἀμφοτέρων
1686 4354 1795 4424 γὰρ

222 4455 360 4526 ὁμοῦ
393 4453 760 4526 κατορθοῦται
790 4453 824 4523 ἡ
856 4453 1120 4521 σωτηρία.

299 4566 319 4601 ε
353 4549 473 4602 Ὅτι
501 4548 565 4601 σὺ
595 4541 647 4600 εἴ
678 4548 706 4600 6
730 4544 864 4608 Θεὸς
889 4545 918 4596 6
955 4543 1155 4614 Σωτήρ
1182 4560 1310 4613 μου,
1335 4542 1434 4597 καὶ
1460 4539 1520 4594 σὲ
1552 4539 1798 4608 ὑπέμειο

227 4657 296 4694 να
323 4639 453 4709 ὅλην
479 4638 582 4710 τὴν
621 4637 862 4708 ἡμέραν.
898 4654 917 4687 0
949 4662 1020 4675 -—
1051 4635 1211 4688 Ἤτοι
1241 4633 1331 4688 διά
1367 4632 1590 4694 παντός.

1818 3297 1866 3361 C

1830 4657 1882 4718 Ι)

1895 2037 1961 2092 Ἦ
1991 2035 2139 2109 ψυχὴ
2173 2036 2474 2090 ἀποπτᾶσα
2501 2033 2597 2088 τοῦ
2630 2033 2883 2104 σώματος
2910 2034 3025 2096 τοῖς
3050 2031 3294 2092 αἰωνίοις
3328 2033 3466 2100 ἀγα-

1886 2131 2000 2194 θοῖς
2024 2129 2379 2202 ενσκηνώσει.

1967 2262 1987 2298 ι
2029 2245 2140 2298 Καὶ
2167 2243 2230 2297 16
2263 2245 2488 2317 σπέρμα
2531 2244 2697 2300 αὑτοῦ
2733 2242 3142 2316 κληρονομήσει
3177 2242 3304 2312 γῆν.
3344 2259 3363 2293 0
3394 2270 3468 2286 σι-

1889 2338 1996 2392 Καὶ
2025 2339 2076 2392 οί
2107 2339 2320 2408 γνήσιοι
2351 2337 2520 2391 αὐτοῦ
2560 2337 2809 2409 μαθηταὶ
2834 2336 2932 2391 καὶ
2975 2335 3070 2389 τοῦ
3115 2336 3320 2405 τρόπου
3348 2333 3468 2387 διά-

1887 2429 2033 2500 δοχοι
2065 2430 2548 2501 κληρονομήσουσι
2580 2431 2674 2484 τδν
2708 2429 2963 2501 οὐράνιον
2992 2428 3199 2500 ψῶρον.

1967 2539 1986 2573 ε
2013 2521 2360 2591 Κραταίωμα
2396 2519 2602 2592 Κύριος
2625 2520 2736 2574 τῶν
2765 2519 3120 2590 φοϐουμένων
3143 2517 3330 2573 αὐτόν.
3370 2533 3470 2570 0—-

1889 2611 2070 2682 ’Ῑσχὺς
2097 2611 2194 2665 καὶ
2223 2612 2514 2682 ὀχύρωμα.

1970 2722 1990 2756 ε
2019 2704 2131 2758 Καὶ
2182 2706 2216 2776 ή
2247 2705 2484 2776 διαθήκη
2539 2705 2706 2760 αὐτοῦ
2746 2703 2980 2776 δηλώσει
3010 2706 3217 2770 αὐτοῖς.
3253 2723 3270 2757 0
3298 2733 3368 2745 --
3401 2702 3468 2756 'H

1893 2795 2147 2866 ὑποθήκη
2177 2795 2345 2851 αὑτοῦ
2374 2798 2636 2869 γνωρίσει
2674 2799 2860 2861 αὐτοῖς
2891 2798 2952 2853 τὸ
2975 2798 3120 2854 δέονέ

1969 2906 1988 2941 ε
2027 2888 2352 2960 Ἐπίϐλεψον
2386 2891 2479 2943 ἐπὶ
2522 2892 2648 2961 ἐμὲ,
2679 2891 2774 2944 καὶ
2809 2890 3034 2961 ίλὲησόν
3069 2908 3161 2961 με,
3195 2891 3276 2944 ὅτι
3308 2907 3468 2960 μονο-

1891 2986 2058 3055 γενὴς
2114 2986 2210 3039 καὶ¹
2267 2988 2482 3055 πτωχός
2532 2989 2649 3057 είμι
2697 2986 2830 3055 ἐγώ.
2861 3005 2880 3038 0
2926 3015 2997 3028 —
3037 2986 3111 3038 T6
3170 2984 3471 3056 μονογενὴς

1892 3076 2016 3129 ἀντὶ
2061 3075 2158 3128 τοῦ
2198 3075 2612 3146 μεμονωμένοςο
2647 3077 2727 3130 διὸ
2758 3077 2852 3130 καὶ
2890 3077 3132 3146 πτωχὸς,
3166 3076 3242 3139 ώς
3282 3077 3346 3127 ὲκ
3371 3075 3471 3145 τῆς

1891 3167 1998 3222 τῶν
2031 3167 2318 3240 όμοζήλων
2347 3167 2609 3238 βοηθείας
2639 3169 3095 3238 γεγυμνωμένος.

1972 3278 1993 3312 ε
2033 3259 2137 3314 Ἴδε
2166 3260 2294 3324 τοὺς
2345 3259 2579 3330 ἐχθρούς
2628 3278 2735 3332 μου
2786 3261 2870 3314 ὅτι
2903 3259 3346 3330 ὲπληθύνθησαν,
3375 3257 3472 3313 καὶ

1900 3351 2056 3419 μῖσος
2096 3349 2285 3404 ἀδικον
2317 3350 2591 3420 ἐμίσησαν
2617 3368 2708 3421 με.
2741 3368 2761 3403 0
2826 3386 2836 3392 ι
2905 3351 3019 3418 τὴν
3049 3348 3344 3420 συντριϐήν
3377 3349 3473 3402 καὶ

1894 3440 1996 3512 τὴν
2028 3440 2408 3512 ταλαιπωρίαν
2440 3460 2544 3512 μου
2590 3442 3058 3512 ἐπισκεψάμενος,
3093 3444 3204 3496 εἴτε
3238 3443 3338 3510 τὴν
3371 3441 3472 3510 ψυ-

1895 3532 2056 3616 χικήν
2109 3534 2224 3587 εἶτε
2264 3533 2362 3606 τὴν
2424 3537 2771 3607 σωματικήν.
2816 3536 2956 3600 Τοὺς
3006 3535 3216 3598 αίτίους
3263 3534 3472 3588 τούτων

1895 3625 2170 3696 ἁμαρτίας
2186 3627 2568 3698 συγχώρησον.

1975 3760 1994 3793 ε
2034 3743 2266 3796 Ἀκακοι
2295 3741 2393 3796 καὶ
2424 3741 2600 3806 εύθεϊς
2628 3740 2930 3795 ἐκολλῶντό
2967 3757 3079 3807 μοι,
3115 3739 3198 3793 ὅτι
3231 3738 3466 3808 ὑπέμει-

1899 3835 1966 3892 νά
2003 3853 2062 3890 σε
2091 3879 2105 3898 .
2141 3836 2334 3906 Κύριε.
2373 3855 2392 3888 0
2432 3865 2502 3877 -—
2539 3834 2790 3903 ’Δγαθοῖς
2849 3836 2946 3888 καὶ
2993 3832 3223 3896 δικαίοις
3271 3831 3473 3895 ἐδίδους

1899 3928 1961 3982 16
1993 3927 2114 3982 ένοῦ
2123 3927 2247 3982 σθαι
2273 3928 2528 3997 φιλικῶς.

1977 4040 1998 4073 ε
2038 4020 2333 4093 Λύτρωσαι
2380 4023 2409 4075 6
2464 4021 2597 4085 Θεὸς
2646 4020 2736 4075 16v
2762 4017 2981 4091 Ἰσραήλ
3036 4020 3101 4073 ὲκ
3130 4018 3322 4072 πασῶν
3361 4016 3474 4070 τῶν

1903 4114 2136 4184 θλίψεων
2167 4097 2357 4168 αὐτοῦ.
2396 4133 2415 4167 ι
2447 4145 2516 4155 -
2545 4113 2766 4184 Ἰσραὴλ
2815 4114 2850 4183 η
2889 4113 2982 4167 16v
3024 4113 3151 4167 λαόν
3183 4129 3318 4181 φησι
3359 4113 3474 4173 τοῖς

1905 4210 2128 4272 πυκνοῖς
2167 4207 2426 4278 πολέμοις
2457 4207 2759 4278 πάσχοντα,
2789 4207 2823 4276 ἢ
2856 4207 2951 4261 καὶ
2990 4207 3186 4261 ἑαυτὸν
3225 4205 3302 4268 ώς
3329 4203 3475 4256 ὲκεϊ-

1903 4298 1997 4352 θεν
2024 4300 2395 4370 κατηγμένον.
2439 4300 2596 4352 Ἐστι
2647 4299 2706 4352 δὲ
2761 4298 2981 4370 ἀληθῶς
3031 4295 3257 4369 Ἰσραὴλ
3307 4297 3414 4360 πᾶς
3447 4297 3477 4348 6

1903 4389 2107 4460 νοερῶς
2136 4390 2406 4456 ἀτενίζων
2433 4390 2527 4444 16v
2561 4390 2718 4443 Θεόν.

2399 4505 2403 4510 ’
2469 4501 2762 4557 ΨΔΛΜΟΣ
2790 4501 2920 4556 KE'.

1982 4615 2329 4688 «Ψαλμδςτῷ
2349 4614 2842 4671 Δαυῒδ.ι--Τοῦτον
2872 4613 3113 4685 ἔγραψεν
3143 4613 3172 4666 6
3195 4612 3483 4684 προφήτης

303 4757 323 4786 ι
361 4706 791 4804 Μ’νήσόητιῂτῶν
837 4727 1146 4800 οιχτιρμῶν
1195 4745 1316 4794 σου,
1347 4727 1544 4797 Κύριε,
1586 4722 1679 4778 καὶ
1734 4720 1806 4777 τὰ
1833 4706 1877 4718 ’⁷
1915 4712 2076 4767 ὁπότε
2099 4713 2319 4780 φεύγων
2349 4711 2448 4804 16v
2474 4707 3187 4804 26061_1169“66log06101;
3221 4706 3481 4776 διέτριϐε.

225 4828 355 4897 έλέη
388 4843 506 4891 σου,
540 4825 623 4880 ὅτι
644 4825 764 4880 ’ἀπὸ
792 4823 889 4878 τοῦ
925 4821 1122 4886 αἰῶνός
1149 4821 1310 4875 είσιν.
1344 4837 1364 4872 0
1393 4849 1462 4859 —
1493 4818 1659 4872 Φύσει
1693 4815 1804 4887 γὰρ
1842 4883 1846 4888 ,

224 4918 529 4988 οἰκτίρμων
569 4912 622 4970 εί
661 4918 756 4969 καὶ
787 4915 1060 4985 ἐλεήμων.

307 5028 326 5061 ι
364 5008 614 5079 Χρηστὸς
649 5010 744 5062 καὶ
778 5007 942 5072 εὐθὺς
989 5008 1018 5060 6
1070 5004 1296 5076 Κύριος·
1330 5001 1420 5057 διὰ
1457 5000 1616 5056 τοῦτο
1645 5015 1808 5070 νομο-

239 5101 460 5173 θετήσει
503 5099 920 5171 ἁμαρτάνοντας
956 5099 1018 5153 6v
1055 5097 1182 5168 ὀδῷ.
1216 5116 1234 5149 0
1264 5127 1336 5138 —
1364 5095 1522 5148 Ἐπεὶ
1555 5094 1616 5148 ού
1652 5092 1814 5164 μόνον

230 5196 394 5258 εὐθὺς
437 5193 556 5267 ήτοι
625 5193 861 5257 δίκαιος,
926 5192 1063 5247 ἀλλά
1099 5191 1194 5246 καὶ
1244 5187 1450 5259 ἀγαθός
1515 5188 1688 5249 ἔστιν,
1751 5185 1812 5240 ού

240 5287 554 5360 παραυτίκα
579 5287 706 5350 τοὺς
737 5285 1154 5355 ἁμαρτάνοντας
1182 5283 1584 5352 τιμωρήσεται,
1613 5276 1728 5332 ἀλλ’
1757 5279 1816 5330 ὲν

233 5386 306 5453 τῇ
339 5380 445 5450 ὀδῷ
492 5381 591 5449 τῆς
627 5378 906 5449 σωτηρίας
956 5375 1170 5434 τούτοις
1216 5372 1605 5444 νομοθετήσει·
1643 5371 1815 5440 ήγουν

241 5475 335 5528 διὰ
361 5473 472 5528 τῶν
501 5473 688 5532 νόμων
711 5467 877 5526 αὑτοῦ
897 5469 994 5524 καὶ
1023 5467 1254 5522 ιντολῶν
1291 5467 1386 5521 καὶ
1437 5464 1814 5536 παραινέσεων

234 5567 392 5637 θήσει
414 5563 992 5633 καὶιάποκαταστήσει,
1021 5560 1163 5614 ὥστε
1191 5560 1395 5629 ταύτην
1424 5558 1473 5610 εί
1505 5556 1804 5627 βούλοιντο.

306 5675 329 5712 ε
375 5657 668 5728 ὐδηγήσει
699 5645 895 5726 πραεῖς
941 5656 1000 5708 tv
1029 5651 1211 5722 κρίσει
1237 5691 1253 5717 ,
1287 5649 1493 5714 διδάξει
1524 5647 1679 5710 ὀδοὺς
1711 5645 1808 5698 αὖε

231 5750 350 5807 τοῦ.
392 5768 410 5802 0
437 5779 508 5792 ——
542 5747 711 5803 Ἀλλά
750 5747 881 5809 τοὺς
903 5747 1100 5817 πραεῖς
1131 5743 1226 5796 καὶ
1263 5741 1340 5812 μὴ
1365 5740 1572 5802 εἰδότας
1606 5737 1816 5792 ἀντιλέ-

235 5859 355 5911 γειν
384 5842 643 5910 ὁδηγήσει
694 5841 752 5892 ὲν
801 5841 865 5910 τῇ
893 5834 1164 5905 διακρίσει
1207 5834 1305 5887 τοῦ
1365 5830 1560 5901 ὀρθοῦ,
1613 5831 1699 5885 ῐνα
1740 5831 1814 5900 μὴ

236 5934 553 6007 πλανηθῶσι
585 5934 672 5989 διὰ
697 5933 757 5988 τδ
791 5928 931 5986 εἶναι
979 5928 1203 6000 γνώμης
1239 5925 1529 5995 ἁπλοῖκῆς.

1989 4821 2010 4857 ε
2043 4803 2242 4875 Κρῖνόν
2283 4819 2397 4872 μοι,
2433 4803 2630 4874 Κύριε,
2657 4801 2738 4854 δτι
2764 4798 2878 4870 ἐγὼ
2907 4802 2964 4854 ἐν
2991 4801 3200 4871 ἀκακία
3228 4816 3331 4868 μου
3359 4799 3487 4851 €110-

1917 4897 2118 4971 ρεύθην
2149 4896 2243 4952 καὶ
2267 4897 2359 4950 ἐπὶ
2382 4895 2458 4964 τῷ
2489 4893 2680 4965 Κυρίῳ
2713 4893 2953 4956 ἐλπίζων
2982 4893 3044 4946 ού
3073 4892 3149 4962 μὴ
3176 4891 3484 4960 ἀσθενήσω.

1915 4991 2223 5062 Δοκίμασόν
2261 5007 2347 5061 με,
2383 4988 2583 5058 Κύριε,
2633 4987 2728 5042 καὶ
2781 4986 3047 5057 πείρασόν
3103 5003 3194 5055 με,
3230 4983 3489 5054 πύρωσον

1913 5088 2040 5149 τοὺς
2069 5085 2304 5156 νεφρούς
2334 5100 2458 5154 μου,
2495 5083 2590 5135 καὶ
2641 5081 2741 5149 τὴν
2781 5079 3011 5151 καρδίαν
3047 5095 3171 5150 μου.
3211 5096 3230 5129 0
3266 5108 3325 5118 —
3369 5076 3492 5140 Ἐξ-

1917 5178 2190 5231 έτασονὶν
2223 5177 2374 5247 ιμοὶ,
2423 5175 2624 5245 Κύριε,
2657 5172 2772 5238 πῶς
2816 5171 3006 5241 διῆγον
3035 5172 3094 5225 ιν
3125 5168 3450 5238 ἀνεξικακίᾳ
3473 5183 3486 5197 ο

1917 5268 2033 5324 εἶτα
2060 5269 2194 5338 πρὸς
2237 5271 2365 5332 τοὺς
2403 5267 2633 5340 ιχθροῦς
2687 5267 2781 5320 ἐπὶ
2826 5264 2905 5334 τῷ
2938 5265 3129 5335 Κυρίῳ
3160 5261 3400 5326 ἐλπίζων
3428 5259 3490 5314 ού

1920 5362 1997 5432 μή
2025 5359 2323 5414 καταπέσω
2359 5358 2440 5428 τῷ
2475 5358 2813 5429 φρονήματι.

1997 5471 2017 5506 ε
2054 5453 2179 5506 Ὀτι
2234 5451 2294 5506 16
2339 5450 2488 5515 ἔλεός
2544 5467 2639 5504 σου
2701 5450 2994 5505 κατέναντι
3049 5447 3158 5503 τῶν
3191 5443 3494 5518 ὀφθαλμῶν

1922 5551 2024 5621 μού
2055 5551 2192 5603 ἐστι.
2232 5567 2251 5600 0
2287 5576 2356 5588 --
2377 5545 2666 5610 Ἐξὲτασον
2708 5545 2830 5609 πῶς
2859 5545 2948 5600 ἀεὶ
2973 5544 3033 5599 16
3085 5544 3178 5598 σδν
3213 5543 3363 5606 ἕλεος
3389 5540 3496 5611 ἔχω

1920 5644 2032 5714 πρὸ·
2057 5640 2357 5711 ὀφθαλμῶν
2396 5657 2522 5710 μου,
2565 5639 2828 5710 ἀλλαχόσε
2863 5640 2939 5708 μὴ
2981 5635 3283 5699 πεποιθώς.

1999 5753 2017 5786 ι
2059 5735 2172 5788 Καὶ
2201 5732 2550 5802 εύηρέστησα
2585 5732 2644 5784 ἐν
2683 5734 2752 5803 τῇ
2793 5729 3024 5801 ἀληθείᾳ
3061 5747 3178 5785 σου.
3223 5747 3242 5780 0
3283 5756 3352 5767 —-
3387 5723 3496 5779 Καὶ

1921 5826 2038 5890 πῶς
2072 5823 2346 5895 εὐάρεστά
2383 5839 2466 5876 σοι
2501 5823 2734 5894 ἐποίησα
2787 5822 2887 5875 οὐκ
2929 5820 3142 5873 οἴκοθεν
3169 5859 3184 5882 ,
3223 5816 3338 5870 ἀλλ’
3388 5817 3497 5869 ἀπὸ

1923 5920 2030 5974 τῶν
2059 5918 2166 5974 σῶν
2197 5917 2449 5988 ἁψενδῶν
2489 5913 2665 5986 λόγων
2724 5911 3218 5988 παρακινούμενος·
3276 5911 3337 5985 σὺ
3389 5909 3496 5979 γὰρ
