3824 6354
183 426 305 493 1437

1325 426 1739 492 ΕΧΡοειΤιο
1780 428 1862 491 ΙΝ
1904 430 2041 490 PSA
2052 428 2271 492 ωας.

3278 428 3418 495 MSS

177 547 454 613 ακούοντες
507 549 674 621 μηδὲν
725 549 1063 619 φθέγγεσθαι
1095 548 1233 621 πρὸς
1282 551 1411 611 τοὺς
1466 546 1725 618 αίτουμέυ
1755 549 1799 605 Λ
1830 546 1956 600 στὸν
1986 548 2135 615 λέγει
2160 549 2224 618 ἢν
2276 551 2370 601 καὶ
2401 546 2634 618 βροντὴν
2665 547 2848 611 καλεῖ,
2905 545 2981 610 ῶς
3044 548 3105 612 LE
3154 548 3416 619 οὐρανοῦ,

176 658 306 702 νους.

248 750 265 781 ε
298 734 404 786 Kal
441 733 860 805 ὁμοιωθήσομαι
887 735 1002 797 τοῖς
1035 733 1464 790 καταϐαίνουσιν
1513 736 1593 798 είς
1613 735 1742 789 λάκ-

178 839 286 878 κον.
325 844 344 877 3
376 856 442 868 ——
472 827 686 894 Ἧγουν
720 829 779 882 ἐν
805 829 920 891 τοῖς
948 829 1192 898 νεκροῖς.

259 934 278 967 ι
306 918 666 983 Είσάκουσον,
705 918 911 991 Κύριε,
969 923 1070 991 τῆς
1114 920 1305 989 φωνῆς
1357 919 1458 987 τῆς
1506 918 1742 987 δεήσεὼς

179 1028 297 1081 μου,
332 1011 391 1066 ἐν
425 1011 504 1082 τῷ
534 1011 757 1067 δέεσθαί
799 1028 867 1082 με
902 1012 1042 1082 πρὸς
1076 1011 1167 1078 at,
1192 1012 1254 1065 ἐν
1311 1010 1391 1080 τῷ
1449 1011 1629 1085 αἴρειν
1672 1027 1740 1081 με

175 1105 352 1175 χεῖράς
382 1122 487 1175 μου
536 1105 673 1176 πρὸς
737 1106 863 1161 ναὸν
893 1106 1051 1177 ἅγιόν
1082 1122 1200 1163 σου.
1237 1122 1258 1159 3
1296 1135 1366 1146 —
1391 1105 1539 1159 Ναδν
1590 1105 1740 1172 λέγει

174 1195 258 1250 τὸν
286 1197 343 1249 οὐ
351 1199 535 1268 ρανόν.

244 1307 264 1343 ι
296 1291 389 1359 Μὴ
411 1291 756 1365 συνελκύσῃς
793 1309 862 1364 με
885 1293 1027 1362 μετὰ
1064 1290 1439 1362 ἁμαρτωλῶν.
1476 1311 1495 1346 3
1547 1320 1618 1334 —-
1642 1291 1767 1361 Μὴ-

172 1380 256 1437 sua
286 1382 344 1435 τὸ
369 1384 674 1452 συνδιάγειν
707 1403 775 1456 με
806 1388 921 1451 τοῖς
973 1386 1332 1456 ἁμαρτωλοῖς
1395 1384 1737 1456 συνελκύσῃς

176 1476 312 1545 κᾶμέ
339 1475 458 1545 μετ’
493 1478 675 1533 αὐτῶν
703 1479 784 1542 είς
819 1481 881 1533 τὸ
907 1473 1090 1534 δοῦναι
1119 1479 1305 1551 δίκην.

248 1585 267 1621 ι
304 1567 463 1622 Κατὰ
484 1570 556 1623 τὰ
588 1569 730 1641 ἔργα
759 1571 871 1623 τῶν
902 1572 1107 1641 χειρῶν
1135 1570 1320 1625 αὐτῶν
1348 1570 1441 1636 δὸς
1488 1569 1682 1632 αὐτοῖς
1717 1583 1732 1599 ⁶

174 1658 365 1723 ἀπόδος
397 1660 459 1714 τὸ
490 1661 845 1734 ἀνταπόδομα
861 1662 1047 1717 αὐτῶν
1074 1664 1285 1726 αὐτοῖς.
1331 1682 1352 1716 3
1387 1692 1463 1704 —-
1490 1662 1606 1731 Τὴν
1642 1677 1738 1715 κε-

172 1751 596 1821 χςεωστημένην
627 1754 910 1824 ἐκδίκησιν
938 1754 1141 1819 ἀπόδος
1168 1754 1353 1818 αὐτοῖς
1376 1753 1463 1807 ἴνα
1496 1752 1737 1823 βελτίους

170 1841 217 1894 υί
245 1843 403 1895 κακοὶ
431 1845 718 1911 γένωνται.

240 1952 261 1986 ι
295 1934 421 1989 Ὅτι
453 1938 513 1990 οὐ
551 1939 799 2003 συνῆκαν
827 1938 908 2000 είς
940 1939 1008 1993 τὰ
1035 1938 1177 2006 ἔργα
1202 1938 1433 2008 Κυρίου.
1476 1956 1495 1990 3
1538 1938 1736 1992 -Ὃτι
1767 1920 1810 1976 Β

166 2027 263 2081 οὐκ
313 2029 565 2097 ἔγνωσαν
634 2030 735 2093 τὰς
779 2029 932 2093 θείας
998 2031 1319 2102 οἰκονομίας
1352 2029 1428 2094 ὡς
1478 2031 1736 2100 ἀνέχεται

172 2121 351 2174 αὐτῶν
406 2123 438 2177 ὁ
468 2120 629 2189 Θεὸς,
680 2125 878 2194 καιρὸν
905 2122 1173 2193 ὓφαπλῶν
1220 2122 1434 2186 τούτοις
1479 2123 1738 2190 ἐπιστρο-

169 2229 269 2363 vn:
287 2312 397 2365 Kal
428 2311 508 2374 είς
561 2309 633 2366 τὰ
670 2310 812 2381 ἔργα
839 2309 951 2363 τῶν
1001 2314 1207 2382 χειρῶν
1269 2310 1438 2365 αὐτοῦ
1482 2309 1736 2373 καθελεϊς

64 2434 70 2439 ο
165 2404 362 2466 αὐτοὺς
384 2404 479 2457 καὶ
507 2403 571 2457 οὐ
608 2404 684 2473 μὴ
738 2404 1126 2474 οἰκοδομήσας
1181 2404 1404 2464 αὐτούς.
1446 2422 1465 2455 3
1495 2432 1565 2445 --
1596 2405 1738 2475 [lpo-

163 2496 387 2565 φητεύει
425 2497 510 2550 ὅτι
544 2495 804 2559 πεσόντες
838 2496 940 2551 οὐκ
986 2496 1485 2567 ἀνορθωθήσονται.

239 2608 256 2639 ι
293 2588 399 2642 Καὶ
434 2588 756 2658 ἁνέθαλενή
815 2587 957 2659 σάρξ
1026 2606 1156 2659 μου.
1195 2608 1215 2641 3
1246 2620 1318 2631 —
1360 2589 1425 2643 Ἦ
1466 2592 1572 2662 πρὸ
1610 2591 1737 2647 τού-

164 2699 255 2736 του
315 2683 648 2753 ἐκτετηκυία
710 2684 831 2746 ταῖς
880 2686 1129 2752 φροντίσι
1160 2683 1253 2737 καὶ
1306 2686 1429 2746 ταῖς
1491 2700 1733 2743 κακοπα-

159 2772 357 2837 θείαις.
908 2842 919 2848 _

237 2883 256 2916 ι
293 2865 401 2919 Καὶ
423 2867 488 2925 ἐκ
516 2864 832 2936 θελήματός
860 2882 966 2934 μου
997 2865 1470 2937 ἐξομολογήσομαι
1497 2862 1672 2937 αὐτῷ.
1707 2884 1729 2920 3

157 2988 228 3001 —-
280 2958 607 3030 Προθύμως,
677 2958 777 3013 οὐκ
839 2959 1268 3027 ἀναγκαστικῶς
1347 2959 1735 3033 εὐχαριστήσω

156 3051 305 3121 αὐτῷ
334 3067 348 3083 ⁸
373 3050 616 3106 τοιοῦτόν
644 3051 760 3107 ἐστι
788 3052 873 3117 τὸ,
906 3069 928 3104 ι
1002 3050 1306 3115 Ἑκουσίως
1361 3051 1512 3106 θύσω
1563 3068 1670 3109 σοι.
1708 3070 1730 3106 3

236 3163 254 3197 ι
288 3145 497 3214 Κύριος
533 3144 868 3215 κραταίωμα
920 3143 1018 3199 τοῦ
1050 3143 1182 3198 λαοῦ
1215 3143 1385 3199 αὐτοῦ
1433 3146 1534 3200 καὶ
1562 3147 1734 3217 ὑπερ-

1845 642 1942 694 καὶ
1976 639 2328 704 ἐξάκουστον.
2359 640 2493 704 Θεὸς
2523 641 2581 693 δὲ
2606 641 2767 711 δόξης
2796 640 2824 695 ὀ
2859 638 3095 706 ἔνδοξος.

1917 752 1938 785 ι
1981 735 2050 801 Ὀ,
2072 732 2204 796 Θεὸς
2232 734 2328 803 τῆς
2352 733 2514 804 δόξης
2541 735 2841 806 ἐϐρόντησε
2907 738 3113 806 Κύριος
3166 737 3260 789 ἐπὶ
3293 737 3422 791 ὐδά·

1842 845 1952 882 των
1984 826 2221 881 πολλῶν.
2257 846 2277 879 3
2319 855 2392 868 --
2431 826 2493 881 ὀ
2522 829 2762 896 Χριστὸς
2791 830 2849 883 ἐν
2894 829 2977 900 τῷ
3036 829 3284 906 Ἰορδάνῃ
3323 832 3421 884 καὶ

1840 919 1915 974 δι’
1946 921 2248 977 ὲκείνου“,ἐν
2283 923 2420 974 πᾶσι
2463 923 2577 984 τοῖς
2602 920 2796 979 ὕδασιν
2831 906 3076 992 ἁγιάζων
3101 925 3282 979 αὐτῶν
3319 924 3418 996 τὴν

1843 1031 2028 1083 φυσιν.

1910 1107 2069 1177 Φωνὴ
2103 1108 2318 1178 Κυρίου
2355 1106 2417 1162 ἐν
2446 1105 2616 1177 ίσχύτ,
2650 1108 2803 1179 φωνὴ
2832 1108 3041 1179 Κυρίου
3075 1109 3141 1163 ἐν
3184 1108 3419 1179 μεγαλοο

1842 1200 2105 1272 πρεπεὶᾳ.
2147 1220 2166 1253 3
2202 1231 2271 1242 —
2296 1200 2454 1271 Φωνὴ
2480 1202 2694 1272 Κυρίου
2729 1204 2825 1255 καὶ
2852 1202 2916 1254 τὸ
2972 1201 3303 1270 [εὐαγγέλιον
3322 1203 3418 1255 καί.
3444 1204 3461 1243 ἒ
3550 1237 3572 1258 .

1842 1293 1953 1346 πᾶν
1986 1294 2319 1363 πρόσταγμα
2353 1292 2449 1346 τοῦ
2481 1290 2644 1355 Θεοῦ,
2710 1291 2739 1345 δ
2773 1294 2869 1347 καὶ
2911 1294 3170 1363 ἰσχυροὺς
3200 1293 3295 1346 καὶ
3321 1309 3418 1363 με-

1841 1385 2213 1454 γαλοπρεπεῖς
2248 1385 2541 1453 ἐργάζεται
2567 1385 2695 1448 τοὺς
2713 1384 2921 1450 ἀξίους.

1916 1496 1937 1529 ι
1975 1475 2134 1547 Φωνὴ
2164 1477 2374 1546 Κυρίου
2409 1478 2794 1547 συντρίϐοντος
2858 1476 3114 1546 κέδρους.
3147 1478 3242 1531 καὶ
3293 1494 3418 1531 συν-

1856 1567 2045 1637 τρίψει
2079 1567 2418 1638 Κύριοςτὰς
2454 1568 2684 1639 κέδρους
2740 1567 2835 1622 τοῦ
2863 1568 3120 1624 Λιϐάνου.
3163 1588 3183 1623 3
3209 1600 3279 1611 —
3307 1571 3418 1624 Κέ-

1839 1661 2000 1730 δρους
2026 1662 2178 1728 λέγει
2207 1661 2336 1723 τοὺς
2391 1662 2656 1732 δαίμονας
2689 1663 2784 1715 καὶ
2807 1664 2874 1716 τὰ
2921 1665 3132 1717 τούτων
3162 1664 3367 1733 τεμένη
3398 1679 3414 1695 ⁸

1839 1751 2091 1823 ἐμνήσθη
2104 1754 2200 1809 καὶ
2222 1752 2319 1808 τοῦ
2350 1753 2511 1824 δρους
2541 1754 2782 1809 Λιϐάνου
2808 1798 2823 1822 ,
2849 1757 2933 1810 ὅτι
2963 1755 3138 1811 πολλὰ
3169 1757 3417 1811 είδωλεῑα

1840 1842 1908 1917 ῆν
1930 1847 1992 1898 ἐν
2010 1845 2185 1917 αὐτῷ.

1918 1946 2060 1997 «Kal
2084 1942 2346 1999 λεπτυνεί
2364 1944 2535 2007 αὐτὰς
2558 1942 2633 2007 ῶς
2656 1942 2749 1997 τὸν
2775 1944 2976 2013 μόσχον
3004 1947 3098 1999 τὸν
3126 1945 3412 1999 Λίϐανον.»

1838 2067 1910 2080 -—
1939 2038 2213 2090 Λεπτυνεῖ
2262 2035 2485 2100 αὐτοὺς,
2543 2036 2693 2104 λέγω
2726 2036 2792 2108 δὴ
2851 2037 2946 2091 τδν
2997 2038 3237 2092 Λίϐανον
3268 2039 3414 2106 ὅλον,

1837 2129 2032 2199 ῶσπερ
2061 2131 2089 2183 ό
2118 2127 2364 2198 Μωῦσῆς
2395 2129 2491 2183 τὸν
2521 2129 2766 2198 γλυπτίιν
2794 2130 3019 2201 μόσχον.

1918 2241 1939 2274 ι
1980 2223 2090 2277 Καὶ
2113 2223 2142 2275 ό
2164 2222 2533 2293 ὴγαπημένος
2574 2224 2649 2288 ὡς
2682 2223 2799 2287 υίὸς
2845 2221 3264 2294 μονοκερώτων.
3292 2242 3312 2276 3
3350 2251 3421 2264 —-

1838 2316 1953 2369 Kal
1977 2316 2005 2368 ὀ
2041 2314 2277 2385 Χριστὸς
2300 2314 2456 2368 ἔσται
2486 2315 2679 2385 μηδενὶ
2703 2316 2977 2384 ὐποτεταγ
2988 2316 3169 2385 μένος.

1915 2426 1935 2459 ι
1967 2408 2126 2478 Φωνὴ
2165 2408 2378 2480 Κυρίου
2421 2408 2817 2475 διακόπτοντος
2853 2410 3030 2480 φλόγα
3066 2410 3260 2479 πυρός.
3302 2429 3322 2463 3
3351 2440 3423 2452 —-

1840 2499 1965 2553 Είτε
1998 2501 2109 2571 γὰρ
2130 2503 2259 2567 τοὺς
2291 2503 2444 2572 τρεῖς
2475 2503 2678 2566 παῖδας
2713 2503 2812 2556 καὶ
2861 2504 2944 2567 είς
2978 2503 3215 2567 πολλοὺς
3273 2504 3419 2573 μάρ-

1838 2611 2016 2665 τυρας
2043 2594 2147 2662 τὴν
2174 2594 2486 2663 φλέγουσαν
2515 2593 2783 2663 διέκοψαν
2826 2595 2932 2667 τὴν
2998 2595 3420 2665 ἐνέργειαν’τοῦ

1842 2685 2022 2755 πυρὸς
2057 2686 2155 2739 καὶ
2197 2687 2258 2739 ἐν
2289 2686 2359 2755 τῇ
2387 2685 2574 2755 κρίσει
2599 2684 2695 2738 καὶ
2744 2683 2845 2748 τὰς
2911 2685 3199 2754 ἐνεργείας
3252 2683 3422 2739 αὐτοῦ

1838 2777 2029 2844 διέλοι,
2067 2776 2171 2841 τὴν
2198 2776 2537 2846 φωτιστικὴν
2563 2777 2802 2841 είςητούς
2827 2777 3093 2843 δικαίους,
3126 2778 3208 2840 είς
3268 2777 3403 2841 τοὺς

1837 2860 2203 2938 ἁμα⁹ρτωλούς
2228 2871 2325 2923 καὶ
2347 2871 2447 2939 τὴν
2477 2871 2809 2940 καυστικὴν.

1918 2981 1937 3014 ι
1964 2961 2121 3028 Φωνὴ
2149 2960 2357 3031 Κυρίου
2393 2963 2733 3023 συσσείοντος
2763 2961 2996 3032 ἔρημον.
3055 2983 3076 3015 3
3128 2991 3203 3008 --
3235 2962 3420 3016 Μετα-

1839 3050 2121 3114 κινοῦντος
2161 3050 2232 3104 τὰ
2260 3051 2387 3121 ἔθνη
2435 3050 2578 3121 πρὸς
2600 3051 2738 3105 Θεοῦ
2764 3051 2990 3120 γνῶσιν.

1913 3162 1933 3196 ι
1968 3144 2079 3197 Kal
2107 3143 2279 3196 σείσει
2336 3143 2540 3217 Κύριος
2592 3146 2693 3215 τὴν
2748 3144 2958 3215 ἔρημον
3026 3145 3236 3215 Κάδης.
3274 3164 3295 3197 3
3348 3173 3423 3192 ~—

163 3239 444 3309 ασπιστὴς
475 3239 585 3293 τῶν
607 3239 900 3334 σωτηρίων
922 3238 1017 3293 τοῦ
1045 3239 1288 3311 Χριστοῦ
1318 3241 1487 3295 αὐτοῦ
1536 3244 1674 3297 ἐστι.
1709 3260 1730 3293 3
1768 3279 1809 3336 ο
1844 3236 1920 3291 Οὐ
1953 3238 2136 3291 πᾶσαν
2163 3236 2394 3308 ῑρημον.
2425 3239 2563 3292 ἀλλὰ
2588 3237 2689 3309 τὴν
2714 3238 2924 3309 Κάδης,
2984 3238 3112 3310 ἢτοι
3136 3238 3236 3311 τὴν
3252 3237 3420 3307 ἁγίαν

155 3357 227 3371 --
263 3330 617 3403 Ὑπέρμαχος
647 3318 1061 3404 τῆς’σωτηρίας
1087 3332 1181 3387 τοῦ
1217 3334 1538 3405 χρισθέντος
1562 3354 1734 3406 προσ-

151 3423 305 3490 τάξει
328 3424 495 3478 αὐτοῦ
523 3425 604 3489 είς
629 3423 881 3493 βασιλέα.

232 3535 251 3567 ι
286 3515 472 3568 Σῶσον
497 3517 590 3569 τὸν
619 3516 748 3570 λαόν
783 3534 903 3583 σου,
947 3516 1042 3571 καὶ
1078 3517 1379 3589 εὐλόγησον
1410 3518 1512 3591 τὴν
1539 3519 1738 3591 κληρο-

152 3610 353 3679 νομίαν
384 3626 504 3676 σου,
532 3610 628 3663 καὶ
657 3610 924 3681 ποίμανον
955 3611 1179 3673 αὐτοὺς,
1216 3612 1310 3665 καὶ
1361 3612 1575 3682 ἐπαρον
1628 3613 1733 3667 αὐ-

150 3702 281 3763 τοὺς
306 3701 413 3763 ἕως
438 3702 533 3754 τοῦ
570 3702 788 3766 αἰῶνος.
828 3722 848 3755 3
884 3733 954 3743 —
995 3703 1102 3759 Kal
1149 3703 1372 3775 ὕψωσον
1436 3707 1550 3770 τοῖς
1608 3707 1733 3762 κατ’

149 3795 369 3867 ἐχθρῶν
402 3795 686 3866 τροπαίοις
718 3797 881 3868 μέχρι
904 3798 1132 3860 παντός.

717 3937 1016 3992 ΨΛΛΜΟΣ
1047 3939 1184 3993 KH’.

226 4073 462 4143 Ψαλμὸς
489 4073 570 4144 τῷ
620 4072 786 4128 Δαυῒδ
818 4072 1001 4137 ἐξόδου
1060 4072 1291 4144 σκηνῆς.
1328 4092 1346 4125 3
1385 4103 1455 4115 —
1499 4074 1733 4146 ἰστοριο

146 4168 263 4230 κῶς
282 4168 386 4238 μὲν
414 4167 788 4239 παραγγέλλει
813 4169 927 4229 τοῖς
960 4166 1169 4235 ἱερεῦσι
1196 4168 1295 4220 καὶ
1314 4167 1580 4231 Λευίταις
1598 4168 1731 4240 περὶ

142 4260 250 4330 τῆς
288 4259 619 4324 ὲξελεύσεως
652 4258 753 4326 τῆς
781 4261 846 4312 ἐκ
865 4258 967 4327 τῆς
1005 4259 1238 4328 νομικῆς
1269 4259 1502 4329 σκηνῆς,
1557 4258 1733 4328 λέγων

142 4352 253 4415 ὅτι,
278 4349 642 4421 Ἑτοιμάσατε
665 4349 972 4414 ἐξελθόντες
1000 4350 1069 4403 τὰ
1098 4349 1238 4419 πρὸς
1260 4349 1547 4421 λατρείαν,
1578 4351 1733 4415 υἱοὺς

145 4443 324 4511 κριῶν
350 4445 441 4496 καὶ
476 4444 578 4496 ὅσα
628 4443 708 4505 είς
748 4440 917 4513 τιμὴν
945 4442 1037 4495 καὶ
1076 4441 1236 4507 δόξαν
1271 4440 1433 4497 Θεοῦ.
1482 4443 1728 4513 Ἀναγωο

141 4533 322 4601 γικῶς
345 4533 402 4584 δέ
423 4533 596 4601 σκηνή
643 4532 760 4586 ἐστι
793 4534 855 4585 τὸ
895 4531 1078 4602 σῶμα.
1102 4531 1341 4596 Ἐξόδιον
1372 4534 1430 4586 δέ
1462 4533 1671 4604 σκηνῆς
1694 4534 1729 4604 ὴ

1843 3329 1942 3382 καὶ
1967 3330 2364 3399 ἀφωρισμένην
2400 3329 2571 3399 αὐτῷ.

1915 3439 1937 3473 ε
1971 3421 2130 3490 Φωνὴ
2188 3422 2397 3492 Κυρίου
2454 3421 2931 3492 κατορτιζομένου
2996 3422 3250 3491 ἐλάφους.
3295 3440 3313 3473 3
3349 3451 3421 3464 —-

1840 3513 1987 3576 Τοὺς
2027 3513 2338 3575 πατοῦντας
2387 3513 2577 3566 ἐπάνω
2602 3511 2784 3581 ϐφεων
2815 3514 3153 3575 ἀποστόλους
3181 3515 3262 3571 είς
3293 3512 3420 3582 δρό-

1843 3621 1944 3675 μον
2001 3604 2099 3658 τοῦ
2153 3604 2514 3675 κηρύγματος
2556 3604 2970 3658 τελειοποιοῦσα
3017 3607 3085 3675 τῇ
3142 3605 3419 3675 ἐνισχύσει

1838 3698 1934 3751 τοῦ
1963 3697 2103 3752 ῐΙνεύ
2112 3715 2305 3768 ματος.

1915 3808 1935 3841 ε
1976 3791 2088 3843 Καὶ
2112 3788 2462 3859 ἀποκαλύψει
2503 3789 2768 3861 δρυμούς.
2800 3808 2818 3842 3
2847 3819 2919 3830 υ-
2966 3789 3078 3844 Kal
3128 3790 3417 3863 ἐκκαθάρῃ

1837 3881 1951 3945 τὰς
1969 3882 2354 3952 ὐλομανούσας
2386 3883 2568 3952 ψυχὰς
2587 3883 2701 3937 τῶν
2728 3883 2924 3937 ἐθνῶν.

1916 3991 1935 4026 ι
1968 3974 2080 4028 Καὶ
2105 3975 2163 4027 ἐν
2189 3974 2267 4042 τῷ
2287 3974 2400 4045 ναῷ
2428 3975 2594 4030 αὐτοῦ
2635 3977 2744 4040 πᾶς
2765 3992 2853 4040 τις
2874 3976 3024 4046 λέγει
3052 3977 3239 4042 δόξαν.
3290 3994 3310 4029 3
3344 4004 3417 4018 --

1839 4050 1967 4139 Kal
1999 4068 2059 4121 ἐν
2115 4067 2283 4122 παντὶ
2336 4066 2451 4138 ναῷ
2503 4067 2672 4123 αὐτοῦ
2753 4070 2862 4133 πᾶς
2936 4068 3237 4132 πιστεύσας
3292 4068 3417 4140 ᾄσει

1838 4158 2033 4229 ὕμνον.

1914 4271 1935 4304 ι
1969 4253 2175 4323 Κύριος
2231 4253 2323 4307 τὸν
2373 4255 2764 4324 κατακλυσμὸν
2809 4257 3078 4308 κατοικεῖ.
3110 4274 3129 4308 3
3180 4283 3251 4295 --
3302 4253 3418 4322 Τὴν

1845 4341 2194 4398 κλεισθετσαν
2283 4348 2349 4415 τῇ
2425 4345 2606 4421 πλάνῃ
2675 4348 3002 4419 συναγωγὴν
3072 4348 3182 4401 τῶν
3246 4347 3418 4400 ἐθνῶν

1835 4436 2175 4508 οἰκουμένην
2246 4439 2468 4510 ποιήσει
2518 4443 2633 4503 τοῖς
2689 4441 2787 4492 τοῦ
2855 4439 3175 4509 Πνεύματος
3261 4438 3418 4508 χαρί-

1838 4548 1870 4584 σ
1881 4550 2015 4602 μασι

140 4627 258 4679 ἀπὸ
281 4624 437 4678 τοῦδε
460 4623 554 4677 τοῦ
587 4624 705 4694 βίου
731 4624 1082 4696 ἀναχώρησις
1110 4624 1249 4696 πρὸς
1273 4625 1341 4696 ἢν
1368 4628 1727 4698 παρασκευά-
1757 4632 1808 4692 D
1911 4641 1931 4676 ι
1962 4625 2075 4678 Καὶ
2106 4625 2383 4680 καθιεϊται
2419 4622 2623 4698 Κύριος
2659 4625 2914 4697 βασιλεὺς
2935 4627 3017 4689 είς
3047 4624 3139 4679 τὸν
3168 4623 3398 4679 αίῶνα.»

139 4718 338 4782 ζεσθαι
366 4720 394 4772 ό
421 4717 581 4785 λόγος
604 4718 752 4787 ἡμᾶς
782 4717 1105 4789 παρεγγυᾷ.

230 4810 528 4879 Ἐνέγκατε
550 4811 629 4879 τῷ
659 4812 875 4881 Κυρίῳ,
902 4812 1010 4865 υίοὶ
1043 4808 1205 4865 Θεοῦ.
1241 4829 1261 4864 3
1294 4839 1363 4851 -—
1393 4811 1728 4878 Κατέπειξιν

136 4905 167 4957 ὁ
201 4903 367 4971 λόγος
396 4902 534 4973 ἔχει.
566 4903 735 4970 Λέγει
777 4909 910 4972 γὰρ,
960 4898 1032 4955 Ὦ
1062 4903 1171 4956 υίοὶ
1202 4900 1296 4956 τοῦ
1342 4901 1506 4969 Θεοῦ,
1555 4904 1728 4975 ῆγουν

137 4995 461 5060 ἀπόστολοι,
496 4997 762 5063 ἐνέγκατε
793 4995 873 5064 τῷ
895 4995 1093 5065 Κυρίῳ
1120 4994 1248 5058 τοὺς
1272 4995 1426 5058 υίούς
1454 4993 1566 5049 τῶν
1598 4996 1728 5050 ἁλό-

134 5104 260 5156 γων
294 5087 491 5156 κριῶν,
519 5088 687 5158 ῆγουν
713 5088 840 5150 τοὺς
875 5086 935 5152 ἐξ
960 5086 1154 5141 ἐθνῶν.

221 5199 242 5233 ε
299 5179 598 5248 Ἐνέγκατε
636 5178 716 5249 τῷ
750 5179 938 5250 Κυρίῳ
987 5179 1145 5243 υίούς
1206 5176 1405 5248 κριῶν,
1458 5179 1726 5246 ἐνέγκατε

132 5272 218 5343 τῷ
258 5272 456 5343 Κυρίῳ
484 5270 645 5335 δόξαν
672 5272 769 5323 καὶ
799 5271 993 5341 τιμήν.
1031 5290 1050 5322 3
1078 5302 1147 5311 —
1167 5271 1308 5336 Δόξα
1337 5271 1432 5325 τοῦ
1457 5274 1726 5343 ὀνόματος

127 5364 239 5418 τοῦ
272 5362 515 5434 Χριστοῦ
554 5365 611 5418 αἱ
642 5365 930 5419 ἐπαινεταὶ
957 5365 1189 5433 πράξεις
1212 5364 1399 5435 ἡμῶν.

219 5476 241 5510 ε
298 5456 596 5525 Ἐνέγκατε
633 5458 714 5527 τῷ
770 5456 962 5526 Κυρίῳ
1029 5456 1215 5522 δόξαν,
1251 5457 1488 5525 ὀνόματι
1535 5457 1726 5524 αὐτοῦ,

128 5551 577 5618 προσκυνήσατε
600 5549 678 5620 τῷ
706 5551 898 5621 Κυρίῳ
918 5552 978 5603 ἐν
1015 5551 1150 5622 αὐλῇ
1175 5551 1309 5622 ἁγίᾳ
1368 5550 1561 5605 αὐτοῦ.
1602 5571 1622 5604 3
1656 5581 1726 5593 -

122 5643 331 5712 Δύλὴν
352 5642 503 5711 λέγει
534 5641 633 5713 τὴν
669 5644 799 5713 μίαν
838 5643 1174 5714 Ἐκκλησίαν
1206 5644 1303 5697 καὶ
1355 5644 1562 5715 πιστὴν
1616 5645 1726 5700 τῶν

125 5734 417 5789 εὐσεϐῶν.
478 5800 483 5809 ι

218 5845 239 5875 ε
269 5827 433 5897 Φωνὴ
459 5826 667 5895 Κυρίου
691 5827 785 5880 ἐπὶ
813 5825 920 5879 τῶν
948 5825 1181 5879 ὑδάτων.
1231 5844 1250 5878 3
1295 5855 1364 5864 ———
1398 5826 1512 5895 Τὴν
1567 5844 1728 5881 κατε-

120 5920 439 5992 νεχθεῖσαν
474 5918 772 5991 οὐρανόθεν
801 5920 859 5975 ὲν
890 5918 964 5990 τῷ
988 5917 1234 5991 Ἰορδάνῃ
1284 5923 1421 5990 πρὸς
1471 5919 1562 5975 τὸν
1593 5922 1725 5991 Χρι-

1839 4743 1911 4757 -—
1941 4713 2016 4767 Τὸ
2053 4714 2324 4769 καθιεῖται
2348 4718 2470 4771 ἀντὶ
2494 4717 2590 4771 τοῦ
2627 4719 2783 4786 μενεῖ
2800 4716 2891 4770 διὰ
2921 4716 2983 4770 τὸ
3007 4716 3109 4786 τῆς
3134 4714 3418 4779 εὐσεϐείας

1838 4803 2261 4874 ἀμετάπτωτον.

2396 4897 2694 4952 ΨΛΛΜΟΣ
2718 4898 2850 4954 Κθθ.

1842 5013 1846 5016 ⁴
1913 5006 1935 5042 ι
1968 4987 2067 5053 El;
2088 4988 2149 5043 τδ
2179 4989 2354 5055 τέλος,
2386 4990 2469 5061 τῷ
2487 4989 2654 5045 Δαυῒδ
2678 4990 2893 5060 ψαλμδς
2924 4988 3068 5063 ᾠδῆς
3090 4992 3189 5046 τοῦ
3224 4992 3417 5062 ἐγκαι-

1837 5080 2036 5150 νισμοῦ
2066 5081 2165 5135 τοῦ
2181 5083 2357 5137 οἴκου.
2394 5103 2414 5135 3
2450 5113 2523 5124 —-
2559 5083 2979 5153 ’Υπερϐατικῶς
3031 5085 3250 5156 ψαλμδς
3274 5085 3422 5157 ᾠδῆς

1839 5172 1936 5227 τοῦ
1965 5176 2149 5231 Δαυΐδ.
2195 5176 2256 5230 ὐ
2281 5176 2340 5231 δὲ
2377 5176 2477 5231 τοῦ
2519 5176 2671 5231 οἴκου
2704 5178 3066 5249 ἐγκαινισμδς
3122 5178 3278 5247 δηλοῖ
3321 5181 3425 5250 μὲν

1838 5268 1936 5320 καὶ
1959 5267 2058 5336 τὴν
2089 5269 2172 5334 είς
2198 5268 2261 5321 τὸ
2291 5267 2666 5340 προφητεύειν
2714 5271 3026 5337 ἐγκαίνισιν
3085 5272 3188 5341 τῆς
3235 5271 3423 5343 ψυχῆς

1834 5358 1930 5412 τοῦ
1964 5361 2130 5414 Δανῖδ
2156 5378 2172 5392 ·
2226 5362 2326 5431 τῆς
2373 5362 2676 5431 γενομένης
2717 5361 2873 5418 οίκου
2922 5363 3018 5418 τοῦ
3072 5367 3422 5437 προφητικοῦ

1838 5456 2193 5528 χαρίσματος
2223 5459 2347 5529 ἥτις
2378 5459 2692 5528 ἐγκαίνισις
2749 5459 2839 5515 διὰ
2894 5461 3188 5529 μετανοίας
3224 5463 3421 5530 γέγονε

1839 5549 1980 5620 μετὰ
2008 5548 2110 5622 τὴν
2154 5552 2249 5605 ἐπὶ
2274 5550 2366 5606 τὸν
2399 5552 2608 5624 Οὐρίαν
2639 5554 2992 5626 παρανομίαν
3014 5570 3030 5586 ⁸
3062 5556 3218 5625 δηλοῖ
3242 5554 3300 5610 δέ
3325 5554 3423 5607 καὶ

1835 5645 1947 5715 τὴνι
1965 5645 2065 5715 τῆς
2097 5644 2439 5717 Ἐκκλησίας
2494 5648 2604 5700 τῶν
2634 5649 2846 5702 πιστῶν
2893 5649 3259 5718 ἁνακαίνησιν
3326 5650 3418 5703 διὰ

1843 5736 1944 5804 τῆς
1975 5735 2398 5806 ἀναγεννήσεως
2434 5737 2533 5791 τοῦ
2564 5739 2965 5811 βαπτίσματος.

1919 5846 1938 5878 ι
1996 5828 2229 5896 Ὗψώσω
2257 5848 2338 5892 σε,
2379 5831 2575 5900 Κύριε,
2604 5833 2686 5885 ὅτι
2726 5833 2997 5896 ὑπέλαϐές
3031 5852 3118 5903 με,
3194 5833 3288 5887 καὶ
3316 5833 3423 5888 οὐκ

1838 5922 2117 5993 εὔφρανας
2145 5924 2269 5987 τοὺς
2290 5922 2523 5995 ἐχθρούς
2556 5942 2660 5998 μου
2690 5926 2779 5980 ἐπ’
2818 5927 2943 5996 ἐμέ.
2982 5946 3000 5979 3
3029 5927 3418 5994 -Μεγαλυνῶ
