3824 6354
388 409 528 475 14Ί9

1564 409 1994 473 NICEPHORI
2033 412 2292 473 BLEMM
2310 413 2326 472 Ι
2342 413 2455 473 DE

3514 401 3654 470 Hi0

388 539 446 572 as
473 521 556 574 ὅτι
581 522 644 574 ἐκ
671 517 764 574 τοῦ
800 519 998 591 βόθρου
1031 536 1100 592 με
1125 519 1226 591 τῆς
1251 518 1531 590 ἁμαρτίας
1577 521 1906 585 άνείλκυσας
1947 538 1962 556 ⁸
1992 530 2044 586 Δ
2069 558 2137 570 -—
2164 528 2256 592 Εἰς
2285 528 2384 597 τὴν
2415 527 2514 598 σὴν
2547 524 2882 597 κηδεμονίαν
2911 525 3004 580 καὶ
3070 524 3424 596 προμήθειαν
3483 525 3652 593 ἐπιρ-

326 648 333 689 .‘
387 618 546 684 χεῖρα
583 613 836 685 βοηθείας
863 614 1080 687 ὤρεξάς
1121 633 1234 688 μοι.

325 707 344 791 ᾖ
463 725 483 758 ε
513 707 771 772 Ἐσωσάς
806 725 876 776 με
902 708 1009 762 άπὸ
1035 709 1145 762 τῶν
1175 710 1624 766 καταϐαινόντων
1689 712 1771 774 είς
1830 710 1966 766 λάκ-

331 795 338 830 ῖ
388 818 506 858 κον.
542 819 561 852 3
593 832 663 846 -—
696 802 916 856 Λάκκον
939 803 1160 873 νοητέον
1183 803 1274 856 τὸν
1307 804 1553 870 ἄφυκτον
1582 801 1856 860 κίνδυνον.

465 911 484 945 ι
525 893 752 946 Ψάλατε
777 895 858 962 τῷ
886 877 1078 965 κυρίῳ
1107 895 1156 947 οἱ
1182 893 1321 946 δσιοι
1354 893 1546 954 αὐτοῦ,
1586 895 1682 946 καὶ
1707 892 1968 962 ἐξομολοο

391 989 576 1054 γεισθε
613 990 678 1058 τῇ
708 988 900 1058 μνήμῃ
932 987 1034 1056 τῆς
1063 985 1381 1056 ἁγιωσύνης
1404 986 1591 1041 αὐτοῦ.
1632 1005 1650 1040 3
1688 1016 1756 1026 —
1787 987 1966 1057 Εὐχα-

393 1083 635 1152 ριστεῖτε
659 1080 737 1152 τῷ
765 1082 856 1136 τὸν
890 1073 1050 1151 ἅγιον
1082 1081 1397 1153 μνησθῆναι
1421 1080 1582 1151 ήμῶν
1607 1081 1970 1152 ἐπιλελησμέ-

239 1229 255 1244 ,
352 1194 354 1196 ⁷
391 1192 499 1228 νων
517 1176 634 1238 ταῖς
662 1173 982 1243 ἁμαρτίαις.

471 1284 488 1315 ι
529 1265 656 1318 Ὀτι
681 1265 822 1334 ὀργή
847 1267 905 1320 ἐν
933 1264 1011 1336 τῷ
1069 1263 1229 1334 θυμῷ
1259 1264 1427 1321 αὐτοῦ
1469 1265 1562 1318 καὶ
1609 1263 1724 1332 ζωὴ
1763 1263 1823 1316 tv
1891 1261 1970 1332 τῷ
2038 1297 2056 1314 .

395 1357 666 1428 θελήματι
690 1355 883 1411 αὐτοῦ.
911 1375 930 1409 3
960 1357 1251 1419 -Καλῶς
1300 1357 1442 1423 άγαν
1486 1355 1586 1427 τὴν
1638 1355 1862 1409 κόλασιν
1901 1356 1967 1426 τῇ

394 1449 774 1519 ἀγανακτήσει
799 1448 1082 1516 συνέταξε,
1105 1448 1206 1519 τὴν
1239 1447 1577 1518 ζωογόνησιν
1614 1448 1672 1502 δέ
1712 1450 1780 1520 τῇ
1813 1447 1973 1518 θελή-

397 1558 479 1594 σει
503 1545 569 1610 τῇ
601 1544 831 1612 φυσικῇ.

473 1658 493 1688 ε
536 1638 610 1692 Τὸ
633 1637 875 1706 ἑσπέρας
908 1635 1305 1704 αὖλισθήσεται
1335 1634 1620 1703 κλαυθμὸς
1669 1635 1769 1688 καὶ
1797 1635 1878 1698 εἰς
1912 1634 1974 1688 τὸ

403 1732 554 1804 πρωῒ
585 1731 936 1800 ἀγαλλίασις.
974 1749 995 1783 3
1036 1761 1105 1772 —
1133 1731 1208 1784 Τὸ
1235 1729 1687 1798 αὑλισθήσεται
1720 1729 1876 1799 δηλοῖ
1903 1729 1972 1800 τῇ

403 1823 702 1896 σκηνώσει.
757 1823 1016 1878 Διδάσκει
1049 1823 1108 1877 δέ
1159 1823 1221 1876 τὸ
1282 1821 1447 1892 ρητδν
1497 1821 1574 1886 ώς
1633 1824 1665 1887 ή
1719 1820 1977 1889 μετάνοια

311 1975 316 1981 ,
400 1915 497 1970 καὶ
555 1917 588 1986 ή
651 1913 1008 1987 συγχώρησις
1078 1915 1304 1985 ταχείαν
1353 1913 1553 1984 ἐπάγει
1611 1915 1715 1985 τὴν
1764 1914 1979 1984 συγχώο

483 2029 588 2068 σιν.
1332 2044 1344 2056 κ

483 2029 588 2068 σιν.
1332 2044 1344 2056 κ

406 2029 503 2160 ρης
542 2107 690 2176 Ἐγὼ
715 2107 772 2162 δέ
804 2103 936 2162 εἶπα
965 2109 1024 2162 ἐν
1051 2105 1284 2176 εὐθηνίᾳ
1317 2123 1442 2177 μου,
1479 2103 1556 2161 Οὐ
1592 2102 1669 2175 μὴ
1732 2100 1982 2157 σαλευθῶ

402 2205 482 2264 είς
519 2199 584 2254 τὸ
619 2200 818 2256 αίῶνα.
860 2219 880 2253 3
916 2231 987 2242 —
1026 2201 1115 2253 Ἐν
1145 2201 1212 2271 τῇ
1249 2199 1526 2270 εὐημερίᾳ
1555 2215 1658 2268 μου
1692 2196 1880 2269 ᾠήθην
1905 2195 1982 2268 μὴ

403 2295 799 2364 δυσπραγῆσαί
825 2314 978 2351 ποτε.

481 2406 502 2440 ε
549 2386 750 2458 Κύριε,
780 2391 838 2442 ἐν
870 2389 948 2459 τῷ
980 2388 1254 2458 θελήματί
1296 2403 1390 2439 σου
1446 2383 1728 2455 παρέσχου
1752 2379 1828 2451 τῷ
1855 2380 1984 2435 κάλ-

407 2481 492 2534 λει
538 2499 641 2552 μου
666 2481 922 2552 δύναμιν.
963 2500 983 2534 3
1011 2512 1082 2522 —
1124 2480 1289 2536 Ἀλλά
1336 2477 1513 2550 ψευδῆ
1547 2475 1824 2530 ὑπέλαϐον
1850 2492 1864 2506 ο
1892 2475 1984 2528 ὅτε

407 2577 519 2646 γὰρ
557 2574 834 2646 ἠθέλησας
867 2575 1145 2646 παρέσχες
1175 2575 1241 2644 τῇ
1295 2569 1654 2641 λαμπρότητι
1698 2585 1793 2622 σου
1824 2566 1986 2621 δύναο

411 2687 530 2738 μιν,
559 2667 846 2722 τουτέστιν
899 2667 1145 2738 ἰσχυρῶς
1198 2683 1264 2736 με
1317 2663 1612 2729 ἐδόξασαςο
1675 2662 1765 2715 ὅτε
1799 2659 1854 2714 δέ
1897 2658 1987 2714 διὰ

407 2766 509 2832 τὴν
536 2762 698 2832 ἐμήν.
726 2802 741 2817 .
766 2803 780 2818 .
817 2778 948 2832 ησιν
972 2759 1331 2830 άπέστρεψας
1363 2757 1462 2827 τήν
1494 2752 1828 2824 ἐπισκοπὴν,
1858 2751 1983 2818 ἐγε-

407 2856 580 2927 νόμην
605 2855 767 2917 εὐθὺς
795 2854 852 2906 tv
875 2852 1094 2922 θορύϐῳ
1119 2852 1216 2904 καὶ
1251 2849 1528 2921 συμφορᾷ.
1861 2845 1868 2854 ’

484 2967 502 2999 ι
534 2947 632 3011 Τίς
665 2946 904 3016 ὠφέλεια
933 2946 992 2998 ἐν
1019 2943 1096 3012 τῷ
1129 2943 1325 3010 αἵματί
1361 2959 1486 3011 μου,
1531 2940 1590 2992 ἐν
1625 2937 1702 3008 τῷ
1721 2937 1990 2992 καταϐαι-

408 3059 523 3095 νειν
555 3058 621 3110 με
649 3042 730 3103 είς
760 3038 1096 3108 διαφθοράν;
1133 3052 1154 3089 3
1176 3066 1246 3075 —
1286 3034 1352 3087 Ἥ
1399 3031 1540 3102 σάρξ
1566 3026 1709 3104 αἷμα
1738 3029 1988 3102 πεπηγὸς

411 3135 518 3186 ὑπὸ
542 3132 779 3202 φύσεωςο
821 3131 953 3184 ποία
989 3127 1105 3194 οὖν,
1164 3129 1356 3199 φησὶν,
1407 3125 1649 3195 ὠφέλεια
1715 3126 1780 3195 τῇ
1826 3121 1988 3190 σαρκί

2070 623 2246 694 ρἰτω
2281 641 2384 690 μου
2408 623 2504 691 τὴν
2524 623 2724 691 ψυχήν.

2145 736 2165 770 ε
2196 716 2522 788 Ἐλυτρώσω
2553 733 2642 786 με,
2676 714 2851 786 Κύριε
2874 717 2904 770 ὁ
2933 714 3072 779 Θεὸς
3112 713 3215 783 τῆς
3270 710 3570 780 ἀληθείας.
3635 729 3653 759 3

2069 795 2138 852 -λ-
2169 808 2388 864 Πολλῶν
2415 809 2522 880 γάρ
2573 826 2640 879 με
2668 809 2936 865 κινδύνων
3001 807 3269 869 δίἑσωσας
3320 806 3349 859 ὁ
3399 801 3661 872 ἀληθινὸς

2069 903 2224 964 Θεός.

2148 1014 2168 1048 ε
2225 995 2530 1067 Ἐμίσησας
2569 997 2696 1059 τοὺς
2727 993 3208 1063 διαφυλάσσοντας
3275 986 3661 1059 ματαιότητας

2071 1088 2353 1160 διακενῆς.
2388 1108 2407 1142 3
2452 1119 2523 1133 —
2561 1089 2920 1160 Ἀποστρέφῃ
2970 1086 3098 1149 τοὺς
3135 1083 3486 1152 ἐμμένοντας
3543 1081 3665 1140 ταῖς

2080 1183 2343 1253 ματαίαις
2380 1183 2618 1253 βουλαῖς,
2650 1179 2945 1236 καὶταῦτα
2980 1178 3239 1240 ἀναιτίως

2153 1295 2172 1328 ε
2205 1276 2330 1329 Ὀτι
2361 1275 2574 1336 ἐπεῖδες
2597 1275 2692 1328 ἐπὶ
2720 1275 2822 1345 τὴν
2856 1271 3192 1328 ταπείνωσὶν
3225 1287 3350 1341 μου.
3390 1287 3410 1321 3
3447 1296 3528 1314 ——
3550 1266 3665 1320 Τα-

2081 1368 2345 1423 πείνωσιν
2368 1369 2519 1437 λέγει
2551 1367 2648 1420 νῦν
2683 1369 2784 1435 τὴν
2831 1364 3221 1435 ταλαιπωρίαν
3286 1362 3384 1414 καὶ
3433 1377 3663 1427 συντρι-

2079 1462 2202 1532 ϐήν.

2155 1566 2174 1599 ι
2215 1547 2468 1611 Ἐσωσας
2501 1550 2565 1603 ἐκ
2591 1547 2701 1602 τῶν
2743 1547 3001 1614 ἀναγκῶν
3029 1545 3128 1616 τήν
3156 1545 3338 1615 ψυχήν
3367 1560 3500 1613 μου.
3550 1560 3570 1592 3
3592 1571 3664 1580 -—-

2080 1640 2154 1694 Ἦ
2166 1657 2239 1693 τοι
2261 1641 2371 1694 τῶν
2397 1643 2778 1709 περιστάσεων
2811 1641 2909 1694 καὶ
2931 1639 3220 1694 κινδύνων.

2155 1749 2175 1782 ε
2235 1732 2343 1786 Καὶ
2395 1733 2458 1785 οὐ
2529 1732 2885 1796 συνέκλεισάς
2915 1748 2984 1802 με
3011 1732 3094 1795 είς
3150 1731 3339 1802 χεῖρας
3394 1726 3667 1797 ἐχθρῶν·

2082 1821 2320 1894 ἔστησας
2354 1825 2413 1876 ἐν
2449 1823 2749 1895 εὐρυχώρῳ
2778 1823 2906 1886 τοὺς
2943 1821 3111 1885 πόδας
3153 1839 3280 1892 μου.
3316 1837 3337 1871 3
3374 1848 3447 1858 —
3484 1818 3664 1888 Παρέ-

2085 1934 2214 1987 σχες
2253 1918 2601 1988 εὐρυχωρίαν
2621 1919 2736 1978 τοῖς
2769 1917 2895 1970 ποσί
2923 1933 3026 1986 μου
3083 1915 3517 1985 λυτρωσάμενος
3567 1912 3668 1979 τῆς

2084 2009 2457 2078 στενοχωρίας
2483 2008 2587 2079 τῆς
2614 2010 2676 2062 ἐκ
2715 2007 2810 2063 τοῦ
2856 2007 3222 2077 κυκλώματος
3271 2004 3388 2058 τῶν
3423 2003 3665 2073 ἐχθρῶν.

2159 2116 2180 2152 ε
2222 2098 2486 2169 Ἐλέησόν
2523 2117 2612 2170 με,
2642 2099 2838 2170 Κύριε,
2880 2099 2966 2152 ὅτι
3021 2097 3300 2166 θλίϐομαι.
3342 2093 3664 2163 Ἔταράχθη

2084 2191 2146 2247 ἐν
2183 2191 2343 2262 θυμῷ
2382 2194 2411 2245 ὀ
2452 2192 2734 2261 ὀφθαλμός
2804 2209 2930 2263 μου.
2970 2209 2990 2244 3
3025 2220 3096 2232 —
3125 2189 3225 2242 Διὰ
3263 2187 3356 2242 τὸν
3407 2187 3503 2241 ἐπ’
3542 2186 3667 2257 ἐμοὶ

2086 2285 2257 2355 θυμόν
2313 2303 2409 2340 σου
2449 2285 2785 2356 τετάρακταί
2855 2301 2958 2355 μου
3002 2286 3032 2338 δ
3085 2282 3387 2354 ὀφθαλμός.
3447 2279 3517 2335 '0
3568 2280 3666 2350 μὲν

2088 2381 2410 2452 σωματικὸς
2427 2380 2538 2435 ἀπὸ
2566 2379 2662 2433 τοῦ
2698 2379 2984 2450 δακρύειν,
3023 2379 3051 2432 ὁ
3075 2377 3134 2431 δὲ
3157 2374 3394 2445 ψυχικὸς
3429 2371 3549 2426 ἀπὸ
3569 2371 3664 2439 τῆς

2085 2473 2154 2530 ἐκ
2177 2473 2358 2544 λύπης
2392 2471 2731 2545 συγχύσεως.

2167 2605 2186 2640 ε
2232 2586 2299 2641 Ἦ
2323 2585 2471 2658 ψυχή
2502 2603 2605 2657 μου
2630 2585 2726 2640 καὶ
2759 2585 2793 2655 ή
2824 2583 3040 2652 γαστήρ
3076 2597 3200 2652 μου.
3242 2598 3262 2632 3
3299 2607 3368 2621 -—-
3397 2576 3469 2631 Ἦ
3520 2575 3670 2645 ψυχὴ

2088 2681 2199 2737 ἀπὸ
2243 2680 2570 2753 ἀδημονίας,
2631 2680 2665 2749 ή
2718 2678 2936 2748 γαστήρ
2975 2676 3088 2732 άπὸ
3131 2673 3403 2737 εύσιτίας·
3465 2670 3670 2741 μᾶλλον

2087 2777 2144 2830 δι
2168 2775 2416 2847 γαστέρα
2463 2771 2686 2844 νοητέον
2719 2769 2957 2827 ἐνταῦθα
2975 2769 3038 2824 τὸ
3075 2769 3331 2838 ταμιεῖον
3365 2764 3481 2818 τῶν
3516 2764 3667 2830 λογιο

2089 2885 2267 2925 σμων.

2169 2887 2184 2922 ι
2253 2909 2267 2925 .

2128 2887 2358 3016 μευῖοτι
2385 2959 2636 3026 ἐξέλιπεν
2665 2959 2725 3012 ἐν
2753 2956 2918 3031 ὀδύνῃ
2950 2956 2983 3026 ή
3011 2953 3128 3025 ζωή
3160 2969 3288 3025 μου,
3315 2949 3413 3005 καὶ
3467 2949 3538 3002 τά
3575 2949 3667 3017 ἐτη

2094 3069 2196 3122 μου
2224 3052 2280 3104 ἐν
2320 3049 2667 3119 στεναγμοῖς.
2709 3067 2728 3100 3
2763 3078 2833 3088 —
2877 3047 3008 3101 Ἀπὸ
3071 3042 3258 3099 κοινοῦ
3293 3043 3351 3096 τὸ
3394 3039 3669 3108 ἐλέησόν

2087 3161 2186 3212 με,
2215 3144 2298 3198 ὅτι
2327 3143 2480 3198 πᾶσά
2515 3159 2618 3213 μου
2654 3143 2688 3214 ή
2717 3141 2833 3212 ζωή
2866 3141 2926 3195 ἐν
2975 3139 3155 3210 θλίψει
3208 3137 3305 3192 καὶ
3337 3136 3669 3202 στεναγμοῖς

414 3242 541 3294 μου,
581 3224 756 3288 οὕτως
783 3223 1084 3294 αύξηθείσῃ
1114 3223 1210 3276 καὶ⁸
1233 3219 1609 3292 κοσμηθείσῃ,
1645 3217 1769 3271 ἐπεὶ
1800 3216 1984 3284 μέλλω
2009 3214 2056 3279 C
2088 3236 2483 3307 δεδαπάνηται,

411 3314 782 3384 διαφθαρῆναι
808 3313 1104 3367 ἀποθανών
1127 3330 1143 3378 ;

491 3425 510 3459 ι
547 3390 866 3476 Ἐ’στρεψας
899 3404 993 3458 τὸν
1031 3404 1266 3456 κοπετὸν
1311 3419 1413 3466 μου
1443 3400 1525 3465 είς
1585 3397 1774 3470 χαρὰν
1831 3395 1993 3468 ἐμοί’

411 3497 710 3571 διέρῤηξας
771 3499 868 3551 τὸν
929 3495 1134 3550 σάκκον
1197 3512 1325 3564 μου,
1362 3495 1460 3547 καὶ
1519 3491 1866 3562 περιέζωσάς
1925 3505 1994 3552 με

413 3590 782 3663 εὐφροσύνην.
826 3609 846 3644 3
875 3618 946 3630 —-
974 3589 1049 3642 Τὸ
1096 3585 1462 3656 περιέζωσας
1496 3585 1618 3646 ἀντὶ
1674 3583 1767 3638 τοῦ
1817 3582 1978 3652 ηφία-

416 3702 539 3748 σας.

495 3797 513 3830 ι
553 3769 746 3841 Ὅπως
775 3777 842 3831 ἂν
873 3776 1021 3847 quam
1050 3791 1134 3830 σοι
1162 3775 1194 3846 ή
1227 3772 1355 3842 δόξα
1387 3791 1513 3844 μου,
1547 3773 1646 3828 καὶ
1687 3770 1749 3824 οὐ
1786 3770 1862 3842 μὴ
1895 3787 1994 3823 xa-

415 3870 637 3938 τανυγῶ
689 3888 708 3923 3
772 3899 843 3910 —
903 3868 1368 3939 Περιφραστικῶς
1467 3867 1591 3922 άντὶ
1655 3865 1749 3919 τοῦ
1805 3865 1920 3932 ἐγὼ
1969 3863 1998 3915 ὁ

417 3962 807 4032 δεδοξασμένος
839 3966 905 4034 τῇ
939 3965 1004 4034 σῇ
1033 3961 1282 4034 βοηθείᾳ.
1311 3961 1387 4015 Τὸ
1411 3959 1491 4020 δὲ,
1535 3977 1554 4012 ι
1587 3959 1664 4012 Οὐ
1719 3957 1795 4029 μὴ
1828 3972 2004 4018 κατα-ν

420 4059 592 4129 νυγῶ,
642 4075 661 4110 3
696 4058 820 4114 άντὶ
848 4059 942 4112 τοῦ
977 4057 1038 4110 οὐ
1082 4056 1158 4128 μή
1191 4055 1458 4125 σιωπήσω
1484 4070 1499 4086 ο
1531 4053 1757 4106 είώθασι
1807 4049 1917 4121 γὰρ
1947 4048 1997 4102 οί

425 4154 896 4224 κατανυσσόμενοι
946 4152 1042 4206 καὶ
1097 4152 1156 4204 ἐν
1213 4147 1412 4221 καρδίᾳ
1489 4146 1822 4216 λυπούμενοι
1871 4159 2001 4198 σιω-

424 4249 555 4320 πᾷν.

981 4336 1282 4392 ΨΑΔΜΟΣ
1318 4335 1358 4392 Δ
1380 4373 1397 4390 .

508 4494 526 4530 ι
558 4475 655 4539 Εἰς
707 4474 770 4528 τὸ
821 4474 1000 4540 τέλος,
1052 4473 1270 4544 ψαλμὸς
1331 4471 1412 4543 τῷ
1446 4470 1611 4527 Δαυῒδ
1661 4469 2000 4534 ἐκστάσεως.

2173 3373 2192 3406 ι
2237 3350 2572 3422 Ἥσθένησεν
2628 3353 2687 3405 ἐν
2743 3348 2991 3420 πτωχείᾳ
3038 3348 3071 3417 ή
3145 3343 3297 3416 ίσχύς
3375 3359 3505 3412 μου.
3549 3359 3569 3391 3
3607 3369 3671 3384 --

2095 3445 2379 3516 Πτωχείαν
2401 3443 2500 3516 τὴν
2521 3446 2620 3515 σὴν
2651 3443 2852 3514 τριϐήν
2895 3457 3029 3510 φησι
3087 3439 3188 3503 τῆς
3245 3437 3451 3507 ψυχῆς,
3485 3435 3522 3504 ἢ
3583 3433 3672 3485 καὶ

2097 3540 2198 3609 τήν
2225 3540 2442 3594 ἔνδειαν
2475 3539 2584 3591 τῶν
2612 3536 2956 3606 ἀναγκαίων.

2177 3652 2196 3685 ε
2228 3633 2338 3686 Καὶ
2370 3631 2442 3684 τά
2483 3631 2618 3684 ὀστᾶ
2678 3649 2781 3700 μου
2833 3627 3241 3700 ἐταράχθησαν.
3266 3643 3287 3677 3
3317 3654 3388 3665 —
3432 3624 3674 3692 Παρεκιο

2097 3726 2344 3797 νήθησαν
2374 3718 2558 3796 ἀφ’ἦς
2587 3717 2732 3792 εἶχον
2770 3721 2983 3792 βάσεως
3040 3719 3287 3788 συνέχειν
3345 3733 3413 3786 με
3470 3716 3548 3785 μή
3589 3714 3673 3766 δυ-

2101 3820 2333 3888 νάμενα.
2389 3816 2463 3869 Ἢ
2519 3813 2720 3886 μᾶλλον
2783 3813 3060 3884 πτωχείαν
3107 3809 3329 3880 νοητέον
3372 3806 3475 3879 τὴν
3526 3805 3674 3859 θείαν

2098 3909 2492 3980 ἐγκατάλειψιν
2523 3948 2540 3972 ,
2606 3908 2763 3977 ίσχὺν
2825 3907 2926 3977 τὴν
2995 3905 3219 3973 ἀνδρίαν
3281 3902 3384 3970 τῆς
3459 3898 3670 3970 ψυχῆς·

2111 4004 2246 4056 ὀστᾶ
2305 4002 2360 4056 δὲ
2390 4003 2521 4066 τοὺς
2581 4001 2935 4062 συνεκτικοὺς
2994 3997 3167 4067 αὐτῆς
3217 3995 3488 4069 στερροὺς
3534 3993 3676 4060 λογιο

2102 4093 2296 4166 σμούς.

2181 4202 2200 4236 ι
2233 4183 2390 4254 Παρά
2416 4184 2625 4248 πάντας
2654 4182 2781 4246 τοὺς
2808 4180 3042 4254 ἐχθρούς
3073 4197 3177 4251 μου
3209 4177 3482 4250 ἐγενήθην
3542 4179 3677 4232 6v“-

2101 4281 2214 4344 δος.
2240 4298 2258 4332 3
2293 4308 2366 4321 --
2389 4278 2485 4340 Είς
2523 4278 2755 4340 πάντας.
2883 4258 2900 4267 ε

2180 4390 2200 4425 ε
2229 4374 2340 4428 Καὶ
2375 4373 2488 4434 τοῖς
2522 4369 2729 4439 γείτοσι
2763 4386 2864 4440 μου
2898 4369 3104 4440 σφόδρα
3153 4387 3172 4420 3
3207 4396 3277 4410 -
3316 4367 3453 4421 ’Δπὸ
3500 4364 3678 4419 κοινοῦ

2099 4465 2357 4537 ἐγενήθη
2384 4463 2637 4531 ὄνειδος.

441 4567 568 4622 Ἐπὶ
593 4568 696 4631 σοὶ,
721 4567 919 4640 Κύριε,
951 4568 1180 4639 ἤλπισα.
1208 4585 1227 4618 3
1253 4595 1325 4608 —-
1361 4567 1665 4620 Ἔκστασιν
1687 4563 1787 4635 τὴν
1822 4580 2002 4633 παρα·
2039 4571 2084 4628 υ
2191 4577 2209 4610 ι
2240 4558 2346 4612 Καὶ
2401 4556 2566 4625 φόϐος
2609 4557 2720 4619 τοῖς
2771 4554 3038 4624 γνωστοῖς
3091 4569 3214 4621 μου.
3254 4569 3274 4604 3
3327 4581 3377 4592 —
3400 4549 3682 4623 Δεδοίκασι

430 4664 605 4733 φορὰν
667 4661 819 4730 δηλοῖ
851 4659 951 4731 τῆς
972 4661 1271 4729 εὐθύτητος
1308 4659 1377 4729 ήν
1401 4657 1570 4712 ἔπαθε
1627 4656 1848 4728 μοιχείᾳ
1906 4656 2003 4710 καὶ

432 4755 580 4825 φόνῳ
610 4753 800 4816 ἁλούς.
833 4751 1082 4822 Ἔγραψε
1101 4753 1158 4807 δέ
1182 4753 1275 4806 τὸν
1291 4750 1527 4822 ψαλμὸν,
1550 4749 1884 4820 διωκόμενος
1904 4746 2009 4801 ὑπὸ

429 4847 524 4900 τοῦ
560 4843 907 4917 Ἀϐεσαλώμ.

511 4981 531 5014 ε
566 4962 658 5032 Μή
693 4959 1158 5031 καταισχυνθείην
1187 4959 1268 5023 είς
1300 4957 1391 5011 τὸν
1427 4957 1600 5010 αίῶνα
1624 4972 1640 4990 ο
1706 4957 1765 5010 tv
1805 4958 1873 5027 τῇ
1923 4954 2006 5008 δι-

433 5056 696 5127 καιοσύνῃ
730 5072 829 5109 σου
869 5052 1036 5125 ῥῦσαί
1067 5070 1157 5123 με,
1187 5053 1282 5107 καὶ
1303 5046 1492 5122 ἐξελοῦ
1531 5067 1624 5123 με.
1665 5069 1684 5103 3
1723 5080 1794 5091 —
1820 5051 1882 5104 Εί
1913 5049 2010 5104 καὶ

2116 4650 2311 4719 μήπως
2341 4646 2725 4702 κινδυνεύσωσι
2758 4644 2848 4699 διὰ
2885 4645 2986 4714 τήν
3011 4642 3092 4706 είς
3115 4642 3214 4709 ἐμὲ
3241 4641 3542 4696 οίκείωσιν.

2190 4760 2209 4793 ι
2269 4740 2615 4811 Ἐπελήσθην
2665 4738 2800 4792 ώσεὶ
2847 4736 3045 4808 νεκρὸς
3103 4737 3213 4792 ἀπὸ
3273 4737 3527 4808 καρδίας.
3563 4755 3583 4788 3
3626 4763 3689 4778 ιι-

2125 4834 2561 4906 Ἥμνημονήθην
2581 4833 2687 4886 άπὸ
2719 4830 2948 4904 καρδίας
2981 4833 3093 4885 τῶν
3125 4832 3297 4903 φίλων
3322 4847 3425 4903 μου
3447 4829 3640 4902 ὥσπερ
3666 4833 3693 4882 ό

2113 4926 2330 4997 νεκρός.

2189 5038 2207 5071 ι
2249 5017 2373 5074 Ὀτι
2414 5017 2623 5089 ήκουσα
2655 5015 2823 5085 ψόγον
2867 5015 3080 5070 πολλῶν
3134 5013 3552 5086 παροικούντων
3604 5033 3696 5068 κυ-

2121 5111 2338 5166 κλόθεν.
2379 5129 2397 5164 3
2430 5140 2500 5152 -—
2532 5109 2668 5164 Ἀπὸ
2716 5107 2900 5163 κοινοῦ
2960 5108 3125 5162 πάλιν
3158 5107 3240 5174 τὸ,
3279 5125 3299 5160 ε
3333 5106 3563 5175 ἐλέησόν
3616 5125 3696 5177 με,

2117 5204 2201 5257 ὅτι
2226 5202 2387 5256 οίκεί.
2419 5242 2435 5257 .
2476 5238 2493 5255 .
2528 5202 2742 5271 ἀκήκοα
2773 5198 3047 5270 λοιδορίαν
3080 5198 3231 5268 παρά
3265 5197 3501 5250 πολλῶν.
3543 5215 3562 5249 3

2197 5338 2215 5372 ι
2259 5318 2402 5388 Ἐγὼ
2431 5317 2490 5373 δὲ
2509 5318 2604 5373 ἐπὶ
2629 5316 2734 5385 σοὶ,
2766 5314 2965 5385 Κύριε,
2992 5313 3201 5386 ήλπισα
3242 5330 3258 5346 ο
3290 5311 3440 5377 εἶπα,
3473 5315 3555 5368 Σὺ
3608 5311 3705 5367 cH

2120 5414 2252 5477 Θεός
2284 5430 2410 5484 μου.
2439 5430 2457 5464 3
2493 5441 2562 5452 —
2598 5411 2687 5466 Ἔν
2718 5411 2786 5480 τῇ
2828 5409 3059 5478 δύναμει
3119 5425 3215 5461 σου
3246 5408 3302 5460 at
3358 5407 3540 5476 ψῆφοί
3610 5427 3704 5480 μου

2128 5505 2357 5562 καὶτοῦ
2390 5505 2624 5560 θανάτου
2659 5502 2885 5574 καὶτῆς
2936 5500 3104 5572 ζωῆς.
3153 5500 3229 5554 Τὸ
3292 5499 3428 5564 θεὸς
3474 5501 3542 5555 δὲ
3593 5503 3709 5555 ἀντὶ

2124 5600 2218 5655 τοῦ
2243 5599 2631 5669 ἐξουσιαστής.

413 5140 656 5216 ’ἀνάξιός
689 5152 806 5220 είμι
836 5148 1114 5220 βοηθείας,
1146 5145 1262 5201 ἀλλ’
1288 5146 1365 5212 ὼς
1413 5146 1622 5208 δίκαιος
1657 5145 1722 5198 σὺ
1747 5143 1856 5197 τῶν
1882 5143 2013 5197 διω-

437 5244 644 5297 κόντων
685 5261 752 5314 με
773 5243 1077 5312 λύτρωσαι.

519 5375 539 5411 ι
577 5357 951 5428 κλῖνον-πρός
987 5373 1054 5427 με
1087 5355 1148 5409 τὸ
1175 5348 1271 5418 οὖς
1319 5371 1440 5420 σου,
1477 5354 1712 5423 τάχυνον
1740 5351 1835 5405 τοῦ
1893 5351 2014 5418 ἐξε-

440 5450 627 5504 λὲσθαι
654 5467 747 5520 με.
779 5469 798 5502 3
834 5481 902 5492 —-
929 5449 1156 5520 Ταχέως
1193 5467 1262 5519 με
1299 5447 1602 5519 λύτρωσαι.

521 5563 540 5597 ε
575 5545 701 5598 Ὅτι
730 5541 1066 5616 κραταίωμά
1108 5559 1212 5612 μου
1238 5541 1329 5594 κοιλ⁸
1377 5539 1677 5610 καταφυγή
1711 5555 1814 5610 μου
1847 5529 1902 5591 εἷ
1929 5538 2020 5602 σὺ,

441 5638 543 5691 καὶ
567 5637 758 5690 ἐνεκεν
783 5635 879 5690 τοῦ
910 5634 1180 5705 ὀνόματός
1217 5651 1314 5686 σου
1355 5634 1644 5704 ὁδηγήσεις
1679 5648 1748 5702 με
1776 5631 1870 5684 καὶ
1896 5630 2018 5683 διοιο

455 5729 684 5799 θρέψεις
713 5745 804 5797 με.
843 5747 860 5780 3
902 5758 964 5768 --
1003 5726 1326 5798 Ὀδηγήσεις
1355 5743 1421 5796 με
1457 5727 1533 5788 εἰς
1553 5726 1715 5777 τόπον
1749 5723 1893 5791 ζωῆς
1933 5721 2026 5774 καὶ
2207 5735 2225 5768 ι
2272 5715 2458 5771 Ῥὗσαί
2489 5732 2557 5785 με
2587 5716 2650 5767 έκ
2681 5711 2863 5784 χειρὸς
2882 5705 3106 5782 ’ἐχθρῶν
3144 5727 3244 5779 μου
3277 5707 3370 5762 καὶ
3393 5709 3508 5762 τῶν
3553 5728 3710 5764 κατα-

445 5822 783 5891 ειμώττοντα
807 5821 1145 5891 διαθρέψεις.
2133 5810 2441 5867 διωκόντων
2474 5825 2564 5877 με.
2612 5827 2630 5860 3
2661 5835 2732 5847 —
2765 5804 2986 5856 Δίκαιον
3038 5801 3230 5855 ἑαυτὸν
3284 5817 3454 5869 φησιν
3506 5802 3591 5864 ὡς
3650 5805 3712 5873 μὴ

526 5934 545 5968 ι
581 5918 672 5978 Εἰς
704 5916 888 5988 χεῖράς
928 5933 1020 5968 σου
1078 5914 1471 5985 παραθήσομαι
1509 5911 1568 5965 τὸ
1605 5909 1820 5982 πνεῦμά
1844 5927 1966 5980 μου,
2006 5927 2024 5962 3
2135 5903 2590 5976 προσ.δικήσαντα
2619 5899 2743 5964 τοὺς
2769 5897 3019 5970 ἐχθροὺς,
3051 5895 3276 5966 ἀνομίαν
3311 5894 3365 5947 δὲ
3399 5894 3502 5967 τήν
3544 5900 3712 5968 παρε-
