3824 6354
181 325 309 395 ML!

161 461 322 517 νομον
348 445 659 518 συμϐουλήν
688 461 703 478 ⁸
738 446 837 502 καὶ
864 446 1252 518 ὑπερηφανίαν
1281 448 1381 519 μὲν
1410 449 1512 522 τὴν
1541 451 1737 516 ἀλαζο-
1767 456 1812 514 Α

160 541 327 604 νείαν,
357 540 710 607 ἐξουδένωσίν
739 540 796 594 δέ
826 541 928 611 τὴν
969 541 1148 611 ὓϐριν.

235 656 253 689 ε
299 635 387 700 Ὠς
421 636 557 690 πολὺ
608 635 666 688 τὺ
701 635 910 706 πλῆθος
939 636 1040 701 τῆς
1069 636 1441 709 χρηστότητός
1473 654 1593 702 σου,
1631 637 1750 692 K6-

1337 335 1744 400 EXPOSITIO
1780 339 1864 401 IN
1904 339 2156 404 PSALM
2166 341 2278 406 OS.

3289 344 3424 408 1442

1843 449 1967 520 ρίας
2032 449 2114 514 είς
2141 449 2436 524 ἀθλιότητα
2477 450 2537 509 ἐν
2562 452 2640 525 τῷ
2670 451 2989 527 ἐμπαγῆναι
3017 470 3110 525 μοι
3133 415 3230 526 τὴν
3251 456 3428 526 ἀμαρ-

1852 539 1998 593 τίαν.
2236 561 2238 563 ’

1925 650 1945 685 ε
1980 633 2094 703 Τὴν
2119 635 2350 705 ἀνομίαν
2389 653 2493 706 μου
2528 637 2806 710 ἐγνώρισα
2856 641 2952 694 καὶ
2985 639 3084 710 τὴν
3144 639 3425 708 ἁμαρτίαν

161 747 266 801 ριε,
295 724 363 802 ἧς
390 729 638 800 ἔκρυψας
672 731 786 792 τοῖς
817 728 1180 798 φοὸουμένοις
1209 745 1293 784 σε.
1323 748 1342 782 ε
1369 759 1440 773 --
1470 732 1573 785 Ἦν
1601 730 1746 784 ἀπό·
1849 741 1951 794 μου
2011 727 2115 780 οὐκ
2167 727 2438 799 ἀκάλυψα.
2479 749 2499 783 ε
2530 759 2602 772 --
2636 733 2698 786 Εἰ
2759 734 2854 786 καὶ
2903 733 3269 805 αὑθορμήτως
3322 733 3425 786 οὑκ

159 824 313 878 θετον
367 822 662 892 φυλάσσεις
715 823 830 887 τοῖς
885 822 1098 888 δούλοις
1149 840 1243 877 σου
1300 824 1595 894 γυμνάζων
1643 825 1743 896 τὴν

155 917 358 972 τούτων
387 919 688 988 ὑπομονήν.

232 1030 251 1063 ι
300 1011 640 1081 Ἐξειργάσω
661 1012 774 1073 τοῖς
805 1010 1125 1078 ἐλπίζουσιν
1153 1013 1246 1067 ἐπὶ
1272 1015 1332 1070 at
1365 1015 1610 1070 ἐναντίον
1629 1015 1740 1070 τῶν

155 1101 288 1156 υίῶν
317 1103 426 1156 τῶν
453 1103 782 1172 ἀνθρώπων.
824 1123 844 1157 ι
873 1136 943 1147 -
978 1105 1399 1177 Ἐξεπλήρωσας
1433 1108 1489 1161 δὲ
1527 1108 1622 1162 καὶ
1645 1107 1739 1162 εκ·

151 1194 312 1262 δηλον
347 1195 594 1264 εἰργάσω
625 1195 798 1266 αὑτὴν
823 1198 882 1248 ἐν
903 1198 1018 1260 τοῖς
1047 1197 1362 1260 ἐλπίζουσιν
1409 1199 1503 1252 ἐπὶ
1545 1199 1624 1264 σὲ,
1648 1201 1737 1254 ὅτε

148 1287 421 1360 ἠθέλησας
475 1287 706 1341 ἐνώπιον
741 1289 954 1343 πολλῶν
987 1288 1074 1344 ἴνα
1131 1289 1382 1360 μάθωσιν
1411 1291 1494 1345 ὅτι
1527 1292 1734 1363 ὑπερα.

151 1379 368 1443 σπίζεις
388 1379 499 1433 τῶν
523 1379 660 1434 σῶν.

227 1489 245 1522 ι
283 1471 680 1543 Κατακρύψεις
710 1472 912 1538 αὑτοὺς
945 1477 1005 1528 ἐν
1048 1475 1359 1548 ἀποκρύφῳ
1387 1477 1482 1531 τοῦ
1519 1477 1733 1549 προσώ-

149 1580 252 1617 που
279 1581 394 1621 σου.
431 1584 450 1618 ι
475 1567 710 1620 -Ἤτοι
747 1569 878 1632 τοὺς
906 1568 1233 1634 ἐλπίζοντας
1269 1573 1360 1624 ἐπὶ
1385 1573 1466 1639 σὲ,
1499 1574 1558 1626 ἐν
1595 1574 1731 1626 ἀπο-

146 1660 345 1728 κρύφῳ
369 1654 518 1731 τόπῳ
550 1660 751 1731 δηλαδὴ
777 1661 874 1715 τοῦ
903 1661 1225 1732 προσώπου,
1260 1665 1380 1735 ἦτοι
1433 1664 1530 1719 σοῦ
1587 1666 1731 1720 κατὰ

143 1751 499 1821 περίφρασιν,
521 1752 617 1806 καὶ
647 1754 745 1824 οὑχ
771 1754 1102 1826 εὑρήσουσιν
1144 1759 1344 1818 αὑτοὺς
1365 1758 1414 1810 0!
1447 1757 1654 1828 ἐχθροί.

1844 818 2149 887 ἐφαύλισας
2208 822 2310 890 τὴν
2346 823 2487 892 ἐμὴν
2519 825 2816 896 ἁμαρτίαν,
2842 825 2958 880 ἀλλ’
2992 827 3080 911 ὅτε
3109 826 3425 897 ἡλεγχόμῆν

1736 965 1742 972 ,
1843 910 1949 965 ὑπ’)
1970 912 2158 968 Νάθαν
2191 913 2356 978 εὑθὺς
2377 914 2707 986 ὡμολόγησα
2736 919 2829 970 καὶ
2853 919 2968 972 οὑκι
2996 920 3346 990 ἠρνησάμην.

1917 1023 1936 1056 ε
1975 1001 2141 1071 Εἶπα,
2175 1005 2560 1078 Ἐξαγορεύσω
2595 1011 2716 1062 κατ’
2757 1012 2891 1080 ἐμοῦ
2925 1013 3022 1080 τὴν
3055 1013 3287 1084 ἀνομίαν
3317 1030 3418 1083 μου

1838 1095 1915 1166 τῷ
1938 1099 2153 1170 Κυρίῳ,
2187 1102 2280 1154 καὶ
2318 1102 2384 1154 σὺ
2420 1103 2640 1171 ἀφῆκας
2664 1103 2764 1174 τὴν
2813 1106 3074 1160 ἀσέδεὶαν
3126 1109 3226 1177 τῆς
3284 1125 3422 1176 καρ-

1837 1187 1957 1250 δίας
1992 1208 2117 1257 μου.
2155 1211 2173 1243 ι
2200 1195 2403 1247 -Οὑκ
2437 1197 2742 1267 ἐσεῆάτθην
2795 1198 2905 1265 ἐγὼ
2941 1201 3070 1262 τοὺς
3131 1200 3421 1269 περὶμοιο.

1837 1282 1994 1351 χείας
2026 1291 2121 1338 καὶ
2145 1286 2309 1354 φόνου
2361 1289 2564 1356 νόμους
2597 1306 2690 1341 σου
2724 1305 2737 1318 ο
2776 1289 2910 1342 ἀλλά
2942 1290 3008 1342 σὺ
3035 1291 3135 1358 τὴν
3160 1291 3418 1361 τοιαύτην

1835 1375 2092 1429 ἀσέϐειαν
2125 1379 2535 1450 συνεχώρησας,
2580 1383 2674 1434 καὶ
2737 1383 2836 1435 οὑκ
2887 1383 3257 1447 ὲθανάτωσας,
3300 1383 3418 1435 ἀλλ’

1834 1463 2011 1531 οὕτως
2039 1469 2386 1534 ἐπαίδευσας,
2412 1471 2488 1536 ώς
2528 1474 2576 1524 εί
2619 1477 2694 1544 μὴ
2725 1475 3179 1545 ὑπερϐαλλόντως
3207 1477 3416 1546 ὴνόμηο

1835 1578 1926 1616 σα.

1907 1674 1927 1708 ε
1976 1657 2148 1728 ’Υπὲρ
2176 1658 2381 1728 ταύτης
2407 1659 2772 1729 προσεύξεται
2799 1662 2933 1732 πρδς
2966 1662 3024 1716 σὲ
3053 1664 3162 1725 πᾶς
3181 1663 3327 1726 ὅσιος
3353 1664 3412 1718 ἐν

1833 1749 2012 1820 καιρῷ
2063 1749 2293 1821 εὐθέτῳ.
2334 1771 2354 1805 ι
2392 1782 2461 1796 -—
2503 1754 2638 1807 Ἀπὸ
2689 1756 2896 1825 ταύτης
2956 1756 3058 1821 τῆς
3111 1759 3414 1826 ἀφεθείσης

220 1861 239 1894 ι
264 1842 400 1898 Ἀπὸ
429 1847 676 1915 ταραχῆς
711 1845 1037 1916 ἀνθρώπων,
1069 1865 1088 1899 ι
1125 1874 1194 1888 ..-
1229 1849 1318 1901 Ἐν
1344 1849 1522 1920 καιρῷ
1555 1867 1728 1921 ταρα..
1761 1859 1802 1914 Β
1833 1839 1960 1910 ἐμοὶ
1984 1839 2262 1911 ἀμαρτίας
2300 1843 2621 1914 κινούμενος
2652 1847 2760 1909 πᾶς
2813 1836 3074 1916 θεοσὲϐὴς
3122 1849 3222 1901 οὑκ
3274 1848 3410 1902 ἀπο-

145 1935 248 2006 χῆς
281 1935 689 2002 στασιαζόντων
713 1937 1024 2008 ἀνθρώπων
1055 1940 1152 1993 καὶ
1188 1940 1248 1992 ἐν
1275 1941 1457 2012 καιρῷ
1514 1942 1728 1996 ἀντιλο-

143 2025 269 2092 γίας
295 2025 580 2094 γλωσσῶν.
607 2028 767 2081 Ἤτοι
795 2028 1083 2093 ἀπειθείας
1119 2030 1255 2083 λαοῦ
1290 2032 1594 2096 σκεπάσεις
1627 2033 1726 2086 αὑ-

141 2121 270 2184 τοὺς
292 2122 369 2185 ώς
396 2122 454 2175 ἐν
490 2125 688 2194 σκηνῇ.

215 2233 236 2266 ε
267 2215 574 2287 Εὑλογητδς
614 2218 840 2288 Κύριος,
893 2220 977 2273 δτι
1005 2218 1404 2288 ἐθαυμάστωσε
1457 2220 1520 2276 τὸ
1575 2221 1722 2286 ἔλεος

140 2305 310 2362 αὑτοῦ
361 2309 418 2361 ἐν
462 2311 614 2364 πόλει
648 2314 936 2382 περιοχῆς.
979 2332 998 2365 ε
1035 2343 1106 2354 .-
1136 2315 1452 2384 Παράδοξον
1496 2315 1722 2386 ἐποίησε

142 2401 204 2454 τδ
231 2401 379 2465 ἕλεος
409 2403 577 2456 αὑτοῦ
625 2407 683 2456 ἐν
708 2407 854 2475 ἐμοὶ,
882 2422 987 2477 χρη
997 2405 1293 2475 ματίσαντι
1347 2407 1613 2479 ἀναλώτῳ
1643 2408 1720 2470 ώς

139 2495 295 2546 πόλει
336 2498 871 2569 περιτετειχισμένη.

216 2605 236 2639 ε
276 2587 418 2656 Ἐγὼ
441 2588 498 2641 δὲ
534 2583 663 2642 εἶπα
689 2591 748 2644 ἐν
775 2593 843 2662 τῇ
869 2590 1125 2645 ἐκστάσει
1159 2608 1290 2659 μου,
1331 2591 1713 2664 Ἀπέρῤιμμαι

137 2681 250 2734 ἀπὸ
275 2681 572 2752 προσώπου
600 2683 711 2734 τῶν
759 2683 1058 2752 ὀφθαλμῶν
1100 2699 1220 2737 σου.
1260 2701 1280 2734 ι
1313 2715 1382 2728 --
1416 2685 1717 2751 Ἐκσταισιν

135 2775 287 2844 λέγει
311 2776 411 2846 τὴν
433 2777 708 2847 ἐντροπὴν
737 2777 840 2846 τῆς
869 2775 992 2830 ὀδοῦ
1022 2777 1133 2831 τῶν
1167 2777 1329 2830 θείων
1353 2777 1605 2831 ἐντολῶν.

205 2887 232 2919 1
258 2869 356 2921 Διά
400 2867 561 2923 τοῦτο
603 2870 936 2940 είσήκουσας
979 2870 1077 2941 τῆς
1113 2871 1299 2939 φωνῆς
1326 2871 1428 2940 τῆς
1474 2871 1714 2942 δεήσεώς

138 2979 264 3031 μου,
295 2963 354 3014 ἐν
381 2961 460 3031 τῷ
489 2963 824 3032 κεκραγέναι
876 2978 946 3031 με
1000 2964 1136 3034 πρός
1165 2980 1248 3017 σε.
1290 2981 1306 3014 ι
1342 2964 1488 3016 Διότι
1535 2965 1708 3037 ἀπερ-

135 3055 406 3124 ριμμένον
426 3055 732 3124 ἡγούμενος
781 3056 1020 3124 ἐμαυτὸν
1069 3055 1194 3109 ἀπὸ,
1232 3056 1332 3126 τῆς
1388 3055 1710 3124 ἐπιφανείας

131 3151 232 3218 τῆς
261 3148 566 3218 ἐπισκοπῆς
588 3164 683 3200 σου
711 3147 800 3202 διά
839 3147 939 3218 τὴν
974 3148 1249 3219 ἁμαρτίαν
1291 3149 1537 3220 μεγάλης
1590 3151 1710 3204 ὀδύ-

132 3257 230 3311 νης
253 3241 495 3312 ἔπασχον
533 3241 852 3312 συντριόήν.

209 3349 228 3381 ε
267 3332 615 3402 ’Ᾱγαπήσατε
646 3332 738 3384 τὸν
770 3330 995 3402 Κύριον,
1015 3331 1216 3397 πάντες
1251 3335 1300 3386 οί
1332 3334 1470 3389 ὅσιοι
1513 3335 1704 3403 αὑτοῦ,

129 3425 214 3477 ὃτι
262 3424 521 3493 ἀληθείας
564 3423 789 3494 ἐκζητεί
825 3425 1051 3497 Κύριος.
1102 3441 1123 3478 ι
1149 3454 1220 3470 —
1247 3427 1406 3482 Ἤτοι
1443 3429 1542 3493 τὰς
1575 3429 1709 3501 ἀλη-

129 3519 243 3581 θεῖς
279 3517 416 3588 πρὸς
446 3519 608 3572 αὑτὸν
647 3518 890 3588 ἀγάπας.

211 3632 229 3665 ι
256 3613 364 3666 Καὶ
393 3614 789 3671 ἀνταποδίδωσι
816 3617 934 3679 τοῖς
959 3617 1238 3687 περισσῶς
1267 3616 1512 3671 ποιοῦσιν
1543 3619 1710 3692 ὑπερ-

126 3707 389 3778 ηφανίαν.
425 3724 446 3758 ι
479 3736 551 3746 -
601 3708 728 3771 Τοῖς
777 3709 891 3780 ’γάρ
955 3709 1194 3780 μετρίως
1222 3708 1708 3783 ἀλαζονευομινοις

132 3799 505 3871 μακροθυμῶν
531 3801 631 3854 οὑκ
654 3801 1069 3857 ἀνταποδίδωσι.

690 3895 986 3949 ΨΑΑΜοΣ
1012 3894 1139 3950 AA'.
1549 3961 1562 3974 ,

207 4008 227 4041 ε
254 3987 487 4058 ’Ψαλμδς
514 3986 591 4058 τῷ
637 3986 803 4041 Δαυτδ
843 3990 1134 4052 συνέσεως.
1175 3991 1458 4060 Μακάριοι
1491 3986 1567 4045 ὧν
1603 3992 1705 4062 ἀφ·

128 4083 356 4153 είθησαν
417 4083 470 4136 αί
531 4082 776 4151 ἀνομίαι,
836 4083 931 4136 καὶ
984 4076 1060 4136 ὧν
1117 4083 1581 4155 ἐπεκαλύφθησαν
1649 4086 1704 4138 αι

128 4176 421 4247 ἁμαρτίαι.
463 4193 482 4227 ι
529 4205 598 4214 -
629 4175 915 4246 Ζηλωτους
971 4175 1264 4229 ἀποκαλῶν
1311 4177 1440 4240 τοὺς
1489 4167 1707 4242 ἀπόνως

125 4271 215 4322 διά
236 4267 332 4322 τοῦ
364 4266 738 4337 βαπτίσματος
774 4266 866 4320 τὸν
896 4267 1210 4338 ἀφανισμὸν
1249 4266 1360 4322 τῶν
1417 4268 1723 4340 ἔγκλημά--

123 4379 234 4415 των
271 4362 677 4431 κερδαίνοντας.

201 4473 220 4506 ι
257 4456 540 4522 Μακάριος
561 4454 699 4524 ἀνὴρ
726 4447 770 4520 ᾦ
798 4453 860 4506 οὑ
881 4454 956 4524 μὴ
979 4451 1259 4524 λογίσηται
1290 4453 1498 4526 Κύριος
1526 4454 1706 4527 ἀμαρα

122 4548 270 4613 τίαν,
324 4546 446 4599 οὑδὲ
506 4545 654 4599 ἐστιν
707 4548 766 4600 ἐν
834 4545 912 4616 τῷ
978 4545 1205 4615 στόματι
1254 4545 1420 4601 αὑτοῦ
1467 4546 1638 4611 δόλος.
1678 4564 1696 4600 ι
1735 4577 1782 4634 θ

121 4669 195 4680 -—
231 4640 472 4702 Ἐκεῖνος
523 4637 580 4692 δὲ
635 4637 715 4708 τῷ
767 4638 880 4692 δντι
931 4639 1279 4709 μακάριος,ό
1323 4638 1391 4692 τὰ
1449 4639 1549 4708 τὴν
1614 4639 1704 4694 διὰ

126 4731 506 4804 βαπτίσματος
544 4731 740 4802 ἄφεσιν
793 4733 867 4802 μὴ
894 4733 1238 4803 ψευσάμενος
1291 4733 1392 4797 τὰς
1437 4735 1519 4798 είς
1569 4733 1702 4788 Θεὸν

126 4827 408 4898 συνθήκας
441 4841 454 4856 '
497 4825 652 4890 δόλος
682 4825 792 4896 γὰρ
822 4826 882 4878 τὺ
910 4825 1124 4896 ψεῦδος,
1161 4826 1347 4897 φησίν.

202 4940 223 4975 ε
258 4923 380 4976 Ὅτι
415 4921 669 4992 ὲσίγησα,
708 4919 1022 4990 ἐπαλαιώθη
1054 4921 1122 4972 τὰ
1152 4918 1287 4971 ὀστᾶ
1321 4935 1421 4988 μου
1459 4917 1570 4972 ἀπὸ
1605 4915 1700 4971 τοῦ

123 5015 356 5086 κράζειν
389 5031 455 5084 με
502 5015 632 5087 ὅλην
660 5014 760 5085 τὴν
799 5014 1034 5084 ἡμέραν.
1067 5030 1086 5065 ι
1123 5043 1193 5058 -
1229 5014 1381 5065 Ἐπεὶ
1412 5011 1510 5065 οὑκ
1541 5009 1702 5072 εὐθὺς

119 5110 223 5165 τὴν
270 5108 546 5180 ἁμαρτίαν
609 5106 1006 5178 ἐθριάμϐευσα,
1065 5105 1287 5176 ἑτέρους
1327 5105 1385 5159 δὲ
1413 5104 1698 5174 ἀνέμενον,

119 5202 332 5273 ἔλεγον,
379 5203 777 5273 Ἐξησθένησεν
811 5203 844 5272 ἡ
879 5200 1107 5272 δύναμίς
1143 5216 1248 5270 μου
1277 5199 1386 5254 ἀπὸ
1415 5197 1510 5252 τοῦ
1567 5196 1700 5268 βοᾷν

119 5315 190 5369 με
222 5298 310 5352 διὰ
349 5298 551 5362 παντὸς
586 5302 681 5351 καὶ
717 5295 1024 5368 ὀδύρεσθαι.
1396 5284 1404 5291 ’

207 5409 225 5443 ε
263 5391 388 5444 Ὀτι
427 5389 643 5461 ἡμέρας
669 5389 765 5443 καὶ
797 5387 991 5448 νυκτὸς
1039 5385 1312 5458 ἐϐαρύνθη
1367 5384 1459 5438 ἐπὶ
1497 5382 1596 5455 ἐμὲ
1660 5383 1693 5453 ή

111 5488 238 5560 χείρ
267 5504 385 5540 σου.
428 5504 446 5537 ι
474 5513 541 5524 -
568 5481 674 5538 Καὶ
702 5482 811 5552 γάρ
839 5480 908 5533 δι’
963 5479 1088 5534 ὅλου
1149 5479 1364 5551 βαρέως
1412 5475 1694 5548 ἐπηνέχὼι

111 5583 202 5634 ἐπ’
242 5579 340 5649 ἐμὲ
367 5580 400 5650 ἡ
429 5577 672 5648 τιμωρία
697 5592 791 5629 σου
827 5591 842 5608 ο
874 5573 971 5628 καὶ
1005 5574 1085 5629 ὅτι
1105 5575 1207 5627 οὑκ
1241 5570 1404 5636 εὑθὺς
1435 5569 1696 5641 μετενόη-

109 5691 205 5730 σα.

229 5763 544 5835 Ἐστράφην
590 5763 668 5828 είς
713 5759 1117 5832 ταλαιπωρίαν,
1148 5761 1208 5815 ἐν
1250 5758 1330 5828 τῷ
1371 5755 1693 5829 ἐμπαγῆναι

105 5876 208 5932 μοι
246 5855 512 5916 ἄκανθαν.
549 5876 566 5911 ι
601 5885 669 5898 --
703 5856 1056 5928 Περιετραπη
1105 5872 1196 5925 μοι
1243 5854 1312 5908 τὰ
1343 5849 1441 5925 τῆς
1487 5848 1688 5936 εὐκλη-

1831 1931 2126 1999 γνώσεται,
2157 1933 2294 1988 ἀλλὰ
2331 1938 2705 2008 παρακαλέσει
2755 1940 2814 1992 ἐν
2871 1939 3052 2011 καιρῷ
3093 1940 3406 2011 μετανοίας.

1843 2023 1902 2078 ’0
1934 2027 2044 2094 γὰρ
2079 2029 2293 2091 ἀνόσιος
2326 2030 2446 2082 οὑδὲ
2481 2031 2875 2100 μεταμέλεται.

1903 2134 1925 2170 ε
1961 2119 2108 2189 Πλὴν
2131 2123 2189 2174 ἐν
2220 2121 2600 2194 κατακλυσμῷ
2625 2121 3089 2186 ὑδάτωνπολλῶν
3119 2128 3259 2200 πρὸς
3310 2129 3407 2185 αὑ-

1823 2203 1917 2262 τὸν
1941 2210 2042 2265 οὑκ
2106 2213 2409 2280 ἐγγιοῦσιν.
2447 2233 2466 2268 ε
2498 2247 2568 2257 -
2600 2217 2672 2271 Τὸ
2727 2218 2901 2287 πλὴν
2949 2221 3073 2275 ἀντὶ
3117 2223 3212 2275 τοῦ
3256 2226 3353 2278 καί
3386 2239 3402 2256 ⁸

1825 2305 1960 2373 φησὶ
1991 2305 2099 2375 γάρ
2133 2322 2149 2337 ·
2186 2325 2204 2359 ε
2227 2308 2336 2360 Καὶ
2389 2310 2446 2362 ἐν
2468 2309 2779 2383 πλημμύρᾳ
2814 2313 3027 2368 πολλῶν
3079 2317 3406 2386 πειρασμῶν

1822 2394 1923 2448 οὑκ
1951 2397 2199 2466 ἐγγιοῦσι
2240 2404 2379 2472 πρὸς
2408 2403 2571 2456 αὑτὸν
2606 2407 2654 2458 οί
2701 2407 3000 2478 πειρασμοὶ
3031 2407 3172 2462 ὥστε
3235 2427 3404 2465 κατα-

1822 2489 2076 2544 ποντίσαι
2111 2494 2412 2565 μακρόθεν,
2451 2496 2549 2550 καὶ
2574 2495 2871 2568 θροήσουσι
2901 2501 2994 2552 καὶ
3022 2501 3344 2570 ταράξονσι.

1897 2600 1916 2634 ε
1945 2584 2182 2638 Συνετιῶ
2209 2603 2268 2638 σε
2301 2587 2398 2641 καὶ
2422 2588 2675 2656 συμὸιὸῶ
2707 2607 2766 2642 σε
2807 2592 2864 2642 ἐν
2893 2590 2999 2659 ὁδῷ
3027 2592 3201 2664 ταύτῃ
3310 2611 3405 2647 πο·

1820 2673 1993 2746 ρεύσῃ
2021 2694 2036 2709 ο
2075 2677 2382 2749 ἐπιστηριῶ
2433 2681 2527 2734 ἐπὶ
2561 2681 2620 2734 σὲ
2679 2683 2806 2745 τοὺς
2849 2682 3165 2754 ὀφθαλμούς
3203 2702 3322 2754 μου.
3376 2705 3395 2738 ι

1783 2783 1787 2788 ·
1821 2794 1895 2806 -
1934 2766 2023 2829 Ὧς
2049 2769 2158 2822 ἀπὸ
2193 2770 2329 2823 Θεοῦ
2382 2770 2444 2824 τὸ
2477 2773 2663 2842 ῥητὸν,
2719 2775 2992 2829 Συνετίσω
3043 2793 3100 2829 σε
3157 2776 3292 2841 πῶςο
3333 2779 3400 2833 ἂν

1819 2856 2226 2930 ὑπερτερὴσῃς,
2261 2862 2356 2916 καὶ
2381 2865 2838 2937 συμπορεύσομαί
2866 2884 2947 2921 σοι
2977 2869 3036 2922 ἐν
3071 2871 3136 2939 τῇ
3172 2887 3399 2940 προκει-

1819 2951 1957 3021 μένῃ
1981 2953 2197 3025 πορείᾳ.

1893 3061 1911 3094 ε
1940 3045 2032 3115 Μὴ
2063 3047 2283 3116 γίνεσθε
2306 3049 2382 3113 ώς
2410 3050 2578 3114 ἵππος
2630 3053 2725 3106 καὶ
2772 3055 2994 3124 ἡμίονος
3033 3048 3114 3119 οἷς
3143 3058 3242 3111 οὑκ
3279 3057 3394 3112 ἔστι

1817 3136 2056 3202 σύνεσις.
2093 3161 2112 3193 ι
2140 3170 2210 3184 -ο
2237 3142 2333 3196 Ἐκ
2356 3144 2450 3198 τοῦ
2480 3144 2648 3199 Δαυῒδ
2675 3147 2703 3199 ό
2733 3147 2893 3216 λόγος
2922 3165 2938 3181 ο
2967 3153 3227 3220 παραινεῖ
3277 3153 3386 3218 γὰρ

1739 3215 1782 3273 ο
1818 3228 1894 3298 μὴ
1949 3231 2200 3298 γίνεσθαι
2241 3234 2391 3306 ἡμᾶς
2440 3235 2774 3308 θηλνμανεϊς
2812 3215 2925 3295 καὶ
2970 3215 3199 3309 ἀγόνους
3250 3215 3388 3313 πρὸς

1825 3321 2054 3393 ἀρετήν.

1893 3433 1913 3466 ε
1949 3415 2040 3469 Ἑν
2103 3418 2270 3490 κημῷ
2336 3422 2432 3476 καὶ
2485 3423 2690 3495 χαλινῷ
2741 3425 2841 3489 τὰς
2901 3429 3157 3498 σιαγόνας
3209 3431 3388 3482 αὑτῶν

1815 3506 2014 3576 ἀγξαις
2042 3515 2155 3565 τῶν
2183 3516 2256 3584 μὴ
2287 3515 2620 3583 ἐγγιζόντων
2664 3518 2803 3589 πρός
2833 3538 2912 3574 σε.
2953 3539 2972 3573 ι
3004 3553 3074 3563 -
3103 3522 3233 3576 Εἶτα
3303 3522 3395 3576 εὑ-

1815 3618 1968 3672 χεται
2007 3606 2142 3674 πρὸς
2175 3609 2310 3661 Θεὸν
2355 3611 2447 3663 ὅτι
2486 3611 2685 3675 αὑτοὺς
2737 3613 3064 3682 ἐγγίζοντας
3118 3617 3253 3686 πρός
3306 3634 3390 3679 σε,

1816 3694 1887 3749 δι’
1944 3696 2287 3768 ἐπιστροφῆς
2336 3702 2434 3755 καὶ
2481 3703 2715 3769 ἄκοντας
2770 3707 3066 3778 κατάσχοις
3113 3709 3217 3777 τῆς⁴
3252 3711 3391 3778 πρὸς

1817 3788 2020 3844 κακίαν
2053 3792 2227 3860 φορᾶς
2258 3792 2328 3846 δι’
2360 3793 2664 3862 ἐπαγωγῆς
2698 3798 3046 3868 πειρασμῶν.

1893 3903 1912 3936 ε
1947 3883 2304 3958 Εὐφράνθητε
2360 3889 2454 3941 ἐπὶ
2503 3888 2729 3956 Κύριον,
2779 3895 2872 3943 καὶ
2925 3893 3255 3961 ἀγαλλιᾶσθε
3313 3896 3393 3948 δί-

1815 3994 1984 4041 καιοι,
2010 3979 2105 4032 καὶ
2136 3981 2420 4050 καυχᾶσθε
2475 3984 2678 4046 πάντες
2715 3985 2764 4037 οί
2799 3983 2976 4047 εὑθεῖς
3011 3989 3076 4056 τῇ
3106 3988 3325 4059 καρδίᾳ.
3362 4007 3386 4041 ε

1814 4101 1881 4112 .._
1907 4071 2000 4145 Μὴ
2031 4072 2126 4124 ἐπὶ
2157 4075 2272 4135 ταῖς
2309 4075 2532 4144 ἀρεταῖς
2566 4075 2722 4145 ὑμῶν
2760 4095 2774 4107 -
2808 4077 3053 4132 ἀϐέϐαιοι
3077 4078 3184 4151 γάρ
3213 4081 3262 4134 εί
3309 4081 3388 4152 μὴ

1814 4161 2173 4232 φυλάττοιντο
2205 4165 2310 4219 ὑπὸ
2341 4166 2497 4221 Θεοῦ.
3373 4215 3377 4218 -

2379 4260 2672 4318 ΨΑΑΜΟΣ
2715 4263 2839 4332 Aw.

1889 4371 1908 4406 ε
1935 4353 2169 4425 Ψαλμδς
2191 4353 2271 4426 τῷ
2304 4353 2492 4422 Δαυῖδ,
2512 4357 2892 4430 ἀνεπίγραφος
2920 4359 3051 4431 παρ’
3089 4358 3386 4434 Ἑϐραίοις.

1823 4445 2205 4517 ’Δγαλλιᾶσθε,
2245 4448 2467 4518 δίκαιοι,
2494 4452 2552 4505 ἐν
2583 4451 2771 4522 Κυρίῳ
2798 4467 2814 4484 ο
2837 4454 2951 4515 τοῖς
2976 4452 3158 4509 εὑθέσι
3185 4457 3389 4526 πρέπει

1811 4537 2041 4599 αἵνεσις.
2075 4537 2522 4609 Ἐξομολογεῖσοε
2577 4541 2654 4610 τῷ
2710 4542 2900 4614 Κυρίῳ
2957 4543 3016 4596 ἐν
3063 4547 3287 4618 κιθάρᾳ,
3329 4549 3388 4600 ὲν

1809 4627 2121 4700 ψαλτηρίῳ,
2155 4630 2467 4702 δεκαχόρδῳ
2491 4632 2700 4702 ψάλατε
2735 4635 2937 4705 αὑτῷ.)
2965 4665 3040 4679 -
3068 4638 3253 4691 Ἐοικε
3290 4656 3387 4691 πε-

1811 4722 2077 4794 ποιῆσθαι
2110 4725 2192 4786 είς
2221 4722 2320 4793 τὴν
2354 4723 2496 4777 κατά
2519 4725 2610 4778 τὸν
2643 4724 2896 4790 Ἐζεκίαν
2932 4727 3024 4779 ἐπὶ
3049 4730 3159 4790 τοῖς
3187 4728 3384 4782 ’Δσσυ-

1809 4815 1948 4885 ρίοις
2000 4815 2156 4868 θείαν
2213 4817 2615 4886 τερατουργίαν
2671 4818 3000 4888 προτρέπων
3064 4819 3257 4889 ὑμνεῖν
3295 4823 3387 4875 τὸν

1808 4907 1943 4962 Θεὸν
1973 4908 2100 4972 τοὺς
2123 4907 2309 4973 ἀξίους
2340 4925 2354 4939 ·
2377 4899 2475 4979 ἐίη
2515 4909 2562 4962 δ’
2592 4909 2658 4963 ἂν
2692 4910 2788 4963 καὶ
2821 4913 2957 4981 ἡμῖν
2994 4911 3276 4981 ἁρμόδιος.

1886 5018 1904 5053 ε
1940 5001 2146 5074 ’ᾼσατε
2175 5002 2327 5072 αὑτῷ
2366 4997 2520 5072 ᾆσμα
2548 5002 2754 5056 καινόν.
2788 5022 2806 5055 ι
2853 5031 2920 5044 -
2951 5004 3079 5057 Ἐπὶ
3118 5006 3228 5074 γὰρ
3272 5008 3384 5070 τοῖς

1806 5094 1950 5156 νέοις
1994 5094 2438 5165 εὑεργετήμασιν
2463 5093 2754 5164 ὀφείλομεν
2805 5095 2903 5148 καὶ
2933 5094 3028 5147 νέα
3081 5096 3383 5166 προσάγειν

1806 5189 1924 5260 Θεῷ
1952 5190 2021 5243 τὰ
2042 5189 2441 5258 εὑχαριστήρια
2475 5201 2489 5216 ’
2521 5187 2614 5241 καὶ
2645 5188 2820 5252 άλλως
2841 5188 2898 5241 δι
2915 5188 2984 5240 τὰ
3010 5188 3376 5258 Χριστιανικά

1806 5283 1987 5336 πάντα
2014 5282 2180 5336 καινά
2206 5281 2344 5349 πρὸς
2371 5281 2438 5333 τά
2471 5281 2678 5334 παλαιά
2707 5281 2801 5335 καὶ
2833 5281 3053 5350 νομικά.

1880 5395 1898 5430 ε
1929 5374 2129 5438 Καλῶς
2176 5373 2384 5443 ψάλατε
2446 5374 2596 5445 αὑτῷ
2661 5376 2721 5427 ἐν
2779 5373 3096 5445 ἀλαλαγμῷ.
3132 5392 3150 5426 ι
3185 5403 3257 5415 —
3281 5374 3377 5440 Τὸ,

1803 5470 2021 5538 καλῶς,
2049 5472 2206 5540 δηλοῖ
2236 5471 2297 5525 τδ
2322 5471 2750 5540 ἀμετεωρίστως
2780 5472 2871 5525 καὶ
2899 5471 3200 5543 όλοψύχως.

1876 5580 1895 5614 ε
1931 5563 2056 5616 Ὅτι
2083 5563 2247 5628 εὐθὺς
2280 5567 2307 5617 ό
2336 5564 2493 5632 λόγος
2537 5559 2634 5617 τοῦ
2685 5564 2895 5636 Κυρίου
2936 5567 3033 5619 καὶ
3086 5565 3269 5619 πάντα
3312 5562 3382 5617 τά

1800 5655 1938 5727 ἐργα
1974 5655 2142 5710 αὑτοῦ
2173 5658 2234 5710 ἐν
2283 5657 2486 5714 πίστει.
2520 5675 2542 5711 ε
2567 5688 2638 5700 -
2661 5658 2914 5730 Ἀληθείς
2962 5657 3013 5710 οί
3065 5658 3216 5727 λόγοι
3269 5657 3386 5710 Ku-

1800 5751 1922 5822 ρίου
1952 5753 2048 5805 καὶ
2079 5752 2136 5807 αί
2167 5751 2472 5818 ἀποϐάσεις
2502 5752 2612 5810 τῶν
2660 5753 2840 5826 εργων
2873 5750 3040 5809 αὑτοῦ
3097 5748 3384 5806 πιστοῦσον

1801 5843 2024 5908 αὑτούς.
