3824 6354
381 301 516 365 1M7

1567 292 2007 361 NICEPHORI
2050 293 2470 356 BLEMMIDE

3489 293 3621 354 H48

451 437 469 469 ε
514 417 622 472 Καὶ
660 415 718 469 ἐν
747 416 814 485 τῇ
851 412 1039 483 παγίδι
1079 413 1329 468 πεσεῖται
1371 410 1429 466 ἐν
1475 411 1638 483 αὐτῇ.
1676 430 1694 464 3
1731 441 1800 454 --
1857 411 1946 464 Ἐν
1977 424 2022 479 Α
2049 437 2120 452 --
2154 408 2376 471 Ἰδόντες
2405 425 2496 478 με,
2529 406 2982 477 φησὶ,·φεύγοντα
3020 407 3112 460 καὶ
3164 407 3628 478 ταλαιπωρούμε-

375 511 513 582 αὐτῇ
549 508 682 580 παρ’
735 507 901 563 αὑτοῦ
956 508 1223 578 παγείσῃ,
1273 506 1525 560 τουτέστι
1558 507 1671 570 τοῖς
1723 505 1949 568 οἰκείοις
2052 521 2140 557 νον
2200 503 2458 574 είρήκασι
2516 502 2578 555 τὸ
2633 500 2972 571 ἐπιφώνημα
3020 501 3119 569 τῆς
3169 497 3628 568 εύφροσύνης,τὸ

375 601 806 672 ἐπιχειρήμασιν
836 597 1188 668 διαφθαρείη.

2051 591 2202 665 εὖγε,
2233 595 2360 663 εὖγε
2386 611 2402 629 ο
2432 595 2548 665 ἦτοι
2570 593 2752 656 καλῶς
2778 591 2961 656 καλῶς
2979 592 3092 663 ἔχει
3116 591 3321 662 δηλαδὴ
3352 591 3414 644 τὸ
3443 591 3629 660 πρᾶγ-

456 711 474 746 ι
506 693 691 746 Πάντα
738 693 806 745 τά
854 691 988 744 δστᾶ
1028 707 1130 760 μου
1163 688 1369 760 ἐροῦσι,
1406 690 1606 760 Κύριε,
1650 689 1736 754 τίς
1763 689 1949 760 ὅμοιός
2057 707 2132 761 μα
2157 703 2172 718 ⁸
2223 683 2363 742 εἶδον
2409 690 2458 742 οί
2506 687 2781 758 ὀφθαλμοὶ
2803 689 2984 758 ήμῶν.
3035 688 3103 740 Ἀ
3130 686 3378 756 δηλονότι
3410 685 3634 756 ἧθελον.

378 798 500 848 σοις
537 801 556 835 3
587 812 659 822 —
681 781 780 836 Διά
809 780 920 835 τῶν
951 781 1127 834 ἀστῶν
1159 779 1259 848 τὴν
1307 781 1369 835 ἐκ
1402 779 1600 848 βάθους
1645 779 1826 850 ψυχῆς
1857 779 1950 833 ἐκ·

379 877 560 945 φαίνει
596 873 1006 943 ἐξομολόγησιν.
1043 871 1118 927 Τὸ
1144 873 1201 926 δέ
1227 872 1318 938 τίς
1345 873 1465 926 ἀντὶ
1496 870 1590 926 τοῦ
1617 871 1814 932 οὐδείς.

456 983 474 1015 ι
514 962 809 1033 Ῥυόμενος
839 963 1056 1033 πτωχὸν
1101 966 1164 1017 ἐκ
1205 964 1390 1035 χειρὸς
1439 963 1823 1034 στερεωτέρων
1856 964 1954 1016 αὑ-

377 1056 492 1112 τοῦ.
539 1074 558 1107 3
600 1088 671 1098 —
719 1055 1090 1126 ’Δνθρωπίνης
1126 1056 1450 1126 ἐπικουρίας
1474 1056 1702 1126 ἔρημον.

2130 799 2148 832 ι
2187 774 2364 843 Εἶδες,
2416 779 2616 848 Κύριε,
2654 779 2729 850 μὴ
2770 777 3245 849 παρασιωπήσης·
3301 774 3497 846 Κύριε,
3559 774 3637 844 μὴ

2053 874 2296 942 ἀποστῇς
2327 872 2422 925 ἀπ’
2444 872 2601 948 ἐμοῦ.
2642 889 2663 925 3
2705 901 2776 914 —
2807 872 2902 942 Μὴ
2937 871 3240 943 ὑπομείνῃς
3272 871 3355 924 ετι
3377 887 3394 902 ο
3442 871 3495 923 οε
3531 870 3636 939 γάρ

2057 965 2424 1034 ὑπομένοντες
2457 964 2682 1018 είώθασι
2719 965 2952 1036 σιωπᾷν.

2132 1076 2152 1110 ι
2188 1057 2280 1126 Μὴ
2310 1057 2558 1112 εῐποισαν
2586 1059 2645 1110 ἐν
2675 1057 2936 1130 καρδίαις,
2955 1057 3158 1126 αὐτῶν,
3199 1054 3367 1127 Εὖγε,
3407 1052 3543 1125 εὖγε
3571 1058 3639 1125 τῇ

455 1167 472 1199 ε
517 1150 739 1218 Πτωχδν
762 1151 858 1203 καὶ
880 1147 1093 1219 πένητα
1122 1148 1236 1222 τῶν
1269 1147 1682 1218 διαρπαζόντων
1707 1149 1896 1204 αὐτόν.
1927 1167 1945 1200 3
2054 1149 2199 1222 ψυχῇ
2229 1149 2387 1220 ἡμῶν
2413 1165 2426 1179 ·
2468 1150 2600 1222 μηδὲ
2626 1152 2903 1218 εῐποισαν,
2931 1150 3286 1221 Κατεπίομεν
3319 1151 3508 1205 αὐτόν.
3544 1169 3644 1202 3—

378 1273 448 1283 -—
477 1244 578 1296 Διὰ
603 1241 815 1296 τούτων
855 1243 955 1312 τὴν
1004 1243 1150 1310 ἀγαν
1197 1240 1482 1295 εὐτέλειαν
1513 1240 1791 1311 ἐδήλωσεν
1824 1240 1956 1294 ἐαυ-

377 1335 474 1389 τοῦ
514 1335 927 1408 διαρπαζόντων
956 1334 1050 1390 καὶ
1093 1333 1221 1387 ὅσον
1255 1333 1348 1388 ἐπὶ
1393 1335 1514 1398 ταῖς
1555 1333 1771 1388 ἑαυτῶν
1793 1335 1952 1388 ἐλπί-

381 1441 486 1479 σιν.

457 1539 475 1573 ι
525 1518 980 1574 ’Δνταπεδίδοσάν
1007 1534 1109 1590 μοι
1157 1517 1374 1591 πονηρά
1430 1517 1557 1574 ἀντὶ
1605 1519 1831 1588 ἀγαθῶν
1859 1520 1956 1572 καὶ

251 1649 264 1658 ρ
379 1615 639 1668 ἀτεκνίαν
674 1616 740 1684 τῇ
777 1613 924 1682 ψυχῇ
966 1629 1090 1682 μου.
1125 1629 1146 1665 3
1189 1640 1261 1651 —
1305 1611 1462 1665 Ἐπεὶ
1491 1611 1580 1666 διὰ
1609 1612 1721 1666 τῶν
1749 1613 1956 1667 τέκνων

379 1706 415 1774 ἡ
445 1707 632 1775 μνήμη
684 1703 1046 1774 φυλάσσεται,
1072 1703 1177 1776 ’τὴν
1227 1703 1318 1758 διά
1348 1702 1581 1759 θανάτου
1616 1699 1790 1775 λήθην
1826 1704 1957 1758 ἀτε-

381 1797 534 1851 κνίαν
563 1795 808 1852 ἐκάλεσε.
845 1797 923 1870 Τῇ
953 1797 1098 1868 ψυχῇ
1136 1813 1238 1867 μου
1268 1795 1326 1850 δέ
1357 1796 1482 1851 ἀντὶ
1511 1795 1608 1850 τοῦ
1642 1796 1788 1866 ἐμοί.

455 1907 474 1941 ι
523 1888 872 1943 Ἑταπείνουν
913 1890 972 1942 ἐν
1029 1889 1260 1961 νηστείᾳ
1289 1889 1389 1959 τήν
1428 1888 1610 1960 ψυχήν
1664 1906 1793 1959 μου.
1835 1907 1853 1942 3
1887 1917 1952 1929 —

383 1982 703 2051 Κατέτηκον
733 1984 799 2052 τῇ
825 1981 1012 2053 ἀσιτία
1037 1981 1294 2054 ἐμαυτόν.

461 2094 481 2127 ι
519 2073 628 2128 Καὶ
658 2077 692 2145 ἡ
733 2077 1012 2146 προσευχή
1045 2092 1147 2145 μου
1194 2075 1278 2140 είς
1313 2075 1517 2132 κόλπον
1550 2094 1653 2147 μου
1680 2076 1958 2146 ἀποστρα-

381 2165 640 2236 φήσεται.
681 2183 700 2219 3
728 2197 803 2208 —
829 2168 990 2238 Καὶή
1026 2167 1243 2238 αῐτησίς
1273 2185 1376 2237 μου
1406 2166 1652 2222 λασοῦσα
1685 2167 1873 2222 θεόθεν
1894 2166 1960 2220 τὸ

383 2257 726 2327 ἔμπρακτον,
769 2259 1258 2332 ἀποστραφήσεται
1308 2261 1387 2325 είς
1439 2260 1642 2316 κόλπον
1677 2277 1780 2332 μου
1802 2259 1962 2332 δίκην

379 2348 553 2419 δώρου
572 2350 913 2415 πολυτελοῦς.

459 2461 479 2494 ε
529 2443 618 2508 Ὠς
648 2444 877 2515 πλησίον
910 2445 1008 2498 καὶ
1049 2445 1124 2508 ὡς
1179 2446 1412 2516 ἀδελφὸν
1465 2448 1737 2518 ἡμέτερον
1785 2447 1962 2510 οὕτως

381 2534 734 2604 εὐηρέστουν.
779 2553 798 2588 3
830 2565 900 2576 —
932 2535 1040 2591 Τὸν
1069 2536 1242 2591 Σαούλ
1270 2553 1475 2609 φησιν·
1507 2539 1542 2611 ἠ
1587 2539 1647 2593 δέ
1705 2537 1961 2604 σύνταξις

382 2625 698 2694 ἀδιάφορος.

461 2736 481 2770 ε
525 2718 616 2783 Ὠς
644 2719 856 2773 πενθῶν
889 2722 986 2774 καὶ
1038 2719 1483 2792 σκυθρωπάζων,
1520 2721 1695 2787 οὕτως
1742 2726 1964 2777 ἐταπει-

381 2809 615 2879 νούμην.
661 2831 680 2864 3
709 2843 778 2854 —
812 2814 928 2868 Οὐκ
987 2815 1238 2884 ἐπήρθην
1275 2818 1370 2870 ἐπὶ
1415 2817 1532 2881 τοῖς
1566 2819 1720 2887 ἐμοῖς
1754 2834 1961 2887 κατορο

385 2900 659 2971 θώμασιν,
707 2903 843 2957 ἀλλὰ
874 2905 970 2958 καὶ
1023 2904 1144 2960 λίαν
1189 2907 1514 2960 ἐταπείνουν
1576 2908 1962 2961 καταστέλλων

382 2997 474 3048 τὸν
503 2994 720 3063 φθόνον.

459 3105 483 3141 ε
521 3089 630 3141 Καὶ
662 3086 784 3142 κατ’
819 3087 954 3156 ἐμοῦ
983 3088 1371 3160 εὐφράνθησαν
1404 3092 1496 3146 καὶ
1525 3094 1899 3164 συνήχθησαν.
1936 3113 1954 3146 3

383 3207 454 3219 —
485 3181 548 3231 Οί
579 3179 637 3233 δέ
677 3178 1002 3249 φθονοῦντες
1047 3157 1284 3252 οίόμενοι
1315 3183 1416 3254 τὴν
1448 3183 1587 3256 ἐμὴν
1627 3157 1780 3258 ίσγὺν
1807 3187 1958 3254 ἀφα-
1988 3157 2031 3213 c

383 3269 632 3334 νίζεσθαι
687 3271 988 3343 ἐχάρησαν,
1035 3272 1129 3327 καὶ
1176 3272 1548 3346 ἡθροίσθησαν
1606 3277 1688 3340 είς
1725 3275 1963 3347 μελέτην

383 3361 706 3431 ἐπιδουλῆς.

462 3470 483 3504 ι
519 3453 880 3524 Συνήχθησαν
908 3455 1003 3509 ἐπὶ
1027 3454 1127 3525 ἐμέ
1157 3459 1445 3527 μάστιγες,
1479 3457 1574 3513 καὶ
1592 3457 1692 3514 οὐκ
1713 3459 1909 3528 ἔγνων.
1936 3477 1956 3512 3

383 3573 456 3589 --
485 3547 716 3617 Ἀνδρες
752 3547 1038 3616 μάστιγες,
1091 3551 1401 3618 ἀρσενικῶς
1435 3551 1553 3622 ἦτοι
1594 3550 1832 3620 πλῆκται
1864 3554 1962 3606 καὶ

387 3636 676 3706 ἀναιρέται
700 3653 717 3670 ο
749 3635 859 3704 ἐγὼ
897 3639 954 3691 δέ
989 3637 1089 3691 οὐκ
1119 3638 1292 3710 ᾔδειν.

463 3748 482 3782 ι
513 3728 939 3800 Διεσχίσθησαν,
1003 3733 1100 3785 καὶ
1131 3731 1193 3784 ού
1240 3729 1646 3802 κατενύγησαν.
1685 3749 1705 3783 3
1737 3762 1810 3772 ——
1839 3733 1963 3785 Διε-

386 3823 765 3893 σκεδάσθησαν
798 3823 874 3894 μὴ
905 3824 1159 3896 εὑρόντες
1183 3803 1280 3895 ’με
1308 3824 1435 3879 ἔνθα
1461 3826 1692 3897 ήλπιζον
1721 3839 1738 3856 ο
1768 3826 1829 3879 ού
1855 3824 1965 3896 μὴν

387 3937 517 3990 μετε
525 3920 862 3990 μελήθησαν.

463 4030 484 4064 ι
543 4011 874 4081 Ἐπείρασάν
927 4028 1016 4082 με,
1061 4011 1502 4082 ἐξεμυκτήρισάν
1569 4028 1637 4082 με
1693 4029 1965 4084 μυκτηρι-

385 4102 511 4174 σμῷ
534 4103 812 4182 ’.έσρυξαν
833 4103 922 4156 ἐπ’
955 4105 977 4155 ἐ
988 4104 1056 4173 μὲ
1081 4107 1206 4168 τοὺς
1223 4105 1444 4167 ὀδόντας
1459 4105 1661 4160 αὐτῶν.
1697 4124 1716 4157 3
1745 4134 1816 4146 —
1842 4106 1967 4158 Πεῖ-

389 4212 495 4266 ραν
520 4197 617 4250 καὶ
645 4194 872 4266 δοκιμὴν
904 4196 998 4248 καὶ
1029 4197 1210 4250 πᾶσαν
1257 4196 1524 4267 ἐκίνησαν
1570 4199 1651 4260 είς
1684 4197 1786 4266 ἐμέ
1821 4197 1963 4251 ὥστε

385 4285 529 4341 ἑλεῖν
578 4303 684 4356 με’
718 4289 848 4341 ποτέ
901 4289 998 4358 μὲν
1043 4289 1151 4359 γὰρ
1199 4290 1386 4360 ἀπάτῃ
1441 4289 1770 4358 ἐχρήσαντο,
1806 4288 1967 4342 τοῦτο

386 4377 496 4451 γὰρ
538 4378 794 4448 βούλεται
827 4378 922 4432 νῦν
946 4379 974 4431 ὁ
1012 4381 1419 4450 μυκτηρισμθις,
1449 4379 1578 4432 ποτὲ
1623 4378 1681 4432 δέ
1708 4377 1962 4450 φανερῶς

387 4471 856 4543 ἐξεθηριῶθησαν.

465 4584 486 4618 ε
527 4566 719 4636 Κύριε,
748 4564 1137 4639 πότεέπόψεις
1169 4564 1622 4637 ἀποκατάστησον
1654 4566 1754 4636 τὴν
1777 4565 1958 4637 ψυχήν

388 4675 491 4729 μου
528 4658 638 4716 ἀπὸ
675 4657 776 4726 τῆς
809 4657 1150 4728 κακουργίας
1174 4657 1380 4724 αὐτῶν,
1423 4659 1532 4712 ἀπὸ
1581 4657 1814 4714 λεόντων
1861 4659 1962 4731 τὴν

389 4749 657 4820 μονογενῆ
721 4767 847 4820 μου.
887 4767 907 4800 3
958 4779 1030 4790 —
1069 4751 1552 4822 ’Δποκατάστησόν
1602 4769 1672 4822 με
1733 4754 1814 4816 εἰς
1861 4751 1962 4822 τὴν

388 4844 665 4914 προτέραν
711 4841 1031 4912 ἐλευθερίαν
1069 4843 1181 4896 ἀπὸ
1230 4843 1333 4913 τῆς
1385 4843 1729 4914 κακουργίας
1781 4842 1964 4897 αὐτῶν

389 4935 712 5006 ῥυσάμενος.

339 5089 350 5094 _
467 5045 488 5080 ε
533 5027 1038 5098 Ἐξομολογήσομαί
1076 5045 1159 5082 σοι
1209 5028 1271 5082 ὲν
1330 5028 1603 5100 ἐκκλησία
1658 5028 1852 5100 πολλῇ,
1903 5029 1964 5083 ἐν

389 5115 507 5186 λαῷ
533 5116 693 5189 βαρεῖ
718 5120 920 5173 αίνὲσω
953 5136 1034 5173 σε.
1051 5138 1069 5172 3
1092 5120 1462 5186 -Τουτέστι,
1502 5119 1858 5192 πολυπληθεῖ.

467 5227 487 5261 ε
530 5209 649 5263 Ὀτι
681 5212 808 5280 ἐμοὶ
841 5211 941 5280 μέν
973 5214 1267 5282 είρηνικῶς
1299 5213 1525 5266 ἐλάλουν
1548 5213 1642 5267 καὶ
1675 5213 1761 5266 ἐπ’
1794 5209 1966 5284 ὀργὴν

321 5327 326 5330 ·
392 5300 575 5364 δόλους
599 5302 981 5372 διελογίζοντο,
1019 5323 1037 5356 3
1074 5335 1143 5344 —
1173 5305 1256 5359 Δι’
1289 5306 1460 5377 ὀργὴν
1494 5306 1589 5361 καὶ
1632 5307 1699 5376 ἠν
1722 5305 1969 5373 but-Expu-

393 5405 552 5451 πτον,
580 5390 911 5444 ἐσκέπτοντο
941 5393 1129 5458 δολίως
1158 5395 1276 5460 πῶς
1304 5395 1370 5448 ἀν
1406 5391 1760 5449 κιυδυνεύσω.

470 5498 490 5532 ε
528 5482 639 5534 Καὶ
693 5482 998 5538 ἐπλάτυναν
1027 5486 1117 5538 ἐπ’
1147 5489 1248 5556 ἐμὲ
1279 5487 1340 5542 τὸ
1400 5490 1574 5560 στόμα
1605 5490 1807 5544 αὐτῶν.
1843 5507 1863 5541 3
1900 5520 1970 5533 -η

390 5575 658 5646 Ὕστερον
688 5576 744 5630 δέ
775 5578 868 5631 καὶ
897 5580 1186 5653 παρρησίᾳ
1219 5583 1566 5654 κατηγόρουν
1593 5601 1698 5654 μου
1721 5585 1815 5638 καὶ
1841 5586 1968 5639 ἁνυ-

390 5669 699 5731 ποστόὶως.

466 5779 484 5812 ι
517 5758 707 5829 Εἶπον,
736 5761 899 5830 Εὖγε,
935 5757 1087 5836 εὖγε,
1120 5761 1262 5821 εἶδον
1297 5766 1346 5820 οί
1396 5767 1672 5837 ὀφθαλμοί⁵
1722 5768 1896 5839 ἡμῶν.
1940 5786 1965 5855 3

2057 1243 2147 1314 Τῷ
2178 1242 2410 1312 στόματι
2439 1245 2535 1313 τῆς
2569 1243 2871 1314 ῥομφαίας.

2133 1353 2153 1388 ε
2204 1333 2686 1404 Ἀγαλλιάσθωσαν
2746 1338 2840 1389 καὶ
2897 1335 3369 1407 εὐφρανθήτωσαν
3404 1335 3522 1406 ἀρα
3592 1337 3642 1387 al

2057 1429 2326 1494 θέλοντες.
2365 1448 2384 1482 3
2420 1457 2491 1468 —
2517 1428 2592 1482 Τδ
2629 1427 2751 1498 ἅμα
2792 1430 2914 1483 ἀντὶ
2965 1429 3058 1483 τοῦ
3105 1429 3310 1493 πάντες
3343 1431 3407 1482 ἐν
3428 1426 3642 1497 ταυτῷ.

2133 1538 2154 1573 ι
2195 1521 2258 1577 Οί
2289 1521 2536 1585 θέλοντες
2566 1520 2668 1592 τὴν
2719 1521 3072 1593 δικαιοσύνην
3107 1539 3234 1592 μου.
3266 1540 3286 1574 3
3318 1551 3390 1562 -—
3412 1521 3530 1592 Τὴν
3565 1523 3648 1575 διο

2058 1613 2288 1666 καίωσίν
2313 1629 2442 1682 μου.

2136 1724 2156 1759 ε
2199 1706 2310 1760 Καὶ
2334 1707 2367 1777 ή
2395 1704 2617 1775 γλῶσσά
2641 1722 2742 1775 μου
2777 1705 3065 1776 μελετήσει
3119 1706 3482 1778 δικαιοσύνην
3526 1725 3644 1772 σου,

1988 1808 2028 1864 Β
2057 1800 2187 1869 ὅλην
2217 1799 2320 1870 τὴν
2347 1799 2564 1872 ἡμέραν
2585 1798 2677 1851 τὸν
2703 1798 2924 1852 ἔπαινόν
2955 1817 3072 1854 σου.
3111 1800 3286 1852 ι-Τδ
3308 1801 3648 1870 μελετήσει

2063 1892 2299 1947 ἐνταῦθα
2323 1893 2446 1948 ἀντὶ
2469 1890 2564 1946 τοῦ
2587 1891 2852 1963 διηνεκῶς
2885 1894 3207 1962 ἀπαγγελεῖ.
3227 1893 3428 1948 Ἰστέον
3463 1896 3551 1948 ὅτι
3577 1897 3647 1947 τά

2062 1985 2233 2038 πλείω
2255 1985 2345 2038 καὶ
2371 1983 2683 2054 κυριώτερα
2715 1984 2810 2038 τοῦ
2843 1985 3111 2053 παρόντος
3159 1985 3383 2056 ψαλμοῦ
3429 1986 3518 2048 είς
3553 1987 3646 2039 τὸν

2061 2077 2300 2148 Χριστὸν
2324 2075 2768 2147 ἐκλαμϐάνονται
2810 2078 2956 2131 κατά
2999 2077 3112 2132 τῶν
3148 2078 3474 2150 ἀχαρίστων
3514 2079 3650 2132 ἰου-

2060 2171 2252 2227 δαίων.

2624 2263 2916 2318 ΨΑΛΜΟΣ
2947 2266 3072 2319 AE'.

2141 2373 2159 2406 ι
2199 2354 2294 2419 Εἰς
2323 2355 2384 2408 τὸ
2435 2355 2609 2420 τέλος,
2635 2357 2714 2427 τῷ
2741 2355 2916 2427 δούλῳ
2945 2355 3158 2427 Κυρίῳ,
3183 2356 3263 2426 τῷ
3299 2356 3492 2411 Δαυῖδ.
3529 2375 3549 2409 3
3582 2388 3650 2399 —

2062 2449 2404 2518 Διωκόμενος
2452 2448 2558 2502 ὑπὸ
2609 2447 2705 2503 τοῦ
2758 2447 2931 2502 Σαοὺλ
2970 2449 3054 2512 είς
3103 2447 3377 2520 σπήλαιον
3427 2447 3648 2518 ἐκρύὸη

2063 2541 2560 2612 κοιμηθησόμενος.
2599 2539 2838 2610 ’Λγνοῶν
2865 2543 2957 2594 καὶ
2999 2539 3029 2592 ό
3055 2540 3251 2606 Σαοὺλ,
3283 2539 3522 2609 ηὐλίσθη
3550 2543 3648 2592 καὶ

2063 2632 2224 2694 αὐτὸς
2248 2635 2306 2685 ἐν
2348 2632 2426 2701 τῷ
2460 2631 2626 2703 -αὐτῷ
2654 2631 2928 2703 σπηλαίῳ.
2956 2633 3065 2686 Καὶ
3097 2633 3293 2695 νυκτὸς
3330 2633 3580 2693 ἀναστὰς
3623 2634 3649 2683 ό

2062 2723 2227 2780 Δαυτδ
2253 2726 2497 2796 περιεῖλε
2527 2727 2589 2780 τὸ
2646 2724 2946 2795 πτερύγιον
3001 2728 3102 2797 τῆς
3139 2725 3414 2787 διπλοΐδος
3444 2723 3642 2788 αὐτοῦ,

2063 2817 2160 2870 καὶ
2193 2816 2314 2887 μεθ’
2341 2816 2558 2887 ἡμέραν
2605 2815 2808 2883 ἔδειξεν
2839 2815 2972 2869 αὐτὸ
3006 2814 3294 2887 πόρρωθεν
3322 2813 3403 2883 τῷ
3466 2813 3645 2865 Σαοὺλ

2064 2909 2158 2962 καὶ⁸
2210 2907 2486 2962 ὠνείδισεν
2536 2907 2687 2978 αὐτῷ
2737 2909 2835 2979 τὴν
2879 2908 3063 2964 ἄδικον
3120 2907 3442 2978 ἐπιϐουλήν.
3481 2906 3545 2960 '0
3588 2905 3644 2958 δὲ

2064 3001 2340 3072 ἀπεκρίθη
2397 3001 2691 3071 μετάνοιαν
2745 3001 2841 3054 καὶ
2895 3001 3153 3054 ὑπόθεσιν
3182 3000 3281 3064 τῆς
3320 2998 3644 3066 ἐπιδουλῆς.

2068 3095 2237 3150 Πάλιν
2285 3092 2345 3146 δέ
2392 3091 2691 3147 ἐδολιεύετο
2718 3092 2818 3161 τὴν
2845 3091 3132 3163 ἀναίρεσιν
3179 3090 3278 3146 τοῦ
3313 3090 3508 3154 Δαυῖδ,
3549 3089 3646 3142 καὶ

2063 3189 2184 3242 τότε
2217 3190 2245 3241 ό
2283 3186 2451 3240 Δαυῒδ
2480 3187 2572 3240 τὸν
2599 3186 2849 3257 παρόντα
2881 3184 3098 3256 ψαλμὸν
3126 3184 3498 3238 συντέθεικεν.

2138 3299 2159 3334 ⁸
2193 3281 2364 3351 Φησὶν
2392 3279 2422 3333 δ
2454 3279 2791 3348 παράνομος.
2821 3277 2917 3332 τοῦ
2944 3277 3282 3347 ἁμαρτάνειν
3307 3275 3368 3328 ἐν
3410 3274 3600 3345 ἑαυτῷ
3626 3289 3640 3302 ο

2063 3371 2177 3425 Οὐκ
2210 3371 2326 3424 ἐστι
2362 3369 2528 3440 φόϐος
2577 3368 2714 3422 Θεοῦ
2746 3369 3009 3448 ἀπέναντι
3055 3367 3168 3421 τῶν
3195 3365 3498 3437 ὀφθαλμῶν
3543 3369 3643 3421 αύο

2061 3461 2178 3516 τοῦ.
2217 3479 2236 3514 3
2265 3490 2335 3501 —
2363 3461 2437 3514 Τδ
2458 3459 2652 3530 φησιν
2679 3460 2800 3513 ἀντὶ
2825 3458 2920 3513 τοῦ
2967 3459 3404 3529 μελετᾷ.Ἤγουν
3435 3457 3641 3527 μελετᾷ

2061 3556 2090 3608 ὁ
2109 3551 2426 3622 παράνομος
2451 3554 2508 3605 ἐν
2537 3553 2714 3619 ἐαυτῷ
2740 3551 2884 3606 ὥστε
2910 3551 3279 3622 ἁμαρτάνειν.
3302 3551 3376 3604 Τὸ
3396 3550 3494 3604 τοῦ
3521 3551 3639 3619 γὰρ

2063 3645 2186 3698 ἀντὶ
2221 3644 2316 3698 τοῦ
2341 3643 2503 3710 ὥστε,
2530 3645 2563 3716 ἢ
2599 3644 2876 3715 περιττόν.

2142 3755 2161 3788 ι
2192 3737 2315 3790 Ὅτι
2369 3737 2632 3791 έδόλωσεν
2675 3736 2906 3790 ἐνώπιον
2955 3736 3120 3791 αὐτοῦ
3180 3737 3275 3791 τοῦ
3328 3739 3514 3809 εὑρεῖν
3539 3738 3642 3808 τὴν

2064 3829 2294 3898 ἀνομίαν
2325 3827 2511 3894 αὐτοῦ,
2546 3829 2640 3882 καὶ
2683 3827 2934 3899 μισῆσαι.
2975 3848 2994 3882 3
3027 3860 3096 3870 —
3125 3830 3256 3884 ,Ὅτι
3294 3831 3643 3885 ὲδολιεύσατσ

2065 3920 2258 3974 ἐαυτὸν
2285 3923 2364 3984 εις
2393 3921 2491 3991 τὴν
2516 3921 2808 3989 διάγνωσιν
2838 3922 2936 3992 τῆς
2962 3922 3193 3992 ἀνομίας
3220 3922 3388 3977 αὐτοῦ
3419 3926 3516 3978 καὶ
3545 3923 3644 3994 τὴν

2066 4009 2270 4078 ταύτης
2298 4012 2670 4083 ἀποστροφήν.

2143 4119 2162 4154 ε
2196 4103 2277 4156 Τά
2311 4103 2530 4174 ῥήματα
2554 4101 2651 4156 τοῦ
2678 4101 2944 4172 στόματος
2973 4103 3137 4158 αὐτοῦ
3174 4106 3376 4169 ἀνομία
3424 4106 3524 4160 καὶ
3563 4105 3643 4158 δό-

2065 4197 2181 4262 λος,
2211 4198 2315 4252 οὐκ
2359 4196 2635 4267 ἠϐουλήθη
2672 4196 2912 4250 συνιέναι
2934 4195 3030 4250 τοῦ
3076 4196 3366 4265 ἀγαθῦναι.
3402 4216 3502 4252 3—
3526 4199 3641 4267 Οὐχ

2069 4291 2243 4344 εἵλετο
2270 4289 2458 4344 λαϐεῖν
2497 4288 2714 4343 σύνεσιν
2744 4288 2886 4342 ὥστε
2917 4288 3141 4358 ποιῆσαι
3170 4289 3232 4342 τὸ
3262 4290 3457 4346 καλόν.

2145 4401 2166 4437 ε
2218 4383 2471 4452 ’Δνομίαν
2501 4384 2557 4435 δέ
2603 4379 2891 4450 ἐλογίσατο
2920 4381 3012 4434 ἐπὶ
3037 4381 3136 4448 τῆς
3168 4383 3355 4452 κοίτης
3379 4384 3577 4438 αὐτοῦ.
3617 4403 3637 4436 3

1996 4503 2042 4560 υ
2069 4503 2143 4515 ..-
2169 4476 2311 4528 ,και
2354 4475 2447 4527 τὸν
2482 4473 2672 4542 καιρὸν
2705 4475 2802 4543 τῆς
2849 4471 3215 4534 ἀναπαύσεως
3266 4474 3349 4535 εις
3391 4473 3641 4544 πονηρὰς

2069 4566 2303 4637 μελέτας
2338 4565 2619 4634 ἀνήλισκε.

2143 4674 2166 4710 ε
2203 4658 2462 4727 Παρέστη
2493 4657 2644 4728 πάσῃ
2673 4655 2780 4727 δδῷ
2834 4655 2935 4709 οὐκ
2981 4653 3182 4724 ἀγαθῇ.
3224 4671 3246 4706 3
3278 4685 3352 4696 —
3380 4657 3646 4729 Ἐτοιμος

2075 4744 2142 4824 ἧν
2167 4750 2246 4812 είς
2272 4750 2453 4803 πᾶσαν
2491 4747 2694 4818 πρᾶξιν
2723 4747 2927 4817 κακήν.

2143 4857 2164 4892 ε
2202 4841 2384 4895 Κακία
2413 4838 2471 4893 δέ
2511 4841 2571 4893 οὐ
2604 4836 2976 4911 προσώχθισε.
3009 4857 3031 4890 3
3056 4869 3127 4880 -
3147 4839 3261 4894 Οὐκ
3309 4839 3564 4910 ἐπιὸαρῆ
3594 4842 3650 4894 δὲ

2071 4931 2169 4986 καὶ
2199 4933 2465 5005 φορτικὴν
2528 4933 2750 5002 ἐνόμισε
2795 4931 2896 5001 τὴν
2949 4929 3171 4997 κακίαν,
3206 4931 3518 4996 τουτέστιν,
3549 4934 3650 4985 οὐκ

2066 5017 2395 5078 ἀπεσείσατο
2419 5023 2648 5094 ταύτην.

2145 5134 2166 5169 ε
2209 5115 2406 5186 Κύριε,
2437 5117 2496 5170 ἐν
2524 5116 2602 5187 τῷ
2626 5117 2843 5188 οὐρανῷ
2870 5117 2932 5172 τδ
2965 5119 3117 5184 ἔλεός
3150 5140 3270 5186 σου,
3297 5123 3392 5176 καὶ
3433 5124 3468 5191 ἡ
3511 5123 3649 5191 ἀλή-

2069 5209 2189 5264 θειά
2223 5227 2318 5264 σου
2353 5209 2457 5272 ἐως
2491 5209 2598 5263 τῶν
2626 5211 2885 5277 νεφελῶν.
2924 5231 2944 5266 3
2978 5243 3050 5256 —-
3089 5215 3236 5269 Ἀντὶ
3288 5215 3386 5269 τοῦ
3411 5215 3527 5279 ἕως
3559 5214 3653 5269 τοῦ

2068 5301 2329 5373 ούρανοῦ,
2360 5303 2642 5356 τουτέστιν
2676 5303 2883 5373 ὑψηλὸν
2906 5306 3002 5359 καὶ
3027 5307 3185 5362 πολύ.

2146 5412 2167 5447 ε
2215 5395 2280 5448 Ἡ
2305 5395 2621 5464 δικαιοσύνη
2653 5413 2748 5448 σου
2793 5397 2870 5459 ὡς
2919 5398 3021 5468 ὅρη
3051 5399 3210 5453 Θεοῦ.
3251 5417 3272 5452 3
3313 5429 3384 5441 —
3415 5400 3535 5454 Καλ⁵
3567 5402 3656 5455 διὰ

2067 5486 2178 5542 τῶν
2196 5488 2368 5557 ὀρέων
2395 5486 2454 5540 τὸ
2477 5486 2610 5556 ὕψος
2638 5489 2730 5540 καὶ
2754 5487 2984 5558 μέγεθος
3014 5489 3408 5562 ῂνίξατο.’ορη
3432 5491 3496 5544 δέ
3515 5492 3657 5546 θεοῦ

2070 5582 2138 5634 τὰ
2169 5578 2278 5631 ὑπὸ
2307 5577 2442 5630 Θεοῦ
2479 5577 2792 5634 κτισθέντα.

2150 5689 2169 5722 ε
2211 5671 2293 5724 Τά
2316 5670 2559 5742 κρίματά
2584 5670 2678 5722 σου
2706 5669 2944 5735 ἀσυσσος
2971 5669 3160 5745 πολλή.
3197 5690 3218 5724 3
3251 5702 3320 5716 —-
3350 5673 3471 5728 Καὶ
3504 5677 3655 5729 οἱκο-

2074 5765 2259 5837 νομίαι
2297 5781 2390 5817 σου
2416 5761 2815 5832 ἀκατάληπτοι.
