3822 6506
339 397 496 462 ’1515

1538 397 1956 461 NICEPIIORI
1993 398 2252 460 BLEMM
2263 399 2406 460 1M!

3458 399 3586 464 1516

347 512 499 564 ἔνθεν
524 507 773 564 κάκεῖθεν
801 487 1063 578 ἀνέστησε
1121 506 1190 562 τά
1253 507 1418 562 ὕδατα
1470 507 1568 577 τῆς
1624 509 1921 579 θαλάσσης.
1954 511 1996 569 Δ
2030 509 2164 577 μοῦς
2197 507 2567 562 καταπνέουσι
2599 509 2802 574 τόπους
2838 487 2897 565 ἐν
2926 503 3008 578 οἷς
3036 512 3309 567 διαιτᾶται
3341 515 3403 568 τὸ
3437 517 3587 585 γένος

412 625 430 656 ι
479 603 626 656 Ὠσεὶ
642 602 833 656 ἀσκόν.
877 621 895 654 ι
925 634 987 647 -
1011 602 1160 655 Ἀντί
1188 600 1310 669 τοῦ,
1336 601 1738 672 ἐξογκουμένης
1762 602 1918 672 δίκην

339 695 531 752 ἀσκοῦ.

418 810 440 845 ι
474 788 733 861 Διέρῤηξε
768 789 976 858 πέτραν
1023 793 1082 842 ἐν
1116 791 1328 862 ἐρήμῳ.
1369 809 1390 844 ι
1423 822 1493 834 -
1540 793 1630 846 Ἐν
1690 796 1754 864 τῇ
1785 795 1913 865 ἐρή-

345 901 431 956 μῳ
457 883 551 938 τοῦ
586 885 746 950 ὅρους
809 881 1034 952 Χωρήϐ.
1096 883 1192 936 Διά
1222 883 1322 954 τῆς
1354 885 1590 940 ἀϐύσσου
1616 885 1672 940 δὲ
1697 891 1757 941 τὸ
1779 887 1918 956 πλῆ-

343 979 434 1042 θος
461 978 569 1031 τῶν
603 977 810 1032 ὑδάτων
839 970 1148 1047 ἐδήλωσενῖ

425 1092 443 1126 ι
475 1075 584 1126 Kal
615 1073 887 1144 ἐξήγαγεν
910 1073 1053 1142 ὔδωρ
1093 1075 1157 1124 ἐκ
1191 1072 1422 1142 πέτρας,
1464 1072 1570 1125 καὶ
1600 1073 1917 1141 κατήγαγεν

346 1166 421 1228 ὡς
454 1163 735 1232 ποταμοὺς
767 1162 957 1216 ὕδατα.
1000 1179 1017 1214 ι
1053 1191 1121 1202 --
1155 1159 1327 1216 Τοῦτο
1357 1163 1546 1230 ἕτερον
1575 1161 1760 1231 θαῦμα
1831 1179 1916 1230 γε·

344 1254 500 1320 γονὺς
539 1254 596 1308 ἐν
643 1255 708 1322 τῇ
773 1253 966 1322 ἐρήμῳ
1013 1251 1143 1307 Καδ.
1167 1293 1180 1306 .
1211 1295 1224 1310 .
1257 1291 1270 1306 .
1308 1253 1389 1315 δὶς
1424 1253 1532 1324 γάρ
1591 1255 1656 1306 ἐκ
1711 1253 1917 1324 πέτρας

345 1345 584 1398 ἀνέδωκε
643 1346 786 1398 κατά
849 1343 1144 1412 διαφόρους
1204 1348 1430 1417 χρόνους
1481 1347 1578 1400 καὶ
1649 1347 1848 1410 τόπους
1897 1363 1913 1380 ⁶

349 1439 774 1508 παρεπίκραναν
817 1436 907 1489 τὸν
944 1437 1212 1507 ’Ὕψιστον
1243 1441 1302 1493 ἐν
1332 1438 1550 1509 ἀνύδρῳ
1587 1439 1741 1510 τόπῳ
1777 1439 1808 1509 ἢ
1844 1441 1914 1510 γῇ

343 1530 611 1600 δηλονότι.
1787 1561 1792 1564 -

420 1643 437 1675 ι
475 1625 582 1678 Kal
613 1624 977 1694 ἐξεπείρασαν
1007 1624 1097 1677 τὸν
1125 1621 1260 1676 Θεὸν
1287 1623 1344 1675 ἐν
1394 1623 1512 1687 ταῖς
1539 1623 1789 1694 καρδίαις
1815 1624 1915 1677 αύ-

340 1714 448 1767 τῶν
477 1731 490 1744 ·
520 1713 615 1768 τοῦ
653 1715 878 1783 αίτῆσαι
920 1713 1187 1783 βρώματα
1217 1714 1337 1778 ταῖς
1389 1712 1591 1784 ψυχαῖς
1655 1713 1858 1769 αὐτῶν.
1889 1732 1908 1766 ι

339 1836 409 1848 -—
443 1805 900 1878 Περιφραστικῶς
947 1806 1068 1859 ἀντὶ
1102 1807 1306 1870 αὐτοῖς.

419 1920 437 1953 ι
473 1902 581 1954 Kal
611 1899 993 1970 κατελάλησαν
1020 1899 1113 1952 τοῦ
1139 1898 1299 1952 Θεοῦ.
1340 1917 1360 1951 ι
1389 1929 1452 1938 -
1485 1901 1560 1952 Ού
1594 1897 1782 1953 λαϐεῖν
1815 1899 1914 1969 τὴν

341 1995 526 2066 χρείαν
556 1994 854 2066 ὲζ’ίγιτησαν,
875 1992 991 2046 ἀλλ’
1023 1993 1099 2057 ὡς
1132 1992 1398 2048 ἀδυνάτου
1428 1991 1565 2047 Θεοῦ
1602 1994 1916 2064 κατηγόρη-

343 2105 461 2146 σαν.

408 2200 436 2231 -ι
477 2179 628 2232 Ἐπεὶ
647 2178 880 2244 ἐπάταξε
911 2177 1137 2248 πέτραν,
1167 2177 1261 2230 καὶ
1293 2178 1574 2250 ἐρρύησαν
1596 2176 1787 2244 ύδατα,
1819 2177 1917 2232 καὶ

342 2273 633 2346 χείμαρροι
666 2271 1144 2342 κατεκλύσθησαν.
1185 2289 1203 2322 ι
1238 2300 1308 2310 -
1347 2270 1497 2325 Ἀντί
1527 2270 1773 2341 σφοδρῶς
1824 2271 1914 2342 lp-

344 2371 564 2438 ρευσαν.

417 2480 436 2514 ι
477 2463 546 2515 Ἥ
570 2461 859 2530 ἑτοιμάσαι
881 2460 1188 2532 τράπεζαν.
1221 2479 1240 2514 ι
1272 2489 1344 2500 —-
1366 2459 1441 2514 Τὸ
1461 2459 1500 2528 ἢ
1533 2459 1659 2514 ἀντὶ
1679 2458 1775 2514 τοῦ
1797 2459 1912 2516 καί.

420 2573 440 2607 ι
480 2555 579 2608 Διά
617 2553 782 2607 τοῦτο
845 2553 1048 2625 ἢκουσε
1117 2553 1344 2622 Κύριος.
1389 2570 1410 2605 ι
1453 2581 1524 2595 --
1575 2552 1637 2605 El
1693 2552 1749 2605 ἐν
1795 2553 1917 2616 ταῖς

347 2645 598 2716 καρδίαις
627 2646 918 2715 ἐλάλησαν,
952 2644 1066 2697 ἀλλ’
1106 2646 1134 2698 ό
1172 2645 1615 2714 καρδιογνώστης
1685 2643 1910 2713 ἤκουσε.

425 2756 447 2789 ί
485 2739 596 2791 Καὶ
655 2737 968 2792 ἀνεϐάλετο.
1004 2754 1025 2789 ι
1051 2766 1123 2778 -—
1153 2737 1304 2798 Ἠως
1353 2735 1598 2805 ὠργίσθη
1653 2738 1749 2790 καὶ
1806 2731 1918 2790 οἷον

341 2830 584 2899 ’ἀνέρυσε
619 2827 721 2899 τὴν
755 2827 949 2898 στολὴν
987 2827 1443 2898 εύτρεπιζόμενος
1496 2827 1571 2891 ὡς
1608 2828 1745 2898 πρὸς
1775 2825 1918 2897 ἀμῦ-

346 2939 464 2985 ναν,
488 2920 520 2990 ἢ
539 2919 831 2975 ἀνεϐάλετο
853 2919 1246 2982 δοῦναιαύτοῖς
1261 2918 1360 2990 τὴν
1381 2918 1799 2991 ἐπηγγελμένην
1817 2919 1920 2990 γῆν

342 3017 457 3078 τοῖς
491 3017 758 3086 πατράσιν
790 3016 987 3069 αὐτῶν.

425 3127 445 3159 ι
487 3108 594 3161 Kal
622 3107 732 3179 πῦρ
762 3109 977 3178 ἀνήφθη
1005 3107 1062 3175 ἐξ
1101 3107 1317 3176 Ἰακὼϐ,
1344 3110 1436 3162 καὶ
1463 3109 1602 3179 ὀργὴ
1628 3108 1795 3178 ἀνέϐη
1823 3109 1918 3162 ἐπὶ

348 3199 441 3252 τὸν
491 3199 734 3270 Ἰσραήλ.
769 3217 788 3251 ι
821 3231 890 3241 —
917 3200 1116 3254 Ἰακὼϐ
1157 3204 1251 3256 καὶ
1285 3200 1500 3272 Ἰσραήλ
1543 3202 1572 3254 ὁ
1625 3200 1914 3264 Ἰουδαῖκδς
1943 3211 1984 3270 c

350 3293 496 3358 λαός.
521 3295 596 3348 Τὸ
624 3295 734 3366 πῦρ
765 3295 820 3347 δέ
851 3294 921 3348 ού
959 3293 1228 3364 κατῆλθεν
1262 3293 1323 3362 ἐξ
1395 3295 1653 3366 ούρανοῦ,
1711 3289 1748 3365 ἦ
1809 3296 1916 3365 γὰρ

353 3387 421 3441 ἂν
463 3387 731 3456 ἠφάνισεν
805 3385 1269 3454 ἀπαντας,ἀλλά
1331 3387 1717 3459 προστάγματι
1781 3388 1917 3442 Θεοῦ

347 3479 592 3547 ἀναφθὲν
647 3478 876 3548 πλησίον
912 3479 1009 3549 τῆς
1045 3479 1406 3552 παρεμϐολῆς
1445 3480 1613 3550 ἀνέϐη
1645 3482 1701 3536 ἐν
1732 3482 1870 3550 ὀργῇ
1899 3497 1913 3511 ·

346 3574 614 3638 τουτέστι,
637 3573 774 3644 μετὰ
798 3573 1037 3644 σφοδρᾶς
1069 3575 1166 3627 καὶ
1197 3575 1428 3644 ἀσχέτου
1458 3573 1638 3643 ὁρμῆς
1659 3571 1794 3640 πρὸς
1819 3571 1919 3642 τὴν

347 3664 728 3736 παρεμϐολὴν,
767 3667 857 3719 καὶ
887 3665 1053 3736 μέρος
1073 3683 1124 3719 τι
1157 3663 1360 3733 ταύτης
1390 3663 1742 3735 κατέφλεξεν.

425 3777 442 3809 ι
483 3759 608 3812 Ὅτι
638 3761 740 3812 ούκ
762 3759 1096 3813 ἐπίστευσαν
1131 3759 1187 3812 ἐν
1220 3757 1296 3827 τῷ
1335 3758 1474 3828 Θεῷ,
1506 3758 1626 3812 ούδὲ
1681 3741 1926 3828 ἤλπισαν

347 3852 439 3903 ἐπὶ
499 3851 558 3904 τὸ
615 3851 881 3922 σωτήριον
939 3851 1125 3904 αὑτοῦ.
1162 3851 1544 3904 ι--Τοσαῦτα
1610 3850 1920 3916 κατιδόντες

346 3942 629 4013 τεράστια,
653 3945 753 3995 ούκ
780 3944 1110 3996 ἐπίστευσαν
1137 3944 1202 4014 τῇ
1245 3940 1474 4012 δυνάμει
1499 3940 1591 3994 τοῦ
1621 3940 1778 3995 Θεοῦ.
1813 3941 1917 3994 Πε-

349 4035 504 4105 ριττὴ
531 4034 588 4088 δέ
612 4036 644 4104 ή
666 4034 736 4088 ἐν
769 4036 1047 4106 πρόθεσις.

423 4146 441 4178 ι
478 4126 589 4182 Kal
619 4127 920 4181 ἐνετείλατο
951 4129 1202 4197 νεφέλαις
1227 4127 1600 4197 ύπεράνωθεν.
1631 4146 1658 4184 ι
1685 4127 1920 4182 -Ἐνε-

345 4219 559 4294 τείλατο
588 4225 706 4286 ταῖς
735 4223 988 4290 νεφέλαις
1020 4221 1278 4292 ὑπεράνω
1310 4222 1430 4293 ἦτοι
1467 4221 1527 4288 ἐξ
1553 4222 1720 4294 ύψους
1752 4225 1919 4294 ῥῦσαι

345 4292 590 4384 δηλονότι
624 4315 684 4368 τὸ
728 4315 924 4384 μάννα.

423 4427 446 4458 ‹
476 4408 585 4460 Kal
630 4406 798 4480 θύρας
837 4411 1068 4481 ούρανοῦ
1121 4411 1346 4482 ἀνέῳξε.
1389 4429 1409 4464 ι
1441 4413 1641 4476 -Τάς
1693 4412 1921 4482 νεφέλας

348 4503 441 4554 καὶ
471 4500 640 4573 θύρας
673 4501 904 4573 ούρανοῦ
935 4502 1196 4556 κέκλικεν
1228 4502 1304 4566 ὡς
1332 4502 1780 4575 προϐεϐλημένας
1825 4505 1920 4558 αύ-

345 4609 466 4646 του.

425 4703 445 4735 ι
475 4684 585 4738 Kal
622 4683 844 4755 ἔϐρεξεν
901 4685 1087 4750 αὐτοῖς
1143 4686 1320 4754 μάννα
1370 4686 1704 4755 φαγεῖν,καὶ
1757 4687 1924 4757 ἄρτον

331 4777 578 4848 ὀύρανοῦ
629 4777 826 4832 ἔδωκεν
861 4779 1061 4841 αὐτοῖς.
1113 4805 1184 4819 -
1215 4779 1415 4849 Ἄρτον
1457 4779 1515 4833 δὲ
1575 4780 1810 4850 ούρανοῦ
1861 4784 1925 4834 τὸ

353 4871 527 4938 μάννα
559 4871 714 4941 φησὶ,
745 4871 832 4924 διὰ
861 4870 923 4924 τὸ
959 4871 1136 4924 δοκεῖν
1167 4871 1225 4938 ἐξ
1259 4870 1494 4942 ούρανοῦ
1542 4872 1876 4941 κατάγεσθαι
1904 4889 1918 4904 ’

349 4964 380 5033 ἢ
418 4962 506 5015 τὸν
529 4963 668 5033 ἀέρα
707 4963 1153 5034 προσηγόρευσεν
1178 4963 1433 5034 οὐρανόν.
1456 4965 1530 5016 Τὸ
1549 4964 1595 5016 δ’
1625 4964 1756 5017 αὐτὸ
1785 4965 1922 5032 μάν-

350 5073 414 5108 να
435 5055 532 5109 καὶ
556 5055 722 5126 άρτον
754 5055 1005 5125 ἀγγέλων
1025 5055 1330 5127 ὠνόμασεν,
1367 5057 1442 5120 ὡς
1465 5056 1532 5110 δι’
1554 5057 1804 5124 ἀγγέλων
1833 5073 1922 5126 χο-

353 5147 590 5218 ρηγηθέν
625 5163 639 5178 ·
671 5148 830 5201 τοῦτο
857 5149 952 5202 καὶ
1000 5149 1375 5218 ἐπισιτισμὸν,
1408 5148 1658 5202 τουτέστι
1715 5149 1920 5220 τροφὴν

349 5240 564 5311 εἴρηκε.
861 5281 864 5284 ~

412 5349 446 5382 «ι
489 5330 729 5400 ’Δπῆρεν
762 5331 915 5384 νότον
947 5328 1008 5394 ἐξ
1031 5331 1410 5402 ·ούρανσῦ,καὶ
1437 5332 1716 5403 ἐπήγαγεν
1752 5334 1810 5386 ἐν
1851 5336 1917 5405 τῇ

334 5420 576 5490 ’δυνάμει
605 5421 773 5476 αὐτοῦ
820 5422 967 5477 λίϐα.
998 5442 1019 5476 ι
1053 5453 1123 5466 -
1155 5423 1416 5492 ’Δπῆρεν
1443 5425 1565 5478 ἀντὶ
1608 5425 1702 5490 τοῦ
1733 5426 1920 5495 ἀκίνη-

351 5529 467 5567 σεν.
499 5551 514 5566 .
541 5550 556 5566 .
589 5513 818 5581 ..βρέξε
845 5516 902 5568 δὲ
933 5513 1055 5570 εἶπε
1089 5516 1180 5572 διὰ
1217 5517 1278 5570 τὸ
1327 5518 1485 5588 δίκην
1525 5516 1730 5589 βροχῆς
1781 5517 1922 5572 ἀνω-

349 5607 444 5660 θεν
478 5606 701 5669 πυκνῶς
731 5608 825 5660 καὶ
856 5609 1068 5686 ωχνῶς
1101 5610 1533 5692 καταφέρεσθαι.

424 5715 444 5750 ι
479 5698 590 5752 Kal
615 5697 837 5768 ἔϐρεξεν
871 5701 958 5752 ἐπ’
1011 5701 1208 5766 αὐτοὺς
1241 5702 1374 5755 ὡσεὶ
1426 5702 1556 5773 χοῦν
1625 5703 1854 5774 σάρκας.
1895 5721 1915 5756 ι

347 5822 418 5834 -
439 5791 539 5846 Διά
555 5794 654 5864 τὴν
683 5792 965 5863 δαψίλειαν
987 5796 1080 5848 καὶ
1102 5795 1162 5848 τδ
1188 5795 1612 5868 ἀλλεπάλληλον.
1643 5797 1922 5870 Ἐμνήσθη

351 5885 408 5938 δέ
431 5885 583 5940 νότου
608 5889 700 5941 καί
719 5885 890 5956 λιϐὸς,
918 5888 1150 5962 ἐπείπερ
1177 5884 1324 5943 οὗτοι
1345 5889 1394 5944 οί
1422 5891 1616 5963 ἄνεμοι
1641 5893 1768 5958 τοὺς
1797 5892 1922 5964 θερ-

2021 600 2119 668 τῆς
2141 599 2582 671 όρτυγομήτρας.

2099 711 2116 743 ι
2150 693 2258 744 Kal
2285 690 2511 761 ἔφαγον,
2549 695 2641 746 καὶ
2666 694 3078 765 ἐνεπλήσθησαν
3105 695 3338 765 σφόδρα,
3368 699 3464 749 καὶ
3489 698 3588 765 τὴν

2021 784 2321 854 ἐπιθυμίαν
2360 785 2539 838 αύτῶν
2602 787 2832 858 ήιιεγκεν
2863 787 3069 849 αὐτοῖς.
3103 806 3122 839 ι
3162 818 3233 828 -
3264 789 3590 859 Ἑπιθυμίαν

2023 880 2119 932 νύν
2153 880 2325 947 ἔφησε
2348 879 2410 931 τὸ
2442 879 2789 947 ἀποτέλεσμα
2816 882 2914 950 τῆς
2949 879 3272 950 ἐπιθυμίας.

2091 991 2114 1023 1
2159 972 2279 1023 Ἔτι
2301 971 2400 1041 τῆς
2429 970 2683 1041 βρώσεως
2707 969 2872 1041 ούσης
2897 973 2953 1023 ἐν
2971 971 3047 1041 τῷ
3079 973 3307 1041 στόματι
3339 956 3540 1029 αὐτῶν.
3567 993 3586 1026 ι

2019 1095 2088 1106 ·-
2123 1064 2346 1127 Ἰδόντες
2378 1065 2477 1134 τὴν
2525 1063 2943 1135 ὀρτυγομήτραν
2993 1065 3094 1117 οὐκ
3151 1066 3483 1120 ἐπίστευσαν
3525 1071 3590 1138 τῇ

2020 1155 2326 1225 ἐπαγγελίᾳ
2355 1153 2450 1208 τοῦ
2479 1155 2633 1218 Θεοῦ,
2664 1154 2876 1225 ὑπεσχη
2889 1154 3048 1225 μένου
3086 1155 3250 1227 μέχρι
3279 1157 3454 1227 μηνὸς
3477 1158 3593 1210 δια-

2021 1247 2217 1315 θρέψαι
2263 1247 2460 1310 αύτοὺς
2493 1247 2551 1300 ἐν
2581 1248 2717 1316 αὐτῇ
2760 1249 2838 1312 είς
2891 1247 3234 1318 πλησμονὴν,
3274 1249 3416 1303 ἀλλά
3492 1268 3595 1316 φορ

2019 1338 2278 1406 ϐηθέντες
2311 1339 2383 1408 μή
2421 1353 2551 1392 ποτε
2598 1338 2927 1407 ἐκλείψεων,
2984 1339 3185 1409 ἔψυξαν
3233 1339 3450 1403 ἐαυτοῐς
3513 1345 3594 1400 είς

2019 1432 2292 1500 φυλακήν.
2319 1431 2411 1484 Διὸ
2449 1432 2544 1485 καί⁵
2576 1429 2826 1500 ὠργίσθη
2851 1433 2879 1485 ό
2907 1431 3037 1495 Θεὸς
3064 1434 3146 1496 είς
3175 1430 3268 1484 τὸν
3310 1432 3464 1501 λαὸν,
3498 1436 3597 1486 καὶ

2017 1526 2342 1580 ἀπέκτεινεν
2395 1527 2453 1578 ἐν
2500 1527 2699 1597 χολέρᾳ
2757 1524 2990 1588 πολλούς
3022 1540 3038 1556 ·
3095 1527 3157 1577 τὸ
3210 1524 3320 1596 γὰρ
3371 1527 3431 1579 ἐν
3481 1528 3598 1588 τοῖς

2017 1618 2263 1673 πλείοσιν
2295 1621 2414 1691 ήτοι
2445 1620 2571 1683 τοὺς
2627 1619 2877 1682 πλείονας
2948 1621 3302 1689 συγκριτικὸν
3337 1617 3420 1682 δν,
3473 1618 3601 1671 ἀντὶ

2019 1711 2191 1767 ἁπλοῦ
2218 1714 2364 1766 ἐστὶν
2395 1712 2651 1768 ἐνταῦθα.
2688 1712 3007 1775 Ἐκλεκτοὺς
3029 1712 3086 1764 δὲ
3113 1711 3342 1774 ἑαυτοὺς
3370 1713 3598 1782 εἴρηκε,

2015 1805 2092 1870 ὥς
2118 1805 2473 1873 ἐπιλεγέντας
2497 1806 2578 1869 είς
2606 1805 2665 1857 τὸ
2693 1804 3162 1874 παρατάττεσθαι.

2093 1914 2112 1947 ι
2149 1895 2238 1949 Ἑν
2269 1897 2406 1950 πᾶσι
2457 1897 2669 1959 τούτοις
2699 1895 2951 1967 ἥμαρτον
3007 1895 3090 1948 ἐτι
3125 1911 3140 1926 ο
3174 1896 3270 1949 xal
3322 1895 3425 1949 ούκ
3449 1935 3452 1938 .
3478 1895 3603 1948 ἐπί-

2017 2006 2252 2046 στευσαν
2283 1991 2341 2044 ἐν
2372 1992 2483 2054 τοῖς
2532 1989 2861 2055 θαυμασίοις
2904 1989 3099 2043 αὐτοῦ.
3139 2006 3158 2039 ι
3184 2019 3250 2030 -
3273 1988 3367 2041 Ἐν
3426 1991 3606 2041 πᾶσιν

2015 2079 2094 2144 οἷς
2126 2099 2185 2134 τε
2213 2082 2631 2153 εύηργετοῦντο,
2665 2077 2745 2145 οἷς
2773 2096 2832 2134 τε
2862 2081 3200 2145 ἐκολάζοντο,
3232 2081 3492 2150 ἥμαρτον
3519 2081 3604 2131 ἑτι

2017 2176 2153 2231 ἄλλα
2185 2192 2244 2230 τε
2272 2175 2445 2230 πολλά
2475 2175 2570 2230 καὶ
2592 2176 2674 2229 ὅτι
2713 2173 3020 2228 ἐδειλίασαν
3078 2175 3206 2236 τοὺς
3245 2173 3606 2234 ἐνοικοῦντας

2015 2270 2081 2338 τῇ
2115 2272 2184 2338 γῇ
2213 2270 2310 2339 τῆς
2337 2268 2694 2337 ἐπαγγελίας,
2719 2266 2796 2338 μὴ
2819 2266 3194 2337 θαρρήσαντες
3223 2264 3300 2334 τῷ
3330 2266 3610 2334 ἐπαγγει-

2015 2363 2234 2432 λαμένῳ
2266 2361 2406 2429 Θεῷ.

2097 2477 2116 2510 ι
2156 2458 2265 2512 Kal
2300 2457 2548 2522 ἐξέλιπον
2575 2457 2632 2511 ἐν
2657 2456 2981 2526 ματαιότητι
3013 2453 3071 2508 αἱ
3101 2453 3304 2525 ἡμέραι
3328 2452 3541 2506 αὐτῶν.
3577 2472 3599 2504 ο

2017 2581 2086 2593 --
2123 2551 2212 2603 Ἐν
2241 2548 2442 2620 ἀταξίᾳ
2470 2548 2652 2602 καλῶν
2686 2547 2780 2601 καὶ
2805 2548 2863 2600 ἐν
2895 2546 3213 2616 ἐπιθυμίαις
3239 2549 3550 2614 σαρκικαῖς
3585 2563 3603 2576 ο

2022 2646 2157 2714 μόνα
2185 2644 2293 2713 γάρ
2343 2641 2515 2696 ταῦτα
2571 2640 2856 2705 διώκοντες
2926 2640 2985 2694 ἐν
3049 2642 3114 2712 τῇ
3147 2641 3344 2710 ἐρήμῳ
3383 2640 3601 2700 πάντες

2019 2737 2316 2792 ἀπώλοντο.

2097 2850 2116 2884 ι
2151 2829 2258 2884 Kal
2293 2829 2362 2883 τά
2391 2829 2485 2900 ἐτη
2523 2827 2702 2882 αὐτῶν
2757 2827 2896 2899 μετά
2953 2825 3208 2896 σπουδῆς.
3251 2845 3271 2878 ι
3308 2855 3379 2866 —
3407 2826 3604 2879 Εἰπὼν

2013 2923 2164 2994 μετὰ
2201 2920 2484 2990 σπουδῆς
2510 2921 2571 2974 τὸ
2607 2922 2744 2994 ταχὺ
2779 2921 2869 2973 τοῦ
2904 2919 3130 2975 θανάτου
3157 2918 3456 2990 ἐδήλωσεν.

2095 3032 2113 3066 ι
2145 3015 2319 3067 Ὅταν
2353 3015 2681 3067 ἀπέκτεινεν
2714 3010 2936 3073 αὐτοὺς,
2963 3010 3084 3061 τότε
3141 3007 3445 3076 ἐξεζήτουν
3503 3006 3605 3060 αύο

2020 3107 2131 3162 τόν.
2172 3126 2189 3159 ι
2225 3136 2296 3145 -—
2321 3103 2791 3176 Εύεργετούμενοι
2821 3101 2922 3172 μὲν
2951 3101 3050 3156 οὐκ
3077 3100 3400 3172 ᾐσθάνοντο,
3433 3100 3607 3152 κολα-

2018 3201 2232 3270 ζόμενοι
2267 3201 2323 3254 δέ
2356 3197 2720 3268 ἐσωφρόνουν.
3263 3197 3272 3205 ’

2097 3313 2118 3348 ε
2161 3296 2272 3349 Kal
2299 3293 2602 3363 ἠγάπησαν
2633 3289 2795 3345 αύτδν
2840 3292 2898 3343 ἐν
2927 3287 3004 3359 τῷ
3050 3288 3276 3356 στόματι
3324 3285 3542 3339 αὐτῶν.
3581 3305 3602 3338 ι

2022 3418 2090 3430 ——
2119 3389 2232 3442 Ούκ
2255 3387 2360 3440 ἀπὸ
2406 3384 2698 3447 διαθέσεως
2749 3382 2996 3450 καρδίας,
3027 3380 3161 3438 άλλά
3192 3379 3376 3446 λόγοις
3411 3381 3609 3448 μόνοις

2021 3483 2312 3550 εὐφήμοις.

2101 3594 2120 3626 ε
2153 3575 2262 3628 Kal
2290 3575 2356 3644 τῇ
2383 3571 2598 3642 γλώσσῃ
2624 3569 2804 3623 αὐτῶν
2826 3567 3124 3636 ἐψεύσαντο
3152 3564 3324 3637 αύτῷ.
3357 3583 3376 3615 ι
3402 3596 3478 3609 -
3503 3566 3611 3618 A6-

2022 3685 2104 3738 γῳ
2135 3667 2234 3738 μὲν
2266 3663 2726 3734 ἐπαγγελλόμενοι
2759 3660 3040 3714 πιστεύειν
3065 3659 3214 3731 αύτῷ
3263 3659 3361 3712 καὶ
3406 3659 3609 3712 πείθε-

2023 3759 2173 3824 σθαι,
2208 3757 2357 3829 ἔργῳ
2396 3759 2452 3810 δὲ
2485 3757 2858 3820 ἀπειθοῦντες.

2097 3870 2116 3903 ι
2161 3851 2228 3905 Ἠ
2257 3853 2312 3905 δέ
2339 3851 2538 3922 καρδία
2571 3851 2754 3905 αὐτῶν
2787 3851 2887 3904 ούκ
2917 3849 3104 3905 εύθεῖα
3129 3849 3247 3919 μετ’
3276 3847 3478 3912 αὐτοῦ,
3513 3850 3613 3902 καὶ

2021 3945 2123 3997 οὐκ
2154 3943 2542 4009 ἐπιστώθησαν
2605 3945 2662 3996 ἐν
2699 3947 2766 4014 τῇ
2820 3943 3054 4016 διαθήκη
3115 3940 3303 3997 αὑτοῦ.
3329 3960 3350 3993 ι
3381 3969 3458 3984 —
3493 3944 3616 3995 Ούι

2022 4035 2232 4101 εύθεῖα,
2294 4035 2394 4086 ούκ
2448 4033 2586 4106 ὀρθὴ
2641 4034 2776 4104 πρὸς
2831 4034 2892 4087 τὸ
2948 4033 3225 4088 πιστεύειν
3273 4033 3451 4104 αύτῷ,
3492 4037 3614 4089 Οὐκ

2022 4127 2352 4181 ἐπίστευσαν
2384 4120 2464 4190 οἷς
2496 4127 2869 4198 ἐπηγγείλατο
2892 4128 3101 4189 αὐτοῖς.

2099 4238 2118 4274 ι
2154 4219 2327 4284 Αὐτὸς
2361 4219 2417 4274 δέ
2443 4221 2594 4274 ἐστιν
2626 4223 2654 4273 ὁ
2683 4219 3011 4291 οίκτίρμων,
3042 4220 3133 4273 καὶ
3179 4220 3434 4273 ίλάσεται
3488 4229 3613 4284 ταῖς

2022 4315 2323 4386 ἁμαρτίαις
2354 4314 2557 4379 αὐτῶν,
2590 4314 2684 4367 καὶ
2725 4315 2783 4367 ού
2816 4315 3118 4384 διαφθερεῖ.
3151 4331 3169 4364 ι
3209 4342 3270 4352 -
3319 4315 3618 4384 ’Δντιχρο-

2021 4405 2208 4472 νικῶς,
2241 4409 2520 4462 τουτέστιν
2548 4407 2769 4463 ίλάσατο
2800 4410 2896 4462 καὶ
2923 4408 2982 4462 ού
3029 4408 3338 4479 διέφθειρεν
3369 4411 3546 4473 εὐθὺς
3577 4412 3612 4480 ἢ

2024 4499 2105 4564 είς
2136 4501 2314 4564 τέλος.

1951 4587 2000 4646 ο
2099 4609 2119 4644 ι
2157 4594 2266 4647 Kal
2299 4593 2562 4664 πληθυνεῖ
2594 4593 2687 4648 τοῦ
2740 4595 3076 4665 ἀποστρέψαι
3121 4596 3212 4647 τὸν
3267 4595 3451 4665 θυμὸν
3515 4599 3616 4649 ab-

2025 4685 2140 4740 τοῦ.
2186 4703 2205 4738 ι
2231 4715 2302 4725 -
2346 4685 2735 4762 Ἐλλειπτικῶς
2779 4687 2877 4741 καὶ
2903 4688 3211 4755 ἐπλήθυνε
3241 4691 3302 4742 τὸ
3328 4693 3617 4762 οἰκτεῖραι

2022 4780 2290 4850 δηλονότι,
2327 4779 2508 4833 είτουν
2541 4780 2660 4834 λίαν
2695 4781 2892 4844 αὐτοὺς
2943 4780 3228 4852 ᾤκτειρεν,
3261 4783 3407 4836 ὥστε
3465 4789 3615 4838 ἀπο·-

2023 4873 2255 4943 στρέψαι
2288 4873 2380 4925 τὸν
2413 4873 2583 4942 θυμὸν
2612 4873 2800 4927 αὐτοῦ.

2097 4985 2117 5016 ε
2165 4964 2267 5019 Kal
2297 4965 2544 5035 ἐμνήσθη
2574 4966 2656 5020 ὅτι
2713 4966 2848 5037 σάρξ
2875 4967 3002 5032 είσι,
3038 4967 3257 5034 πνεῦμα
3291 4971 3620 5038 stupenda:-

2021 5074 2111 5112 νον
2143 5057 2235 5112 καὶΙ
2281 5059 2383 5112 ούκ
2441 5060 2770 5130 ἐπιστρέφον
2825 5078 2842 5110 ι
2883 5088 2954 5101 ——
2987 5060 3198 5132 Ὠσπερ
3230 5063 3264 5132 ή
3303 5063 3450 5135 λήθη
3512 5068 3622 5136 τῆς

2022 5150 2286 5221 συνήθους
2308 5153 2646 5220 προστασίας
2686 5150 2956 5225 ἀναϐολήν
2996 5154 3401 5221 ύπαινίττεται,
3465 5158 3626 5212 οὕτω

2019 5243 2086 5316 δὴ
2112 5244 2203 5297 καί
2233 5247 2265 5316 ή
2297 5247 2488 5316 μνήμη
2513 5245 2612 5315 τὴν
2643 5245 2898 5315 ἐξαίφνης
2921 5247 3229 5318 ἀντίληψιν.
3278 5249 3627 5307 Ἀντελάϐεο

2019 5353 2082 5390 το
2109 5335 2260 5406 γοῦν,
2341 5339 2424 5391 ὅτι
2458 5340 2594 5410 σὰρξ
2629 5336 2771 5412 ἦσαν
2802 5340 3038 5411 ἀσθενὴς
3070 5343 3164 5396 καὶ
3227 5343 3629 5418 ὀλιγοχρόνιος

2020 5429 2115 5483 καὶ
2155 5429 2374 5499 πνεῦμα
2411 5431 2812 5502 μεθιστάμενον
2844 5434 3117 5503 ἐντεῦθεν,
3151 5437 3246 5491 καὶ
3302 5440 3514 5496 οὐκέτι
3569 5445 3631 5497 ἐν

2021 5521 2096 5592 τῷ
2135 5521 2234 5592 βίῳ
2263 5521 2437 5594 τούτῳ
2471 5524 2851 5581 παλινοστοῦν.

2101 5632 2120 5666 ι
2159 5615 2270 5668 Kal
2300 5616 2646 5688 ἐπέστρεψαν
2695 5619 2789 5691 καὶ
2820 5619 3119 5691 ἐπείρασαν
3161 5623 3256 5678 τὸν
3297 5624 3443 5680 Θτόν
3474 5639 3490 5656 ⁸
3531 5632 3634 5682 καὶ

2018 5707 2112 5760 τὸν
2143 5707 2297 5774 ἅγιον
2334 5707 2430 5761 τοῦ
2476 5681 2735 5780 ’Ἰσραὴλδ
2777 5681 3124 5783 παρώξυναν.
3159 5732 3180 5768 ι
3204 5745 3273 5756 -
3306 5717 3636 5791 Ἀπία-τρε-

2021 5798 2126 5868 ψαν
2161 5799 2268 5852 ἀπὸ
2297 5801 2395 5870 τῆς
2436 5803 2707 5873 προτέρας
2743 5804 2944 5868 κακίας
2976 5807 3062 5875 ἐφ’
3093 5807 3318 5878 ἐτέρας,
3360 5812 3485 5862 ἀπὸ
3534 5811 3632 5864 τοῦ

2022 5889 2315 5960 γογγύξειν
2341 5895 2434 5948 ἐπὶ
2456 5895 2516 5948 τὺ
2542 5895 2859 5966 δπκιμάζειν
2882 5896 2979 5968 τὴν
3023 5899 3257 5971 δύναμιν
3317 5899 3415 5955 τοῦ
3448 5901 3631 5959 Θεοῦ.

3775 1085 3777 1166 ί
