  <div class='ocr_page' id='page_1' title='image "/cluster/home/n/w/nwhite01/storage/ocr_20150623/142/hvd.32044012457388/768.png"; bbox 0 0 3806 6356; ppageno 0'>
   <div class='ocr_carea' id='block_1_1' title="bbox 272 398 410 465">
    <p class='ocr_par' dir='ltr' id='par_1_1' title="bbox 272 398 410 465">
     <span class='ocr_line' id='line_1_1' title="bbox 272 398 410 465; baseline -0.022 0"><span class='ocrx_word' id='word_1_1' title='bbox 272 398 410 465; x_wconf 66' lang='grc'>1595</span> 
     </span>
    </p>
   </div>
   <div class='ocr_carea' id='block_1_2' title="bbox 1433 408 2375 475">
    <p class='ocr_par' dir='ltr' id='par_1_2' title="bbox 1433 408 2375 475">
     <span class='ocr_line' id='line_1_2' title="bbox 1433 408 2375 475; baseline 0.005 -5"><span class='ocrx_word' id='word_1_2' title='bbox 1433 408 1845 472; x_wconf 80' lang='lat' dir='ltr'>EXPOSITIO</span> <span class='ocrx_word' id='word_1_3' title='bbox 1885 412 1970 474; x_wconf 87' lang='lat' dir='ltr'>IN</span> <span class='ocrx_word' id='word_1_4' title='bbox 2012 411 2375 475; x_wconf 75' lang='lat' dir='ltr'>PSALM&#39;OS.</span> 
     </span>
    </p>
   </div>
   <div class='ocr_carea' id='block_1_3' title="bbox 3375 417 3509 480">
    <p class='ocr_par' dir='ltr' id='par_1_3' title="bbox 3375 417 3509 480">
     <span class='ocr_line' id='line_1_3' title="bbox 3375 417 3509 480; baseline -0.03 0"><span class='ocrx_word' id='word_1_5' title='bbox 3375 417 3509 480; x_wconf 69' lang='lat'>1526</span> 
     </span>
    </p>
   </div>
   <div class='ocr_carea' id='block_1_4' title="bbox 260 515 3507 602">
    <p class='ocr_par' dir='ltr' id='par_1_4' title="bbox 260 515 3507 602">
     <span class='ocr_line' id='line_1_4' title="bbox 260 515 3507 602; baseline 0.006 -35"><span class='ocrx_word' id='word_1_6' title='bbox 260 545 332 556; x_wconf 90' lang='lat'>-—</span> <span class='ocrx_word' id='word_1_7' title='bbox 362 515 652 587; x_wconf 68' lang='grc' dir='ltr'>Παρρησίᾳ</span> <span class='ocrx_word' id='word_1_8' title='bbox 689 517 797 587; x_wconf 80' lang='grc' dir='ltr'>βοῶ</span> <span class='ocrx_word' id='word_1_9' title='bbox 858 536 940 574; x_wconf 89' lang='grc' dir='ltr'>σοι</span> <span class='ocrx_word' id='word_1_10' title='bbox 992 521 1087 575; x_wconf 73' lang='grc' dir='ltr'>καὶ</span> <span class='ocrx_word' id='word_1_11' title='bbox 1135 523 1508 594; x_wconf 77' lang='grc' dir='ltr'>ἐμμαρτύρως</span> <span class='ocrx_word' id='word_1_12' title='bbox 1576 524 1682 592; x_wconf 81' lang='grc' dir='ltr'>ότι,</span> <span class='ocrx_word' id='word_1_13' title='bbox 1741 526 1833 580; x_wconf 83' lang='grc' dir='ltr'>ἐάν</span> <span class='ocrx_word' id='word_1_14' title='bbox 1865 529 1906 589; x_wconf 70' lang='grc' dir='ltr'><strong>Δ</strong></span> <span class='ocrx_word' id='word_1_15' title='bbox 1941 527 2214 596; x_wconf 86' lang='grc' dir='ltr'>ρεύονται.</span> <span class='ocrx_word' id='word_1_16' title='bbox 2257 549 2276 582; x_wconf 75' lang='grc' dir='ltr'>ι</span> <span class='ocrx_word' id='word_1_17' title='bbox 2335 559 2405 570; x_wconf 85' lang='grc'><strong><em>-</em></strong></span> <span class='ocrx_word' id='word_1_18' title='bbox 2434 527 2507 584; x_wconf 89' lang='lat' dir='ltr'><em>T6</em></span> <span class='ocrx_word' id='word_1_19' title='bbox 2528 529 2601 585; x_wconf 84' lang='grc' dir='ltr'><strong>οὐ</strong></span> <span class='ocrx_word' id='word_1_20' title='bbox 2642 529 2932 600; x_wconf 81' lang='grc' dir='ltr'>συνῆκαν</span> <span class='ocrx_word' id='word_1_21' title='bbox 2966 529 3313 602; x_wconf 79' lang='grc' dir='ltr'>σαφηνισμός</span> <span class='ocrx_word' id='word_1_22' title='bbox 3367 533 3507 586; x_wconf 72' lang='grc' dir='ltr'>ἐστι.</span> 
     </span>
    </p>
   </div>
   <div class='ocr_carea' id='block_1_5' title="bbox 257 606 1832 690">
    <p class='ocr_par' dir='ltr' id='par_1_5' title="bbox 257 606 1832 690">
     <span class='ocr_line' id='line_1_5' title="bbox 257 606 1832 690; baseline 0.008 -29"><span class='ocrx_word' id='word_1_23' title='bbox 257 606 503 677; x_wconf 80' lang='grc' dir='ltr'>ἀκούσῃς</span> <span class='ocrx_word' id='word_1_24' title='bbox 525 609 616 661; x_wconf 71' lang='grc' dir='ltr'>τὸν</span> <span class='ocrx_word' id='word_1_25' title='bbox 647 609 806 678; x_wconf 85' lang='grc' dir='ltr'>λόγον</span> <span class='ocrx_word' id='word_1_26' title='bbox 839 627 942 680; x_wconf 86' lang='grc' dir='ltr'>μου</span> <span class='ocrx_word' id='word_1_27' title='bbox 975 613 1069 667; x_wconf 72' lang='grc' dir='ltr'>καὶ</span> <span class='ocrx_word' id='word_1_28' title='bbox 1093 613 1394 688; x_wconf 80' lang='grc' dir='ltr'>πιστεύσῃς</span> <span class='ocrx_word' id='word_1_29' title='bbox 1445 619 1523 682; x_wconf 83' lang='grc' dir='ltr'>είς</span> <span class='ocrx_word' id='word_1_30' title='bbox 1589 620 1692 690; x_wconf 75' lang='grc' dir='ltr'>ἐμὲ</span> <span class='ocrx_word' id='word_1_31' title='bbox 1736 621 1832 673; x_wconf 79' lang='grc' dir='ltr'>καὶ</span> 
     </span>
    </p>
   </div>
   <div class='ocr_carea' id='block_1_6' title="bbox 258 701 1835 778">
    <p class='ocr_par' dir='ltr' id='par_1_6' title="bbox 258 701 1835 778">
     <span class='ocr_line' id='line_1_6' title="bbox 258 701 1835 778; baseline 0.01 -26"><span class='ocrx_word' id='word_1_32' title='bbox 258 701 474 772; x_wconf 82' lang='grc' dir='ltr'>γνωσθῇ</span> <span class='ocrx_word' id='word_1_33' title='bbox 497 702 628 767; x_wconf 82' lang='grc' dir='ltr'>Θεὸς</span> <span class='ocrx_word' id='word_1_34' title='bbox 658 705 714 758; x_wconf 80' lang='grc' dir='ltr'>ἐν</span> <span class='ocrx_word' id='word_1_35' title='bbox 742 706 824 760; x_wconf 74' lang='grc' dir='ltr'>σοὶ</span> <span class='ocrx_word' id='word_1_36' title='bbox 852 707 976 762; x_wconf 85' lang='grc' dir='ltr'>κατ’</span> <span class='ocrx_word' id='word_1_37' title='bbox 994 707 1312 778; x_wconf 87' lang='grc' dir='ltr'>ἐπίγνωσιν,</span> <span class='ocrx_word' id='word_1_38' title='bbox 1355 712 1457 766; x_wconf 81' lang='grc' dir='ltr'>οὐκ</span> <span class='ocrx_word' id='word_1_39' title='bbox 1483 713 1634 767; x_wconf 77' lang='grc' dir='ltr'>ἔσται</span> <span class='ocrx_word' id='word_1_40' title='bbox 1662 715 1720 767; x_wconf 83' lang='grc' dir='ltr'>ἐν</span> <span class='ocrx_word' id='word_1_41' title='bbox 1749 714 1835 769; x_wconf 72' lang='grc' dir='ltr'>σοὶ</span> 
     </span>
    </p>
   </div>
   <div class='ocr_carea' id='block_1_7' title="bbox 259 793 1834 874">
    <p class='ocr_par' dir='ltr' id='par_1_7' title="bbox 259 793 1834 874">
     <span class='ocr_line' id='line_1_7' title="bbox 259 793 1834 874; baseline 0.01 -28"><span class='ocrx_word' id='word_1_42' title='bbox 259 793 381 857; x_wconf 84' lang='grc' dir='ltr'>θεός</span> <span class='ocrx_word' id='word_1_43' title='bbox 408 813 494 860; x_wconf 85' lang='grc' dir='ltr'><strong>τις</strong></span> <span class='ocrx_word' id='word_1_44' title='bbox 534 798 650 859; x_wconf 83' lang='grc' dir='ltr'>νέος</span> <span class='ocrx_word' id='word_1_45' title='bbox 675 799 834 864; x_wconf 79' lang='grc' dir='ltr'>ἄλλος</span> <span class='ocrx_word' id='word_1_46' title='bbox 855 802 1005 872; x_wconf 85' lang='grc' dir='ltr'>παρά</span> <span class='ocrx_word' id='word_1_47' title='bbox 1031 803 1121 856; x_wconf 73' lang='grc' dir='ltr'>τὸν</span> <span class='ocrx_word' id='word_1_48' title='bbox 1151 805 1375 874; x_wconf 89' lang='grc' dir='ltr'>πρῶτόν</span> <span class='ocrx_word' id='word_1_49' title='bbox 1397 823 1491 860; x_wconf 89' lang='grc' dir='ltr'>σου</span> <span class='ocrx_word' id='word_1_50' title='bbox 1523 806 1678 874; x_wconf 79' lang='grc' dir='ltr'>Θεὸν,</span> <span class='ocrx_word' id='word_1_51' title='bbox 1714 807 1834 862; x_wconf 85' lang='grc' dir='ltr'>ούδὲ</span> 
     </span>
    </p>
   </div>
   <div class='ocr_carea' id='block_1_8' title="bbox 261 889 1833 970">
    <p class='ocr_par' dir='ltr' id='par_1_8' title="bbox 261 889 1833 970">
     <span class='ocr_line' id='line_1_8' title="bbox 261 889 1833 970; baseline 0.01 -32"><span class='ocrx_word' id='word_1_52' title='bbox 261 889 644 957; x_wconf 69' lang='grc' dir='ltr'>προσκυνήσας</span> <span class='ocrx_word' id='word_1_53' title='bbox 690 891 814 961; x_wconf 74' lang='grc' dir='ltr'>ἐμοὶ</span> <span class='ocrx_word' id='word_1_54' title='bbox 870 891 1004 963; x_wconf 80' lang='grc' dir='ltr'>ξένῳ</span> <span class='ocrx_word' id='word_1_55' title='bbox 1053 897 1459 968; x_wconf 81' lang='grc' dir='ltr'>προσκυνήσεις</span> <span class='ocrx_word' id='word_1_56' title='bbox 1535 899 1646 969; x_wconf 86' lang='grc' dir='ltr'>θεῷ</span> <span class='ocrx_word' id='word_1_57' title='bbox 1697 900 1833 970; x_wconf 86' lang='grc' dir='ltr'>παρ’</span> 
     </span>
    </p>
   </div>
   <div class='ocr_carea' id='block_1_9' title="bbox 257 975 1832 1061">
    <p class='ocr_par' dir='ltr' id='par_1_9' title="bbox 257 975 1832 1061">
     <span class='ocr_line' id='line_1_9' title="bbox 257 975 1832 1061; baseline 0.011 -34"><span class='ocrx_word' id='word_1_58' title='bbox 257 975 318 1028; x_wconf 81' lang='grc' dir='ltr'>ὃν</span> <span class='ocrx_word' id='word_1_59' title='bbox 339 979 710 1049; x_wconf 84' lang='grc' dir='ltr'>προσεκύνουν</span> <span class='ocrx_word' id='word_1_60' title='bbox 767 985 816 1037; x_wconf 76' lang='grc' dir='ltr'><strong>οἱ</strong></span> <span class='ocrx_word' id='word_1_61' title='bbox 855 985 1095 1056; x_wconf 72' lang='grc' dir='ltr'>πατέρες</span> <span class='ocrx_word' id='word_1_62' title='bbox 1133 1003 1250 1040; x_wconf 78' lang='grc' dir='ltr'>σουο</span> <span class='ocrx_word' id='word_1_63' title='bbox 1284 989 1452 1052; x_wconf 84' lang='grc' dir='ltr'>αύτδς</span> <span class='ocrx_word' id='word_1_64' title='bbox 1488 991 1596 1061; x_wconf 79' lang='grc' dir='ltr'>γὰρ</span> <span class='ocrx_word' id='word_1_65' title='bbox 1654 993 1763 1059; x_wconf 85' lang='grc' dir='ltr'>ἐγὼ</span> <span class='ocrx_word' id='word_1_66' title='bbox 1804 991 1832 1045; x_wconf 90' lang='lat'>6</span> 
     </span>
    </p>
   </div>
   <div class='ocr_carea' id='block_1_10' title="bbox 258 1067 1834 1150">
    <p class='ocr_par' dir='ltr' id='par_1_10' title="bbox 258 1067 1834 1150">
     <span class='ocr_line' id='line_1_10' title="bbox 258 1067 1834 1150; baseline 0.009 -28"><span class='ocrx_word' id='word_1_67' title='bbox 258 1067 354 1123; x_wconf 86' lang='grc' dir='ltr'>νῦν</span> <span class='ocrx_word' id='word_1_68' title='bbox 386 1072 468 1135; x_wconf 87' lang='grc' dir='ltr'>είς</span> <span class='ocrx_word' id='word_1_69' title='bbox 493 1071 594 1144; x_wconf 77' lang='grc' dir='ltr'>τὴν</span> <span class='ocrx_word' id='word_1_70' title='bbox 627 1073 768 1146; x_wconf 79' lang='grc' dir='ltr'>ἐμὴν</span> <span class='ocrx_word' id='word_1_71' title='bbox 798 1077 1099 1146; x_wconf 84' lang='grc' dir='ltr'>ἐπίγνωσίν</span> <span class='ocrx_word' id='word_1_72' title='bbox 1151 1096 1212 1132; x_wconf 90' lang='grc' dir='ltr'>τε</span> <span class='ocrx_word' id='word_1_73' title='bbox 1252 1089 1348 1135; x_wconf 79' lang='grc' dir='ltr'>καὶ</span> <span class='ocrx_word' id='word_1_74' title='bbox 1380 1081 1569 1135; x_wconf 88' lang='grc' dir='ltr'>πίστιν</span> <span class='ocrx_word' id='word_1_75' title='bbox 1619 1081 1834 1150; x_wconf 84' lang='grc' dir='ltr'>ἐνάγων</span> 
     </span>
    </p>
   </div>
   <div class='ocr_carea' id='block_1_11' title="bbox 260 1162 1832 1240">
    <p class='ocr_par' dir='ltr' id='par_1_11' title="bbox 260 1162 1832 1240">
     <span class='ocr_line' id='line_1_11' title="bbox 260 1162 1832 1240; baseline 0.011 -28"><span class='ocrx_word' id='word_1_76' title='bbox 260 1179 343 1226; x_wconf 87' lang='grc' dir='ltr'>σε,</span> <span class='ocrx_word' id='word_1_77' title='bbox 369 1162 532 1226; x_wconf 81' lang='grc' dir='ltr'>αὐτός</span> <span class='ocrx_word' id='word_1_78' title='bbox 555 1167 670 1234; x_wconf 85' lang='grc' dir='ltr'>εῖμι</span> <span class='ocrx_word' id='word_1_79' title='bbox 697 1166 917 1236; x_wconf 89' lang='grc' dir='ltr'>πρῶτος</span> <span class='ocrx_word' id='word_1_80' title='bbox 943 1169 1074 1234; x_wconf 91' lang='grc' dir='ltr'>Θεός</span> <span class='ocrx_word' id='word_1_81' title='bbox 1093 1185 1212 1236; x_wconf 85' lang='grc' dir='ltr'>σου,</span> <span class='ocrx_word' id='word_1_82' title='bbox 1245 1173 1302 1237; x_wconf 90' lang='lat'><strong>6;</strong></span> <span class='ocrx_word' id='word_1_83' title='bbox 1322 1190 1406 1240; x_wconf 87' lang='grc' dir='ltr'>σε,</span> <span class='ocrx_word' id='word_1_84' title='bbox 1439 1174 1690 1228; x_wconf 82' lang='grc' dir='ltr'>τουτέστι</span> <span class='ocrx_word' id='word_1_85' title='bbox 1707 1177 1832 1240; x_wconf 76' lang='grc' dir='ltr'>τοὺς</span> 
     </span>
    </p>
   </div>
   <div class='ocr_carea' id='block_1_12' title="bbox 259 1254 1832 1337">
    <p class='ocr_par' dir='ltr' id='par_1_12' title="bbox 259 1254 1832 1337">
     <span class='ocr_line' id='line_1_12' title="bbox 259 1254 1832 1337; baseline 0.01 -31"><span class='ocrx_word' id='word_1_86' title='bbox 259 1254 388 1320; x_wconf 83' lang='grc' dir='ltr'>σοὺς</span> <span class='ocrx_word' id='word_1_87' title='bbox 431 1258 679 1329; x_wconf 76' lang='grc' dir='ltr'>πατέρας</span> <span class='ocrx_word' id='word_1_88' title='bbox 729 1263 793 1315; x_wconf 79' lang='grc' dir='ltr'>ἐκ</span> <span class='ocrx_word' id='word_1_89' title='bbox 844 1263 942 1333; x_wconf 82' lang='grc' dir='ltr'>τῆς</span> <span class='ocrx_word' id='word_1_90' title='bbox 990 1263 1278 1333; x_wconf 76' lang='grc' dir='ltr'>Αἰγύπτου</span> <span class='ocrx_word' id='word_1_91' title='bbox 1321 1266 1614 1337; x_wconf 61' lang='grc' dir='ltr'>ἀναγαγὼν</span> <span class='ocrx_word' id='word_1_92' title='bbox 1667 1269 1832 1333; x_wconf 82' lang='grc' dir='ltr'>αὑτός</span> 
     </span>
    </p>
   </div>
   <div class='ocr_carea' id='block_1_13' title="bbox 258 1349 1832 1436">
    <p class='ocr_par' dir='ltr' id='par_1_13' title="bbox 258 1349 1832 1436">
     <span class='ocr_line' id='line_1_13' title="bbox 258 1349 1832 1436; baseline 0.013 -38"><span class='ocrx_word' id='word_1_93' title='bbox 258 1349 375 1416; x_wconf 83' lang='grc' dir='ltr'>εἰμι</span> <span class='ocrx_word' id='word_1_94' title='bbox 414 1351 509 1404; x_wconf 76' lang='grc' dir='ltr'>καὶ</span> <span class='ocrx_word' id='word_1_95' title='bbox 555 1354 652 1424; x_wconf 85' lang='grc' dir='ltr'><strong>οὐχ</strong></span> <span class='ocrx_word' id='word_1_96' title='bbox 695 1355 908 1426; x_wconf 75' lang='grc' dir='ltr'>ἕτερος,</span> <span class='ocrx_word' id='word_1_97' title='bbox 967 1360 1017 1413; x_wconf 90' lang='grc' dir='ltr'>εἰ</span> <span class='ocrx_word' id='word_1_98' title='bbox 1068 1360 1164 1413; x_wconf 84' lang='grc' dir='ltr'>καὶ</span> <span class='ocrx_word' id='word_1_99' title='bbox 1257 1360 1433 1431; x_wconf 80' lang='grc' dir='ltr'><strong>σάρκα</strong></span> <span class='ocrx_word' id='word_1_100' title='bbox 1485 1364 1832 1436; x_wconf 85' lang='grc' dir='ltr'>προσείληφα</span> 
     </span>
    </p>
   </div>
   <div class='ocr_carea' id='block_1_14' title="bbox 255 1438 467 1498">
    <p class='ocr_par' dir='ltr' id='par_1_14' title="bbox 255 1438 467 1498">
     <span class='ocr_line' id='line_1_14' title="bbox 255 1438 467 1498; baseline 0.038 -8"><span class='ocrx_word' id='word_1_101' title='bbox 255 1438 343 1493; x_wconf 80' lang='grc' dir='ltr'>διὰ</span> <span class='ocrx_word' id='word_1_102' title='bbox 371 1443 427 1495; x_wconf 78' lang='grc' dir='ltr'>σέ</span> <span class='ocrx_word' id='word_1_103' title='bbox 453 1483 467 1498; x_wconf 92' lang='grc'>.</span> 
     </span>
    </p>
   </div>
   <div class='ocr_carea' id='block_1_15' title="bbox 335 1538 1824 1621">
    <p class='ocr_par' dir='ltr' id='par_1_15' title="bbox 335 1538 1824 1621">
     <span class='ocr_line' id='line_1_15' title="bbox 335 1538 1824 1621; baseline 0.013 -33"><span class='ocrx_word' id='word_1_104' title='bbox 335 1554 355 1587; x_wconf 83' lang='grc' dir='ltr'>ι</span> <span class='ocrx_word' id='word_1_105' title='bbox 395 1538 674 1594; x_wconf 83' lang='grc' dir='ltr'>Πλάτυνον</span> <span class='ocrx_word' id='word_1_106' title='bbox 701 1541 761 1596; x_wconf 80' lang='grc' dir='ltr'>τὸ</span> <span class='ocrx_word' id='word_1_107' title='bbox 797 1543 974 1615; x_wconf 82' lang='grc' dir='ltr'><strong>στόμα</strong></span> <span class='ocrx_word' id='word_1_108' title='bbox 1004 1563 1124 1613; x_wconf 85' lang='grc' dir='ltr'>σου,</span> <span class='ocrx_word' id='word_1_109' title='bbox 1179 1549 1272 1601; x_wconf 69' lang='grc' dir='ltr'>καὶ</span> <span class='ocrx_word' id='word_1_110' title='bbox 1304 1547 1583 1621; x_wconf 89' lang='grc' dir='ltr'>πληρώσω</span> <span class='ocrx_word' id='word_1_111' title='bbox 1606 1548 1760 1605; x_wconf 80' lang='grc' dir='ltr'>αὑτό.</span> <span class='ocrx_word' id='word_1_112' title='bbox 1804 1568 1824 1608; x_wconf 70' lang='grc' dir='ltr'>ι</span> 
     </span>
    </p>
   </div>
   <div class='ocr_carea' id='block_1_16' title="bbox 255 1629 1832 1716">
    <p class='ocr_par' dir='ltr' id='par_1_16' title="bbox 255 1629 1832 1716">
     <span class='ocr_line' id='line_1_16' title="bbox 255 1629 1832 1716; baseline 0.012 -36"><span class='ocrx_word' id='word_1_113' title='bbox 255 1657 324 1668; x_wconf 86' lang='lat'><strong>--</strong></span> <span class='ocrx_word' id='word_1_114' title='bbox 352 1629 599 1698; x_wconf 82' lang='grc' dir='ltr'>Ἀνοιξον</span> <span class='ocrx_word' id='word_1_115' title='bbox 634 1633 694 1688; x_wconf 75' lang='grc' dir='ltr'>τὸ</span> <span class='ocrx_word' id='word_1_116' title='bbox 751 1640 928 1708; x_wconf 87' lang='grc' dir='ltr'>στόμα</span> <span class='ocrx_word' id='word_1_117' title='bbox 960 1638 1056 1693; x_wconf 85' lang='grc' dir='ltr'>τοῦ</span> <span class='ocrx_word' id='word_1_118' title='bbox 1111 1640 1230 1703; x_wconf 90' lang='grc' dir='ltr'>νοός</span> <span class='ocrx_word' id='word_1_119' title='bbox 1303 1643 1564 1711; x_wconf 56' lang='grc' dir='ltr'>σου,,καὶ</span> <span class='ocrx_word' id='word_1_120' title='bbox 1623 1645 1832 1716; x_wconf 79' lang='grc' dir='ltr'>τροφῆς</span> 
     </span>
    </p>
   </div>
   <div class='ocr_carea' id='block_1_17' title="bbox 267 1727 1834 1806">
    <p class='ocr_par' dir='ltr' id='par_1_17' title="bbox 267 1727 1834 1806">
     <span class='ocr_line' id='line_1_17' title="bbox 267 1727 1834 1806; baseline 0.01 -28"><span class='ocrx_word' id='word_1_121' title='bbox 267 1727 538 1799; x_wconf 79' lang='grc' dir='ltr'>ἐμπλήσω</span> <span class='ocrx_word' id='word_1_122' title='bbox 580 1728 742 1784; x_wconf 88' lang='grc' dir='ltr'>τοῦτο</span> <span class='ocrx_word' id='word_1_123' title='bbox 798 1734 1202 1804; x_wconf 84' lang='grc' dir='ltr'>πνευματικῆς,</span> <span class='ocrx_word' id='word_1_124' title='bbox 1230 1734 1410 1789; x_wconf 83' lang='grc' dir='ltr'>είτουν</span> <span class='ocrx_word' id='word_1_125' title='bbox 1442 1736 1636 1806; x_wconf 85' lang='grc' dir='ltr'>σοφίας</span> <span class='ocrx_word' id='word_1_126' title='bbox 1670 1738 1834 1794; x_wconf 83' lang='grc' dir='ltr'>θείων</span> 
     </span>
    </p>
   </div>
   <div class='ocr_carea' id='block_1_18' title="bbox 260 1819 1830 1900">
    <p class='ocr_par' dir='ltr' id='par_1_18' title="bbox 260 1819 1830 1900">
     <span class='ocr_line' id='line_1_18' title="bbox 260 1819 1830 1900; baseline 0.011 -32"><span class='ocrx_word' id='word_1_127' title='bbox 260 1819 572 1888; x_wconf 81' lang='grc' dir='ltr'>νοημάτων,</span> <span class='ocrx_word' id='word_1_128' title='bbox 598 1824 630 1890; x_wconf 81' lang='grc' dir='ltr'><strong>ἢ</strong></span> <span class='ocrx_word' id='word_1_129' title='bbox 663 1825 758 1878; x_wconf 80' lang='grc' dir='ltr'>καὶ</span> <span class='ocrx_word' id='word_1_130' title='bbox 784 1826 846 1879; x_wconf 79' lang='grc' dir='ltr'>τὸ</span> <span class='ocrx_word' id='word_1_131' title='bbox 867 1825 1129 1897; x_wconf 75' lang='grc' dir='ltr'>αἰσθητόν</span> <span class='ocrx_word' id='word_1_132' title='bbox 1163 1845 1257 1882; x_wconf 91' lang='grc' dir='ltr'><strong>σου</strong></span> <span class='ocrx_word' id='word_1_133' title='bbox 1284 1829 1459 1899; x_wconf 85' lang='grc' dir='ltr'><strong>στόμα</strong></span> <span class='ocrx_word' id='word_1_134' title='bbox 1490 1830 1589 1900; x_wconf 84' lang='grc' dir='ltr'>τῆς</span> <span class='ocrx_word' id='word_1_135' title='bbox 1624 1831 1830 1886; x_wconf 88' lang='grc' dir='ltr'>καταλ-</span> 
     </span>
    </p>
   </div>
   <div class='ocr_carea' id='block_1_19' title="bbox 1939 619 3513 695">
    <p class='ocr_par' dir='ltr' id='par_1_19' title="bbox 1939 619 3513 695">
     <span class='ocr_line' id='line_1_19' title="bbox 1939 619 3513 695; baseline 0.003 -23"><span class='ocrx_word' id='word_1_136' title='bbox 1939 619 2011 673; x_wconf 83' lang='grc' dir='ltr'>Τδ</span> <span class='ocrx_word' id='word_1_137' title='bbox 2045 623 2156 675; x_wconf 84' lang='grc' dir='ltr'>οὐκ</span> <span class='ocrx_word' id='word_1_138' title='bbox 2193 621 2474 692; x_wconf 73' lang='grc' dir='ltr'>ἔγνωσαν</span> <span class='ocrx_word' id='word_1_139' title='bbox 2519 623 2806 679; x_wconf 72' lang='grc' dir='ltr'>ἀσύνετα</span> <span class='ocrx_word' id='word_1_140' title='bbox 2867 625 3053 693; x_wconf 79' lang='grc' dir='ltr'>φησὶν,</span> <span class='ocrx_word' id='word_1_141' title='bbox 3105 623 3326 694; x_wconf 78' lang='grc' dir='ltr'>ἔμειναν</span> <span class='ocrx_word' id='word_1_142' title='bbox 3377 623 3513 695; x_wconf 76' lang='grc' dir='ltr'>πρὸς</span> 
     </span>
    </p>
   </div>
   <div class='ocr_carea' id='block_1_20' title="bbox 1938 711 3514 786">
    <p class='ocr_par' dir='ltr' id='par_1_20' title="bbox 1938 711 3514 786">
     <span class='ocr_line' id='line_1_20' title="bbox 1938 711 3514 786; baseline 0.003 -22"><span class='ocrx_word' id='word_1_143' title='bbox 1938 711 2066 775; x_wconf 75' lang='grc' dir='ltr'>τοὺς</span> <span class='ocrx_word' id='word_1_144' title='bbox 2103 711 2281 778; x_wconf 83' lang='grc' dir='ltr'>θείους</span> <span class='ocrx_word' id='word_1_145' title='bbox 2327 713 2521 780; x_wconf 78' lang='grc' dir='ltr'>λόγους</span> <span class='ocrx_word' id='word_1_146' title='bbox 2578 714 2804 781; x_wconf 76' lang='grc' dir='ltr'>τούτους</span> <span class='ocrx_word' id='word_1_147' title='bbox 2863 714 3415 786; x_wconf 70' lang='grc' dir='ltr'>ὲθελοκωφήσαντεςι</span> <span class='ocrx_word' id='word_1_148' title='bbox 3455 718 3514 770; x_wconf 86' lang='grc' dir='ltr'>ἐν</span> 
     </span>
    </p>
   </div>
   <div class='ocr_carea' id='block_1_21' title="bbox 1938 802 2669 876">
    <p class='ocr_par' dir='ltr' id='par_1_21' title="bbox 1938 802 2669 876">
     <span class='ocr_line' id='line_1_21' title="bbox 1938 802 2669 876; baseline 0.007 -19"><span class='ocrx_word' id='word_1_149' title='bbox 1938 802 2117 876; x_wconf 82' lang='grc' dir='ltr'>πλάνῃ</span> <span class='ocrx_word' id='word_1_150' title='bbox 2140 805 2669 876; x_wconf 60' lang='grc' dir='ltr'>γάρπολιτεύονται.</span> 
     </span>
    </p>
   </div>
   <div class='ocr_carea' id='block_1_22' title="bbox 2015 897 3513 973">
    <p class='ocr_par' dir='ltr' id='par_1_22' title="bbox 2015 897 3513 973">
     <span class='ocr_line' id='line_1_22' title="bbox 2015 897 3513 973; baseline 0.005 -25"><span class='ocrx_word' id='word_1_151' title='bbox 2015 914 2033 948; x_wconf 82' lang='grc' dir='ltr'>ι</span> <span class='ocrx_word' id='word_1_152' title='bbox 2068 897 2500 969; x_wconf 78' lang='grc' dir='ltr'>Σαλευθήτωσαν</span> <span class='ocrx_word' id='word_1_153' title='bbox 2532 899 2712 954; x_wconf 83' lang='grc' dir='ltr'>πάντα</span> <span class='ocrx_word' id='word_1_154' title='bbox 2742 901 2809 956; x_wconf 81' lang='grc' dir='ltr'>τὰ</span> <span class='ocrx_word' id='word_1_155' title='bbox 2837 900 3066 970; x_wconf 82' lang='grc' dir='ltr'>θεμέλια</span> <span class='ocrx_word' id='word_1_156' title='bbox 3113 903 3215 973; x_wconf 83' lang='grc' dir='ltr'>τῆς</span> <span class='ocrx_word' id='word_1_157' title='bbox 3241 903 3364 973; x_wconf 76' lang='grc' dir='ltr'>γῆς.</span> <span class='ocrx_word' id='word_1_158' title='bbox 3394 923 3412 956; x_wconf 77' lang='grc' dir='ltr'>ι</span> <span class='ocrx_word' id='word_1_159' title='bbox 3444 935 3513 950; x_wconf 90' lang='grc'><strong>-</strong></span> 
     </span>
    </p>
   </div>
   <div class='ocr_carea' id='block_1_23' title="bbox 1937 985 3514 1066">
    <p class='ocr_par' dir='ltr' id='par_1_23' title="bbox 1937 985 3514 1066">
     <span class='ocr_line' id='line_1_23' title="bbox 1937 985 3514 1066; baseline 0.006 -25"><span class='ocrx_word' id='word_1_160' title='bbox 1937 985 2400 1058; x_wconf 80' lang='grc' dir='ltr'>Ἀγανακτὴσεως</span> <span class='ocrx_word' id='word_1_161' title='bbox 2430 990 2458 1043; x_wconf 98' lang='lat'>6</span> <span class='ocrx_word' id='word_1_162' title='bbox 2491 989 2673 1058; x_wconf 85' lang='grc' dir='ltr'>λόγος,</span> <span class='ocrx_word' id='word_1_163' title='bbox 2711 987 2825 1046; x_wconf 73' lang='grc' dir='ltr'>οἷον</span> <span class='ocrx_word' id='word_1_164' title='bbox 2859 994 2994 1065; x_wconf 83' lang='grc' dir='ltr'>μηδὲ</span> <span class='ocrx_word' id='word_1_165' title='bbox 3028 995 3061 1065; x_wconf 83' lang='grc' dir='ltr'>ἠ</span> <span class='ocrx_word' id='word_1_166' title='bbox 3093 993 3167 1065; x_wconf 81' lang='grc' dir='ltr'>γῆ</span> <span class='ocrx_word' id='word_1_167' title='bbox 3223 995 3514 1066; x_wconf 83' lang='grc' dir='ltr'>ἀνασχέτω</span> 
     </span>
    </p>
   </div>
   <div class='ocr_carea' id='block_1_24' title="bbox 1940 1076 3513 1155">
    <p class='ocr_par' dir='ltr' id='par_1_24' title="bbox 1940 1076 3513 1155">
     <span class='ocr_line' id='line_1_24' title="bbox 1940 1076 3513 1155; baseline 0.01 -26"><span class='ocrx_word' id='word_1_168' title='bbox 1940 1076 2124 1147; x_wconf 77' lang='grc' dir='ltr'>μένειν</span> <span class='ocrx_word' id='word_1_169' title='bbox 2149 1079 2450 1146; x_wconf 76' lang='grc' dir='ltr'><strong>ἀσάλευτος</strong></span> <span class='ocrx_word' id='word_1_170' title='bbox 2471 1080 2612 1135; x_wconf 79' lang='grc' dir='ltr'>οὕτω</span> <span class='ocrx_word' id='word_1_171' title='bbox 2635 1085 3101 1155; x_wconf 78' lang='grc' dir='ltr'>παρανομούντων</span> <span class='ocrx_word' id='word_1_172' title='bbox 3124 1086 3235 1143; x_wconf 86' lang='grc' dir='ltr'>τῶν</span> <span class='ocrx_word' id='word_1_173' title='bbox 3256 1087 3513 1144; x_wconf 76' lang='grc' dir='ltr'>διδασκά-</span> 
     </span>
    </p>
   </div>
   <div class='ocr_carea' id='block_1_25' title="bbox 1933 1169 2927 1243">
    <p class='ocr_par' dir='ltr' id='par_1_25' title="bbox 1933 1169 2927 1243">
     <span class='ocr_line' id='line_1_25' title="bbox 1933 1169 2927 1243; baseline 0.002 -21"><span class='ocrx_word' id='word_1_174' title='bbox 1933 1169 2042 1222; x_wconf 91' lang='grc' dir='ltr'>λων</span> <span class='ocrx_word' id='word_1_175' title='bbox 2077 1170 2317 1243; x_wconf 79' lang='grc' dir='ltr'>Ἰσραήλ,</span> <span class='ocrx_word' id='word_1_176' title='bbox 2916 1192 2927 1198; x_wconf 91' lang='grc'><strong>·</strong></span> 
     </span>
    </p>
   </div>
   <div class='ocr_carea' id='block_1_26' title="bbox 2013 1261 3514 1343">
    <p class='ocr_par' dir='ltr' id='par_1_26' title="bbox 2013 1261 3514 1343">
     <span class='ocr_line' id='line_1_26' title="bbox 2013 1261 3514 1343; baseline 0.008 -27"><span class='ocrx_word' id='word_1_177' title='bbox 2013 1281 2034 1316; x_wconf 80' lang='grc' dir='ltr'>ι</span> <span class='ocrx_word' id='word_1_178' title='bbox 2071 1263 2214 1334; x_wconf 86' lang='grc' dir='ltr'>Ἐγὼ</span> <span class='ocrx_word' id='word_1_179' title='bbox 2247 1261 2379 1320; x_wconf 76' lang='grc' dir='ltr'>εἶπα</span> <span class='ocrx_word' id='word_1_180' title='bbox 2401 1282 2416 1299; x_wconf 82' lang='grc'><strong><em>⁸</em></strong></span> <span class='ocrx_word' id='word_1_181' title='bbox 2451 1267 2576 1322; x_wconf 93' lang='grc' dir='ltr'>Θεοί</span> <span class='ocrx_word' id='word_1_182' title='bbox 2601 1269 2724 1323; x_wconf 82' lang='grc' dir='ltr'>ἐστε</span> <span class='ocrx_word' id='word_1_183' title='bbox 2781 1272 2873 1324; x_wconf 75' lang='grc' dir='ltr'>καὶ</span> <span class='ocrx_word' id='word_1_184' title='bbox 2903 1273 3009 1326; x_wconf 69' lang='grc' dir='ltr'>υἱοὶ</span> <span class='ocrx_word' id='word_1_185' title='bbox 3063 1263 3324 1343; x_wconf 75' lang='grc' dir='ltr'>Ὑψίστου</span> <span class='ocrx_word' id='word_1_186' title='bbox 3378 1274 3514 1328; x_wconf 86' lang='grc' dir='ltr'>πάν-</span> 
     </span>
    </p>
   </div>
   <div class='ocr_carea' id='block_1_27' title="bbox 1935 1357 3512 1436">
    <p class='ocr_par' dir='ltr' id='par_1_27' title="bbox 1935 1357 3512 1436">
     <span class='ocr_line' id='line_1_27' title="bbox 1935 1357 3512 1436; baseline 0.008 -27"><span class='ocrx_word' id='word_1_187' title='bbox 1935 1373 2046 1420; x_wconf 89' lang='grc' dir='ltr'>τες.</span> <span class='ocrx_word' id='word_1_188' title='bbox 2081 1376 2104 1411; x_wconf 74' lang='grc' dir='ltr'><strong>ι</strong></span> <span class='ocrx_word' id='word_1_189' title='bbox 2140 1388 2208 1398; x_wconf 92' lang='lat'><strong><em>—</em></strong></span> <span class='ocrx_word' id='word_1_190' title='bbox 2238 1357 2380 1429; x_wconf 86' lang='grc' dir='ltr'>Ἐγὼ</span> <span class='ocrx_word' id='word_1_191' title='bbox 2415 1360 2561 1432; x_wconf 79' lang='grc' dir='ltr'>ὑμᾶς</span> <span class='ocrx_word' id='word_1_192' title='bbox 2589 1362 2716 1427; x_wconf 74' lang='grc' dir='ltr'>τοὺς</span> <span class='ocrx_word' id='word_1_193' title='bbox 2751 1363 2947 1436; x_wconf 86' lang='grc' dir='ltr'>κριτάς</span> <span class='ocrx_word' id='word_1_194' title='bbox 2973 1363 3129 1426; x_wconf 79' lang='grc' dir='ltr'>θεοὺς</span> <span class='ocrx_word' id='word_1_195' title='bbox 3165 1365 3426 1436; x_wconf 88' lang='grc' dir='ltr'>ώνόμασα</span> <span class='ocrx_word' id='word_1_196' title='bbox 3457 1369 3512 1421; x_wconf 85' lang='grc' dir='ltr'>ὲν</span> 
     </span>
    </p>
   </div>
   <div class='ocr_carea' id='block_1_28' title="bbox 1939 1449 3520 1528">
    <p class='ocr_par' dir='ltr' id='par_1_28' title="bbox 1939 1449 3520 1528">
     <span class='ocr_line' id='line_1_28' title="bbox 1939 1449 3520 1528; baseline 0.007 -28"><span class='ocrx_word' id='word_1_197' title='bbox 1939 1451 2006 1520; x_wconf 78' lang='grc' dir='ltr'>τῇ</span> <span class='ocrx_word' id='word_1_198' title='bbox 2070 1449 2240 1521; x_wconf 85' lang='grc' dir='ltr'>βίϐλῳ</span> <span class='ocrx_word' id='word_1_199' title='bbox 2291 1453 2393 1523; x_wconf 84' lang='grc' dir='ltr'>τῆς</span> <span class='ocrx_word' id='word_1_200' title='bbox 2457 1453 2698 1522; x_wconf 84' lang='grc' dir='ltr'>Ἐξόδου,</span> <span class='ocrx_word' id='word_1_201' title='bbox 2763 1457 2944 1527; x_wconf 82' lang='grc' dir='ltr'><strong>φήσας</strong></span> <span class='ocrx_word' id='word_1_202' title='bbox 3015 1458 3155 1528; x_wconf 80' lang='grc' dir='ltr'>πρὸς</span> <span class='ocrx_word' id='word_1_203' title='bbox 3212 1457 3302 1510; x_wconf 80' lang='grc' dir='ltr'>τὸν</span> <span class='ocrx_word' id='word_1_204' title='bbox 3358 1459 3520 1522; x_wconf 63' lang='grc' dir='ltr'>λαδν,¹</span> 
     </span>
    </p>
   </div>
   <div class='ocr_carea' id='block_1_29' title="bbox 1941 1540 3514 1621">
    <p class='ocr_par' dir='ltr' id='par_1_29' title="bbox 1941 1540 3514 1621">
     <span class='ocr_line' id='line_1_29' title="bbox 1941 1540 3514 1621; baseline 0.009 -29"><span class='ocrx_word' id='word_1_205' title='bbox 1941 1557 1960 1592; x_wconf 78' lang='grc' dir='ltr'>ι</span> <span class='ocrx_word' id='word_1_206' title='bbox 1993 1540 2160 1605; x_wconf 81' lang='grc' dir='ltr'>Θεοὺς</span> <span class='ocrx_word' id='word_1_207' title='bbox 2183 1543 2244 1596; x_wconf 80' lang='grc' dir='ltr'>οὐ</span> <span class='ocrx_word' id='word_1_208' title='bbox 2272 1545 2668 1616; x_wconf 80' lang='grc' dir='ltr'>κακολογήσεις</span> <span class='ocrx_word' id='word_1_209' title='bbox 2706 1548 2899 1614; x_wconf 72' lang='grc' dir='ltr'>ίύίουςο</span> <span class='ocrx_word' id='word_1_210' title='bbox 2923 1548 2956 1618; x_wconf 82' lang='grc' dir='ltr'>ἢ</span> <span class='ocrx_word' id='word_1_211' title='bbox 2982 1549 3147 1603; x_wconf 87' lang='grc' dir='ltr'>πάλιν</span> <span class='ocrx_word' id='word_1_212' title='bbox 3169 1551 3320 1613; x_wconf 79' lang='grc' dir='ltr'>υίοὺς</span> <span class='ocrx_word' id='word_1_213' title='bbox 3360 1551 3514 1621; x_wconf 73' lang='grc' dir='ltr'>Ὑψί-</span> 
     </span>
    </p>
   </div>
   <div class='ocr_carea' id='block_1_30' title="bbox 1938 1637 3490 1714">
    <p class='ocr_par' dir='ltr' id='par_1_30' title="bbox 1938 1637 3490 1714">
     <span class='ocr_line' id='line_1_30' title="bbox 1938 1637 3490 1714; baseline 0.006 -28"><span class='ocrx_word' id='word_1_214' title='bbox 1938 1650 2065 1688; x_wconf 89' lang='grc' dir='ltr'><strong>στου</strong></span> <span class='ocrx_word' id='word_1_215' title='bbox 2104 1637 2252 1707; x_wconf 86' lang='grc' dir='ltr'>ἐντῷ</span> <span class='ocrx_word' id='word_1_216' title='bbox 2283 1639 2480 1705; x_wconf 86' lang='grc' dir='ltr'>είπεῖν,</span> <span class='ocrx_word' id='word_1_217' title='bbox 2513 1659 2531 1693; x_wconf 85' lang='grc' dir='ltr'>ι</span> <span class='ocrx_word' id='word_1_218' title='bbox 2573 1641 2692 1714; x_wconf 73' lang='grc' dir='ltr'>Υἱὸς</span> <span class='ocrx_word' id='word_1_219' title='bbox 2719 1641 3062 1713; x_wconf 85' lang='grc' dir='ltr'>πρωτότοκός</span> <span class='ocrx_word' id='word_1_220' title='bbox 3090 1659 3190 1712; x_wconf 91' lang='grc' dir='ltr'>μου</span> <span class='ocrx_word' id='word_1_221' title='bbox 3212 1641 3490 1713; x_wconf 77' lang='grc' dir='ltr'>Ἰσραήλ.»</span> 
     </span>
    </p>
   </div>
   <div class='ocr_carea' id='block_1_31' title="bbox 2015 1730 3507 1806">
    <p class='ocr_par' dir='ltr' id='par_1_31' title="bbox 2015 1730 3507 1806">
     <span class='ocr_line' id='line_1_31' title="bbox 2015 1730 3507 1806; baseline 0.005 -25"><span class='ocrx_word' id='word_1_222' title='bbox 2015 1747 2036 1781; x_wconf 80' lang='grc' dir='ltr'>ι</span> <span class='ocrx_word' id='word_1_223' title='bbox 2075 1730 2261 1802; x_wconf 84' lang='grc' dir='ltr'>Ὑμεῖς</span> <span class='ocrx_word' id='word_1_224' title='bbox 2277 1733 2332 1786; x_wconf 84' lang='grc' dir='ltr'>δὲ</span> <span class='ocrx_word' id='word_1_225' title='bbox 2359 1733 2434 1798; x_wconf 82' lang='grc' dir='ltr'>ὡς</span> <span class='ocrx_word' id='word_1_226' title='bbox 2457 1734 2554 1790; x_wconf 79' lang='grc' dir='ltr'>ἀνθ</span> <span class='ocrx_word' id='word_1_227' title='bbox 2566 1753 2749 1806; x_wconf 87' lang='grc' dir='ltr'>ρωπος</span> <span class='ocrx_word' id='word_1_228' title='bbox 2774 1737 3154 1806; x_wconf 79' lang='grc' dir='ltr'>ἀποθνήσκετε</span> <span class='ocrx_word' id='word_1_229' title='bbox 3181 1736 3276 1789; x_wconf 68' lang='grc' dir='ltr'>καὶ</span> <span class='ocrx_word' id='word_1_230' title='bbox 3293 1732 3371 1801; x_wconf 74' lang='grc' dir='ltr'>εἷς</span> <span class='ocrx_word' id='word_1_231' title='bbox 3399 1735 3507 1789; x_wconf 90' lang='grc' dir='ltr'>τῶν</span> 
     </span>
    </p>
   </div>
   <div class='ocr_carea' id='block_1_32' title="bbox 1937 1822 3514 1900">
    <p class='ocr_par' dir='ltr' id='par_1_32' title="bbox 1937 1822 3514 1900">
     <span class='ocr_line' id='line_1_32' title="bbox 1937 1822 3514 1900; baseline 0.007 -26"><span class='ocrx_word' id='word_1_232' title='bbox 1937 1822 2216 1892; x_wconf 83' lang='grc' dir='ltr'>ἀρχόντων</span> <span class='ocrx_word' id='word_1_233' title='bbox 2249 1824 2502 1878; x_wconf 82' lang='grc' dir='ltr'>πίπτετε.</span> <span class='ocrx_word' id='word_1_234' title='bbox 2540 1845 2558 1878; x_wconf 76' lang='grc' dir='ltr'>ι</span> <span class='ocrx_word' id='word_1_235' title='bbox 2585 1857 2657 1869; x_wconf 91' lang='grc'><strong>-</strong></span> <span class='ocrx_word' id='word_1_236' title='bbox 2680 1827 2878 1898; x_wconf 77' lang='grc' dir='ltr'>Θνητοὶ</span> <span class='ocrx_word' id='word_1_237' title='bbox 2913 1829 3074 1898; x_wconf 89' lang='grc' dir='ltr'>μόνον</span> <span class='ocrx_word' id='word_1_238' title='bbox 3119 1829 3213 1883; x_wconf 76' lang='grc' dir='ltr'>καὶ</span> <span class='ocrx_word' id='word_1_239' title='bbox 3247 1831 3418 1900; x_wconf 78' lang='grc' dir='ltr'>μηδὲν</span> <span class='ocrx_word' id='word_1_240' title='bbox 3440 1830 3514 1885; x_wconf 67' lang='grc' dir='ltr'>τὸ.</span> 
     </span>
    </p>
   </div>
   <div class='ocr_carea' id='block_1_33' title="bbox 255 1911 3508 2002">
    <p class='ocr_par' dir='ltr' id='par_1_33' title="bbox 255 1911 3508 2002">
     <span class='ocr_line' id='line_1_33' title="bbox 255 1911 3508 2002; baseline 0.004 -43"><span class='ocrx_word' id='word_1_241' title='bbox 255 1913 420 1982; x_wconf 73' lang='grc' dir='ltr'>λήλου</span> <span class='ocrx_word' id='word_1_242' title='bbox 457 1917 726 1990; x_wconf 57' lang='grc' dir='ltr'>ἐμπλήσω</span> <span class='ocrx_word' id='word_1_243' title='bbox 747 1920 981 1992; x_wconf 61' lang='grc' dir='ltr'>τροφῆς,</span> <span class='ocrx_word' id='word_1_244' title='bbox 1014 1922 1045 1993; x_wconf 68' lang='grc' dir='ltr'><strong>ἢ</strong></span> <span class='ocrx_word' id='word_1_245' title='bbox 1081 1922 1174 1978; x_wconf 64' lang='grc' dir='ltr'>καὶ</span> <span class='ocrx_word' id='word_1_246' title='bbox 1202 1922 1384 1987; x_wconf 71' lang='grc' dir='ltr'>πάσας</span> <span class='ocrx_word' id='word_1_247' title='bbox 1404 1925 1504 1990; x_wconf 70' lang='grc' dir='ltr'>τὰς</span> <span class='ocrx_word' id='word_1_248' title='bbox 1542 1926 1828 2002; x_wconf 60' lang='grc' dir='ltr'>αἰσθήσεις</span> <span class='ocrx_word' id='word_1_249' title='bbox 1861 1930 1904 1986; x_wconf 75' lang='grc' dir='ltr'><strong><em>Β</em></strong></span> <span class='ocrx_word' id='word_1_250' title='bbox 1935 1911 2099 1984; x_wconf 80' lang='grc' dir='ltr'>γήϊνα</span> <span class='ocrx_word' id='word_1_251' title='bbox 2165 1913 2368 1976; x_wconf 75' lang='grc' dir='ltr'>εἰδότες</span> <span class='ocrx_word' id='word_1_252' title='bbox 2415 1913 2589 1980; x_wconf 74' lang='grc' dir='ltr'>οὕτως</span> <span class='ocrx_word' id='word_1_253' title='bbox 2648 1917 3049 1989; x_wconf 82' lang='grc' dir='ltr'>ἀποθνήσκετε,</span> <span class='ocrx_word' id='word_1_254' title='bbox 3105 1920 3405 1983; x_wconf 79' lang='grc' dir='ltr'><strong>τουτέστιν,</strong></span> <span class='ocrx_word' id='word_1_255' title='bbox 3431 1919 3508 1982; x_wconf 86' lang='grc' dir='ltr'>ώς</span> 
     </span>
    </p>
   </div>
   <div class='ocr_carea' id='block_1_34' title="bbox 257 2010 1478 2088">
    <p class='ocr_par' dir='ltr' id='par_1_34' title="bbox 257 2010 1478 2088">
     <span class='ocr_line' id='line_1_34' title="bbox 257 2010 1478 2088; baseline 0.015 -31"><span class='ocrx_word' id='word_1_256' title='bbox 257 2024 354 2059; x_wconf 81' lang='grc' dir='ltr'>σου</span> <span class='ocrx_word' id='word_1_257' title='bbox 379 2010 599 2077; x_wconf 83' lang='grc' dir='ltr'>περανῶ</span> <span class='ocrx_word' id='word_1_258' title='bbox 627 2013 728 2076; x_wconf 81' lang='grc' dir='ltr'>τὰς</span> <span class='ocrx_word' id='word_1_259' title='bbox 764 2015 856 2067; x_wconf 76' lang='grc' dir='ltr'>ἐπὶ</span> <span class='ocrx_word' id='word_1_260' title='bbox 888 2017 1227 2086; x_wconf 83' lang='grc' dir='ltr'>συμφέροντι</span> <span class='ocrx_word' id='word_1_261' title='bbox 1259 2017 1478 2088; x_wconf 79' lang='grc' dir='ltr'>δηλαδή.</span> 
     </span>
    </p>
   </div>
   <div class='ocr_carea' id='block_1_35' title="bbox 335 2101 1834 2184">
    <p class='ocr_par' dir='ltr' id='par_1_35' title="bbox 335 2101 1834 2184">
     <span class='ocr_line' id='line_1_35' title="bbox 335 2101 1834 2184; baseline 0.01 -33"><span class='ocrx_word' id='word_1_262' title='bbox 335 2117 353 2151; x_wconf 83' lang='grc' dir='ltr'>ι</span> <span class='ocrx_word' id='word_1_263' title='bbox 390 2101 498 2154; x_wconf 77' lang='grc' dir='ltr'>Καὶ</span> <span class='ocrx_word' id='word_1_264' title='bbox 558 2101 921 2184; x_wconf 13' lang='grc' dir='ltr'>ἐξαπέστειλαν</span> <span class='ocrx_word' id='word_1_265' title='bbox 970 2108 1170 2172; x_wconf 79' lang='grc' dir='ltr'>αὐτοὺς</span> <span class='ocrx_word' id='word_1_266' title='bbox 1223 2110 1364 2162; x_wconf 71' lang='grc' dir='ltr'>κατὰ</span> <span class='ocrx_word' id='word_1_267' title='bbox 1419 2110 1489 2163; x_wconf 84' lang='grc' dir='ltr'>τὰ</span> <span class='ocrx_word' id='word_1_268' title='bbox 1546 2109 1834 2184; x_wconf 84' lang='grc' dir='ltr'>ἐπιτηδεύ-</span> 
     </span>
    </p>
   </div>
   <div class='ocr_carea' id='block_1_36' title="bbox 258 2183 1831 2275">
    <p class='ocr_par' dir='ltr' id='par_1_36' title="bbox 258 2183 1831 2275">
     <span class='ocr_line' id='line_1_36' title="bbox 258 2183 1831 2275; baseline 0.009 -31"><span class='ocrx_word' id='word_1_269' title='bbox 258 2210 406 2261; x_wconf 87' lang='grc' dir='ltr'>ματα</span> <span class='ocrx_word' id='word_1_270' title='bbox 437 2195 546 2247; x_wconf 86' lang='grc' dir='ltr'>τῶν</span> <span class='ocrx_word' id='word_1_271' title='bbox 567 2196 808 2268; x_wconf 86' lang='grc' dir='ltr'>καρδ.ῶν</span> <span class='ocrx_word' id='word_1_272' title='bbox 836 2183 1035 2255; x_wconf 85' lang='grc' dir='ltr'>αὐτῶν.</span> <span class='ocrx_word' id='word_1_273' title='bbox 1067 2219 1086 2253; x_wconf 83' lang='grc'><strong>›</strong></span> <span class='ocrx_word' id='word_1_274' title='bbox 1122 2231 1192 2244; x_wconf 88' lang='grc'>--</span> <span class='ocrx_word' id='word_1_275' title='bbox 1222 2202 1332 2256; x_wconf 77' lang='grc' dir='ltr'>Καὶ</span> <span class='ocrx_word' id='word_1_276' title='bbox 1395 2203 1584 2275; x_wconf 80' lang='grc' dir='ltr'>ἀφῆκα</span> <span class='ocrx_word' id='word_1_277' title='bbox 1631 2204 1831 2268; x_wconf 80' lang='grc' dir='ltr'>αὐτοὺς</span> 
     </span>
    </p>
   </div>
   <div class='ocr_carea' id='block_1_37' title="bbox 257 2284 1830 2365">
    <p class='ocr_par' dir='ltr' id='par_1_37' title="bbox 257 2284 1830 2365">
     <span class='ocr_line' id='line_1_37' title="bbox 257 2284 1830 2365; baseline 0.01 -33"><span class='ocrx_word' id='word_1_278' title='bbox 257 2284 522 2354; x_wconf 82' lang='grc' dir='ltr'>φέρεσθαι</span> <span class='ocrx_word' id='word_1_279' title='bbox 557 2288 700 2340; x_wconf 86' lang='grc' dir='ltr'>κατά</span> <span class='ocrx_word' id='word_1_280' title='bbox 723 2287 794 2340; x_wconf 87' lang='grc' dir='ltr'>τά</span> <span class='ocrx_word' id='word_1_281' title='bbox 826 2289 1108 2360; x_wconf 86' lang='grc' dir='ltr'>θελήματα</span> <span class='ocrx_word' id='word_1_282' title='bbox 1133 2291 1227 2346; x_wconf 71' lang='grc' dir='ltr'>καὶ</span> <span class='ocrx_word' id='word_1_283' title='bbox 1257 2296 1356 2356; x_wconf 72' lang='grc' dir='ltr'>τὰς</span> <span class='ocrx_word' id='word_1_284' title='bbox 1381 2294 1689 2365; x_wconf 76' lang='grc' dir='ltr'>ἐπικρίσεις</span> <span class='ocrx_word' id='word_1_285' title='bbox 1719 2295 1830 2348; x_wconf 89' lang='grc' dir='ltr'>τῶν</span> 
     </span>
    </p>
   </div>
   <div class='ocr_carea' id='block_1_38' title="bbox 251 2378 1824 2459">
    <p class='ocr_par' dir='ltr' id='par_1_38' title="bbox 251 2378 1824 2459">
     <span class='ocr_line' id='line_1_38' title="bbox 251 2378 1824 2459; baseline 0.008 -31"><span class='ocrx_word' id='word_1_286' title='bbox 251 2378 473 2432; x_wconf 75' lang='grc' dir='ltr'>οἰκείων</span> <span class='ocrx_word' id='word_1_287' title='bbox 495 2379 774 2452; x_wconf 83' lang='grc' dir='ltr'>λογισμῶν</span> <span class='ocrx_word' id='word_1_288' title='bbox 799 2383 874 2447; x_wconf 91' lang='grc' dir='ltr'>ώς</span> <span class='ocrx_word' id='word_1_289' title='bbox 897 2384 1166 2449; x_wconf 85' lang='grc' dir='ltr'>ἀπειθεῖς.</span> <span class='ocrx_word' id='word_1_290' title='bbox 1205 2385 1348 2455; x_wconf 83' lang='grc' dir='ltr'>Ἐγὼ</span> <span class='ocrx_word' id='word_1_291' title='bbox 1377 2387 1432 2440; x_wconf 79' lang='grc' dir='ltr'>δὲ</span> <span class='ocrx_word' id='word_1_292' title='bbox 1455 2389 1692 2459; x_wconf 83' lang='grc' dir='ltr'>μετέϐην</span> <span class='ocrx_word' id='word_1_293' title='bbox 1726 2388 1824 2441; x_wconf 78' lang='grc' dir='ltr'>ἐπὶ</span> 
     </span>
    </p>
   </div>
   <div class='ocr_carea' id='block_1_39' title="bbox 252 2469 496 2540">
    <p class='ocr_par' dir='ltr' id='par_1_39' title="bbox 252 2469 496 2540">
     <span class='ocr_line' id='line_1_39' title="bbox 252 2469 496 2540; baseline 0.008 -18"><span class='ocrx_word' id='word_1_294' title='bbox 252 2471 322 2522; x_wconf 70' lang='grc' dir='ltr'>τὰ</span> <span class='ocrx_word' id='word_1_295' title='bbox 346 2469 496 2540; x_wconf 74' lang='grc' dir='ltr'>ἔθνη.</span> 
     </span>
    </p>
   </div>
   <div class='ocr_carea' id='block_1_40' title="bbox 331 2558 1830 2637">
    <p class='ocr_par' dir='ltr' id='par_1_40' title="bbox 331 2558 1830 2637">
     <span class='ocr_line' id='line_1_40' title="bbox 331 2558 1830 2637; baseline 0.002 -21"><span class='ocrx_word' id='word_1_296' title='bbox 331 2581 355 2617; x_wconf 71' lang='grc' dir='ltr'>ε</span> <span class='ocrx_word' id='word_1_297' title='bbox 394 2563 481 2616; x_wconf 85' lang='grc' dir='ltr'>Ἐν</span> <span class='ocrx_word' id='word_1_298' title='bbox 517 2564 596 2635; x_wconf 83' lang='grc' dir='ltr'>τῷ</span> <span class='ocrx_word' id='word_1_299' title='bbox 631 2558 908 2634; x_wconf 62' lang='grc' dir='ltr'>μηδενῖἀν</span> <span class='ocrx_word' id='word_1_300' title='bbox 938 2567 1067 2630; x_wconf 79' lang='grc' dir='ltr'>τοὺς</span> <span class='ocrx_word' id='word_1_301' title='bbox 1107 2564 1336 2637; x_wconf 76' lang='grc' dir='ltr'>ἐχθροὺς</span> <span class='ocrx_word' id='word_1_302' title='bbox 1375 2565 1557 2618; x_wconf 70' lang='grc' dir='ltr'>αὐτῶν</span> <span class='ocrx_word' id='word_1_303' title='bbox 1602 2567 1830 2619; x_wconf 34' lang='grc' dir='ltr'>ἐταπείσ</span> 
     </span>
    </p>
   </div>
   <div class='ocr_carea' id='block_1_41' title="bbox 252 2655 1831 2727">
    <p class='ocr_par' dir='ltr' id='par_1_41' title="bbox 252 2655 1831 2727">
     <span class='ocr_line' id='line_1_41' title="bbox 252 2655 1831 2727; baseline 0.001 -19"><span class='ocrx_word' id='word_1_304' title='bbox 252 2673 428 2713; x_wconf 88' lang='grc' dir='ltr'>νωσα.</span> <span class='ocrx_word' id='word_1_305' title='bbox 465 2675 484 2708; x_wconf 71' lang='grc' dir='ltr'>ι</span> <span class='ocrx_word' id='word_1_306' title='bbox 514 2685 580 2698; x_wconf 68' lang='grc' dir='ltr'><strong>-ι</strong></span> <span class='ocrx_word' id='word_1_307' title='bbox 613 2655 688 2710; x_wconf 86' lang='grc' dir='ltr'>Τὸ</span> <span class='ocrx_word' id='word_1_308' title='bbox 720 2657 789 2710; x_wconf 75' lang='grc' dir='ltr'><strong><em>ἐν</em></strong></span> <span class='ocrx_word' id='word_1_309' title='bbox 820 2657 901 2722; x_wconf 82' lang='grc' dir='ltr'>τῷ</span> <span class='ocrx_word' id='word_1_310' title='bbox 927 2657 1143 2726; x_wconf 74' lang='grc' dir='ltr'>μηδενί</span> <span class='ocrx_word' id='word_1_311' title='bbox 1176 2658 1235 2710; x_wconf 82' lang='grc' dir='ltr'>τὸ</span> <span class='ocrx_word' id='word_1_312' title='bbox 1276 2659 1495 2720; x_wconf 81' lang='grc' dir='ltr'>ἀπόνως</span> <span class='ocrx_word' id='word_1_313' title='bbox 1551 2658 1648 2711; x_wconf 75' lang='grc' dir='ltr'>καὶ</span> <span class='ocrx_word' id='word_1_314' title='bbox 1675 2663 1831 2727; x_wconf 79' lang='grc' dir='ltr'>εὔχεο</span> 
     </span>
    </p>
   </div>
   <div class='ocr_carea' id='block_1_42' title="bbox 255 2748 1829 2823">
    <p class='ocr_par' dir='ltr' id='par_1_42' title="bbox 255 2748 1829 2823">
     <span class='ocr_line' id='line_1_42' title="bbox 255 2748 1829 2823; baseline 0.001 -21"><span class='ocrx_word' id='word_1_315' title='bbox 255 2749 366 2820; x_wconf 84' lang='grc' dir='ltr'>ρῶς</span> <span class='ocrx_word' id='word_1_316' title='bbox 396 2749 568 2820; x_wconf 80' lang='grc' dir='ltr'>δηλοῖ.</span> <span class='ocrx_word' id='word_1_317' title='bbox 604 2749 868 2822; x_wconf 80' lang='grc' dir='ltr'>Ἐχθροὺς</span> <span class='ocrx_word' id='word_1_318' title='bbox 903 2751 959 2804; x_wconf 86' lang='grc' dir='ltr'>δὲ</span> <span class='ocrx_word' id='word_1_319' title='bbox 1006 2752 1130 2815; x_wconf 75' lang='grc' dir='ltr'>τοὺς</span> <span class='ocrx_word' id='word_1_320' title='bbox 1181 2749 1476 2823; x_wconf 78' lang='grc' dir='ltr'><strong>αἰσθητοὺς</strong></span> <span class='ocrx_word' id='word_1_321' title='bbox 1527 2748 1678 2820; x_wconf 82' lang='grc' dir='ltr'>λέγει</span> <span class='ocrx_word' id='word_1_322' title='bbox 1731 2750 1829 2804; x_wconf 80' lang='grc' dir='ltr'>καὶ</span> 
     </span>
    </p>
   </div>
   <div class='ocr_carea' id='block_1_43' title="bbox 255 2843 503 2916">
    <p class='ocr_par' dir='ltr' id='par_1_43' title="bbox 255 2843 503 2916">
     <span class='ocr_line' id='line_1_43' title="bbox 255 2843 503 2916; baseline -0.004 -17"><span class='ocrx_word' id='word_1_323' title='bbox 255 2843 503 2916; x_wconf 89' lang='grc' dir='ltr'>νοητούς.</span> 
     </span>
    </p>
   </div>
   <div class='ocr_carea' id='block_1_44' title="bbox 329 2934 1828 3006">
    <p class='ocr_par' dir='ltr' id='par_1_44' title="bbox 329 2934 1828 3006">
     <span class='ocr_line' id='line_1_44' title="bbox 329 2934 1828 3006; baseline 0.003 -17"><span class='ocrx_word' id='word_1_324' title='bbox 329 2955 348 2989; x_wconf 79' lang='grc' dir='ltr'>ι</span> <span class='ocrx_word' id='word_1_325' title='bbox 382 2937 445 2992; x_wconf 77' lang='grc' dir='ltr'><strong>Οἱ</strong></span> <span class='ocrx_word' id='word_1_326' title='bbox 481 2935 667 3006; x_wconf 71' lang='grc' dir='ltr'>ἐχθροὶ</span> <span class='ocrx_word' id='word_1_327' title='bbox 697 2934 906 3006; x_wconf 78' lang='grc' dir='ltr'>Κυρίου</span> <span class='ocrx_word' id='word_1_328' title='bbox 945 2934 1246 3004; x_wconf 79' lang='grc' dir='ltr'>ἐψεύσαντο</span> <span class='ocrx_word' id='word_1_329' title='bbox 1279 2935 1482 3006; x_wconf 72' lang='grc' dir='ltr'>αὐτῷ.»</span> <span class='ocrx_word' id='word_1_330' title='bbox 1521 2967 1590 2977; x_wconf 65' lang='grc' dir='ltr'>υ-</span> <span class='ocrx_word' id='word_1_331' title='bbox 1634 2936 1828 2993; x_wconf 82' lang='grc' dir='ltr'>Ῥαϐϐὶ</span> 
     </span>
    </p>
   </div>
   <div class='ocr_carea' id='block_1_45' title="bbox 256 3027 1827 3104">
    <p class='ocr_par' dir='ltr' id='par_1_45' title="bbox 256 3027 1827 3104">
     <span class='ocr_line' id='line_1_45' title="bbox 256 3027 1827 3104; baseline 0.001 -20"><span class='ocrx_word' id='word_1_332' title='bbox 256 3032 364 3100; x_wconf 88' lang='grc' dir='ltr'>γάρ</span> <span class='ocrx_word' id='word_1_333' title='bbox 392 3029 689 3094; x_wconf 85' lang='grc' dir='ltr'>καλοῦντες</span> <span class='ocrx_word' id='word_1_334' title='bbox 712 3030 807 3083; x_wconf 77' lang='grc' dir='ltr'>καὶ</span> <span class='ocrx_word' id='word_1_335' title='bbox 835 3027 1158 3083; x_wconf 87' lang='grc' dir='ltr'>διδάσκαλον</span> <span class='ocrx_word' id='word_1_336' title='bbox 1189 3028 1398 3098; x_wconf 86' lang='grc' dir='ltr'>ἀγαθὸν</span> <span class='ocrx_word' id='word_1_337' title='bbox 1419 3029 1712 3085; x_wconf 78' lang='grc' dir='ltr'>ἀπώσαντο</span> <span class='ocrx_word' id='word_1_338' title='bbox 1730 3033 1827 3104; x_wconf 79' lang='grc' dir='ltr'>τὴν</span> 
     </span>
    </p>
   </div>
   <div class='ocr_carea' id='block_1_46' title="bbox 252 3120 1826 3194">
    <p class='ocr_par' dir='ltr' id='par_1_46' title="bbox 252 3120 1826 3194">
     <span class='ocr_line' id='line_1_46' title="bbox 252 3120 1826 3194; baseline 0.003 -20"><span class='ocrx_word' id='word_1_339' title='bbox 252 3121 604 3175; x_wconf 83' lang='grc' dir='ltr'>διδασκαλίαν</span> <span class='ocrx_word' id='word_1_340' title='bbox 639 3120 827 3176; x_wconf 80' lang='grc' dir='ltr'>αὑτοῦ.</span> <span class='ocrx_word' id='word_1_341' title='bbox 860 3121 952 3192; x_wconf 82' lang='grc' dir='ltr'>Μὴ</span> <span class='ocrx_word' id='word_1_342' title='bbox 981 3121 1142 3192; x_wconf 87' lang='grc' dir='ltr'>μόνον</span> <span class='ocrx_word' id='word_1_343' title='bbox 1189 3120 1268 3188; x_wconf 77' lang='grc' dir='ltr'>δὲ,</span> <span class='ocrx_word' id='word_1_344' title='bbox 1311 3121 1449 3176; x_wconf 87' lang='grc' dir='ltr'>ἀλλά</span> <span class='ocrx_word' id='word_1_345' title='bbox 1479 3122 1571 3176; x_wconf 78' lang='grc' dir='ltr'>καὶ</span> <span class='ocrx_word' id='word_1_346' title='bbox 1607 3123 1826 3194; x_wconf 77' lang='grc' dir='ltr'>Θανάτῳ</span> 
     </span>
    </p>
   </div>
   <div class='ocr_carea' id='block_1_47' title="bbox 251 3215 924 3285">
    <p class='ocr_par' dir='ltr' id='par_1_47' title="bbox 251 3215 924 3285">
     <span class='ocr_line' id='line_1_47' title="bbox 251 3215 924 3285; baseline -0.001 -15"><span class='ocrx_word' id='word_1_347' title='bbox 251 3215 444 3270; x_wconf 89' lang='grc' dir='ltr'>τοῦτον</span> <span class='ocrx_word' id='word_1_348' title='bbox 479 3232 554 3268; x_wconf 89' lang='grc' dir='ltr'>πα</span> <span class='ocrx_word' id='word_1_349' title='bbox 565 3215 924 3285; x_wconf 83' lang='grc' dir='ltr'>ραδεδώκασι.</span> 
     </span>
    </p>
   </div>
   <div class='ocr_carea' id='block_1_48' title="bbox 327 3304 1829 3376">
    <p class='ocr_par' dir='ltr' id='par_1_48' title="bbox 327 3304 1829 3376">
     <span class='ocr_line' id='line_1_48' title="bbox 327 3304 1829 3376; baseline 0.001 -18"><span class='ocrx_word' id='word_1_350' title='bbox 327 3323 348 3358; x_wconf 73' lang='grc' dir='ltr'>ε</span> <span class='ocrx_word' id='word_1_351' title='bbox 381 3307 492 3360; x_wconf 70' lang='grc' dir='ltr'>Καὶ</span> <span class='ocrx_word' id='word_1_352' title='bbox 521 3306 674 3360; x_wconf 80' lang='grc' dir='ltr'>ἐσται</span> <span class='ocrx_word' id='word_1_353' title='bbox 702 3309 728 3359; x_wconf 89' lang='lat'>6</span> <span class='ocrx_word' id='word_1_354' title='bbox 757 3307 943 3376; x_wconf 79' lang='grc' dir='ltr'>καιρὸς</span> <span class='ocrx_word' id='word_1_355' title='bbox 1003 3305 1184 3362; x_wconf 88' lang='grc' dir='ltr'>αύτῶν</span> <span class='ocrx_word' id='word_1_356' title='bbox 1225 3305 1304 3371; x_wconf 88' lang='grc' dir='ltr'>είς</span> <span class='ocrx_word' id='word_1_357' title='bbox 1347 3304 1440 3359; x_wconf 82' lang='grc' dir='ltr'>τὸν</span> <span class='ocrx_word' id='word_1_358' title='bbox 1469 3305 1664 3362; x_wconf 89' lang='grc' dir='ltr'>αίῶνα.</span> <span class='ocrx_word' id='word_1_359' title='bbox 1703 3323 1723 3359; x_wconf 76' lang='grc' dir='ltr'>ι</span> <span class='ocrx_word' id='word_1_360' title='bbox 1753 3335 1829 3346; x_wconf 90' lang='grc'><strong><em>-</em></strong></span> 
     </span>
    </p>
   </div>
   <div class='ocr_carea' id='block_1_49' title="bbox 251 3397 1828 3471">
    <p class='ocr_par' dir='ltr' id='par_1_49' title="bbox 251 3397 1828 3471">
     <span class='ocr_line' id='line_1_49' title="bbox 251 3397 1828 3471; baseline 0.002 -21"><span class='ocrx_word' id='word_1_361' title='bbox 251 3397 342 3450; x_wconf 82' lang='grc' dir='ltr'>Διὸ</span> <span class='ocrx_word' id='word_1_362' title='bbox 371 3399 467 3466; x_wconf 75' lang='grc' dir='ltr'>καὶ</span> <span class='ocrx_word' id='word_1_363' title='bbox 493 3398 786 3461; x_wconf 71' lang='grc' dir='ltr'>διαπαντὸς</span> <span class='ocrx_word' id='word_1_364' title='bbox 815 3399 1031 3452; x_wconf 76' lang='grc' dir='ltr'>ἔσονται</span> <span class='ocrx_word' id='word_1_365' title='bbox 1058 3397 1263 3454; x_wconf 89' lang='grc' dir='ltr'>τούτων</span> <span class='ocrx_word' id='word_1_366' title='bbox 1290 3399 1346 3454; x_wconf 84' lang='grc' dir='ltr'>αί</span> <span class='ocrx_word' id='word_1_367' title='bbox 1375 3399 1692 3471; x_wconf 83' lang='grc' dir='ltr'>συμφοραί·</span> <span class='ocrx_word' id='word_1_368' title='bbox 1711 3415 1828 3453; x_wconf 90' lang='grc' dir='ltr'>και-</span> 
     </span>
    </p>
   </div>
   <div class='ocr_carea' id='block_1_50' title="bbox 253 3489 1830 3562">
    <p class='ocr_par' dir='ltr' id='par_1_50' title="bbox 253 3489 1830 3562">
     <span class='ocr_line' id='line_1_50' title="bbox 253 3489 1830 3562; baseline 0.003 -20"><span class='ocrx_word' id='word_1_369' title='bbox 253 3491 347 3562; x_wconf 68' lang='grc' dir='ltr'>ρὸν</span> <span class='ocrx_word' id='word_1_370' title='bbox 369 3490 477 3560; x_wconf 86' lang='grc' dir='ltr'>γὰρ</span> <span class='ocrx_word' id='word_1_371' title='bbox 506 3492 554 3543; x_wconf 85' lang='grc' dir='ltr'>οί</span> <span class='ocrx_word' id='word_1_372' title='bbox 591 3490 835 3561; x_wconf 84' lang='grc' dir='ltr'>Ἑϐραῖοι</span> <span class='ocrx_word' id='word_1_373' title='bbox 868 3491 964 3544; x_wconf 75' lang='grc' dir='ltr'>καὶ</span> <span class='ocrx_word' id='word_1_374' title='bbox 1002 3489 1165 3562; x_wconf 85' lang='grc' dir='ltr'>Σύροι</span> <span class='ocrx_word' id='word_1_375' title='bbox 1192 3493 1296 3556; x_wconf 87' lang='grc' dir='ltr'>τάς</span> <span class='ocrx_word' id='word_1_376' title='bbox 1326 3491 1612 3562; x_wconf 79' lang='grc' dir='ltr'>συμφορὰς</span> <span class='ocrx_word' id='word_1_377' title='bbox 1637 3489 1830 3562; x_wconf 87' lang='grc' dir='ltr'>όνομά·</span> 
     </span>
    </p>
   </div>
   <div class='ocr_carea' id='block_1_51' title="bbox 251 3583 424 3646">
    <p class='ocr_par' dir='ltr' id='par_1_51' title="bbox 251 3583 424 3646">
     <span class='ocr_line' id='line_1_51' title="bbox 251 3583 424 3646; baseline 0.006 -11"><span class='ocrx_word' id='word_1_378' title='bbox 251 3583 424 3646; x_wconf 74' lang='grc' dir='ltr'>ζουσι.</span> 
     </span>
    </p>
   </div>
   <div class='ocr_carea' id='block_1_52' title="bbox 330 3675 1827 3749">
    <p class='ocr_par' dir='ltr' id='par_1_52' title="bbox 330 3675 1827 3749">
     <span class='ocr_line' id='line_1_52' title="bbox 330 3675 1827 3749; baseline 0.002 -21"><span class='ocrx_word' id='word_1_379' title='bbox 330 3697 348 3728; x_wconf 82' lang='grc'><strong><em>‹</em></strong></span> <span class='ocrx_word' id='word_1_380' title='bbox 387 3679 496 3731; x_wconf 78' lang='grc' dir='ltr'>Καὶ</span> <span class='ocrx_word' id='word_1_381' title='bbox 523 3676 800 3747; x_wconf 73' lang='grc' dir='ltr'>ἐψώμισεν</span> <span class='ocrx_word' id='word_1_382' title='bbox 834 3675 1052 3738; x_wconf 66' lang='grc' dir='ltr'>αὋτούς.</span> <span class='ocrx_word' id='word_1_383' title='bbox 1098 3695 1116 3729; x_wconf 78' lang='grc' dir='ltr'>ι</span> <span class='ocrx_word' id='word_1_384' title='bbox 1155 3707 1222 3717; x_wconf 88' lang='grc'><strong>-</strong></span> <span class='ocrx_word' id='word_1_385' title='bbox 1258 3678 1418 3732; x_wconf 83' lang='grc' dir='ltr'>Ἤτοι</span> <span class='ocrx_word' id='word_1_386' title='bbox 1454 3677 1725 3749; x_wconf 77' lang='grc' dir='ltr'>παρέσχεν</span> <span class='ocrx_word' id='word_1_387' title='bbox 1747 3676 1827 3742; x_wconf 84' lang='grc' dir='ltr'>είς</span> 
     </span>
    </p>
   </div>
   <div class='ocr_carea' id='block_1_53' title="bbox 251 3770 773 3841">
    <p class='ocr_par' dir='ltr' id='par_1_53' title="bbox 251 3770 773 3841">
     <span class='ocr_line' id='line_1_53' title="bbox 251 3770 773 3841; baseline 0.002 -19"><span class='ocrx_word' id='word_1_388' title='bbox 251 3770 458 3841; x_wconf 72' lang='grc' dir='ltr'>τροφὴν</span> <span class='ocrx_word' id='word_1_389' title='bbox 484 3770 545 3821; x_wconf 80' lang='grc' dir='ltr'>τὸ</span> <span class='ocrx_word' id='word_1_390' title='bbox 575 3770 773 3840; x_wconf 83' lang='grc' dir='ltr'>μάννα.</span> 
     </span>
    </p>
   </div>
   <div class='ocr_carea' id='block_1_54' title="bbox 327 3857 1825 3934">
    <p class='ocr_par' dir='ltr' id='par_1_54' title="bbox 327 3857 1825 3934">
     <span class='ocr_line' id='line_1_54' title="bbox 327 3857 1825 3934; baseline 0.004 -23"><span class='ocrx_word' id='word_1_391' title='bbox 327 3878 345 3911; x_wconf 79' lang='grc' dir='ltr'>ι</span> <span class='ocrx_word' id='word_1_392' title='bbox 372 3859 466 3914; x_wconf 86' lang='grc' dir='ltr'>Ἐκ</span> <span class='ocrx_word' id='word_1_393' title='bbox 490 3860 714 3923; x_wconf 83' lang='grc' dir='ltr'>στέατος</span> <span class='ocrx_word' id='word_1_394' title='bbox 735 3857 910 3931; x_wconf 86' lang='grc' dir='ltr'>πυροῦ</span> <span class='ocrx_word' id='word_1_395' title='bbox 937 3860 1031 3912; x_wconf 63' lang='grc' dir='ltr'>καλ⁵</span> <span class='ocrx_word' id='word_1_396' title='bbox 1057 3860 1120 3912; x_wconf 83' lang='grc' dir='ltr'>ἐκ</span> <span class='ocrx_word' id='word_1_397' title='bbox 1138 3859 1342 3929; x_wconf 82' lang='grc' dir='ltr'>πέτρας</span> <span class='ocrx_word' id='word_1_398' title='bbox 1387 3860 1510 3931; x_wconf 80' lang='grc' dir='ltr'>μέλι</span> <span class='ocrx_word' id='word_1_399' title='bbox 1533 3861 1825 3934; x_wconf 82' lang='grc' dir='ltr'>ἐχόρτασεν</span> 
     </span>
    </p>
   </div>
   <div class='ocr_carea' id='block_1_55' title="bbox 251 3946 1826 4017">
    <p class='ocr_par' dir='ltr' id='par_1_55' title="bbox 251 3946 1826 4017">
     <span class='ocr_line' id='line_1_55' title="bbox 251 3946 1826 4017; baseline 0.002 -13"><span class='ocrx_word' id='word_1_400' title='bbox 251 3950 473 4014; x_wconf 86' lang='grc' dir='ltr'>αύτούς.</span> <span class='ocrx_word' id='word_1_401' title='bbox 506 3969 526 4003; x_wconf 79' lang='grc' dir='ltr'>ι</span> <span class='ocrx_word' id='word_1_402' title='bbox 565 3980 639 3994; x_wconf 91' lang='lat'>--</span> <span class='ocrx_word' id='word_1_403' title='bbox 670 3950 740 4004; x_wconf 86' lang='grc' dir='ltr'><strong>Ὀ</strong></span> <span class='ocrx_word' id='word_1_404' title='bbox 770 3951 887 4004; x_wconf 80' lang='grc' dir='ltr'>ἐστι</span> <span class='ocrx_word' id='word_1_405' title='bbox 936 3949 998 4003; x_wconf 79' lang='grc' dir='ltr'>τὸ</span> <span class='ocrx_word' id='word_1_406' title='bbox 1020 3946 1112 4002; x_wconf 90' lang='grc' dir='ltr'>τοῦ</span> <span class='ocrx_word' id='word_1_407' title='bbox 1149 3950 1302 4002; x_wconf 91' lang='grc' dir='ltr'><strong>σίτου</strong></span> <span class='ocrx_word' id='word_1_408' title='bbox 1329 3949 1501 4017; x_wconf 78' lang='grc' dir='ltr'>ἐντὸς,</span> <span class='ocrx_word' id='word_1_409' title='bbox 1553 3951 1580 4004; x_wconf 86' lang='lat'>6</span> <span class='ocrx_word' id='word_1_410' title='bbox 1617 3953 1733 4006; x_wconf 83' lang='grc' dir='ltr'>ἐστι</span> <span class='ocrx_word' id='word_1_411' title='bbox 1763 3952 1826 4008; x_wconf 75' lang='grc' dir='ltr'>τὸ</span> 
     </span>
    </p>
   </div>
   <div class='ocr_carea' id='block_1_56' title="bbox 252 4040 1825 4116">
    <p class='ocr_par' dir='ltr' id='par_1_56' title="bbox 252 4040 1825 4116">
     <span class='ocr_line' id='line_1_56' title="bbox 252 4040 1825 4116; baseline 0.001 -21"><span class='ocrx_word' id='word_1_412' title='bbox 252 4043 582 4097; x_wconf 87' lang='grc' dir='ltr'>λεπτότατον</span> <span class='ocrx_word' id='word_1_413' title='bbox 641 4042 956 4113; x_wconf 82' lang='grc' dir='ltr'>ἀλευρον,ή</span> <span class='ocrx_word' id='word_1_414' title='bbox 1015 4040 1336 4113; x_wconf 76' lang='grc' dir='ltr'>σεμίδαλιςο</span> <span class='ocrx_word' id='word_1_415' title='bbox 1411 4041 1658 4100; x_wconf 83' lang='grc' dir='ltr'>τοιοῦτον</span> <span class='ocrx_word' id='word_1_416' title='bbox 1717 4045 1825 4116; x_wconf 84' lang='grc' dir='ltr'>γὰρ</span> 
     </span>
    </p>
   </div>
   <div class='ocr_carea' id='block_1_57' title="bbox 252 4134 1822 4209">
    <p class='ocr_par' dir='ltr' id='par_1_57' title="bbox 252 4134 1822 4209">
     <span class='ocr_line' id='line_1_57' title="bbox 252 4134 1822 4209; baseline 0.002 -23"><span class='ocrx_word' id='word_1_417' title='bbox 252 4135 400 4202; x_wconf 75' lang='grc' dir='ltr'>ἔδοξε</span> <span class='ocrx_word' id='word_1_418' title='bbox 453 4138 568 4200; x_wconf 91' lang='grc' dir='ltr'>τοῖς</span> <span class='ocrx_word' id='word_1_419' title='bbox 617 4135 898 4199; x_wconf 86' lang='grc' dir='ltr'><strong>Ἰουδαίοις</strong></span> <span class='ocrx_word' id='word_1_420' title='bbox 951 4137 1012 4188; x_wconf 79' lang='grc' dir='ltr'>τὸ</span> <span class='ocrx_word' id='word_1_421' title='bbox 1060 4135 1237 4202; x_wconf 82' lang='grc' dir='ltr'>μάννα</span> <span class='ocrx_word' id='word_1_422' title='bbox 1297 4134 1600 4206; x_wconf 87' lang='grc' dir='ltr'>σιλιγνίτης</span> <span class='ocrx_word' id='word_1_423' title='bbox 1634 4135 1822 4209; x_wconf 76' lang='grc' dir='ltr'>ἄρτος⁶</span> 
     </span>
    </p>
   </div>
   <div class='ocr_carea' id='block_1_58' title="bbox 251 4225 1372 4302">
    <p class='ocr_par' dir='ltr' id='par_1_58' title="bbox 251 4225 1372 4302">
     <span class='ocr_line' id='line_1_58' title="bbox 251 4225 1372 4302; baseline 0 -19"><span class='ocrx_word' id='word_1_424' title='bbox 251 4229 442 4302; x_wconf 79' lang='grc' dir='ltr'>ὥσπερ</span> <span class='ocrx_word' id='word_1_425' title='bbox 470 4231 564 4284; x_wconf 79' lang='grc' dir='ltr'>καὶ</span> <span class='ocrx_word' id='word_1_426' title='bbox 592 4229 652 4282; x_wconf 80' lang='grc' dir='ltr'>τὺ</span> <span class='ocrx_word' id='word_1_427' title='bbox 683 4228 828 4300; x_wconf 82' lang='grc' dir='ltr'>ὕδωρ</span> <span class='ocrx_word' id='word_1_428' title='bbox 867 4228 988 4296; x_wconf 84' lang='grc' dir='ltr'>μέλι</span> <span class='ocrx_word' id='word_1_429' title='bbox 1015 4225 1372 4296; x_wconf 85' lang='grc' dir='ltr'>γλυκύτατον.</span> 
     </span>
    </p>
   </div>
   <div class='ocr_carea' id='block_1_59' title="bbox 803 4317 1260 4375">
    <p class='ocr_par' dir='ltr' id='par_1_59' title="bbox 803 4317 1260 4375">
     <span class='ocr_line' id='line_1_59' title="bbox 803 4317 1260 4375; baseline 0.004 -2"><span class='ocrx_word' id='word_1_430' title='bbox 803 4319 1100 4374; x_wconf 74' lang='grc' dir='ltr'>ΨΑΛΜΟΣ</span> <span class='ocrx_word' id='word_1_431' title='bbox 1134 4317 1260 4375; x_wconf 81' lang='lat' dir='ltr'>ﬂA&#39;.</span> 
     </span>
    </p>
   </div>
   <div class='ocr_carea' id='block_1_60' title="bbox 327 4411 1826 4485">
    <p class='ocr_par' dir='ltr' id='par_1_60' title="bbox 327 4411 1826 4485">
     <span class='ocr_line' id='line_1_60' title="bbox 327 4411 1826 4485; baseline 0.002 -19"><span class='ocrx_word' id='word_1_432' title='bbox 327 4431 346 4466; x_wconf 86' lang='grc' dir='ltr'>ι</span> <span class='ocrx_word' id='word_1_433' title='bbox 382 4413 613 4484; x_wconf 80' lang='grc' dir='ltr'>Ψαλμδς</span> <span class='ocrx_word' id='word_1_434' title='bbox 650 4411 728 4482; x_wconf 82' lang='grc' dir='ltr'><strong>τῷ</strong></span> <span class='ocrx_word' id='word_1_435' title='bbox 759 4411 954 4480; x_wconf 84' lang='grc' dir='ltr'>Ἀσάφ.</span> <span class='ocrx_word' id='word_1_436' title='bbox 986 4429 1005 4464; x_wconf 75' lang='grc' dir='ltr'>ι</span> <span class='ocrx_word' id='word_1_437' title='bbox 1043 4441 1113 4454; x_wconf 76' lang='grc' dir='ltr'>ι-</span> <span class='ocrx_word' id='word_1_438' title='bbox 1146 4412 1522 4483; x_wconf 85' lang='grc' dir='ltr'>Προαγορεύει</span> <span class='ocrx_word' id='word_1_439' title='bbox 1552 4413 1646 4467; x_wconf 80' lang='grc' dir='ltr'>τὸν</span> <span class='ocrx_word' id='word_1_440' title='bbox 1673 4413 1826 4485; x_wconf 86' lang='grc' dir='ltr'>παρά</span> 
     </span>
    </p>
   </div>
   <div class='ocr_carea' id='block_1_61' title="bbox 251 4503 1823 4578">
    <p class='ocr_par' dir='ltr' id='par_1_61' title="bbox 251 4503 1823 4578">
     <span class='ocr_line' id='line_1_61' title="bbox 251 4503 1823 4578; baseline -0.003 -15"><span class='ocrx_word' id='word_1_441' title='bbox 251 4510 346 4563; x_wconf 87' lang='grc' dir='ltr'>τοῦ</span> <span class='ocrx_word' id='word_1_442' title='bbox 380 4505 622 4578; x_wconf 80' lang='grc' dir='ltr'>Χριστοῦ</span> <span class='ocrx_word' id='word_1_443' title='bbox 654 4504 797 4559; x_wconf 87' lang='grc' dir='ltr'>κατά</span> <span class='ocrx_word' id='word_1_444' title='bbox 843 4503 954 4557; x_wconf 86' lang='grc' dir='ltr'>τῶν</span> <span class='ocrx_word' id='word_1_445' title='bbox 1005 4507 1384 4575; x_wconf 81' lang='grc' dir='ltr'>γραμματέων</span> <span class='ocrx_word' id='word_1_446' title='bbox 1412 4505 1508 4558; x_wconf 80' lang='grc' dir='ltr'>καὶ</span> <span class='ocrx_word' id='word_1_447' title='bbox 1530 4504 1638 4559; x_wconf 90' lang='grc' dir='ltr'>τῶν</span> <span class='ocrx_word' id='word_1_448' title='bbox 1665 4506 1823 4576; x_wconf 80' lang='grc' dir='ltr'>Φαριο</span> 
     </span>
    </p>
   </div>
   <div class='ocr_carea' id='block_1_62' title="bbox 254 4602 698 4672">
    <p class='ocr_par' dir='ltr' id='par_1_62' title="bbox 254 4602 698 4672">
     <span class='ocr_line' id='line_1_62' title="bbox 254 4602 698 4672; baseline -0.011 -14"><span class='ocrx_word' id='word_1_449' title='bbox 254 4602 421 4658; x_wconf 85' lang='grc' dir='ltr'>σαίων</span> <span class='ocrx_word' id='word_1_450' title='bbox 455 4603 698 4672; x_wconf 76' lang='grc' dir='ltr'>ἔλεγχον.</span> 
     </span>
    </p>
   </div>
   <div class='ocr_carea' id='block_1_63' title="bbox 329 4686 1822 4765">
    <p class='ocr_par' dir='ltr' id='par_1_63' title="bbox 329 4686 1822 4765">
     <span class='ocr_line' id='line_1_63' title="bbox 329 4686 1822 4765; baseline -0.009 -17"><span class='ocrx_word' id='word_1_451' title='bbox 329 4696 492 4758; x_wconf 75' lang='grc' dir='ltr'>«Θεὸς</span> <span class='ocrx_word' id='word_1_452' title='bbox 524 4693 657 4763; x_wconf 79' lang='grc' dir='ltr'>ἔστη</span> <span class='ocrx_word' id='word_1_453' title='bbox 687 4695 746 4746; x_wconf 86' lang='grc' dir='ltr'>ἐν</span> <span class='ocrx_word' id='word_1_454' title='bbox 790 4691 1083 4761; x_wconf 73' lang='grc' dir='ltr'>συναγωγῇ</span> <span class='ocrx_word' id='word_1_455' title='bbox 1121 4686 1284 4743; x_wconf 84' lang='grc' dir='ltr'>θεῶν.</span> <span class='ocrx_word' id='word_1_456' title='bbox 1305 4709 1324 4733; x_wconf 79' lang='grc' dir='ltr'>ι</span> <span class='ocrx_word' id='word_1_457' title='bbox 1354 4720 1425 4732; x_wconf 91' lang='grc'><strong>-</strong></span> <span class='ocrx_word' id='word_1_458' title='bbox 1470 4691 1609 4755; x_wconf 71' lang='grc' dir='ltr'><strong>Τοὺς</strong></span> <span class='ocrx_word' id='word_1_459' title='bbox 1641 4709 1822 4765; x_wconf 78' lang='grc' dir='ltr'>γραμ-</span> 
     </span>
    </p>
   </div>
   <div class='ocr_carea' id='block_1_64' title="bbox 253 4784 1826 4864">
    <p class='ocr_par' dir='ltr' id='par_1_64' title="bbox 253 4784 1826 4864">
     <span class='ocr_line' id='line_1_64' title="bbox 253 4784 1826 4864; baseline -0.003 -18"><span class='ocrx_word' id='word_1_460' title='bbox 253 4795 444 4864; x_wconf 84' lang='grc' dir='ltr'>ματεῖς</span> <span class='ocrx_word' id='word_1_461' title='bbox 471 4790 564 4844; x_wconf 66' lang='grc' dir='ltr'>καὶ</span> <span class='ocrx_word' id='word_1_462' title='bbox 578 4786 908 4859; x_wconf 80' lang='grc' dir='ltr'>Φαρισαίους</span> <span class='ocrx_word' id='word_1_463' title='bbox 928 4789 955 4840; x_wconf 89' lang='lat'>6</span> <span class='ocrx_word' id='word_1_464' title='bbox 973 4785 1264 4856; x_wconf 77' lang='grc' dir='ltr'>Προφήτης</span> <span class='ocrx_word' id='word_1_465' title='bbox 1291 4784 1446 4848; x_wconf 80' lang='grc' dir='ltr'>θεοὺς</span> <span class='ocrx_word' id='word_1_466' title='bbox 1463 4785 1714 4856; x_wconf 77' lang='grc' dir='ltr'>ὠνόμασε</span> <span class='ocrx_word' id='word_1_467' title='bbox 1737 4787 1826 4842; x_wconf 88' lang='grc' dir='ltr'>διά</span> 
     </span>
    </p>
   </div>
   <div class='ocr_carea' id='block_1_65' title="bbox 254 4874 1320 4954">
    <p class='ocr_par' dir='ltr' id='par_1_65' title="bbox 254 4874 1320 4954">
     <span class='ocr_line' id='line_1_65' title="bbox 254 4874 1320 4954; baseline -0.01 -15"><span class='ocrx_word' id='word_1_468' title='bbox 254 4885 314 4938; x_wconf 76' lang='grc' dir='ltr'>τὸ</span> <span class='ocrx_word' id='word_1_469' title='bbox 343 4881 570 4954; x_wconf 74' lang='grc' dir='ltr'>ἀρχικὸν</span> <span class='ocrx_word' id='word_1_470' title='bbox 597 4881 692 4934; x_wconf 79' lang='grc' dir='ltr'>καὶ</span> <span class='ocrx_word' id='word_1_471' title='bbox 730 4877 1046 4932; x_wconf 69' lang='grc' dir='ltr'>δικαστικὸν</span> <span class='ocrx_word' id='word_1_472' title='bbox 1081 4874 1320 4942; x_wconf 82' lang='grc' dir='ltr'>ἀξίωμα.</span> 
     </span>
    </p>
   </div>
   <div class='ocr_carea' id='block_1_66' title="bbox 328 4964 1823 5042">
    <p class='ocr_par' dir='ltr' id='par_1_66' title="bbox 328 4964 1823 5042">
     <span class='ocr_line' id='line_1_66' title="bbox 328 4964 1823 5042; baseline -0.013 -15"><span class='ocrx_word' id='word_1_473' title='bbox 328 4992 347 5026; x_wconf 79' lang='grc' dir='ltr'>ι</span> <span class='ocrx_word' id='word_1_474' title='bbox 387 4971 478 5027; x_wconf 83' lang='grc' dir='ltr'>Ἐν</span> <span class='ocrx_word' id='word_1_475' title='bbox 502 4973 652 5042; x_wconf 83' lang='grc' dir='ltr'>μέσῳ</span> <span class='ocrx_word' id='word_1_476' title='bbox 673 4969 728 5022; x_wconf 83' lang='grc' dir='ltr'>δὲ</span> <span class='ocrx_word' id='word_1_477' title='bbox 760 4967 916 5031; x_wconf 79' lang='grc' dir='ltr'>θεοὺς</span> <span class='ocrx_word' id='word_1_478' title='bbox 941 4964 1228 5035; x_wconf 83' lang='grc' dir='ltr'>διακρινεῖ.</span> <span class='ocrx_word' id='word_1_479' title='bbox 1263 4985 1282 5016; x_wconf 74' lang='grc' dir='ltr'>ι</span> <span class='ocrx_word' id='word_1_480' title='bbox 1311 4995 1378 5006; x_wconf 90' lang='lat'><strong><em>—</em></strong></span> <span class='ocrx_word' id='word_1_481' title='bbox 1407 4965 1697 5034; x_wconf 73' lang='grc' dir='ltr'>Τουτέστι,</span> <span class='ocrx_word' id='word_1_482' title='bbox 1717 4982 1823 5036; x_wconf 84' lang='grc' dir='ltr'>φα.</span> 
     </span>
    </p>
   </div>
   <div class='ocr_carea' id='block_1_67' title="bbox 252 5061 1071 5138">
    <p class='ocr_par' dir='ltr' id='par_1_67' title="bbox 252 5061 1071 5138">
     <span class='ocr_line' id='line_1_67' title="bbox 252 5061 1071 5138; baseline -0.01 -16"><span class='ocrx_word' id='word_1_483' title='bbox 252 5067 426 5138; x_wconf 89' lang='grc' dir='ltr'>νερῶς</span> <span class='ocrx_word' id='word_1_484' title='bbox 445 5064 653 5134; x_wconf 81' lang='grc' dir='ltr'>ἐλέγξει</span> <span class='ocrx_word' id='word_1_485' title='bbox 705 5061 879 5116; x_wconf 85' lang='grc' dir='ltr'>ὁποῖοί</span> <span class='ocrx_word' id='word_1_486' title='bbox 909 5061 1071 5115; x_wconf 77' lang='grc' dir='ltr'>εἰσιν.</span> 
     </span>
    </p>
   </div>
   <div class='ocr_carea' id='block_1_68' title="bbox 323 5150 1823 5224">
    <p class='ocr_par' dir='ltr' id='par_1_68' title="bbox 323 5150 1823 5224">
     <span class='ocr_line' id='line_1_68' title="bbox 323 5150 1823 5224; baseline -0.004 -13"><span class='ocrx_word' id='word_1_487' title='bbox 323 5176 343 5211; x_wconf 76' lang='grc' dir='ltr'>ι</span> <span class='ocrx_word' id='word_1_488' title='bbox 377 5159 526 5219; x_wconf 83' lang='grc' dir='ltr'>Ἕως</span> <span class='ocrx_word' id='word_1_489' title='bbox 551 5157 682 5209; x_wconf 88' lang='grc' dir='ltr'>πότε</span> <span class='ocrx_word' id='word_1_490' title='bbox 712 5153 930 5224; x_wconf 83' lang='grc' dir='ltr'>κρίνετε</span> <span class='ocrx_word' id='word_1_491' title='bbox 972 5150 1189 5206; x_wconf 81' lang='grc' dir='ltr'>ἀδικίαν</span> <span class='ocrx_word' id='word_1_492' title='bbox 1213 5151 1307 5205; x_wconf 75' lang='grc' dir='ltr'>καὶ</span> <span class='ocrx_word' id='word_1_493' title='bbox 1341 5152 1609 5222; x_wconf 86' lang='grc' dir='ltr'>πρόσωπα</span> <span class='ocrx_word' id='word_1_494' title='bbox 1641 5153 1823 5224; x_wconf 80' lang='grc' dir='ltr'>ἀμαρ-</span> 
     </span>
    </p>
   </div>
   <div class='ocr_carea' id='block_1_69' title="bbox 252 5243 1823 5318">
    <p class='ocr_par' dir='ltr' id='par_1_69' title="bbox 252 5243 1823 5318">
     <span class='ocr_line' id='line_1_69' title="bbox 252 5243 1823 5318; baseline -0.006 -13"><span class='ocrx_word' id='word_1_495' title='bbox 252 5251 440 5305; x_wconf 87' lang='grc' dir='ltr'>τωλῶν</span> <span class='ocrx_word' id='word_1_496' title='bbox 471 5246 823 5318; x_wconf 73' lang='grc' dir='ltr'>λαμϐάνετες</span> <span class='ocrx_word' id='word_1_497' title='bbox 873 5262 892 5296; x_wconf 76' lang='grc' dir='ltr'>ι</span> <span class='ocrx_word' id='word_1_498' title='bbox 931 5272 1000 5286; x_wconf 75' lang='grc'><strong><em>-</em></strong></span> <span class='ocrx_word' id='word_1_499' title='bbox 1052 5243 1225 5296; x_wconf 86' lang='grc' dir='ltr'>Τοῦτο</span> <span class='ocrx_word' id='word_1_500' title='bbox 1262 5244 1323 5296; x_wconf 81' lang='grc' dir='ltr'>τὸ</span> <span class='ocrx_word' id='word_1_501' title='bbox 1373 5244 1617 5316; x_wconf 76' lang='grc' dir='ltr'>ἔλεγχος.</span> <span class='ocrx_word' id='word_1_502' title='bbox 1647 5244 1722 5299; x_wconf 89' lang='lat' dir='ltr'><em>T6</em></span> <span class='ocrx_word' id='word_1_503' title='bbox 1766 5245 1823 5298; x_wconf 77' lang='grc' dir='ltr'>δὲ</span> 
     </span>
    </p>
   </div>
   <div class='ocr_carea' id='block_1_70' title="bbox 251 5331 1824 5409">
    <p class='ocr_par' dir='ltr' id='par_1_70' title="bbox 251 5331 1824 5409">
     <span class='ocr_line' id='line_1_70' title="bbox 251 5331 1824 5409; baseline -0.003 -16"><span class='ocrx_word' id='word_1_504' title='bbox 251 5337 587 5409; x_wconf 64' lang='grc' dir='ltr'>λαμϐάνετε</span> <span class='ocrx_word' id='word_1_505' title='bbox 647 5335 771 5389; x_wconf 60' lang='grc' dir='ltr'>ἀντὶ⁵</span> <span class='ocrx_word' id='word_1_506' title='bbox 815 5331 910 5387; x_wconf 90' lang='grc' dir='ltr'>τοῦ</span> <span class='ocrx_word' id='word_1_507' title='bbox 946 5332 1288 5389; x_wconf 80' lang='grc' dir='ltr'>εὐλαϐεῖσθε.</span> <span class='ocrx_word' id='word_1_508' title='bbox 1341 5333 1730 5406; x_wconf 77' lang='grc' dir='ltr'>Ἀμαρτωλοὺς</span> <span class='ocrx_word' id='word_1_509' title='bbox 1766 5335 1824 5388; x_wconf 80' lang='grc' dir='ltr'>δὲ</span> 
     </span>
    </p>
   </div>
   <div class='ocr_carea' id='block_1_71' title="bbox 247 5427 1151 5506">
    <p class='ocr_par' dir='ltr' id='par_1_71' title="bbox 247 5427 1151 5506">
     <span class='ocr_line' id='line_1_71' title="bbox 247 5427 1151 5506; baseline -0.004 -20"><span class='ocrx_word' id='word_1_510' title='bbox 247 5434 346 5506; x_wconf 58' lang='grc' dir='ltr'>μῦν</span> <span class='ocrx_word' id='word_1_511' title='bbox 370 5432 495 5493; x_wconf 83' lang='grc' dir='ltr'>τοὺς</span> <span class='ocrx_word' id='word_1_512' title='bbox 519 5429 741 5492; x_wconf 82' lang='grc' dir='ltr'>ἀδίκους</span> <span class='ocrx_word' id='word_1_513' title='bbox 776 5428 942 5496; x_wconf 77' lang='grc' dir='ltr'>φησὶν</span> <span class='ocrx_word' id='word_1_514' title='bbox 985 5427 1151 5491; x_wconf 76' lang='grc' dir='ltr'>ἰδίως.</span> 
     </span>
    </p>
   </div>
   <div class='ocr_carea' id='block_1_72' title="bbox 334 5518 1827 5594">
    <p class='ocr_par' dir='ltr' id='par_1_72' title="bbox 334 5518 1827 5594">
     <span class='ocr_line' id='line_1_72' title="bbox 334 5518 1827 5594; baseline 0 -18"><span class='ocrx_word' id='word_1_515' title='bbox 334 5523 622 5594; x_wconf 71' lang='grc' dir='ltr'>ιιΚρίνατε</span> <span class='ocrx_word' id='word_1_516' title='bbox 649 5519 873 5590; x_wconf 82' lang='grc' dir='ltr'>ὀρφανῷ</span> <span class='ocrx_word' id='word_1_517' title='bbox 905 5518 1002 5572; x_wconf 77' lang='grc' dir='ltr'>καὶ</span> <span class='ocrx_word' id='word_1_518' title='bbox 1051 5519 1273 5590; x_wconf 83' lang='grc' dir='ltr'>πτωχῷ,</span> <span class='ocrx_word' id='word_1_519' title='bbox 1303 5520 1560 5574; x_wconf 70' lang='grc' dir='ltr'>ταπεινὸν</span> <span class='ocrx_word' id='word_1_520' title='bbox 1603 5523 1700 5576; x_wconf 84' lang='grc' dir='ltr'>καὶ</span> <span class='ocrx_word' id='word_1_521' title='bbox 1733 5523 1827 5576; x_wconf 79' lang='grc' dir='ltr'>πέ-</span> 
     </span>
    </p>
   </div>
   <div class='ocr_carea' id='block_1_73' title="bbox 251 5612 1826 5685">
    <p class='ocr_par' dir='ltr' id='par_1_73' title="bbox 251 5612 1826 5685">
     <span class='ocr_line' id='line_1_73' title="bbox 251 5612 1826 5685; baseline 0.001 -18"><span class='ocrx_word' id='word_1_522' title='bbox 251 5631 392 5685; x_wconf 88' lang='grc' dir='ltr'>νητα</span> <span class='ocrx_word' id='word_1_523' title='bbox 422 5613 775 5667; x_wconf 86' lang='grc' dir='ltr'>δικαιώσατε.</span> <span class='ocrx_word' id='word_1_524' title='bbox 817 5631 838 5665; x_wconf 73' lang='grc' dir='ltr'>ι</span> <span class='ocrx_word' id='word_1_525' title='bbox 869 5643 937 5654; x_wconf 90' lang='grc'><strong><em>-</em></strong></span> <span class='ocrx_word' id='word_1_526' title='bbox 975 5612 1048 5664; x_wconf 87' lang='grc' dir='ltr'>Τὸ</span> <span class='ocrx_word' id='word_1_527' title='bbox 1077 5612 1433 5667; x_wconf 83' lang='grc' dir='ltr'>δικαιώσατε</span> <span class='ocrx_word' id='word_1_528' title='bbox 1478 5615 1597 5668; x_wconf 71' lang='grc' dir='ltr'>ἀντὶ</span> <span class='ocrx_word' id='word_1_529' title='bbox 1631 5615 1722 5668; x_wconf 88' lang='grc' dir='ltr'>τοῦ</span> <span class='ocrx_word' id='word_1_530' title='bbox 1745 5617 1826 5669; x_wconf 82' lang='grc' dir='ltr'>δι-</span> 
     </span>
    </p>
   </div>
   <div class='ocr_carea' id='block_1_74' title="bbox 253 5704 1824 5776">
    <p class='ocr_par' dir='ltr' id='par_1_74' title="bbox 253 5704 1824 5776">
     <span class='ocr_line' id='line_1_74' title="bbox 253 5704 1824 5776; baseline 0.001 -16"><span class='ocrx_word' id='word_1_531' title='bbox 253 5712 415 5760; x_wconf 81' lang='grc' dir='ltr'>καξαν</span> <span class='ocrx_word' id='word_1_532' title='bbox 438 5706 622 5776; x_wconf 76' lang='grc' dir='ltr'>ψῆφον</span> <span class='ocrx_word' id='word_1_533' title='bbox 651 5705 994 5774; x_wconf 77' lang='grc' dir='ltr'>ἐξενέγκατε.</span> <span class='ocrx_word' id='word_1_534' title='bbox 1023 5704 1196 5758; x_wconf 86' lang='grc' dir='ltr'>Τοῦτο</span> <span class='ocrx_word' id='word_1_535' title='bbox 1230 5706 1283 5758; x_wconf 86' lang='grc' dir='ltr'>δὲ</span> <span class='ocrx_word' id='word_1_536' title='bbox 1313 5708 1657 5776; x_wconf 50' lang='grc' dir='ltr'>σαςηνισμός</span> <span class='ocrx_word' id='word_1_537' title='bbox 1705 5709 1824 5761; x_wconf 86' lang='grc' dir='ltr'>ἐστι</span> 
     </span>
    </p>
   </div>
   <div class='ocr_carea' id='block_1_75' title="bbox 252 5801 674 5870">
    <p class='ocr_par' dir='ltr' id='par_1_75' title="bbox 252 5801 674 5870">
     <span class='ocr_line' id='line_1_75' title="bbox 252 5801 674 5870; baseline 0 -17"><span class='ocrx_word' id='word_1_538' title='bbox 252 5801 344 5854; x_wconf 87' lang='grc' dir='ltr'>τοῦ</span> <span class='ocrx_word' id='word_1_539' title='bbox 377 5802 674 5870; x_wconf 85' lang='grc' dir='ltr'>κρίνοντος.</span> 
     </span>
    </p>
   </div>
   <div class='ocr_carea' id='block_1_76' title="bbox 330 5891 1820 5964">
    <p class='ocr_par' dir='ltr' id='par_1_76' title="bbox 330 5891 1820 5964">
     <span class='ocr_line' id='line_1_76' title="bbox 330 5891 1820 5964; baseline 0.001 -18"><span class='ocrx_word' id='word_1_540' title='bbox 330 5913 348 5946; x_wconf 83' lang='grc' dir='ltr'>ι</span> <span class='ocrx_word' id='word_1_541' title='bbox 387 5895 500 5949; x_wconf 75' lang='grc' dir='ltr'>Οὐκ</span> <span class='ocrx_word' id='word_1_542' title='bbox 527 5896 795 5964; x_wconf 74' lang='grc' dir='ltr'>ἔγνωσαν,</span> <span class='ocrx_word' id='word_1_543' title='bbox 851 5893 972 5948; x_wconf 72' lang='grc' dir='ltr'>οὐδὲ</span> <span class='ocrx_word' id='word_1_544' title='bbox 1012 5891 1274 5964; x_wconf 75' lang='grc' dir='ltr'>συνῆκαν⁹</span> <span class='ocrx_word' id='word_1_545' title='bbox 1316 5895 1372 5950; x_wconf 79' lang='grc' dir='ltr'>ὲν</span> <span class='ocrx_word' id='word_1_546' title='bbox 1408 5894 1590 5949; x_wconf 81' lang='grc' dir='ltr'>σκότει</span> <span class='ocrx_word' id='word_1_547' title='bbox 1628 5893 1820 5951; x_wconf 78' lang='grc' dir='ltr'>διαπο-</span> 
     </span>
    </p>
   </div>
   <div class='ocr_carea' id='block_1_77' title="bbox 1935 2003 3509 2082">
    <p class='ocr_par' dir='ltr' id='par_1_77' title="bbox 1935 2003 3509 2082">
     <span class='ocr_line' id='line_1_77' title="bbox 1935 2003 3509 2082; baseline 0.006 -26"><span class='ocrx_word' id='word_1_548' title='bbox 1935 2003 2076 2072; x_wconf 80' lang='grc' dir='ltr'>πρδς</span> <span class='ocrx_word' id='word_1_549' title='bbox 2110 2005 2169 2058; x_wconf 77' lang='grc' dir='ltr'>τὸ</span> <span class='ocrx_word' id='word_1_550' title='bbox 2201 2005 2498 2060; x_wconf 87' lang='grc' dir='ltr'>ἀποθανεῖν</span> <span class='ocrx_word' id='word_1_551' title='bbox 2530 2010 2694 2078; x_wconf 90' lang='grc' dir='ltr'>μόνον</span> <span class='ocrx_word' id='word_1_552' title='bbox 2753 2010 2987 2082; x_wconf 79' lang='grc' dir='ltr'>ζητεῖτε,</span> <span class='ocrx_word' id='word_1_553' title='bbox 3023 2012 3118 2066; x_wconf 72' lang='grc' dir='ltr'>καὶ</span> <span class='ocrx_word' id='word_1_554' title='bbox 3151 2013 3212 2065; x_wconf 85' lang='grc' dir='ltr'>ού</span> <span class='ocrx_word' id='word_1_555' title='bbox 3269 2014 3407 2079; x_wconf 69' lang='grc' dir='ltr'>πρὶς</span> <span class='ocrx_word' id='word_1_556' title='bbox 3447 2013 3509 2065; x_wconf 81' lang='grc' dir='ltr'>τὸ</span> 
     </span>
    </p>
   </div>
   <div class='ocr_carea' id='block_1_78' title="bbox 1933 2099 3508 2176">
    <p class='ocr_par' dir='ltr' id='par_1_78' title="bbox 1933 2099 3508 2176">
     <span class='ocr_line' id='line_1_78' title="bbox 1933 2099 3508 2176; baseline 0.005 -26"><span class='ocrx_word' id='word_1_557' title='bbox 1933 2099 2033 2168; x_wconf 81' lang='grc' dir='ltr'>τὴν</span> <span class='ocrx_word' id='word_1_558' title='bbox 2056 2100 2306 2170; x_wconf 66' lang='grc' dir='ltr'>κρείττωΔ</span> <span class='ocrx_word' id='word_1_559' title='bbox 2330 2103 2424 2155; x_wconf 71' lang='grc' dir='ltr'>καὶ</span> <span class='ocrx_word' id='word_1_560' title='bbox 2455 2102 2624 2167; x_wconf 74' lang='grc' dir='ltr'>ὄντως</span> <span class='ocrx_word' id='word_1_561' title='bbox 2653 2103 2811 2173; x_wconf 78' lang='grc' dir='ltr'>ζῆσαι</span> <span class='ocrx_word' id='word_1_562' title='bbox 2848 2106 3013 2176; x_wconf 79' lang='grc' dir='ltr'>ζωὴν,</span> <span class='ocrx_word' id='word_1_563' title='bbox 3047 2104 3138 2159; x_wconf 81' lang='grc' dir='ltr'>καὶ</span> <span class='ocrx_word' id='word_1_564' title='bbox 3165 2105 3508 2159; x_wconf 86' lang='grc' dir='ltr'>ἀποπίπτετε</span> 
     </span>
    </p>
   </div>
   <div class='ocr_carea' id='block_1_79' title="bbox 1931 2189 3508 2267">
    <p class='ocr_par' dir='ltr' id='par_1_79' title="bbox 1931 2189 3508 2267">
     <span class='ocr_line' id='line_1_79' title="bbox 1931 2189 3508 2267; baseline 0.005 -24"><span class='ocrx_word' id='word_1_565' title='bbox 1931 2189 2030 2257; x_wconf 80' lang='grc' dir='ltr'>τῆς</span> <span class='ocrx_word' id='word_1_566' title='bbox 2054 2191 2184 2260; x_wconf 86' lang='grc' dir='ltr'>ύμῖν</span> <span class='ocrx_word' id='word_1_567' title='bbox 2211 2193 2610 2265; x_wconf 76' lang='grc' dir='ltr'>ἀφωρισμένης</span> <span class='ocrx_word' id='word_1_568' title='bbox 2641 2196 2811 2265; x_wconf 86' lang='grc' dir='ltr'>τιμῆς</span> <span class='ocrx_word' id='word_1_569' title='bbox 2829 2196 2905 2260; x_wconf 87' lang='grc' dir='ltr'>ῶς</span> <span class='ocrx_word' id='word_1_570' title='bbox 2929 2195 3010 2261; x_wconf 77' lang='grc' dir='ltr'>εἷς</span> <span class='ocrx_word' id='word_1_571' title='bbox 3043 2198 3148 2251; x_wconf 89' lang='grc' dir='ltr'>τῶν</span> <span class='ocrx_word' id='word_1_572' title='bbox 3177 2199 3234 2250; x_wconf 88' lang='grc' dir='ltr'>ἐν</span> <span class='ocrx_word' id='word_1_573' title='bbox 3252 2198 3508 2267; x_wconf 84' lang='grc' dir='ltr'>ἀγγέλοις</span> 
     </span>
    </p>
   </div>
   <div class='ocr_carea' id='block_1_80' title="bbox 1931 2283 3505 2360">
    <p class='ocr_par' dir='ltr' id='par_1_80' title="bbox 1931 2283 3505 2360">
     <span class='ocr_line' id='line_1_80' title="bbox 1931 2283 3505 2360; baseline 0.022 -25"><span class='ocrx_word' id='word_1_574' title='bbox 1931 2283 2233 2353; x_wconf 79' lang='grc' dir='ltr'>ἀρχόντων,</span> <span class='ocrx_word' id='word_1_575' title='bbox 2287 2287 2398 2340; x_wconf 88' lang='grc' dir='ltr'>τῶν</span> <span class='ocrx_word' id='word_1_576' title='bbox 2438 2288 2514 2358; x_wconf 79' lang='grc' dir='ltr'>μὴ</span> <span class='ocrx_word' id='word_1_577' title='bbox 2576 2287 2966 2359; x_wconf 80' lang='grc' dir='ltr'>προσηκόντως</span> <span class='ocrx_word' id='word_1_578' title='bbox 3017 2288 3382 2360; x_wconf 77' lang='grc' dir='ltr'>χρησαμένων</span> <span class='ocrx_word' id='word_1_579' title='bbox 3439 2292 3505 2358; x_wconf 69' lang='grc' dir='ltr'>τῇ</span> 
     </span>
    </p>
   </div>
   <div class='ocr_carea' id='block_1_81' title="bbox 1930 2381 2410 2454">
    <p class='ocr_par' dir='ltr' id='par_1_81' title="bbox 1930 2381 2410 2454">
     <span class='ocr_line' id='line_1_81' title="bbox 1930 2381 2410 2454; baseline 0.015 -22"><span class='ocrx_word' id='word_1_580' title='bbox 1930 2382 2072 2450; x_wconf 79' lang='grc' dir='ltr'>ἀρχῇ</span> <span class='ocrx_word' id='word_1_581' title='bbox 2099 2381 2188 2436; x_wconf 82' lang='grc' dir='ltr'>διὰ</span> <span class='ocrx_word' id='word_1_582' title='bbox 2211 2381 2410 2454; x_wconf 76' lang='grc' dir='ltr'>οίησιν.</span> 
     </span>
    </p>
   </div>
   <div class='ocr_carea' id='block_1_82' title="bbox 2011 2475 3511 2550">
    <p class='ocr_par' dir='ltr' id='par_1_82' title="bbox 2011 2475 3511 2550">
     <span class='ocr_line' id='line_1_82' title="bbox 2011 2475 3511 2550; baseline 0.004 -22"><span class='ocrx_word' id='word_1_583' title='bbox 2011 2493 2030 2527; x_wconf 81' lang='grc' dir='ltr'>ι</span> <span class='ocrx_word' id='word_1_584' title='bbox 2069 2475 2329 2546; x_wconf 84' lang='grc' dir='ltr'>Ἀνάστα,</span> <span class='ocrx_word' id='word_1_585' title='bbox 2364 2481 2392 2532; x_wconf 93' lang='lat'>6</span> <span class='ocrx_word' id='word_1_586' title='bbox 2422 2479 2577 2547; x_wconf 76' lang='grc' dir='ltr'>Θεὸς,</span> <span class='ocrx_word' id='word_1_587' title='bbox 2629 2481 2816 2550; x_wconf 88' lang='grc' dir='ltr'>κρῖνον</span> <span class='ocrx_word' id='word_1_588' title='bbox 2845 2480 2944 2550; x_wconf 76' lang='grc' dir='ltr'>τὴν</span> <span class='ocrx_word' id='word_1_589' title='bbox 2988 2480 3114 2549; x_wconf 79' lang='grc' dir='ltr'>γῆν.</span> <span class='ocrx_word' id='word_1_590' title='bbox 3142 2499 3162 2533; x_wconf 86' lang='grc'><strong>›</strong></span> <span class='ocrx_word' id='word_1_591' title='bbox 3196 2506 3268 2524; x_wconf 87' lang='lat'>—-</span> <span class='ocrx_word' id='word_1_592' title='bbox 3290 2479 3511 2534; x_wconf 83' lang='grc' dir='ltr'>Ἐντεῦ-</span> 
     </span>
    </p>
   </div>
   <div class='ocr_carea' id='block_1_83' title="bbox 1936 2566 3508 2642">
    <p class='ocr_par' dir='ltr' id='par_1_83' title="bbox 1936 2566 3508 2642">
     <span class='ocr_line' id='line_1_83' title="bbox 1936 2566 3508 2642; baseline 0.003 -23"><span class='ocrx_word' id='word_1_593' title='bbox 1936 2566 2030 2620; x_wconf 88' lang='grc' dir='ltr'>θεν</span> <span class='ocrx_word' id='word_1_594' title='bbox 2063 2569 2411 2640; x_wconf 82' lang='grc' dir='ltr'>όΠροφήτης</span> <span class='ocrx_word' id='word_1_595' title='bbox 2459 2571 2648 2642; x_wconf 86' lang='grc' dir='ltr'>οίκείῳ</span> <span class='ocrx_word' id='word_1_596' title='bbox 2699 2572 2978 2642; x_wconf 83' lang='grc' dir='ltr'>προσώπῳ</span> <span class='ocrx_word' id='word_1_597' title='bbox 3028 2571 3120 2624; x_wconf 82' lang='grc' dir='ltr'>τὸν</span> <span class='ocrx_word' id='word_1_598' title='bbox 3150 2571 3312 2640; x_wconf 88' lang='grc' dir='ltr'>μόνον</span> <span class='ocrx_word' id='word_1_599' title='bbox 3375 2572 3508 2626; x_wconf 86' lang='grc' dir='ltr'>ίδιον</span> 
     </span>
    </p>
   </div>
   <div class='ocr_carea' id='block_1_84' title="bbox 1933 2659 3508 2734">
    <p class='ocr_par' dir='ltr' id='par_1_84' title="bbox 1933 2659 3508 2734">
     <span class='ocr_line' id='line_1_84' title="bbox 1933 2659 3508 2734; baseline 0.004 -23"><span class='ocrx_word' id='word_1_600' title='bbox 1933 2659 2170 2712; x_wconf 86' lang='grc' dir='ltr'>ίκετεύει</span> <span class='ocrx_word' id='word_1_601' title='bbox 2202 2662 2400 2731; x_wconf 76' lang='grc' dir='ltr'>κριτὴν</span> <span class='ocrx_word' id='word_1_602' title='bbox 2440 2663 2778 2733; x_wconf 80' lang='grc' dir='ltr'>ἐπιφανῆναι</span> <span class='ocrx_word' id='word_1_603' title='bbox 2820 2664 3032 2734; x_wconf 79' lang='grc' dir='ltr'><strong>ταχέως</strong></span> <span class='ocrx_word' id='word_1_604' title='bbox 3082 2663 3179 2717; x_wconf 75' lang='grc' dir='ltr'>καὶ</span> <span class='ocrx_word' id='word_1_605' title='bbox 3207 2666 3390 2730; x_wconf 89' lang='grc' dir='ltr'>κρῖναι</span> <span class='ocrx_word' id='word_1_606' title='bbox 3427 2665 3508 2718; x_wconf 78' lang='grc' dir='ltr'>δι-</span> 
     </span>
    </p>
   </div>
   <div class='ocr_carea' id='block_1_85' title="bbox 1929 2751 3509 2826">
    <p class='ocr_par' dir='ltr' id='par_1_85' title="bbox 1929 2751 3509 2826">
     <span class='ocr_line' id='line_1_85' title="bbox 1929 2751 3509 2826; baseline 0.006 -24"><span class='ocrx_word' id='word_1_607' title='bbox 1929 2751 2103 2815; x_wconf 91' lang='grc' dir='ltr'>καίως</span> <span class='ocrx_word' id='word_1_608' title='bbox 2130 2753 2231 2806; x_wconf 76' lang='grc' dir='ltr'>καὶ</span> <span class='ocrx_word' id='word_1_609' title='bbox 2279 2754 2404 2816; x_wconf 82' lang='grc' dir='ltr'><strong>τοὺς</strong></span> <span class='ocrx_word' id='word_1_610' title='bbox 2435 2754 2657 2816; x_wconf 87' lang='grc' dir='ltr'>ἀδίκους</span> <span class='ocrx_word' id='word_1_611' title='bbox 2703 2757 2915 2810; x_wconf 85' lang='grc' dir='ltr'>παῦσαι</span> <span class='ocrx_word' id='word_1_612' title='bbox 2973 2757 3186 2826; x_wconf 83' lang='grc' dir='ltr'>κριτάς.</span> <span class='ocrx_word' id='word_1_613' title='bbox 3219 2757 3317 2826; x_wconf 80' lang='grc' dir='ltr'>Είη</span> <span class='ocrx_word' id='word_1_614' title='bbox 3350 2757 3396 2811; x_wconf 86' lang='grc' dir='ltr'>δ’</span> <span class='ocrx_word' id='word_1_615' title='bbox 3442 2757 3509 2811; x_wconf 78' lang='grc' dir='ltr'>ἃν</span> 
     </span>
    </p>
   </div>
   <div class='ocr_carea' id='block_1_86' title="bbox 1928 2843 3514 2921">
    <p class='ocr_par' dir='ltr' id='par_1_86' title="bbox 1928 2843 3514 2921">
     <span class='ocr_line' id='line_1_86' title="bbox 1928 2843 3514 2921; baseline 0.004 -26"><span class='ocrx_word' id='word_1_616' title='bbox 1928 2843 2026 2895; x_wconf 75' lang='grc' dir='ltr'>καὶ</span> <span class='ocrx_word' id='word_1_617' title='bbox 2057 2845 2187 2915; x_wconf 79' lang='grc' dir='ltr'>περὶ</span> <span class='ocrx_word' id='word_1_618' title='bbox 2217 2844 2317 2915; x_wconf 79' lang='grc' dir='ltr'>τῆς</span> <span class='ocrx_word' id='word_1_619' title='bbox 2365 2845 2431 2899; x_wconf 80' lang='grc' dir='ltr'>ἐκ</span> <span class='ocrx_word' id='word_1_620' title='bbox 2460 2845 2673 2918; x_wconf 85' lang='grc' dir='ltr'>νεκρῶν</span> <span class='ocrx_word' id='word_1_621' title='bbox 2729 2848 3083 2912; x_wconf 84' lang='grc' dir='ltr'>ἀναστάσεως</span> <span class='ocrx_word' id='word_1_622' title='bbox 3110 2847 3206 2902; x_wconf 83' lang='grc' dir='ltr'>τοῦ</span> <span class='ocrx_word' id='word_1_623' title='bbox 3253 2849 3514 2921; x_wconf 78' lang='grc' dir='ltr'>Σωτῆρος</span> 
     </span>
    </p>
   </div>
   <div class='ocr_carea' id='block_1_87' title="bbox 1930 2935 3124 3010">
    <p class='ocr_par' dir='ltr' id='par_1_87' title="bbox 1930 2935 3124 3010">
     <span class='ocr_line' id='line_1_87' title="bbox 1930 2935 3124 3010; baseline 0.013 -23"><span class='ocrx_word' id='word_1_624' title='bbox 1930 2935 2232 3007; x_wconf 78' lang='grc' dir='ltr'>πρόρρησις</span> <span class='ocrx_word' id='word_1_625' title='bbox 2250 2938 2311 2992; x_wconf 76' lang='grc' dir='ltr'>τὸ</span> <span class='ocrx_word' id='word_1_626' title='bbox 2337 2941 2522 3010; x_wconf 76' lang='grc' dir='ltr'>ῥητόν.</span> <span class='ocrx_word' id='word_1_627' title='bbox 3122 3000 3124 3002; x_wconf 76' lang='grc'>,</span> 
     </span>
    </p>
   </div>
   <div class='ocr_carea' id='block_1_88' title="bbox 2006 3029 3631 3112">
    <p class='ocr_par' dir='ltr' id='par_1_88' title="bbox 2006 3029 3631 3112">
     <span class='ocr_line' id='line_1_88' title="bbox 2006 3029 3631 3112; baseline 0.004 -30"><span class='ocrx_word' id='word_1_628' title='bbox 2006 3047 2027 3082; x_wconf 75' lang='grc' dir='ltr'>ι</span> <span class='ocrx_word' id='word_1_629' title='bbox 2073 3029 2198 3083; x_wconf 75' lang='grc' dir='ltr'>Ὀτι</span> <span class='ocrx_word' id='word_1_630' title='bbox 2244 3030 2928 3105; x_wconf 71' lang='grc' dir='ltr'>συκατακληρονομήσεις</span> <span class='ocrx_word' id='word_1_631' title='bbox 2957 3035 3014 3088; x_wconf 88' lang='grc' dir='ltr'>ἐν</span> <span class='ocrx_word' id='word_1_632' title='bbox 3050 3034 3186 3088; x_wconf 78' lang='grc' dir='ltr'>πᾶσι</span> <span class='ocrx_word' id='word_1_633' title='bbox 3209 3035 3325 3098; x_wconf 86' lang='grc' dir='ltr'>τοῖς</span> <span class='ocrx_word' id='word_1_634' title='bbox 3353 3033 3508 3089; x_wconf 81' lang='grc' dir='ltr'>ἔθνε-</span> <span class='ocrx_word' id='word_1_635' title='bbox 3618 3097 3631 3112; x_wconf 51' lang='grc'><strong><em>⁸</em></strong></span> 
     </span>
    </p>
   </div>
   <div class='ocr_carea' id='block_1_89' title="bbox 1929 3121 3520 3206">
    <p class='ocr_par' dir='ltr' id='par_1_89' title="bbox 1929 3121 3520 3206">
     <span class='ocr_line' id='line_1_89' title="bbox 1929 3121 3520 3206; baseline 0.003 -32"><span class='ocrx_word' id='word_1_636' title='bbox 1929 3138 2035 3176; x_wconf 92' lang='grc' dir='ltr'>σιν.</span> <span class='ocrx_word' id='word_1_637' title='bbox 2085 3139 2104 3173; x_wconf 77' lang='grc' dir='ltr'>ι</span> <span class='ocrx_word' id='word_1_638' title='bbox 2127 3151 2196 3162; x_wconf 92' lang='grc'><strong>-</strong></span> <span class='ocrx_word' id='word_1_639' title='bbox 2225 3121 2336 3177; x_wconf 76' lang='grc' dir='ltr'>Καὶ</span> <span class='ocrx_word' id='word_1_640' title='bbox 2368 3122 2565 3206; x_wconf 27' lang='grc' dir='ltr'>γάρΔσὺ</span> <span class='ocrx_word' id='word_1_641' title='bbox 2588 3123 2957 3202; x_wconf 79' lang='grc' dir='ltr'>κληρονομίαν</span> <span class='ocrx_word' id='word_1_642' title='bbox 2983 3125 3128 3193; x_wconf 72' lang='grc' dir='ltr'>ἕξεις</span> <span class='ocrx_word' id='word_1_643' title='bbox 3144 3125 3201 3179; x_wconf 83' lang='grc' dir='ltr'>ἐν</span> <span class='ocrx_word' id='word_1_644' title='bbox 3228 3127 3366 3181; x_wconf 76' lang='grc' dir='ltr'>πᾶσι</span> <span class='ocrx_word' id='word_1_645' title='bbox 3397 3127 3520 3190; x_wconf 73' lang='grc' dir='ltr'>τοῖς</span> 
     </span>
    </p>
   </div>
   <div class='ocr_carea' id='block_1_90' title="bbox 1926 3213 2157 3270">
    <p class='ocr_par' dir='ltr' id='par_1_90' title="bbox 1926 3213 2157 3270">
     <span class='ocr_line' id='line_1_90' title="bbox 1926 3213 2157 3270; baseline 0.013 -4"><span class='ocrx_word' id='word_1_646' title='bbox 1926 3213 2157 3270; x_wconf 78' lang='grc' dir='ltr'>ἔθνεσιν.</span> 
     </span>
    </p>
   </div>
   <div class='ocr_carea' id='block_1_91' title="bbox 2486 3306 2940 3362">
    <p class='ocr_par' dir='ltr' id='par_1_91' title="bbox 2486 3306 2940 3362">
     <span class='ocr_line' id='line_1_91' title="bbox 2486 3306 2940 3362; baseline 0.004 -2"><span class='ocrx_word' id='word_1_647' title='bbox 2486 3306 2778 3360; x_wconf 77' lang='grc' dir='ltr'>ΨΑΛΜΟΣ</span> <span class='ocrx_word' id='word_1_648' title='bbox 2810 3308 2940 3362; x_wconf 79' lang='lat' dir='ltr'>IIB’.</span> 
     </span>
    </p>
   </div>
   <div class='ocr_carea' id='block_1_92' title="bbox 2008 3395 3522 3470">
    <p class='ocr_par' dir='ltr' id='par_1_92' title="bbox 2008 3395 3522 3470">
     <span class='ocr_line' id='line_1_92' title="bbox 2008 3395 3522 3470; baseline 0 -19"><span class='ocrx_word' id='word_1_649' title='bbox 2008 3415 2027 3451; x_wconf 81' lang='grc' dir='ltr'>ι</span> <span class='ocrx_word' id='word_1_650' title='bbox 2073 3396 2198 3470; x_wconf 78' lang='grc' dir='ltr'>ᾮδὴ</span> <span class='ocrx_word' id='word_1_651' title='bbox 2241 3395 2462 3468; x_wconf 78' lang='grc' dir='ltr'>ψαλμοῦ</span> <span class='ocrx_word' id='word_1_652' title='bbox 2510 3395 2591 3468; x_wconf 85' lang='grc' dir='ltr'>τῷ</span> <span class='ocrx_word' id='word_1_653' title='bbox 2657 3396 2853 3468; x_wconf 80' lang='grc' dir='ltr'>Ἀσάφ.</span> <span class='ocrx_word' id='word_1_654' title='bbox 2895 3417 2914 3452; x_wconf 72' lang='grc' dir='ltr'><strong>ι</strong></span> <span class='ocrx_word' id='word_1_655' title='bbox 2950 3426 3021 3439; x_wconf 89' lang='grc'>--</span> <span class='ocrx_word' id='word_1_656' title='bbox 3058 3397 3346 3469; x_wconf 83' lang='grc' dir='ltr'>Προσώπῳ</span> <span class='ocrx_word' id='word_1_657' title='bbox 3394 3398 3522 3453; x_wconf 84' lang='grc' dir='ltr'>τῶν.</span> 
     </span>
    </p>
   </div>
   <div class='ocr_carea' id='block_1_93' title="bbox 1930 3487 3505 3560">
    <p class='ocr_par' dir='ltr' id='par_1_93' title="bbox 1930 3487 3505 3560">
     <span class='ocr_line' id='line_1_93' title="bbox 1930 3487 3505 3560; baseline 0.001 -18"><span class='ocrx_word' id='word_1_658' title='bbox 1930 3489 2340 3545; x_wconf 83' lang='grc' dir='ltr'>ἐπανελθόντων</span> <span class='ocrx_word' id='word_1_659' title='bbox 2379 3490 2449 3543; x_wconf 82' lang='grc' dir='ltr'>ὲκ</span> <span class='ocrx_word' id='word_1_660' title='bbox 2486 3487 2808 3553; x_wconf 87' lang='grc' dir='ltr'>Βαϐυλῶνος</span> <span class='ocrx_word' id='word_1_661' title='bbox 2859 3491 2939 3554; x_wconf 84' lang='grc' dir='ltr'>είς</span> <span class='ocrx_word' id='word_1_662' title='bbox 2987 3488 3349 3560; x_wconf 82' lang='grc' dir='ltr'>Ἰερουσαλὴμ</span> <span class='ocrx_word' id='word_1_663' title='bbox 3405 3506 3505 3543; x_wconf 89' lang='grc' dir='ltr'>πο-</span> 
     </span>
    </p>
   </div>
   <div class='ocr_carea' id='block_1_94' title="bbox 1930 3582 3507 3654">
    <p class='ocr_par' dir='ltr' id='par_1_94' title="bbox 1930 3582 3507 3654">
     <span class='ocr_line' id='line_1_94' title="bbox 1930 3582 3507 3654; baseline 0 -20"><span class='ocrx_word' id='word_1_664' title='bbox 1930 3582 2288 3654; x_wconf 81' lang='grc' dir='ltr'>λεμουμένων</span> <span class='ocrx_word' id='word_1_665' title='bbox 2336 3583 2517 3654; x_wconf 81' lang='grc' dir='ltr'>φθόνῳ</span> <span class='ocrx_word' id='word_1_666' title='bbox 2551 3583 2656 3637; x_wconf 79' lang='grc' dir='ltr'>ὑπὸ</span> <span class='ocrx_word' id='word_1_667' title='bbox 2700 3583 2811 3636; x_wconf 86' lang='grc' dir='ltr'>τῶν</span> <span class='ocrx_word' id='word_1_668' title='bbox 2845 3582 3238 3651; x_wconf 89' lang='grc' dir='ltr'>γειτονούντων</span> <span class='ocrx_word' id='word_1_669' title='bbox 3265 3583 3360 3634; x_wconf 73' lang='grc' dir='ltr'>καὶ</span> <span class='ocrx_word' id='word_1_670' title='bbox 3389 3582 3507 3635; x_wconf 89' lang='grc' dir='ltr'>λοι-</span> 
     </span>
    </p>
   </div>
   <div class='ocr_carea' id='block_1_95' title="bbox 1929 3671 3508 3744">
    <p class='ocr_par' dir='ltr' id='par_1_95' title="bbox 1929 3671 3508 3744">
     <span class='ocr_line' id='line_1_95' title="bbox 1929 3671 3508 3744; baseline 0.001 -20"><span class='ocrx_word' id='word_1_671' title='bbox 1929 3671 2050 3726; x_wconf 89' lang='grc' dir='ltr'>πῶν</span> <span class='ocrx_word' id='word_1_672' title='bbox 2089 3672 2384 3744; x_wconf 83' lang='grc' dir='ltr'>βαρϐάρων</span> <span class='ocrx_word' id='word_1_673' title='bbox 2437 3672 2609 3728; x_wconf 85' lang='grc' dir='ltr'>ἐθνῶν</span> <span class='ocrx_word' id='word_1_674' title='bbox 2679 3672 2716 3727; x_wconf 76' lang='grc' dir='ltr'>ἀ</span> <span class='ocrx_word' id='word_1_675' title='bbox 2765 3673 2829 3742; x_wconf 80' lang='grc' dir='ltr'>δὴ</span> <span class='ocrx_word' id='word_1_676' title='bbox 2877 3675 2972 3727; x_wconf 74' lang='grc' dir='ltr'>καὶ</span> <span class='ocrx_word' id='word_1_677' title='bbox 3015 3671 3508 3742; x_wconf 85' lang='grc' dir='ltr'>κατετροπώσαντο</span> 
     </span>
    </p>
   </div>
   <div class='ocr_carea' id='block_1_96' title="bbox 1930 3763 3505 3836">
    <p class='ocr_par' dir='ltr' id='par_1_96' title="bbox 1930 3763 3505 3836">
     <span class='ocr_line' id='line_1_96' title="bbox 1930 3763 3505 3836; baseline 0.001 -19"><span class='ocrx_word' id='word_1_678' title='bbox 1930 3765 2367 3836; x_wconf 81' lang='grc' dir='ltr'>στρατηγοῦντος</span> <span class='ocrx_word' id='word_1_679' title='bbox 2423 3765 2754 3836; x_wconf 81' lang='grc' dir='ltr'>Ζοροϐάϐελ.</span> <span class='ocrx_word' id='word_1_680' title='bbox 2814 3763 3076 3836; x_wconf 73' lang='grc' dir='ltr'>Ἀρμόζει</span> <span class='ocrx_word' id='word_1_681' title='bbox 3118 3764 3176 3818; x_wconf 79' lang='grc' dir='ltr'>δέ</span> <span class='ocrx_word' id='word_1_682' title='bbox 3226 3766 3253 3818; x_wconf 93' lang='lat'>6</span> <span class='ocrx_word' id='word_1_683' title='bbox 3289 3763 3505 3834; x_wconf 67' lang='grc' dir='ltr'>ψαλμδς</span> 
     </span>
    </p>
   </div>
   <div class='ocr_carea' id='block_1_97' title="bbox 1929 3857 3013 3930">
    <p class='ocr_par' dir='ltr' id='par_1_97' title="bbox 1929 3857 3013 3930">
     <span class='ocr_line' id='line_1_97' title="bbox 1929 3857 3013 3930; baseline 0.002 -19"><span class='ocrx_word' id='word_1_684' title='bbox 1929 3858 2025 3911; x_wconf 80' lang='grc' dir='ltr'>καὶ</span> <span class='ocrx_word' id='word_1_685' title='bbox 2056 3863 2170 3923; x_wconf 91' lang='grc' dir='ltr'>τοῖς</span> <span class='ocrx_word' id='word_1_686' title='bbox 2193 3859 2550 3930; x_wconf 78' lang='grc' dir='ltr'>διωκομένοις</span> <span class='ocrx_word' id='word_1_687' title='bbox 2576 3859 2720 3930; x_wconf 76' lang='grc' dir='ltr'>ὑπὲρ</span> <span class='ocrx_word' id='word_1_688' title='bbox 2751 3857 3013 3930; x_wconf 80' lang='grc' dir='ltr'>Χριστοῦ.</span> 
     </span>
    </p>
   </div>
   <div class='ocr_carea' id='block_1_98' title="bbox 2005 3947 3502 4022">
    <p class='ocr_par' dir='ltr' id='par_1_98' title="bbox 2005 3947 3502 4022">
     <span class='ocr_line' id='line_1_98' title="bbox 2005 3947 3502 4022; baseline -0.002 -19"><span class='ocrx_word' id='word_1_689' title='bbox 2005 3969 2024 4002; x_wconf 84' lang='grc' dir='ltr'>ι</span> <span class='ocrx_word' id='word_1_690' title='bbox 2048 3949 2106 4003; x_wconf 89' lang='lat'>&#39;0</span> <span class='ocrx_word' id='word_1_691' title='bbox 2133 3951 2289 4018; x_wconf 75' lang='grc' dir='ltr'>Θεὸς,</span> <span class='ocrx_word' id='word_1_692' title='bbox 2316 3953 2400 4015; x_wconf 82' lang='grc' dir='ltr'>τίς</span> <span class='ocrx_word' id='word_1_693' title='bbox 2435 3950 2832 4022; x_wconf 81' lang='grc' dir='ltr'>όμοιιυθήσεταί</span> <span class='ocrx_word' id='word_1_694' title='bbox 2858 3968 2938 4005; x_wconf 89' lang='grc' dir='ltr'>σοι</span> <span class='ocrx_word' id='word_1_695' title='bbox 2965 3967 2980 4018; x_wconf 84' lang='grc'>;</span> <span class='ocrx_word' id='word_1_696' title='bbox 3019 3967 3036 4001; x_wconf 79' lang='grc' dir='ltr'>ι</span> <span class='ocrx_word' id='word_1_697' title='bbox 3067 3978 3135 3988; x_wconf 74' lang='lat'>-—</span> <span class='ocrx_word' id='word_1_698' title='bbox 3157 3950 3230 4002; x_wconf 87' lang='lat' dir='ltr'><em>T6</em></span> <span class='ocrx_word' id='word_1_699' title='bbox 3269 3947 3356 4015; x_wconf 85' lang='grc' dir='ltr'>τίς</span> <span class='ocrx_word' id='word_1_700' title='bbox 3388 3949 3502 4001; x_wconf 85' lang='grc' dir='ltr'>δια-</span> 
     </span>
    </p>
   </div>
   <div class='ocr_carea' id='block_1_99' title="bbox 1931 4043 2748 4116">
    <p class='ocr_par' dir='ltr' id='par_1_99' title="bbox 1931 4043 2748 4116">
     <span class='ocr_line' id='line_1_99' title="bbox 1931 4043 2748 4116; baseline 0.01 -22"><span class='ocrx_word' id='word_1_701' title='bbox 1931 4044 2232 4116; x_wconf 80' lang='grc' dir='ltr'>πορητικὸν</span> <span class='ocrx_word' id='word_1_702' title='bbox 2264 4045 2389 4098; x_wconf 77' lang='grc' dir='ltr'>ἀντὶ</span> <span class='ocrx_word' id='word_1_703' title='bbox 2429 4043 2523 4098; x_wconf 93' lang='grc' dir='ltr'>τοῦ</span> <span class='ocrx_word' id='word_1_704' title='bbox 2552 4045 2748 4108; x_wconf 84' lang='grc' dir='ltr'>οῦδείς.</span> 
     </span>
    </p>
   </div>
   <div class='ocr_carea' id='block_1_100' title="bbox 2007 4136 3506 4209">
    <p class='ocr_par' dir='ltr' id='par_1_100' title="bbox 2007 4136 3506 4209">
     <span class='ocr_line' id='line_1_100' title="bbox 2007 4136 3506 4209; baseline 0.001 -22"><span class='ocrx_word' id='word_1_705' title='bbox 2007 4154 2024 4187; x_wconf 85' lang='grc' dir='ltr'>ι</span> <span class='ocrx_word' id='word_1_706' title='bbox 2071 4137 2162 4207; x_wconf 72' lang='grc' dir='ltr'>Μὴ</span> <span class='ocrx_word' id='word_1_707' title='bbox 2196 4137 2433 4208; x_wconf 78' lang='grc' dir='ltr'>σιγήσῃς</span> <span class='ocrx_word' id='word_1_708' title='bbox 2455 4176 2470 4201; x_wconf 89' lang='grc'>,</span> <span class='ocrx_word' id='word_1_709' title='bbox 2511 4136 2646 4208; x_wconf 84' lang='grc' dir='ltr'>μηδέ</span> <span class='ocrx_word' id='word_1_710' title='bbox 2675 4137 3095 4209; x_wconf 75' lang='grc' dir='ltr'>καταπραΰνῃς,</span> <span class='ocrx_word' id='word_1_711' title='bbox 3127 4137 3155 4190; x_wconf 93' lang='lat'>6</span> <span class='ocrx_word' id='word_1_712' title='bbox 3187 4136 3340 4201; x_wconf 87' lang='grc' dir='ltr'>Θεός.</span> <span class='ocrx_word' id='word_1_713' title='bbox 3379 4155 3398 4188; x_wconf 79' lang='grc' dir='ltr'>ι</span> <span class='ocrx_word' id='word_1_714' title='bbox 3435 4167 3506 4178; x_wconf 89' lang='grc'><strong>-</strong></span> 
     </span>
    </p>
   </div>
   <div class='ocr_carea' id='block_1_101' title="bbox 1937 4227 3316 4301">
    <p class='ocr_par' dir='ltr' id='par_1_101' title="bbox 1937 4227 3316 4301">
     <span class='ocr_line' id='line_1_101' title="bbox 1937 4227 3316 4301; baseline 0.001 -22"><span class='ocrx_word' id='word_1_715' title='bbox 1937 4244 1955 4278; x_wconf 82' lang='grc' dir='ltr'>ι</span> <span class='ocrx_word' id='word_1_716' title='bbox 1994 4227 2086 4296; x_wconf 81' lang='grc' dir='ltr'>Μὴ</span> <span class='ocrx_word' id='word_1_717' title='bbox 2131 4227 2588 4301; x_wconf 74' lang='grc' dir='ltr'>μακροθυμησῃς,</span> <span class='ocrx_word' id='word_1_718' title='bbox 2656 4228 2792 4301; x_wconf 80' lang='grc' dir='ltr'>μηδὲ</span> <span class='ocrx_word' id='word_1_719' title='bbox 2829 4228 3256 4300; x_wconf 77' lang='grc' dir='ltr'>ἀνεξικακήσῃς.</span> <span class='ocrx_word' id='word_1_720' title='bbox 3297 4248 3316 4280; x_wconf 76' lang='grc' dir='ltr'>ι</span> 
     </span>
    </p>
   </div>
   <div class='ocr_carea' id='block_1_102' title="bbox 2008 4320 3506 4394">
    <p class='ocr_par' dir='ltr' id='par_1_102' title="bbox 2008 4320 3506 4394">
     <span class='ocr_line' id='line_1_102' title="bbox 2008 4320 3506 4394; baseline 0.001 -22"><span class='ocrx_word' id='word_1_721' title='bbox 2008 4340 2026 4372; x_wconf 78' lang='grc' dir='ltr'>ι</span> <span class='ocrx_word' id='word_1_722' title='bbox 2070 4321 2197 4375; x_wconf 89' lang='grc' dir='ltr'><strong>Ὅτι</strong></span> <span class='ocrx_word' id='word_1_723' title='bbox 2232 4321 2344 4375; x_wconf 80' lang='grc' dir='ltr'>ίδοὺ</span> <span class='ocrx_word' id='word_1_724' title='bbox 2371 4320 2420 4374; x_wconf 76' lang='grc' dir='ltr'>οι</span> <span class='ocrx_word' id='word_1_725' title='bbox 2453 4320 2638 4394; x_wconf 82' lang='grc' dir='ltr'>ἐχθροί</span> <span class='ocrx_word' id='word_1_726' title='bbox 2676 4338 2770 4374; x_wconf 92' lang='grc' dir='ltr'>σου</span> <span class='ocrx_word' id='word_1_727' title='bbox 2805 4320 3018 4390; x_wconf 73' lang='grc' dir='ltr'>ἤχησαν</span> <span class='ocrx_word' id='word_1_728' title='bbox 3046 4337 3058 4352; x_wconf 72' lang='grc' dir='ltr'>ο</span> <span class='ocrx_word' id='word_1_729' title='bbox 3086 4321 3181 4375; x_wconf 76' lang='grc' dir='ltr'>καὶ</span> <span class='ocrx_word' id='word_1_730' title='bbox 3206 4323 3256 4374; x_wconf 80' lang='grc' dir='ltr'>οἱ</span> <span class='ocrx_word' id='word_1_731' title='bbox 3289 4320 3506 4392; x_wconf 85' lang='grc' dir='ltr'>μισοῦν-</span> 
     </span>
    </p>
   </div>
   <div class='ocr_carea' id='block_1_103' title="bbox 1928 4408 3505 4484">
    <p class='ocr_par' dir='ltr' id='par_1_103' title="bbox 1928 4408 3505 4484">
     <span class='ocr_line' id='line_1_103' title="bbox 1928 4408 3505 4484; baseline -0.002 -19"><span class='ocrx_word' id='word_1_732' title='bbox 1928 4413 2017 4476; x_wconf 84' lang='grc' dir='ltr'>τές</span> <span class='ocrx_word' id='word_1_733' title='bbox 2062 4428 2122 4466; x_wconf 87' lang='grc' dir='ltr'>σε</span> <span class='ocrx_word' id='word_1_734' title='bbox 2160 4408 2301 4484; x_wconf 81' lang='grc' dir='ltr'>ἦραν</span> <span class='ocrx_word' id='word_1_735' title='bbox 2331 4413 2596 4484; x_wconf 82' lang='grc' dir='ltr'>κεφαλήν.</span> <span class='ocrx_word' id='word_1_736' title='bbox 2637 4431 2657 4466; x_wconf 74' lang='grc' dir='ltr'>ι</span> <span class='ocrx_word' id='word_1_737' title='bbox 2688 4441 2760 4454; x_wconf 91' lang='grc'><strong>-</strong></span> <span class='ocrx_word' id='word_1_738' title='bbox 2793 4412 2952 4466; x_wconf 82' lang='grc' dir='ltr'>Ἤτοι</span> <span class='ocrx_word' id='word_1_739' title='bbox 3005 4411 3146 4483; x_wconf 87' lang='grc' dir='ltr'>μετά</span> <span class='ocrx_word' id='word_1_740' title='bbox 3190 4409 3319 4481; x_wconf 82' lang='grc' dir='ltr'>βοῆς</span> <span class='ocrx_word' id='word_1_741' title='bbox 3347 4413 3505 4482; x_wconf 67' lang='grc' dir='ltr'>ἔδρα.</span> 
     </span>
    </p>
   </div>
   <div class='ocr_carea' id='block_1_104' title="bbox 1932 4501 3505 4577">
    <p class='ocr_par' dir='ltr' id='par_1_104' title="bbox 1932 4501 3505 4577">
     <span class='ocr_line' id='line_1_104' title="bbox 1932 4501 3505 4577; baseline -0.001 -19"><span class='ocrx_word' id='word_1_742' title='bbox 1932 4523 2031 4577; x_wconf 85' lang='grc' dir='ltr'>μον</span> <span class='ocrx_word' id='word_1_743' title='bbox 2060 4505 2186 4560; x_wconf 82' lang='grc' dir='ltr'>καθ’</span> <span class='ocrx_word' id='word_1_744' title='bbox 2203 4506 2382 4577; x_wconf 81' lang='grc' dir='ltr'>ἡμῶν.</span> <span class='ocrx_word' id='word_1_745' title='bbox 2409 4507 2483 4560; x_wconf 87' lang='grc' dir='ltr'>Τὸ</span> <span class='ocrx_word' id='word_1_746' title='bbox 2510 4507 2566 4560; x_wconf 72' lang='grc' dir='ltr'>δὲ</span> <span class='ocrx_word' id='word_1_747' title='bbox 2593 4501 2746 4577; x_wconf 74' lang='grc' dir='ltr'>ἦραν</span> <span class='ocrx_word' id='word_1_748' title='bbox 2775 4505 3052 4575; x_wconf 70' lang='grc' dir='ltr'>κεφαλὴν</span> <span class='ocrx_word' id='word_1_749' title='bbox 3069 4504 3220 4576; x_wconf 90' lang='grc' dir='ltr'>δηλοῖ</span> <span class='ocrx_word' id='word_1_750' title='bbox 3241 4503 3302 4557; x_wconf 86' lang='grc' dir='ltr'>τὸ</span> <span class='ocrx_word' id='word_1_751' title='bbox 3328 4503 3505 4574; x_wconf 79' lang='grc' dir='ltr'>ἐπήρ-</span> 
     </span>
    </p>
   </div>
   <div class='ocr_carea' id='block_1_105' title="bbox 1868 4602 2132 4670">
    <p class='ocr_par' dir='ltr' id='par_1_105' title="bbox 1868 4602 2132 4670">
     <span class='ocr_line' id='line_1_105' title="bbox 1868 4602 2132 4670; baseline -0.008 -14"><span class='ocrx_word' id='word_1_752' title='bbox 1868 4605 1913 4659; x_wconf 90' lang='lat' dir='ltr'><strong>D</strong></span> <span class='ocrx_word' id='word_1_753' title='bbox 1941 4602 2132 4670; x_wconf 82' lang='grc' dir='ltr'>θησαν.</span> 
     </span>
    </p>
   </div>
   <div class='ocr_carea' id='block_1_106' title="bbox 2004 4688 3502 4760">
    <p class='ocr_par' dir='ltr' id='par_1_106' title="bbox 2004 4688 3502 4760">
     <span class='ocr_line' id='line_1_106' title="bbox 2004 4688 3502 4760; baseline -0.003 -14"><span class='ocrx_word' id='word_1_754' title='bbox 2004 4712 2023 4746; x_wconf 83' lang='grc' dir='ltr'>ι</span> <span class='ocrx_word' id='word_1_755' title='bbox 2063 4693 2186 4747; x_wconf 80' lang='grc' dir='ltr'>Ἑπὶ</span> <span class='ocrx_word' id='word_1_756' title='bbox 2210 4690 2302 4746; x_wconf 79' lang='grc' dir='ltr'>τὸν</span> <span class='ocrx_word' id='word_1_757' title='bbox 2321 4689 2450 4746; x_wconf 88' lang='grc' dir='ltr'>λαόν</span> <span class='ocrx_word' id='word_1_758' title='bbox 2489 4707 2583 4746; x_wconf 90' lang='grc' dir='ltr'>σου</span> <span class='ocrx_word' id='word_1_759' title='bbox 2611 4688 3229 4760; x_wconf 87' lang='grc' dir='ltr'>κατεπανουργεύσαντο</span> <span class='ocrx_word' id='word_1_760' title='bbox 3255 4688 3502 4760; x_wconf 79' lang='grc' dir='ltr'>γνώμην,</span> 
     </span>
    </p>
   </div>
   <div class='ocr_carea' id='block_1_107' title="bbox 1933 4783 3495 4852">
    <p class='ocr_par' dir='ltr' id='par_1_107' title="bbox 1933 4783 3495 4852">
     <span class='ocr_line' id='line_1_107' title="bbox 1933 4783 3495 4852; baseline -0.004 -12"><span class='ocrx_word' id='word_1_761' title='bbox 1933 4787 2026 4840; x_wconf 73' lang='grc' dir='ltr'>καὶ</span> <span class='ocrx_word' id='word_1_762' title='bbox 2081 4785 2486 4841; x_wconf 77' lang='grc' dir='ltr'>ἐϐουλεύσαντο</span> <span class='ocrx_word' id='word_1_763' title='bbox 2521 4783 2661 4838; x_wconf 86' lang='grc' dir='ltr'>κατά</span> <span class='ocrx_word' id='word_1_764' title='bbox 2691 4783 2800 4838; x_wconf 88' lang='grc' dir='ltr'>τῶν</span> <span class='ocrx_word' id='word_1_765' title='bbox 2834 4783 3010 4852; x_wconf 83' lang='grc' dir='ltr'>ἀγίων</span> <span class='ocrx_word' id='word_1_766' title='bbox 3033 4799 3152 4836; x_wconf 88' lang='grc' dir='ltr'>σου.</span> <span class='ocrx_word' id='word_1_767' title='bbox 3190 4799 3209 4834; x_wconf 75' lang='grc' dir='ltr'>ι</span> <span class='ocrx_word' id='word_1_768' title='bbox 3241 4811 3315 4822; x_wconf 89' lang='grc'><strong>-</strong></span> <span class='ocrx_word' id='word_1_769' title='bbox 3338 4783 3495 4834; x_wconf 84' lang='grc' dir='ltr'>Κατά</span> 
     </span>
    </p>
   </div>
   <div class='ocr_carea' id='block_1_108' title="bbox 1928 4874 3501 4952">
    <p class='ocr_par' dir='ltr' id='par_1_108' title="bbox 1928 4874 3501 4952">
     <span class='ocr_line' id='line_1_108' title="bbox 1928 4874 3501 4952; baseline -0.004 -21"><span class='ocrx_word' id='word_1_770' title='bbox 1928 4879 2060 4952; x_wconf 78' lang='grc' dir='ltr'>[τῶν</span> <span class='ocrx_word' id='word_1_771' title='bbox 2083 4879 2255 4947; x_wconf 78' lang='grc' dir='ltr'>ἁγίων</span> <span class='ocrx_word' id='word_1_772' title='bbox 2281 4877 2402 4951; x_wconf 91' lang='grc' dir='ltr'><strong>σου]</strong></span> <span class='ocrx_word' id='word_1_773' title='bbox 2423 4877 2734 4948; x_wconf 79' lang='grc' dir='ltr'>πανοῦργον</span> <span class='ocrx_word' id='word_1_774' title='bbox 2753 4877 2841 4932; x_wconf 62' lang='grc' dir='ltr'>καὶ</span> <span class='ocrx_word' id='word_1_775' title='bbox 2869 4875 3248 4946; x_wconf 82' lang='grc' dir='ltr'>δολερωτάτην</span> <span class='ocrx_word' id='word_1_776' title='bbox 3271 4874 3501 4946; x_wconf 83' lang='grc' dir='ltr'>μελέτην</span> 
     </span>
    </p>
   </div>
   <div class='ocr_carea' id='block_1_109' title="bbox 1930 4973 2424 5027">
    <p class='ocr_par' dir='ltr' id='par_1_109' title="bbox 1930 4973 2424 5027">
     <span class='ocr_line' id='line_1_109' title="bbox 1930 4973 2424 5027; baseline -0.002 -1"><span class='ocrx_word' id='word_1_777' title='bbox 1930 4973 2424 5027; x_wconf 86' lang='grc' dir='ltr'>συνεσκευάσαντο.</span> 
     </span>
    </p>
   </div>
   <div class='ocr_carea' id='block_1_110' title="bbox 2004 5058 3498 5132">
    <p class='ocr_par' dir='ltr' id='par_1_110' title="bbox 2004 5058 3498 5132">
     <span class='ocr_line' id='line_1_110' title="bbox 2004 5058 3498 5132; baseline -0.003 -15"><span class='ocrx_word' id='word_1_778' title='bbox 2004 5083 2023 5117; x_wconf 80' lang='grc' dir='ltr'>ι</span> <span class='ocrx_word' id='word_1_779' title='bbox 2061 5060 2236 5118; x_wconf 74' lang='grc' dir='ltr'>Εἶπαν</span> <span class='ocrx_word' id='word_1_780' title='bbox 2256 5080 2272 5094; x_wconf 75' lang='grc'><strong><em>⁸</em></strong></span> <span class='ocrx_word' id='word_1_781' title='bbox 2304 5062 2472 5116; x_wconf 86' lang='grc' dir='ltr'>Δεῦτε</span> <span class='ocrx_word' id='word_1_782' title='bbox 2502 5103 2524 5129; x_wconf 78' lang='grc'>,</span> <span class='ocrx_word' id='word_1_783' title='bbox 2556 5061 2651 5116; x_wconf 76' lang='grc' dir='ltr'>καὶ</span> <span class='ocrx_word' id='word_1_784' title='bbox 2692 5060 3168 5132; x_wconf 79' lang='grc' dir='ltr'>ἐξολοθρεύσωμεν</span> <span class='ocrx_word' id='word_1_785' title='bbox 3213 5058 3409 5123; x_wconf 82' lang='grc' dir='ltr'><strong>αὐτοὺς</strong></span> <span class='ocrx_word' id='word_1_786' title='bbox 3438 5059 3498 5127; x_wconf 77' lang='grc' dir='ltr'>ἐξ</span> 
     </span>
    </p>
   </div>
   <div class='ocr_carea' id='block_1_111' title="bbox 1927 5149 3498 5224">
    <p class='ocr_par' dir='ltr' id='par_1_111' title="bbox 1927 5149 3498 5224">
     <span class='ocr_line' id='line_1_111' title="bbox 1927 5149 3498 5224; baseline -0.004 -14"><span class='ocrx_word' id='word_1_787' title='bbox 1927 5157 2135 5220; x_wconf 74' lang='grc' dir='ltr'>ἔθνους.</span> <span class='ocrx_word' id='word_1_788' title='bbox 2180 5175 2199 5208; x_wconf 74' lang='grc' dir='ltr'>ι</span> <span class='ocrx_word' id='word_1_789' title='bbox 2241 5154 2472 5210; x_wconf 88' lang='grc' dir='ltr'>-Τοῦτο</span> <span class='ocrx_word' id='word_1_790' title='bbox 2518 5155 2545 5224; x_wconf 68' lang='grc' dir='ltr'>ἡ</span> <span class='ocrx_word' id='word_1_791' title='bbox 2581 5151 2803 5223; x_wconf 89' lang='grc' dir='ltr'>γνώμη.</span> <span class='ocrx_word' id='word_1_792' title='bbox 2827 5149 2904 5205; x_wconf 78' lang='grc' dir='ltr'>Τὸ</span> <span class='ocrx_word' id='word_1_793' title='bbox 2937 5150 2994 5204; x_wconf 81' lang='grc' dir='ltr'>δὲ</span> <span class='ocrx_word' id='word_1_794' title='bbox 3027 5149 3097 5216; x_wconf 80' lang='grc' dir='ltr'>ἐξ</span> <span class='ocrx_word' id='word_1_795' title='bbox 3131 5149 3350 5218; x_wconf 69' lang='grc' dir='ltr'>ἔθνους</span> <span class='ocrx_word' id='word_1_796' title='bbox 3377 5151 3498 5204; x_wconf 76' lang='grc' dir='ltr'>ἀντὶ</span> 
     </span>
    </p>
   </div>
   <div class='ocr_carea' id='block_1_112' title="bbox 1927 5241 2620 5310">
    <p class='ocr_par' dir='ltr' id='par_1_112' title="bbox 1927 5241 2620 5310">
     <span class='ocr_line' id='line_1_112' title="bbox 1927 5241 2620 5310; baseline -0.006 -8"><span class='ocrx_word' id='word_1_797' title='bbox 1927 5248 2022 5304; x_wconf 89' lang='grc' dir='ltr'>τοῦ</span> <span class='ocrx_word' id='word_1_798' title='bbox 2055 5249 2120 5302; x_wconf 82' lang='grc' dir='ltr'>ἐκ</span> <span class='ocrx_word' id='word_1_799' title='bbox 2147 5246 2242 5302; x_wconf 88' lang='grc' dir='ltr'><strong>τοῦ</strong></span> <span class='ocrx_word' id='word_1_800' title='bbox 2274 5241 2415 5302; x_wconf 75' lang='grc' dir='ltr'>εἶναι</span> <span class='ocrx_word' id='word_1_801' title='bbox 2446 5247 2620 5310; x_wconf 84' lang='grc' dir='ltr'>ἐθνος.</span> 
     </span>
    </p>
   </div>
   <div class='ocr_carea' id='block_1_113' title="bbox 2002 5335 3500 5410">
    <p class='ocr_par' dir='ltr' id='par_1_113' title="bbox 2002 5335 3500 5410">
     <span class='ocr_line' id='line_1_113' title="bbox 2002 5335 3500 5410; baseline -0.003 -17"><span class='ocrx_word' id='word_1_802' title='bbox 2002 5360 2020 5393; x_wconf 76' lang='grc' dir='ltr'>ι</span> <span class='ocrx_word' id='word_1_803' title='bbox 2067 5342 2179 5394; x_wconf 70' lang='grc' dir='ltr'>Καὶ</span> <span class='ocrx_word' id='word_1_804' title='bbox 2212 5341 2272 5394; x_wconf 91' lang='grc' dir='ltr'>ού</span> <span class='ocrx_word' id='word_1_805' title='bbox 2311 5339 2388 5410; x_wconf 80' lang='grc' dir='ltr'>μὴ</span> <span class='ocrx_word' id='word_1_806' title='bbox 2433 5338 2646 5410; x_wconf 80' lang='grc' dir='ltr'>μνησθῇ</span> <span class='ocrx_word' id='word_1_807' title='bbox 2678 5336 2740 5391; x_wconf 81' lang='grc' dir='ltr'>τὸ</span> <span class='ocrx_word' id='word_1_808' title='bbox 2780 5337 2952 5407; x_wconf 77' lang='grc' dir='ltr'>όνομα</span> <span class='ocrx_word' id='word_1_809' title='bbox 2983 5335 3204 5407; x_wconf 77' lang='grc' dir='ltr'>Ἰσραὴλ</span> <span class='ocrx_word' id='word_1_810' title='bbox 3238 5335 3342 5389; x_wconf 78' lang='grc' dir='ltr'>ἔτι.</span> <span class='ocrx_word' id='word_1_811' title='bbox 3385 5352 3404 5388; x_wconf 75' lang='grc' dir='ltr'>ι</span> <span class='ocrx_word' id='word_1_812' title='bbox 3429 5364 3500 5375; x_wconf 86' lang='lat'>——</span> 
     </span>
    </p>
   </div>
   <div class='ocr_carea' id='block_1_114' title="bbox 1935 5431 3389 5504">
    <p class='ocr_par' dir='ltr' id='par_1_114' title="bbox 1935 5431 3389 5504">
     <span class='ocr_line' id='line_1_114' title="bbox 1935 5431 3389 5504; baseline -0.003 -19"><span class='ocrx_word' id='word_1_813' title='bbox 1935 5452 1952 5485; x_wconf 84' lang='grc' dir='ltr'>ι</span> <span class='ocrx_word' id='word_1_814' title='bbox 1989 5433 2063 5488; x_wconf 85' lang='grc' dir='ltr'>Οὐ</span> <span class='ocrx_word' id='word_1_815' title='bbox 2095 5436 2172 5504; x_wconf 78' lang='grc' dir='ltr'>μὴ</span> <span class='ocrx_word' id='word_1_816' title='bbox 2211 5433 2590 5504; x_wconf 80' lang='grc' dir='ltr'>μνημονευθῇ,</span> <span class='ocrx_word' id='word_1_817' title='bbox 2633 5431 2733 5484; x_wconf 87' lang='grc' dir='ltr'>ούκ</span> <span class='ocrx_word' id='word_1_818' title='bbox 2761 5431 2841 5484; x_wconf 81' lang='grc' dir='ltr'>ἐτι</span> <span class='ocrx_word' id='word_1_819' title='bbox 2864 5431 3000 5494; x_wconf 85' lang='grc' dir='ltr'>ὅλως</span> <span class='ocrx_word' id='word_1_820' title='bbox 3033 5431 3333 5500; x_wconf 73' lang='grc' dir='ltr'>ὀνομασθῇ.</span> <span class='ocrx_word' id='word_1_821' title='bbox 3370 5447 3389 5480; x_wconf 77' lang='grc' dir='ltr'>ι</span> 
     </span>
    </p>
   </div>
   <div class='ocr_carea' id='block_1_115' title="bbox 2008 5519 3496 5591">
    <p class='ocr_par' dir='ltr' id='par_1_115' title="bbox 2008 5519 3496 5591">
     <span class='ocr_line' id='line_1_115' title="bbox 2008 5519 3496 5591; baseline -0.003 -15"><span class='ocrx_word' id='word_1_822' title='bbox 2008 5544 2028 5576; x_wconf 72' lang='grc' dir='ltr'>ι</span> <span class='ocrx_word' id='word_1_823' title='bbox 2056 5526 2182 5578; x_wconf 82' lang='grc' dir='ltr'>Ὅτι</span> <span class='ocrx_word' id='word_1_824' title='bbox 2231 5524 2627 5579; x_wconf 81' lang='grc' dir='ltr'>ἐϐουλεύσαντο</span> <span class='ocrx_word' id='word_1_825' title='bbox 2683 5524 2742 5576; x_wconf 82' lang='grc' dir='ltr'>ἐν</span> <span class='ocrx_word' id='word_1_826' title='bbox 2783 5522 3008 5591; x_wconf 72' lang='grc' dir='ltr'>ὁμονοίᾳ</span> <span class='ocrx_word' id='word_1_827' title='bbox 3055 5521 3149 5574; x_wconf 74' lang='grc' dir='ltr'>ἐπὶ</span> <span class='ocrx_word' id='word_1_828' title='bbox 3194 5520 3256 5573; x_wconf 80' lang='grc' dir='ltr'>τὸ</span> <span class='ocrx_word' id='word_1_829' title='bbox 3285 5519 3436 5574; x_wconf 83' lang='grc' dir='ltr'>αὑτό.</span> <span class='ocrx_word' id='word_1_830' title='bbox 3472 5537 3496 5572; x_wconf 70' lang='grc' dir='ltr'>ι</span> 
     </span>
    </p>
   </div>
   <div class='ocr_carea' id='block_1_116' title="bbox 1927 5608 3499 5684">
    <p class='ocr_par' dir='ltr' id='par_1_116' title="bbox 1927 5608 3499 5684">
     <span class='ocr_line' id='line_1_116' title="bbox 1927 5608 3499 5684; baseline -0.003 -14"><span class='ocrx_word' id='word_1_831' title='bbox 1927 5643 1996 5656; x_wconf 84' lang='grc'><strong><em>--</em></strong></span> <span class='ocrx_word' id='word_1_832' title='bbox 2027 5617 2100 5670; x_wconf 83' lang='grc' dir='ltr'>Τὸ</span> <span class='ocrx_word' id='word_1_833' title='bbox 2139 5613 2240 5668; x_wconf 76' lang='grc' dir='ltr'>ἐπι</span> <span class='ocrx_word' id='word_1_834' title='bbox 2265 5615 2331 5667; x_wconf 85' lang='grc' dir='ltr'>τὸ</span> <span class='ocrx_word' id='word_1_835' title='bbox 2373 5613 2521 5668; x_wconf 84' lang='grc' dir='ltr'>αὐτὸ</span> <span class='ocrx_word' id='word_1_836' title='bbox 2551 5615 2652 5673; x_wconf 77' lang='grc' dir='ltr'>τὴν</span> <span class='ocrx_word' id='word_1_837' title='bbox 2691 5612 2827 5684; x_wconf 88' lang='grc' dir='ltr'>όμοῦ</span> <span class='ocrx_word' id='word_1_838' title='bbox 2852 5608 3006 5684; x_wconf 88' lang='grc' dir='ltr'>δηλοῖ</span> <span class='ocrx_word' id='word_1_839' title='bbox 3033 5611 3129 5664; x_wconf 81' lang='grc' dir='ltr'>καὶ</span> <span class='ocrx_word' id='word_1_840' title='bbox 3165 5611 3244 5674; x_wconf 90' lang='grc' dir='ltr'>είς</span> <span class='ocrx_word' id='word_1_841' title='bbox 3279 5611 3378 5665; x_wconf 70' lang='grc' dir='ltr'>ἕνα</span> <span class='ocrx_word' id='word_1_842' title='bbox 3403 5610 3499 5667; x_wconf 78' lang='grc' dir='ltr'>τό-</span> 
     </span>
    </p>
   </div>
   <div class='ocr_carea' id='block_1_117' title="bbox 1931 5705 2744 5778">
    <p class='ocr_par' dir='ltr' id='par_1_117' title="bbox 1931 5705 2744 5778">
     <span class='ocr_line' id='line_1_117' title="bbox 1931 5705 2744 5778; baseline -0.001 -16"><span class='ocrx_word' id='word_1_843' title='bbox 1931 5727 2032 5762; x_wconf 86' lang='grc' dir='ltr'>πον</span> <span class='ocrx_word' id='word_1_844' title='bbox 2061 5707 2384 5778; x_wconf 82' lang='grc' dir='ltr'>συναγωγὴν</span> <span class='ocrx_word' id='word_1_845' title='bbox 2422 5706 2528 5762; x_wconf 86' lang='grc' dir='ltr'>τῶν</span> <span class='ocrx_word' id='word_1_846' title='bbox 2557 5705 2744 5762; x_wconf 81' lang='grc' dir='ltr'>ἐθνῶν.</span> 
     </span>
    </p>
   </div>
   <div class='ocr_carea' id='block_1_118' title="bbox 2007 5793 3492 5874">
    <p class='ocr_par' dir='ltr' id='par_1_118' title="bbox 2007 5793 3492 5874">
     <span class='ocr_line' id='line_1_118' title="bbox 2007 5793 3492 5874; baseline 0.001 -21"><span class='ocrx_word' id='word_1_847' title='bbox 2007 5821 2024 5853; x_wconf 82' lang='grc' dir='ltr'>ι</span> <span class='ocrx_word' id='word_1_848' title='bbox 2065 5802 2218 5854; x_wconf 85' lang='grc' dir='ltr'>Κατά</span> <span class='ocrx_word' id='word_1_849' title='bbox 2245 5799 2338 5853; x_wconf 87' lang='grc' dir='ltr'>σοῦ</span> <span class='ocrx_word' id='word_1_850' title='bbox 2373 5800 2641 5872; x_wconf 69' lang='grc' dir='ltr'>διαθήκην</span> <span class='ocrx_word' id='word_1_851' title='bbox 2664 5800 2922 5857; x_wconf 83' lang='grc' dir='ltr'>διέθεντο.</span> <span class='ocrx_word' id='word_1_852' title='bbox 2955 5818 3067 5871; x_wconf 51' lang='grc' dir='ltr'>ι,-</span> <span class='ocrx_word' id='word_1_853' title='bbox 3094 5798 3371 5871; x_wconf 18' lang='grc' dir='ltr'>Διαθήλκην</span> <span class='ocrx_word' id='word_1_854' title='bbox 3393 5793 3492 5874; x_wconf 63' lang='lat'><strong>11&#39;3&quot;</strong></span> 
     </span>
    </p>
   </div>
   <div class='ocr_carea' id='block_1_119' title="bbox 1930 5893 2387 5966">
    <p class='ocr_par' dir='ltr' id='par_1_119' title="bbox 1930 5893 2387 5966">
     <span class='ocr_line' id='line_1_119' title="bbox 1930 5893 2387 5966; baseline -0.004 -18"><span class='ocrx_word' id='word_1_855' title='bbox 1930 5895 2203 5966; x_wconf 64' lang='grc' dir='ltr'>συνθήκην</span> <span class='ocrx_word' id='word_1_856' title='bbox 2236 5893 2387 5965; x_wconf 77' lang='grc' dir='ltr'>φησί.</span> 
     </span>
    </p>
   </div>
  </div>
