3806 6356
170 374 306 437 15Ἱ3

1330 375 1735 438 EXPOSITIO
1775 379 1855 440 IN
1898 381 2268 446 PSALMOS.

3278 387 3412 452 1534

157 490 308 554 κροτς
383 485 690 554 ἐλεύθερος.
731 505 749 538 ³
803 518 876 529 -
931 489 1085 552 Ἥως
1141 487 1280 558 μετά
1351 490 1460 542 τῶν
1517 487 1730 559 νεκρῶν
1759 497 1803 553 Α
1834 493 1976 564 ὑπὲρ
2006 497 2166 564 ἡμῶν
2197 498 2304 551 τῶν
2338 499 2470 568 πρὶν
2511 500 2945 572 ἀπερριμμένων
2984 501 3079 558 καὶ
3131 505 3412 575 ὠργισμέ-

159 581 438 650 ἐλεύθερος
492 579 612 650 ἤτοι
689 579 967 644 ἀναίτιος·
1022 580 1301 651 ἐπιτίμιον
1354 583 1461 652 γὰρ
1547 583 1735 654 ἁμαρ-

157 670 277 732 τίις
345 671 374 724 ό
426 668 653 726 θάνατος
671 707 687 725 .

226 781 247 817 ι
299 763 447 816 Ὠσεί
505 764 842 835 τραυματίαι
875 762 1138 817 κατεύδον
1170 779 1260 827 τες
1310 764 1369 817 ἐν
1402 764 1582 834 τάφῳ.
1619 783 1638 819 9
1668 795 1740 807 -ο

172 855 502 926 Ἐγεννήθην
577 854 654 918 ὡς
718 855 1286 925 τετραυματισμένος,
1352 855 1606 924 κείμενος
1682 857 1742 910 ἐν

161 947 316 1015 τάφῳ
349 946 563 1001 καὶτὸν
599 944 769 1000 ὕπνον
800 945 898 999 τοῦ
963 944 1198 999 θανάτου
1257 942 1574 1008 ὑπνώττων,
1629 947 1744 1016 ήως

161 1044 209 1094 οί
253 1040 309 1107 ἐξ
342 1040 678 1108 ἀναιρέσεως
732 1040 830 1108 τῆς
885 1041 950 1093 ἐκ
1013 1036 1350 1108 τραυμάτων
1377 1037 1474 1092 καὶ
1517 1037 1742 1109 πληγῶν

160 1131 596 1200 ἀποθνήσκοντες
623 1133 718 1184 καὶ
749 1131 823 1201 μὴ
861 1131 1134 1200 φυσικῶς.

244 1241 263 1275 ι
299 1217 398 1275 Ὧν
427 1223 527 1275 οὐκ
553 1221 834 1293 ἐμνήσθης
875 1221 977 1286 ἔτι,
1020 1223 1117 1278 καὶ
1149 1222 1307 1276 αὐτοὶ
1332 1222 1395 1276 ἐκ
1424 1221 1528 1288 τῆς
1560 1221 1739 1291 χειρός

166 1333 261 1368 σου
324 1315 685 1383 ἀπώσθησαν.
728 1333 747 1366 9
814 1343 883 1356 —
936 1305 1039 1368 Ὧν
1087 1314 1336 1386 ἐμνήσθη
1389 1313 1541 1366 οὔπω
1599 1311 1740 1366 ὥστε

165 1406 385 1471 ζωῶσαι
409 1407 630 1472 αὐτοὺς,
683 1408 781 1460 καὶ⁸
813 1396 903 1460 διὰ
957 1404 1122 1459 τοῦτο
1154 1404 1418 1468 ἐξέπεσον
1457 1404 1616 1458 αὐτοὶ
1645 1405 1744 1470 τῆς
1778 1434 1786 1441 -

167 1499 265 1568 σῆς
297 1498 658 1568 ἀντιλήψεως,
693 1499 817 1552 ἐπεὶ
859 1497 1128 1552 ἐπελάθου
1183 1498 1384 1552 αὐτῶν.
1463 1496 1575 1550 Καὶ
1651 1494 1741 1548 διὰ

165 1590 276 1644 τῶν
302 1589 559 1644 τοιούτων
594 1591 650 1645 δὲ
685 1592 861 1660 λόγων
923 1592 1182 1662 ἐμφαίνει
1225 1588 1328 1660 τὴν
1386 1585 1742 1658 οἰκονομικήν

166 1682 576 1752 ἐγκατάλειψιν.
956 1677 962 1682 ’
1512 1754 1514 1756 ν

248 1795 266 1828 ι
305 1775 532 1830 Ἐθεντό
562 1793 626 1845 με
651 1779 710 1829 ἐν
768 1775 960 1845 λάκκῳ
1029 1771 1352 1841 κατωτάτω,
1410 1773 1470 1824 ἐν
1525 1772 1746 1843 σκοτείᾳ

1839 605 1945 641 νων
1965 587 1994 640 ὁ
2027 591 2306 661 Δεσπότης
2335 594 2490 662 φησί.

1918 698 1937 732 ι
1978 683 2204 752 Πτωχός
2258 685 2376 753 εἰμι
2402 684 2515 752 ἐγὼ
2554 688 2649 740 καὶ
2687 687 2745 740 ἐν
2792 687 2983 752 κόποις
3041 689 3103 742 ἐκ
3159 690 3412 758 νεότητός

1844 791 1969 844 μου.
2007 793 2027 827 9
2057 805 2129 817 -—
2173 775 2343 830 Τόσον
2399 778 2506 847 γὰρ
2545 775 2613 844 ἦν
2671 781 2842 848 πένης
2892 783 2920 835 δ
2965 780 3173 851 Κύριος
3215 782 3292 844 ὡς
3337 781 3412 852 μὴ

1841 867 1988 938 ἔχειν
2025 869 2126 938 τὴν
2165 869 2409 938 κεφαλὴν
2462 871 2564 924 ποῦ
2630 872 2856 938 κλίνειν,
2907 875 3000 927 καὶ
3037 873 3208 936 οὕτως
3230 870 3299 944 ἦν
3353 875 3414 926 ἐν

1842 960 2033 1021 κόποις
2063 958 2124 1024 ἐξ
2142 960 2314 1029 αὐτῆς
2335 960 2438 1030 τῆς
2474 962 2616 1028 ἄγαν
2666 963 2941 1035 νεότητος,
2987 966 3063 1028 ὡς
3117 965 3178 1030 ἐξ
3232 964 3412 1018 αὐτῶν

1844 1052 2176 1120 σπαργάνων
2247 1052 2737 1122 ἐπιϐουλευόμενός
2790 1071 2850 1108 τε
2918 1057 3017 1109 καὶ
3079 1055 3414 1124 διωκόμενος

1842 1143 2018 1198 διόλου
2042 1145 2432 1216 ταλαιπωρῶν.

1920 1253 1940 1288 ι
1993 1237 2260 1306 ’Υψωθεὶς
2309 1238 2366 1292 δὲ
2402 1238 2799 1309 ἐταπεινώθην.
2839 1256 2858 1290 9
2892 1265 2966 1281 —-
2999 1239 3250 1305 ’Υψωσιν
3293 1255 3420 1304 von-

1843 1331 1968 1384 τέον
1996 1331 2059 1384 ἐκ
2076 1331 2196 1384 τῶν
2219 1332 2516 1401 θαυμάτων
2538 1331 2631 1385 καὶ
2666 1330 2765 1400 τὴν
2788 1323 3148 1398 ἐπιίσταυροῦ
3177 1345 3191 1361 ·
3217 1329 3417 1384 ταπεί-

1849 1441 2018 1476 νωσιν
2043 1423 2146 1494 τὴν
2176 1425 2242 1477 ἐκ
2297 1423 2406 1477 τῶν
2431 1425 2772 1492 ἐμπαιγμῶν
2826 1423 2924 1477 καὶ
2975 1421 3421 1498 λοιδοριῶν,ηκαὶ

1847 1516 2020 1584 αὐτὴν
2055 1517 2152 1582 τὴν
2184 1516 2344 1585 μέχρι
2365 1515 2602 1569 θανάτου
2635 1516 2732 1568 καὶ
2763 1517 2968 1586 ταφῆς.

1921 1628 1942 1661 ι
1982 1609 2088 1664 Καὶ
2122 1609 2494 1679 ἐξηπορήθην.
2534 1627 2552 1660 9
2581 1639 2655 1654 —
2687 1610 2823 1674 Δόξα
2844 1609 2916 1680 (1’)
2949 1609 3042 1663 καὶ
3069 1608 3271 1677 ἄπορος
3297 1606 3423 1677 βοη-

1847 1701 2022 1764 θείας
2053 1701 2134 1755 διὸ
2164 1702 2261 1755 καὶ
2290 1702 2511 1769 έλεγονο
2547 1723 2564 1755 ι
2607 1704 2780 1772 Ἀςρες
2838 1703 3042 1772 ἴδωμεν
3093 1703 3141 1754 εί
3197 1700 3422 1770 ἔρχεται

1847 1795 2038 1856 Ἠλίας
2077 1794 2267 1848 σώσων
2304 1793 2485 1848 αὐτόν.
2525 1813 2544 1846 9

170 1869 264 1921 καὶ
290 1870 348 1921 ἐν
376 1870 501 1938 σκιᾷ
536 1867 798 1922 Θανάτου.
858 1885 878 1919 9
919 1895 990 1906 --
1022 1863 1331 1957 Τδντὰφον
1375 1865 1511 1957 φησι
1543 1862 1746 1957 λάκκον
1779 1877 1823 1936 Β
1932 1907 1950 1939 ε
2003 1889 2122 1941 Ἐπ’
2153 1888 2253 1957 ἐμὲ
2294 1888 2511 1956 διῆλθον
2545 1887 2792 1957 cum“!
2824 1904 2944 1952 σου,
2995 1889 3045 1940 οἱ
3099 1887 3425 1957 φοϐερισμοί

170 1960 486 2031 κατώτερον
513 1961 605 2013 καὶ
644 1960 850 2021 τόπους
883 1956 1198 2017 σκοτεινοὺς
1233 1958 1334 2010 καὶ
1380 1955 1550 2009 νύκτα
1584 1953 1750 2008 θανά-

171 2070 288 2118 του,
311 2053 617 2119 τουτέστιν,
650 2053 718 2122 ἦν
740 2053 767 2104 ό
785 2051 1018 2112 θάνατος
1048 2048 1322 2121 προξενεῖ.

251 2185 270 2219 ι
303 2165 423 2218 Ἐπ’
461 2165 560 2236 ἐμὲ
589 2163 890 2234 ἐστηρίχθη
953 2164 981 2215 ό
1009 2159 1183 2232 θυμός
1216 2171 1334 2223 σου,
1373 2161 1470 2213 καὶ
1529 2159 1750 2220 πάντας

176 2262 304 2323 τοὺς
355 2257 774 2330 μετεωρισμούς
834 2273 926 2309 σου
973 2257 1256 2326 ἐπήγαγες
1334 2254 1423 2306 ἐπ’
1463 2254 1584 2321 ἐμέ.
1639 2272 1656 2305 9
1689 2282 1754 2292 —

175 2350 362 2419 Θυμδν
397 2346 532 2403 Θεοῦ
585 2349 694 2403 νόει
753 2363 846 2418 μοι
907 2347 1009 2418 τὴν
1071 2348 1466 2418 ἐπενεχθεῖσαν
1498 2346 1577 2416 τῷ
1605 2347 1755 2413 γένει

179 2439 290 2494 τῶν
327 2439 632 2510 ἀνθρώπων
666 2439 759 2493 τοῦ
787 2436 1026 2494 θανάτου
1055 2439 1324 2511 κατάραν,
1359 2441 1427 2510 ἢν
1461 2442 1489 2493 ό
1518 2438 1756 2508 Χριστὸς

181 2537 264 2599 εἰς
288 2527 483 2588 ἑαυτὸν
510 2535 580 2588 δι’
611 2535 759 2605 ἡμᾶς
780 2532 1136 2600 κατεδέξατο.
1168 2533 1242 2586 Τὸ
1275 2534 1330 2586 δὲ
1349 2532 1758 2600 ἐπεστηρίχθη

191 2623 316 2682 ἀντὶ
345 2627 437 2680 τοῦ
461 2627 780 2696 ὲπεϐάρησε
814 2627 1075 2690 τέθειται,
1104 2624 1192 2678 διὰ
1237 2625 1331 2677 τοῦ
1383 2624 1618 2678 θανάτου
1658 2623 1756 2678 τοῦ

187 2718 492 2789 σταυρικοῦ
518 2719 656 2788 βαρὺ
680 2720 773 2772 καὶ
797 2719 1085 2787 ἐπίμονον.

261 2831 280 2863 ι
319 2811 676 2880 Ἐμάκρυνας
698 2811 826 2874 τοὺς
858 2807 1140 2879 γνωστούς
1177 2825 1282 2879 μου
1327 2807 1423 2863 ἀπ’
1449 2807 1608 2877 ἐμοῦ.
1650 2824 1758 2860 9—-

183 2905 273 2975 Τῷ
303 2905 453 2975 φόϐῳ
495 2902 849 2974 σταυρωτῶν.

263 3014 281 3048 ι
321 2993 544 3048 Ἕθεντό
576 3012 643 3064 με
679 2993 961 3064 βδέλυγμα
1000 2992 1237 3055 ἑαυτοῖς.
1286 3008 1305 3042 9
1331 2990 1484 3044 -Οἰ
1506 2987 1760 3043 Ἰουδαῖοι

185 3085 447 3156 δηλονότι.
1320 3144 1324 3151 ,

267 3194 285 3226 ι
322 3174 636 3246 Παρεδόθην
684 3171 784 3227 καὶ
815 3171 916 3226 οὐκ
940 3171 1376 3241 ἐξεπορευόμην.
1411 3186 1432 3221 9
1470 3199 1540 3211 —
1593 3167 1770 3238 Παρε-

189 3271 355 3341 δόθην
405 3272 520 3333 τοῖς
579 3245 861 3330 Ἰουδαίοις
901 3266 1006 3320 ὑπὸ
1047 3264 1426 3334 Ἰσκαριώτου,
1479 3263 1575 3316 καὶ
1611 3261 1766 3314 δυνά·
1793 3245 1837 3303 α

196 3379 354 3431 μενος
373 3359 777 3430 ἐκπορευθῆναι
817 3359 912 3412 ὑπ’
967 3357 1148 3412 αὐτῶν
1179 3358 1280 3410 οὐκ
1331 3354 1552 3408 ἐποίουν
1582 3350 1763 3417 τοῦτο,

195 3456 312 3510 ἀλλ’
344 3454 758 3524 ἐνεκαρτέρησα
799 3451 966 3505 ἑκών.

271 3569 291 3602 ι
325 3550 390 3604 οι
421 3545 694 3615 ὀφθαλμοί
739 3561 840 3614 μου
871 3542 1185 3612 ἠσθένησαν
1237 3540 1350 3594 ἀπὸ
1407 3536 1708 3607 πτωχείας.
1743 3553 1763 3587 9

195 3674 268 3687 --
296 3641 576 3711 Πτωχείαν
607 3639 844 3692 ἐνταῦθα
879 3636 980 3707 τήν
1004 3634 1098 3688 τοῦ
1137 3633 1393 3704 σώματός
1424 3649 1560 3702 φησι
1587 3630 1771 3684 κάκω-

195 3736 281 3791 σίν
302 3754 362 3790 τε
380 3737 476 3789 καὶ
488 3731 726 3804 ἔκτηξιν.

279 3848 298 3882 ι
325 3829 418 3898 Μὴ
438 3829 552 3888 τοῖς
579 3825 794 3895 νεκροῖς
825 3821 1076 3893 ποιήσεις
1119 3817 1405 3887 θαυμάσια
1431 3833 1448 3884 ;
1502 3815 1535 3884 ἢ
1591 3815 1774 3884 ἰατροὶ

197 3926 590 3993 ἀναστήσουσι,
634 3921 730 3975 καὶ
752 3914 1242 3989 ἐξομολογήσονταί
1269 3929 1374 3966 σοι.
1408 3929 1428 3963 9
1456 3942 1526 3954 --
1547 3910 1640 3982 Μή
1663 3912 1772 3971 τοῖς

197 4019 549 4088 ἀναισθήτοις
595 4015 812 4085 νεκροῖς
866 4013 1120 4080 ποιήσεις
1172 4006 1464 4080 θαυμαστά
1501 4004 1663 4072 ἔργα,
1741 4001 1774 4072 ἦ

202 4112 384 4184 ἰατροὶ
415 4109 792 4178 άναστήσουσι
813 4107 939 4168 τοὺς
989 4103 1223 4172 νεκροὺς
1257 4099 1354 4152 καὶ
1403 4097 1580 4159 οὕτως
1616 4096 1776 4165 εὐχα-

203 4204 526 4274 ριστήσουσί
579 4219 659 4254 σοι
715 4203 765 4254 οἱ
818 4200 970 4269 παρὰ
1020 4200 1129 4250 τῶν
1169 4193 1374 4263 ἰατρῶν
1439 4190 1774 4249 ἀναστάντες

202 4297 430 4369 νεκροί;
463 4295 652 4349 Ταῦτα
681 4293 741 4346 δέ
772 4295 822 4346 οί
853 4292 951 4362 μέν
1009 4306 1142 4358 φασι
1197 4289 1380 4356 λέγειν
1418 4286 1509 4338 τὸν
1569 4282 1776 4351 Κύριον

204 4388 529 4460 ἀνθρωπίνῃ
577 4385 754 4455 δειλίᾳ
811 4386 876 4453 τῇ
944 4382 1084 4451 πρὸς
1146 4379 1377 4432 θάνατον
1413 4375 1670 4430 αἰτοῦντα
1718 4372 1817 4426 τό

207 4485 334 4552 ζῇν,
387 4481 438 4534 οί
488 4477 675 4541 δὲτὰς
717 4477 898 4538 αἰτίας
930 4475 1064 4544 ἡμῖν
1133 4471 1407 4541 γνωρίσαι
1459 4468 1780 4538 βουλόμενον

1857 2001 1951 2036 σου
1981 1979 2321 2052 ἐξετάραξάν
2353 1997 2442 2048 με.
2485 2000 2503 2033 9
2546 2011 2616 2020 —
2643 1979 2754 2042 Τὰς
2778 1980 2886 2048 γάρ
2908 1981 3051 2034 κατὰ
3085 1981 3184 2050 τῆς
3214 1981 3427 2050 ἀνθρωο

1857 2074 2093 2142 πότητος
2127 2073 2485 2142 ἐπιτιμήσεις
2512 2073 2600 2125 καί
2627 2071 2858 2133 ἀπειλὰς
2891 2072 3070 2144 ἐαυτῷ
3133 2075 3431 2146 προσενέγ-

1854 2183 1960 2228 κας
1984 2166 2072 2218 διὰ
2100 2163 2292 2218 παθῶν
2314 2166 2661 2231 κατεδέξατο.

1934 2277 1953 2310 ι
1987 2258 2352 2313 Ἐκύκλωσάν
2391 2277 2458 2330 με
2502 2259 2634 2312 ὼσεί
2667 2260 2831 2330 ὕδωρ
2871 2260 3002 2330 ὃλην
3060 2259 3158 2330 τήν
3216 2260 3431 2329 ἡμέραν

1861 2353 2160 2422 περιέσχον
2197 2370 2264 2424 με
2289 2352 2428 2422 ἅμα.
2471 2369 2493 2406 9
2533 2383 2602 2392 —
2633 2354 2694 2406 Οἱ
2735 2351 2983 2406 Ἰουδαῖοι
3039 2351 3430 2420 κατακλυσμοῦ

1862 2444 2022 2510 δίκην
2080 2443 2575 2514 περιεκύκλωσαν,
2624 2445 2722 2498 καὶ
2782 2444 3109 2512 περιέλαϐόν
3171 2461 3238 2514 με
3295 2443 3432 2514 όμοῐ

1863 2539 2085 2601 πάντες.
2129 2540 2380 2609 Ἡμέραν
2404 2539 2460 2593 δὲ
2488 2541 2588 2609 τὴν
2621 2539 2717 2592 τοῦ
2751 2540 2959 2603 πάθους
2979 2539 3166 2610 φησίν.

1937 2649 1957 2683 ι
1999 2630 2354 2702 Ἐμάκρυνας
2413 2632 2512 2685 ἀπ’
2549 2632 2686 2702 ἐμοῦ
2721 2632 2878 2700 φίλον
2930 2634 3027 2683 καὶ
3077 2632 3309 2700 πλησίον
3338 2631 3436 2684 καὶ

1861 2720 1990 2784 τοὺς
2016 2722 2297 2789 γνωστούς
2324 2741 2426 2790 μου
2477 2723 2586 2776 άπὸ
2646 2724 3046 2794 ταλαιπωρίας.
3088 2742 3108 2776 9
3143 2753 3216 2766 —
3245 2727 3436 2794 Παρα-

1864 2812 2223 2884 χωρήσαντος
2247 2813 2409 2867 τοῦτό
2439 2832 2533 2868 σου
2556 2815 2938 2882 οἰκονομικως.

2427 2907 2722 2962 ΨΑΛΜΟΣ
2769 2906 2901 2962 ﬂH'.

1942 3013 1961 3047 ι
1998 2995 2278 3061 Συνέσεως
2327 2997 2510 3068 Αἰθὲιμ
2529 2999 2607 3068 τῷ
2655 2997 3025 3069 Ἰσραηλίτῃ.›
3063 3026 3136 3037 -
3159 2997 3439 3060 Συνέσεως

1865 3087 2072 3156 Αἰθὰμ,
2107 3087 2210 3155 τῆς
2239 3090 2320 3150 είς
2351 3087 2650 3142 Βαϐυλῶνα
2678 3089 2910 3155 ἀγωγῆς
2938 3089 3048 3141 τῶν
3098 3087 3440 3157 αἰχμαλωτι-

1873 3178 2108 3232 σοέντων
2133 3181 2227 3233 καὶ
2260 3181 2390 3251 περὶ
2415 3182 2508 3234 τοῦ
2543 3179 2786 3251 Χριστοῦ
2818 3181 3250 3250 προαγόρευσις.

1953 3270 2068 3324 «Td:
2098 3272 2222 3342 ἐλέη
2253 3289 2372 3334 σου.
2411 3272 2606 3342 Κύριε,
2635 3275 2713 3336 εἰς
2745 3272 2836 3326 τὸν
2862 3273 3036 3325 αἰῶνα
3084 3272 3306 3343 ᾄσομαι,
3359 3273 3440 3334 είς

1872 3365 2071 3432 γενεὰν
2105 3365 2199 3418 καὶ
2221 3366 2417 3433 γενεὰν
2442 3365 2744 3434 ἀπαγγελῶ
2785 3364 2884 3433 τὴν
2922 3364 3186 3434 ἀλήθειάν
3241 3381 3333 3418 σου
3383 3365 3441 3416 ἐν

1868 3457 1949 3526 τῷ
2005 3457 2234 3526 στόματί
2291 3473 2419 3527 μου.
2460 3475 2478 3509 9
2516 3487 2586 3498 --
2623 3456 2784 3527 Ἐλὲη
2847 3457 2985 3510 Θεοῦ
3037 3459 3133 3510 καὶ
3185 3457 3444 3526 ἀλήθειάν

1871 3563 2007 3616 φησι
2058 3549 2156 3616 τὴν
2187 3545 2325 3617 πρὸς
2379 3548 2542 3599 αὐτὸν
2595 3547 2746 3599 θείαν
2787 3548 3103 3616 ὑπόσχεσιν,
3143 3547 3317 3624 τὸῠέκ
3347 3547 3443 3599 τοῦ

1875 3639 2194 3707 σπέρματος
2215 3637 2384 3691 αὐτοῦ
2417 3639 2601 3692 δοῦναι
2628 3640 2742 3702 τοῖς
2788 3638 3110 3710 ἀνθρώποις
3143 3637 3240 3709 τὴν
3277 3654 3446 3706 σωτη-

1877 3729 2001 3799 ρίαν
2026 3725 2094 3781 δι’
2127 3727 2279 3790 ἔλεος
2303 3729 2536 3795 ἄφατον.

1949 3837 1967 3872 ι
2015 3819 2137 3874 Ὅτι
2171 3802 2338 3882 εἶπας
2359 3833 2377 3851 ⁸
2411 3822 2505 3883 Εἰς
2537 3819 2629 3873 τὸν
2655 3821 2826 3875 αἰῶνα
2855 3819 3002 3881 ἔλεος
3023 3817 3448 3888 οἰκοδομηθήσε-

1875 3930 1989 3967 ται.
2027 3932 2047 3967 9
2078 3943 2148 3954 —
2187 3913 2545 3984 ’ῼκοδόμηται
2575 3913 2682 3982 γὰρ
2717 3914 2781 3965 ἐκ
2820 3911 3161 3978 παρθενικῆς
3221 3907 3356 3975 ὕλης
3411 3908 3440 3959 ό

1876 4002 2024 4068 οἰκος
2056 4004 2157 4074 τῆς
2187 4007 2560 4074 ἐνυποσταάτου
2586 4005 2760 4072 Λόγου
2817 4005 3010 4072 σοφίας
3055 4003 3214 4066 Θεοῦ,
3281 4002 3394 4072 ἠως
3419 4002 3448 4054 δ

1891 4097 2100 4166 Ἰησοῦς
2128 4097 2272 4160 ἔλεος
2305 4096 2380 4150 ὢν
2416 4098 2506 4150 ἀεὶ
2562 4101 2676 4160 τοῖς
2735 4095 3085 4149 πιστεύουσιν
3135 4096 3215 4157 είς
3263 4093 3446 4146 αὐτόν.

1959 4211 1978 4244 ι
2011 4192 2100 4251 Ἐν
2156 4195 2268 4254 τοῖς
2317 4192 2569 4261 οὐρανοῖς
2610 4190 3071 4259 ἑτοιμασθήσεται
3143 4189 3176 4257 ἡ
3222 4185 3452 4255 ἀλήθειά

1882 4301 1997 4340 σου.
2040 4303 2058 4338 9
2087 4314 2158 4326 —-
2202 4285 2265 4337 Ἦ
2291 4283 2521 4353 ἀλήθεια
2559 4283 2653 4336 τοῦ
2681 4282 2840 4350 Θεοῦ,
2876 4285 2903 4334 ό
2953 4281 3190 4352 Χριστὸς
3230 4282 3290 4331 ἐν
3339 4281 3451 4341 τοῖς

1879 4379 2129 4446 οὐρανοῖς
2161 4376 2408 4446 ήδράσθη
2436 4393 2451 4410 ο
2481 4377 2703 4445 ἕτοιμον
2721 4380 2830 4444 γὰρ
2855 4374 3126 4444 πολλαχοῦ
3155 4374 3216 4426 τὸ
3239 4373 3454 4442 ἑδραῖον

1883 4473 1915 4541 ή
1959 4469 2181 4540 Ἐσραῒς
2211 4467 2318 4522 οἶδε
2342 4470 2555 4538 γραφή.

207 4577 276 4632 δι’
307 4575 372 4637 ἃς
402 4570 471 4645 ἦν
501 4571 777 4638 ἀναγκαία
802 4571 837 4636 ή
867 4569 1003 4638 πρὸς
1029 4567 1120 4620 τὸν
1151 4566 1287 4638 ᾅδην
1315 4561 1482 4617 αὐτοῦ
1530 4559 1774 4622 κάθοδος.
1814 4581 1856 4635 ι)
1963 4581 1982 4616 ι
2024 4564 2296 4632 Διεθέμην
2337 4561 2617 4631 διαθήκην
2671 4564 2783 4623 τοῖς
2834 4560 3114 4620 ἐκλεκτοῖς
3158 4574 3280 4628 μου.
3334 4574 3352 4607 9
3385 4584 3458 4594 ——

286 4688 307 4724 ι
352 4667 444 4735 Μὴ
482 4661 804 4734 διηγήσεταί
839 4677 924 4724 τις
953 4662 1011 4714 ἐν
1035 4658 1114 4723 τῷ
1157 4659 1316 4726 τάφῳ
1362 4656 1422 4708 τὸ
1461 4653 1610 4714 ἔλεός
1660 4668 1781 4718 σου,

209 4761 311 4815 καὶ
339 4762 442 4830 τὴν
467 4755 734 4826 ἀλήθειάν
767 4771 863 4807 σου
895 4755 951 4805 ἐν
1007 4754 1074 4822 τῇ
1122 4749 1404 4819 ἀπωλείᾳ;
1434 4766 1452 4800 9
1488 4776 1560 4786 —
1603 4743 1785 4798 Ἀπώ-

208 4856 363 4908 λειαν
393 4853 486 4905 τὸν
519 4853 691 4919 τάφον
727 4848 1041 4914 ὠνόμασεν,
1065 4844 1141 4907 ὡς
1164 4845 1222 4896 ἐν
1255 4841 1409 4906 αὐτῷ
1464 4838 1784 4908 διαφθειρο-

215 4946 382 5014 μένου
414 4940 506 4994 τοῦ
536 4938 856 5007 ἐγκειμένου
885 4933 1108 5006 νεκροῦ.

290 5054 310 5087 ι
342 5033 817 5104 Μὴγνωσθήσεται
850 5031 906 5082 ἐν
933 5027 1009 5098 τῷ
1041 5027 1227 5081 σκότει
1260 5025 1329 5078 τὰ
1351 5023 1642 5092 θαυμάσια
1666 5039 1784 5087 σου,

215 5129 311 5182 καὶ
329 5129 364 5199 ή
390 5123 706 5194 δικαιοσύνῃ
743 5139 838 5175 σου
858 5123 915 5174 ἐν
939 5123 1010 5190 γῇ
1043 5117 1476 5189 ἐπιλελησμένη.
1527 5134 1546 5167 9
1586 5144 1658 5155 —
1680 5114 1790 5167 Τὸν

216 5228 388 5288 τάφον
435 5220 570 5290 φησί
629 5219 724 5270 καὶ
780 5215 972 5276 σκότος
1013 5213 1109 5266 καὶ
1165 5211 1268 5281 γῆν
1316 5209 1788 5278 ἐπιλελησμένηνο

221 5312 674 5368 ἐπιλανθάνονται
707 5309 818 5378 γὰρ
853 5306 1026 5378 αὐτῆς
1063 5305 1117 5360 οἱ
1141 5305 1364 5369 ζῶντες,
1412 5303 1487 5366 ὡς
1539 5301 1793 5371 ἔμπλεων

218 5409 302 5462 δια
313 5405 540 5474 φθορᾶς.

297 5517 316 5549 ι
352 5495 521 5564 Κάγὼ
551 5495 686 5564 πρὸς
719 5493 804 5559 σὲ,
833 5494 1034 5562 Κυριε,
1068 5488 1366 5558 ἐκέκραξα,
1392 5489 1488 5542 καὶ
1551 5487 1614 5539 τὸ
1645 5483 1792 5554 πρωῒ

221 5594 254 5661 ἠ
284 5588 560 5660 προσευχὴ
597 5603 699 5656 μου
723 5585 1030 5656 προφθάσει
1063 5580 1329 5637 aeu—T29
1357 5578 1510 5648 πρωϊ
1533 5577 1800 5648 μὲνδηλοῖ

225 5703 283 5737 τι»
301 5683 531 5751 ταχέωςο
553 5681 629 5743 εἰς
651 5677 704 5732 δὲ
720 5680 781 5732 τὸ
799 5677 1105 5748 προφθάσει
1129 5673 1440 5744 περιττεύει
1471 5675 1504 5743 ἡ
1519 5675 1798 5744 πρόθεσις.

305 5794 323 5826 ι
366 5775 486 5828 ἰνα
520 5774 594 5840 τί,
631 5771 828 5843 Κύριε,
868 5770 1110 5831 ἀπωθεῖς
1152 5768 1249 5837 τὴν
1315 5769 1628 5836 προσευχήν
1665 5784 1788 5834 μου,

228 5869 590 5938 ἀποστρέφεις
621 5866 681 5918 τὸ
713 5865 1008 5935 πρόσωπῦν
1045 5879 1136 5914 σου
1163 5861 1256 5914 ἀπ’
1277 5859 1434 5931 ἐμοῖς
1477 5881 1492 5914 9
1520 5861 1781 5914 -Ταῦτα

1892 4654 2180 4725 Προσὼπῳ
2217 4654 2352 4707 Θεοῦ
2381 4653 2578 4708 ταῦτα.
2621 4653 2728 4706 Καὶ
2767 4652 3034 4720 διαθήκην
3065 4650 3163 4718 μὲν
3191 4649 3340 4716 λέγει
3360 4647 3458 4716 τὴν

1889 4748 2228 4817 ἐπαγγελίαν
2253 4763 2268 4777 °
2293 4748 2585 4809 ἐκλεκτοὺς
2619 4747 2676 4800 δὲ
2706 4747 2798 4798 τὸν
2864 4743 3122 4814 Ἀϐραὰμ
3185 4742 3281 4795 καὶ
3329 4741 3458 4803 τοὺς

1887 4841 2108 4910 ὁμοίους
2137 4841 2308 4910 αὐτῷ.

1968 4951 1985 4984 ι
2028 4933 2240 5002 Ὠμοσα
2270 4931 2434 4985 Δαυῒδ
2468 4931 2547 5000 τῷ
2578 4931 2773 5000 δούλῳ.
2804 4947 2822 4980 9
2863 4957 2934 4968 ——
2980 4926 3040 4982 '0
3090 4927 3266 4998 ὅρκος
3283 4924 3343 4978 τὸ
3372 4923 3462 4995 βέ-

1893 5024 2050 5077 ϐαιον
2079 5025 2181 5093 τῆς
2207 5024 2549 5091 ἐπαγγελίας
2579 5021 2749 5089 δηλοῖ.

1969 5134 1989 5167 ι
2028 5097 2170 5177 Ἕως
2193 5115 2286 5167 τοῦ
2311 5115 2506 5177 αἰῶνος
2533 5115 2811 5183 ἑτοιμάσω
2826 5113 2888 5165 τὸ
2925 5112 3148 5182 σπέρμα
3184 5127 3300 5164 σου.
3338 5127 3359 5161 9
3395 5137 3466 5150 —-

1905 5208 1966 5261 Ὀ
1991 5209 2099 5277 γὰρ
2126 5207 2361 5277 Χριστὸς
2416 5207 2652 5277 ἥδρασεν
2710 5207 2789 5269 εἰς
2826 5207 2920 5258 τὸν
2978 5204 3172 5272 αἰῶνα,
3205 5203 3316 5268 ζῶν
3369 5202 3468 5257 καὶ¹

1896 5301 2198 5374 βασιλεύων
2218 5301 2504 5371 διηνεκῶς.

1976 5395 2134 5448 (Καὶ
2195 5395 2542 5464 οἰκοδομήσω
2597 5395 2676 5456 είς
2715 5392 2912 5460 γενεὰν
2969 5391 3065 5445 καὶ
3117 5388 3313 5459 γενεὰν
3378 5385 3470 5439 τὸν

1901 5492 2092 5562 θρόνον
2133 5505 2250 5544 σου.
2284 5506 2303 5539 9
2331 5515 2403 5529 —-
2429 5487 2736 5554 Οἰκοδομὴν
2766 5485 2867 5554 τὴν
2923 5483 3241 5553 ἀπάρτησιν
3273 5479 3423 5547 λέγει
3449 5493 3468 5510 ο

1901 5583 2091 5652 θρόνον
2120 5581 2176 5634 δὲ
2203 5580 2304 5649 τὴν
2337 5575 2650 5648 βασιλείαν.
2675 5575 2784 5630 Τοῦ
2817 5573 3058 5646 Χριστοῦ
3081 5574 3136 5625 δὲ
3169 5572 3268 5641 τὴν
3315 5570 3471 5638 βασι-

1901 5676 2051 5730 λείαν
2072 5673 2168 5726 τοῦ
2205 5673 2371 5724 Δαυῖδ
2401 5687 2536 5740 φησι
2571 5671 2660 5724 διὰ
2692 5669 2753 5721 τὸ
2796 5668 2856 5732 ἐξ
2900 5665 3069 5720 αὐτοῦ
3129 5661 3469 5730 κατάγεσθαι

1900 5767 1991 5819 τὸν
2021 5761 2277 5832 Χριστόν.

1978 5877 1995 5910 ι
2034 5851 2552 5924 Ἐξομολογήσονται
2589 5851 2636 5904 οἰ
2666 5848 2884 5921 οὐρανοί
2965 5845 3034 5901 τὰ
3066 5843 3339 5914 θαυμάσιά
3357 5860 3478 5915 σου,
