  <div class='ocr_page' id='page_1' title='image "/cluster/home/n/w/nwhite01/storage/ocr_20150623/142/hvd.32044012457388/773.png"; bbox 0 0 3806 6356; ppageno 0'>
   <div class='ocr_carea' id='block_1_1' title="bbox 345 318 488 384">
    <p class='ocr_par' dir='ltr' id='par_1_1' title="bbox 345 318 488 384">
     <span class='ocr_line' id='line_1_1' title="bbox 345 318 488 384; baseline 0.014 -9"><span class='ocrx_word' id='word_1_1' title='bbox 345 318 488 384; x_wconf 57' lang='grc' dir='ltr'>ἱέρ’ἲὸ</span> 
     </span>
    </p>
   </div>
   <div class='ocr_carea' id='block_1_2' title="bbox 1549 320 2440 385">
    <p class='ocr_par' dir='ltr' id='par_1_2' title="bbox 1549 320 2440 385">
     <span class='ocr_line' id='line_1_2' title="bbox 1549 320 2440 385; baseline 0.003 -5"><span class='ocrx_word' id='word_1_2' title='bbox 1549 320 1966 380; x_wconf 68' lang='lat' dir='ltr'>NICEPHOIH</span> <span class='ocrx_word' id='word_1_3' title='bbox 2021 323 2440 385; x_wconf 63' lang='lat' dir='ltr'>BLEHMIDE</span> 
     </span>
    </p>
   </div>
   <div class='ocr_carea' id='block_1_3' title="bbox 3463 318 3609 382">
    <p class='ocr_par' dir='ltr' id='par_1_3' title="bbox 3463 318 3609 382">
     <span class='ocr_line' id='line_1_3' title="bbox 3463 318 3609 382; baseline -0.007 -2"><span class='ocrx_word' id='word_1_4' title='bbox 3463 318 3609 382; x_wconf 76' lang='lat'>1536</span> 
     </span>
    </p>
   </div>
   <div class='ocr_carea' id='block_1_4' title="bbox 338 417 3622 511">
    <p class='ocr_par' dir='ltr' id='par_1_4' title="bbox 338 417 3622 511">
     <span class='ocr_line' id='line_1_4' title="bbox 338 417 3622 511; baseline 0.001 -28"><span class='ocrx_word' id='word_1_5' title='bbox 338 429 539 500; x_wconf 76' lang='grc' dir='ltr'>Κύριε.</span> <span class='ocrx_word' id='word_1_6' title='bbox 581 447 598 478; x_wconf 75' lang='grc' dir='ltr'>ι</span> <span class='ocrx_word' id='word_1_7' title='bbox 637 459 692 468; x_wconf 92' lang='grc'><strong>-</strong></span> <span class='ocrx_word' id='word_1_8' title='bbox 731 427 1012 498; x_wconf 68' lang='grc' dir='ltr'>Οερανοὺς</span> <span class='ocrx_word' id='word_1_9' title='bbox 1041 429 1189 499; x_wconf 70' lang='grc' dir='ltr'>λέγει</span> <span class='ocrx_word' id='word_1_10' title='bbox 1219 430 1342 492; x_wconf 78' lang='grc' dir='ltr'>τοὺς</span> <span class='ocrx_word' id='word_1_11' title='bbox 1377 432 1436 483; x_wconf 88' lang='lat' dir='ltr'>tv</span> <span class='ocrx_word' id='word_1_12' title='bbox 1477 431 1731 501; x_wconf 77' lang='grc' dir='ltr'>οὐρανοῖς</span> <span class='ocrx_word' id='word_1_13' title='bbox 1759 447 1909 494; x_wconf 84' lang='grc' dir='ltr'>νοας.</span> <span class='ocrx_word' id='word_1_14' title='bbox 1944 461 1984 509; x_wconf 61' lang='grc' dir='ltr'>Α</span> <span class='ocrx_word' id='word_1_15' title='bbox 2022 437 2257 506; x_wconf 79' lang='grc' dir='ltr'>ἡμέραν.</span> <span class='ocrx_word' id='word_1_16' title='bbox 2302 457 2320 489; x_wconf 72' lang='grc' dir='ltr'>ν</span> <span class='ocrx_word' id='word_1_17' title='bbox 2361 469 2431 478; x_wconf 91' lang='lat'><strong>—-</strong></span> <span class='ocrx_word' id='word_1_18' title='bbox 2462 427 2552 492; x_wconf 80' lang='grc' dir='ltr'>Ἐν</span> <span class='ocrx_word' id='word_1_19' title='bbox 2600 438 2684 492; x_wconf 75' lang='grc' dir='ltr'>σοὶ</span> <span class='ocrx_word' id='word_1_20' title='bbox 2719 437 3198 511; x_wconf 71' lang='grc' dir='ltr'>εὔφρανθήσονται.</span> <span class='ocrx_word' id='word_1_21' title='bbox 3243 432 3328 487; x_wconf 66' lang='grc' dir='ltr'>διὰ</span> <span class='ocrx_word' id='word_1_22' title='bbox 3354 417 3622 499; x_wconf 72' lang='grc' dir='ltr'>παντὸς,</span> 
     </span>
    </p>
   </div>
   <div class='ocr_carea' id='block_1_5' title="bbox 341 521 1914 592">
    <p class='ocr_par' dir='ltr' id='par_1_5' title="bbox 341 521 1914 592">
     <span class='ocr_line' id='line_1_5' title="bbox 341 521 1914 592; baseline 0 -18"><span class='ocrx_word' id='word_1_23' title='bbox 341 521 438 574; x_wconf 76' lang='grc' dir='ltr'>καὶ</span> <span class='ocrx_word' id='word_1_24' title='bbox 466 521 592 583; x_wconf 76' lang='grc' dir='ltr'>τοὺς</span> <span class='ocrx_word' id='word_1_25' title='bbox 616 521 713 589; x_wconf 84' lang='grc' dir='ltr'>τὴν</span> <span class='ocrx_word' id='word_1_26' title='bbox 732 521 988 590; x_wconf 81' lang='grc' dir='ltr'>οὐράνιον</span> <span class='ocrx_word' id='word_1_27' title='bbox 1037 523 1419 592; x_wconf 76' lang='grc' dir='ltr'>κεκτημένους</span> <span class='ocrx_word' id='word_1_28' title='bbox 1477 523 1761 592; x_wconf 81' lang='grc' dir='ltr'>διαγωγὴν</span> <span class='ocrx_word' id='word_1_29' title='bbox 1819 524 1914 575; x_wconf 67' lang='grc' dir='ltr'>ἐπὶ</span> 
     </span>
    </p>
   </div>
   <div class='ocr_carea' id='block_1_6' title="bbox 337 615 1912 690">
    <p class='ocr_par' dir='ltr' id='par_1_6' title="bbox 337 615 1912 690">
     <span class='ocr_line' id='line_1_6' title="bbox 337 615 1912 690; baseline 0 -22"><span class='ocrx_word' id='word_1_30' title='bbox 337 615 463 683; x_wconf 66' lang='grc' dir='ltr'>γῆξ,</span> <span class='ocrx_word' id='word_1_31' title='bbox 515 616 588 677; x_wconf 85' lang='grc' dir='ltr'>οἳ,</span> <span class='ocrx_word' id='word_1_32' title='bbox 646 616 800 690; x_wconf 73' lang='grc' dir='ltr'>φησὶ,</span> <span class='ocrx_word' id='word_1_33' title='bbox 875 615 1239 684; x_wconf 86' lang='grc' dir='ltr'>μεγαλυνοῦσι</span> <span class='ocrx_word' id='word_1_34' title='bbox 1300 617 1399 676; x_wconf 77' lang='grc' dir='ltr'>τὰς</span> <span class='ocrx_word' id='word_1_35' title='bbox 1447 615 1767 684; x_wconf 80' lang='grc' dir='ltr'>θαυμαστὰς</span> <span class='ocrx_word' id='word_1_36' title='bbox 1820 618 1912 670; x_wconf 84' lang='grc' dir='ltr'>καὶ</span> 
     </span>
    </p>
   </div>
   <div class='ocr_carea' id='block_1_7' title="bbox 338 704 1912 776">
    <p class='ocr_par' dir='ltr' id='par_1_7' title="bbox 338 704 1912 776">
     <span class='ocr_line' id='line_1_7' title="bbox 338 704 1912 776; baseline 0.002 -19"><span class='ocrx_word' id='word_1_37' title='bbox 338 704 604 774; x_wconf 79' lang='grc' dir='ltr'>ἀληθινάς</span> <span class='ocrx_word' id='word_1_38' title='bbox 646 706 986 773; x_wconf 70' lang='grc' dir='ltr'>έπαγγελίας</span> <span class='ocrx_word' id='word_1_39' title='bbox 1020 722 1116 758; x_wconf 85' lang='grc' dir='ltr'>σου</span> <span class='ocrx_word' id='word_1_40' title='bbox 1141 709 1200 757; x_wconf 84' lang='grc' dir='ltr'>ὲν</span> <span class='ocrx_word' id='word_1_41' title='bbox 1221 707 1286 776; x_wconf 79' lang='grc' dir='ltr'>τῇ</span> <span class='ocrx_word' id='word_1_42' title='bbox 1339 709 1630 776; x_wconf 73' lang='grc' dir='ltr'>συναγωγῇ</span> <span class='ocrx_word' id='word_1_43' title='bbox 1683 706 1792 758; x_wconf 84' lang='grc' dir='ltr'>τῶν</span> <span class='ocrx_word' id='word_1_44' title='bbox 1855 709 1912 760; x_wconf 94' lang='lat' dir='ltr'>tv</span> 
     </span>
    </p>
   </div>
   <div class='ocr_carea' id='block_1_8' title="bbox 335 797 1452 866">
    <p class='ocr_par' dir='ltr' id='par_1_8' title="bbox 335 797 1452 866">
     <span class='ocr_line' id='line_1_8' title="bbox 335 797 1452 866; baseline 0.002 -18"><span class='ocrx_word' id='word_1_45' title='bbox 335 797 585 866; x_wconf 74' lang='grc' dir='ltr'>οὐρανοῖς</span> <span class='ocrx_word' id='word_1_46' title='bbox 612 797 784 864; x_wconf 82' lang='grc' dir='ltr'>ἁγίων</span> <span class='ocrx_word' id='word_1_47' title='bbox 815 813 907 850; x_wconf 93' lang='grc' dir='ltr'>σου</span> <span class='ocrx_word' id='word_1_48' title='bbox 940 798 1036 850; x_wconf 78' lang='grc' dir='ltr'>καὶ</span> <span class='ocrx_word' id='word_1_49' title='bbox 1069 797 1178 850; x_wconf 85' lang='grc' dir='ltr'>τῶν</span> <span class='ocrx_word' id='word_1_50' title='bbox 1206 798 1299 850; x_wconf 72' lang='grc' dir='ltr'>ἐπὶ</span> <span class='ocrx_word' id='word_1_51' title='bbox 1325 797 1452 866; x_wconf 77' lang='grc' dir='ltr'>γῆς.</span> 
     </span>
    </p>
   </div>
   <div class='ocr_carea' id='block_1_9' title="bbox 415 905 1911 983">
    <p class='ocr_par' dir='ltr' id='par_1_9' title="bbox 415 905 1911 983">
     <span class='ocr_line' id='line_1_9' title="bbox 415 905 1911 983; baseline 0 -19"><span class='ocrx_word' id='word_1_52' title='bbox 415 931 434 964; x_wconf 77' lang='grc' dir='ltr'>ε</span> <span class='ocrx_word' id='word_1_53' title='bbox 478 911 602 968; x_wconf 87' lang='grc' dir='ltr'>Ὀτι</span> <span class='ocrx_word' id='word_1_54' title='bbox 653 905 738 976; x_wconf 82' lang='grc' dir='ltr'>τίς</span> <span class='ocrx_word' id='word_1_55' title='bbox 790 913 848 966; x_wconf 83' lang='grc' dir='ltr'>ὲν</span> <span class='ocrx_word' id='word_1_56' title='bbox 893 912 1146 982; x_wconf 80' lang='grc' dir='ltr'>νεφέλαις</span> <span class='ocrx_word' id='word_1_57' title='bbox 1215 912 1544 982; x_wconf 78' lang='grc' dir='ltr'>ίσωθήσεται</span> <span class='ocrx_word' id='word_1_58' title='bbox 1585 913 1663 983; x_wconf 84' lang='grc' dir='ltr'>τῷ</span> <span class='ocrx_word' id='word_1_59' title='bbox 1702 911 1911 983; x_wconf 83' lang='grc' dir='ltr'>Κυρίῳ,</span> 
     </span>
    </p>
   </div>
   <div class='ocr_carea' id='block_1_10' title="bbox 337 1004 1912 1075">
    <p class='ocr_par' dir='ltr' id='par_1_10' title="bbox 337 1004 1912 1075">
     <span class='ocr_line' id='line_1_10' title="bbox 337 1004 1912 1075; baseline 0 -18"><span class='ocrx_word' id='word_1_60' title='bbox 337 1005 743 1075; x_wconf 77' lang='grc' dir='ltr'>ὁμοιωθήσεται</span> <span class='ocrx_word' id='word_1_61' title='bbox 794 1005 870 1074; x_wconf 83' lang='grc' dir='ltr'>τῷ</span> <span class='ocrx_word' id='word_1_62' title='bbox 910 1004 1096 1075; x_wconf 85' lang='grc' dir='ltr'>Κυρίῳ</span> <span class='ocrx_word' id='word_1_63' title='bbox 1150 1005 1210 1058; x_wconf 82' lang='lat' dir='ltr'>tv</span> <span class='ocrx_word' id='word_1_64' title='bbox 1238 1006 1372 1068; x_wconf 86' lang='grc' dir='ltr'>υίοῖς</span> <span class='ocrx_word' id='word_1_65' title='bbox 1403 1005 1572 1070; x_wconf 86' lang='grc' dir='ltr'>Θεοῦ;</span> <span class='ocrx_word' id='word_1_66' title='bbox 1630 1024 1650 1057; x_wconf 72' lang='grc' dir='ltr'>ι</span> <span class='ocrx_word' id='word_1_67' title='bbox 1682 1034 1750 1044; x_wconf 85' lang='grc'><strong>-</strong></span> <span class='ocrx_word' id='word_1_68' title='bbox 1789 1005 1912 1058; x_wconf 78' lang='grc' dir='ltr'>Ὀτι</span> 
     </span>
    </p>
   </div>
   <div class='ocr_carea' id='block_1_11' title="bbox 337 1096 1913 1169">
    <p class='ocr_par' dir='ltr' id='par_1_11' title="bbox 337 1096 1913 1169">
     <span class='ocr_line' id='line_1_11' title="bbox 337 1096 1913 1169; baseline 0.001 -19"><span class='ocrx_word' id='word_1_69' title='bbox 337 1097 515 1162; x_wconf 76' lang='grc' dir='ltr'>οὐδεὶς</span> <span class='ocrx_word' id='word_1_70' title='bbox 554 1100 611 1151; x_wconf 85' lang='lat' dir='ltr'>tv</span> <span class='ocrx_word' id='word_1_71' title='bbox 664 1097 741 1167; x_wconf 84' lang='grc' dir='ltr'>τῷ</span> <span class='ocrx_word' id='word_1_72' title='bbox 801 1097 927 1167; x_wconf 71' lang='grc' dir='ltr'>ὕψει</span> <span class='ocrx_word' id='word_1_73' title='bbox 980 1097 1124 1167; x_wconf 83' lang='grc' dir='ltr'>ἢὼς</span> <span class='ocrx_word' id='word_1_74' title='bbox 1161 1097 1393 1166; x_wconf 75' lang='grc' dir='ltr'>ἄγγελος</span> <span class='ocrx_word' id='word_1_75' title='bbox 1454 1096 1784 1169; x_wconf 79' lang='grc' dir='ltr'>ίσωθήσεται</span> <span class='ocrx_word' id='word_1_76' title='bbox 1835 1098 1913 1168; x_wconf 85' lang='grc' dir='ltr'>τῷ</span> 
     </span>
    </p>
   </div>
   <div class='ocr_carea' id='block_1_12' title="bbox 341 1188 1911 1262">
    <p class='ocr_par' dir='ltr' id='par_1_12' title="bbox 341 1188 1911 1262">
     <span class='ocr_line' id='line_1_12' title="bbox 341 1188 1911 1262; baseline 0.002 -19"><span class='ocrx_word' id='word_1_77' title='bbox 341 1189 532 1261; x_wconf 82' lang='grc' dir='ltr'>Κυρίῳ</span> <span class='ocrx_word' id='word_1_78' title='bbox 588 1188 714 1245; x_wconf 75' lang='grc' dir='ltr'>οὔτε</span> <span class='ocrx_word' id='word_1_79' title='bbox 772 1192 830 1244; x_wconf 92' lang='lat' dir='ltr'>tv</span> <span class='ocrx_word' id='word_1_80' title='bbox 885 1189 1064 1257; x_wconf 78' lang='grc' dir='ltr'>ἁγίοις</span> <span class='ocrx_word' id='word_1_81' title='bbox 1123 1190 1435 1260; x_wconf 86' lang='grc' dir='ltr'>ἀνθρώποις</span> <span class='ocrx_word' id='word_1_82' title='bbox 1482 1191 1911 1262; x_wconf 68' lang='grc' dir='ltr'>ὁμοιωθήσεται.</span> 
     </span>
    </p>
   </div>
   <div class='ocr_carea' id='block_1_13' title="bbox 419 1283 1918 1354">
    <p class='ocr_par' dir='ltr' id='par_1_13' title="bbox 419 1283 1918 1354">
     <span class='ocr_line' id='line_1_13' title="bbox 419 1283 1918 1354; baseline 0.002 -18"><span class='ocrx_word' id='word_1_83' title='bbox 419 1304 437 1335; x_wconf 85' lang='grc' dir='ltr'>ι</span> <span class='ocrx_word' id='word_1_84' title='bbox 486 1283 548 1337; x_wconf 81' lang='grc' dir='ltr'>Ὀ</span> <span class='ocrx_word' id='word_1_85' title='bbox 579 1283 710 1348; x_wconf 86' lang='grc' dir='ltr'>Θεὸς</span> <span class='ocrx_word' id='word_1_86' title='bbox 737 1284 1166 1354; x_wconf 80' lang='grc' dir='ltr'>ὲνδοξαζόμενος</span> <span class='ocrx_word' id='word_1_87' title='bbox 1197 1285 1256 1336; x_wconf 79' lang='grc' dir='ltr'>ὲν</span> <span class='ocrx_word' id='word_1_88' title='bbox 1301 1283 1468 1353; x_wconf 70' lang='grc' dir='ltr'>βουλῇ</span> <span class='ocrx_word' id='word_1_89' title='bbox 1527 1283 1723 1351; x_wconf 79' lang='grc' dir='ltr'>ἁγίων.</span> <span class='ocrx_word' id='word_1_90' title='bbox 1767 1303 1786 1338; x_wconf 72' lang='grc' dir='ltr'>ι</span> <span class='ocrx_word' id='word_1_91' title='bbox 1845 1313 1918 1325; x_wconf 91' lang='lat'><strong><em>—</em></strong></span> 
     </span>
    </p>
   </div>
   <div class='ocr_carea' id='block_1_14' title="bbox 350 1376 1917 1450">
    <p class='ocr_par' dir='ltr' id='par_1_14' title="bbox 350 1376 1917 1450">
     <span class='ocr_line' id='line_1_14' title="bbox 350 1376 1917 1450; baseline 0.002 -20"><span class='ocrx_word' id='word_1_92' title='bbox 350 1379 445 1431; x_wconf 86' lang='lat' dir='ltr'>’Ev</span> <span class='ocrx_word' id='word_1_93' title='bbox 503 1380 798 1450; x_wconf 74' lang='grc' dir='ltr'>συναγωγῇ</span> <span class='ocrx_word' id='word_1_94' title='bbox 869 1376 1156 1443; x_wconf 80' lang='grc' dir='ltr'>δοξάζεται</span> <span class='ocrx_word' id='word_1_95' title='bbox 1217 1376 1387 1440; x_wconf 80' lang='grc' dir='ltr'>δντως</span> <span class='ocrx_word' id='word_1_96' title='bbox 1427 1377 1524 1432; x_wconf 82' lang='grc' dir='ltr'>καὶ</span> <span class='ocrx_word' id='word_1_97' title='bbox 1582 1378 1833 1448; x_wconf 76' lang='grc' dir='ltr'>ὑμνεῖται</span> <span class='ocrx_word' id='word_1_98' title='bbox 1887 1381 1917 1433; x_wconf 88' lang='lat'>6</span> 
     </span>
    </p>
   </div>
   <div class='ocr_carea' id='block_1_15' title="bbox 338 1471 494 1534">
    <p class='ocr_par' dir='ltr' id='par_1_15' title="bbox 338 1471 494 1534">
     <span class='ocr_line' id='line_1_15' title="bbox 338 1471 494 1534; baseline 0.026 -12"><span class='ocrx_word' id='word_1_99' title='bbox 338 1471 494 1534; x_wconf 88' lang='grc' dir='ltr'>Θεός.</span> 
     </span>
    </p>
   </div>
   <div class='ocr_carea' id='block_1_16' title="bbox 419 1585 1915 1656">
    <p class='ocr_par' dir='ltr' id='par_1_16' title="bbox 419 1585 1915 1656">
     <span class='ocr_line' id='line_1_16' title="bbox 419 1585 1915 1656; baseline -0.001 -16"><span class='ocrx_word' id='word_1_100' title='bbox 419 1606 438 1640; x_wconf 83' lang='grc' dir='ltr'>ι</span> <span class='ocrx_word' id='word_1_101' title='bbox 480 1589 670 1654; x_wconf 82' lang='grc' dir='ltr'>Μέγας</span> <span class='ocrx_word' id='word_1_102' title='bbox 702 1585 797 1639; x_wconf 75' lang='grc' dir='ltr'>καὶ</span> <span class='ocrx_word' id='word_1_103' title='bbox 857 1585 1088 1656; x_wconf 79' lang='grc' dir='ltr'>φοϐερός</span> <span class='ocrx_word' id='word_1_104' title='bbox 1153 1585 1307 1640; x_wconf 74' lang='grc' dir='ltr'>ιστιν</span> <span class='ocrx_word' id='word_1_105' title='bbox 1370 1585 1466 1639; x_wconf 66' lang='grc' dir='ltr'>ἰπὶ</span> <span class='ocrx_word' id='word_1_106' title='bbox 1523 1585 1736 1649; x_wconf 81' lang='grc' dir='ltr'>πάντας</span> <span class='ocrx_word' id='word_1_107' title='bbox 1786 1585 1915 1649; x_wconf 81' lang='grc' dir='ltr'>τοὺς</span> 
     </span>
    </p>
   </div>
   <div class='ocr_carea' id='block_1_17' title="bbox 249 1677 1910 1750">
    <p class='ocr_par' dir='ltr' id='par_1_17' title="bbox 249 1677 1910 1750">
     <span class='ocr_line' id='line_1_17' title="bbox 249 1677 1910 1750; baseline -0.002 -17"><span class='ocrx_word' id='word_1_108' title='bbox 249 1683 252 1686; x_wconf 80' lang='grc'><em>’</em></span> <span class='ocrx_word' id='word_1_109' title='bbox 339 1679 470 1750; x_wconf 73' lang='grc' dir='ltr'>περὶ</span> <span class='ocrx_word' id='word_1_110' title='bbox 500 1680 683 1749; x_wconf 87' lang='grc' dir='ltr'>κύκλῳ</span> <span class='ocrx_word' id='word_1_111' title='bbox 710 1677 896 1732; x_wconf 79' lang='grc' dir='ltr'>αὑτοῦ.</span> <span class='ocrx_word' id='word_1_112' title='bbox 933 1696 951 1730; x_wconf 75' lang='grc' dir='ltr'><strong><em>ι</em></strong></span> <span class='ocrx_word' id='word_1_113' title='bbox 982 1709 1054 1719; x_wconf 92' lang='grc'><strong><em>-</em></strong></span> <span class='ocrx_word' id='word_1_114' title='bbox 1113 1678 1178 1734; x_wconf 90' lang='grc' dir='ltr'>Οί</span> <span class='ocrx_word' id='word_1_115' title='bbox 1210 1680 1358 1747; x_wconf 79' lang='grc' dir='ltr'>ἅγιοι</span> <span class='ocrx_word' id='word_1_116' title='bbox 1406 1677 1567 1750; x_wconf 81' lang='grc' dir='ltr'>πέριξ</span> <span class='ocrx_word' id='word_1_117' title='bbox 1588 1677 1910 1732; x_wconf 81' lang='grc' dir='ltr'>διοικοῦσιν·</span> 
     </span>
    </p>
   </div>
   <div class='ocr_carea' id='block_1_18' title="bbox 338 1770 1913 1840">
    <p class='ocr_par' dir='ltr' id='par_1_18' title="bbox 338 1770 1913 1840">
     <span class='ocr_line' id='line_1_18' title="bbox 338 1770 1913 1840; baseline -0.003 -15"><span class='ocrx_word' id='word_1_118' title='bbox 338 1773 529 1840; x_wconf 79' lang='grc' dir='ltr'>ἁγίους</span> <span class='ocrx_word' id='word_1_119' title='bbox 564 1771 622 1824; x_wconf 77' lang='grc' dir='ltr'>δὲ</span> <span class='ocrx_word' id='word_1_120' title='bbox 680 1770 808 1832; x_wconf 84' lang='grc' dir='ltr'>τούς</span> <span class='ocrx_word' id='word_1_121' title='bbox 849 1789 907 1822; x_wconf 88' lang='grc' dir='ltr'>τε</span> <span class='ocrx_word' id='word_1_122' title='bbox 931 1771 1206 1840; x_wconf 73' lang='grc' dir='ltr'>ἀγγέλους</span> <span class='ocrx_word' id='word_1_123' title='bbox 1243 1772 1357 1824; x_wconf 80' lang='grc' dir='ltr'>νοεῖ</span> <span class='ocrx_word' id='word_1_124' title='bbox 1387 1772 1483 1824; x_wconf 76' lang='grc' dir='ltr'>καὶ</span> <span class='ocrx_word' id='word_1_125' title='bbox 1539 1772 1664 1834; x_wconf 81' lang='grc' dir='ltr'>τοὺς</span> <span class='ocrx_word' id='word_1_126' title='bbox 1719 1771 1774 1822; x_wconf 89' lang='lat' dir='ltr'>tv</span> <span class='ocrx_word' id='word_1_127' title='bbox 1817 1770 1913 1822; x_wconf 86' lang='grc' dir='ltr'>ἀν-</span> 
     </span>
    </p>
   </div>
   <div class='ocr_carea' id='block_1_19' title="bbox 341 1857 1905 1933">
    <p class='ocr_par' dir='ltr' id='par_1_19' title="bbox 341 1857 1905 1933">
     <span class='ocr_line' id='line_1_19' title="bbox 341 1857 1905 1933; baseline -0.002 -18"><span class='ocrx_word' id='word_1_128' title='bbox 341 1865 581 1932; x_wconf 81' lang='grc' dir='ltr'>θρώποις</span> <span class='ocrx_word' id='word_1_129' title='bbox 671 1862 820 1932; x_wconf 82' lang='grc' dir='ltr'>φιλεῖ</span> <span class='ocrx_word' id='word_1_130' title='bbox 880 1857 961 1925; x_wconf 75' lang='grc' dir='ltr'>οἷς</span> <span class='ocrx_word' id='word_1_131' title='bbox 1020 1863 1192 1932; x_wconf 82' lang='grc' dir='ltr'>μέγας</span> <span class='ocrx_word' id='word_1_132' title='bbox 1235 1861 1330 1915; x_wconf 77' lang='grc' dir='ltr'>καὶ</span> <span class='ocrx_word' id='word_1_133' title='bbox 1390 1861 1625 1933; x_wconf 84' lang='grc' dir='ltr'>φοϐερὸς</span> <span class='ocrx_word' id='word_1_134' title='bbox 1666 1861 1694 1913; x_wconf 89' lang='lat'>6</span> <span class='ocrx_word' id='word_1_135' title='bbox 1751 1859 1905 1925; x_wconf 79' lang='grc' dir='ltr'>Θεὸς,</span> 
     </span>
    </p>
   </div>
   <div class='ocr_carea' id='block_1_20' title="bbox 335 1955 1778 2026">
    <p class='ocr_par' dir='ltr' id='par_1_20' title="bbox 335 1955 1778 2026">
     <span class='ocr_line' id='line_1_20' title="bbox 335 1955 1778 2026; baseline -0.001 -17"><span class='ocrx_word' id='word_1_136' title='bbox 335 1955 411 2018; x_wconf 84' lang='grc' dir='ltr'>ὡς</span> <span class='ocrx_word' id='word_1_137' title='bbox 446 1957 547 2026; x_wconf 75' lang='grc' dir='ltr'>τὴν</span> <span class='ocrx_word' id='word_1_138' title='bbox 573 1956 738 2008; x_wconf 85' lang='grc' dir='ltr'>αὐτοῦ</span> <span class='ocrx_word' id='word_1_139' title='bbox 773 1955 1018 2024; x_wconf 83' lang='grc' dir='ltr'>ἀκριϐῶς</span> <span class='ocrx_word' id='word_1_140' title='bbox 1043 1957 1435 2024; x_wconf 73' lang='grc' dir='ltr'>ἐπισταμένοις</span> <span class='ocrx_word' id='word_1_141' title='bbox 1480 1955 1778 2026; x_wconf 84' lang='grc' dir='ltr'>ὑπεροχήν.</span> 
     </span>
    </p>
   </div>
   <div class='ocr_carea' id='block_1_21' title="bbox 415 2069 1901 2141">
    <p class='ocr_par' dir='ltr' id='par_1_21' title="bbox 415 2069 1901 2141">
     <span class='ocr_line' id='line_1_21' title="bbox 415 2069 1901 2141; baseline -0.001 -17"><span class='ocrx_word' id='word_1_142' title='bbox 415 2091 432 2124; x_wconf 82' lang='grc' dir='ltr'>ι</span> <span class='ocrx_word' id='word_1_143' title='bbox 467 2069 637 2141; x_wconf 78' lang='grc' dir='ltr'>Κύριε</span> <span class='ocrx_word' id='word_1_144' title='bbox 671 2073 696 2124; x_wconf 85' lang='lat'>6</span> <span class='ocrx_word' id='word_1_145' title='bbox 721 2071 853 2133; x_wconf 87' lang='grc' dir='ltr'>Θεὸς</span> <span class='ocrx_word' id='word_1_146' title='bbox 889 2071 997 2124; x_wconf 81' lang='grc' dir='ltr'>τῶν</span> <span class='ocrx_word' id='word_1_147' title='bbox 1031 2071 1340 2141; x_wconf 79' lang='grc' dir='ltr'>δυνάμεων,</span> <span class='ocrx_word' id='word_1_148' title='bbox 1392 2071 1475 2134; x_wconf 88' lang='grc' dir='ltr'>τίς</span> <span class='ocrx_word' id='word_1_149' title='bbox 1513 2070 1702 2139; x_wconf 82' lang='grc' dir='ltr'>ὅμοιός</span> <span class='ocrx_word' id='word_1_150' title='bbox 1763 2086 1846 2122; x_wconf 90' lang='grc' dir='ltr'>σοι</span> <span class='ocrx_word' id='word_1_151' title='bbox 1884 2085 1901 2136; x_wconf 86' lang='lat'><strong>;</strong></span> 
     </span>
    </p>
   </div>
   <div class='ocr_carea' id='block_1_22' title="bbox 337 2161 1908 2234">
    <p class='ocr_par' dir='ltr' id='par_1_22' title="bbox 337 2161 1908 2234">
     <span class='ocr_line' id='line_1_22' title="bbox 337 2161 1908 2234; baseline -0.003 -18"><span class='ocrx_word' id='word_1_152' title='bbox 337 2164 566 2227; x_wconf 90' lang='grc' dir='ltr'>δύνατος</span> <span class='ocrx_word' id='word_1_153' title='bbox 597 2161 666 2228; x_wconf 82' lang='grc' dir='ltr'>εἴ,</span> <span class='ocrx_word' id='word_1_154' title='bbox 698 2166 894 2234; x_wconf 85' lang='grc' dir='ltr'>Κύριε,</span> <span class='ocrx_word' id='word_1_155' title='bbox 925 2165 1020 2217; x_wconf 74' lang='grc' dir='ltr'>καὶ</span> <span class='ocrx_word' id='word_1_156' title='bbox 1048 2167 1078 2234; x_wconf 83' lang='grc' dir='ltr'>ἡ</span> <span class='ocrx_word' id='word_1_157' title='bbox 1119 2162 1352 2234; x_wconf 85' lang='grc' dir='ltr'>ἀλήθειά</span> <span class='ocrx_word' id='word_1_158' title='bbox 1384 2180 1479 2216; x_wconf 89' lang='grc' dir='ltr'>σου</span> <span class='ocrx_word' id='word_1_159' title='bbox 1514 2161 1699 2230; x_wconf 81' lang='grc' dir='ltr'>κύκλῳ</span> <span class='ocrx_word' id='word_1_160' title='bbox 1732 2178 1850 2215; x_wconf 91' lang='grc' dir='ltr'>σου.</span> <span class='ocrx_word' id='word_1_161' title='bbox 1889 2178 1908 2212; x_wconf 71' lang='grc' dir='ltr'>ι</span> 
     </span>
    </p>
   </div>
   <div class='ocr_carea' id='block_1_23' title="bbox 341 2253 1913 2330">
    <p class='ocr_par' dir='ltr' id='par_1_23' title="bbox 341 2253 1913 2330">
     <span class='ocr_line' id='line_1_23' title="bbox 341 2253 1913 2330; baseline -0.003 -19"><span class='ocrx_word' id='word_1_162' title='bbox 341 2285 408 2300; x_wconf 87' lang='lat'><strong>--</strong></span> <span class='ocrx_word' id='word_1_163' title='bbox 464 2259 538 2312; x_wconf 81' lang='grc' dir='ltr'>Οὐ</span> <span class='ocrx_word' id='word_1_164' title='bbox 589 2260 749 2330; x_wconf 86' lang='grc' dir='ltr'>μόνον</span> <span class='ocrx_word' id='word_1_165' title='bbox 829 2258 1053 2322; x_wconf 91' lang='grc' dir='ltr'>δυνατὸς</span> <span class='ocrx_word' id='word_1_166' title='bbox 1110 2253 1174 2326; x_wconf 59' lang='lat' dir='ltr'>cf]</span> <span class='ocrx_word' id='word_1_167' title='bbox 1207 2256 1434 2325; x_wconf 83' lang='grc' dir='ltr'>ποιῆσαι</span> <span class='ocrx_word' id='word_1_168' title='bbox 1487 2254 1523 2308; x_wconf 81' lang='grc' dir='ltr'>ἀ</span> <span class='ocrx_word' id='word_1_169' title='bbox 1575 2253 1913 2328; x_wconf 69' lang='grc' dir='ltr'>ιπαγγέλλῃ,</span> 
     </span>
    </p>
   </div>
   <div class='ocr_carea' id='block_1_24' title="bbox 337 2345 1916 2420">
    <p class='ocr_par' dir='ltr' id='par_1_24' title="bbox 337 2345 1916 2420">
     <span class='ocr_line' id='line_1_24' title="bbox 337 2345 1916 2420; baseline -0.003 -18"><span class='ocrx_word' id='word_1_170' title='bbox 337 2350 477 2402; x_wconf 84' lang='grc' dir='ltr'>ἀλλὰ</span> <span class='ocrx_word' id='word_1_171' title='bbox 531 2350 624 2403; x_wconf 79' lang='grc' dir='ltr'>καὶ</span> <span class='ocrx_word' id='word_1_172' title='bbox 681 2350 714 2420; x_wconf 76' lang='grc' dir='ltr'>ἡ</span> <span class='ocrx_word' id='word_1_173' title='bbox 791 2348 1025 2420; x_wconf 89' lang='grc' dir='ltr'>ἀλήθεια</span> <span class='ocrx_word' id='word_1_174' title='bbox 1114 2348 1370 2401; x_wconf 79' lang='grc' dir='ltr'>οὐδέποτε</span> <span class='ocrx_word' id='word_1_175' title='bbox 1434 2345 1746 2416; x_wconf 78' lang='grc' dir='ltr'>ἀφέστηκεν</span> <span class='ocrx_word' id='word_1_176' title='bbox 1807 2345 1916 2399; x_wconf 85' lang='grc' dir='ltr'>ἀπὸ</span> 
     </span>
    </p>
   </div>
   <div class='ocr_carea' id='block_1_25' title="bbox 340 2446 456 2499">
    <p class='ocr_par' dir='ltr' id='par_1_25' title="bbox 340 2446 456 2499">
     <span class='ocr_line' id='line_1_25' title="bbox 340 2446 456 2499; baseline 0.026 -3"><span class='ocrx_word' id='word_1_177' title='bbox 340 2446 456 2499; x_wconf 78' lang='grc' dir='ltr'>σοῦ.</span> 
     </span>
    </p>
   </div>
   <div class='ocr_carea' id='block_1_26' title="bbox 417 2555 1916 2628">
    <p class='ocr_par' dir='ltr' id='par_1_26' title="bbox 417 2555 1916 2628">
     <span class='ocr_line' id='line_1_26' title="bbox 417 2555 1916 2628; baseline -0.006 -14"><span class='ocrx_word' id='word_1_178' title='bbox 417 2580 436 2615; x_wconf 83' lang='grc' dir='ltr'>ι</span> <span class='ocrx_word' id='word_1_179' title='bbox 475 2562 546 2614; x_wconf 73' lang='grc' dir='ltr'>Σὺ</span> <span class='ocrx_word' id='word_1_180' title='bbox 579 2560 870 2622; x_wconf 77' lang='grc' dir='ltr'>δεσπόζεις</span> <span class='ocrx_word' id='word_1_181' title='bbox 909 2559 1005 2613; x_wconf 90' lang='grc' dir='ltr'>τοῦ</span> <span class='ocrx_word' id='word_1_182' title='bbox 1050 2562 1288 2628; x_wconf 79' lang='grc' dir='ltr'>κράτους</span> <span class='ocrx_word' id='word_1_183' title='bbox 1314 2557 1416 2628; x_wconf 81' lang='grc' dir='ltr'>τῆς</span> <span class='ocrx_word' id='word_1_184' title='bbox 1467 2555 1772 2624; x_wconf 88' lang='grc' dir='ltr'>θαλάσσης.</span> <span class='ocrx_word' id='word_1_185' title='bbox 1795 2571 1814 2606; x_wconf 72' lang='grc' dir='ltr'>ι</span> <span class='ocrx_word' id='word_1_186' title='bbox 1849 2580 1916 2591; x_wconf 93' lang='grc'><strong><em>--</em></strong></span> 
     </span>
    </p>
   </div>
   <div class='ocr_carea' id='block_1_27' title="bbox 339 2643 1914 2724">
    <p class='ocr_par' dir='ltr' id='par_1_27' title="bbox 339 2643 1914 2724">
     <span class='ocr_line' id='line_1_27' title="bbox 339 2643 1914 2724; baseline -0.008 -16"><span class='ocrx_word' id='word_1_187' title='bbox 339 2655 565 2724; x_wconf 84' lang='grc' dir='ltr'>Κράτος</span> <span class='ocrx_word' id='word_1_188' title='bbox 629 2643 913 2724; x_wconf 83' lang='grc' dir='ltr'>θαλάσσης</span> <span class='ocrx_word' id='word_1_189' title='bbox 963 2651 1066 2722; x_wconf 71' lang='grc' dir='ltr'>τήν</span> <span class='ocrx_word' id='word_1_190' title='bbox 1119 2651 1240 2722; x_wconf 82' lang='grc' dir='ltr'>βίαν</span> <span class='ocrx_word' id='word_1_191' title='bbox 1273 2650 1383 2702; x_wconf 83' lang='grc' dir='ltr'>τῶν</span> <span class='ocrx_word' id='word_1_192' title='bbox 1442 2647 1705 2718; x_wconf 82' lang='grc' dir='ltr'>κυμάτων</span> <span class='ocrx_word' id='word_1_193' title='bbox 1757 2644 1914 2714; x_wconf 79' lang='grc' dir='ltr'>φησὶ,</span> 
     </span>
    </p>
   </div>
   <div class='ocr_carea' id='block_1_28' title="bbox 340 2738 1914 2816">
    <p class='ocr_par' dir='ltr' id='par_1_28' title="bbox 340 2738 1914 2816">
     <span class='ocr_line' id='line_1_28' title="bbox 340 2738 1914 2816; baseline -0.006 -16"><span class='ocrx_word' id='word_1_194' title='bbox 340 2749 537 2816; x_wconf 89' lang='grc' dir='ltr'>λέγων,</span> <span class='ocrx_word' id='word_1_195' title='bbox 567 2748 639 2801; x_wconf 83' lang='grc' dir='ltr'>Τὸ</span> <span class='ocrx_word' id='word_1_196' title='bbox 682 2745 773 2799; x_wconf 86' lang='grc' dir='ltr'>σὸν</span> <span class='ocrx_word' id='word_1_197' title='bbox 805 2745 985 2815; x_wconf 73' lang='grc' dir='ltr'>νεῦμα</span> <span class='ocrx_word' id='word_1_198' title='bbox 1051 2743 1312 2812; x_wconf 80' lang='grc' dir='ltr'>διεγείρει</span> <span class='ocrx_word' id='word_1_199' title='bbox 1346 2741 1444 2813; x_wconf 77' lang='grc' dir='ltr'>τήν</span> <span class='ocrx_word' id='word_1_200' title='bbox 1501 2741 1776 2795; x_wconf 86' lang='grc' dir='ltr'>θάλασσαν</span> <span class='ocrx_word' id='word_1_201' title='bbox 1818 2738 1914 2792; x_wconf 82' lang='grc' dir='ltr'>καὶ</span> 
     </span>
    </p>
   </div>
   <div class='ocr_carea' id='block_1_29' title="bbox 343 2838 1360 2910">
    <p class='ocr_par' dir='ltr' id='par_1_29' title="bbox 343 2838 1360 2910">
     <span class='ocr_line' id='line_1_29' title="bbox 343 2838 1360 2910; baseline -0.002 -17"><span class='ocrx_word' id='word_1_202' title='bbox 343 2839 505 2893; x_wconf 76' lang='grc' dir='ltr'>πάλιν</span> <span class='ocrx_word' id='word_1_203' title='bbox 528 2839 626 2910; x_wconf 79' lang='grc' dir='ltr'>τὴν</span> <span class='ocrx_word' id='word_1_204' title='bbox 663 2839 911 2908; x_wconf 79' lang='grc' dir='ltr'>γαλήνην</span> <span class='ocrx_word' id='word_1_205' title='bbox 951 2838 1272 2906; x_wconf 76' lang='grc' dir='ltr'>ἐργάζεται.</span> <span class='ocrx_word' id='word_1_206' title='bbox 1357 2875 1360 2878; x_wconf 58' lang='grc' dir='ltr'>ι</span> 
     </span>
    </p>
   </div>
   <div class='ocr_carea' id='block_1_30' title="bbox 418 2927 1908 3000">
    <p class='ocr_par' dir='ltr' id='par_1_30' title="bbox 418 2927 1908 3000">
     <span class='ocr_line' id='line_1_30' title="bbox 418 2927 1908 3000; baseline -0.006 -14"><span class='ocrx_word' id='word_1_207' title='bbox 418 2953 436 2986; x_wconf 81' lang='grc' dir='ltr'>ι</span> <span class='ocrx_word' id='word_1_208' title='bbox 486 2934 557 2986; x_wconf 83' lang='grc' dir='ltr'>Σὺ</span> <span class='ocrx_word' id='word_1_209' title='bbox 586 2931 959 2995; x_wconf 84' lang='grc' dir='ltr'>έταπείνωσας</span> <span class='ocrx_word' id='word_1_210' title='bbox 985 2931 1061 2994; x_wconf 85' lang='grc' dir='ltr'>ὡς</span> <span class='ocrx_word' id='word_1_211' title='bbox 1084 2928 1434 3000; x_wconf 83' lang='grc' dir='ltr'>τραυματίαν</span> <span class='ocrx_word' id='word_1_212' title='bbox 1468 2927 1844 2996; x_wconf 79' lang='grc' dir='ltr'>ὑπερήφανον.</span> <span class='ocrx_word' id='word_1_213' title='bbox 1889 2943 1908 2977; x_wconf 74' lang='grc' dir='ltr'>ι</span> 
     </span>
    </p>
   </div>
   <div class='ocr_carea' id='block_1_31' title="bbox 343 3016 1914 3090">
    <p class='ocr_par' dir='ltr' id='par_1_31' title="bbox 343 3016 1914 3090">
     <span class='ocr_line' id='line_1_31' title="bbox 343 3016 1914 3090; baseline -0.007 -9"><span class='ocrx_word' id='word_1_214' title='bbox 343 3057 415 3068; x_wconf 90' lang='grc'>--</span> <span class='ocrx_word' id='word_1_215' title='bbox 446 3030 654 3089; x_wconf 84' lang='grc' dir='ltr'>Ὄντως</span> <span class='ocrx_word' id='word_1_216' title='bbox 708 3026 858 3078; x_wconf 69' lang='grc' dir='ltr'>ἐστὶν</span> <span class='ocrx_word' id='word_1_217' title='bbox 900 3027 928 3079; x_wconf 91' lang='lat'>6</span> <span class='ocrx_word' id='word_1_218' title='bbox 979 3024 1248 3086; x_wconf 85' lang='grc' dir='ltr'>διάϐολος.</span> <span class='ocrx_word' id='word_1_219' title='bbox 1321 3023 1410 3083; x_wconf 85' lang='grc' dir='ltr'>Ὠς</span> <span class='ocrx_word' id='word_1_220' title='bbox 1463 3019 1812 3090; x_wconf 82' lang='grc' dir='ltr'>τραυματίαν</span> <span class='ocrx_word' id='word_1_221' title='bbox 1859 3016 1914 3070; x_wconf 69' lang='grc' dir='ltr'>δὲ</span> 
     </span>
    </p>
   </div>
   <div class='ocr_carea' id='block_1_32' title="bbox 344 3106 1915 3186">
    <p class='ocr_par' dir='ltr' id='par_1_32' title="bbox 344 3106 1915 3186">
     <span class='ocr_line' id='line_1_32' title="bbox 344 3106 1915 3186; baseline -0.006 -18"><span class='ocrx_word' id='word_1_222' title='bbox 344 3113 545 3182; x_wconf 72' lang='grc' dir='ltr'>εἶπεν,</span> <span class='ocrx_word' id='word_1_223' title='bbox 602 3117 837 3186; x_wconf 78' lang='grc' dir='ltr'>ἐπείπερ</span> <span class='ocrx_word' id='word_1_224' title='bbox 914 3117 965 3168; x_wconf 75' lang='lat' dir='ltr'>ot</span> <span class='ocrx_word' id='word_1_225' title='bbox 1041 3111 1581 3182; x_wconf 86' lang='grc' dir='ltr'>τετραυματισμένοι</span> <span class='ocrx_word' id='word_1_226' title='bbox 1668 3106 1915 3161; x_wconf 83' lang='grc' dir='ltr'>ταπεινοί</span> 
     </span>
    </p>
   </div>
   <div class='ocr_carea' id='block_1_33' title="bbox 346 3203 1990 3278">
    <p class='ocr_par' dir='ltr' id='par_1_33' title="bbox 346 3203 1990 3278">
     <span class='ocr_line' id='line_1_33' title="bbox 346 3203 1990 3278; baseline -0.004 -16"><span class='ocrx_word' id='word_1_227' title='bbox 346 3213 475 3268; x_wconf 83' lang='grc' dir='ltr'>εισι.</span> <span class='ocrx_word' id='word_1_228' title='bbox 514 3211 592 3278; x_wconf 79' lang='grc' dir='ltr'>τῷ</span> <span class='ocrx_word' id='word_1_229' title='bbox 638 3210 798 3278; x_wconf 76' lang='grc' dir='ltr'>ἄλγει</span> <span class='ocrx_word' id='word_1_230' title='bbox 859 3207 953 3261; x_wconf 89' lang='grc' dir='ltr'>τοῦ</span> <span class='ocrx_word' id='word_1_231' title='bbox 1009 3210 1330 3277; x_wconf 82' lang='grc' dir='ltr'>τραύματος</span> <span class='ocrx_word' id='word_1_232' title='bbox 1397 3203 1911 3271; x_wconf 85' lang='grc' dir='ltr'>συγκαμπτόμενοι.</span> <span class='ocrx_word' id='word_1_233' title='bbox 1944 3217 1990 3275; x_wconf 73' lang='lat' dir='ltr'><strong>c</strong></span> 
     </span>
    </p>
   </div>
   <div class='ocr_carea' id='block_1_34' title="bbox 421 3295 1916 3371">
    <p class='ocr_par' dir='ltr' id='par_1_34' title="bbox 421 3295 1916 3371">
     <span class='ocr_line' id='line_1_34' title="bbox 421 3295 1916 3371; baseline -0.005 -19"><span class='ocrx_word' id='word_1_234' title='bbox 421 3321 439 3352; x_wconf 77' lang='grc' dir='ltr'>ι</span> <span class='ocrx_word' id='word_1_235' title='bbox 485 3302 589 3354; x_wconf 84' lang='grc' dir='ltr'>Τὸν</span> <span class='ocrx_word' id='word_1_236' title='bbox 625 3301 830 3371; x_wconf 72' lang='grc' dir='ltr'>βορρᾶν</span> <span class='ocrx_word' id='word_1_237' title='bbox 864 3301 958 3352; x_wconf 74' lang='grc' dir='ltr'>καὶ</span> <span class='ocrx_word' id='word_1_238' title='bbox 993 3297 1090 3367; x_wconf 72' lang='grc' dir='ltr'>τὴν</span> <span class='ocrx_word' id='word_1_239' title='bbox 1115 3297 1392 3350; x_wconf 70' lang='grc' dir='ltr'>θάλασσαν</span> <span class='ocrx_word' id='word_1_240' title='bbox 1430 3299 1494 3348; x_wconf 80' lang='grc' dir='ltr'>σὺ</span> <span class='ocrx_word' id='word_1_241' title='bbox 1521 3295 1766 3356; x_wconf 73' lang='grc' dir='ltr'>ἔκτισας.</span> <span class='ocrx_word' id='word_1_242' title='bbox 1795 3313 1814 3346; x_wconf 72' lang='grc' dir='ltr'>ι</span> <span class='ocrx_word' id='word_1_243' title='bbox 1843 3322 1916 3334; x_wconf 94' lang='lat'><strong><em>—</em></strong></span> 
     </span>
    </p>
   </div>
   <div class='ocr_carea' id='block_1_35' title="bbox 348 3386 1917 3466">
    <p class='ocr_par' dir='ltr' id='par_1_35' title="bbox 348 3386 1917 3466">
     <span class='ocr_line' id='line_1_35' title="bbox 348 3386 1917 3466; baseline -0.005 -20"><span class='ocrx_word' id='word_1_244' title='bbox 348 3397 557 3466; x_wconf 71' lang='grc' dir='ltr'>Βορρᾶν</span> <span class='ocrx_word' id='word_1_245' title='bbox 619 3394 680 3445; x_wconf 89' lang='grc' dir='ltr'>τὸ</span> <span class='ocrx_word' id='word_1_246' title='bbox 710 3393 918 3462; x_wconf 86' lang='grc' dir='ltr'>βόρειον</span> <span class='ocrx_word' id='word_1_247' title='bbox 981 3393 1146 3460; x_wconf 81' lang='grc' dir='ltr'>μέρος</span> <span class='ocrx_word' id='word_1_248' title='bbox 1203 3389 1402 3457; x_wconf 75' lang='grc' dir='ltr'>φησίν·</span> <span class='ocrx_word' id='word_1_249' title='bbox 1436 3387 1716 3442; x_wconf 79' lang='grc' dir='ltr'>θάλασσαν</span> <span class='ocrx_word' id='word_1_250' title='bbox 1745 3386 1802 3439; x_wconf 80' lang='lat' dir='ltr'><strong>6t</strong></span> <span class='ocrx_word' id='word_1_251' title='bbox 1855 3387 1917 3438; x_wconf 82' lang='grc' dir='ltr'>τὸ</span> 
     </span>
    </p>
   </div>
   <div class='ocr_carea' id='block_1_36' title="bbox 345 3478 1704 3552">
    <p class='ocr_par' dir='ltr' id='par_1_36' title="bbox 345 3478 1704 3552">
     <span class='ocr_line' id='line_1_36' title="bbox 345 3478 1704 3552; baseline -0.005 -14"><span class='ocrx_word' id='word_1_252' title='bbox 345 3489 518 3538; x_wconf 68' lang='grc' dir='ltr'>νῦτιον</span> <span class='ocrx_word' id='word_1_253' title='bbox 539 3501 554 3516; x_wconf 77' lang='grc'><strong>’</strong></span> <span class='ocrx_word' id='word_1_254' title='bbox 587 3485 622 3539; x_wconf 76' lang='grc' dir='ltr'>ἃ.</span> <span class='ocrx_word' id='word_1_255' title='bbox 647 3486 738 3537; x_wconf 72' lang='grc' dir='ltr'>καὶ</span> <span class='ocrx_word' id='word_1_256' title='bbox 768 3483 975 3552; x_wconf 83' lang='grc' dir='ltr'>κυρίως</span> <span class='ocrx_word' id='word_1_257' title='bbox 1010 3483 1156 3550; x_wconf 69' lang='grc' dir='ltr'>ἄκρα</span> <span class='ocrx_word' id='word_1_258' title='bbox 1186 3480 1280 3534; x_wconf 87' lang='grc' dir='ltr'>τοῦ</span> <span class='ocrx_word' id='word_1_259' title='bbox 1329 3481 1537 3550; x_wconf 85' lang='grc' dir='ltr'>κόσμου</span> <span class='ocrx_word' id='word_1_260' title='bbox 1575 3478 1704 3531; x_wconf 83' lang='grc' dir='ltr'>είσί.</span> 
     </span>
    </p>
   </div>
   <div class='ocr_carea' id='block_1_37' title="bbox 424 3569 1920 3646">
    <p class='ocr_par' dir='ltr' id='par_1_37' title="bbox 424 3569 1920 3646">
     <span class='ocr_line' id='line_1_37' title="bbox 424 3569 1920 3646; baseline -0.003 -18"><span class='ocrx_word' id='word_1_261' title='bbox 424 3597 441 3628; x_wconf 81' lang='grc' dir='ltr'>ι</span> <span class='ocrx_word' id='word_1_262' title='bbox 480 3576 678 3644; x_wconf 73' lang='grc' dir='ltr'>Θαϐὼρ</span> <span class='ocrx_word' id='word_1_263' title='bbox 717 3575 809 3628; x_wconf 79' lang='grc' dir='ltr'>καὶ</span> <span class='ocrx_word' id='word_1_264' title='bbox 845 3574 1064 3646; x_wconf 84' lang='grc' dir='ltr'>Ἑρμὼν</span> <span class='ocrx_word' id='word_1_265' title='bbox 1089 3575 1146 3626; x_wconf 86' lang='lat' dir='ltr'>tv</span> <span class='ocrx_word' id='word_1_266' title='bbox 1172 3574 1251 3644; x_wconf 83' lang='grc' dir='ltr'>τῷ</span> <span class='ocrx_word' id='word_1_267' title='bbox 1281 3573 1506 3642; x_wconf 80' lang='grc' dir='ltr'>ὀνόματί</span> <span class='ocrx_word' id='word_1_268' title='bbox 1536 3589 1630 3626; x_wconf 91' lang='grc' dir='ltr'>σου</span> <span class='ocrx_word' id='word_1_269' title='bbox 1661 3569 1920 3639; x_wconf 67' lang='grc' dir='ltr'>ἀγαλλιά⁸</span> 
     </span>
    </p>
   </div>
   <div class='ocr_carea' id='block_1_38' title="bbox 349 3655 1920 3738">
    <p class='ocr_par' dir='ltr' id='par_1_38' title="bbox 349 3655 1920 3738">
     <span class='ocr_line' id='line_1_38' title="bbox 349 3655 1920 3738; baseline -0.002 -17"><span class='ocrx_word' id='word_1_270' title='bbox 349 3688 554 3723; x_wconf 71' lang='grc' dir='ltr'>σονται.</span> <span class='ocrx_word' id='word_1_271' title='bbox 599 3655 617 3719; x_wconf 67' lang='grc' dir='ltr'>ι</span> <span class='ocrx_word' id='word_1_272' title='bbox 655 3699 725 3709; x_wconf 88' lang='lat'>—-</span> <span class='ocrx_word' id='word_1_273' title='bbox 759 3668 856 3722; x_wconf 82' lang='grc' dir='ltr'>Διὰ</span> <span class='ocrx_word' id='word_1_274' title='bbox 909 3668 1016 3722; x_wconf 87' lang='grc' dir='ltr'>τῶν</span> <span class='ocrx_word' id='word_1_275' title='bbox 1072 3668 1218 3738; x_wconf 82' lang='grc' dir='ltr'>ὀρῶν</span> <span class='ocrx_word' id='word_1_276' title='bbox 1273 3665 1480 3721; x_wconf 85' lang='grc' dir='ltr'>τούτων</span> <span class='ocrx_word' id='word_1_277' title='bbox 1534 3665 1697 3735; x_wconf 84' lang='grc' dir='ltr'>ὁρίων</span> <span class='ocrx_word' id='word_1_278' title='bbox 1747 3664 1920 3718; x_wconf 73' lang='grc' dir='ltr'>ὅντων</span> 
     </span>
    </p>
   </div>
   <div class='ocr_carea' id='block_1_39' title="bbox 347 3757 1916 3831">
    <p class='ocr_par' dir='ltr' id='par_1_39' title="bbox 347 3757 1916 3831">
     <span class='ocr_line' id='line_1_39' title="bbox 347 3757 1916 3831; baseline -0.003 -18"><span class='ocrx_word' id='word_1_279' title='bbox 347 3763 447 3831; x_wconf 76' lang='grc' dir='ltr'>τῆς</span> <span class='ocrx_word' id='word_1_280' title='bbox 475 3765 577 3831; x_wconf 78' lang='grc' dir='ltr'>γῆς</span> <span class='ocrx_word' id='word_1_281' title='bbox 611 3761 950 3829; x_wconf 79' lang='grc' dir='ltr'>ἐπαγγελίαν</span> <span class='ocrx_word' id='word_1_282' title='bbox 976 3760 1073 3829; x_wconf 83' lang='grc' dir='ltr'>τῆς</span> <span class='ocrx_word' id='word_1_283' title='bbox 1110 3760 1249 3830; x_wconf 87' lang='grc' dir='ltr'>πρὸς</span> <span class='ocrx_word' id='word_1_284' title='bbox 1267 3761 1364 3828; x_wconf 76' lang='grc' dir='ltr'>τὴν</span> <span class='ocrx_word' id='word_1_285' title='bbox 1393 3757 1653 3826; x_wconf 84' lang='grc' dir='ltr'>τοιαύτην</span> <span class='ocrx_word' id='word_1_286' title='bbox 1675 3757 1916 3826; x_wconf 75' lang='grc' dir='ltr'>ἐδήλωσε</span> 
     </span>
    </p>
   </div>
   <div class='ocr_carea' id='block_1_40' title="bbox 348 3850 1920 3922">
    <p class='ocr_par' dir='ltr' id='par_1_40' title="bbox 348 3850 1920 3922">
     <span class='ocr_line' id='line_1_40' title="bbox 348 3850 1920 3922; baseline -0.006 -13"><span class='ocrx_word' id='word_1_287' title='bbox 348 3855 476 3922; x_wconf 84' lang='grc' dir='ltr'>γῆν,</span> <span class='ocrx_word' id='word_1_288' title='bbox 511 3855 606 3906; x_wconf 72' lang='grc' dir='ltr'>καὶ</span> <span class='ocrx_word' id='word_1_289' title='bbox 637 3856 720 3907; x_wconf 79' lang='grc' dir='ltr'>ὅτι</span> <span class='ocrx_word' id='word_1_290' title='bbox 754 3855 853 3916; x_wconf 84' lang='grc' dir='ltr'>τὰς</span> <span class='ocrx_word' id='word_1_291' title='bbox 875 3853 1097 3917; x_wconf 87' lang='grc' dir='ltr'>πλείους</span> <span class='ocrx_word' id='word_1_292' title='bbox 1149 3853 1434 3922; x_wconf 72' lang='grc' dir='ltr'>διατριϐὰς</span> <span class='ocrx_word' id='word_1_293' title='bbox 1487 3851 1518 3905; x_wconf 87' lang='lat'>6</span> <span class='ocrx_word' id='word_1_294' title='bbox 1575 3852 1808 3919; x_wconf 65' lang='grc' dir='ltr'>Χριστὸς</span> <span class='ocrx_word' id='word_1_295' title='bbox 1861 3850 1920 3902; x_wconf 78' lang='lat' dir='ltr'>tv</span> 
     </span>
    </p>
   </div>
   <div class='ocr_carea' id='block_1_41' title="bbox 349 3942 1920 4014">
    <p class='ocr_par' dir='ltr' id='par_1_41' title="bbox 349 3942 1920 4014">
     <span class='ocr_line' id='line_1_41' title="bbox 349 3942 1920 4014; baseline -0.004 -15"><span class='ocrx_word' id='word_1_296' title='bbox 349 3948 560 4008; x_wconf 75' lang='grc' dir='ltr'>τούτοις</span> <span class='ocrx_word' id='word_1_297' title='bbox 586 3947 827 3998; x_wconf 75' lang='grc' dir='ltr'>ἐποιεῖτο</span> <span class='ocrx_word' id='word_1_298' title='bbox 851 3945 968 4006; x_wconf 89' lang='grc' dir='ltr'>τοῖς</span> <span class='ocrx_word' id='word_1_299' title='bbox 999 3949 1213 4014; x_wconf 74' lang='grc' dir='ltr'>μέρεσι.</span> <span class='ocrx_word' id='word_1_300' title='bbox 1271 3945 1381 3996; x_wconf 85' lang='lat' dir='ltr'><strong><em>Kal</em></strong></span> <span class='ocrx_word' id='word_1_301' title='bbox 1437 3945 1493 3995; x_wconf 91' lang='lat' dir='ltr'>tv</span> <span class='ocrx_word' id='word_1_302' title='bbox 1555 3943 1752 4011; x_wconf 85' lang='grc' dir='ltr'>Θαϐὼρ</span> <span class='ocrx_word' id='word_1_303' title='bbox 1823 3942 1920 4009; x_wconf 79' lang='grc' dir='ltr'>μὲν</span> 
     </span>
    </p>
   </div>
   <div class='ocr_carea' id='block_1_42' title="bbox 356 4035 1921 4108">
    <p class='ocr_par' dir='ltr' id='par_1_42' title="bbox 356 4035 1921 4108">
     <span class='ocr_line' id='line_1_42' title="bbox 356 4035 1921 4108; baseline -0.003 -17"><span class='ocrx_word' id='word_1_304' title='bbox 356 4037 785 4108; x_wconf 78' lang='grc' dir='ltr'>μετεμορφώθη,</span> <span class='ocrx_word' id='word_1_305' title='bbox 821 4040 878 4090; x_wconf 89' lang='lat' dir='ltr'>tv</span> <span class='ocrx_word' id='word_1_306' title='bbox 923 4037 1144 4106; x_wconf 84' lang='grc' dir='ltr'>Ἐρμὼν</span> <span class='ocrx_word' id='word_1_307' title='bbox 1176 4038 1231 4088; x_wconf 82' lang='grc' dir='ltr'>δὲ</span> <span class='ocrx_word' id='word_1_308' title='bbox 1280 4039 1373 4088; x_wconf 83' lang='grc' dir='ltr'>τὸν</span> <span class='ocrx_word' id='word_1_309' title='bbox 1431 4035 1547 4089; x_wconf 91' lang='grc' dir='ltr'>υίὸν</span> <span class='ocrx_word' id='word_1_310' title='bbox 1592 4035 1691 4104; x_wconf 82' lang='grc' dir='ltr'>τῆς</span> <span class='ocrx_word' id='word_1_311' title='bbox 1746 4035 1921 4105; x_wconf 79' lang='grc' dir='ltr'>χήρας</span> 
     </span>
    </p>
   </div>
   <div class='ocr_carea' id='block_1_43' title="bbox 353 4129 1542 4199">
    <p class='ocr_par' dir='ltr' id='par_1_43' title="bbox 353 4129 1542 4199">
     <span class='ocr_line' id='line_1_43' title="bbox 353 4129 1542 4199; baseline -0.003 -14"><span class='ocrx_word' id='word_1_312' title='bbox 353 4133 652 4199; x_wconf 75' lang='grc' dir='ltr'>ἀνέστησεν</span> <span class='ocrx_word' id='word_1_313' title='bbox 673 4147 686 4162; x_wconf 81' lang='grc'><em>’</em></span> <span class='ocrx_word' id='word_1_314' title='bbox 717 4129 948 4183; x_wconf 71' lang='grc' dir='ltr'>ἐνταῦθα</span> <span class='ocrx_word' id='word_1_315' title='bbox 980 4129 1086 4198; x_wconf 83' lang='grc' dir='ltr'>γὰρ</span> <span class='ocrx_word' id='word_1_316' title='bbox 1121 4132 1154 4199; x_wconf 79' lang='grc' dir='ltr'><strong>ἡ</strong></span> <span class='ocrx_word' id='word_1_317' title='bbox 1182 4129 1335 4190; x_wconf 83' lang='grc' dir='ltr'>πόλις</span> <span class='ocrx_word' id='word_1_318' title='bbox 1367 4129 1542 4198; x_wconf 76' lang='grc' dir='ltr'>Ναῖμ.</span> 
     </span>
    </p>
   </div>
   <div class='ocr_carea' id='block_1_44' title="bbox 428 4220 1920 4293">
    <p class='ocr_par' dir='ltr' id='par_1_44' title="bbox 428 4220 1920 4293">
     <span class='ocr_line' id='line_1_44' title="bbox 428 4220 1920 4293; baseline -0.001 -19"><span class='ocrx_word' id='word_1_319' title='bbox 428 4243 447 4274; x_wconf 77' lang='grc' dir='ltr'>ι</span> <span class='ocrx_word' id='word_1_320' title='bbox 489 4225 589 4287; x_wconf 86' lang='grc' dir='ltr'>Σὸς</span> <span class='ocrx_word' id='word_1_321' title='bbox 621 4225 649 4277; x_wconf 85' lang='lat'>6</span> <span class='ocrx_word' id='word_1_322' title='bbox 684 4222 926 4293; x_wconf 78' lang='grc' dir='ltr'>βραχίων</span> <span class='ocrx_word' id='word_1_323' title='bbox 962 4222 1099 4290; x_wconf 78' lang='grc' dir='ltr'>μετὰ</span> <span class='ocrx_word' id='word_1_324' title='bbox 1120 4223 1461 4283; x_wconf 80' lang='grc' dir='ltr'>δυναστείας.</span> <span class='ocrx_word' id='word_1_325' title='bbox 1505 4239 1524 4272; x_wconf 69' lang='grc' dir='ltr'><strong><em>ι</em></strong></span> <span class='ocrx_word' id='word_1_326' title='bbox 1566 4253 1634 4262; x_wconf 93' lang='lat'><strong><em>—</em></strong></span> <span class='ocrx_word' id='word_1_327' title='bbox 1669 4220 1808 4289; x_wconf 85' lang='grc' dir='ltr'>Πρὸς</span> <span class='ocrx_word' id='word_1_328' title='bbox 1829 4221 1920 4273; x_wconf 87' lang='grc' dir='ltr'>τὸν</span> 
     </span>
    </p>
   </div>
   <div class='ocr_carea' id='block_1_45' title="bbox 356 4314 1921 4386">
    <p class='ocr_par' dir='ltr' id='par_1_45' title="bbox 356 4314 1921 4386">
     <span class='ocr_line' id='line_1_45' title="bbox 356 4314 1921 4386; baseline -0.003 -18"><span class='ocrx_word' id='word_1_329' title='bbox 356 4317 574 4386; x_wconf 85' lang='grc' dir='ltr'>Πατέρα</span> <span class='ocrx_word' id='word_1_330' title='bbox 636 4318 664 4367; x_wconf 97' lang='lat'>6</span> <span class='ocrx_word' id='word_1_331' title='bbox 725 4315 904 4382; x_wconf 87' lang='grc' dir='ltr'>λόγος,</span> <span class='ocrx_word' id='word_1_332' title='bbox 958 4314 1018 4369; x_wconf 86' lang='grc' dir='ltr'><strong>Ὀ</strong></span> <span class='ocrx_word' id='word_1_333' title='bbox 1070 4316 1160 4377; x_wconf 84' lang='grc' dir='ltr'>σὸς</span> <span class='ocrx_word' id='word_1_334' title='bbox 1214 4314 1456 4384; x_wconf 83' lang='grc' dir='ltr'>βραχίων</span> <span class='ocrx_word' id='word_1_335' title='bbox 1513 4317 1636 4384; x_wconf 74' lang='grc' dir='ltr'>ἦτοι</span> <span class='ocrx_word' id='word_1_336' title='bbox 1688 4315 1921 4382; x_wconf 80' lang='grc' dir='ltr'>δύναμις</span> 
     </span>
    </p>
   </div>
   <div class='ocr_carea' id='block_1_46' title="bbox 357 4389 1918 4477">
    <p class='ocr_par' dir='ltr' id='par_1_46' title="bbox 357 4407 1918 4477">
     <span class='ocr_line' id='line_1_46' title="bbox 357 4407 1918 4477; baseline 0.001 -18"><span class='ocrx_word' id='word_1_337' title='bbox 357 4409 496 4477; x_wconf 80' lang='grc' dir='ltr'>μετὰ</span> <span class='ocrx_word' id='word_1_338' title='bbox 525 4408 868 4470; x_wconf 69' lang='grc' dir='ltr'>δυναστείας.</span> <span class='ocrx_word' id='word_1_339' title='bbox 908 4410 934 4460; x_wconf 81' lang='grc' dir='ltr'><strong>ὃ</strong></span> <span class='ocrx_word' id='word_1_340' title='bbox 971 4409 1118 4460; x_wconf 81' lang='grc' dir='ltr'>ἐστιν</span> <span class='ocrx_word' id='word_1_341' title='bbox 1163 4407 1514 4476; x_wconf 83' lang='grc' dir='ltr'>δυνατωτάτη</span> <span class='ocrx_word' id='word_1_342' title='bbox 1564 4409 1658 4460; x_wconf 81' lang='grc' dir='ltr'>καὶ</span> <span class='ocrx_word' id='word_1_343' title='bbox 1699 4408 1918 4476; x_wconf 74' lang='grc' dir='ltr'>ἰσχυρά.</span> 
     </span>
    </p>
   </div>
   <div class='ocr_carea' id='block_1_47' title="bbox 434 4502 1917 4575">
    <p class='ocr_par' dir='ltr' id='par_1_47' title="bbox 434 4502 1917 4575">
     <span class='ocr_line' id='line_1_47' title="bbox 434 4502 1917 4575; baseline 0.003 -24"><span class='ocrx_word' id='word_1_344' title='bbox 434 4522 458 4554; x_wconf 85' lang='grc' dir='ltr'>.ι</span> <span class='ocrx_word' id='word_1_345' title='bbox 502 4506 539 4556; x_wconf 86' lang='lat' dir='ltr'><strong>K</strong></span> <span class='ocrx_word' id='word_1_346' title='bbox 557 4503 978 4572; x_wconf 85' lang='grc' dir='ltr'>ραταιωθὴτωή</span> <span class='ocrx_word' id='word_1_347' title='bbox 1014 4507 1136 4573; x_wconf 88' lang='grc' dir='ltr'>χείρ</span> <span class='ocrx_word' id='word_1_348' title='bbox 1171 4521 1264 4556; x_wconf 87' lang='grc' dir='ltr'>σου</span> <span class='ocrx_word' id='word_1_349' title='bbox 1289 4519 1301 4532; x_wconf 92' lang='grc'><strong>·</strong></span> <span class='ocrx_word' id='word_1_350' title='bbox 1342 4502 1616 4575; x_wconf 76' lang='grc' dir='ltr'>ὑψωθήτω</span> <span class='ocrx_word' id='word_1_351' title='bbox 1666 4505 1698 4574; x_wconf 86' lang='grc' dir='ltr'>ή</span> <span class='ocrx_word' id='word_1_352' title='bbox 1765 4503 1917 4567; x_wconf 74' lang='grc' dir='ltr'>δεξιά</span> 
     </span>
    </p>
   </div>
   <div class='ocr_carea' id='block_1_48' title="bbox 326 4595 1922 4666">
    <p class='ocr_par' dir='ltr' id='par_1_48' title="bbox 326 4595 1922 4666">
     <span class='ocr_line' id='line_1_48' title="bbox 326 4595 1922 4666; baseline -0.003 -15"><span class='ocrx_word' id='word_1_353' title='bbox 326 4627 332 4644; x_wconf 75' lang='lat'><strong><em>.-</em></strong></span> <span class='ocrx_word' id='word_1_354' title='bbox 357 4615 475 4651; x_wconf 89' lang='grc' dir='ltr'>σου.</span> <span class='ocrx_word' id='word_1_355' title='bbox 514 4615 532 4648; x_wconf 72' lang='lat'>1</span> <span class='ocrx_word' id='word_1_356' title='bbox 577 4626 647 4635; x_wconf 93' lang='lat'><strong>—</strong></span> <span class='ocrx_word' id='word_1_357' title='bbox 668 4597 779 4665; x_wconf 80' lang='grc' dir='ltr'>Τὴν</span> <span class='ocrx_word' id='word_1_358' title='bbox 803 4595 1034 4666; x_wconf 84' lang='grc' dir='ltr'>δύναμιν</span> <span class='ocrx_word' id='word_1_359' title='bbox 1068 4596 1228 4648; x_wconf 85' lang='grc' dir='ltr'>πάλιν</span> <span class='ocrx_word' id='word_1_360' title='bbox 1258 4596 1486 4649; x_wconf 80' lang='grc' dir='ltr'>ἐκάλεσε</span> <span class='ocrx_word' id='word_1_361' title='bbox 1527 4597 1618 4647; x_wconf 79' lang='grc' dir='ltr'>καὶ</span> <span class='ocrx_word' id='word_1_362' title='bbox 1650 4596 1809 4665; x_wconf 85' lang='grc' dir='ltr'>χεῖρα</span> <span class='ocrx_word' id='word_1_363' title='bbox 1827 4596 1922 4646; x_wconf 78' lang='grc' dir='ltr'>καὶ</span> 
     </span>
    </p>
   </div>
   <div class='ocr_carea' id='block_1_49' title="bbox 354 4687 1926 4759">
    <p class='ocr_par' dir='ltr' id='par_1_49' title="bbox 354 4687 1926 4759">
     <span class='ocr_line' id='line_1_49' title="bbox 354 4687 1926 4759; baseline -0.004 -14"><span class='ocrx_word' id='word_1_364' title='bbox 354 4692 554 4756; x_wconf 75' lang='grc' dir='ltr'>δεξιὰν,</span> <span class='ocrx_word' id='word_1_365' title='bbox 587 4690 1025 4759; x_wconf 85' lang='grc' dir='ltr'>κραταιουμένην</span> <span class='ocrx_word' id='word_1_366' title='bbox 1061 4688 1159 4756; x_wconf 74' lang='grc' dir='ltr'>μὲν</span> <span class='ocrx_word' id='word_1_367' title='bbox 1187 4689 1321 4742; x_wconf 81' lang='grc' dir='ltr'>κατ’</span> <span class='ocrx_word' id='word_1_368' title='bbox 1345 4688 1578 4758; x_wconf 72' lang='grc' dir='ltr'>ἐχθρῶν,</span> <span class='ocrx_word' id='word_1_369' title='bbox 1613 4687 1926 4756; x_wconf 75' lang='grc' dir='ltr'>ὑψουμένην</span> 
     </span>
    </p>
   </div>
   <div class='ocr_carea' id='block_1_50' title="bbox 357 4779 1927 4853">
    <p class='ocr_par' dir='ltr' id='par_1_50' title="bbox 357 4779 1927 4853">
     <span class='ocr_line' id='line_1_50' title="bbox 357 4779 1927 4853; baseline -0.003 -17"><span class='ocrx_word' id='word_1_370' title='bbox 357 4785 435 4848; x_wconf 77' lang='grc' dir='ltr'>δὲ,</span> <span class='ocrx_word' id='word_1_371' title='bbox 469 4787 548 4846; x_wconf 84' lang='grc' dir='ltr'>είς</span> <span class='ocrx_word' id='word_1_372' title='bbox 606 4785 817 4853; x_wconf 83' lang='grc' dir='ltr'>σκέπην</span> <span class='ocrx_word' id='word_1_373' title='bbox 839 4783 946 4836; x_wconf 84' lang='grc' dir='ltr'>τῶν</span> <span class='ocrx_word' id='word_1_374' title='bbox 971 4782 1214 4835; x_wconf 75' lang='grc' dir='ltr'>οἰκείων.</span> <span class='ocrx_word' id='word_1_375' title='bbox 1241 4781 1477 4851; x_wconf 78' lang='grc' dir='ltr'>Δύναμις</span> <span class='ocrx_word' id='word_1_376' title='bbox 1509 4781 1566 4834; x_wconf 84' lang='lat' dir='ltr'><strong>6t</strong></span> <span class='ocrx_word' id='word_1_377' title='bbox 1588 4779 1684 4834; x_wconf 84' lang='grc' dir='ltr'>τοῦ</span> <span class='ocrx_word' id='word_1_378' title='bbox 1716 4780 1927 4850; x_wconf 71' lang='grc' dir='ltr'>[ἰατρὸς</span> 
     </span>
    </p>
   </div>
   <div class='ocr_carea' id='block_1_51' title="bbox 359 4879 584 4941">
    <p class='ocr_par' dir='ltr' id='par_1_51' title="bbox 359 4879 584 4941">
     <span class='ocr_line' id='line_1_51' title="bbox 359 4879 584 4941; baseline -0.004 -8"><span class='ocrx_word' id='word_1_379' title='bbox 359 4883 386 4933; x_wconf 89' lang='lat'>6</span> <span class='ocrx_word' id='word_1_380' title='bbox 443 4879 584 4941; x_wconf 69' lang='grc' dir='ltr'>Υἱός.</span> 
     </span>
    </p>
   </div>
   <div class='ocr_carea' id='block_1_52' title="bbox 442 4966 1926 5037">
    <p class='ocr_par' dir='ltr' id='par_1_52' title="bbox 442 4966 1926 5037">
     <span class='ocr_line' id='line_1_52' title="bbox 442 4966 1926 5037; baseline -0.001 -16"><span class='ocrx_word' id='word_1_381' title='bbox 442 4969 816 5037; x_wconf 73' lang='grc' dir='ltr'>«Δικαιοσύνη</span> <span class='ocrx_word' id='word_1_382' title='bbox 881 4972 976 5020; x_wconf 75' lang='grc' dir='ltr'>καὶ</span> <span class='ocrx_word' id='word_1_383' title='bbox 1041 4971 1211 5037; x_wconf 81' lang='grc' dir='ltr'>κρῖμα</span> <span class='ocrx_word' id='word_1_384' title='bbox 1246 4969 1534 5037; x_wconf 79' lang='grc' dir='ltr'>ἐτοιμασία</span> <span class='ocrx_word' id='word_1_385' title='bbox 1589 4966 1684 5020; x_wconf 92' lang='grc' dir='ltr'>τοῦ</span> <span class='ocrx_word' id='word_1_386' title='bbox 1737 4966 1926 5036; x_wconf 84' lang='grc' dir='ltr'>θρόνου</span> 
     </span>
    </p>
   </div>
   <div class='ocr_carea' id='block_1_53' title="bbox 360 5040 1930 5131">
    <p class='ocr_par' dir='ltr' id='par_1_53' title="bbox 360 5040 1930 5131">
     <span class='ocr_line' id='line_1_53' title="bbox 360 5040 1930 5131; baseline -0.001 -16"><span class='ocrx_word' id='word_1_387' title='bbox 360 5080 476 5116; x_wconf 58' lang='grc' dir='ltr'>σου.</span> <span class='ocrx_word' id='word_1_388' title='bbox 507 5082 524 5114; x_wconf 75' lang='grc' dir='ltr'>ι</span> <span class='ocrx_word' id='word_1_389' title='bbox 551 5094 620 5104; x_wconf 84' lang='grc'><strong><em>--</em></strong></span> <span class='ocrx_word' id='word_1_390' title='bbox 662 5061 786 5114; x_wconf 76' lang='grc' dir='ltr'>Ἐπὶ</span> <span class='ocrx_word' id='word_1_391' title='bbox 815 5060 1128 5131; x_wconf 57' lang='grc' dir='ltr'>δικαιοσύνῃ</span> <span class='ocrx_word' id='word_1_392' title='bbox 1186 5063 1282 5114; x_wconf 79' lang='grc' dir='ltr'>καὶ</span> <span class='ocrx_word' id='word_1_393' title='bbox 1311 5062 1489 5131; x_wconf 87' lang='grc' dir='ltr'>κρίσει</span> <span class='ocrx_word' id='word_1_394' title='bbox 1539 5040 1666 5131; x_wconf 58' lang='lat' dir='ltr'>ﬁco;</span> <span class='ocrx_word' id='word_1_395' title='bbox 1711 5061 1930 5122; x_wconf 80' lang='grc' dir='ltr'>δικαίας</span> 
     </span>
    </p>
   </div>
   <div class='ocr_carea' id='block_1_54' title="bbox 362 5155 1925 5228">
    <p class='ocr_par' dir='ltr' id='par_1_54' title="bbox 362 5155 1925 5228">
     <span class='ocr_line' id='line_1_54' title="bbox 362 5155 1925 5228; baseline -0.001 -18"><span class='ocrx_word' id='word_1_396' title='bbox 362 5157 596 5226; x_wconf 76' lang='grc' dir='ltr'>κρίσεως</span> <span class='ocrx_word' id='word_1_397' title='bbox 655 5157 682 5208; x_wconf 90' lang='lat'>6</span> <span class='ocrx_word' id='word_1_398' title='bbox 729 5157 1047 5217; x_wconf 82' lang='grc' dir='ltr'>δικαστικός</span> <span class='ocrx_word' id='word_1_399' title='bbox 1097 5174 1191 5209; x_wconf 91' lang='grc' dir='ltr'>σου</span> <span class='ocrx_word' id='word_1_400' title='bbox 1233 5157 1425 5228; x_wconf 79' lang='grc' dir='ltr'>θρόνος</span> <span class='ocrx_word' id='word_1_401' title='bbox 1476 5158 1744 5225; x_wconf 74' lang='grc' dir='ltr'>ἧδρασται</span> <span class='ocrx_word' id='word_1_402' title='bbox 1773 5171 1788 5187; x_wconf 89' lang='grc'><strong>·</strong></span> <span class='ocrx_word' id='word_1_403' title='bbox 1843 5155 1925 5209; x_wconf 80' lang='grc' dir='ltr'>διὸ</span> 
     </span>
    </p>
   </div>
   <div class='ocr_carea' id='block_1_55' title="bbox 365 5247 1930 5320">
    <p class='ocr_par' dir='ltr' id='par_1_55' title="bbox 365 5247 1930 5320">
     <span class='ocr_line' id='line_1_55' title="bbox 365 5247 1930 5320; baseline 0.001 -21"><span class='ocrx_word' id='word_1_404' title='bbox 365 5248 461 5300; x_wconf 78' lang='grc' dir='ltr'>καὶ</span> <span class='ocrx_word' id='word_1_405' title='bbox 536 5249 676 5316; x_wconf 73' lang='grc' dir='ltr'>μετὰ</span> <span class='ocrx_word' id='word_1_406' title='bbox 763 5247 859 5300; x_wconf 89' lang='grc' dir='ltr'>τοῦ</span> <span class='ocrx_word' id='word_1_407' title='bbox 940 5251 1357 5320; x_wconf 75' lang='grc' dir='ltr'>τυραννήματος</span> <span class='ocrx_word' id='word_1_408' title='bbox 1432 5251 1637 5318; x_wconf 81' lang='grc' dir='ltr'>κρινεῖς</span> <span class='ocrx_word' id='word_1_409' title='bbox 1705 5249 1930 5312; x_wconf 82' lang='grc' dir='ltr'>δικαίως</span> 
     </span>
    </p>
   </div>
   <div class='ocr_carea' id='block_1_56' title="bbox 361 5342 592 5412">
    <p class='ocr_par' dir='ltr' id='par_1_56' title="bbox 361 5342 592 5412">
     <span class='ocr_line' id='line_1_56' title="bbox 361 5342 592 5412; baseline -0.009 -18"><span class='ocrx_word' id='word_1_410' title='bbox 361 5342 531 5412; x_wconf 69' lang='grc' dir='ltr'>ἡμᾶς.</span> <span class='ocrx_word' id='word_1_411' title='bbox 589 5389 592 5392; x_wconf 86' lang='grc'>,</span> 
     </span>
    </p>
   </div>
   <div class='ocr_carea' id='block_1_57' title="bbox 438 5432 1932 5505">
    <p class='ocr_par' dir='ltr' id='par_1_57' title="bbox 438 5432 1932 5505">
     <span class='ocr_line' id='line_1_57' title="bbox 438 5432 1932 5505; baseline 0.001 -22"><span class='ocrx_word' id='word_1_412' title='bbox 438 5452 457 5483; x_wconf 82' lang='grc' dir='ltr'>ι</span> <span class='ocrx_word' id='word_1_413' title='bbox 497 5432 781 5504; x_wconf 80' lang='grc' dir='ltr'>Μακάριος</span> <span class='ocrx_word' id='word_1_414' title='bbox 806 5438 833 5488; x_wconf 88' lang='lat'>6</span> <span class='ocrx_word' id='word_1_415' title='bbox 859 5438 1008 5505; x_wconf 72' lang='grc' dir='ltr'>λαὸς,</span> <span class='ocrx_word' id='word_1_416' title='bbox 1037 5440 1065 5490; x_wconf 92' lang='lat'>6</span> <span class='ocrx_word' id='word_1_417' title='bbox 1102 5435 1389 5503; x_wconf 84' lang='grc' dir='ltr'>γινώσκων</span> <span class='ocrx_word' id='word_1_418' title='bbox 1425 5434 1764 5503; x_wconf 79' lang='grc' dir='ltr'>ἀλαλαγμόν.</span> <span class='ocrx_word' id='word_1_419' title='bbox 1809 5453 1826 5485; x_wconf 74' lang='grc' dir='ltr'>ι</span> <span class='ocrx_word' id='word_1_420' title='bbox 1863 5464 1932 5476; x_wconf 90' lang='grc'><strong><em>--</em></strong></span> 
     </span>
    </p>
   </div>
   <div class='ocr_carea' id='block_1_58' title="bbox 367 5523 1932 5598">
    <p class='ocr_par' dir='ltr' id='par_1_58' title="bbox 367 5523 1932 5598">
     <span class='ocr_line' id='line_1_58' title="bbox 367 5523 1932 5598; baseline 0.004 -23"><span class='ocrx_word' id='word_1_421' title='bbox 367 5523 672 5594; x_wconf 80' lang='grc' dir='ltr'>Μακαρίζει</span> <span class='ocrx_word' id='word_1_422' title='bbox 697 5529 826 5591; x_wconf 78' lang='grc' dir='ltr'>τοὺς</span> <span class='ocrx_word' id='word_1_423' title='bbox 849 5529 1055 5591; x_wconf 86' lang='grc' dir='ltr'>εἰδότας</span> <span class='ocrx_word' id='word_1_424' title='bbox 1080 5530 1382 5594; x_wconf 74' lang='grc' dir='ltr'>νικᾷντοὶις</span> <span class='ocrx_word' id='word_1_425' title='bbox 1407 5527 1676 5598; x_wconf 85' lang='grc' dir='ltr'>ἁοράτους</span> <span class='ocrx_word' id='word_1_426' title='bbox 1706 5527 1932 5596; x_wconf 79' lang='grc' dir='ltr'>ἐχθροὺς</span> 
     </span>
    </p>
   </div>
   <div class='ocr_carea' id='block_1_59' title="bbox 367 5613 1934 5691">
    <p class='ocr_par' dir='ltr' id='par_1_59' title="bbox 367 5613 1934 5691">
     <span class='ocr_line' id='line_1_59' title="bbox 367 5613 1934 5691; baseline 0.003 -23"><span class='ocrx_word' id='word_1_427' title='bbox 367 5620 463 5668; x_wconf 64' lang='lat' dir='ltr'><strong><em>ml</em></strong></span> <span class='ocrx_word' id='word_1_428' title='bbox 499 5617 620 5671; x_wconf 82' lang='grc' dir='ltr'>κατ’</span> <span class='ocrx_word' id='word_1_429' title='bbox 645 5620 830 5672; x_wconf 81' lang='grc' dir='ltr'>αὐτῶν</span> <span class='ocrx_word' id='word_1_430' title='bbox 862 5620 1177 5687; x_wconf 74' lang='grc' dir='ltr'>ἀλαλάζειν,</span> <span class='ocrx_word' id='word_1_431' title='bbox 1207 5621 1297 5673; x_wconf 85' lang='grc' dir='ltr'>καί</span> <span class='ocrx_word' id='word_1_432' title='bbox 1321 5637 1514 5691; x_wconf 85' lang='grc' dir='ltr'>φησιν·</span> <span class='ocrx_word' id='word_1_433' title='bbox 1542 5613 1701 5673; x_wconf 75' lang='grc' dir='ltr'>Οὗτοι</span> <span class='ocrx_word' id='word_1_434' title='bbox 1737 5622 1796 5672; x_wconf 85' lang='lat' dir='ltr'>tv</span> <span class='ocrx_word' id='word_1_435' title='bbox 1814 5620 1934 5683; x_wconf 80' lang='grc' dir='ltr'>ταῖς</span> 
     </span>
    </p>
   </div>
   <div class='ocr_carea' id='block_1_60' title="bbox 370 5711 1573 5783">
    <p class='ocr_par' dir='ltr' id='par_1_60' title="bbox 370 5711 1573 5783">
     <span class='ocr_line' id='line_1_60' title="bbox 370 5711 1573 5783; baseline 0.004 -21"><span class='ocrx_word' id='word_1_436' title='bbox 370 5711 616 5775; x_wconf 74' lang='grc' dir='ltr'>ἐντολαῖς</span> <span class='ocrx_word' id='word_1_437' title='bbox 642 5712 736 5766; x_wconf 86' lang='grc' dir='ltr'>τοῦ</span> <span class='ocrx_word' id='word_1_438' title='bbox 769 5712 902 5764; x_wconf 82' lang='grc' dir='ltr'>Υἱοῦ</span> <span class='ocrx_word' id='word_1_439' title='bbox 934 5730 1027 5765; x_wconf 83' lang='grc' dir='ltr'>σου</span> <span class='ocrx_word' id='word_1_440' title='bbox 1066 5713 1573 5783; x_wconf 86' lang='grc' dir='ltr'>πολιτευθήσονται.</span> 
     </span>
    </p>
   </div>
   <div class='ocr_carea' id='block_1_61' title="bbox 445 5805 1928 5880">
    <p class='ocr_par' dir='ltr' id='par_1_61' title="bbox 445 5805 1928 5880">
     <span class='ocr_line' id='line_1_61' title="bbox 445 5805 1928 5880; baseline 0.003 -24"><span class='ocrx_word' id='word_1_441' title='bbox 445 5826 463 5856; x_wconf 78' lang='grc' dir='ltr'>ι</span> <span class='ocrx_word' id='word_1_442' title='bbox 499 5806 606 5860; x_wconf 84' lang='lat' dir='ltr'><strong><em>Kal</em></strong></span> <span class='ocrx_word' id='word_1_443' title='bbox 648 5805 962 5876; x_wconf 76' lang='grc' dir='ltr'>ἐν.ὀ·.·όματί</span> <span class='ocrx_word' id='word_1_444' title='bbox 1024 5824 1114 5860; x_wconf 84' lang='grc' dir='ltr'>σου</span> <span class='ocrx_word' id='word_1_445' title='bbox 1155 5808 1577 5875; x_wconf 60' lang='grc' dir='ltr'>ἁγαλλιάσοντφι</span> <span class='ocrx_word' id='word_1_446' title='bbox 1643 5808 1769 5880; x_wconf 76' lang='grc' dir='ltr'>ὅλην</span> <span class='ocrx_word' id='word_1_447' title='bbox 1833 5807 1928 5878; x_wconf 72' lang='grc' dir='ltr'>τὴν</span> 
     </span>
    </p>
   </div>
   <div class='ocr_carea' id='block_1_62' title="bbox 2016 529 3024 603">
    <p class='ocr_par' dir='ltr' id='par_1_62' title="bbox 2016 529 3024 603">
     <span class='ocr_line' id='line_1_62' title="bbox 2016 529 3024 603; baseline 0.002 -21"><span class='ocrx_word' id='word_1_448' title='bbox 2016 529 2109 582; x_wconf 73' lang='grc' dir='ltr'>καὶ</span> <span class='ocrx_word' id='word_1_449' title='bbox 2133 529 2190 580; x_wconf 88' lang='lat' dir='ltr'>tv</span> <span class='ocrx_word' id='word_1_450' title='bbox 2215 529 2292 599; x_wconf 81' lang='grc' dir='ltr'>τῷ</span> <span class='ocrx_word' id='word_1_451' title='bbox 2316 530 2430 601; x_wconf 83' lang='grc' dir='ltr'>Υἱῷ</span> <span class='ocrx_word' id='word_1_452' title='bbox 2452 549 2546 584; x_wconf 90' lang='grc' dir='ltr'>σου</span> <span class='ocrx_word' id='word_1_453' title='bbox 2577 531 3024 603; x_wconf 81' lang='grc' dir='ltr'>δοξασθήσονται.</span> 
     </span>
    </p>
   </div>
   <div class='ocr_carea' id='block_1_63' title="bbox 2096 616 3624 694">
    <p class='ocr_par' dir='ltr' id='par_1_63' title="bbox 2096 616 3624 694">
     <span class='ocr_line' id='line_1_63' title="bbox 2096 616 3624 694; baseline 0.001 -20"><span class='ocrx_word' id='word_1_454' title='bbox 2096 622 2251 676; x_wconf 81' lang='grc' dir='ltr'>«Ὅτι</span> <span class='ocrx_word' id='word_1_455' title='bbox 2279 624 2542 693; x_wconf 82' lang='grc' dir='ltr'>καύχημα</span> <span class='ocrx_word' id='word_1_456' title='bbox 2577 625 2677 694; x_wconf 82' lang='grc' dir='ltr'>τῆς</span> <span class='ocrx_word' id='word_1_457' title='bbox 2710 625 2998 692; x_wconf 84' lang='grc' dir='ltr'>δυνάμεως</span> <span class='ocrx_word' id='word_1_458' title='bbox 3037 624 3221 678; x_wconf 72' lang='grc' dir='ltr'>αὐτῶν</span> <span class='ocrx_word' id='word_1_459' title='bbox 3251 625 3316 677; x_wconf 79' lang='grc' dir='ltr'>σὺ</span> <span class='ocrx_word' id='word_1_460' title='bbox 3350 622 3419 678; x_wconf 78' lang='grc' dir='ltr'>εἶ.</span> <span class='ocrx_word' id='word_1_461' title='bbox 3467 643 3489 675; x_wconf 69' lang='grc' dir='ltr'><strong><em>ι</em></strong></span> <span class='ocrx_word' id='word_1_462' title='bbox 3532 616 3624 664; x_wconf 43' lang='grc'>-’</span> 
     </span>
    </p>
   </div>
   <div class='ocr_carea' id='block_1_64' title="bbox 2019 711 3607 788">
    <p class='ocr_par' dir='ltr' id='par_1_64' title="bbox 2019 711 3607 788">
     <span class='ocr_line' id='line_1_64' title="bbox 2019 711 3607 788; baseline 0.001 -21"><span class='ocrx_word' id='word_1_463' title='bbox 2019 716 2262 784; x_wconf 84' lang='grc' dir='ltr'>Δύναμις</span> <span class='ocrx_word' id='word_1_464' title='bbox 2295 718 2403 769; x_wconf 85' lang='grc' dir='ltr'>τῶν</span> <span class='ocrx_word' id='word_1_465' title='bbox 2431 718 2778 783; x_wconf 81' lang='grc' dir='ltr'>Χριστιανῶν</span> <span class='ocrx_word' id='word_1_466' title='bbox 2807 721 2834 772; x_wconf 85' lang='lat'>6</span> <span class='ocrx_word' id='word_1_467' title='bbox 2865 717 3124 788; x_wconf 84' lang='grc' dir='ltr'>Χριστὸς,</span> <span class='ocrx_word' id='word_1_468' title='bbox 3158 711 3220 774; x_wconf 70' lang='grc' dir='ltr'>οὗ</span> <span class='ocrx_word' id='word_1_469' title='bbox 3274 717 3553 787; x_wconf 76' lang='grc' dir='ltr'>καύχημα</span> <span class='ocrx_word' id='word_1_470' title='bbox 3577 717 3607 769; x_wconf 85' lang='lat'>6</span> 
     </span>
    </p>
   </div>
   <div class='ocr_carea' id='block_1_65' title="bbox 2019 803 3602 879">
    <p class='ocr_par' dir='ltr' id='par_1_65' title="bbox 2019 803 3602 879">
     <span class='ocr_line' id='line_1_65' title="bbox 2019 803 3602 879; baseline -0.001 -18"><span class='ocrx_word' id='word_1_471' title='bbox 2019 809 2208 879; x_wconf 72' lang='grc' dir='ltr'>Πατὴρ</span> <span class='ocrx_word' id='word_1_472' title='bbox 2243 810 2328 878; x_wconf 70' lang='grc' dir='ltr'>ἐφ’</span> <span class='ocrx_word' id='word_1_473' title='bbox 2358 803 2402 878; x_wconf 82' lang='grc' dir='ltr'>ᾧ</span> <span class='ocrx_word' id='word_1_474' title='bbox 2434 811 2785 879; x_wconf 81' lang='grc' dir='ltr'>σεμνύνεται,</span> <span class='ocrx_word' id='word_1_475' title='bbox 2839 813 2933 864; x_wconf 73' lang='grc' dir='ltr'>καὶ</span> <span class='ocrx_word' id='word_1_476' title='bbox 2959 804 3004 879; x_wconf 84' lang='grc' dir='ltr'><strong>ᾧ</strong></span> <span class='ocrx_word' id='word_1_477' title='bbox 3029 812 3210 865; x_wconf 88' lang='grc' dir='ltr'>πάντα</span> <span class='ocrx_word' id='word_1_478' title='bbox 3269 811 3336 863; x_wconf 79' lang='grc' dir='ltr'>τά</span> <span class='ocrx_word' id='word_1_479' title='bbox 3400 807 3602 863; x_wconf 75' lang='grc' dir='ltr'>ἑαυτοῦ</span> 
     </span>
    </p>
   </div>
   <div class='ocr_carea' id='block_1_66' title="bbox 2015 903 2769 975">
    <p class='ocr_par' dir='ltr' id='par_1_66' title="bbox 2015 903 2769 975">
     <span class='ocr_line' id='line_1_66' title="bbox 2015 903 2769 975; baseline 0.004 -19"><span class='ocrx_word' id='word_1_480' title='bbox 2015 903 2307 971; x_wconf 74' lang='grc' dir='ltr'>ἀνατίθησι</span> <span class='ocrx_word' id='word_1_481' title='bbox 2338 904 2769 975; x_wconf 82' lang='grc' dir='ltr'>κατορθώματα.</span> 
     </span>
    </p>
   </div>
   <div class='ocr_carea' id='block_1_67' title="bbox 2091 994 3602 1068">
    <p class='ocr_par' dir='ltr' id='par_1_67' title="bbox 2091 994 3602 1068">
     <span class='ocr_line' id='line_1_67' title="bbox 2091 994 3602 1068; baseline 0.001 -22"><span class='ocrx_word' id='word_1_482' title='bbox 2091 1013 2112 1046; x_wconf 75' lang='grc' dir='ltr'>ε</span> <span class='ocrx_word' id='word_1_483' title='bbox 2145 996 2252 1048; x_wconf 77' lang='lat' dir='ltr'><strong><em>Kal</em></strong></span> <span class='ocrx_word' id='word_1_484' title='bbox 2272 998 2329 1049; x_wconf 88' lang='lat' dir='ltr'>tv</span> <span class='ocrx_word' id='word_1_485' title='bbox 2353 996 2578 1068; x_wconf 74' lang='grc' dir='ltr'>εὐδοκία</span> <span class='ocrx_word' id='word_1_486' title='bbox 2600 1013 2692 1050; x_wconf 93' lang='grc' dir='ltr'>σου</span> <span class='ocrx_word' id='word_1_487' title='bbox 2743 997 3098 1067; x_wconf 74' lang='grc' dir='ltr'>ὑψωθήσεται</span> <span class='ocrx_word' id='word_1_488' title='bbox 3146 996 3207 1051; x_wconf 84' lang='grc' dir='ltr'>τὸ</span> <span class='ocrx_word' id='word_1_489' title='bbox 3265 997 3437 1067; x_wconf 82' lang='grc' dir='ltr'>κέρας</span> <span class='ocrx_word' id='word_1_490' title='bbox 3499 994 3602 1048; x_wconf 81' lang='grc' dir='ltr'>αὗ-</span> 
     </span>
    </p>
   </div>
   <div class='ocr_carea' id='block_1_68' title="bbox 2014 1084 3602 1161">
    <p class='ocr_par' dir='ltr' id='par_1_68' title="bbox 2014 1084 3602 1161">
     <span class='ocr_line' id='line_1_68' title="bbox 2014 1084 3602 1161; baseline 0 -22"><span class='ocrx_word' id='word_1_491' title='bbox 2014 1087 2146 1142; x_wconf 81' lang='grc' dir='ltr'>τῶν.</span> <span class='ocrx_word' id='word_1_492' title='bbox 2185 1107 2204 1140; x_wconf 74' lang='grc' dir='ltr'>ι</span> <span class='ocrx_word' id='word_1_493' title='bbox 2233 1120 2299 1130; x_wconf 91' lang='lat'>—-</span> <span class='ocrx_word' id='word_1_494' title='bbox 2329 1088 2561 1142; x_wconf 84' lang='grc' dir='ltr'>Εὐδοκία</span> <span class='ocrx_word' id='word_1_495' title='bbox 2595 1088 2690 1143; x_wconf 88' lang='grc' dir='ltr'>τοῦ</span> <span class='ocrx_word' id='word_1_496' title='bbox 2721 1086 2938 1160; x_wconf 84' lang='grc' dir='ltr'>Πατρὸς</span> <span class='ocrx_word' id='word_1_497' title='bbox 2974 1090 3008 1161; x_wconf 83' lang='grc' dir='ltr'>ή</span> <span class='ocrx_word' id='word_1_498' title='bbox 3044 1089 3471 1161; x_wconf 81' lang='grc' dir='ltr'>ένανθρὼπησις</span> <span class='ocrx_word' id='word_1_499' title='bbox 3506 1084 3602 1141; x_wconf 87' lang='grc' dir='ltr'>τοῦ</span> 
     </span>
    </p>
   </div>
   <div class='ocr_carea' id='block_1_69' title="bbox 2015 1178 2167 1234">
    <p class='ocr_par' dir='ltr' id='par_1_69' title="bbox 2015 1178 2167 1234">
     <span class='ocr_line' id='line_1_69' title="bbox 2015 1178 2167 1234; baseline 0.007 -1"><span class='ocrx_word' id='word_1_500' title='bbox 2015 1178 2167 1234; x_wconf 81' lang='grc' dir='ltr'>Υίοῦ.</span> 
     </span>
    </p>
   </div>
   <div class='ocr_carea' id='block_1_70' title="bbox 2095 1293 3608 1370">
    <p class='ocr_par' dir='ltr' id='par_1_70' title="bbox 2095 1293 3608 1370">
     <span class='ocr_line' id='line_1_70' title="bbox 2095 1293 3608 1370; baseline -0.003 -21"><span class='ocrx_word' id='word_1_501' title='bbox 2095 1315 2114 1349; x_wconf 81' lang='grc' dir='ltr'>ι</span> <span class='ocrx_word' id='word_1_502' title='bbox 2146 1294 2272 1351; x_wconf 90' lang='grc' dir='ltr'>Ὅτι</span> <span class='ocrx_word' id='word_1_503' title='bbox 2325 1297 2416 1351; x_wconf 92' lang='grc' dir='ltr'>τοῦ</span> <span class='ocrx_word' id='word_1_504' title='bbox 2469 1297 2680 1369; x_wconf 82' lang='grc' dir='ltr'>Κυρίου</span> <span class='ocrx_word' id='word_1_505' title='bbox 2747 1301 2782 1370; x_wconf 85' lang='grc' dir='ltr'><strong>ἡ</strong></span> <span class='ocrx_word' id='word_1_506' title='bbox 2816 1298 3125 1366; x_wconf 71' lang='grc' dir='ltr'>ἀντίληψις,</span> <span class='ocrx_word' id='word_1_507' title='bbox 3167 1295 3388 1351; x_wconf 74' lang='grc' dir='ltr'>καὶτοῦ</span> <span class='ocrx_word' id='word_1_508' title='bbox 3437 1293 3608 1359; x_wconf 75' lang='grc' dir='ltr'>ἁγίου</span> 
     </span>
    </p>
   </div>
   <div class='ocr_carea' id='block_1_71' title="bbox 2027 1387 3605 1460">
    <p class='ocr_par' dir='ltr' id='par_1_71' title="bbox 2027 1387 3605 1460">
     <span class='ocr_line' id='line_1_71' title="bbox 2027 1387 3605 1460; baseline -0.003 -18"><span class='ocrx_word' id='word_1_509' title='bbox 2027 1389 2248 1460; x_wconf 83' lang='grc' dir='ltr'>Ἰσραὴλ</span> <span class='ocrx_word' id='word_1_510' title='bbox 2279 1388 2550 1458; x_wconf 87' lang='grc' dir='ltr'>βασιλέως</span> <span class='ocrx_word' id='word_1_511' title='bbox 2596 1391 2775 1460; x_wconf 77' lang='grc' dir='ltr'>ἡμῶν.</span> <span class='ocrx_word' id='word_1_512' title='bbox 2816 1408 2836 1442; x_wconf 82' lang='grc'><strong>›</strong></span> <span class='ocrx_word' id='word_1_513' title='bbox 2884 1420 2956 1430; x_wconf 93' lang='lat'><strong>—</strong></span> <span class='ocrx_word' id='word_1_514' title='bbox 2981 1390 3054 1443; x_wconf 84' lang='lat' dir='ltr'><em>T6</em></span> <span class='ocrx_word' id='word_1_515' title='bbox 3090 1387 3605 1458; x_wconf 81' lang='grc' dir='ltr'>ἀντιλαμϐάνεσθαι</span> 
     </span>
    </p>
   </div>
   <div class='ocr_carea' id='block_1_72' title="bbox 2013 1481 3601 1553">
    <p class='ocr_par' dir='ltr' id='par_1_72' title="bbox 2013 1481 3601 1553">
     <span class='ocr_line' id='line_1_72' title="bbox 2013 1481 3601 1553; baseline 0 -19"><span class='ocrx_word' id='word_1_516' title='bbox 2013 1481 2173 1551; x_wconf 83' lang='grc' dir='ltr'>ήμῶν</span> <span class='ocrx_word' id='word_1_517' title='bbox 2199 1481 2361 1552; x_wconf 81' lang='grc' dir='ltr'>ἔργον</span> <span class='ocrx_word' id='word_1_518' title='bbox 2387 1483 2505 1535; x_wconf 72' lang='grc' dir='ltr'>ἐστὶ</span> <span class='ocrx_word' id='word_1_519' title='bbox 2530 1482 2624 1535; x_wconf 87' lang='grc' dir='ltr'>τοῦ</span> <span class='ocrx_word' id='word_1_520' title='bbox 2646 1483 2856 1553; x_wconf 80' lang='grc' dir='ltr'>Κυρίου</span> <span class='ocrx_word' id='word_1_521' title='bbox 2881 1485 2978 1537; x_wconf 81' lang='grc' dir='ltr'>καὶ</span> <span class='ocrx_word' id='word_1_522' title='bbox 3013 1482 3281 1552; x_wconf 85' lang='grc' dir='ltr'>βασιλέως</span> <span class='ocrx_word' id='word_1_523' title='bbox 3314 1481 3510 1553; x_wconf 84' lang='grc' dir='ltr'>ήμῶν,</span> <span class='ocrx_word' id='word_1_524' title='bbox 3543 1482 3601 1545; x_wconf 79' lang='grc' dir='ltr'>ὃς</span> 
     </span>
    </p>
   </div>
   <div class='ocr_carea' id='block_1_73' title="bbox 2012 1573 2798 1647">
    <p class='ocr_par' dir='ltr' id='par_1_73' title="bbox 2012 1573 2798 1647">
     <span class='ocr_line' id='line_1_73' title="bbox 2012 1573 2798 1647; baseline 0.006 -21"><span class='ocrx_word' id='word_1_525' title='bbox 2012 1575 2160 1627; x_wconf 74' lang='grc' dir='ltr'>ἐστιν</span> <span class='ocrx_word' id='word_1_526' title='bbox 2193 1573 2385 1642; x_wconf 81' lang='grc' dir='ltr'>Ἀγιος</span> <span class='ocrx_word' id='word_1_527' title='bbox 2423 1575 2518 1628; x_wconf 91' lang='grc' dir='ltr'>τοῦ</span> <span class='ocrx_word' id='word_1_528' title='bbox 2556 1576 2798 1647; x_wconf 77' lang='grc' dir='ltr'>Ἰσραήλ.</span> 
     </span>
    </p>
   </div>
   <div class='ocr_carea' id='block_1_74' title="bbox 2090 1689 3602 1762">
    <p class='ocr_par' dir='ltr' id='par_1_74' title="bbox 2090 1689 3602 1762">
     <span class='ocr_line' id='line_1_74' title="bbox 2090 1689 3602 1762; baseline -0.001 -21"><span class='ocrx_word' id='word_1_529' title='bbox 2090 1707 2110 1741; x_wconf 82' lang='grc' dir='ltr'>ι</span> <span class='ocrx_word' id='word_1_530' title='bbox 2139 1690 2273 1745; x_wconf 85' lang='grc' dir='ltr'>Τότε</span> <span class='ocrx_word' id='word_1_531' title='bbox 2296 1689 2567 1756; x_wconf 68' lang='grc' dir='ltr'>ἐλάλησας</span> <span class='ocrx_word' id='word_1_532' title='bbox 2593 1693 2650 1744; x_wconf 77' lang='lat' dir='ltr'>tv</span> <span class='ocrx_word' id='word_1_533' title='bbox 2679 1692 2872 1762; x_wconf 66' lang='grc' dir='ltr'>δράσει</span> <span class='ocrx_word' id='word_1_534' title='bbox 2932 1693 3045 1755; x_wconf 83' lang='grc' dir='ltr'>τοῖς</span> <span class='ocrx_word' id='word_1_535' title='bbox 3093 1691 3236 1753; x_wconf 76' lang='grc' dir='ltr'>υἱοῖς</span> <span class='ocrx_word' id='word_1_536' title='bbox 3285 1707 3408 1744; x_wconf 81' lang='grc' dir='ltr'>σου.</span> <span class='ocrx_word' id='word_1_537' title='bbox 3471 1707 3491 1739; x_wconf 77' lang='grc' dir='ltr'>ι</span> <span class='ocrx_word' id='word_1_538' title='bbox 3534 1717 3602 1730; x_wconf 88' lang='grc'><strong>-</strong></span> 
     </span>
    </p>
   </div>
   <div class='ocr_carea' id='block_1_75' title="bbox 2019 1781 3602 1852">
    <p class='ocr_par' dir='ltr' id='par_1_75' title="bbox 2019 1781 3602 1852">
     <span class='ocr_line' id='line_1_75' title="bbox 2019 1781 3602 1852; baseline 0 -18"><span class='ocrx_word' id='word_1_539' title='bbox 2019 1781 2184 1844; x_wconf 77' lang='grc' dir='ltr'>Υίοὺς</span> <span class='ocrx_word' id='word_1_540' title='bbox 2218 1783 2316 1852; x_wconf 75' lang='grc' dir='ltr'>μὲν</span> <span class='ocrx_word' id='word_1_541' title='bbox 2343 1782 2480 1836; x_wconf 89' lang='grc' dir='ltr'>Θεοῦ</span> <span class='ocrx_word' id='word_1_542' title='bbox 2544 1784 2673 1846; x_wconf 82' lang='grc' dir='ltr'>τοὺς</span> <span class='ocrx_word' id='word_1_543' title='bbox 2736 1784 3023 1852; x_wconf 82' lang='grc' dir='ltr'>προφήτας</span> <span class='ocrx_word' id='word_1_544' title='bbox 3063 1781 3298 1836; x_wconf 76' lang='grc' dir='ltr'>ἐνταῦθά</span> <span class='ocrx_word' id='word_1_545' title='bbox 3335 1799 3478 1852; x_wconf 81' lang='grc' dir='ltr'>φησι</span> <span class='ocrx_word' id='word_1_546' title='bbox 3533 1786 3602 1850; x_wconf 71' lang='grc' dir='ltr'>τῇ</span> 
     </span>
    </p>
   </div>
   <div class='ocr_carea' id='block_1_76' title="bbox 2015 1873 3602 1944">
    <p class='ocr_par' dir='ltr' id='par_1_76' title="bbox 2015 1873 3602 1944">
     <span class='ocr_line' id='line_1_76' title="bbox 2015 1873 3602 1944; baseline -0.001 -16"><span class='ocrx_word' id='word_1_547' title='bbox 2015 1875 2103 1928; x_wconf 87' lang='grc' dir='ltr'>διά</span> <span class='ocrx_word' id='word_1_548' title='bbox 2135 1873 2234 1943; x_wconf 89' lang='grc' dir='ltr'>τῆς</span> <span class='ocrx_word' id='word_1_549' title='bbox 2253 1875 2456 1943; x_wconf 81' lang='grc' dir='ltr'>ἀρετῆς</span> <span class='ocrx_word' id='word_1_550' title='bbox 2479 1875 2778 1931; x_wconf 78' lang='grc' dir='ltr'>οἰκειώσει.</span> <span class='ocrx_word' id='word_1_551' title='bbox 2821 1877 2895 1930; x_wconf 89' lang='grc' dir='ltr'>Τὸ</span> <span class='ocrx_word' id='word_1_552' title='bbox 2933 1877 2992 1930; x_wconf 86' lang='lat' dir='ltr'><strong>6t</strong></span> <span class='ocrx_word' id='word_1_553' title='bbox 3019 1877 3092 1930; x_wconf 69' lang='grc' dir='ltr'>ἐν</span> <span class='ocrx_word' id='word_1_554' title='bbox 3124 1877 3335 1944; x_wconf 84' lang='grc' dir='ltr'>ὁράσει</span> <span class='ocrx_word' id='word_1_555' title='bbox 3356 1877 3485 1928; x_wconf 74' lang='grc' dir='ltr'>ἀντὶ</span> <span class='ocrx_word' id='word_1_556' title='bbox 3505 1874 3602 1926; x_wconf 83' lang='grc' dir='ltr'>τοῦ</span> 
     </span>
    </p>
   </div>
   <div class='ocr_carea' id='block_1_77' title="bbox 2015 1967 3604 2039">
    <p class='ocr_par' dir='ltr' id='par_1_77' title="bbox 2015 1967 3604 2039">
     <span class='ocr_line' id='line_1_77' title="bbox 2015 1967 3604 2039; baseline -0.001 -18"><span class='ocrx_word' id='word_1_557' title='bbox 2015 1967 2262 2036; x_wconf 72' lang='grc' dir='ltr'>ἐναργῶς</span> <span class='ocrx_word' id='word_1_558' title='bbox 2282 1982 2296 1998; x_wconf 82' lang='grc' dir='ltr'>ο</span> <span class='ocrx_word' id='word_1_559' title='bbox 2321 1969 2353 2039; x_wconf 84' lang='grc' dir='ltr'>ή</span> <span class='ocrx_word' id='word_1_560' title='bbox 2381 1975 2490 2037; x_wconf 80' lang='grc' dir='ltr'>γάρ</span> <span class='ocrx_word' id='word_1_561' title='bbox 2507 1969 2696 2038; x_wconf 81' lang='grc' dir='ltr'>ὅρασις</span> <span class='ocrx_word' id='word_1_562' title='bbox 2716 1969 3088 2039; x_wconf 77' lang='grc' dir='ltr'>έναργεστέρα</span> <span class='ocrx_word' id='word_1_563' title='bbox 3105 1968 3215 2022; x_wconf 86' lang='grc' dir='ltr'>τῶν</span> <span class='ocrx_word' id='word_1_564' title='bbox 3235 1969 3374 2022; x_wconf 87' lang='grc' dir='ltr'>δλων</span> <span class='ocrx_word' id='word_1_565' title='bbox 3399 1967 3604 2036; x_wconf 77' lang='grc' dir='ltr'>αἰσθή-</span> 
     </span>
    </p>
   </div>
   <div class='ocr_carea' id='block_1_78' title="bbox 2016 2057 3598 2131">
    <p class='ocr_par' dir='ltr' id='par_1_78' title="bbox 2016 2057 3598 2131">
     <span class='ocr_line' id='line_1_78' title="bbox 2016 2057 3598 2131; baseline -0.001 -19"><span class='ocrx_word' id='word_1_566' title='bbox 2016 2077 2173 2115; x_wconf 87' lang='grc' dir='ltr'>σεων.</span> <span class='ocrx_word' id='word_1_567' title='bbox 2207 2061 2280 2113; x_wconf 88' lang='grc' dir='ltr'>Τὸ</span> <span class='ocrx_word' id='word_1_568' title='bbox 2303 2061 2438 2114; x_wconf 82' lang='grc' dir='ltr'>τότε</span> <span class='ocrx_word' id='word_1_569' title='bbox 2459 2060 2515 2114; x_wconf 75' lang='grc' dir='ltr'>δὲ</span> <span class='ocrx_word' id='word_1_570' title='bbox 2554 2060 2645 2114; x_wconf 89' lang='grc' dir='ltr'>τὸν</span> <span class='ocrx_word' id='word_1_571' title='bbox 2673 2061 2866 2131; x_wconf 87' lang='grc' dir='ltr'>χρόνον</span> <span class='ocrx_word' id='word_1_572' title='bbox 2898 2059 3051 2130; x_wconf 83' lang='grc' dir='ltr'>δηλοῖ</span> <span class='ocrx_word' id='word_1_573' title='bbox 3069 2060 3188 2114; x_wconf 82' lang='grc' dir='ltr'>καθ’</span> <span class='ocrx_word' id='word_1_574' title='bbox 3211 2060 3272 2113; x_wconf 83' lang='grc' dir='ltr'>ὃν</span> <span class='ocrx_word' id='word_1_575' title='bbox 3327 2057 3598 2112; x_wconf 76' lang='grc' dir='ltr'>ἑνεπνεύ-</span> 
     </span>
    </p>
   </div>
   <div class='ocr_carea' id='block_1_79' title="bbox 2017 2153 3279 2226">
    <p class='ocr_par' dir='ltr' id='par_1_79' title="bbox 2017 2153 3279 2226">
     <span class='ocr_line' id='line_1_79' title="bbox 2017 2153 3279 2226; baseline 0.001 -19"><span class='ocrx_word' id='word_1_576' title='bbox 2017 2154 2227 2226; x_wconf 88' lang='grc' dir='ltr'>σθησαν</span> <span class='ocrx_word' id='word_1_577' title='bbox 2267 2154 2319 2209; x_wconf 83' lang='grc' dir='ltr'>οἱ</span> <span class='ocrx_word' id='word_1_578' title='bbox 2351 2155 2626 2225; x_wconf 83' lang='grc' dir='ltr'>προφῆται</span> <span class='ocrx_word' id='word_1_579' title='bbox 2649 2153 2720 2208; x_wconf 82' lang='grc' dir='ltr'>τά</span> <span class='ocrx_word' id='word_1_580' title='bbox 2741 2154 2871 2225; x_wconf 76' lang='grc' dir='ltr'>περὶ</span> <span class='ocrx_word' id='word_1_581' title='bbox 2896 2153 2992 2208; x_wconf 91' lang='grc' dir='ltr'>τοῦ</span> <span class='ocrx_word' id='word_1_582' title='bbox 3018 2153 3279 2224; x_wconf 87' lang='grc' dir='ltr'>Χριστοῦ.</span> 
     </span>
    </p>
   </div>
   <div class='ocr_carea' id='block_1_80' title="bbox 2096 2265 3597 2340">
    <p class='ocr_par' dir='ltr' id='par_1_80' title="bbox 2096 2265 3597 2340">
     <span class='ocr_line' id='line_1_80' title="bbox 2096 2265 3597 2340; baseline -0.001 -18"><span class='ocrx_word' id='word_1_583' title='bbox 2096 2289 2115 2322; x_wconf 80' lang='grc' dir='ltr'>ι</span> <span class='ocrx_word' id='word_1_584' title='bbox 2153 2269 2263 2324; x_wconf 85' lang='lat' dir='ltr'><strong><em>Kal</em></strong></span> <span class='ocrx_word' id='word_1_585' title='bbox 2291 2265 2454 2332; x_wconf 73' lang='grc' dir='ltr'>εἶπας</span> <span class='ocrx_word' id='word_1_586' title='bbox 2478 2285 2494 2302; x_wconf 77' lang='grc' dir='ltr'>ο</span> <span class='ocrx_word' id='word_1_587' title='bbox 2537 2269 2774 2339; x_wconf 80' lang='grc' dir='ltr'>Ἐθέμην</span> <span class='ocrx_word' id='word_1_588' title='bbox 2808 2267 3068 2340; x_wconf 83' lang='grc' dir='ltr'>βοήθειαν</span> <span class='ocrx_word' id='word_1_589' title='bbox 3121 2268 3216 2322; x_wconf 75' lang='grc' dir='ltr'>ἐπὶ</span> <span class='ocrx_word' id='word_1_590' title='bbox 3259 2269 3516 2322; x_wconf 84' lang='grc' dir='ltr'>δυνατόν.</span> <span class='ocrx_word' id='word_1_591' title='bbox 3576 2285 3597 2320; x_wconf 70' lang='grc' dir='ltr'>ι</span> 
     </span>
    </p>
   </div>
   <div class='ocr_carea' id='block_1_81' title="bbox 2013 2360 3604 2433">
    <p class='ocr_par' dir='ltr' id='par_1_81' title="bbox 2013 2360 3604 2433">
     <span class='ocr_line' id='line_1_81' title="bbox 2013 2360 3604 2433; baseline -0.003 -17"><span class='ocrx_word' id='word_1_592' title='bbox 2013 2394 2085 2406; x_wconf 62' lang='grc' dir='ltr'>-ς-</span> <span class='ocrx_word' id='word_1_593' title='bbox 2114 2364 2349 2416; x_wconf 80' lang='grc' dir='ltr'>Δυνατὸν</span> <span class='ocrx_word' id='word_1_594' title='bbox 2376 2363 2528 2430; x_wconf 82' lang='grc' dir='ltr'>λέγει</span> <span class='ocrx_word' id='word_1_595' title='bbox 2559 2363 2652 2415; x_wconf 89' lang='grc' dir='ltr'>τὸν</span> <span class='ocrx_word' id='word_1_596' title='bbox 2695 2361 2907 2433; x_wconf 80' lang='grc' dir='ltr'>Ἰησοῦν</span> <span class='ocrx_word' id='word_1_597' title='bbox 2971 2362 3046 2425; x_wconf 86' lang='grc' dir='ltr'>ὡς</span> <span class='ocrx_word' id='word_1_598' title='bbox 3082 2361 3277 2431; x_wconf 78' lang='grc' dir='ltr'>ἔχοντα</span> <span class='ocrx_word' id='word_1_599' title='bbox 3311 2363 3373 2415; x_wconf 84' lang='grc' dir='ltr'>ὲν</span> <span class='ocrx_word' id='word_1_600' title='bbox 3413 2360 3604 2428; x_wconf 79' lang='grc' dir='ltr'>ἑαυτῷ</span> 
     </span>
    </p>
   </div>
   <div class='ocr_carea' id='block_1_82' title="bbox 2017 2451 3599 2526">
    <p class='ocr_par' dir='ltr' id='par_1_82' title="bbox 2017 2451 3599 2526">
     <span class='ocr_line' id='line_1_82' title="bbox 2017 2451 3599 2526; baseline -0.003 -18"><span class='ocrx_word' id='word_1_601' title='bbox 2017 2457 2118 2526; x_wconf 72' lang='grc' dir='ltr'>τὴν</span> <span class='ocrx_word' id='word_1_602' title='bbox 2152 2454 2247 2508; x_wconf 91' lang='grc' dir='ltr'>τοῦ</span> <span class='ocrx_word' id='word_1_603' title='bbox 2291 2453 2429 2508; x_wconf 82' lang='grc' dir='ltr'>Θεοῦ</span> <span class='ocrx_word' id='word_1_604' title='bbox 2472 2454 2722 2524; x_wconf 88' lang='grc' dir='ltr'>δύναμιν,</span> <span class='ocrx_word' id='word_1_605' title='bbox 2776 2453 2898 2526; x_wconf 76' lang='grc' dir='ltr'>ἦτοι</span> <span class='ocrx_word' id='word_1_606' title='bbox 2939 2452 3032 2505; x_wconf 89' lang='grc' dir='ltr'>τὸν</span> <span class='ocrx_word' id='word_1_607' title='bbox 3077 2452 3207 2505; x_wconf 86' lang='grc' dir='ltr'>Υἰὸν</span> <span class='ocrx_word' id='word_1_608' title='bbox 3255 2452 3354 2504; x_wconf 90' lang='grc' dir='ltr'>τοῦ</span> <span class='ocrx_word' id='word_1_609' title='bbox 3405 2451 3550 2506; x_wconf 86' lang='grc' dir='ltr'>Θεοῦ</span> <span class='ocrx_word' id='word_1_610' title='bbox 3585 2469 3599 2484; x_wconf 87' lang='grc'>·</span> 
     </span>
    </p>
   </div>
   <div class='ocr_carea' id='block_1_83' title="bbox 2016 2541 3654 2615">
    <p class='ocr_par' dir='ltr' id='par_1_83' title="bbox 2016 2541 3654 2615">
     <span class='ocr_line' id='line_1_83' title="bbox 2016 2541 3654 2615; baseline -0.002 -18"><span class='ocrx_word' id='word_1_611' title='bbox 2016 2544 2204 2598; x_wconf 90' lang='grc' dir='ltr'>τοῦτον</span> <span class='ocrx_word' id='word_1_612' title='bbox 2232 2546 2341 2615; x_wconf 72' lang='grc' dir='ltr'>γὰρ</span> <span class='ocrx_word' id='word_1_613' title='bbox 2376 2543 2473 2596; x_wconf 74' lang='grc' dir='ltr'>καὶ</span> <span class='ocrx_word' id='word_1_614' title='bbox 2509 2542 2764 2612; x_wconf 86' lang='grc' dir='ltr'>βοήθειαν</span> <span class='ocrx_word' id='word_1_615' title='bbox 2828 2543 2978 2610; x_wconf 83' lang='grc' dir='ltr'>λέγει</span> <span class='ocrx_word' id='word_1_616' title='bbox 3032 2541 3442 2612; x_wconf 76' lang='grc' dir='ltr'>παρεσχηκέναι</span> <span class='ocrx_word' id='word_1_617' title='bbox 3493 2542 3605 2594; x_wconf 81' lang='grc' dir='ltr'>ὑπὸ</span> <span class='ocrx_word' id='word_1_618' title='bbox 3645 2606 3654 2613; x_wconf 34' lang='grc' dir='ltr'><strong><em>ε</em></strong></span> 
     </span>
    </p>
   </div>
   <div class='ocr_carea' id='block_1_84' title="bbox 2015 2635 3605 2708">
    <p class='ocr_par' dir='ltr' id='par_1_84' title="bbox 2015 2635 3605 2708">
     <span class='ocr_line' id='line_1_84' title="bbox 2015 2635 3605 2708; baseline -0.003 -17"><span class='ocrx_word' id='word_1_619' title='bbox 2015 2637 2108 2691; x_wconf 91' lang='grc' dir='ltr'>τοῦ</span> <span class='ocrx_word' id='word_1_620' title='bbox 2141 2637 2516 2708; x_wconf 74' lang='grc' dir='ltr'>Πατρόςοὲπεὶ</span> <span class='ocrx_word' id='word_1_621' title='bbox 2547 2636 2773 2708; x_wconf 70' lang='grc' dir='ltr'>εὐδοκία</span> <span class='ocrx_word' id='word_1_622' title='bbox 2800 2635 2892 2691; x_wconf 87' lang='grc' dir='ltr'>τοῦ</span> <span class='ocrx_word' id='word_1_623' title='bbox 2919 2636 3127 2706; x_wconf 88' lang='grc' dir='ltr'>Πατρὸς</span> <span class='ocrx_word' id='word_1_624' title='bbox 3148 2637 3400 2706; x_wconf 70' lang='grc' dir='ltr'>ἥνωταιὸ</span> <span class='ocrx_word' id='word_1_625' title='bbox 3423 2635 3605 2700; x_wconf 73' lang='grc' dir='ltr'>Λόγος</span> 
     </span>
    </p>
   </div>
   <div class='ocr_carea' id='block_1_85' title="bbox 2016 2727 2330 2799">
    <p class='ocr_par' dir='ltr' id='par_1_85' title="bbox 2016 2727 2330 2799">
     <span class='ocr_line' id='line_1_85' title="bbox 2016 2727 2330 2799; baseline -0.003 -18"><span class='ocrx_word' id='word_1_626' title='bbox 2016 2728 2092 2798; x_wconf 81' lang='grc' dir='ltr'>τῷ</span> <span class='ocrx_word' id='word_1_627' title='bbox 2133 2727 2330 2799; x_wconf 83' lang='grc' dir='ltr'>Ἰησοῦ.</span> 
     </span>
    </p>
   </div>
   <div class='ocr_carea' id='block_1_86' title="bbox 2095 2818 3607 2890">
    <p class='ocr_par' dir='ltr' id='par_1_86' title="bbox 2095 2818 3607 2890">
     <span class='ocr_line' id='line_1_86' title="bbox 2095 2818 3607 2890; baseline -0.001 -19"><span class='ocrx_word' id='word_1_628' title='bbox 2095 2819 2386 2889; x_wconf 73' lang='grc' dir='ltr'>ιοὝψωσα</span> <span class='ocrx_word' id='word_1_629' title='bbox 2432 2820 2692 2874; x_wconf 78' lang='grc' dir='ltr'>ἐκλεκτὸν</span> <span class='ocrx_word' id='word_1_630' title='bbox 2716 2823 2778 2876; x_wconf 82' lang='grc' dir='ltr'>ὲκ</span> <span class='ocrx_word' id='word_1_631' title='bbox 2803 2820 2900 2876; x_wconf 88' lang='grc' dir='ltr'>τοῦ</span> <span class='ocrx_word' id='word_1_632' title='bbox 2956 2818 3087 2873; x_wconf 88' lang='grc' dir='ltr'>λαοῦ</span> <span class='ocrx_word' id='word_1_633' title='bbox 3153 2837 3277 2890; x_wconf 91' lang='grc' dir='ltr'>μου.</span> <span class='ocrx_word' id='word_1_634' title='bbox 3323 2837 3346 2870; x_wconf 71' lang='grc' dir='ltr'>ι</span> <span class='ocrx_word' id='word_1_635' title='bbox 3385 2849 3460 2859; x_wconf 93' lang='lat'>-—</span> <span class='ocrx_word' id='word_1_636' title='bbox 3495 2818 3607 2871; x_wconf 82' lang='grc' dir='ltr'>τὸν</span> 
     </span>
    </p>
   </div>
   <div class='ocr_carea' id='block_1_87' title="bbox 2017 2913 3608 2984">
    <p class='ocr_par' dir='ltr' id='par_1_87' title="bbox 2017 2913 3608 2984">
     <span class='ocr_line' id='line_1_87' title="bbox 2017 2913 3608 2984; baseline -0.002 -16"><span class='ocrx_word' id='word_1_637' title='bbox 2017 2913 2180 2968; x_wconf 80' lang='grc' dir='ltr'>αὐτὸν</span> <span class='ocrx_word' id='word_1_638' title='bbox 2205 2915 2474 2982; x_wconf 73' lang='grc' dir='ltr'>λέγεικαὶ</span> <span class='ocrx_word' id='word_1_639' title='bbox 2505 2916 2784 2984; x_wconf 79' lang='grc' dir='ltr'>ἐκλεκτὸν,</span> <span class='ocrx_word' id='word_1_640' title='bbox 2817 2916 2893 2981; x_wconf 82' lang='grc' dir='ltr'>ὡς</span> <span class='ocrx_word' id='word_1_641' title='bbox 2923 2917 3024 2970; x_wconf 70' lang='grc' dir='ltr'>καὶ</span> <span class='ocrx_word' id='word_1_642' title='bbox 3079 2915 3448 2984; x_wconf 79' lang='grc' dir='ltr'>ἐκλεγόμενον</span> <span class='ocrx_word' id='word_1_643' title='bbox 3522 2915 3608 2977; x_wconf 83' lang='grc' dir='ltr'>είς</span> 
     </span>
    </p>
   </div>
   <div class='ocr_carea' id='block_1_88' title="bbox 2020 3006 3609 3076">
    <p class='ocr_par' dir='ltr' id='par_1_88' title="bbox 2020 3006 3609 3076">
     <span class='ocr_line' id='line_1_88' title="bbox 2020 3006 3609 3076; baseline 0 -19"><span class='ocrx_word' id='word_1_644' title='bbox 2020 3006 2118 3076; x_wconf 77' lang='grc' dir='ltr'>τὴν</span> <span class='ocrx_word' id='word_1_645' title='bbox 2144 3007 2268 3060; x_wconf 82' lang='grc' dir='ltr'>καθ’</span> <span class='ocrx_word' id='word_1_646' title='bbox 2301 3008 2600 3062; x_wconf 80' lang='grc' dir='ltr'>ὑπόστασιν</span> <span class='ocrx_word' id='word_1_647' title='bbox 2623 3010 2820 3063; x_wconf 77' lang='grc' dir='ltr'>ένωσιν</span> <span class='ocrx_word' id='word_1_648' title='bbox 2842 3008 2937 3063; x_wconf 89' lang='grc' dir='ltr'>τοῦ</span> <span class='ocrx_word' id='word_1_649' title='bbox 2975 3009 3108 3062; x_wconf 87' lang='grc' dir='ltr'>Υίοῦ</span> <span class='ocrx_word' id='word_1_650' title='bbox 3183 3009 3277 3059; x_wconf 70' lang='grc' dir='ltr'>καὶ</span> <span class='ocrx_word' id='word_1_651' title='bbox 3309 3006 3609 3075; x_wconf 67' lang='grc' dir='ltr'>ὑψωθέντα</span> 
     </span>
    </p>
   </div>
   <div class='ocr_carea' id='block_1_89' title="bbox 2019 3097 3596 3169">
    <p class='ocr_par' dir='ltr' id='par_1_89' title="bbox 2019 3097 3596 3169">
     <span class='ocr_line' id='line_1_89' title="bbox 2019 3097 3596 3169; baseline 0 -19"><span class='ocrx_word' id='word_1_652' title='bbox 2019 3097 2086 3150; x_wconf 81' lang='grc' dir='ltr'>δι’</span> <span class='ocrx_word' id='word_1_653' title='bbox 2113 3099 2303 3168; x_wconf 79' lang='grc' dir='ltr'>αὑτήν·</span> <span class='ocrx_word' id='word_1_654' title='bbox 2354 3101 2450 3153; x_wconf 90' lang='grc' dir='ltr'>τὸν</span> <span class='ocrx_word' id='word_1_655' title='bbox 2504 3100 2638 3153; x_wconf 80' lang='grc' dir='ltr'>λαὸν</span> <span class='ocrx_word' id='word_1_656' title='bbox 2693 3101 2750 3154; x_wconf 79' lang='lat' dir='ltr'><strong>6t</strong></span> <span class='ocrx_word' id='word_1_657' title='bbox 2793 3100 2944 3169; x_wconf 90' lang='grc' dir='ltr'>λέγει</span> <span class='ocrx_word' id='word_1_658' title='bbox 2983 3101 3077 3153; x_wconf 84' lang='grc' dir='ltr'>τὸν</span> <span class='ocrx_word' id='word_1_659' title='bbox 3117 3098 3461 3153; x_wconf 72' lang='grc' dir='ltr'>Ἰουδαϊκόν·</span> <span class='ocrx_word' id='word_1_660' title='bbox 3529 3099 3596 3151; x_wconf 75' lang='grc' dir='ltr'>ὲκ</span> 
     </span>
    </p>
   </div>
   <div class='ocr_carea' id='block_1_90' title="bbox 2019 3189 3007 3260">
    <p class='ocr_par' dir='ltr' id='par_1_90' title="bbox 2019 3189 3007 3260">
     <span class='ocr_line' id='line_1_90' title="bbox 2019 3189 3007 3260; baseline 0.006 -19"><span class='ocrx_word' id='word_1_661' title='bbox 2019 3189 2208 3242; x_wconf 89' lang='grc' dir='ltr'>τούτου</span> <span class='ocrx_word' id='word_1_662' title='bbox 2245 3189 2353 3260; x_wconf 79' lang='grc' dir='ltr'>γάρ</span> <span class='ocrx_word' id='word_1_663' title='bbox 2383 3192 2416 3260; x_wconf 74' lang='grc' dir='ltr'><strong>ἡ</strong></span> <span class='ocrx_word' id='word_1_664' title='bbox 2449 3191 2637 3244; x_wconf 83' lang='grc' dir='ltr'>τοῦτον</span> <span class='ocrx_word' id='word_1_665' title='bbox 2676 3191 3007 3259; x_wconf 76' lang='grc' dir='ltr'>γεννήσασα.</span> 
     </span>
    </p>
   </div>
   <div class='ocr_carea' id='block_1_91' title="bbox 2097 3297 3608 3376">
    <p class='ocr_par' dir='ltr' id='par_1_91' title="bbox 2097 3297 3608 3376">
     <span class='ocr_line' id='line_1_91' title="bbox 2097 3297 3608 3376; baseline 0.001 -19"><span class='ocrx_word' id='word_1_666' title='bbox 2097 3323 2115 3357; x_wconf 84' lang='grc' dir='ltr'>ι</span> <span class='ocrx_word' id='word_1_667' title='bbox 2153 3297 2326 3375; x_wconf 77' lang='grc' dir='ltr'>Εὗρον</span> <span class='ocrx_word' id='word_1_668' title='bbox 2383 3304 2547 3358; x_wconf 77' lang='grc' dir='ltr'>Δαυῒδ</span> <span class='ocrx_word' id='word_1_669' title='bbox 2580 3306 2672 3358; x_wconf 84' lang='grc' dir='ltr'>τὸν</span> <span class='ocrx_word' id='word_1_670' title='bbox 2731 3304 2919 3360; x_wconf 88' lang='grc' dir='ltr'>δοῦλόν</span> <span class='ocrx_word' id='word_1_671' title='bbox 2977 3325 3101 3376; x_wconf 87' lang='grc' dir='ltr'>μου.</span> <span class='ocrx_word' id='word_1_672' title='bbox 3147 3325 3164 3358; x_wconf 73' lang='grc' dir='ltr'>ι</span> <span class='ocrx_word' id='word_1_673' title='bbox 3210 3336 3279 3349; x_wconf 93' lang='lat'>-—</span> <span class='ocrx_word' id='word_1_674' title='bbox 3340 3305 3453 3360; x_wconf 82' lang='lat' dir='ltr'>T6v</span> <span class='ocrx_word' id='word_1_675' title='bbox 3507 3307 3608 3359; x_wconf 72' lang='grc' dir='ltr'>αἰ·-</span> 
     </span>
    </p>
   </div>
   <div class='ocr_carea' id='block_1_92' title="bbox 2018 3397 3599 3466">
    <p class='ocr_par' dir='ltr' id='par_1_92' title="bbox 2018 3397 3599 3466">
     <span class='ocr_line' id='line_1_92' title="bbox 2018 3397 3599 3466; baseline 0.003 -16"><span class='ocrx_word' id='word_1_676' title='bbox 2018 3399 2110 3451; x_wconf 87' lang='grc' dir='ltr'>τὸν</span> <span class='ocrx_word' id='word_1_677' title='bbox 2144 3399 2292 3466; x_wconf 88' lang='grc' dir='ltr'>λέγει</span> <span class='ocrx_word' id='word_1_678' title='bbox 2345 3400 2441 3452; x_wconf 73' lang='grc' dir='ltr'>καὶ</span> <span class='ocrx_word' id='word_1_679' title='bbox 2469 3397 2654 3462; x_wconf 62' lang='lat' dir='ltr'><strong><em>ama,</em></strong></span> <span class='ocrx_word' id='word_1_680' title='bbox 2705 3401 2780 3461; x_wconf 85' lang='grc' dir='ltr'>ὼς</span> <span class='ocrx_word' id='word_1_681' title='bbox 2841 3400 2904 3452; x_wconf 65' lang='lat' dir='ltr'><strong>tu</strong></span> <span class='ocrx_word' id='word_1_682' title='bbox 2961 3397 3127 3453; x_wconf 73' lang='grc' dir='ltr'>Δαυῖδ</span> <span class='ocrx_word' id='word_1_683' title='bbox 3170 3400 3599 3466; x_wconf 81' lang='grc' dir='ltr'>καταγόμενον.</span> 
     </span>
    </p>
   </div>
   <div class='ocr_carea' id='block_1_93' title="bbox 2096 3489 3608 3563">
    <p class='ocr_par' dir='ltr' id='par_1_93' title="bbox 2096 3489 3608 3563">
     <span class='ocr_line' id='line_1_93' title="bbox 2096 3489 3608 3563; baseline 0.002 -22"><span class='ocrx_word' id='word_1_684' title='bbox 2096 3489 2218 3544; x_wconf 79' lang='grc' dir='ltr'>«Ἐν</span> <span class='ocrx_word' id='word_1_685' title='bbox 2244 3491 2407 3561; x_wconf 73' lang='grc' dir='ltr'>ιλαίῳ</span> <span class='ocrx_word' id='word_1_686' title='bbox 2437 3493 2579 3563; x_wconf 85' lang='grc' dir='ltr'>ἀγίῳ</span> <span class='ocrx_word' id='word_1_687' title='bbox 2612 3509 2712 3562; x_wconf 90' lang='grc' dir='ltr'>μου</span> <span class='ocrx_word' id='word_1_688' title='bbox 2745 3491 2938 3562; x_wconf 77' lang='grc' dir='ltr'>ἑχρισα</span> <span class='ocrx_word' id='word_1_689' title='bbox 2965 3491 3149 3546; x_wconf 81' lang='grc' dir='ltr'>αὐτόν.</span> <span class='ocrx_word' id='word_1_690' title='bbox 3188 3509 3207 3544; x_wconf 74' lang='grc' dir='ltr'>ι</span> <span class='ocrx_word' id='word_1_691' title='bbox 3243 3521 3313 3531; x_wconf 91' lang='lat'><strong>—</strong></span> <span class='ocrx_word' id='word_1_692' title='bbox 3341 3493 3507 3554; x_wconf 84' lang='grc' dir='ltr'>Ἥως</span> <span class='ocrx_word' id='word_1_693' title='bbox 3550 3494 3608 3544; x_wconf 82' lang='grc' dir='ltr'>ὲν</span> 
     </span>
    </p>
   </div>
   <div class='ocr_carea' id='block_1_94' title="bbox 2019 3577 2708 3653">
    <p class='ocr_par' dir='ltr' id='par_1_94' title="bbox 2019 3577 2708 3653">
     <span class='ocr_line' id='line_1_94' title="bbox 2019 3577 2708 3653; baseline 0.006 -19"><span class='ocrx_word' id='word_1_694' title='bbox 2019 3581 2098 3652; x_wconf 79' lang='grc' dir='ltr'>τῷ</span> <span class='ocrx_word' id='word_1_695' title='bbox 2131 3581 2270 3653; x_wconf 74' lang='grc' dir='ltr'>ἁγίῳ</span> <span class='ocrx_word' id='word_1_696' title='bbox 2294 3582 2596 3652; x_wconf 85' lang='grc' dir='ltr'>Πνεύματι.</span> <span class='ocrx_word' id='word_1_697' title='bbox 2706 3577 2708 3580; x_wconf 59' lang='grc'><em>’</em></span> 
     </span>
    </p>
   </div>
   <div class='ocr_carea' id='block_1_95' title="bbox 2097 3676 3608 3748">
    <p class='ocr_par' dir='ltr' id='par_1_95' title="bbox 2097 3676 3608 3748">
     <span class='ocr_line' id='line_1_95' title="bbox 2097 3676 3608 3748; baseline 0.001 -21"><span class='ocrx_word' id='word_1_698' title='bbox 2097 3693 2116 3726; x_wconf 79' lang='grc' dir='ltr'>ι</span> <span class='ocrx_word' id='word_1_699' title='bbox 2153 3677 2218 3729; x_wconf 84' lang='grc' dir='ltr'><strong>Ἦ</strong></span> <span class='ocrx_word' id='word_1_700' title='bbox 2256 3676 2364 3748; x_wconf 62' lang='grc' dir='ltr'>γάρ</span> <span class='ocrx_word' id='word_1_701' title='bbox 2394 3681 2516 3747; x_wconf 86' lang='grc' dir='ltr'>χείρ</span> <span class='ocrx_word' id='word_1_702' title='bbox 2577 3695 2676 3746; x_wconf 85' lang='grc' dir='ltr'>μου</span> <span class='ocrx_word' id='word_1_703' title='bbox 2721 3677 3176 3748; x_wconf 76' lang='grc' dir='ltr'>συναντιλήψεται</span> <span class='ocrx_word' id='word_1_704' title='bbox 3227 3677 3403 3747; x_wconf 78' lang='grc' dir='ltr'>αύτῷ,</span> <span class='ocrx_word' id='word_1_705' title='bbox 3449 3679 3550 3730; x_wconf 77' lang='grc' dir='ltr'>καὶ</span> <span class='ocrx_word' id='word_1_706' title='bbox 3581 3678 3608 3728; x_wconf 91' lang='lat'>6</span> 
     </span>
    </p>
   </div>
   <div class='ocr_carea' id='block_1_96' title="bbox 2023 3767 3610 3840">
    <p class='ocr_par' dir='ltr' id='par_1_96' title="bbox 2023 3767 3610 3840">
     <span class='ocr_line' id='line_1_96' title="bbox 2023 3767 3610 3840; baseline 0.002 -20"><span class='ocrx_word' id='word_1_707' title='bbox 2023 3767 2265 3838; x_wconf 82' lang='grc' dir='ltr'>βραχίων</span> <span class='ocrx_word' id='word_1_708' title='bbox 2305 3786 2407 3836; x_wconf 92' lang='grc' dir='ltr'>μου</span> <span class='ocrx_word' id='word_1_709' title='bbox 2440 3770 2765 3839; x_wconf 87' lang='grc' dir='ltr'>κατισχύσει</span> <span class='ocrx_word' id='word_1_710' title='bbox 2798 3771 2985 3825; x_wconf 86' lang='grc' dir='ltr'>αὐτόν.</span> <span class='ocrx_word' id='word_1_711' title='bbox 3013 3788 3032 3822; x_wconf 71' lang='lat'>1</span> <span class='ocrx_word' id='word_1_712' title='bbox 3064 3800 3134 3810; x_wconf 89' lang='lat'><strong><em>—</em></strong></span> <span class='ocrx_word' id='word_1_713' title='bbox 3157 3767 3298 3839; x_wconf 79' lang='lat' dir='ltr'>Xelp</span> <span class='ocrx_word' id='word_1_714' title='bbox 3329 3770 3430 3823; x_wconf 76' lang='grc' dir='ltr'>καὶ</span> <span class='ocrx_word' id='word_1_715' title='bbox 3467 3770 3610 3840; x_wconf 85' lang='grc' dir='ltr'>βρα-</span> 
     </span>
    </p>
   </div>
   <div class='ocr_carea' id='block_1_97' title="bbox 2021 3858 3608 3931">
    <p class='ocr_par' dir='ltr' id='par_1_97' title="bbox 2021 3858 3608 3931">
     <span class='ocr_line' id='line_1_97' title="bbox 2021 3858 3608 3931; baseline 0.005 -23"><span class='ocrx_word' id='word_1_716' title='bbox 2021 3858 2155 3928; x_wconf 88' lang='grc' dir='ltr'>χίων</span> <span class='ocrx_word' id='word_1_717' title='bbox 2204 3858 2340 3911; x_wconf 83' lang='grc' dir='ltr'>Θεοῦ</span> <span class='ocrx_word' id='word_1_718' title='bbox 2374 3860 2408 3929; x_wconf 82' lang='grc' dir='ltr'>ή</span> <span class='ocrx_word' id='word_1_719' title='bbox 2458 3860 2690 3930; x_wconf 79' lang='grc' dir='ltr'>δύναμις</span> <span class='ocrx_word' id='word_1_720' title='bbox 2718 3860 2974 3931; x_wconf 78' lang='grc' dir='ltr'>αὑτοῦ,ῆ</span> <span class='ocrx_word' id='word_1_721' title='bbox 3029 3863 3158 3926; x_wconf 84' lang='grc' dir='ltr'>ὼςό</span> <span class='ocrx_word' id='word_1_722' title='bbox 3205 3861 3360 3924; x_wconf 71' lang='grc' dir='ltr'>Υἱός.</span> <span class='ocrx_word' id='word_1_723' title='bbox 3413 3861 3496 3916; x_wconf 84' lang='lat' dir='ltr'><em>T6</em></span> <span class='ocrx_word' id='word_1_724' title='bbox 3554 3863 3608 3916; x_wconf 61' lang='grc' dir='ltr'>δὲ</span> 
     </span>
    </p>
   </div>
   <div class='ocr_carea' id='block_1_98' title="bbox 2022 3951 3609 4022">
    <p class='ocr_par' dir='ltr' id='par_1_98' title="bbox 2022 3951 3609 4022">
     <span class='ocr_line' id='line_1_98' title="bbox 2022 3951 3609 4022; baseline 0.001 -20"><span class='ocrx_word' id='word_1_725' title='bbox 2022 3951 2385 4019; x_wconf 81' lang='grc' dir='ltr'>κατισχύσει</span> <span class='ocrx_word' id='word_1_726' title='bbox 2437 3953 2562 4004; x_wconf 74' lang='grc' dir='ltr'>ἀντὶ</span> <span class='ocrx_word' id='word_1_727' title='bbox 2588 3951 2683 4004; x_wconf 91' lang='grc' dir='ltr'>τοῦ</span> <span class='ocrx_word' id='word_1_728' title='bbox 2725 3953 3056 4022; x_wconf 74' lang='grc' dir='ltr'>ἰσχυρότητα</span> <span class='ocrx_word' id='word_1_729' title='bbox 3082 3953 3338 4022; x_wconf 74' lang='grc' dir='ltr'>ποιήσει’</span> <span class='ocrx_word' id='word_1_730' title='bbox 3373 3954 3474 4004; x_wconf 75' lang='grc' dir='ltr'>καὶ</span> <span class='ocrx_word' id='word_1_731' title='bbox 3497 3953 3609 4021; x_wconf 74' lang='grc' dir='ltr'>γὰρ</span> 
     </span>
    </p>
   </div>
   <div class='ocr_carea' id='block_1_99' title="bbox 2023 4044 3606 4115">
    <p class='ocr_par' dir='ltr' id='par_1_99' title="bbox 2023 4044 3606 4115">
     <span class='ocr_line' id='line_1_99' title="bbox 2023 4044 3606 4115; baseline 0.002 -20"><span class='ocrx_word' id='word_1_732' title='bbox 2023 4045 2082 4096; x_wconf 86' lang='lat' dir='ltr'>tv</span> <span class='ocrx_word' id='word_1_733' title='bbox 2120 4047 2234 4106; x_wconf 86' lang='grc' dir='ltr'>τοῖς</span> <span class='ocrx_word' id='word_1_734' title='bbox 2272 4045 2538 4106; x_wconf 83' lang='grc' dir='ltr'>τοιούτοις</span> <span class='ocrx_word' id='word_1_735' title='bbox 2567 4046 2599 4113; x_wconf 84' lang='grc' dir='ltr'>ἠ</span> <span class='ocrx_word' id='word_1_736' title='bbox 2629 4044 2781 4100; x_wconf 77' lang='grc' dir='ltr'>κατὰ</span> <span class='ocrx_word' id='word_1_737' title='bbox 2813 4047 3077 4115; x_wconf 81' lang='grc' dir='ltr'>πρόθεσις</span> <span class='ocrx_word' id='word_1_738' title='bbox 3115 4045 3378 4097; x_wconf 70' lang='grc' dir='ltr'>ἐπίτασιν</span> <span class='ocrx_word' id='word_1_739' title='bbox 3408 4046 3567 4114; x_wconf 73' lang='grc' dir='ltr'>δηλοῖ</span> <span class='ocrx_word' id='word_1_740' title='bbox 3589 4062 3606 4077; x_wconf 77' lang='grc' dir='ltr'>ο</span> 
     </span>
    </p>
   </div>
   <div class='ocr_carea' id='block_1_100' title="bbox 2023 4137 3612 4209">
    <p class='ocr_par' dir='ltr' id='par_1_100' title="bbox 2023 4137 3612 4209">
     <span class='ocr_line' id='line_1_100' title="bbox 2023 4137 3612 4209; baseline 0.003 -22"><span class='ocrx_word' id='word_1_741' title='bbox 2023 4137 2100 4198; x_wconf 83' lang='grc' dir='ltr'>ὡς</span> <span class='ocrx_word' id='word_1_742' title='bbox 2132 4138 2221 4188; x_wconf 72' lang='grc' dir='ltr'>καὶ</span> <span class='ocrx_word' id='word_1_743' title='bbox 2255 4139 2314 4189; x_wconf 83' lang='lat' dir='ltr'>tv</span> <span class='ocrx_word' id='word_1_744' title='bbox 2353 4138 2432 4208; x_wconf 84' lang='grc' dir='ltr'>τῷ</span> <span class='ocrx_word' id='word_1_745' title='bbox 2459 4139 2854 4207; x_wconf 78' lang='grc' dir='ltr'>καταργήσει,</span> <span class='ocrx_word' id='word_1_746' title='bbox 2888 4139 3013 4192; x_wconf 75' lang='grc' dir='ltr'>ἀντὶ</span> <span class='ocrx_word' id='word_1_747' title='bbox 3070 4137 3166 4191; x_wconf 90' lang='grc' dir='ltr'>τοῦ</span> <span class='ocrx_word' id='word_1_748' title='bbox 3229 4137 3612 4209; x_wconf 80' lang='grc' dir='ltr'>ἀνενέργητον</span> 
     </span>
    </p>
   </div>
   <div class='ocr_carea' id='block_1_101' title="bbox 2027 4232 3128 4300">
    <p class='ocr_par' dir='ltr' id='par_1_101' title="bbox 2027 4232 3128 4300">
     <span class='ocr_line' id='line_1_101' title="bbox 2027 4232 3128 4300; baseline 0.003 -17"><span class='ocrx_word' id='word_1_749' title='bbox 2027 4233 2245 4300; x_wconf 87' lang='grc' dir='ltr'>ποιήσει</span> <span class='ocrx_word' id='word_1_750' title='bbox 2275 4232 2522 4299; x_wconf 84' lang='grc' dir='ltr'>τελείως,</span> <span class='ocrx_word' id='word_1_751' title='bbox 2551 4234 2645 4285; x_wconf 75' lang='grc' dir='ltr'>καὶ</span> <span class='ocrx_word' id='word_1_752' title='bbox 2666 4235 2722 4286; x_wconf 89' lang='lat' dir='ltr'>tv</span> <span class='ocrx_word' id='word_1_753' title='bbox 2753 4235 2870 4295; x_wconf 84' lang='grc' dir='ltr'>τοῖς</span> <span class='ocrx_word' id='word_1_754' title='bbox 2900 4232 3128 4300; x_wconf 84' lang='grc' dir='ltr'>ὁμοίοις.</span> 
     </span>
    </p>
   </div>
   <div class='ocr_carea' id='block_1_102' title="bbox 2100 4324 3610 4396">
    <p class='ocr_par' dir='ltr' id='par_1_102' title="bbox 2100 4324 3610 4396">
     <span class='ocr_line' id='line_1_102' title="bbox 2100 4324 3610 4396; baseline 0.001 -18"><span class='ocrx_word' id='word_1_755' title='bbox 2100 4341 2122 4378; x_wconf 78' lang='grc' dir='ltr'>ε</span> <span class='ocrx_word' id='word_1_756' title='bbox 2157 4325 2271 4378; x_wconf 83' lang='grc' dir='ltr'>Οὐκ</span> <span class='ocrx_word' id='word_1_757' title='bbox 2306 4325 2582 4396; x_wconf 75' lang='grc' dir='ltr'>ὠφελήσει</span> <span class='ocrx_word' id='word_1_758' title='bbox 2615 4327 2808 4395; x_wconf 70' lang='grc' dir='ltr'>ἐχθρὸς</span> <span class='ocrx_word' id='word_1_759' title='bbox 2843 4329 2901 4378; x_wconf 81' lang='lat' dir='ltr'>tv</span> <span class='ocrx_word' id='word_1_760' title='bbox 2931 4324 3098 4395; x_wconf 80' lang='grc' dir='ltr'>αὐτῷ.</span> <span class='ocrx_word' id='word_1_761' title='bbox 3125 4343 3144 4378; x_wconf 70' lang='grc' dir='ltr'>ι</span> <span class='ocrx_word' id='word_1_762' title='bbox 3178 4353 3252 4369; x_wconf 92' lang='lat'><strong><em>—</em></strong></span> <span class='ocrx_word' id='word_1_763' title='bbox 3279 4325 3398 4380; x_wconf 83' lang='grc' dir='ltr'>Οὐκ</span> <span class='ocrx_word' id='word_1_764' title='bbox 3415 4325 3610 4379; x_wconf 74' lang='grc' dir='ltr'>ἀνύσει</span> 
     </span>
    </p>
   </div>
   <div class='ocr_carea' id='block_1_103' title="bbox 2022 4412 2927 4484">
    <p class='ocr_par' dir='ltr' id='par_1_103' title="bbox 2022 4412 2927 4484">
     <span class='ocr_line' id='line_1_103' title="bbox 2022 4412 2927 4484; baseline 0.006 -20"><span class='ocrx_word' id='word_1_765' title='bbox 2022 4414 2051 4463; x_wconf 89' lang='lat'>6</span> <span class='ocrx_word' id='word_1_766' title='bbox 2081 4412 2331 4477; x_wconf 81' lang='grc' dir='ltr'>διάϐολος</span> <span class='ocrx_word' id='word_1_767' title='bbox 2356 4415 2416 4466; x_wconf 87' lang='lat' dir='ltr'>tv</span> <span class='ocrx_word' id='word_1_768' title='bbox 2445 4415 2600 4484; x_wconf 82' lang='grc' dir='ltr'>αύτῷ</span> <span class='ocrx_word' id='word_1_769' title='bbox 2629 4416 2927 4481; x_wconf 78' lang='grc' dir='ltr'>πειράζων.</span> 
     </span>
    </p>
   </div>
   <div class='ocr_carea' id='block_1_104' title="bbox 2104 4507 3610 4578">
    <p class='ocr_par' dir='ltr' id='par_1_104' title="bbox 2104 4507 3610 4578">
     <span class='ocr_line' id='line_1_104' title="bbox 2104 4507 3610 4578; baseline 0.002 -19"><span class='ocrx_word' id='word_1_770' title='bbox 2104 4525 2122 4557; x_wconf 79' lang='grc' dir='ltr'>ι</span> <span class='ocrx_word' id='word_1_771' title='bbox 2160 4508 2269 4560; x_wconf 83' lang='lat' dir='ltr'><strong><em>Kal</em></strong></span> <span class='ocrx_word' id='word_1_772' title='bbox 2316 4508 2430 4570; x_wconf 84' lang='grc' dir='ltr'>υίὸς</span> <span class='ocrx_word' id='word_1_773' title='bbox 2479 4507 2708 4577; x_wconf 81' lang='grc' dir='ltr'>ἀνομίας</span> <span class='ocrx_word' id='word_1_774' title='bbox 2738 4510 2798 4560; x_wconf 85' lang='grc' dir='ltr'>ού</span> <span class='ocrx_word' id='word_1_775' title='bbox 2840 4507 3142 4578; x_wconf 83' lang='grc' dir='ltr'>προσθήσει</span> <span class='ocrx_word' id='word_1_776' title='bbox 3203 4509 3298 4562; x_wconf 87' lang='grc' dir='ltr'>τοῦ</span> <span class='ocrx_word' id='word_1_777' title='bbox 3351 4511 3610 4563; x_wconf 84' lang='grc' dir='ltr'>κακῶσαι</span> 
     </span>
    </p>
   </div>
   <div class='ocr_carea' id='block_1_105' title="bbox 2029 4599 3612 4671">
    <p class='ocr_par' dir='ltr' id='par_1_105' title="bbox 2029 4599 3612 4671">
     <span class='ocr_line' id='line_1_105' title="bbox 2029 4599 3612 4671; baseline 0 -17"><span class='ocrx_word' id='word_1_778' title='bbox 2029 4599 2212 4654; x_wconf 82' lang='grc' dir='ltr'>αὐτόν.</span> <span class='ocrx_word' id='word_1_779' title='bbox 2258 4619 2276 4652; x_wconf 73' lang='grc' dir='ltr'>ι</span> <span class='ocrx_word' id='word_1_780' title='bbox 2315 4632 2383 4642; x_wconf 94' lang='grc'><strong>-</strong></span> <span class='ocrx_word' id='word_1_781' title='bbox 2414 4599 2474 4655; x_wconf 85' lang='grc' dir='ltr'>Ὀ</span> <span class='ocrx_word' id='word_1_782' title='bbox 2499 4601 2660 4663; x_wconf 84' lang='grc' dir='ltr'>αὐτὸς</span> <span class='ocrx_word' id='word_1_783' title='bbox 2693 4601 2783 4654; x_wconf 75' lang='grc' dir='ltr'>καὶ</span> <span class='ocrx_word' id='word_1_784' title='bbox 2806 4601 2920 4664; x_wconf 81' lang='grc' dir='ltr'>υίὸς</span> <span class='ocrx_word' id='word_1_785' title='bbox 2958 4603 3191 4671; x_wconf 86' lang='grc' dir='ltr'>ἀνομίας</span> <span class='ocrx_word' id='word_1_786' title='bbox 3227 4601 3482 4670; x_wconf 85' lang='grc' dir='ltr'>λέγεται,</span> <span class='ocrx_word' id='word_1_787' title='bbox 3516 4604 3612 4657; x_wconf 86' lang='grc' dir='ltr'>καὶ</span> 
     </span>
    </p>
   </div>
   <div class='ocr_carea' id='block_1_106' title="bbox 2031 4690 3613 4761">
    <p class='ocr_par' dir='ltr' id='par_1_106' title="bbox 2031 4690 3613 4761">
     <span class='ocr_line' id='line_1_106' title="bbox 2031 4690 3613 4761; baseline 0.001 -17"><span class='ocrx_word' id='word_1_788' title='bbox 2031 4691 2257 4761; x_wconf 77' lang='grc' dir='ltr'>ἄνομος,</span> <span class='ocrx_word' id='word_1_789' title='bbox 2289 4691 2348 4753; x_wconf 85' lang='grc' dir='ltr'>δς</span> <span class='ocrx_word' id='word_1_790' title='bbox 2391 4691 2450 4744; x_wconf 83' lang='grc' dir='ltr'>ού</span> <span class='ocrx_word' id='word_1_791' title='bbox 2487 4693 3005 4760; x_wconf 84' lang='grc' dir='ltr'>προσεπιχειρήσει,</span> <span class='ocrx_word' id='word_1_792' title='bbox 3046 4690 3332 4761; x_wconf 75' lang='grc' dir='ltr'>πειράζων</span> <span class='ocrx_word' id='word_1_793' title='bbox 3367 4691 3613 4760; x_wconf 79' lang='grc' dir='ltr'>ήττῆσαι</span> 
     </span>
    </p>
   </div>
   <div class='ocr_carea' id='block_1_107' title="bbox 2029 4783 3612 4854">
    <p class='ocr_par' dir='ltr' id='par_1_107' title="bbox 2029 4783 3612 4854">
     <span class='ocr_line' id='line_1_107' title="bbox 2029 4783 3612 4854; baseline 0.001 -19"><span class='ocrx_word' id='word_1_794' title='bbox 2029 4783 2220 4846; x_wconf 82' lang='grc' dir='ltr'>αὐτὸν,</span> <span class='ocrx_word' id='word_1_795' title='bbox 2243 4783 2648 4852; x_wconf 80' lang='grc' dir='ltr'>ἀποκρουσθεὶς</span> <span class='ocrx_word' id='word_1_796' title='bbox 2681 4783 2824 4837; x_wconf 87' lang='grc' dir='ltr'>κατὰ</span> <span class='ocrx_word' id='word_1_797' title='bbox 2857 4783 2950 4836; x_wconf 88' lang='grc' dir='ltr'>τὸν</span> <span class='ocrx_word' id='word_1_798' title='bbox 2979 4783 3177 4854; x_wconf 79' lang='grc' dir='ltr'>καιρὸν</span> <span class='ocrx_word' id='word_1_799' title='bbox 3226 4783 3454 4854; x_wconf 84' lang='grc' dir='ltr'>πρῶτον</span> <span class='ocrx_word' id='word_1_800' title='bbox 3513 4783 3612 4838; x_wconf 80' lang='grc' dir='ltr'>τοῦ</span> 
     </span>
    </p>
   </div>
   <div class='ocr_carea' id='block_1_108' title="bbox 2031 4879 2362 4949">
    <p class='ocr_par' dir='ltr' id='par_1_108' title="bbox 2031 4879 2362 4949">
     <span class='ocr_line' id='line_1_108' title="bbox 2031 4879 2362 4949; baseline 0.012 -19"><span class='ocrx_word' id='word_1_801' title='bbox 2031 4879 2362 4949; x_wconf 83' lang='grc' dir='ltr'>πειρασμοῦ.</span> 
     </span>
    </p>
   </div>
   <div class='ocr_carea' id='block_1_109' title="bbox 2111 4971 3615 5043">
    <p class='ocr_par' dir='ltr' id='par_1_109' title="bbox 2111 4971 3615 5043">
     <span class='ocr_line' id='line_1_109' title="bbox 2111 4971 3615 5043; baseline 0.003 -21"><span class='ocrx_word' id='word_1_802' title='bbox 2111 4991 2129 5022; x_wconf 76' lang='grc' dir='ltr'>ι</span> <span class='ocrx_word' id='word_1_803' title='bbox 2168 4971 2282 5026; x_wconf 81' lang='lat' dir='ltr'><strong><em>Kal</em></strong></span> <span class='ocrx_word' id='word_1_804' title='bbox 2307 4971 2562 5040; x_wconf 73' lang='grc' dir='ltr'>συγκόψω</span> <span class='ocrx_word' id='word_1_805' title='bbox 2581 4973 2688 5025; x_wconf 76' lang='grc' dir='ltr'>ἀπὸ</span> <span class='ocrx_word' id='word_1_806' title='bbox 2714 4971 3009 5042; x_wconf 85' lang='grc' dir='ltr'>προσώπου</span> <span class='ocrx_word' id='word_1_807' title='bbox 3033 4971 3200 5025; x_wconf 79' lang='grc' dir='ltr'>αὐτοῦ</span> <span class='ocrx_word' id='word_1_808' title='bbox 3220 4974 3347 5036; x_wconf 76' lang='grc' dir='ltr'>τοὺς</span> <span class='ocrx_word' id='word_1_809' title='bbox 3376 4973 3615 5043; x_wconf 73' lang='grc' dir='ltr'>ἐχθροὺς</span> 
     </span>
    </p>
   </div>
   <div class='ocr_carea' id='block_1_110' title="bbox 2031 5063 3615 5136">
    <p class='ocr_par' dir='ltr' id='par_1_110' title="bbox 2031 5063 3615 5136">
     <span class='ocr_line' id='line_1_110' title="bbox 2031 5063 3615 5136; baseline 0.001 -19"><span class='ocrx_word' id='word_1_810' title='bbox 2031 5063 2218 5117; x_wconf 84' lang='grc' dir='ltr'>αὑτοῦ.</span> <span class='ocrx_word' id='word_1_811' title='bbox 2274 5081 2292 5115; x_wconf 70' lang='grc' dir='ltr'>ι</span> <span class='ocrx_word' id='word_1_812' title='bbox 2331 5094 2402 5106; x_wconf 87' lang='lat'>-—</span> <span class='ocrx_word' id='word_1_813' title='bbox 2434 5064 2507 5118; x_wconf 89' lang='lat' dir='ltr'><em>T6</em></span> <span class='ocrx_word' id='word_1_814' title='bbox 2555 5067 2848 5136; x_wconf 60' lang='grc' dir='ltr'>συγ-κόψω</span> <span class='ocrx_word' id='word_1_815' title='bbox 2871 5066 3024 5134; x_wconf 77' lang='grc' dir='ltr'>δηλοῖ</span> <span class='ocrx_word' id='word_1_816' title='bbox 3080 5067 3141 5118; x_wconf 88' lang='grc' dir='ltr'>τὸ</span> <span class='ocrx_word' id='word_1_817' title='bbox 3191 5065 3389 5120; x_wconf 84' lang='grc' dir='ltr'>ἀνελῶ.</span> <span class='ocrx_word' id='word_1_818' title='bbox 3427 5066 3511 5118; x_wconf 80' lang='grc' dir='ltr'>Τὸ</span> <span class='ocrx_word' id='word_1_819' title='bbox 3559 5065 3615 5118; x_wconf 68' lang='grc' dir='ltr'>δᾶ</span> 
     </span>
    </p>
   </div>
   <div class='ocr_carea' id='block_1_111' title="bbox 2033 5157 3615 5229">
    <p class='ocr_par' dir='ltr' id='par_1_111' title="bbox 2033 5157 3615 5229">
     <span class='ocr_line' id='line_1_111' title="bbox 2033 5157 3615 5229; baseline 0 -20"><span class='ocrx_word' id='word_1_820' title='bbox 2033 5157 2154 5210; x_wconf 83' lang='grc' dir='ltr'>ἀπὸ</span> <span class='ocrx_word' id='word_1_821' title='bbox 2182 5161 2514 5223; x_wconf 79' lang='grc' dir='ltr'>προσώπου</span> <span class='ocrx_word' id='word_1_822' title='bbox 2544 5157 2606 5209; x_wconf 88' lang='grc' dir='ltr'>τὸ</span> <span class='ocrx_word' id='word_1_823' title='bbox 2660 5157 2759 5210; x_wconf 76' lang='grc' dir='ltr'>ἀπ’</span> <span class='ocrx_word' id='word_1_824' title='bbox 2807 5157 3057 5215; x_wconf 80' lang='grc' dir='ltr'>ἐνώπιον.</span> <span class='ocrx_word' id='word_1_825' title='bbox 3118 5158 3342 5229; x_wconf 79' lang='grc' dir='ltr'>Ἐχθροὶ</span> <span class='ocrx_word' id='word_1_826' title='bbox 3395 5159 3454 5212; x_wconf 72' lang='grc' dir='ltr'>δὲ</span> <span class='ocrx_word' id='word_1_827' title='bbox 3521 5158 3615 5210; x_wconf 68' lang='grc' dir='ltr'>καὶ</span> 
     </span>
    </p>
   </div>
   <div class='ocr_carea' id='block_1_112' title="bbox 2037 5248 3420 5319">
    <p class='ocr_par' dir='ltr' id='par_1_112' title="bbox 2037 5248 3420 5319">
     <span class='ocr_line' id='line_1_112' title="bbox 2037 5248 3420 5319; baseline 0.002 -20"><span class='ocrx_word' id='word_1_828' title='bbox 2037 5248 2324 5318; x_wconf 87' lang='grc' dir='ltr'>μισοῦντες</span> <span class='ocrx_word' id='word_1_829' title='bbox 2357 5249 2521 5302; x_wconf 86' lang='grc' dir='ltr'>αὐτὸν</span> <span class='ocrx_word' id='word_1_830' title='bbox 2549 5249 2604 5301; x_wconf 83' lang='grc' dir='ltr'>οἴ</span> <span class='ocrx_word' id='word_1_831' title='bbox 2636 5267 2695 5301; x_wconf 90' lang='grc' dir='ltr'>τε</span> <span class='ocrx_word' id='word_1_832' title='bbox 2728 5251 2988 5319; x_wconf 87' lang='grc' dir='ltr'>δαίμονες</span> <span class='ocrx_word' id='word_1_833' title='bbox 3021 5250 3116 5304; x_wconf 76' lang='grc' dir='ltr'>καὶ</span> <span class='ocrx_word' id='word_1_834' title='bbox 3147 5251 3420 5304; x_wconf 80' lang='grc' dir='ltr'>Ἰουδαῖοι.</span> 
     </span>
    </p>
   </div>
   <div class='ocr_carea' id='block_1_113' title="bbox 2111 5339 3615 5410">
    <p class='ocr_par' dir='ltr' id='par_1_113' title="bbox 2111 5339 3615 5410">
     <span class='ocr_line' id='line_1_113' title="bbox 2111 5339 3615 5410; baseline 0.002 -20"><span class='ocrx_word' id='word_1_835' title='bbox 2111 5357 2128 5390; x_wconf 79' lang='grc' dir='ltr'>ι</span> <span class='ocrx_word' id='word_1_836' title='bbox 2161 5339 2266 5394; x_wconf 76' lang='lat' dir='ltr'><strong><em>Kal</em></strong></span> <span class='ocrx_word' id='word_1_837' title='bbox 2297 5342 2330 5409; x_wconf 89' lang='grc' dir='ltr'><strong>ἡ</strong></span> <span class='ocrx_word' id='word_1_838' title='bbox 2368 5340 2595 5408; x_wconf 82' lang='grc' dir='ltr'>ἀλήθειά</span> <span class='ocrx_word' id='word_1_839' title='bbox 2629 5358 2732 5410; x_wconf 90' lang='grc' dir='ltr'>μου</span> <span class='ocrx_word' id='word_1_840' title='bbox 2765 5341 2860 5393; x_wconf 74' lang='grc' dir='ltr'>καὶ</span> <span class='ocrx_word' id='word_1_841' title='bbox 2915 5341 2976 5394; x_wconf 84' lang='grc' dir='ltr'>τὸ</span> <span class='ocrx_word' id='word_1_842' title='bbox 3019 5341 3167 5403; x_wconf 72' lang='grc' dir='ltr'>ἔλεός</span> <span class='ocrx_word' id='word_1_843' title='bbox 3205 5357 3306 5410; x_wconf 89' lang='grc' dir='ltr'>μου</span> <span class='ocrx_word' id='word_1_844' title='bbox 3347 5339 3471 5407; x_wconf 73' lang='grc' dir='ltr'>μετ’</span> <span class='ocrx_word' id='word_1_845' title='bbox 3517 5342 3615 5393; x_wconf 80' lang='grc' dir='ltr'>αὑ-</span> 
     </span>
    </p>
   </div>
   <div class='ocr_carea' id='block_1_114' title="bbox 2031 5432 3505 5502">
    <p class='ocr_par' dir='ltr' id='par_1_114' title="bbox 2031 5432 3505 5502">
     <span class='ocr_line' id='line_1_114' title="bbox 2031 5432 3505 5502; baseline 0.001 -18"><span class='ocrx_word' id='word_1_846' title='bbox 2031 5432 2149 5485; x_wconf 88' lang='grc' dir='ltr'>τοῦ.</span> <span class='ocrx_word' id='word_1_847' title='bbox 2192 5449 2209 5482; x_wconf 84' lang='grc'><strong>›</strong></span> <span class='ocrx_word' id='word_1_848' title='bbox 2248 5461 2319 5471; x_wconf 94' lang='grc'><strong>-</strong></span> <span class='ocrx_word' id='word_1_849' title='bbox 2361 5433 2618 5502; x_wconf 81' lang='grc' dir='ltr'>Ἀλήθεια</span> <span class='ocrx_word' id='word_1_850' title='bbox 2665 5433 2758 5485; x_wconf 76' lang='grc' dir='ltr'>καὶ</span> <span class='ocrx_word' id='word_1_851' title='bbox 2789 5433 2938 5496; x_wconf 86' lang='grc' dir='ltr'>ἔλεος</span> <span class='ocrx_word' id='word_1_852' title='bbox 2993 5434 3261 5501; x_wconf 79' lang='grc' dir='ltr'>πατρικὸν</span> <span class='ocrx_word' id='word_1_853' title='bbox 3291 5435 3319 5485; x_wconf 93' lang='lat'>6</span> <span class='ocrx_word' id='word_1_854' title='bbox 3353 5432 3505 5492; x_wconf 79' lang='grc' dir='ltr'>Υἱός.</span> 
     </span>
    </p>
   </div>
   <div class='ocr_carea' id='block_1_115' title="bbox 2029 5524 3615 5595">
    <p class='ocr_par' dir='ltr' id='par_1_115' title="bbox 2029 5524 3615 5595">
     <span class='ocr_line' id='line_1_115' title="bbox 2029 5524 3615 5595; baseline -0.001 -19"><span class='ocrx_word' id='word_1_855' title='bbox 2029 5560 2036 5564; x_wconf 87' lang='grc'><strong>-</strong></span> <span class='ocrx_word' id='word_1_856' title='bbox 2111 5543 2130 5576; x_wconf 82' lang='grc' dir='ltr'>ι</span> <span class='ocrx_word' id='word_1_857' title='bbox 2172 5525 2278 5579; x_wconf 74' lang='grc' dir='ltr'>Καὶ</span> <span class='ocrx_word' id='word_1_858' title='bbox 2303 5525 2363 5577; x_wconf 87' lang='lat' dir='ltr'>tv</span> <span class='ocrx_word' id='word_1_859' title='bbox 2396 5525 2474 5594; x_wconf 83' lang='grc' dir='ltr'>τῷ</span> <span class='ocrx_word' id='word_1_860' title='bbox 2497 5524 2724 5595; x_wconf 81' lang='grc' dir='ltr'>ὀνόματί</span> <span class='ocrx_word' id='word_1_861' title='bbox 2755 5543 2856 5594; x_wconf 86' lang='grc' dir='ltr'>μου</span> <span class='ocrx_word' id='word_1_862' title='bbox 2922 5525 3274 5594; x_wconf 59' lang='grc' dir='ltr'>ὑψωθήσεται</span> <span class='ocrx_word' id='word_1_863' title='bbox 3321 5524 3384 5576; x_wconf 89' lang='grc' dir='ltr'>τὸ</span> <span class='ocrx_word' id='word_1_864' title='bbox 3439 5525 3615 5593; x_wconf 75' lang='grc' dir='ltr'>κέρας</span> 
     </span>
    </p>
   </div>
   <div class='ocr_carea' id='block_1_116' title="bbox 2035 5614 3612 5686">
    <p class='ocr_par' dir='ltr' id='par_1_116' title="bbox 2035 5614 3612 5686">
     <span class='ocr_line' id='line_1_116' title="bbox 2035 5614 3612 5686; baseline -0.006 -12"><span class='ocrx_word' id='word_1_865' title='bbox 2035 5619 2225 5674; x_wconf 82' lang='grc' dir='ltr'>αὑτοῦ.</span> <span class='ocrx_word' id='word_1_866' title='bbox 2267 5637 2377 5670; x_wconf 74' lang='grc' dir='ltr'>ι-</span> <span class='ocrx_word' id='word_1_867' title='bbox 2409 5617 2522 5671; x_wconf 81' lang='lat' dir='ltr'><strong><em>Kal</em></strong></span> <span class='ocrx_word' id='word_1_868' title='bbox 2539 5620 2596 5668; x_wconf 89' lang='lat' dir='ltr'>tv</span> <span class='ocrx_word' id='word_1_869' title='bbox 2627 5617 2704 5686; x_wconf 85' lang='grc' dir='ltr'>τῷ</span> <span class='ocrx_word' id='word_1_870' title='bbox 2747 5616 3033 5669; x_wconf 73' lang='grc' dir='ltr'>καλεῖσθαι</span> <span class='ocrx_word' id='word_1_871' title='bbox 3067 5616 3142 5684; x_wconf 79' lang='grc' dir='ltr'>τῷ</span> <span class='ocrx_word' id='word_1_872' title='bbox 3197 5615 3318 5683; x_wconf 77' lang='grc' dir='ltr'>έμῷ</span> <span class='ocrx_word' id='word_1_873' title='bbox 3379 5614 3612 5682; x_wconf 60' lang='grc' dir='ltr'>ὀνόματι</span> 
     </span>
    </p>
   </div>
   <div class='ocr_carea' id='block_1_117' title="bbox 2041 5703 3615 5781">
    <p class='ocr_par' dir='ltr' id='par_1_117' title="bbox 2041 5703 3615 5781">
     <span class='ocr_line' id='line_1_117' title="bbox 2041 5703 3615 5781; baseline -0.007 -20"><span class='ocrx_word' id='word_1_874' title='bbox 2041 5714 2154 5781; x_wconf 76' lang='grc' dir='ltr'>ήως</span> <span class='ocrx_word' id='word_1_875' title='bbox 2208 5710 2414 5780; x_wconf 74' lang='grc' dir='ltr'>Κύριος</span> <span class='ocrx_word' id='word_1_876' title='bbox 2432 5710 2524 5762; x_wconf 71' lang='grc' dir='ltr'>καὶ</span> <span class='ocrx_word' id='word_1_877' title='bbox 2553 5709 2706 5772; x_wconf 80' lang='grc' dir='ltr'>Θεὸς,</span> <span class='ocrx_word' id='word_1_878' title='bbox 2753 5705 3228 5778; x_wconf 83' lang='grc' dir='ltr'>μεγαλυνθήσεται</span> <span class='ocrx_word' id='word_1_879' title='bbox 3277 5707 3309 5772; x_wconf 77' lang='grc' dir='ltr'><strong>ἡ</strong></span> <span class='ocrx_word' id='word_1_880' title='bbox 3351 5703 3480 5766; x_wconf 74' lang='grc' dir='ltr'>δοξα</span> <span class='ocrx_word' id='word_1_881' title='bbox 3517 5704 3615 5752; x_wconf 55' lang='grc' dir='ltr'>σίμ-</span> 
     </span>
    </p>
   </div>
   <div class='ocr_carea' id='block_1_118' title="bbox 2037 5793 3615 5872">
    <p class='ocr_par' dir='ltr' id='par_1_118' title="bbox 2037 5793 3615 5872">
     <span class='ocr_line' id='line_1_118' title="bbox 2037 5793 3615 5872; baseline -0.008 -16"><span class='ocrx_word' id='word_1_882' title='bbox 2037 5803 2152 5856; x_wconf 83' lang='grc' dir='ltr'>τοῦ.</span> <span class='ocrx_word' id='word_1_883' title='bbox 2225 5801 2460 5872; x_wconf 79' lang='grc' dir='ltr'>Ἐκλήθη</span> <span class='ocrx_word' id='word_1_884' title='bbox 2515 5801 2569 5856; x_wconf 80' lang='grc' dir='ltr'>δὲ</span> <span class='ocrx_word' id='word_1_885' title='bbox 2621 5799 2698 5870; x_wconf 78' lang='grc' dir='ltr'>τῷ</span> <span class='ocrx_word' id='word_1_886' title='bbox 2764 5798 2995 5870; x_wconf 80' lang='grc' dir='ltr'>τοιούτῳ</span> <span class='ocrx_word' id='word_1_887' title='bbox 3051 5798 3276 5869; x_wconf 75' lang='grc' dir='ltr'>ὀνόματι</span> <span class='ocrx_word' id='word_1_888' title='bbox 3330 5800 3356 5850; x_wconf 81' lang='lat'>6</span> <span class='ocrx_word' id='word_1_889' title='bbox 3402 5793 3615 5866; x_wconf 72' lang='grc' dir='ltr'>ἰηανιῦς</span> 
     </span>
    </p>
   </div>
  </div>
