3806 6356
430 359 570 424 15-ἶ9

1620 358 2037 421 NICEPHORI
2075 359 2492 421 BLEMMIDE

3540 357 3660 422 1540

425 481 519 533 τοῦ
563 477 730 532 Δανῖδ
792 479 882 532 τὸν
930 479 1011 542 εἰς
1069 478 1243 534 αίῶνα
1309 478 1526 543 αίῶνος.
1597 481 2005 550 Ἐσμίκρυνας
2035 487 2075 544 Α
2110 481 2304 551 αὑτηή
2337 481 2462 550 χθές
2486 481 2604 553 ἦτοι
2637 481 3010 549 παρελθοῦσα,
3045 483 3138 534 καὶ
3160 479 3234 544 ὥς
3292 478 3354 532 ἓν
3412 495 3465 530 τι
3490 479 3660 548 μόριον

427 575 534 637 τὰς
569 571 784 641 ήμέοας
841 569 965 624 ἀντὶ
1003 571 1094 624 τοῦ
1144 572 1443 641 συνέτεμες
1487 573 1699 643 μακρὸν
1762 574 2002 644 ὑποσχε-

427 667 612 720 θέντα.

505 778 523 810 ι
569 753 854 823 Κατέχεας
890 741 1360 822 αὑτῷάίσχὺνην.
1409 770 1427 804 ι
1462 783 1531 796 -
1564 756 1631 809 Δί
1662 759 1767 824 γὰρ
1809 758 2005 825 αἰσχύ.

426 871 516 905 ναι
547 850 651 902 τῶν
685 843 970 912 ἀπογόνων
1018 842 1273 911 αἰσχύναι
1305 844 1399 898 τοῦ
1434 849 1701 918 προγόνου
1731 847 2001 905 δοκοῦσιν.

438 935 825 1012 ᾞσχύνθησαν
847 934 903 1010 δέ
925 931 1507 1002 ἐξανδραποδισθέντες
1529 941 1624 993 καὶ
1650 940 1917 1005 παθόντες
1936 943 2004 996 τά

428 1051 759 1102 ατιμοτατα.

2121 574 2362 636 νυκτόςο
2423 575 2457 646 ἠ
2513 574 2612 645 μὲν
2687 575 2794 642 γὰρ
2866 573 3298 644 χιλιονταετηρὶς
3376 572 3661 641 παραρρεῖ,

2109 668 2174 718 σὺ
2198 665 2243 719 δ’
2271 665 2529 735 ἀκίνητος
2560 661 2611 718 εί
2652 665 2750 719 καὶ
2790 662 2981 728 ἀίδιος.
3016 664 3090 718 Τὸ
3142 663 3200 717 δέ
3250 663 3384 732 ἥτις
3422 661 3662 729 διῆλθεν

2107 758 2581 830 ἐφερμηνευτικόν
2613 760 2728 812 ἐστι
2758 757 2852 811 τοῦ
2888 759 3037 827 χθές.

2183 871 2202 904 ι
2247 853 2332 905 Τὰ
2363 851 2781 919 ἐξουδενώματα
2824 850 3005 905 αὑτῶν
3035 851 3132 924 ἐτη
3165 853 3406 906 ἔσονται.
3454 868 3473 901 ι
3502 849 3667 900 -Πεο

2112 947 2266 1016 ριττὴ
2306 945 2414 1016 γὰρ
2473 941 2589 999 οἷον
2631 946 2663 1013 ἡ
2721 945 2980 1014 πρόθεσις
3011 942 3133 997 εἶτα
3185 943 3665 1016 σκληρυνθήσεται.

2108 1040 2404 1103 Εὑτελίσας
2445 1041 2560 1102 τοῖς
2645 1038 2957 1108 ἀνθρώποις
3011 1039 3160 1107 χίλια
3215 1035 3332 1106 ἐτη,
3383 1037 3572 1106 φησὶν,
3602 1034 3669 1087 ἐτι

506 1151 523 1180 ι
559 1128 844 1198 Μνήσθητι
875 1126 960 1189 τίς
998 1142 1099 1196 μου
1129 1125 1162 1194 ὴ
1193 1123 1516 1186 ὑπόστασις.
1553 1142 1572 1176 ι
1625 1155 1692 1166 -
1724 1124 2004 1197 Μνήσθητι
2108 1135 2250 1188 αὐτὰ
2279 1133 2648 1200 ἐξουδενώσω.

428 1225 518 1278 διὰ
541 1225 594 1276 τί
623 1223 866 1291 ὑπέστην
905 1220 1127 1282 πάντως
1166 1234 1182 1249 ο
1225 1217 1313 1271 ἵνα
1347 1217 1454 1281 ζῶν
1488 1216 1698 1283 δοξάσω
1723 1220 1791 1274 τὰ
1827 1237 2006 1290 μεγα.

430 1319 550 1372 λεῖά
581 1335 698 1373 σου.

509 1431 527 1463 ι
561 1411 651 1479 Μὴ
685 1407 798 1478 γὰρ
835 1408 1081 1474 ματαίως
1136 1405 1360 1468 ἐκτίσας
1409 1402 1629 1467 ’πάντας
1673 1407 1801 1470 τοὺς
1855 1406 2006 1471 υίοὺς

428 1505 538 1557 τῶν
564 1503 912 1572 ἀνθρώπων;
955 1519 972 1550 ι
1008 1527 1076 1539 -
1107 1498 1225 1551 Ἵνα
1257 1499 1417 1566 δίκην
1463 1499 1746 1569 ἀχρήστου
1779 1501 1876 1553 καὶ
1909 1519 2008 1553 πε-

433 1597 612 1670 ριττοῦ
639 1596 780 1658 τινὸς
810 1595 884 1656 ὡς
919 1595 1074 1664 ἐτυχε
1117 1592 1545 1660 παραπόλοιντο.

516 1706 540 1744 ε
560 1688 656 1751 Τίς
687 1690 837 1741 ἐστιν
866 1686 1156 1756 ἄνθρωπος
1197 1685 1256 1748 ὃς
1285 1685 1508 1754 ζήσεται
1558 1687 1654 1740 καὶ
1677 1686 1777 1740 οὑκ
1817 1684 2007 1756 ὄψεται

2187 1245 2206 1278 ι
2252 1225 2327 1279 Τὸ
2347 1223 2495 1296 πρωῒ
2519 1224 2657 1278 ὡσεὶ
2691 1225 2823 1294 χλόη
2873 1222 3163 1294 παρέλθοι,
3197 1223 3258 1276 τὸ
3320 1221 3473 1291 πρωῒ
3521 1219 3674 1290 ἀνθή-

2111 1337 2222 1385 σαι,
2258 1319 2354 1373 καὶ
2379 1319 2678 1389 παρέλθοιο
2713 1317 2774 1370 τὸ
2808 1316 3052 1386 ἑσπέρας
3085 1314 3378 1377 ἁποπέσοι,
3409 1313 3671 1383 σκληρυν-

2109 1413 2227 1482 θείη
2261 1413 2357 1465 καὶ
2388 1409 2713 1481 ξηρανθείη.
2758 1429 2776 1463 ι
2812 1438 2880 1449 ——
2902 1408 3128 1478 Ταχέως
3152 1407 3343 1477 ὥσπερ
3371 1406 3509 1476 χλόη
3545 1423 3676 1474 παρ-

2112 1504 2258 1560 έλθοι
2316 1506 2387 1558 τὰ
2439 1505 2588 1575 χίλια
2641 1504 2773 1574 ἔτηο
2808 1503 2904 1557 καὶ
2965 1503 3099 1571 χλόη
3166 1501 3275 1554 τῶν
3308 1502 3450 1554 ὅλων
3516 1500 3676 1570 χλοῶν

2112 1597 2408 1669 (χλοωνῶν)
2450 1598 2887 1667 ὠκυμορωτέρα,
2921 1597 3045 1666 ἥτις
3100 1596 3245 1649 κατά
3284 1595 3344 1646 τὸ
3375 1592 3526 1662 πρωῒ
3590 1595 3678 1660 μὲν

2112 1690 2213 1759 τῆς
2247 1688 2464 1759 ἡμέρας
2503 1688 2753 1758 ἀνθήσει,
2786 1687 2882 1742 καὶ
2925 1687 3090 1749 εὑθὺς
3135 1685 3546 1756 παρελεύσεται
3584 1682 3679 1734 ὑπὸ

439 1783 703 1844 θάνατον,
744 1780 970 1852 ῥύσεται
993 1779 1090 1848 τὴν
1114 1777 1292 1849 ψυχὴν
1332 1778 1499 1833 αὑτοῦ
1520 1781 1585 1832 ἐκ
1612 1780 1792 1850 χειρὸς
1817 1778 2000 1850 ᾇδου;»
2044 1848 2075 1852 _
2111 1782 2202 1834 τοῦ
2232 1782 2440 1847 ἀνθεῖν,
2507 1780 2649 1834 κατὰ
2695 1780 2753 1834 δὲ
2803 1780 2863 1834 τὸ
2917 1779 3157 1850 ἑσπέρας
3211 1780 3397 1842 πέσοι,
3443 1776 3678 1829 τουτέστι

430 1904 503 1916 —
564 1848 754 1945 "1}600'
782 1875 939 1943 χεῖρα
1003 1871 1161 1924 καλεῖ
1207 1871 1308 1956 τὴν
1371 1871 1467 1923 τοῦ
1539 1848 1774 1925 θανάτου
1829 1848 2006 1926 κατά·
2041 1848 2080 1902 n
2110 1874 2432 1943 κλιθὴσεται
2491 1875 2573 1938 είς
2603 1876 2708 1944 γῆν
2738 1848 3142 1942 δαπανωμένης
3166 1871 3265 1941 τῆς
3294 1873 3352 1924 ἐν
3407 1868 3561 1938 αὑτῷ
3607 1869 3676 1920 lx-

434 1985 663 2038 σχεσιν.
735 1964 928 2025 Ἐπεὶ,
1017 1964 1222 2032 φησὶν,
1286 1964 1604 2032 ἀναγκαίως

435 2061 733 2127 μέλλομεν,
791 2058 958 2121 ζῶσιν
987 2057 1122 2126 ἡμῖν
1157 2055 1392 2125 μετάδος
1419 2057 1859 2126 φιλανθρωπίας.

510 2170 528 2203 ι
568 2149 678 2203 Ποῦ
713 2149 820 2202 εἰσὶ
850 2149 918 2200 τὰ
963 2148 1084 2218 ἐλέη
1127 2165 1222 2201 σου
1295 2148 1361 2202 τὰ
1414 2150 1638 2220 ἀρχαῖα,
1690 2150 1865 2221 Κύριε
1893 2191 1909 2217 ,
1969 2149 2006 2204 ἃ

1707 1963 2004 2019 ἀποθανεῖν
2037 1992 2044 1996 -

2114 1966 2306 2036 μάδος,
2341 1967 2438 2020 καὶ
2468 1966 2614 2021 οὕτω
2662 1965 2889 2028 τελείως
2927 1964 3356 2036 ξηρανθήσεται.
3396 1963 3482 2016 Τά
3515 1962 3574 2015 δὲ
3603 1963 3680 2013 ea}

2110 2061 2277 2114 κτικά
2306 2061 2404 2114 νῦν
2427 2061 2550 2114 ἀντὶ
2593 2060 2901 2129 μελλόντων
2930 2058 3251 2130 όριστικῶν.

2186 2169 2206 2205 ε
2239 2152 2363 2206 Ὀτι
2416 2152 2746 2220 ἐξελίπομεν
2793 2151 2852 2203 ἐν
2885 2152 2956 2220 τῇ
3006 2149 3147 2219 ὀργῇ
3192 2165 3308 2212 σου,
3357 2148 3458 2200 καὶ
3515 2148 3576 2199 ἐν
3612 2147 3684 2217 τῷ

433 2243 657 2311 ὤμοσας
717 2241 794 2312 τῷ
842 2241 1009 2294 Δαυῒδ
1054 2241 1112 2292 ἐν
1156 2244 1222 2311 τῇ
1286 2240 1517 2311 ἀληθείᾳ
1587 2257 1723 2310 σου,
1767 2260 1786 2294 ι
1835 2274 1905 2285 -
1942 2244 2006 2296 Αἱ
2109 2245 2271 2316 θυμῷ
2307 2262 2403 2299 σου
2439 2242 2846 2315 ἐταράχθημεν.
2881 2260 2901 2294 ι
2943 2272 3015 2282 —
3045 2242 3118 2294 Τὸ
3165 2239 3255 2294 ὅτι
3284 2240 3684 2311 διηγηματικὸν

433 2335 756 2402 ἐπαγγελίαι
791 2351 884 2387 σου
909 2333 965 2386 αί
989 2331 1248 2400 ἔκπαλαι,
1285 2333 1351 2397 ἃς
1405 2333 1658 2388 ἐϐεϐαίου
1708 2333 1786 2405 τῷ
1833 2333 2004 2388 Δαυῖδ
2109 2337 2366 2393 ἐνταῦθα.
2411 2337 2486 2390 Τὸ
2515 2337 2595 2401 δὲ,
2629 2335 2997 2405 ἐξελίπομεν
3037 2335 3162 2388 ἀντὶ
3200 2333 3296 2389 τοῦ
3326 2333 3687 2404 ὠλιγωρήθη-

433 2435 490 2481 ἐν
529 2427 606 2497 τῷ
631 2427 842 2497 ἀληθεῖ.

2114 2447 2234 2500 μεν,
2275 2428 2631 2499 ἀπωλόμεθα,
2655 2429 2715 2481 ἐν
2745 2429 2824 2497 τῷ
2849 2426 3174 2498 ὀργισθῆναί
3214 2443 3274 2479 σε
3327 2427 3464 2496 ἡμῖν
3513 2427 3684 2496 ἀμαρ-

509 2543 527 2576 ι
567 2524 856 2592 Μνήσθητι
885 2521 977 2574 τοῦ
1006 2518 1316 2590 όνειδισμοῦ
1349 2507 1478 2575 ’τῶν
1509 2520 1716 2573 δοὺλων
1777 2535 1870 2574 σου
1924 2514 2006 2588 (οὗ
2108 2523 2382 2586 τάνουσιν,
2406 2520 2499 2574 καί⁹
2523 2517 2648 2573 ἔθου
2666 2518 2838 2584 αὑτὰς
2866 2519 3110 2572 ἐναντίον
3127 2535 3239 2580 σου,
3265 2518 3362 2572 καὶ
3381 2517 3512 2570 ἔθου
3529 2518 3690 2578 αὑτᾶς

433 2618 676 2686 ὑπέσχου
715 2618 772 2668 ἐν
823 2613 901 2685 τῷ
968 2613 1157 2684 κόλπῳ
1215 2612 1343 2680 μου)
1399 2611 1614 2665 πολλῶν
1638 2612 1830 2666 ἐθνῶν.
1867 2631 1884 2664 ι
1938 2641 2010 2653 -

433 2707 554 2762 Τῶν
611 2707 820 2761 δούλων
889 2723 984 2758 σου
1040 2705 1150 2758 τῶν
1229 2702 1500 2769 Ἐὗραῐων
1581 2703 1735 2774 παρά
1797 2703 2009 2756 πολλῶν

433 2801 607 2853 ἐθνῶν
658 2799 812 2869 παρά
863 2815 922 2850 τε
973 2797 1084 2849 τῶν
1156 2795 1685 2865 αίχμαλωτισάντων
1742 2798 1839 2850 καὶ
1901 2795 2010 2849 τῶν

434 2893 757 2964 περιοίκων,
791 2891 978 2944 ὅντινα
1005 2888 1312 2958 ὀνειδισμὸν
1349 2889 1587 2958 ὑπέσχου
1631 2889 1744 2958 ἠως
1775 2889 2008 2944 ἐϐάστα-

437 3003 540 3046 σας
578 2982 741 3054 ἐντῷ
807 2981 992 3052 κόλπῳ
1042 2997 1168 3050 μου,
1227 2982 1514 3034 τουτέστιν
1579 2980 1636 3032 ἐν
1693 2983 1759 3050 τῇ
1810 2981 2010 3052 καρδίᾳ.

436 3094 566 3147 μου.
625 3077 768 3146 Πρὸς
792 3075 894 3146 τὴν
943 3073 1274 3128 ἀκολουθίαν
1324 3073 1381 3126 δὲ
1409 3074 1503 3126 τοῦ
1535 3072 1844 3141 ὀνειδισμοῦ
1873 3074 2011 3144 ἐπήο

435 3187 594 3239 νεγκε
624 3169 683 3221 τὸ
717 3160 802 3233 οὗ,
836 3167 977 3219 κατᾶ
1008 3165 1105 3235 τὴν
1128 3163 1388 3235 Ἀττικὴν
1421 3165 1726 3236 συνήθειαν.

511 3283 529 3315 ι
566 3255 643 3318 Οῦ
665 3261 947 3315 ὠνείδισαν
978 3261 1026 3313 οί
1059 3261 1242 3330 ἐχθροί
1266 3277 1382 3324 σου,
1422 3258 1614 3328 Κύριε,
1641 3251 1704 3311 οὗ
1729 3257 2010 3312 ὠνείδισαν

433 3355 495 3407 τὸ
526 3354 890 3423 ἀντάλλαγμα
918 3352 1011 3405 τοῦ
1046 3351 1287 3422 Χριστοῦ
1312 3368 1430 3407 σου.
1475 3371 1494 3404 ι
1517 3379 1587 3390 ——
1617 3349 1680 3405 '0
1718 3350 2010 3405 διπλασια-

439 3450 574 3518 σμὸς
630 3448 726 3501 τοῦ
781 3442 854 3502 οὗ
885 3445 1210 3499 ὡνείδισαν
1238 3443 1564 3511 ἐκφαντικὸς
1615 3443 1823 3507 πάθους
1873 3444 2010 3500 ἐστί.

435 3543 672 3613 Χριστὸν
698 3540 753 3594 δὲ
784 3539 922 3593 Θεοῦ
953 3541 1089 3608 φησὶ
1119 3538 1212 3589 τὸν
1275 3536 1501 3606 βασιλέα
1555 3534 1722 3589 Δαυῒδ
1745 3553 1758 3569 ο
1816 3536 2013 3590 ἀντάλο

435 3635 620 3703 λαγμα
653 3633 709 3686 δὲ
741 3631 836 3685 τοῦ
864 3629 1029 3684 Δαυῒδ
1056 3631 1147 3684 τὸν
1193 3630 1474 3699 Ἰεχονίαν,
1509 3630 1541 3702 ἢ
1595 3631 1690 3684 τὸν
1730 3631 2008 3698 Σεδεκίαν,

414 3728 512 3790 ιὼς
548 3727 664 3780 ἀντ’
707 3725 918 3778 ἐκείνου
984 3721 1416 3793 βασιλεύσαντα,
1453 3719 1535 3786 οἷς
1573 3725 1669 3776 καὶ
1737 3721 2013 3785 ὠνείδιζον

434 3821 536 3890 τὴν
566 3818 963 3888 αίχμαλωσίαν.

513 3933 531 3964 ι
567 3911 877 3980 Εὐλογητὸς
911 3909 1121 3980 Κύριος
1148 3909 1228 3972 είς
1256 3907 1350 3961 τὸν
1373 3906 1546 3961 αίῶνα
1567 3918 1583 3936 ⁸
1616 3905 1852 3974 γένοιτο.
1890 3923 1908 3957 ι
1947 3935 2014 3948 -

440 4006 794 4077 Εὑφημητὸς,
828 4005 1017 4074 φησιν,
1064 4002 1092 4054 δ
1118 4000 1250 4064 Θεὸς
1288 4001 1376 4054 ἀεὶ
1422 4001 1644 4054 πάντων
1678 3999 1841 4053 ἕνεκα
1865 4015 1880 4032 ο
1917 4000 2012 4068 γέ-

437 4114 606 4160 νοιτο,
635 4095 852 4163 γένοιτο
884 4094 1052 4145 πᾶσιν
1081 4090 1426 4161 εὑφημητός.

967 4181 1263 4237 ΨΑΛΜΟΣ
1301 4180 1428 4233 ΠΘ’.

513 4300 532 4334 ι
581 4278 867 4350 Προσευχὴ
909 4278 1116 4346 Μωῦσῇ
1145 4276 1419 4345 ἀνθρώπῳ
1445 4271 1540 4326 τοῦ
1585 4271 1746 4328 Θεοῦ.
1814 4273 2009 4343 Κύριε,

436 4371 732 4441 καταφυγὴ
755 4369 1026 4440 ἐγενήθης
1057 4369 1192 4437 ἡμῖν
1227 4368 1284 4418 ἐν
1310 4366 1475 4435 γενεᾷ
1510 4365 1606 4417 καὶ
1641 4366 1826 4435 γενεᾷ,
1869 4385 1886 4417 ι
1943 4396 2014 4406 .-

439 4467 553 4534 Πρὸ
610 4465 703 4518 τοῦ
762 4467 831 4516 τά
870 4462 970 4532 δρη
1029 4459 1366 4530 γεννηθῆναι
1417 4457 1515 4511 καὶ
1567 4458 1858 4527 κτισθῆναι
1915 4459 2013 4528 τὴν

2111 2617 2330 2687 γυμνὰς
2362 2613 2599 2668 ἐνώπιόν
2629 2631 2748 2678 σου,
2786 2613 2884 2667 καὶ
2925 2611 3194 2684 ὁρώμενοι
3228 2611 3611 2683 παροξύνουσί
3637 2630 3687 2664 σε

2113 2707 2238 2762 καθ’
2258 2706 2439 2778 ἡμῶν.

2189 2819 2208 2854 ι
2246 2802 2313 2854 '0
2356 2801 2490 2854 αίὼν
2528 2800 2690 2872 ἡμῶν
2743 2801 2824 2866 είς
2891 2799 3176 2870 φωτισμὸν
3233 2799 3326 2852 τοῦ
3396 2800 3690 2869 προσώπου

2114 2910 2231 2946 σου.
2273 2911 2290 2943 ι
2323 2921 2394 2932 -
2441 2891 2581 2962 Ὀλη
2613 2895 2645 2963 ὴ
2680 2892 2795 2963 ζωὴ
2839 2891 3001 2962 ἡμῶν
3062 2892 3177 2962 ἠως
3207 2890 3267 2943 αἱ
3327 2891 3456 2943 κατ’
3521 2891 3684 2959 αὑτὴν

2113 2984 2374 3054 πράξεις,
2412 2983 2661 3036 τουτέστι
2694 2983 2760 3036 τὰ
2789 2983 3171 3052 ἁμαρτήματα
3199 2984 3280 3045 είς
3324 2980 3389 3034 τὸ
3453 2983 3693 3050 ἐμφανὲς

2113 3079 2210 3145 τῆς
2294 3076 2393 3146 σῆς
2454 3075 2766 3144 ἐπισκοπῆς
2835 3077 3048 3139 κεῖται,
3127 3076 3239 3145 tu);
3300 3073 3696 3145 πεφανέρωται

2035 3195 2079 3252 c
2118 3185 2219 3221 σοι.

2192 3279 2209 3311 ι
2237 3259 2368 3314 Ὀτι
2395 3262 2571 3315 παῖσαι
2605 3265 2661 3314 αῑ
2705 3259 2910 3332 ἡμέραι
2980 3258 3141 3328 ἡμῶν
3190 3256 3449 3323 ἐξέλιπον
3473 3273 3491 3290 ’
3525 3259 3624 3311 καὶ
3648 3260 3698 3310 ἐν

2113 3356 2177 3426 τῇ
2209 3355 2346 3426 ὀργῇ
2409 3373 2506 3410 σου
2569 3354 2918 3422 ἐξελίπομεν.
2962 3371 2980 3404 ι
3047 3381 3116 3394 -
3173 3353 3555 3422 Τεθνήκαμεν
3606 3354 3700 3424 ᾔδη

2113 3449 2237 3510 ταῖς
2262 3450 2600 3518 συμφοραῖς,
2630 3449 2755 3508 ταῖς
2779 3445 3030 3514 θλίψεσιν
3060 3444 3492 3512 ἀπεπνίγημεν.

2193 3558 2212 3591 ι
2251 3541 2333 3596 Τά
2365 3540 2461 3611 ἔτη
2491 3539 2672 3610 ἡμῶν.
2713 3557 2734 3591 ι
2765 3568 2834 3579 -
2872 3537 2952 3590 Τὰ
2973 3537 3069 3606 ἐτη
3111 3537 3270 3610 ἡμῶν
3305 3537 3424 3590 τῶν
3494 3538 3704 3609 ἀνθρὼο

2115 3651 2235 3688 πων
2266 3633 2596 3705 ἐλογιζόμην
2629 3631 2741 3701 ἐγὼ
2771 3631 2961 3701 ὥσπερ
2990 3631 3037 3684 εί
3074 3626 3142 3702 ἦν
3173 3631 3414 3700 ἀράχνη.

2193 3743 2212 3777 ι
2265 3726 2413 3779 Ὠσεὶ
2440 3727 2654 3797 ἀράχνη
2687 3725 2985 3795 ἐμελέτων.
3031 3743 3049 3776 ι
3084 3752 3154 3766 -—
3196 3724 3354 3778 Ἀντὶ
3376 3724 3480 3778 τοῦ
3517 3728 3706 3796 ἐμελε-

2115 3819 2289 3872 τῶντο
2339 3820 2454 3889 ἠως
2489 3817 2801 3888 μελετῶντά
2833 3819 2977 3880 ἐστι,
3008 3817 3256 3870 τουτέστι
3285 3817 3619 3886 λογίζονται
3643 3821 3708 3883 ὥς

2114 3913 2144 3964 ό
2169 3909 2268 3979 τῆς
2298 3911 2545 3982 ἀράχνης
2578 3909 2747 3978 ἱστὸς,
2778 3909 2868 3964 διὰ
2898 3908 2957 3962 τὸ
2987 3907 3222 3978 πολυμο.
3247 3948 3261 3962 .
3292 3949 3307 3963 .
3342 3914 3443 3966 καὶ
3481 3914 3706 3984 ἀπαρα-

2118 4004 2368 4074 μόνιμον.

2196 4114 2215 4149 ι
2246 4098 2359 4150 Καὶ
2391 4096 2448 4150 αί
2481 4098 2689 4166 ἡμέραι
2714 4093 2824 4148 τῶν
2843 4087 2994 4149 ἐτῶν
3037 4096 3196 4164 ἡμῶν
3225 4097 3283 4148 ἐν
3325 4096 3535 4160 αὑτοῖς
3562 4099 3705 4151 ἐϐδο-

2120 4191 2371 4261 μήκοντα
2397 4191 2516 4259 ἔτη.
2561 4208 2579 4240 ι
2631 4218 2696 4229 -
2728 4188 2820 4242 Ἐν
2851 4188 3037 4250 αὑτοῖς
3068 4187 3266 4251 ὄντων,
3319 4189 3448 4256 ἧως
3479 4191 3578 4242 ὅτε
3629 4191 3713 4241 αὖ·

2114 4286 2225 4339 τῶν
2258 4286 2321 4339 ἐκ
2359 4285 2456 4349 μὲν
2487 4284 2595 4338 τῶν
2641 4284 2858 4336 οἰκείων
2921 4281 3100 4354 μελῶν
3169 4279 3712 4348 κατεξουσιάξοντες

2118 4379 2211 4430 καὶ
2247 4379 2313 4429 ἐκ
2349 4375 2633 4443 δυνάμεως
2667 4373 2998 4445 κινούμενοι.

2198 4486 2216 4518 ι
2264 4466 2392 4519 Ἐάν
2421 4464 2478 4518 δὲ
2513 4465 2572 4517 ἐν
2614 4463 2962 4528 δυναστείαις
3017 4465 3354 4536 ὀγδοήκοντα
3405 4465 3546 4536 ἐτη.
3593 4484 3614 4518 ι
3655 4494 3716 4506 -

434 4562 541 4630 γῆν
572 4558 668 4611 καὶ
696 4556 795 4625 τὴν
833 4554 1170 4624 οἰκουμένην
1203 4551 1300 4605 καὶ
1352 4551 1460 4604 ἀπὸ
1490 4550 1586 4602 τοῧ
1615 4551 1704 4604 ἀεὶ
1759 4558 1852 4604 καὶ
1903 4551 2010 4615 ἕως
2047 4577 2084 4629 ο
2118 4557 2271 4615 Εἶναι
2353 4559 2592 4628 μέλομεν
2652 4559 2770 4628 ἦτοι
2830 4557 3411 4613 καταδυναστεὺεσθαι
3473 4560 3593 4613 ὑπὸ
3631 4555 3713 4612 τοῦ

436 4653 531 4706 τοῦ
563 4652 648 4703 ἀεὶ
674 4649 736 4703 σὺ
771 4644 823 4701 εἴ
851 4647 1034 4716 μόνος.
1097 4646 1197 4699 Διὰ
1245 4643 1345 4710 τῆς
1371 4644 1723 4711 ταυτολογίας
1756 4643 1813 4697 δέ
1840 4644 2008 4712 μέγε-

436 4746 530 4806 θος
560 4743 638 4812 τῷ
665 4743 810 4811 λόγῳ
843 4738 1198 4808 περιέθηκεν.

509 4856 530 4887 ‹
571 4837 662 4905 Μὴ
705 4833 1056 4904 ἀποστρέφης
1077 4831 1368 4900 ἄνθρωπον
1391 4831 1472 4890 είς
1503 4829 1860 4883 ταπείνωσιν.
1901 4846 1919 4880 ι
1945 4858 2016 4868 -

435 4932 786 4984 Ταπείνωσιν
809 4926 1046 4981 ἐνταῦθά
1077 4941 1214 4995 φησι
1247 4924 1306 4977 τὸ
1331 4924 1676 4992 ὑποταγῆναι
1700 4922 1776 4994 τῷ
1809 4923 2010 4992 ἐχθρῷ,

437 5024 529 5092 Μὴ
563 5021 1000 5094 παραχωρήσῃς,
1031 5017 1231 5085 λέγων,
1253 5018 1682 5087 ἀποστραφῆναι
1706 5017 1786 5078 είς
1806 5017 2014 5085 ταύτην

435 5117 726 5186 ἄνθρωπον
755 5111 1009 5182 φυγόντα
1045 5111 1126 5173 είς
1149 5110 1232 5163 σέ.

512 5227 531 5258 ι
564 5207 669 5258 Καὶ
696 5200 881 5269 εἶπας,
915 5202 1349 5272 Ἐπιστρέψατε,
1371 5201 1483 5255 υίοὶ
1504 5201 1614 5254 τῶν
1644 5199 2007 5270 ἀνθρώπων.»

437 5299 639 5352 -Καὶ
665 5299 774 5366 γὰρ
814 5295 880 5350 σὺ
930 5293 1142 5365 ὥρισας
1211 5293 1568 5362 ἐπιστρέφειν
1623 5293 1751 5357 τοὺς
1799 5292 2012 5363 ἀνθρὼ-

326 5407 328 5409 ·
435 5408 572 5450 που;
601 5407 616 5421 ·
641 5389 791 5453 δέξαι
820 5388 913 5442 οῦν
945 5389 1095 5458 ἡμᾶς
1127 5387 1585 5457 ἐπιστρέφοντας.

513 5501 530 5533 ι
571 5479 698 5535 Ὅτι
729 5482 881 5551 χίλια
916 5479 1012 5550 ἔτη
1045 5481 1104 5532 ἐν
1130 5479 1438 5549 ὀφθαλμοῖς
1471 5496 1581 5533 σου.
1605 5479 1682 5542 ὼς
1710 5477 1949 5549 ήὴμέρα
1980 5481 2012 5547 ἡ

435 5576 585 5647 χθὲς,
635 5575 759 5646 ἣτις
808 5574 1017 5642 διῆλθε,
1049 5575 1145 5626 καὶ
1181 5572 1400 5642 φυλακὴ
1431 5573 1490 5624 ἐν
1530 5574 1708 5628 νυκτί.
1750 5593 1769 5626 ι
1803 5602 1875 5614 --
1906 5575 2017 5627 Καὶ

435 5666 596 5719 τοῦτο
653 5667 792 5736 πρὸς
845 5664 1006 5717 ἁπόδ.
1033 5704 1047 5718 .
1073 5703 1086 5718 .
1123 5701 1139 5718 .
1174 5703 1188 5716 .
1216 5664 1314 5733 τῆς
1371 5664 1679 5735 άῖδιότητος
1729 5664 1823 5718 τοῦ
1877 5664 2015 5719 Θεοῦ

435 5757 736 5827 παρέλαϐε,
768 5757 860 5811 καί
885 5772 1053 5828 φησιν
1074 5773 1087 5787 ·
1126 5758 1335 5820 Ὄντως
1369 5758 1438 5811 τά
1479 5759 1814 5827 ἐλευσόμενα
1867 5759 2014 5829 χίλια

438 5852 874 5921 ξυλλογίζονται
926 5850 1163 5904 ἐνώπιόν
1225 5868 1319 5904 σου
1369 5851 1444 5914 ὡς
1503 5852 1601 5920 μία
1651 5852 1852 5922 ἡμέρα,
1914 5855 2009 5906 καὶ

2114 4652 2320 4722 γήρους
2349 4651 2444 4702 καὶ
2475 4650 2533 4701 ἐν
2563 4647 2654 4722 βίᾳ
2681 4648 2804 4719 ζῇν.

2197 4760 2216 4793 ι
2256 4743 2364 4794 Καὶ
2398 4740 2458 4794 τὸ
2493 4739 2677 4793 πλεῖον
2709 4739 2890 4793 αὑτῶν
2914 4739 3083 4802 κόπος
3109 4737 3201 4793 καὶ
3231 4739 3432 4801 πόνος.
3475 4759 3584 4790 ι·-
3618 4741 3715 4792 Καέ

2113 4835 2174 4887 τὸ
2237 4835 2427 4887 πλεῖον
2477 4832 2587 4886 τῶν
2665 4832 3146 4903 ἀπηριθμημένων
3221 4833 3398 4896 ἐτῶν,

2118 4929 2265 4996 λέγω
2301 4927 2367 4981 τὸ
2399 4929 2531 4993 πᾶν,
2581 4927 2637 4978 ἐν
2689 4924 3042 4996 ταλαιπωρίᾳ
3089 4927 3182 4978 καὶ
3234 4925 3404 4997 ὀδύνῃ
3460 4925 3720 4979 6:36:65:-

2115 5019 2306 5088 ξομεν.

2198 5131 2216 5162 ι
2257 5111 2386 5166 Ὀτι
2416 5111 2622 5182 ἐπῆλθε
2649 5109 2900 5180 πραότης
2933 5108 3019 5178 ἐφ’
3055 5111 3225 5179 ἡμᾶς,
3251 5113 3348 5164 καὶ
3402 5112 3718 5174 παιδευθῇ

2120 5204 2350 5274 σόμεθα.
2392 5223 2410 5256 ι
2446 5225 2518 5245 -—'-
2555 5203 2638 5257 Τά
2693 5203 2837 5256 κατὰ
2892 5203 2985 5256 τὸν
3046 5203 3161 5272 βίον
3235 5203 3482 5272 ἀλγεινᾶ
3553 5207 3723 5257 πάντι

2118 5297 2414 5369 πραότητά
2463 5313 2626 5368 φησι,
2673 5296 2927 5349 τουτέστι
2971 5295 3359 5366 φιλάνθρωπον
3431 5297 3720 5367 τιμωρίαι

2129 5393 2225 5444 καὶ
2259 5389 2544 5442 παίδευσιν
2582 5388 2818 5458 ἥμερον.

2198 5503 2215 5535 ι
2248 5483 2348 5546 Τίς
2387 5480 2653 5548 γινώσκει
2701 5479 2762 5532 τὸ
2798 5482 2997 5550 κράτος
3031 5478 3129 5548 τῆς
3161 5479 3334 5548 ὀργῆς
3397 5496 3510 5531 σου
3549 5499 3565 5545 ;
3613 5501 3632 5531 ι
3671 5506 3724 5520 --

3484 4835 3588 4887 ἵνα
3658 4835 3719 4900 μὴ

2133 5578 2262 5630 Ἐάν
2302 5576 2334 5645 ἠ
2364 5574 2539 5643 μικρὰ
2571 5571 2792 5626 παιδεία
2824 5590 2920 5626 σου
2963 5571 3232 5641 τοσαύτην
3255 5573 3389 5641 ἡμῖν
3448 5573 3716 5643 αἰσθησι.

2122 5669 2367 5736 ἐμποιεῖ,
2403 5667 2484 5728 τίς
2519 5667 2628 5735 ἄρα
2661 5661 2925 5732 γινώσκει
2957 5664 3056 5733 τὴν
3091 5663 3243 5732 ἰσχὺν
3263 5662 3365 5731 τῆς
3389 5662 3599 5733 ὀργῆς
3624 5681 3721 5714 σοι.

2126 5761 2268 5831 πόση
2309 5758 2427 5811 ἐστὶ
2477 5759 2591 5820 τοῖς
2647 5757 2722 5827 μὴ
2775 5756 3221 5828 ἐπιστρέψασινς
3276 5753 3638 5810 Αίνίττεται

2130 5851 2224 5905 καὶ
2253 5847 2481 5904 αίωνίαν
2507 5846 2761 5916 κόλασιν.
