3806 6356
140 368 257 433 1541

1288 359 1694 422 EXPOSITIO
1733 359 1815 420 IN
1856 363 1986 421 PSA
1999 362 2217 426 LMOS.

201 501 219 534 ι
250 481 357 533 Καὶ
387 479 492 532 ἀπὸ
517 476 612 532 τοῦ
639 480 807 546 φόϐου
843 494 934 532 σου
977 477 1070 530 τὸν
1101 476 1277 546 θυμόν
1335 494 1428 530 σου
1479 477 1694 546 ἐξαριθ-
1727 478 1767 533 Α
1798 476 2180 548 Ἀπαγομένὸυ
2247 479 2356 534 εἴτε
2413 481 2472 548 ἐξ
2544 481 2854 555 ἀνθρώπων

3242 375 3379 438 1542

2936 488 3046 541 εἴτε
3087 488 3155 544 ἐκ
3185 489 3378 562 δαιμό·

138 573 451 642 μήσάσθαι;
487 593 504 625 ι
535 603 602 614 -
632 574 742 627 Καὶ
777 573 942 626 πάλιν
975 572 1060 634 τίς
1097 569 1363 640 γινώσκει
1419 572 1698 641 μετρῆσαι
1803 587 1932 623 νων.

135 668 222 718 τὸν
251 665 421 736 θυμόν
455 682 576 732 σου,
607 667 860 718 τουτέστι
893 664 1194 732 διαγνῶναι
1255 658 1366 728 οἷός
1404 665 1553 716 ἐστιν
1581 680 1595 727 ;
1664 663 1696 733 ἢ

137 759 346 820 πάντως
377 756 577 823 οὐδεὶς,
610 757 700 812 διὰ
723 756 782 809 τὸ
813 752 955 810 εἷναί
993 772 1053 808 σε
1084 754 1318 826 φοϐερὸν
1350 754 1513 825 ἄγαν,
1570 755 1700 819 ἐξα-

139 850 508 920 ριθμήσασθαι
536 849 632 918 τὴν
661 848 845 914 δεξιάν
880 864 975 900 σου
1011 845 1186 911 οὕτως
1212 863 1226 877 ο
1286 848 1398 917 ἠως
1440 847 1498 900 ἐν
1527 848 1698 917 πραό-

133 957 248 1011 τητι
279 941 550 994 παιδεύων
599 956 673 1010 με
710 938 934 1010 δηλαδὴ,
962 939 1051 1002 δός
1101 956 1192 1008 μοι
1223 941 1424 1007 γνῶναι
1478 938 1575 1010 τὴν
1619 939 1701 992 δε-

141 1033 251 1098 ξιάν
292 1050 389 1086 σου
413 1035 477 1086 ἐκ
513 1033 611 1086 τοῦ
647 1034 842 1102 στῆναί
881 1050 949 1103 με
982 1035 1041 1087 ἐν
1069 1032 1234 1104 αὐτῇ,
1274 1034 1370 1086 καὶ
1415 1033 1544 1096 τοὺς
1607 1052 1701 1087 πε·

1875 681 1894 716 ι
1937 664 2070 718 Ἀπὸ
2102 664 2293 735 βέλους
2318 668 2619 738 πετομένου
2655 668 2890 739 ἡμέρας.
2932 691 2950 726 ι
2997 705 3066 716 -
3132 677 3264 730 Ἀπὸ
3286 678 3376 746 βέ-

1799 753 1926 818 λους
1949 756 2250 826 ἀφιεμένου
2285 760 2341 812 ἐν
2365 759 2574 832 ήμέρᾳ,
2629 763 2743 816 εἴτε
2776 765 3079 834 αἰσθητῶς,
3115 765 3227 819 εἴτε
3257 784 3376 837 νοη-

1799 864 1929 910 τως.

1879 953 1896 988 ι
1946 937 2080 990 Ἀπὸ
2102 938 2433 1010 πράγματος
2489 940 2548 995 ἐν
2593 945 2776 998 σκότει
2827 945 3315 1019 διαπορευομένου.
3353 971 3372 1003 ι

1801 1058 1872 1070 -ο
1899 1029 1997 1082 Διά
2027 1029 2121 1083 τοῦ
2163 1032 2488 1102 πράγματος
2543 1033 2783 1102 ἐδήλωσε
2836 1039 2933 1092 καὶ
2972 1039 3100 1103 τοὺς
3139 1039 3380 1112 κακούρ-

137 1127 473 1198 πεδημένους
505 1129 605 1197 τὴν
661 1127 841 1197 ψυχὴν
875 1128 934 1180 ἐν
995 1126 1074 1197 τῷ
1132 1125 1285 1196 φόϐῳ
1347 1142 1443 1179 σου
1493 1128 1557 1179 ἐκ
1607 1125 1702 1180 τοῦ
1807 1139 1939 1190 γους
1970 1122 2320 1193 ἀνθρώπους,
2343 1124 2580 1189 καὶτοὺς
2607 1125 2896 1200 δαίμονας,
2925 1133 3020 1183 καὶ
3044 1132 3280 1205 τὰπάθη
3311 1135 3380 1187 τὰ

138 1222 458 1287 συνταγῆναι
481 1220 684 1281 αὐτοῖς.

213 1332 229 1364 ι
261 1312 648 1382 Ἐπίστρεψον,
699 1311 870 1382 Κύριε
893 1327 907 1342 ⁸
937 1311 1043 1374 ἓως
1076 1311 1206 1362 πότε
1235 1327 1250 1376 ;
1294 1310 1386 1364 καὶ
1413 1309 1706 1382 παρακλή-

139 1405 255 1474 θητι
283 1405 376 1456 ἐπὶ
422 1407 534 1466 τοῖς
556 1403 767 1466 δούλοις
801 1420 896 1456 σου
928 1441 944 1456 .
986 1423 1004 1456 ι
1039 1433 1110 1444 --
1140 1402 1396 1474 Δηλονότι
1435 1402 1538 1456 οὐκ
1587 1404 1709 1456 ἐπι-

140 1496 408 1566 στρέφεις’
440 1496 852 1566 παρακλήθητι,
892 1495 952 1549 δυ
966 1495 1277 1566 σωπήθητι.

213 1608 232 1642 ι
278 1590 730 1660 Ἐνεπλήσθημεν
755 1590 814 1641 τὸ
843 1587 988 1658 πρωῒ
1029 1589 1124 1641 τοῦ
1185 1588 1368 1650 ἐλέους
1407 1603 1528 1652 σου,
1593 1586 1710 1641 Κύ-

142 1703 242 1757 ριε.
273 1705 291 1737 ι
327 1714 394 1725 -
438 1685 585 1738 Ἀντὶ
607 1685 703 1736 τοῦ
739 1682 1219 1754 ἐμπλησθείημεν,
1285 1683 1382 1738 καὶ
1413 1683 1482 1737 τὰ
1538 1680 1706 1736 λοιπὰ

138 1778 332 1848 ὁμοίιος
360 1777 481 1829 ἀντὶ
512 1775 796 1828 εύκτικῶν.

189 1887 230 1933 Δι
275 1869 383 1921 Kal
411 1867 487 1922 ῐδε
523 1867 617 1920 ἐπὶ
649 1866 776 1940 τοὺς
813 1867 1032 1930 δούλους
1063 1883 1159 1919 σου
1192 1869 1286 1920 καὶ
1325 1865 1420 1918 ἐπὶ
1447 1865 1515 1918 τὸ.
1567 1863 1707 1936 ἔργα

141 1980 254 2016 σου.
286 1981 303 2013 ι
339 1991 412 2004 --
447 1959 782 2030 Ἐπίσκεψον
806 1960 980 2032 ἡμᾷς,
1014 1959 1108 2012 καὶ.
1164 1959 1293 2020 τοὺς
1333 1957 1483 2020 υἱοὺς
1527 1957 1706 2026 ἡμῶν.

140 2056 248 2108 εἴτε
310 2058 636 2126 σαρκικοὺς,
693 2055 805 2109 είτε
833 2051 1264 2123 πνευματικοὺς,
1329 2051 1600 2121 ὀδήγησον
1652 2051 1711 2104 ἐν

139 2149 256 2211 ταῖς
283 2148 523 2210 ἐντολαῖς
551 2165 664 2202 σου.

218 2258 236 2290 ι
291 2240 401 2292 Kal
454 2240 600 2292 ἐστω
654 2241 690 2308 ἡ
742 2239 1064 2311 λαμπρότης
1131 2239 1343 2312 Κυρίου
1397 2239 1494 2294 τοῦ
1568 2239 1708 2294 Θεοῦ

139 2334 299 2404 ήμῶν
341 2335 425 2402 ἐφ’
469 2335 634 2403 ἡμᾶς.
679 2353 699 2385 ι
730 2358 806 2376 -ι
842 2336 1183 2406 Λαμπρότης
1215 2335 1351 2390 Θεοῦ
1395 2336 1430 2406 ἡ
1479 2337 1542 2389 ἐκ
1577 2333 1712 2388 Θεοῦ

142 2427 326 2496 χάρις,
363 2428 395 2494 ἡ
421 2427 826 2498 λαμπρύνουσα
855 2428 946 2482 τὸν
1001 2427 1127 2482 νοῦν
1162 2431 1257 2481 καὶ
1309 2428 1378 2482 τὰ
1424 2428 1564 2499 ἔργα
1607 2429 1716 2482 τῶν

139 2520 340 2590 χειρῶν
374 2521 559 2589 ἡμῶν.
610 2521 789 2592 Ἔργα
819 2521 1023 2591 χειρῶν
1058 2519 1114 2573 αί
1163 2519 1416 2592 πράξεις.
1447 2520 1601 2590 Καλὴ
1661 2520 1717 2574 δὲ

139 2613 234 2665 τοῦ
264 2611 542 2683 ἐφ’ήμᾶς
597 2615 631 2684 ἡ
673 2613 1002 2684 προσθήκη·
1035 2616 1132 2667 καὶ
1187 2614 1294 2683 γὰρ
1331 2612 1608 2682 ἡμέτερον
1656 2613 1716 2666 τὸ

143 2708 334 2777 κέρδος
360 2708 457 2776 τῆς
481 2709 708 2779 ἀρετῆς.
747 2709 932 2778 Ἔργα
959 2707 1016 2760 δέ
1057 2706 1316 2778 χειρῶνίή
1351 2708 1416 2759 ἐκ
1459 2706 1716 2776 πράξεων

142 2799 623 2868 ἐπισυμὸαίνουσα
661 2801 887 2868 γνῶσις.
932 2799 1255 2868 Παρακαλεί
1279 2797 1412 2866 γοῦν
1437 2800 1465 2851 ὁ
1488 2800 1714 2866 Προφή-

141 2910 244 2959 της
281 2893 417 2962 μήτε
451 2892 592 2946 κατὰ
612 2893 812 2961 πρᾶξιν
845 2893 982 2963 μήτε
1010 2893 1157 2946 κατὰ
1181 2893 1386 2960 γνῶσιν
1417 2891 1719 2963 παρεγκλί-

141 3003 257 3038 νειν
293 2987 388 3056 τῆς
420 2986 740 3057 εὐθύτητος,
775 2986 902 3056 ήτοι
925 2983 1020 3039 τοῦ
1063 2984 1398 3056 πρέποντος.

747 3122 1043 3178 ΨΑΛΜΟΣ
1065 3121 1136 3191 ιε.

223 3281 242 3313 ι
273 3259 427 3324 Αἶνος
458 3262 602 3332 ᾠδῆς
622 3261 698 3331 τῷ
733 3261 926 3315 Δαδῖδ.
957 3289 1026 3304 --
1075 3255 1250 3321 Οὗτος
1304 3262 1331 3312 ὁ
1368 3259 1584 3330 ψαλμὸς
1632 3261 1711 3314 δι-

141 3356 335 3411 δάσκει
362 3355 462 3423 τῆς
515 3357 593 3417 είς
616 3354 751 3407 Θεὸν
782 3351 996 3416 ἐλπίδος
1031 3354 1090 3405 τὸ
1109 3354 1346 3421 ἄμαχον.

234 3467 253 3501 ι
277 3451 337 3502 '0
364 3448 638 3502 κατοικῶν
669 3447 727 3499 ἐν
757 3446 984 3518 βοηθείᾳ
1009 3444 1100 3498 τοῦ
1146 3445 1406 3513 Ὑψίστου
1437 3447 1494 3498 ἐν
1546 3446 1722 3517 σκέπη

143 3542 246 3596 τοῦ
279 3542 414 3596 Θεοῦ
447 3541 543 3595 τοῦ
577 3539 814 3611 ούρανοῦ
847 3539 1296 3607 αύλισθήσεται.»
1334 3567 1404 3579 -ο
1431 3538 1490 3591 '0
1530 3540 1724 3606 ἐπίμο-

149 3653 245 3689 νον
275 3635 413 3706 ἐχων
439 3634 528 3688 τὸν
557 3635 682 3688 νοῦν
712 3637 780 3704 τῇ
814 3631 1038 3704 βοηθείᾳ
1062 3636 1131 3703 τῇ
1160 3634 1222 3685 ἐκ
1249 3631 1409 3697 Θεοῦ,
1435 3632 1524 3684 διὰ
1551 3632 1613 3684 τὸ
1645 3633 1724 3694 είς

148 3730 317 3798 μόνον
353 3727 444 3780 τὸν
477 3726 608 3780 Θεὸν
645 3725 918 3789 ἐλπίζειν,
981 3725 1071 3778 ἀεὶ
1119 3723 1175 3776 δὲ
1217 3722 1376 3788 οὗτος
1421 3726 1492 3794 τῇ
1547 3722 1720 3794 σκέπῃ

146 3817 247 3873 τοῦ
273 3817 530 3888 οὐρανίου
590 3815 728 3870 Θεοῦ
815 3817 1014 3884 διάξει,
1079 3817 1361 3870 τουτέστιν
1429 3819 1534 3875 ὑπὸ
1590 3819 1724 3872 Θεοῦ

147 3911 564 3982 φυλαχθήσεται
596 3911 851 3966 πάντοτε.

227 4023 247 4054 ι
330 4001 580 4073 Ἑρείτῷ
619 4002 838 4072 Κυρίῳ,
875 4000 1251 4072 Ἀντιλήπτωρ
1276 4019 1378 4070 μου
1404 3996 1474 4066 εἷ,
1514 4001 1606 4054 καὶ
1631 4017 1730 4052 κα-

144 4095 374 4166 ταφυγή
409 4111 534 4166 μου.
575 4111 595 4146 ι
629 4121 701 4134 -
738 4093 887 4164 Ἐρεῖ
919 4093 995 4163 τῷ
1018 4093 1138 4162 Θεῷ
1173 4092 1312 4162 μετὰ
1334 4091 1569 4167 θάρρους
1633 4093 1729 4145 καὶ

149 4185 492 4256 παρρησίας.

238 4297 260 4332 ι
306 4279 369 4332 '0
393 4277 524 4341 Θεός
559 4293 680 4346 μου,
715 4276 890 4330 ἐλπ.ῶ
916 4276 999 4329 ἐπ’
1038 4275 1220 4330 αὐτόν.
1257 4294 1274 4326 ι
1306 4305 1375 4315 ——
1407 4275 1555 4347 Ἐρεῖ
1569 4275 1730 4330 πάλιν

148 4371 390 4425 ἐνώπιον
422 4371 638 4424 πάντων
674 4384 690 4400 °
727 4369 856 4429 Θεὸς
886 4386 987 4438 μου
1016 4367 1170 4430 οῦτός
1203 4371 1376 4420 ἐστιν.

233 4483 252 4514 ι
293 4465 415 4518 Ὀτι
447 4462 610 4525 αὐτὸς
640 4460 868 4532 ῥύσεταί
905 4477 965 4512 σε
999 4464 1062 4513 ἐκ
1094 4460 1320 4526 παγίδος
1351 4460 1660 4529 Θηρευτῶν.
1706 4480 1724 4513 ι

142 4585 224 4596 --
278 4553 337 4609 Ὀ
367 4554 524 4623 λόγος
555 4553 805 4623 ἐστράφη
838 4551 1098 4622 πρὸς-τὸν
1134 4551 1423 4615 ἐλπίζοντα
1456 4553 1538 4613 είς
1569 4553 1730 4622 μόνον

142 4649 249 4700 τὸν
278 4647 432 4700 Θεόν.
474 4647 763 4717 Θηρευτὰς
804 4644 860 4696 δέ
902 4645 1051 4713 λέγει
1107 4643 1237 4709 τοὺς
1281 4645 1576 4717 αίσθητοῦς
1610 4648 1732 4700 ἐπι-

148 4740 388 4804 ϐούλους
428 4741 525 4794 καὶ
563 4738 815 4810 νοητούς.

239 4853 261 4884 ι
299 4833 407 4886 Καὶ
442 4834 549 4887 ἀπὸ
577 4833 736 4900 λόγου
778 4832 1152 4903 ταραχώδους.
1182 4851 1201 4885 ι
1237 4861 1308 4872 -
1336 4832 1507 4900 Λόγον
1555 4847 1734 4902 ταρα-

145 4923 308 4994 χώδη
335 4925 425 4976 τὸν
464 4923 562 4992 τῆς
585 4923 945 4990 συκοφαντίας
983 4925 1118 4993 φησι
1143 4926 1240 4977 καὶ
1265 4923 1521 4993 διαϐολῆς
1543 4936 1558 4953 °
1596 4921 1732 4974 πολὺ

142 5017 272 5087 γὰρ
301 5010 456 5080 οὗτος
477 5012 582 5068 οἵδε
612 5017 910 5086 ταράσσειν
945 5027 1046 5087 τήν
1066 5016 1271 5086 ψυχήν.

238 5127 258 5160 ι
312 5110 402 5163 Ἐν
429 5111 538 5171 τοῖς
565 5109 923 5178 μεταφρένοις
959 5108 1125 5161 αὑτοῦ
1183 5109 1502 5163 ἐπισκιάσει
1561 5125 1667 5163 σοι.
1706 5125 1726 5161 ι

136 5230 215 5246 -
275 5199 478 5264 Ἑστὼς
501 5200 810 5270 ἔμπροσθέν
844 5217 939 5254 σου
970 5201 1253 5272 πρόμαχος
1324 5202 1417 5254 καὶ
1449 5201 1736 5271 φυλάττων

142 5311 219 5346 σε
260 5293 686 5362 πολεμούμενον.

233 5404 253 5438 ι
305 5385 413 5438 Καὶ
438 5385 542 5438 ὑπὸ
572 5385 670 5449 τὰς
693 5386 969 5456 πτέρυγας
997 5383 1164 5437 αὐτοῦ
1193 5383 1429 5447 ἐλπιεῖς.
1468 5402 1566 5434 ι-
1598 5383 1734 5438 Σκε-

144 5480 326 5535 vadas:
359 5480 470 5549 γάρ
517 5495 575 5531 σε
611 5481 705 5532 καὶ
733 5478 807 5540 ὡς
839 5481 1084 5531 νεοσσόν.

240 5591 260 5624 ι
304 5571 495 5641 Ὃπλῳ
542 5570 815 5624 κυκλώσει
884 5588 943 5622 σε
992 5572 1024 5639 ἡ
1089 5568 1319 5638 ἀλήθεια
1378 5567 1568 5620 αὑτοῦ.
1603 5586 1620 5618 ι
1668 5595 1740 5607 —-

136 5664 254 5732 Τῷ
305 5663 453 5733 ὅπλῳ
503 5662 665 5716 αὐτοῦ
731 5662 842 5733 ἠως
905 5663 982 5730 τῷ
1035 5659 1255 5732 σταυρῷ
1300 5661 1738 5732 περιφρουρήσει

143 5740 221 5810 de
259 5757 292 5824 ή
330 5739 581 5824 ἀλήθεια,
616 5759 895 5808 »τουτέστιν
917 5757 944 5808 ὁ
973 5754 1230 5826 Χριστός.

244 5867 263 5900 ι
309 5848 380 5900 Οὐ
442 5846 724 5920 φοϐηθήση
785 5848 891 5909 ἀπὸ
955 5845 1120 5916 φόϐου
1191 5846 1531 5916 νυκτερινοῦ.
1595 5865 1612 5897 ι
1657 5875 1724 5887 --

1804 1213 1862 1270 ἐν
1884 1215 2040 1267 νυκτὶ
2075 1217 2443 1295 ἐπερχόμενα.

1880 1324 1900 1358 ι
1951 1306 2086 1360 Ἀπὸ
2126 1309 2560 1379 συμπτώματος.
2607 1329 2626 1365 ι
2662 1340 2730 1352 —-
2768 1313 3096 1383 Σύμπτωμα
3136 1319 3233 1387 μὲν
3265 1318 3378 1372 ἔστι

1808 1397 1870 1451 τὸ
1903 1398 2331 1472 ἀπροσδοκήτως
2372 1403 2676 1471 συμϐαῖνον
2712 1405 3032 1477 ἀϐούλητον.

1887 1514 1905 1548 ι
1948 1497 2058 1551 Καὶ
2105 1497 2386 1567 δαιμονίου
2433 1503 2837 1573 μεσημϐρινοῦ.
2877 1523 2895 1556 ι
2929 1534 3000 1547 -
3048 1505 3164 1558 Πᾶν
3215 1505 3388 1570 πάθος

1808 1587 1947 1659 ὅπερ
1977 1589 2338 1643 ἐπανίσταται
2383 1593 2523 1660 μετὰ
2547 1597 2780 1665 τροφήν.

1887 1698 1906 1732 ι
1946 1683 2206 1736 Πεσεῖται
2231 1684 2295 1736 ἐκ
2322 1684 2416 1738 τοῦ
2483 1687 2701 1753 κλίτους
2761 1707 2880 1747 σου.
2917 1710 2935 1744 ι
2976 1722 3047 1734 -
3074 1695 3270 1758 Κλίτος
3325 1697 3384 1751 τὸ

1813 1773 2100 1844 ἀριστερὸν
2127 1775 2355 1830 ἐκάλεσε
2382 1779 2564 1849 μέρος,

1891 1885 1912 1920 ι
1954 1867 2148 1931 Χιλιὰς
2185 1870 2282 1923 καὶ
2311 1873 2512 1942 μυριὰς
2540 1874 2604 1928 ἐκ
2637 1874 2832 1940 δεξιῶν
2873 1892 2990 1940 σου,
3047 1879 3183 1946 πρὸς
3227 1879 3300 1940 σὲ,
3324 1880 3383 1932 δὲ

1813 1959 1912 2012 οῦκ
1944 1961 2142 2030 ἐγγιεῖ.
2185 1981 2205 2014 ι
2244 1995 2306 2006 -
2342 1964 2527 2018 Βελῶν
2555 1967 2834 2037 δηλονότιο
2888 1969 3198 2040 τοξευθήσῃ
3245 1973 3379 2041 γὰρ,

1814 2055 1970 2124 φησὶ,
2034 2055 2183 2124 παρᾶ
2221 2057 2332 2111 τῶν
2393 2058 2600 2128 νοητῶν
2637 2059 2938 2129 πολεμίοιν,
2985 2062 3153 2115 πολλὰ
3181 2064 3280 2132 μὲν
3325 2064 3382 2131 ἐξ

1814 2147 2145 2218 ἀριστερῶν,
2182 2149 2355 2204 πλείω
2376 2151 2432 2204 δὲ
2467 2154 2530 2204 ἐκ
2559 2152 2666 2206 τῶν
2699 2154 2914 2219 δεξιῶν,
2951 2157 3063 2208 ἀλλ’
3126 2157 3386 2226 ἄπρακτα

1816 2238 2114 2294 πεσοῦνται
2135 2242 2204 2294 τὰ
2236 2241 2396 2312 βέλη,
2429 2244 2515 2296 col
2550 2244 2610 2296 δέ
2644 2245 2762 2298 οὐδέ
2792 2246 3179 2316 πλησιάσουσι·
3228 2247 3386 2314 μόνον

1815 2328 1871 2382 δὲ
1901 2332 2013 2392 τοῖς
2046 2335 2252 2400 νοεροῖς
2288 2349 2382 2387 σου
2415 2334 2715 2404 ὀφθαλμοῖς
2751 2335 2940 2406 γνώσῃ
2967 2337 3133 2396 αὐτὰ.
3162 2337 3256 2390 καὶ
3284 2338 3386 2405 τὴν

1817 2424 2090 2493 τιμωρίαν
2118 2423 2226 2476 τῶν
2259 2425 2600 2495 ἁμαρτωλῶν
2627 2427 2900 2495 δαιμόνων
2929 2429 3119 2499 θεάσῃ.
3151 2430 3246 2492 Τίς
3265 2429 3319 2482 δὲ
3354 2430 3386 2498 ἡ

1817 2515 2101 2586 τιμωρία;
2136 2518 2210 2570 Τὸ
2243 2517 2351 2571 τῶν
2375 2520 2663 2586 προϐολῶν
2685 2519 2869 2574 αὐτῶν
2898 2521 3280 2589 ἀνενέργητον.

1897 2607 2072 2660 «Ὅτι
2131 2609 2221 2674 σὺ,
2278 2610 2535 2680 Κύριε,ἠ
2592 2612 2747 2678 ἐλπίς
2805 2630 2928 2682 μου,
2979 2606 3076 2668 ’τὸν
3128 2614 3393 2684 ’Ὕψιστον

1823 2695 1944 2751 ἔθου
1988 2701 2315 2768 καταφυγήν
2361 2717 2478 2754 σου.
2527 2722 2545 2753 ι
2584 2733 2651 2744 -
2680 2703 2866 2756 Λείπει
2884 2704 2943 2756 τὸ
2966 2700 3149 2767 εἴπας.

1897 2810 1916 2842 ι
1953 2792 2030 2846 Οὐ
2068 2794 2502 2862 προσελεύσεταί
2547 2797 2682 2867 πρὸς
2721 2796 2782 2850 at
2833 2798 3003 2852 κακά.
3043 2817 3062 2850 ι
3119 2828 3189 2841 --
3231 2800 3395 2853 Κοκὰ

1824 2885 1970 2952 λέγει
2000 2888 2126 2950 τοὺς
2157 2889 2521 2958 πειρασμοῦς,
2553 2889 2676 2942 οὐδὲ
2715 2889 2815 2960 τῆς
2872 2890 3053 2960 ψυχῆς
3097 2892 3172 2962 μὴ
3226 2910 3397 2947 κατα·-

1825 2982 2021 3049 κρατεῖ
2083 2980 2416 3050 πειρασμὸς,
2465 2983 2528 3035 οὗ
2570 2982 2719 3034 δοκεῖ
2753 2981 2926 3053 τούτῳ
2969 2986 3394 3054 προσέρχεσθαι.

1902 3090 1920 3123 ι
1959 3073 2066 3126 Kal
2105 3072 2308 3142 μάστιξ
2329 3075 2430 3128 οὐκ
2456 3075 2633 3144 ἐγγιεί
2667 3078 2725 3129 ἐν
2758 3075 2838 3145 τῷ
2880 3076 3206 3147 σκηνώματι
3239 3097 3388 3133 σου.»

1751 3172 1792 3231 c
1827 3193 1895 3203 ——
1930 3163 2005 3218 Ού
2038 3164 2146 3233 γὰρ
2178 3165 2627 3235 ύπολαμϐἀνεταί
2678 3183 2733 3221 τι
2783 3167 3037 3235 ἀλγεινὸν
3093 3169 3398 3241 πλησιάσαι

1827 3253 1903 3324 τῷ
1976 3253 2191 3325 σώματι
2248 3258 2340 3310 τοῦ
2399 3258 2474 3330 μὴ
2543 3258 2796 3315 ἐντεῦθεν
2864 3259 3241 3331 βλαπτομένου
3295 3263 3395 3332 τὴν

1825 3347 2025 3420 ψυχήνο

1903 3460 1922 3494 ι
1965 3441 2092 3497 ὐτι
2122 3445 2234 3505 τοῖς
2264 3444 2520 3513 ἀγγέλοις
2559 3443 2728 3499 αὑτοῦ
2759 3447 3061 3502 ἐντελεῖται
3109 3449 3241 3520 περὶ
3276 3448 3395 3512 σοῦ,

1827 3536 1920 3588 τοῦ
1948 3535 2278 3604 διαφυλάξαί
2310 3555 2368 3590 σε
2399 3540 2457 3592 ἐν
2496 3540 2702 3604 πάσαις
2763 3543 2885 3605 ταῖς
2931 3542 3072 3604 ὁδοῖς
3123 3559 3240 3595 σου.
3280 3561 3298 3594 ι
3331 3571 3400 3582 -

1840 3624 2028 3690 Ὁδοὺς
2049 3629 2145 3691 τὰς
2176 3629 2407 3697 πράξεις
2443 3631 2601 3700 φησί.

1910 3740 1927 3773 ι
1968 3721 2093 3776 Ἐπὶ
2121 3723 2320 3794 χειρῶν
2349 3724 2543 3794 ἀροῦσί
2571 3742 2652 3780 σε.
2696 3745 2714 3778 ι
2749 3757 2814 3768 -
2843 3726 3038 3797 Χετρες
3062 3726 3312 3795 ἀγγέλων
3342 3728 3400 3780 αί

1833 3815 2100 3866 σωστικαὶ
2127 3815 2386 3886 δυνάμεις
2424 3817 2620 3872 αὐτῶν.

1909 3924 1928 3958 ι
1973 3906 2199 3977 Μήποτε
2231 3907 2550 3979 προσκόζαης
2579 3909 2715 3977 πρὸς
2737 3909 2883 3962 λίθον
2912 3909 3003 3964 τὸν
3041 3909 3177 3964 πόδα
3208 3926 3324 3964 σου.
3374 3929 3394 3962 ι

1830 4026 1900 4038 -
1930 4000 2092 4062 Λίθος
2123 4001 2418 4070 ἡάμαρτία
2453 4016 2467 4030 ⁸
2508 4002 2641 4064 ποὺς
2672 4003 2705 4071 ἠ
2744 4000 3008 4056 πολιτεία.

1912 4110 1930 4143 ι
1974 4091 2097 4146 Ἐπὶ
2126 4092 2327 4146 ἀσπίδα
2353 4095 2449 4146 καί¹
2481 4094 2796 4163 βασιλίσκον
2823 4095 3083 4164 ἐπιϐήσῃ,
3113 4095 3206 4148 καὶ
3236 4113 3402 4148 καταο

1837 4184 2105 4254 πατήσεις
2132 4183 2326 4239 λέοντα
2364 4187 2456 4238 κατ⁸
2480 4186 2772 4257 δράκοντα.
2825 4203 2846 4237 ι
2883 4213 2952 4226 --
2981 4185 3166 4239 Ταῦτα
3227 4187 3403 4240 πάντα

1835 4275 1862 4326 ὁ
1889 4274 2140 4337 διάϐολος
2169 4275 2526 4347 ὀνομάζεται.

1914 4386 1934 4419 ι
1967 4367 2092 4423 Ὀτι
2123 4369 2211 4421 ἐπ’
2239 4371 2339 4441 ἐμὲ
2372 4373 2590 4442 ἤλπισε,
2624 4375 2719 4428 καὶ
2770 4375 3010 4447 ῥύσομαι
3047 4375 3227 4427 αὐτόν.
3269 4392 3286 4424 ι
3335 4401 3406 4412 -

1840 4459 2064 4528 Εἰσάγει
2093 4463 2182 4517 τὸν
2221 4463 2355 4517 Θεὸν
2388 4467 2415 4518 ό
2440 4466 2744 4538 Προφήτης
2772 4466 3099 4536 βεϐαιοῦντα
3145 4467 3270 4527 τοὺς
3320 4464 3412 4516 λόο

1839 4569 1968 4620 γους
1987 4555 2174 4609 αὑτοῦ.

1915 4665 1933 4698 ι
1973 4647 2242 4702 Σκεπάσω
2267 4647 2449 4710 αὐτὸν,
2487 4648 2567 4701 ὅτι
2603 4648 2745 4717 Εγνω
2779 4648 2838 4701 τὸ
2882 4647 3057 4718 δνομά
3111 4665 3232 4716 μου.
3275 4665 3294 4698 ι
3335 4669 3411 4686 --

1837 4738 2101 4790 Γινώσκει
2143 4739 2224 4791 ὄτι
2259 4741 2286 4790 δ
2312 4739 2442 4802 Θεὸς
2475 4743 2502 4792 ὁ
2522 4740 2690 4805 ἀξίως
2720 4741 3188 4810 προσφερόμενος.

1911 4846 1930 4880 ι
1973 4829 2314 4898 Μακρότητα
2341 4830 2564 4900 ἡμερῶν
2603 4831 2874 4902 ἐμπλήσω
2905 4831 3091 4884 αὐτόν.
3133 4849 3151 4881 ›
3185 4858 3256 4870 -
3295 4827 3409 4898 Τὴν

1837 4921 2068 4975 αἰωνίαν
2108 4921 2261 4991 λέγει
2293 4922 2463 4992 ζωήν.

2406 5011 2702 5068 “mox
2722 5013 2839 5080 ιε’.

1853 5172 1860 5178 1
1915 5105 2174 5177 «Ψαλμδς
2201 5106 2347 5178 ᾠδῆς
2379 5107 2461 5171 είς
2493 5107 2592 5176 τὴν
2617 5108 2834 5178 ἡμέραν
2857 5107 2953 5160 τοῦ
2980 5103 3279 5160 Σαϐϐάτου.
3302 5121 3407 5158 ιε·-

1840 5198 2123 5253 Σάϐὄατον
2143 5199 2378 5252 ἐνταῦθα
2409 5201 2502 5254 τὸν
2536 5201 2800 5271 μέλλοντα
2850 5200 3023 5253 αίῶνα
3077 5198 3314 5266 νοητέον,
3342 5201 3404 5261 ὃς

1843 5294 1993 5344 ἐστιν
2022 5290 2195 5362 ἀργία
2229 5293 2502 5362 παντελὴς
2535 5294 2628 5345 καὶ
2665 5293 3008 5354 κατάπαυσις
3041 5290 3148 5344 τῶν
3192 5289 3408 5361 ἀνορω-

1841 5382 2011 5436 πείων
2039 5383 2261 5437 πάντων
2294 5385 2660 5452 πραγμάτων.

1917 5493 1936 5528 ι
1961 5475 2189 5545 Ἀγαθὸν
2208 5475 2266 5528 τὸ
2284 5464 2724 5544 ἐξομολογεῖσθαι
2739 5475 2816 5545 τῷ
2842 5476 3046 5544 Κυρίῳ,
3073 5475 3169 5529 καὶ
3182 5475 3405 5544 ψάλλειν

1843 5568 1920 5639 τῷ
1951 5567 2180 5638 ὀνόματί
2216 5584 2331 5632 σου,
2364 5565 2623 5636 Ὕψιστε.
2671 5583 2690 5618 ι
2725 5593 2796 5608 --
2820 5566 2918 5620 Διά
2959 5567 3053 5619 τοῦ
3101 5569 3252 5636 πρωῒ
3309 5572 3401 5620 καὶ

1841 5658 1956 5728 τῆς
1989 5658 2216 5726 νυκτὸς
2264 5660 2445 5714 πάντα
2496 5659 2585 5712 τὸν
2638 5660 2830 5729 χρόνον
2869 5660 3106 5732 ἐδήλωσε
3131 5678 3145 5692 ο
3179 5666 3274 5716 καὶ
3316 5664 3401 5716 διά

1845 5753 1947 5824 μὲν
1995 5751 2090 5806 τοῦ
2143 5752 2329 5816 ἐλέους
2374 5756 2470 5816 τὰς
2545 5753 2672 5822 περὶ
2724 5753 2876 5820 ἡμᾶς
2933 5753 3273 5825 εὐεργεσίας,
3310 5753 3398 5805 δια

1859 5846 1916 5899 δὲ
1966 5846 2064 5917 τῆς
2123 5845 2333 5910 ἀδικίας
2411 5845 2509 5918 τὴν
2570 5843 2879 5918 κατὰιτῶν
2920 5846 3244 5911 ἀδικούντων
3305 5847 3394 5899 ἐκο
