3806 6356
425 381 564 442 Ῑῦ43

1620 381 2054 442 NICEPHORI
2102 385 2522 448 BLEMMIDJE

3547 391 3566 453 1
3583 391 3640 450 Si
3653 391 3676 450 ί

419 493 632 562 δίκησιν
657 509 670 522 ο
703 492 966 553 πολλάκις
1021 491 1130 560 γάρ
1192 490 1455 562 ἀλήθειαν
1506 490 1606 560 τὴν
1638 492 1995 560 δικαιοσύνην
2030 503 2070 556 Α
2101 512 2258 559 καιος
2285 500 2352 567 τῇ
2389 498 2596 568 αίωνίῳ
2650 497 2763 569 ζωῇ
2786 514 2802 530 ο
2837 497 3192 570 πολυπληηὴς
3241 497 3296 552 δέ
3346 501 3407 571 τῇ
3447 497 3674 568 ἀφθονία

423 586 598 640 καλεῖ.

499 677 656 732 ("On
685 675 962 746 εὑφρανάς
993 695 1085 746 με,
1116 676 1314 746 Κύριε,
1351 678 1409 730 ἐν
1441 676 1524 748 τῷ
1546 676 1812 746 ποιήματί
1845 693 1993 730 σου.»

422 773 737 838 -Ποῖημα
793 769 944 838 λέγει
979 769 1079 837 τὴν
1137 769 1436 840 σύμπασαν
1501 770 1768 842 αίσθητὴν
1821 771 2001 823 κτίσιν

423 862 648 925 ὑλικῶς.
676 859 758 914 Ti
784 862 839 914 δέ
869 861 982 930 είδη
1013 861 1222 933 ταύτης
1254 863 1319 914 τὰ
1359 861 1506 915 κατὰ
1553 863 1717 933 μέρος
1775 864 1871 916 καὶ
1902 863 2000 932 τὴν

428 961 765 1028 συντήρησιν
799 957 892 1010 καὶ
943 957 1218 1026 διαμονὴν
1265 959 1359 1010 καὶ
1415 956 1698 1026 πρόνοιαν,
1761 957 1856 1012 καὶ
1902 961 2004 1020 τὰς

428 1052 704 1122 ἀρρήτους
732 1047 1046 1118 οἰκονομίας
1074 1047 1168 1100 τοῦ
1198 1047 1335 1102 Θεοῦ
1386 1049 1589 1120 χειρῶν
1645 1051 1787 1120 ἔργα
1849 1049 2000 1118 φησί.

509 1163 528 1194 ι
572 1145 659 1206 Ὠς
700 1142 1049 1212 ἐμεγαλύνθη
1086 1143 1157 1194 τὰ
1187 1142 1326 1212 ἔργα
1363 1124 1516 1208 non:
1543 1143 1740 1212 Κύριε,
1798 1141 2004 1210 σφόδρα

429 1235 809 1305 ἐὸαθύνθησαν
865 1236 914 1288 οί
1006 1235 1352 1300 διαλογισμοί
1403 1251 1522 1287 σου.
1564 1253 1580 1286 ι
1639 1265 1710 1276 -
1753 1235 2006 1301 Διαλογι-

433 1329 610 1394 σμούς
647 1344 782 1398 φησι
828 1327 927 1389 τάς
961 1325 1156 1394 βουλὰς
1185 1327 1277 1378 καὶ
1306 1325 1404 1395 τὴν
1463 1327 1654 1394 σοφίαν
1683 1326 1775 1379 τοῦ
1818 1324 1950 1378 Θεοῦ
1987 1339 2004 1358 ο

427 1423 515 1476 διὰ
548 1421 603 1472 δὲ
635 1420 727 1473 τοῦ
756 1420 1182 1485 ἐσαθύνθησαν
1206 1419 1266 1471 τὸ
1291 1419 1594 1487 ἀνέφικτον
1626 1419 1836 1472 τούτων
1859 1417 2010 1489 δηλοῖ

429 1514 524 1566 καὶ
558 1512 706 1576 ἀνεξε
719 1514 1000 1580 ρεύνητον.

505 1622 525 1656 ι
568 1603 730 1671 Ἀνὴρ
759 1603 948 1670 άφρων
998 1602 1060 1654 ού
1107 1602 1417 1671 γνώσεται,
1477 1602 1573 1655 καί⁵
1623 1601 1886 1664 ἀσύνετος
1932 1603 1996 1656 ού

431 1698 652 1765 συνήσει
686 1695 878 1748 ταῦτα.
926 1716 946 1748 ι
977 1725 1043 1735 -
1072 1696 1183 1764 Τῆς
1225 1695 1377 1759 θείας
1412 1696 1732 1766 φρονήσεως
1773 1694 2006 1764 ἄμοιρος

428 1788 490 1840 ού
542 1787 728 1857 νοήσει
787 1785 986 1851 ταῦτα,
1049 1788 1132 1839 ὅτι
1179 1787 1381 1857 δηλαδὴ
1422 1786 1638 1856 μεγάλα
1669 1786 1765 1840 καὶ
1797 1785 2007 1854 θαυμα-

431 1881 534 1933 στά
565 1897 660 1932 σου
686 1878 753 1932 τά
777 1878 916 1948 ἔργα
951 1880 1101 1949 καὶὴ
1146 1877 1313 1950 βουλὴ
1346 1880 1438 1934 καὶ
1491 1879 1654 1950 σοφία
1687 1896 1782 1932 σου
1814 1877 2004 1943 ἀνεξε-
2037 1858 2080 1914 Β

429 1970 714 2042 ρεύνητος.

503 2084 522 2115 ι
570 2065 659 2116 Ἐν
689 2063 766 2133 τῷ
791 2063 1073 2116 ἀνατεῖλαι
1106 2063 1236 2128 τοὺς
1295 2065 1669 2136 ἁμαρτωλοὺς
1701 2065 1834 2120 ὡσεὶ
1881 2067 2006 2138 χόρ-

427 2173 542 2223 τον,
586 2157 679 2208 καὶ
709 2155 974 2225 διέκυψαν
1005 2156 1207 2221 πάντες
1255 2157 1304 2210 οί
1338 2157 1700 2227 ἐργαζόμενοι
1746 2159 1848 2228 τὴν
1877 2159 2004 2211 ἀνο-

429 2250 580 2317 μίαν.
622 2267 640 2300 ι
681 2271 762 2288 -·
799 2249 856 2302 Ὀ
889 2250 987 2302 καί
1030 2253 1302 2321 περιττός,
1336 2251 1410 2303 Τὸ
1447 2251 1504 2303 δὲ
1554 2249 1854 2319 διέκυψαν
1879 2248 2005 2304 ἀντὶ

425 2344 521 2394 τοῦ
561 2341 924 2412 ἐϐλάστησαν,
970 2342 1200 2411 ἔφυσαν,
1248 2342 1514 2409 διέκυψαν
1563 2345 1662 2411 τῆς
1708 2346 1830 2412 γῆς.
1862 2344 2004 2414 Φησὶ

430 2435 581 2501 γοῦν,
620 2434 1078 2506 Ἑπληθύνθησαν
1097 2436 1145 2489 οί
1177 2436 1408 2506 πονηροί
1432 2435 1692 2499 ἐνταῦθα,
1728 2436 1820 2490 ἵνα
1861 2435 2003 2490 κατὰ

426 2530 519 2578 τὸν
562 2527 823 2596 μέλλοντι
866 2528 1040 2580 αίῶνα
1085 2526 1186 2597 τὴν
1242 2529 1299 2580 ἐν
1345 2526 1545 2600 γεέννῃ
1605 2529 2004 2598 κληρώσωνται

427 2619 735 2671 ἁπὼλειαψ
773 2621 806 2688 η
844 2618 954 2686 γὰρ
983 2617 1218 2688 αὔξησις
1275 2618 1378 2687 τῆς
1440 2617 1712 2690 πονηρίας
1763 2619 2004 2673 τοιοῦτον

427 2712 540 2780 ἔχει
571 2709 631 2762 τὸ
671 2711 846 2772 τέλος.

507 2821 526 2853 ι
568 2802 638 2855 Σὺ
665 2803 722 2855 δέ
755 2802 981 2871 ὕψιστος
1013 2802 1093 2865 είς
1122 2801 1216 2854 τὸν
1248 2801 1440 2862 αίῶνα,
1479 2798 1668 2872 Κύριε.
1703 2820 1721 2854 ι
1757 2832 1823 2846 -
1847 2804 1920 2856 Σὺ
1947 2803 2002 2856 δὲ

425 2894 488 2947 τδ
513 2892 646 2964 ὕψος
681 2894 774 2947 τοῦ
805 2896 1044 2965 κράτους
1072 2894 1295 2948 αίώνιον
1331 2895 1500 2964 ἔχεις.

504 3005 523 3038 ι
554 2988 680 3038 Ὅτι
707 2987 816 3040 ίδοὺ
843 2989 890 3039 οί
924 2986 1109 3058 ἐχθροί
1133 3004 1250 3052 σου,
1284 2987 1480 3056 Κύριε,
1511 2988 1595 3040 ὅτι
1626 2989 1673 3041 οί
1697 2987 1881 3057 ἐχθροί
1909 3003 2003 3040 σου

426 3076 800 3130 ἀπολοῦνται·
873 3077 971 3129 καὶ
1019 3077 1624 3147 διασκορπισθήσονται
1681 3080 1884 3142 πάντες
1951 3077 2002 3130 οί

2104 589 2212 642 τῶν
2251 589 2490 657 ἀγαθῶν.

2183 702 2201 735 ι
2245 684 2645 752 Πεφυτευμένοι
2681 684 2837 755 ἐντῷ
2881 685 3016 755 οίκῳ
3061 685 3267 755 Κυρίου
3326 685 3383 735 ἐν
3437 687 3562 744 ταῖς
3586 683 3677 737 αὑ·

2107 772 2227 835 λεαῖς
2272 773 2364 827 τοῦ
2418 773 2555 827 Θεοῦ
2593 775 2752 845 ἡμῶν
2808 774 3678 847 ἐξανθήσουσιν.θ-Περιζωννύ-

2111 881 2262 934 μενοι
2323 867 2379 918 ἐν
2412 868 2477 936 τῇ
2523 866 2821 938 Ἐκκλησία
2852 866 2963 918 τῶν
2995 867 3212 938 ἀληθῶς
3248 866 3486 927 πιστῶν,
3542 865 3678 916 κατα

2105 957 2198 1008 τὸν
2231 958 2496 1027 μέλλοντα
2533 959 2703 1013 αίῶνα
2751 961 2812 1012 ἐν
2853 959 2972 1023 ταῖς
3036 958 3318 1030 οὐρανίαις
3384 959 3581 1028 μοναῖς
3619 956 3680 1006 τά

2107 1049 2242 1119 ἄνθη
2277 1050 2386 1103 τῶν
2415 1051 2629 1119 ἀρετῶν
2664 1050 3129 1118 ἐνδείξονται,τάς
3160 1051 3410 1114 ποικίλας
3439 1048 3676 1104 ἀπολαύο

2109 1153 2236 1202 σεις
2250 1141 2360 1192 τῶν
2392 1140 2690 1194 πολυειδῶν
2721 1141 2968 1210 ἀγαθῶν.
3602 1129 3609 1134 ’

2182 1249 2201 1282 ι
2235 1232 2357 1284 Ἔτι
2387 1231 2863 1303 πληθυνθήσονται
2897 1235 2954 1286 ἐν
2975 1233 3140 1303 γήρει
3167 1231 3334 1284 πίονι.
3373 1249 3391 1282 ι
3414 1229 3680 1296 -Γῆρας

2108 1324 2230 1376 πῖόν
2263 1341 2398 1394 φησι
2428 1325 2489 1377 τὸ
2520 1324 2843 1394 βαθύτατον.
2876 1325 2977 1378 Διά
3009 1325 3202 1378 τούτου
3231 1323 3287 1374 δέ
3323 1323 3427 1390 τὴν
3457 1321 3682 1389 μέλλουο

2109 1432 2209 1469 σαν
2257 1416 2612 1486 παρεδήλωσε
2669 1417 3008 1488 τελειότητα,
3068 1420 3126 1470 ἐν
3281 1413 3683 1469 πολλαπλάσιοι

2107 1507 2246 1575 ἄγαν
2277 1507 2518 1573 δέξονται
2537 1508 2628 1562 τὸν
2651 1511 2750 1578 τῆς
2776 1509 3130 1579 δικαιοσύνης
3159 1506 3372 1578 καρπὸν
3401 1506 3452 1558 οί
3488 1504 3683 1558 δίκαιοι

2108 1600 2204 1654 καὶ
2220 1599 2280 1654 εὖ
2298 1600 2512 1654 πάθωσι
2528 1601 2628 1660 τὰς
2643 1601 2918 1672 ἀρρήτους
2941 1600 3267 1663 ἀπολαύσεις
3293 1599 3681 1668 κερδήσαντετ,

2108 1693 2249 1746 ὥστε
2271 1693 2446 1745 εἰπεῖν
2471 1694 2743 1764 γεγηθυία
2763 1694 2931 1764 ψυχῇ,
2963 1695 3168 1756 Ὄντως
3194 1693 3404 1754 δίκαιος
3429 1692 3459 1743 ό
3487 1688 3684 1756 Κύριος

2107 1786 2135 1838 δ
2162 1782 2446 1848 ἀποδιδοὺς
2476 1784 2696 1855 ἑκάστῳ
2729 1786 2865 1838 κατά
2896 1784 3032 1854 ἔργα
3061 1782 3250 1839 αὑτοῦ.

2673 1876 3108 1944 ΨΑΑΜοΣιπ.

2185 1989 2204 2020 ι
2253 1971 2344 2034 Είς
2369 1970 2468 2041 τὴν
2494 1970 2709 2042 ἡμέραν
2742 1969 2835 2023 τοῦ
2872 1969 3279 2038 προσαδὸάτου,
3310 1967 3402 2020 ὅτε
3452 1963 3687 2035 κατῴκιο

2110 2079 2203 2115 στο
2233 2062 2266 2132 ἡ
2292 2062 2386 2130 γῆ,
2443 2056 2589 2125 αἶνος
2623 2061 2770 2132 ᾠδῆς
2813 2061 2891 2129 τῷ
2940 2062 3123 2115 Δαυῖδ.
3155 2061 3360 2130 Κύριος
3395 2058 3685 2112 ἐϐασίλευο

2109 2170 2224 2207 σεν.
2256 2172 2274 2205 ι
2309 2181 2384 2194 -
2427 2151 2487 2206 '0
2527 2137 2764 2224 Χρίστδς
2821 2152 3127 2223 βασιλεύων
3187 2151 3264 2215 ὥς
3316 2150 3459 2212 Θεὸς
3505 2148 3687 2202 ἐϐασί-

2105 2243 2265 2298 λευσε
2317 2245 2414 2299 καὶ
2459 2245 2531 2308 ώς
2569 2245 2860 2316 ἄνθρωπος
2909 2247 3048 2316 μετά
3110 2245 3211 2314 τὴν
3255 2244 3616 2298 ἀνάστασιν·
3658 2240 3688 2308 ἢ

2109 2334 2331 2406 βασιλέα
2365 2337 2704 2406 ὑποληπτέον
2741 2338 2834 2391 τὸν
2865 2338 2990 2392 κατ’
3017 2337 3342 2406 ἐπίγνωσιν.

2183 2448 2202 2481 ι
2240 2430 2587 2500 Εὑπρέπειαν
2625 2431 2933 2498 ἐνεδύσατο,
2969 2432 3264 2486 ἐνεδύσατο
3292 2429 3508 2500 Κύριος
3541 2427 3693 2480 δύνα-

2108 2541 2206 2595 μιν
2246 2527 2336 2576 καὶ
2371 2523 2768 2593 περιεζώσατο.
2809 2543 2828 2576 ε
2875 2553 2936 2565 -
2967 2524 3079 2595 Τὴν
3101 2524 3176 2587 ὡς
3205 2524 3328 2592 Θεῷ
3361 2524 3690 2594 πρέπουσαν

2107 2616 2256 2686 αὑτῷ
2284 2616 2444 2680 δόξαν
2475 2617 2570 2671 καὶ
2599 2617 2921 2671 δυναστείαν
2947 2619 3040 2671 καὶ
3065 2617 3318 2682 ἐξουσίαν
3344 2617 3689 2684 ἐφανέρωσε,

2106 2709 2203 2763 καὶ
2232 2710 2333 2780 τὴν
2375 2711 2646 2780 πρότερον
2675 2710 3065 2782 κρυπτομένην
3106 2709 3259 2764 θείαν
3293 2709 3468 2773 δόξαν
3506 2707 3690 2770 αὑτοῦ,

2106 2804 2174 2872 ἢν
2227 2802 2323 2856 καὶ
2372 2801 2778 2872 περιεζώσατο,
2839 2802 3090 2856 τουτέστι
3130 2803 3516 2871 ηὑτρεπίσατο
3566 2803 3692 2871 πρὸς

2106 2897 2437 2967 καθαίρεσιν
2467 2897 2577 2949 τῶν
2605 2894 2994 2950 ἀποστατικῶν
3021 2895 3329 2966 δυνάμεων.

2185 3009 2202 3042 ι
2247 2991 2354 3043 Καὶ
2407 2990 2517 3058 γὰρ
2573 2990 2876 3058 ἐστερέωσε
2909 2990 3011 3058 τὴν
3057 2990 3420 3058 οἰκουμένην,
3469 2991 3600 3061 ἥτις
3643 2991 3691 3042 οὗ

2107 3080 2526 3151 σαλευθήσεται.
2567 3099 2584 3132 ι
2623 3108 2693 3120 -
2715 3081 3058 3150 Οἰκουμένην
3093 3084 3230 3150 φησὶ
3257 3081 3359 3152 τὴν
3392 3084 3455 3134 tv
3488 3081 3604 3152 ὅλῳ
3627 3082 3691 3152 τῷ

427 3171 790 3239 ἐργαζόμενοι
813 3169 1068 3238 ἀνομίαν.
1115 3190 1136 3222 ι
1172 3199 1244 3210 —
1287 3169 1507 3240 Ἐχθροὶ
1557 3169 1761 3239 Κυρίου
1798 3171 2001 3232 πάντες
2030 3196 2074 3252 c
2107 3177 2295 3245 κόσμῳ
2322 3174 2614 3244 καθολικὴν
2644 3172 2738 3226 τοῦ
2777 3172 3016 3242 Χριστοῦ
3047 3173 3410 3244 Ἐκκλησίαν.

426 3266 476 3318 οί
515 3265 591 3333 τῷ
631 3266 914 3334 ἀποστάτῃ
961 3263 1194 3334 διαϐόλῳ
1237 3263 1580 3333 πειθόμενοι,
1615 3264 1818 3326 οἵτινες
1869 3266 2005 3317 ἀπο-

428 3356 647 3409 λοῦνται
691 3358 748 3410 ἐν
773 3359 964 3429 γεέννῃ
1013 3360 1109 3411 καὶ
1151 3359 1230 3420 είς
1270 3357 1367 3421 τὰς
1407 3357 1702 3426 διαφόρους
1749 3355 2006 3420 κολάσεις

426 3446 930 3518 διασκοίιπίσονται.

503 3581 520 3614 ι
567 3563 677 3616 Καὶ
729 3562 1080 3633 ὑψωθήσεται
1141 3562 1217 3623 ῶς
1270 3561 1652 3629 μονοκέρωτος
1711 3563 1771 3616 τδ
1829 3564 2000 3633 κέρας

429 3673 552 3723 μου.
597 3673 616 3706 ›
652 3685 714 3696 -
739 3657 923 3724 Κέρας
954 3655 1047 3707 τοῦ
1081 3654 1244 3707 Δαυῒδ
1267 3655 1293 3707 ό
1327 3655 1589 3725 Χριστὸς,
1624 3654 1681 3717 δς
1729 3657 2003 3725 μεγαλυν-

427 3749 652 3817 θήσεται
689 3749 828 3802 κατά
861 3749 951 3801 τὸν
981 3749 1175 3817 καιρὸν
1230 3748 1330 3818 τῆς
1368 3747 1716 3817 παγκοσμίου
1765 3747 2004 3818 κρίσεως

426 3841 881 3911 ὑπερὸαλλόντως
920 3841 1138 3896 πάντων
1194 3841 1301 3894 τῶν
1337 3842 1552 3912 ἐχθρῶν
1605 3842 1771 3896 αὑτοῦ
1802 3860 2000 3897 ταπει-

427 3933 710 3987 νωθέντων
737 3933 908 4004 αὑτῷ.

503 4065 522 4099 ι
563 4047 672 4101 Καὶ
709 4048 768 4100 τὸ
815 4049 999 4118 γῆράς
1026 4066 1130 4119 μου
1161 4052 1218 4104 ἐν
1244 4049 1414 4122 ἐλαίῳ
1439 4051 1607 4109 πίονι.
1648 4071 1666 4104 ι
1700 4083 1768 4096 --
1801 4054 1998 4108 Λείπει

424 4143 485 4194 τδ
509 4140 678 4193 ἔσται
696 4157 709 4173 ·
739 4142 861 4194 ἐπεὶ
889 4144 1017 4210 γαρ.
1041 4145 1229 4213 φησὶν,
1259 4144 1430 4212 ἔγνων
1447 4146 1530 4198 ὅτι
1559 4146 1732 4210 οὕτως
1753 4147 1812 4200 τὸ
1835 4148 2003 4219 κέρας

429 4248 530 4300 μου
566 4231 941 4298 ὑψωθήσεται,
977 4234 1036 4287 τὸ
1081 4235 1260 4305 γῆράς
1292 4255 1396 4307 μου
1431 4237 1741 4292 διασιόάσει
1775 4240 1832 4293 ἐν
1888 4239 2002 4295 ίλαο

428 4325 614 4395 ρότητι
650 4325 844 4396 πολλῇ.

500 4434 519 4466 ι
557 4417 666 4469 Καὶ
703 4418 916 4471 ἐπεῖδεν
949 4420 976 4472 ό
1025 4419 1303 4488 ὀφθαλμός
1353 4437 1458 4490 μου
1522 4420 1580 4474 ἐν
1631 4424 1748 4484 τοῖς
1783 4423 2001 4493 ἐχθροῖς

428 4525 552 4578 μου.
586 4526 604 4560 ι
648 4509 720 4562 Τὸ
748 4509 986 4564 ἐπεῖδεν
1014 4512 1136 4564 ἀντὶ
1176 4510 1271 4564 τοῦ
1316 4512 1605 4582 ἐπόψεται.
1644 4515 1908 4568 Ἑλλείπει
1942 4515 1998 4569 δὲ

422 4603 498 4667 τῷ
529 4601 680 4673 ρητῷ
709 4603 808 4672 τὴν
838 4604 1140 4674 ἐκδίκησιν.
1193 4605 1454 4676 Ἐχθροῦς
1485 4606 1543 4659 δὲ
1585 4607 1844 4678 νοητέους
1871 4609 1997 4673 τοὺς

422 4696 687 4765 δαίμονας
710 4697 804 4748 καὶ
836 4696 960 4757 τοὺς
988 4696 1229 4778 ἀσεϐεῖς.

501 4829 520 4862 ι
557 4812 664 4864 Καὶ
686 4813 742 4864 ἐν
783 4814 895 4873 τοῖς
931 4813 1394 4881 ἐπανισταμένοις
1443 4814 1530 4867 ἐπ’
1564 4816 1664 4884 ἐμὲ
1697 4835 2000 4888 πονηρευο-

431 4905 612 4972 μένοις
644 4899 938 4955 ἀκούσεται
969 4903 1028 4955 τὸ
1065 4899 1158 4965 οῦς
1197 4921 1322 4974 μου.
1359 4924 1378 4956 ι
1413 4935 1471 4945 ——
1516 4908 1687 4962 Πάλιν
1724 4911 1851 4972 τοὺς
1903 4911 2000 4964 αύ-

425 4995 550 5057 τοὺς
591 4995 740 5061 λέγει
795 4996 1266 5065 ἐπανισταμένους
1302 4999 1389 5051 ἐπ’
1442 5000 1611 5053 αὑτὸν
1639 5002 1733 5054 καὶ
1768 5018 1998 5072 πορευο-

427 5094 620 5152 μένους
649 5089 974 5151 ἀσυνδέτως.
1015 5089 1334 5145 Ἀκούσεται
1363 5091 1420 5144 δέ
1434 5092 1535 5163 τὴν
1557 5091 1684 5148 κατ’
1709 5096 1872 5150 αὑτοῦ
1901 5097 1996 5153 τοῦ

421 5183 692 5235 Δεσπότου
754 5182 1067 5250 ἀπόφασιν·
1117 5183 1278 5236 τοῦτο
1317 5189 1426 5255 γάρ
1457 5185 1702 5239 ἐλλείπει
1752 5189 1887 5258 τῷδε
1919 5191 1997 5262 τῷ

422 5268 593 5341 ρητῷο

493 5401 512 5434 ι
546 5383 764 5447 Δίκαιος
800 5385 876 5451 ὡς
923 5390 1099 5457 φοῖνιξ
1159 5390 1388 5462 ἀνθήσει
1417 5406 1434 5424 ο
1465 5391 1602 5445 ὡσεὶ
1642 5394 1837 5464 κέδρος
1869 5398 1902 5467 η
1937 5399 1995 5448 ἐν

412 5475 493 5545 τῷ
520 5476 736 5549 Λιϐάνῳ
761 5480 1224 5554 πληθυνθήσεται.
1287 5502 1306 5536 ι
1343 5515 1409 5527 -
1445 5486 1518 5541 Τὸ
1567 5487 1990 5557 ταχυμάραντον

413 5571 521 5620 τῶν
564 5571 906 5641 ἁμαρτωλῶν
933 5575 1022 5629 διὰ
1050 5576 1143 5628 τοῦ
1179 5576 1381 5646 χόρτου
1411 5577 1684 5648 δηλώσας,
1713 5580 1773 5631 τὸ
1804 5579 1993 5632 ἀειθα-

413 5661 501 5725 λές
538 5665 629 5716 τοῦ
656 5663 868 5720 δικαίου
900 5667 988 5721 διὰ
1041 5668 1136 5721 τοῦ
1173 5671 1424 5737 φοίνικος
1468 5671 1742 5739 δεδήλωκε
1769 5687 1782 5704 ·
1818 5673 1906 5725 διὰ
1933 5673 1990 5725 δὲ

412 5754 511 5822 τῆς
571 5759 762 5826 κέδρου
819 5760 879 5812 τὸ
948 5760 1332 5831 πολυπληθές·
1388 5764 1823 5834 πεπληθυσμένη
1882 5769 1990 5836 γάρ

431 5844 573 5914 αῦῖη
617 5853 739 5911 ταῖς
793 5853 1011 5921 κόμαις.
1065 5853 1344 5924 ’Λειθαλὴς
1380 5856 1476 5926 μὲν
1533 5855 1626 5908 οὖν
1671 5856 1824 5911 ἐσται
1857 5860 1884 5911 ό
1919 5858 1992 5910 δίο

2183 3285 2202 3318 ι
2238 3266 2496 3336 Ἐτοιμος
2527 3267 2554 3319 ό
2582 3267 2768 3338 θρόνος
2801 3283 2896 3319 σου
2947 3268 3054 3319 ἀπὸ
3081 3267 3224 3332 τότε,
3267 3267 3382 3320 ἀπὸ
3407 3265 3516 3320 τοῦ
3555 3269 3691 3321 αἰῶ-

2105 3375 2195 3422 νος
2233 3360 2296 3413 σὺ
2342 3353 2419 3413 εἷ.
2459 3378 2477 3413 ι
2514 3390 2584 3404 -
2620 3360 2849 3434 Ἐδραία
2886 3363 2918 3433 η
2967 3360 3215 3432 βασιλεία
3283 3379 3382 3414 σου
3439 3363 3546 3415 ἀπ’
3609 3365 3693 3432 ἀρ-

2147 3466 2226 3512 τις.

2147 3475 2160 3500 ι
2181 3468 2226 3512 ς,

2105 3468 2139 3520 χ
2162 3469 2204 3597 ιι
2255 3545 2504 3626 Ἐπῆραν
2527 3546 2578 3600 οί
2605 3548 2865 3614 ποταμοὶ,
2894 3547 3089 3617 Κύριε,
3115 3548 3325 3618 ἐπῆραν
3355 3551 3409 3600 οῖ
3444 3551 3690 3618 ποταμοὶ

2107 3636 2293 3706 φωνάς
2351 3636 2552 3691 αὑτῶν.
2592 3655 2612 3690 ι
2654 3669 2722 3679 -
2753 3641 3038 3710 Ποταμοὺς
3099 3638 3336 3692 ἐνταῦθά
3374 3641 3526 3710 φησὶ
3577 3644 3689 3702 τοὺς

2104 3731 2672 3796 ἀποστόλους,οίτινες
2705 3731 2929 3802 ὕψωσαν
2955 3733 3054 3797 τάς
3089 3731 3272 3803 φωνάς
3310 3733 3510 3787 αὐτῶν
3544 3738 3625 3798 είς
3642 3737 3691 3787 τί

2058 3911 2065 3920 Ι
2105 3826 2384 3920 κήρυγμα.

2183 3938 2202 3971 ι
2256 3919 2506 3992 Ἀροῦσιν
2559 3919 2610 3974 οί
2664 3921 2904 3990 ποταμοὶ
2943 3921 3254 3992 ἐπιτρίψεις
3309 3923 3532 3979 αὑτῶν.
3577 3943 3595 3976 ι
3630 3953 3691 3964 -

2107 4011 2394 4082 Ποταμοὺς
2419 4011 2514 4066 νῦν
2540 4029 2676 4082 φησι
2713 4011 2840 4074 τοὺς
2901 4011 3132 4084 ὕστερον
3187 4013 3591 4081 διδασκάλους,
3620 4017 3688 4068 οῖ·

2103 4119 2252 4167 τινες
2293 4105 2416 4167 ταῖς
2470 4105 2610 4167 ὁδοῖς
2645 4104 2745 4175 τῆς
2795 4103 2904 4158 τῶν
2955 4105 3278 4159 ἀποστόλων
3334 4106 3689 4169 διδασκαλίας

2104 4194 2581 4265 ἐπηκολούθησαν·
2624 4196 2934 4266 ἐπιτρίψεις
2973 4196 3085 4265 γάρ
3125 4198 3264 4250 είσιν
3316 4198 3375 4249 αί
3418 4199 3598 4267 τομαὶ
3632 4198 3686 4257 ἀς

2102 4287 2468 4358 χαράττουσιν
2496 4289 2544 4340 οῖ
2569 4290 2834 4357 ποταμοὶ,
2870 4288 3246 4358 ἐπιτρίσοντες
3279 4290 3382 4358 τὴν
3401 4290 3518 4359 γῆν
3545 4294 3602 4344 ἐν
3623 4293 3688 4357 τῷ

2102 4379 2387 4451 φέρεσθαι.
2420 4380 2493 4434 Τὸ
2536 4380 2592 4433 δέ
2625 4381 2886 4450 ἀροῦσιν
2919 4379 3154 4434 ἐνταῦθα
3195 4381 3351 4450 δηλοῖ
3383 4383 3447 4434 τὸ
3490 4383 3686 4454 λήψον-

2101 4487 2215 4524 ται.

2034 4581 2076 4636 ι)
2183 4581 2204 4615 ι
2249 4562 2379 4618 Ἀπὸ
2404 4563 2598 4632 φωνῶν
2620 4564 2827 4618 ὑδάτων
2855 4563 3087 4622 πολλῶν.
3129 4585 3148 4617 ι
3180 4597 3242 4608 -—
3271 4566 3494 4622 ’Υδατα
3525 4569 3684 4622 πο).λά

2105 4655 2324 4726 νοητέον
2360 4655 2486 4718 τοὺς
2512 4656 2842 4720 ἀποστόλους
2871 4659 2968 4712 καὶ
3026 4659 3250 4723 λοιποὺς
3279 4660 3651 4726 διδασκάλους
3669 4680 3683 4693 ·

2104 4748 2287 4816 φωνάς
2313 4747 2371 4800 δέ
2397 4748 2580 4800 αὑτῶν
2615 4751 2711 4812 τὰς
2735 4750 3088 4814 διδασκαλίας
3111 4767 3124 4781 ’
3161 4751 3452 4808 θάλασσαν
3509 4755 3568 4807 δὲ
3595 4756 3685 4824 τὴν

2104 4841 2319 4910 πληθὺν
2347 4842 2456 4895 τῶν
2490 4846 2902 4896 πιστευσάντων
2927 4844 3096 4896 ἐθνῶν
3119 4861 3135 4876 ο
3173 4849 3605 4917 μετεωρισμοὺς

2099 4935 2197 4998 τὰς
2229 4934 2364 5005 πρὸς
2402 4935 2535 4987 Θεδν
2567 4934 2806 5004 ὑψώσεις
2839 4937 2946 4988 τῶν
2974 4937 3245 4993 διανοιῶν.

2177 5045 2194 5076 ι
2231 5026 2558 5096 Θαυμαστὸν
2589 5030 2646 5079 ἐν
2691 5028 2916 5098 ὑψηλοῖς
2960 5030 2987 5081 ό
3031 5029 3255 5097 Κύριος.
3301 5050 3320 5082 ι
3355 5062 3425 5071 -
3467 5031 3687 5086 Μᾶλλον

2099 5118 2156 5171 δὲ
2191 5119 2250 5172 ἐν
2307 5121 2421 5180 τοῖς
2475 5117 2706 5189 ὑψηλοῖς
2756 5119 3082 5190 πράγμασιν
3131 5122 3243 5190 ﬁo);
3291 5127 3407 5185 τοῖς
3470 5125 3686 5193 ῥηθεῖσι

2103 5213 2501 5282 μετεωρισμοῖς
2527 5211 2839 5282 θαυμαστὸς
2863 5213 2890 5264 ό
2920 5215 3147 5283 Κύριος,
3167 5215 3194 5268 ό
3227 5215 3601 5284 κατορθώσας
3627 5219 3685 5270 τά

2099 5305 2409 5373 θαυμαστά.

2179 5415 2198 5449 ι
2246 5397 2326 5450 Ta
2363 5398 2645 5468 μαρτύριά
2703 5415 2796 5451 σου
2851 5396 3232 5468 ἐπιστώθησαν
3290 5402 3528 5471 σφόδρα.
3566 5423 3588 5455 ι
3625 5435 3686 5446 -

2100 5487 2168 5540 Al
2202 5489 2334 5558 περὶ
2358 5489 2451 5541 σοῦ
2477 5494 2816 5560 μαρτυρικαὶ
2849 5495 3180 5562 προφητεῖαι
3208 5493 3332 5545 λίαν
3354 5496 3684 5566 ἐδείχθησαν

2097 5579 2339 5651 ἀληθεῖς.

2174 5694 2193 5726 ι
2236 5675 2310 5728 Τδ
2330 5677 2464 5744 οἴκῳ
2499 5693 2590 5728 σου
2625 5677 2822 5748 πρέπει
2865 5679 3143 5748 ἀγίασμα,
3202 5681 3400 5749 Κύριε,
3435 5682 3514 5744 εἰς
3587 5699 3685 5752 μαι

2095 5766 2336 5836 κρότητα
2369 5766 2613 5837 ἡμερῶν.
2655 5785 2672 5817 ι
2715 5798 2778 5808 -—
2813 5766 2972 5830 Οἶκος
3000 5768 3136 5822 Θεοῦ
3167 5771 3197 5836 ή
3235 5769 3549 5839 Ἐκκλησία
3581 5775 3682 5824 τῶν

2096 5853 2369 5928 πιστῶνῇ
2425 5859 2625 5928 πρέπει
2676 5863 2737 5914 τὸ
2789 5859 2928 5916 εἶναι
2984 5863 3114 5932 ἁγία
3147 5863 3417 5932 διηνεκῶς
3448 5867 3548 5920 καὶ
3593 5883 3681 5936 μσ-
