3806 6356
180 345 296 408 1545

1304 348 1710 409 EXPOSITIO
1751 350 1835 410 ΙΝ
1877 349 2008 409 PSA
2020 345 2238 409 LMOS.

3234 340 3257 403 1
3269 338 3374 400 546

183 460 360 529 λυσμου
399 458 774 529 καθαρότητος
799 458 997 524 παντὸς
1045 460 1120 524 ὡς
1150 460 1360 515 ἔνοικον
1389 463 1586 534 ἐχούσῃ
1619 462 1710 516 τὸν
1738 470 1785 525 Α
1891 481 1909 513 ι
1948 463 2011 516 Et
2044 462 2120 532 μὴ
2149 462 2229 514 ὅτι
2278 459 2482 529 Κύριος
2513 454 2785 541 ἐϐοήθησέ
2828 471 2920 525 μοι
2945 469 2958 485 ο
2998 442 3157 525 παρὰ
3198 450 3380 525 βραχὺ

177 553 316 615 ὅντως
348 552 524 618 ἆγιον.

702 645 996 700 mmo:
1033 647 1148 714 ιιιν.

241 756 257 789 ι
287 736 500 807 Ψαλμδς
522 735 599 805 τῷ
639 737 803 789 Δαυῖδ
832 740 1051 807 τετράδι
1110 741 1416 796 Σαϐϐἀτου.
1447 741 1581 803 Θεδς
1612 742 1710 795 ὲκο

174 830 409 899 δικήσεων
460 828 681 899 Κύριος.
726 847 745 880 ι
779 857 851 870 -
880 830 1012 895 Θεὸς
1062 831 1355 901 ὲκδικητὴς
1411 836 1439 887 6
1504 832 1713 902 Κύριός

176 924 294 976 ἐστι.
337 921 686 994 Παρηγορίαν
714 924 743 976 6
771 914 989 993 ψαλμδς
1031 927 1144 988 τοῖς
1187 926 1567 997 ἀδικουμένοις
1599 927 1713 978 είσ-

179 1014 335 1085 φέρει.

238 1125 254 1157 ι
285 1104 408 1168 Θεὸς
436 1104 772 1174 ἐκδικήσεων
798 1105 1268 1177 ἐπαρρησιάσατο.
1304 1126 1323 1160 ι
1352 1137 1422 1150 -
1455 1109 1529 1161 T6
1546 1110 1715 1180 έπαῤ-

175 1199 450 1266 ῥησιάσατο
494 1198 618 1250 ἀντὶ
660 1196 755 1249 τοῦ
810 1198 1278 1268 παρρησιάζεται,
1308 1202 1558 1255 τουτέστι
1614 1201 1713 1273 τὴν

173 1288 344 1341 ἑαυτοῦ
373 1287 681 1358 φανερώσει
703 1288 1129 1357 δικαιοκρισίαν.

239 1398 257 1433 ι
293 1380 557 1450 Ὑψώθητι
585 1383 614 1433 6
646 1382 849 1451 κρίνων
877 1382 974 1453 τὴν
1003 1381 1105 1452 γῆν
1125 1399 1139 1413 ·
1174 1383 1372 1443 ἀπόδος
1411 1383 1714 1438 ἀνταπόδο-

176 1489 248 1524 σιν
286 1475 390 1534 τοῖς
445 1473 840 1542 ὑπερηφάνοις.
895 1491 915 1525 ι
972 1502 1045 1515 --
1092 1475 1512 1545 ’Υπερηφάνους
1566 1476 1716 1543 λέγει

172 1565 284 1625 τοὺς
327 1565 593 1627 δυνάστας
638 1564 714 1627 ὡς
766 1564 876 1619 τῶν
909 1567 1158 1632 πενήτων
1210 1567 1714 1639 καταφρονοῦντας.

239 1674 256 1707 ι
295 1654 618 1723 Φθέγξονται
653 1658 749 1711 καὶ
792 1657 1116 1725 λαλήσουσιν
1159 1659 1393 1713 ἀδικίαν.
1423 1678 1443 1710 ι
1472 1688 1543 1699 -
1580 1658 1717 1711 Ἀπὸ

171 1747 338 1800 κοινοῦ
390 1749 471 1813 τὸ,
507 1765 526 1798 ι
563 1748 708 1813 Ἕως
763 1750 895 1803 πότε
939 1748 1238 1820 λαλήσουσι
1269 1751 1491 1815 πάντες.
1532 1769 1552 1802 ι
1586 1752 1717 1805 ’Δπδ

172 1838 338 1892 κοινοῦ
362 1839 420 1890 τὸ
442 1838 705 1895 ἀδικίαν.

239 1951 255 1981 ι
292 1932 477 1999 Χήραν
512 1931 612 1984 καὶ
640 1931 878 2001 ὀρφανὸν
917 1931 1248 1987 ἀπέκτειναν
1273 1948 1289 1967 ’
1323 1934 1419 1986 καὶ
1446 1935 1722 2005 προσήλυ-

173 2041 254 2077 τον
289 2025 606 2093 ἐφόνευσαν.
648 2044 669 2078 ι
705 2054 775 2069 -ι-
820 2025 1141 2078 ’Δποκτενεί
1169 2026 1264 2079 καὶ
1310 2026 1565 2097 φονεύσει
1614 2030 1722 2091 πᾶς

164 2118 195 2169 6
225 2114 478 2186 ἁρπάζων
503 2116 573 2169 τὰ
617 2115 874 2185 ἀλλότρια
904 2132 918 2148 ·
961 2118 1300 2187 προσήλυτος
1330 2117 1387 2170 δὲ
1431 2118 1585 2188 παρὰ
1622 2121 1721 2188 μὲν

179 2208 439 2271 Ἰουδαίοις
467 2210 496 2263 6
522 2209 581 2274 ἐξ
600 2208 770 2263 ὲθνῶν
790 2209 867 2280 τῷ
882 2209 1199 2281 Ἰουδαϊσμῷ
1228 2211 1567 2283 προσελθὼν,
1589 2213 1722 2284 παρ’

167 2302 289 2370 ἡμῖν
318 2299 373 2353 δὲ
394 2301 422 2353 6
448 2301 741 2371 πάροικος.

239 2412 256 2445 ι
295 2393 400 2446 Καὶ
433 2386 634 2445 εἶπαν·
666 2393 781 2446 Οὐκ
832 2391 1027 2462 ὄψεται
1073 2391 1303 2464 Κύριος,
1329 2395 1450 2449 οὐδὲ
1501 2399 1719 2466 συνήσει

162 2486 191 2539 6
212 2485 345 2559 Θεὸς
382 2484 477 2538 τοῦ
514 2485 731 2543 Ἰακώϐ.
764 2504 785 2540 ι
818 2515 890 2529 -
914 2486 986 2540 Τὸ
1016 2486 1278 2555 συνήσει
1320 2489 1442 2542 ἀντὶ⁸
1463 2487 1559 2543 τοῦ
1583 2489 1722 2559 γνώ-

164 2558 350 2633 σεται..

235 2689 255 2722 ι
292 2670 486 2724 Σύνετε
510 2670 576 2740 δὴ
604 2669 842 2740 ἄφρονες
879 2672 937 2724 ὲν
975 2671 1053 2742 τῷ
1080 2670 1215 2740 λαῷ,
1245 2672 1338 2726 καὶ
1381 2673 1558 2743 μωροί
1587 2691 1719 2729 ποτε

159 2763 483 2831 φρονήσατε.
517 2783 537 2816 ι
568 2792 636 2805 -
671 2763 971 2829 Ἐπίγνωτε
1002 2765 1071 2817 τὰ
1095 2764 1230 2817 πᾶσι
1256 2763 1534 2834 γνώριμα.

236 2876 254 2907 ι
298 2856 356 2910 Ὀ
387 2854 663 2925 φυτεύσας
683 2857 741 2909 τὸ
772 2850 862 2919 οῦς
889 2855 1012 2925 οὐχὶ
1042 2856 1262 2922 dumdu;
1286 2854 1318 2925 ἢ
1343 2858 1370 2908 6
1395 2854 1604 2920 πλάσας
1629 2857 1721 2911 τὸν

157 2946 433 3015 ὀφθαλμὸν
480 2947 605 3018 οὐχὶ
652 2950 952 3015 κατανοεῖ;
992 2965 1012 2999 ι
1045 2977 1119 2989 —-
1150 2947 1225 3001 Τὸ
1274 2948 1561 3003 κατανοεῖ
1600 2949 1724 3004 ἀντὶ

154 3037 250 3093 τοῦ
272 3040 389 3109 ὁρᾷ.

233 3150 253 3182 ι
295 3130 352 3184 ’0
387 3130 663 3184 παιδεύων
693 3130 821 3200 ἔθνη
854 3128 975 3200 οὐχὶ
1005 3129 1215 3199 ἐλέγξει
1241 3146 1258 3196 ;
1282 3149 1301 3183 ι
1327 3162 1399 3172 -
1433 3133 1499 3185 Ἀ
1525 3133 1620 3185 καὶ
1652 3134 1721 3187 τὰ

154 3222 257 3291 μὲν
286 3224 451 3291 ’νόμον
482 3223 752 3294 δεξάμενα
788 3224 944 3276 θεῖον.
968 3223 1098 3295 ἔθνη
1127 3225 1401 3278 παιδεύων
1433 3227 1525 3278 καὶ
1565 3242 1722 3278 συνε-

150 3315 320 3377 τίζων
354 3314 441 3368 διὰ.
465 3314 575 3368 τῶν
604 3313 737 3385 παρ’
762 3314 946 3378 αὐτοῖς
979 3316 1160 3386 νόμων
1188 3315 1258 3369 δι’
1298 3310 1374 3369 ὧν
1408 3318 1456 3369 οί
1506 3301 1726 3369 πταίον-

150 3425 246 3471 τες
276 3407 617 3473 κολάζονται,
646 3407 772 3476 οὐχὶ
806 3406 1036 3477 ἐλέγξει,
1071 3411 1323 3462 τουτέστι
1372 3409 1590 3462 κολάσει
1624 3424 1726 3463 πα-

152 3499 528 3570 ρανομοῦντας
553 3499 698 3568 ὑμᾶς
729 3515 748 3563 ς

231 3609 252 3641 ι
302 3594 361 3643 Ὀ
384 3590 646 3644 διδάσκων
675 3589 963 3660 ἄνθρωπον
984 3588 1207 3659 γνῶσιν.
1247 3606 1265 3640 ι
1304 3617 1372 3630 -—
1404 3590 1465 3643 '0
1490 3589 1726 3658 χορηγὸς

147 3678 251 3745 τῆς
280 3678 537 3744 γνώσεως
580 3676 712 3739 θεὸς
757 3678 977 3742 πάντως
1018 3676 1281 3745 γινώσκει
1331 3679 1458 3740 τοὺς
1487 3677 1727 3745 διαλογι-

147 3770 329 3836 σμοὺς
361 3771 466 3822 τῶν
492 3769 560 3823 τὰ
594 3769 911 3839 ἀνθρώπινα
936 3771 1278 3838 φρονούντων
1303 3768 1398 3821 καὶ
1415 3769 1602 3839 γήϊνα,
1628 3772 1724 3824 καὶ

144 3861 246 3914 διὰ
274 3861 434 3915 τοῦτο
479 3862 606 3932 περὶ
637 3862 737 3933 τήν
791 3864 941 3916 Θείαν
987 3865 1245 3934 πρόνοιαν
1296 3862 1725 3934 ἁμαρτανόντων

145 3955 236 4006 ὅτι
274 3955 382 4006 είσὶ
407 3955 622 4023 ψευδεῖς
655 3957 752 4009 καὶ
774 3957 1134 4026 ἐσφαλμένοι.

226 4064 246 4095 ι
282 4042 567 4113 Μακάριος
589 4043 900 4115 ἄνθρωπος,
938 4045 997 4099 δν
1023 4046 1088 4098 ἂν
1117 4046 1438 4117 παιδεύσῃς,
1470 4045 1663 4118 Κύριε.
1701 4066 1719 4096 ι

141 4166 220 4177 —-
260 4138 361 4189 Ὃν
386 4136 451 4190 ἂν
482 4138 765 4208 συνετίσῃς
808 4140 872 4208 τῇ
912 4138 1065 4206 παρὰ
1107 4136 1204 4190 σοῦ
1236 4135 1583 4208 διδασκαλίᾳ.

228 4247 247 4279 ε
291 4228 402 4280 Καὶ
435 4230 497 4280 ὲκ
527 4225 617 4281 τοῦ
640 4232 805 4297 νόμου
848 4244 941 4280 σου
970 4227 1189 4298 διδάξῃς
1222 4228 1405 4281 αὐτόν.
1447 4246 1466 4280 ι
1495 4258 1565 4269 —
1598 4227 1725 4283 Εἴτε

138 4320 245 4371 τοῦ
275 4319 512 4386 φυσικοῦ
542 4320 651 4372 είτε
680 4320 772 4373 τοῦ
801 4324 1070 4390 γραπτοῦ.

222 4428 243 4461 ε
287 4411 400 4464 Τοῦ
432 4411 675 4482 πραῧναι
709 4414 870 4467 αὑτὸν
905 4416 996 4484 ἀφ’
1035 4415 1261 4486 ήμερῶν
1306 4414 1581 4484 πονηρῶν.
1614 4431 1632 4464 ι
1657 4441 1728 4453 -

154 4503 256 4566 Ὠς
297 4502 376 4574 μὴ
409 4505 748 4574 σχετλιάζειν
802 4507 990 4572 αὑτὸν,
1019 4508 1094 4577 μὴ
1138 4508 1471 4574 ἀγανακτεῖν
1525 4506 1589 4559 ὲκ
1617 4505 1728 4557 τῶν
1762 4523 1805 4577 ι)
1831 4502 1920 4584 διὰ
1978 4532 2040 4584 τδ

136 4596 437 4650 ἐπιπόνων
464 4598 710 4668 ήμερῶν,
741 4599 823 4657 ὅτι
853 4600 884 4668 ἡ
921 4601 1090 4652 κακία
1128 4598 1537 4669 κατακυριεύει,
1607 4598 1724 4651 ἀλλ’

136 4688 547 4758 ὑπομένεινρτε
590 4691 683 4743 καὶ
728 4689 1103 4759 μακροθυμεῖν
1137 4690 1241 4751 ἕως
1272 4690 1339 4744 ἂν
1398 4691 1503 4756 πᾶς
1538 4692 1566 4743 6
1618 4690 1727 4741 τῶν

133 4781 320 4835 θείων
347 4780 577 4836 ἐντολῶν
604 4783 930 4851 παραϐάτης
949 4783 1030 4843 εἰς
1065 4780 1258 4853 βόθρον
1282 4781 1526 4852 ἐκϐληθῇ
1550 4780 1725 4836 ἀϊδίου

131 4874 481 4936 κακώσεως.

224 4985 244 5017 ε
290 4967 438 5029 Ἕως
471 4958 532 5019 οῦ
562 4967 733 5038 ὀρυγῇ
769 4965 845 5035 τῷ
883 4967 1193 5036 ἁμαρτωλῷ
1219 4967 1430 5037 βόθρος.
1465 4986 1483 5019 ι
1509 4967 1724 5031 -Ἶῐως

127 5061 214 5112 ἂν
248 5060 288 5128 ἡ
324 5060 778 5130 αὑτοδικαιοσύνη
806 5060 1045 5130 Χριστὸς
1068 5062 1133 5112 ὲκ
1153 5060 1255 5129 τῆς
1283 5060 1378 5114 νῦν
1414 5063 1615 5132 ἀνοχῆς
1636 5063 1729 5115 ἐπὶ

121 5153 248 5222 τὴν
296 5153 600 5221 μέλλουσαν
633 5155 813 5222 κρίσιν
861 5156 1046 5224 τραπῇ
1096 5153 1188 5205 καὶ
1244 5152 1479 5224 ἐχομένη
1515 5153 1728 5223 (ἐχόμε-

121 5244 250 5304 νοι)
286 5246 389 5298 καλ⁸
418 5246 585 5312 ἐγγὺς
617 5244 782 5298 αὐτοῦ
816 5247 1018 5307 πάντες
1047 5247 1093 5298 οί
1117 5242 1337 5300 δίκαιοι.
1443 5308 1448 5312 ι

152 5343 184 5375 ⁸
218 5357 240 5388 ε
288 5339 390 5401 Τίς
421 5338 788 5408 ἀναστήσεται
822 5355 916 5406 μοι
949 5339 1044 5390 ἐπὶ
1070 5332 1532 5408 πονηρευομένοις
1560 5355 1577 5406 ;
1616 5356 1634 5390 ι
1658 5367 1728 5379 —

100 5432 237 5492 Τίς
281 5429 548 5499 βοηθήσει
584 5446 675 5498 μοι
727 5430 867 5481 κατὰ
917 5430 1022 5482 τῶν
1071 5429 1326 5500 πονηρῶν
1359 5428 1572 5500 ἐχθρῶν
1619 5430 1726 5482 τῶν

101 5520 435 5588 αἰσθητῶν
467 5538 523 5573 τε
555 5523 648 5573 καὶ
676 5522 913 5589 νοητῶν;

209 5632 232 5664 ε
277 5614 355 5665 Ἥ
388 5613 470 5675 τίς
502 5614 1029 5683 συμπαραστήσεταί
1061 5631 1150 5683 μοι
1201 5615 1294 5667 ἐπὶ
1339 5614 1465 5678 τους
1500 5615 1726 5686 ἐργαζο-

97 5706 355 5779 μένους
384 5705 479 5776 τὴν
506 5707 737 5776 ἀνομίαν
757 5750 773 5774 ,
802 5724 819 5758 ι
852 5733 923 5748 -
951 5705 1423 5778 Παραταττομένῳ
1452 5707 1724 5779 κατάρτῶν

82 5798 402 5866 δυσμῶν.

390 5897 659 5956 ΡΑῑιιυι..
705 5893 819 5958 Ωιι-
852 5894 1088 5957 CXLII.

1520 6078 1592 6093 “-

1817 553 2120 622 παρῴκησε
2143 551 2224 622 τῷ
2248 551 2349 623 ᾄδῃ
2373 552 2405 621 ή
2433 551 2579 620 ψυχή
2618 567 2745 619 μου.
2786 569 2805 602 ι
2832 578 2904 589 --
2944 548 3090 601 ’Δντὶ
3122 548 3217 601 τοῦ
3248 546 3384 619 ὲνῲο

1814 663 2002 716 κησεν.
2029 644 2196 716 ’ᾼδην
2220 643 2275 696 δὲ
2304 644 2452 712 λέγει
2478 643 2571 696 τὸν
2594 642 2860 706 κίνδυνον,
2890 642 3001 695 εἴτε
3026 640 3120 694 τὸν
3145 657 3387 711 σωματι-

1813 739 1907 793 κὸν
1937 738 2049 792 εῐτι
2082 737 2170 790 τὸν
2191 736 2441 805 ψυχικόν.

1891 848 1910 881 ι
1947 829 2010 882 El
2061 827 2270 896 ελεγον,
2308 826 2636 879 Σεσάλευται
2688 826 2716 879 6
2771 825 2905 888 πούς
2954 824 3186 894 μουοτδ
3239 823 3387 883 ἔλεός

1817 940 1936 988 σου,
1998 923 2193 991 Κύριε,
2247 921 2463 988 ἐϐοήθει
2497 937 2608 988 μοι.
2648 937 2669 973 ι
2715 948 2787 962 --
2816 920 2879 971 El
2929 916 3390 988 ὲξωμολογούμην

1814 1017 1915 1084 τὴν
1948 1016 2087 1069 ἰδίαν
2124 1014 2410 1069 ἀσθένειαν
2444 1014 2544 1084 τῆς
2576 1013 2673 1084 σῆς
2704 1011 3116 1083 φιλανθρωπίας
3156 1009 3393 1079 ἐτύγχα-

1816 1125 1929 1161 νον.

1894 1218 1913 1251 ι
1953 1200 2112 1254 Κατὰ
2141 1197 2204 1252 τὸ
2241 1199 2443 1267 πλῆθος
2473 1196 2583 1250 τῶν
2612 1194 2818 1249 ὀδυνῶν
2850 1210 2953 1262 μου
2986 1197 3044 1246 έν
3074 1195 3137 1262 τῇ
3189 1193 3390 1263 καρδίᾳ

1822 1308 1926 1361 μου
1961 1294 2018 1345 αἱ
2044 1292 2424 1362 παρακλήσεις
2452 1307 2544 1343 σου
2577 1287 2851 1358 εὔφραιαν
2873 1287 2971 1354 τὴν
2997 1287 3179 1355 ψυχήν
3210 1303 3333 1355 μου.
3363 1304 3382 1336 ο

1815 1412 1886 1422 -
1928 1383 2329 1450 Ἀναλογοῦσαν
2350 1386 2469 1445 ταῖς
2491 1381 2706 1443 ὀδύναις
2732 1397 2832 1449 μου
2862 1381 2982 1443 ταῖς
3011 1382 3068 1433 ἐν
3095 1377 3391 1449 ’τῇ-καρδίᾳ

1822 1493 1923 1547 μου
1954 1478 2105 1547 ποιρὰ
2135 1478 2229 1530 σοῦ
2263 1478 2525 1546 ἐδεχόμην
2556 1473 2911 1544 παραψυχήν.

1896 1586 1915 1619 ι
1952 1568 2044 1638 Μὴ
2077 1567 2478 1637 συμπροσέστω
2501 1582 2585 1619 σοι
2612 1564 2801 1635 θρόνος
2832 1564 3082 1634 ἀνομίας.
3120 1581 3140 1615 ι
3167 1593 3236 1602 -
3256 1562 3393 1631 Θρόο

1822 1678 1913 1713 νον
1948 1660 2181 1729 ἀνομίας
2212 1659 2303 1712 τὸν
2349 1658 2666 1724 δαιμονικὸν
2691 1656 2957 1726 ὀνομάζει
2988 1656 3157 1725 ἑσμὸν
3207 1654 3296 1708 διὰ
3328 1653 3390 1706 τὸ

1821 1753 1921 1821 τὴν
1949 1753 2182 1821 ἀνομίαν
2211 1753 2270 1804 ὲν
2293 1751 2478 1815 αὐτοῖς
2507 1752 2599 1804 καὶ
2635 1749 2948 1820 βασιλεύειν
2982 1749 3075 1802 καὶ
3117 1746 3390 1801 ἀναπαύε-

1755 1847 1797 1902 B
1828 1845 1973 1898 σθαι.
2000 1843 2235 1914 Εὔχεται
2254 1843 2332 1910 δὲ,
2362 1842 2563 1920 μάλλον
2596 1843 2652 1896 δὲ
2682 1841 3016 1915 προφητεύει
3038 1840 3195 1908 τύπῳ
3222 1839 3389 1909 εὐχῆς

1825 1938 1902 2009 μὴ
1933 1939 2059 1999 τοὺς
2088 1937 2349 2008 δαίμονας
2378 1939 2750 2005 συμπαρεῖναι
2777 1936 3014 2005 κρίνοντι
3035 1934 3111 2005 τῷ
3139 1931 3387 2004 Χριστῷ,

1822 2030 1958 2084 ἀλλὰ
2022 2031 2129 2101 πρὸ
2186 2032 2283 2101 τῆς
2332 2030 2497 2086 αὐτοῦ
2555 2030 2782 2084 καθόδου
2832 2032 2932 2098 τὴν
2976 2026 3390 2098 ἡτοιμασμένην

1823 2123 2052 2185 ἐκείνοις
2082 2120 2469 2192 κληρώσασθαι
2497 2121 2748 2190 γέενναν,
2786 2120 2877 2174 ἵνα
2929 2119 3005 2189 μὴ
3060 2118 3182 2169 λίαν
3237 2114 3392 2176 ὅντες

1826 2211 2023 2284 μισάνθ
2031 2230 2205 2283 ρωποι
2224 2213 2577 2283 κατηγορῶσι
2601 2211 2710 2265 τῶν
2728 2210 2979 2277 δικαίων,
2997 2210 3114 2262 εἴτι
3134 2206 3229 2260 καὶ
3241 2206 3393 2273 παρὰ

1822 2302 2049 2374 γνώμην
2078 2302 2296 2367 τούτοις
2325 2303 2665 2375 ήμάρτηται.

1904 2413 1923 2446 ι
1968 2392 2029 2446 'U
2072 2395 2334 2448 πλάσσων
2385 2393 2552 2447 κόπον
2605 2391 2700 2445 ἐπὶ
2755 2394 3109 2462 πρόσταγμα.
3151 2408 3170 2440 ι
3218 2418 3287 2428 -
3326 2387 3392 2440 '0

1822 2485 2139 2554 δαιμονικδς
2171 2486 2338 2551 ὲσμδς
2389 2485 2481 2539 ἰπὶ
2526 2485 2589 2538 τὸ
2623 2484 2858 2553 έλαφρον
2912 2483 3242 2554 πρόσταγμα
3294 2479 3390 2534 τοῦ

1822 2577 2063 2647 Χριστοῦ
2090 2580 2257 2631 κόπον
2286 2577 2544 2642 πλάσσει,
2590 2575 3020 2640 κατασκευάζων
3068 2576 3154 2643 ἐφ’
3191 2573 3394 2636 ἑαυτὰς

1820 2668 1921 2731 τὰς
1949 2671 2219 2740 κυριακάς
2243 2668 2463 2734 ὲντολάς
2505 2668 2821 2738 ἐπιπόνους,
2845 2667 2923 2732 ὡς
2950 2664 3202 2721 ἐντεῦθεν
3224 2665 3395 2729 αύτάς

1823 2764 2289 2834 παραιτουμένου.

1899 2891 1920 2926 ι
1955 2874 2326 2945 Θηρεύσουσιν
2377 2874 2472 2928 επὶ
2518 2872 2698 2945 ψυχὴν
2740 2872 2974 2926 δικαίου.
3012 2888 3032 2922 ο
3064 2900 3135 2912 -—
3159 2869 3274 2940 Τὴν
3302 2870 3382 2923 αίο

1821 2966 1948 3022 τίαν
1976 2966 2126 3034 λέγει
2160 2966 2229 3021 δι’
2261 2966 2327 3038 ήν
2360 2967 2666 3037 ἀπεύχεται
2715 2964 2808 3018 τὸν
2865 2962 3182 3034 δαιμονικὸν
3224 2961 3395 3031 ὲσμδν

1825 3063 2081 3132 παρεῖναι
2108 3060 2186 3131 τῷ
2213 3059 2482 3132 κριτηρίῳ
2518 3056 2614 3112 τοῦ
2668 3056 2907 3128 Χριστοῦ
2929 3073 2944 3089 ο
2981 3056 3206 3127 πάρεισι
3259 3056 3393 3125 γὰρ,

1829 3151 2018 3219 φησὶν,
2052 3151 2099 3204 (οἱ
2131 3152 2378 3221 δαίμονες
2403 3166 2419 3181 ⁸
2454 3150 2629 3222 θήραν
2688 3152 2984 3220 στήσουσιν
3031 3152 3124 3203 ἐπι
3171 3148 3262 3202 τὸν
3317 3148 3395 3200 δὶ-

1829 3259 2007 3310 καιον,
2040 3244 2477 3315 κατηγοροῦντες
2499 3243 2770 3308 παντοίως
2798 3240 3188 3313 διαμισοῦντας
3221 3240 3395 3310 ὑπεριο

1827 3336 2013 3405 ϐολήν.

1903 3443 1923 3477 ι
1961 3426 2069 3479 Καὶ
2125 3423 2266 3498 αἷμα
2328 3427 2506 3481 ἀθῶον
2563 3427 3035 3482 καταδικάσονται.
3099 3446 3119 3480 ι
3165 3455 3237 3473 σ-ο
3287 3425 3395 3481 Τὸν

1828 3517 2009 3570 ἀθῶόν
2069 3536 2202 3588 φησι
2255 3518 2729 3590 περιφραστικῶς,
2787 3518 2866 3585 ὃν,
2928 3520 2977 3572 εί
3041 3520 3298 3589 πάρεισιν
3334 3519 3384 3571 οί

1825 3608 2102 3679 δαίμονες,
2144 3611 2428 3666 κατάδικον
2480 3613 2801 3684 ποιήσουσιν
2850 3611 2977 3665 ὅσον
3027 3612 3086 3664 τὸ
3144 3609 3232 3662 ἐπ’
3286 3610 3383 3662 a6-

1826 3716 1961 3761 τοις.

1904 3810 1923 3843 ι
1961 3792 2070 3846 Καὶ
2093 3793 2310 3860 ἐγένετό
2343 3811 2433 3865 μοι
2489 3793 2696 3865 Κύριος
2750 3794 2830 3858 είς
2881 3796 3229 3864 καταφυγήν.
3268 3813 3288 3848 ι
3323 3821 3397 3836 -

1841 3881 1899 3936 ’0
1927 3886 2276 3955 παρῳχηκὼς
2310 3887 2431 3940 ἀντὶ
2460 3887 2767 3957 μέλλοντος.

1900 3994 1920 4028 ι
1951 3978 2060 4030 Καὶ
2085 3981 2113 4032 6
2155 3978 2287 4042 Θεός
2325 3998 2426 4049 μου
2476 3982 2555 4042 είς
2617 3981 2813 4050 βοηθὸν
2852 3981 3069 4045 ἐλπίδος
3111 3999 3236 4050 μου.
3276 4001 3296 4034 ι
3324 4011 3393 4025 --

1826 4070 2030 4141 Βοηθὸς
2053 4073 2153 4140 τῆς
2182 4062 2395 4136 ἐλπίδος
2426 4090 2528 4144 μου
2554 4075 2672 4144 ήτοι
2711 4075 2904 4146 βοηθὸς
2931 4075 3065 4145 ὶμοῦ
3114 4074 3210 4128 τοῦ
3244 4077 3396 4129 ἐλπί-

1827 4161 2011 4227 ζοντος
2047 4163 2136 4215 ἐπ’
2174 4166 2361 4218 αὐτόν.

1905 4273 1924 4307 ι
1962 4254 2078 4307 Καὶ
2110 4255 2381 4309 ἀποδώσει
2414 4258 2598 4320 αὐτοῖς
2642 4257 2846 4328 Κύριος
2877 4258 2976 4328 τὴν
3017 4260 3255 4330 ἀνομίαν
3288 4265 3386 4315 αύ-
3460 4298 3464 4302 -

1828 4345 1960 4407 τῶν.
1995 4346 2092 4400 καὶ
2123 4347 2223 4416 τὴν
2254 4348 2520 4417 πονηρίαν
2551 4348 2731 4402 αὐτῶν
2756 4364 2771 4379 ⁸
2803 4351 3029 4419 ἀφανιετ
3060 4352 3256 4415 αὐτοὺς
3283 4353 3395 4407 Κύ-

1831 4456 1945 4510 ριος
1988 4441 2017 4492 6
2068 4440 2203 4503 Θεὸς
2250 4441 2432 4510 ἡμῶν.
2462 4460 2481 4493 ι
2522 4470 2594 4484 -—
2628 4441 2883 4510 Ούδαμοῦ
2919 4444 3028 4513 γὰρ
3055 4446 3394 4515 φανήσονται

2108 4533 2532 4603 κατακεχῶσθαι
2586 4533 2665 4602 τῷ
2735 4535 3124 4606 ήτοιμασμένῳ
3185 4536 3396 4599 τούτοις

1833 4624 1988 4695 πυρί.

2394 4719 2690 4775 “mox
2718 4724 2830 4789 ιιεν.

1905 4852 1924 4884 ι
1959 4830 2118 4896 Αἶνος
2175 4833 2317 4904 ᾠδῆς
2369 4824 2445 4904 τῷ
2500 4836 2683 4893 Δαυῒδ.
2716 4837 2881 4891 Δεῦτε
2933 4839 3397 4911 ἀγαλλιασὼμεθα

1826 4926 1903 4996 τῷ
1940 4926 2163 4995 Κυρίῳ·
2216 4925 2581 4996 ἀλαλάξωμεν
2634 4927 2713 4998 τῷ
2757 4929 2874 4999 Θεῷ
2934 4930 3013 5001 τῷ
3076 4933 3282 5000 σωτῆρι
3330 4935 3392 5001 ή-

1831 5018 2028 5087 μῶν.»
2060 5048 2128 5059 ——
2164 5020 2255 5083 Ὠς
2293 5021 2616 5090 νενικηκότα
2664 5022 2791 5085 τοὺς
2827 5020 3231 5092 τυραννοῦντας
3275 5021 3396 5076 δαί-

1831 5129 2001 5180 μονας
2029 5113 2327 5180 ἐπιφαίνει.

1904 5242 1922 5274 ι
1966 5222 2385 5294 Προφθάσωμεν
2423 5224 2483 5277 τὸ
2508 5226 2799 5293 πρόσωπον
2849 5226 3018 5281 αὐτοῦ
3045 5228 3394 5299 ὲνέξομολο-

1792 5315 2006 5383 -γήσει,
2052 5333 2072 5364 ι
2116 5345 2190 5355 -
2222 5316 2596 5387 Προλάϐωμεν
2630 5317 2728 5387 τὴν
2766 5318 3030 5387 δευτέραν
3070 5320 3236 5374 αὑτοῦ
3286 5338 3396 5375 πα-

1832 5405 2053 5473 ρουσίαν
2066 5405 2293 5477 ὲξαγορε
2303 5405 2331 5459 ύ
2340 5408 2541 5477 σειζτῶν
2561 5410 2741 5479 πεπλη
2751 5410 2927 5481 μμελη
2937 5411 3135 5481 μένων,
3148 5415 3405 5468 τουτέστι·

1833 5497 1931 5565 πρὸ
1969 5498 2203 5552 θανάτου
2264 5503 2696 5571 μετανοήσωμεν
2718 5518 2734 5533 ⁶
2772 5504 2863 5556 τὸν
2892 5506 3002 5575 γὰρ
3050 5507 3396 5560 ἀποθανόντα

1827 5587 1927 5658 ήδη
1956 5589 2263 5671 κατέλαϐεν
2288 5594 2322 5663 ή
2356 5591 2401 5663 β’
2422 5593 2633 5658 ἐλευσις
2660 5593 2754 5649 τοῦ
2784 5597 3044 5669 Χριστοῦ.

1908 5723 1926 5755 ι
1960 5704 2087 5758 Ὅτι
2123 5705 2255 5770 Θεὸς
2304 5706 2477 5777 μέγας
2509 5709 2715 5781 Κύριος
2768 5715 2864 5768 καὶ
2918 5712 3175 5783 βασιλεὺς
3227 5711 3397 5783 μέγας

1829 5796 1921 5850 ἐπὶ
1952 5797 2162 5864 πάντας
2200 5800 2327 5863 τοὺς
2364 5799 2543 5867 θεούς.
2575 5821 2594 5857 ι
2620 5833 2688 5846 --
2708 5805 2770 5861 Et
2799 5809 2892 5860 καὶ
2917 5806 3204 5873 ἅνθρωπος
3225 5808 3399 5879 mw.

3006 5900 3091 5965 49
