3806 6356
237 465 362 530 1553

1383 459 1787 523 EXPOSITIO
1823 460 1905 522 IN
1947 459 2320 521 PSALMOS.

3311 453 3446 518 1554

217 585 314 635 τῶν
354 583 502 648 ὲμῶν
533 576 850 648 συμφορῶν,
904 576 992 644 Μὴ
1026 575 1312 644 πάθοιμεν,
1373 578 1646 643 λέγοντες,
1675 573 1711 628 ἃ
1739 575 1766 627 6
1797 587 1842 642 Α
1867 601 1937 612 -
1961 570 2125 623 Ὥστε
2173 569 2330 622 λῦσαι
2359 569 2453 620 τοῦ
2508 566 2710 638 δεσμοῦ
2744 567 2846 638 τῆς
2888 567 2997 620 τῶν
3023 567 3295 637 δαιμόνων
3326 569 3448 621 δου-

218 674 425 743 δεῖνα,ἡ
469 671 664 741 ὅρκους
698 669 994 737 ἐπιϐουλῆς
1019 667 1234 737 ὤμνυον
1266 666 1572 737 κατ’ἐμοῦ.

287 786 305 819 ι
333 767 455 818 Ὅτι
512 763 702 817 σποδὸν
747 763 878 814 ὡσεὶ.
923 761 1087 827 ἄρτον
1143 759 1368 828 ἔφαγον,
1403 759 1499 812 καὶ
1525 759 1587 811 τὸ
1620 757 1773 825 πόμα

221 876 312 927 μου
350 858 487 926 μετὰ
515 855 793 924 κλαυθμοῦ
829 855 1079 924 ἐκίρνων.
1111 871 1131 904 ›
1158 881 1226 892 -—-
1246 853 1353 904 Kal
1381 851 1532 920 παρὰ
1559 850 1651 903 τὸν
1676 849 1773 916 τῆς

217 947 414 1016 τροφῆς
438 945 627 1015 καιρὸν
657 945 747 998 ἐπὶ
787 943 1077 1013 πρόσωπον
1117 941 1473 1012 ἐρριμμένος,
1511 939 1608 992 ἐπὶ
1641 955 1770 991 σπο·

217 1039 299 1092 δοῦ
332 1039 428 1091 καὶ
483 1038 715 1099 πενθῶν,
771 1037 837 1105 τῇ
869 1037 1014 1106 ἄχνῃ
1069 1033 1164 1088 τοῦ
1218 1032 1526 1103 πνεύματος
1579 1031 1774 1086 σποδὸν

218 1132 392 1182 ἕσπων
417 1130 536 1182 ἀντὶ
567 1127 797 1198 τροφῆς,
855 1126 1094 1196 ὲφύρετο
1139 1125 1196 1180 δέ
1230 1142 1334 1194 μου
1381 1124 1441 1178 1:6
1467 1125 1619 1195 πόμα
1660 1125 1775 1186 τοῖς

217 1223 495 1290 δάκρυσιν.
819 1241 822 1243 λ

287 1331 306 1364 ι
353 1313 487 1364 Ἀπὸ
545 1309 842 1379 προσώπου
876 1309 976 1379 τῆς
999 1309 1170 1377 ὀργῆς
1201 1325 1294 1362 σου
1341 1309 1436 1362 καὶ
1476 1306 1571 1362 τοῦ
1597 1307 1772 1378 θυμοῦ

219 1423 325 1457 σου.
365 1423 383 1454 ι
425 1431 494 1446 --
526 1403 709 1457 Ταῦτά
735 1420 825 1473 μοι
857 1401 1165 1473 συνέϐησαν
1199 1401 1305 1455 ἀπὸ
1339 1400 1436 1471 τῆς
1460 1400 1633 1470 ὀργῆς
1657 1418 1774 1467 σου,

219 1495 678 1566 περιφραστικῶς.

291 1607 307 1640 ι
338 1588 460 1641 ὀτι
493 1588 700 1654 ἐπάρας
722 1585 1063 1656 κατέρῥαξὰς
1101 1603 1190 1656 με.
1222 1603 1241 1636 ι
1281 1616 1348 1626 -
1381 1585 1504 1638 Ὀτι
1555 1583 1776 1655 ὐψὼσας

217 1681 496 1749 πρότερον,
532 1681 862 1734 καταπεσεῖν
899 1677 1127 1748 ὕστερον
1179 1680 1273 1731 καὶ
1306 1677 1654 1746 συντριϐῆναί
1711 1693 1778 1747 με

217 1771 580 1840 παρεχώρησα
593 1790 633 1826 :.

293 1883 311 1916 ι
352 1867 412 1919 Al
440 1865 644 1936 ἡμέραι
679 1881 781 1931 μου
807 1864 939 1918 ὡσεὶ
957 1864 1084 1917 σκιά
1107 1863 1402 1934 ἐκλίθησαν
1429 1881 1444 1896 ·
1472 1864 1625 1933 κάγὼ
1643 1865 1776 1918 ὡσεὶ

1873 662 2023 726 λείας
2080 660 2210 723 τοὺς
2243 661 2542 729 ἀπογόνους
2597 661 2703 712 τῶν
2767 659 3152 713 ἀποθανόντων
3204 661 3270 729 τῇ
3321 661 3447 713 ἀπι-

1883 754 2032 808 στία.

1953 865 1973 899 ι
2007 845 2115 899 Τοῦ
2138 846 2459 914 ἀναγγεῖλαι
2501 846 2560 898 ἐν
2592 844 2729 897 Σιὼν
2764 843 2824 897 τὸ
2856 844 3026 914 ὄνομα
3062 844 3287 911 Κυρίου.
3329 861 3346 894 ι
3383 871 3454 886 --

1875 939 1948 992 T6
1987 938 2080 992 τοῦ
2112 937 2323 1008 Πατρός
2346 952 2363 970 ⁸
2410 935 2763 1007 Ἐφανέρωσα
2793 937 2901 1007 γάρ
2928 952 3021 990 σου
3044 934 3105 989 τὸ
3127 936 3295 1006 ὄνομα
3340 937 3470 999 τοῖς,

1876 1030 2190 1102 ἀνθρώποις

1953 1143 1970 1177 ι
2009 1125 2119 1177 Kal
2153 1121 2249 1191 τὴν
2280 1123 2483 1176 αῐνεσιν
2507 1119 2670 1175 αὐτοῦ
2702 1121 2760 1173 ἐν
2803 1118 3452 1192 Ἱερουσαλήμ.ι-ᾝνει

1875 1217 1984 1287 γὰρ
2016 1216 2110 1271 τὸν
2159 1215 2380 1286 Πατέρα
2436 1211 2698 1284 συνεχῶς,
2758 1210 2909 1282 αὐτῷ
2932 1212 3002 1266 τὰ
3039 1213 3217 1266 πάντα
3269 1215 3453 1267 ἀνατι-

1878 1307 2017 1373 θείς.
3194 1355 3199 1359 .

1956 1422 1976 1457 ι
2001 1405 2090 1457 Ἐν
2107 1403 2186 1474 τῷ
2213 1403 2640 1474 ἐπισυναχθῆνσι
2658 1401 2825 1465 λαοὺς
2856 1401 2951 1455 ἐπὶ
2978 1399 3040 1454 1:6
3066 1399 3199 1453 a61:6
3229 1400 3325 1453 καὶ
3353 1400 3454 1470 βα-

1881 1495 2046 1558 σιλεῖς
2073 1495 2165 1549 τοῦ
2198 1495 2474 1549 δουλεύειν
2503 1495 2580 1565 τῷ
2615 1495 2826 1566 Κυρίῳ.
2870 1513 2889 1546 ι
2921 1522 2992 1533 —
3029 1492 3236 1545 Ἐποίει
3261 1491 3318 1544 δὲ
3357 1492 3456 1556 τὴν

1879 1585 2084 1640 αἴνεσιν
2107 1585 2200 1640 τοῦ
2231 1587 2465 1655 Πατρός,
2518 1587 2609 1640 ὅτε
2643 1586 2944 1654 συνήγοντο
2991 1585 3129 1653 πρὸς
3189 1582 3356 1636 αὐτον
3405 1583 3454 1633 οἱ

1879 1680 1994 1732 λαοὶ
2024 1680 2118 1734 καὶ
2165 1679 2215 1731 οἱ
2246 1679 2503 1748 ἄρχοντες
2539 1679 2720 1731 αὐτῶν
2773 1677 2884 1748 ἡως
2934 1675 3222 1731 ἀπόστολοι
3256 1671 3345 1726 ἐπὶ
3373 1673 3451 1741 τῷ

1880 1771 2276 1833 πιστεύσαντες
2308 1770 2484 1824 δοῦλοι
2506 1765 2647 1823 εἶναι
2675 1767 2863 1833 αὐτοῦ,
2893 1767 3098 1837 Κύριον
3119 1766 3287 1828 ὅντως
3311 1763 3452 1817 κατὰ

1877 1863 1976 1934 τὴν
2003 1863 2256 1934 θεότητα.

217 1958 403 2026 χόρτος
437 1956 762 2024 έξηράνθην.
801 1975 819 2007 ι
852 1985 920 1996 —-
969 1956 1186 2025 Ταχέως
1239 1955 1590 2024 παρήλθοσαν
1617 1956 1776 2026 δίκην
1809 1940 1849 1994 Β
1955 1957 2318 2028 «λἈπεκρίθη
2356 1955 2505 2027 αὐτῷ
2531 1955 2588 2008 ἐν
2619 1954 2720 2024 ὁδῷ
2757 1953 2940 2023 ἰσχύος
2967 1951 3185 2006 αὐτοῦ.»
3221 1980 3292 1992 -
3313 1951 3458 2017 Συμ-

217 2050 371 2111 σκιᾶς
395 2063 406 2077 ·
434 2050 467 2118 ή
498 2048 624 2100 σκιά
647 2048 755 2118 γάρ
779 2048 1006 2117 τάχιστα
1047 2047 1378 2118 μεταπίπτει
1420 2065 1479 2101 τε
1509 2050 1601 2101 καὶ
1633 2066 1776 2119 παρ-

215 2140 454 2209 έρχεται.
797 2150 799 2153 '

287 2249 306 2283 ι
347 2232 419 2284 Σύ
453 2230 691 2292 ἀναστὰς
749 2231 1113 2302 οἰκτειρήσεις
1145 2231 1243 2302 τὴν
1275 2232 1432 2286 Σιών.
1467 2251 1487 2284 ι
1520 2263 1592 2274 -
1621 2233 1778 2288 Κατά

218 2326 313 2392 μὲν
344 2323 403 2375 τὸ
433 2326 720 2394 πρόχειρον
754 2325 850 2394 τὴν
907 2323 1174 2394 αἰσθητήν
1222 2323 1602 2395 Ἰερουσαλὴμ,
1637 2325 1780 2380 κατὰ

214 2417 268 2470 δὲ
286 2416 346 2468 τὺ
381 2416 678 2486 βαθύτερον
705 2415 804 2484 τὴν
833 2416 940 2469 τῶν
968 2416 1176 2469 πιστῶν
1201 2416 1536 2488 Ἐκκλησίαν
1563 2418 1652 2472 διὰ
1681 2417 1779 2488 τῆς

214 2512 280 2565 ἑκ
316 2511 524 2579 νεκρῶν
573 2509 946 2570 ἀναστάσεως.

288 2620 306 2652 ι
347 2602 470 2655 Ὅτι
524 2602 714 2670 καιρὸς
759 2601 851 2654 τοῦ
915 2601 1256 2672 οίκτειρῆσαι
1314 2602 1503 2673 αὐτὴν,
1542 2603 1624 2656 ὅτι
1654 2603 1781 2674 ἥκει

214 2695 424 2765 καιρός.
451 2713 469 2745 ι
498 2724 569 2734 ---
596 2694 663 2746 Ἣ
692 2695 771 2747 ὅτι
796 2693 823 2745 6
850 2697 914 2765 τῇ
946 2694 1294 2764 αἰχμαλωσίᾳ
1321 2695 1627 2762 ὡρισμένος
1655 2711 1781 2747 και-

216 2787 330 2857 ρὸς,
382 2786 660 2839 τουτέστιν
699 2791 740 2838 o'
794 2785 887 2853 ἔτη
921 2785 1341 2853 πεπλήρωνται,
1370 2784 1404 2853 ἢ
1457 2784 1540 2837 ὅτι
1575 2783 1776 2846 πάντες

215 2877 648 2930 συνεπιτίθενται
670 2877 766 2929 καὶ
794 2873 1091 2944 πολεμοῦσι
1123 2876 1188 2943 τῇ
1222 2873 1544 2944 Ἐκκλησία.

289 2988 310 3020 ε
345 2968 472 3020 Ὅτι
498 2967 804 3036 ηὐδόκησαν
836 2966 885 3018 οἱ
916 2965 1094 3019 δοῦλοέ
1127 2981 1220 3017 σου
1239 2964 1364 3027 τούς
1383 2963 1565 3026 λίθους
1591 2963 1781 3032 αὐτῆς·

215 3060 421 3114 καὶτὸν
449 3060 577 3130 χοῦν
599 3059 768 3127 αὐτῆς
795 3057 1251 3126 οίκτειρήσουσιν.
1290 3074 1310 3107 ι
1347 3087 1414 3095 -
1460 3055 1531 3108 ’Ἡ
1576 3056 1661 3109 ὅτι
1689 3057 1784 3108 καὶ

196 3137 342 3216 ’τοὺς
371 3151 840 3218 καταλελυμένους
896 3149 1080 3212 λίθους
1111 3149 1206 3218 τῆς
1258 3148 1619 3219 Ἰερουσαλὴμ
1643 3148 1785 3218 wn.

1879 2048 2122 2120 περάνας
2167 2048 2374 2120 ταύτην
2397 2049 2494 2119 τὴν
2529 2047 2894 2118 προφητείαν,
2923 2045 3107 2115 ἔχεται
3142 2046 3303 2098 πάλιν
3358 2044 3459 2110 τῆς

1879 2139 2106 2209 πρώτης
2152 2138 2492 2200 ἀκολουθίας,
2553 2139 2649 2192 καί
2707 2156 2869 2209 φησιν
2927 2140 3244 2205 ἀπεκρίθη,
3281 2139 3307 2191 ὅ
3343 2138 3458 2190 ἐστι

1879 2230 1974 2284 νῦν
2005 2231 2124 2284 ἀντὶ
2143 2229 2236 2284 τοῦ
2263 2231 2526 2297 ἐλάλησεν
2551 2229 2738 2294 ἁπλῶς
2763 2231 2912 2301 αὐτῷ
2937 2272 2951 2296 ,
3005 2232 3124 2301 ἦτοι
3185 2230 3262 2299 τῷ
3312 2231 3454 2299 Θεῷ,

1880 2322 2018 2393 πρὸς
2047 2323 2106 2376 ὃν
2140 2325 2174 2394 ή
2210 2323 2492 2393 προσευχὴ
2542 2322 2638 2377 τοῦ
2674 2323 2945 2393 παρόντος
3001 2323 3240 2392 ψαλμοῦ.
3296 2323 3456 2376 Ἐλά-

1880 2416 2011 2484 λησε
2066 2415 2122 2468 δὲ
2179 2415 2207 2468 6
2238 2415 2472 2484 πτωχὸς,
2511 2414 2715 2484 δηλαδὴ
2771 2416 2799 2468 6
2849 2415 3178 2484 ἀκηδιάσας.
3214 2413 3370 2468 Ὀδδν
3399 2415 3454 2467 δέ

1885 2508 2066 2577 ἰσχύος
2095 2509 2438 2576 ὑποληπτέον
2467 2506 2560 2560 16v
2583 2507 2777 2576 καιρὸν
2825 2509 2882 2560 ἐν
2907 2499 2950 2574 ᾧ
2977 2507 3057 2559 ἔτι
3089 2506 3333 2572 δύναται,
3363 2511 3458 2559 καὶ

1881 2598 2035 2653 οὔπω
2062 2599 2246 2652 τέλεον
2268 2598 2371 2651 61:6
2400 2599 2499 2668 τῆς
2547 2597 2776 2669 ἀκηδίας
2809 2597 3109 2669 ἠσθένησεν
3136 2597 3256 2650 οὐδὲ
3290 2614 3456 2652 κατα-

1883 2690 2144 2761 ϐέϐληται
2174 2689 2478 2753 παντελῶς.
3456 2693 3459 2696 ’

1958 2802 1976 2836 ι
2019 2784 2128 2855 Τὴν
2187 2785 2476 2855 ὀλιγότητα
2526 2787 2633 2840 τῶν
2696 2785 2923 2857 ήμερῶν
2982 2801 3084 2854 μου
3133 2784 3456 2852 ἀνάγγειλόν

1887 2894 1999 2946 μοι.
2041 2897 2058 2929 ι
2086 2907 2158 2918 —-
2182 2878 2296 2948 Τὴν
2318 2880 2507 2948 ὀλίγην
2544 2879 2819 2947 ποσότητα
2864 2877 2975 2930 τῶν
3033 2876 3460 2946 ὑπολειφθεισῶν

1889 2987 1977 3038 μοι
2001 2971 2099 3038 τῆς
2132 2971 2278 3040 ζωῆς
2306 2973 2533 3044 ἡμερῶν
2560 2970 2802 3042 δήλωσόν
2855 2987 2970 3038 μοι,
3007 2970 3093 3022 ἵνα
3127 2968 3456 3022 συντονωτέ-

1889 3077 1988 3130 ραν
2020 3061 2170 3130 θήσω
2197 3062 2292 3132 τὴν
2324 3063 2643 3133 ἐπιμέλειαν
2674 3063 2772 3132 τῆς
2799 3062 2999 3133 ψυχῆς.

1963 3171 1982 3204 ‹
2022 3154 2112 3223 Μή
2128 3155 2412 3226 ἀναγάγῃς
2434 3172 2499 3223 με
2526 3156 2582 3207 ἐν
2605 3153 2793 3225 ἡμίσει
2818 3153 3043 3223 ἡμερῶν
3070 3144 3191 3223 μου.
3207 3173 3227 3206 ι
3257 3185 3288 3194 —
3306 3153 3464 3207 'Ava—

215 3261 400 3316 πησαν
427 3244 475 3298 οί
503 3247 564 3297 ἐκ
585 3245 684 3314 τῆς
711 3241 1085 3312 αἰχμαλωσίας
1113 3240 1508 3303 ἀνασωθέντες,
1543 3241 1639 3294 καὶ
1668 3241 1696 3292 6
1722 3242 1786 3292 ἐκ
1809 3273 1857 3338 C
1889 3245 2076 3311 γωγὴν
2103 3244 2252 3312 λέγει
2276 3247 2375 3314 τὴν
2395 3245 2663 3316 ἐκδημίαν
2694 3245 2793 3314 τῆς
2823 3244 3002 3315 ψυχῆς
3038 3247 3103 3298 ἐκ
3137 3244 3229 3298 τοῦ
3267 3245 3462 3312 σώμα-

215 3341 318 3408 τῆς
346 3337 666 3407 πορθήσεως
713 3335 841 3405 χοῦς
883 3328 1065 3388 οἶκτον
1091 3333 1570 3401 αὐτοῖςὲντίθησιν
1594 3349 1609 3364 ⁸
1647 3334 1680 3404 ἢ
1705 3335 1787 3388 ὅτι
1817 3328 1856 3338 ⁷
1889 3351 1979 3396 τος
2002 3353 2017 3366 ·
2046 3336 2216 3404 ἥμισυ
2250 3336 2306 3389 δὲ
2354 3337 2580 3407 ἡμερῶν
2607 3336 2700 3390 τὸν
2730 3337 2834 3407 πρὸ
2862 3337 2962 3390 τοῦ
3015 3337 3199 3406 γήρως
3248 3337 3460 3404 καιρόν.

225 3431 278 3482 οἱ
302 3427 596 3482 ἀπόστολοι
617 3428 745 3488 τούς
779 3425 1180 3494 στερεωτέρους
1212 3425 1308 3494 μὲν
1335 3426 1474 3494 πρ³ις
1500 3423 1781 3478 εὐσέϐειαν

215 3526 299 3582 εἰς
345 3521 642 3591 ,οἰκοδομὴν
697 3519 794 3586 τῆς
870 3517 1197 3588 Ἑκκλησίας
1239 3519 1552 3587 ἡτοίμασαν
1582 3557 1597 3581 ,
1661 3519 1789 3582 τοὺς

214 3611 640 3681 ἀσθενεστέρους
688 3609 743 3662 δὲ
800 3609 1119 3679 πρεπούσης
1154 3607 1473 3678 ἐπιμελείας
1521 3607 1788 3673 ἀξιώσουο

219 3719 331 3756 σιν.

292 3813 311 3845 ι
352 3793 458 3846 Kal
487 3791 887 3862 φοϐηθήσονται
908 3790 973 3844 τὰ
1003 3791 1130 3862 ἔθνη
1163 3791 1222 3845 τὸ
1251 3790 1424 3861 δνομά
1450 3808 1564 3856 σου,
1591 3791 1787 3861 Κύριε,

214 3885 317 3938 καὶ
351 3885 552 3947 πάντες
607 3884 654 3935 οί
693 3882 932 3951 βασιλεῖς
964 3883 1064 3951 τῆς
1092 3882 1192 3950 γῆς
1211 3882 1308 3952 τῆν
1340 3883 1500 3949 δόξαν
1535 3899 1650 3935 σου.
1678 3902 1696 3935 ι
1724 3910 1790 3922 -

221 3979 300 4030 Ἦ
330 3977 420 4030 διὰ
476 3977 576 4046 τὴν
609 3976 702 4028 ἐπὶ
757 3975 818 4028 τὺ
874 3976 1123 4046 κρεῖττον
1157 3973 1426 4042 τοσαύτην
1483 3975 1792 4044 μεταϐολὴν

215 4068 332 4122 τῶν
371 4066 942 4138 αίχμαλωτισθέντων,
978 4067 1010 4136 ἢ
1046 4065 1134 4119 διὰ
1161 4067 1230 4118 τὰ
1259 4066 1562 4135 τελούμενα
1589 4070 1794 4136 σημεῖα

217 4159 320 4213 καὶ
348 4161 547 4229 τέρατα
583 4159 646 4209 ἐκ
680 4157 845 4225 μόνης
871 4156 971 4225 τῆς
1009 4155 1103 4208 τοῦ
1139 4155 1374 4224 Χριστοῦ
1429 4157 1792 4226 ἐπικλήσεως,

223 4251 434 4321 μᾶλλον
459 4250 516 4302 δὲ
554 4249 802 4320 ὕστερον,
834 4250 920 4303 ὅτε
949 4247 1070 4318 ’ἡξει
1104 4248 1306 4319 Κύριος
1344 4267 1410 4319 με
1424 4250 1481 4303 τὰ
1507 4251 1796 4320 δυνάμεως

219 4345 321 4397 καὶ
346 4343 504 4411 δόξης
531 4341 754 4411 πολλῆς.

305 4450 325 4482 ι
354 4434 626 4502 Γραφήτω
669 4432 807 4502 α’ὐτη
846 4435 924 4493 είς
981 4434 1174 4500 γενεὰν
1204 4433 1416 4502 ἑτέραν.
1457 4451 1476 4484 ι
1528 4464 1598 4474 --
1639 4434 1798 4498 Ἀφο-

222 4523 471 4594 ρισθήτω
493 4522 630 4591 αῦτη
667 4525 692 4594 ή
725 4525 1041 4595 προσευχὴ,
1076 4526 1356 4578 τουτέστιν
1378 4527 1404 4578 6
1437 4525 1628 4596 παρὼν
1662 4527 1797 4595 ψαλ-

1891 3426 2058 3493 Φησὶν
2100 3425 2226 3479 οῦν·
2293 3426 2392 3489 Δός
2451 3444 2541 3496 μοι
2584 3428 2684 3496 τὴν
2725 3428 2892 3497 μέχρι
2949 3428 3134 3496 γήρως
3183 3424 3348 3498 ζωὴν,
3375 3425 3463 3480 ῐνα

1891 3517 2103 3581 ποιήσω
2137 3518 2386 3587 καρποὺς
2417 3519 2716 3586 σωτηρίας.

1965 3624 1986 3657 ο
2029 3607 2115 3660 Ἐν
2163 3610 2323 3679 γενεᾷ
2375 3610 2670 3676 γενεῶντὰ
2730 3608 2827 3680 ἔτη
2866 3626 2981 3664 σου.
3025 3629 3045 3662 ι
3079 3639 3148 3650 -
3191 3608 3462 3678 Παρέλκει

1892 3697 1967 3766 τῆ
1996 3700 2345 3769 προσευχῇ·
2373 3702 2468 3755 καὶ
2501 3701 2746 3771 δόγματα
2776 3703 2869 3755 καὶ
2895 3701 3088 3769 γενεὰν
3131 3701 3230 3771 μὲν
3256 3701 3466 3768 γενεῶν

1891 3792 1953 3844 1:6
1989 3792 2074 3844 ἀεί
2097 3809 2280 3863 φησιν,
2303 3793 2397 3863 ἔτη
2430 3793 2486 3847 δὲ
2521 3793 2614 3847 καὶ
2646 3793 2739 3845 τοῦ
2776 3789 2920 3847 εἶναι
2951 3793 3286 3859 παράτασιν.

1973 3903 1992 3936 ι
2033 3886 2172 3938 Κατ’
2193 3886 2368 3956 ἀρχὰς
2397 3887 2485 3949 σὺ,
2519 3887 2716 3957 Κύριε,
2752 3885 2850 3956 τήν
2875 3885 2981 3955 γῆν
3019 3885 3410 3955 ἐθεμελίωσας.
3439 3903 3464 3937 ι

1897 4005 1966 4018 -—
2006 3975 2259 4045 Ἐδραίαν
2284 3978 2438 4047 ἐποίη
2448 3993 2567 4037 σας.
3464 4003 3465 4006 η

1973 4086 1991 4119 ι
2037 4069 2145 4120 Kal
2176 4069 2314 4138 ἔργα
2339 4070 2448 4122 τῶν
2471 4071 2670 4139 χειρῶν
2697 4069 2790 4122 σού
2819 4071 2958 4123 εἰσιν
2987 4070 3037 4123 οἱ
3068 4070 3310 4140 οὐρανοί.
3347 4087 3366 4121 ι
3399 4099 3468 4109 -

1903 4159 2014 4227 Τῆς
2041 4161 2403 4229 ἐνεργητικῆς
2430 4177 2522 4214 σου
2552 4161 2837 4230 δυνάμεως
2865 4163 3150 4232 ποιήματα
3175 4163 3202 4215 6
3237 4161 3468 4230 οὐρανὸς

1899 4252 1990 4305 καὶ
2018 4253 2076 4304 τὸ
2111 4253 2420 4321 στερέωμα.

1975 4361 1994 4394 ι
2021 4343 2185 4396 Αὐτοὶ
2217 4343 2563 4399 ἀπολοῦνται.
2594 4363 2612 4396 ι
2645 4375 2715 4388 -υ
2757 4343 3153 4412 Ἀλλοιούμενοι
3188 4343 3259 4405 ὡς
3311 4344 3470 4413 ποιήτ

1903 4453 2069 4504 ματα.

1978 4548 1996 4581 ι
2029 4530 2102 4582 Σὺ
2137 4530 2193 4582 δὲ
2240 4529 2538 4598 διαμένεις.
2579 4549 2598 4582 δ
2658 4558 2724 4572 --
2780 4529 3163 4592 Ἀναλλοίωτος
3211 4530 3285 4592 ὼς
3317 4546 3473 4597 ποιηι

223 4615 352 4682 μ’)ς,
378 4617 457 4676 είς
489 4614 588 4685 τὴν
615 4617 707 4668 τοῦ
738 4617 857 4669 νέου
881 4616 1011 4670 λαοῦ
1047 4619 1238 4684 γενεάν
1261 4635 1277 4650 ο
1307 4618 1494 4686 ἐπειδὴ
1513 4620 1539 4670 6
1567 4619 1796 4682 παλαιὸς
1825 4640 1874 4700 D
1901 4623 2019 4692 τής.

217 4709 348 4767 ταῖς
379 4706 726 4774 ἐγκειμέναις
772 4709 906 4776 αὐτῇ
965 4709 1094 4776 περὶ
1148 4708 1381 4774 Χριστοῦ
1438 4709 1797 4778 προφητείαις

221 4799 436 4868 ἠπίστη
446 4816 558 4853 σεν.

307 4909 326 4943 ι
363 4892 473 4946 Kal
499 4891 626 4954 λαὸς
657 4892 684 4944 6
716 4891 1034 4961 κτιζόμενος
1065 4892 1275 4945 αἰνέσει
1303 4893 1395 4946 τὸν
1428 4895 1651 4957 Κύριον.
1693 4915 1709 4947 ι
1734 4924 1803 4939 -ο

235 4985 304 5036 '0
334 4983 649 5048 κτιζόμενος
675 4984 864 5052 εἴρηκε
899 4985 985 5036 διὰ
1027 4985 1126 5053 τὴν
1177 4985 1306 5054 ἄχρι
1343 4987 1654 5048 συντελείας
1678 4990 1798 5039 ἐπί-

218 5074 376 5127 δοσιν
410 5074 518 5126 τῶν
543 5075 928 5126 πιστευόντων.
965 5075 1157 5128 Κτίσιν
1181 5075 1236 5128 δέ
1293 5094 1382 5146 μοι
1435 5079 1544 5129 νόει
1596 5079 1671 5148 μὴ
1701 5079 1801 5150 τὴν

219 5165 510 5232 οὐσίωσιν,
541 5165 675 5218 ἀλλά
699 5166 796 5236 τὴν
828 5166 922 5218 ἐπὶ
965 5167 1024 5218 τὸ
1052 5168 1298 5234 κρεῖττον
1335 5168 1659 5238 μεταϐολήν.

311 5273 329 5304 ι
372 5255 494 5307 Ὅτι
557 5254 817 5322 ἐξέκυψεν
868 5257 929 5320 ἐξ
991 5255 1159 5324 ὕψους
1224 5257 1382 5324 ἁγίου
1437 5259 1627 5312 αὐτοῦ.
1665 5279 1682 5310 ο
1743 5289 1803 5300 -

221 5343 388 5396 Ἀνω
419 5345 606 5412 μείνας
637 5345 729 5397 καὶ
777 5344 928 5396 κάτω
957 5347 1162 5412 φανείς.

310 5454 328 5484 ε
364 5434 564 5504 Κύριος
589 5433 648 5498 ἐξ
681 5434 914 5504 οὐρανοῦ
940 5435 1034 5488 ἐπὶ
1092 5437 1190 5508 τὴν
1225 5440 1328 5505 γῆν
1355 5439 1643 5508 ἑπέσλεψε.
1687 5460 1704 5492 ι
1737 5466 1802 5481 -ο-

212 5527 333 5579 Διὰ
369 5531 464 5594 τῆς
501 5528 806 5597 ἐπισκοπῆς
835 5528 933 5599 τὴν
972 5531 1280 5597 παρουσίαν
1310 5531 1562 5600 ἐνέφηνε.

315 5637 332 5668 ι
368 5617 472 5671 Τοῦ
492 5618 719 5672 ἀκοῦσαι
743 5619 838 5672 τοῦ
868 5621 1174 5688 στεναγμοῦ
1206 5620 1314 5674 τῶν
1348 5624 1796 5693 πεπεδημένων..

208 5740 295 5753 --
334 5709 437 5762 Τοῦ
473 5711 781 5780 στεναγμοῦ
811 5712 872 5766 ὃν
901 5713 1190 5777 ἐστέναζον
1221 5715 1268 5766 oi
1296 5715 1493 5769 δίκαιοι
1537 5717 1677 5786 ὑπὲρ
1700 5719 1808 5772 τῶν

214 5804 635 5872 πεπεδημένων
670 5805 786 5868 ταῖς
817 5805 922 5859 τῶν
956 5807 1372 5875 ἁμαρτημάτων
1403 5812 1630 5878 σειραῖς.

318 5913 338 5948 ι
381 5895 486 5949 Τοῦ
543 5896 700 5951 λῦσαι
737 5898 859 5963 τοῦς
892 5899 1039 5960 υίοῦς
1090 5898 1196 5954 τῶν
1256 5899 1741 5968 τεθανατωμὲνων.
1782 5922 1799 5957 ι

1974 4731 1994 4764 ‹
2029 4713 2139 4766 Kal
2200 4713 2400 4776 πάντες
2431 4713 2507 4774 ὡς
2548 4715 2764 4784 ἱμάτιον
2812 4714 3313 4784 παλαιωθήσονται.
3352 4733 3368 4766 ι
3403 4742 3472 4756 -—

1913 4805 2386 4876 Ἑφερμηνευτικὰ
2405 4807 2581 4861 ταῦτα
2606 4809 2714 4860 τῶν
2732 4810 3044 4878 ἀνωτέρων.
3066 4810 3138 4860 Τὸ
3166 4808 3222 4861 δὲ
3247 4807 3474 4872 ἑλίξεις

1901 4898 2020 4950 ἀντὶ
2039 4899 2130 4950 τοῦ
2159 4897 2458 4963 συστελεῖς,
2485 4898 2895 4962 παλαιωθέντας
2925 4899 3192 4970 δηλονότι,
3228 4902 3333 4953 καὶ
3378 4917 3474 4970 με·

1904 4988 2220 5057 ταποιήσεις
2249 4989 2382 5056 πρὸς
2411 4989 2726 5056 καινότητα.

1977 5075 2071 5132 ιΟί
2099 5079 2205 5131 υἱοὶ
2226 5079 2335 5130 τῶν
2363 5078 2565 5130 δούλων
2591 5097 2682 5131 σου
2724 5081 3266 5151 κατασκηνώσουσιν.
3299 5082 3471 5136 ι--Οι

1908 5168 2010 5220 υἱοὶ
2031 5167 2136 5220 τῶν
2164 5169 2481 5223 ἀποστόλων
2511 5171 3024 5240 κατασκηνώσουσιν
3052 5175 3109 5224 ὲν
3129 5176 3196 5242 τῇ
3234 5174 3466 5240 Ἐκκλη-

1908 5258 2018 5328 σίᾳ.
2057 5259 2164 5310 Kal
2207 5261 2265 5311 τὸ
2311 5263 2529 5330 σπέρμα
2559 5262 2772 5324 αὐτῶν,
2813 5262 2932 5332 ἡτοι
2966 5262 3026 5315 τὸ
3058 5263 3320 5334 κήρυγμα
3346 5265 3473 5316 αίωρ

1909 5351 2031 5411 vim;
2057 5351 2552 5423 κατιυθυνθήσεται
2585 5354 2768 5406 εὐοδού
2778 5371 2960 5422 μενον.

2452 5444 2747 5498 ΨΑΛΜΟΣ
2793 5444 2912 5500 PB’.

1987 5552 2004 5584 ι
2037 5535 2266 5603 Ψαλμὸς
2296 5534 2374 5604 τῷ
2414 5535 2595 5614 Δαὸςίδ.
2629 5553 2649 5587 ι
2683 5561 2752 5577 --
2800 5537 2890 5608 Τῷ
2931 5539 3120 5608 Κυρέῳ
3153 5538 3478 5612 εὐχαριστήδ

1911 5642 2046 5694 ριος.
3457 5657 3460 5660 .

1987 5737 2005 5770 ι
2042 5719 2283 5787 Εὐλόγει,
2313 5719 2512 5790 ήψυχή
2546 5737 2670 5790 μου,
2703 5719 2794 5773 τὸν
2814 5721 3037 5793 Κύριον,
3073 5719 3168 5774 καὶ
3202 5721 3374 5774 πάντα
3408 5724 3478 5776 τὰ

1911 5813 2060 5872 ἐντός
2111 5829 2213 5881 μου
2261 5812 2322 5864 τὸ
2370 5813 2541 5881 δνομα
2602 5814 2659 5865 τὸ
2696 5814 2850 5879 ἆγιον
2904 5812 3107 5867 αὐτοῦ’
3163 5812 3392 5879 εὐλόγει,
3437 5815 3471 5885 ἡ

1909 5903 2054 5968 ψυχή
2095 5921 2221 5969 μου,
2257 5904 2345 5958 τὸν
2376 5903 2602 5968 Κύριον,
2637 5905 2730 5957 καὶ
2764 5907 2938 5959 πάντα
2972 5905 3036 5959 τὰ
3057 5905 3204 5971 ἐντός
3243 5921 3476 5972 μου.)-
