3806 6356
375 327 524 394 1.75.9

1554 354 1984 421 NICEPHORI
2020 360 2441 428 BLEMMIDB

3492 369 3626 437 1560

629 446 827 555 anan:
845 469 897 505 τι
925 455 1095 555 πάθος
1117 458 1306 529 ὅμοιον
1327 460 1521 537 ἐνοχλῇ
1542 468 1608 538 τῇ
1633 466 1805 542 ψυχῇ,
1826 472 1950 526 τότε
1977 474 2024 537 Α
2055 476 2245 535 αὑτοῦ.
2279 498 2299 530 3
2333 509 2404 522 —
2433 480 2727 552 Μνήσθητε
2752 481 2863 537 ἀπὸ
2894 483 3079 539 κοινοῦ
3115 485 3260 540 κατά
3300 485 3623 555 ἀδιαφορίαν

373 535 738 605 ταράττεσθαι
766 541 989 611 λέγεται
1020 549 1183 621 αὕτη.

2059 572 2385 637 συντάξεως.
2413 572 2632 643 Τέρατα
2691 575 2791 644 μὲν
2847 571 2941 630 οῦν
2972 577 3122 644 λέγει
3176 580 3277 641 τάς
3325 579 3619 648 ὑπερφυεῖς

452 643 474 738 ξ
514 628 858 738 ᾲᾎντξινελεξς
886 639 957 738 τδ-
993 639 1215 738 πνεῦμα
1263 645 1466 714 αὐτῶν,
1492 651 1587 705 καὶ
1634 652 1949 725 ἑκλείψουσι
2054 628 2525 734 θαυματουργίας.
2558 628 2805 735 κρίματα

383 717 479 816 καὶ
508 721 587 816 είς
615 723 709 816 τὸν
736 727 866 796 χοῦν
896 732 1078 785 αὑτῶν
1110 735 1521 809 ἐπιστρέφουσι.
1557 760 1576 794 3
1603 774 1672 785 —
1704 717 1949 816 Ἀιρελεῖς
2052 717 2300 816 φάνσειςο

367 810 473 905 τὴν
496 812 678 885 ψυχὴν
707 819 907 888 αὐτῶν,
931 826 1025 877 καὶ
1074 826 1494 889 ἀποθανοῦνται.
1527 835 1665 905 Περὶ
1693 810 1804 890 τῶν
1848 810 1946 894 ἀνλ

370 898 398 951 θ
405 901 602 968 ρώπων
623 906 652 957 6
681 906 855 977 λόγος.

449 1013 470 1047 ι
497 996 911 1070 Ἐξαποστελετς
941 1007 1001 1062 τὸ
1052 1012 1281 1085 Πνεῦμά
1311 1036 1428 1087 σου,
1472 1023 1567 1075 καὶ
1626 1024 1945 1094 κτισθήσον-

365 1101 477 1185 ται.
566 1119 638 1185 -ἶ-
668 1093 740 1145 Τὸ
768 1095 909 1150 θεῖον
941 1100 1089 1169 λέγει
1152 1106 1397 1176 Πνεῦμα,
1430 1111 1491 1166 τὸ
1542 1093 1848 1185 ζωοποιὸνί,
1881 1120 1943 1174 τὸ

364 1176 833 1274 τοὺςᾲάνθρὼπους
863 1191 1153 1258 ἀνακτίζον
1181 1197 1269 1250 διά
1292 1201 1390 1271 τῆς
1424 1176 1795 1274 ἀναστάσεως.

445 1288 464 1321 ι
492 1272 599 1327 Καὶ
621 1277 961 1348 ἀνακαινιείς
985 1287 1046 1338 τὸ
1069 1289 1363 1358 πρόσωπον
1389 1294 1489 1364 τῆς
1518 1301 1644 1369 γῆς.
1685 1320 1704 1353 3
1827 1306 1939 1360 Kal

366 1362 630 1464 σύμπασα
660 1372 771 1464 γὰρ
796 1375 827 1444 ή
857 1376 929 1446 γῆ
959 1380 1406 1452 ἀπαλλαγήσεται
1428 1362 1540 1458 τῆς⁷
1567 1362 1795 1464 ιρθορᾶς.

442 1473 462 1507 ε
500 1458 948 1532 Εὑφρανθήσεται
989 1470 1193 1540 Κύριος
1221 1475 1315 1528 ἐπὶ
1343 1480 1455 1542 τοῖς
1484 1458 1880 1548 ἔργοιςγαὺτοῦ.
1913 1509 1931 1542 3

369 1573 431 1651 -:
458 1549 584 1619 τοῖς
620 1558 1199 1631 κατορθωθησομένοις
1222 1567 1319 1622 διὰ
1352 1570 1453 1641 τῆς
1479 1574 1646 1631 αὑτοῦ
1666 1580 1939 1651 ὲνανθρω-

366 1642 603 1708 πήσεως.

437 1753 456 1843 ι
505 1736 565 1790 Ὀ
618 1741 933 1843 ἐπιϐλέπων
960 1749 1055 1803 ἐπὶ
1088 1753 1187 1824 τήν
1248 1758 1374 1829 γῆν,
1409 1765 1503 1817 καὶ
1552 1768 1722 1821 ποιῶν
1762 1771 1932 1843 αὑτήν

365 1829 605 1927 τρέμειν.
649 1853 668 1885 3
701 1865 773 1878 —
802 1839 862 1892 Εί
911 1843 1024 1913 γὰρ
1055 1847 1150 1900 καὶ
1185 1847 1290 1901 ὑπὸ
1321 1856 1630 1923 πνεύματος
1665 1829 1931 1927 γίνεταιιό
1962 1839 2006 1898 Β

363 1922 551 1987 κλόνος
593 1927 693 1995 τῆς
738 1931 862 1999 γῆς,
894 1934 1014 1989 ἀλλ’
1044 1938 1140 1993 οῦν
1194 1942 1254 1995 τὸ
1305 1922 1524 2017 πνεῦμα
1564 1922 1743 2006 νεύσει
1792 1922 1928 2010 Θεοῦ

363 2017 701 2117 συνίσταται,
730 2024 827 2076 καὶ
854 2025 1026 2092 οὕτως
1062 2030 1299 2101 ίσχυρῶς
1321 2038 1443 2102 ταῖς
1471 2041 1739 2111 σήραγξιν
1763 2048 1928 2117 ἐμπί-

362 2123 482 2207 πτει
509 2112 612 2207 τῆς
639 2117 765 2183 γῆς,
803 2117 945 2174 ὥστε
973 2122 1238 2194 κλονῆσαι
1279 2130 1351 2183 τά
1390 2132 1447 2185 ὲν
1479 2128 1561 2196 οἷς
1593 2135 1659 2189 ἂν
1694 2112 1930 2207 ἐμπέσοι

362 2200 498 2272 μέρη
541 2204 735 2276 αὑτῆς.
783 2209 847 2264 Ἦ
893 2213 949 2266 δὲ
985 2217 1108 2270 θεία
1138 2220 1417 2291 ἑπισκοπὴ
1450 2225 1554 2278 ποῦ
1606 2200 1738 2296 μὲν.
1762 2232 1927 2302 εὐμέ-

361 2316 508 2355 νειαν
535 2305 813 2373 σημαίνει,
842 2310 945 2364 ποῦ
978 2313 1036 2368 δὲ
1070 2317 1267 2388 ὀργὴν,
1298 2321 1375 2386 ὡς
1406 2325 1499 2378 καὶ
1530 2327 1785 2386 ἐνταῦθα.

428 2412 448 2446 ι
497 2395 555 2449 '0
593 2397 903 2471 ἁπτόμενος
956 2408 1065 2462 τῶν
1107 2410 1300 2482 ὀρέων,
1330 2417 1426 2470 καὶ
1472 2421 1849 2486 καπνίζονται.
1898 2444 1918 2478 3

361 2517 437 2586 -ᾃ
456 2491 566 2544 Καὶ
600 2497 962 2562 καπνίζονται
988 2502 1059 2556 τὰ
1085 2502 1186 2575 ϐρη
1224 2505 1383 2577 δίκην
1410 2509 1572 2575 ξύλου
1628 2512 1762 2581 πυρὶ
1784 2515 1927 2586 πλη-

359 2584 661 2680 σιάσαντος.
699 2591 871 2663 Ἀφήν
903 2593 958 2648 δὲ
980 2596 1125 2665 λέγει
1153 2600 1390 2656 ἐνταῦθα
1424 2604 1522 2675 τὴν
1547 2607 1799 2677 ἀμυδρὰν
1827 2584 1927 2680 τῆς

349 2673 444 2727 τοῦ
479 2674 616 2731 Θεοῦ
655 2679 941 2750 δυνάμεως
977 2686 1224 2753 ἔνδειξιν.

429 2787 449 2819 ι
488 2770 642 2865 Ϊᾼσω
670 2773 748 2845 τῷ
778 2778 972 2850 Κυρίῳ
999 2781 1056 2834 ἐν
1087 2785 1151 2854 τῇ
1200 2782 1312 2857 ζωῇ
1374 2803 1499 2857 μου,
1521 2789 1678 2861 ψαλῶ
1704 2791 1784 2864 τῷ
1807 2792 1929 2865 Θεῷ

353 2877 456 2929 μου
486 2863 590 2927 ἕως
619 2864 869 2940 ὑπάρχω.
911 2890 932 2924 3
966 2903 1035 2914 -—
1068 2875 1211 2940 Ἕως
1246 2877 1312 2933 ἀν
1342 2879 1438 2944 ζῶ.
1530 2900 1537 2907 '

426 2974 446 3008 ι
490 2955 778 3033 Ἡδυνθείη
814 2963 963 3035 αὐτῷ
1018 2967 1050 3037 ή
1090 2967 1310 3041 διαλογή
1372 2989 1495 3041 μου.
1531 2992 1552 3027 3
1587 3004 1658 3016 —
1692 2975 1913 3047 ’Δρέσοι

350 3048 552 3119 αὑτῷή
585 3053 721 3121 πρὸς
751 3054 914 3108 αὑτὸν
960 3058 1155 3128 ὁμιλία
1187 3079 1312 3130 μου.
1361 3064 1565 3119 Τούτου
1611 3070 1928 3138 γινομένου,

349 3139 461 3208 ιγὼ
490 3141 590 3212 τὴν
612 3146 862 3199 ἐντεῦθεν
885 3148 1158 3220 εὐθυμίαν
1182 3154 1576 3228 καρπώσομαι.

425 3252 444 3285 ι
496 3235 802 3292 Ἐκλίποιεν
829 3241 879 3294 οί
908 3243 1229 3317 ἁμαρτωλοὶ
1251 3249 1360 3302 ἀπὸ
1389 3251 1490 3321 τῆς
1520 3253 1626 3322 γῆς
1677 3254 1771 3310 καὶ
1803 3255 1927 3309 avo-

353 3344 445 3395 μοι
477 3326 615 3382 ὥστε
642 3331 717 3402 μη
753 3333 1020 3406 ὑπάρχειν
1046 3338 1266 3404 αὑτούς.
1289 3342 1542 3412 Εὑλόγει,
1563 3346 1596 3413 ή
1630 3345 1773 3417 ψυχή
1798 3366 1924 3418 μου,

350 3419 445 3472 τὸν
503 3420 735 3493 Κύριον.
769 3444 789 3477 3
819 3457 890 3468 —
917 3430 1082 3484 Ὥστε
1136 3431 1213 3502 μὴ
1268 3434 1537 3506 ὑπάρχειν
1576 3440 1793 3502 αὐτοὺς.
1823 3436 1926 3494 οἷοί

348 3515 512 3578 εἰσιν,
549 3514 685 3571 ἀλλὰ
742 3519 1162 3592 μεταϐληθῆναι
1219 3524 1329 3578 τῶν
1375 3527 1541 3591 ὄντως
1584 3530 1925 3599 ἁμαρτωλῶν

348 3605 445 3657 καὶ
473 3605 697 3675 ἀνόμων
714 3608 985 3680 δαιμόνων
1027 3613 1211 3669 τέλεον
1244 3619 1722 3689 καταργηθέντων,
1746 3621 1795 3674 οἳ
1829 3625 1924 3677 καὶ

349 3699 413 3751 ιν
435 3698 748 3769 ἀνθρώποις
780 3705 881 3773 τὴν
910 3708 1112 3761 κακίαν
1140 3710 1447 3778 ἐνεργοῦσι.
1479 3711 1665 3766 Ταῦτα
1724 3713 1780 3767 δὲ
1834 3731 1927 3784 γε·

357 3789 617 3861 νήσονται
647 3798 775 3866 περὶ
795 3795 893 3869 τὴν
921 3798 1182 3869 δευτέραν
1202 3802 1418 3857 ἐλευσιν
1445 3804 1538 3857 τοῦ
1556 3805 1816 3874 Χριστοῦ.

912 3890 1205 3948 ΨΑΛΜΟΣ
1233 3897 1357 3950 PA'.

420 3992 440 4025 ι
478 3973 821 4047 Ἀλληλούῖα.
858 4000 877 4033 3
917 4015 987 4028 --
1020 3984 1093 4038 Τὸ
1158 3986 1501 4053 ἀλληλούτα
1556 3990 1761 4045 αίνεϊτε
1831 3990 1925 4043 τὸν

348 4065 486 4120 ὕντα
519 4071 905 4141 ἑρμηνεύεται.
944 4077 1038 4129 Ὧν
1089 4077 1146 4131 δὲ
1206 4082 1235 4134 6
1286 4080 1418 4146 Θεὸς
1483 4083 1688 4152 κυρίως
1743 4083 1920 4136 ἐστίν.

345 4157 438 4212 Ἐν
470 4161 617 4225 ὅσης
643 4163 735 4215 οῦν
759 4166 995 4234 ψαλμοῖς
1025 4169 1345 4238 εὑρίσκεται
1372 4173 1432 4226 τὸ
1470 4174 1569 4226 ἀλλ
1582 4174 1772 4243 ηλούῖα
1805 4175 1925 4225 ὲπι-

344 4253 758 4321 γεγραμμένον,
795 4258 1136 4328 αίνετηρίους
1168 4263 1244 4331 τῷ
1273 4264 1392 4334 Θεῴ
1420 4263 1569 4334 δηλοῖ
1595 4263 1722 4327 τοὺς
1747 4262 1924 4317 τοιού-

343 4359 473 4407 τους
504 4339 642 4400 εἷναι
672 4346 943 4417 ψαλμούς.
968 4351 1085 4407 Νῦν
1110 4354 1165 4407 δὲ
1196 4357 1336 4428 πρὸς
1368 4358 1497 4421 τοὺς
1532 4356 1865 4417 ἀποστόλους
1896 4357 1924 4408 6

343 4434 522 4504 λόγος.

354 4590 371 4620 ,ᾇ
426 4528 918 4602 «Ἐξομολογεῖσθε
971 4537 1051 4610 τῷ
1105 4538 1294 4611 Κυρίῳ
1342 4542 1441 4595 καὶ
1486 4543 1834 4597 ἐπικαλεῖσθε
1859 4544 1920 4599 τὸ
1948 4559 1997 4620 D

346 4618 524 4690 ϐνομα
555 4625 723 4677 αὑτοῦ
752 4643 766 4656 ·
800 4630 1173 4697 ἀπαγγείλατε
1205 4633 1263 4684 ὲν
1290 4635 1407 4695 τοῖς
1456 4632 1635 4687 ἔθνεσι
1676 4636 1744 4689 τὰ
1779 4635 1917 4705 ἔργα

345 4713 537 4767 αὑτοῦ.
570 4733 589 4766 3
616 4745 687 4755 —-
708 4719 868 4786 Μέγα
899 4722 1172 4791 φρονεῖτε,
1206 4723 1485 4792 καυχᾶσθε
1513 4725 1573 4777 ἓν
1603 4727 1679 4794 τῷ
1716 4726 1916 4797 ὀνομά-

346 4802 534 4866 ζεσθαι
565 4807 902 4876 Χριστιανοί.
1457 4874 1466 4888 ¹

422 4915 442 4948 ι
471 4897 814 4954 Ἐπαινεῖσθε
838 4903 894 4955 ὲν
938 4902 1017 4972 τῷ
1038 4902 1267 4975 ὀνόματι
1294 4905 1370 4975 τῷ
1409 4905 1550 4976 ἀγίῳ
1586 4907 1775 4965 αὑτοῦ.
1809 4909 1917 4962 Εὑ-

351 4991 644 5061 φρινθήτω
674 4993 871 5063 καρδία
906 4994 1216 5060 ζητούντων
1237 4998 1328 5051 τὸν
1359 4999 1581 5068 Κύριον.
1610 5017 1630 5050 3
1662 5028 1732 5039 —
1758 5001 1919 5068 Ζήτει

354 5081 444 5132 τὸν
475 5082 682 5151 Κύριον
689 5134 705 5159 ,
743 5085 771 5136 6
802 5084 889 5138 διὰ
913 5087 1012 5155 τῆς
1038 5085 1160 5141 ὁδοῦ
1191 5087 1301 5141 τῶν
1319 5087 1484 5142 αὑτοῦ
1510 5087 1810 5158 φερόμενος
1826 5090 1919 5141 ὲν-

354 5171 544 5237 τολῶν,
579 5176 677 5241 τῆς
711 5175 952 5247 ἀγούσης
979 5178 1117 5247 πρὸς
1140 5180 1332 5244 αὑτὸν,
1359 5181 1457 5231 καὶ
1482 5179 1922 5247 ἐπικαλούμενος
1980 5231 1986 5237 .

355 5265 519 5320 αὑτὸν
560 5267 639 5329 είς
672 5266 947 5338 βοήθειαν,
975 5270 1072 5322 καὶ
1116 5271 1389 5339 ἑπιμόνως
1436 5270 1585 5339 αὑτῷ
1616 5270 1919 5333 πεποιθώς.

438 5374 457 5407 ι
486 5358 763 5428 Ζητήσατε
808 5362 900 5413 τὸν
943 5362 1150 5433 Κύριον
1210 5364 1305 5414 καὶ
1379 5361 1778 5433 κραταιώθητε.
1809 5380 1827 5413 3
1855 5390 1925 5402 —-

357 5445 796 5519 Ἐκραταιῴθητε
843 5453 923 5514 είς
952 5452 1012 5505 τὸ
1061 5452 1316 5523 ζητῆσαι,
1346 5452 1648 5518 τουτέστιν,
1689 5454 1926 5522 ίσχυρὼς

359 5541 631 5613 ζητήσατε
662 5544 846 5600 αὑτόν.

441 5651 460 5685 ι
492 5634 785 5705 Μνήσθητε
815 5635 923 5688 τῶν
947 5633 1270 5707 θαυμασίων
1301 5635 1470 5689 αὑτοῦ
1495 5628 1570 5689 ὦν
1598 5635 1876 5707 ἐποίησεν.
1903 5654 1921 5687 3

363 5751 431 5763 -—
477 5724 600 5779 Ἐπὶ
636 5726 715 5794 τῷ
754 5726 986 5789 διδάξαι.

447 5835 465 5870 ι
496 5817 573 5873 Τὰ
605 5820 806 5890 τέρατα
836 5817 1000 5874 αὑτοῦ
1030 5818 1124 5873 καὶ
1155 5818 1220 5873 τὰ
1257 5818 1499 5890 κρίματα
1535 5818 1626 5873 τοῦ
1662 5821 1926 5887 στόματος

2128 882 2146 914 ι
2179 864 2410 935 Σπέρμα
2465 867 2716 939 Ἀϐραὰμ
2781 868 2966 921 δούλου
3019 870 3185 924 αὑτοῦ
3223 886 3239 901 ’
3275 871 3383 924 υίοὶ
3428 871 3619 924 Ἰακὼϐ

2048 956 2294 1010 ἐκλεκτοὶ
2344 957 2533 1014 αὑτοῦ.
2574 978 2594 1011 3
2623 989 2692 1000 —
2726 961 2944 1030 Ὠσπερ
3008 962 3278 1033 Ἀϐραάμ.
3326 963 3502 1016 Καλεῐ
3562 964 3617 1015 δὲ

2046 1048 2173 1111 τοὺς
2230 1050 2561 1114 ἀποστόλους
2618 1052 2920 1116 ἀπογόνους
2955 1053 3211 1123 ’Δϐραάμ
3263 1056 3355 1108 καὶ
3399 1055 3650 1116 Ἰακὼ6,.

2045 1139 2269 1203 δούλους
2290 1159 2351 1194 τε
2383 1143 2520 1195 Θεοῦ
2552 1142 2779 1213 ἀληθείς
2807 1146 2901 1198 καὶ
2957 1145 3022 1199 ἐκ
3055 1145 3149 1199 τοῦ
3204 1147 3412 1215 κόσμου
3461 1146 3615 1200 ἐκλε-

2044 1232 2348 1302 λεγμένους
2376 1234 2467 1288 ὑπ’
2497 1234 2683 1311 αὑτοῦ.

2120 1345 2139 1378 ι
2170 1325 2339 1389 Αὐτὸς
2375 1326 2577 1399 Κύριος
2603 1330 2631 1383 6
2662 1327 2799 1392 Θεὸς
2845 1329 3024 1399 ἡμῶν.
3059 1348 3079 1383 3
3109 1361 3179 1371 —
3203 1329 3374 1393 Αὐτὸς
3402 1331 3432 1383 6
3480 1330 3617 1397 Χρι⁶

2042 1419 2186 1483 στός.
2684 1452 2688 1457 -

2057 1561 2069 1570 -
2118 1552 2139 1586 ε
2190 1534 2279 1588 Ἐν
2309 1534 2459 1607 πάσῃ
2482 1538 2545 1605 τῇ
2586 1539 2657 1607 γῇ
2682 1537 2749 1591 τά
2800 1538 3047 1611 κρίματα
3071 1536 3263 1592 αὑτοῦ.
3304 1555 3325 1591 3
3353 1565 3425 1575 —
3445 1535 3617 1598 Δὺτὸς

2037 1626 2250 1681 δικάσει
2277 1629 2459 1681 πᾶσαν
2486 1629 2584 1698 τὴν
2604 1632 2728 1697 γῆν.

2113 1739 2133 1772 ι
2185 1722 2459 1792 Ἐμνήσθη
2524 1724 2604 1784 είς
2656 1722 2748 1774 τὸν
2820 1723 2992 1776 αἰῶνα
3040 1722 3309 1794 διαθήκης
3361 1722 3559 1781 αὑτοῦ.
3589 1741 3609 1773 3

2037 1849 2102 1860 —
2133 1819 2244 1889 Τῆς
2279 1820 2361 1882 είς
2391 1820 2482 1872 τὸν
2533 1820 2708 1873 αἰῶνα
2739 1820 3087 1888 ὑποσχέσεως
3152 1818 3336 1881 αὑτοῦ,
3367 1818 3473 1880 τῆς
3531 1821 3615 1870 αἱ·

2035 1912 2220 1975 ωνίου,
2245 1912 2347 1983 τῆς
2378 1914 2806 1984 ἀμετακινήτου,
2841 1911 3085 1983 ἐμνήσθη
3124 1913 3216 1966 ἐπὶ
3278 1910 3353 1981 τῷ
3411 1910 3616 1978 ἐκπλη-

2037 2003 2235 2075 ρῶσαι.

2109 2114 2130 2148 ε
2171 2095 2347 2161 Λόγου
2410 2088 2471 2149 οὗ
2526 2094 2831 2149 ἐνετείλατο
2895 2096 2975 2158 είς
3027 2093 3203 2165 χιλίας
3241 2094 3461 2161 γενεάς.
3499 2113 3617 2145 3-

2032 2187 2308 2260 Ἐμνήσθη
2323 2188 2586 2257 τοῦλόγου
2605 2184 2666 2245 οὗ
2685 2190 2961 2252 ἐθέσπισε,
2978 2190 3071 2241 τοῦ
3095 2190 3175 2252 είς
3192 2189 3363 2258 χιλίας
3388 2188 3613 2257 γενεὰς,

2031 2279 2282 2331 τουτέστι
2317 2278 2483 2348 μέχρι
2504 2278 2718 2331 πολλῶν
2743 2281 2877 2332 ἑτῶν
2908 2280 3319 2348 ἐξικνουμένου.

2110 2387 2128 2420 ι
2173 2369 2283 2423 Καὶ
2325 2368 2554 2439 ἔστησεν
2581 2370 2752 2440 αὐτὴν
2779 2370 2858 2440 τῷ
2907 2371 3104 2425 Ἰακὼϐ
3143 2371 3224 2434 είς
3276 2371 3612 2443 πρόσταγμα

2031 2462 2234 2533 καὶτῷ
2275 2464 2493 2535 Ἰσραὴλ
2529 2464 2607 2527 είς
2637 2465 2905 2534 διαθήκην
2959 2463 3201 2520 αἰώνιον,
3243 2482 3263 2516 3
3289 2493 3360 2506 —-
3395 2465 3497 2516 ’ον
3546 2462 3610 2530 δὴ

2030 2554 2188 2618 λόγον
2212 2554 2518 2624 ὑπέσχηται
2558 2554 2635 2625 τῷ
2663 2556 2933 2625 Ἀϐραάμ.
2973 2555 3082 2607 Καὶ
3141 2556 3303 2609 πάλιν
3350 2553 3606 2620 ὲμνήσθη

2030 2645 2125 2697 τοῦ
2153 2646 2320 2714 ὅρκου
2347 2645 2514 2698 αὑτοῦ
2541 2645 2600 2698 δν
2642 2643 2822 2712 ὤμοσε
2851 2645 2931 2714 τῷ
2959 2643 3171 2709 Ἰσαὰκ,
3204 2644 3300 2696 καὶ
3343 2640 3611 2711 ἀμετακίο

2032 2753 2192 2805 νητον
2247 2737 2401 2790 ἔθετο
2448 2737 2612 2790 αὑτὸν
2664 2735 2746 2804 τῷ
2791 2735 2991 2789 Ἰακὼϐ
3043 2736 3123 2797 εἰς
3149 2735 3211 2788 τὸ
3261 2729 3407 2788 εἶναι
3440 2731 3611 2800 πρόσε-

2029 2843 2217 2897 ταγμα
2249 2866 2265 2893 ,
2312 2828 2564 2881 τουτέστι
2629 2827 2908 2900 θέσπισμα
2967 2826 3245 2898 βασιλικὸν
3312 2824 3612 2896 ἀπαράϐα-

2032 2935 2125 2972 τον
2133 2960 2147 2974 ο

2107 3054 2130 3083 ‹
2164 3035 2352 3101 Λέγων
2383 3050 2399 3066 ο
2430 3035 2523 3089 Σοὶ
2572 3034 2732 3089 δώσω
2761 3033 2861 3103 τὴν
2888 3033 2995 3105 γῆν
3039 3032 3283 3097 Χαναὰν,
3316 3031 3611 3101 σχοίνισμα

1986 3182 2001 3203 ν
2037 3129 2401 3198 κληρονομίας
2450 3128 2628 3199 ἡμῶν,
2658 3147 2677 3181 3
2713 3157 2782 3171 —-
2813 3128 2926 3198 Τὴν
2971 3125 3340 3193 Παλαιστίνην
3370 3125 3440 3193 ῆν
3477 3138 3612 3176 κατ-

2030 3221 2212 3292 ῴκουν
2272 3222 2321 3274 οί
2374 3222 2695 3285 Χαναναῖοι,
2729 3222 2926 3289 λέγων,
2956 3238 2974 3271 ι
3010 3220 3100 3272 Σοὶ
3145 3217 3302 3273 δώσω
3342 3215 3610 3286 κληρονο-

2032 3314 2162 3383 μίας
2195 3312 2502 3383 σχοίνισμα,
2544 3331 2563 3365 3
2593 3314 2762 3383 ῆγουν
2788 3312 3045 3383 μέτρημά
3070 3328 3130 3364 τε
3159 3310 3256 3364 καὶ
3286 3308 3605 3379 σχοίνισμα.

2029 3407 2219 3475 Λέγων
2251 3406 2307 3458 δὲ
2336 3405 2508 3459 ταῦτα
2542 3442 2559 3469 ,
2594 3405 3051 3475 ὑπισχνούμενος,
3081 3406 3171 3458 ὅτε
3199 3397 3339 3471 ἦσαν
3372 3400 3424 3452 οι
3477 3401 3611 3468 περὶ

2028 3499 2136 3552 τὸνι
2179 3496 2431 3567 Ἀϐραὰμ
2471 3498 2566 3551 καὶ
2624 3497 2812 3549 Ἰσαὰκ
2878 3494 2973 3548 καὶ
3048 3490 3247 3546 Ἰακὼϐ
3288 3489 3465 3556 όλίγοι
3524 3488 3605 3557 τῷ

2027 3588 2248 3659 ἀριθμῷ
2279 3591 2374 3645 καὶ
2414 3587 2787 3658 παρεπίδημοι
2821 3588 2887 3657 τῇ
2913 3588 2984 3656 γῇ
3008 3587 3116 3637 τῶν
3148 3582 3499 3637 Χαναναίων.

2102 3702 2121 3734 ι
2165 3682 2275 3735 Καὶ
2301 3681 2520 3749 διῆλθεν
2552 3679 2612 3743 ἐξ
2637 3680 2826 3741 ἔθνους
2859 3680 2939 3739 είς
3002 3676 3178 3742 ἔθνος,
3212 3676 3310 3727 καὶ
3334 3675 3402 3725 ἐκ
3449 3672 3610 3739 βασι·

2026 3774 2175 3837 λείας
2202 3775 2281 3833 είς
2305 3773 2433 3825 λαὸν
2488 3773 2699 3842 ἕτερον.
2731 3790 2749 3824 3
2788 3800 2859 3810 —
2890 3768 3120 3831 Πυκνῶς
3170 3764 3607 3836 μεταναστεύον-

2025 3885 2117 3930 τες
2134 3867 2237 3918 ’καὶ
2261 3865 2459 3927 τόπους
2481 3865 2547 3916 ἐκ
2576 3865 2759 3917 τόπων
2783 3862 3106 3931 ἀμείϐοντες
3154 3860 3203 3910 οί
3234 3857 3608 3926 πατριάρχαι,

2024 3956 2455 4029 διεπορεύθησαν
2486 3957 2549 4008 ἑκ
2580 3955 2733 4008 τοῦδε
2776 3953 2868 4007 τοῦ
2904 3952 3090 4014 ἔθνους
3113 3953 3198 4014 είς
3244 3950 3388 4012 τόδε,
3413 3949 3514 4000 καὶ
3543 3948 3608 3998 ἐκ

2027 4049 2455 4120 βασιλευομένου
2494 4046 2625 4099 λαοῦ
2657 4048 2736 4106 είς
2768 4046 2831 4115 δη
2843 4043 3311 4113 μοκρατούμενον.

2040 4156 2045 4159 ⁷
2104 4162 2123 4195 ι
2154 4143 2269 4195 Οὐκ
2320 4142 2533 4209 ἀφῆκεν
2578 4138 2871 4207 ἄνθρωπον
2924 4135 3182 4202 ἀδικῆσαι
3238 4133 3464 4193 αὐτοῦς.
3510 4129 3608 4183 καὶ

2025 4236 2251 4307 ἤλεγξεν
2280 4234 2421 4302 ὑπὲρ
2454 4231 2635 4285 αὑτῶν
2671 4229 2934 4299 βασιλεῖς.
2974 4246 2993 4279 3
3029 4256 3100 4267 -—
3125 4224 3283 4279 Οὕτω
3309 4226 3418 4292 γὰρ
3456 4224 3601 4275 πλα-

2026 4327 2284 4396 νωμένων
2341 4325 2452 4378 τῶν
2509 4323 2680 4395 τριῶν
2733 4320 2941 4373 τούτων
2988 4315 3371 4387 πατριαρχῶν,
3420 4316 3607 4366 οὐδενὶ

2028 4417 2430 4487 παρεχώρησεν
2471 4417 2499 4468 6
2562 4414 2696 4476 Θεὸς
2750 4410 3013 4479 ἀδικῆσαι
3068 4409 3289 4471 αὐτοὺς,
3319 4406 3459 4459 ἀλλά
3509 4406 3610 4458 καὶ

2029 4508 2263 4579 βασιλεῖς
2284 4507 2585 4576 ἐπηρεάσαι
2615 4502 2978 4573 πειραθέντας
3022 4502 3203 4562 αὑτοῖς
3245 4498 3322 4560 ὡς
3378 4497 3606 4558 ἀδέκους

2026 4599 2222 4672 ῆλεγξε
2252 4598 2347 4650 καὶ
2377 4596 2685 4667 κατῄσχυνε
2736 4593 2831 4646 καὶ
2864 4591 3151 4661 ἐφόϐησεν,
3182 4590 3254 4651 ὡς
3282 4589 3373 4642 τὸν
3400 4588 3605 4656 Φαραὼ

2019 4689 2228 4743 καὶτὸν
2263 4686 2581 4756 Ἀϐιμέλεχ,
2615 4684 2706 4738 τὸν
2739 4683 2839 4752 μὲν
2893 4682 3173 4750 Αἰγύπτου
3224 4679 3484 4748 βασιλέα,
3512 4677 3608 4729 τὶν

2018 4781 2076 4835 δὲ
2102 4780 2376 4849 Γεράρων.

2101 4913 2120 4947 ι
2150 4894 2241 4965 Μὴ
2272 4892 2509 4947 ἅπτεσθε
2540 4891 2650 4944 τῶν
2678 4887 2917 4963 χριστῶν
2944 4903 3071 4957 μου,
3104 4885 3201 4938 καὶ
3240 4885 3298 4936 ἐν
3326 4885 3441 4945 τοῖς
3471 4901 3612 4952 προ-

2023 4987 2223 5056 φήταις
2256 5001 2357 5053 μου
2414 4983 2490 5053 μὴ
2536 4978 2928 5051 πονηρεύεσθε.
2967 4995 2986 5028 3
3020 5007 3089 5017 —
3116 4974 3385 5045 Χριστούς
3430 4991 3612 5041 φησιν

2022 5076 2242 5140 αὐτοὺς,
2275 5074 2349 5137 ὡς
2377 5075 2454 5144 τῷ
2482 5072 2805 5143 προφητικῷ
2834 5068 3230 5139 κεχρισμένους
3255 5066 3565 5136 χαρίσματι
3590 5080 3606 5094 υ

2025 5168 2196 5223 πολλά
2230 5169 2336 5237 γὰρ
2369 5168 2808 5235 προεφήτευσαν.

2108 5280 2127 5313 ι
2168 5260 2272 5314 Καὶ
2303 5261 2528 5314 ὲκάλεσε
2559 5259 2718 5325 λιμὸν
2752 5259 2844 5309 ἐπὶ
2876 5256 2976 5326 τὴν
3034 5254 3140 5323 γῆν
3176 5270 3190 5285 ⁸
3230 5254 3340 5305 πᾶν
3371 5254 3609 5321 στήριγ-

2030 5372 2104 5421 μα
2150 5355 2315 5422 ἄρτου
2369 5351 2710 5421 συνέτριψεν.
2754 5368 2772 5400 3
2801 5378 2872 5390 —
2900 5349 3014 5400 Πᾶν
3075 5346 3260 5417 ἰσχύον
3308 5343 3611 5411 διαθρέψαι

2030 5446 2288 5500 σπανίσαι
2323 5444 2651 5512 πεποίηκεν,
2679 5442 2740 5493 ού
2794 5440 2957 5509 μόνον
3003 5436 3204 5507 δηλαδὴ
3260 5438 3429 5499 σῖτον,
3466 5434 3610 5485 ἀλλὰ

2028 5541 2122 5593 καὶ
2144 5537 2361 5608 κριθὰς,
2384 5535 2479 5589 καὶ
2510 5531 2739 5605 ὄσπρια,
2769 5534 2861 5584 καὶ
2888 5530 2939 5582 εἴ
2966 5548 3016 5583 τι
3048 5528 3177 5583 ἄλλο
3228 5526 3457 5581 δύναται
3479 5527 3610 5595 τρε-

2029 5647 2167 5699 φειν.

2106 5743 2124 5774 ι
2172 5718 2521 5774 Ἀπέστειλεν
2594 5717 2906 5788 ἔμπροσθεν
2970 5705 3149 5768 αὐτῶν
3220 5711 3531 5781 ἄνθρωπον.
3581 5725 3603 5758 3

2030 5846 2094 5855 ---
2134 5812 2486 5884 Ἐμπροσθεν
2516 5810 2622 5865 τῶν
2657 5811 2785 5881 περὶ
2830 5810 2918 5863 τὸν
2964 5804 3155 5862 Ἰακὼϐ
3185 5801 3474 5858 ἀπέστειλε
3508 5801 3608 5853 τὸν
