3822 6508
145 423 156 434 ’
189 452 319 521 15m

1339 456 1746 521 EXPOSITIO
1784 459 1867 520 IN
1909 460 2279 526 PSALMOS.

3277 468 3416 533 1562

185 570 402 641 Ἰωσὴφ,
435 572 499 641 τῇ
532 572 771 643 πονηρίᾳ
804 570 911 623 τῶν
946 568 1196 637 ἀδελφῶν
1227 569 1306 630 εἰς
1323 568 1441 622 δίον
1466 569 1747 640 χρησάμε-
1772 586 1818 645 Α
1848 574 1960 637 τοῖς
2003 575 2175 644 όρίοις
2204 573 2406 629 αὐτῶν.
2444 592 2462 626 ι
2496 603 2551 615 --
2608 574 2674 629 Ἦ
2725 576 2920 646 αίθὰλη
2975 579 3421 648 μετεστοιχειωτο

172 682 280 727 νος.

246 776 265 807 ι
296 755 387 817 Είς
416 752 603 808 δοῦλον
633 751 844 822 ἐπράθη
886 751 1107 822 Ἰωσήφ.
1146 769 1165 801 ι
1198 779 1267 790 -
1297 750 1456 819 Παρά
1503 752 1603 819 μέν
1632 753 1741 805 τῶν

172 846 417 915 ἀδελφῶν
467 844 632 899 αὑτοῦ
681 845 795 905 τοῖς
868 841 1259 910 Ίσμαηλίταις,
1314 842 1462 911 παρὰ
1520 842 1577 895 δέ
1633 844 1742 896 τῶν

184 937 545 1008 Ἰσμαηλιτῶν
565 938 645 1000 είς
673 937 951 1003 Αἴγυπτον
975 934 1051 1001 τῷ
1078 936 1390 1004 Πενταφρῇ.

249 1048 269 1083 ε
302 1014 712 1087 Ἕταπείνωσαν
743 1029 800 1082 ἐν
856 1027 1046 1088 πέδαις
1089 1025 1218 1089 τοὺς
1265 1027 1431 1090 πόδας
1484 1026 1670 1081 αὑτοῦ.
1718 1045 1738 1078 ι

170 1151 241 1163 -—
272 1124 334 1177 0!
362 1123 490 1193 περὶ
519 1122 611 1175 τὸν
640 1121 910 1187 δεσπότην
942 1117 1107 1172 αὐτοῦ
1137 1118 1423 1172 ἐκάκωσαν
1482 1118 1610 1183 τοὺς
1647 1119 1745 1174 πόι

170 1214 265 1276 δας
287 1214 453 1267 αὐτοῦ
476 1216 533 1266 ἐν
552 1213 792 1282 δεσμοῖς.

249 1322 268 1355 ι
300 1305 528 1374 Σίδηρον
572 1304 791 1373 διῆλθεν
839 1304 872 1372 ἡ
914 1301 1061 1371 ψυχὴ
1091 1300 1279 1354 αὑτοῦ.
1311 1319 1328 1352 ι
1358 1331 1427 1343 --
1452 1302 1744 1356 Τουτέστιν

171 1394 357 1457 αὐτός.
416 1395 645 1465 Σίδηρον
702 1393 760 1446 δέ
808 1393 955 1459 λέγει
1010 1392 1101 1444 τὸν
1163 1391 1421 1461 σιδηροῦν
1464 1392 1743 1463 κλοιὸν,ἢ

153 1486 235 1546 ,τὸ
263 1484 417 1552 ξίφος
446 1487 474 1540 δ
499 1487 753 1554 διέφυγεν
782 1487 813 1554 ἡ
845 1483 993 1554 ψυχὴ
1020 1484 1185 1536 αὐτοῦ
1216 1484 1347 1553 ἀχρι
1402 1484 1596 1538 τούτου
1653 1487 1744 1538 ἐλ-

174 1576 363 1631 θοῦσα.
1770 1644 1773 1645 ν

248 1685 269 1720 ε
308 1669 488 1739 Μίχρι
510 1670 605 1723 τοῦ
628 1672 803 1726 ἐλθεῖν
828 1671 919 1723 τδν
942 1671 1102 1740 λόγον
1131 1671 1319 1727 αὑτοῦ.
1362 1691 1382 1725 ι
1412 1702 1479 1715 -
1510 1671 1624 1743 Τὴν
1658 1688 1745 1725 σο-

173 1762 305 1828 φίαν
328 1761 494 1815 αὐτοῦ
525 1762 649 1816 καθ’
670 1764 738 1832 ἢν
767 1764 924 1817 ἐλυσε
947 1766 1076 1827 τοίς
1104 1762 1369 1832 ὀνείρους,
1402 1763 1553 1834 ἦτὴν
1577 1780 1744 1833 φρον-

170 1853 293 1906 τίδα
319 1853 386 1923 ἢν
415 1856 734 1925 ἐφρόντισεν
778 1854 945 1909 αὐτοῦ
974 1857 1001 1909 ό
1021 1856 1174 1916 Θεός.

1846 668 1926 729 εἰς
1953 669 2209 729 σκνῖπας.
2256 668 2507 735 Ζωδφιον
2531 669 2584 722 δέ
2611 671 2985 733 κωνωποειδές
3009 673 3153 723 ἐστιν
3182 674 3210 725 ό
3235 672 3419 741 σκνὲψ.

1923 776 1942 809 ι
1983 760 2093 814 Καὶ
2128 757 2398 829 ἐξήγαγεν
2430 761 2627 824 αὐτοὺς
2657 763 2716 815 ἐν
2747 762 2995 834 ἀργυρίῳ
3016 763 3113 815 καὶ
3139 767 3367 834 χρυσίῳ.
3397 784 3416 816 ι

1845 882 1912 894 -
1946 855 2013 907 ’Δ
2042 855 2346 925 ἐχρήσαντο
2376 857 2548 925 ’παρά
2602 856 2711 909 τῶν
2762 855 3100 923 Αἰγυπτίων,
3127 857 3270 913 οῦτω
3323 858 3421 912 τοῦ

1846 947 1985 1000 Θεοῦ
2040 948 2591 1012 κελεύσαντος,ῶστε
2624 948 2949 1018 λογισθῆναι
3002 948 3176 1002 ταῦτα
3230 950 3422 1017 μισθὸν

1846 1040 1948 1108 τῆς
1980 1040 2277 1105 πολυετοῦς
2308 1043 2617 1111 ὑπηρεσίας
2648 1044 2851 1097 αὐτῶν.

1923 1129 1951 1183 ε
1990 1133 2091 1188 Καὶ
2133 1134 2231 1186 οὐκ
2258 1129 2326 1204 ἦν
2358 1137 2417 1187 ἐν
2466 1138 2588 1198 ταῖς
2620 1136 2818 1203 φυλαῖς
2869 1136 3049 1190 αὐτῶν
3094 1134 3358 1189 ἀσθενῶν.
3395 1152 3414 1186 ε

1846 1254 1917 1265 -——
1948 1224 2067 1279 Ἵνα
2098 1225 2285 1295 μηδεὶς
2321 1226 2625 1297 ὑπολειφθῇ
2681 1228 2770 1280 διά
2814 1229 2988 1284 νόσον.
3020 1228 3190 1280 Τοῦτο
3234 1227 3291 1280 δέ
3343 1227 3419 1295 μὴ

1847 1316 2337 1385 ἀναγεγραμμένον
2370 1317 2427 1369 ἐν
2456 1319 2524 1385 τῇ
2548 1318 2745 1387 Ἐξόδῳ
2774 1320 2942 1386 φησὶν
2970 1318 2999 1369 ό
3029 1315 3215 1382 Δαυῒδ,
3269 1315 3421 1385 παρὰ

1847 1406 1941 1459 τοῦ
1972 1406 2296 1477 Πνεῦματος
2329 1408 2623 1479 διδαχθεὶς,
2646 1409 2838 1478 ῶσπερ
2870 1410 2969 1462 καὶ
2996 1408 3133 1463 ἄλλα
3170 1410 3358 1462 πολλά.

1925 1518 1945 1550 ε
1987 1498 2276 1569 Εύφράνθη
2309 1499 2586 1565 Αἴγυπτος
2610 1502 2665 1552 ἐν
2690 1504 2757 1569 τῇ
2781 1500 2943 1570 ἐξόδῳ
2973 1501 3173 1555 αὐτῶν.
3200 1519 3219 1553 ι
3244 1531 3312 1542 -
3330 1502 3423 1555 Δί·-

1848 1589 2054 1655 γυπτόν
2082 1605 2213 1658 φησι
2238 1589 2361 1651 τοὺς
2386 1588 2816 1658 ὑπολειφθέντας
2848 1591 3202 1657 Αἰγυπτίους.

1929 1700 1948 1733 ε
1988 1681 2114 1734 Ὀτι
2142 1682 2417 1735 ἐπέπεσεν
2449 1684 2477 1737 ό
2518 1683 2681 1751 φόϐος
2752 1683 2934 1736 αὑτῶν
2987 1683 3077 1734 ἐπ’
3137 1682 3355 1746 αὐτούς.
3396 1701 3415 1736 ε

1849 1803 1918 1815 --
1959 1774 2016 1827 '0
2052 1774 2211 1842 φόϐος
2245 1774 2356 1827 τῶν
2407 1774 2679 1844 Ἐὅραίων
2730 1776 2925 1828 ἔπεσεν
2959 1775 3050 1827 ἐπὶ
3078 1777 3208 1839 τοὺς
3256 1779 3422 1842 Αἰγυ-

1850 1868 2063 1930 πτίους,
2106 1868 2795 1939 τουτέστιν,ἐφο6ήθησαν
2850 1868 2902 1920 οί
2953 1867 3243 1935 Αἰγύπτιοι
3292 1869 3422 1930 τοὺς

253 1964 272 1997 ⁸
307 1946 381 1999 Τδ
408 1945 590 2015 λόγιον
616 1947 823 2017 Κἰδρίθυ
863 1947 1150 2014 έπῦρωσεν
1180 1945 1367 2001 αὐτόν·
1397 1964 1415 1997 ³
1445 1976 1513 1987 ···
1554 1946 1616 2000 ὀ
1649 1964 1748 2015 φυ·
1779 1958 1821 2012 Β
1862 1962 2148 2032 Ἐϐραίους
2179 1963 2267 2017 διὰ
2321 1962 2421 2026 τὰς
2456 1963 2595 2033 ὑπὲρ
2636 1962 2815 2016 αὐτῶν
2863 1946 3173 2031 θεηλάτους
3222 1958 3421 2030 μάστι-

176 2038 327 2101 σικὸς
360 2038 522 2108 νόμος
548 2039 671 2092 καθ’
709 2039 769 2091 ὃν
790 2039 1129 2103 ἐδιδάσκετο,
1166 2038 1428 2105 γυναικὸς
1457 2036 1744 2109 ἀλλοτρίας

179 2129 255 2199 μὴ
289 2129 583 2196 ἆπτεσθαι,
615 2131 1032 2200 παρεσκεύασεν
1077 2130 1246 2183 αὐτὸν
1305 2130 1632 2201 πυρωθῆναι
1678 2131 1744 2200 τῇ

176 2221 396 2293 καμίνῳ
422 2223 531 2277 τῶν
559 2223 902 2294 πειρασμῶν.

253 2331 273 2365 ε
301 2313 404 2368 Καὶ
427 2315 683 2385 εἰσῆλθεν
713 2315 931 2387 Ἰσραὴλ
955 2319 1036 2380 είς
1060 2316 1343 2383 Αἴγυπτον
1380 2328 1394 2341 ·
1426 2313 1521 2367 καὶ
1549 2310 1748 2365 Ἰακὼὸ

181 2409 515 2481 παρῴκησεν
540 2413 601 2464 ἐν
631 2413 700 2480 γῇ
753 2411 904 2480 Χάμ.
935 2428 955 2461 ι
993 2440 1065 2452 -—
1094 2407 1420 2476 Παλιλλογεῖ
1447 2407 1747 2472 κάνταῦθα,

183 2505 252 2571 γῇ
283 2502 389 2572 γὰρ
422 2502 550 2570 Χάμ
581 2504 613 2573 ἡ
639 2504 936 2570 Αἴγυπτος.

261 2614 281 2646 ι
316 2596 424 2649 Καὶ
443 2594 651 2666 ηὔξησε
676 2596 765 2648 τὸν
796 2596 926 2648 λαὸν
954 2595 1121 2649 αὐτοῦ
1157 2596 1385 2666 σφόδρα.
1425 2615 1442 2648 ι
1476 2627 1546 2638 -
1570 2594 1749 2666 H6571-

184 2688 359 2751 σεν,’ό
379 2687 513 2752 Θεὸς
560 2686 781 2759 δηλαδή.
811 2687 883 2742 Τὸ
927 2688 983 2742 δὲ
1033 2686 1222 2742 αὑτοῦ
1248 2692 1451 2744 νοεῖται
1512 2692 1606 2743 καὶ
1656 2691 1750 2743 ἐπὶ

183 2780 343 2847 Θεοῦ,
368 2783 567 2834 νοεῖται
590 2782 687 2835 καὶ
715 2782 808 2836 ἐπὶ
838 2783 933 2836 τοῦ
963 2781 1175 2837 Ἰακώϐ.

259 2891 278 2924 ι
307 2874 417 2928 Καὶ
448 2875 825 2943 ἐκραταίωσεν
856 2878 1020 2931 αὐτὸν
1050 2878 1192 2949 ὑπὲρ
1221 2878 1349 2943 τοὺς
1394 2877 1627 2949 ἐχθροὺς
1654 2877 1749 2929 αύ-

181 2966 301 3019 τοῦ.
340 2982 361 3019 ε
393 2994 466 3007 --
504 2966 677 3035 ’Υπὲρ
723 2968 850 3031 τοὺς
904 2969 1264 3036 Αἰγυπτίους,
1314 2968 1511 3031 οἵτινες
1567 2967 1753 3038 ἐχθροὶ

182 3050 325 3127 ἦσαν
344 3060 439 3111 καὶ
464 3060 578 3121 τοῖς
603 3056 969 3129 Ἰσραηλίταις
995 3061 1090 3112 καὶ
1121 3060 1198 3128 τῷ
1222 3059 1361 3129 Θεῷ.

262 3167 281 3202 ε
323 3150 671 3223 Μετέστρεψε
718 3151 817 3222 τὴν
851 3152 1080 3221 καρδίαν
1131 3152 1314 3205 αὐτῶν
1373 3149 1468 3204 τοῦ
1500 3137 1766 3220 ’μισῆσαι

183 3242 277 3293 τὸν
309 3239 435 3295 λαὸν
466 3241 653 3296 αὐτοῦ.
687 3261 707 3294 ε
740 3272 806 3283 --
838 3243 952 3295 Οὐκ
1014 3242 1177 3304 αὐτὸς
1244 3239 1588 3311 μεταϐαλὼν,
1618 3239 1753 3294 ἀλλά

188 3333 264 3404 τῷ
304 3333 634 3404 αὐτεξουσίῳ
688 3333 1056 3403 παραχωρῶν.
1116 3332 1383 3386 Ἐνταῦθα
1431 3331 1487 3385 δέ
1546 3332 1605 3385 τὸ
1655 3335 1753 3402 μεν

187 3427 404 3498 πρῶτον
435 3426 601 3488 αὐτοῦ
655 3425 957 3497 δηλωτικόν
989 3426 1105 3478 ἐστι
1156 3423 1251 3477 τοῦ
1292 3423 1513 3493 Φαραὼ,
1542 3424 1604 3476 οὐ
1657 3423 1751 3475 τοῦ

184 3520 509 3589 ἀγαπῶντος
537 3517 629 3573 τὸν
662 3519 884 3588 Ἰωσὴφ,
911 3516 1027 3570 ἀλλ’
1053 3517 1240 3586 ἐτέρου
1275 3531 1289 3545 ο
1321 3514 1382 3569 τὸ
1410 3514 1465 3568 δέ
1496 3513 1753 3586 δεύτερον

182 3611 350 3668 αὑτοῦ
383 3610 680 3682 μηνυτικόν
699 3611 813 3663 ἐστι
848 3609 942 3665 τοῦ
974 3608 1129 3662 Θεοῦ.

265 3722 285 3757 ε
330 3706 439 3760 Τοῦ
466 3703 772 3759 δολιοῦσθαι
812 3704 870 3756 ἐν
902 3703 1035 3755 πᾶσι
1094 3704 1207 3765 τοῖς
1258 3700 1465 3764 δούλοις
1508 3699 1692 3755 αὑτοῦ.
1732 3720 1750 3754 ε

184 3827 253 3841 --
285 3800 392 3854 Τοῦ
420 3797 793 3852 ἐπιϐουλεύειν
822 3815 838 3830 ο
870 3796 1172 3865 προσέταξε
1228 3795 1336 3867 γάρ
1386 3795 1512 3857 ταῖς
1566 3795 1756 3865 μαίαις

186 3892 437 3962 ἀναιρεῖν
498 3890 567 3945 τά
598 3890 803 3960 ἀρσενα
833 3889 941 3941 τῶν
975 3886 1277 3957 Ἑϐραϊκῶν
1304 3886 1546 3957 βρεφῶν.

266 4000 286 4035 ε
316 3982 508 4035 Ἐθετο
536 3984 594 4035 ἐν
646 3982 830 4044 αὐτοῖς
859 3980 987 4043 τοὺς
1019 3979 1214 4046 λόγους
1246 3979 1356 4032 τῶν
1391 3978 1637 4049 σημείων
1665 3976 1757 4031 αῦ-

186 4076 283 4130 τοῦ
320 4074 414 4129 καὶ
438 4074 548 4128 τῶν
599 4073 845 4141 τεράτων
896 4072 1062 4127 αὑτοῦ
1110 4074 1168 4125 ἐν
1212 4073 1283 4143 γῇ
1338 4071 1487 4142 Χάμ.
1533 4090 1553 4124 ε
1581 4072 1758 4125 -Τά

189 4169 593 4239 προστάγματα
630 4168 759 4243 περὶ
790 4167 901 4220 τῶν
933 4170 990 4221 ἐν
1024 4170 1093 4236 γῇ
1142 4165 1269 4235 Χάμ
1321 4164 1759 4235 ἐνεργηθησομέ-

188 4280 297 4315 νων
331 4260 574 4332 σημείων
607 4260 701 4313 καὶ
730 4258 976 4329 τεράτων
1003 4257 1166 4311 αὐτοῦ
1192 4274 1207 4289 ο
1239 4258 1533 4326 ἐνεργῆσαι
1560 4257 1667 4326 γάρ
1701 4256 1759 4309 ἐν

188 4352 453 4422 Αἰγύπτῳ
474 4352 807 4419 προσέταξεν
835 4352 1018 4412 αὐτοῖς
1048 4349 1241 4401 τοσάδε
1283 4348 1379 4401 καὶ
1428 4348 1607 4401 τοιάδε
1665 4363 1760 4416 ση-

194 4432 343 4516 μεῖα.
376 4442 588 4515 Ὠσπερ
635 4444 691 4497 δέ
737 4445 795 4496 ἐν
828 4443 905 4513 τῷ
949 4439 1031 4506 οξ¹
1082 4440 1283 4511 ψαλμῷ
1336 4439 1434 4511 τὴν
1486 4439 1640 4504 τάξιν
1697 4439 1759 4492 ού

191 4538 454 4607 φυλάττει
479 4537 587 4590 τῶν
630 4535 1021 4606 Αἰγυπτιακῶν
1053 4533 1299 4605 πληγῶν,
1331 4530 1475 4586 οὕτω
1528 4530 1622 4586 καὶ
1673 4533 1760 4587 ἐν-

189 4629 399 4685 ταυθοῖ.

270 4741 289 4771 ε
328 4720 710 4788 Ἐξαπέστειλε
748 4720 959 4784 σκότος,
995 4721 1087 4773 καὶ
1156 4718 1441 4783 ἐσκότασε,
1469 4717 1563 4770 καὶ
1616 4735 1753 4789 παρ-

192 4814 499 4882 επίκραναν
533 4814 660 4875 τοὺς
715 4811 909 4880 λόγους
945 4808 1135 4865 αὑτοῦ.
1174 4828 1195 4862 ε
1227 4837 1296 4849 ο·-
1324 4809 1422 4862 Διά
1446 4810 1555 4861 τῶν
1582 4807 1757 4875 λόγων

189 4907 461 4975 δεδήλωκε
492 4905 582 4957 τὸν
606 4904 835 4973 λέγοντα
880 4904 1036 4969 Θεὸν,
1082 4903 1141 4955 δν
1170 4902 1587 4972 παρελύπησαν,
1632 4902 1757 4964 τοὺς

189 4996 610 5065 λόγουςιαύτοῦ
665 4997 1012 5060 ἀθετοῦντες,
1051 4997 1101 5048 οί
1151 4993 1486 5061 Αἰγύπτιοι·
1530 4992 1591 5045 οὐ
1650 4993 1759 5061 γὰρ

192 5090 439 5159 ἤκουσαν
480 5089 616 5142 Θεοῦ
646 5087 963 5151 κελεύοντος
987 5084 1259 5140 ἀπολῦσαι
1290 5087 1381 5137 τδν
1415 5085 1541 5139 λαὸν
1570 5084 1756 5148 αὐτοῦ,

193 5180 512 5243 κελεύοντος
568 5180 625 5233 δέ
685 5180 845 5234 τοῦτο
906 5178 993 5236 διά
1056 5178 1302 5243 Μωσέως
1360 5177 1602 5249 δηλονότι
1663 5179 1760 5231 καὶ

203 5272 433 5340 ⁹Δαρῶν.

272 5383 290 5417 ε
320 5364 604 5437 Ἐξεῖρψεν
637 5366 668 5433 ἡ
702 5364 775 5433 γῆ
808 5362 988 5418 αὐτῶν
1044 5360 1371 5433 βατράχους.
1411 5380 1431 5415 ι
1470 5390 1540 5403 —-
1565 5362 1638 5415 Τὸ
1662 5362 1762 5426 ἐξ-

193 5455 408 5526 εῒρψεν
440 5458 560 5509 ἀντὶ
582 5456 673 5510 τοῦ
703 5457 965 5525 ἐξέδωκεν
998 5454 1385 5525 ἐρπυστικούς.

269 5567 289 5599 ε
323 5547 415 5603 Ἐν
441 5550 553 5611 τοῖς
579 5549 852 5615 ταμιείοις
879 5548 987 5599 τῶν
1017 5546 1284 5617 βασιλέων
1315 5546 1513 5602 αὐτῶν.
1546 5566 1565 5600 ε
1594 5576 1665 5588 --
1685 5547 1760 5600 Οὐ

194 5640 360 5711 μόνον
387 5644 445 5694 ἐν
475 5644 589 5703 τοῖς
620 5640 805 5704 ἀλλοις
862 5640 1069 5705 τόποις,
1100 5639 1238 5693 ἀλλά
1267 5641 1364 5693 καὶ
1407 5644 1466 5694 ἐν
1518 5642 1633 5704 τοῖς
1682 5642 1761 5703 είς

187 5733 259 5786 τά
285 5731 534 5801 βασίλεια
557 5732 848 5805 ταμιείοις,
878 5733 1009 5787 ἔνθα
1030 5732 1199 5803 πολλὴ
1222 5731 1436 5801 φυλακὴ
1463 5732 1559 5785 καὶ
1588 5732 1765 5801 ἀσφά-

187 5831 330 5880 λειτ.

272 5935 288 5968 ι
325 5911 481 5982 Εἶπε,
513 5917 607 5970 καὶ
633 5913 764 5988 ἦλθε
814 5917 1082 5987 κυνόμυια
1115 5918 1206 5971 καὶ
1271 5920 1494 5982 σκνῖπες
1544 5918 1598 5970 ἐν
1630 5918 1760 5972 πᾶσι

1847 2073 1970 2124 γας.

1927 2169 1947 2201 ι
1974 2150 2234 2221 Διέῥρηξε
2270 2150 2507 2220 πέτραν,
2540 2150 2637 2203 καὶ
2663 2148 2943 2220 ἐρρύησαν
2978 2147 3166 2204 ὕδατα·
3197 2146 3424 2218 ἐπορεύ-

1848 2242 2024 2312 θησαν
2075 2244 2133 2296 ἐν
2184 2243 2430 2315 ἀνύδροις
2497 2243 2754 2313 ποταμοί.
2790 2262 2808 2294 ι
2842 2244 3220 2311 -Ποταμοὺς
3274 2240 3422 2308 λέγει

1848 2338 1977 2399 τοὺς
2009 2337 2071 2389 ἐκ
2099 2336 2198 2405 τῆς
2224 2337 2428 2407 πέτρας
2455 2336 2885 2408 διαρῤηχθείσης
2916 2336 3135 2406 ὀχετοὺς
3162 2336 3273 2389 τῶν
3303 2336 3423 2389 ὑδά-

1847 2443 1957 2480 των
1977 2426 2172 2489 οἴτινες
2201 2428 2258 2484 ἐν
2288 2427 2544 2495 ἀνύδροις
2578 2428 2766 2490 τόποις
2787 2429 3186 2497 κατέῤῥευσαν.
3298 2476 3307 2485 ,

1928 2534 1948 2568 ε
1974 2517 2101 2570 Ὀτι
2128 2517 2374 2589 ἐμνήσθη
2403 2519 2498 2571 τοῦ
2525 2518 2687 2587 λόγου
2737 2518 2832 2571 τοῦ
2894 2518 3052 2587 άγίου
3112 2518 3296 2584 αὐτοῦ,
3327 2517 3424 2571 τοῦ

1850 2608 1989 2678 πρὸς
2028 2609 2285 2679 ’Δϐραὰμ
2320 2609 2411 2662 τόν
2442 2609 2629 2664 δοῦλον
2677 2608 2868 2665 αὑτοῦ.
2907 2628 2927 2662 ι
2966 2639 3037 2650 -
3060 2610 3184 2663 Ὅτι
3207 2609 3426 2679 πληθυο

1850 2703 1933 2754 νεῖ
1954 2699 2013 2753 τδ
2051 2703 2276 2771 σπέρμα
2302 2700 2490 2767 αὐτοῦ,
2527 2704 2621 2756 καὶ
2650 2703 2734 2775 ὅτι
2757 2700 2921 2755 δώσει
2960 2701 3109 2771 αύτῷ
3156 2702 3260 2771 γῆν
3308 2702 3426 2755 Χα-

1850 2794 2005 2847 ναάν.

1930 2903 1948 2935 ι
1992 2884 2097 2937 Καὶ
2133 2884 2335 2937 ἔδωκεν
2358 2885 2545 2948 αὐτοῖς
2575 2886 2763 2956 χώρας
2807 2886 2978 2937 ἐθνῶν
3020 2901 3038 2919 ο
3070 2886 3167 2940 καὶ
3225 2887 3427 2949 πόνους

1858 2977 2006 3030 λαῶν
2034 2977 2618 3046 κατεκληρονόμησαν.
2659 2996 2679 3030 ε
2715 3006 2788 3019 -
2812 2978 2952 3040 Τούς
2982 2995 3042 3030 τε
3093 2978 3428 3041 ἀθετοῦντας

1853 3070 2050 3132 αὐτοὺς
2081 3070 2318 3134 κολάσας
2343 3070 2566 3135 ἐνδίκως
2595 3070 2693 3125 καὶ
2725 3070 2827 3134 τὰς
2859 3070 3069 3132 οίκείας
3099 3070 3423 3140 ἐμπεδὼσας

1852 3161 2165 3231 ὁμολογίας.

1934 3272 1954 3305 ε
1994 3256 2182 3318 Ὅπως
2239 3254 2306 3309 ἀν
2369 3254 2648 3323 φυλάξωσι
2709 3256 2776 3311 τὰ
2835 3254 3179 3327 δικαιώματα
3234 3254 3425 3319 αὑτοῦ.

1858 3346 1953 3397 καὶ
1985 3344 2078 3397 τδν
2108 3344 2274 3415 νόμον
2325 3345 2493 3399 αὑτοῦ
2529 3347 2931 3417 ἐκζητήσωσιν.
2970 3366 2991 3399 »
3022 3377 3095 3387 -
3126 3347 3276 3401 ’Λντὶ
3328 3346 3427 3402 τοῦ

1857 3436 2171 3508 ποθήσωσιν
2202 3454 2217 3469 ο
2247 3436 2277 3491 ὂ
2307 3438 2414 3510 γὰρ
2444 3438 2603 3492 ποθεῖ
2625 3456 2708 3501 τις
2738 3438 2833 3494 καὶ
2854 3439 3099 3511 ἐκζητεῖ.

2416 3530 2706 3584 ΨΔΛΜΟΣ
2739 3529 2863 3586 ΡΕ’.

1933 3642 1953 3675 ι
1991 3622 2335 3694 Ἀλληλούῖα.
2368 3622 2819 3693 Ἐξομολογεῖσθε
2843 3621 2923 3693 τῷ
2947 3621 3158 3692 Κυρίῳ,
3190 3622 3275 3677 δτι
3294 3639 3430 3693 χρη-

1859 3717 1981 3778 στός
2012 3730 2025 3745 ·
2062 3715 2145 3767 δτι
2170 3715 2249 3777 είς
2288 3714 2379 3768 τὸν
2435 3715 2609 3767 αἰῶνα
2645 3714 2708 3767 τὸ
2730 3713 2880 3777 ἐλεος
2906 3713 3096 3769 αὑτοῦ.
3136 3733 3155 3767 ε
3192 3712 3431 3779 -Ἐξο-

1860 3807 2182 3876 μολογεῖσθε
2230 3807 2317 3860 ἀεὶ
2347 3806 2423 3876 τῷ
2478 3807 2599 3877 Θεῷ
2635 3807 2733 3870 τάς
2783 3807 3055 3877 ἁμαρτίας
3117 3806 3293 3875 ὑμῶν.
3344 3807 3428 3860 ὅτι

1857 3895 2061 3961 ἀγαθὸς
2094 3896 2189 3948 καὶ
2217 3895 2616 3965 ἀμνησίκακος,
2641 3897 2725 3950 δτι
2753 3897 2973 3949 αἰώνιον
2999 3896 3060 3950 τό
3080 3895 3229 3960 ἐλεος
3257 3893 3428 3949 αὑτοῦ

1859 3989 1953 4039 καὶ
1989 3986 2236 4056 διηνεκές
2264 4003 2279 4018 θ
2334 3986 2422 4040 ἀεὶ
2442 3986 2550 4056 γὰρ
2578 3987 2719 4040 ἐλεεῖ
2747 3987 2875 4050 τοὺς
2911 3984 3335 4057 μετανοοῦντας.
3412 4044 3419 4049 ,

1934 4098 1953 4131 ε
1996 4078 2093 4140 Τίς
2115 4080 2339 4150 λαλήσει
2368 4079 2465 4142 τάς
2498 4080 2819 4142 δυναστείας
2853 4077 2948 4133 τοῦ
3009 4078 3234 4150 Κυρίου,
3266 4078 3432 4129 ἀκου-

1861 4171 1991 4234 στάς
2018 4171 2231 4242 ποιήσει
2264 4171 2446 4234 πάσας
2478 4170 2575 4233 τὰς
2598 4171 2813 4233 ἀνέσεις
2842 4170 3048 4235 αύτοῦ;
3088 4188 3107 4220 ι
3141 4198 3211 4208 -
3240 4168 3429 4232 Οὐδεὶς

1859 4262 1971 4331 γὰρ
2001 4263 2217 4331 ἀπόχρη
2255 4261 2414 4330 λόγος
2444 4262 2524 4324 είς
2565 4261 2837 4331 ὑμνῳδίαν
2862 4261 2955 4314 τοῦ
2983 4260 3141 4314 Θεοῦ.

1938 4375 1957 4407 ι
1991 4356 2271 4425 Μακάριοι
2298 4355 2348 4408 οί
2382 4354 2748 4423 φυλάσσοντες
2772 4354 2954 4422 κρίσιν
3007 4355 3102 4408 καὶ
3142 4353 3430 4420 ποιοῦντες

1846 4446 2208 4517 δικαιοσύνην
2237 4448 2296 4500 ἐν
2328 4448 2492 4500 παντὶ
2521 4448 2717 4517 καιρῷ.
2745 4463 2765 4497 ι
2785 4476 2857 4485 -
2882 4446 3193 4515 Μακαρίζει
3239 4448 3267 4497 ό
3296 4461 3432 4512 προ-

1861 4542 2041 4610 φήτης
2073 4540 2135 4594 οὐ
2186 4540 2314 4602 τοὺς
2372 4538 2541 4604 ἅπαξ,
2595 4540 2733 4592 ἀλλὰ
2785 4540 2912 4600 τοὺς
2954 4538 3216 4603 διηνεκῶς
3253 4537 3430 4608 ὀρθῶς

1792 4636 1835 4689 ι)
1865 4633 2158 4703 κρίναντας
2188 4630 2283 4684 καὶ
2308 4631 2530 4693 δικαίως
2558 4632 2651 4685 καὶ
2673 4630 2882 4699 ἑτέροις
2904 4631 2995 4681 καὶ
3023 4630 3256 4691 ἑαυτοῖς,
3288 4627 3429 4681 ὥστε

1867 4724 1942 4794 μὴ
2001 4724 2357 4793 παραχωρεῖν
2413 4722 2903 4787 κατεξανίστασθαι
2969 4721 3029 4775 τὸ
3085 4725 3265 4791 χεῖρον
3333 4719 3429 4774 τοῦ

1865 4815 2195 4884 κρείττονος.

1942 4926 1961 4959 ε
1998 4907 2285 4979 Μνήσθητι
2318 4904 2494 4976 ἡμῶν,
2529 4903 2719 4974 Κύριε,
2751 4906 2806 4957 ἐν
2839 4906 2905 4975 τῇ
2936 4903 3152 4974 εὐδοκία
3177 4902 3270 4956 τοῦ
3297 4900 3431 4953 λαοῦ

1867 5017 1959 5054 σου
1991 5016 2006 5033 ·
2040 4998 2336 5067 ἐπίσκεψαι
2363 5000 2417 5050 ἐν
2446 4997 2523 5062 τῷ
2562 4997 2814 5068 σωτηρίῳ
2859 5013 2974 5048 σου.
3015 5014 3034 5047 ε
3073 5024 3140 5035 -
3180 4992 3434 5047 Ίκετεύει

1865 5096 1894 5147 ό
1920 5094 2202 5163 προφήτης
2235 5091 2427 5161 μνείαν
2456 5089 2711 5158 γενέσθαι
2751 5089 2848 5143 καὶ
2873 5087 3040 5141 αὑτοῦ
3109 5089 3169 5140 ἐν
3224 5089 3291 5158 τῇ
3346 5086 3435 5141 διὰ

1865 5187 1965 5256 τῆς
1995 5187 2143 5248 θείας
2170 5185 2645 5255 ἐνανθρωπήσεως
2695 5181 2987 5252 εὐεργεσίᾳ
3034 5182 3127 5234 καὶ
3189 5181 3435 5249 σωτηρίᾳ

1866 5278 1961 5331 τοῦ
1991 5278 2110 5330 νέου
2138 5276 2292 5330 λαοῦ.
2316 5278 2382 5330 Al
2411 5277 2654 5329 τοιαῦται
2707 5275 2764 5329 δέ
2795 5274 2997 5328 ίκεσίαι
3048 5273 3295 5341 δόγματα
3331 5276 3437 5326 εἱσι

1869 5369 2186 5439 προφητικά
2208 5381 2225 5399 ⁶
2261 5368 2451 5438 ῶσπερ
2494 5367 2589 5421 νῦν
2631 5367 2953 5436 δογματίζει
3008 5365 3370 5436 προφητεύων
3406 5368 3437 5420 ό
3469 5420 3477 5429 ,

1868 5459 2033 5514 Δαυτδ
2057 5459 2131 5531 μὴ
2160 5460 2319 5530 μόνον
2342 5461 2455 5523 τοῖς
2477 5460 2666 5524 ζῶσιν,
2695 5459 2830 5514 ἀλλά
2861 5461 2958 5512 καὶ
3003 5460 3116 5521 τοῖς
3168 5458 3435 5511 τεθνεῶσι

1870 5552 1930 5606 τὸ
1985 5557 2260 5623 σωτήριον
2305 5552 2613 5621 ἐπισκοπὴν
2659 5552 2986 5622 ποιήσεσθαι
3045 5551 3137 5604 τὸν
3199 5549 3436 5621 Χριστόν

1868 5644 1955 5696 διὰ
1989 5644 2090 5713 τῆς
2128 5645 2186 5695 ἐν
2214 5643 2291 5714 τῷ
2318 5644 2416 5715 ᾄδῃ
2460 5644 2683 5697 καθόδου
2714 5641 2908 5697 αὐτοῦ.

1946 5755 1965 5788 ε
1994 5735 2101 5789 Τοῦ
2141 5736 2268 5789 ἰδεῖν
2303 5738 2359 5790 ἐν
2386 5738 2452 5807 τῇ
2504 5736 2832 5806 χρηστότητι
2860 5734 2968 5787 τῶν
3014 5731 3287 5785 ἐκλεκτῶν
3318 5747 3437 5797 σου,

1871 5827 1965 5881 τοῦ
1999 5828 2375 5899 εὐφρανθῆναι
2409 5830 2468 5881 ἐν
2499 5832 2562 5900 τῇ
2588 5828 2896 5899 εὐφροσύνῃ
2922 5825 3017 5879 τοῦ
3050 5825 3234 5887 ἔθνους
3263 5838 3379 5877 σου.
3412 5843 3432 5874 ›

1872 5952 1941 5963 -—
1972 5923 2134 5977 ’Ὥστε
2172 5924 2301 5978 ίδεῖν
2333 5926 2426 5977 καὶ
2478 5924 2644 5995 ἡμᾶς,
2679 5926 2849 5993 ῆγουν
2898 5920 3063 5993 πείρᾳ
3103 5918 3305 5986 γνῶναι
3342 5918 3437 5970 καὶ
