3806 6356
192 439 327 507 1Ξ65

1341 443 1744 505 EXPOSITIO
1781 445 1865 505 ΙΝ
1903 447 2263 509 PSALMOS.

3280 440 3419 506 1566

174 557 325 608 ναικὶ
356 556 538 623 πληγῇ
573 555 690 624 μιᾷ.
717 553 813 607 καὶ
842 550 1015 613 οὕτως
1047 553 1175 625 ἔστη
1215 555 1248 626 ἡ
1285 556 1422 626 ὀργὴ
1455 558 1544 610 τοῦ
1578 556 1736 620 θεοῦ,
1768 564 1809 618 Δ
1844 561 2218 628 παρανομίαν.
2257 561 2600 631 Προφητεύει
2638 560 2693 613 δὲ
2723 559 2808 613 διὰ
2844 556 3047 612 τούτων
3072 556 3101 609 6
3132 543 3298 608 λαυτδ
3333 556 3417 607 ὅτι

174 645 547 714 ἐξιλεωθέντος
575 645 652 714 τῷ
679 643 827 716 ζήλῳ
851 645 947 698 τοῦ
978 647 1183 710 Φινεές.
1661 712 1665 716 λ

250 756 271 792 3
307 739 417 793 Kal
441 738 694 809 ἐλογίσθη
719 737 868 808 αὐτῷ
899 738 981 803 εἰς
1008 737 1361 809 δικαιοσύνην
1416 742 1496 805 είς
1543 743 1740 810 γενεὰν

172 831 270 883 καὶ
297 828 492 897 γενεὰν
521 829 626 893 ἕως
664 829 758 882 τοῦ
783 829 997 903 αἰῶνος.
1033 848 1052 883 3
1082 860 1155 874 -—
1185 832 1292 885 Kal
1328 833 1356 884 6
1390 833 1547 899 φόνος
1583 827 1740 894 οὗτος

173 924 254 986 είς
284 920 487 992 ἀρετὴν
520 922 670 991 παρά
721 923 941 977 πάντων
984 922 1240 994 ἐλογίσθη
1286 924 1365 993 τῷ
1395 925 1579 988 Φινεὲς
1627 924 1742 978 δια-

172 1014 397 1075 παντός.

249 1124 269 1157 3
307 1106 416 1158 Kal
448 1104 807 1175 παρώργισαν
832 1106 995 1159 αὐτὸν
1028 1108 1119 1160 ἐπὶ
1150 1107 1341 1170 ὕδατος
1363 1107 1731 1175 ἀντιλογίας.»

172 1224 240 1238 --
275 1195 349 1249 Τὸ
380 1200 438 1250 ἐν
468 1197 663 1267 ἐρήμῳ
693 1197 906 1267 Κάδδης
938 1198 1002 1250 ἐκ
1028 1200 1233 1269 πέτρας
1259 1199 1389 1267 ῥυὲν
1413 1199 1556 1269 ὕδωρ
1591 1202 1740 1255 ἀντι·-

170 1289 358 1357 λογίας
413 1289 556 1358 ὕδωρ
604 1290 920 1359 ὠνόμασται
961 1291 1072 1345 ἀπὸ
1122 1292 1224 1362 τῆς
1272 1296 1738 1364 προηγησαμένης

128 1367 133 1373 ’
169 1381 484 1447 ἀντιλογίας
530 1383 623 1435 καὶ
674 1383 962 1446 ἀπειθείας
993 1383 1105 1437 τῶν
1145 1384 1415 1438 Ἰουδαίων
1447 1386 1535 1439 ὅτε
1580 1386 1740 1456 διψῆ-

174 1489 367 1535 σαντες
399 1473 713 1542 ἐγόγγυζον,
747 1477 839 1528 καὶ
869 1476 965 1546 οὐχ
1005 1477 1285 1547 ὑπήκουον
1324 1478 1515 1531 Μωσεί
1545 1480 1631 1547 ἐφ’
1656 1474 1737 1542 οἷς

170 1563 383 1632 ἔλεγεν,
422 1564 559 1618 ἀλλά
593 1566 1015 1635 διελοιδοροῦντο
1047 1568 1249 1638 μᾶλλον
1282 1568 1454 1638 αὐτῷ.

247 1676 267 1708 3
304 1659 413 1711 Kal
438 1657 690 1729 ἐκακώθη
714 1661 916 1731 Μωσῆς
938 1661 1006 1714 δι’
1034 1663 1254 1726 αὐτούς.
1288 1680 1307 1714 3
1337 1692 1406 1705 —
1447 1661 1734 1732 Ἐκακὼθη

172 1749 329 1820 παρὰ
358 1751 494 1805 θεοῦ
532 1753 885 1823 κατακριθεὶς
912 1754 1018 1820 ἔξω
1040 1756 1138 1824 τῆς
1162 1756 1582 1826 ἐπηγγελμένης
1634 1756 1737 1826 γῆς

167 1843 491 1910 ἀποθανεῖν,
515 1846 675 1911 αὐτός
706 1865 765 1901 τε
796 1849 891 1901 καὶ
939 1848 1172 1919 Ἀαρών.

244 1952 265 1987 3
299 1936 420 1989 Ὀτι
444 1940 864 2008 παρεπίκραναν
894 1943 954 1994 τὸ
987 1943 1205 2012 πνεῦμα
1234 1943 1455 1998 αὐτοῦ.»
1481 1973 1554 1985 -
1586 1943 1739 1998 Ἑλύ-

169 2039 353 2092 πησαν
402 2026 501 2097 τὴν
547 2029 728 2099 ψυχὴν
765 2032 858 2083 τοῦ
917 2032 1161 2094 Μωσέως
1213 2034 1583 2103 γογγύζοντες
1638 2035 1735 2090 καὶ

169 2114 486 2186 ὑϐρίζοντες
527 2119 709 2183 αὐτὸν,
759 2124 853 2174 καὶ
899 2123 1266 2190 ἀναγκασθείς
1299 2123 1420 2178 εἷπε
1455 2128 1735 2180 ὃιστακτι-

166 2209 301 2287 κῶς,
331 2210 450 2279 ιΜὴ
480 2213 543 2264 ἐκ
574 2212 671 2281 τῆς
696 2217 901 2285 πέτρας
922 2216 1123 2285 ταύτης
1154 2216 1327 2282 ἐξάξω
1356 2218 1482 2288 ὑμῖν
1510 2218 1654 2287 ὕδωρ
1678 2235 1728 2285 ;3

245 2319 265 2351 3
308 2303 417 2354 Kal
443 2302 737 2357 διέστειλεν
768 2307 826 2357 ἐν
856 2308 968 2367 τοῖς
990 2307 1225 2375 χείλεσιν
1251 2308 1437 2362 αὐτοῦ.
1474 2328 1493 2361 3
1518 2339 1589 2349 —
1630 2310 1735 2363 Τὸν

165 2393 415 2458 Μωσέως
446 2398 504 2461 ἐξ
527 2395 825 2466 ὀλιγωρίας
849 2399 1007 2468 λόγον
1028 2401 1117 2453 διὰ
1138 2402 1230 2453 τοῦ
1256 2400 1589 2456 ὄιέστειλεν
1615 2402 1731 2471 ῆτοι

165 2484 351 2552 ἡνοιξε
386 2487 452 2541 τά
482 2488 634 2556 χείλη
665 2489 831 2542 αὐτοῦ
871 2490 1135 2560 εὐφήμως
1184 2492 1458 2561 ἐδήλωσεν
1488 2496 1515 2546 6
1546 2494 1735 2550 Δαυῖδ.

166 2580 328 2644 Τινὲς
354 2581 502 2636 δὲτὸ
546 2582 884 2638 διέστειλεν
912 2586 1032 2639 ἀντὶ
1074 2586 1169 2639 τοῦ
1209 2585 1572 2649 διστακτικῶς
1613 2586 1736 2639 ἐλά-

166 2671 301 2738 λησε
353 2675 697 2746 νενοήκασιν.
755 2676 914 2731 Οῦτω
956 2679 1013 2732 δέ
1062 2678 1123 2732 τὸ
1169 2678 1241 2732 ἐν
1291 2678 1419 2744 τοῖς
1459 2678 1735 2748 χείλεσιν

164 2764 339 2818 ἔσται
368 2767 488 2819 ἀντὶ
524 2766 623 2821 τοῦ
653 2768 737 2821 διὰ
770 2772 877 2822 τῶν
908 2770 1151 2839 χειλέων.
1188 2766 1310 2824 Οἵδε
1357 2771 1415 2823 δὲ
1458 2771 1491 2840 ἠ
1524 2770 1734 2824 παλαιά

163 2855 358 2926 Γραφὴ
416 2858 534 2912 ἀντὶ
561 2860 655 2912 τοῦ
682 2860 869 2924 ἁπλῶς
900 2862 1139 2933 χρᾶσθαι
1167 2861 1349 2930 λέγειν
1383 2862 1441 2914 τὸ
1479 2860 1732 2914 διαστέλ-

162 2947 395 3004 λεσθαιί

244 3061 265 3095 3
301 3043 410 3096 Kal
450 3043 727 3114 ἐμίγησαν
771 3047 830 3097 ἐν
860 3048 969 3109 τοῖς
1021 3047 1221 3110 ἔθνεσι,
1274 3048 1368 3100 καὶ
1417 3047 1621 3116 ἔμαθον
1664 3047 1733 3100 τὰ

164 3130 304 3201 ἔργα
351 3131 554 3185 αὐτῶν.
585 3150 605 3183 3
633 3163 704 3176 -—
751 3135 926 3207 Ἔργα
972 3137 1039 3189 τὰ
1076 3137 1371 3207 παράνομα
1407 3138 1500 3192 καί⁸
1533 3138 1729 3207 ἀσεϐῆ.

242 3241 262 3274 3
299 3222 411 3275 Kal
441 3222 763 3277 ἐδούλωσαν
787 3229 898 3288 τοῖς
932 3227 1191 3296 γλυπτοῖς
1216 3228 1395 3281 αὐτῶν
1420 3243 1435 3261 ⁸
1468 3229 1563 3282 καὶ
1613 3230 1735 3296 ἐγε-

1849 653 1944 704 καὶ
1977 649 2333 704 πιστεύσουσι
2359 650 2437 720 τῷ
2470 650 2693 720 Χριστῷ
2721 650 2922 713 πάντες
2957 650 3006 701 οἱ
3042 646 3286 701 Ἰουδαῖοι
3323 646 3419 700 καὶ

1848 743 1929 805 είς
1981 741 2083 813 τὴν
2160 742 2291 811 μίαν
2346 740 2445 795 καὶ
2500 741 2802 811 καθολικὴν
2866 738 3197 810 Ἐκκλησίαν
3249 735 3416 790 αὐτοῦ

1848 829 2385 899 ἐπισυναχθήσονται
2418 832 2513 885 καὶ
2557 830 2732 885 αὐτοί.

1928 942 1947 976 3
1987 922 2095 976 Τοῦ
2126 921 2630 992 ἐξομολογήσασθαι
2656 922 2732 990 τῷ
2758 920 2984 989 ὀνόματί
3018 936 3112 973 σου
3140 916 3221 988 τῷ
3251 916 3411 987 ἀγίῳ,
3461 989 3467 995 1

1846 1015 1939 1068 τοῦ
1976 1015 2355 1086 ἐγκαυχᾶσθαι
2389 1016 2447 1066 ἐν
2478 1016 2547 1083 τῇ
2578 1014 2786 1065 αἰνέσει
2834 1027 2950 1064 σου.
2986 1029 3006 1063 3
3043 1039 3110 1051 -—
3139 1009 3298 1077 Μέγα
3325 1008 3417 1060 6v-

1845 1125 1954 1171 τως
1981 1108 2243 1176 καύχημα
2280 1106 2339 1158 τὸ
2370 1105 2563 1174 ὑμνεῖν
2596 1103 2690 1156 τὸν
2714 1103 2969 1172 Χριστόν.

1926 1199 2262 1269 «Εὐλογητὸς
2293 1199 2518 1268 Κύριος,
2554 1199 2581 1249 6
2606 1196 2736 1257 Θεὸς
2752 1195 2994 1266 Ἰσραὴλ,
3030 1193 3138 1248 ἀπὸ
3166 1190 3262 1246 τοῦ
3283 1189 3414 1244 a133-

1846 1312 1937 1358 νος
1964 1295 2056 1349 καὶ
2087 1294 2194 1356 ἕως
2219 1291 2314 1345 τοῦ
2349 1292 2565 1352 αἰῶνος.
2605 1307 2695 1339 3-
2751 1288 2897 1357 Ἑρεῖ
2930 1289 3009 1351 τὸ,
3051 1304 3069 1338 3
3105 1283 3414 1353 Εὐλογητὸς

1848 1387 2071 1456 Κύριος.
2108 1405 2129 1438 3
2164 1385 2275 1439 Kal
2304 1383 2463 1436 τοῦτο
2494 1380 2857 1450 προφητικὸν,
2888 1379 3038 1442 ἀπας
3068 1377 3178 1446 γὰρ
3205 1377 3233 1428 6
3262 1376 3410 1441 λαὸς,

1847 1480 2076 1553 ὕστερον
2111 1480 2302 1548 ὐμνείν
2326 1476 2418 1529 τὸν
2464 1475 2675 1544 Ἰησοῦν
2706 1474 2777 1535 ῶς
2809 1473 2962 1527 Θεόν.
3344 1502 3349 1507 -

2384 1615 2679 1671 ΨΑΑΜΟΣ
2726 1614 2864 1679 Pq'.

1920 1756 1940 1789 3
1988 1732 2330 1804 ’Δλληλούῖκ
2370 1727 2814 1798 Ἑξομολογεῖσθε
2840 1724 2919 1796 τῷ
2948 1721 3246 1794 Κιδρίῳῇτι
3277 1735 3414 1788 χρη·
3496 1701 3499 1703 6

1848 1831 1993 1895 στὸς,
2018 1830 2098 1883 ὅτι
2139 1829 2219 1889 είς
2248 1826 2339 1878 τὸν
2370 1824 2543 1876 αἰῶνα
2586 1822 2646 1874 τὸ
2678 1821 2825 1883 ἕλεος
2861 1818 3049 1895 αὐτοῦ.
3086 1833 3103 1868 3
3144 1844 3210 1858 ——
3241 1811 3409 1865 Ιίίπά-

1771 1919 1812 1973 Β
1842 1939 2024 1978 τωσαν
2051 1921 2133 1972 δτι
2162 1916 2424 1989 χρηστὸς,
2447 1916 2529 1966 ὅτι
2555 1914 2635 1975 είς
2658 1911 2748 1964 τὸν
2772 1894 3026 1963 αίῶνα’τὸ
3050 1905 3199 1966 ἔλεος
3221 1899 3408 1956 αὐτοῦ.

1917 2034 1935 2066 3
1970 2011 2300 2068 Είπάτωσαν
2327 2008 2389 2071 ,οί
2436 2003 2840 2073 λελυτρωμένοι
2889 2000 2992 2054 ὑπὸ
3040 1997 3267 2067 Κυρίου,
3314 1990 3411 2054 οὒς

1838 2106 2182 2176 ἐλυτρώσατο
2212 2102 2274 2154 ἐκ
2309 2097 2490 2172 χειρὸς
2529 2095 2778 2166 ἐχθροῦ.»
2815 2123 2886 2134 -
2931 2089 3158 2160 Ἐχθρδν
3184 2086 3405 2176 νοητέον

1837 2196 1927 2250 τὸν
1956 2173 2223 2247 διάϐολον*
2256 2205 2323 2242 πε
2336 2188 2389 2258 pl
2420 2188 2528 2256 γάρ
2550 2187 2642 2238 τὸν
2672 2181 2909 2256 Χριστὸν
2945 2178 3353 2235 πιστευσάντων
3374 2173 3403 2226 ό

1836 2286 2019 2355 λόγος.

1911 2395 1929 2428 3
1965 2377 2077 2430 Kal
2105 2376 2169 2428 ἐκ
2205 2374 2316 2427 τῶν
2345 2371 2542 2444 χωρῶν
2578 2371 2891 2440 συνήγαγεν
2922 2363 3136 2429 αὐτούς.
3171 2380 3274 2414 3—-
3314 2357 3410 2410 Ἐκ

1837 2474 1946 2527 τῶν
1969 2470 2202 2525 ῑθνικῶν
2224 2468 2418 2540 χωρῶν
2452 2467 2533 2530 είς
2562 2465 2696 2535 μίαν
2721 2461 3055 2531 Ἐκκλησίαν
3077 2457 3173 2511 καὶ
3200 2456 3405 2509 πίστιν.

1909 2583 1929 2617 3
1971 2563 2107 2618 Ἀπὸ
2135 2561 2413 2617 ἀνατολῶν
2444 2561 2540 2613 καὶ
2572 2556 2794 2627 δυσμῶν
2833 2552 2930 2607 καὶ
2962 2550 3149 2624 Bapng
3181 2546 3279 2601 καὶ
3306 2545 3407 2596 Oa-

1834 2651 2067 2722 λάσσης.
2106 2671 2126 2707 3
2158 2679 2231 2694 —-
2274 2652 2375 2706 Ἐκ
2419 2652 2527 2703 τῶν
2556 2647 2846 2717 τεσσάρων
2873 2646 2983 2714 γὰρ
3010 2642 3265 2709 περάτων
3310 2633 3404 2689 τοῦ

1834 2748 2044 2816 κόσμου
2077 2745 2447 2816 συνήχθησαν.

1910 2877 1930 2912 3
1978 2858 2393 2929 Ἑπλανήθησαν
2444 2856 2502 2908 ἐν
2556 2855 2621 2924 τῇ
2666 2851 2856 2921 ἐρήμῳ
2914 2848 2972 2899 ἐν
3013 2845 3247 2915 ἀνύδρῳ,
3283 2860 3303 2896 3
3338 2872 3401 2885 -

1845 2953 2261 3022 Ἐπλανήθησαν
2290 2951 2560 3022 πρότερον
2612 2947 2668 2998 ἐν
2716 2946 2784 3013 τῇ
2818 2940 3067 3008 πολιτείᾳ
3100 2939 3164 3005 τῇ
3209 2938 3404 3007 ἐρήμῳ

1835 3043 2068 3114 καρπῶν
2099 3039 2325 3113 ἀρετῆς,
2373 3040 2472 3091 καὶ
2525 3035 2600 3107 μὴ
2636 3033 2836 3105 ἐχούσῃ
2882 3028 3035 3097 πόμα
3065 3024 3214 3088 θείας
3260 3025 3406 3078 διδα-

1836 3132 2032 3185 σκαλία
2042 3147 2091 3193 ς.

1917 3245 1937 3279 3
1981 3226 2132 3279 Ὀδὸν
2188 3223 2400 3285 πόλεως
2451 3215 2876 3287 κατοικητηρίου
2915 3214 3014 3284 οὐχ
3058 3210 3241 3283 εὗρον.
3276 3228 3295 3262 3
3335 3236 3403 3251 -

163 3312 304 3384 νήθη
338 3314 523 3378 αὐτοῖς
553 3316 635 3379 εἰς
692 3295 1009 3372 σκάνδαλον.
1051 3337 1069 3370 3
1105 3347 1166 3359 -—
1197 3320 1269 3373 Τὸ
1298 3320 1583 3374 δουλεῦσαι
1615 3295 1729 3385 τοῖς
1752 3295 1798 3358 C
1837 3314 2275 3387 Κατοικητηρίου
2326 3313 2480 3373 πόλις
2534 3313 2562 3365 ό
2615 3307 2844 3378 οὐρανός
2870 3325 2883 3338 ·
2917 3308 2945 3358 ό
2992 3304 3101 3375 γὰρ
3159 3301 3404 3368 ἐπίγειος

164 3406 426 3475 γλυπτοῖς
459 3410 680 3478 ἐγένετο
711 3413 825 3474 τοῖς
864 3411 1140 3476 Ἰουδαίοις
1168 3416 1246 3477 είς
1282 3413 1615 3485 πρόσκομμα
1640 3413 1735 3467 καὶ

166 3516 323 3553 πτωσ
327 3517 395 3554 ιν.

242 3611 261 3644 3
303 3593 415 3646 Kal
470 3595 874 3663 ἐφονοκτονήθη
922 3598 955 3666 ἡ
995 3576 1066 3667 γῆ
1098 3598 1154 3649 ἐν
1192 3599 1307 3662 τοῖς
1341 3598 1555 3666 αἵμασι.
1598 3616 1617 3650 3
1665 3624 1735 3637 ~—

166 3686 279 3740 Kal
302 3686 545 3759 ἐπλήσθη
580 3689 638 3756 ἐξ
661 3691 1048 3756 ἀποκτάνσεως
1077 3693 1196 3764 ἦτοι
1232 3693 1449 3763 σφαγῆς
1481 3695 1511 3762 ἠ
1547 3694 1614 3764 γῆ
1644 3693 1736 3746 διά

166 3778 281 3832 τῶν
319 3778 567 3847 αἱμάτων
614 3781 708 3835 καὶ
760 3783 1032 3853 ἐμολύνθη
1082 3785 1171 3840 διά
1224 3785 1332 3839 τῶν
1387 3784 1591 3839 θυσιῶν
1639 3786 1734 3839 καὶ

167 3871 594 3940 αἰσχρουργιῶν.

248 3982 268 4015 3
309 3964 422 4017 Καὶ
451 3964 788 4033 ἐπόρνευσαν
820 3967 877 4019 ἐν
905 3967 1018 4026 τοῖς
1040 3966 1472 4036 ἐπιτηδεύμασιν
1496 3969 1727 4023 αὐτῶν.»

162 4086 239 4098 —-
275 4057 639 4121 Ἀποστάντες
692 4059 802 4131 γάρ
850 4058 944 4112 τοῦ
992 4059 1129 4112 Θεοῦ
1185 4059 1563 4131 ἐκολλήθησαν
1620 4064 1734 4124 τοῖς

160 4146 401 4217 διίμοσι,
453 4146 522 4202 δι’
560 4142 634 4202 ὧν
694 4148 1015 4219 εἰργάζοντο
1070 4149 1495 4219 είδωλολατριῶν
1545 4167 1604 4203 τε
1638 4151 1732 4205 καὶ

161 4238 484 4306 ἁσελγειῶν.

240 4349 259 4381 3
301 4332 596 4396 Πλεονάκις
620 4333 894 4404 ἐρρύσατο
932 4335 1152 4400 αὐτούς.
1184 4336 1349 4390 Αὐτοὶ
1383 4335 1439 4389 δὲ
1493 4336 1733 4405 παρεπί-

161 4443 374 4495 κραναν
401 4426 565 4478 αὐτὸν
594 4427 650 4478 ἐν
680 4429 746 4497 τῇ
778 4427 939 4498 βουλῇ
979 4428 1400 4485 αὐτῶν.›-Ὲν
1439 4434 1504 4502 τῇ
1536 4429 1732 4501 γνώμῃ

160 4512 347 4567 αὐτῶν
369 4516 432 4585 τῇ
465 4514 744 4585 ἀχαρίστῳ
779 4518 876 4570 καὶ
907 4519 1141 4589 πονηρᾷ.

1839 3412 2045 3479 κόσμος
2098 3410 2244 3468 ἅπας
2286 3404 2552 3474 παροικία
2596 3402 2764 3455 ἐστίν.
2808 3399 2873 3451 Ἠ
2908 3398 2964 3451 δέ
3011 3396 3146 3466 πρὸς
3176 3392 3405 3463 οὐρανὸν

1804 3568 1807 3571 _
1837 3507 2047 3572 ἄγουσα
2085 3502 2204 3564 ὁδὸς
2232 3502 2265 3570 ἡ
2297 3498 2434 3568 ὀρθὴ
2470 3498 2653 3559 πίστις
2684 3494 2819 3563 μετὰ
2849 3492 2958 3546 τῶν
2988 3487 3222 3560 ἀρετῶν.

1912 3596 2242 3656 ιῐῐεινῶντες
2266 3593 2361 3646 καὶ
2381 3590 2667 3659 διψῶντες,
2694 3588 2726 3657 ἡ
2751 3586 2899 3656 ψυχὴ
2923 3582 3101 3636 αὐτῶν
3134 3583 3192 3634 ἐν
3219 3581 3404 3642 αὐτοῖς

1836 3690 2102 3755 ἐξέλιπεν.
2138 3705 2156 3738 3
2190 3714 2259 3725 —
2283 3680 2470 3736 Ἦσαν
2503 3680 2771 3751 δηλονότι·
2820 3678 2921 3730 οὐκ
2966 3671 3114 3745 εἶχον
3149 3673 3258 3743 γάρ
3287 3673 3405 3731 θεοι,

1835 3782 2076 3852 γνωσίαν
2124 3777 2159 3848 ἢ
2203 3775 2557 3830 διδασκαλίαν
2592 3772 2903 3841 τρέφουσαν
2939 3769 3037 3822 καὶ
3075 3767 3407 3830 ποτίζουσαν

1835 3872 2035 3942 ψυχάςο
2083 3869 2145 3922 τὸ
2178 3866 2234 3920 δέ
2282 3864 2531 3929 ἐξέλιπε
2558 3862 2710 3931 δηλοῖ
2736 3860 2800 3913 τὸ
2847 3857 3111 3928 ἡτόνησεν
3141 3859 3304 3922 ἀγαν,
3337 3856 3404 3907 ἐκ

1834 3962 1935 4031 τῆς
1960 3958 2082 4012 καθ’
2119 3955 2430 4027 ὑπερϐολῆς
2458 3951 2662 4024 δηλαδὴ
2693 3952 2882 4018 πείνης
2916 3950 3011 4002 καὶ
3042 3946 3204 4016 δίψης
3234 3961 3404 3998 πνευ-

1841 4054 2103 4125 ματικῆς.

1913 4163 1931 4195 ι
1969 4140 2074 4196 Καὶ
2112 4138 2419 4209 ἱκέκραξαν
2455 4135 2592 4206 πρὸς
2646 4134 2853 4203 Κύριον
2906 4132 2965 4184 ἐν
3010 4130 3090 4202 τῷ
3122 4126 3403 4184 θλίϐεσθαι

1834 4236 2050 4299 αὐτούς.
2094 4254 2112 4286 3
2153 4263 2221 4276 --
2261 4231 2605 4301 Ἐκέκραξαν
2633 4231 2682 4282 οἱ
2723 4226 3000 4296 προφῆται
3028 4224 3171 4293 ὑπὲρ
3199 4220 3397 4283 αὐτῶν,

1834 4333 1928 4386 καὶ
1960 4332 2009 4384 οἱ
2039 4329 2170 4382 θεῖοι
2197 4325 2424 4395 ἄγγελοι
2448 4326 2498 4377 οἱ
2529 4319 2935 4393 προεστηκότες
2957 4317 3065 4370 τῶν
3099 4314 3292 4369 ἐθνῶν.

1911 4443 1929 4476 ι
1963 4423 2067 4478 Kal
2108 4426 2173 4475 ἐκ
2195 4421 2304 4474 τῶν
2329 4416 2584 4485 ἀναγκῶν
2616 4413 2796 4469 αὐτῶν
2831 4410 3104 4483 ἐρρύσατο
3141 4404 3399 4467 αὐτούς.»

1827 4546 1902 4561 -—
1934 4517 2031 4570 Ἐκ
2061 4514 2169 4567 τῶν
2197 4510 2527 4582 δαιμονικῶν
2565 4505 2919 4576 τυραννίδων.

239 4625 259 4658 3
296 4609 405 4661 Kal
438 4608 882 4679 ἐταπεινώθησαν
920 4611 978 4662 ἐν
1005 4613 1127 4674 ταῖς
1159 4611 1416 4679 ἀνομίαις
1452 4610 1654 4669 αὐτῶν.
1701 4631 1719 4664 3
1756 4630 1807 4690 υ
1909 4627 1927 4661 3
1964 4607 2070 4662 Kal
2099 4606 2381 4675 ὡδήγησεν
2406 4600 2607 4663 αὐτοὺς
2643 4601 2723 4662 είς
2753 4598 2870 4664 ὁδὸν
2911 4596 3147 4690 εὐθεῖανο
3177 4593 3272 4690 τοῦ

158 4729 232 4742 --
253 4698 743 4770 Κατεπτοήθησαν,
758 4700 1068 4771 ησθένησαν
1099 4704 1158 4755 ὲν
1181 4704 1258 4774 τῷ
1285 4706 1353 4758 τὰ
1374 4705 1548 4770 ἄνομα
1567 4706 1722 4776 δρᾷν.

240 4807 261 4843 3
294 4791 403 4844 Kal
440 4791 688 4862 ἐμνήσθη
718 4792 818 4861 τῆς
849 4793 1114 4864 διαθήκης
1140 4795 1327 4849 αὐτοῦ’
1354 4801 1448 4850 καὶ
1486 4814 1724 4867 μετεμε-

156 4882 301 4954 λήθη
333 4885 474 4937 κατά
506 4883 566 4937 τὸ
601 4883 803 4955 πλῆθος
835 4885 929 4940 τοῦ
961 4886 1142 4949 ἐλέους
1175 4887 1363 4942 αὐτοῦ.
1397 4906 1415 4939 3
1444 4920 1516 4932 -—
1545 4892 1723 4943 Μετέ-

156 4975 291 5029 ϐαλε
316 4975 416 5045 τὴν
440 4975 608 5045 ὀργῆν
636 4976 719 5037 εἰς
755 4973 962 5040 οἶκτον,
998 4978 1073 5040 ὠς
1110 4979 1419 5044 πολυέλεος.

234 5082 254 5115 3
286 5064 395 5118 Kal
411 5063 611 5118 ἔδωκεν
631 5065 830 5130 αὐτοὺς
849 5068 929 5130 είς
953 5050 1295 5137 οἰκτιρμούς.
1309 5067 1721 5137 ι-Τουτὲστιν,

154 5155 419 5228 ᾤκτειρεν
453 5155 673 5220 αὐτούς.
907 5142 914 5148 ’
1212 5146 1225 5167 ³

235 5264 256 5298 3
303 5247 580 5301 Ἐναντίον
608 5248 826 5302 πάντων
872 5249 983 5304 τῶν
1021 5248 1591 5319 αίχμαλωτευσάντων
1620 5249 1722 5303 αὐ-

154 5336 306 5401 τοῦς.
342 5356 363 5390 3
395 5363 464 5376 —
513 5338 841 5408 Περιφανῶς
885 5337 1028 5391 ὥστε
1061 5341 1271 5403 πάντας
1322 5341 1481 5395 τοῦτο
1527 5340 1722 5412 μαθεῖν

151 5431 285 5494 τοὺς
331 5430 893 5502 αίχμαλωτεύσαντας
945 5430 1167 5497 αὐτούς·
1221 5433 1297 5497 ὡς
1345 5433 1580 5504 διάφορα
1610 5434 1720 5506 γὰρ

149 5524 310 5594 ἔθνη,
344 5524 543 5587 αὐτοὺς
567 5524 1017 5595 ᾐχμαλώτευσεν.

229 5634 250 5667 3
294 5616 475 5670 Σῶσον
502 5617 670 5688 ἡμᾶς,
702 5616 879 5687 Κύριε
916 5620 944 5671 ό
971 5617 1106 5683 Θεὸς
1133 5620 1164 5688 ἠ
1176 5619 1312 5688 μῶν,
1345 5621 1434 5673 καὶ
1463 5619 1721 5674 ἐπισυνά-

148 5723 293 5777 γαγε
323 5709 470 5779 ἡμᾶς
518 5710 585 5762 ἐκ
626 5710 733 5762 τῶν
781 5709 975 5765 ἐθνῶν.
1017 5730 1037 5763 3
1071 5742 1143 5750 —
1178 5713 1271 5775 Είς
1320 5711 1417 5782 τὴν
1451 5712 1720 5782 προτέραν

156 5800 369 5853 ἱκεσίαν
392 5801 717 5872 ἀνέδραμεν.
745 5802 914 5874 Ἔθνη
948 5802 1002 5855 δέ
1036 5801 1184 5872 λέγει
1222 5805 1289 5856 τὰ
1315 5804 1630 5873 παράνομα,
1661 5805 1720 5855 ἐν

154 5888 240 5957 οἷς
306 5892 560 5961 Ἰουδαῖοιξ
595 5894 967 5961 διεσπάρησαν
1024 5896 1163 5961 μετά
1211 5897 1309 5961 τὴν
1354 5897 1435 5960 είς
1482 5896 1718 5953 Χοιστὸν

1835 4700 2091 4774 ρευθῆναι
2119 4700 2198 4760 είς
2235 4696 2389 4749 πόλιν
2413 4692 2859 4761 κατοικητηρίου.
2899 4706 2917 4740 3
2961 4717 3023 4729 --
3054 4687 3165 4757 Τὴν
3195 4686 3403 4755 εὐσεϐῆ

1832 4795 1927 4847 καὶ
1963 4792 2220 4862 ἐνάρετον
2254 4786 2536 4856 διαγωγὴν
2578 4784 2682 4855 τὴν
2727 4783 2970 4851 ἄγουσαν
3005 4779 3083 4842 είς
3112 4778 3203 4830 τὸν
3226 4778 3403 4848 οὐρα⁸

1831 4886 1944 4939 νόν.
2923 4887 2928 4892 ’

1907 5000 1927 5033 3
1962 4974 2588 5050 Ἑξομολογησάσθωσαν
2614 4968 2693 5040 τῷ
2721 4968 2913 5039 Κυρίῳ
2943 4966 3011 5019 τά
3044 4964 3168 5034 ἐλέη
3206 4960 3404 5028 αὐτοῦ,

1830 5074 1925 5129 καὶ
1951 5073 2020 5125 τὰ
2061 5069 2342 5138 θαυμάσια
2372 5064 2538 5119 αὐτοῦ
2571 5062 2707 5125 υῑοῐς
2758 5059 2868 5113 τῶν
2913 5056 3239 5128 ἀνθρώπων.
3273 5071 3292 5106 3
3323 5079 3404 5093 -

1830 5167 1904 5219 T6
1950 5156 2623 5231 ἐξομολογησάσθωσαν
2669 5146 2773 5206 ὧδε
2801 5148 2954 5219 δηλοῖ
2981 5150 3040 5202 τὸ
3075 5144 3401 5214 ἐξαγγειλά-

1828 5274 2036 5313 τωσαν.

1904 5351 2061 5405 «Ὅτι
2087 5347 2346 5417 ἐχόρτασε
2367 5342 2548 5415 ψυχὴν
2579 5340 2769 5411 κενὴν,
2800 5338 2894 5392 καὶ
2921 5336 3099 5407 ψυχὴν
3123 5331 3404 5387 πεινῶσαν

1827 5442 2126 5511 ἐνέπλησεν
2159 5437 2407 5506 ἀγαθοῖς.
2422 5454 2519 5489 3—
2534 5436 2716 5504 Κενήν
2740 5447 2875 5500 φησι
2898 5429 3399 5500 τὴνκέστερημένην

1827 5537 2032 5607 τροφῆς
2064 5531 2161 5585 καὶ.
2184 5531 2427 5595 πόσεως,
2465 5524 2847 5596 πνευματικῆς
2875 5520 3103 5592 δηλαδή.

1903 5638 1923 5677 3
1956 5620 2317 5693 Καθημένους
2348 5620 2406 5672 ἐν
2439 5616 2622 5671 σκότει
2664 5613 2760 5668 καὶ
2808 5614 2939 5683 σκιᾷ
2973 5611 3245 5669 θανάτου.
3272 5625 3293 5661 3
3322 5630 3397 5647 -ο

1826 5717 2023 5780 Σκότος
2053 5715 2148 5769 καὶ
2201 5713 2298 5780 νὺξ
2340 5709 2571 5766 θανάτου
2606 5705 2852 5779 ,ψυχικοῦ
2903 5706 2937 5773 ἡ
2986 5703 3182 5772 ἀγνοια
3230 5698 3324 5753 καὶ
3354 5699 3395 5769 ἡ

1826 5807 2058 5865 ἀπιστία
2086 5805 2222 5878 πρὸς
2251 5802 2405 5857 Θεόν.

1902 5916 1921 5951 3
1957 5876 2377 5958 Πεπεδημίνους
2412 5892 2467 5946 ἐν
2498 5887 2744 5955 πτωχεία
2775 5886 2868 5941 καὶ
2898 5883 3116 5949 σιδήρῳ.
3138 5898 3238 5934 3—-
3264 5876 3398 5933 Τῶν
