3806 6356
389 412 412 475 1
428 410 534 474 56⁸7

1584 403 2021 467 NICEPHORI
2062 406 2482 470 BLEMMlD/E

3493 414 3635 480 1568

386 523 599 593 ἀρετῶν
630 522 724 576 καὶ
754 518 995 590 σιδηροῖς
1025 518 1201 575 εῐτουν
1226 516 1470 589 ἰσχυροῖς
1487 517 1595 572 τῶν
1625 518 1956 589 ἀμαρτημά-
1982 522 2030 581 Δ
2061 521 2189 590 περὶ
2223 519 2283 572 τὸ
2339 522 2722 577 ναυτίλλεσθαι
2773 523 2957 578 αύτῶν
3012 524 3277 595 ἐμπειρία
3334 527 3639 595 ἠφανίσθη.

388 633 498 670 των
520 614 765 684 δεσμοῖς.

2138 630 2157 663 ι
2197 613 2304 667 Kal
2335 615 2563 681 ἐπέταξε
2591 617 2656 685 τῇ
2690 618 2993 683 καταιγίδι,
3015 618 3107 670 καὶ
3130 617 3259 686 ιστη
3291 620 3372 680 είς
3402 614 3638 689 αὔραν.»

460 724 481 759 1
519 708 640 761 Ὅτι
683 706 1106 777 παρεπίκραναν
1158 706 1226 759 τά
1282 704 1440 772 λόγια
1491 705 1585 757 τοῦ
1630 705 1789 759 Θεοῦ.
1830 722 1848 755 1
1893 732 1965 743 —
2063 731 2132 742 —-
2168 705 2234 757 Ἦ
2263 709 2521 771 καταιγὶς
2570 706 2704 776 ἔστη
2737 707 2835 775 τῆς
2868 708 3235 779 σφοδροτάτης
3261 709 3468 781 ὁρμῆς,
3503 711 3643 764 ὥστε

387 799 484 851 Διά
511 796 620 851 τῶν
648 796 845 863 λογίων
874 797 1027 865 δηλοῖ
1056 796 1149 849 τὸν
1184 797 1432 863 λέγονταο
1469 796 1676 850 τούτων
1699 796 1810 865 γὰρ
1834 794 1960 847 ἀθεο

385 890 689 959 τουμένων,
722 889 1123 959 παραλυπεῖται
1153 892 1179 941 ό
1213 888 1370 952 Θεός⁶
1404 887 1560 955 λόγια
1581 888 1635 941 δέ
1666 888 1803 941 Θεοῦ
1833 905 1961 957 νοη-

387 982 511 1033 τέον
537 980 632 1034 νῦν
677 979 769 1033 τόν
806 996 866 1031 τε
901 983 1131 1048 φυσικὸν
1158 978 1343 1048 νόμον,
1373 978 1496 1031 καθ’
1528 978 1586 1031 6v
1633 978 1835 1040 πάντες
1866 979 1961 1033 ἀν-

388 1071 597 1141 θρωποι
627 1069 726 1142 τὴν
752 1061 846 1123 τοῦ
881 1069 1047 1124 καλοῦ
1087 1071 1179 1124 καὶ
1216 1069 1390 1123 κακοῦ
1439 1070 1715 1138 διάκρισιν
1766 1070 1964 1139 ἔχομεν

388 1166 453 1217 ἐκ
482 1164 636 1229 Θεοῦ,
671 1165 765 1218 καὶ
799 1164 892 1218 τὸν
941 1163 1168 1217 δοθέντα
1218 1164 1332 1226 τοῖς
1392 1162 1669 1225 Ἰουδαίοις
1716 1162 1962 1233 γραπτὸν

386 1256 569 1325 νόμον,
607 1256 699 1309 καὶ
728 1257 853 1319 τοὺς
884 1254 1076 1323 λόγους
1110 1254 1219 1307 τῶν
1252 1255 1571 1326 προφητῶν.

464 1389 483 1421 1
524 1369 633 1423 Kal
658 1369 757 1439 τὴν
800 1367 993 1437 βουλὴν
1021 1367 1129 1443 τοῦ,
1155 1366 1413 1437 Ὑψίστου
1450 1366 1800 1439 παρώξυναν.
1836 1386 1856 1420 1
1894 1397 1963 1408 ~—

389 1462 585 1515 Εῖτουν
629 1461 721 1514 τὸν
774 1461 1105 1531 βουλόμενον
1133 1460 1234 1530 τὴν
1293 1462 1571 1530 σωτηρίαν
1617 1461 1797 1515 αὐτῶν
1831 1461 1965 1514 Θεὸν

393 1572 468 1607 πα
476 1555 772 1623 ρώργισαν.

466 1666 486 1701 1
520 1648 629 1701 Kal
662 1643 1003 1713 ἐταπειιώθη
1038 1645 1094 1696 ἐν
1125 1644 1315 1706 κόποις
1343 1645 1374 1715 ή
1401 1645 1598 1717 καρδία
1622 1646 1832 1702 αὐτῶν.
1867 1666 1885 1699 1
1905 1679 1965 1689 —

402 1742 512 1796 Kal
535 1738 990 1809 κατεπτοήθησαν
1037 1741 1093 1791 ἐν
1118 1738 1517 1809 ταλαιπωρίαις
1539 1738 1633 1807 τῆς
1666 1739 1958 1807 ἁμαρτίας.

2064 801 2318 868 γενέσθαι
2340 801 2541 873 ταύτην
2584 802 2684 873 τὴν
2715 797 2910 872 αὔραν,
2964 801 3084 872 ήτοι
3130 803 3306 870 πρᾶον
3339 802 3437 855 καὶ
3467 802 3643 871 γαλη-

2064 896 2235 948 νιαῖον
2262 893 2507 964 πνεῦμα.

2142 1026 2160 1059 ι
2198 1008 2308 1061 Kal
2328 1006 2708 1078 εὐφράνθησαν
2727 1004 2808 1059 ὅτι
2832 1000 3135 1075 ήσύχασαν.
3169 1020 3189 1057 1
3225 1024 3295 1043 ευ
3322 1003 3456 1058 Ὅτι
3511 1004 3650 1072 ήσύσ

2065 1115 2238 1168 χασαν
2267 1101 2334 1150 τά
2370 1099 2616 1167 κύματα.

2143 1188 2285 1239 1Kal
2306 1186 2593 1254 ὡδήγησεν
2623 1183 2824 1247 αὐτοὺς
2857 1182 2950 1235 ἐπὶ
2975 1182 3168 1250 λιμένα
3200 1183 3521 1253 θελήματος
3555 1185 3655 1235 αύο

2064 1278 2191 1332 τῶν.
2222 1296 2241 1329 1
2272 1304 2342 1315 --
2371 1276 2553 1345 Λιμὴν
2586 1274 2695 1343 γὰρ
2726 1274 2899 1338 δντως
2925 1275 2982 1325 αἱ
3030 1273 3124 1327 τοῦ
3154 1274 3364 1340 Κυρίου
3407 1276 3657 1336 ἐντολαὶ,

2063 1374 2154 1426 τὸν
2184 1372 2516 1441 ἐνεργοῦντα
2540 1371 2745 1434 ταύτας
2767 1368 3037 1440 τηροῦσαι
3053 1370 3351 1438 ἀπείρατον
3379 1374 3649 1440 ναυαγίου

2064 1466 2266 1529 παντὸς
2295 1464 2561 1535 ψυχικοῦ.

2142 1597 2161 1630 1
2197 1579 2604 1647 ’Υψωσάτωσαν
2654 1580 2817 1633 αὐτὸν
2863 1580 2922 1632 ἐν
2952 1580 3217 1650 ἐκκλησίᾳ
3246 1578 3420 1631 λαῶν·
3469 1581 3570 1631 καὶ
3597 1579 3655 1631 ἐν

2064 1668 2303 1739 καθέδρα
2339 1671 2730 1742 πρεσϐυτέρων
2768 1672 3141 1725 αίνεσάτωσαν
3171 1670 3358 1724 αὐτόν.
3400 1690 3420 1721 1
3454 1699 3529 1710 —
3565 1668 3652 1719 Ἕν

2066 1764 2325 1832 συνεδρίῳ
2350 1764 2749 1833 ὑπερεχόντων.

469 1874 491 1908 1
514 1856 637 1909 Ὀτι
665 1854 953 1926 συνέτριψε
1003 1854 1180 1916 πύλας
1224 1853 1451 1921 χαλκᾶς.
1484 1870 1501 1902 1
1537 1881 1607 1892 —
1635 1852 1803 1905 Πύλαι
1830 1851 1957 1924 ᾅδου
1992 1868 2036 1927 Β
2138 1873 2156 1903 1
2199 1856 2392 1908 Ἔθετο
2425 1857 2705 1924 ποταμοὺς
2752 1857 2828 1917 εἰς
2861 1854 3088 1924 ἔρημον.
3129 1872 3148 1905 1
3182 1883 3251 1895 —-
3292 1854 3429 1915 [οὓς
3485 1867 3655 1902 ποτα-

393 1950 612 2017 στερεαὶ
640 1947 737 2003 καὶ
769 1948 956 2017 μοχλοὶ
1008 1945 1219 2015 ἰσχυροὶ
1271 1948 1333 1998 τὸ
1377 1944 1620 2012 ἄφυκτον
1672 1944 1836 1997 αὐτοῦ
1869 1945 1964 1997 καὶ

389 2042 450 2094 τὸ
483 2040 872 2106 ἀδιεξόδευτον,
925 2040 1064 2108 ὅπερ
1103 2035 1399 2108 ἀνέτρεψεν
1429 2039 1457 2091 6
1502 2037 1760 2107 Χριστός,
1802 2037 1964 2101 αύτός

389 2146 450 2183 τε
482 2130 719 2185 ἀνελθὼν
745 2129 977 2197 ἐκεῖθεν,
1009 2130 1102 2184 καὶ
1135 2129 1510 2199 κατεχομένας
1544 2127 1723 2199 ψυχὰς
1763 2128 1966 2197 ἐξαγα-

391 2238 527 2290 γων.

469 2332 489 2366 1
533 2312 883 2368 Ἀντελάϐετο
913 2311 1095 2366 αὐτῶν
1127 2312 1189 2378 ἐξ
1226 2310 1347 2366 όδοῦ
1386 2311 1618 2382 ἀνομίας
1647 2310 1965 2366 αὐτῶν.»-

396 2406 556 2459 Ἥτοι
602 2404 894 2459 ὁδευόντων
924 2404 1144 2476 ἀνομίᾳ.

468 2517 487 2550 1
523 2499 637 2551 Πᾶν
673 2497 868 2567 βρῶμα
902 2496 1224 2562 ἐϐδελύξατο
1245 2498 1278 2566 ἠ
1307 2496 1455 2569 ψυχὴ
1480 2497 1681 2554 αὐτῶν.
1727 2516 1747 2550 1
1782 2523 1854 2539 σ-
1886 2495 1964 2549 Δι’

402 2588 714 2659 ὑπερϐολήν
742 2588 1002 2656 καχεξίας
1068 2586 1309 2657 ψυχικῆς
1355 2588 1462 2641 πᾶν
1500 2587 1696 2659 βρῶμα
1725 2602 1967 2657 πνευμα-

393 2679 565 2743 τικόν,
585 2680 765 2732 πᾶσαν
791 2678 1139 2732 διδασκαλίαν
1167 2678 1465 2748 ψυχωφελῆ
1494 2678 1785 2749 ἐμίσησαν.

472 2810 491 2843 1
524 2790 633 2844 Kal
664 2791 897 2861 ήγγισαν
932 2790 1037 2855 ἕως
1069 2789 1179 2844 τῶν
1213 2788 1400 2843 πυλῶν
1428 2788 1523 2843 τοῦ
1553 2790 1807 2845 θανάτου.
1845 2808 1866 2845 1
1898 2818 1968 2837 -

397 2884 568 2939 Πύλαι
595 2886 688 2939 καὶ
714 2885 911 2939 εἴσοδοι
939 2885 1075 2953 πρὸς
1107 2883 1339 2939 θάνατον
1365 2884 1621 2954 ψυχικόν.

470 2996 489 3026 1
524 2979 635 3032 Kal
669 2978 779 3032 τῶν
808 2978 1220 3048 ἁμαρτημάτων
1264 2977 1583 3045 ὑπερϐολαί.
1623 2995 1641 3029 1
1676 3005 1741 3019 -—
1804 2977 1967 3034 Ἀπέ-

397 3072 570 3125 στειλε
594 3070 684 3125 τὸν
701 3071 893 3138 Λόγον,
916 3072 1010 3124 τδν
1033 3071 1163 3125 Υίδν
1182 3071 1346 3124 αὐτοῦ
1371 3070 1687 3125 ἀπέστειλεν
1707 3072 1735 3124 6
1752 3071 1964 3143 Πατήρ,

2068 1947 2237 2017 μηδδν
2268 1947 2594 2017 εὐροοῦντας
2621 1948 2678 2001 ἐν
2705 1947 2885 2011 λόγοις
2910 1948 3179 2015 Ἕλληνας
3206 1946 3368 1997 ἐθετο
3407 1944 3494 2002 είς
3526 1943 3654 2011 ἐρηο

2068 2041 2200 2108 μίαν
2232 2042 2447 2109 σοφίας,
2484 2038 2948 2109 ἐπιστομιζόντων
2979 2039 3179 2100 αὐτοὺς
3204 2038 3314 2089 τῶν
3338 2036 3661 2105 ἀγραμμά-

2064 2149 2174 2187 των
2206 2134 2425 2188 ἀλιέων.

2140 2267 2160 2302 1
2197 2249 2302 2304 Kal
2339 2248 2607 2315 διεξόδους
2652 2244 2863 2301 ὑδάτων
2906 2248 2984 2308 εἰς
3018 2244 3202 2313 δίψαν.
3239 2262 3258 2294 1
3303 2271 3372 2282 —
3404 2238 3521 2293 Kal
3558 2239 3655 2301 τὰς

2066 2339 2405 2411 πλημμύρας
2427 2339 2538 2392 τῶν
2564 2338 2740 2407 λόγων
2771 2337 2953 2391 αὐτῶν
2986 2337 3063 2399 είς
3096 2334 3389 2404 ξηρασίαν.

2144 2471 2163 2506 1
2194 2453 2304 2523 Γῆν
2335 2451 2690 2523 καρποφόρον
2748 2453 2829 2515 είς
2888 2450 3093 2520 ἀλμην,
3142 2448 3249 2502 ἀπὸ
3302 2448 3529 2509 κακίας.
3547 2448 3657 2499 τῶν

2066 2545 2466 2600 κατοικούντων
2493 2546 2551 2598 ἐν
2577 2545 2739 2614 αὐτῇ.
2773 2561 2792 2593 1
2823 2572 2893 2583 -—
2940 2540 3053 2595 Kal
3084 2538 3183 2610 τὴν
3216 2538 3323 2606 γῆν
3358 2540 3477 2590 τῶν
3522 2537 3654 2590 Ἰου-

2064 2639 2231 2693 δαίων
2259 2637 2357 2707 τήν
2390 2636 2856 2708 καρποφοροῦσαν
2883 2637 3009 2697 τοὺς
3036 2632 3324 2702 προφήτας
3358 2633 3444 2692 εἰς
3479 2631 3655 2697 ἀκαρ-

2064 2732 2198 2786 πίαν
2224 2730 2398 2784 ἔθετο·
2450 2730 2545 2784 καὶ
2590 2728 2701 2799 γάρ
2749 2728 2999 2797 ἄκαρπος
3032 2727 3065 2795 ἡ
3104 2724 3329 2794 ἁλμυρά
3356 2722 3454 2791 γῆ·
3492 2723 3654 2775 τοῦτο

2064 2822 2122 2877 δέ
2158 2823 2350 2890 γέγονε
2383 2820 2477 2873 διά
2506 2819 2605 2891 τὴν
2635 2818 2837 2872 κακίαν
2866 2817 2976 2869 τῶν
3024 2814 3317 2868 Ἰουδαίων.

2140 2932 2159 2965 1
2189 2913 2386 2967 Ἐθετο
2418 2912 2627 2983 ἔρημον
2657 2913 2737 2973 είς
2762 2910 2957 2980 λίμνας
2988 2906 3222 2969 ὑδάτων,
3255 2904 3352 2956 καὶ
3384 2900 3499 2969 γῆν
3526 2899 3655 2953 ἀνυ-

2064 3003 2188 3073 δρον
2220 3005 2299 3065 είς
2342 3001 2617 3068 διεξόδους
2663 3000 2896 3054 ὑδάτων.
2931 3016 2950 3049 1
2986 3026 3056 3038 -
3101 2994 3215 3064 Τὴν
3265 2994 3401 3061 πρὶν
3441 2991 3657 3060 ἔρημον

2066 3095 2218 3158 θείας
2269 3092 2623 3155 διδασκαλίας
2659 3088 2991 3157 Ἐκκλησίαν
3040 3087 3139 3155 τήν
3184 3085 3245 3149 ἐξ
3279 3083 3456 3136 ἐθνῶν
3508 3082 3657 3134 ἔθετο

395 3166 490 3218 καὶ
530 3163 718 3270 ἰάσατο
752 3164 933 3216 πᾶσαν
961 3161 1115 3216 νόσον
1145 3163 1239 3216 καὶ
1272 3164 1456 3217 πᾶσαν
1484 3163 1760 3234 μαλακίαν
1787 3165 1966 3235 ψυχῆς
1992 3204 2037 3270 c
2070 3189 2151 3248 εις
2178 3161 2411 3257 ,ιδἐχειν
2435 3201 2494 3238 τε
2530 3184 2612 3244 εις
2637 3182 2846 3252 πλἧοος
2876 3180 3048 3249 αὐτὴν
3077 3178 3143 3230 τὰ
3174 3175 3269 3229 τοῦ
3310 3175 3467 3227 θείου
3494 3174 3657 3242 λόγου

394 3274 456 3311 τε
485 3257 582 3310 καὶ⁸
620 3253 895 3326 σώματος.

471 3367 491 3401 1
526 3350 635 3403 Kal
680 3346 953 3419 ἐρρύσατο
987 3344 1185 3410 αὐτοὺς
1226 3347 1292 3399 ἐκ
1347 3344 1459 3401 τῶν
1507 3345 1818 3417 διαφθορῶν
1870 3346 1969 3401 αὕ-

396 3445 527 3495 τῶν.
563 3460 582 3493 1
620 3471 691 3485 —
738 3441 836 3496 Ἐκ
862 3440 973 3494 τῶν
998 3438 1284 3509 ἁμαρτιῶν
1313 3439 1515 3495 αύτῶν.

2072 3280 2292 3349 νάματα
2319 3279 2412 3332 καὶ
2447 3278 2707 3348 προχέειν
2737 3276 2833 3329 καὶ
2862 3274 3072 3343 ἐτέροις
3099 3270 3261 3323 αὑτά.

2151 3388 2170 3422 1
2198 3369 2307 3425 Kal
2336 3366 2644 3440 κατῴκισεν
2676 3368 2794 3420 ἐκεῖ
2827 3363 3149 3425 πεινῶντας.
3189 3379 3209 3413 1
3246 3390 3317 3402 —
3348 3358 3498 3420 Τοὺς
3531 3358 3658 3426 πρὶν

2072 3463 2273 3525 ἐνδεεῖς
2302 3461 2512 3532 τροφῆς
2547 3456 2927 3529 πνευματικῆς
2979 3453 3288 3524 κατῴκισεν
3336 3452 3369 3505 6
3418 3448 3657 3520 Χριστὸς

478 3575 498 3609 1
522 3556 634 3610 Kal
655 3555 974 3610 θυσάτωσαν
996 3555 1143 3625 αὐτῷ
1174 3554 1364 3608 θυσίαν
1386 3552 1666 3618 αἰνέσεως,
1693 3554 1787 3606 καὶ
1811 3552 1972 3619 ἐξαγ-
2080 3554 2141 3607 ἐν
2177 3556 2243 3625 τῇ
2272 3552 2333 3618 ἐξ
2358 3551 2532 3606 ἐθνῶν
2578 3548 2882 3620 Ἐκκλησία
2910 3548 3100 3601 αὐτοῦ.

401 3648 747 3718 γειλάτωσαν
793 3647 862 3699 τά
920 3645 1059 3716 ἔργα
1091 3645 1254 3700 αὐτοῦ
1290 3647 1347 3699 ἐν
1398 3644 1862 3715 ἀγαλλιάσειδ-
1890 3645 1973 3699 Τά

408 3737 812 3808 κατορθώματα
840 3737 939 3803 τῆς
974 3736 1244 3804 σωτηρίου
1270 3736 1761 3807 ἐνανθρωπήσεως.

2150 3663 2170 3697 1
2212 3645 2323 3699 Kal
2358 3641 2761 3712 συνεστήσαντο
2797 3639 2981 3701 πόλεις
3010 3634 3416 3694 κατοικεσίας.»
3448 3659 3528 3673 --
3559 3631 3659 3682 [l6-

2074 3735 2187 3798 λεις
2242 3735 2524 3797 κατοικίας
2558 3730 2943 3802 πνευματικῆς
2973 3727 3072 3791 τάς
3104 3724 3247 3779 κατά
3279 3724 3497 3786 τόπους
3540 3722 3661 3774 Ἔκ-

482 3851 500 3884 1
531 3829 597 3886 Οί
631 3827 1051 3890 καταϐαίνοντες
1082 3829 1163 3889 είς
1193 3826 1470 3880 θάλασσαν
1510 3829 1568 3880 ἐν
1602 3827 1830 3891 πλοίοις.
1859 3845 1878 3879 1
1908 3856 1975 3869 -
2075 3832 2308 3902 κλησίας
2337 3830 2446 3884 τῶν
2476 3830 2689 3882 πιστῶν
2722 3826 2912 3897 φησίν.

404 3924 541 3995 ῐιερ)⁵
584 3923 692 3975 τῶν
721 3921 1033 3976 ἀποστόλων
1059 3921 1089 3973 6
1118 3919 1272 3986 λόγος
1302 3918 1412 3972 τῶν
1443 3919 1574 3991 πρὶν
1606 3919 1800 3973 ἀλιέων
1822 3960 1839 3987 ,
1883 3920 1973 3974 ὅτε

2156 3943 2174 3975 ι
2205 3922 2315 3976 Kal
2348 3922 2615 3993 ἐσπειραν
2659 3920 2885 3988 ἀγρούς.
2929 3935 2946 3969 1
2980 3944 3055 3957 -
3078 3915 3388 3982 Ἐσπειραν
3426 3910 3484 3962 οἱ
3537 3906 3666 3962 ἀπό-

403 4012 544 4086 ῆσαν
572 4016 630 4067 ἐν
653 4016 718 4085 τῇ
759 4014 1006 4085 θαλάσσῃ
1043 4012 1182 4082 μετά
1253 4009 1347 4065 τοῦ
1400 4012 1601 4080 Ἰησοῦ,
1666 4013 1760 4065 καὶ
1815 4012 1978 4076 αὐτὸς
2081 4016 2260 4070 στολοι
2293 4013 2373 4084 τῷ
2411 4013 2599 4083 σπόρῳ
2629 4008 2724 4063 τοῦ
2772 4007 3132 4076 κηρύγματος
3159 4003 3258 4067 τὰς
3304 3997 3667 4071 ἠγριωμένης

407 4108 688 4175 ἐκάθευδε,
744 4108 836 4161 καὶ
877 4108 938 4159 τὸ
991 4107 1175 4159 πλοῖον
1216 4103 1500 4168 ἐϐυθίζετο
1524 4104 1627 4156 ὑπὸ
1655 4104 1763 4157 τῶν
1796 4106 1976 4174 κυμά-

404 4222 541 4270 ¹ιων,
595 4203 689 4256 καὶ
743 4199 1078 4263 διυπνισθεὶς
1132 4197 1435 4268 ἐπετίμησε
1479 4199 1545 4268 τῇ
1600 4196 1848 4271 θαλάσσῃ
1885 4197 1979 4250 καὶ

406 4302 516 4362 τοῖς
552 4298 792 4365 ἀνέμοις.

483 4413 502 4443 1
538 4390 822 4452 Ποιοῦντες
849 4385 1111 4458 ἐργασίαν
1133 4385 1191 4438 ἐν
1226 4383 1386 4438 ὕδασι
1425 4381 1663 4445 πολλοῖς.
1699 4398 1718 4434 1
1753 4407 1822 4423 -ο
1856 4381 1982 4453 Ἐρ-

408 4483 610 4552 γασξαν
642 4480 878 4540 ἁλιείας.

2080 4109 2348 4178 πρότερον
2379 4106 2490 4159 τῶν
2526 4102 2833 4174 ἀνθρώπων
2862 4100 3062 4171 ψυχάς.

2158 4217 2175 4250 1
2217 4200 2328 4252 Kal
2358 4196 2666 4266 ἐφύτευσαν
2720 4192 3077 4261 ἀμπελῶνας.
3118 4207 3138 4240 1
3196 4213 3268 4227 —-
3315 4184 3433 4248 Τάς
3484 4182 3667 4252 ψυχὰς

2085 4292 2244 4356 αὖθις
2298 4290 2489 4360 νόησον
2524 4284 2859 4354 ἀμπελῶνας
2907 4276 3371 4348 καρποφορούσας
3431 4275 3669 4346 βότρυας

2085 4386 2320 4457 ἀρετῶν.

2164 4496 2181 4529 ι
2216 4477 2326 4531 Kal
2355 4474 2619 4544 ἐποίησαν
2639 4471 2849 4541 καρπὸν
2872 4464 3235 4535 γενήματος.»
3274 4493 3303 4504 -
3354 4457 3671 4526 Γενήματνρς

487 4594 506 4626 1
552 4572 712 4634 Εἷπε.
747 4572 844 4625 καὶ
870 4571 1001 4637 ἔστη
1032 4566 1252 4636 πνεῦμα
1281 4565 1616 4634 καταιγίδος.
1644 4582 1739 4618 1-—
1770 4565 1976 4636 Προσέ-
2006 4549 2053 4606 1)
2082 4567 2341 4638 μυστικοῦ
2389 4562 2837 4635 προσφερομένου
2884 4557 2963 4627 τῷ
3009 4555 3260 4623 Δεσπότῃ
3319 4550 3551 4622 Χριστῴ
3586 4548 3673 4600 καὶ

411 4669 563 4733 ταξε,
598 4667 693 4721 καὶ⁸
727 4665 925 4734 ἀνέστη
955 4661 1153 4732 λαίλαψ
1184 4662 1386 4730 ἀνέμου
1422 4658 1661 4729 μεγάλη.

488 4777 508 4811 1
547 4760 654 4812 Kal
687 4755 877 4824 ὑψώθη
915 4755 985 4807 τὰ
1031 4752 1254 4822 κύματα
1302 4750 1498 4818 αὐτῆς.
1537 4767 1556 4800 1
1612 4776 1675 4789 -
1721 4747 1816 4810 Είς
1852 4746 1985 4815 ὕψος

412 4854 556 4927 ῆρθη
590 4856 655 4906 τὰ
684 4852 904 4921 κύματα
929 4849 1028 4918 τῆς
1057 4848 1351 4917 θαλάσσης.

492 4966 510 5000 1
545 4944 955 5000 ’Δναϐαίνουσιν
996 4942 1101 5001 ἓως
1132 4940 1239 4993 τῶν
1271 4938 1540 5008 οὐρανῶν,
1590 4939 1684 4991 καὶ
1718 4937 1987 4990 καταϐαί-

2088 4659 2277 4713 τοῦτον
2311 4656 2719 4726 εὑφραίνοντος.

2165 4770 2183 4802 1
2220 4750 2329 4803 Kal
2371 4749 2670 4814 εὐλόγησεν
2702 4743 2920 4809 αὐτούς.
2961 4760 3058 4793 1-
3089 4736 3226 4808 Φησὶ
3256 4736 3364 4805 γὰρ
3391 4736 3421 4787 6
3462 4733 3678 4789 Aouxi;

2089 4846 2219 4911 περὶ
2254 4842 2359 4895 τῶν
2403 4838 2739 4901 ἀποστόλων,
2790 4838 2872 4889 ὅτι
2926 4836 3020 4888 καὶ
3070 4834 3281 4899 ἐπάρας
3337 4828 3441 4888 τὰς
3485 4826 3677 4894 χεῖρας

2090 4932 2254 4987 αὑτοῦ
2280 4930 2577 5000 εὐλόγησεν
2599 4928 2819 4990 αὐτοὺς,
2843 4923 3089 4994 δηλονότι
3117 4922 3184 4974 δι’
3210 4917 3390 4972 αὐτῶν
3422 4919 3525 4970 καὶ
3549 4915 3678 4973 τοὺς

412 5056 597 5094 νουσιν
634 5037 741 5100 ’ἕως
772 5035 880 5088 τῶν
921 5032 1193 5087 ἀϐύσσων.
1230 5049 1249 5082 1
1286 5059 1353 5072 —
1387 5030 1468 5082 Τὰ
1490 5028 1711 5099 κύματα
1744 5030 1865 5082 τότε
1895 5027 1991 5080 νῦν
2090 5025 2367 5094 διαδόχους
2398 5022 2497 5090 τῆς
2527 5021 2767 5081 πίστεως
2792 5016 2997 5070 αὐτῶν.

418 5132 521 5202 μὲν
552 5130 755 5199 σφόδρα
792 5124 1049 5195 ὕψοῦντο,
1078 5123 1173 5177 νῦν
1198 5121 1254 5175 δέ
1283 5120 1405 5174 λίαν
1431 5118 1834 5173 ἐταπεινοῦντο’
1865 5118 1989 5171 καθ’

417 5220 728 5290 ὑπερϐολὴν
757 5217 815 5270 δὲ
850 5219 877 5270 6
904 5215 1089 5283 λόγος.

493 5332 513 5365 1
566 5311 631 5365 Ἦ
657 5310 806 5381 ψυχὴ
835 5309 1015 5363 αὐτῶν
1045 5310 1104 5362 ἐν
1130 5307 1324 5370 κακοῖς
1350 5305 1637 5375 ἐτήκετο.»
1669 5333 1739 5344 --
1767 5302 1859 5355 Ἐν
1878 5318 1994 5355 κιν-

417 5407 599 5467 δύνοις
630 5403 1020 5470 ἐξελίμπανεν.

2168 5136 2185 5169 ι
2228 5117 2337 5171 Kal
2374 5113 2793 5184 ἐπληθύνθησαν
2825 5108 3093 5176 σφόδρα.)
3132 5133 3201 5145 —
3234 5103 3377 5156 Δέκα
3433 5099 3553 5168 γὰρ
3593 5096 3679 5148 καὶ

2094 5208 2468 5277 ἐϐδομήκοντα
2497 5206 2576 5266 εἰς
2611 5200 2882 5272 μυριάδας
2952 5194 3275 5265 ἀναρίθμων
3328 5187 3678 5259 ηὐξήθησαν.

2171 5318 2189 5351 1
2228 5299 2335 5350 Kal
2360 5296 2429 5348 τὰ
2451 5295 2622 5362 κτήνη
2655 5290 2833 5345 αὐτῶν
2861 5289 2962 5341 οὐκ
2985 5280 3476 5355 ἐσμικρύνθη.ι--
3493 5280 3677 5344 κτήνη

2096 5388 2162 5442 ἂν
2204 5383 2312 5440 εἷεν
2338 5385 2404 5437 τὰ
2451 5381 2724 5452 πρόϐατα,
2759 5380 2827 5431 τά
2862 5376 3012 5447 παρὰ
3061 5374 3169 5427 τῶν
3217 5370 3545 5424 ἀποστόλων
3591 5364 3681 5417 καὶ

499 5517 518 5549 1
567 5460 1004 5565 'Ktapaioncav.
1031 5490 1406 5561 ἐσαλεύθησαν
1436 5488 1512 5550 ὡς
1542 5488 1571 5540 ό
1606 5484 1841 5554 μεθύων.
1877 5501 1896 5534 1
1928 5509 1999 5522 —
2097 5481 2206 5534 τῶν
2244 5476 2508 5544 διαδόχων
2538 5473 2701 5527 αὑτοῦ
2734 5470 3137 5540 ποιμαινόμενα
3163 5463 3529 5529 διδασκάλων,
3565 5460 3680 5531 ἦτοι

424 5591 627 5647 κλόνον
654 5563 752 5641 καὶ
787 5563 1150 5655 παρατροπὴν
1178 5583 1379 5636 ἔπαθον
1403 5578 1511 5633 τῶν
1542 5576 1778 5647 φρενῶν·
1815 5573 1862 5626 οἱ
1890 5571 1999 5642 γὰρ
2101 5571 2129 5624 6
2160 5570 2339 5633 κοινὸς
2365 5569 2408 5621 Χ
2417 5564 2755 5636 ριστιανικὸς
2785 5563 2937 5655 λαός.

422 5685 531 5755 πρὸ
565 5679 863 5752 ὀφθαλμῶν
913 5679 1005 5730 τὸν
1057 5675 1285 5729 θάνατον
1332 5673 1436 5742 ήδη
1489 5670 1780 5739 βλέποντες
1825 5666 1884 5719 ἐν
1923 5661 2001 5732 τῷ

427 5775 787 5844 καθεστηκότι
818 5772 1002 5842 ἔχουσι
1036 5769 1124 5821 τὸν
1154 5765 1440 5835 λογισμόν.

2178 5679 2197 5715 ι
2240 5659 2351 5715 Kal
2378 5656 2740 5726 ὠλιγώθησαν
2770 5656 2866 5707 καὶ
2912 5648 3278 5719 ἐκακώθησαν
3311 5643 3427 5698 ἀπὸ
3450 5643 3683 5712 θλίψεως

2104 5754 2289 5811 κακῶν
2319 5750 2411 5805 καὶ
2436 5747 2649 5818 ὀδύνης.
2677 5766 2695 5797 1
2732 5776 2801 5787 —
2824 5741 3241 5815 ῐΙρολέγει,τοί›ς
3264 5737 3575 5804 διωγμοὺς,
3592 5734 3683 5799 τὴν

507 5889 525 5918 1
571 5827 880 5920 Kal-nia;
913 5864 946 5932 η
1001 5859 1163 5927 σοφία
1208 5827 1389 5912 αὐτῶν
1436 5852 1737 5924 κατεπόθη.
1775 5868 1791 5903 1
1834 5878 1900 5891 ——
1939 5846 1999 5903 Ἦ
2108 5851 2167 5915 ἐξ
2220 5844 2553 5917 ἀναιρέσεως
2589 5841 2845 5909 όλίγωσιν
2877 5836 2986 5891 τῶν
3041 5834 3271 5900 πιστῶν,
3329 5830 3425 5883 καὶ
3477 5828 3586 5899 τὴν
3627 5827 3682 5876 ιι
