3822 6468
206 395 347 459 15Ἲ3

1378 396 1788 461 EXPOSlTIO
1828 397 1908 458 IN
1946 396 2316 460 PSALMOS.

3319 399 3453 461 1576

200 511 442 582 Χριστοῦ
478 511 785 584 ἱερωσύνη·
815 516 911 570 καὶ
947 514 1054 587 γάρ
1107 515 1274 585 ἄρτου
1326 517 1424 571 καὶ
1452 517 1618 570 -οῖνου
1674 516 1787 578 τοῖς
1818 520 1860 574 Α
1891 514 2510 586 φάνσεως,ὀίκονομίας
2541 558 2556 583 ,
2589 516 2706 570 ἀλλ’
2751 516 2812 571 06
2856 516 3069 583 τελείας
3115 517 3463 586 νομοθεσίας.

198 602 371 657 αὐτοῦ
401 603 679 675 μαθηταῖς
719 608 989 676 μετέδωκε
1022 607 1165 661 κατὰ
1190 608 1282 661 τὸν
1309 608 1529 662 δεῖπνον
1561 608 1653 660 τὸν
1679 624 1780 678 μυ-

202 694 410 759 στικὸν,
431 693 510 759 ὡς
541 698 657 760 τοῖς
684 698 815 766 περί⁵
846 698 939 751 τὸν
981 697 1233 769 ’Δϐραάμ
1272 699 1301 753 6
1332 698 1693 771 Μελχισεδέκ.

274 804 294 837 1
335 784 543 858 K6910;
595 788 660 841 ἐκ
692 787 884 855 δεξιῶν
927 806 1045 846 σου.
1078 810 1097 842 1
1144 820 1213 831 —
1246 789 1449 861 Βοηθός
1480 806 1560 842 σοι
1587 788 1662 850 ὡς
1687 789 1782 841 ἀν-

197 876 426 951 θρὼπῳ.

272 991 292 1023 ε
334 972 674 1027 Συνέθλασεν
704 973 762 1027 ἐν
797 973 983 1045 ἡμέρᾳ
1015 972 1187 1044 ὀργῆς
1233 971 1399 1027 αὐτοῦ
1442 972 1711 1043 βασιλεῖς.
1754 991 1773 1025 1

194 1094 269 1110 -—
302 1067 744 1140 Ἀντιχρονικῶς⁹
775 1070 830 1120 ἐν
865 1070 934 1138 τῇ
976 1068 1076 1136 τῆς
1137 1067 1373 1139 κρίσεως
1426 1068 1537 1137 γὰρ
1594 1066 1780 1138 ήμέρᾳ

199 1159 481 1231 συντρίψει
514 1161 640 1224 τοὺς
663 1159 879 1222 ἀσεϐεῖς
935 1158 1173 1229 βασιλεῖς
1226 1161 1284 1213 ἐν
1334 1159 1453 1221 ταῖς
1511 1160 1780 1210 ἀποτετα-

196 1254 429 1324 γμέναις
480 1254 758 1309 κολάσεσι.
791 1252 960 1325 Δῆλον
990 1252 1047 1306 δὲ
1079 1252 1162 1306 ὅτι
1194 1251 1439 1314 καὶτοὺς
1500 1248 1776 1321 ὑπηκόους

193 1352 259 1417 τῇ
288 1348 518 1419 ἀσεϐείᾳ
549 1349 755 1405 αὐτῶν.

265 1459 285 1493 ε
340 1442 534 1510 Κρινεῖ
578 1443 637 1495 ἐν
670 1444 783 1506 τοῖς
827 1440 1027 1495 ἔθνεσι.
1068 1461 1087 1491 1
1134 1469 1203 1481 —
1252 1440 1448 1511 Κρινεῖ
1486 1439 1552 1492 τὰ
1588 1437 1736 1508 ἔθνη.

267 1547 288 1582 1
326 1530 614 1599 Πληρὼσει
645 1532 939 1601 πτώματα.
973 1549 993 1583 1
1032 1560 1103 1574 ——
1128 1530 1364 1592 Πολλοὺς
1395 1527 1715 1582 καταϐαλεῖ.

268 1644 286 1676 ι
328 1623 626 1677 Συνθλςὶσει
653 1625 898 1693 κεφαλὰς
939 1625 1031 1678 ἐπὶ
1059 1625 1163 1695 γῆς
1196 1621 1432 1676 πολλῶν.
1478 1640 1497 1673 1
1538 1650 1606 1662 —-
1669 1620 1772 1672 Πε-

193 1718 568 1791 ρεφραστικῶς
603 1720 724 1772 ἀντὶ
749 1718 844 1774 τοῦ
873 1717 1126 1781 πολλούς.

267 1829 285 1863 1
325 1812 422 1866 Ἐκ
449 1813 756 1885 χειμάρρου
789 1815 846 1866 ἐν
874 1813 977 1882 ὁδῷ
1016 1815 1225 1875 πίεται,
1258 1813 1347 1867 διὰ
1364 1814 1522 1868 τοῦτο
1559 1814 1770 1885 ὑψώσει

1893 607 2034 676 Ὅρα
2080 605 2134 658 δὲ
2188 607 2271 685 ὅτι
2317 608 2378 660 06
2413 607 2634 672 τελείως
2679 607 3087 679 ἀνετράπησαν,
3117 608 3233 664 ἀλλ’
3273 609 3369 662 ἐπὶ
3406 609 3468 661 16

1890 696 2101 766 βέλτιον
2142 698 2503 769 προήχθησαν
2530 697 2624 753 καὶ
2655 699 2716 753 τὸ
2748 699 3107 771 ὑψηλότερον.

1967 808 1986 841 1
2023 791 2314 861 Λύτρωσιν
2360 791 2651 846 ἀπέστειλε
2699 792 2778 864 τῷ
2822 793 2940 864 λαῷ
2976 793 3165 849 06106.
3214 814 3234 847 1
3297 822 3367 836 -ο
3403 792 3468 847 Ὀ

1890 885 2078 953 Πατὴρ
2112 884 2205 937 τὸν
2260 884 2387 937 Υίδν
2417 885 2786 956 λυτρούμενον
2835 887 2938 956 τῆς
2990 886 3312 956 τυραννίδος
3368 886 3467 941 τοῦ

1886 974 2136 1029 δι,.ϐὀλου
2166 976 2291 1038 τοὺς
2321 977 2380 1029 ἐν
2409 975 2643 1047 ἀληθείᾳ
2673 978 3061 1047 ἐπεγνωκότας
3110 978 3300 1036 αὐτόν.

1962 1084 1982 1117 1
2029 1067 2363 1120 Ἐνετείλατο
2394 1068 2475 1131 είς
2498 1068 2589 1120 τὸν
2611 1069 2783 1122 αίῶνα
2812 1069 3085 1140 διαθήκην
3113 1069 3305 1125 αὐτοῦ.
3346 1088 3366 1122 1
3392 1096 3471 1112 --

1886 1160 1982 1222 Εἰς
2013 1160 2104 1212 τὸν
2128 1160 2303 1215 αίῶνα
2329 1160 2496 1215 οὖσαν
2525 1161 2795 1233 διαθήκην
2826 1162 2992 1217 αὐτοῦ
3045 1164 3192 1231 λέγει
3243 1164 3341 1236 τὴν
3367 1163 3461 1216 εδ-

1886 1253 2050 1321 0771)
2065 1253 2210 1325 ικήν.

1966 1364 1984 1407 1
2035 1346 2226 1416 Ἀγιον
2276 1347 2369 1402 1101
2404 1347 2635 1419 φοϐερὸν
2688 1348 2750 1402 τδ
2789 1348 2964 1417 ὄνομα
3016 1348 3206 1405 αὐτοῦ,
3237 1366 3256 1400 1
3286 1374 3359 1386 -—
3403 1347 3471 1397 '0

1884 1436 2126 1506 Χριστος
2151 1438 2264 1508 γὰρ
2291 1440 2407 1502 τοῖς
2439 1439 2540 1508 μὲν
2590 1437 2896 1507 εἰλικρινῶς
2948 1439 3305 1491 πιστεύσουσι
3362 1434 3462 1488 κά-

1885 1527 2078 1599 00901;
2112 1529 2313 1595 παντὸς
2342 1530 2647 1602 μολυσμοῦ,
2671 1533 2784 1594 τοῖς
2814 1531 3102 1585 ἀπιποῦσι
3131 1529 3187 1583 δὲ
3220 1526 3469 1599 τιμωρία

1885 1622 1979 1675 καὶ
2016 1622 2254 1687 κόλασις.

1959 1731 1977 1764 1
2034 1713 2202 1786 Ἀρχὴ
2247 1714 2443 1784 σοφίας
2467 1714 2634 1784 φόϐος
2690 1715 2922 1784 Κυρίου.
2964 1735 2983 1768 1
3036 1746 3105 1758 ——
3156 1715 3261 1768 Τὸν
3317 1728 3463 1766 στοι-

1883 1812 2170 1878 χειωτικδν
2196 1809 2361 1886 φόϐον
2412 1811 2545 1880 φησὶ
2597 1809 2849 1879 θεμέλιον
2904 1809 3046 1863 εῖναι
3085 1809 3182 1876 τῆς
3226 1805 3463 1877 ἀληθοῦς

189 1907 462 1976 κεφαλήν.
500 1925 519 1958 1
553 1935 625 1946 ——
674 1906 1115 1975 Πειρασθήσεται
1156 1908 1252 1961 1101
1306 1907 1398 1961 διὰ
1426 1908 1586 1962 τοῦτο
1623 1908 1778 1975 δοξα-
1808 1900 1850 1960 Β
1881 1901 2101 1967 σοφίας.
2132 1902 2254 1973 ἥτις
2283 1903 2436 1956 δστὶν
2467 1904 2500 1974 ἡ
2532 1903 2639 1956 τῶν
2674 1903 2834 1958 θείων
2868 1900 3100 1956 ἐντολῶν
3132 1900 3372 1970 φυλακή.

193 1998 476 2067 σθήσεται,
534 1984 841 2068 χείμαρρος
897 1996 1008 2067 γὰρ
1038 2000 1067 2051 6
1116 2000 1422 2069 πειρασμός
1450 2013 1465 2028 ⁸
1494 2000 1614 2063 ὁδὸς
1659 1999 1715 2054 δὲ
1748 2002 1777 2054 6

189 2089 385 2160 παρὼν
428 2089 542 2159 βίος
567 2104 586 2124 ο
617 2090 776 2155 πόσις
802 2088 917 2162 δέή
956 2091 1177 2163 μέθεξις
1203 2110 1220 2127 ο
1267 2093 1472 2163 ὕψωμα
1516 2093 1573 2147 δέ
1610 2110 1777 2163 κεφα-

187 2181 286 2251 λῆς
316 2184 344 2235 6
378 2181 664 2251 δοξασμός.

754 2273 1051 2329 ΨΑΛΜΟΣ
1094 2274 1203 2332 Pl'.
1253 2257 1260 2265 ’

268 2383 288 2415 1
355 2364 698 2434 Ἀλληλούῖα.
762 2366 1267 2440 Ἐξομολογήσομαί
1317 2387 1420 2436 σοι,
1466 2370 1666 2444 Κύριε,
1716 2375 1774 2427 ἐν

189 2457 288 2530 δλῃ
318 2458 516 2530 καρδίᾳ
550 2476 679 2530 μου,
706 2464 765 2515 ἐν
795 2461 959 2533 βουλῇ
1021 2463 1226 2516 εύθέων
1255 2467 1351 2519 καὶ
1380 2471 1697 2537 συναγωγῇ.
1742 2487 1761 2520 1

187 2581 258 2593 ——
286 2551 378 2623 Τῷ
401 2552 512 2622 γάρ
542 2553 618 2623 μὴ
644 2553 1069 2625 διεστραμμένῳ
1099 2556 1347 2626 συλλόγῳ
1365 2558 1501 2627 δῆλα
1538 2560 1605 2612 τά
1632 2560 1773 2629 ἔργα

188 2644 285 2699 τοῦ
316 2646 475 2713 Θεοῦ,
512 2648 675 2702 ὁποῖά
714 2652 820 2702 είσι
855 2650 924 2704 τά
947 2666 1005 2703 τε
1032 2652 1332 2722 κτίσματα,
1361 2652 1431 2706 τά
1469 2671 1529 2707 τε
1559 2653 1773 2724 θαυμα-

188 2741 395 2810 τουργή
405 2756 546 2810 ματα
554 2780 568 2795 .

265 2849 287 2884 ε
352 2834 584 2901 Μεγάλα
637 2834 706 2888 τὰ
764 2835 905 2907 ἔργα
960 2837 1194 2907 Κυρίου,
1253 2839 1631 2910 ἐξεζήτημένα
1690 2842 1772 2905 εἰς

190 2926 371 2979 πάντα
404 2927 473 2981 τά
510 2926 799 2999 θελήματα
854 2929 1044 2983 αὐτοῦ.
1112 2949 1131 2982 1
1190 2962 1259 2972 —
1316 2930 1770 3003 Ἐξηκριϐωμένα

191 3021 270 3082 είς
305 3024 486 3084 πάσας
529 3022 627 3085 τὰς
661 3023 886 3085 ἐντολὰς
913 3022 1105 3091 06106,
1133 3024 1254 3095 ῆτοι
1297 3025 1463 3078 ἱκανά
1493 3025 1613 3079 λίαν
1664 3028 1771 3080 εἰσὶ

189 3113 257 3167 τά
293 3114 432 3185 ἔργα
459 3113 554 3167 τοῦ
599 3113 735 3168 Θεοῦ
792 3118 1218 3187 παρασκευάσαι
1256 3118 1383 3180 τοὺς
1419 3116 1595 3190 ὀρθῶς
1634 3134 1770 3189 φρο-

189 3204 415 3266 νοῦντας
441 3206 522 3267 είς
552 3205 613 3258 τὸ
648 3208 826 3259 ποιεῖν
854 3207 922 3260 τά
951 3209 1074 3261 θεῖα
1105 3210 1534 3279 προστάγματα.

266 3316 286 3350 1
336 3297 763 3370 Ἐξομολόγηοις
795 3298 890 3352 11011
919 3299 1374 3371 μεγαλοπρέπεια
1411 3298 1600 3356 αὑτοῦ.
1640 3318 1660 3351 1
1701 3330 1771 3342 —

192 3389 306 3445 Πᾶν
332 3388 493 3461 ἔργον
520 3387 659 3443 Θεοῦ
709 3387 895 3441 ἱκανὸν
940 3389 1110 3441 κινεῖν
1159 3389 1238 3452 είς
1270 3388 1625 3459 εὐχαριστίαν
1673 3387 1769 3441 καὶ

192 3480 589 3553 μεγαλοπρεπῆ
610 3482 816 3537 αἰνεσιν
844 3479 939 3535 τοῦ
972 3482 1297 3553 ποιήσαντος
1325 3474 1480 3536 αῦτό.

268 3596 287 3628 1
325 3578 434 3630 Καὶ
465 3577 499 3647 ή
534 3575 857 3647 δικαιοσύνη
890 3574 1059 3628 αὐτοῦ
1117 3576 1270 3646 μένει
1325 3580 1410 3638 είς
1451 3575 1543 3631 τὸν
1592 3576 1767 3631 αίῶνα

188 3669 285 3723 τοῦ
317 3669 536 3734 αἰῶνος.
585 3688 605 3723 1
639 3698 709 3709 —
741 3668 1074 3739 Παραμυθία
1106 3668 1168 3721 τὸ
1198 3669 1365 3739 ῥητὸν
1406 3672 1519 3733 τοῖς
1553 3669 1772 3724 ἀδικου-

197 3761 404 3832 μένοις.

271 3874 290 3906 1
326 3854 533 3909 Μνείαν
566 3855 866 3928 ἐποιήσατο
894 3854 1003 3906 τῶν
1049 3853 1372 3924 θαυμασίων
1418 3853 1602 3908 αὑτοῦ.
1645 3874 1664 3907 1
1698 3885 1769 3896 —

191 3949 264 4001 06
291 3948 496 4002 διέλιπε
532 3948 992 4019 θαυματουργῶν.
1466 3936 1469 3941 ἱ

268 4060 290 4093 1
328 4041 552 4112 Τροφὴν
607 4040 775 4094 ἔδωκε
826 4043 937 4103 τοῖς
994 4038 1351 4111 φοϐουμένοις
1405 4039 1592 4096 αὐτόν.
1632 4060 1650 4093 1
1701 4069 1769 4081 -—-

192 4134 415 4206 Τροφὴν
448 4135 850 4205 πνευματικήν.

269 4245 288 4278 ι
330 4228 726 4297 Μνησθήσεται
755 4229 835 4292 εὶς
866 4226 958 4281 τὸν
990 4225 1163 4281 αίῶνα
1211 4226 1480 4297 διαθήκης
1509 4225 1701 4282 016106.
1744 4244 1763 4276 1

189 4351 258 4363 —
287 4320 674 4391 Μνημονεύσει
705 4320 1003 4383 διαπαντὸς
1044 4319 1148 4388 τῆς
1198 4318 1334 4390 πρὸς
1366 4318 1623 4389 Ἀϐραὰμ
1652 4317 1768 4371 δια-

191 4417 561 4488 θήκης,ῶστε
616 4414 792 4484 αὐτὴν
839 4411 1126 4467 ἐκτελέσαι
1176 4412 1318 4466 κατά
1359 4411 1450 4465 τὸν
1486 4416 1770 4481 πρέποντα

190 4516 406 4582 καιρὸν,
430 4510 525 4564 1101
576 4507 740 4578 ἐντῷ
784 4507 1067 4576 σπέρματι
1119 4504 1214 4559 τοῦ
1268 4504 1542 4575 Ἀϐραὰμ,
1600 4506 1770 4576 ήγουν

189 4609 250 4660 ἐν
279 4605 357 4675 τῷ
389 4603 635 4675 Χριστῷ,
674 4601 971 4670 εὐλογῆσαι
1005 4599 1184 4653 πάντα
1217 4598 1285 4652 τὰ
1320 4598 1473 4668 εθνη.

265 4716 285 4750 1
333 4697 512 4767 ’ἰσχὺν
539 4697 720 4766 ἔργων
753 4694 922 4749 αὐτοῦ
958 4692 1254 4763 ἀνήγγειλε
1286 4691 1364 4762 τῷ
1386 4690 1502 4763 λαῷ
1527 4689 1718 4744 06106.
1745 4708 1765 4742 1

188 4823 253 4838 --
282 4792 356 4845 Τὸ
390 4790 714 4859 ἀνήγγειλε
740 4788 863 4843 ἀντὶ
891 4785 988 4841 τοῦ
1036 4784 1403 4856 ἐφανέρωσεν.

269 4902 289 4935 1
327 4882 435 4936 T06
481 4881 667 4935 δοῦναι
717 4879 904 4940 αὐτοῖς
965 4876 1335 4947 κληρονομίαν
1394 4874 1586 4931 ἐθνῶν.
1632 4893 1652 4928 1
1707 4903 1772 4914 —

190 4977 357 5029 ’Ὥστε
393 4973 579 5027 δοῦναι
612 4971 797 5035 αὐτοῖς
826 4970 926 5040 τὴν
957 4967 1379 5037 ἐπηγγελμένην
1408 4968 1534 5037 γῆν.

269 5088 288 5120 1
332 5068 513 5137 Ἔργα
540 5064 740 5136 χειρῶν
768 5060 937 5118 06106
976 5060 1205 5133 ἀλήθεια
1248 5048 1345 5114 καὶ
1381 5060 1583 5132 κρίσις.
1634 5079 1652 5112 1
1700 5090 1775 5105 —

194 5159 374 5230 Ἔργα
413 5157 578 5211 06106
606 5152 1083 5226 περιφραστικῶς.

271 5268 291 5303 1
337 5248 535 5304 [110101
578 5248 755 5302 πᾶσαι
815 5246 871 5300 αί
935 5245 1149 5308 ἐντολαὶ
1200 5241 1390 5299 06106.
1437 5262 1458 5297 1
1503 5272 1574 5284 -—-
1617 5242 1773 5296 Ἐπεὶ

190 5342 401 5413 ἀληθὴς
431 5344 462 5396 6
493 5342 633 5404 Θεὸς
681 5340 778 5394 1101
825 5339 1059 5403 δίκαιος,
1094 5338 1148 5391 τί
1180 5337 1247 5391 ἀν
1294 5337 1488 5407 ψευδὲς
1518 5336 1553 5408 ἢ
1584 5336 1772 5392 ἀδικον

194 5434 532 5493 ἐντελεῖσθαι
564 5433 706 5489 ὥστε
741 5432 1127 5502 ἀπαράδεκτον
1153 5426 1296 5485 εἶναι
1326 5429 1422 5486 καὶ
1451 5430 1774 5501 ἁνατραπή·

196 5529 390 5583 σεσθαι
422 5527 662 5596 ὀφείλειν
703 5525 881 5591 0616;
909 5523 1218 5589 ἀξιόπιστοι
1271 5521 1402 5593 γοῦν
1448 5523 1506 5578 αί
1556 5522 1773 5578 ἐντολαὶ

189 5620 292 5676 τοῦ
316 5619 452 5674 Θεοῦ
484 5620 582 5674 1101
604 5618 869 5687 πανάγιοι
894 5615 1214 5678 διαπαντὸς.
1237 5615 1580 5669 ἐνταλθεῖσαι
1599 5613 1769 5684 ἀψευο

192 5715 302 5777 δῶς
336 5714 433 5767 καὶ
481 5713 707 5775 δικαίως
758 5708 897 5781 ὁμοῦ
921 5723 937 5739 ο
973 5710 1080 5764 κᾶν
1115 5709 1227 5778 γὰρ
1277 5707 1472 5762 πολλαὶ
1506 5706 1600 5761 τοῦ
1638 5708 1772 5762 Μω-

198 5808 394 5863 σαῖκοῦ
429 5807 596 5877 νόμου
640 5804 896 5871 διαταγαὶ
932 5802 1423 5873 παρηλλάχθησαν,
1451 5799 1589 5855 ἀλλά
1639 5817 1772 5868 συγ-

196 5903 555 5965 1101060011»;
597 5895 739 5971 ἦσαν
783 5898 990 5953 ἐκεῖναι
1035 5896 1129 5951 καὶ
1169 5896 1230 5949 06
1279 5894 1581 5964 καθολικῆς
1632 5897 1771 5950 ἀπο-

1954 2012 1971 2045 ι
2011 1994 2235 2059 Σύνεσις
2262 1996 2319 2049 δὲ
2350 1995 2531 2067 ἀγαθὴ
2568 1997 2702 2050 πᾶσι
2744 1997 2859 2059 τοῖς
2905 1993 3155 2048 ποιοῦσιν
3198 1993 3392 2061 αὑτήν.
3432 2009 3452 2043 1

1877 2115 1947 2126 —-—
1976 2088 2101 2152 Τοῖς
2130 2089 2525 2160 ἐργαζομένοις
2550 2090 2649 2161 τὴν
2675 2090 2852 2160 ἀληθῆ
2885 2089 3081 2156 σοφίαν
3125 2089 3219 2141 καὶ
3252 2090 3459 2157 γνῶσις

1878 2182 2237 2250 προσγίνεται
2293 2183 2474 2254 ἀγαθή
2505 2199 2517 2215 ⁸
2554 2184 2641 2239 διὰ
2669 2186 2779 2254 γάρ
2823 2185 2925 2254 τῆς
2951 2184 3061 2237 τῶν
3091 2183 3323 2237 ἐντολῶν
3356 2200 3459 2252 φυ-

1875 2274 2050 2344 λακῆς
2109 2274 2351 2347 θεοειδὴς
2412 2277 2629 2344 γίνεται
2678 2276 2824 2339 νοῦς.
2867 2276 2929 2332 Ἤ
2962 2277 3158 2348 πρᾶξις
3188 2278 3460 2347 75190161-

1881 2368 1999 2437 ρίας
2053 2366 2330 2431 ἐπίϐασις.
2367 2369 2569 2440 ’Λγαθὴ
2604 2371 2660 2423 δὲ
2717 2364 2872 2422 εἶπεν
2914 2370 3037 2422 ἐπεὶ
3094 2368 3187 2423 καὶ
3249 2368 3451 2435 γ·.ῶσίς

1877 2460 1995 2512 ἐστι
2029 2460 2259 2530 πονηρὰ,
2295 2460 2371 2524 ὼς
2400 2461 2561 2528 σοφία
2590 2462 2682 2516 τοῦ
2712 2464 3104 2532 κακοποιῆσια.

1953 2570 1973 2604 1
2018 2549 2082 2604 'll
2119 2552 2327 2616 αίνεσις
2358 2554 2525 2609 αὑτοῦ
2579 2555 2731 2627 μένει
2766 2558 2848 2617 εἰς
2879 2554 2970 2607 τὸν
3018 2553 3193 2610 αίῶνα
3223 2554 3318 2608 τοῦ
3363 2558 3455 2609 αἱ·

1875 2643 2033 2705 ῶνος.
2075 2662 2094 2695 1
2133 2675 2203 2685 —
2247 2645 2310 2700 Ἠ
2349 2646 2589 2717 ὕμνησις
2638 2647 2733 2702 τοῦ
2800 2648 3040 2719 Χριστοῦ
3093 2650 3457 2720 ἀτελεύτητος

1874 2738 1934 2789 ἐν
1959 2736 2177 2808 οὐρανῷ
2208 2738 2300 2791 καὶ
2325 2741 2417 2793 ἐπὶ
2445 2740 2570 2809 γῆς.

2424 2834 2721 2887 ΨΑΛΜΟΣ
2744 2834 2910 2888 ῬΙΑ’.

1951 2943 1970 2975 1
2002 2925 2373 2996 ΑἈλληλούῖα.
2410 2926 2701 2997 Μακάριος
2745 2928 2886 2997 ἀνὴρ
2920 2931 2953 2982 ὁ
2980 2930 3313 3000 φοϐούμενος
3363 2933 3456 2984 τὸν

1876 3015 2080 3082 Κύριον
2104 3029 2118 3044 ·
2163 3018 2221 3067 ἐν
2254 3019 2374 3079 ταῖς
2414 3017 2659 3081 ἐντολαῖς
2689 3018 2856 3071 αὐτοῦ
2907 3019 3125 3088 θελήσει
3158 3021 3385 3091 σφόδρα.
3427 3042 3446 3073 1

1872 3137 1943 3147 —
1972 3107 2072 3159 Διά
2102 3106 2265 3161 τοῦτὸ
2294 3125 2429 3179 φησι
2495 3111 2767 3179 μακάριον
2800 3110 2860 3162 ού
2892 3111 2982 3170 τδυ
3025 3112 3212 3175 ἁπλῶς
3256 3113 3455 3181 φοϐού-

1799 3250 1843 3310 C
1878 3217 2042 3270 μενον
2091 3200 2184 3261 τὸν
2233 3201 2387 3268 Θεὸν,
2418 3203 2514 3256 καὶ
2563 3206 2676 3267 τοῖς
2734 3204 2953 3274 δαίμοσι
3000 3208 3107 3278 γὰρ
3159 3208 3390 3278 φοϐερὸς
3423 3212 3453 3260 6

1876 3291 2032 3356 Θεὸς,
2072 3292 2210 3346 ἀλλά
2255 3293 2347 3346 τὸν
2398 3294 2732 3366 φοϐούμενον
2768 3297 2859 3350 τὸν
2889 3298 3047 3359 Θεὸν,
3096 3298 3238 3352 ὥστε
3275 3303 3452 3352 ποιεῖν

1875 3386 1974 3445 τὰς
2010 3384 2178 3438 016106
2238 3386 2482 3451 ἐντολάς,
2542 3390 2638 3441 1101
2690 3389 2787 3459 ούχ
2844 3391 3030 3453 ἁπλῶς
3090 3396 3285 3457 ποιεῖν,
3315 3393 3455 3449 ἀλλά

1879 3479 2017 3547 μετά
2052 3479 2362 3551 προθυμίας
2385 3495 2401 3512 ’
2436 3478 2594 3534 τοῦτο
2628 3485 2738 3552 γὰρ
2766 3483 2854 3536 διὰ
2886 3483 2981 3537 τοῦ
3013 3484 3265 3552 θελήσει
3297 3486 3449 3557 δεδή-

1874 3568 2070 3625 λωκεν.

1955 3682 1973 3714 1
2015 3663 2254 3718 Δυνατον
2297 3664 2355 3717 ἐν
2385 3667 2450 3734 τῇ
2503 3668 2574 3737 γῇ
2632 3664 2788 3720 ἔσται
2827 3668 2888 3720 τὺ
2923 3668 3150 3739 σπέρμα
3183 3669 3367 3724 αὐτοῦ.
3424 3689 3442 3722 1

1874 3789 1943 3801 --
1972 3757 2385 3829 Δυναμούμενοι
2437 3759 2495 3810 έν
2541 3758 2619 3828 τῷ
2657 3760 2850 3829 κόσμῳ
2883 3760 3058 3830 τούτῳ
3093 3760 3307 3815 ἔσονται
3342 3763 3450 3816 ὑπὸ

1874 3851 2008 3905 Θεοῦ
2050 3851 2190 3905 κατά
2224 3851 2333 3904 τῶν
2386 3851 2811 3921 ἐπηρεαζόντων
2872 3854 2921 3906 οί
2971 3853 3032 3907 τὸ
3078 3856 3304 3922 γνήσιον
3349 3859 3449 3925 τῆς

1874 3945 2013 4014 πρὸς
2060 3943 2224 3997 αὐτὸν
2275 3942 2597 4012 ὁμοιώσεως
2624 3943 2937 4009 δεικνύντες
2958 3946 3052 4001 ,διά
3089 3946 3185 4000 τοῦ
3217 3948 3443 4018 τρόπου.

1951 4055 1969 4088 1
2007 4036 2175 4089 Γενεά
2193 4036 2398 4090 εύθέων
2422 4036 2879 4106 εὐλογηθήσεται.
2920 4057 2939 4090 1
2970 4067 3038 4080 -
3056 4039 3226 4106 Δῆλον
3247 4040 3406 4094 τοῦτο
3429 4057 3446 4072 ο

1875 4128 1969 4180 1101
1995 4127 2100 4195 γὰρ
2139 4130 2205 4198 τῇ
2252 4128 2417 4197 γενεᾷ
2453 4128 2562 4180 τῶν
2594 4127 3051 4197 διεστραμμένων
3079 4129 3181 4184 οὐκ
3211 4132 3453 4187 ἐπαινεῖ-

1875 4235 1967 4272 ται
1998 4219 2027 4272 6
2058 4220 2290 4281 δίκαιος.

1952 4332 1971 4363 1
2007 4312 2145 4379 Δόξα
2176 4311 2270 4366 καὶ
2300 4311 2530 4377 πλοῦτος
2565 4314 2622 4367 ἐν
2652 4314 2733 4385 τῷ
2757 4315 2893 4385 οίκῳ
2921 4316 3111 4372 06106.
3154 4335 3175 4368 1
3216 4346 3286 4356 —
3310 4317 3450 4382 Δόξα

1874 4407 2030 4475 ποιρά
2065 4405 2203 4458 Θεοῦ
2229 4407 2321 4459 1101
2346 4405 2578 4471 πλοῦτος
2613 4410 2670 4460 ἐν
2699 4409 2926 4476 ἀγαθοῖς
2957 4410 3166 4479 ἔργοις.

1890 4537 1897 4545 .
1950 4517 1969 4550 ε
2008 4500 2186 4569 Καλή
2228 4498 2543 4568 δικαιοσύνη
2598 4500 2766 4554 αὑτοῦ
2807 4502 2959 4569 μένει
3004 4506 3085 4567 είς
3131 4510 3226 4558 τὸν
3273 4507 3449 4560 αἰῶνα

1802 4612 1850 4669 ο
1876 4589 1972 4644 τοῦ
1997 4588 2215 4651 αίῶνος.
2261 4608 2279 4641 1
2315 4617 2383 4632 --
2405 4588 2770 4661 Δικαιοσύνην
2787 4591 2936 4661 λέγει
2965 4593 3061 4648 νῦν
3084 4594 3185 4666 τὴν
3215 4596 3448 4651 καθόλου

1873 4685 2096 4757 ἀρετήν.

1949 4799 1967 4831 1
2022 4778 2401 4843 Ἐξανέτειλενν
2427 4782 2486 4834 ἐν
2530 4780 2712 4835 σκότει
2747 4778 2864 4849 φῶς
2896 4783 3010 4844 τοῖς
3057 4781 3309 4836 εύθέσιψ
3334 4784 3451 4837 ἐλε-

1872 4873 2051 4943 ήμων,
2104 4874 2202 4927 1101
2255 4875 2582 4945 οἰκτίρμων,
2611 4875 2705 4929 1101
2739 4874 2972 4937 δίκαιος.
3011 4894 3030 4928 1
3064 4902 3133 4921 --
3164 4877 3449 4947 Ἔλαμψεν

1875 4966 1934 5018 ἐν
1963 4964 2040 5035 τῷ
2075 4966 2258 5019 σκότει
2293 4966 2403 5019 τῶν
2455 4967 2781 5038 πειρασμῶν
2812 4966 3099 5037 ἀναψυλῆς
3152 4971 3265 5031 τοῖς
3308 4970 3448 5038 ὀρθά

1874 5056 2165 5129 φρονοῦσιν
2214 5060 2244 5111 6
2292 5058 2547 5129 ἐλεήμων
2592 5058 2688 5111 1101
2716 5059 3019 5130 οίκτίρμων
3051 5058 3145 5112 καὶ
3188 5058 3393 5125 δίκαιος
3421 5063 3449 5115 6

1872 5149 2027 5213 Θεός.

1953 5262 1972 5295 1
2008 5243 2258 5315 Χρηστδς
2311 5242 2452 5314 ἀνὴρ
2499 5244 2529 5297 6
2563 5242 2866 5313 οἰκτίρμων
2916 5243 3011 5296 1101
3060 5243 3287 5313 κιχρῶν.
3325 5264 3345 5298 1
3376 5274 3449 5289 -

1871 5335 2017 5391 ειν-Ὀ
2048 5334 2259 5406 δωρεὰν
2296 5334 2473 5397 διδοὺς
2501 5335 2615 5397 τοῖς
2641 5334 2890 5404 ἀπόροις,
2916 5334 3014 5388 1101
3041 5333 3305 5398 δανείζων
3332 5338 3449 5400 τοῖς

1872 5428 2137 5502 χρῄζουσι
2169 5428 2408 5482 δανείου.
3212 5410 3219 5415 ’

1952 5539 1971 5573 1
2007 5520 2371 5591 υίκονομήσει
2403 5519 2530 5582 τοὺς
2560 5517 2753 5588 λόγους
2792 5514 2960 5571 αὑτοῦ
2990 5516 3051 5571 ἐν
3081 5518 3284 5589 κρίσει.
3328 5535 3348 5569 1
3376 5548 3449 5562 -ο

1876 5610 2045 5682 Οὗτος
2071 5614 2329 5678 εὐθέτους
2361 5614 2580 5685 ποιήσει
2607 5612 2709 5675 τὰς
2752 5610 3050 5680 ἀπολογίας
3097 5611 3266 5668 06106
3294 5611 3352 5663 ἐν
3380 5613 3446 5682 τῇ

1877 5707 2148 5780 μελλούσῃ
2178 5706 2378 5777 κρίσει,
2405 5704 2706 5769 τουτέστιν,
2736 5704 2797 5757 06
2837 5703 3382 5773 καταδικασθήσεται.

1955 5818 1974 5853 1
2009 5799 2132 5853 Ὀτι
2158 5799 2237 5861 είς
2260 5797 2352 5850 16v
2376 5793 2548 5851 αίῶνα
2592 5794 2655 5848 οῦ
2702 5793 3119 5861 σαλευθήσεται.
3159 5810 3177 5843 1
3217 5819 3287 5831 —
3322 5790 3446 5844 Ὀτι

1875 5889 2165 5954 διαπαντδις
2196 5887 2495 5947 ἀσάλευτος
2550 5885 2704 5955 μενεῖ
2752 5884 2847 5938 τοῦ
2882 5882 3046 5954 ὀρθου
3087 5882 3436 5953 φρονήματος
