3806 6356
375 318 514 378 1Ξ75

1558 308 1974 369 NICEPHORI
2011 307 2424 368 BLEMMIDAI

3475 314 3611 378 1576

367 435 463 502 τῆς
500 436 577 497 είς
607 433 737 486 Θεὸν
775 432 1153 503 πεποιθήσεως
1205 435 1301 487 καί
1335 434 1429 505 τῆς
1479 435 1642 505 θεαρέ
1659 453 1787 489 στου
1814 434 1929 488 δια·
1960 440 2005 495 Α
2033 436 2125 503 γῇ.
2163 452 2181 484 3
2237 461 2307 473 ——
2338 431 2493 484 Οὕτω
2554 432 2896 487 συντακτέον.
2919 431 3015 498 Τίς
3064 432 3141 498 ὡς
3193 435 3395 507 Κύριος
3423 438 3451 489 ὃ
3478 436 3612 501 Θεὸς

405 542 573 580 ωγης.

405 542 449 577 ω
556 563 573 580 .

367 541 399 592 γ
622 615 965 686 μνημόσυνον
994 614 1214 668 αἰώνιον
1247 615 1399 669 ἔσται
1421 617 1646 681 δίκαιος.
1687 638 1705 669 3
1738 648 1804 660 —-
1836 619 1934 671 Διά

367 710 477 779 γὰρ
508 710 604 770 τὰς
634 708 840 778 ἀρετὰς
901 708 1065 761 αὑτοῦ
1103 708 1324 778 μνήμης
1365 710 1624 779 τυγχάνει
1655 712 1937 779 διηνεκοῦς

370 801 522 870 παρά
551 818 607 854 τε
639 802 757 871 Θεῷ
786 802 878 854 καὶ
918 803 1029 864 τοῖς
1054 800 1315 871 φρονοῦσι
1343 802 1410 854 τὰ
1459 801 1553 855 τοῦ
1581 802 1740 855 Θεοῦ.

444 911 464 944 ι
515 895 644 947 Ἀπὸ
700 894 869 964 ἀκοῆς
935 894 1182 963 πονηρᾶς
1243 893 1304 945 οὑ
1362 894 1759 963 φοϐηθήσεται.
1798 913 1818 947 3
1868 923 1939 935 —

381 986 514 1041 Ἀπὸ
542 984 818 1054 ἀγγελίας,
841 985 1007 1053 φόϐον
1041 985 1344 1054 ἐμποιῆσαι
1391 986 1697 1056 δυναμένης
1734 988 1795 1039 οὑ
1830 986 1939 1038 δειε-

367 1076 562 1129 λιάσει.

446 1184 461 1217 ε
524 1166 937 1235 Ἐστήρικταιὴ
986 1166 1179 1236 καρδία
1218 1165 1403 1230 αὑτοῦ,
1454 1166 1515 1218 οὑ
1562 1166 1638 1238 μὴ
1696 1170 1935 1241 φοϐηθῇ,

367 1258 469 1319 ἕως
495 1257 554 1310 οῦ
583 1260 737 1328 ἐπίδῃ
783 1259 876 1310 ἐπί
922 1258 1049 1321 τοὺς
1089 1259 1314 1327 ἐχθροὺς
1358 1258 1548 1314 αὐτοῦ·
1588 1279 1606 1310 ³
1642 1290 1711 1303 -·
1746 1263 1820 1316 οὗ
1862 1266 1936 1336 μὴ

368 1350 577 1420 φοϐηθῇ
612 1350 713 1412 ἓως
762 1351 827 1404 ἄν
862 1351 1020 1422 ἐπίδῃ
1068 1351 1161 1402 ἐπὶ
1198 1353 1321 1414 τοὺς
1365 1351 1659 1421 αἰσθητοὺς
1688 1358 1782 1409 καὶ
1809 1344 1935 1424 νοηο

368 1438 493 1501 τοὺς
525 1438 750 1507 ἐχθροὺς
778 1437 944 1491 αὑτοῦ
973 1437 1008 1492 ὃ.
1034 1440 1334 1505 πείσονται,
1384 1441 1565 1509 πολλῷ
1590 1443 1794 1511 μᾶλλον
1820 1448 1941 1501 οὑίἐ

374 1528 511 1597 μετὰ
542 1528 712 1582 ταῦτα
736 1543 749 1556 ·
776 1528 1049 1596 γραφικὸν
1107 1530 1217 1601 γὰρ
1265 1531 1463 1603 ἰδίωμα
1492 1534 1552 1586 τὸ
1573 1534 1641 1588 τά
1685 1536 1939 1590 συννοοὺ-

372 1633 511 1687 μενα
538 1620 926 1689 παρασιωπᾷν.

445 1727 464 1759 ι
496 1710 875 1781 Ἐσκόρπισεν,
899 1712 1066 1766 ἔδωκε
1087 1715 1200 1776 τοῖς
1224 1714 1473 1784 πένησιν.
1498 1733 1517 1767 3
1546 1717 1704 1771 ο-Τὸ
1724 1719 1939 1790 ἐσκόρ-

2047 522 2201 592 ήμῶν
2240 524 2296 574 ἐν
2328 522 2406 591 τῷ
2436 522 2652 592 εὑρανῴ
2682 522 2773 575 καὶ
2799 522 2855 574 ἐν
2874 526 2939 594 τῇ
2968 526 3062 594 γῇ.

2127 634 2144 665 ι
2197 614 2257 666 '0
2292 615 2521 682 ἐγείρων
2548 614 2655 667 ἀπὸ
2684 614 2787 683 γῆς
2834 616 3072 684 πτωχὸν,
3106 616 3200 670 καὶ
3246 616 3353 670 άπὸ
3385 620 3618 689 κοπρίας

2048 706 2267 774 ἀνυψῶν
2303 706 2529 775 πένηται
2566 724 2586 760 3
2619 734 2689 745 -—
2720 706 2819 761 Διὰ
2848 707 2950 778 γῆς
2993 708 3087 761 καὶ
3118 710 3215 777 τῆς
3241 711 3476 782 κοπρίας
3524 711 3617 781 τὴν

2047 800 2326 853 εὑτέλειαν
2358 799 2534 867 δηλοῖ.

2123 908 2141 940 ι
2178 889 2284 942 Τοῦ
2309 889 2523 942 καθίσαι
2558 890 2721 944 αὑτὸν
2758 891 2896 960 μετὰ
2920 892 3223 962 ἀρχόντων,
3259 896 3401 965 μετὰ
3419 896 3617 967 ἀρχόν-

2048 999 2157 1034 των
2187 981 2278 1034 τοῦ
2315 981 2446 1034 λαοῦ
2474 982 2663 1038 αὑτοῦ.
2703 1001 2722 1034 3
2764 1012 2834 1023 —-
2890 984 3054 1037 Ὥστε
3088 984 3339 1054 σύνεδρον
3396 990 3617 1053 ποιῆσαι

2049 1071 2144 1123 καὶ
2166 1071 2429 1139 ὁμότιμον
2459 1072 2570 1133 τοῖς
2605 1072 2837 1141 ἄρχουσι
2872 1071 2967 1126 τοῦ
3017 1074 3107 1126 ὑπ’
3139 1075 3303 1126 αὑτοῦ
3370 1078 3620 1130 κτισθέν-

2047 1180 2138 1225 τος
2161 1163 2309 1218 λαοῦ.
2348 1164 2567 1217 Νοεῖται
2597 1165 2655 1217 δὲ
2683 1165 2745 1217 τὸ
2777 1166 2941 1235 ῥητὸν
2963 1167 3058 1219 καὶ
3099 1167 3191 1218 ἐπὶ
3244 1166 3337 1220 τοῦ
3396 1171 3462 1221 ἐκ
3521 1170 3619 1237 τῆς

2048 1256 2157 1307 τῶν
2188 1256 2374 1309 παθῶν
2405 1256 2626 1325 ἀτιμίας
2656 1256 2963 1326 ὑψωθέντος
3002 1258 3097 1311 καὶ
3146 1261 3257 1322 τοῖς
3297 1261 3619 1323 ἀποστόλοκ

2052 1346 2297 1414 ἰσοτίμου
2333 1348 2620 1415 γεγονότος
2651 1348 2779 1401 λαοῦ
2810 1347 3046 1403 ἐθνικοῦ.

2125 1454 2143 1488 ι
2189 1438 2247 1489 '0
2308 1438 2637 1501 κατοικίζων
2685 1440 2905 1511 στείραν
2967 1443 3026 1494 ἐν
3072 1441 3207 1511 οἴκῳ
3261 1444 3478 1513 μητέρα
3528 1444 3617 1496 ἐπὶ

2047 1527 2256 1590 τέκνοις
2276 1529 2732 1600 εὑφραινομένην.
2767 1550 2785 1582 3
2813 1561 2885 1573 —
2923 1532 2982 1584 '0
3012 1533 3111 1603 τὴν
3160 1535 3384 1603 στείραν
3449 1536 3617 1588 ποιῶν

2046 1621 2217 1671 οἰκεῖν
2246 1622 2303 1672 ἐν
2334 1622 2469 1689 οἴκῳ
2501 1623 2736 1691 μητέρα.
2769 1624 2939 1676 Τοῦτο
2968 1625 3025 1677 δὲ
3071 1626 3162 1678 καὶ
3220 1627 3313 1679 ἐπὶ
3345 1627 3451 1696 τῆς
3500 1628 3618 1679 Ἔκ-

2048 1714 2275 1781 κλησίας
2305 1713 2661 1784 λαμϐάνεται.
2711 1712 2873 1769 Οἶκον
2919 1718 2976 1771 δέ
3029 1718 3154 1782 τοὺς
3204 1720 3442 1781 οἰκείους
3489 1736 3616 1790 νοη-

369 1815 515 1855 πισε
570 1803 669 1872 τήν
730 1818 790 1855 τε
837 1803 937 1873 τῆς
985 1805 1325 1873 μεταδόσεως
1360 1809 1617 1878 ἐμφαίνει
1643 1811 1941 1881 δαψίλειαν,
1973 1798 2023 1859 Β
2050 1806 2188 1858 τέθν-

372 1894 552 1946 καὶτὸ
583 1894 791 1964 σπορὰν
819 1892 959 1949 εἰναι
1004 1898 1102 1968 τὴν
1142 1898 1535 1971 ἐλεημοσύνην,
1571 1906 1942 1972 ἁποταμιευο-

373 1986 544 2056 μένην
569 1985 647 2056 τῷ
686 1987 1047 2060 ἐργαζομένῳ
1086 1990 1180 2044 τὸν
1210 1992 1471 2061 ἀνάλογον
1510 1995 1797 2067 θερισμόν.

445 2094 465 2127 ε
517 2077 582 2131 Ἢ
611 2077 931 2150 δικαιοσύνη
983 2080 1150 2134 αὑτοῦ
1203 2084 1354 2152 μένει
1397 2086 1479 2149 εἰς
1508 2087 1600 2140 τὸν
1646 2089 1820 2143 αἰῶνα
1844 2089 1961 2143 τοῦ“

370 2168 603 2233 αἰῶνοςο
635 2170 695 2222 τὸ
728 2172 897 2243 κέρας
942 2174 1107 2227 αὑτοῦ
1144 2174 1491 2248 ὑψωθήσεται
1536 2181 1594 2233 ἐν
1630 2180 1777 2252 δόξῃ.
1816 2200 1837 2234 3
1875 2211 1944 2224 —

373 2263 733 2333 Δικαιοσύνην
774 2265 1009 2319 ἐνταῦθα
1038 2267 1137 2337 τὴν
1182 2268 1550 2341 ἐλεημοσύνην
1580 2274 1712 2343 φησί
1738 2289 1753 2306 ⁶
1779 2274 1945 2344 κοινῷ

375 2356 484 2425 γὰρ
518 2356 742 2425 ὀνόματι
778 2360 955 2412 πᾶσαν
986 2358 1191 2428 ἀρετὴν
1216 2361 1568 2433 δικαιοσύνην
1597 2360 1704 2418 οίδε
1732 2366 1941 2433 καλεῖν,

375 2443 452 2506 ὡς
498 2444 848 2515 ἐκπλήρωσιν
895 2447 1139 2519 ἐντολῆς.
1171 2449 1395 2505 Δίκαιον
1424 2453 1533 2521 γὰρ
1560 2454 1687 2518 τοὺς
1715 2453 1942 2524 βροτοὺς

376 2533 684 2606 ἐκπληροῦν
737 2536 803 2590 τὰ
858 2535 955 2590 τοῦ
1009 2540 1281 2592 Δεσπότου
1321 2540 1670 2612 ἐντάλματα,
1716 2544 1811 2597 καὶ
1864 2544 1947 2598 ὄτι

376 2663 392 2679 .
422 2664 435 2679 .
463 2663 477 2679 .
500 2626 743 2680 αιοῦνται
771 2626 1164 2683 δύναταικατά
1196 2631 1294 2700 τὴν
1343 2634 1646 2701 μέλλουσαν
1700 2636 1881 2705 κρίσιν
1912 2638 1945 2706 ή

375 2719 544 2790 ἀρετὴ
577 2721 667 2774 τὸν
724 2721 966 2791 ἐργάτην
999 2723 1190 2794 αὐτῆς.
1244 2726 1354 2780 Καὶ
1407 2726 1525 2796 ἅμα
1574 2730 1711 2798 φησὶ
1757 2730 1945 2784 δίκαια

374 2812 443 2863 τὰ
469 2810 563 2865 τοῦ
598 2802 734 2865 Θεοῦ
764 2814 1165 2884 προστάγματα
1204 2816 1521 2887 σύμπαντα,
1584 2819 1643 2884 δς
1683 2819 1745 2892 δὴ
1776 2820 1936 2876 αὑτο-

375 2903 695 2977 δικαιοσύνη
728 2908 904 2962 ἐστίν.

453 3015 472 3049 ι
540 2997 891 3068 ’Λμαρτωλὸς
940 3000 1133 3069 ὄψεται
1188 3002 1284 3055 καὶ
1322 3001 1734 3075 όργισθήσεται.
1803 3027 1822 3061 3
1877 3038 1946 3050 —

382 3089 641 3159 Ἔλεγχον
674 3091 769 3162 τῆς
795 3078 1002 3155 οἰλῗείας
1044 3092 1446 3164 ἀπανθρωπίας
1474 3097 1570 3167 τὴν
1602 3096 1697 3151 τοῦ
1727 3099 1945 3155 δικαίου

380 3182 582 3253 κρίνων
612 3182 1050 3254 φιλανθρωπίαν.

455 3292 473 3325 ι
507 3274 646 3336 Τοὺς
680 3274 895 3338 ὀδόντας
915 3277 1081 3330 αὑτοῦ
1106 3276 1293 3350 βρύξει
1337 3281 1429 3333 καὶ
1465 3284 1785 3354 τακήσεται.
1823 3303 1842 3337 3
1877 3315 1947 3327 —

379 3364 577 3433 Βρύξει
619 3365 722 3435 μὲν
750 3366 848 3437 τὴν
895 3368 1042 3422 ἔνδον
1074 3369 1268 3441 ὀδύνην
1313 3371 1531 3437 δεικνύς
1557 3389 1572 3404 ⁸
1601 3375 1661 3428 οὑ
1691 3376 1862 3448 τολμᾷ
1892 3376 1949 3431 δέ

382 3453 755 3525 φθέγξασθαιο
784 3459 1128 3531 φραττούσης
1158 3461 1323 3518 αὑτοῦ
1367 3464 1427 3516 τὸ
1477 3465 1654 3536 στόμα
1688 3468 1789 3537 τῆς
1819 3471 1948 3540 ἁρε-

378 3549 478 3620 τῆς
508 3549 586 3620 τῷ
620 3551 798 3622 φθόνῳ
826 3554 1144 3623 τακήσεται.

456 3660 474 3693 ι
527 3642 830 3715 Ἐπιθυμία
876 3644 1206 3718 ἁμαρτωλοῦ
1257 3647 1561 3705 ἀπολεῖται.
1606 3670 1624 3703 3
1687 3681 1757 3693 —
1810 3655 1946 3708 Συν-

381 3734 678 3790 απόλλυται
710 3737 819 3808 γὰρ
840 3740 951 3800 τοῖς
980 3738 1437 3809 ἐπιθυμουμένοις
1467 3743 1758 3813 πράγμασι
1776 3746 1951 3816 φθαρ-

381 3828 492 3888 τοίς
524 3822 645 3881 οὖσι
671 3844 687 3861 ο
713 3830 857 3893 τίνος
895 3829 1000 3901 γὰρ
1046 3830 1153 3884 τῶν
1202 3832 1498 3904 ἀφθάρτων
1557 3835 1890 3908 ἐπιθυμήσει
1919 3840 1947 3891 ό

381 3920 704 3991 ἁμαρτωλός
727 3938 742 3987 ;

930 4037 1226 4093 ΨΑΛΜΟΣ
1255 4041 1402 4097 PIB'.

459 4168 477 4201 ι
524 4149 868 4219 Ἀλληλούῖα.
925 4153 1158 4217 Αἰνεῖτε,
1202 4157 1413 4221 παῖδες,
1471 4158 1711 4228 Κύριον·
1747 4160 1951 4214 αἰνεῐτε

382 4243 444 4293 τὸ
477 4240 647 4311 ὄνομα
680 4243 910 4313 Κυρίου.
950 4263 971 4300 3
1004 4277 1073 4287 —
1132 4248 1339 4313 Παῖδας
1387 4250 1513 4315 τοὺς
1563 4251 1788 4316 δούλους
1816 4253 1953 4307 ὠνό-

429 4346 583 4386 ασεν.

429 4347 583 4386 ασεν.

387 4347 427 4399 μ
460 4438 479 4470 ε
521 4419 618 4491 Ern
659 4422 717 4476 τὸ
746 4422 919 4494 δνομα
946 4425 1153 4496 Κυρίου
1189 4426 1557 4498 εὑλογημένον
1587 4431 1695 4484 ἀπὸ
1727 4431 1821 4485 τοῦ
1853 4432 1948 4487 νῦν

382 4510 475 4563 καὶ
508 4499 610 4575 ἕως
642 4513 736 4566 τοῦ
767 4513 982 4577 αἰῶνος.
1015 4533 1034 4567 3
1072 4546 1141 4563 —-
1199 4518 1308 4571 Καὶ
1355 4516 1536 4587 λόγοις
1586 4520 1680 4574 καὶ
1740 4521 1946 4591 ἔργοις,

380 4602 713 4667 δοξαζόντων
755 4606 914 4676 ήμῶν
956 4609 1047 4662 τὸν
1076 4609 1232 4665 Θεόν.

453 4738 483 4773 ·ι
528 4722 662 4775 Ἀπὸ
682 4721 957 4777 ἀνατολῶν
993 4724 1143 4794 ήλίου
1179 4725 1340 4797 μέχρι
1384 4726 1611 4797 δυσμῶν
1640 4729 1850 4782 αἰνετὸν
1892 4728 1951 4781 τὸ

381 4815 552 4884 ὄνομα
577 4813 811 4885 Κυρίου.
853 4832 873 4867 3
903 4843 972 4855 —-
995 4816 1109 4870 Οὑκ
1165 4819 1224 4869 ἐν
1281 4817 1625 4891 Παλαιστίνῃ
1653 4820 1814 4889 μόνον
1843 4836 1858 4852 ·
1891 4820 1951 4873 τὸ
2060 4829 2073 4836 ·

383 4907 728 4976 παγκόσμιον
762 4908 868 4978 γὰρ
901 4907 1266 4980 προαγορεύει
1300 4911 1583 4980 κήρυγμα.

460 5017 480 5051 ι
522 4999 758 5071 ’Υψηλὸς
785 5002 876 5054 ἐπὶ
907 5001 1084 5056 πάντα
1135 5001 1204 5054 τὰ
1251 5000 1378 5070 ἔθνη
1427 5001 1653 5072 Κύριος,
1711 5002 1806 5054 καὶ
1861 5001 1951 5053 ὲπί

381 5092 647 5162 οὐρανοὺς
674 5093 707 5162 ή
739 5091 861 5157 δόξα
894 5091 1081 5148 αὑτοῦ.
1126 5111 1145 5144 3
1194 5121 1264 5133 ——
1330 5093 1545 5163 Ὕψηλὰ
1603 5092 1951 5163 φρονούντων

382 5186 478 5237 καὶ
503 5184 944 5255 δογματιζόντων
970 5186 1098 5255 περὶ
1132 5184 1297 5239 αὑτοῦ
1333 5186 1441 5239 τῶν
1467 5185 1657 5238 ἐθνῶν.

461 5296 480 5329 ε
518 5277 612 5341 Τίς
635 5277 711 5341 ὡς
744 5277 946 5348 Κύριος
974 5280 1002 5332 ὁ
1022 5278 1153 5340 Θεὸς
1215 5278 1372 5348 ἡμῶν
1409 5295 1422 5343 ;
1453 5296 1471 5328 3
1496 5306 1568 5317 -—-
1597 5274 1767 5329 Τοῦτο
1817 5272 1953 5344 πρὸς

384 5367 584 5440 χλεύην
614 5370 722 5424 τῶν
757 5367 1124 5439 ψευδωνύμων
1152 5369 1344 5423 ἐθνῶν.

462 5502 482 5535 ι
526 5481 587 5537 '0
644 5486 703 5536 ἐν
751 5483 973 5554 ὑψηλοῖς
1007 5484 1301 5538 κατιοκῶν.
1341 5502 1359 5535 3
1394 5515 1459 5524 —
1518 5483 1691 5538 Τοῦτο
1738 5484 1825 5537 διὰ
1856 5485 1952 5546 τὰς

384 5576 670 5647 οὐρανίους
717 5575 977 5645 δυνάμεις
1030 5577 1128 5638 τὰς
1169 5575 1479 5646 ὁλοκλήρως
1527 5575 1854 5647 ἐνεργούσας
1893 5576 1955 5629 τὸ

385 5667 597 5735 θέλημα
622 5665 713 5721 τοῦ
749 5665 909 5728 Θεοῦ,
940 5666 1062 5720 ἐπεὶ
1094 5667 1151 5720 τὸ
1182 5667 1342 5721 Θεῐον
1374 5666 1810 5737 ἀπερίγραπτον.

462 5776 479 5808 ι
519 5758 621 5810 Καῖ
649 5759 715 5812 τὰ
746 5758 976 5811 ταπεινὰ
1007 5757 1217 5827 ἐφορῶν
1245 5760 1301 5810 ἐν
1326 5756 1402 5828 τῷ
1433 5756 1651 5830 οὐρανῷ
1676 5758 1771 5812 καὶ
1800 5758 1856 5813 ἐν
1884 5761 1952 5829 τῇ

2585 1898 2880 1953 ΨᾹΛΜΟΣ
2911 1898 3057 1955 PH".

2125 2028 2145 2062 ι
2193 2010 2511 2081 Ἀλληλούῖα
2548 2027 2567 2045 ο
2599 2013 2658 2066 ἐν
2707 2014 2869 2079 ἐξόδῳ
2918 2015 3141 2084 Ἰσραὴλ
3197 2016 3259 2080 ἐξ
3310 2018 3617 2086 Αἰγύπτου,

2044 2105 2196 2157 οἰκου
2231 2106 2425 2159 Ἰακὼδ
2453 2108 2516 2160 ἐκ
2534 2106 2668 2160 λαοῦ
2714 2106 2991 2181 βαρϐάρου
3023 2150 3038 2174 ,
3088 2110 3318 2181 ἐγενήθη
3381 2111 3621 2164 Ἰουδαία

2047 2195 2295 2266 άγίασμα
2324 2196 2513 2263 αὑτοῦ,
2557 2196 2772 2268 Ἰσραὴλ
2796 2197 3019 2262 ἐξουσία
3056 2199 3254 2255 αὑτοῦ.
3298 2219 3317 2251 3
3357 2230 3431 2239 —
3466 2201 3620 2255 Μετὰ

2045 2290 2109 2341 τὸ
2137 2288 2400 2353 ἐξελθεῖν,
2430 2289 2587 2358 φησὶ,
2615 2290 2740 2351 τοὺς
2799 2289 3143 2359 Ἰσραηλίτας
3194 2290 3255 2358 ἐξ
3309 2291 3618 2360 Αἰγύπτου,

2046 2380 2144 2432 καὶ⁸
2170 2380 2230 2433 τὸ
2260 2380 2413 2448 γένος
2435 2379 2531 2433 τοῦ
2579 2379 2773 2433 ’ῐακὼδ
2807 2382 2868 2446 ἐξ
2909 2381 3102 2447 ἔθνους
3153 2383 3247 2437 τοῦ
3314 2387 3623 2452 Αἰγυπτια-

2046 2471 2145 2525 κοῦ
2170 2472 2386 2540 ἐγένετο
2412 2476 2445 2545 ή
2479 2474 2825 2545 Παλαιστίνη
2851 2476 3109 2546 ἀνάθημα
3135 2475 3212 2546 τῷ
3249 2477 3393 2546 Θεῷ,
3440 2482 3539 2531 καὶ
3594 2481 3625 2532 δ

2060 2562 2451 2634 Ἰσραηλιτικὸς
2479 2565 2607 2629 λαὸς
2637 2566 3090 2637 ἐξουσιαζόμενος
3125 2567 3219 2620 ὑπ’
3274 2569 3446 2622 αὑτοῦ
3499 2571 3621 2623 κατ’

2047 2652 2343 2709 οἰκείωσιν.

2128 2787 2147 2820 ι
2189 2768 2257 2822 Ἦ
2303 2768 2547 2823 θάλασσα
2575 2764 2684 2824 εἶδε
2724 2770 2821 2826 καὶ
2850 2770 3072 2840 ἔφυγεν.
3117 2790 3136 2824 3
3169 2802 3239 2813 —
3270 2773 3338 2826 Ἥ
3382 2774 3628 2845 Ἐρυθρὰ

2050 2860 2296 2914 θάλασσα
2328 2861 2471 2929 ἔγνω
2498 2862 2812 2933 ἀπόρρητος
2861 2864 2961 2935 τὴν
3014 2864 3166 2919 θείαν
3215 2865 3480 2935 δύναμιν.
3530 2864 3630 2921 καὶ

2047 2951 2294 3023 διῃρέθη.
2335 2952 2408 3006 Τὸ
2443 2954 2607 3024 τάχος
2639 2955 2697 3008 δέ
2727 2953 2829 3023 τῆς
2855 2955 3181 3026 διαιρέσεως
3211 2957 3301 3012 διὰ
3344 2958 3444 3011 τοῦ
3477 2959 3629 3028 ἐφυο

2049 3059 2155 3114 τεν
2180 3044 2544 3115 ὑπεδήλωσεν.

1970 3138 2018 3202 C
2121 3178 2140 3211 ι
2177 3161 2286 3214 Καὶ
2316 3161 2406 3224 σὺ,
2450 3162 2711 3233 Ἰορδάνη,
2741 3164 2823 3217 ὅτι
2855 3163 3211 3235 ἐπεστράφης
3253 3168 3334 3227 εἰς
3369 3164 3443 3218 τὰ
3498 3167 3631 3220 ὀπί-

2050 3269 2128 3306 σω
2159 3269 2219 3319 ;3
2258 3282 2327 3296 —
2367 3255 2493 3308 Ἐπὶ
2528 3255 2709 3327 Ἰησοῦ
2744 3256 2831 3311 ὅτε
2859 3257 3169 3327 ἀνεχαίτισε
3194 3258 3257 3312 τὸ
3304 3260 3495 3330 ῥεῦμα
3528 3262 3629 3314 αὑ-

2048 3344 2167 3401 τοῦ.

2128 3456 2259 3511 ιΤά
2323 3456 2425 3528 δρη
2479 3458 2560 3512 ὅτι
2613 3457 2978 3530 ἐσκιρτήσατε
3019 3459 3151 3515 ὦσεί
3186 3479 3259 3533 κρ
3283 3467 3355 3529 οὶ,
3417 3469 3517 3520 καὶ
3582 3470 3634 3522 οἰ

2052 3551 2233 3619 βουκοί
2282 3550 2358 3613 ὡς
2415 3551 2576 3621 ἀρνία
2616 3552 2939 3622 προδάτων.
2984 3572 3003 3606 3
3041 3585 3113 3598 -—
3156 3555 3265 3626 Τήν
3312 3559 3634 3633 ὑπερϐολὴν

2050 3643 2149 3710 τῆς
2198 3641 2502 3709 τηνικαῦτα
2528 3644 2707 3713 χαρᾶς
2733 3642 2823 3696 διά
2851 3644 3062 3698 τούτων
3084 3647 3409 3700 αἰνίττεται.

2128 3750 2146 3782 ι
2185 3731 2250 3784 Τί
2282 3729 2366 3783 σοί
2418 3733 2557 3797 ἐστι,
2610 3732 2870 3799 θάλασσα,
2928 3735 3010 3788 ὅτι
3051 3735 3281 3804 ἔφυγεςς
3321 3756 3343 3787 3
3414 3769 3489 3781 —-
3535 3740 3633 3792 Διὶ

2054 3818 2155 3890 μέν
2176 3820 2236 3873 τὸ
2258 3820 2536 3891 ὑπερφυὲς
2563 3821 2661 3875 τοῦ
2690 3825 3018 3894 πράγματος
3046 3826 3129 3888 εἰς
3157 3826 3433 3895 ἐρώτησιν
3497 3847 3636 3900 σχη-

2055 3910 2270 3980 ματίζει
2297 3912 2389 3966 τὸν
2418 3913 2597 3981 λόγον,
2651 3915 2741 3968 διὰ
2798 3916 2857 3969 δέ
2914 3917 2974 3970 τὸ
3032 3916 3238 3989 ἄψυχον
3282 3919 3381 3972 καὶ
3431 3921 3637 3989 ἄλογον

2051 4004 2160 4056 τῶν
2190 4006 2472 4075 στοιχείων
2512 4008 2672 4071 αὑτὸς
2699 4011 2935 4064 ποιεῖται
2962 4010 3104 4081 ὑπὲρ
3141 4012 3324 4065 αὐτῶν
3361 4013 3466 4083 τὴν
3501 4017 3639 4067 (11:6-

2053 4114 2258 4167 κρισιν.

2126 4210 2145 4241 ι
2199 4191 2334 4244 Ἀπὸ
2375 4190 2669 4260 προσώπου
2722 4192 2927 4262 Κυρίου
2967 4193 3237 4262 ἐσαλεύθη
3298 4198 3332 4264 ή
3376 4197 3482 4264 γῆ,
3529 4201 3640 4253 ἀπὸ

2053 4282 2355 4353 προπώπου
2390 4284 2483 4336 τοῦ
2522 4282 2657 4337 Θεοῦ
2688 4284 2904 4339 Ἰακώϐ.
2947 4305 2966 4337 3
3001 4315 3072 4326 -—
3105 4304 3124 4337 ι
3165 4285 3314 4354 Ἐγὼ
3350 4291 3466 4357 γάρ
3494 4293 3638 4357 εἰμι,

2055 4375 2243 4445 φησὶν,
2290 4376 2319 4427 ό
2370 4375 2503 4437 Θεὸς
2549 4373 2828 4444 Ἀϐραάμ,
2856 4376 2957 4428 καὶ·
2990 4378 3020 4429 ό
3048 4376 3181 4438 Θεὸς
3211 4375 3426 4441 Ἰσαὰκ,
3480 4381 3583 4430 καὶ
3614 4383 3642 4430 ὁ

1981 4486 2024 4543 ι)
2064 4466 2194 4527 Θεὸς
2228 4464 2447 4519 Ἰακώϐ.
2486 4482 2505 4517 3

2130 4578 2148 4610 ι
2185 4558 2293 4611 Τοῦ
2318 4558 2647 4626 στρέψαντος
2674 4557 2770 4624 τὴν
2798 4558 3007 4631 πέτραν
3036 4558 3118 4621 εἰς
3134 4558 3330 4627 λίμνας
3356 4560 3637 4614 ὑδάτων.»

2047 4650 2247 4703 -Τοῦ
2309 4650 2738 4719 μεταϐάλλοντος
2800 4651 2900 4721 τὴν
2954 4651 3164 4720 πέτραν
3217 4652 3328 4703 ἀπὸ
3361 4657 3468 4721 τῆς
3498 4654 3643 4704 κατὰ

2052 4741 2216 4812 φύσιν
2243 4743 2613 4812 σκληρότητος
2643 4745 2724 4805 είς
2752 4741 2811 4795 τὸ
2849 4744 3131 4812 λιμνάζειν
3163 4742 3343 4797 ὕδασι.

2130 4856 2149 4889 ι
2184 4838 2292 4891 Καὶ
2342 4837 2442 4905 τὴν
2500 4838 2805 4905 ἁκρότομον
2860 4836 2942 4898 εἰς
2998 4836 3186 4902 πηγὰς
3231 4836 3478 4891 ὑδάτων.
3518 4857 3541 4891 3
3575 4865 3647 4879 —-

2053 4927 2374 4995 Παλιλλογεῑ
2399 4925 3020 5006 συνήθως.Ἀκρότομον
3045 4924 3101 4978 δὲ
3132 4926 3234 4996 τὴν
3268 4928 3492 4995 πέτραν
3556 4925 3643 4981 εἰ·

2059 5037 2181 5086 πεν,
2214 5019 2290 5082 ὡς
2321 5021 2385 5071 ἐκ
2418 5019 2525 5071 τῶν
2572 5020 2760 5089 άκρων
2808 5033 2960 5087 μολις
3002 5018 3476 5088 ἀποθραυομένην
3560 5036 3648 5071 σι-

2052 5113 2202 5182 δήρῳ
2226 5111 2313 5164 διὰ
2333 5110 2431 5180 τὴν
2456 5111 2594 5178 ἄγαν
2618 5111 2958 5163 ἀντιτυπίαν.

2131 5220 2150 5252 ι
2183 5202 2273 5270 Μὴ
2309 5200 2672 5270 ήμίν,Κύριε,
2709 5201 2783 5269 μὴ
2818 5201 2972 5268 ἡμῖν,
3001 5197 3134 5253 ἀλλὰ
3162 5197 3242 5269 τῷ
3267 5199 3510 5267 ὀνόματί
3552 5215 3647 5251 σου

2019 5291 2147 5365 ⁴δὸς
2198 5292 2383 5358 δόξαν.
2422 5311 2443 5343 3
2483 5319 2549 5331 -ο
2587 5292 2677 5358 Μὴ
2732 5292 2962 5364 δοξάσῃς
3017 5295 3198 5361 ἡμᾶς’
3254 5294 3475 5358 ἀνάξιοι
3540 5292 3653 5359 γάρ

2056 5385 2226 5452 ἐσμεν
2257 5398 2283 5453 ’ν
2326 5383 2464 5436 ἀλλὰ
2493 5384 2551 5435 τὸ
2597 5382 2770 5451 δνομά
2809 5399 2906 5437 σου
2937 5383 3162 5446 δόξασον
3216 5383 3277 5435 ἐν
3313 5386 3393 5451 τῷ
3445 5382 3654 5452 ἀληθεῖ

2056 5475 2197 5529 ἐλέει
2224 5492 2343 5540 σου,
2368 5476 2487 5546 ήτοι
2508 5477 2565 5528 ἐν
2587 5475 2663 5545 τῷ
2692 5474 2896 5545 κυρίως
2925 5474 3067 5527 ἐλέει
3094 5491 3110 5506 ο
3148 5475 3209 5527 τὸ
3255 5476 3367 5542 γὰρ
3414 5471 3654 5544 ἀνθρὼ-

2058 5585 2215 5621 πινον
2246 5567 2393 5628 ἔλεος
2418 5567 2478 5619 οὑ
2510 5566 2775 5620 τοιοῦτον.

2134 5680 2152 5712 ε
2197 5660 2324 5715 Ἐπὶ
2346 5660 2423 5727 τῷ
2451 5659 2592 5712 ἐλέει
2624 5675 2719 5712 σου
2749 5659 2843 5711 καὶ
2866 5662 2933 5728 τῇ
2955 5656 3186 5728 ἀληθείᾳ
3211 5673 3308 5709 σου
3337 5672 3352 5688 ο
3416 5657 3654 5725 μήποτε

2063 5756 2258 5809 εἴπωσι
2322 5753 2391 5806 τὰ
2448 5752 2602 5823 ἐθνη,
2662 5752 2771 5805 Ποῦ
2822 5752 2970 5804 ἐστὶν
3021 5752 3049 5803 ὁ
3085 5750 3220 5814 Θεὸς
3245 5750 3479 5817 αὑτῶνς
3526 5769 3549 5802 3
3587 5776 3656 5789 -—
