4094 6490
1347 582 3688 643 ω

1646 792 1795 833 ANNO
1834 791 2036 831 DOMINI
2077 792 2353 830 MCCLXXX.

825 902 2035 1175 GEORGIUS
2173 924 3185 1170 CYPRIUS

393 1340 2481 1481 CONSTANTINOPOLITANUS
2568 1339 3601 1475 PATRIABCHA

1664 1734 2331 1833 NOTITIA

824 1969 966 2041 (Leo
986 1967 1154 2025 Allat.
1185 1968 1260 2026 De
1290 1967 1567 2039 Georgiis,
1596 1981 1658 2024 n.
1690 1965 1928 2038 LXXIII,
1957 1965 2108 2038 apud
2150 1963 2370 2022 Fabric.
2402 1964 2493 2021 ed.
2524 1970 2636 2021 vet.
2668 1970 2805 2021 tom.
2828 1963 2897 2031 X,
2927 1979 2984 2035 p.
3013 1962 3168 2036 805.)

374 2308 634 2381 Georgius
691 2306 945 2379 Cyprius,
1013 2311 1205 2377 postea
1257 2304 1559 2375 Gregorius
1613 2307 1863 2371 vocatus,
1916 2319 1984 2361 ex
2041 2302 2283 2360 diacono
2357 2300 2624 2359 Ecclesiae
2688 2300 3327 2373 ConstantinOpolitauee
3358 2304 3703 2375 patriarcha,

305 2414 462 2471 quem
490 2397 662 2455 modo
683 2396 1012 2467 Georgium,
1046 2395 1212 2451 modo
1241 2394 1573 2465 Gregorium
1612 2392 1886 2465 Gregoras
1935 2393 1999 2449 in
2043 2392 2307 2463 Historia,
2338 2398 2393 2448 et
2420 2389 2518 2447 alii
2557 2397 2911 2463 nuncupant.
2965 2390 3336 2462 Pachymeres
3364 2392 3465 2450 lib.
3496 2411 3597 2462 vn,
3632 2398 3704 2454 de

304 2487 606 2543 Areenoitis
643 2502 659 2540 :
694 2481 1031 2558 Ὠμολόγουν
1082 2478 1140 2536 δὲ
1193 2479 1332 2543 τέως
1385 2480 1478 2536 τὸν
1539 2479 1839 2558 Γρηγόριον
1897 2477 2267 2555 πατριάρχην.
2322 2480 2491 2532 Τοῦτο
2546 2475 2649 2553 γὰρ
2703 2478 2769 2546 ἧν
2826 2476 3033 2550 ἐκείνῳ,
3090 2478 3181 2533 καὶ
3234 2479 3299 2533 τὸ
3327 2478 3387 2533 ἐκ
3416 2482 3690 2559 Γεωργίου

304 2573 584 2650 μοναχικὸν
615 2567 820 2646 ὄνομα.
852 2573 1185 2630 Fatebantur
1208 2580 1430 2628 eatenus
1461 2570 1785 2640 Gregorium
1839 2571 2260 2643 patriarcham;
2291 2568 2353 2624 id
2379 2583 2617 2639 namque
2662 2571 2780 2623 erat
2808 2567 2902 2624 illi
2926 2584 3145 2637 nomen,
3176 2569 3327 2640 quod
3353 2587 3389 2626 a
3416 2574 3704 2645 Gregorio,

298 2665 421 2720 dum
448 2663 781 2721 monachum
809 2662 1011 2727 induit,
1043 2661 1150 2717 sibi
1203 2663 1535 2732 sumpserat.
1570 2660 1825 2716 Primum
1854 2675 1955 2731 pro
2008 2658 2222 2715 Latinis
2281 2673 2396 2712 una
2451 2672 2581 2712 cum
2614 2656 2818 2726 Vecco,
2887 2657 3257 2725 Meliteniota,
3291 2665 3347 2715 et
3401 2658 3709 2719 Metocbita

303 2753 492 2823 sentit,
524 2752 820 2825 Gregoras
851 2751 923 2807 de
948 2749 1137 2806 Vecco
1180 2748 1288 2804 lib.
1321 2767 1358 2806 ν
1391 2766 1405 2804 :
1450 2748 1552 2805 Καὶ
1599 2746 1800 2822 λέγων,
1849 2767 1919 2801 κα

2091 2766 2225 2824 φων,
2275 2745 2365 2799 καὶ
2414 2742 2776 2820 δογματίζων,
2823 2738 2967 2819 ἔχων
3018 2743 3327 2821 συνεργοὺς,
3359 2747 3449 2801 καὶ
3493 2747 3708 2821 συλλη-

290 2859 486 2915 πτορας
531 2843 633 2896 τοῦ
687 2839 895 2914 ἀγῶνος
940 2836 1035 2893 τόν
1081 2857 1142 2892 τε
1193 2834 1637 2907 Μελιτηνιώτην,
1685 2835 1779 2890 καὶ
1818 2834 1914 2890 τὸν
1958 2833 2268 2909 Μετοχίτην
2320 2829 2739 2909 ἀρχιδιακόνους
2790 2826 2946 2895 ὄντας
2992 2837 3089 2888 τοῦ
3141 2833 3428 2908 βασιλικοῦ
3466 2835 3701 2914 κλήρου,

289 2928 377 2982 καὶ
406 2925 482 2984 ἔτι
513 2928 797 3003 Γεώργιον
826 2927 919 2982 τὸν
970 2924 1034 2981 ἐκ
1078 2923 1318 2999 Κύπρου.
1351 2927 1416 2982 Et
1444 2925 1694 2994 dicendo,
1743 2928 1794 2982 et
1838 2941 1906 2982 sc:

2088 2926 2149 2992 to,
2200 2928 2256 2979 et
2297 2922 2553 2993 dogmata
2600 2922 2890 2981 statuendo
2915 2923 3084 2995 :iejus
3127 2927 3444 2983 certaminis
3491 2927 3705 3001 adjuto-

288 3018 440 3076 ribus
466 3019 833 3085 Metiteniote,
864 3021 920 3073 et
974 3015 1259 3075 ﬂetochite
1288 3016 1633 3088 imperatorii
1672 3014 1809 3070 cieri
1854 3013 2281 3084 archidiaconis,
2312 3020 2363 3067 et
2419 3012 2649 3083 insuper
2675 3012 2901 3083 Georgio
2951 3010 3169 3084 Cyprio.
3200 3013 3309 3070 Res
3363 3015 3534 3073 etiam
3564 3017 3705 3073 Lati-

290 3123 499 3163 norum
528 3110 790 3163 tantum
823 3105 1138 3177 Georgium
1170 3104 1393 3167 indicat
1439 3102 1820 3176 Pechymeree
1847 3100 1907 3157 lil

2096 3099 2229 3155 Τότε
2275 3102 2407 3175 γοῦν
2455 3097 2840 3168 καθεσθέντων,
2888 3098 3228 3173 τιμηθέντων
3271 3097 3317 3155 δ’
3348 3100 3436 3156 ἐπὶ
3466 3101 3700 3182 καθέδρᾳ

288 3193 377 3249 καὶ
432 3194 638 3271 ἀμφοῖν
695 3191 914 3247 τούτοιν
963 3191 1040 3254 ὡς
1087 3190 1606 3266 συναγωνιζομένου»
1655 3192 1735 3262 τῷ
1787 3187 2002 3265 βασιλεῖ
2046 3192 2145 3243 τοῦ
2188 3208 2248 3243 τε
2296 3184 2686 3263 ἀρχιδιακόνου
2735 3185 3172 3258 Μελιτηνιώτου,
3215 3188 3306 3244 καὶ
3350 3194 3449 3245 τοῦ
3482 3212 3700 3269 πρωτα-

287 3280 656 3358 ποστολαρίου
716 3279 978 3357 Κυπρίοο,
1008 3279 1040 3334 ὁ
1070 3278 1254 3356 ῥήτωρ
1288 3280 1318 3335 ὁ
1363 3273 1680 3341 Ὀλόϐωλος
1733 3274 1923 3333 ’ἵστατο
1970 3274 2290 3353 προσδοκῶν
2340 3277 2440 3345 τὴν
2486 3276 2592 3332 ἀπὸ
2645 3274 2912 3353 βασιλέως
2958 3275 3290 3353 ἐκχώρησιν.
3343 3280 3479 3337 Cum
3516 3284 3705 3355 itaque

280 3372 567 3444 σαῶσαι,
599 3372 965 3442 honoratique
1016 3373 1193 3427 «sent
1215 3369 1474 3426 cathedra
1523 3369 1585 3425 hi
1612 3368 1795 3436 ambo,
1827 3373 2098 3441 tanquam
2145 3369 2243 3439 qui
2284 3368 2729 3440 suﬁ‘ragarentur
2755 3369 3080 3439 imperatori
3106 3368 3525 3427 archidiaconus
3548 3372 3703 3429 Meli-

282 3462 505 3531 teniota,
537 3454 590 3517 et
614 3458 1116 3532 protapostolarius
1148 3458 1403 3530 Cyprius,
1434 3456 1624 3514 rhetor
1646 3456 1897 3514 Olobolus
1924 3460 2076 3513 stans
2105 3457 2177 3513 ab
2233 3458 2568 3528 imperatore
2597 3456 2878 3512 licentiam
2924 3457 3292 3528 exspectabat.
3327 3459 3435 3525 Qui
3467 3459 3567 3516 lib.
3600 3477 3701 3530 VII,

278 3562 401 3619 cap.
439 3549 533 3619 34,
561 3547 740 3604 refert
768 3548 1033 3603 eumdem
1060 3546 1208 3617 apud
1250 3545 1419 3604 italos
1474 3550 1695 3614 natum,
1729 3553 1783 3601 et
1810 3547 2067 3601 adultum
2098 3560 2221 3601 sese
2274 3546 2640 3615 postmodum
2687 3545 2838 3601 inter
2866 3544 3093 3602 Graecos
3121 3547 3453 3617 conjecisse.
3485 3546 3547 3600 Tt
3603 3568 3702 3602 πα-

278 3633 475 3705 θόντες,
536 3632 754 3708 ἔλεγεν,
806 3633 1027 3690 Vaccus
1077 3632 1319 3703 scilicet,
1379 3629 1478 3705 ἐμὲ
1532 3630 1624 3687 τὸν
1675 3630 1822 3708 παρὰ
1876 3631 2172 3705 Ῥωμαίοις
2229 3631 2318 3688 καὶ
2375 3630 2434 3687 ἐκ
2487 3632 2770 3706 Ῥωμαίων
2824 3632 3144 3708 γεννηθέντα
3193 3654 3254 3688 τε
3303 3633 3392 3688 καὶ
3440 3635 3703 3715 τραφέντα

275 3728 500 3799 συχναῖς
556 3716 1001 3799 περιϐάλλοντες
1060 3717 1387 3797 λοιδορίαις,
1444 3717 1629 3775 ἔπειτα
1675 3719 1920 3799 φεύγετε·
1972 3717 2141 3795 ἄνδρα
2197 3718 2255 3775 δὲ
2301 3721 2430 3796 παρ’
2478 3718 2708 3782 Ἰταλοῖς
2766 3721 3104 3795 γεννηθέντα,
3154 3721 3245 3776 καὶ
3290 3722 3572 3801 τραφέντα,
3611 3725 3701 3781 καὶ

277 3808 425 3866 οὔπω
476 3816 669 3883 ταῦτα,
732 3807 884 3865 ἀλλὰ
934 3809 1027 3864 καὶ
1082 3807 1273 3871 αύταῖς
1338 3807 1562 3873 στολαῖς
1610 3808 1701 3864 καὶ
1756 3806 1977 3886 γλώττῃ
2030 3808 2170 3886 πρὸς
2224 3809 2294 3864 τὰ
2337 3806 2580 3884 ἡμέτερα
2626 3810 3099 3887 παρεισφρήσαντα
3129 3809 3496 3888 εὐφημοῦντες
3541 3809 3698 3889 δέχε-

277 3909 431 3970 eoat;
463 3901 611 3971 Quid
632 3903 817 3975 passi,
846 3900 1056 3969 aiebat,
1086 3915 1175 3955 me
1202 3901 1349 3956 inter
1375 3900 1649 3956 Romanos
1703 3907 1757 3955 et
1784 3914 1855 3955 ea:
1882 3900 2142 3956 Romanis
2163 3906 2379 3965 natum,
2427 3898 2787 3971 adultamque
2835 3899 3044 3957 crebris
3093 3902 3360 3958 conviciis
3402 3902 3693 3972 lacessitis,

272 3990 609 4059 postmodum
638 3991 841 4062 fugitis
857 4005 881 4052 ;
908 3990 1093 4045 virum
1119 4004 1245 4046 vero
1273 3988 1436 4060 apud
1463 3989 1639 4045 Italos
1664 3996 1887 4057 natum,
1917 3986 2293 4061 adultamque,
2323 4004 2502 4060 neque
2532 3987 2648 4043 hac
2692 3988 2890 4057 solum,
2919 3988 3013 4044 sed
3040 3991 3140 4060 qui
3187 3989 3526 4047 indumentis
3555 3991 3691 4063 ipsis

271 4082 326 4132 et
345 4077 537 4150 lingua
563 4078 640 4137 ad
663 4093 763 4135 ws
820 4078 1063 4150 irrepsit,
1085 4075 1456 4134 collaudante:
1505 4077 1767 4148 excipzlis
1788 4079 1815 4130 .9
1841 4080 2043 4135 Postea
2084 4076 2296 4134 Graecis
2346 4076 2642 4133 adhaerens
2670 4085 2796 4148 post
2858 4076 3095 4147 Josephi
3124 4076 3418 4134 Galesiotsa
3448 4077 3689 4148 obitum,

269 4164 400 4223 licet
429 4165 649 4225 Vaccus
679 4166 810 4239 ipse
837 4165 1045 4222 viveret
1103 4165 1314 4232 adhuc,
1340 4172 1395 4223 et
1440 4179 1630 4222 coram
1661 4165 1881 4235 synodo
1933 4180 2163 4221 mnsam
2203 4180 2365 4222 suam
2419 4165 2652 4233 diceret,
2690 4181 2790 4236 per
2840 4166 2973 4234 vim,
3006 4181 3074 4222 ac
3123 4165 3457 4237 nequitiam,
3482 4168 3691 4238 ipsius.

272 4268 378 4326 que
407 4254 577 4313 etiam
608 4254 847 4325 Georgii
901 4253 1275 4311 invidentiam
1307 4251 1526 4326 pulsus,
1555 4253 1618 4309 in
1674 4252 2051 4324 patriarcbale
2080 4253 2287 4312 solium
2345 4254 2652 4311 intruditur
2681 4254 2805 4326 (a):
2839 4255 2932 4312 cui
2958 4255 3110 4325 justo
3175 4254 3277 4312 Dei
3300 4256 3518 4327 judicio
3574 4272 3691 4314 non

270 4343 451 4403 solum
480 4344 772 4410 hostibus,
805 4343 904 4400 sed
931 4341 1316 4411 amicissimis,
1342 4341 1548 4412 quibus
1599 4342 1891 4414 potissima
1937 4357 2178 4414 qumque
2213 4343 2277 4398 in
2334 4341 2582 4400 Ecclesia
2627 4341 2964 4414 contulerat,
2986 4342 3221 4412 invisus,
3253 4358 3383 4399 cum
3422 4344 3692 4416 injuriam

268 4430 411 4489 iure
438 4448 556 4491 non
584 4438 810 4505 posset,
842 4432 1145 4490 renunciat
1165 4431 1267 4504 (b),
1297 4438 1353 4487 et
1404 4446 1529 4489 sese
1559 4431 1621 4487 in
1659 4431 1912 4503 Deiparaa
1944 4431 2305 4505 lzlodegorum
2349 4433 2513 4487 dieue
2572 4432 2979 4489 monasterium
3010 4432 3248 4501 confert,
3280 4440 3335 4490 et
3364 4448 3484 4490 non
3512 4434 3693 4492 multo

266 4528 384 4590 post
416 4537 590 4594 prope
614 4522 742 4579 divi
800 4520 1041 4578 Andreae
1069 4519 1480 4577 monasterium
1535 4521 1794 4577 moritur.
1854 4520 1955 4576 Vir
1983 4519 2089 4576 fuit
2142 4520 2405 4578 acerrimi
2457 4520 2692 4590 ingenii,
2742 4519 3046 4588 facundus,
3106 4521 3382 4592 eloquens
3429 4528 3486 4579 et
3530 4538 3694 4593 paene

266 4606 498 4667 dixerim
528 4610 867 4683 disciplinis
920 4608 1189 4666 omnibus
1246 4608 1517 4666 imbutus.
1568 4609 1846 4680 Georgius
1897 4609 2428 4681 Pachymeres,'lib.
2487 4626 2589 4675 v11,
2611 4611 2682 4666 de
2730 4609 3054 4667 Andronico
3084 4612 3345 4667 seniore:
3378 4607 3690 4685 Ἐκλέγεται

273 4695 361 4763 μὶν
416 4696 493 4761 εἷς
540 4698 907 4774 πατριάρχην
950 4697 1043 4751 τὸν
1096 4695 1156 4752 ἐκ
1208 4694 1427 4772 Κύπρου
1484 4696 1752 4772 Γεώργιον
1787 4742 1802 4768 ,
1855 4692 2020 4774 ἄνδρα
2074 4695 2263 4772 λόγοις
2322 4695 2672 4775 ἐντραφέντα,
2720 4697 2810 4752 καὶ
2872 4695 3137 4776 σφραγῖδα
3191 4701 3288 4752 τοῦ
3345 4698 3690 4775 πατριάρχου

271 4778 457 4863 Ἰωσὴφ
513 4786 776 4865 φέροντα,
830 4784 897 4840 τὸ
947 4788 1046 4840 τοῦ
1098 4782 1691 4861 πριιιτοαποστολαρίου
1747 4784 1825 4847 εἷς
1881 4783 2188 4862 ἀνακτόρων
2242 4783 2629 4864 ἐπιφερόμενον
2682 4785 2997 4859 σημείωμα·
3048 4787 3144 4841 κάν
3186 4784 3367 4859 τούτῳ
3408 4786 3503 4859 μὲν
3533 4784 3690 4857 δόξας

273 4866 578 4952 Ἰωστιφίτας
612 4877 716 4948 μὶν
772 4873 839 4929 ἐκ
881 4880 982 4944 τῆς
1031 4870 1320 4951 σφραγῖδος
1372 4873 1830 4946 ὑποποιούμενος,
1884 4873 2237 4949 ’Δρσενιώτας
2284 4873 2343 4929 δὲ
2377 4878 2456 4946 τῷ
2509 4876 2585 4947 μή
2636 4875 2772 4930 κατὰ
2816 4875 2884 4928 τὰ
2930 4871 3321 4950 διατεταγμένα
3362 4878 3443 4947 τῷ
3488 4875 3690 4953 Ἰωσὴφ

272 4956 357 5012 ἰπὶ
382 4963 451 5031 τῇ
477 4962 785 5036 Ἐκκλησίᾳ
844 4967 1151 5039 συγχωρεῖν
1200 4962 1458 5038 γίνεσθαι.
1489 4965 1657 5037 Eligit
1706 4980 1872 5036 porro

2075 4965 2396 5046 ttriarcham
2454 4965 2738 5036 Georgium
2790 4966 3079 5035 Cyprium,
3107 4967 3294 5021 virum
3346 4965 3692 5021 sermonibus

276 5053 617 5125 inniti-rtem,
647 5059 709 5111 et
734 5052 1063 5112 ordinatum
1090 5070 1127 5109 a
1153 5052 1482 5124 patriarcha
1529 5053 1779 5125 Josepho,
1805 5053 2291 5125 protoapostolarii
2344 5053 2608 5125 dignitate
2640 5054 2700 5109 in
2747 5055 2964 5125 palatio
3016 5054 3434 5110 condecoratum
3453 5071 3472 5108 :
3505 5056 3567 5109 in
3596 5053 3695 5110 hoc

270 5140 431 5195 etiam
459 5145 607 5200 visu
629 5142 951 5217 Jouphitas
976 5158 1048 5198 ea:
1095 5141 1436 5199 ordinatione
1486 5142 1599 5199 sibi
1649 5143 1977 5209 conciliare,
2004 5143 2316 5199 Arsenoitas
2370 5144 2562 5213 etiam,
2594 5142 2736 5214 quod
2788 5158 2896 5198 non
2952 5144 3252 5199 secundum
3304 5144 3629 5215 praescripta
3659 5160 3694 5199 a

273 5226 487 5301 Josepho
514 5234 573 5288 in
604 5233 857 5290 Ecclesia
912 5247 1016 5287 usu
1070 5233 1294 5302 exsequi
1314 5232 1675 5303 permitteret.
1722 5230 1890 5301 Gregc

2081 5230 2135 5286 b.
2186 5247 2279 5287 VI:
2314 5228 2413 5282 Καὶ
2441 5231 2508 5297 ἦν
2566 5233 2863 5299 τηνικαῦτα
2913 5228 3048 5306 ἀνὴρ
3102 5227 3154 5283 ἐν
3206 5226 3397 5303 λόγοις
3423 5226 3692 5302 ἐπίσημος

272 5317 349 5385 τῷ
378 5316 643 5392 βασιλικῷ
703 5315 1227 5397 συγκατειλεγμένος
1283 5316 1480 5394 κλήρῳ
1511 5318 1781 5394 Γεώργιος
1838 5317 1867 5372 ὁ
1925 5315 1985 5372 ἐκ
2013 5315 2256 5393 Κύπρου,
2301 5318 2359 5380 ὃς
2408 5316 2502 5372 τὸν
2531 5315 2583 5371 ἐν
2630 5322 2749 5379 ταῖς
2806 5321 3042 5395 γραφαῖς
3075 5316 3258 5393 εύγενῆ
3289 5323 3390 5386 τῆς
3420 5314 3690 5379 Ἑλλάδος

274 5400 494 5477 ῥυθμὸν,
523 5407 614 5463 καὶ
657 5409 766 5477 τὴν
824 5406 1229 5477 ’Δττικίζουσαν
1272 5405 1522 5483 γλῶσσαν
1567 5405 1771 5477 ἐκείνην
1813 5404 1984 5462 πάλαι
2033 5405 2208 5462 πολὺν
2258 5402 2367 5477 ⁴ἤδη
2420 5404 2620 5482 χρόνον
2669 5402 2849 5477 λήθης
2897 5400 3157 5475 κρυϐέντα
3206 5405 3431 5481 βυθοῖς,
3482 5404 3694 5484 φύσεως

278 5485 554 5568 δεξιότητι,
605 5497 701 5553 καὶ
750 5494 1054 5575 φιλοπονίᾳ
1105 5494 1409 5572 τελεωτέρα
1452 5496 1589 5572 πρὸς
1638 5499 1753 5575 φῶς
1801 5492 1992 5572 ἤγαγε,
2040 5494 2129 5550 καὶ
2181 5493 2347 5550 οἱονεί
2391 5514 2511 5549 τινα
2558 5492 2850 5570 ἐχαρίσατο
2895 5489 3206 5550 ἀναϐίωσιν.
3253 5497 3452 5549 Τοῦτον
3501 5491 3693 5567 ἐμελέ-

283 5581 402 5652 τησέ
448 5604 527 5657 τε,
580 5587 673 5642 καὶ
728 5584 1158 5661 προύτεθύμητο
1213 5583 1267 5648 ἐς
1323 5586 1413 5640 τὸν
1472 5585 1868 5662 πατριαρχικὸν
1923 5585 2209 5661 ἀναγαγεῖν
2268 5582 2459 5660 θρόνον
2520 5582 2549 5637 ὁ
2610 5582 2899 5660 βασιλεὺς,
2952 5581 3071 5662 ἄρτι
3128 5583 3219 5639 καὶ
3269 5583 3330 5638 τὸ
3392 5582 3690 5660 μοναχικὸν

362 5764 436 5838 (ι)
458 5768 528 5823 Δ.
556 5765 622 5826 C.
656 5768 827 5826 1283.

2112 5763 2193 5840 (b)
2224 5765 2292 5822 A.
2327 5762 2485 5822 1289.

546 5894 820 5958 Panos.
872 5894 987 5963 Gn.
1032 5894 1129 5957 CX
1141 5892 1271 5961 LII.
3374 5891 3405 5957 ‘l

1509 6223 2052 6339 2653341

1692 39 4006 94 Ἦ
