4094 6442
384 426 446 480 Η
1326 427 1715 489 GEORGIUS
1763 427 2100 488 CYPRIUS
2147 427 2263 487 ΟΡ.
2312 428 2843 489 PATRIARCHA.
3714 431 3774 491 12

376 549 746 625 ἆλλαξάμενον
791 555 1001 628 σχῆμα·
1043 554 1189 622 πλὴν
1240 554 1347 630 οὐχ
1400 555 1487 608 ὑπ’
1535 553 1752 617 οὐδενὸς
1800 560 1906 609 τῶν
1959 557 2221 610 ἁπάντων*
2251 550 2509 611 ἐϐούλετο
2559 558 2659 625 τήν
2692 556 3032 633 χειροθεσίαν
3083 556 3242 613 αὐτὸν
3286 556 3568 634 εἰληχέναι
3599 558 3777 618 ὁπόσοι

378 645 439 715 θῇ
484 646 581 696 τοῦ
638 638 911 717 δόγματος
972 642 1293 716 καινοτομίᾳ
1349 647 1831 715 κεκοινωνήκεσαν,
1889 637 2017 700 ἀλλ’
2074 646 2149 706 ὡς
2207 645 2575 714 ἀκοινώνητον
2632 647 2818 701 ὲαῦτὸν
2870 649 3278 723 συνετήρησεν,
3367 647 3445 709 ὡς
3484 646 3776 704 κινυνεύειν

402 735 610 793 ντεῦθεν
665 728 943 807 βραδύνειν
986 732 1054 787 τὰ
1098 739 1198 801 τῆς
1250 731 1516 802 σπουδῆς.
1568 729 1896 809 Προεϐλήθη
1958 732 2139 805 μέντοι
2190 735 2336 811 παρὰ
2383 738 2482 789 τοῦ
2535 733 2803 808 βασιλέως
2857 735 2990 808 μετὰ
3037 735 3136 798 τὰς
3162 738 3400 813 ψήφους,
3452 736 3541 791 καὶ
3589 757 3779 811 μαρτυ-

377 817 495 907 ρίας
551 820 647 879 τὰς
711 818 1057 897 ὀφειλούσας,
1114 821 1203 875 καὶ
1264 823 1364 890 τήν
1419 823 1779 895 ποιμαντικήν
1835 816 2032 897 ῥάϐδον
2092 820 2177 876 ἐπὶ
2232 828 2330 877 τοῦ
2395 821 2683 898 βασιλικοῦ
2744 824 2992 900 βήματος
3042 826 3188 900 παρὰ
3220 832 3322 894 τῆς
3364 829 3463 879 τοῦ
3520 825 3777 899 βασιλέως

377 905 590 985 εἰλήφει
651 908 859 983 χειρὸς,
917 910 1053 964 κατὰ
1105 908 1168 963 τὸ
1216 909 1385 965 πάλαι
1434 913 1701 985 κρατῆσαν
1754 908 1893 972 ἔθος.
1944 912 2042 965 Καὶ
2084 913 2149 980 ἦν
2197 908 2506 987 διενεργῶν,
2553 912 2642 966 καὶ
2696 908 2917 967 διοικῶν
2964 910 3102 967 ἔστιν
3150 913 3182 967 ἃ
3217 918 3326 968 τῶν
3371 917 3774 989 πατριαρχικῶν

378 993 599 1050 δικαίων
631 994 728 1051 ὅσα
757 995 863 1073 οὐχ
892 997 1193 1071 ἱερωσύνης
1237 994 1430 1054 ἐδεῖτο.
1481 1004 1627 1056 Erat
1679 1004 1867 1056 autem
1928 1004 1995 1055 tus

2161 1003 2313 1069 signi
2368 1003 2458 1056 vir
2510 1003 2801 1071 facundia,
2832 1018 2906 1057 ea;
2961 1004 3301 1073 imperatorii
3346 1004 3483 1058 cleri
3533 1002 3777 1074 collegio,

383 1085 638 1157 Georgius
670 1085 927 1157 Cyprius,
959 1089 1056 1158 qui
1081 1088 1360 1158 elegantes
1386 1086 1582 1144 Graeca
1633 1088 1973 1145 litteraturae
2025 1104 2305 1152 numeros,
2330 1093 2384 1144 et
2412 1089 2644 1145 Atticam
2690 1090 2851 1145 illam
2906 1090 3159 1159 linguam
3219 1089 3381 1160 longo
3399 1093 3523 1163 jam
3548 1096 3780 1162 tempore

378 1175 670 1231 oblivionis
698 1178 916 1246 gurgite
944 1175 1249 1231 demersam
1277 1178 1493 1247 ingenii
1537 1177 1881 1242 dexteritate,
1915 1193 1979 1232 ac
2007 1178 2288 1249 singulari
2312 1177 2493 1234 studio
2549 1181 2611 1233 in
2641 1178 2821 1234 lucem
2873 1179 3155 1250 produxit,
3188 1196 3259 1236 ac
3285 1184 3433 1236 velut
3486 1180 3554 1235 ab
3590 1181 3778 1251 inferis

377 1265 675 1319 revocavit.
708 1265 863 1319 Hunc
885 1280 1011 1318 cum
1039 1280 1151 1320 non
1180 1265 1261 1319 ita
1283 1264 1501 1335 pridem
1526 1267 1890 1321 monasticum
1918 1266 2169 1321 habitum
2197 1265 2486 1335 induisset,
2517 1269 2579 1322 in
2607 1269 2794 1323 animo
2812 1267 3062 1335 habebat,
3093 1272 3146 1323 et
3173 1268 3425 1326 studebat
3465 1271 3776 1338 imperator,

378 1352 448 1407 ad
474 1353 913 1423 patriarchicum
938 1354 1141 1409 solium
1168 1354 1423 1416 evehere;
1455 1371 1491 1409 a
1517 1356 1735 1411 nemine
1762 1364 1948 1410 tamen
1987 1370 2177 1410 eorum
2206 1356 2299 1410 illi
2348 1372 2547 1411 manus
2574 1358 2785 1427 imponi
2815 1356 3023 1413 volebat
3051 1359 3148 1428 qui
3174 1373 3377 1413 novum
3402 1356 3546 1413 illud
3591 1356 3779 1426 dogma

378 1442 624 1512 amplexi
649 1443 915 1511 fuissent:
948 1446 1009 1496 ut
1033 1443 1341 1513 periculum
1366 1447 1521 1511 esset,
1552 1459 1621 1498 ne
1649 1460 1739 1498 res
1791 1443 2005 1499 diutius
2033 1442 2383 1515 differretur.
2434 1436 2529 1498 Est
2557 1449 2748 1501 tamen
2777 1445 2846 1501 ab
2874 1446 3209 1518 imperatore
3231 1455 3351 1518 post
3375 1446 3557 1504 debita
3583 1446 3777 1518 suffra-

378 1531 493 1601 gia,
525 1538 578 1585 et
605 1531 921 1585 testimonia
975 1529 1330 1599 designatus,-
1361 1540 1414 1587 et
1461 1533 1737 1603 pastorale
1763 1532 1966 1604 pedum
2022 1534 2082 1588 in
2112 1534 2467 1604 imperatorio
2492 1538 2769 1604 suggestu,
2798 1536 2971 1591 veteri
3022 1551 3178 1591 more
3203 1537 3272 1591 ab
3306 1537 3635 1607 imperatore
3658 1550 3777 1607 por-

378 1626 604 1685 rectum,
636 1620 857 1688 accepit.
889 1619 1127 1675 Proinde
1180 1620 1411 1691 negotiis
1464 1621 1731 1689 intentus,
1763 1621 2141 1692 patriarchica
2175 1622 2331 1694 jura,
2365 1636 2490 1694 quae
2542 1638 2670 1679 cum
2720 1622 3021 1680 sacerdotio
3069 1624 3215 1679 nihil
3241 1625 3597 1696 conjunctum
3631 1622 3783 1680 habe-

380 1707 536 1779 bant,
562 1706 1007 1762 administrabat.
1035 1707 1114 1764 De
1144 1708 1266 1778 ejus
1313 1708 1695 1779 patriarchalu
1742 1709 2167 1778 Pachymerius,
2204 1710 2281 1766 lib
2311 1727 2427 1765 vn:
2460 1711 2627 1782 Eligit
2680 1712 2741 1766 in
2765 1704 3145 1783 patriarcham
3201 1711 3497 1783 Georgium
3523 1729 3555 1768 e
3588 1712 3778 1784 Cypro,

380 1797 660 1853 hominem
703 1796 1015 1868 eloquentia
1060 1797 1385 1866 enutritum,
1417 1814 1453 1852 a
1507 1797 1744 1869 Josepho
1808 1800 2134 1869 patriarcha
2210 1798 2552 1866 ordinatum,
2608 1803 2662 1854 et
2715 1800 2984 1871 dignitate
3037 1802 3493 1874 protapostotarii
3544 1803 3607 1857 in
3634 1803 3782 1873 regia

376 1888 726 1955 insignitum.
751 1885 812 1939 In
842 1884 938 1941 hoc
967 1886 1139 1940 etiam
1166 1887 1470 1958 Josephitas
1496 1903 1569 1942 ea:
1622 1887 1983 1954 ordinatione,
2015 1897 2076 1943 ut
2102 1887 2411 1956 videbatur,
2442 1890 2552 1945 sibi
2580 1889 2882 1945 concilium
2906 1908 2921 1959 ;
2979 1891 3295 1947 Arsenoitas
3351 1907 3477 1949 vero
3504 1892 3646 1963 quod
3673 1907 3778 1947 non

375 1977 463 2030 uti
489 1977 843 2031 constituerat
865 1975 1144 2045 Iosephus,
1176 1977 1238 2030 in
1269 1977 1520 2031 Ecclesia
1546 1978 1673 2048 ﬁeri
1690 1979 2048 2048 permitteret.
2077 1979 2145 2032 Et
2175 1979 2533 2050 Ephraemius
2555 1980 2616 2034 in
2647 1978 2931 2035 Chronico
2955 1995 2968 2032 :

598 2113 767 2195 ῌέλιν
799 2115 1000 2195 ξΙωσῄφ
1027 2110 1407 2195 ἀπολαμβάνει
1427 2116 1646 2195 ’θρόνον-
1670 2187 1681 2195 ²
2281 2115 2759 2195 Ἐλθὼνμκατοικεῖ
2785 2118 2933 2195 πρὸς.
2950 2117 3113 2195 ⁸τεόλιν
3142 2119 3567 2195 Κωνσταντίνου.

595 2184 774 2263 Οὗπερ
804 2183 1060 2263 λιπόντος
1078 2186 1170 2240 τὸν
1208 2183 1323 2263 βίον
1354 2187 1443 2241 καὶ
1466 2183 1567 2259 ξτὸν
1587 2187 1795 2263 θρόνον,
2282 2187 2448 2263 ᾼύτὸν
2479 2186 2536 2244 δὲ
2569 2183 2881 2263 μαθήμασιν
2915 2188 3100 2263 ἐνδοὺς
3131 2190 3219 2263 καὶ
3252 2191 3437 2254 πόνοις

596 2257 773 2339 Σοφός
801 2277 884 2319 τις
912 2258 1048 2339 ανὴρ
1083 2257 1386 2339 ξρηγόριος
1420 2257 1714 2339 Κυπρόθεν,
1782 2257 1789 2261 ’
2281 2260 2506 2339 Ἁφῖκτο
2540 2257 2677 2339 πρὸς
2702 2257 2852 2339 ⁷μέγα
2880 2283 2931 2315 τι
2961 2259 3208 2325 παιδείας
3244 2263 3428 2339 βάθος.

595 2328 771 2411 ῥόγον
802 2332 979 2406 σοφῶν
1005 2328 1294 2411 Patinam;
1309 2334 1521 2411 μουσιξιν
1542 2328 1724 2411 ξέστία,
2274 2328 2413 2411 Εἶτα
2438 2328 3014 2411 καταστὰςγνῴριμος
3043 2328 3388 2411 πεφηᾴόρφ,

596 2396 700 2481 lite.
721 2396 1073 2481 πατρίαρχῶν
1108 2396 1430 2481 ἀνεϐιϐάσθη
1456 2399 1674 2481 ,Θρόνοῃ
1711 2396 1721 2402 ’
2271 2403 2373 2481 Καὶ
2400 2396 2999 2481 σψταγείςκλήρῳέγε
3025 2409 3125 2481 τρῦ
3147 2396 3425 2481 ’παλᾲτίὸυ

596 2418 689 2461 hic
721 2418 1073 2525 adspicit)?ng
1108 2418 1430 2471 ανεοιοασυη
1464 2418 1674 2477 υρονον,
2276 2418 2373 2456 nat
2400 2418 2676 2478 συνταγεις
2707 2418 2904 2479 κλήρῳ
2934 2424 2999 2479 γε
3025 2418 3125 2481 τρυ
3155 2418 3390 2461 παΛατίο

595 2474 776 2562 "Panic
807 2490 945 2562 πατρ
964 2489 1087 2562 ρος,
1118 2472 1208 2557 καὶ
1238 2479 1514 2561 grai-pini];
1543 2472 1718 2561 οἰκίας
2266 2474 2602 2562 ς’-ᾼρχιθύτης
2632 2476 2834 2562 πέῩηνε
2863 2476 2963 2562 τῆς
2993 2476 3390 2562 Ιξωνσταντίνου

596 2543 791 2633 Φυγέις,
814 2541 1053 2633 ὑπάρξας
1082 2547 1209 2603 παῖς
1232 2541 1318 2633 ἔτι
1348 2541 1452 2597 που
1479 2544 1765 2633 τυγχάνων
2266 2541 2348 2600 Τὸξ
2369 2541 2478 2600 τ’ὧν
2514 2541 2775 2622 μοναχῶν
2800 2541 2929 2623 πρὶν
2957 2545 3251 2621 τελεσθεὶς,
3285 2549 3360 2612 ὡς
3393 2541 3529 2609 ἔθος.

595 2611 937 2676 Παίδεύσεως
967 2611 1127 2689 ἔρωτι
1157 2614 1249 2668 καὶ
1282 2611 1625 2687 μαθημάτων

380 2776 615 2830 Rursum
642 2774 899 2846 Iosephus
927 2774 1185 2830 thronum
1236 2777 1453 2846 recipit,
1479 2778 1531 2830 et
1559 2791 1683 2830 cum
1738 2776 1913 2831 vitam
1967 2775 2332 2847 thronumque
2386 2777 2742 2848 deposuisset,
2782 2780 3001 2849 sapiens
3028 2779 3258 2850 quidam
3284 2781 3375 2833 vir
3402 2778 3703 2849 Gregorius
3727 2795 3795 2837 ea:

376 2867 577 2935 Cypro,
608 2879 919 2918 sermonum
976 2866 1282 2935 sapientum
1310 2865 1589 2928 alumnus,
1619 2868 1673 2919 et
1726 2866 2007 2920 Musarum
2050 2867 2388 2931 sacrarium,
2421 2868 2482 2920 in
2535 2865 2796 2923 thronum
2850 2866 3286 2938 patriarchalem
3331 2866 3601 2933 evehitur,
3636 2871 3733 2941 qui
3762 2887 3796 2927 a

378 2955 566 3025 prima
594 2960 760 3009 aetate
787 2953 975 3024 patria
1028 2961 1364 3024 paternaque
1392 2954 1550 3008 domo
1602 2955 1847 3009 extorris
1895 2952 2225 3009 eruditionis
2253 2969 2317 3009 ac
2369 2954 2762 3010 mathematum
2811 2971 2996 3011 amore
3047 2957 3313 3026 ﬂagrans,
3345 2955 3417 3011 ad
3447 2955 3796 3013 Constantini

384 3042 575 3097 urbem
600 3058 657 3097 se
685 3043 875 3112 recipit
894 3058 914 3101 ;
944 3043 1058 3107 ubi,
1089 3041 1404 3113 disciplinis
1432 3046 1483 3098 et
1514 3042 1788 3098 laboribus
1811 3042 2043 3111 deditus,
2077 3044 2140 3098 in
2168 3057 2429 3113 magnum
2456 3045 2750 3115 sapientiae
2793 3044 3011 3100 culmen
3038 3048 3304 3116 pervenit.
3344 3044 3590 3101 Tandem
3615 3046 3794 3118 impe-

384 3132 562 3186 ratori
591 3131 850 3196 innotuit,
883 3135 939 3184 et
975 3130 1115 3185 clero
1144 3131 1344 3201 palatii
1370 3133 1660 3202 ascriptus,
1690 3132 1897 3202 praesul
1931 3131 2565 3203 Constantinopolitanus
2610 3133 2873 3203 efﬁcitur,
2901 3147 3030 3188 cum
3051 3134 3234 3205 prius,
3266 3137 3325 3188 ut
3356 3135 3528 3190 moris
3553 3141 3654 3203 est,
3684 3151 3794 3191 mo-

384 3220 657 3274 nasticam
693 3218 940 3273 habitum
970 3217 1254 3274 induisset.
1288 3220 1433 3274 Hinc
1462 3219 1605 3274 mira
1633 3220 1857 3289 Georgii
1910 3220 2193 3291 Pbranzae,
2236 3220 2334 3274 lib.
2367 3237 2407 3285 ι,
2438 3235 2564 3289 cap.
2593 3221 2649 3289 7,
2672 3222 2968 3277 oscitantis
2994 3222 3498 3280 animadvertenda
3547 3231 3652 3291 est,
3697 3223 3793 3294 qui

385 3308 446 3363 in
476 3307 619 3362 serie
651 3307 1099 3378 patriarcharum
1129 3306 1350 3362 nullum
1385 3307 1536 3362 hunc
1566 3307 1895 3377 Gregorium
1929 3308 2133 3378 posuit,
2168 3308 2264 3363 sed
2303 3306 2538 3364 scribit:
2574 3309 2799 3364 Veccum
2823 3311 3199 3381 patriarcham
3227 3310 3482 3367 suasede
3509 3310 3796 3384 depulsum

383 3395 678 3451 monachus
707 3394 932 3466 quidam
960 3394 1298 3449 Athanasius
1353 3396 1574 3449 nomine
1628 3396 1857 3465 excepit.
1891 3396 2051 3461 Quod
2083 3395 2303 3451 homini
2361 3396 2529 3452 rebus
2569 3398 2934 3454 saecularibus
2989 3398 3230 3465 intento,
3262 3413 3369 3455 nec
3396 3399 3796 3457 ecclesiasticis

386 3484 630 3539 multum
659 3483 870 3553 dedito,
902 3484 1039 3552 quin
1096 3481 1425 3537 infortuniis
1470 3497 1537 3537 ac
1567 3482 1718 3537 mala
1746 3482 2070 3539 valetudine
2124 3485 2320 3551 fracto,
2352 3485 2629 3542 excidisse
2658 3485 2741 3542 nil
2790 3486 3020 3542 mirum.
3067 3487 3383 3544 Aristotelis
3435 3487 3803 3560 Platonisque

386 3572 609 3643 scriptis
656 3571 1129 3641 addictissimum,
1161 3587 1347 3643 neque
1388 3571 1447 3625 iu
1500 3570 1615 3625 illis
1646 3571 1971 3626 excolendis
2027 3571 2213 3627 oleum
2261 3581 2355 3627 aut
2410 3589 2641 3645 operam
2702 3576 3031 3645 perdidisse,
3085 3575 3250 3631 tradit
3277 3579 3528 3632 Joannes
3554 3575 3798 3646 Veccus,

384 3669 523 3717 orat.
550 3661 728 3730 prima
781 3661 849 3714 ad
888 3661 1356 3715 Constantinum:
1392 3662 1514 3720 Πῶς
1548 3659 1611 3712 τὸ
1671 3656 2001 3734 Ἀριστοτελι

2189 3702 2191 3709 τ
2238 3660 2327 3714 καὶ
2389 3659 2602 3736 μεγάλα
2632 3661 2884 3717 Πλάτωνι
2970 3662 3409 3739 ἐγκαυχώμενον.
3443 3665 3511 3720 At
3565 3682 3806 3737 quanam

385 3751 601 3805 ratione
628 3749 1039 3803 Aristotelicum
1097 3752 1168 3814 te,
1200 3752 1252 3802 et
1292 3750 1535 3803 maxime
1591 3748 1655 3804 ob
1707 3749 2002 3815 Platonem1

2192 3750 2455 3805 bundum.
2489 3752 2584 3807 Et:
2622 3750 2683 3804 Εἰ
2720 3752 2793 3824 μή
2849 3750 2956 3806 πού
2983 3772 3066 3813 τις
3100 3748 3558 3825 Ἀριστοτελικοῖς
3614 3763 3804 3816 πειθο-

390 3856 549 3909 μενος
583 3832 842 3909 δόγμασιν
901 3835 1087 3888 ὁποῖον
1146 3833 1303 3888 αὐτόν
1336 3855 1393 3888 σε
1422 3834 1550 3889 εἶναι
1585 3833 1739 3911 λόγοι
1788 3840 2007 3911 παριστῦ

2191 3881 2193 3887 ,
2254 3837 2359 3895 σοί.
2394 3840 2517 3895 Nisi
2545 3843 2671 3911 quis
2700 3842 3065 3898 Aristotelicis
3091 3843 3249 3897 nisus
3294 3842 3534 3912 placitis,
3588 3843 3808 3915 qualem

385 3931 439 3982 te
495 3926 972 3981 commentationes
999 3930 1117 3981 tuae
1172 3926 1571 3981 demonstrant.
1626 3925 1995 3998 Puchymeres
2023 3927 2095 3983 de
2146 3927 2268 3995 ejus
2326 3937 2524 3993 morte,
2556 3928 2657 3984 lib.
2687 3948 2787 3987 vui
2843 3932 3005 3998 Hist.,
3039 3946 3162 4002 cap.
3215 3931 3318 3987 16:
3350 3928 3568 3983 Τούτων
3627 3928 3803 3991 οὕτως

385 4012 623 4088 ἐχόντων
675 4013 702 4066 ὁ
763 4014 857 4084 μὲν
910 4010 1344 4087 πατριαρχεύσας
1401 4013 1699 4088 Γρηγόριος
1756 4012 1898 4085 νόσῳ
1954 4011 2298 4090 πολυημέρῳ
2344 4017 2744 4092 κατεργασθεὶς,
2799 4018 2874 4080 ὡς
2919 4014 2977 4072 δέ
3016 4037 3156 4079 τινες
3207 4014 3416 4092 ἔλεγον,
3446 4017 3538 4072 καὶ
3571 4014 3662 4073 διὰ
3702 4019 3808 4086 τὴν

385 4102 682 4178 παρόρασιν
710 4098 769 4154 ἐκ
802 4100 1167 4177 μικροψυχίας
1204 4102 1318 4173 μετ’
1366 4100 1429 4154 οὐ
1480 4101 1625 4156 πολὺ
1672 4100 1897 4172 τελευτᾷ
1939 4103 2032 4156 τὸν
2086 4102 2222 4178 βίον.
2274 4103 2372 4157 Καὶ
2420 4105 2484 4159 τὸ
2537 4104 2632 4177 μὲν
2678 4103 2730 4159 ἐν
2760 4102 3111 4179 ψαλμῳδίαις
3150 4108 3368 4169 θάπτειν
3393 4107 3530 4162 κατὰ
3555 4107 3621 4161 τὸ
3652 4106 3803 4168 εἰκὸς

388 4188 615 4261 ἐδίδουν,
646 4190 709 4244 τὸ
740 4186 797 4243 δὲ
827 4190 900 4250 ὡς
952 4187 1227 4264 ἀρχιερέα,
1282 4189 1463 4265 ὥσπερ
1515 4188 1580 4259 δὴ
1633 4190 1876 4252 κάκεῖνος
1929 4188 2065 4263 ᾤετο
2111 4192 2209 4259 τήν
2257 4191 2553 4267 ἱερωσύνην
2598 4192 2992 4271 παρακατέχων
3052 4193 3285 4269 συχνοὺς
3331 4195 3359 4248 ὁ
3405 4198 3618 4271 κρατῶν
3658 4194 3801 4249 ἀπο-

387 4277 629 4334 στέλλων
684 4275 935 4353 ἀπέλεγε,
992 4277 1081 4332 καὶ
1263 4277 1551 4352 αὐτανεψιᾷ
1606 4277 1933 4348 ἐπέσκηπτεν
1991 4278 2305 4350 ἐπιτάττων,
2359 4279 2482 4349 ἥτις
2536 4284 2602 4350 ἧν
2648 4284 2684 4351 ἡ
2734 4280 3072 4354 Ῥαούλαινα,
3125 4282 3200 4355 μὴ
3242 4303 3295 4337 τι
3339 4286 3590 4338 τοιοῦτον
3618 4280 3805 4337 ἐπιτε-

390 4366 524 4440 λεῖν,
556 4367 586 4420 ’ὁ
615 4363 683 4435 δὴ
716 4366 805 4420 καὶ
829 4364 1054 4440 γίνεται.
1077 4367 1203 4422 Haec
1231 4384 1356 4422 cum
1384 4370 1468 4423 ita
1494 4384 1550 4423 se
1602 4369 1882 4433 haberent,
1914 4370 2007 4426 Gre

2190 4386 2227 4435 ς,
2261 4371 2359 4441 qui
2411 4375 2539 4427 ante
2591 4373 2925 4441 patriarcha
2950 4375 3156 4444 fuerat,
3188 4372 3375 4429 morbo
3416 4372 3633 4429 diutino
3670 4389 3807 4429 con-

389 4460 580 4529 fectus,
611 4466 669 4512 at
697 4472 822 4512 vero
868 4457 1126 4511 nonnulli
1153 4456 1421 4525 dicebant,
1476 4457 1621 4528 quod
1667 4460 1946 4513 contemni
1972 4474 2032 4513 se
2081 4458 2310 4525 videret,
2342 4475 2414 4513 ex
2439 4460 2902 4530 pusillanimitate
2927 4477 3039 4517 non
3066 4463 3241 4517 multo
3270 4470 3393 4533 post
3437 4463 3611 4518 vitam
3656 4461 3806 4532 ﬁnit,

391 4555 440 4602 et
470 4547 617 4616 iusta
644 4547 756 4610 illi,
786 4547 872 4600 uti
894 4562 1002 4615 par
1029 4548 1166 4614 erat,
1193 4561 1317 4600 cum
1346 4547 1577 4601 canticis
1604 4547 1733 4616 fieri
1754 4533 2139 4617 concedebant,
2169 4550 2225 4602 at
2252 4562 2365 4602 non
2392 4556 2454 4603 ut
2488 4549 2763 4619 pontiﬁci,
2797 4549 3264 4621 quemadmodum
3308 4549 3407 4606 ille
3433 4550 3809 4622 opinabatur,

389 4633 770 4706 pontificatum
797 4634 907 4688 sibi
950 4633 1257 4700 vindicans,
1287 4636 1475 4705 sapius
1532 4637 1836 4707 imperator
1890 4637 2113 4691 nuntios
2160 4638 2381 4692 mittens
2434 4638 2817 4705 interdicebat,
2849 4654 3069 4711 sumque
3125 4641 3298 4710 nepti,
3328 4654 3446 4711 quae
3475 4647 3614 4707 erat,
3655 4640 3810 4695 Rau-

392 4725 561 4793 taena,
588 4738 658 4777 ne
684 4722 817 4794 quid
843 4727 1035 4777 contra
1069 4725 1319 4790 tentaret,
1352 4723 1619 4778 mandans
1660 4724 1918 4792 iusserat,
1969 4725 2120 4796 quod
2148 4728 2200 4780 et
2245 4732 2454 4796 factum
2497 4729 2596 4782 est.
2631 4730 2695 4780 Et
2753 4727 2972 4782 dixerat
3000 4729 3071 4784 de
3127 4728 3324 4783 eodem
3354 4743 3524 4798 supra
3551 4742 3674 4800 cap.
3710 4743 3810 4784 ix:

393 4809 492 4865 Καί
523 4831 585 4884 γε
611 4814 689 4882 τῷ
731 4817 831 4879 τῆς
879 4811 1201 4885 Ἀριστηνῆς
1254 4808 1528 4885 μονυδρίῳ
1578 4810 1816 4887 ἐχόμενά
1862 4833 1967 4866 που
2012 4810 2248 4885 κειμένῳ
2290 4819 2391 4881 τῆς
2435 4817 2534 4867 τοῦ
2580 4812 2738 4889 ἁγίου
2768 4811 3044 4892 Ἀνδρέου,
3076 4819 3174 4870 τοῦ
3199 4813 3251 4869 ἐν
3277 4817 3346 4888 τῇ
3380 4814 3563 4891 Κρίσει
3601 4820 3813 4888 μονῆς,

392 4898 502 4954 ἐκεῖ
567 4898 669 4974 γὰρ
736 4901 771 4968 ἡ
839 4894 1369 4976 πρωτοϐεστιάρισσα
1432 4900 1749 4956 Ῥαούλαινα
1812 4909 2037 4977 συνῆγεν
2100 4899 2151 4971 ἐξ
2219 4901 2417 4971 ἑαυτῆς
2477 4902 2889 4976 περιθάλπουσα
2949 4905 3019 4959 τὰ
3084 4902 3322 4980 μεγάλα,
3382 4902 3561 4981 φέρων
3620 4904 3817 4959 ἑαυτὸν

393 4985 637 5043 δίδωσιν.
666 4990 732 5044 Et
788 4991 848 5043 in
878 4989 1148 5045 Aristenes
1205 4993 1604 5047 monasterium
1656 5008 1765 5048 non
1798 4993 1955 5064 longe
2011 5010 2046 5047 a
2074 4992 2130 5047 S.
2189 4992 2435 5063 Andrew,
2495 4993 2636 5064 quod
2688 4996 2749 5049 in
2798 4994 2938 5050 Crist
2969 5000 3071 5062 est,
3101 4995 3456 5061 monasterio,
3484 4996 3653 5050 situm
3672 5010 3693 5055 ,·
3727 4994 3819 5049 ibi

389 5080 540 5133 enim
567 5078 1037 5148 protovestiarissa
1069 5079 1329 5135 Raulsena
1382 5081 1452 5135 de
1473 5096 1570 5135 suo
1623 5081 1811 5151 fovens
1860 5081 2273 5150 opulentissime
2341 5090 2645 5153 exceperat,
2677 5098 2793 5138 sese
2836 5082 3036 5139 dedens
3086 5084 3389 5155 proripuit.
3420 5081 3655 5153 Scripsit
3683 5081 3820 5152 ple,

390 5181 563 5236 raque
594 5166 653 5220 in
686 5165 843 5220 omni
876 5182 1081 5235 genere
1108 5166 1495 5223 scientiarum.

464 5255 515 5308 1.
550 5253 710 5308 Illius
765 5254 916 5309 edita
971 5263 1123 5320 sunt,
1178 5255 1480 5328 Ἐγκώμιον
1541 5254 1617 5317 εἰς
1671 5257 1769 5325 τήν
1828 5255 2081 5311 θάλασσαι

2206 5254 2262 5312 I'r’
2320 5256 2411 5311 οὗν
2445 5257 2521 5320 εἰς
2568 5259 2666 5327 τὴν
2723 5263 2822 5314 τοῦ
2878 5256 3071 5321 ὕδατος
3129 5257 3309 5337 φύσιν.
3365 5259 3688 5315 Encomium
3747 5258 3823 5313 in

394 5358 565 5410 mare,
597 5344 708 5397 sive
765 5343 825 5396 in
854 5344 1169 5397 universam
1206 5361 1485 5416 aquarum
1540 5352 1827 5403 naturam.
1869 5347 2063 5404 Graece
2090 5366 2121 5402 a
2173 5347 2572 5405 Bonaventura
2606 5349 2880 5406 Vulcania
2930 5367 3061 5408 cum
3121 5347 3316 5405 libello
3372 5345 3691 5404 Aristotelis
3727 5348 3824 5400 De

390 5432 615 5498 mundo,
667 5430 928 5501 Lugduni
976 5431 1316 5489 Batavorum
1372 5437 1521 5506 apud
1575 5437 2048 5509 Raphelengium,
2082 5436 2240 5505 1591,
2304 5438 2364 5492 in
2416 5437 2471 5493 8.
2503 5437 2764 5494 Meminit
2817 5438 2973 5495 illius
3024 5438 3085 5494 in
3132 5436 3480 5494 Bibliotheca
3531 5433 3826 5491 Robertus

393 5520 822 5576 Constantinus.

462 5612 516 5662 2.
551 5609 849 5663 Proverbia
880 5610 1045 5663 abeo
1079 5609 1135 5665 in
1194 5628 1366 5665 unum
1420 5612 1677 5684 collecta,
1710 5622 1763 5669 et
1792 5614 1991 5670 ordine
2048 5615 2402 5684 alphabetico
2460 5616 2675 5685 digesta
2734 5615 2925 5672 Graece
2979 5632 3109 5672 cum
3169 5614 3457 5671 Paraemiis
3504 5609 3818 5668 Michaelis

391 5698 724 5770 Apostoliia
775 5698 935 5756 Petro
995 5701 1234 5756 Paulino
1296 5702 1489 5757 Latine
1531 5703 1712 5760 versis
1764 5703 2021 5774 Lugduni
2072 5704 2404 5762 Batavorum
2458 5706 2607 5777 apud
2663 5704 2996 5774 Elzevirum,
3048 5705 3207 5777 1619,
3230 5704 3292 5761 in
3339 5703 3393 5758 4.
3449 5700 3526 5758 Ea
3577 5708 3819 5759 exstare
