4094 6488
381 486 456 545 ,3
1925 480 2263 541 NOTlTlA.
3714 494 3788 551 it

381 616 522 672 dicit
549 617 612 672 in
641 612 992 670 bibliotheca
1022 611 1286 668 Vaticana
1316 610 1620 668 Gesnerus.
1669 611 1780 667 Sed
1839 611 2067 679 fallitur,
2114 629 2246 668 cum
2306 615 2492 683 haeret,
2525 634 2597 672 an
2645 617 2841 673 eadem
2871 619 2985 674 sint
3031 634 3156 688 quae
3183 620 3362 677 Aldus
3390 637 3522 679 eum
3579 623 3792 681 Graecis

385 705 576 774 EsOpi
610 702 834 757 Fabulis
866 700 1006 758 olim
1065 699 1369 770 impressit.
1404 703 1546 754 Sunt
1577 700 1731 755 enim
1790 701 2028 770 diversa,
2061 703 2345 772 pauciora,
2397 705 2830 772 detruncatiora,
2863 713 2916 761 et
2968 708 3200 764 fortasse
3231 725 3346 764 non
3409 710 3568 767 multi
3599 713 3788 783 pretii.

385 794 656 849 Bobertus
680 791 1099 847 Constantinus
1126 788 1187 844 in
1217 789 1474 844 Biblioth.
1507 790 1714 857 Cyrum
1746 789 1883 844 mira
1912 789 2208 845 oscitantia
2232 792 2379 856 fecit,
2412 792 2718 862 Graegorius
2750 795 2922 866 Cyrus
2949 797 3253 853 Parzmias
3282 802 3513 856 Graecas.

455 883 583 946 Eius
611 880 904 936 sententia
965 878 1171 935 Graecae
1210 879 1439 933 seorsim
1464 879 1526 932 in
1581 886 1762 933 octavo
1820 878 2066 935 Colonia:
2119 894 2336 936 excusse
2390 897 2535 936 anno
2585 883 2741 937 1536.
2775 884 3030 954 Epitome
3083 886 3446 956 Gesneriana,
3479 905 3603 960 quae
3659 891 3794 950 item

386 973 572 1042 tradit,
602 969 859 1041 Gregorii
889 983 1062 1037 opera
1087 967 1284 1022 Latine
1314 982 1471 1022 versa
1502 967 1678 1022 fuisse
1706 984 1739 1021 a
1771 968 2160 1023 Bonaventura
2193 967 2491 1037 Vulcanio,
2521 971 2580 1026 ni
2611 971 2753 1026 fallit
2783 987 2908 1027 nos.
2943 973 3160 1029 Inedita
3181 983 3332 1032 sunt.
3762 1029 3767 1034 .

449 1059 794 1116 Encomium
824 1058 882 1111 in
915 1056 1200 1125 Georgium
1241 1056 1563 1126 logothctam
1612 1056 1987 1126 Acr0politam
2033 1057 2278 1113 habuere
2321 1064 2537 1129 Dousae,
2601 1076 2671 1116 ex
2721 1076 2830 1130 quo
2866 1058 3318 1135 ἀποσπασμάτιον
3373 1081 3502 1122 cum
3549 1069 3798 1141 Acropo-

383 1151 480 1206 lita
513 1148 755 1218 Georgio
785 1144 1090 1202 ediderunt
1118 1142 1282 1214 (c-d).
1315 1143 1540 1200 Utinam
1572 1150 1756 1199 totum
1786 1145 2097 1200 edidissent
2123 1143 2136 1198 l

451 1237 682 1293 Fabulae
713 1234 993 1290 habentur
1019 1235 1080 1288 in
1110 1231 1454 1288 bibliotheca
1487 1233 1768 1302 Bavarica,
1802 1235 1926 1288 cod.
1951 1234 2044 1288 66.

452 1327 722 1398 Epistolas
761 1321 924 1378 CCIII
969 1321 1043 1393 (e)
1089 1321 1294 1391 partim
1343 1321 1586 1390 scriptae,
1644 1327 1945 1390 antequam
1995 1337 2142 1377 onus
2185 1322 2596 1393 patriarchatus
2643 1327 2998 1397 suscepisset,
3049 1329 3253 1398 partim
3299 1340 3596 1403 postquam
3647 1335 3799 1392 illius

381 1433 518 1473 cura
545 1415 656 1486 ipsi
686 1411 999 1470 commissa
1029 1408 1154 1475 fuit,
1187 1409 1250 1466 in
1304 1408 1647 1464 bibliotheca
1686 1409 1919 1466 Antonii
1975 1411 2280 1480 Augustini
2336 1413 2463 1467 cod.
2519 1412 2610 1468 69.
2670 1414 2952 1486 Erantque
2980 1415 3040 1472 in
3074 1417 3340 1485 Lolliana,
3398 1429 3452 1476 et
3511 1422 3798 1482 Monachii

381 1504 652 1571 Bavariaa,
687 1501 786 1558 sed
825 1500 950 1555 sine
979 1497 1176 1553 titulis.
1203 1498 1262 1552 In
1295 1497 1668 1553 Ambrosiana
1698 1497 1963 1567 leguntur
1992 1497 2222 1554 CLXVI.

451 1593 766 1666 Ἑγιώμιον
798 1587 874 1648 εἷς
903 1586 994 1639 τὸν
1027 1586 1174 1659 ἅγιον
1209 1583 1478 1638 Διονύσιον
1501 1584 1591 1638 τὸν
1615 1584 2029 1660 Ἀρεοπαγίτην.
2062 1626 2068 1641 ι

2172 1589 2386 1643 εοτηὶαγη
2414 1590 2494 1644 in.
2528 1589 2582 1644 S.
2613 1591 2940 1662 Dyonisium
2988 1593 3390 1666 Acropagitam.
3449 1597 3509 1652 P.
3573 1599 3634 1651 Ἥ
3697 1599 3789 1672 μὲν

377 1681 634 1756 πρόθεσις
682 1682 764 1749 τῷ
817 1675 970 1750 λόγῳ
1026 1670 1224 1743 δικαια,
1257 1675 1292 1742 ἡ
1346 1669 1403 1727 δὲ
1458 1671 1800 1748 ἐπιχείρησις
1855 1672 2132 1750 τολμηρά.
2189 1682 2564 1732 Διασκοπεῖται
2619 1680 2720 1754 γὰρ
2770 1679 3051 1734 Διονυσίου
3091 1687 3188 1736 τοῦ
3226 1682 3365 1738 πάνυ
3412 1685 3502 1739 τὸν
3555 1669 3790 1758 ἔπαινον,

379 1778 447 1831 ιιι
478 1770 833 1829 bibliotheca
858 1762 1229 1821 Vallicellana
1255 1767 1320 1818 D.
1351 1763 1442 1833 23,
1475 1770 1530 1819 et
1550 1763 1819 1830 Palatina,
1852 1765 2046 1821 codice
2069 1765 2196 1819 374.

447 1859 890 1930 Descriptionem
907 1856 957 1910 et
987 1851 1308 1908 Encomt'um
1333 1852 1485 1907 urbis
1516 1851 2064 1923 Constantinopolitar

2199 1855 2337 1910 Eam
2389 1855 2651 1912 habuisse
2701 1859 2759 1913 in
2803 1856 3117 1931 κειμηλίοις
3175 1862 3294 1918 suis
3341 1863 3794 1924 Bonaventuram

374 1949 730 2008 Vulcanium
765 1945 929 2001 refert
957 1942 1283 1998 Theodorus
1313 1940 1499 1997 Dousa
1529 1939 1687 1998 Notis
1708 1941 1780 1996 ad
1812 1941 2134 1998 Chronicon
2167 1942 2388 2014 Georgii
2424 1945 2737 2016 logothetae.

448 2038 644 2111 Cyprii
686 2032 1023 2106 patriarchae
1053 2029 1662 2100 ConstantinOpolitani
1695 2029 1875 2085 oratio
1917 2031 1981 2086 in
2038 2030 2332 2101 Georgium
2389 2037 2718 2104 martyrem,
2778 2037 2840 2090 in
2894 2038 3218 2109 Dionysium
3273 2039 3677 2114 Aeropagitam,
3735 2047 3798 2099 in

375 2130 664 2188 [urinam
706 2125 1026 2192 martyrem,
1059 2122 1120 2174 in
1151 2117 1205 2173 S.
1240 2118 1596 2189 Euthymium
1643 2119 1954 2190 episcopum
2002 2120 2385 2191 Madytenum,
2438 2124 2497 2176 in
2545 2124 2917 2181 Andronicum
2963 2128 3334 2198 Palaeologum
3381 2131 3790 2203 imperatorem.

371 2224 464 2290 (In
491 2213 774 2279 Palatina,
796 2211 921 2268 cod.
962 2208 1108 2275 372;
1143 2207 1418 2263 Freherus
1446 2207 1508 2262 in
1539 2207 1938 2278 Chronologia,
1967 2224 2121 2265 anno
2155 2210 2335 2281 1283).
2369 2209 2508 2266 Sunt
2534 2215 2587 2267 et
2621 2213 2881 2269 Theoduli
2916 2215 3221 2287 cujusdam,
3275 2225 3327 2272 et
3379 2220 3578 2291 Cyprii
3613 2220 3794 2278 decla-

371 2309 646 2363 mationes
674 2299 1027 2370 panegyricis:
1054 2299 1118 2351 in
1166 2295 1312 2352 hunc
1367 2296 1741 2352 Andronicum
1797 2297 2114 2369 (Seniorem
2169 2315 2374 2369 nempe
2432 2299 2829 2373 Palaeologum,
2889 2305 2951 2359 in
3007 2305 3333 2362 bibliotheca
3376 2309 3681 2382 Palatina).
3731 2313 3795 2367 In

369 2394 706 2453 lichaelem
735 2392 868 2445 item
896 2389 1306 2457 imperatorem.
1340 2385 1636 2457 (Robertus
1665 2385 2073 2442 Constantinus
2102 2387 2160 2443 in
2182 2387 2559 2459 Bibliotheca).
2601 2389 2852 2460 Gregorii
2899 2394 3234 2462 patriarchae
3281 2396 3351 2451 de
3402 2397 3509 2452 vita
3553 2414 3673 2469 sua,
3741 2407 3795 2456 et

370 2484 634 2556 epistolae
661 2480 766 2534 166
797 2479 856 2532 in
887 2475 1280 2544 Ambrosiana,
1314 2474 1444 2530 licet
1471 2472 1640 2546 paulo
1671 2491 1842 2545 supra
1871 2476 1930 2530 in
1963 2475 2159 2530 eodem
2183 2475 2374 2533 Indice
2414 2478 2630 2548 legatur
2661 2496 2674 2534 :
2708 2478 2955 2551 Gregorii
3001 2481 3193 2554 Cyprii
3245 2485 3508 2555 Epistolas
3560 2488 3791 2544 selectae.

367 2572 540 2630 Aliud
572 2573 707 2625 item
736 2565 1035 2637 exemplar.
1061 2565 1193 2619 Item
1221 2563 1284 2619 de
1312 2565 1421 2618 vita
1449 2580 1552 2618 sua
1581 2564 1834 2634 Epistolze
1861 2579 2086 2619 numero
2117 2565 2240 2620 166.
2275 2566 2364 2621 An
2421 2582 2562 2636 opus
2614 2567 2720 2625 hoc
2778 2570 2848 2624 de
2895 2570 3009 2625 vita
3073 2571 3355 2629 diversum
3407 2581 3490 2630 est
3537 2575 3608 2632 ab
3667 2576 3794 2648 Epi-

366 2662 552 2725 stolis,
585 2658 677 2714 vel
708 2655 974 2726 Epistolis
1001 2653 1141 2722 ipsis
1160 2653 1332 2709 vitam
1365 2667 1522 2707 suam
1555 2650 1818 2722 eirprimit
1851 2656 1872 2707 ἓ
1901 2653 2042 2707 Mihi
2071 2653 2257 2709 adhuc
2280 2654 2560 2709 incertum
2589 2662 2690 2710 est.

435 2748 660 2818 Georgii
690 2743 882 2816 Cyprii
909 2745 1099 2796 contra
1128 2741 1356 2795 Beccum
1373 2741 1639 2796 Joannem
1668 2741 1857 2795 Tomus
1875 2742 2075 2794 sancta
2103 2740 2321 2812 synodi,
2351 2745 2464 2798 sive
2492 2743 2742 2800 columna
2797 2745 3154 2804 orthodoxiaz.
3216 2750 3292 2803 De
3339 2752 3642 2809 mensuris,
3705 2754 3779 2810 De

359 2839 486 2909 ﬁde.
519 2840 596 2894 De
624 2833 1096 2907 praedicamentis.
1126 2831 1279 2884 Hanc
1311 2829 1726 2900 inscriptionem
1755 2829 1872 2901 legi
1899 2829 1961 2883 in
1990 2832 2179 2885 Graeco
2211 2829 2462 2901 Catatogo
2493 2831 2832 2888 bibliothecae
2871 2835 3136 2890 Vaticanae
3163 2854 3185 2899 ;
3232 2854 3331 2894 nec
3367 2842 3505 2895 satis
3539 2842 3668 2911 scio,
3718 2859 3793 2897 αη

357 2931 555 2985 omnia
582 2925 655 2980 ad
684 2921 934 2978 eumdem
961 2927 1232 2974 auctorem
1277 2918 1567 2989 referenda
1611 2920 1758 2973 sunt.
1805 2916 2162 2988 (Gesnerus).
2205 2917 2544 2975 Possevinus
2593 2937 2660 2976 ex
2709 2924 2906 2978 eodem
2953 2924 3124 2979 refert
3173 2926 3469 2998 scripsisse
3512 2930 3795 2992 adversus

357 3019 616 3074 Veccum
655 3014 940 3068 Joannem
962 3008 1192 3076 librum,
1220 3008 1317 3078 qui
1347 3007 1679 3062 inscribitur
1709 3014 1915 3062 sanctae
1946 3007 2169 3076 synodi,
2201 3009 2317 3063 sive
2346 3009 2554 3076 Tomus,
2587 3013 2702 3066 sive
2769 3011 3036 3067 Columna
3082 3015 3442 3072 orthodoxiac.
3493 3017 3574 3073 De
3621 3033 3787 3074 men-

356 3108 529 3164 suris.
556 3103 642 3158 De
672 3101 806 3155 ﬁde.
851 3103 924 3152 De
955 3095 1426 3166 praedicamentis.
1458 3095 1524 3149 Et
1553 3095 1643 3150 hic
1671 3094 1892 3165 quidem
1920 3096 2152 3151 Latinus
2179 3112 2364 3152 versus
2393 3099 2522 3168 fuit,
2557 3099 2648 3153 sed
2673 3100 2791 3170 ejus
2821 3100 3112 3156 Sententia
3146 3102 3350 3161 Graecae
3405 3121 3618 3160 excusse
3668 3116 3792 3178 [ue-

355 3202 490 3250 runt
521 3191 768 3247 Colonia:
792 3202 938 3242 anno
967 3185 1124 3240 1536.
1161 3184 1224 3240 Ut
1256 3199 1446 3239 verum
1477 3184 1673 3252 fatear,
1708 3184 1854 3239 male
1884 3200 1973 3240 me
2003 3201 2071 3240 ex
2129 3185 2414 3241 Possevini
2465 3187 2652 3244 verbis
2701 3191 2933 3245 extrico.
2985 3190 3128 3255 Quid
3180 3207 3282 3248 nos
3327 3208 3457 3248 vero
3505 3195 3576 3250 de
3624 3193 3792 3265 hujus

355 3283 611 3340 auctoris
639 3277 854 3348 scripto
881 3273 1336 3331 aduotabamus?
1360 3272 1533 3328 Multa
1563 3274 1624 3329 in
1653 3273 2048 3328 controversiis
2092 3273 2424 3346 theologieis
2452 3291 2565 3330 non
2599 3291 2728 3332 cum
2784 3276 2969 3334 Vecco
3014 3278 3134 3334 solo
3184 3280 3282 3336 sed
3333 3281 3461 3336 aliis
3507 3283 3696 3350 etiam,
3756 3302 3789 3340 a

356 3375 572 3446 quibus
601 3364 1266 3424 haereseosinsimulatus
1295 3362 1465 3419 estad
1505 3363 1815 3418 satietatem
1865 3378 1973 3418 con

2165 3362 2222 3417 il.
2275 3361 2570 3433 Gregoras,
2619 3359 2807 3432 Ἔδοξε
2851 3365 2952 3440 γὰρ
3001 3363 3146 3437 αύτῷ
3199 3369 3273 3439 μή
3331 3368 3591 3442 ἀρκοῦσαν
3654 3369 3782 3424 εἶναι

357 3458 638 3534 τιμωρίαν
695 3455 833 3509 κατᾶ
885 3455 982 3506 τοῦ
1038 3449 1237 3505 Βέκκου
1292 3450 1390 3518 τήν
1451 3448 1735 3525 ὑπερόριον
1795 3446 2021 3520 δίαιταν,
2070 3449 2159 3503 καὶ
2221 3450 2516 3525 ἀπαγωγὴν
2573 3455 2680 3505 τῶν
2737 3450 2935 3528 φίλων,
2995 3453 3084 3507 καὶ
3143 3461 3433 3532 συγγενῶν,
3491 3456 3638 3513 ἀλλά
3691 3459 3781 3513 καὶ

363 3533 580 3625 λόγος,
610 3545 704 3599 καὶ
761 3545 1014 3619 γραφαῖς,
1044 3538 1132 3593 καὶ
1187 3543 1304 3599 τοῖς
1357 3534 1611 3613 δόγμασι,
1660 3537 1748 3592 καὶ
1808 3536 2124 3599 ἀντιπάλοις
2181 3533 2539 3613 προϐλήμασί
2596 3559 2655 3592 τε
2706 3540 2794 3594 καὶ
2847 3538 3106 3616 δόγμασιν
3157 3541 3780 3620 ἀντισυλλογιζόμενος.

360 3638 415 3693 έν
476 3637 596 3708 ὅσῳ
654 3653 720 3706 γε
782 3631 890 3703 μήν
950 3627 1134 3700 ἐκείνῳ
1189 3626 1279 3681 καὶ
1325 3631 1421 3681 τοῦ
1479 3625 1682 3681 ἐκείνου
1745 3626 2056 3703 μαχόμενος
2103 3627 2259 3688 οὗτος
2287 3630 2350 3696 ἦν
2378 3626 2629 3682 ἐλάνθανε
2655 3629 3086 3704 τιτρωσκόμενος
3122 3632 3208 3686 ὑπ’
3239 3632 3423 3688 ἄλλων
3457 3634 3634 3696 αὐτός.
3669 3636 3772 3690 Κάν

353 3729 578 3785 πότοις
633 3721 726 3776 καὶ
780 3718 940 3780 αὐτὸς
997 3714 1374 3788 ἁλισκόμενος,
1408 3716 1490 3776 οἷς
1549 3713 1735 3770 ἄλλων
1797 3714 2239 3790 ἐπελαμῧάνετο·
2293 3715 2530 3791 καθάπερ
2578 3715 2630 3770 εἷ’
2666 3739 2750 3779 τις
2791 3717 3022 3787 τοξεύων
3083 3718 3298 3796 ἐχθρὸν,
3328 3722 3418 3775 καὶ
3475 3720 3771 3796 πολέμιον,

355 3815 617 3878 ἐλάνθανε
670 3809 1027 3884 καιριώτερον
1087 3804 1244 3865 αὐτὸς
1297 3804 1648 3877 τοξευόμενος
1708 3805 1852 3880 ποιρά
1925 3803 2161 3881 πλευρὰν
2239 3803 2298 3859 ἐκ
2355 3810 2462 3860 τῶν
2540 3805 2856 3883 ὁμοφύλων.
2910 3804 3272 3864 Ἐπελάϐοντο
3329 3811 3433 3888 γὰρ
3482 3810 3646 3868 αὐτοῦ
3700 3813 3775 3875 ὡς

357 3904 830 3980 βλασ-,ἒημοῦντος
884 3895 1026 3956 τινὲς
1079 3898 1189 3950 τῶν
1246 3891 1567 3968 ἀρχιερέων,
1599 3892 1688 3946 καὶ
1738 3897 1846 3948 τῶν
1901 3898 1998 3948 τοῦ
2052 3891 2287 3970 κλήρου,
2318 3894 2406 3948 καὶ
2463 3893 2739 3970 παρῄνουν
2800 3892 2851 3957 ἔς
2885 3917 3034 3958 τινας
3070 3898 3412 3970 μετατιθέντα
3439 3904 3545 3954 τῶν
3581 3898 3775 3970 λέξεων

353 3978 638 4047 ἀκίνδυνον
701 3986 834 4042 εἶναι
891 3983 982 4038 καὶ
1038 3978 1316 4057 λοιδορίας
1375 3979 1541 4042 ἐκτός.
1575 3980 1648 4034 Ού
1711 3981 1817 4053 μὴν
1878 3979 2024 4052 ἔδοξε
2061 3983 2126 4037 τὰ
2154 3989 2253 4052 τῆς
2283 3982 2642 4059 παραινέσεως
2670 3982 2849 4056 τούτῳ
2877 3984 3166 4060 τυγχάνειν
3205 3987 3326 4062 ὑγιᾶ
3351 3988 3442 4042 καὶ
3472 3987 3773 4060 ἀνύποπτα,

503 4077 931 4146 ὖποκαθήμενον
969 4069 1137 4146 ἔχειν,
1168 4069 1257 4124 καὶ
1303 4068 1605 4146 ὑφέρποντα
1663 4068 1879 4146 φθόνον.
1915 4069 2089 4144 Ταύτῃ
2141 4091 2227 4124 τοι
2283 4071 2374 4124 καὶ
2430 4069 2690 4143 ἐνίστατο,
2723 4072 2813 4126 καὶ
2870 4073 3212 4150 παρωξύνετο
3264 4075 3400 4151 πρὸς
3456 4075 3778 4152 ἀντιλογίας

347 4171 442 4223 καὶ
493 4163 832 4236 ἆπζόείξεων
886 4157 1208 4232 ἀποδείξεις,
1236 4159 1324 4214 καὶ
1386 4156 1574 4232 λόγοις
1626 4158 1827 4234 λόγους
1888 4159 2145 4234 συνείρων
2201 4158 2287 4213 ἐπὶ
2347 4157 2491 4214 πολὺ
2551 4157 2778 4216 διετέλει
2817 4163 3254 4241 ἀποφράττοντάς
3284 4185 3344 4219 τε
3392 4165 3460 4219 τὰ
3486 4170 3595 4220 τῶν
3627 4164 3782 4241 ἐγκα-

353 4257 628 4327 λώπων,
661 4254 738 4314 ὡς
769 4249 966 4322 ἐδόκει,
1000 4247 1264 4321 στόματα,
1291 4247 1381 4301 καὶ
1414 4243 1814 4321 ὑπερείδοντας,
1847 4248 1922 4310 ὡς
1981 4247 2104 4317 ἐνῆν
2161 4247 2342 4321 αὐτὸν,
2372 4249 2464 4303 καὶ
2514 4249 2577 4304 τὸ
2637 4249 2858 4326 στεῤῥὸν
2914 4257 3030 4314 τοῖς
3080 4251 3244 4308 αὐτοῦ
3291 4254 3781 4329 περιποιουμένους

353 4344 569 4419 λόγως.
603 4350 775 4400 Becco
802 4343 954 4398 enim
982 4355 1091 4395 non
1119 4340 1252 4393 satis
1277 4338 1539 4409 supplicii
1566 4354 1681 4393 esse
1707 4346 1877 4408 ratus,
1909 4337 2046 4410 qaod
2091 4343 2329 4394 entorris
2368 4340 2435 4394 ab
2465 4341 2682 4406 amicis,
2733 4349 2784 4396 et
2829 4344 3076 4412 cognatis
3125 4341 3352 4398 avulsus
3391 4351 3545 4412 esset,
3603 4345 3782 4400 verbis

353 4443 527 4490 etiam
555 4440 612 4490 et
642 4431 869 4503 scriptis
898 4431 1114 4485 eminus
1145 4428 1308 4482 illum
1335 4427 1590 4499 feriebat,
1635 4431 1686 4482 et
1739 4429 1853 4494 eius
1908 4429 2114 4499 scripta
2165 4435 2215 4482 et
2272 4429 2494 4483 decreta
2554 4429 2858 4499 refellebat,
2915 4435 2968 4486 et
3023 4433 3304 4487 contraria
3353 4431 3703 4502 problemata
3732 4437 3786 4488 et

355 4526 624 4593 dogmata
651 4519 961 4588 colligebat.
993 4518 1137 4572 Dum
1166 4531 1294 4571 vero
1317 4516 1476 4570 illum
1506 4521 1556 4570 et
1583 4519 1872 4572 sectatores
1902 4517 2058 4571 illius
2087 4521 2384 4589 oppugnat,
2415 4518 2736 4589 imprudens
2763 4521 2814 4573 et
2868 4520 2979 4590 ipse
3005 4520 3077 4574 ab
3122 4521 3252 4576 aliis
3307 4521 3623 4576 vulneratus
3653 4529 3732 4576 est
3761 4535 3781 4571 :

353 4619 404 4668 et
433 4615 498 4667 in
531 4615 606 4668 iis
637 4613 854 4682 captus,
885 4607 1081 4678 quibus
1110 4606 1251 4661 alios
1280 4605 1535 4675 captabat
1567 4620 1716 4673 ;non
1739 4606 1909 4661 aliter
1937 4622 2102 4677 quam
2125 4606 2180 4660 si
2207 4607 2331 4676 quis
2361 4606 2468 4660 tela
2495 4608 2556 4660 in
2587 4605 2760 4661 hostes
2787 4607 3100 4679 conjiciens,
3125 4610 3240 4678 ipse
3265 4624 3299 4661 a
3346 4609 3461 4662 suis
3511 4624 3580 4663 ea:
3628 4607 3778 4662 obli-

358 4719 462 4772 quo
491 4701 824 4770 graviorem
852 4695 1081 4769 plagam
1103 4696 1384 4765 acciperet.
1433 4693 1666 4761 Quidam
1705 4695 1853 4749 enim
1894 4711 1924 4750 e
1974 4695 2324 4766 pontiﬁcibus
2377 4703 2428 4749 et
2488 4695 2860 4750 sacerdotibus
2905 4711 3029 4750 eum
3058 4695 3520 4767 reprehenderunt
3537 4703 3597 4750 ut
3628 4694 3782 4750 blas-

358 4792 736 4861 phemantem,
771 4802 836 4840 ac
865 4786 1195 4840 monuerunt
1227 4787 1309 4849 ut,
1339 4783 1619 4838 vocabulis
1647 4783 1916 4838 nonnutis
1943 4784 2190 4850 mutatis,
2218 4784 2535 4854 periculum
2563 4793 2614 4839 et
2667 4785 2973 4839 convicium
3027 4788 3278 4840 mutaret.
3340 4786 3417 4840 Ea
3473 4785 3779 4840 admonitio

359 4894 470 4933 παι
497 4881 722 4932 sincera
751 4876 845 4929 illi
872 4875 1000 4928 visa
1027 4883 1127 4942 est,
1159 4873 1252 4927 sed
1275 4874 1343 4927 ab
1372 4873 1586 4928 occulta
1617 4871 1834 4928 invidia
1858 4874 2159 4944 proﬁcisci.
2194 4872 2434 4928 Proinde
2465 4888 2579 4928 rem
2610 4875 2864 4942 urgebat,
2911 4881 2961 4928 et
2988 4873 3059 4927 ad
3086 4873 3581 4929 contradicendum
3607 4888 3782 4928 acue-

363 4971 544 5032 ὕδασι,
574 4971 632 5020 et
662 4964 1015 5036 probationes
1043 4961 1449 5033 probationibus
1479 4978 1546 5016 ac
1591 4961 1988 5033 disputationes
2036 4962 2504 5032 disputationibus
2531 4960 2874 5030 cumulabat,
2923 4963 3119 5033 quibus
3155 4971 3206 5018 et
3253 4965 3632 5017 accusatorum
3657 4976 3778 5031 ora,

361 5068 424 5111 ut
448 5055 1044 5124 putabat,obturaret,
1074 5055 1127 5107 et
1154 5067 1313 5106 suam
1340 5052 1666 5106 sententiam
1692 5068 1796 5122 pro
1845 5052 2004 5106 virili
2043 5055 2302 5106 tueretur.
2370 5049 2493 5104 Non
2547 5057 2763 5104 tantum
2810 5065 2940 5120 ergo
3003 5051 3270 5118 hostium,
3310 5050 3407 5106 sed
3458 5051 3772 5105 amicorum

360 5146 529 5201 etiam
579 5142 1010 5214 objectionibus
1075 5148 1306 5196 vexatus
1349 5141 1648 5209 Gregorius
1702 5139 1984 5210 synodum
2033 5137 2580 5208 ConstantinOpolim
2629 5137 2833 5208 coegit,
2884 5155 2993 5209 qua
3041 5155 3101 5195 se
3146 5156 3178 5194 a
3225 5137 3386 5194 falsis
3425 5137 3778 5194 criminatio-

365 5234 532 5290 nibus
554 5239 925 5303 expurgaret,
957 5237 1013 5286 et
1039 5227 1282 5285 aliorum
1310 5227 1598 5284 erroribus
1634 5227 1868 5283 detectis
1901 5244 2046 5297 vera,
2082 5242 2248 5298 quam
2301 5228 2423 5298 ipse
2461 5225 2850 5298 proﬁtebatur,
2898 5227 3028 5284 ﬁdei
3083 5243 3150 5284 ac
3201 5228 3525 5298 dogmatum
3584 5241 3786 5282 norma

367 5324 600 5395 ntiquis
624 5323 967 5390 traderetur,
994 5319 1147 5390 quod
1176 5333 1296 5373 non
1326 5317 1436 5372 nisi
1468 5317 1674 5388 scripto
1705 5315 1830 5372 fieri
1858 5333 2024 5387 posse
2052 5324 2227 5385 ratus,
2288 5316 2492 5371 Tenum
2537 5313 2853 5386 synodicum
2905 5318 3184 5388 exposuit.
3237 5317 3415 5382 Quem
3462 5314 3534 5370 ob
3585 5329 3675 5370 res
3721 5314 3785 5371 in

434 5474 582 5546 (τεά)
619 5472 1090 5546 ΙιυςιιάεΒδῐειν.
1124 5468 1284 5535 1613,
1313 5468 1365 5521 8.
1428 5539 1466 5546 __
1516 5539 1526 5546 _
1576 5545 1579 5546 ν
1634 5540 1643 5546 _
2137 5467 2489 5546 C_XIV,-an_t-e
2512 5473 2852 5546 susceptum
2876 5463 3789 5546 patriarchatum.YideLambe-

431 5549 500 5616 {ej
531 5535 593 5600 In
642 5535 793 5600 bibl.
846 5543 1109 5616 Caesarea
1153 5539 1695 5616 exstantEpistolae
1735 5541 1912 5608 CXCI,
1970 5558 2036 5596 ex
2146 5539 2301 5616 cium
2335 5538 2487 5616 Vill,
2521 5535 2904 5616 p._516seq_q'.
2930 5543 2994 5593 In
3018 5535 3786 5616 bibliothecaLeidensilia-

370 5607 583 5686 quibus
613 5619 955 5686 centesima
985 5612 1453 5686 decimaﬂquinta
1474 5607 1538 5665 et
1595 5629 1722 5686 quae
1762 5607 1903 5686 eam
1945 5630 2033 5668 se-
2147 5607 2659 5686 b_entur_Epistolae
2691 5607 2953 5686 ejusdem
2979 5614 3468 5686 propegtrecentae.
3489 5607 3635 5663 Vide
3659 5608 3786 5686 _D_ia:

369 5679 627 5758 q'uuntm'
689 5685 1002 5743 ἐκδοθεῖσαι
1061 5683 1121 5758 ἐν,
1173 5679 1703 5758 13p_1tatpiupxelqi,
1761 5684 1985 5758 110οὲ68

2170 5682 2297 5736 ιίυω
2359 5679 2656 5758 Belgicam
2689 5679 3055 5758 _Maendel3[ke
3087 5679 3442 5754 'Uittrcksels,
3513 5695 3565 5736 a.
3652 5679 3787 5735 1718

366 5752 586 5834 ἑξήρη
619 5777 659 5815 a
688 5759 911 5834 Cyprio
941 5773 1077 5812 cum
1099 5757 1228 5828 jam
1251 5752 1788 5827 esset‘pa'triarCha;
1811 5752 2034 5828 priores
2145 5767 2346 5808 mense
2381 5752 2724 5824 Septembri.
