4094 6488
400 485 479 543 '15
1421 479 1736 541 GEORGII
1781 474 2039 537 CYPBII
2086 477 2203 534 GP.
2255 474 2784 536 PATRIARCHE
3723 484 3787 544 to

401 633 468 673 eo
500 615 884 672 tideitraditas
913 617 1182 680 sinceras,
1216 613 1492 683 nulloque
1521 609 1930 666 contaminatas
1986 607 2301 669 mendacio,
2361 614 2422 661 ut
2476 606 2596 677 ipse
2643 608 3021 674 existimabat,
3080 610 3179 666 sed
3224 609 3583 668 conﬁdenter
3627 612 3791 672 nimis

398 713 452 761 et
483 713 758 775 proterve,
790 704 984 759 multis
1012 701 1139 758 licet
1172 701 1460 757 erroribus
1489 699 1870 769 implicatum,
1904 697 2287 766 tnt‘ectumque
2321 695 2704 765 blusphemiis,
2738 695 3070 753 Columnam
3140 697 3482 758 orthodoziae
3527 717 3686 772 teque
3732 719 3789 761 ac

404 793 605 850 Leonis
634 792 845 849 summi
877 790 1159 861 pontilicis
1188 789 1514 859 Epistolam,
1555 789 1750 844 Patres
1773 786 2280 855 Chalcedonenses,
2311 793 2367 839 at
2396 800 2563 854 quam
2613 786 2825 856 dispari
2872 785 3107 843 conatui
3156 796 3210 843 et
3260 802 3393 844 cum
3438 792 3788 860 potissimum

399 883 461 938 in
494 882 731 938 Veccurn
753 882 937 951 ipsum
973 880 1350 935 inveheretur.
1379 879 1598 933 Tomum
1643 881 1833 933 contra
1885 876 2107 931 Veccum
2143 873 2472 946 synodicum
2523 874 2898 945 nuncupavit.
2950 876 3017 930 Et
3061 875 3151 931 hm
3193 886 3277 933 est
3324 892 3467 949 opus
3515 885 3790 951 tantopere

401 990 434 1027 a
463 971 709 1028 Gesnero
741 976 795 1025 et
846 968 1146 1025 Possevino
1192 967 1761 1041 conturbatum,.non
1804 964 2121 1020 adiversum
2170 981 2203 1017 a
2251 963 2428 1019 Temo
2473 961 2639 1034 plena
2687 966 2901 1036 synodo
2951 964 3369 1036 promulgatum
3408 976 3606 1025 contra
3661 969 3789 1027 Vec—

402 1076 557 1124 cum,
588 1059 750 1129 cujus
780 1058 994 1113 mentio
1023 1056 1088 1111 ﬁt
1113 1056 1175 1112 in
1205 1056 1460 1127 Epitome
1490 1055 1843 1111 Gesneriara.

476 1150 542 1203 Et
570 1147 679 1203 alia
710 1162 930 1217 quoque
949 1153 1147 1201 contra
1174 1144 1421 1201 Veccum
1452 1145 1746 1215 scripsisse
1774 1141 1987 1198 indicio
2018 1148 2149 1197 sunt
2180 1143 2354 1210 ipsius
2384 1156 2675 1196 sermones
2731 1149 2926 1197 contra
2979 1143 3263 1198 eumdem.
3319 1144 3566 1214 Gregorii
3614 1146 3794 1219 Cyprii

406 1252 675 1293 sermones
702 1238 895 1291 contra
924 1233 1288 1305 blasphemia:
1336 1235 1486 1289 ναυσί
1531 1235 1591 1287 in
1649 1234 1706 1286 4ο
1753 1232 2095 1301 manuscrip.
2144 1228 2391 1283 biblioth.
2444 1231 2795 1297 imperatoris
2846 1231 3085 1286 Viennae.
3136 1232 3393 1302 Epitome
3437 1235 3790 1292 Gesneriana.

404 1325 684 1395 Quidquid
711 1331 899 1380 autem
927 1323 1192 1379 adversus
1228 1322 1476 1378 Veccum
1525 1321 1797 1391 Georgius
1847 1320 2056 1389 scripto
2110 1320 2625 1374 commendaverat.
2681 1333 2795 1375 non
2845 1319 3050 1375 minori
3096 1320 3275 1376 animi
3317 1328 3479 1391 metu,
3530 1324 3647 1380 imo
3686 1340 3791 1379 ma-

403 1415 557 1471 scula
617 1412 944 1483 eloquentia
1008 1412 1352 1483 redarguens
1406 1410 1527 1480 ipse
1581 1410 1799 1466 Veccus
1854 1412 2062 1479 passim
2120 1406 2378 1462 refellam
2447 1414 2684 1463 conatus
2734 1414 2839 1475 est,
2901 1413 2960 1464 et
3026 1409 3387 1479 potissimum
3436 1420 3675 1483 quatuor
3730 1414 3793 1469 ad

406 1502 841 1560 Constantinum
870 1500 1054 1565 libris,
1083 1515 1322 1571 quorum
1354 1499 1492 1555 illud
1524 1506 1607 1554 est
1634 1498 1979 1568 principium
2011 1513 2023 1550 :

2177 1515 2247 1548 νω
2303 1494 2397 1566 μὲν
2455 1493 2646 1564 τάλας,
2695 1494 2785 1548 καὶ
2834 1496 2948 1550 οἷον
3001 1491 3380 1573 διορισάμενος
3434 1498 3653 1573 ὶμαυτῷ
3704 1501 3794 1570 τήν

402 1590 538 1646 κατά
562 1593 670 1644 τῶν
701 1586 1085 1663 ἀντιλεγόντων
1125 1591 1193 1660 τῇ
1225 1584 1470 1655 ἀληθείᾳ.
1508 1588 1584 1643 De
1623 1586 1800 1643 Temo
1854 1587 2019 1655 Georg

2177 1585 2303 1655 rprii
2333 1592 2386 1639 et
2445 1591 2504 1641 ut
2559 1592 2759 1641 contra
2811 1599 2941 1647 eum
3006 1588 3294 1658 scripserit
3351 1592 3591 1657 Vaccae,
3643 1591 3794 1662 plura

406 1679 829 1749 Pachymerius,
864 1677 961 1733 lib.
993 1693 1107 1746 vm,
1138 1692 1261 1747 cap.
1298 1678 1348 1731 1.
1379 1676 1449 1731 Et
1489 1676 1593 1731 hac
1620 1675 1820 1731 eadem
1848 1674 2145 1730 occasione
2191 1674 2462 1743 Cyprium
2509 1672 2669 1744 pluro
2700 1675 2765 1729 in
2795 1672 3021 1731 Latinos
3064 1683 3122 1731 et
3147 1676 3487 1735 catholicam
3518 1680 3796 1736 veritatem

411 1767 747 1834 evomuisse,
779 1765 936 1821 testis
964 1773 1047 1819 est
1077 1765 1222 1819 inter
1250 1763 1392 1819 alios
1420 1764 1691 1832 Georgius
1717 1760 2060 1827 Sehoiarius,
2106 1760 2203 1830 qui
2258 1776 2325 1815 ex
2372 1761 2675 1818 schismate
2721 1761 2847 1832 fuit,
2891 1763 2955 1819 in
2998 1762 3273 1821 Prommio
3321 1768 3392 1823 de
3448 1769 3797 1838 processione

406 1857 648 1929 Spiritus
673 1855 858 1911 sancti
886 1862 1084 1910 contra
1114 1853 1361 1908 Latinos.
1397 1852 1537 1907 Cum
1569 1852 1723 1906 enim
1754 1850 1824 1904 de
1853 1850 1923 1905 iis
1962 1847 2335 1918 scriptoribus
2382 1853 2592 1918 ageret,
2644 1850 2744 1920 qui
2787 1857 2985 1907 contra
3035 1851 3260 1909 Latinos
3307 1854 3589 1913 calamum
3640 1871 3797 1913 acue-

407 1952 555 2015 rant,
588 1952 712 2015 post
736 1942 1014 2014 judicium
1045 1942 1115 1997 de
1144 1940 1560 2012 antiquioribus
1590 1939 1888 2010 probatum
1919 1937 2023 1992 sub

2212 1939 2326 1988 Τῶν
2382 1931 2440 1988 δὲ
2489 1934 2722 2010 ὑστέρων
2770 1936 3020 1992 ἁπάντων
3066 1938 3279 2014 βέλτιον
3332 1941 3427 2014 μὶν
3475 1943 3564 1997 καὶ
3615 1944 3797 1999 ¹ἱκανώ-

402 2054 580 2110 τερον,
611 2032 700 2086 καὶ
756 2034 836 2101 τῷ
894 2027 1101 2104 μεγέθει
1155 2035 1255 2097 τῆς
1312 2024 1449 2097 ὕλης
1506 2025 1707 2096 ταύτης
1753 2026 2097 2097 συμμέτρως,
2135 2020 2371 2096 μάλιστα
2421 2023 2515 2097 μὲν
2544 2023 2653 2079 ὅτε
2707 2024 2995 2110 θεσπέσιος,
3036 2026 3250 2098 Νεῖλος,
3281 2029 3371 2084 καὶ
3421 2031 3451 2085 ὁ
3489 2032 3631 2109 ἱερὸς
3679 2039 3797 2089 Θεο-

404 2109 637 2202 φφάνης,
699 2119 813 2192 μετ’
868 2115 1064 2179 αὐτοὺς
1122 2113 1179 2170 δὲ
1230 2115 1319 2170 καὶ
1378 2119 1486 2169 τῶν
1533 2116 1691 2189 ἰερῶν
1744 2112 2055 2188 Γρηγορίων
2104 2112 2156 2166 οἱ
2209 2112 2504 2184 ὁμώνυμοί
2560 2133 2619 2167 τε
2681 2113 2772 2168 καὶ
2842 2109 3083 2190 ἀκριϐεῖς
3143 2114 3338 2173 ὀπαδοῖ
3386 2122 3794 2196 συνεγράψαντο.

402 2213 777 2270 Posteriorum
804 2224 929 2264 vero
968 2207 1216 2264 omnium
1258 2206 1461 2261 melius
1507 2205 1744 2276 quidem,
1791 2208 1843 2258 et
1888 2203 2065 2272 magis
2109 2203 2468 2274 sufﬁcienter,
2529 2210 2584 2258 et
2622 2218 2726 2274 pro
2771 2206 3028 2262 materia!
3073 2205 3299 2278 hujusce
3351 2207 3629 2279 dignitate
3671 2214 3799 2269 satis

403 2307 766 2373 congruenter
804 2298 1029 2353 divinus
1072 2296 1249 2364 Nilus,
1308 2299 1361 2350 et
1416 2310 1569 2349 sacer
1614 2293 1917 2365 Teophanes
1947 2310 1966 2346 :
2019 2295 2144 2363 post
2194 2306 2282 2347 eos
2336 2293 2490 2347 sacri
2544 2290 2797 2363 Gregorii
2847 2296 3210 2364 cognomines,
3263 2300 3321 2352 et
3359 2298 3619 2368 ﬁdium
3670 2303 3799 2358 εοοέι

401 2389 853 2460 conscripserunt.
903 2385 1060 2441 Alter
1100 2384 1203 2439 fuit
1249 2383 1505 2439 Palamas
1561 2383 1887 2453 Gregorius,
1935 2383 2032 2452 qui
2087 2381 2334 2450 plurima
2378 2381 2437 2435 in
2485 2380 2713 2438 Latinos
2770 2381 3114 2441 oblatravit:
3167 2386 3310 2442 alter
3355 2386 3658 2460 Gregorius
3716 2391 3802 2449 hic

401 2477 636 2551 Cyprius
665 2473 982 2547 patriarcha
1010 2472 1696 2542 ConstantinOpolitanus,
1749 2472 1846 2543 qui
1903 2470 2166 2526 eamdem
2222 2476 2471 2540 spartam
2529 2469 2600 2523 ad
2648 2478 2968 2528 extremum
3026 2487 3205 2544 usque
3252 2474 3513 2545 spiritum
3558 2477 3799 2536 coluere.

400 2568 653 2624 Joannes
681 2565 816 2621 item
839 2563 1075 2629 Veccus,
1107 2568 1246 2617 orat.
1273 2562 1326 2615 3.
1349 2564 1416 2616 ad
1457 2560 1810 2617 Constantia.
1848 2577 1861 2615 :
1904 2554 2017 2611 Οἵδε

2182 2578 2185 2587 ’
2231 2576 2375 2617 τινες
2427 2555 2522 2628 μὲν
2566 2554 2774 2611 τούτων
2821 2557 2910 2612 ὑπ’
2958 2557 3195 2635 ἀρχηγῷ
3224 2561 3450 2638 Κυπρίῳ
3478 2564 3799 2639 ταττόμενοι

401 2656 536 2731 πρὸς
593 2657 710 2714 τοῖς
763 2648 956 2712 ἄλλοις
1016 2650 1150 2703 κατὰ
1205 2653 1301 2703 τοῦ
1355 2643 1603 2710 εὐσεϐοῦς
1660 2669 1786 2726 φασι
1819 2644 2111 2723 δόγματος,
2141 2645 2231 2700 καὶ
2262 2644 2338 2707 εἷς
2370 2643 2687 2719 ὁμωνυμίαν
2719 2640 3078 2702 διαϐάλλουσι
3110 2646 3447 2726 ἐκπόρευσιν.
3476 2653 3636 2712 Nosti
3660 2672 3803 2713 non-

402 2745 585 2800 nullos
613 2759 683 2798 ea:
708 2742 795 2797 his
823 2742 920 2812 qui
948 2739 1137 2794 ducem
1166 2738 1435 2811 Cyprium
1461 2749 1764 2811 sequuntur
1791 2741 1939 2795 inter
1974 2738 2109 2805 alia,
2161 2751 2281 2809 qua
2326 2736 2589 2792 adversus
2630 2739 2790 2809 pium
2832 2736 3025 2810 dogma
3061 2740 3365 2811 oblatrant,
3407 2746 3801 2814 procationem

397 2835 675 2904 tanquam
699 2831 1052 2901 aequiuocam,
1082 2828 1461 2884 condemnare.

468 2921 717 2979 Scoriaci
762 2920 823 2975 in
866 2917 1127 2974 hiblioth.
1178 2917 1593 2988 Regialegitur
1639 2914 1944 2992 Γρηγορίου
1995 2934 2085 2968 παπ

2183 2914 2343 2989 ἱρχου
2390 2911 3016 2977 Κωνσταντινουπόλεως
3058 2920 3157 2971 τοῦ
3204 2917 3447 2993 Κυπρίου
3497 2919 3800 2999 ’Δπολογία

397 3009 472 3073 εἷς
504 3010 602 3078 τὴν
636 3004 959 3073 Ἐπιστολὴν
990 3006 1211 3081 Μάρκου
1253 3009 1350 3059 τοῦ
1392 3004 1642 3081 Ἐφέσου.
1695 3006 1942 3078 Gregorii
1982 3021 2014 3076 μ

2183 3003 2314 3059 rchae
2364 3005 2960 3077 Constantinopolitani
3006 3004 3200 3078 Cyprii
3242 3007 3513 3080 Apologia
3556 3012 3621 3066 in
3671 3016 3800 3086 Epi-

394 3102 592 3158 stolam
620 3099 791 3154 Marci
820 3096 1064 3169 Ephesii,
1097 3096 1186 3163 VI,
1219 3112 1377 3151 num.
1414 3097 1500 3163 14,
1538 3112 1654 3152 non
1691 3096 1836 3167 sine,
1887 3102 1946 3151 ut
1987 3101 2143 3165 puto,
2192 3094 2553 3164 exscriptoris
2602 3090 2829 3151 mendo.
2883 3094 2990 3162 Qui
3036 3096 3192 3152 enim
3233 3098 3413 3166 potuit
3461 3102 3802 3171 respondere

397 3189 631 3260 Cyprius
662 3186 767 3242 sub
796 3186 1124 3242 Andronico
1153 3186 1375 3241 seniore
1405 3184 1596 3240 Marco
1627 3185 1869 3255 Ephesio
1899 3182 2138 3239 antistiti
2167 3182 2274 3237 sub
2302 3185 2523 3239 Joanne
2554 3182 2884 3255 Palaeologo,
2956 3185 3240 3256 antiquior
3286 3194 3517 3244 centum
3569 3191 3801 3261 triginta

397 3279 465 3334 ad
496 3276 690 3331 minus
716 3289 900 3330 annos
924 3270 1186 3342 juniori?
1209 3273 1393 3338 Quare
1421 3269 1724 3326 delendum
1776 3276 1860 3326 est
1914 3271 2014 3325 illu

2179 3271 2309 3339 yprii
2362 3272 2460 3323 τοῦ
2516 3269 2778 3341 Κυπρίου,
2828 3278 2882 3327 et.
2938 3270 3414 3332 substinuendum
3472 3280 3796 3352 Πρωτοσυγ-

390 3361 595 3441 γέλλου
625 3359 1034 3431 Prolosyncelli
1055 3360 1124 3430 (Γ)
1160 3377 1173 3427 ;
1205 3360 1253 3415 is
1282 3359 1436 3415 enim
1466 3359 1528 3415 in
1560 3360 1809 3415 Marcum
1837 3358 2145 3429 Ephesium
2175 3357 2418 3429 scripsit,
2469 3367 2525 3415 et
2580 3359 2885 3416 calumniis
2932 3360 3087 3417 illius
3132 3361 3197 3418 in
3246 3361 3559 3422 Romanam
3603 3366 3799 3425 Eccle—

394 3456 535 3511 siam
574 3451 883 3522 reapondit,
916 3456 976 3504 ut
1005 3464 1075 3504 ex
1101 3449 1251 3504 edito
1269 3448 1388 3518 jam
1411 3464 1577 3518 Opere
1610 3455 1734 3518 post
1762 3447 2071 3504 concilium
2104 3447 2495 3504 Florentiuum
2522 3456 2773 3519 apparet.

468 3542 724 3598 Servatur
753 3553 925 3607 penes
955 3552 1044 3592 me
1076 3532 1198 3596 Βίός
1226 3535 1317 3588 καὶ
1364 3532 1633 3605 πολιτεία,
1690 3534 1780 3589 καὶ
1841 3534 2037 3609 μερικὴ
2097 3534 2383 3606 θαυμάτων
2445 3532 2703 3608 διήγησις
2761 3539 2859 3590 τοῦ
2918 3534 3070 3590 ὁσίου
3126 3536 3217 3591 καὶ
3271 3538 3538 3618 θεοφόρου
3586 3543 3798 3619 Πατρὸς

396 3628 550 3702 ὑμῶν
605 3626 876 3701 Λαζάρου,
905 3628 1001 3678 τοῦ
1058 3622 1109 3677 ἐν
1170 3627 1250 3696 τῷ
1307 3622 1564 3696 Γαλησίῳ
1623 3619 1737 3700 ὄρει
1792 3622 2143 3694 ἀσκήσαντος,
2179 3622 2503 3701 συγγραφεῖς
2554 3624 2701 3697 παρὰ
2753 3628 2852 3679 τοῦ
2899 3622 3202 3701 ἀγιωτάτου
3250 3627 3594 3706 πατριάρχου
3629 3634 3799 3709 κυροῦ

398 3714 733 3793 Γρηγοριου.
771 3716 890 3773 Vita
920 3724 971 3770 et
998 3730 1085 3770 res
1111 3722 1299 3785 gestae,
1338 3724 1392 3770 et
1442 3716 1745 3786 peculiaris
1798 3713 2199 3770 miracuiontm
2251 3717 2505 3770 narratio
2561 3716 2745 3771 sancti
2790 3720 2842 3771 et
2893 3716 3066 3772 Deum
3107 3719 3338 3789 ferenti:
3379 3720 3571 3777 Patris
3621 3728 3800 3779 nostri

400 3807 621 3871 Lamri,
649 3805 749 3876 qui
783 3805 845 3859 in
874 3803 1081 3859 Galcsio
1098 3808 1280 3859 monte
1308 3804 1480 3859 vitam
1506 3806 1793 3860 asceticam
1821 3803 2084 3874 excoluit,
2116 3803 2385 3875 descripta
2412 3820 2448 3858 a
2474 3806 2818 3861 sanctissimo
2860 3805 3185 3876 patriarcha
3234 3807 3460 3865 domino
3515 3808 3797 3883 Gregorio.

400 3896 507 3961 Qui
537 3910 653 3950 non
684 3893 828 3949 alius
857 3895 981 3963 erit,
1013 3907 1184 3964 quam
1213 3893 1467 3965 Cyprius.
1502 3897 1754 3963 Namque
1784 3899 1909 3963 post
1939 3892 2175 3947 Romani
2206 3892 2577 3965 Argyropbyli
2628 3894 2934 3964 imperium
2983 3894 3088 3951 sub
3135 3911 3245 3965 quo
3281 3898 3514 3955 ﬂorebat
3557 3899 3800 3959 Lazarus

397 3986 466 4039 ad
499 3983 773 4052 direptam
806 3996 981 4052 usque
1008 3982 1226 4048 urbem,
1254 3988 1454 4052 praeter
1498 3982 1832 4052 Gregorium
1869 3981 2381 4053 Protosyncellum,
2441 3982 2510 4036 ad
2567 3997 2735 4053 quem
2794 3982 2999 4039 referre
3046 3984 3285 4041 minime
3336 3990 3541 4057 potest,
3595 3989 3796 4046 nullae

392 4071 540 4127 alius
570 4069 872 4141 Gregorius
920 4069 1357 4141 palriarchatum
1401 4071 1834 4125 administravit.
1878 4070 2168 4139 Baronius,
2227 4070 2552 4138 Annalium,
2600 4086 2752 4127 anno
2795 4072 2923 4139 960,
2968 4086 3083 4127 non
3127 4071 3349 4128 alienus
3392 4074 3464 4130 ab
3504 4075 3613 4133 hac
3663 4090 3797 4134 sen-

394 4159 590 4228 tentia,
622 4165 909 4214 auctorem
934 4158 1065 4215 Vitze
1092 4158 1392 4228 Georgium
1422 4159 1638 4215 vocavit
1670 4177 1686 4213 :
1720 4157 1940 4214 Ctaruit
1967 4159 2068 4215 hoc
2094 4163 2332 4231 tempore
2360 4161 2421 4213 in
2451 4157 2673 4214 Oriente
2720 4158 2776 4214 S.
2827 4160 3077 4216 Lazarus
3121 4161 3422 4219 machus
3467 4163 3527 4220 in
3577 4164 3800 4223 Galerio

389 4256 570 4305 monte
587 4249 751 4320 juxta
782 4247 1076 4313 Ephesum,
1104 4247 1260 4316 cujus
1281 4247 1455 4301 vitam
1502 4247 1729 4318 scripsit
1770 4245 2031 4317 Georgius
2076 4246 2418 4317 patriarcha.
2474 4247 2720 4319 Scriptio
2775 4255 2858 4306 est
2910 4250 3046 4306 satis
3101 4249 3349 4324 elegans,
3406 4259 3461 4309 et
3508 4262 3799 4324 accurata,

393 4345 449 4394 et
470 4353 615 4395 rara.

456 4516 523 4588 (Γ)
567 4515 897 4593 Gregorius
938 4512 1426 4593 Prptosyncel_lus,
1477 4514 1810 4593 patriarcha
1856 4513 2023 4593 οροι.
2137 4531 2194 4593 p.
2227 4515 2331 4593 112
2354 4529 2503 4586 seq.,
2536 4514 2847 4593 ubietiam
2877 4517 3335 4593 docet‘quinque
3363 4519 3558 4593 capita
3592 4520 3654 4593 in
3684 4521 3796 4578 de-

456 4529 523 4588 (f)
567 4529 879 4590 Gregonus
940 4529 1426 4639 Prorosg'noetlus,
1477 4529 1810 4600 patriarcha
1856 4529 2023 4571 UPOl.
2137 4531 2194 4600 ρ.
2227 4529 2331 4596 ltz
2354 4529 2503 4586 seq.,
2536 4529 2847 4600 umettam
2877 4529 3335 4602 docetgntnque
3363 4529 3558 4593 capita
3592 4529 3654 4577 in
3684 4529 3795 4578 de-

386 4589 628 4670 abann.
663 4588 903 4670 1445_ad
935 4586 1136 4670 1153,“
1164 4601 1194 4642 e
1222 4602 1393 4670 cujus
1434 4591 1671 4670 scriptis
1717 4587 2024 4670 adeundus
2132 4587 2461 4670 tensionem
2492 4586 2730 4670 con_c1_l_u_
2754 4588 3070 4670 Florentia}
3099 4590 3172 4646 ab
3193 4607 3262 4647 eo
3283 4590 3522 4670 scripta,
3554 4592 3795 4670 diversa

386 4663 594 4742 Petrus
619 4660 936 4742 _Arcudius
987 4657 1046 4742 i‘n
1098 4657 1396 4713 Concordia
1429 4657 1727 4742 luti-iusque
2133 4657 2338 4742 utique
2367 4658 3159 4742 esse_a_to_tidem_capitihus
3187 4678 3316 4734 quas
3353 4657 3661 4721 Gennadio
3689 4665 3796 4722 ab-

393 4678 594 4744 Ρρῐσΐυδ
645 4678 936 4742 Λῐιοᾳαιυε
987 4678 1046 4712 ΠΙ
1098 4678 1396 4713 υοησοναια
1441 4678 1727 4740 utriusque
1772 4678 2024 4715 ιοσιϐειᾶξ
2133 4678 2338 4739 umque
2367 4678 2497 4714 8856
2527 4678 2562 4714 ἃ
2589 4678 2832 4715 munem
2863 4678 2932 4716 08
2976 4678 3069 4716 ιῑιῑ

393 4748 549 4789 circa
602 4730 926 4788 doctrinam
981 4729 1052 4785 de
1116 4733 1520 4797 sacramentls,
1569 4728 1674 4785 11b.
1725 4746 1788 4798 ιι,
1850 4746 1899 4785 c.
1931 4729 2021 4798 15,
2123 4729 2392 4800 judicare
2420 4726 2605 4786 voluit
2624 4678 3069 4807 Caryophyﬁus.
