  <div class='ocr_page' id='page_1' title='image "/cluster/home/n/w/nwhite01/storage/ocr_20150623/142/mdp.39015078384792/016.png"; bbox 0 0 4094 6450; ppageno 0'>
   <div class='ocr_carea' id='block_1_1' title="bbox 371 450 1988 514">
    <p class='ocr_par' dir='ltr' id='par_1_1' title="bbox 371 450 1988 512">
     <span class='ocr_line' id='line_1_1' title="bbox 371 450 1988 512; baseline -0.003 0"><span class='ocrx_word' id='word_1_1' title='bbox 371 450 449 512; x_wconf 74' lang='grc'><strong>17</strong></span> <span class='ocrx_word' id='word_1_2' title='bbox 1986 454 1988 460; x_wconf 79' lang='lat'><em>&#39;</em></span> 
     </span>
    </p>
   </div>
   <div class='ocr_carea' id='block_1_2' title="bbox 2173 450 3790 514">
    <p class='ocr_par' dir='ltr' id='par_1_2' title="bbox 2182 450 3790 512">
     <span class='ocr_line' id='line_1_2' title="bbox 2182 450 3790 512; baseline -0.001 0"><span class='ocrx_word' id='word_1_3' title='bbox 2182 498 2195 512; x_wconf 94' lang='lat'><strong>.</strong></span> <span class='ocrx_word' id='word_1_4' title='bbox 3716 450 3790 510; x_wconf 72' lang='grc'><strong>18</strong></span> 
     </span>
    </p>
   </div>
   <div class='ocr_carea' id='block_1_3' title="bbox 1399 795 2791 984">
    <p class='ocr_par' dir='ltr' id='par_1_3' title="bbox 1399 795 2791 984">
     <span class='ocr_line' id='line_1_3' title="bbox 1399 795 2791 984; baseline -0.003 0"><span class='ocrx_word' id='word_1_5' title='bbox 1399 795 2791 984; x_wconf 80' lang='lat' dir='ltr'><strong>GEORGII</strong></span> 
     </span>
    </p>
   </div>
   <div class='ocr_carea' id='block_1_4' title="bbox 845 1093 3328 1472">
    <p class='ocr_par' dir='ltr' id='par_1_4' title="bbox 845 1093 3328 1472">
     <span class='ocr_line' id='line_1_4' title="bbox 845 1093 3328 1472; baseline 0.003 -9"><span class='ocrx_word' id='word_1_6' title='bbox 845 1093 2209 1472; x_wconf 44' lang='lat' dir='ltr'><strong>GREGORTUI</strong></span> <span class='ocrx_word' id='word_1_7' title='bbox 2391 1270 3328 1470; x_wconf 80' lang='lat' dir='ltr'><strong>CYPRII</strong></span> 
     </span>
    </p>
   </div>
   <div class='ocr_carea' id='block_1_5' title="bbox 1585 1585 2577 1676">
    <p class='ocr_par' dir='ltr' id='par_1_5' title="bbox 1585 1585 2577 1676">
     <span class='ocr_line' id='line_1_5' title="bbox 1585 1585 2577 1676; baseline -0.001 -2"><span class='ocrx_word' id='word_1_8' title='bbox 1585 1585 1992 1674; x_wconf 79' lang='lat' dir='ltr'><strong>PATRIA</strong></span> <span class='ocrx_word' id='word_1_9' title='bbox 2008 1587 2352 1676; x_wconf 80' lang='lat' dir='ltr'><strong>RCH/E</strong></span> <span class='ocrx_word' id='word_1_10' title='bbox 2418 1586 2577 1673; x_wconf 77' lang='grc' dir='ltr'><strong>ΟΡ.</strong></span> 
     </span>
    </p>
   </div>
   <div class='ocr_carea' id='block_1_6' title="bbox 1839 1773 2317 1884">
    <p class='ocr_par' dir='ltr' id='par_1_6' title="bbox 1839 1773 2317 1884">
     <span class='ocr_line' id='line_1_6' title="bbox 1839 1773 2317 1884; baseline -0.008 0"><span class='ocrx_word' id='word_1_11' title='bbox 1839 1773 2317 1884; x_wconf 79' lang='lat' dir='ltr'><strong>VITA</strong></span> 
     </span>
    </p>
   </div>
   <div class='ocr_carea' id='block_1_7' title="bbox 390 1960 3779 2038">
    <p class='ocr_par' dir='ltr' id='par_1_7' title="bbox 390 1960 3779 2038">
     <span class='ocr_line' id='line_1_7' title="bbox 390 1960 3779 2038; baseline -0.001 -13"><span class='ocrx_word' id='word_1_12' title='bbox 390 1961 603 2038; x_wconf 76' lang='lat' dir='ltr'><strong><em>OU/E</em></strong></span> <span class='ocrx_word' id='word_1_13' title='bbox 655 1962 789 2025; x_wconf 85' lang='grc' dir='ltr'><em>ΕΧ</em></span> <span class='ocrx_word' id='word_1_14' title='bbox 839 1962 1158 2027; x_wconf 84' lang='lat' dir='ltr'><em>CODICE</em></span> <span class='ocrx_word' id='word_1_15' title='bbox 1213 1963 2154 2029; x_wconf 85' lang='lat' dir='ltr'><strong>LUGDUNO—BATAVENSI</strong></span> <span class='ocrx_word' id='word_1_16' title='bbox 2207 1962 2448 2026; x_wconf 85' lang='lat' dir='ltr'><strong>NUNC</strong></span> <span class='ocrx_word' id='word_1_17' title='bbox 2517 1962 2864 2026; x_wconf 77' lang='lat' dir='ltr'><strong><em>PRIMUM</em></strong></span> <span class='ocrx_word' id='word_1_18' title='bbox 2931 1961 3256 2024; x_wconf 79' lang='lat' dir='ltr'><strong>GR/ECE</strong></span> <span class='ocrx_word' id='word_1_19' title='bbox 3326 1961 3428 2023; x_wconf 84' lang='grc' dir='ltr'><em>ΙΝ</em></span> <span class='ocrx_word' id='word_1_20' title='bbox 3475 1960 3779 2025; x_wconf 83' lang='lat' dir='ltr'><strong><em>LUCEM</em></strong></span> 
     </span>
    </p>
   </div>
   <div class='ocr_carea' id='block_1_8' title="bbox 935 2042 3225 2121">
    <p class='ocr_par' dir='ltr' id='par_1_8' title="bbox 935 2042 3225 2121">
     <span class='ocr_line' id='line_1_8' title="bbox 935 2042 3225 2121; baseline -0 -15"><span class='ocrx_word' id='word_1_21' title='bbox 935 2043 1254 2106; x_wconf 82' lang='lat' dir='ltr'><em>PRODIT</em></span> <span class='ocrx_word' id='word_1_22' title='bbox 1296 2044 1473 2108; x_wconf 85' lang='lat' dir='ltr'><strong>CUM</strong></span> <span class='ocrx_word' id='word_1_23' title='bbox 1513 2045 1616 2106; x_wconf 85' lang='lat' dir='ltr'><strong>LA</strong></span> <span class='ocrx_word' id='word_1_24' title='bbox 1635 2042 1831 2107; x_wconf 84' lang='lat' dir='ltr'><strong>TINA</strong></span> <span class='ocrx_word' id='word_1_25' title='bbox 1879 2043 2721 2107; x_wconf 78' lang='lat' dir='ltr'><strong>INTERPRETATIONE</strong></span> <span class='ocrx_word' id='word_1_26' title='bbox 2763 2043 2888 2106; x_wconf 84' lang='lat' dir='ltr'><em>ET</em></span> <span class='ocrx_word' id='word_1_27' title='bbox 2921 2042 3225 2121; x_wconf 83' lang='lat' dir='ltr'><strong>NOTIS;</strong></span> 
     </span>
    </p>
   </div>
   <div class='ocr_carea' id='block_1_9' title="bbox 1923 2212 2236 2258">
    <p class='ocr_par' dir='ltr' id='par_1_9' title="bbox 1923 2212 2236 2258">
     <span class='ocr_line' id='line_1_9' title="bbox 1923 2212 2236 2258; baseline -0.003 -1"><span class='ocrx_word' id='word_1_28' title='bbox 1923 2212 2236 2258; x_wconf 79' lang='lat' dir='ltr'><strong>ACCEDUNT</strong></span> 
     </span>
    </p>
   </div>
   <div class='ocr_carea' id='block_1_10' title="bbox 387 2344 3785 2419">
    <p class='ocr_par' dir='ltr' id='par_1_10' title="bbox 387 2344 3785 2419">
     <span class='ocr_line' id='line_1_10' title="bbox 387 2344 3785 2419; baseline 0 -13"><span class='ocrx_word' id='word_1_29' title='bbox 387 2344 1064 2409; x_wconf 81' lang='lat' dir='ltr'><strong>DISSERTATIONES</strong></span> <span class='ocrx_word' id='word_1_30' title='bbox 1151 2350 1334 2411; x_wconf 65' lang='lat' dir='ltr'><strong>DUJE</strong></span> <span class='ocrx_word' id='word_1_31' title='bbox 1415 2349 1859 2410; x_wconf 72' lang='lat' dir='ltr'><strong>HlSTORIC/E</strong></span> <span class='ocrx_word' id='word_1_32' title='bbox 1941 2350 2042 2408; x_wconf 81' lang='grc' dir='ltr'><strong>ΕΤ</strong></span> <span class='ocrx_word' id='word_1_33' title='bbox 2125 2347 2625 2419; x_wconf 76' lang='lat' dir='ltr'><strong>DOGMATIC/E,</strong></span> <span class='ocrx_word' id='word_1_34' title='bbox 2715 2348 2873 2410; x_wconf 87' lang='lat' dir='ltr'><strong>CUM</strong></span> <span class='ocrx_word' id='word_1_35' title='bbox 2970 2349 3350 2409; x_wconf 83' lang='lat' dir='ltr'><strong>EPISTOLA</strong></span> <span class='ocrx_word' id='word_1_36' title='bbox 3430 2346 3785 2408; x_wconf 84' lang='lat' dir='ltr'><strong>EJUSDEM</strong></span> 
     </span>
    </p>
   </div>
   <div class='ocr_carea' id='block_1_11' title="bbox 463 2426 3705 2502">
    <p class='ocr_par' dir='ltr' id='par_1_11' title="bbox 463 2426 3705 2502">
     <span class='ocr_line' id='line_1_11' title="bbox 463 2426 3705 2502; baseline 0.001 -15"><span class='ocrx_word' id='word_1_37' title='bbox 463 2426 726 2488; x_wconf 79' lang='lat' dir='ltr'><strong>CYPRII</strong></span> <span class='ocrx_word' id='word_1_38' title='bbox 814 2431 916 2488; x_wconf 84' lang='lat' dir='ltr'><strong>AD</strong></span> <span class='ocrx_word' id='word_1_39' title='bbox 1001 2427 1336 2502; x_wconf 84' lang='lat' dir='ltr'><strong>AMICUM,</strong></span> <span class='ocrx_word' id='word_1_40' title='bbox 1421 2431 1522 2490; x_wconf 87' lang='lat' dir='ltr'><strong>ET</strong></span> <span class='ocrx_word' id='word_1_41' title='bbox 1607 2428 2246 2498; x_wconf 78' lang='lat' dir='ltr'><strong>MOSCHAMPEBIS,</strong></span> <span class='ocrx_word' id='word_1_42' title='bbox 2338 2429 3166 2498; x_wconf 81' lang='lat' dir='ltr'><strong>EXCHARTOPHYLACIS,</strong></span> <span class='ocrx_word' id='word_1_43' title='bbox 3253 2431 3357 2489; x_wconf 85' lang='lat' dir='ltr'><strong>AD</strong></span> <span class='ocrx_word' id='word_1_44' title='bbox 3441 2429 3705 2499; x_wconf 85' lang='lat' dir='ltr'><strong>IPSUM,</strong></span> 
     </span>
    </p>
   </div>
   <div class='ocr_carea' id='block_1_12' title="bbox 737 2508 3426 2584">
    <p class='ocr_par' dir='ltr' id='par_1_12' title="bbox 737 2508 3426 2584">
     <span class='ocr_line' id='line_1_12' title="bbox 737 2508 3426 2584; baseline 0 -15"><span class='ocrx_word' id='word_1_45' title='bbox 737 2508 967 2580; x_wconf 85' lang='lat' dir='ltr'><strong>QUEIS</strong></span> <span class='ocrx_word' id='word_1_46' title='bbox 1013 2509 1471 2571; x_wconf 81' lang='lat' dir='ltr'><strong>BYZANTINA</strong></span> <span class='ocrx_word' id='word_1_47' title='bbox 1514 2510 1831 2571; x_wconf 84' lang='lat' dir='ltr'><strong>GEORGII</strong></span> <span class='ocrx_word' id='word_1_48' title='bbox 1876 2508 2377 2570; x_wconf 84' lang='lat' dir='ltr'><strong>PACHYMEBIS</strong></span> <span class='ocrx_word' id='word_1_49' title='bbox 2423 2509 2786 2570; x_wconf 79' lang='lat' dir='ltr'><strong>HISTORIA</strong></span> <span class='ocrx_word' id='word_1_50' title='bbox 2829 2509 3426 2584; x_wconf 79' lang='lat' dir='ltr'><strong>ILLUSTRATUR;</strong></span> 
     </span>
    </p>
   </div>
   <div class='ocr_carea' id='block_1_13' title="bbox 1963 2675 2217 2715">
    <p class='ocr_par' dir='ltr' id='par_1_13' title="bbox 1963 2675 2217 2715">
     <span class='ocr_line' id='line_1_13' title="bbox 1963 2675 2217 2715; baseline -0.008 0"><span class='ocrx_word' id='word_1_51' title='bbox 1963 2675 2217 2715; x_wconf 76' lang='lat' dir='ltr'><strong>AUCTORE</strong></span> 
     </span>
    </p>
   </div>
   <div class='ocr_carea' id='block_1_14' title="bbox 1251 2803 2922 2867">
    <p class='ocr_par' dir='ltr' id='par_1_14' title="bbox 1251 2803 2922 2867">
     <span class='ocr_line' id='line_1_14' title="bbox 1251 2803 2922 2867; baseline -0.001 -3"><span class='ocrx_word' id='word_1_52' title='bbox 1251 2803 1401 2865; x_wconf 82' lang='lat' dir='ltr'><strong>FB.</strong></span> <span class='ocrx_word' id='word_1_53' title='bbox 1431 2803 1558 2865; x_wconf 66' lang='grc' dir='ltr'><strong>πο.</strong></span> <span class='ocrx_word' id='word_1_54' title='bbox 1594 2804 1933 2865; x_wconf 85' lang='lat' dir='ltr'><strong>FRANG.</strong></span> <span class='ocrx_word' id='word_1_55' title='bbox 1969 2805 2245 2865; x_wconf 85' lang='lat' dir='ltr'><strong>BERN.</strong></span> <span class='ocrx_word' id='word_1_56' title='bbox 2272 2805 2366 2864; x_wconf 89' lang='lat' dir='ltr'><strong>M.</strong></span> <span class='ocrx_word' id='word_1_57' title='bbox 2407 2804 2531 2864; x_wconf 88' lang='lat' dir='ltr'><strong>DE</strong></span> <span class='ocrx_word' id='word_1_58' title='bbox 2559 2804 2922 2867; x_wconf 88' lang='lat' dir='ltr'><strong>RUBEIS.</strong></span> 
     </span>
    </p>
   </div>
   <div class='ocr_carea' id='block_1_15' title="bbox 1708 2970 2464 3018">
    <p class='ocr_par' dir='ltr' id='par_1_15' title="bbox 1708 2970 2464 3018">
     <span class='ocr_line' id='line_1_15' title="bbox 1708 2970 2464 3018; baseline 0.003 -2"><span class='ocrx_word' id='word_1_59' title='bbox 1708 2970 1946 3016; x_wconf 79' lang='lat' dir='ltr'><strong>0RDINIS</strong></span> <span class='ocrx_word' id='word_1_60' title='bbox 1990 2971 2464 3018; x_wconf 73' lang='lat' dir='ltr'><strong>PREDICATORUM</strong></span> 
     </span>
    </p>
   </div>
   <div class='ocr_carea' id='block_1_16' title="bbox 777 3102 3397 3178">
    <p class='ocr_par' dir='ltr' id='par_1_16' title="bbox 777 3102 3397 3178">
     <span class='ocr_line' id='line_1_16' title="bbox 777 3102 3397 3178; baseline -0.001 -19"><span class='ocrx_word' id='word_1_61' title='bbox 777 3102 1076 3172; x_wconf 85' lang='lat' dir='ltr'><strong>(Venetiis,</strong></span> <span class='ocrx_word' id='word_1_62' title='bbox 1107 3103 1444 3172; x_wconf 85' lang='lat' dir='ltr'><strong>MDCCLIII,</strong></span> <span class='ocrx_word' id='word_1_63' title='bbox 1481 3105 1626 3177; x_wconf 82' lang='lat' dir='ltr'><strong>typis</strong></span> <span class='ocrx_word' id='word_1_64' title='bbox 1647 3105 1735 3161; x_wconf 88' lang='lat' dir='ltr'><strong>Jo.</strong></span> <span class='ocrx_word' id='word_1_65' title='bbox 1771 3106 1924 3176; x_wconf 89' lang='lat' dir='ltr'><strong>Bapt.</strong></span> <span class='ocrx_word' id='word_1_66' title='bbox 1958 3107 2237 3176; x_wconf 84' lang='lat' dir='ltr'><strong>Pasquali,</strong></span> <span class='ocrx_word' id='word_1_67' title='bbox 2269 3107 2622 3178; x_wconf 84' lang='lat' dir='ltr'><strong>snperiorum</strong></span> <span class='ocrx_word' id='word_1_68' title='bbox 2657 3107 2930 3178; x_wconf 89' lang='lat' dir='ltr'><strong>permissu</strong></span> <span class='ocrx_word' id='word_1_69' title='bbox 2965 3122 3031 3162; x_wconf 88' lang='lat' dir='ltr'><strong>ac</strong></span> <span class='ocrx_word' id='word_1_70' title='bbox 3061 3105 3397 3177; x_wconf 85' lang='lat' dir='ltr'><strong>privilegio.)</strong></span> 
     </span>
    </p>
   </div>
   <div class='ocr_carea' id='block_1_17' title="bbox 1886 3275 2274 3290">
    <p class='ocr_par' dir='ltr' id='par_1_17' title="bbox 1886 3275 2274 3290">
     <span class='ocr_line' id='line_1_17' title="bbox 1886 3275 2274 3290; baseline 0.005 -4"><span class='ocrx_word' id='word_1_71' title='bbox 1886 3275 2274 3290; x_wconf 36' lang='grc' dir='ltr'>ἢ</span> 
     </span>
    </p>
   </div>
   <div class='ocr_carea' id='block_1_18' title="bbox 1563 3404 2611 3492">
    <p class='ocr_par' dir='ltr' id='par_1_18' title="bbox 1563 3404 2611 3492">
     <span class='ocr_line' id='line_1_18' title="bbox 1563 3404 2611 3492; baseline 0.006 -6"><span class='ocrx_word' id='word_1_72' title='bbox 1563 3404 1724 3487; x_wconf 92' lang='lat' dir='ltr'><strong>AD</strong></span> <span class='ocrx_word' id='word_1_73' title='bbox 1809 3404 2611 3492; x_wconf 75' lang='lat' dir='ltr'><strong>LECTOREM.</strong></span> 
     </span>
    </p>
   </div>
   <div class='ocr_carea' id='block_1_19' title="bbox 463 3583 3795 3659">
    <p class='ocr_par' dir='ltr' id='par_1_19' title="bbox 463 3583 3795 3659">
     <span class='ocr_line' id='line_1_19' title="bbox 463 3583 3795 3659; baseline 0.002 -20"><span class='ocrx_word' id='word_1_74' title='bbox 463 3583 664 3654; x_wconf 86' lang='lat' dir='ltr'><strong>Operis</strong></span> <span class='ocrx_word' id='word_1_75' title='bbox 720 3585 1114 3654; x_wconf 91' lang='lat' dir='ltr'><strong>elucubrandi,</strong></span> <span class='ocrx_word' id='word_1_76' title='bbox 1165 3583 1559 3657; x_wconf 84' lang='lat' dir='ltr'><strong>qualecunque</strong></span> <span class='ocrx_word' id='word_1_77' title='bbox 1614 3589 1798 3658; x_wconf 78' lang='lat' dir='ltr'><strong>prodit</strong></span> <span class='ocrx_word' id='word_1_78' title='bbox 1880 3590 1939 3646; x_wconf 91' lang='lat' dir='ltr'><strong>in</strong></span> <span class='ocrx_word' id='word_1_79' title='bbox 1973 3589 2206 3656; x_wconf 61' lang='lat' dir='ltr'><strong>nucem,</strong></span> <span class='ocrx_word' id='word_1_80' title='bbox 2264 3592 2450 3647; x_wconf 88' lang='lat' dir='ltr'><strong>datam</strong></span> <span class='ocrx_word' id='word_1_81' title='bbox 2537 3591 2892 3648; x_wconf 86' lang='lat' dir='ltr'><strong>occasionem</strong></span> <span class='ocrx_word' id='word_1_82' title='bbox 2978 3589 3440 3659; x_wconf 85' lang='lat' dir='ltr'><strong>propositumque</strong></span> <span class='ocrx_word' id='word_1_83' title='bbox 3494 3588 3795 3645; x_wconf 86' lang='lat' dir='ltr'><strong>consilium</strong></span> 
     </span>
    </p>
   </div>
   <div class='ocr_carea' id='block_1_20' title="bbox 388 3673 3796 3748">
    <p class='ocr_par' dir='ltr' id='par_1_20' title="bbox 388 3673 3796 3748">
     <span class='ocr_line' id='line_1_20' title="bbox 388 3673 3796 3748; baseline 0.001 -22"><span class='ocrx_word' id='word_1_84' title='bbox 388 3673 588 3742; x_wconf 82' lang='lat' dir='ltr'><strong>paucis</strong></span> <span class='ocrx_word' id='word_1_85' title='bbox 641 3679 862 3747; x_wconf 79' lang='lat' dir='ltr'><strong>accipe,</strong></span> <span class='ocrx_word' id='word_1_86' title='bbox 923 3675 1121 3732; x_wconf 79' lang='lat' dir='ltr'><strong>Lector</strong></span> <span class='ocrx_word' id='word_1_87' title='bbox 1173 3673 1463 3730; x_wconf 82' lang='lat' dir='ltr'><strong>benevole.</strong></span> <span class='ocrx_word' id='word_1_88' title='bbox 1523 3675 1660 3732; x_wconf 90' lang='lat' dir='ltr'><strong>Cum</strong></span> <span class='ocrx_word' id='word_1_89' title='bbox 1717 3679 1870 3748; x_wconf 84' lang='lat' dir='ltr'><strong>typis</strong></span> <span class='ocrx_word' id='word_1_90' title='bbox 1922 3679 2151 3736; x_wconf 88' lang='lat' dir='ltr'><strong>Venetis</strong></span> <span class='ocrx_word' id='word_1_91' title='bbox 2210 3681 2530 3748; x_wconf 59' lang='lat' dir='ltr'><strong>Byzantina:</strong></span> <span class='ocrx_word' id='word_1_92' title='bbox 2575 3681 2834 3735; x_wconf 70' lang='lat' dir='ltr'><strong>Historiae</strong></span> <span class='ocrx_word' id='word_1_93' title='bbox 2891 3677 3182 3735; x_wconf 85' lang='lat' dir='ltr'><strong>volumina</strong></span> <span class='ocrx_word' id='word_1_94' title='bbox 3236 3693 3388 3734; x_wconf 87' lang='lat' dir='ltr'><strong>anno</strong></span> <span class='ocrx_word' id='word_1_95' title='bbox 3433 3678 3572 3732; x_wconf 78' lang='grc'><strong>4729</strong></span> <span class='ocrx_word' id='word_1_96' title='bbox 3605 3677 3796 3733; x_wconf 88' lang='lat' dir='ltr'><strong>recudi</strong></span> 
     </span>
    </p>
   </div>
   <div class='ocr_carea' id='block_1_21' title="bbox 388 3765 3792 3840">
    <p class='ocr_par' dir='ltr' id='par_1_21' title="bbox 388 3765 3792 3840">
     <span class='ocr_line' id='line_1_21' title="bbox 388 3765 3792 3840; baseline -0.002 -15"><span class='ocrx_word' id='word_1_97' title='bbox 388 3774 578 3840; x_wconf 71' lang='lat' dir='ltr'><strong>empta</strong></span> <span class='ocrx_word' id='word_1_98' title='bbox 625 3767 862 3834; x_wconf 81' lang='lat' dir='ltr'><strong>fuerint,</strong></span> <span class='ocrx_word' id='word_1_99' title='bbox 889 3781 1036 3820; x_wconf 89' lang='lat' dir='ltr'><strong>nova</strong></span> <span class='ocrx_word' id='word_1_100' title='bbox 1068 3765 1188 3821; x_wconf 82' lang='lat' dir='ltr'><strong>haec</strong></span> <span class='ocrx_word' id='word_1_101' title='bbox 1240 3768 1410 3825; x_wconf 88' lang='lat' dir='ltr'>editio</span> <span class='ocrx_word' id='word_1_102' title='bbox 1464 3770 1703 3840; x_wconf 86' lang='lat' dir='ltr'><strong>pretium</strong></span> <span class='ocrx_word' id='word_1_103' title='bbox 1763 3769 1988 3839; x_wconf 84' lang='lat' dir='ltr'><strong>aliquod</strong></span> <span class='ocrx_word' id='word_1_104' title='bbox 2038 3776 2098 3824; x_wconf 95' lang='lat' dir='ltr'><strong>ut</strong></span> <span class='ocrx_word' id='word_1_105' title='bbox 2151 3769 2403 3835; x_wconf 86' lang='lat' dir='ltr'><strong>haberet,</strong></span> <span class='ocrx_word' id='word_1_106' title='bbox 2436 3769 2581 3825; x_wconf 88' lang='lat' dir='ltr'>nihil</span> <span class='ocrx_word' id='word_1_107' title='bbox 2636 3771 2706 3823; x_wconf 90' lang='lat' dir='ltr'><strong>ab</strong></span> <span class='ocrx_word' id='word_1_108' title='bbox 2762 3786 2828 3825; x_wconf 87' lang='lat' dir='ltr'><strong>eo</strong></span> <span class='ocrx_word' id='word_1_109' title='bbox 2876 3770 2972 3840; x_wconf 92' lang='lat' dir='ltr'><strong>qui</strong></span> <span class='ocrx_word' id='word_1_110' title='bbox 3022 3786 3216 3826; x_wconf 89' lang='lat' dir='ltr'><strong>curam</strong></span> <span class='ocrx_word' id='word_1_111' title='bbox 3246 3771 3366 3838; x_wconf 86' lang='lat' dir='ltr'><strong>ejus</strong></span> <span class='ocrx_word' id='word_1_112' title='bbox 3395 3773 3792 3837; x_wconf 89' lang='lat' dir='ltr'><strong>assumpserat,</strong></span> 
     </span>
    </p>
   </div>
   <div class='ocr_carea' id='block_1_22' title="bbox 385 3855 3795 3929">
    <p class='ocr_par' dir='ltr' id='par_1_22' title="bbox 385 3855 3795 3929">
     <span class='ocr_line' id='line_1_22' title="bbox 385 3855 3795 3929; baseline -0.001 -17"><span class='ocrx_word' id='word_1_113' title='bbox 385 3857 845 3928; x_wconf 69' lang='lat' dir='ltr'><strong>praetermissum</strong></span> <span class='ocrx_word' id='word_1_114' title='bbox 886 3855 1192 3925; x_wconf 62' lang='lat' dir='ltr'><strong>diligentia</strong></span> <span class='ocrx_word' id='word_1_115' title='bbox 1243 3856 1368 3928; x_wconf 85' lang='lat' dir='ltr'><strong>fuit,</strong></span> <span class='ocrx_word' id='word_1_116' title='bbox 1426 3873 1536 3928; x_wconf 89' lang='lat' dir='ltr'><strong>quo</strong></span> <span class='ocrx_word' id='word_1_117' title='bbox 1587 3858 1922 3913; x_wconf 86' lang='lat' dir='ltr'><strong>accederent</strong></span> <span class='ocrx_word' id='word_1_118' title='bbox 1952 3873 2081 3914; x_wconf 91' lang='lat' dir='ltr'><strong>cum</strong></span> <span class='ocrx_word' id='word_1_119' title='bbox 2135 3859 2518 3914; x_wconf 89' lang='lat' dir='ltr'><strong>emolumento</strong></span> <span class='ocrx_word' id='word_1_120' title='bbox 2566 3871 2754 3929; x_wconf 87' lang='lat' dir='ltr'><strong>opera,</strong></span> <span class='ocrx_word' id='word_1_121' title='bbox 2787 3859 2871 3913; x_wconf 88' lang='lat' dir='ltr'><strong>vel</strong></span> <span class='ocrx_word' id='word_1_122' title='bbox 2927 3861 3220 3929; x_wconf 82' lang='lat' dir='ltr'><strong>Opuscula,</strong></span> <span class='ocrx_word' id='word_1_123' title='bbox 3251 3859 3297 3913; x_wconf 91' lang='lat' dir='ltr'><strong>si</strong></span> <span class='ocrx_word' id='word_1_124' title='bbox 3364 3873 3473 3928; x_wconf 88' lang='lat' dir='ltr'><strong>qua</strong></span> <span class='ocrx_word' id='word_1_125' title='bbox 3517 3857 3585 3911; x_wconf 89' lang='lat' dir='ltr'><strong>ad</strong></span> <span class='ocrx_word' id='word_1_126' title='bbox 3645 3855 3795 3910; x_wconf 93' lang='lat' dir='ltr'><strong>idem</strong></span> 
     </span>
    </p>
   </div>
   <div class='ocr_carea' id='block_1_23' title="bbox 384 3944 3797 4017">
    <p class='ocr_par' dir='ltr' id='par_1_23' title="bbox 384 3944 3797 4017">
     <span class='ocr_line' id='line_1_23' title="bbox 384 3944 3797 4017; baseline -0.001 -16"><span class='ocrx_word' id='word_1_127' title='bbox 384 3953 791 4015; x_wconf 70' lang='lat' dir='ltr'><strong>argumentum</strong></span> <span class='ocrx_word' id='word_1_128' title='bbox 843 3944 1156 4014; x_wconf 81' lang='lat' dir='ltr'><strong>spectantia</strong></span> <span class='ocrx_word' id='word_1_129' title='bbox 1185 3945 1439 4000; x_wconf 89' lang='lat' dir='ltr'><strong>nondum</strong></span> <span class='ocrx_word' id='word_1_130' title='bbox 1495 3946 1642 4002; x_wconf 88' lang='lat' dir='ltr'><strong>edita</strong></span> <span class='ocrx_word' id='word_1_131' title='bbox 1671 3946 1876 4001; x_wconf 80' lang='lat' dir='ltr'><strong>forent.</strong></span> <span class='ocrx_word' id='word_1_132' title='bbox 1907 3947 1988 4001; x_wconf 85' lang='lat' dir='ltr'><strong>Ad</strong></span> <span class='ocrx_word' id='word_1_133' title='bbox 2036 3947 2250 4002; x_wconf 91' lang='lat' dir='ltr'><strong>amicos</strong></span> <span class='ocrx_word' id='word_1_134' title='bbox 2300 3947 2683 4017; x_wconf 87' lang='lat' dir='ltr'><strong>litteratosque</strong></span> <span class='ocrx_word' id='word_1_135' title='bbox 2741 3948 2888 4002; x_wconf 89' lang='lat' dir='ltr'><strong>viros</strong></span> <span class='ocrx_word' id='word_1_136' title='bbox 2917 3948 3065 4002; x_wconf 88' lang='lat' dir='ltr'><strong>intra</strong></span> <span class='ocrx_word' id='word_1_137' title='bbox 3113 3956 3165 4003; x_wconf 88' lang='lat' dir='ltr'><strong>et</strong></span> <span class='ocrx_word' id='word_1_138' title='bbox 3221 3954 3376 4002; x_wconf 83' lang='lat' dir='ltr'><strong>extra</strong></span> <span class='ocrx_word' id='word_1_139' title='bbox 3405 3945 3623 4000; x_wconf 87' lang='lat' dir='ltr'><strong>Italiam</strong></span> <span class='ocrx_word' id='word_1_140' title='bbox 3654 3944 3797 3999; x_wconf 68' lang='lat' dir='ltr'><strong>datae</strong></span> 
     </span>
    </p>
   </div>
   <div class='ocr_carea' id='block_1_24' title="bbox 385 4032 3796 4106">
    <p class='ocr_par' dir='ltr' id='par_1_24' title="bbox 385 4032 3796 4106">
     <span class='ocr_line' id='line_1_24' title="bbox 385 4032 3796 4106; baseline -0.001 -18"><span class='ocrx_word' id='word_1_141' title='bbox 385 4034 592 4090; x_wconf 69' lang='lat' dir='ltr'><strong>littera</strong></span> <span class='ocrx_word' id='word_1_142' title='bbox 621 4040 783 4099; x_wconf 76' lang='lat' dir='ltr'><strong>sunt,</strong></span> <span class='ocrx_word' id='word_1_143' title='bbox 814 4033 973 4102; x_wconf 86' lang='lat' dir='ltr'><strong>queis</strong></span> <span class='ocrx_word' id='word_1_144' title='bbox 1032 4032 1380 4102; x_wconf 82' lang='lat' dir='ltr'><strong>urgebantur</strong></span> <span class='ocrx_word' id='word_1_145' title='bbox 1424 4035 1556 4104; x_wconf 87' lang='lat' dir='ltr'><strong>ipsi,</strong></span> <span class='ocrx_word' id='word_1_146' title='bbox 1591 4041 1646 4089; x_wconf 93' lang='lat' dir='ltr'><strong>ut</strong></span> <span class='ocrx_word' id='word_1_147' title='bbox 1705 4051 1836 4090; x_wconf 91' lang='lat' dir='ltr'><strong>suas</strong></span> <span class='ocrx_word' id='word_1_148' title='bbox 1865 4051 1965 4104; x_wconf 85' lang='lat' dir='ltr'><strong>pro</strong></span> <span class='ocrx_word' id='word_1_149' title='bbox 2022 4035 2370 4092; x_wconf 86' lang='lat' dir='ltr'><strong>humanitate</strong></span> <span class='ocrx_word' id='word_1_150' title='bbox 2421 4037 2592 4092; x_wconf 91' lang='lat' dir='ltr'><strong>veluti</strong></span> <span class='ocrx_word' id='word_1_151' title='bbox 2640 4037 2926 4106; x_wconf 86' lang='lat' dir='ltr'><strong>symbolas</strong></span> <span class='ocrx_word' id='word_1_152' title='bbox 2981 4037 3304 4092; x_wconf 84' lang='lat' dir='ltr'><strong>conferrent</strong></span> <span class='ocrx_word' id='word_1_153' title='bbox 3356 4035 3424 4090; x_wconf 91' lang='lat' dir='ltr'><strong>ad</strong></span> <span class='ocrx_word' id='word_1_154' title='bbox 3473 4049 3630 4089; x_wconf 63' lang='lat' dir='ltr'><strong>nova</strong></span> <span class='ocrx_word' id='word_1_155' title='bbox 3678 4032 3796 4087; x_wconf 93' lang='lat' dir='ltr'><strong>edi-</strong></span> 
     </span>
    </p>
   </div>
   <div class='ocr_carea' id='block_1_25' title="bbox 381 4120 3798 4196">
    <p class='ocr_par' dir='ltr' id='par_1_25' title="bbox 381 4120 3798 4196">
     <span class='ocr_line' id='line_1_25' title="bbox 381 4120 3798 4196; baseline -0 -20"><span class='ocrx_word' id='word_1_156' title='bbox 381 4121 561 4178; x_wconf 83' lang='lat' dir='ltr'><strong>tionis</strong></span> <span class='ocrx_word' id='word_1_157' title='bbox 618 4120 1146 4190; x_wconf 81' lang='lat' dir='ltr'><strong>ampliﬁoationem.</strong></span> <span class='ocrx_word' id='word_1_158' title='bbox 1209 4121 1842 4192; x_wconf 85' lang='lat' dir='ltr'><strong>Lugduno-Batavorum</strong></span> <span class='ocrx_word' id='word_1_159' title='bbox 1900 4124 2149 4195; x_wconf 74' lang='lat' dir='ltr'><strong>epistolae</strong></span> <span class='ocrx_word' id='word_1_160' title='bbox 2205 4125 2467 4194; x_wconf 85' lang='lat' dir='ltr'><strong>plurimae</strong></span> <span class='ocrx_word' id='word_1_161' title='bbox 2518 4133 2570 4180; x_wconf 87' lang='lat' dir='ltr'><strong>et</strong></span> <span class='ocrx_word' id='word_1_162' title='bbox 2599 4126 2870 4196; x_wconf 88' lang='lat' dir='ltr'><strong>opuscula</strong></span> <span class='ocrx_word' id='word_1_163' title='bbox 2910 4126 3230 4196; x_wconf 86' lang='lat' dir='ltr'><strong>argumenti</strong></span> <span class='ocrx_word' id='word_1_164' title='bbox 3257 4124 3396 4179; x_wconf 88' lang='lat' dir='ltr'><strong>varii</strong></span> <span class='ocrx_word' id='word_1_165' title='bbox 3445 4138 3568 4193; x_wconf 84' lang='lat' dir='ltr'><strong>quae</strong></span> <span class='ocrx_word' id='word_1_166' title='bbox 3626 4121 3798 4176; x_wconf 91' lang='lat' dir='ltr'><strong>Geor-</strong></span> 
     </span>
    </p>
   </div>
   <div class='ocr_carea' id='block_1_26' title="bbox 377 4209 3798 4284">
    <p class='ocr_par' dir='ltr' id='par_1_26' title="bbox 377 4209 3798 4284">
     <span class='ocr_line' id='line_1_26' title="bbox 377 4209 3798 4284; baseline -0 -19"><span class='ocrx_word' id='word_1_167' title='bbox 377 4211 536 4279; x_wconf 84' lang='lat' dir='ltr'><strong>gius,</strong></span> <span class='ocrx_word' id='word_1_168' title='bbox 567 4226 667 4267; x_wconf 88' lang='lat' dir='ltr'><strong>seu</strong></span> <span class='ocrx_word' id='word_1_169' title='bbox 702 4209 1008 4280; x_wconf 75' lang='lat' dir='ltr'><strong>Gregorius</strong></span> <span class='ocrx_word' id='word_1_170' title='bbox 1032 4209 1292 4282; x_wconf 85' lang='lat' dir='ltr'><strong>Cyprius,</strong></span> <span class='ocrx_word' id='word_1_171' title='bbox 1323 4209 1639 4268; x_wconf 87' lang='lat' dir='ltr'><strong>litterarum</strong></span> <span class='ocrx_word' id='word_1_172' title='bbox 1697 4212 1932 4268; x_wconf 91' lang='lat' dir='ltr'><strong>nomine</strong></span> <span class='ocrx_word' id='word_1_173' title='bbox 1963 4213 2169 4280; x_wconf 88' lang='lat' dir='ltr'><strong>clarus,</strong></span> <span class='ocrx_word' id='word_1_174' title='bbox 2196 4230 2262 4270; x_wconf 88' lang='lat' dir='ltr'><strong>ac</strong></span> <span class='ocrx_word' id='word_1_175' title='bbox 2320 4214 2652 4284; x_wconf 66' lang='lat' dir='ltr'><strong>patriarchae</strong></span> <span class='ocrx_word' id='word_1_176' title='bbox 2698 4213 3309 4284; x_wconf 82' lang='lat' dir='ltr'><strong>ConstantinOpolitani</strong></span> <span class='ocrx_word' id='word_1_177' title='bbox 3357 4211 3628 4281; x_wconf 78' lang='lat' dir='ltr'><strong>dignitate</strong></span> <span class='ocrx_word' id='word_1_178' title='bbox 3665 4225 3798 4265; x_wconf 89' lang='lat' dir='ltr'><strong>con-</strong></span> 
     </span>
    </p>
   </div>
   <div class='ocr_carea' id='block_1_27' title="bbox 376 4297 3803 4374">
    <p class='ocr_par' dir='ltr' id='par_1_27' title="bbox 376 4297 3803 4374">
     <span class='ocr_line' id='line_1_27' title="bbox 376 4297 3803 4374; baseline -0.002 -16"><span class='ocrx_word' id='word_1_179' title='bbox 376 4303 632 4374; x_wconf 76' lang='lat' dir='ltr'><strong>spicuus,</strong></span> <span class='ocrx_word' id='word_1_180' title='bbox 677 4299 1072 4356; x_wconf 87' lang='lat' dir='ltr'><strong>tertiodecimo</strong></span> <span class='ocrx_word' id='word_1_181' title='bbox 1128 4315 1256 4355; x_wconf 69' lang='lat' dir='ltr'><strong>terte</strong></span> <span class='ocrx_word' id='word_1_182' title='bbox 1307 4299 1644 4356; x_wconf 71' lang='lat' dir='ltr'><strong>Christianae</strong></span> <span class='ocrx_word' id='word_1_183' title='bbox 1703 4301 1910 4357; x_wconf 72' lang='lat' dir='ltr'><strong>saeculo</strong></span> <span class='ocrx_word' id='word_1_184' title='bbox 1969 4303 2293 4373; x_wconf 85' lang='lat' dir='ltr'><strong>scripserat,</strong></span> <span class='ocrx_word' id='word_1_185' title='bbox 2325 4305 2650 4359; x_wconf 84' lang='lat' dir='ltr'><strong>transmissa</strong></span> <span class='ocrx_word' id='word_1_186' title='bbox 2706 4304 2882 4369; x_wconf 85' lang='lat' dir='ltr'><strong>fuere,</strong></span> <span class='ocrx_word' id='word_1_187' title='bbox 2913 4301 3296 4359; x_wconf 85' lang='lat' dir='ltr'><strong>voluminibus</strong></span> <span class='ocrx_word' id='word_1_188' title='bbox 3342 4315 3514 4356; x_wconf 89' lang='lat' dir='ltr'><strong>manu</strong></span> <span class='ocrx_word' id='word_1_189' title='bbox 3565 4297 3803 4354; x_wconf 80' lang='lat' dir='ltr'><strong>exaratis</strong></span> 
     </span>
    </p>
   </div>
   <div class='ocr_carea' id='block_1_28' title="bbox 378 4385 3799 4461">
    <p class='ocr_par' dir='ltr' id='par_1_28' title="bbox 378 4385 3799 4461">
     <span class='ocr_line' id='line_1_28' title="bbox 378 4385 3799 4461; baseline -0.001 -17"><span class='ocrx_word' id='word_1_190' title='bbox 378 4388 803 4459; x_wconf 87' lang='lat' dir='ltr'><strong>comprehensa</strong></span> <span class='ocrx_word' id='word_1_191' title='bbox 833 4385 1075 4457; x_wconf 76' lang='lat' dir='ltr'><strong>duob0s,</strong></span> <span class='ocrx_word' id='word_1_192' title='bbox 1116 4401 1356 4458; x_wconf 88' lang='lat' dir='ltr'><strong>quorum</strong></span> <span class='ocrx_word' id='word_1_193' title='bbox 1388 4389 1627 4443; x_wconf 86' lang='lat' dir='ltr'><strong>alterum</strong></span> <span class='ocrx_word' id='word_1_194' title='bbox 1656 4389 1915 4445; x_wconf 77' lang='lat' dir='ltr'><strong>Graecum</strong></span> <span class='ocrx_word' id='word_1_195' title='bbox 1971 4397 2183 4445; x_wconf 84' lang='lat' dir='ltr'><strong>textum</strong></span> <span class='ocrx_word' id='word_1_196' title='bbox 2213 4392 2623 4461; x_wconf 87' lang='lat' dir='ltr'><strong>complectitur.</strong></span> <span class='ocrx_word' id='word_1_197' title='bbox 2654 4393 2903 4446; x_wconf 79' lang='lat' dir='ltr'><strong>Latinam</strong></span> <span class='ocrx_word' id='word_1_198' title='bbox 2937 4392 3254 4448; x_wconf 85' lang='lat' dir='ltr'><strong>versionem</strong></span> <span class='ocrx_word' id='word_1_199' title='bbox 3285 4389 3522 4443; x_wconf 89' lang='lat' dir='ltr'><strong>alterum</strong></span> <span class='ocrx_word' id='word_1_200' title='bbox 3564 4386 3634 4441; x_wconf 87' lang='lat' dir='ltr'><strong>ab</strong></span> <span class='ocrx_word' id='word_1_201' title='bbox 3664 4401 3799 4440; x_wconf 88' lang='lat' dir='ltr'><strong>ano-</strong></span> 
     </span>
    </p>
   </div>
   <div class='ocr_carea' id='block_1_29' title="bbox 383 4473 3805 4547">
    <p class='ocr_par' dir='ltr' id='par_1_29' title="bbox 383 4473 3805 4547">
     <span class='ocr_line' id='line_1_29' title="bbox 383 4473 3805 4547; baseline -0.002 -13"><span class='ocrx_word' id='word_1_202' title='bbox 383 4494 559 4547; x_wconf 81' lang='lat' dir='ltr'><strong>nymo</strong></span> <span class='ocrx_word' id='word_1_203' title='bbox 619 4477 863 4547; x_wconf 84' lang='lat' dir='ltr'><strong>quodam</strong></span> <span class='ocrx_word' id='word_1_204' title='bbox 922 4477 1046 4547; x_wconf 87' lang='lat' dir='ltr'><strong>ejus</strong></span> <span class='ocrx_word' id='word_1_205' title='bbox 1080 4476 1190 4532; x_wconf 89' lang='lat' dir='ltr'><strong>loci</strong></span> <span class='ocrx_word' id='word_1_206' title='bbox 1250 4478 1673 4533; x_wconf 89' lang='lat' dir='ltr'><strong>concinnatam.</strong></span> <span class='ocrx_word' id='word_1_207' title='bbox 1729 4479 1975 4534; x_wconf 91' lang='lat' dir='ltr'><strong>Edilioni</strong></span> <span class='ocrx_word' id='word_1_208' title='bbox 2019 4480 2245 4534; x_wconf 71' lang='lat' dir='ltr'><strong>Veneta}</strong></span> <span class='ocrx_word' id='word_1_209' title='bbox 2298 4480 2370 4534; x_wconf 88' lang='lat' dir='ltr'><strong>ita</strong></span> <span class='ocrx_word' id='word_1_210' title='bbox 2431 4478 2817 4534; x_wconf 88' lang='lat' dir='ltr'><strong>consulentem</strong></span> <span class='ocrx_word' id='word_1_211' title='bbox 2859 4479 3128 4545; x_wconf 88' lang='lat' dir='ltr'><strong>amicum,</strong></span> <span class='ocrx_word' id='word_1_212' title='bbox 3164 4495 3276 4547; x_wconf 67' lang='lat' dir='ltr'><strong>prae</strong></span> <span class='ocrx_word' id='word_1_213' title='bbox 3331 4475 3510 4532; x_wconf 91' lang='lat' dir='ltr'><strong>oculis</strong></span> <span class='ocrx_word' id='word_1_214' title='bbox 3544 4473 3805 4530; x_wconf 81' lang='lat' dir='ltr'><strong>habuisse</strong></span> 
     </span>
    </p>
   </div>
   <div class='ocr_carea' id='block_1_30' title="bbox 381 4564 3805 4638">
    <p class='ocr_par' dir='ltr' id='par_1_30' title="bbox 381 4564 3805 4638">
     <span class='ocr_line' id='line_1_30' title="bbox 381 4564 3805 4638; baseline -0.001 -16"><span class='ocrx_word' id='word_1_215' title='bbox 381 4567 696 4638; x_wconf 73' lang='lat' dir='ltr'><strong>putaverim</strong></span> <span class='ocrx_word' id='word_1_216' title='bbox 770 4565 918 4620; x_wconf 85' lang='lat' dir='ltr'><strong>Petri</strong></span> <span class='ocrx_word' id='word_1_217' title='bbox 977 4564 1278 4634; x_wconf 68' lang='lat' dir='ltr'><strong>Lambecii,</strong></span> <span class='ocrx_word' id='word_1_218' title='bbox 1325 4565 1433 4620; x_wconf 83' lang='lat' dir='ltr'><strong>viri</strong></span> <span class='ocrx_word' id='word_1_219' title='bbox 1490 4566 1866 4633; x_wconf 85' lang='lat' dir='ltr'><strong>celeberrimi,</strong></span> <span class='ocrx_word' id='word_1_220' title='bbox 1923 4568 2336 4622; x_wconf 82' lang='lat' dir='ltr'><strong>adnotationem</strong></span> <span class='ocrx_word' id='word_1_221' title='bbox 2395 4569 2461 4621; x_wconf 84' lang='lat' dir='ltr'><strong>ad</strong></span> <span class='ocrx_word' id='word_1_222' title='bbox 2522 4567 2760 4622; x_wconf 86' lang='lat' dir='ltr'><strong>similem</strong></span> <span class='ocrx_word' id='word_1_223' title='bbox 2822 4565 3592 4621; x_wconf 78' lang='lat' dir='ltr'><strong>Caesareo-Vindobonensem</strong></span> <span class='ocrx_word' id='word_1_224' title='bbox 3643 4567 3805 4620; x_wconf 87' lang='lat' dir='ltr'><strong>codi-</strong></span> 
     </span>
    </p>
   </div>
   <div class='ocr_carea' id='block_1_31' title="bbox 388 4651 3797 4727">
    <p class='ocr_par' dir='ltr' id='par_1_31' title="bbox 388 4651 3797 4727">
     <span class='ocr_line' id='line_1_31' title="bbox 388 4651 3797 4727; baseline -0 -17"><span class='ocrx_word' id='word_1_225' title='bbox 388 4670 535 4721; x_wconf 85' lang='lat' dir='ltr'><strong>cem,</strong></span> <span class='ocrx_word' id='word_1_226' title='bbox 565 4655 712 4711; x_wconf 91' lang='lat' dir='ltr'><strong>libro</strong></span> <span class='ocrx_word' id='word_1_227' title='bbox 743 4671 848 4708; x_wconf 81' lang='lat' dir='ltr'><strong>vni</strong></span> <span class='ocrx_word' id='word_1_228' title='bbox 903 4653 1266 4709; x_wconf 81' lang='lat' dir='ltr'><strong>Bibliothecae</strong></span> <span class='ocrx_word' id='word_1_229' title='bbox 1313 4654 1652 4710; x_wconf 89' lang='lat' dir='ltr'><strong>recensitum</strong></span> <span class='ocrx_word' id='word_1_230' title='bbox 1682 4672 1694 4710; x_wconf 95' lang='lat'>:</span> <span class='ocrx_word' id='word_1_231' title='bbox 1727 4657 2082 4723; x_wconf 78' lang='lat' dir='ltr'><strong>Dignissimaz</strong></span> <span class='ocrx_word' id='word_1_232' title='bbox 2123 4659 2365 4727; x_wconf 80' lang='lat' dir='ltr'><strong>profecto</strong></span> <span class='ocrx_word' id='word_1_233' title='bbox 2419 4661 2569 4726; x_wconf 84' lang='lat' dir='ltr'><strong>sunt,</strong></span> <span class='ocrx_word' id='word_1_234' title='bbox 2609 4655 2941 4724; x_wconf 88' lang='lat' dir='ltr'><strong>inquieutis,</strong></span> <span class='ocrx_word' id='word_1_235' title='bbox 2973 4671 3156 4709; x_wconf 86' lang='lat' dir='ltr'><strong>omnes</strong></span> <span class='ocrx_word' id='word_1_236' title='bbox 3186 4655 3304 4710; x_wconf 69' lang='lat' dir='ltr'><strong>illae</strong></span> <span class='ocrx_word' id='word_1_237' title='bbox 3331 4651 3586 4725; x_wconf 72' lang='lat' dir='ltr'><strong>epistola:</strong></span> <span class='ocrx_word' id='word_1_238' title='bbox 3640 4655 3797 4722; x_wconf 81' lang='lat' dir='ltr'><strong>(Gre-</strong></span> 
     </span>
    </p>
   </div>
   <div class='ocr_carea' id='block_1_32' title="bbox 383 4742 3798 4815">
    <p class='ocr_par' dir='ltr' id='par_1_32' title="bbox 383 4742 3798 4815">
     <span class='ocr_line' id='line_1_32' title="bbox 383 4742 3798 4815; baseline -0 -17"><span class='ocrx_word' id='word_1_239' title='bbox 383 4743 524 4811; x_wconf 75' lang='lat' dir='ltr'><strong>gorii</strong></span> <span class='ocrx_word' id='word_1_240' title='bbox 550 4742 790 4814; x_wconf 82' lang='lat' dir='ltr'><strong>Cyprii,)</strong></span> <span class='ocrx_word' id='word_1_241' title='bbox 815 4749 887 4797; x_wconf 79' lang='lat' dir='ltr'><strong>ut</strong></span> <span class='ocrx_word' id='word_1_242' title='bbox 934 4745 1210 4813; x_wconf 83' lang='lat' dir='ltr'><strong>tanquam</strong></span> <span class='ocrx_word' id='word_1_243' title='bbox 1255 4743 1524 4798; x_wconf 73' lang='lat' dir='ltr'><strong>eximium</strong></span> <span class='ocrx_word' id='word_1_244' title='bbox 1569 4746 1832 4814; x_wconf 80' lang='lat' dir='ltr'><strong>Corporis</strong></span> <span class='ocrx_word' id='word_1_245' title='bbox 1885 4746 2143 4802; x_wconf 57' lang='lat' dir='ltr'><strong>Historia:</strong></span> <span class='ocrx_word' id='word_1_246' title='bbox 2197 4745 2522 4815; x_wconf 77' lang='lat' dir='ltr'><strong>Byzantina:</strong></span> <span class='ocrx_word' id='word_1_247' title='bbox 2564 4745 3020 4814; x_wconf 80' lang='lat' dir='ltr'><strong>supplementum,</strong></span> <span class='ocrx_word' id='word_1_248' title='bbox 3056 4743 3230 4798; x_wconf 74' lang='lat' dir='ltr'><strong>Greece</strong></span> <span class='ocrx_word' id='word_1_249' title='bbox 3285 4752 3337 4798; x_wconf 87' lang='lat' dir='ltr'><strong>et</strong></span> <span class='ocrx_word' id='word_1_250' title='bbox 3383 4744 3596 4807; x_wconf 79' lang='lat' dir='ltr'><strong>Latine,</strong></span> <span class='ocrx_word' id='word_1_251' title='bbox 3629 4745 3690 4796; x_wconf 83' lang='lat' dir='ltr'><strong>in</strong></span> <span class='ocrx_word' id='word_1_252' title='bbox 3719 4743 3798 4797; x_wconf 85' lang='lat' dir='ltr'><strong>lu-</strong></span> 
     </span>
    </p>
   </div>
   <div class='ocr_carea' id='block_1_33' title="bbox 390 4830 3798 4906">
    <p class='ocr_par' dir='ltr' id='par_1_33' title="bbox 390 4830 3798 4906">
     <span class='ocr_line' id='line_1_33' title="bbox 390 4830 3798 4906; baseline -0.001 -18"><span class='ocrx_word' id='word_1_253' title='bbox 390 4847 504 4888; x_wconf 68' lang='lat' dir='ltr'><strong>am</strong></span> <span class='ocrx_word' id='word_1_254' title='bbox 528 4834 909 4904; x_wconf 75' lang='lat' dir='ltr'><strong>proferantur,</strong></span> <span class='ocrx_word' id='word_1_255' title='bbox 940 4838 992 4886; x_wconf 87' lang='lat' dir='ltr'><strong>et</strong></span> <span class='ocrx_word' id='word_1_256' title='bbox 1020 4830 1238 4902; x_wconf 82' lang='lat' dir='ltr'><strong>quidem</strong></span> <span class='ocrx_word' id='word_1_257' title='bbox 1262 4833 1608 4903; x_wconf 84' lang='lat' dir='ltr'><strong>potissimum</strong></span> <span class='ocrx_word' id='word_1_258' title='bbox 1639 4832 1704 4887; x_wconf 82' lang='lat' dir='ltr'><strong>ob</strong></span> <span class='ocrx_word' id='word_1_259' title='bbox 1735 4831 1952 4902; x_wconf 80' lang='lat' dir='ltr'><strong>Georgii</strong></span> <span class='ocrx_word' id='word_1_260' title='bbox 1995 4834 2350 4906; x_wconf 85' lang='lat' dir='ltr'><strong>Pachymeris</strong></span> <span class='ocrx_word' id='word_1_261' title='bbox 2403 4834 2702 4889; x_wconf 79' lang='lat' dir='ltr'><strong>Historiam</strong></span> <span class='ocrx_word' id='word_1_262' title='bbox 2757 4834 2984 4903; x_wconf 86' lang='lat' dir='ltr'><strong>imperii</strong></span> <span class='ocrx_word' id='word_1_263' title='bbox 3007 4832 3310 4887; x_wconf 82' lang='lat' dir='ltr'><strong>Andronici</strong></span> <span class='ocrx_word' id='word_1_264' title='bbox 3361 4832 3663 4900; x_wconf 61' lang='lat' dir='ltr'><strong>Palwologi</strong></span> <span class='ocrx_word' id='word_1_265' title='bbox 3711 4848 3798 4887; x_wconf 85' lang='lat' dir='ltr'><strong>se-</strong></span> 
     </span>
    </p>
   </div>
   <div class='ocr_carea' id='block_1_34' title="bbox 381 4919 3798 4995">
    <p class='ocr_par' dir='ltr' id='par_1_34' title="bbox 381 4919 3798 4995">
     <span class='ocr_line' id='line_1_34' title="bbox 381 4919 3798 4995; baseline 0 -19"><span class='ocrx_word' id='word_1_266' title='bbox 381 4924 583 4992; x_wconf 66' lang='lat' dir='ltr'><strong>utaris,</strong></span> <span class='ocrx_word' id='word_1_267' title='bbox 603 4922 805 4994; x_wconf 76' lang='lat' dir='ltr'><strong>quippe</strong></span> <span class='ocrx_word' id='word_1_268' title='bbox 823 4935 948 4992; x_wconf 59' lang='lat' dir='ltr'><strong>qua</strong></span> <span class='ocrx_word' id='word_1_269' title='bbox 985 4919 1187 4974; x_wconf 84' lang='lat' dir='ltr'><strong>harum</strong></span> <span class='ocrx_word' id='word_1_270' title='bbox 1238 4919 1496 4989; x_wconf 78' lang='lat' dir='ltr'><strong>beneﬁcio</strong></span> <span class='ocrx_word' id='word_1_271' title='bbox 1549 4921 1903 4992; x_wconf 77' lang='lat' dir='ltr'><strong>epistularum</strong></span> <span class='ocrx_word' id='word_1_272' title='bbox 1930 4922 2069 4994; x_wconf 91' lang='lat' dir='ltr'><strong>(imo</strong></span> <span class='ocrx_word' id='word_1_273' title='bbox 2127 4924 2293 4979; x_wconf 88' lang='lat' dir='ltr'><strong>etiam</strong></span> <span class='ocrx_word' id='word_1_274' title='bbox 2343 4922 2792 4995; x_wconf 84' lang='lat' dir='ltr'><strong>opusculorum,)</strong></span> <span class='ocrx_word' id='word_1_275' title='bbox 2823 4923 3128 4977; x_wconf 81' lang='lat' dir='ltr'><strong>innumeris</strong></span> <span class='ocrx_word' id='word_1_276' title='bbox 3173 4924 3288 4992; x_wconf 83' lang='lat' dir='ltr'><strong>fere</strong></span> <span class='ocrx_word' id='word_1_277' title='bbox 3341 4922 3472 4978; x_wconf 85' lang='lat' dir='ltr'><strong>locis</strong></span> <span class='ocrx_word' id='word_1_278' title='bbox 3518 4923 3798 4977; x_wconf 82' lang='lat' dir='ltr'><strong>illustrari</strong></span> 
     </span>
    </p>
   </div>
   <div class='ocr_carea' id='block_1_35' title="bbox 377 5007 3797 5082">
    <p class='ocr_par' dir='ltr' id='par_1_35' title="bbox 377 5007 3797 5082">
     <span class='ocr_line' id='line_1_35' title="bbox 377 5007 3797 5082; baseline -0 -15"><span class='ocrx_word' id='word_1_279' title='bbox 377 5014 574 5082; x_wconf 73' lang='lat' dir='ltr'><strong>potest.</strong></span> <span class='ocrx_word' id='word_1_280' title='bbox 609 5009 745 5066; x_wconf 59' lang='lat' dir='ltr'><strong>Haec</strong></span> <span class='ocrx_word' id='word_1_281' title='bbox 771 5010 970 5066; x_wconf 82' lang='lat' dir='ltr'><strong>eadem</strong></span> <span class='ocrx_word' id='word_1_282' title='bbox 1003 5016 1084 5064; x_wconf 88' lang='lat' dir='ltr'><strong>est</strong></span> <span class='ocrx_word' id='word_1_283' title='bbox 1123 5007 1376 5065; x_wconf 89' lang='lat' dir='ltr'><strong>Daniclis</strong></span> <span class='ocrx_word' id='word_1_284' title='bbox 1434 5009 1673 5066; x_wconf 89' lang='lat' dir='ltr'><strong>Nesselii</strong></span> <span class='ocrx_word' id='word_1_285' title='bbox 1729 5012 2142 5068; x_wconf 83' lang='lat' dir='ltr'><strong>animadversio</strong></span> <span class='ocrx_word' id='word_1_286' title='bbox 2197 5013 2260 5068; x_wconf 90' lang='lat' dir='ltr'><strong>in</strong></span> <span class='ocrx_word' id='word_1_287' title='bbox 2301 5012 2562 5081; x_wconf 80' lang='lat' dir='ltr'><strong>Catalogo</strong></span> <span class='ocrx_word' id='word_1_288' title='bbox 2613 5018 2770 5082; x_wconf 87' lang='lat' dir='ltr'><strong>parte</strong></span> <span class='ocrx_word' id='word_1_289' title='bbox 2799 5011 2862 5079; x_wconf 86' lang='lat' dir='ltr'><strong>V,</strong></span> <span class='ocrx_word' id='word_1_290' title='bbox 2893 5025 3056 5066; x_wconf 89' lang='lat' dir='ltr'><strong>num.</strong></span> <span class='ocrx_word' id='word_1_291' title='bbox 3089 5010 3177 5065; x_wconf 92' lang='lat' dir='ltr'><strong>CI.</strong></span> <span class='ocrx_word' id='word_1_292' title='bbox 3226 5011 3427 5066; x_wconf 91' lang='lat' dir='ltr'><strong>Manus</strong></span> <span class='ocrx_word' id='word_1_293' title='bbox 3473 5011 3672 5066; x_wconf 90' lang='lat' dir='ltr'><strong>ultima</strong></span> <span class='ocrx_word' id='word_1_294' title='bbox 3699 5011 3797 5066; x_wconf 91' lang='lat' dir='ltr'><strong>de-</strong></span> 
     </span>
    </p>
   </div>
   <div class='ocr_carea' id='block_1_36' title="bbox 378 5098 3800 5172">
    <p class='ocr_par' dir='ltr' id='par_1_36' title="bbox 378 5098 3800 5172">
     <span class='ocr_line' id='line_1_36' title="bbox 378 5098 3800 5172; baseline -0.001 -16"><span class='ocrx_word' id='word_1_295' title='bbox 378 5115 538 5157; x_wconf 75' lang='lat' dir='ltr'><strong>um</strong></span> <span class='ocrx_word' id='word_1_296' title='bbox 573 5100 816 5156; x_wconf 80' lang='lat' dir='ltr'><strong>editioni</strong></span> <span class='ocrx_word' id='word_1_297' title='bbox 845 5098 1069 5155; x_wconf 65' lang='lat' dir='ltr'><strong>Venetae</strong></span> <span class='ocrx_word' id='word_1_298' title='bbox 1127 5099 1390 5170; x_wconf 87' lang='lat' dir='ltr'><strong>imposita</strong></span> <span class='ocrx_word' id='word_1_299' title='bbox 1427 5099 1554 5166; x_wconf 83' lang='lat' dir='ltr'><strong>fuit,</strong></span> <span class='ocrx_word' id='word_1_300' title='bbox 1615 5100 1750 5170; x_wconf 92' lang='lat' dir='ltr'><strong>quin</strong></span> <span class='ocrx_word' id='word_1_301' title='bbox 1809 5100 1999 5170; x_wconf 86' lang='lat' dir='ltr'><strong>Cyprii</strong></span> <span class='ocrx_word' id='word_1_302' title='bbox 2045 5101 2164 5156; x_wconf 88' lang='lat' dir='ltr'><strong>sive</strong></span> <span class='ocrx_word' id='word_1_303' title='bbox 2210 5101 2483 5172; x_wconf 84' lang='lat' dir='ltr'><strong>epistolae,</strong></span> <span class='ocrx_word' id='word_1_304' title='bbox 2517 5102 2631 5156; x_wconf 83' lang='lat' dir='ltr'><strong>sive</strong></span> <span class='ocrx_word' id='word_1_305' title='bbox 2678 5100 2948 5171; x_wconf 81' lang='lat' dir='ltr'><strong>Opuscula</strong></span> <span class='ocrx_word' id='word_1_306' title='bbox 2991 5116 3091 5171; x_wconf 89' lang='lat' dir='ltr'><strong>pro</strong></span> <span class='ocrx_word' id='word_1_307' title='bbox 3148 5101 3288 5156; x_wconf 88' lang='lat' dir='ltr'><strong>votis</strong></span> <span class='ocrx_word' id='word_1_308' title='bbox 3311 5101 3498 5156; x_wconf 91' lang='lat' dir='ltr'><strong>locum</strong></span> <span class='ocrx_word' id='word_1_309' title='bbox 3556 5101 3616 5155; x_wconf 90' lang='lat' dir='ltr'><strong>in</strong></span> <span class='ocrx_word' id='word_1_310' title='bbox 3673 5099 3800 5170; x_wconf 85' lang='lat' dir='ltr'><strong>ipsa</strong></span> 
     </span>
    </p>
   </div>
   <div class='ocr_carea' id='block_1_37' title="bbox 373 5186 3797 5261">
    <p class='ocr_par' dir='ltr' id='par_1_37' title="bbox 373 5186 3797 5261">
     <span class='ocr_line' id='line_1_37' title="bbox 373 5186 3797 5261; baseline -0.001 -14"><span class='ocrx_word' id='word_1_311' title='bbox 373 5190 708 5247; x_wconf 71' lang='lat' dir='ltr'><strong>habuerint.</strong></span> <span class='ocrx_word' id='word_1_312' title='bbox 763 5203 891 5244; x_wconf 77' lang='lat' dir='ltr'><strong>eam</strong></span> <span class='ocrx_word' id='word_1_313' title='bbox 943 5188 1180 5245; x_wconf 79' lang='lat' dir='ltr'><strong>fortasse</strong></span> <span class='ocrx_word' id='word_1_314' title='bbox 1233 5186 1307 5243; x_wconf 89' lang='lat' dir='ltr'><strong>ob</strong></span> <span class='ocrx_word' id='word_1_315' title='bbox 1361 5203 1614 5256; x_wconf 85' lang='lat' dir='ltr'><strong>causam,</strong></span> <span class='ocrx_word' id='word_1_316' title='bbox 1675 5205 1843 5261; x_wconf 90' lang='lat' dir='ltr'><strong>quam</strong></span> <span class='ocrx_word' id='word_1_317' title='bbox 1894 5206 2026 5244; x_wconf 85' lang='lat' dir='ltr'><strong>mox</strong></span> <span class='ocrx_word' id='word_1_318' title='bbox 2079 5191 2416 5260; x_wconf 90' lang='lat' dir='ltr'><strong>aperiemus.</strong></span> <span class='ocrx_word' id='word_1_319' title='bbox 2473 5189 2717 5258; x_wconf 85' lang='lat' dir='ltr'><strong>Contigit</strong></span> <span class='ocrx_word' id='word_1_320' title='bbox 2767 5196 2892 5259; x_wconf 90' lang='lat' dir='ltr'><strong>post</strong></span> <span class='ocrx_word' id='word_1_321' title='bbox 2943 5205 3144 5257; x_wconf 87' lang='lat' dir='ltr'><strong>annos,</strong></span> <span class='ocrx_word' id='word_1_322' title='bbox 3177 5193 3240 5244; x_wconf 88' lang='lat' dir='ltr'><strong>ut</strong></span> <span class='ocrx_word' id='word_1_323' title='bbox 3292 5187 3442 5259; x_wconf 91' lang='lat' dir='ltr'><strong>quod</strong></span> <span class='ocrx_word' id='word_1_324' title='bbox 3501 5187 3797 5257; x_wconf 83' lang='lat' dir='ltr'><strong>Lugduno-</strong></span> 
     </span>
    </p>
   </div>
   <div class='ocr_carea' id='block_1_38' title="bbox 373 5277 3798 5349">
    <p class='ocr_par' dir='ltr' id='par_1_38' title="bbox 373 5277 3798 5349">
     <span class='ocr_line' id='line_1_38' title="bbox 373 5277 3798 5349; baseline -0.002 -11"><span class='ocrx_word' id='word_1_325' title='bbox 373 5279 707 5338; x_wconf 59' lang='lat' dir='ltr'><strong>antevenis</strong></span> <span class='ocrx_word' id='word_1_326' title='bbox 765 5277 981 5333; x_wconf 88' lang='lat' dir='ltr'><strong>codicis</strong></span> <span class='ocrx_word' id='word_1_327' title='bbox 1036 5278 1434 5332; x_wconf 80' lang='lat' dir='ltr'><strong>transmissum</strong></span> <span class='ocrx_word' id='word_1_328' title='bbox 1495 5284 1676 5333; x_wconf 78' lang='lat' dir='ltr'><strong>luerat</strong></span> <span class='ocrx_word' id='word_1_329' title='bbox 1730 5279 2141 5349; x_wconf 80' lang='lat' dir='ltr'><strong>apographum,</strong></span> <span class='ocrx_word' id='word_1_330' title='bbox 2175 5279 2607 5349; x_wconf 90' lang='lat' dir='ltr'><strong>neglectumque</strong></span> <span class='ocrx_word' id='word_1_331' title='bbox 2663 5277 2901 5348; x_wconf 90' lang='lat' dir='ltr'><strong>jacebat,</strong></span> <span class='ocrx_word' id='word_1_332' title='bbox 2961 5277 3233 5347; x_wconf 79' lang='lat' dir='ltr'><strong>singulari</strong></span> <span class='ocrx_word' id='word_1_333' title='bbox 3271 5277 3413 5332; x_wconf 93' lang='lat' dir='ltr'><strong>mihi</strong></span> <span class='ocrx_word' id='word_1_334' title='bbox 3460 5278 3609 5331; x_wconf 93' lang='lat' dir='ltr'><strong>dono</strong></span> <span class='ocrx_word' id='word_1_335' title='bbox 3633 5277 3798 5331; x_wconf 89' lang='lat' dir='ltr'><strong>dare-</strong></span> 
     </span>
    </p>
   </div>
   <div class='ocr_carea' id='block_1_39' title="bbox 371 5364 3797 5439">
    <p class='ocr_par' dir='ltr' id='par_1_39' title="bbox 371 5364 3797 5439">
     <span class='ocr_line' id='line_1_39' title="bbox 371 5364 3797 5439; baseline -0.001 -13"><span class='ocrx_word' id='word_1_336' title='bbox 371 5375 510 5426; x_wconf 73' lang='lat' dir='ltr'><strong>tur:</strong></span> <span class='ocrx_word' id='word_1_337' title='bbox 541 5368 856 5438; x_wconf 76' lang='lat' dir='ltr'><strong>statimque</strong></span> <span class='ocrx_word' id='word_1_338' title='bbox 911 5364 1056 5422; x_wconf 88' lang='lat' dir='ltr'><strong>mihi</strong></span> <span class='ocrx_word' id='word_1_339' title='bbox 1108 5379 1274 5420; x_wconf 87' lang='lat' dir='ltr'><strong>mens</strong></span> <span class='ocrx_word' id='word_1_340' title='bbox 1327 5365 1632 5433; x_wconf 90' lang='lat' dir='ltr'><strong>insederat,</strong></span> <span class='ocrx_word' id='word_1_341' title='bbox 1666 5374 1725 5422; x_wconf 92' lang='lat' dir='ltr'><strong>ut</strong></span> <span class='ocrx_word' id='word_1_342' title='bbox 1773 5367 2105 5436; x_wconf 57' lang='lat' dir='ltr'><strong>patriarcha</strong></span> <span class='ocrx_word' id='word_1_343' title='bbox 2153 5366 2766 5439; x_wconf 81' lang='lat' dir='ltr'><strong>ConstantinOpolitani</strong></span> <span class='ocrx_word' id='word_1_344' title='bbox 2825 5365 3263 5432; x_wconf 87' lang='lat' dir='ltr'><strong>lucubrationes,</strong></span> <span class='ocrx_word' id='word_1_345' title='bbox 3296 5381 3432 5436; x_wconf 88' lang='lat' dir='ltr'><strong>quas</strong></span> <span class='ocrx_word' id='word_1_346' title='bbox 3484 5365 3637 5420; x_wconf 91' lang='lat' dir='ltr'><strong>docti</strong></span> <span class='ocrx_word' id='word_1_347' title='bbox 3692 5365 3797 5421; x_wconf 89' lang='lat' dir='ltr'><strong>viri</strong></span> 
     </span>
    </p>
   </div>
   <div class='ocr_carea' id='block_1_40' title="bbox 370 5455 3796 5531">
    <p class='ocr_par' dir='ltr' id='par_1_40' title="bbox 370 5455 3796 5531">
     <span class='ocr_line' id='line_1_40' title="bbox 370 5455 3796 5531; baseline -0.002 -15"><span class='ocrx_word' id='word_1_348' title='bbox 370 5456 742 5531; x_wconf 58' lang='lat' dir='ltr'><strong>“petebant,</strong></span> <span class='ocrx_word' id='word_1_349' title='bbox 803 5462 901 5511; x_wconf 82' lang='lat' dir='ltr'><strong>aut</strong></span> <span class='ocrx_word' id='word_1_350' title='bbox 957 5468 1180 5522; x_wconf 79' lang='lat' dir='ltr'><strong>omnes,</strong></span> <span class='ocrx_word' id='word_1_351' title='bbox 1229 5461 1326 5509; x_wconf 90' lang='lat' dir='ltr'><strong>aut</strong></span> <span class='ocrx_word' id='word_1_352' title='bbox 1383 5455 1655 5524; x_wconf 87' lang='lat' dir='ltr'><strong>majorem</strong></span> <span class='ocrx_word' id='word_1_353' title='bbox 1712 5463 1949 5526; x_wconf 88' lang='lat' dir='ltr'><strong>partem,</strong></span> <span class='ocrx_word' id='word_1_354' title='bbox 1979 5456 2265 5528; x_wconf 90' lang='lat' dir='ltr'><strong>publicam</strong></span> <span class='ocrx_word' id='word_1_355' title='bbox 2319 5457 2610 5526; x_wconf 89' lang='lat' dir='ltr'><strong>prodirent</strong></span> <span class='ocrx_word' id='word_1_356' title='bbox 2666 5456 2726 5510; x_wconf 92' lang='lat' dir='ltr'><strong>in</strong></span> <span class='ocrx_word' id='word_1_357' title='bbox 2777 5455 2980 5511; x_wconf 92' lang='lat' dir='ltr'><strong>lucem.</strong></span> <span class='ocrx_word' id='word_1_358' title='bbox 3033 5456 3349 5522; x_wconf 85' lang='lat' dir='ltr'><strong>Quominus</strong></span> <span class='ocrx_word' id='word_1_359' title='bbox 3385 5469 3516 5510; x_wconf 86' lang='lat' dir='ltr'><strong>vero</strong></span> <span class='ocrx_word' id='word_1_360' title='bbox 3563 5469 3796 5522; x_wconf 89' lang='lat' dir='ltr'><strong>compos</strong></span> 
     </span>
    </p>
   </div>
   <div class='ocr_carea' id='block_1_41' title="bbox 373 5541 3791 5614">
    <p class='ocr_par' dir='ltr' id='par_1_41' title="bbox 373 5541 3791 5614">
     <span class='ocr_line' id='line_1_41' title="bbox 373 5541 3791 5614; baseline -0.001 -12"><span class='ocrx_word' id='word_1_361' title='bbox 373 5557 634 5606; x_wconf 66' lang='lat' dir='ltr'><strong>rotorum</strong></span> <span class='ocrx_word' id='word_1_362' title='bbox 693 5544 921 5610; x_wconf 81' lang='lat' dir='ltr'><strong>ﬁerem,</strong></span> <span class='ocrx_word' id='word_1_363' title='bbox 954 5541 1155 5598; x_wconf 81' lang='lat' dir='ltr'><strong>Latina</strong></span> <span class='ocrx_word' id='word_1_364' title='bbox 1202 5541 1401 5613; x_wconf 87' lang='lat' dir='ltr'><strong>versio,</strong></span> <span class='ocrx_word' id='word_1_365' title='bbox 1432 5558 1558 5613; x_wconf 80' lang='lat' dir='ltr'><strong>quae</strong></span> <span class='ocrx_word' id='word_1_366' title='bbox 1606 5545 1944 5600; x_wconf 83' lang='lat' dir='ltr'><strong>transmissa</strong></span> <span class='ocrx_word' id='word_1_367' title='bbox 1987 5543 2191 5614; x_wconf 83' lang='lat' dir='ltr'><strong>fuerat,</strong></span> <span class='ocrx_word' id='word_1_368' title='bbox 2245 5543 2516 5609; x_wconf 90' lang='lat' dir='ltr'><strong>inhibuit,</strong></span> <span class='ocrx_word' id='word_1_369' title='bbox 2566 5550 2756 5614; x_wconf 91' lang='lat' dir='ltr'><strong>utpote</strong></span> <span class='ocrx_word' id='word_1_370' title='bbox 2821 5559 2946 5613; x_wconf 71' lang='lat' dir='ltr'><strong>quae</strong></span> <span class='ocrx_word' id='word_1_371' title='bbox 3001 5543 3156 5598; x_wconf 89' lang='lat' dir='ltr'><strong>rudis</strong></span> <span class='ocrx_word' id='word_1_372' title='bbox 3212 5542 3517 5598; x_wconf 91' lang='lat' dir='ltr'><strong>admodum</strong></span> <span class='ocrx_word' id='word_1_373' title='bbox 3573 5549 3791 5612; x_wconf 85' lang='lat' dir='ltr'><strong>reperta</strong></span> 
     </span>
    </p>
   </div>
   <div class='ocr_carea' id='block_1_42' title="bbox 369 5630 3788 5708">
    <p class='ocr_par' dir='ltr' id='par_1_42' title="bbox 369 5630 3788 5708">
     <span class='ocr_line' id='line_1_42' title="bbox 369 5630 3788 5708; baseline -0.001 -17"><span class='ocrx_word' id='word_1_374' title='bbox 369 5638 801 5708; x_wconf 78' lang='lat' dir='ltr'><strong>sit,minusqne</strong></span> <span class='ocrx_word' id='word_1_375' title='bbox 859 5647 1118 5688; x_wconf 86' lang='lat' dir='ltr'><strong>consona</strong></span> <span class='ocrx_word' id='word_1_376' title='bbox 1166 5632 1337 5687; x_wconf 81' lang='lat' dir='ltr'><strong>textui</strong></span> <span class='ocrx_word' id='word_1_377' title='bbox 1389 5630 1603 5703; x_wconf 82' lang='lat' dir='ltr'><strong>Graeco,</strong></span> <span class='ocrx_word' id='word_1_378' title='bbox 1637 5633 1752 5688; x_wconf 88' lang='lat' dir='ltr'><strong>imo</strong></span> <span class='ocrx_word' id='word_1_379' title='bbox 1809 5642 1959 5690; x_wconf 89' lang='lat' dir='ltr'><strong>certe</strong></span> <span class='ocrx_word' id='word_1_380' title='bbox 2015 5650 2383 5704; x_wconf 85' lang='lat' dir='ltr'><strong>repugnans:</strong></span> <span class='ocrx_word' id='word_1_381' title='bbox 2433 5649 2557 5702; x_wconf 84' lang='lat' dir='ltr'><strong>quae</strong></span> <span class='ocrx_word' id='word_1_382' title='bbox 2598 5634 2832 5689; x_wconf 76' lang='lat' dir='ltr'><strong>fortasse</strong></span> <span class='ocrx_word' id='word_1_383' title='bbox 2861 5648 3028 5688; x_wconf 89' lang='lat' dir='ltr'><strong>causa</strong></span> <span class='ocrx_word' id='word_1_384' title='bbox 3080 5631 3266 5699; x_wconf 86' lang='lat' dir='ltr'><strong>fuerit,</strong></span> <span class='ocrx_word' id='word_1_385' title='bbox 3298 5647 3372 5688; x_wconf 94' lang='lat' dir='ltr'><strong>ne</strong></span> <span class='ocrx_word' id='word_1_386' title='bbox 3423 5631 3485 5687; x_wconf 91' lang='lat' dir='ltr'><strong>in</strong></span> <span class='ocrx_word' id='word_1_387' title='bbox 3541 5631 3788 5688; x_wconf 90' lang='lat' dir='ltr'><strong>editione</strong></span> 
     </span>
    </p>
   </div>
   <div class='ocr_carea' id='block_1_43' title="bbox 375 5719 3783 5796">
    <p class='ocr_par' dir='ltr' id='par_1_43' title="bbox 375 5719 3783 5796">
     <span class='ocr_line' id='line_1_43' title="bbox 375 5719 3783 5796; baseline -0.002 -14"><span class='ocrx_word' id='word_1_388' title='bbox 375 5727 580 5786; x_wconf 72' lang='lat' dir='ltr'><strong>Veneta</strong></span> <span class='ocrx_word' id='word_1_389' title='bbox 613 5722 885 5784; x_wconf 72' lang='lat' dir='ltr'><strong>Historiae</strong></span> <span class='ocrx_word' id='word_1_390' title='bbox 916 5719 1241 5796; x_wconf 66' lang='lat' dir='ltr'><strong>Byzantines</strong></span> <span class='ocrx_word' id='word_1_391' title='bbox 1295 5723 1483 5779; x_wconf 88' lang='lat' dir='ltr'><strong>locum</strong></span> <span class='ocrx_word' id='word_1_392' title='bbox 1529 5721 1853 5780; x_wconf 88' lang='lat' dir='ltr'><strong>obtinerent</strong></span> <span class='ocrx_word' id='word_1_393' title='bbox 1910 5730 2234 5781; x_wconf 84' lang='lat' dir='ltr'><strong>memoratae</strong></span> <span class='ocrx_word' id='word_1_394' title='bbox 2293 5722 2478 5793; x_wconf 83' lang='lat' dir='ltr'><strong>Cyprii</strong></span> <span class='ocrx_word' id='word_1_395' title='bbox 2507 5723 2978 5779; x_wconf 87' lang='lat' dir='ltr'><strong>elucubrationes.</strong></span> <span class='ocrx_word' id='word_1_396' title='bbox 3012 5721 3300 5791; x_wconf 79' lang='lat' dir='ltr'><strong>Praecipua</strong></span> <span class='ocrx_word' id='word_1_397' title='bbox 3354 5737 3456 5791; x_wconf 84' lang='lat' dir='ltr'><strong>spe</strong></span> <span class='ocrx_word' id='word_1_398' title='bbox 3496 5721 3783 5792; x_wconf 89' lang='lat' dir='ltr'><strong>deceptus,</strong></span> 
     </span>
    </p>
   </div>
  </div>
