4094 6458
385 489 460 549 19
1408 487 1722 550 GEORGII
1769 488 1868 548 ΟΥ
1880 485 2002 547 PR1

2182 531 2197 545 .
2244 485 2776 547 PATRIARCHAE
3710 473 3790 537 20

384 619 535 676 haud
565 635 747 690 operae
775 619 1136 691 dispendium
1188 620 1306 676 fore
1358 619 1735 676 nihilominus
1765 618 2226 688 existimaverim,
2259 618 2308 672 si
2358 625 2478 673 leve
2536 617 2734 672 saltem
2786 616 2948 671 istius
3003 613 3217 672 codicis
3246 609 3546 668 exhibeam
3603 607 3789 678 speci-

384 726 515 766 men
545 711 810 780 aliquod:
845 709 1097 780 epistolis
1147 726 1355 780 nempe
1403 711 1670 766 omnibus
1719 716 1773 764 et
1805 709 2118 778 Opusculis,
2161 724 2284 778 quae
2339 709 2398 763 in
2456 723 2522 762 eo
2578 709 2961 776 continentur,
2989 701 3322 774 singillatim
3369 699 3667 756 indicatis:
3729 711 3794 752 ac

385 798 538 854 binis
598 800 767 854 etiam
797 798 1051 868 epistolis
1111 814 1336 868 unoque
1363 799 1636 868 opusculo
1698 813 1851 854 nunc
1881 798 2126 867 primum
2157 813 2291 852 cum
2338 813 2480 852 nova
2513 797 2714 850 Latina
2768 794 3230 866 interpretatione
3289 790 3351 845 in
3383 789 3568 843 lucem
3624 784 3795 841 emis-

385 888 486 944 sis.
519 887 663 943 Illud
695 888 842 942 inter
897 887 1168 957 opuscula
1224 886 1492 943 selectum
1556 895 1660 954 est,
1689 887 1834 957 quod
1867 886 1938 942 ab
1993 887 2116 956 ipso
2181 886 2382 957 Cyprio
2423 891 2500 941 De
2557 885 2714 940 rebus
2750 886 2864 940 suis
2922 883 3276 952 inscriptum,
3306 878 3552 950 primum
3612 875 3799 930 locum

386 983 558 1046 tenet,
592 983 709 1030 tum
740 975 868 1046 quia
922 975 979 1029 in
1038 976 1738 1032 Caesareo-Vindobonensi
1795 976 1990 1031 codice
2047 976 2310 1030 mutilum
2364 983 2576 1030 exstat:
2640 983 2759 1030 tum
2819 974 2987 1030 etiam
3046 971 3192 1042 quod
3253 970 3357 1024 viri
3415 965 3669 1030 illustris,
3701 979 3796 1016 va-

385 1064 581 1133 rioque
638 1063 749 1118 tato
805 1062 1063 1134 celebris,
1106 1064 1537 1134 diligentissime
1594 1080 1725 1120 cum
1783 1065 1963 1134 patria
2023 1064 2236 1119 natales
2298 1064 2484 1129 refert,
2517 1079 2714 1132 genus,
2777 1063 3066 1129 indolem;
3127 1059 3315 1130 prima
3381 1054 3584 1119 studia,
3617 1067 3682 1108 ac
3713 1051 3802 1106 iti-

383 1168 519 1208 nera
540 1153 610 1206 ad
642 1151 910 1208 eximiam
942 1152 1252 1207 litterarum
1311 1153 1569 1223 peritiam
1601 1153 2014 1224 assequendam
2067 1160 2357 1221 suscepta;
2391 1151 2770 1207 ecclesiastica
2827 1151 3040 1214 munia,
3075 1148 3505 1218 principemque
3565 1142 3625 1196 in
3666 1138 3800 1194 urbe

387 1241 538 1309 regia
567 1257 783 1296 sacram
833 1241 1199 1310 dignitatem;
1257 1250 1551 1312 partesque
1579 1243 1826 1297 diversas
1882 1240 2022 1308 ejus,
2059 1241 2305 1310 itemque
2333 1241 2592 1295 adversas
2653 1240 2710 1294 in
2743 1255 2830 1305 ea,
2863 1254 2986 1310 quae
3018 1247 3154 1292 tunc
3205 1235 3494 1304 utriusque
3532 1228 3802 1285 Ecclesiae

387 1330 528 1384 inita
559 1328 860 1385 concordia
914 1329 1058 1384 fuit:
1119 1333 1288 1400 atque
1317 1331 1547 1385 demum
1604 1332 1981 1399 potissimum,
2015 1330 2160 1400 quod
2221 1331 2353 1384 inde
2400 1329 2537 1383 mihi
2587 1329 2812 1383 daretur
2867 1344 3025 1393 ansa,
3059 1334 3119 1382 ut
3153 1321 3652 1392 Pachymerianam
3698 1316 3800 1370 Mi-

390 1417 604 1474 chaelis
664 1417 986 1487 Palazologi,
1029 1425 1080 1473 et
1128 1419 1439 1473 Andronici
1491 1418 1593 1473 ﬁlii
1652 1419 2054 1486 imperatorum
2108 1407 2399 1473 historiam
2458 1418 2606 1474 haud
2667 1419 2909 1480 modico.
2964 1424 3021 1471 ut
3090 1413 3379 1485 putabam,
3421 1406 3805 1465 emolumento

389 1506 750 1562 illustrarem.
788 1507 922 1560 Eam
972 1507 1227 1576 intelligo
1259 1507 1516 1562 Historiae
1563 1525 1595 1562 ει
1626 1507 1968 1575 Pachymere
2027 1507 2246 1577 scripta:
2278 1515 2516 1578 partem,
2549 1525 2672 1577 quae
2723 1508 2948 1576 negotia
2994 1503 3378 1560 Ecclesiarum
3409 1503 3657 1568 spectat:
3691 1494 3807 1548 sive

391 1611 513 1666 qua;
558 1594 662 1650 sub
692 1595 965 1651 Michaele
1021 1595 1339 1668 Palaeologo
1395 1603 1519 1651 acta
1547 1603 1679 1650 sunt
1737 1597 1796 1650 in
1829 1596 2106 1664 dogmatis
2155 1595 2507 1651 discussione
2561 1596 2629 1650 de
2661 1595 3016 1664 processione
3061 1591 3302 1664 Spiritus
3350 1587 3585 1643 sanctia
3615 1583 3810 1640 Patre.

394 1692 446 1741 et
475 1702 509 1739 a
559 1685 725 1755 Filio,
755 1684 842 1740 vel
874 1699 971 1756 per
1029 1684 1256 1754 Filium,
1289 1701 1355 1741 ac
1405 1685 1545 1740 inita
1578 1686 1865 1755 utriusque
1925 1683 2190 1740 Ecclesiae
2228 1687 2286 1738 in
2335 1683 2690 1740 oecumenica
2736 1685 2950 1754 synodo
3007 1677 3372 1752 Lugdunensi
3433 1674 3665 1740 unione,
3715 1686 3810 1725 ea-

390 1775 637 1844 demque
668 1781 859 1844 postea
881 1779 1044 1843 rapta
1098 1789 1164 1829 ac
1216 1790 1405 1829 eversa
1453 1773 1558 1829 sub
1618 1774 1942 1830 Andronico
1990 1788 2348 1828 successore:
2381 1773 2496 1828 sive
2553 1789 2678 1844 quas
2735 1775 3021 1845 pertinent
3049 1771 3116 1825 ad
3173 1765 3620 1840 patriarcharum
3676 1775 3805 1815 suc-

391 1862 730 1928 cessionem,
786 1862 880 1932 qui
911 1877 1011 1932 pro
1063 1862 1215 1917 vario
1245 1863 1490 1932 partium
1521 1863 1704 1917 studio
1764 1861 2239 1932 promovebantur
2269 1862 2328 1917 in
2361 1860 2622 1918 Ecclesiae
2668 1862 2955 1927 thronum,
2980 1875 3046 1915 ac
3104 1859 3306 1914 throno
3336 1851 3801 1914 detrudebantur,

391 1951 540 2007 Hinc
572 1966 698 2007 vero
730 1951 1146 2007 Dissertationes
1173 1951 1319 2018 dum,
1353 1953 1645 2019 historicas,
1678 1954 1727 2006 et
1768 1950 2106 2020 dogmaticae,
2138 1965 2263 2021 quae
2315 1951 2656 2022 praecipuam
2713 1951 2898 2022 operis
2955 1957 3165 2019 partem
3223 1944 3558 2009 conﬁciunt,
3601 1941 3797 1998 elucu-

398 2040 567 2096 bratas
600 2048 749 2107 sunt,
780 2057 846 2096 ac
874 2040 1024 2096 binis
1052 2043 1221 2096 etiam
1274 2040 1628 2111 locupletatae
1657 2041 1908 2111 epistolis
1937 2040 2129 2096 Graece
2188 2041 2468 2111 simulque
2525 2038 2718 2095 Latine
2749 2055 2902 2095 nunc
2955 2039 3204 2109 primum
3235 2035 3420 2091 editis.
3456 2029 3799 2087 Gravissima

396 2145 500 2202 pro
555 2127 836 2185 catholico
867 2133 1127 2201 dogmate
1185 2137 1467 2185 momenta
1518 2147 1553 2185 a
1600 2130 1963 2199 Pachymere,
2023 2129 2384 2184 schismatico
2445 2128 2574 2184 licet
2635 2128 2771 2194 viro,
2806 2125 3075 2190 indicata,
3124 2140 3190 2180 ac
3239 2129 3375 2178 aestu
3433 2119 3794 2176 schismatico

295 2257 302 2263 -
397 2217 700 2288 aliquando
729 2219 1010 2288 despecta,
1069 2219 1415 2275 validissime
1464 2219 1868 2275 vindicantur:
1928 2218 2325 2288 chronicazque
2380 2217 2742 2273 difficultates
2799 2215 3009 2286 plures,
3037 2214 3105 2269 ad
3152 2209 3596 2284 patriarcharum
3630 2206 3796 2275 regiae

399 2307 556 2363 urbis
595 2309 742 2377 quod
799 2308 998 2364 attinet
1054 2310 1499 2376 successionem,
1529 2309 1591 2364 in
1647 2309 1768 2378 ejus
1822 2311 2187 2364 occurrentes
2249 2307 2506 2373 Historia,
2541 2321 2647 2362 nec
2687 2306 2828 2361 adeo
2889 2305 3122 2360 feliciter
3167 2319 3200 2356 a
3253 2299 3580 2356 doctissimo
3618 2297 3795 2352 inter-

403 2402 557 2467 prete
611 2395 773 2452 Petro
803 2396 1060 2465 Possino,
1089 2398 1326 2469 aliisque
1384 2406 1505 2467 post
1537 2400 1722 2468 ipsum
1782 2397 2137 2467 peritissimis
2181 2395 2312 2450 viris
2369 2395 2660 2465 expeditae,
2707 2410 2917 2450 novum
2962 2395 3294 2449 revocantur
3340 2389 3407 2444 ad
3440 2400 3702 2451 examen,
3733 2397 3798 2438 ac

404 2501 541 2541 sane
560 2485 780 2542 felicius
811 2485 977 2557 (absit
1030 2487 1196 2543 verbo
1254 2486 1524 2557 invidia!)
1584 2488 1814 2542 fortasse
1851 2485 2241 2555 expediuntur.
2279 2484 2405 2539 Haec
2453 2483 2620 2554 igitur
2680 2483 2819 2538 mihi
2849 2483 2975 2537 data
3021 2478 3390 2537 elucubrandi
3421 2473 3680 2545 opusculi
3708 2487 3800 2528 oc-

409 2575 582 2638 casio,
615 2575 825 2640 Lector,
888 2575 1176 2640 benevole,
1211 2577 1316 2633 hoc
1367 2577 1538 2632 etiam
1592 2575 1937 2646 propositum
1987 2574 2129 2628 mihi
2185 2573 2246 2628 in
2302 2588 2368 2628 eo
2426 2565 2778 2628 conficiendo
2807 2571 3130 2628 consilium.
3168 2568 3404 2623 Labores
3459 2572 3804 2632 conatusque

407 2679 584 2732 meos,
646 2664 863 2719 tametsi
922 2665 1116 2733 exiles,
1151 2682 1250 2736 pro
1307 2673 1400 2721 tua
1431 2664 1679 2735 excipias
1722 2650 2112 2718 lhumanitate:
2147 2663 2194 2717 si
2241 2662 2444 2732 quidve
2475 2661 2580 2732 ipsi
2607 2660 2902 2717 attulerint
2930 2656 3325 2723 emolumenti,
3359 2671 3458 2726 pro
3509 2660 3604 2709 tua
3629 2650 3804 2722 aequi-

407 2759 517 2809 tate
545 2753 773 2809 tuearis.

1287 3035 1410 3084 ΤΟΥ
1450 3032 1845 3084 ΣΟΦΩΤΑΤΟΥ
1881 3031 1995 3084 ΚΑΙ
2035 3029 2447 3084 ΛΟΓΙΩΤΑΤΟΥ
2485 3032 2907 3083 ΠΔΤΡΙΑΡΧΟΥ

1710 3147 2494 3198 ΚΩΝΣΤΑΝΤῙΝΟΥΠΟΛΕΩΣ

924 3295 1933 3426 ΓΡΗΓΟΡΙΟΥ
2041 3295 2388 3423 ΤΟΥ
2506 3296 3294 3424 ΚΥΠΡΙΟΥ

1182 3525 1897 3622 ΔΙΗΓΗΣΕΩΣ
1990 3527 2546 3620 ΜΕΡΙΚΗΣ
2626 3525 3026 3623 ΛΟΓΟΣ

1635 3701 1719 3755 TA
1757 3700 1902 3755 KAG’
1940 3700 2194 3754 ΕΑΥΤΟΝ
2234 3701 2569 3752 ΠΕΡΙΕΧΩΝ

1186 3941 1756 4003 SAPIENTISSIMI
1804 3941 1903 4001 AC
1943 3938 2461 4002 DISERTISSIMI
2503 3940 3029 4004 PATRIARCHE

1784 4099 2274 4146 CONSTANTIUOPO
2284 4100 2425 4146 LEOS

1157 4251 2145 4418 GREGORII
2184 4226 2260 4298 (θ
2395 4251 3064 4417 CYPRII

699 4517 1930 4623 PARTICULARIS
2041 4527 2868 4623 HISTORIA?
2987 4522 3522 4621 SERMO

1610 4709 1752 4770 RES
1796 4708 1992 4769 suas
2036 4708 2604 4791 CONTINENSQ).

482 4947 523 5000 1
561 4945 782 5017 Cyprus
811 4946 1007 5002 insula
1037 4947 1088 5003 ei
1121 4948 1310 5020 patria
1343 4949 1474 5016 fuit,
1510 4951 1610 5020 qui
1642 4948 1858 5004 librum
1890 4949 2048 5005 hunc
2079 4959 2099 5022 Α

2240 4949 2440 5021 Πατρὶς
2476 4949 2568 5022 μὲν
2600 4953 2679 5021 τῷ
2711 4945 3059 5022 συντεταχότι
3111 4947 3210 5014 τήν
3275 4939 3466 5020 βίϐλον
3518 4945 3739 5020 Κύπρος
3771 4948 3806 5015 ἠ

409 5033 778 5089 concinnavit
806 5035 904 5107 (3).
935 5039 1139 5092 Patres
1169 5042 1366 5092 autem
1399 5042 1457 5093 et
1489 5038 1576 5092 avi
1610 5038 1687 5110 (4)
1733 5055 2026 5110 οωηθεᾳυι

2195 5045 2328 5108 ῆσος
2358 5057 2368 5068 ·
2431 5038 2655 5110 πατέρες
2708 5035 2765 5092 δὲ
2814 5037 2904 5091 καὶ
2959 5035 3203 5108 πατέρων
3254 5037 3500 5110 πατέρες,
3526 5035 3617 5088 καὶ
3661 5033 3810 5098 ὅλως

411 5122 810 5196 progenitores
841 5124 1063 5196 primas
1113 5125 1445 5182 habuerunt
1491 5128 1549 5181 in
1600 5127 1840 5196 divitiis,
1891 5132 1949 5184 et
1991 5128 2028 5182 ii

2196 5126 2346 5194 ιᾶνω
2397 5131 2494 5182 τοῦ
2549 5128 2736 5202 γένους
2797 5126 2967 5201 σειρά,
3000 5125 3052 5178 οἱ
3092 5121 3334 5178 πλούτου
3390 5143 3448 5177 τε
3499 5124 3567 5177 τὰ
3620 5127 3813 5196 πρῶτα

407 5211 614 5283 patria,
667 5229 974 5284 quousque
1022 5214 1233 5269 Graecis
1287 5232 1401 5270 non
1447 5215 1658 5287 obtigit
1704 5215 1782 5270 ibi
1836 5217 2024 5272 servin

2188 5217 2248 5270 ιαὶ
2279 5225 2380 5286 τῆς
2425 5213 2684 5292 πατρίδος
2736 5213 2974 5289 ἔχοντες,
3005 5210 3108 5274 ἕως
3156 5210 3308 5267 οὔπω
3344 5207 3642 5288 Βαρϐάροις
3681 5210 3805 5267 ἔλα-

406 5301 679 5357 Barbaris
733 5302 955 5357 Latinis
1011 5303 1108 5374 (5).
1159 5307 1480 5375 Postquam
1526 5322 1658 5360 vero
1709 5306 2023 5362 servitutem

2187 5327 2255 5381 [εν
2307 5303 2537 5367 Ἰταλοῖς
2586 5306 2648 5359 τὸ
2703 5302 2872 5358 ἐκεῖσε
2930 5301 3202 5357 δουλεύειν
3264 5299 3606 5372 Ἑλληνικόν.
3658 5300 3804 5355 Ἐπεὶ

407 5389 734 5458 subierunt,
767 5391 1098 5446 communis
1129 5391 1479 5448 calamitatis
1511 5398 1567 5448 et
1596 5393 1706 5466 ipsi
1735 5395 2024 5467 participe:

2185 5396 2206 5439 1'
2259 5392 2603 5467 ἐδούλευσαν,
2636 5394 2725 5448 καὶ
2781 5399 2882 5462 τῆς
2939 5395 3126 5461 κοινῆς
3182 5396 3464 5469 συμφορᾶς
3511 5390 3601 5445 καὶ
3649 5388 3802 5445 αὐτοί

406 5479 592 5534 eﬂ'ecti
625 5482 781 5549 sunt,
815 5479 1182 5534 mediocriter
1212 5481 1599 5554 possidentes,
1650 5488 1706 5538 et
1754 5483 2019 5539 honorati

2182 5505 2214 5538 ἐ
2273 5484 2556 5558 μετέσχον,
2623 5483 2813 5556 μέτρια
2868 5482 2958 5536 καὶ
3018 5479 3261 5556 ἔχοντες,
3309 5479 3398 5534 καὶ
3471 5480 3799 5552 τιμώμενοι,

407 5584 590 5638 eaque
621 5567 901 5624 habentes
926 5585 1053 5639 quas
1112 5585 1216 5623 nec
1274 5569 1650 5641 pauperibus,
1701 5577 1758 5626 et
1802 5571 2021 5644 plebeis

2182 5571 2239 5625 ,αἱ
2301 5571 2399 5626 ὅσα
2435 5573 2561 5645 μήτ’
2595 5571 2670 5632 εἷς
2718 5569 2946 5640 πένητας
2993 5569 3208 5639 αὐτοὺς,
3242 5570 3330 5624 καὶ
3371 5569 3498 5630 τοὺς
3553 5565 3799 5630 πολλοὺς

407 5660 467 5712 et
496 5656 706 5712 vilibus
738 5659 1241 5713 connumerabant
1286 5658 1467 5729 ipsos,
1526 5675 1595 5714 nc
1640 5660 1790 5716 inter
1835 5665 2024 5733 poten-

2179 5660 2238 5714 ιαὶ
2283 5659 2503 5732 ἀδόξους
2555 5660 2830 5738 ἐνέγραφε,
2868 5661 2994 5733 μήτ’
3025 5659 3101 5720 εἰς
3147 5657 3274 5721 τοὺς
3324 5655 3520 5734 ἁδροὺς
3568 5655 3655 5712 καὶ
3702 5657 3796 5732 βα-

405 5747 495 5802 tes
527 5763 592 5802 ac
621 5747 944 5804 ditissimos
972 5747 1422 5804 constituebant.

1196 5747 1422 5804 uebant.
2148 5749 2482 5813 θυπλούτους
2516 5751 2813 5806 συνέταττε.
