4094 6444
384 439 458 500 31
1135 502 1137 505 ,
2001 438 2215 500 νιΤΑ.
3729 442 3804 506 22

394 578 651 630 Γεννᾶται
707 570 893 626 τοίνυν
955 568 1010 626 ἑν
1069 573 1141 643 τῇ
1210 570 1382 642 νήσῳ,
1429 568 1519 624 καὶ
1588 569 1836 647 τρέφεται
1912 569 2058 645 παρὰ
2086 573 2140 639 Α

395 669 512 724 τοῖς
560 666 830 738 γονεῦσιν,
869 657 976 722 ἕως
1037 660 1196 714 αὐτὸν
1256 655 1354 714 ἔνει
1414 664 1600 737 φοιτᾷν
1637 659 1713 721 είς
1744 680 2057 735 γραμματι-

407 754 566 807 στῶν.
617 753 708 812 Ὠς
763 748 823 804 δὲ
875 757 977 817 τῆς
1035 746 1242 803 τούτων
1280 747 1609 822 ἐπιστήμης
1663 747 1910 824 παρῆλθε
1961 749 2059 816 τὴν

405 842 614 917 χρείαν,
645 838 897 913 παρῆλθε
929 835 988 892 δὲ
1033 836 1183 892 ἐννέα
1211 836 1350 891 πάνυ
1395 841 1464 910 τῇ
1515 834 1728 908 ἡλικίᾳ,
1782 834 1954 890 δοκῶν
2002 834 2057 889 εὖ

403 932 695 1008 πεφυκέναι
744 930 846 997 τήν
893 930 1080 1004 ψυχὴν
1141 927 1275 1001 πρὸς
1340 927 1655 999 μαθήματα,
1688 925 1776 979 καὶ
1835 922 2059 978 ὀδικοῖτ’

409 1018 717 1095 (ἀδικοῦνθ’)
769 1017 830 1072 ἃν
892 1018 968 1090 μὴ
1028 1016 1242 1077 τούτοις
1315 1009 1767 1088 ἐμϐιϐαζόμενος,
1828 1013 1902 1075 εἷς
1954 1014 2052 1082 τὴν

409 1107 838 1164 Καλλινικισέων
890 1104 1147 1166 πλείονος
1201 1101 1530 1166 παιδεύσεως
1595 1099 1767 1157 ἕνεκεν
1845 1101 2052 1174 πέμπε-

404 1219 514 1266 ται,
548 1193 808 1250 δοκοῦσαν
839 1216 898 1249 τε
928 1194 1002 1256 ὡς
1032 1196 1132 1263 τὴν
1170 1190 1330 1247 πόλιν
1379 1191 1586 1261 ἐκείνην
1642 1188 1850 1267 ἀνδρῶν
1900 1191 2054 1246 εὐτο-

407 1292 524 1361 χεῖν
552 1283 699 1339 πολὺ
739 1281 906 1338 πλέον
965 1279 1184 1336 εἰδότων
1233 1282 1380 1356 παρὰ
1422 1279 1552 1342 τοὺς
1603 1279 1654 1349 ἐξ
1701 1280 1879 1354 ἀρχῆς
1927 1301 2054 1335 παι-

411 1373 621 1446 δευτὰς,
679 1373 777 1428 κᾶν
834 1371 1050 1447 εὐτύχει
1106 1376 1225 1432 ταῖς
1291 1369 1574 1438 ἀληθείαις
1647 1370 1760 1430 ἑνὸς
1817 1367 2052 1432 οὐδενός.

407 1464 505 1519 Καὶ
542 1465 668 1538 γὰρ,
702 1462 780 1523 ὡς
808 1461 874 1530 ἦν
911 1459 1124 1515 ἀκούειν
1181 1463 1284 1512 τῶν
1335 1453 1710 1535 πρεσϐυτέρων
1762 1457 2054 1534 ἐξηγουμέ-

406 1574 538 1622 νων,
572 1551 859 1622 ἑξηκοστὸν
920 1548 1041 1611 ἔτος
1088 1549 1164 1610 εὶς
1217 1547 1410 1609 αὐτοὺς
1461 1547 1617 1614 εἶναι,
1665 1546 1716 1617 ἐξ
1764 1546 1927 1621 οὗπερ
1979 1547 2055 1610 εἰς

409 1639 854 1716 ἱτερογλώσσους
899 1638 970 1692 τὰ
1012 1644 1116 1708 τῆς
1167 1639 1333 1707 νήσου
1375 1637 1548 1712 κράτη
1602 1637 1846 1709 μετέτεσε
1877 1640 2053 1709 (μετε-

406 1729 582 1801 τέθη),
639 1728 732 1782 καὶ
787 1729 912 1802 παρ’
972 1725 1101 1782 ὅλον
1175 1725 1386 1780 τουτονὶ
1436 1725 1528 1779 τὸν
1590 1723 1786 1801 χρόνον
1851 1721 2057 1798 μηδένα

409 1826 646 1898 φανῆναι
676 1814 818 1872 ἄλλο
845 1838 897 1870 τι
929 1817 1076 1892 παρᾶ
1102 1816 1168 1869 τὰ
1215 1816 1417 1886 συνήθη
1465 1819 1634 1868 ταῦτα
1686 1813 1775 1868 καὶ
1831 1816 2056 1868 ταπεινὰ

2243 571 2308 626 In
2338 570 2448 628 hac
2478 571 2656 644 igitur
2687 571 2881 629 insula
2910 578 3084 630 natus
3112 579 3219 640 est,
3253 578 3310 630 et
3349 574 3502 648 apud
3537 581 3805 648 parentes

2169 662 2474 730 educatus,
2507 663 2690 718 donec
2729 665 2924 735 ipsum
2983 663 3066 718 ire
3123 665 3380 735 oportuit
3407 667 3476 720 ad
3509 682 3803 737 gramma-

2168 751 2315 820 ticae,
2350 768 2452 806 seu
2486 752 2808 823 primarum
2867 753 3193 808 litterarum
3234 754 3622 810 institutores.
3657 755 3802 810 Cum

2166 857 2301 894 vero
2332 841 2592 911 ipsorum
2626 841 2932 913 disciplina
2964 859 3110 914 opus
3142 860 3254 898 non
3290 845 3544 916 amplius
3576 844 3802 916 habuit,

2166 929 2354 984 aetatis
2405 946 2522 984 suae
2574 947 2776 985 novem
2828 931 3066 986 omnino
3115 939 3440 988 excesserat
3486 952 3672 989 annos
3702 935 3799 1005 (6).

2165 1019 2428 1089 Cumque
2457 1019 2690 1090 ingenio
2747 1020 3040 1075 videretur
3097 1023 3168 1076 ad
3227 1022 3566 1095 disciplinas
3596 1023 3803 1079 idoneo

2167 1111 2362 1176 natus,
2394 1110 2451 1161 et
2475 1107 2692 1178 injuria
2723 1109 2900 1176 afﬁci,
2934 1109 2982 1164 si
3014 1110 3087 1165 iis
3137 1127 3252 1165 non
3299 1111 3708 1182 applicaretur,
3743 1113 3801 1167 in

2163 1194 2637 1250 Callinicensium
2669 1197 2874 1252 urbem
2906 1198 3157 1253 mittitur
3178 1201 3276 1270 (7),
3303 1200 3543 1270 majoris
3566 1200 3806 1256 institu-

2163 1283 2417 1340 tionis?
2449 1300 2661 1339 causa:
2723 1302 2848 1356 quae
2901 1287 3040 1342 viris
3099 1287 3302 1342 ﬂorere
3360 1289 3806 1344 existimabatur

2163 1373 2523 1428 doctioribus
2575 1373 2666 1440 iis,
2719 1375 2819 1445 qui
2870 1375 3127 1445 primum
3176 1377 3337 1432 fuere
3384 1382 3803 1450 praeceptores;

2165 1463 2398 1517 tametsi
2429 1478 2629 1518 revera
2659 1463 2890 1519 ﬂoreret
2918 1467 3150 1520 nemine
3181 1482 3318 1521 uno.
3351 1467 3484 1522 Erat
3511 1467 3686 1522 etiam
3719 1483 3805 1522 se-

2164 1551 2358 1606 niores
2389 1551 2591 1606 audire
2635 1557 2960 1622 narrantes,
3013 1554 3444 1625 sexagesimum
3476 1556 3543 1610 ad
3575 1573 3674 1611 eos
3706 1573 3804 1612 us—

2163 1655 2276 1711 que
2307 1640 2547 1695 ﬂuxisse
2578 1657 2822 1710 annum,
2866 1659 2935 1697 ex
2979 1659 3094 1714 quo
3141 1642 3346 1699 insula
3395 1645 3713 1701 dominatio
3744 1646 3803 1700 in

2165 1728 2402 1784 alterius
2451 1729 2663 1802 linguae
2709 1729 2980 1786 homines
3029 1733 3316 1788 translata
3365 1733 3554 1788 fuerat
3591 1734 3706 1805 (8):
3739 1751 3804 1789 ac

2166 1833 2264 1886 per
2293 1821 2481 1873 totum
2514 1819 2670 1874 istud
2701 1823 2935 1890 tempus
2966 1821 3308 1892 apparuisse
3355 1822 3670 1893 neminem,
3704 1823 3806 1894 qui

406 1913 516 1962 τῶν
578 1905 919 1982 γραμμάτων
983 1905 1322 1975 ἀσκήσαντα·
1378 1905 1448 1958 τὰ
1500 1903 1606 1979 πρὸ
1662 1901 1856 1957 τούτου
1907 1901 1964 1957 δὲ
2006 1903 2052 1957 εἰ

415 1994 440 2008 α
700 1997 711 2008 .
913 1999 941 2008 ..
1026 1993 1047 2008 ς
1215 1991 1225 2008 .
1623 1989 1681 2008 νδ
1727 1991 1748 2008 κ
1910 1988 1922 2008 ,
2005 1997 2027 2007 ,.

2172 1910 2369 1977 praeter
2400 1911 2680 1962 consueta
2712 1925 2777 1962 ac
2822 1908 3072 1964 humilia
3119 1909 3444 1965 litterarum
3473 1911 3807 1967 rudimenta

411 1994 513 2071 ἄρα
538 2018 624 2057 τις
653 1997 849 2070 γέγονε
874 1999 982 2050 τῶν
1026 1991 1338 2068 λεγομένων
1380 2013 1583 2070 σοφων,
1618 1989 1823 2062 ἄδηλον
1871 1988 2054 2054 αὺτοῖς

409 2086 568 2154 εἶναι,
599 2084 688 2140 καὶ
721 2083 899 2160 λέγειν
934 2084 1010 2157 μὴ
1063 2080 1332 2138 δύνασθαι.
1359 2084 1513 2144 Ὅθεν
1570 2081 1660 2135 καὶ
1719 2082 1792 2142 ὡς
1846 2081 1937 2135 οὖν
1988 2082 2053 2150 ἦν

412 2173 524 2230 οὐδ’
566 2174 795 2237 ἐνταῦθα
844 2171 987 2242 ἄξιόν
1035 2193 1088 2226 τι
1129 2178 1231 2240 τῆς
1283 2168 1490 2248 φύσεως
1537 2169 1848 2243 ἐκμελετᾷν,
1883 2167 2057 2225 δεύτε-

409 2285 527 2339 ρος,
572 2263 603 2317 ὅ
652 2283 800 2340 φασι,
851 2260 1026 2322 πλοῦς
1083 2261 1173 2314 καὶ
1232 2259 1307 2322 εἷς
1366 2259 1724 2334 παιδευτήρια
1770 2259 2054 2332 Ῥωμαίων

408 2357 590 2429 φοιτᾷ,
640 2356 1030 2426 γραμματικῆς
1087 2347 1140 2403 ἐν
1191 2347 1409 2410 τούτοις
1465 2355 1566 2416 τῆς
1623 2349 1758 2402 κατὰ
1804 2349 1902 2417 τήν
1962 2346 2059 2402 πά-

405 2461 558 2515 τριον
620 2438 865 2493 Λατίνων
923 2433 1365 2512 παραδιδομένης
1416 2436 1622 2512 φωνήν.
1678 2435 1899 2498 Τούτοις
1964 2436 2056 2509 μὶν

409 2528 501 2583 οῦν
562 2525 866 2602 ἐνδιέτριψε
916 2525 1117 2601 χρόνον
1184 2523 1313 2599 οὐχὶ
1368 2523 1591 2598 συχνὸν,
1647 2525 1737 2578 καὶ
1793 2530 1947 2586 σκιᾶς
2000 2545 2061 2600 γε

409 2615 559 2689 ἔδοξε
614 2620 1032 2690 γραμματικῆς,
1063 2611 1189 2668 ἀλλ’
1243 2611 1341 2666 οὐκ
1399 2611 1568 2680 αὐτῆς
1622 2633 1682 2688 γε
1729 2619 1832 2682 τῆς
1860 2611 2058 2688 τέχνης

411 2704 731 2760 ἀπόνασθαι.
785 2701 972 2759 Αἴτιον
1033 2699 1090 2756 δὲ
1144 2699 1181 2770 ἤ
1234 2722 1295 2757 τε
1343 2705 1440 2755 τοῦ
1495 2700 1696 2777 χρόνου
1758 2701 2058 2778 βραχύτης,

409 2795 500 2849 καὶ
532 2797 568 2862 ἡ
597 2797 710 2847 τῶν
745 2789 1088 2847 διδασκάλων
1140 2791 1292 2868 φωνή
1325 2787 1631 2866 ἀλλόθρους
1659 2811 1743 2852 τις
1795 2789 1926 2844 οὖσα
1971 2791 2062 2844 καὶ

407 2883 590 2955 νόθος,
621 2882 714 2936 καὶ
744 2886 826 2953 τῷ
854 2880 962 2953 νέῳ
995 2879 1087 2934 σῦν
1137 2877 1334 2950 πολλῷ
1376 2878 1466 2934 καὶ
1517 2877 1742 2954 μεγάλῳ
1780 2878 2059 2952 καταλαμ-

410 2969 689 3045 ϐανομένη
743 2975 824 3041 τῷ
883 2969 1100 3044 μόχθῳ,
1133 2970 1200 3036 ἧς
1259 2964 1381 3022 ἄνευ
1441 2965 1650 3036 οὖδ⁹ἧν
1705 2975 1805 3036 τῆς
1859 2968 2059 3043 τέχνης

407 3059 897 3135 ἆποπειράσασθαι.
958 3061 1119 3112 ’Ὡστε
1172 3055 1260 3111 καὶ
1312 3051 1606 3124 συνέϐαινε,
1666 3054 1893 3113 διπλοῦν
1953 3057 2061 3111 ἀνθ’

408 3149 591 3206 ἁπλοῦ
646 3147 737 3203 τὸν
788 3146 952 3201 πόνον
989 3144 1326 3222 ὑφίστασθαι,
1356 3149 1518 3199 τοῦτο
1582 3144 1673 3218 μὲν
1731 3145 1827 3206 τὰς
1885 3146 2063 3218 φωνὰς

408 3242 519 3294 ὅτι
581 3236 649 3307 δὴ
711 3235 802 3291 καί
861 3234 1174 3307 σημαίνοιεν
1236 3237 1486 3303 ζητοῦντι
1537 3234 1744 3306 μαθεῖν,
1784 3238 1944 3287 τοῦτο
2007 3230 2063 3288 δὲ

2167 1994 2470 2066 quidpiam
2502 1995 2767 2050 doceret:
2799 2013 2940 2052 num
2998 2013 3130 2052 vero
3162 2003 3332 2053 antea
3361 1999 3575 2070 aliquis
3602 2016 3806 2054 eorum

2166 2082 2470 2152 exstiterit,
2533 2084 2632 2154 qui
2691 2084 2968 2139 dicuntur
3035 2085 3349 2156 sapientes,
3398 2086 3664 2158 ignotum
3721 2088 3806 2143 eis

2166 2187 2314 2237 esse,
2346 2188 2536 2244 neque
2567 2173 2757 2228 dicere
2786 2189 2976 2244 posse.
3008 2176 3132 2237 Qua
3161 2175 3231 2229 de
3259 2191 3439 2231 causa
3467 2192 3600 2231 cum
3628 2175 3806 2230 etiam

2167 2261 2246 2316 ibi
2296 2260 2529 2332 ingenio
2587 2261 2830 2333 dignum
2884 2267 3217 2334 suppeteret
3273 2263 3440 2328 nihil,
3503 2266 3560 2319 in
3600 2281 3714 2336 quo
3747 2281 3809 2320 se

2168 2355 2476 2415 exerceret,
2502 2351 2779 2414 secunda,
2803 2355 2869 2406 ut
2899 2351 3082 2417 aiunt,
3107 2352 3498 2423 navigatione,
3521 2353 3808 2408 Romano-

2166 2455 2299 2494 rum
2332 2438 2561 2494 scht-las
2594 2439 2736 2503 adit,
2772 2440 2871 2494 ubi
2903 2441 3289 2512 grammatica
3335 2443 3676 2497 tradebatur
3706 2460 3805 2514 pa-

2167 2528 2280 2582 tria
2314 2527 2646 2582 Latinorum
2698 2527 2899 2599 lingua
2946 2529 3043 2600 (9).
3097 2533 3159 2583 In
3191 2529 3283 2584 his
3315 2533 3547 2603 tempus
3577 2531 3804 2586 insum-

2168 2617 2286 2687 psit
2315 2633 2432 2671 non
2464 2616 2718 2671 multum
2745 2634 2756 2672 :
2790 2621 2847 2672 et
2889 2619 3100 2672 umbra
3146 2619 3540 2691 grammaticas
3571 2619 3808 2675 videba-

2168 2708 2285 2771 tur,
2318 2721 2434 2759 non
2465 2703 2594 2776 ipsa
2621 2708 2746 2760 arte
2776 2704 2970 2776 potiri.
3003 2709 3188 2761 Causa
3220 2712 3342 2762 erat
3370 2708 3650 2780 temporis
3679 2709 3812 2764 bre-

2168 2792 2337 2858 vitas,
2370 2797 2554 2848 etvox
2584 2793 3002 2863 magistrorum
3063 2799 3276 2862 extera,
3334 2799 3392 2850 et
3448 2797 3651 2868 spuria
3677 2797 3810 2869 (10),

2170 2886 2227 2937 et
2252 2883 2522 2953 ajuvene
2552 2898 2668 2936 non
2700 2882 2826 2937 sine
2857 2882 3042 2937 multo
3074 2887 3129 2938 et
3157 2899 3370 2956 magno
3401 2884 3698 2941 intellecta
3728 2887 3812 2942 la-

2171 2971 2327 3036 bore,
2362 2971 2488 3025 sine
2520 2987 2637 3042 qua
2667 2986 2858 3042 neque
2905 2970 3186 3042 possibile
3233 2977 3358 3028 erat
3405 2973 3547 3028 artis
3577 2991 3811 3030 assecu-

2169 3059 2389 3115 tioncm
2420 3063 2660 3115 tentare.
2694 3059 2840 3114 Hinc
2889 3060 3208 3129 eveniebat,
3267 3066 3334 3116 ut
3386 3062 3675 3132 duplicem
3706 3081 3811 3136 pro

2171 3148 2424 3220 simplici
2485 3149 2682 3203 subire
2739 3148 2998 3204 laborem
3057 3150 3326 3205 deberet:
3389 3168 3508 3206 una
3553 3169 3620 3207 ex
3649 3157 3812 3224 parte

2170 3254 2339 3292 voces
2371 3237 2670 3294 addiscere
2700 3254 2986 3308 quaerens,
3045 3242 3101 3292 et
3156 3239 3298 3309 quid
3348 3239 3487 3311 ipsae
3517 3241 3809 3312 signiﬁca-

408 3327 623 3387 καῖτας
679 3331 783 3394 τῆς
839 3323 1202 3395 ὑποκειμένης
1258 3321 1457 3397 τέχνης
1505 3321 1778 3397 περινοίας
1825 3321 2060 3377 καταλα-

2176 3331 2342 3382 rent:
2377 3331 2434 3381 et
2466 3342 2534 3380 ex
2564 3325 2765 3397 altera,
2819 3326 3092 3397 subjecta;
3139 3326 3381 3382 vocibus
3431 3329 3572 3384 artis
3603 3346 3813 3386 sensus

411 3414 548 3473 εεῖν.
601 3414 736 3469 Ὑπδ
790 3411 847 3467 δὲ
889 3415 990 3481 τῆς
1039 3411 1206 3480 αὐτῆς
1265 3410 1437 3473 αἰτίας
1499 3408 1624 3465 οὐδὲ
1671 3417 1770 3479 τῆς
1829 3409 2061 3485 λογικῆς

412 3502 835 3583 Ἀριστοτέλους
889 3499 1112 3556 ἐνταῦθα
1165 3496 1556 3572 διδασκομένης
1604 3496 1746 3568 ἄξιόν
1793 3521 1847 3554 τι
1895 3497 2063 3575 λόγου

411 3593 742 3670 παρείληφε,
771 3589 921 3658 πλὴν
976 3589 1100 3643 ὅσον
1147 3587 1214 3642 τὰ
1259 3587 1336 3650 εἷς
1384 3587 1691 3662 εἰσαγωγὴν
1738 3592 1834 3642 τοῦ
1889 3589 2062 3660 μαθή-

416 3704 586 3757 ματος
647 3677 873 3745 εἰδέναι,
901 3677 993 3732 καὶ
1048 3677 1217 3731 ταῦτά
1271 3697 1390 3738 πως
1439 3672 1718 3751 ἀμυδρῶς.
1769 3675 2065 3752 Δυσχέρεια

412 3774 512 3848 γὰρ
546 3765 873 3842 ὲμϐαθῦνειν
902 3771 1021 3827 τοῖς
1054 3764 1372 3840 λεγομένοις
1402 3763 1531 3826 τοὺς
1579 3764 1670 3818 καὶ
1717 3769 1822 3818 τῶν
1872 3769 2060 3842 φωνῶν

413 3861 587 3916 αὖτῶν
643 3859 722 3918 ὡς
780 3855 1046 3932 ἐλάχιστα
1099 3851 1401 3914 ἐπαίοντας.
1437 3851 1594 3909 Ἀλλ’
1623 3853 1698 3914 ὡς
1756 3854 1938 3908 ἑαυτὸν
2001 3853 2062 3908 οὐ

412 3951 528 4004 κατ’
577 3946 868 4019 ἐπιθυμίαν
917 3939 1275 4018 προϐαίνοντα
1332 3942 1497 4018 ἑώρα,
1549 3940 1811 4004 αὐθάδους
1877 3941 2064 4018 λαχὼν

417 4039 650 4116 φύσεως,
683 4035 774 4090 καὶ
830 4039 1014 4088 πονεῖν
1064 4033 1164 4088 οὐκ
1209 4033 1571 4108 ἀνεχομένης,
1607 4032 1642 4100 ἢ
1690 4032 1792 4106 γὰρ
1842 4029 1947 4086 ἔδει
1999 4032 2062 4086 τὸ

412 4133 512 4182 πᾶν
570 4122 718 4202 ἔχειν
761 4121 1150 4200 κατειληφυῖαν
1200 4123 1262 4194 (f.
1310 4118 1697 4196 καταληφθὲν),
1731 4121 1766 4189 ἢ
1821 4121 2062 4192 καθάπαξ

418 4217 714 4292 ὀλιγωρεῖν
807 4217 906 4266 τοῦ
1013 4207 1427 4282 σπουδάσματος
1459 4254 1473 4280 ,
1553 4209 2061 4285 προσταλαιπωρεῖν

412 4305 613 4374 ἥκιστα
671 4300 1018 4377 βουλομένην
1072 4296 1476 4374 (βουλόμενος),
1510 4296 1597 4352 ἐπὶ
1652 4298 1750 4366 τὴν
1811 4299 2062 4374 πατρῴαν

414 4394 593 4450 ἑστίαν
643 4394 792 4467 ἄγων
827 4389 887 4444 ἐκ
928 4389 1186 4464 γενέσεως
1236 4385 1352 4449 ἔτος
1411 4383 1879 4442 πεντεκαιδέκατον
1934 4388 2064 4441 ἀνα-

412 4483 650 4560 «pegma

491 4570 592 4626 Καὶ
615 4573 716 4623 τοῦ
764 4567 964 4623 λοιποῦ
1012 4563 1347 4639 κυνηγεσίων
1404 4565 1498 4638 μὶν
1549 4562 1714 4636 αὐτῷ,
1759 4565 1848 4618 καὶ
1887 4563 2068 4618 τοιού.

2171 3418 2494 3486 penetrare.
2530 3416 2685 3469 Hanc
2715 3415 2787 3470 ob
2826 3431 3064 3470 causam
3095 3431 3284 3486 neque
3312 3415 3510 3487 logica:
3540 3418 3817 3474 Aristote-

2170 3503 2315 3571 licai,
2342 3521 2468 3575 quae
2499 3503 2580 3559 ibi
2602 3504 2942 3571 docebatur,
2965 3503 3185 3574 aliquid
3209 3509 3536 3561 memoratu
3567 3507 3811 3578 dignum

2171 3592 2429 3664 percepit
2457 3596 2663 3663 praeter
2704 3609 2771 3647 ea
2829 3609 2955 3663 quae
3014 3593 3085 3646 ad
3143 3592 3332 3664 ipsius
3363 3595 3504 3648 artis
3535 3595 3812 3668 isagogen

2171 3681 2491 3752 pertinent;
2544 3685 2602 3735 et
2660 3681 2779 3734 haec
2830 3681 3068 3751 quidem
3127 3681 3506 3737 subobscure.
3570 3683 3813 3740 Difﬁcile

2171 3770 2326 3825 enim
2384 3774 2491 3836 est,
2549 3773 2613 3823 ut
2658 3769 3019 3840 profundat!
3051 3769 3338 3824 dictorum
3389 3787 3596 3827 sensus
3653 3790 3812 3828 asse-

2172 3863 2447 3930 quentur,
2482 3858 2581 3929 qui
2611 3873 2777 3913 voces
2806 3858 2966 3929 ipsas
2997 3875 3110 3912 non
3143 3858 3500 3930 intelligunt.
3533 3861 3643 3915 Sed
3677 3878 3811 3916 cum

2170 3965 2285 4003 non
2312 3963 2379 4001 ex
2407 3952 2537 4002 voto
2582 3962 2644 4001 se
2693 3947 2972 4017 proiicere
3017 3945 3256 4011 videret,
3307 3951 3362 4001 et
3404 3947 3660 4003 indolem
3693 3967 3816 4005 mo-

2171 4035 2450 4091 rosiorem
2483 4033 2724 4089 sortitus
2783 4038 2959 4099 esset,
3018 4050 3084 4088 ac
3145 4033 3361 4089 laboris
3410 4035 3812 4107 impatientem

2173 4124 2502 4197 (oportebat
2565 4121 2722 4176 enim
2745 4121 2835 4176 vel
2858 4137 3028 4176 omne
3051 4123 3564 4193 comprehendere,
3585 4125 3674 4181 vel
3696 4131 3815 4182 stu-

2173 4212 2336 4267 dium
2367 4211 2602 4283 penitus
2645 4210 2982 4282 negligere),
3018 4209 3222 4264 nolens
3271 4210 3526 4282 amplius
3556 4215 3697 4269 adeo
3729 4216 3812 4270 fa-

2171 4301 2370 4373 tigari,
2403 4304 2460 4356 et
2489 4301 2772 4355 miserum
2803 4313 2950 4365 esse,
2984 4299 3057 4353 ad
3099 4299 3321 4370 patrios
3364 4301 3518 4356 lares
3547 4316 3821 4359 reversus

2171 4395 2282 4460 est,
2312 4388 2646 4461 quindecim
2681 4392 2854 4443 natus
2885 4404 3070 4442 annos
3099 4389 3233 4459 (11).
3773 4405 3776 4407 λ

2246 4567 2461 4622 Exinde
2489 4567 2572 4621 rei
2603 4565 2876 4621 venaticis
2909 4581 3144 4637 operam
3176 4566 3371 4633 dabat,
3405 4567 3817 4641 similibusque

415 4681 522 4715 των
547 4663 716 4714 τινῶν
751 4653 917 4728 ἔμελε
947 4649 1239 4739 διατριϐῶν
1263 4674 1274 4686 ·
1336 4652 1517 4728 λόγων
1566 4650 1624 4739 δὲ
1654 4652 1908 4724 ἐπεθύμει
1945 4653 2060 4726 μὲν,

2175 4655 2706 4711 exercitationibus.
2735 4654 3087 4709 Liberalium
3111 4653 3350 4725 quidem
3371 4655 3815 4728 disciplinarum

422 4744 739 4823 ἐπεστέφετο
798 4742 858 4798 δὲ
913 4743 989 4804 ὡς
1044 4738 1243 4810 ἥκιστα
1295 4745 1375 4812 τῷ
1435 4741 1510 4812 μὴ
1571 4735 1716 4815 ἔχειν
1777 4742 1970 4804 αὐτοὺς
1998 4744 2068 4813 τῇ

419 4835 705 4905 Ἑλλήνων
763 4824 1208 4905 παραλαμϐάνειν
1269 4832 1442 4906 φωνῇ,
1478 4825 1546 4882 δι’
1592 4831 1660 4898 ἧς
1691 4828 1750 4883 ἃν
1779 4828 1923 4900 αὐτῷ
1976 4829 2066 4884 καὶ

423 4925 589 4994 ἐξίστη
648 4927 685 4992 ἡ
745 4921 962 4976 ἐκείνων
1051 4917 1254 4994 ἐγένετο
1314 4915 1562 4987 ἄσκησις.
1620 4918 1719 4971 Καὶ
1775 4918 1948 4972 τοίνυν
2008 4918 2067 4972 ἐκ

415 4989 518 5083 ἧς
577 4989 869 5083 ἐπιθυμίας
922 4989 1128 5076 ταύτης
1183 5007 1408 5082 ἠρεμεῖν
1468 5005 1566 5060 οὐκ
1621 5005 2066 5080 ἐπιτρεπόμενος,

420 5101 676 5178 ὀχληρὸς
736 5101 880 5171 ὁμοῦ
934 5096 1026 5152 καὶ
1084 5093 1330 5171 λυπηρὸς
1374 5100 1493 5156 τοῖς
1520 5099 1731 5171 γονεῦσι
1761 5096 2064 5168 καθίστατο,

413 5170 723 5259 esseSt-item
758 5170 820 5243 έκ
853 5191 962 5240 τῶν
1007 5170 1256 5254 ἐνόντων,
1288 5182 1376 5237 καὶ
1422 5190 1523 5252 τῆς
1568 5181 1828 5260 πατρίδος
1868 5184 2066 5258 ἐκπέμ-

409 5257 530 5335 πειν
596 5257 802 5348 ζητῶν,
829 5275 922 5329 καί
979 5294 1044 5349 γε
1101 5270 1477 5346 παραπέμπειν
1531 5272 1584 5333 ἐς
1631 5257 1728 5334 τας
1776 5272 1826 5327 ἐν
1876 5273 2070 5343 Νικαίᾳ

411 5363 725 5442 διατριϐὰς,
779 5363 919 5419 ὅπου
974 5362 1065 5417 καὶ
1124 5359 1290 5435 λόγος
1349 5359 1576 5434 ἐκράτει,
1634 5362 1911 5436 γενομένῳ
1964 5362 2068 5416 τινὶ

408 5461 571 5521 αὐτὰς
615 5457 816 5527 ἐξεῖναι
874 5449 1053 5507 δοκεῖν
1103 5448 1170 5504 τά
1199 5450 1252 5524 γ’
1277 5447 1331 5510 ές
1389 5453 1566 5526 σοφῶν
1632 5446 1840 5525 ἀνδρῶν
1898 5449 2067 5526 ἀφθο-

411 5550 526 5604 νίαν
582 5547 683 5608 τὰς
743 5541 986 5604 παλαιὰς
1033 5541 1262 5610 Ἀθήνας
1317 5538 1460 5612 ὁρᾷν.
1513 5539 1577 5592 Οἱ
1635 5536 1692 5593 δὲ
1752 5537 1962 5616 φύσεώς
2012 5561 2072 5594 τε

409 5641 498 5693 καῖ
530 5633 904 5714 ἰσχυροτέρας
934 5631 1178 5702 ἀνάγκης
1225 5624 1442 5699 δεσμοῖς
1494 5627 1751 5703 ἐχόμενοι
1801 5632 1898 5682 τοῦ
1944 5649 2069 5682 παι-

414 5726 524 5800 δὸς,
584 5725 691 5784 οὖα
747 5725 811 5779 ἂν
875 5719 909 5775 ὅ
960 5739 1013 5772 τι
1070 5715 1280 5792 γένοιτο
1339 5718 1589 5790 μεθήσειν
1651 5714 1915 5793 ἔφασκον·
1982 5717 2070 5772 καὶ

2173 4745 2463 4800 desiderio
2511 4744 2820 4800 tenebatur
2879 4744 3025 4814 (12):
3086 4743 3186 4797 sed
3245 4748 3310 4798 ut
3370 4745 3682 4801 minimum
3715 4765 3816 4804 cu-

2175 4851 2300 4889 ram
2333 4835 2404 4889 de
2461 4832 2534 4888 iis
2592 4833 2857 4897 faciebat,
2919 4831 3073 4902 quod
3129 4847 3227 4886 eas
3257 4832 3585 4889 Graecorum
3617 4834 3818 4908 lingua

2176 4923 2472 4995 percipere
2519 4939 2634 4977 non
2693 4923 2908 4991 posset,
2962 4936 3064 4990 per
3118 4935 3294 4990 quam
3328 4922 3670 4978 facillimum
3702 4925 3816 4997 ipsi

2178 5013 2386 5067 fuisset
2415 5027 2542 5067 sese
2586 5011 2645 5065 in
2693 5009 2915 5064 eisdem
2960 5023 3242 5064 exercere.
3279 5015 3350 5065 At
3380 5011 3720 5082 hujusmodi
3751 5030 3820 5069 ex

2177 5100 2468 5156 desiderio
2514 5115 2645 5154 cum
2699 5097 3000 5168 quiescere
3041 5113 3156 5151 non
3200 5099 3640 5168 permitteretur
3680 5102 3814 5173 (13),

2176 5188 2558 5244 turbulentus
2588 5185 2884 5256 simulque
2915 5185 3199 5241 molestus
3231 5187 3570 5258 parentibus
3613 5191 3814 5260 evasit,

2180 5295 2439 5350 quaerens
2499 5293 2566 5331 ex
2621 5275 2884 5346 ipsorum
2943 5275 3115 5329 bonis
3173 5280 3566 5332 commeatum
3608 5281 3680 5333 ad
3711 5280 3820 5335 iter

2179 5367 2493 5438 agendum,
2524 5370 2582 5420 et
2612 5364 2798 5419 emitti
2830 5380 2860 5418 e
2890 5363 3098 5434 patria,
3157 5367 3214 5418 et
3260 5364 3509 5420 Nicaeam
3542 5366 3696 5422 mitti
3745 5371 3816 5424 ad

2180 5451 2411 5508 scholas
2444 5452 2578 5522 (14),
2613 5450 2713 5505 ubi
2744 5451 2899 5505 fama
2922 5450 3212 5505 clamabat
3238 5467 3406 5520 posse
3429 5452 3611 5508 videri
3637 5455 3687 5509 ei
3719 5458 3819 5528 qui

2178 5541 2259 5597 ibi
2293 5540 2712 5606 diversabatur,
2746 5539 2818 5594 ob
2850 5537 3179 5610 sapientum
3211 5539 3468 5595 virorum
3514 5542 3820 5599 abundan-

2179 5632 2344 5696 tiam,
2377 5633 2598 5684 veteres
2637 5628 2829 5683 videre
2885 5627 3162 5683 Athenas.
3216 5627 3400 5683 Puero
3460 5630 3822 5690 adhaerentes

2182 5718 2291 5786 illi,
2325 5721 2542 5774 natura:
2572 5722 2629 5774 et
2657 5717 2914 5774 fortioris
2964 5716 3328 5773 necessitatis
3357 5717 3606 5776 vinculis
3636 5738 3699 5777 se
3729 5722 3821 5777 di-
