4094 6450
392 449 473 510 23
1422 440 1736 505 GEORGII
1781 438 2044 500 CYPBII
2086 438 2203 500 CP.
2248 440 2782 503 PATRIABCHJE
3713 439 3790 499 24

396 579 627 650 cebant,
660 576 947 650 quidquid
981 574 1212 632 evenire
1242 579 1460 647 posset,
1489 592 1608 630 non
1650 572 2042 638 dimissuros;

2162 571 2421 648 πρότερον
2453 572 2686 646 ἑτοίμως
2720 570 2863 648 ἔχειν
2895 568 3154 626 ἐνδιδόναι
3203 575 3282 644 τῷ
3331 568 3654 648 βουλομένῳ
3694 570 3789 639 τὴν

398 673 457 724 et
485 667 681 740 potius
713 671 950 739 paratos
980 681 1128 732 esse,
1161 664 1340 720 vitam
1372 664 1604 718 auferre
1641 663 1857 718 volenti
1908 678 2041 733 per-

399 758 654 824 mittere,
688 773 865 828 quam
897 758 1108 827 sponte
1159 754 1474 823 sustinere,
1523 758 1590 808 ut
1643 752 1745 806 tali
1787 752 1844 806 in
1877 756 2043 807 astate

398 847 460 902 in
512 844 851 919 peregrinas
907 849 1091 899 terras
1149 842 1308 897 ﬁlius
1367 842 1710 898 mitteretur.
1746 839 2044 896 Dissensio

398 937 598 1007 itaque
630 933 904 1006 utrinque
935 938 1096 988 erat:
1125 936 1182 987 et
1228 931 1288 986 in
1347 948 1416 987 ea
1473 932 1725 986 duorum
1757 945 2044 985 annorum

399 1029 634 1097 tempus
665 1023 774 1096 (15)
796 1023 1166 1094 insumptum
1190 1025 1298 1090 est,
1322 1021 1504 1076 donec
1528 1020 1887 1092 perspiciens
1908 1019 2049 1074 ado-

400 1114 648 1176 lescens,
678 1115 950 1183 parentes
981 1125 1215 1181 semper
1243 1110 1520 1174 victuros,
1544 1111 1594 1164 si
1627 1111 1822 1181 aperte
1843 1112 1891 1163 Δ
1912 1123 2046 1162 cum

401 1202 548 1275 ipsis
580 1202 938 1272 loqueretur,
972 1201 1260 1271 deponere
1291 1215 1354 1254 se
1405 1199 1753 1254 sententiam
1785 1196 2046 1264 simulat,

402 1291 661 1364 quietam
691 1289 869 1345 vitam
925 1305 1117 1361 agere,
1174 1291 1230 1343 et
1285 1287 1780 1359 quemadmodum
1813 1287 1914 1358 qui
1946 1287 2047 1341 do-

405 1379 549 1434 mini
585 1383 752 1433 erant
779 1384 836 1434 et
857 1381 1150 1449 parentes,
1175 1377 1348 1447 jussa
1377 1377 1603 1439 darent,
1636 1375 1880 1448 obsequi
1906 1373 2046 1430 illis.

404 1469 492 1524 Ita
549 1467 860 1534 simulans,
927 1484 992 1522 ac
1047 1465 1207 1520 brevi
1261 1465 1458 1536 aliquo
1515 1469 1775 1536 tempore
1830 1464 2048 1519 ﬁctioni

406 1557 808 1628 acquiescens,
825 1561 891 1610 ut
911 1554 1243 1626 opinionem
1263 1554 1336 1609 de
1357 1554 1766 1626 permansione
1789 1570 1898 1608 sua
1919 1570 2052 1608 con-

406 1646 688 1714 ﬁrmaret,
722 1643 1128 1717 ignorantibus
1159 1642 1498 1698 domesticis
1529 1647 1586 1697 et
1615 1642 1896 1713 cognatis,
1930 1642 2050 1696 dis-

407 1734 618 1789 cedens
677 1749 707 1788 e
765 1733 972 1804 patria,
1033 1737 1091 1788 et
1148 1732 1343 1786 navim
1411 1732 1828 1798 conscendens,
1888 1735 1946 1786 et
1991 1730 2052 1786 in

408 1821 778 1895 navigatione
809 1821 1066 1877 secundo
1106 1825 1277 1876 vento
1328 1838 1493 1888 usus,
1543 1821 1712 1876 tertia
1742 1821 1835 1875 die
1866 1818 2052 1875 Ptole-

410 1911 689 1980 maidem,
722 1927 850 1982 qua;
901 1914 991 1965 est
1044 1909 1104 1965 in
1161 1909 1488 1978 Palaestina,
1541 1909 1876 1965 deducitur.
1910 1910 2052 1964 Inde

409 2004 646 2059 Aneam
677 2001 827 2054 Asiae
859 1997 1042 2054 altera
1088 1997 1454 2070 navigatione
1501 1998 1748 2066 difficili,
1791 2015 1856 2053 ac
1886 1997 2052 2054 valde

408 2088 758 2163 periculosa,
789 2089 1044 2161 indeque
1087 2087 1382 2160 Ephesum
1430 2089 1588 2142 venit
1618 2089 1752 2160 (16),
1785 2087 1888 2143 Hic
1918 2104 2053 2143 cum

409 2178 658 2246 audiret,
688 2176 749 2232 in
795 2175 1006 2232 vicinia
1049 2175 1450 2248 Blemmydam
1494 2175 1759 2232 habitare
1807 2177 1941 2248 (17),
1973 2175 2055 2232 vi-

408 2285 562 2336 rum,
597 2271 663 2322 ut
693 2266 1018 2336 dicebatur,
1050 2282 1165 2321 non
1197 2264 1388 2320 solum
1432 2265 1582 2320 inter
1610 2265 1836 2321 Graecos
1869 2265 2052 2321 nostri

405 2357 709 2429 temporis,
756 2371 960 2411 verum
1013 2354 1190 2409 etiam
1248 2354 1402 2410 inter
1441 2371 1647 2410 omnes
1686 2354 2052 2425 sapientissi-

406 2463 592 2517 mum,
623 2445 956 2502 vehementi
987 2442 1278 2499 desiderio
1313 2443 1606 2498 ferebatur
1633 2443 1705 2498 ad
1753 2459 1883 2498 eum
1918 2459 2054 2515 pro-

404 2535 724 2606 ﬁciscendi,
757 2538 822 2589 ut
851 2535 1049 2606 ipsum
1080 2532 1322 2587 videret.
1357 2532 1494 2603 Ejus
1523 2536 1716 2587 tamen
1762 2531 2051 2586 desiderio

405 2625 718 2681 obstabant
761 2623 868 2677 viri
911 2621 1165 2694 Ephesii,
1215 2620 1494 2687 dicentes,
1549 2625 1612 2675 ut
1641 2621 1815 2675 etiam
1848 2637 2050 2675 verum

405 2717 551 2782 erat,
573 2713 728 2785 quod
750 2729 865 2768 non
893 2712 1085 2767 solum
1111 2708 1497 2782 philosophus
1519 2708 1615 2765 ille
1635 2709 1829 2765 videre
1855 2709 2050 2781 ipsum

400 2804 763 2874 juvenem,et
791 2801 1248 2873 peregrinum,et
1271 2815 1588 2871 pauperem
1612 2799 2047 2871 dedignaretur:

409 2891 510 2946 sed
539 2890 589 2945 is
618 2889 817 2958 etiam,
841 2889 941 2961 qui
971 2904 1105 2943 cum
1134 2887 1259 2959 ipso
1291 2887 1624 2958 sapientum
1663 2887 1876 2942 chorus
1907 2896 2049 2958 erat,

409 2977 604 3050 ipsum
641 2978 1108 3049 appropinquare
1138 2977 1494 3032 monasterio
1525 2993 1641 3032 non
1673 2976 2048 3047 permitteret.

409 3068 514 3123 His
527 3065 1087 3136 addebant,perinde
1107 3065 1166 3120 in
1190 3064 1835 3137 ipsum[Blemmydam]
1857 3065 2052 3121 dicen-

409 3160 518 3227 tes,
536 3157 724 3211 virum
748 3172 875 3211 esse
895 3153 1566 3227 difficilem,rigidum,et
1586 3153 1891 3220 elatum,et
1910 3154 2049 3209 sim-

407 3245 732 3318 plicitatem
757 3243 1000 3299 minime
1022 3247 1325 3298 curantem
1345 3259 1358 3296 :
1378 3242 1571 3298 locum
1593 3242 1769 3298 etiam
1799 3241 2053 3298 inacces-

2157 663 2301 730 ζωὴν
2362 663 2628 740 ἀφαιρεῖν,
2663 662 2788 736 πρὶν
2846 662 3063 723 ἑκόντας
3120 660 3172 716 ἐν
3223 659 3468 733 τοσούτῳ
3523 667 3622 730 τῆς
3666 657 3790 729 ἡλι-

2153 750 2272 812 κίας
2307 750 2384 812 είς
2415 751 2566 821 ξένην
2626 750 2946 815 στέλλεσθαι
2991 751 3081 805 τὸν
3129 751 3241 805 υἱὸν
3295 755 3624 825 συγχωρεῖν.
3659 748 3791 804 Στά-

2154 861 2234 902 σις
2296 837 2387 894 οὖν
2449 841 2776 916 ἑκατέρωθεν
2828 841 2917 909 ἦν.
2948 840 3046 895 Καὶ
3109 843 3179 913 τῇ
3238 840 3418 894 στάσει
3449 836 3597 894 δυοῖν
3628 838 3790 894 ἐτέοιν

2156 929 2356 1004 χρόνος
2411 924 2675 1005 ἐτρίϐετο,
2723 927 2827 992 ἕως
2887 926 3110 984 συνιδὼν
3145 930 3173 984 ὁ
3202 926 3434 996 νεανίας,
3468 926 3552 982 δτι
3607 932 3792 1000 νικῷεν

2157 1017 2216 1072 ἂν
2251 1019 2303 1072 οἱ
2333 1019 2574 1081 τεκόντες
2607 1019 2688 1073 ἀεὶ
2738 1019 2796 1075 ὲκ
2832 1022 2929 1074 τοῦ
2983 1022 3215 1097 φανεροῦ
3263 1021 3368 1073 τῶν
3429 1015 3605 1093 λόγων
3664 1019 3793 1093 πρὸς

2155 1107 2352 1170 αὐτοὺς
2397 1108 2719 1184 γινομένων,
2751 1111 3044 1179 σκήπτεται
3098 1109 3335 1181 μεθεῖναι
3386 1108 3485 1177 τὴν
3545 1109 3793 1181 γνώμην,

2157 1197 2393 1272 ἡσυχίαν
2457 1195 2514 1252 δὲ
2571 1195 2738 1273 ἄγειν,
2771 1197 2861 1253 καὶ
2917 1199 3036 1261 καθ’
3081 1197 3112 1252 ὅ
3148 1219 3199 1252 τι
3255 1196 3315 1252 ἂν
3371 1195 3564 1252 έκεῖνοι
3621 1196 3798 1271 κύριοι

2158 1287 2246 1342 καὶ
2305 1293 2475 1361 γονεῖ,
2535 1282 2684 1349 ὄντες
2741 1285 3033 1356 κελεύοιεν,
3089 1283 3330 1351 ἕπεσθαι.
3387 1285 3542 1340 Οὕτω
3599 1284 3800 1359 σκηψά-

2163 1396 2348 1448 μενος,
2403 1376 2492 1430 καί
2550 1397 2669 1431 τινα
2727 1377 2926 1452 χρόνον
2982 1381 3061 1448 τῷ
3119 1375 3398 1448 πλάσματι
3457 1375 3798 1452 ἐφησυχάσας

2164 1464 2392 1540 βραχὺν,
2424 1463 2515 1520 τίνα
2545 1465 2689 1520 οὕτω
2724 1468 2822 1535 τήν
2863 1470 2960 1521 τοῦ
3012 1467 3187 1538 μένειν
3244 1460 3609 1539 βεϐαιώσηται
3661 1464 3797 1539 γνώ-

2166 1575 2296 1625 μην,
2326 1551 2514 1622 λαηὼν
2561 1561 2732 1609 πᾶσαν
2782 1554 2996 1609 πάντων
3047 1551 3293 1622 αἴσθησιν
3344 1552 3560 1609 οἰκείων
3607 1574 3666 1608 τε
3712 1552 3797 1608 καὶ

2160 1647 2458 1716 συγγενῶν,
2492 1644 2788 1705 ἀπαναστὰς
2843 1651 2943 1713 τῆς
3001 1641 3283 1718 πατρίδος,
3314 1642 3442 1713 νηός
3489 1643 3537 1697 τ’
3589 1639 3797 1713 ἐπιϐὰς,

2161 1731 2250 1786 καὶ
2282 1730 2527 1810 ἐπιφόρῳ
2567 1734 2712 1806 παρὰ
2757 1733 2849 1788 τὸν
2897 1731 3069 1788 πλοῦν
3114 1733 3464 1808 χρησάμενος
3513 1729 3798 1805 πνεύματι,

2159 1826 2440 1897 τριταῖος;
2493 1821 2547 1883 ἐς
2578 1819 2929 1895 Πτολεμαΐδα
2955 1823 3054 1891 τὴν
3103 1821 3154 1877 ἐν
3205 1818 3537 1894 Παλαιστίνῃ
3576 1819 3799 1895 κατάγε-

2159 1929 2266 1964 ται.
2329 1914 2386 1962 Κ’
2436 1907 2674 1973 ἐντεῦθεν
2727 1909 2804 1971 εἷς
2861 1911 3077 1965 ’Δναιαν
3145 1915 3246 1978 τῆς
3317 1908 3496 1970 Ἀσίας
3571 1905 3801 1983 δευτέρῳ

2163 1995 2289 2069 πλῷ
2342 1995 2574 2073 χαλεπῷ
2629 1997 2806 2071 τούτῳ
2860 1998 2949 2054 καὶ
3006 1998 3125 2054 λίαν
3172 1995 3518 2070 ἐπικινδύνῳ,
3565 1997 3800 2053 κάκεῖθεν

2163 2086 2239 2148 είς
2296 2088 2522 2165 Ἔφεσον
2581 2084 2725 2156 ἥκει.
2761 2089 2923 2142 Ἔνθα
2977 2087 3067 2142 καὶ
3123 2087 3196 2150 ὡς
3245 2086 3296 2142 έν
3337 2086 3594 2162 γειτόνων
3640 2086 3800 2141 οἰκῶν

2164 2172 2248 2245 εἴη
2284 2176 2312 2230 ὁ
2343 2172 2676 2248 Βλεμμύδης
2704 2175 3011 2249 πυθόμενος
3043 2176 3202 2252 ἀνὴρ,
3235 2177 3308 2238 ὡς
3338 2174 3580 2252 ἐλέγετο,
3609 2175 3670 2230 οὖ
3705 2174 3800 2249 μό-

2161 2284 2252 2318 νον
2297 2262 2576 2335 Ἐλλήνων
2629 2269 2738 2320 τῶν
2783 2265 2861 2342 ἐφ’
2907 2267 3090 2340 ἡμῶν,
3131 2264 3278 2321 me
3323 2263 3414 2321 καὶ
3454 2264 3669 2320 πάντων
3715 2265 3802 2320 ἀν-

2163 2347 2306 2426 δρῶν
2365 2353 2700 2429 σοφώτατος,
2760 2350 2936 2414 πολὺς
3011 2352 3210 2428 γίτεναι
3265 2353 3401 2429 πρὸς
3459 2351 3617 2408 αὐτὸν
3670 2351 3802 2408 κατὰ

2163 2441 2285 2494 θέαν
2344 2440 2665 2516 πορεύεσθαι
2715 2443 2815 2511 τὴν
2874 2439 3061 2500 αὓτοῦ.
3121 2441 3381 2519 Ἐπέσχον
3423 2441 3481 2497 δὲ
3525 2440 3678 2515 ὅμως
3716 2443 3800 2497 ἄν-

2163 2528 2284 2604 δρες
2337 2529 2571 2604 Ἐφέσιοι
2624 2537 2725 2600 τῆς
2785 2533 2986 2606 ὁρμῆς,
3045 2531 3344 2605 εἰρηκότες,
3402 2531 3534 2607 ὅπερ
3588 2530 3677 2587 καί
3732 2532 3796 2602 ἦν

2161 2617 2385 2692 ἀληθὲς,
2417 2618 2491 2680 ὡς
2519 2619 2582 2674 οὐ
2617 2619 2778 2692 μόνον
2809 2619 2964 2675 αὐτὸν
3012 2620 3306 2690 ἀπαξιώσω
3357 2617 3486 2676 ἰδεῖν
3519 2621 3548 2674 ὁ
3577 2618 3798 2697 φιλόσο-

2162 2729 2262 2786 φος
2321 2709 2436 2764 νέον
2493 2703 2642 2776 ὅντα,
2700 2709 2790 2764 καὶ
2839 2709 3007 2780 ξένον,
3067 2711 3157 2764 καὶ
3215 2710 3442 2780 πένητα,
3476 2707 3622 2764 ἀλλὰ
3657 2709 3799 2764 καἰὸ

2161 2797 2285 2873 περὶ
2343 2797 2500 2852 αὐτὸν
2559 2799 2730 2874 χορὸς
2783 2803 2892 2853 τῶν
2949 2803 3128 2876 σοφῶν
3166 2800 3534 2872 μοναστηρίῳ,
3567 2819 3802 2872 προσπε-

2164 2887 2323 2944 λάσαι
2380 2887 2480 2942 οὐκ
2533 2887 2591 2942 ἂν
2649 2890 3081 2963 συγχωρήσαιεν.
3141 2893 3264 2950 Τοῖς
3325 2888 3426 2964 γὰρ
3483 2893 3597 2942 κατ’
3645 2887 3799 2943 αὐτὸν

2163 2975 2377 3048 ἐπίσης,
2435 2976 2520 3031 ὅτι
2576 2976 2714 3050 ἀνὴρ
2769 2976 3062 3050 ἀπρόσιτος
3132 2973 3344 3054 ἔφασαν,
3401 2973 3630 3044 ἀκλινὴς
3706 2974 3801 3047 ὢν,

2160 3065 2250 3119 καὶ
2281 3066 2572 3140 μετέωρος,
2604 3065 2692 3119 καὶ
2742 3064 2940 3133 ἥκιστα
2993 3063 3265 3127 εὐτελείας
3317 3063 3804 3142 έπιστρεφόμενος·

2163 3153 2193 3208 ὅ
2238 3174 2295 3208 τε
2353 3157 2542 3229 χῶρος
2587 3148 2933 3225 ἀνεπίϐατος,
2977 3153 3068 3209 καὶ
3121 3155 3173 3208 οἱ
3235 3153 3471 3227 μαθηταὶ
3526 3153 3682 3208 αὐτοὶ
3731 3153 3804 3216 ὡς

2165 3240 2282 3298 λίαν
2346 3239 2739 3311 δυσέντευκτοι,
2800 3242 2894 3298 ἀντ
2965 3239 3141 3298 ἄλλου
3205 3241 3405 3304 παντὸς
3486 3246 3808 3314 μαθήματος

410 3310 568 3402 sum,
585 3350 652 3388 ac
673 3331 996 3404 discipulos
1017 3332 1178 3402 ipsos
1203 3331 1457 3402 praebere
1479 3347 1540 3386 se
1563 3331 1830 3386 difﬁciles
1858 3331 1931 3386 ad
1953 3347 2051 3386 eos

2163 3335 2322 3386 τοῦτο
2380 3331 2516 3406 πρὸς
2571 3335 2666 3386 τοῦ
2722 3310 3102 3405 καθηγεμόνος
3159 3310 3557 3409 παρειληφότες
3583 3310 3681 3385 τοῦ
3718 3332 3809 3404 μὶν

409 3423 782 3492 adeuntibus,
799 3425 999 3492 utpote
1021 3420 1119 3490 qui
1142 3420 1301 3475 istud
1329 3424 1462 3475 ante
1483 3418 1641 3474 aliud
1663 3435 1836 3474 omne
1859 3436 1892 3474 a
1911 3436 2052 3490 pris-

410 3515 644 3583 ceptore
662 3511 1086 3565 documentum
1109 3507 1473 3580 accepissent
1495 3508 2052 3579 sapientissimo.Sic

409 3600 483 3656 ab
514 3599 678 3654 initio
711 3598 910 3654 statim
943 3596 1229 3652 desiderio
1262 3613 1368 3652 suo
1400 3595 1633 3664 excidit,
1661 3601 1720 3652 et
1747 3597 2054 3652 videbatur

410 3688 519 3744 hoc
543 3704 658 3742 non
684 3687 904 3742 bonum
928 3687 986 3740 in
1010 3685 1272 3741 futurum
1294 3687 1338 3743 ὅ
1367 3686 1702 3757 augurium.
1733 3689 2048 3758 Postquam

413 3792 514 3848 spe
561 3776 848 3830 frustatus
892 3780 999 3840 est,
1049 3774 1252 3829 abiens
1300 3773 1526 3844 Epheso
1576 3775 1708 3844 (18),
1761 3789 1862 3845 per
1900 3779 2052 3830 totos

413 3881 513 3921 sex
542 3879 796 3932 menses,
856 3879 1073 3935 eosque
1130 3863 1246 3918 fere
1307 3863 1614 3935 bybernos,
1657 3879 1791 3918 cum
1823 3864 2052 3935 magnis

413 3952 690 4020 miseriis,
722 3952 971 4024 aliisque
1025 3969 1219 4007 rerum
1266 3951 1725 4007 necessariarum
1771 3952 2051 4023 penuriis,

413 4043 664 4099 Nicaeam
691 4041 748 4096 in
782 4041 1161 4113 Bithynorum
1212 4040 1578 4111 metropolim
1608 4040 1784 4096 venit.
1819 4041 2053 4096 Insum-

413 4132 534 4204 psit
559 4147 692 4186 vero
723 4130 867 4186 adeo
900 4129 1153 4184 multum
1184 4128 1409 4183 interea
1437 4133 1689 4199 tempus,
1722 4145 1836 4183 non
1895 4129 2050 4201 quod

412 4220 825 4293 longissimum
855 4219 964 4274 iter
992 4224 1165 4289 esset,
1215 4235 1320 4273 nec
1374 4221 1626 4282 tantum,
1661 4221 1724 4272 ut
1751 4219 2056 4273 conﬁcere-

411 4313 527 4376 tur,
561 4307 842 4380 temporis
872 4307 1167 4378 exigeret:
1229 4308 1324 4362 sed
1380 4307 1520 4377 quia
1576 4306 1740 4377 prius
1771 4305 1830 4360 in
1861 4311 2055 4362 castra

413 4398 568 4470 regis
599 4396 965 4469 perveniens,
997 4399 1053 4450 et
1081 4393 1308 4466 aliquos
1340 4394 1420 4449 ibi
1467 4394 1795 4466 potentium
1827 4395 2051 4463 adiens,

413 4487 629 4541 victum
663 4485 798 4551 sibi,
833 4484 934 4556 qui
988 4501 1089 4556 per
1126 4487 1317 4538 totum
1368 4482 1690 4554 disciplinas
1719 4487 1950 4555 tempus
1981 4485 2054 4540 ad

415 4576 595 4631 vitam
639 4574 953 4641 sufﬁceret,
1003 4576 1274 4644 pararet;
1325 4587 1507 4642 eoque
1537 4588 1650 4626 non
1683 4571 1936 4640 invento,
1969 4573 2055 4626 di-

2163 3421 2499 3498 σοφωτάτου.
2544 3421 2638 3474 Ἐκ
2692 3419 3004 3493 προοιμίων
3064 3418 3216 3482 εὐθὺς
3274 3419 3449 3482 οὕτως
3505 3419 3810 3496 ἀποτυγχά-

2160 3530 2260 3579 νει,
2287 3507 2378 3562 καὶ
2430 3505 2605 3563 ἐδόκει
2651 3507 2814 3562 τοῦτό
2865 3527 2928 3582 γε
2981 3507 3082 3562 οὐκ
3124 3507 3326 3583 ἀγαθὸς
3381 3506 3516 3583 πρὸς
3570 3508 3639 3562 τὰ
3687 3507 3809 3578 ἱξῆς

2164 3596 2382 3658 οῒωνός.
2418 3593 2570 3654 Ἀλλ’
2627 3597 2701 3658 ὡς
2765 3596 3051 3671 ἀπέτυχεν,
3105 3592 3236 3671 ἄρας
3289 3595 3349 3650 ἐκ
3401 3602 3501 3665 τῆς
3561 3596 3810 3672 Ἐφέσου,

2163 3683 2232 3740 δι’
2262 3683 2406 3740 ὅλων
2471 3689 2657 3757 μηνῶν
2715 3684 2790 3756 ἓξ,
2818 3684 2910 3740 καὶ
2960 3683 3168 3739 τούτων
3227 3682 3429 3761 σχεδὸν
3483 3683 3807 3761 χειμερίων,

2161 3775 2303 3846 ὁμοῦ
2384 3771 2648 3847 μεγάλαις
2720 3771 3138 3849 ταλαιπωρίαις,
3195 3770 3392 3834 ἄλλαις
3447 3793 3506 3828 τε
3550 3771 3640 3827 καὶ
3690 3778 3808 3834 ταῖς

2160 3867 2265 3916 τῶν
2342 3861 2650 3937 ἀναγκαίων
2724 3864 3054 3938 στερήσεσιν,
3101 3862 3178 3922 εἰς
3234 3863 3334 3930 τήν
3403 3865 3531 3916 τῶν
3577 3863 3812 3916 Βιθυνῶν

2165 3950 2510 4026 μητρόπολιν
2567 3949 2788 4005 Νίκαιαν
2840 3947 3079 4027 ἔρχεται.
3133 3950 3335 4006 Ἐποίει
3385 3947 3443 4005 δὶ
3487 3948 3663 4006 πολὺν
3719 3950 3810 4005 τὸν

2166 4039 2361 4114 μεταξὺ
2391 4043 2578 4094 τοῦτον
2615 4038 2816 4114 χρόνον
2849 4038 2912 4093 οὐ
2941 4039 3004 4093 τὸ
3060 4045 3161 4108 τῆς
3222 4036 3353 4094 ὀδοῦ
3413 4039 3674 4111 μήκιστον
3734 4037 3813 4094 ὃν,

2160 4129 2250 4184 καὶ
2281 4128 2546 4182 τοσούτου
2583 4125 2818 4204 βαδίζειν
2849 4123 3129 4201 δεόμενον,
3164 4125 3289 4183 ἀλλ’
3318 4127 3401 4182 ὅτι
3449 4125 3710 4202 πρότερον
3759 4125 3815 4188 ἇς

2160 4219 2222 4274 τὸ
2275 4216 2539 4294 βασιλέω,
2574 4215 2870 4295 ἀφιγμένος
2919 4213 3304 4291 στρατόπεδον,
3337 4215 3492 4293 έφίῘ)
3537 4235 3646 4271 τισι
3705 4219 3815 4271 τῶν

2166 4305 2406 4362 δυνατῶν
2458 4305 2726 4381 προσιὼν,
2775 4304 2979 4382 τροφὰς
3031 4304 3204 4375 ἑαυτῷ
3248 4303 3343 4364 τὰς
3386 4309 3510 4377 παρ’
3551 4298 3681 4358 ὅλον
3723 4304 3817 4358 τὸν

2165 4403 2265 4466 τῆς
2301 4397 2584 4469 μαθήσεως
2616 4394 2811 4470 χρόνον
2841 4394 2942 4462 τὴν
3003 4393 3147 4462 ζωὴν
3198 4392 3383 4454 ἱκανὰς
3432 4391 3675 4467 συνέχειν
3715 4411 3821 4448 πο-

2168 4485 2404 4562 ρίσεται³
2465 4483 2554 4538 καὶ
2611 4482 2807 4544 ταύτας
2882 4482 3030 4558 παρὰ
3107 4479 3338 4554 μηδενὸς
3397 4481 3665 4556 εὑρηκὼς,
3720 4485 3814 4536 τὸν

2166 4574 2458 4651 εἰρημένον
2518 4571 2714 4647 χρόνον
2785 4571 3090 4646 κατέτριψε.
3146 4569 3245 4624 Τόν
3306 4569 3352 4623 θ’
3409 4566 3814 4640 Ἑλλήσποντον

417 4667 576 4719 ctum
605 4667 837 4733 tempus
877 4661 1164 4717 contrivit.
1215 4660 1656 4731 Hellespontum
1703 4660 1879 4715 simul
1922 4677 2051 4715 cum

2172 4666 2285 4736 ἅμα
2340 4666 2420 4734 τῷ
2473 4665 2684 4736 στρατῷ
2741 4654 3052 4728 διαϐαίνων,
3115 4655 3206 4712 διὰ
3262 4657 3476 4732 Θρᾴκης
3534 4657 3818 4733 σχολαίως

417 4752 668 4810 exercitu
727 4755 1111 4818 transvectus,
1173 4765 1275 4820 per
1345 4748 1653 4803 Thraciam
1713 4754 1904 4804 castra
1960 4766 2061 4820 per

417 4839 604 4894 otium
637 4838 920 4908 sequitur,
969 4844 1026 4893 et
1069 4837 1410 4910 Byzantium
1461 4836 1734 4892 advenit:
1787 4837 1886 4892 ubi
1919 4844 2058 4892 tunc

417 4944 517 4983 rex
545 4926 859 4982 festinabat
912 4927 1177 4983 obsidere
1226 4927 1450 4996 urbem,
1499 4929 1555 4980 et
1602 4941 1960 4998 oppugnare,
1990 4943 2058 4982 ac

417 5017 593 5071 etiam
624 5016 922 5070 devastare
979 5016 1240 5086 quidem,
1298 5013 1349 5071 si
1407 5019 1624 5087 posset.
1685 5016 1760 5070 At
1812 5013 1896 5068 illi
1924 5032 2057 5071 vero

416 5103 634 5176 placuit
672 5103 924 5158 Nicaeam
982 5103 1268 5171 secedere,
1329 5120 1464 5159 cum
1519 5103 1580 5156 in
1637 5119 1788 5168 eam,
1819 5119 1946 5174 quas
1978 5103 2057 5159 ibi

415 5199 590 5260 esset,
623 5191 916 5247 intentum
946 5191 1187 5247 haberet
1233 5192 1524 5259 animum,
1568 5191 1916 5248 eruditionis
1947 5192 2057 5247 mi-

416 5299 540 5338 ram
574 5281 993 5354 praetentiam,
1038 5280 1467 5353 amabilemque
1497 5282 1716 5336 fontem
1743 5299 1757 5349 ;
1789 5281 1848 5335 in
1880 5297 2057 5352 quam

415 5371 592 5426 etiam
622 5387 691 5425 ex
719 5372 901 5442 Cypro
933 5385 1169 5441 pergere
1200 5369 1588 5425 anhelaverat.
1615 5370 1724 5425 Sed
1749 5370 1858 5425 hoc
1880 5386 2058 5442 quam

417 5459 586 5515 aliter
615 5458 825 5513 accidit
855 5457 1004 5529 (19)!
1051 5457 1273 5512 Etenim
1331 5463 1536 5529 praeter
1589 5458 2055 5530 grammaticam,

418 5553 476 5604 et
506 5546 750 5620 poesim,
784 5552 840 5603 et
868 5546 1298 5618 superﬁciarias
1328 5546 1492 5610 istas,
1518 5547 1728 5618 reperit
1758 5546 1868 5603 loci
1901 5547 2059 5603 illius

419 5639 734 5708 sapientes,
769 5635 868 5708 qui
922 5635 1065 5689 nihil
1114 5635 1320 5690 docere
1368 5635 1524 5691 aliud
1573 5636 1808 5692 scirent.
1860 5637 2059 5701 Qualis

421 5728 577 5783 enim
611 5725 818 5798 gloria,
849 5724 1201 5781 disserentes
1248 5723 1449 5780 audire
1496 5725 1733 5797 quidem
1764 5726 1835 5782 de
1865 5726 2057 5785 rheto-

2171 4751 2670 4827 συμπορευόμενος,
2702 4748 2791 4803 καὶ
2850 4747 2903 4810 ές
2958 4748 3243 4817 Βυζάντιον
3297 4746 3471 4816 ἥκων,
3504 4746 3641 4802 ὅπου
3693 4746 3822 4827 τότε

2167 4841 2257 4897 καὶ
2341 4837 2596 4916 βασιλεὺς
2672 4834 2914 4904 ἔσπενδε,
2972 4835 3458 4913 περικαθιούμενος
3515 4834 3666 4906 αὐτὸ,
3725 4823 3820 4890 καὶ

2165 4929 2575 5005 πολιορκήσων,
2625 4923 2702 4980 ἔτι
2751 4946 2814 4999 γε
2865 4926 2972 4998 μὴν
3022 4925 3116 4980 καὶ
3174 4923 3549 4998 έκπορΘήσων,
3601 4922 3660 4978 ἂν
3719 4922 3827 4999 ἄρα

2169 5017 2476 5088 δυνήσεται.
2535 5012 2691 5083 Πλὴν
2752 5010 2899 5084 ἔδοξε
2968 5014 3068 5082 τήν
3127 5012 3349 5068 Νίκαιαν
3437 5012 3824 5088 ἀναχορεύσαι,

2167 5101 2489 5164 καταλαϐὼν
2541 5104 2617 5165 ὡς
2648 5101 2784 5176 αὐτῇ
2816 5104 2868 5178 γ’
2904 5101 3121 5164 ἐπιστὰς
3171 5105 3241 5176 τῇ
3295 5105 3404 5157 τῶν
3463 5098 3646 5176 λόγων
3695 5102 3829 5155 Θαυ-

2173 5195 2336 5270 μασίᾳ
2391 5193 2482 5248 καὶ
2539 5190 2896 5267 πολυεραστῷ
2952 5194 3128 5267 πηγῇ.
3181 5189 3262 5268 ἐφ’
3293 5192 3359 5260 ἣν
3402 5189 3492 5245 καὶ
3549 5188 3827 5265 Κυπρόθεν

2169 5283 2443 5359 ἠπείγετο.
2500 5279 2571 5335 T6
2653 5276 2711 5334 δὲ
2778 5279 2852 5340 ὡς
2937 5277 3133 5352 ἑτέρως
3200 5277 3507 5334 συνέπιπτε.
3568 5277 3666 5333 Καὶ
3718 5276 3826 5353 γὰρ

2167 5371 2314 5441 πλὴν
2394 5374 2787 5446 γραμματικῆς
2843 5386 2902 5421 τε
2960 5367 3050 5422 καὶ
3109 5374 3426 5438 ποιητικῆς,
3484 5364 3828 5422 έπιπολαίων

2166 5462 2256 5516 καὶ
2284 5459 2514 5528 τούτων,
2547 5457 2695 5530 εὗρεν
2741 5454 2938 5518 αὐτοὺς
2991 5454 3162 5511 ἐκεῖσε
3203 5455 3404 5535 σοφοὺς
3444 5452 3626 5533 ἕτερον
3671 5451 3826 5510 διδάο

2168 5570 2309 5604 σκειν
2341 5545 2550 5608 εἰδότας
2581 5543 2754 5601 οὐδέν.
2789 5545 3018 5598 Φάσκειν
3062 5541 3121 5598 δὲ
3171 5544 3467 5622 ῥητορικῆς
3514 5543 3602 5599 καὶ
3651 5541 3817 5622 φιλο-

2169 5639 2377 5716 σοφίας,
2410 5636 2647 5691 καὶτῶν
2696 5631 2881 5689 ἄλλων
2943 5632 3040 5686 ὅσα
3091 5635 3389 5706 μαθήματα
3446 5630 3817 5710 διαφερόντως

2171 5728 2403 5800 μετιέναι
2449 5725 2538 5780 καὶ
2599 5721 2796 5779 εἰδέναι
2841 5721 3114 5796 ἀνθρώπῳ
3159 5724 3445 5798 προσήκει,
3485 5720 3647 5784 κλέος
3691 5722 3816 5776 οἷον
