4094 6444
1991 438 2176 502 VITA
2191 481 2206 499 .
3713 427 3793 493 ω

355 571 618 630 ὀπυίειν·
666 572 962 648 γινώσκειν
1016 573 1199 646 μέντοι
1259 571 1453 634 αὐτοὺς
1511 571 1541 626 ὅ
1595 593 1645 626 τι
1705 569 1836 626 ποτέ
1879 570 2031 641 εἰσιν,

2149 573 2288 641 rica,
2346 578 2404 631 et
2468 573 2859 647 philosophia,
2917 571 3165 644 aliisque
3230 566 3579 641 disciplinis,
3639 581 3789 640 quas

361 662 410 718 εί
441 662 548 738 ἄρα
591 663 685 718 καὶ
735 663 894 732 εἰσὶν,
946 659 1230 735 οὐδαμῶς.
1279 665 1437 717 Ὥστε
1482 663 1572 716 καὶ
1622 659 1904 734 δυσθυμίαι
1949 658 2038 715 διὰ

363 756 534 806 ταῦτα
563 751 720 827 εἶχον
757 750 919 806 αὐτὸν
947 753 1040 806 καὶ
1092 749 1408 824 μετάμελοι.
1443 750 1612 826 Εἶχον
1667 748 1723 805 δὲ
1754 751 1844 806 καὶ
1890 748 2037 823 μάλα

368 837 620 903 δικαίως·
674 839 722 894 εἰ
771 837 1011 916 πατρίδα
1075 841 1170 912 μὲν
1215 836 1514 911 κατέλιπε,
1563 841 1796 916 στοργῆν
1844 838 1902 895 δὲ
1947 862 2036 916 γο-

370 930 504 985 νέων
533 930 795 999 ἦθέτησε,
839 927 1044 1006 δάκρυα
1093 927 1150 984 δὲ
1193 927 1436 1004 παρεῖδε,
1483 927 1696 1006 πελάγη
1748 927 1806 984 δὲ
1853 925 2032 985 διέϐα-

374 1016 464 1073 λεν
529 1018 608 1080 ὡς
833 1019 1051 1095 μακρὰ,
1109 1018 1185 1081 ὡς
1243 1016 1301 1074 δὲ
1357 989 1581 1095 χαλεπέ
1630 989 1718 1074 καὶ
1776 1017 2037 1074 κινδύνων

376 1109 589 1180 μεστά·
650 1105 883 1183 ἤπειρον
963 1105 1021 1163 δὶ
1076 1107 1343 1179 τοσαύτην
1410 1106 1666 1185 διέδραμε
1699 1155 1713 1180 ,
1777 1114 1922 1178 ζωῆς
1978 1109 2035 1163 δὲ

371 1195 615 1268 καθάπαξ
663 1194 991 1273 ἠφείδησεν,
1045 1199 1142 1254 εἶτ’
1189 1198 1306 1253 ἀντὶ
1354 1197 1560 1253 τούτων
1611 1197 1754 1253 οὕτω
1807 1197 2035 1275 μεγαλο-

375 1292 483 1362 φυῆ
528 1291 811 1356 κομιεῖται
864 1286 1078 1358 μισθόν,
1128 1286 1334 1349 κλίσεις
1387 1287 1671 1360 ἀνομάτων
1723 1285 2035 1361 ἐκμελητῆ-

374 1393 486 1445 σαι,
533 1374 628 1427 καὶ
683 1373 948 1449 ῥημάτων
1015 1376 1440 1451 σχηματισμοὺς
1483 1377 1573 1432 καὶ
1619 1380 1896 1448 κινήσεις,
1945 1379 2035 1432 καὶ

372 1462 453 1523 ὡς
509 1464 547 1530 ἡ
607 1460 891 1539 Τυνδάρεω
948 1470 1077 1527 παῖς
1134 1467 1378 1541 ἡρπάγη,
1423 1465 1512 1520 καὶ
1564 1467 1598 1534 ὴ
1646 1471 1896 1543 Πριάμου
1940 1467 2034 1521 πέ-

375 1570 563 1605 πτωκε
618 1549 785 1612 πόλις
849 1550 1108 1608 πολυετεῖ
1177 1550 1264 1608 διὰ
1335 1555 1434 1622 τὴν
1489 1559 1716 1628 γυναῖκα
1790 1559 2037 1626 καμοῦσα

375 1637 634 1712 πολέμῳ,
665 1641 758 1694 καὶ
805 1641 878 1704 ὡς
927 1643 978 1696 οἱ
1020 1640 1208 1704 παῖδες
1254 1641 1544 1706 Οἰδίποδος
1587 1645 1704 1698 κατ’
1752 1643 2036 1715 ἀλλήλους

382 1727 642 1800 μανέντες
687 1729 781 1784 ὐπ’
827 1729 1095 1802 ἀλλήλων
1147 1730 1466 1802 ἀπώλοντο,
1515 1733 1602 1788 καὶ
1650 1730 1828 1789 τᾶλλα
1879 1732 1978 1788 ὅσα
2008 1735 2036 1788 ὁ

376 1818 673 1884 ποιητικὸς
727 1820 895 1894 χορὸς
959 1821 1096 1875 κατά
1139 1841 1255 1876 τινα
1303 1828 1402 1891 τῆς
1464 1821 1665 1897 τέχνης
1713 1821 2034 1897 αὐτονομίαν

2147 663 2397 719 maxime
2422 665 2643 720 ambire
2670 681 2735 719 ac
2760 679 2930 720 nosse
2951 660 3221 719 convenit
3246 657 3472 715 homini
3497 674 3511 725 ;
3544 655 3787 712 minime

2145 769 2280 808 vero
2311 759 2726 826 cognoscentes
2757 753 2898 825 quid
2929 751 3040 808 illa
3084 751 3224 818 sint,
3257 749 3375 805 imo
3417 751 3475 803 et
3525 747 3572 802 si
3623 744 3789 802 sint?

2145 847 2503 914 quapropter
2548 842 2793 898 tristitia
2847 845 2904 897 et
2958 838 3319 913 paenitudine
3377 835 3789 893 afﬁciebatur:

2144 934 2201 986 et
2247 932 2486 1003 quidem
2531 931 2868 1004 justissima
2921 931 2991 986 de
3041 945 3237 996 causa,
3271 926 3551 999 quoniam
3593 926 3644 981 ο
3687 941 3793 996 pa-

2143 1021 2319 1077 triam
2372 1020 2705 1092 reliquerat,
2756 1022 3067 1092 parentum
3125 1032 3386 1074 amorem
3444 1017 3790 1086 aspernatus

2144 1114 2287 1179 erat,
2321 1110 2610 1183 lacrymas
2639 1126 2842 1166 eorum
2896 1107 3063 1163 nihili
3113 1107 3346 1172 fecerat,
3379 1104 3566 1161 maria
3612 1104 3790 1175 traje-

2144 1203 2303 1255 cerat
2347 1199 2622 1270 spatiosa,
2655 1203 2712 1254 et
2759 1197 3040 1264 difﬁcilia,
3075 1212 3141 1252 ac
3185 1193 3462 1266 periculis
3505 1192 3698 1265 plena,
3729 1195 3787 1248 et

2144 1293 2230 1344 tot
2276 1292 2461 1344 terras
2511 1290 2896 1360 percurreret,
2946 1290 3004 1342 et
3061 1284 3298 1341 omnino
3354 1285 3787 1353 contempserat

2145 1379 2360 1445 vitam;
2393 1393 2459 1432 ac
2504 1377 2712 1432 deinde
2762 1393 2864 1448 pro
2910 1375 3006 1430 his
3053 1373 3328 1430 omnibus
3357 1375 3475 1426 tam
3509 1370 3786 1443 magniﬁ-

2145 1483 2272 1522 cam
2329 1465 2543 1522 tulerat
2601 1465 2947 1534 mercedem,
3003 1462 3421 1519 declinationes
3478 1459 3787 1515 nominum

2145 1553 2373 1621 callere,
2432 1557 2489 1609 et
2554 1553 2969 1609 vocabulorum
3037 1551 3413 1608 formationes
3473 1549 3789 1604 motiones-

2146 1659 2279 1715 que,
2326 1647 2382 1698 et
2430 1643 2720 1714 quomodo
2775 1641 3065 1715 Tyndarei
3116 1640 3237 1696 ﬁlia
3284 1643 3451 1710 rapta
3498 1637 3693 1706 fuerit,
3737 1641 3795 1692 et

2145 1732 2362 1787 Priami
2396 1733 2537 1787 urbs
2568 1732 2844 1788 ceciderit
2889 1731 3062 1803 longo
3110 1728 3260 1786 bello
3305 1733 3510 1784 vexata
3560 1731 3796 1799 propter

2147 1837 2406 1876 amorem
2457 1820 2743 1887 mulieris,
2790 1824 2848 1875 et
2891 1819 2996 1874 ﬁlii
3046 1817 3380 1890 OEdipodis,
3423 1817 3484 1871 in
3537 1831 3600 1872 se
3644 1815 3790 1870 invi-

372 1903 605 1962 πλάττει
630 1927 692 1961 τε
719 1907 807 1962 καὶ
845 1907 1150 1981 μυθεύεται,
1203 1906 1406 1980 ἡδονῆς
1460 1911 1556 1984 μὲν
1601 1913 1669 1966 τὰ
1695 1909 1881 1966 πολλά
1921 1931 2031 1968 στο-

457 1989 516 2012 υ]
749 1994 797 2012 9η
822 1994 834 2012 Ι
940 1993 982 2012 Μ
1059 2003 1086 2012 .-
1163 1998 1207 2012 0‘
1275 2011 1283 2012 κ
1334 1998 1345 2012 1
1616 2001 1661 2012 ,μ

2145 1926 2270 1966 cem
2303 1909 2667 1965 insanientes
2699 1909 2996 1982 perierint,
3029 1912 3086 1964 et
3124 1907 3240 1963 alia
3269 1919 3631 1979 quaecunque
3661 1920 3792 1975 poe-

375 1989 707 2068 χαζόμενος,
742 1994 904 2070 ὀλίγα
935 1993 993 2052 δὶ
1019 2003 1121 2067 τῆς
1151 1998 1410 2069 ἀληθείας
1442 2001 1755 2078 φροντίζων.

447 2263 629 2314 Ταῦτα
677 2281 765 2315 τοι
813 2261 903 2316 καὶ
954 2259 1147 2326 δεινῶς
1189 2263 1346 2320 αὐτὸν
1387 2264 1682 2342 ἠνώχλουν
1731 2267 1789 2320 οἳ
1824 2274 1924 2336 τῆς
1955 2266 2032 2328 εἰς

375 2345 615 2420 πατρίδα
687 2350 1037 2428 ὑποστροφῆς
1112 2350 1373 2428 λογισμοί
1419 2399 1432 2411 .
1502 2355 1600 2409 Καὶ
1685 2356 2034 2433 ὑποστρέφειν

377 2435 606 2508 εὐθέως,
657 2437 705 2493 εί
735 2439 919 2494 καὶτὸ
950 2437 1134 2514 ῥᾴδιον
1184 2442 1326 2518 ἑώρα
1362 2444 1563 2518 προσὸν
1610 2449 1691 2516 τῷ
1732 2446 2034 2520 πράγματι,

376 2524 493 2578 νυνὶ
549 2526 644 2580 καὶ
702 2528 1056 2603 ἀπορώτατον
1107 2533 1194 2598 ἧν.
1257 2535 1400 2606 Πεζῇ
1438 2553 1498 2587 τε
1551 2534 1652 2609 γὰρ
1681 2530 1790 2588 ἔδει
1838 2534 2033 2609 μέχρις

376 2613 598 2677 ’Δναίας
656 2612 820 2671 πόλιν
873 2615 1130 2692 βαδίζειν.
1190 2619 1418 2692 Προσέτι
1478 2618 1536 2675 δὲ
1591 2621 1679 2676 καὶ
1745 2619 2036 2694 ἀναλωμά-

374 2721 486 2756 των
533 2702 570 2756 ἆ
622 2704 700 2774 μή
757 2699 918 2776 μόνον
965 2705 1066 2760 οὐκ
1107 2707 1172 2775 ἦν
1225 2707 1369 2780 αὐτῷ
1418 2711 1554 2784 πρὸς
1601 2711 1698 2778 τήν
1732 2712 1844 2764 κατ’
1882 2706 2037 2778 ἤπει-

375 2809 471 2864 ρον
525 2792 619 2846 καὶ
667 2791 934 2849 θάλατταν
985 2795 1203 2869 πορείαν
1261 2797 1541 2872 αὐτάρκη,
1599 2797 1726 2855 ἀλλ’
1784 2796 1900 2854 οὐδ’
1957 2798 2039 2876 ἐφ’

378 2880 616 2953 ἡμέραις
648 2879 807 2943 δ’λαις
850 2883 995 2955 τρισὶ
1041 2881 1323 2959 γλίσχρως
1371 2888 1460 2941 καὶ
1508 2893 1784 2964 πενιχρῶς
1834 2885 2038 2960 διατρέ-

378 2970 590 3045 αωθαι,
648 2972 724 3041 μή
777 2990 929 3032 τινος
983 2969 1172 3042 ἔξωθεν
1223 2978 1661 3050 χορηγήσαντος,
1713 2978 1802 3032 καὶ
1839 2981 1909 3051 τῇ
1943 2975 2036 3031 δα-

370 3053 1088 3131 πάνῃπροσῧοηθήσαντος.
1135 3059 1308 3138 Ε’ίχον
1353 3064 1449 3136 μὲι
1503 3066 1593 3120 οὖν
1627 3067 1784 3121 αὐτὸν
1833 3068 1888 3120 αἱ
1917 3086 2034 3120 τοι-

373 3149 535 3200 αὗται
593 3149 705 3200 τῶν
763 3147 1029 3222 ἀποριῶν,
1087 3149 1176 3204 καὶ
1234 3158 1489 3228 κατεῖχον
1544 3155 1691 3227 παρὰ
1747 3159 2028 3210 Ν⁷ικαεῦσιν

375 3232 559 3308 ὥσπερ
620 3231 813 3306 δεσμά.
865 3237 948 3292 Τὰ
1005 3233 1052 3291 δ’
1101 3227 1334 3294 ἐντεῦθεν
1395 3227 1458 3296 οὐ
1513 3241 1687 3305 πολὺς
1742 3238 1944 3320 χρόνος
1997 3243 2026 3297 ὁ

2141 2004 2336 2056 tarum
2369 1999 2584 2055 chorus
2611 2000 2863 2071 quadam
2896 1999 3038 2054 artis
3071 1997 3306 2053 licentia
3333 1995 3521 2068 ﬁngit,
3544 1998 3602 2050 et
3630 2010 3788 2050 com-

2144 2089 2499 2157 miniscitur,
2532 2089 2602 2144 ad
2651 2088 3006 2160 voluptatem
3059 2088 3405 2160 plerumque
3446 2082 3790 2156 respiciens,

2145 2193 2356 2248 parum
2387 2181 2583 2232 autem
2613 2176 2917 2232 veritatem
2951 2192 3186 2232 curans.

2215 2266 2366 2332 Haec,
2399 2272 2455 2321 et
2483 2266 2866 2340 cogitationes
2907 2267 2980 2321 de
3023 2265 3214 2321 reditu
3264 2264 3324 2319 in
3371 2261 3623 2334 patriam
3654 2277 3794 2334 gra-

2145 2355 2293 2410 viter
2339 2355 2534 2426 ipsum
2585 2356 2922 2412 turbabant.
2956 2357 3026 2410 Et
3065 2353 3303 2426 quidem
3341 2352 3528 2408 redire
3570 2352 3790 2422 statim,

2147 2445 2381 2500 tametsi
2434 2444 2598 2500 facile
2653 2445 3008 2517 perspiceret
3064 2460 3170 2499 suo
3226 2442 3486 2498 conferre
3535 2440 3792 2511 negotio,

2151 2550 2306 2588 nunc
2336 2532 2418 2588 illi
2460 2539 2584 2590 erat
2612 2533 3044 2588 difﬁcillimum.
3077 2531 3259 2588 Pedes
3288 2531 3446 2587 enim
3487 2530 3794 2601 oportebat

2149 2639 2338 2695 usque
2360 2628 2594 2678 Anasam
2622 2624 2812 2678 denuo
2838 2623 2948 2678 iter
2975 2637 3163 2694 agere.
3187 2621 3465 2676 Praeterea
3491 2623 3784 2690 sumptus,

2151 2711 2249 2781 qui
2282 2729 2398 2767 non
2429 2711 2623 2768 solum
2659 2729 2771 2768 non
2804 2716 2970 2767 erant
2995 2710 3080 2766 illi
3116 2712 3186 2767 ad
3220 2711 3329 2766 iter
3355 2724 3458 2781 per
3485 2712 3702 2764 terram
3733 2713 3791 2764 et

2149 2817 2329 2865 mare,
2362 2802 2463 2856 sed
2513 2817 2699 2870 neque
2736 2802 2808 2856 ad
2860 2817 3101 2873 parcum
3157 2804 3216 2855 et
3263 2814 3576 2871 pauperem
3607 2797 3787 2852 trium

2147 2888 2377 2944 dierum
2422 2889 2661 2956 victum,
2712 2907 2882 2944 nemo
2932 2889 3072 2945 foris
3123 2888 3558 2961 suppeditabat,
3603 2903 3792 2958 neque

2149 2994 2252 3050 pro
2299 2978 2598 3051 impendio
2641 2977 2924 3034 auxilium
2967 2978 3284 3051 praebebat.
3318 2977 3520 3048 Itaque
3551 2976 3795 3032 vexabat

2148 3083 2281 3123 eum
2314 3067 2437 3122 hinc
2465 3067 2662 3140 inopia
2701 3067 2953 3134 consilii,
2990 3067 3394 3138 retinebatque
3444 3065 3639 3136 ipsum
3693 3064 3792 3119 Ni-

2149 3172 2296 3224 caeae,
2329 3156 2415 3211 uti
2461 3155 2780 3212 vinculum.
2816 3156 3034 3212 Deinde
3084 3173 3200 3212 non
3251 3155 3434 3210 multo
3486 3157 3618 3226 post
3669 3153 3792 3209 haec

2143 3249 2428 3317 tempore,
2476 3262 2751 3318 magnam
2803 3245 3063 3319 Byzantii
3116 3244 3319 3300 urbem
3367 3248 3518 3299 Deus
3567 3241 3789 3298 Latinis

373 3324 515 3394 μετὰ
541 3327 734 3392 ταῦτα,
783 3325 875 3378 καὶ
922 3323 984 3379 τὸ
1035 3326 1176 3399 μέγα
1224 3330 1508 3398 Βυζάντιον
1559 3329 1688 3386 ἄστυ
1734 3318 2023 3404 Ῥωμαίοις

2143 3335 2408 3390 auferens
2462 3336 2674 3390 Graecis
2729 3318 2920 3390 reddit
2963 3332 3096 3406 (20).
3145 3334 3410 3404 Cumque
3465 3331 3791 3403 imperator

373 3412 529 3472 αὖθις
584 3412 722 3472 Θεὸς
774 3411 905 3475 τοὺς
954 3414 1210 3478 Λατίνους
1266 3415 1603 3495 ἀφελόμενος
1663 3417 1871 3475 δίδωσι.
1933 3423 2031 3476 Καὶ

372 3504 470 3556 τοῦ
524 3499 928 3574 Ἀκροπολίτου
995 3508 1288 3573 τηνικαῦτα
1333 3505 1500 3562 πλέον
1559 3513 1667 3563 τῶν
1728 3507 1916 3564 ἄλλων
1967 3511 2036 3566 τὰ

371 3588 452 3649 et;
481 3584 693 3663 λόγους
724 3585 878 3652 ὄντος
925 3597 1094 3670 σοφοῦ
1145 3593 1276 3668 ὑπὲρ
1327 3600 1435 3650 τῶν
1487 3592 1686 3672 λόγων,
1720 3595 1801 3652 ὅτι
1835 3597 1901 3668 δή
1932 3620 2031 3654 πο-

375 3675 476 3740 λὺς
529 3678 707 3733 αὐτῶν
756 3679 973 3755 αὐχμὸς
1027 3679 1078 3736 ἐν
1131 3687 1250 3745 ταῖς
1301 3688 1412 3738 τῶν
1458 3685 1754 3761 ἀνθρώπων
1823 3688 2030 3763 ἐκράτει

375 3768 580 3842 ψυχαῖς
609 3764 1086 3844 δηεραίνοντος,
1127 3773 1228 3841 τήν
1257 3793 1316 3826 τε
1362 3775 1548 3849 ψυχὴν
1584 3777 1910 3851 πάσχοντος,
1941 3779 2030 3833 καὶ

379 3855 602 3928 βοηθεῖν
653 3855 732 3918 εἰς
791 3853 1019 3929 δύναμιν
1067 3856 1340 3929 θέλοντος,
1387 3863 1702 3936 αἰσθόμενος
1754 3863 2027 3940 βασιλεὺς,

373 3943 560 4012 ἀνίησι
599 3948 713 3998 τῶν
755 3942 1041 4016 δημοσίων
1089 3946 1432 4024 φροντίδων,
1479 3953 1569 4005 καὶ
1631 3953 1847 4026 βοηθεῖν
1899 3975 2027 4030 συγ-

374 4036 582 4106 χωρεῖ,
639 4031 735 4087 καὶ
782 4032 859 4094 ὡς
918 4029 1202 4108 πρόθυμον
1263 4038 1446 4093 ἑαυτὸν
1498 4046 1616 4102 τοῖς
1674 4029 2030 4118 βουλομένοις

371 4121 668 4194 ἀκροᾶσθαι
714 4120 923 4190 καθίζει
970 4119 1292 4179 διδάσκαλον
1321 4173 1335 4198 ,
1385 4127 1654 4204 ἐξηγητὴν
1697 4136 1804 4185 τῶν
1860 4128 2027 4187 λαϐυ-

369 4208 570 4282 ρίνθων
631 4210 1049 4284 Ἀριστοτέλους
1085 4231 1098 4244 ·
1160 4211 1303 4268 οὕτω
1379 4217 1482 4292 γὰρ
1558 4217 1668 4291 ἐγὼ
1723 4216 1877 4274 καλῶ
1930 4222 2026 4282 τὰς

367 4297 580 4352 ἐκείνου
634 4298 848 4375 σοφίας,
908 4298 997 4353 καὶ
1045 4299 1275 4372 πλοκὰς,
1328 4306 1414 4366 αἷς
1441 4305 1509 4359 τὰ
1546 4306 1736 4361 ἑαυτοῦ
1766 4305 2026 4384 περιϐάλ-

373 4385 522 4458 λων,
569 4385 782 4462 ἆργώδη
845 4395 1125 4444 κατανοεῖν
1182 4391 1536 4467 ἀπεργάζεται
1572 4414 1585 4426 ’
1645 4393 1911 4472 ἐξηγητὴν
1971 4396 2028 4453 δὲ

371 4474 465 4530 καὶ
509 4479 619 4529 τῶν
670 4473 972 4531 Εὐκλείδου
1021 4476 1113 4531 καὶ
1165 4481 1487 4556 Νικομάχου
1539 4481 1638 4537 ὅσα
1686 4489 2026 4561 τεθεωρήκα-

371 4583 460 4617 av
487 4562 667 4633 οὗτοι,
707 4564 740 4618 ὁ
787 4565 884 4636 μὲν
927 4563 1263 4642 γεωμέτρας,
1312 4570 1630 4646 Νικόμαχος
1682 4571 1739 4628 δὲ
1780 4575 2024 4648 ἀπιθμη-

375 4652 561 4713 nunc;
616 4649 1019 4714 ἂδιδὰσκοντες
1054 4698 1068 4712 .
1125 4657 1417 4733 Συνέρῥεον
1495 4661 1630 4734 πρὸς
1698 4661 1857 4718 αὐτὸν
1930 4663 2030 4719 οὐκ

375 4739 560 4815 ὀλίγοι
601 4738 767 4815 ἔρωτι
809 4739 1056 4804 παιδείας
1110 4743 1416 4818 ἑλκόμενοι.
1469 4748 1751 4825 Ἠπείγετο
1789 4752 1878 4806 καὶ
1936 4751 2028 4809 ὅδε

373 4830 639 4891 νεώτατος
700 4830 798 4903 μὲν
849 4835 948 4886 τοῦ
1000 4836 1198 4908 χοροῦ,
1254 4833 1592 4892 πλεονεκτεῖν
1649 4837 1705 4893 δὲ
1760 4841 1924 4896 αὐτοῦ
1973 4842 2023 4898 ἐν

369 4922 446 4991 τῇ
503 4920 850 5007 μαθήματος-
893 4919 1200 4994 καταλήψει
1271 4921 1396 4978 οὐδὲ
1468 4930 1573 4980 τῶν
1647 4925 2023 5007 πρεσϐυτέρων

371 5011 722 5082 παραχωρῶν
765 5005 987 5065 οὐδενί.
1037 5014 1146 5078 Τῆς
1197 5011 1372 5066 τοίνυν
1451 5014 1876 5090 συλλογιστικῆς
1917 5005 2025 5075 καὶ

363 5094 700 5184 king?“
771 5094 957 5158 καλῶς
1028 5102 1108 5169 τῷ
1182 5095 1492 5175 διδασκάλῳ
1563 5109 2022 5184 σαφηνισθείσης,

365 5187 448 5248 ὥς
499 5183 743 5255 ἐπῆλθεν
789 5185 942 5272 αιξτῷ
996 5186 1088 5240 καὶ
1147 5186 1224 5250 εἰς
1283 5191 1349 5244 τὰ
1397 5198 1496 5261 τῆς
1555 5183 1852 5272 ῥητορικῆς
1896 5199 2024 5261 τοὺς

365 5273 652 5364 ὁμιλητὰς
697 5269 1213 5364 ἐμϐιϐάζειν,ῗπρίν
1271 5299 1387 5333 τινα
1441 5269 1703 5359 δεύτερον⁷
1730 5290 1837 5340 τῶν
1884 5288 2028 5364 Ἀρι-

365 5362 706 5420 σωτελικῶν
769 5364 994 5439 βαθμῶν
1049 5363 1343 5442 ἐπιχειρεῖν
1400 5366 1704 5429 ἀναϐαίνειν
1738 5420 1752 5445 ,
1813 5362 2028 5432 ἐντανθα

363 5452 684 5509 τούναντίον
743 5453 785 5521 ἢ
842 5453 1110 5530 πρότερον
1179 5455 1304 5532 περὶ
1353 5458 1443 5513 τὸν
1516 5459 1739 5524 ἐκείνοις
1812 5465 2025 5539 ἄριστον

363 5543 579 5600 truth;
641 5543 898 5620 ὑπῆρχεν
955 5543 1087 5618 ὁρᾷν
1120 5587 1134 5600 .
1193 5549 1277 5599 Ἐν
1347 5547 1447 5621 γὰρ
1527 5557 1643 5612 ταῖς
1705 5555 2028 5628 γυμνασίαις

363 5637 480 5691 κιο·
509 5637 576 5696 ἃς
625 5631 736 5689 ἔδει
780 5631 1086 5719 γράφοντας
1136 5630 1521 5701 ἐπιδείκνυσθαι
1578 5640 1678 5708 τήν
1737 5643 1859 5719 περὶ
1904 5642 2030 5699 τόδε

361 5731 460 5794 τῆτ
505 5725 700 5800 ψυχῆς
749 5717 1202 5796 ἐπιτηδιιὺτητα,
1257 5724 1447 5788 πάντες
1499 5728 1596 5802 μὲν
1638 5717 1815 5786 αὐτον
1849 5732 2027 5808 κρείτ-

2144 3422 2526 3479 intellexisset
2591 3423 2983 3495 Acropolitam
3049 3422 3161 3495 (21)
3224 3421 3632 3494 (Georgium),
3687 3420 3789 3491 qui

2144 3515 2285 3567 tunc
2340 3512 2560 3568 caeteris
2617 3512 2942 3568 eruditione
3004 3514 3042 3568 7
3105 3508 3488 3583 praecellebat,
3547 3507 3792 3565 moleste

2143 3599 2292 3655 ferre
2323 3601 2478 3672 quod
2509 3601 2835 3656 litterarum
2870 3599 3109 3672 squalor
3148 3600 3209 3655 in
3239 3599 3548 3654 hominum
3578 3595 3792 3653 animis

2142 3690 2498 3760 praevaleret,
2535 3694 2591 3745 et
2645 3689 2822 3760 hujus
2874 3690 2956 3744 rei
3007 3689 3382 3744 miseratione
3425 3690 3785 3743 commotum

2139 3778 2284 3834 velle
2339 3795 2441 3850 pro
2498 3777 2649 3832 virili
2709 3794 2878 3850 opem
2937 3794 3107 3833 suam
3167 3781 3461 3849 praestare,
3515 3774 3786 3831 civilibus

2139 3867 2334 3938 ipsum
2364 3867 2519 3922 curis
2549 3867 2838 3931 liberavit,
2863 3883 2928 3922 ac
2960 3867 3234 3937 adjuvare
3268 3864 3569 3936 permisit:
3604 3879 3784 3936 seque

2138 3955 2237 4011 ille
2262 3961 2532 4028 paratum
2560 3955 2823 4010 exhibuit
2852 3955 2924 4010 iis
2953 3955 3251 4021 omnibus,
3282 3955 3383 4026 qui
3414 3954 3616 4009 audire
3645 3969 3778 4008 eum

2135 4044 2367 4109 vellent,
2397 4044 2762 4116 magistrum.
2798 4042 3294 4115 Interpretabatur
3323 4046 3519 4098 autem
3551 4040 3779 4096 Aristo-

2135 4132 2269 4188 telis
2299 4132 2662 4204 labyrinthos
2693 4149 2706 4188 :
2759 4133 2843 4188 sic
2885 4133 3043 4188 enim
3076 4131 3414 4187 obscuriora
3441 4130 3570 4199 eius
3599 4129 3779 4196 dicta,

2136 4226 2194 4277 et
2239 4221 2646 4293 perplexitates
2697 4221 2944 4294 appello,
2999 4221 3212 4290 quibus
3269 4221 3620 4275 documenta
3672 4233 3780 4273 sua

2135 4311 2453 4380 involvens,
2487 4310 2781 4366 intellectu
2813 4311 3108 4366 difﬁcilem
3159 4326 3220 4366 se
3268 4309 3480 4365 reddit.
3514 4308 3778 4379 Expone-

2137 4400 2238 4455 bat
2265 4400 2441 4455 etiam
2473 4417 2835 4472 quaecunque
2861 4399 3130 4455 Euclides
3161 4403 3219 4455 et
3239 4396 3629 4453 Nicomachus
3651 4411 3779 4466 spe-

2137 4489 2314 4544 culati
2363 4495 2520 4553 sunt,
2562 4506 2808 4560 quorum
2853 4489 3081 4560 primus
3128 4491 3476 4560 geometras,
3508 4485 3776 4540 Nicoma-

2137 4578 2284 4633 chus
2315 4583 2508 4634 autem
2541 4578 2784 4633 instruit
2815 4577 3214 4633 arithmeticos
3247 4593 3260 4632 :
3297 4575 3780 4644 conﬂuebantque

2058 4687 2107 4754 D
2139 4668 2209 4722 ad
2255 4667 2453 4738 ipsum
2498 4684 2612 4722 non
2657 4667 2844 4739 pauci,
2877 4665 3223 4722 eruditionis
3255 4681 3451 4721 amore
3482 4662 3778 4736 pertracti.

2137 4755 2452 4811 Festinavit
2497 4756 2676 4828 igitur
2724 4760 2779 4810 et
2829 4759 2938 4810 iste
2985 4754 3146 4809 chori
3197 4753 3355 4809 illius
3403 4752 3782 4820 novissimus,

2138 4844 2400 4916 superari
2451 4861 2511 4900 se
2559 4844 2624 4900 in
2666 4845 3044 4900 scientiarum
3079 4842 3443 4899 assecutione
3474 4859 3508 4897 a
3543 4856 3781 4913 provec-

2134 4935 2351 4990 tiorum
2384 4933 2616 4988 nemine
2646 4932 3006 5005 permittens.
3047 4934 3246 5002 Itaque
3272 4930 3631 5004 syllogistica
3658 4936 3780 4984 arte

2135 5028 2192 5078 et
2221 5023 2506 5092 analytica
2536 5022 2678 5077 satis
2710 5039 2744 5076 a
2773 5021 3054 5094 magistro
3083 5020 3367 5092 exposita,
3400 5025 3466 5076 ut
3506 5019 3558 5075 ei
3601 5017 3780 5074 disci-

2135 5113 2306 5185 pulos
2337 5111 2626 5167 rbetorica
2652 5110 2918 5165 imbuere
2966 5109 3026 5165 in
3080 5115 3336 5166 mentem
3374 5108 3551 5175 venit,
3584 5108 3777 5180 prius-

2136 5218 2314 5274 quam
2367 5202 2438 5256 ad
2489 5199 2671 5256 alium
2729 5199 2984 5271 aliquem
3041 5215 3108 5254 ex
3147 5198 3534 5256 Aristotelicis
3583 5197 3780 5269 gradi-

2137 5292 2250 5347 bus
2307 5291 2420 5362 (22)
2477 5305 2577 5344 eos
2632 5287 2870 5343 evehere
2927 5289 3236 5360 inciperet,
3295 5287 3652 5344 contrarium
3713 5302 3780 5341 ac

2137 5385 2308 5436 antea
2363 5379 2517 5434 circa
2577 5393 2710 5433 eum
2771 5377 2872 5449 qui
2931 5378 3083 5432 inter
3132 5377 3278 5434 alios
3329 5377 3584 5449 optimus
3632 5379 3776 5445 erat,

2137 5470 2426 5542 apparuit.
2490 5467 2552 5523 ln
2608 5466 3118 5522 exercitationibus
3175 5467 3353 5534 enim,
3407 5466 3623 5539 quibus
3679 5481 3778 5520 eos

2137 5559 2441 5630 oportebat
2485 5555 2704 5629 ingenii
2753 5556 2844 5612 sui
2891 5557 3269 5629 capacitatem
3323 5556 3539 5627 scripto
3583 5560 3777 5610 osten-

2137 5648 2294 5717 dere,
2325 5662 2529 5702 omnes
2576 5645 2674 5702 illo
2724 5645 3052 5717 superiores
3099 5650 3283 5712 erant,
3318 5645 3443 5716 ipse
3487 5659 3621 5700 vero
3674 5657 3775 5697 ne-

2137 5735 2280 5793 mini
2341 5735 2670 5809 praastabat.
2721 5735 2900 5806 Cujus
2956 5735 3038 5790 rei
3097 5735 3344 5791 fortasse
3399 5749 3577 5791 causa
3629 5734 3776 5799 erat,
