4094 6452
382 451 462 515 97
1410 457 1725 522 GEORGII
1770 455 2032 520 CYPRII

2157 456 2189 516 ⁵.
2238 453 2762 517 PATRIARCHE
3702 449 3782 511 98

386 591 540 663 quod
604 588 656 646 is
707 607 841 648 cum
889 591 1313 650 Aristotelicam
1371 591 1800 666 philosophiam
1859 590 2024 646 valde

2157 609 2263 649 τους
2304 589 2462 658 ἦσαν,
2511 586 2670 648 αὐτὸς
2720 583 2778 640 δὲ
2833 583 3122 661 ὑπέρτερος
3171 578 3408 644 οὐδενός.
3455 579 3525 637 Τὸ
3577 578 3624 636 δ’
3647 579 3786 637 ⁸ίσως

387 685 630 747 amaret,
664 685 721 737 et
750 681 885 736 huic
929 698 990 737 se
1037 683 1229 754 ipsum
1261 681 1602 746 addixisset,
1636 680 2028 736 Aristotelem-

389 785 501 840 que
543 787 721 842 supra
759 787 960 826 omnes
1009 771 1156 826 alios
1205 771 1585 843 philosOpbos
1618 771 1665 826 8
1697 771 2024 835 honoraret,

390 857 588 914 minus
620 858 988 927 rhetoricam,
1021 860 1348 916 industrius
1378 860 1511 915 licet
1558 863 1710 915 esset
1757 859 2026 929 scriptor,

392 947 592 1003 audire
616 949 868 1004 curavit:
893 949 1150 1020 adeoque
1177 954 1376 1005 ornate
1397 949 1608 1017 dicere,
1623 948 2029 1018 rbetoremque

393 1053 562 1108 agere
599 1036 680 1092 illi
727 1055 877 1093 curis
920 1056 1033 1094 non
1079 1044 1220 1094 erat.
1254 1040 1362 1094 Sed
1415 1039 1525 1094 hoc
1575 1037 1655 1092 illi
1710 1054 1858 1092 curse
1913 1052 2028 1090 non

394 1125 524 1196 fuit,
557 1127 737 1182 donec
777 1127 903 1197 ejus
937 1127 1320 1199 condiscipuli
1354 1129 1736 1199 quiescerent,
1769 1142 1835 1181 ac
1882 1141 2030 1180 non-

395 1215 534 1270 dum
568 1216 783 1286 apertis
813 1217 1072 1273 dicteriis
1104 1218 1438 1273 morderent
1466 1234 1620 1284 eum,
1657 1233 1721 1270 ac
1749 1214 1926 1270 veluti
1958 1215 2027 1268 ad

396 1303 535 1358 talia
562 1304 826 1377 ineptum
859 1307 1246 1362 traducerent.
1280 1310 1591 1377 Postquam
1625 1321 1760 1360 vero
1812 1302 1850 1356 ii
1896 1319 2030 1356 con-

395 1395 483 1448 tra
513 1393 706 1465 ipsum
739 1395 1013 1450 commoti
1043 1400 1202 1456 sunt.
1233 1400 1289 1450 et
1335 1393 1712 1466 opprobrium
1752 1393 1880 1463 ejus
1912 1408 2033 1446 ma-

397 1481 673 1537 nifestum
734 1485 950 1538 factum
1003 1489 1112 1550 est,
1142 1483 1254 1539 late
1303 1501 1505 1555 sparso
1556 1498 1828 1548 rumore;
1886 1480 2034 1533 hanc

397 1587 510 1625 non
542 1571 680 1626 tulit
709 1571 806 1627 ille
840 1571 1232 1639 insolentiam,
1258 1590 1357 1628 seu
1393 1572 1584 1643 potius
1612 1573 2032 1640 contemptum,

398 1676 532 1715 cum
564 1661 653 1715 sui
687 1666 842 1716 esset
870 1661 1106 1716 honoris
1137 1660 1600 1725 amantissimus,
1631 1665 1688 1714 et
1715 1657 2032 1728 zelmypus.

399 1748 545 1804 Huic
575 1750 767 1804 studio
798 1767 859 1804 se
897 1755 1083 1805 totum
1115 1750 1378 1818 tradidit,
1411 1749 1523 1804 sibi
1557 1749 1870 1820 magistros
1899 1763 2034 1800 con-

399 1838 667 1899 stituens.
684 1856 798 1894 non
815 1856 962 1910 quos
989 1838 1068 1893 illi
1094 1839 1405 1903 habebant,
1421 1841 1858 1909 corrumpentes
1881 1835 2036 1906 quod

2135 675 2306 730 αἴτιον
2344 698 2355 710 ·
2415 675 2495 730 ὅτι
2568 682 2670 744 τῆς
2740 675 3172 750 περιπατητικῆς
3248 670 3575 749 φιλοσοφίας
3652 672 3786 747 ἄγαν

2138 765 2295 839 ἐρῶν,
2329 764 2418 819 καὶ
2475 764 2641 837 ταύτῃ
2691 763 2874 818 ἑαυτὸν
2936 762 3231 835 ἐπινείμας,
3288 760 3668 837 Ἀριστοτέλην
3726 782 3785 816 τε

2137 855 2214 916 ὡς’
2262 852 2447 908 οὐδένα
2495 848 2807 931 φιλοσόφων
2858 851 3144 920 ἐκθειάζων
3189 855 3297 905 τῶν
3345 848 3568 922 ἄλλων,
3617 851 3780 918 ἦττον

2135 944 2233 1012 τήν
2265 943 2556 1019 ῥητορικὴν
2593 941 2760 1012 δεξιὸς
2809 941 2898 996 καὶ
2951 941 3288 1018 λογογράφος
3343 938 3554 994 ἀκούειν
3588 935 3782 1018 ἐφρόνο

2135 1039 2286 1102 τιζε·
2344 1032 2433 1087 καί
2489 1054 2551 1108 γε
2602 1031 2748 1103 αὐτῷ
2806 1030 2893 1086 διὰ
2946 1036 3114 1085 ταῦτα
3168 1029 3580 1102 κεκομψευμένα
3636 1028 3784 1104 ἐξαγ-

2140 1120 2356 1197 γέλλειν
2408 1122 2496 1175 καὶ
2545 1120 2856 1197 ῥητορεύειν
2908 1119 3006 1174 οὐκ
3053 1117 3262 1192 ἔμελεν.
3313 1117 3464 1175 Ἀλλ’
3511 1118 3610 1173 οὐκ
3658 1117 3782 1190 ἔμε-

2142 1210 2255 1280 λεν,
2285 1208 2390 1272 ἕως
2421 1210 2510 1264 καὶ
2551 1211 2616 1264 τὰ
2648 1215 2754 1264 τῶν
2804 1214 3188 1288 συμφοιτητῶν
3227 1209 3443 1281 ἠρέμει,
3493 1209 3583 1262 καὶ
3633 1205 3783 1262 οὔπω

2140 1301 2389 1362 πλατέως
2447 1299 2604 1354 αὐτὸν
2655 1301 2969 1368 σκώπτειν,
3026 1299 3115 1352 xui
3175 1295 3444 1373 διασύρειν
3502 1298 3578 1358 ὡς
3640 1298 3780 1374 ἀφυῆ

2141 1391 2264 1463 περὶ
2302 1391 2369 1444 τὰ
2425 1393 2644 1443 τοιαῦτα
2698 1387 2976 1461 ἐξήγοντο.
3038 1386 3184 1442 Ἐπεὶ
3245 1383 3301 1440 δὲ
3346 1387 3651 1454 κεκίνηντο,
3695 1385 3784 1440 xui

2143 1481 2172 1534 ὁ
2198 1475 2404 1539 ὄνειδος
2439 1477 2690 1552 λαμπρὸς
2740 1478 2806 1546 ἦν
2853 1476 2938 1532 ἐπὶ
2971 1475 3112 1532 πολὺ
3154 1481 3251 1530 τοῦ
3283 1473 3452 1550 λόγου
3481 1472 3787 1547 διαδιδομέ-

2142 1591 2266 1633 νου,
2315 1565 2394 1622 ὅδ’
2451 1567 2550 1622 οὐκ
2604 1566 2856 1642 ἠνείχετο
2906 1571 3002 1620 τοῦ
3058 1567 3428 1642 φρονήματος,
3478 1566 3513 1632 ἢ
3576 1562 3787 1636 μᾶλλον

2146 1657 2312 1712 εἰπεῖν
2356 1660 2454 1710 τοῦ
2501 1656 3015 1731 καταφρονήματος,
3063 1650 3356 1730 φιλότιμος
3405 1650 3478 1706 ὢν
3526 1651 3578 1712 ἐς
3623 1653 3784 1725 ὑπερ-

2146 1741 2343 1816 ϐολὴν,
2404 1746 2516 1817 ἅμα
2574 1741 2632 1797 δὲ
2687 1743 2777 1799 κ5ὶ
2828 1741 3155 1812 ζηλότυπος.
3219 1741 3539 1820 Ἐπαφίησιν
3599 1741 3783 1796 ἑαυτὸν

2146 1839 2212 1908 τῇ
2275 1833 2472 1907 μελέτῃ
2516 1831 2711 1906 ταύτῃ,
2771 1829 3125 1892 διδασκάλους
3181 1828 3623 1904 προστησάμενος
3681 1829 3788 1906 οὐχ

399 1926 460 1982 in
493 1927 780 1983 rhetorica
808 1928 1115 1999 pulchrum
1160 1933 1268 1993 est,
1303 1932 1359 1982 et
1408 1929 1666 1998 ipsarum
1713 1925 2034 1980 dictionum

2157 1923 2238 1985 οὓς
2298 1922 2488 1977 ἐκεῖνοι
2538 1920 2663 1982 τοὺς
2721 1917 3123 1998 διαφθείραντας
3179 1921 3247 1974 τὰ
3304 1918 3449 1974 ἄλλα
3504 1918 3603 1973 ὅσα
3647 1919 3788 1973 καλᾶ

2187 2013 2214 2024 ν
2284 2011 2296 2026 Ι
2506 2014 2532 2025 ~
2628 2012 2635 2021 ’
2676 2009 2689 2026 \
2794 2008 2804 2026 1
3010 2015 3037 2026 α-
3122 2007 3210 2026 \lb
3409 2007 3422 2026 9
3472 2015 3498 2026 ~
3625 2006 3640 2026 \
3748 2007 3757 2022 Ι

400 2019 671 2088 gratiam,
699 2021 757 2072 et
788 2017 1166 2088 atticismum,
1189 2023 1246 2072 et
1274 2021 1658 2081 venustatem,
1687 2019 1744 2070 et
1774 2013 1922 2085 quod
1949 2017 2039 2068 est

2157 2013 2214 2087 τῇ
2272 2011 2558 2086 ῥητορικῇ,
2603 2009 2693 2064 καὶ
2745 2008 2925 2081 μέντοι
2973 2015 3072 2077 τῆς
3122 2007 3318 2078 λέξεως
3366 2007 3534 2078 αὐτῆς
3579 2006 3641 2062 τό
3685 2007 3788 2083 χά-

400 2121 598 2161 revera
622 2106 1017 2162 Grecanicum
1043 2125 1055 2162 :
1080 2107 1180 2162 sed
1206 2108 1581 2178 antiquorum
1605 2104 1900 2159 rhetorum
1928 2103 2040 2157 cla-

402 2194 688 2257 rissimos,
714 2198 771 2249 et
799 2195 941 2250 artis
967 2195 1174 2265 ipsius,
1201 2199 1264 2249 ut
1286 2194 1367 2248 ita
1389 2195 1604 2263 dicam,
1626 2193 1954 2247 inventores
1984 2193 2042 2244 et

402 2286 618 2354 patres.
651 2282 812 2337 Brevi
847 2281 990 2337 alios
1029 2298 1097 2337 ex
1136 2281 1250 2337 alio
1283 2283 1468 2336 factus
1497 2286 1604 2348 est,
1638 2297 1753 2336 non
1785 2279 2039 2350 amplius

405 2370 635 2425 derisus
666 2375 729 2425 ut
759 2376 948 2439 antea,
981 2377 1038 2425 et
1069 2375 1438 2441 contemptus
1471 2371 1544 2425 ab
1584 2371 1654 2426 iis
1685 2369 2038 2440 quibuscum

404 2463 547 2524 erat,
596 2474 724 2514 sese
769 2458 829 2513 in
887 2459 1251 2514 orationibus
1303 2475 1595 2526 exercens,
1650 2475 1748 2513 eas
1805 2472 2038 2526 compo-

407 2564 553 2604 nens
586 2565 598 2601 :
635 2547 718 2602 ita
747 2552 811 2602 ut
841 2547 1043 2602 multis
1070 2548 1363 2603 videretur
1391 2548 1533 2603 satis
1563 2563 1711 2616 esse,
1745 2563 1847 2618 pro
1881 2542 2040 2599 omni

407 2637 521 2692 alio
552 2637 709 2691 istud
740 2635 1072 2708 exemplum
1104 2635 1386 2691 emulari.
1421 2636 1479 2691 Si
1513 2635 1652 2707 quid
1685 2640 1876 2690 autem
1910 2646 2040 2686 vere

405 2725 650 2798 dignum
698 2725 870 2781 laude
916 2730 972 2780 et
1018 2726 1386 2781 aemulatione
1422 2725 1561 2781 huic
1591 2724 1810 2781 auctori
1843 2722 2040 2778 elucu-

406 2815 576 2870 brare
624 2815 778 2870 circa
823 2813 1214 2886 eloquentiam
1261 2814 1586 2886 contigerit,
1619 2812 1916 2884 inquirere
1944 2827 2041 2865 vo-

406 2901 662 2959 lentibus
695 2903 814 2958 haec
845 2903 1176 2975 syngrapha
1205 2902 1500 2958 exhibebit
1531 2920 1544 2958 :
1577 2901 1661 2957 sic
1691 2901 1846 2957 enim
1879 2915 2038 2966 voco,

410 2993 511 3063 qui
541 3009 656 3064 prae
687 2992 960 3047 manibus
1002 2997 1111 3060 est,
1142 2991 1425 3048 libellum.
1460 2993 1576 3048 Cur
1618 3007 1751 3046 vero
1800 3005 2041 3060 operum

405 3097 719 3136 numerum
765 3097 881 3136 non
925 3080 1168 3148 auxerit,
1201 3079 1301 3134 alii
1331 3079 1565 3151 quidem
1598 3077 1772 3134 aliam
1803 3091 2041 3132 causam

402 3169 626 3234 dicunt,
659 3177 717 3225 et
744 3186 871 3224 eam
903 3169 1148 3241 quilibet
1178 3168 1342 3224 aﬂ‘ert
1381 3185 1559 3239 quam
1607 3165 1748 3222 vult.
1783 3165 1890 3229 Qui
1940 3181 2041 3219 au-

405 3262 523 3314 tem
555 3260 604 3314 9
645 3259 821 3330 probe
869 3259 1064 3330 ipsum
1113 3261 1414 3323 noverant,
1462 3273 1595 3312 eum
1646 3255 1835 3311 dicere
1880 3253 2044 3308 aiunt

2150 2122 2280 2177 ριεν,
2331 2099 2420 2154 καὶ
2477 2099 2740 2167 Ἀττικὸν,
2785 2096 2872 2152 xui
2921 2097 3133 2170 σεμνὸν,
3181 2098 3271 2151 xui
3321 2092 3487 2160 ὅντως
3535 2095 3786 2166 Ἐλληνι-

2148 2191 2265 2254 κὸν,
2317 2188 2444 2251 τοὺς
2502 2190 2546 2238 δ’
2603 2184 3048 2264 ἐπιφανεστάτους
3103 2191 3211 2241 τῶν
3263 2185 3434 2242 πάλαι
3493 2182 3739 2262 ῥητόρων
3773 2232 3788 2258 ,

2147 2279 2233 2334 xui
2283 2285 2385 2346 τῆς
2430 2277 2650 2352 τέχνης,
2703 2276 2778 2338 ὡς
2832 2276 3019 2344 εἰπεῖν,
3065 2274 3346 2352 ἐφευρετὰς
3395 2275 3482 2329 xui
3537 2274 3788 2350 πατέρας·

2149 2374 2346 2424 Θᾶττον
2402 2363 2584 2441 ἕτερος
2639 2365 2853 2440 γέγονεν
2917 2364 2968 2433 ἐξ
3025 2364 3228 2438 ἑτέρου,
3277 2368 3532 2418 τοσοῦτον
3584 2363 3644 2418 οὐ
3677 2361 3793 2418 δια-

2147 2457 2458 2534 γελώμενος
2507 2455 2580 2516 ὡς
2620 2454 2682 2508 τὸ
2727 2450 3012 2530 πρότερον,
3063 2451 3152 2507 xui
3198 2453 3696 2532 περιφρονούμενος
3739 2452 3790 2508 ἐν

2150 2549 2233 2606 οἷς
2261 2544 2523 2620 ἐτύγχανε
2563 2537 2760 2616 λόγους
2812 2539 3140 2611 ἐπιτηδεύων
3190 2541 3278 2595 xui
3327 2541 3608 2603 συντιθείς·
3659 2541 3795 2595 ὥστε

2147 2635 2236 2689 xui
2290 2630 2525 2694 πολλοῖς
2585 2629 2734 2702 δόξαι
2779 2630 2894 2694 ἀνθ’
2941 2631 3125 2707 ἑτέρου
3179 2631 3373 2692 παντὸς
3429 2627 3796 2706 παραδείγμα-

2147 2744 2241 2785 τος
2276 2720 2545 2792 ζηλοῦντα
2589 2725 2686 2776 τοῦ
2735 2717 2791 2774 δὲ
2841 2721 3040 2794 ἀρκεῖν.
3092 2719 3156 2774 Ei
3209 2719 3303 2792 μὶν
3351 2719 3442 2773 οὗν
3491 2719 3579 2773 xui
3623 2718 3794 2788 ζήλου

2149 2815 2266 2874 ταῖς
2321 2809 2601 2881 ἀληθείαις
2656 2809 2800 2879 ἄξιον
2853 2809 2943 2863 xui
3017 2807 3184 2884 λόγου
3235 2808 3359 2885 περὶ
3414 2807 3540 2870 τοὺς
3593 2807 3796 2882 λόγους

2152 2900 2418 2976 ἐξεγένετο
2471 2900 2805 2973 κατορθῶσαι
2860 2902 2940 2970 τῷ
3001 2903 3325 2974 συγγραφεῖ,
3384 2895 3484 2966 ἥδε
3537 2917 3643 2951 που
3700 2919 3798 2952 πα-

2153 2992 2404 3068 ραστήσει
2451 2993 2568 3050 τοῖς
2624 2987 2880 3058 ἐξετάζειν
2943 2985 3300 3062 βουλομένοις
3366 2989 3401 3056 ἡ
3462 2989 3744 3064 συγγραφή
3783 3029 3795 3042 .

2151 3078 2314 3134 Καλῶ
2369 3079 2470 3153 γὰρ
2520 3076 2662 3131 οὕτω
2718 3081 2807 3129 νῦν
2863 3077 2963 3144 τήν
3015 3074 3111 3129 ἀνὰ
3155 3080 3345 3151 χεῖρας
3388 3072 3636 3129 πυκτίδα.
3693 3079 3798 3129 Τοῦ

2153 3166 2211 3223 δὲ
2237 3167 2312 3229 είς
2342 3165 2516 3221 πολὺν
2563 3166 2654 3220 τὸν
2691 3169 2799 3219 τῶν
2847 3165 3178 3236 πονημάτων
3230 3163 3461 3240 ἀριθμὸν
3503 3165 3578 3236 μὴ
3631 3163 3798 3219 ἐκτεῖ-

2151 3278 2237 3312 ναι
2270 3253 2433 3310 ἄλλοι
2465 3256 2558 3328 μὶν
2588 3252 2763 3323 ἅλλῆν
2815 3252 3066 3327 λέγουσιν
3111 3252 3305 3307 αἰτίαν·
3336 3253 3426 3307 xui
3468 3253 3572 3328 γὰρ
3612 3251 3801 3327 λέγου-

403 3329 900 3419 ιθωρυείᾳυὶθιίε
949 3362 1148 3402 revera
1187 3345 1622 3402 brevissimum.
1674 3343 1883 3400 Studia
1941 3357 2040 3413 ag-

2157 3367 2233 3401 σιν
2282 3344 2349 3413 ἢν
2402 3340 2625 3404 ἕκαστος
2687 3339 2979 3417 βούλεται·
3041 3339 3198 3396 αὐτὸν
3254 3338 3313 3396 δὲ
3367 3342 3585 3419 φάσκειν
3646 3339 3801 3420 φασίν

405 3451 643 3507 gressus
664 3441 773 3503 est,
798 3452 930 3490 cum
952 3451 1173 3490 annum
1195 3443 1392 3507 ageret
1409 3433 1752 3490 vicesimum
1777 3435 2005 3487 sextum
2027 3447 2040 3498 ;

404 3525 576 3581 desiit
603 3542 736 3581 vero
766 3529 941 3581 natus
971 3541 1155 3580 annos
1184 3529 1302 3580 tres
1333 3541 1398 3580 ac
1426 3523 1666 3596 triginta
1695 3523 1829 3594 (23).

481 3792 860 3849 Postmodum
912 3807 1044 3847 vero
1102 3791 1442 3862 hujusmodi
1489 3807 1664 3862 opera
1711 3787 2050 3843 elucubrars

412 3881 838 3954 prohibuerunt
867 3881 1083 3952 partim
1115 3881 1185 3935 de
1225 3880 1343 3934 vita
1372 3879 1634 3944 timores,
1667 3893 1814 3950 quos
1860 3875 1943 3929 illi
1993 3880 2052 3930 et

412 3970 544 4028 aliis
576 3970 778 4025 multis
805 3970 1131 4026 intulerunt
1160 3970 1313 4025 circa
1352 3969 1627 4040 dogmata
1654 3963 1968 4034 innovatio,
1997 3967 2054 4019 et

414 4061 516 4132 qui
559 4059 895 4132 supervenit
923 4059 1191 4115 Ecclesiae
1220 4059 1392 4114 turbo
1423 4058 1553 4130 (24),
1608 4055 1819 4129 partim
1870 4053 2052 4110 animi

415 4166 588 4219 curse,
623 4149 682 4203 in
727 4166 876 4220 quas
913 4149 1086 4204 modo
1120 4149 1290 4203 dictis
1317 4147 1630 4202 timoribus
1662 4143 1889 4210 solutis,
1924 4159 2053 4215 per-

414 4241 636 4293 tractus
662 4238 712 4293 ei
744 4237 997 4293 traditus
1026 4240 1114 4291 est
1133 4235 1241 4308 (25)
1266 4253 1278 4290 :
1312 4251 1510 4290 secum
1536 4237 1816 4305 reputans
1837 4231 2052 4286 mirum

419 4327 559 4394 fore,
592 4326 638 4382 si
671 4325 852 4380 vitam
885 4324 1133 4398 negotiis
1162 4340 1406 4380 vacuam
1438 4323 1626 4378 vivere
1658 4323 1873 4393 posset,
1905 4335 2052 4391 qua-

416 4414 533 4470 lem
586 4413 954 4486 philosopho,
1002 4414 1172 4484 eique
1220 4411 1422 4481 libero,
1454 4409 1761 4466 convenire
1812 4408 2053 4462 diceres.

420 4503 507 4557 Ad
551 4519 852 4558 summum
895 4500 1356 4573 patriarcharum
1390 4497 1726 4555 conscendit
1753 4496 2054 4564 thronum,

421 4608 546 4656 seu,
579 4591 732 4663 quod
775 4591 970 4646 verius
1016 4593 1107 4646 est
1156 4589 1366 4658 dicere,
1400 4591 1726 4660 pertractus
1753 4590 1843 4642 est
1874 4601 1886 4639 :
1937 4584 2060 4639 hinc

421 4680 579 4735 enim
630 4679 828 4734 omnia
874 4682 1082 4750 praeter
1127 4679 1257 4748 ejus
1304 4675 1615 4732 consilium
1665 4674 1818 4730 circa
1863 4673 2058 4745 ipsum

422 4773 657 4842 peracta
686 4773 844 4824 sunt.
877 4770 945 4824 Et
975 4770 1032 4823 in
1067 4773 1332 4840 tempora
1361 4764 1567 4821 incidit
1602 4764 1782 4819 dubia
1808 4779 1878 4818 ex
1906 4762 2060 4817 schi-

422 4857 804 4913 smaticorum
854 4857 1069 4922 furore,
1103 4862 1161 4912 et
1207 4854 1469 4911 difﬁcilia
1499 4854 1634 4926 (26),
1667 4851 1865 4924 qualia
1911 4868 2064 4906 nun-

421 4961 600 5016 quam
633 4945 813 5014 fuere,
849 4946 1065 5017 quibus
1095 4950 1286 5001 metus
1319 4943 1508 4999 omnis
1548 4941 1826 4998 relaxatio
1857 4941 2066 5011 cuique

422 5033 558 5088 data
577 5033 690 5105 (27)
711 5033 1015 5106 plerosque
1047 5034 1278 5107 magnis
1308 5031 1480 5088 malis
1509 5030 1722 5099 affecit,
1746 5045 1913 5084 suam
1945 5028 2066 5084 sin-

421 5121 579 5195 gulis
599 5123 980 5195 voluptatem,
1005 5129 1061 5178 et
1085 5123 1352 5194 gloriam,
1377 5127 1435 5177 et
1464 5119 1894 5191 beneplacitum
1918 5135 2068 5189 quae-

423 5211 688 5267 rentibus
720 5228 823 5283 pro
854 5227 942 5278 eo,
967 5213 1122 5282 quod
1154 5210 1298 5266 utile
1321 5211 1554 5282 Deoque
1584 5213 1818 5280 gratum
1848 5211 1937 5263 est
1963 5223 1975 5261 :
2011 5209 2070 5262 et

425 5299 740 5355 Ecclesiam
780 5300 940 5356 omni
988 5305 1237 5355 tremore
1288 5305 1345 5354 et
1391 5297 1828 5370 perturbatione
1857 5295 2069 5367 imple-

423 5389 526 5455 vit,
559 5389 835 5444 omnibus
881 5389 942 5444 in
993 5405 1061 5444 ea
1098 5389 1384 5460 imperare
1413 5385 1806 5458 cupientibus,
1838 5383 2071 5438 nemine

427 5483 623 5533 autem
674 5495 736 5533 se
767 5478 1142 5542 submittere,
1193 5493 1260 5532 ac
1309 5475 1521 5531 divinis
1563 5491 1765 5548 parere
1803 5472 2067 5545 legibus;

426 5565 508 5621 ita
537 5570 603 5621 ut
630 5566 828 5623 verius
857 5570 1012 5622 esset
1040 5564 1186 5621 illud
1217 5563 1477 5620 Platonis
1508 5564 1774 5631 dicentis,
1808 5578 1922 5617 non
1953 5578 2073 5617 om-

428 5655 603 5712 nibus
624 5656 891 5728 expedire
920 5655 1274 5722 libertatem,
1297 5653 1440 5709 utile
1468 5669 1601 5708 vero
1627 5669 1757 5708 esse
1777 5649 2074 5723 aliquibus

432 5745 647 5809 servire
674 5749 733 5802 et
767 5746 957 5802 vivere
986 5738 1102 5802 sub
1127 5743 1341 5800 timore
1368 5743 1442 5798 ad
1471 5744 1831 5798 senectutem
1864 5756 2072 5812 usque,

2154 3433 2288 3509 οἵγ’
2319 3427 2555 3509 ἀκριϐῶς
2604 3431 2803 3485 ἐκεῖνον
2853 3428 3075 3499 εἰδότες,
3119 3429 3209 3484 τὸν
3263 3429 3461 3505 χρόνον
3495 3429 3629 3486 εἶναι
3677 3431 3803 3506 βρα-

2155 3523 2388 3598 χύτατον
2420 3515 2548 3574 ὄντα
2589 3518 2683 3574 τὸν
2728 3525 2827 3588 τῆς
2880 3517 3127 3580 ἀνέσεως.
3172 3513 3438 3572 Ἐπέϐαλε
3473 3518 3567 3591 μὶν
3612 3516 3704 3572 οὖν
3729 3522 3798 3592 τῇ

2157 3606 2364 3682 σπουδῇ
2420 3605 2573 3662 ἕκτον
2631 3608 2722 3662 xui
2794 3607 3032 3662 εἰκοστὸν
3107 3603 3248 3682 ἔχων
3301 3602 3420 3668 ἔτος
3455 3625 3468 3639 ·
3529 3601 3688 3680 ἔληξε
3743 3604 3802 3662 δὲ

2153 3695 2470 3775 τριακοστὸν
2495 3697 2640 3770 ἄγων
2675 3695 2763 3748 καὶ
2789 3693 2993 3771 τρίτον.

2227 3789 2298 3842 Τὸ
2329 3784 2388 3840 δὲ
2435 3785 2556 3855 ἑξῆς
2601 3789 2823 3839 τοιαῦτα
2869 3788 3072 3856 πονεῖν,
3121 3787 3281 3837 τοῦτο
3335 3783 3428 3855 μὲν
3479 3783 3532 3838 οἱ
3578 3783 3701 3859 περὶ
3739 3784 3802 3838 τὸ

2161 3879 2257 3950 ζῇν
2307 3874 2556 3949 ἀπεῖρξαν
2613 3867 2794 3951 φόϐοι,
2845 3871 2936 3934 οὓς
2985 3871 3131 3943 αὐτῷ
3174 3892 3234 3926 τε
3284 3871 3373 3926 καὶ
3418 3869 3654 3934 πολλοῖς
3696 3872 3804 3928 ἑτέ-

2161 3984 2276 4038 ροις
2324 3965 2359 4032 ἡ
2408 3961 2532 4036 περὶ
2576 3961 2641 4015 τὰ
2688 3958 2936 4035 δόγματα
2983 3959 3326 4032 καινοτομία,
3375 3958 3463 4014 καὶ
3502 3962 3536 4029 ἡ
3565 3967 3666 4029 τῆς
3695 3967 3810 4016 Ἐκ-

2159 4051 2391 4121 κλησίας
2425 4049 2686 4118 ἐπέστησε
2734 4049 2894 4119 ζάλη,
2928 4053 3088 4103 τοῦτο
3139 4045 3196 4102 δὲ
3244 4049 3333 4102 καὶ
3381 4050 3417 4116 ἡ
3468 4051 3572 4100 τῶν
3613 4051 3806 4123 ψυχῶν

2162 4139 2402 4218 φροντὶς,
2435 4138 2512 4200 εἷς
2546 4139 2611 4208 ἣν
2661 4142 2767 4192 τῶν
2811 4137 3113 4214 εἰρημένων
3154 4136 3341 4191 αὐτίκα
3391 4131 3574 4214 φόϐων
3620 4137 3813 4201 Λυθέν-

2159 4250 2291 4300 των,
2337 4224 2553 4282 ἕλκεται
2601 4226 2690 4281 καὶ
2759 4223 3148 4302 παραὸίδοται¹
3198 4225 3288 4279 καὶ
3346 4229 3514 4280 ταῦτα
3555 4222 3708 4296 δόξας
3757 4224 3810 4279 ἐν

2164 4319 2337 4389 ἑαυτῷ
2393 4316 2509 4392 βίον
2555 4314 2879 4391 ἀπράγμονα
2922 4318 3018 4368 τοῦ
3059 4311 3256 4368 λοιποῦ
3309 4315 3558 4382 ζήσεσθαι
3605 4314 3812 4385 θαυμα-

2167 4406 2311 4476 στὸν,
2343 4406 2456 4458 οἷον
2509 4404 2697 4458 ὁποῖον
2757 4402 2817 4456 ἃν
2866 4401 2956 4456 καὶ
2999 4400 3286 4480 φιλοσόφῳ
3336 4398 3508 4456 εἷίτουν
3543 4399 3814 4478 ἐλευθέρῳ

2167 4495 2359 4571 φήσεις
2407 4493 2702 4566 προσήκειν
2732 4535 2744 4548 .
2795 4489 2890 4552 Εἷς
2933 4490 3034 4566 γὰρ
3076 4489 3168 4543 τὸν
3215 4483 3508 4563 ὑπέρτατον
3554 4495 3660 4544 τῶν
3707 4511 3813 4544 πα-

2165 4585 2442 4656 τριαρχῶν
2501 4577 2850 4650 ἀνεληλυθὼς
2906 4577 3115 4654 θρόνον,
3171 4578 3209 4646 ἢ
3255 4577 3320 4632 τὸ
3363 4578 3412 4653 γ’
3456 4574 3816 4655 ἀληθέστερον

2170 4670 2337 4726 εἰπεῖν
2394 4669 2733 4731 ἀνελκυσθεὶς
2767 4714 2781 4740 ,
2830 4669 3002 4722 πάντα
3043 4667 3144 4742 γὰρ
3191 4670 3359 4721 ταῦτα
3413 4666 3559 4741 παρὰ
3621 4668 3815 4744 προαί-

2173 4782 2314 4836 ρεσιν
2372 4760 2472 4828 τὴν
2523 4758 2686 4813 αὐτοῦ
2735 4757 2982 4833 ἐπράχθη
3029 4755 3154 4831 περὶ
3197 4754 3355 4810 αὐτόν
3393 4797 3406 4811 .
3456 4755 3556 4810 Καὶ
3601 4763 3813 4830 καιροῖς

2174 4850 2559 4923 ἐντετοχτικῶς
2617 4845 3035 4922 (ἐντετυχηκὼς)
3081 4845 3396 4918 ἀνωμάλοις
3455 4845 3516 4899 ἐκ
3566 4848 3665 4915 τῆς
3707 4851 3815 4901 τῶν

2177 4940 2565 5013 Σχισματικῶν
2602 4935 2813 5008 μανίας,
2864 4934 2952 4988 καὶ
3001 4930 3339 5009 δυσχερέσιν,
3387 4932 3600 4996 ὁποίοις
3645 4931 3819 4996 ἄλλος

2177 5023 2454 5099 οὐδέποτε,
2497 5025 2615 5088 καθ’
2667 5023 2759 5086 οὓς
2808 5020 2983 5085 ἄνεσις
3033 5019 3239 5084 δειλίας
3287 5020 3498 5092 ἀπάσης
3545 5025 3700 5078 παντὶ
3733 5020 3823 5078 δο-

2177 5120 2373 5186 θεῖσα,
2428 5112 2558 5176 τοὺς
2622 5114 2716 5185 μὲν
2770 5110 3066 5174 πλείστους
3120 5110 3331 5172 κακίαις
3411 5109 3670 5186 μεγάλαις
3730 5111 3827 5166 ὐπ·

2178 5203 2370 5276 έζευξε,
2401 5203 2501 5272 τήν
2555 5203 2745 5256 ἑαυτοῦ
2799 5221 2920 5256 τινα
2972 5197 3194 5255 ἕκαστον
3249 5196 3452 5269 ἡδονὴν
3509 5201 3598 5254 καὶ
3652 5203 3824 5274 τιμὴν

2176 5292 2267 5348 καὶ
2294 5292 2568 5366 ἀρέσκειαν
2600 5290 2706 5366 πρὸ
2754 5294 2852 5344 τοῦ
2900 5287 3269 5366 συμφέροντος
3317 5287 3406 5342 καὶ
3435 5292 3533 5343 τοῦ
3578 5293 3658 5361 τῷ
3709 5293 3828 5360 Θεῷ

2181 5377 2466 5441 δοκοῦντος
2526 5381 2806 5448 ζητοῦντα,
2861 5377 2960 5446 τὴν
3011 5373 3068 5431 δὲ
3123 5374 3445 5446 Ἐκκλησίαν
3504 5375 3685 5448 πάσης
3736 5397 3831 5432 τα-

2183 5475 2359 5545 ραχῆς
2417 5467 2508 5522 καὶ
2572 5466 2791 5538 ἀταξίας
2863 5464 3128 5535 ἐνέπλησε
3159 5511 3174 5537 ,
3234 5466 3443 5519 πάντων
3507 5466 3694 5542 ἄρχειν
3774 5465 3830 5520 ἐν

2181 5558 2340 5632 αὐτῇ,
2393 5557 2484 5612 καὶ
2533 5558 2842 5630 νομοθετεῖν
2904 5555 3253 5631 ἀγαπώντων,
3303 5551 3564 5630 ἄρχεσθαι
3623 5551 3682 5608 δὲ
3734 5554 3829 5609 καὶ

2181 5646 2348 5708 θείοις
2402 5641 2598 5720 νόμοις
2653 5645 3037 5701 ὑποτάττεσθαι
3087 5641 3322 5705 οὐδενός·
3374 5643 3449 5704 ὡς
3507 5637 3826 5716 συμϐαίνειν

2180 5735 2272 5792 καὶ
2319 5733 2468 5809 μάλα
2517 5733 2717 5805 ἀληθὲς
2757 5734 2821 5789 τὸ
2865 5736 2964 5788 τοῦ
3010 5729 3306 5795 Πλάτωνος
3356 5730 3514 5802 εἶναι,
3567 5732 3643 5804 μή
3691 5736 3828 5788 πᾶσι
