4094 6478
1955 492 2167 560 VITA.

3684 486 3771 554 30

341 621 616 694 λυσιτελῆ
668 624 776 695 τήν
826 623 1137 703 ἐλευθερίαν
1194 626 1452 705 λέγοντος
1508 628 1661 698 εἶναι,
1720 628 2008 708 συμφέρειν

2123 629 2225 685 ιθ
2255 631 2313 685 et
2341 632 2610 685 mortem.
2642 628 2845 700 Itaque
2870 626 2932 683 in
2961 626 3071 683 hac
3100 640 3297 683 rerum
3328 623 3763 699 perturbatione

349 711 409 770 δέ
433 735 545 769 τισι
574 715 680 784 τήν
708 712 991 787 δουλείαν,
1024 715 1116 772 καὶ
1144 717 1245 772 ὑπὸ
1305 712 1472 796 φόϐον
1533 723 1627 793 ζῇν
1686 719 1850 794 μέχρι
1908 720 2011 793 γή-

355 823 463 879 ρως
523 803 694 859 αὐτοῦ
753 804 847 859 καὶ
895 807 1145 861 θανάτου.
1180 806 1337 863 Ἀλλ’
1381 806 1470 863 οὗν
1521 807 1572 861 ἐν
1616 808 1840 882 τοιαύτῃ
1890 829 2013 884 συγ-

357 892 515 969 χόσει
573 895 923 970 πραγμάτων
973 895 1051 958 εἷς
1097 894 1159 951 τι)
1210 897 1370 970 μέσον
1422 896 1784 970 συνελασθεὶς,
1835 893 1910 959 εἷς
1937 895 2018 951 ’τε

357 982 456 1051 τήν
506 980 712 1060 ἀρχὴν,
744 983 822 1046 ὡς
870 984 947 1046 εἷς
992 984 1171 1056 ἄλλην
1218 987 1337 1041 τινὰ
1383 983 1696 1062 δυστυχίαν,
1742 985 1794 1056 ἐξ
1846 984 2019 1041 εὐδαί-

367 1091 532 1143 μονος
588 1072 683 1126 καὶ
746 1072 1017 1149 μακαρίας
1078 1079 1221 1145 ζωῆς
1272 1075 1704 1145 ἀποπεπτωκὼς,
1743 1076 1833 1131 καὶ
1888 1074 2019 1153 ἀφύ-

362 1181 515 1221 κτοις
564 1161 827 1236 ἀνάγκαις
880 1163 1299 1238 ὑποζυγεὶς,αἴς
1344 1168 1443 1234 τήν
1494 1165 1860 1220 ὑποπεσοῦσαν
1912 1168 2018 1239 ψυ-

364 1251 474 1325 χὴν
507 1248 612 1304 οὒκ
640 1248 701 1305 ἂν
735 1250 848 1325 ἐγώ
876 1272 1010 1307 ποτε
1049 1251 1245 1329 λόγους
1295 1253 1501 1325 ἀξιοίην
1551 1253 1853 1309 ἀποτίκτειν
1905 1276 2021 1330 γεν-

367 1342 714 1413 ναιοτέρους·
766 1339 948 1413 ὥσπερ
1006 1338 1122 1396 οὐδ’
1175 1342 1474 1418 ἀνθρώπων
1527 1343 1619 1398 τὸν
1680 1341 2021 1420 δρομικώτα-

364 1449 456 1484 τον
482 1429 705 1505 τρέχειν
738 1426 952 1505 σιδήρῳ
980 1429 1118 1506 πρὸς
1168 1431 1456 1509 ἀσφάλειαν
1508 1429 1853 1506 διειλημένον
1894 1432 2020 1495 τοὺς

365 1515 562 1579 πόδας.
630 1517 733 1573 Καὶ
811 1519 954 1574 ἄκων
1026 1524 1126 1574 τοῦ
1200 1522 1496 1577 συντάττειν
1575 1520 1866 1580 ἐπαύσατο.
1915 1527 2020 1577 Τοῦ

371 1606 470 1679 μὶν
525 1604 717 1661 τοίνυν
776 1608 851 1680 μὴ
902 1605 1153 1671 πολλοὺς
1210 1609 1339 1665 εἶναι
1396 1609 1523 1673 τοὺς
1597 1610 1799 1687 λόγους
1857 1610 2021 1666 αὐτοῦ

366 1700 537 1750 ταῦτα
592 1696 662 1750 τὰ
717 1692 881 1751 αἴτια.
916 1696 1021 1754 Καὶ
1076 1697 1210 1773 πρὸς
1262 1698 1478 1761 τούτοις
1523 1701 1577 1755 αἱ
1623 1699 1869 1756 ποικίλαι
1922 1705 2021 1755 τοῦ

369 1784 632 1857 σώματος
661 1784 837 1854 νόσοι,
861 1786 953 1841 καὶ
987 1785 1223 1859 μάλιστά
1260 1808 1324 1864 γε
1367 1789 1422 1843 αἱ
1472 1789 1577 1844 ἀπὸ
1620 1796 1723 1859 τῆς
1777 1787 2020 1867 κεφαλῆς

372 1873 426 1928 οἳ
472 1871 725 1944 ἤσκησαν
782 1874 964 1946 αὐτὸν,
995 1877 1085 1930 καὶ
1144 1875 1198 1939 ἐς
1242 1877 1305 1932 τὸ
1360 1875 1751 1953 χαλεπώτατον
1808 1876 2018 1955 ἤγαγον

374 1961 431 2017 αἵ
478 1983 541 2018 τε
598 1963 840 2069 (faxim?
919 1961 1260 2039 ὑδροποσίαι,
1309 1964 1496 2036 ἐπειδή
1565 1968 1665 2037 τήν
1717 1972 1815 2022 τοῦ
1872 1964 2099 2069 oi’vouB

376 2058 581 2127 χρῆσιν
621 2050 675 2122 ἐξ
728 2051 897 2122 αὐτῆς
949 2052 1209 2128 γενέσεως
1253 2054 1631 2134 ἀπεστρέφετο,
1662 2055 1753 2110 καὶ
1803 2057 1855 2111 οἱ
1898 2057 2022 2132 περὶ

367 2141 432 2195 τὸ
492 2143 889 2219 μετεγγράφειν
933 2162 1001 2196 τα
1046 2146 1153 2197 τῶν
1208 2142 1377 2199 πάλαι
1435 2149 1613 2223 σοφῶν
1674 2144 1872 2216 ὲκπονή
1885 2166 2025 2217 ματα

370 2229 548 2284 πόνοι.
592 2231 799 2306 Ἔτυχε
844 2231 949 2304 γὰρ
981 2232 1009 2286 ὁ
1039 2230 1176 2299 ἀνὴρ
1221 2232 1310 2287 καὶ
1359 2232 1528 2304 πένης
1575 2234 1731 2301 εἶναι,
1769 2236 1860 2289 καὶ
1915 2238 2022 2289 τῶν

374 2313 612 2394 βιϐλίων
678 2318 995 2395 κατακόρως
1057 2319 1214 2397 ἐρῶν.
1271 2321 1472 2398 Ἔτυχε
1524 2320 1582 2378 δὲ
1636 2324 1726 2378 καὶ
1780 2323 1904 2398 περὶ
1959 2322 2022 2398 10‘

365 2411 599 2488 γράφειν
681 2410 936 2486 μετρίως,
996 2396 1193 2489 ἀγαθὰς
1269 2396 1442 2489 ἔχωνή
1489 2413 1585 2475 τὰς
1653 2396 1862 2488 χεῖρας,
1923 2396 2024 2467 Καὶ

364 2497 555 2569 ἔπειδὴ
618 2501 745 2577 περὶ
802 2503 1084 2578 χρήμασιν
1138 2501 1237 2557 οὐκ
1289 2503 1357 2571 ἦν
1413 2503 1482 2557 τὰ
1533 2500 1764 2580 φίλτατα
1818 2504 2019 2572 κτήσα-

362 2600 510 2657 σθαι,
567 2594 690 2652 τοῖς
768 2587 929 2652 ἰδίοις
1006 2588 1223 2666 ἱδρῶσιν
1279 2589 1563 2661 ἐκτήσατο.
1623 2591 1723 2645 Καὶ
1785 2585 2016 2667 βιϐλίων

362 2677 725 2757 ἀντιγραφεὺς
797 2680 1037 2755 γέγονεν,
1086 2679 1211 2735 ὅσον
1262 2677 1376 2735 οὐδ’
1428 2680 1505 2742 εἷς
1584 2677 1779 2756 σχεδὸν
1834 2677 2018 2757 ἕτερος

361 2772 473 2823 τῶν
529 2766 719 2843 λόγων
774 2769 924 2847 φημὶ
976 2769 1292 2842 μετιόντων.
1321 2774 1427 2825 Τοῦ
1470 2767 1529 2825 δὲ
1579 2772 1654 2844 μή
1686 2769 1887 2833 πάντας
1915 2776 2018 2840 τῆς

363 2854 538 2926 αὐτῆς
595 2856 735 2912 εἶναι
784 2854 1027 2927 σπουδῆς
1074 2855 1355 2936 πρόδηλος
1409 2858 1565 2932 οἶμαι
1613 2860 1641 2914 ὁ
1689 2858 1876 2935 λόγος.
1916 2859 2017 2914 Καὶ

361 2947 467 3021 γὰρ
512 2942 648 3021 ὅπερ
703 2945 793 3001 ἐπὶ
859 2951 965 3001 τῶν
1044 2948 1378 3024 βαναυσικῶν
1434 2950 1670 3025 ὁρῶμεν,
1727 2953 1889 3003 τοῦτο
1947 2946 2014 3018 δὴ

364 3035 636 3090 κάνταῦθα
690 3033 1005 3111 λογίζεσθαι
1059 3034 1157 3092 δεῖ.
1214 3036 1468 3099 Ἐκείνῢις
1529 3037 1623 3111 μὲν
1678 3038 1780 3114 γὰρ
1811 3038 2019 3114 προϊὼν

362 3124 395 3178 ὁ
421 3129 525 3192 τῆς
566 3123 853 3195 ἀσκήσεως
898 3123 1099 3201 χρόνος
1144 3125 1345 3201 βελτιω
1389 3129 1497 3181 τῶν
1546 3125 2013 3203 προηγησαμένων

358 3211 431 3266 τὰ
480 3212 619 3286 μετὰ
671 3218 840 3269 ταῦτα
904 3211 1163 3269 δείκνυσιν
1242 3210 1386 3291 ἔργα.
1465 3215 1565 3270 Καὶ
1647 3214 2015 3293 λογογράφοις

359 3300 566 3371 τοίνυν,
598 3302 692 3357 καὶ
751 3301 979 3377 ῥήτορσι
1034 3303 1102 3358 τὰ
1158 3302 1210 3358 ἐν
1267 3306 1416 3381 γήρᾳ
1457 3306 1751 3377 πονήματα
1776 3303 2012 3381 γενναιό-

2124 718 2398 791 prodiens
2445 717 2503 773 in
2552 717 2832 789 medium,
2863 720 2920 772 et
2966 715 3028 772 in
3075 715 3464 790 principatum
3493 714 3671 771 veluti
3700 715 3761 770 in

2125 807 2282 864 aliud
2316 807 2608 879 quoddam
2637 807 3050 873 infortunium,
3071 804 3394 862 efelicitate
3422 809 3481 861 et
3510 805 3762 861 beatitu-

2125 896 2274 952 dinse
2319 896 2448 952 vitae
2492 896 2722 967 excidit,
2753 900 2811 952 et
2851 895 3287 952 inevitabilibus
3318 894 3763 952 necessitatibus

2125 986 2427 1057 subjectus
2457 989 2564 1048 est.
2596 986 2656 1040 in
2704 1002 2851 1058 quas
2891 985 3125 1040 animus
3155 1001 3290 1040 cum
3320 982 3613 1050 inciderit,
3645 1000 3762 1039 non

2125 1080 2346 1148 posset,
2377 1078 2444 1131 ut
2489 1092 2594 1147 ego
2643 1075 2879 1147 quidem
2928 1080 3090 1147 puto,
3133 1074 3449 1130 nobiliores
3498 1088 3763 1146 promere

2127 1166 2463 1222 orationes:
2517 1165 3015 1237 quemadmodum
3069 1180 3259 1237 neque
3303 1164 3501 1233 homo,
3531 1163 3641 1219 etsi
3691 1163 3762 1219 ad

2127 1255 2483 1311 currendum
2504 1253 2867 1326 aptissimus,
2889 1268 3119 1309 currere
3146 1253 3318 1320 valet,
3343 1252 3590 1325 pedibus
3611 1252 3762 1307 ferro

2128 1343 2374 1399 ﬁrmiter
2402 1342 2679 1414 trajectis.
2712 1342 2933 1398 Invitus
2973 1341 3220 1398 cessavit
3265 1358 3299 1396 a
3345 1340 3763 1413 componendis

2129 1433 2510 1490 orationibus.
2543 1433 2613 1488 Et
2658 1432 2780 1487 haec
2826 1435 2917 1488 est
2960 1449 3158 1496 causa,
3197 1447 3378 1504 quare
3425 1447 3542 1486 non
3593 1428 3764 1485 multi

2129 1523 2257 1594 ejus
2287 1524 2513 1577 exstent
2541 1537 2842 1577 sermones
2870 1520 3002 1592 (28).
3057 1521 3223 1576 Adde
3268 1519 3460 1575 varios
3507 1519 3766 1591 corporis

2131 1611 2367 1666 morbos
2398 1615 2456 1666 et
2483 1611 2803 1682 praesertim
2834 1610 3041 1682 capitis
3071 1609 3204 1682 (29),
3237 1609 3338 1681 qui
3386 1607 3555 1664 illum
3602 1625 3767 1664 exer-

2130 1716 2301 1755 cuere
2328 1716 2342 1755 :
2373 1698 2903 1772 difficillimumque
2921 1699 2982 1754 in
3008 1704 3227 1756 statum
3248 1698 3618 1755 adduxerunt
3635 1714 3769 1754 eum

2130 1792 2302 1861 potus
2323 1805 2611 1860 aquarum
2635 1805 2668 1845 a
2687 1788 2957 1861 pueritia,
2975 1788 3251 1862 quoniam
3274 1805 3308 1843 a
3329 1787 3632 1844 nativitate
3652 1786 3767 1842 vini

2131 1894 2305 1934 usum
2338 1878 2674 1934 fastidiebat
2705 1894 2739 1945 ι,
2767 1883 2825 1934 et
2870 1878 3100 1934 labores
3130 1877 3326 1950 (adde)
3378 1877 3438 1932 in
3489 1877 3770 1933 transcri-

2131 1968 2342 2023 bendis
2365 1972 2626 2023 veterum
2652 1967 2983 2040 sapientum
3013 1966 3521 2024 lucubrationibus
3548 1967 3770 2038 impen~

2134 2073 2231 2113 sos
2260 2056 2391 2129 (30).
2421 2058 2558 2113 Erat
2585 2057 2740 2112 enim
2769 2057 2877 2126 vir,
2910 2060 2968 2113 et
2999 2073 3239 2129 pauper,
3269 2059 3326 2111 et
3354 2055 3637 2112 librorum
3669 2073 3769 2112 cu-

2133 2146 2526 2219 pidissimus:
2576 2147 2981 2219 scribebatque
3023 2146 3166 2203 satis
3218 2145 3520 2213 concinne,
3552 2145 3775 2217 optima

2133 2236 2204 2291 ad
2253 2236 2311 2291 id
2365 2236 2646 2309 praeditus
2692 2252 2890 2292 manu.
2925 2237 2996 2291 Et
3032 2235 3309 2307 quoniam
3340 2233 3605 2306 pecuniis
3655 2250 3771 2290 non

2132 2329 2329 2397 posset
2349 2342 2475 2398 quae
2498 2324 2607 2380 sibi
2631 2329 2797 2380 erant
2817 2324 3165 2381 charissima
3183 2322 3499 2396 possidere,
3521 2323 3771 2396 propriis

2132 2415 2449 2471 sudoribus
2497 2414 2852 2486 acquirebat.
2894 2414 3058 2470 Unde
3103 2414 3287 2469 evasit
3334 2412 3620 2468 librorum
3667 2427 3770 2467 ex-

2130 2504 2382 2575 scriptor
2412 2502 2604 2575 qualis
2630 2519 2801 2558 nemo
2824 2503 3003 2558 ferme
3023 2502 3173 2558 alius
3202 2501 3355 2557 inter
3383 2517 3482 2557 eos
3511 2500 3641 2569 fuit,
3666 2501 3769 2573 qui

2129 2591 2375 2661 litteras,
2436 2593 2699 2663 inquam,
2747 2591 3019 2648 liberales
3074 2594 3293 2646 amant.
3353 2590 3513 2654 Quod
3569 2592 3767 2646 autem

2129 2682 2421 2738 orationes
2445 2682 2573 2753 ejus
2592 2697 2709 2737 non
2740 2697 2944 2737 omnes
2973 2680 3236 2753 ejusdem
3267 2683 3463 2735 essent
3491 2679 3670 2735 studii
3702 2695 3769 2735 ac

2129 2770 2464 2844 diligentias,
2510 2788 2708 2838 causa,
2758 2774 2826 2825 ut
2875 2776 3037 2842 pulo,
3087 2769 3401 2825 manifesta
3445 2772 3553 2825 est.
3603 2767 3765 2833 Quod

2126 2860 2283 2916 enim
2336 2860 2396 2916 in
2445 2860 2670 2916 artibus
2718 2858 3075 2915 mechanicis
3123 2858 3414 2923 videmus,
3454 2857 3611 2914 idem
3655 2857 3765 2914 hac

2125 2949 2300 3005 etiam
2332 2948 2391 3004 in
2424 2965 2486 3004 re
2513 2935 2968 3004 existimandum
3007 2951 3132 3003 est:
3168 2947 3487 3019 procedens
3516 2946 3674 3002 enim
3702 2947 3764 3003 in

2125 3038 2534 3094 exercitatione
2578 3042 2812 3110 tempus
2863 3036 3105 3092 meliora
3150 3038 3245 3092 11
3301 3035 3763 3108 praecedentibus

2126 3126 2462 3182 manifestat
2517 3142 2693 3198 opera
2746 3126 3086 3198 posteriora.
3146 3124 3242 3180 Sic
3299 3124 3649 3193 scriptorum
3707 3130 3765 3180 et

2125 3215 2423 3271 rhetorum
2449 3213 2663 3270 seniles
2692 3214 3125 3270 lucubrationes
3154 3211 3456 3269 nobilitate
3484 3217 3764 3285 praestant

2117 3304 2501 3377 juvenilibus.
2534 3305 2847 3376 Propterea
2873 3320 2944 3359 ex
2973 3301 3255 3374 subjectis
3282 3301 3581 3374 opusculis
3612 3302 3760 3375 (quae

357 3408 490 3465 τερα
519 3388 583 3445 ἅτ
610 3387 699 3462 εἴη
728 3395 838 3446 τῶν
880 3391 933 3463 ἐξ
978 3391 1178 3469 ἀρχῆς.
1212 3395 1309 3448 Διά
1351 3397 1514 3449 τοῦτο
1567 3392 1656 3448 καὶ
1710 3397 1818 3449 τῶν
1880 3393 2013 3448 ὑπο-

2125 3395 2185 3449 in
2233 3393 2343 3450 hoc
2387 3393 2687 3450 volumine
2733 3391 3124 3464 continentur)
3153 3390 3337 3448 aetatis
3389 3390 3581 3447 robori
3632 3407 3757 3463 qua

357 3479 630 3552 κειμένων
682 3477 783 3534 ὅσα
834 3481 929 3553 μὲν
980 3478 1266 3551 σπονδαῖα,
1311 3484 1382 3556 τῇ
1431 3481 1583 3556 ἀκμῇ
1630 3480 1923 3558 λογιστέα·
1979 3482 2014 3537 ἃ

359 3563 420 3621 δὲ
477 3568 559 3639 μή
617 3572 870 3638 τοιαῦτα,
924 3572 995 3643 τῇ
1055 3569 1270 3639 νεότητι
1336 3570 1732 3647 προσνεμητέα,
1787 3570 1877 3626 καὶ
1932 3575 2013 3645 τῷ

356 3652 546 3710 ἀτελεῖ
599 3662 705 3725 τῆς
762 3657 1064 3728 ἀσκήσεως.
1095 3657 1171 3713 Τά
1224 3679 1286 3735 γε
1344 3661 1451 3732 μὴν
1510 3656 1627 3730 εἷ’δη
1687 3664 1784 3715 τοῦ
1839 3659 2012 3736 λόγου

360 3740 457 3797 εἴτ’
514 3745 712 3820 ἄριστα
779 3745 1022 3822 κέκριται
1097 3753 1223 3824 παρ’
1274 3747 1440 3821 αὐτῷ,
1499 3744 1595 3803 εἴθ’
1648 3749 1724 3811 ὡς
1794 3747 2009 3826 ἑτέρως,

359 3833 450 3887 καὶ
502 3834 580 3895 ὥς
612 3834 929 3910 ἁπανταχοῦ
984 3835 1340 3911 ἀγωνιστικός
1396 3835 1530 3907 ἐστι,
1558 3837 1650 3892 καὶ
1708 3839 2008 3914 σχημάτων

362 3918 678 3998 ἐξαλλαγῆς
754 3922 904 3995 αὐτῷ
975 3922 1151 3997 μέλει,
1212 3923 1366 3998 μέλει
1444 3922 1502 3981 δὲ
1556 3926 1647 3981 καὶ
1693 3925 2008 4002 εὖκρινείας,

365 4011 656 4087 μεγέθους,
728 4012 1080 4086 σεμνότητος,
1152 4014 1506 4091 γοργότητος,
1579 4016 1669 4071 καὶ
1742 4021 1851 4072 τῶν
1911 4022 2010 4072 τοῦ

359 4098 535 4168 ἤθους
589 4099 778 4157 καλῶν
836 4098 971 4175 μετά
1021 4124 1169 4166 τινος
1226 4102 1539 4179 εὐρυθμίας,
1590 4105 1680 4160 καὶ
1738 4107 2007 4177 συνθήκης

358 4189 461 4245 οὐκ
498 4190 779 4265 ἀγεννοῦς,
811 4190 918 4268 ἐγὼ
963 4193 1058 4266 μὲν
1116 4192 1215 4248 οὐκ
1263 4192 1393 4270 ἐρῶ,
1429 4195 1504 4267 μὴ
1552 4195 1643 4249 καὶ
1700 4194 1775 4258 εἰς
1836 4196 2010 4269 μῆκος

357 4277 579 4334 ἰκτείνω
630 4279 726 4334 τὸν
787 4278 980 4355 λόγον,
1026 4283 1104 4355 μὴ
1161 4283 1251 4338 καὶ
1304 4279 1511 4359 τάνδρὶ,
1570 4280 1684 4338 ἴσον
1735 4281 1782 4338 δ’
1839 4284 2006 4341 εἰπεῖν

355 4364 601 4440 ἐμαυτῷ,
665 4368 986 4444 χαρίζεσθαι
1061 4368 1220 4441 δόξω.
1292 4371 1553 4445 Ἐμαυτὸν
1627 4373 1730 4449 γὰρ
1806 4371 2005 4429 ἐκεῖνον

353 4454 598 4531 ἥγημαι,
627 4457 721 4512 καὶ
758 4456 935 4531 καλῶ,
962 4464 1064 4529 τῆς
1121 4456 1284 4537 ἄκρας
1342 4461 1504 4533 ἡμῶν
1562 4460 1806 4524 ἒνώσεως
1862 4454 2013 4527 τοῦθ’

359 4544 507 4600 οδτω
560 4546 650 4601 καὶ
711 4545 888 4625 λέγειν
942 4545 1202 4626 ἀσφαλῶς
1242 4549 1332 4603 γαὶ
1397 4554 1610 4627 φρονεῖν
1690 4547 2002 4615 δεδωκυίας.

358 4634 467 4689 [ἄν
524 4655 609 4697 τις
669 4633 775 4711 ἄρα
828 4635 954 4714 περὶ
1002 4641 1113 4692 τῶν
1170 4637 1380 4693 ἐκείνου
1436 4638 1675 4716 χρηστόν
1715 4661 1789 4711 τι,
1821 4640 1856 4710 ἢ
1915 4642 2004 4696 καὶ

2121 3484 2365 3557 probata
2394 3487 2553 3549 sunt,
2585 3482 2795 3538 ascribi
2840 3483 3051 3539 debent
3081 3499 3095 3536 :
3149 3497 3278 3554 qua
3308 3494 3443 3536 vero
3473 3496 3589 3536 non
3620 3485 3761 3537 sunt

2119 3572 2279 3644 talia,
2302 3589 2370 3628 ea
2390 3573 2684 3645 juventuti
2714 3576 2854 3627 sunt
2882 3571 3215 3638 tribuenda,
3246 3573 3303 3626 et
3332 3568 3759 3627 exercitationis

2121 3662 2389 3719 defectui.
2420 3663 2506 3718 Ad
2553 3661 2833 3718 orationis
2879 3661 3129 3716 formam
3176 3659 3332 3733 quod
3381 3658 3606 3731 attinet,
3638 3659 3758 3716 sive

2120 3750 2343 3823 optima
2387 3766 2569 3824 penes
2616 3751 2811 3823 ipsum
2852 3749 3119 3822 judicata
3164 3751 3274 3820 est,
3304 3748 3427 3805 sive
3471 3747 3658 3820 aliter,
3690 3765 3758 3806 ea

2119 3840 2336 3913 ubique
2364 3839 2541 3896 veluti
2569 3855 2807 3912 pugnax
2833 3841 2942 3907 est,
2975 3841 3032 3894 et
3060 3837 3388 3894 certatoria.
3412 3837 3758 3911 Figurarum

2117 3929 2456 3986 varietatem
2486 3933 2652 3984 curat
2696 3926 2793 3984 ille
2826 3945 2839 3984 :
2891 3931 3057 3983 curat
3087 3926 3541 3996 distinctionem,
3572 3926 3755 3983 subli-

2118 4019 2403 4085 mitatem,
2453 4018 2817 4091 gravitatem,
2868 4015 3336 4085 concitationem,
3385 4020 3444 4072 et
3493 4017 3649 4087 quod
3696 4016 3755 4071 in

2117 4107 2419 4165 affectibus
2448 4108 2723 4164 decorum
2763 4109 2853 4161 est
2893 4122 3029 4161 cum
3058 4106 3313 4178 quadam
3343 4105 3753 4176 concinnitate,

2117 4201 2175 4253 et
2204 4212 2410 4252 vocum
2439 4194 2808 4268 copulatione
2838 4210 2954 4250 non
2992 4193 3257 4267 ignobili.
3290 4195 3408 4267 Ego
3454 4210 3589 4268 vero
3638 4211 3754 4250 non

2116 4285 2328 4351 dicam,
2345 4302 2416 4340 ne
2434 4284 2717 4358 prolixius
2739 4300 3069 4340 sermonem
3091 4283 3452 4356 protraham,
3468 4288 3526 4338 et
3545 4300 3617 4338 ne
3631 4283 3754 4340 viro

2118 4375 2312 4431 videar
2347 4389 2511 4445 aeque
2560 4390 2627 4429 ac
2675 4373 2820 4428 mihi
2867 4373 2981 4445 ipsi
3025 4372 3360 4446 gratiﬁcari.
3395 4370 3566 4428 Illum
3597 4371 3753 4429 enim

2116 4467 2319 4536 reputo
2367 4480 2461 4519 me
2507 4463 2702 4536 ipsum
2733 4462 2868 4534 (31),
2912 4466 2969 4517 et
3009 4478 3148 4518 voco
3192 4466 3427 4534 propter
3455 4478 3751 4517 summam

2114 4553 2296 4609 nostri
2327 4552 2625 4620 unionem,
2656 4568 2783 4624 qua:
2822 4551 2960 4608 facit
2988 4555 3054 4607 ut
3083 4551 3191 4607 hoc
3221 4566 3422 4607 secure
3453 4549 3666 4622 dicam,
3696 4555 3754 4606 et

2113 4643 2381 4715 cogitem.
2415 4642 2475 4697 Si
2531 4641 2665 4714 quis
2704 4641 2883 4714 igitur
2929 4641 3001 4697 de
3043 4639 3143 4697 illo
3180 4639 3268 4696 vel
3300 4639 3441 4713 quid
3472 4640 3631 4709 boni,
3659 4640 3749 4697 vel

356 4724 587 4801 θάτερον
649 4732 925 4801 μαρτυρῆ,
955 4724 1031 4788 είς
1086 4724 1155 4781 τὰ
1210 4726 1445 4800 ἐμαυτοῦ
1498 4724 1587 4782 καί
1633 4728 1697 4782 τὸ
1747 4732 2003 4803 σκῶμμα,

2123 4731 2466 4787 contrarium
2499 4729 2823 4802 perhibeat,
2855 4729 2916 4785 in
2968 4745 3062 4785 me
3107 4729 3303 4801 ipsum
3347 4733 3405 4785 et
3442 4728 3749 4785 dicterium

361 4812 442 4874 εἰς
485 4813 553 4868 τὰ
599 4812 838 4887 ἐμαυτοῦ
873 4816 965 4869 καὶ
1014 4815 1104 4870 τὸν
1148 4812 1361 4871 ἔπαινον
1412 4817 1590 4895 φέρειν
1636 4817 1780 4896 φημί
1807 4835 1820 4849 ⁸
1881 4817 2007 4873 ὥστ’

358 4901 488 4975 ἐμοί
529 4903 585 4977 γ’
635 4902 782 4958 οὕτω
824 4904 894 4958 τὰ
939 4904 1078 4980 πρὸς
1122 4903 1323 4960 ἐκεῖνον
1375 4902 1557 4981 ἔχοντι
1586 4906 1791 4983 πρέπον
1825 4906 1884 4962 ἂν
1919 4903 2002 4977 εἶθ]

356 4995 541 5064 σιγᾷν.
588 4991 652 5046 Ἡ
698 4989 759 5046 δέ
802 5012 911 5047 που
968 4992 1180 5064 πυκτῖς,
1231 4992 1363 5070 ὅπερ
1418 4994 1507 5049 καὶ
1575 4993 1771 5050 ἄνωθεν
1846 4993 2003 5074 ἔφην,

352 5078 548 5141 καλῶς
599 5080 689 5135 τὸν
749 5082 955 5155 πατέρα
1006 5088 1125 5144 τοῖς
1184 5082 1611 5157 ἀναγινώσκουσι
1654 5081 1835 5157 δείξει,
1868 5083 2006 5139 ὥστε

344 5168 680 5243 προσεκτέον
712 5169 849 5244 αὐτῇ
878 5174 976 5225 τοῦ
1023 5169 1242 5228 λοιποῦ.
1275 5170 1374 5226 Καὶ
1423 5171 1500 5234 ὡς
1548 5172 1609 5227 ἂν
1658 5171 1791 5242 αὐτὴ
1842 5170 2003 5229 δώσει

338 5256 577 5331 apisci-1,
624 5258 769 5314 οὕτω
819 5258 911 5315 καὶ
961 5259 1088 5337 περὶ
1141 5264 1249 5315 τῶν
1304 5260 1607 5338 εἰρημένων
1658 5263 1759 5330 τὴν
1818 5265 1998 5340 ψῆφον

336 5345 667 5419 rem.

2114 4820 2251 4876 ferri
2283 4824 2339 4874 et
2367 4819 2600 4875 laudem
2632 4819 2760 4875 dico
2792 4834 2807 4876 :
2849 4819 2933 4874 ita
2960 4822 3028 4874 ut
3055 4818 3221 4888 mihi,
3253 4819 3354 4891 qui
3383 4835 3523 4892 erga
3553 4818 3748 4891 ipsum

2113 4909 2197 4965 ita
2236 4926 2329 4964 me
2372 4909 2575 4975 habeo,
2610 4912 2799 4965 tacere
2840 4907 3165 4981 conveniat.
3199 4907 3458 4965 Libellus
3508 4908 3604 4965 hic
3650 4924 3752 4963 au-

2113 5003 2253 5068 tem,
2288 5003 2353 5053 ut
2381 4998 2558 5053 etiam
2588 4997 2858 5070 superius
2896 4997 3035 5066 dixi,
3070 5002 3292 5069 patrem
3343 5014 3519 5054 suum
3574 4997 3754 5071 probe

2111 5085 2427 5143 lectoribus
2459 5087 2728 5143 ostendet
2756 5086 2907 5158 (32):
2945 5087 3100 5141 unde
3128 5087 3317 5158 quoad
3352 5086 3595 5159 reliqua,
3629 5087 3753 5160 ipse

2111 5176 2419 5232 adeundus
2450 5181 2556 5231 est.
2591 5179 2657 5229 Et
2685 5175 3176 5247 quemadmodum
3209 5175 3373 5232 dabit
3400 5174 3752 5248 ipse.(libel-

2109 5262 2230 5335 lus)
2255 5268 2320 5320 ut
2338 5263 2656 5335 judicetur,
2680 5263 2765 5319 ita
2785 5264 3131 5337 suffragium
3155 5265 3225 5320 de
3252 5265 3560 5337 hucusque
3579 5264 3753 5321 dictis

2108 5340 2416 5410 ferendum
2447 5355 2555 5409 est.
