4094 6444
389 446 466 508 Μ
1410 457 1728 521 GEORGII
1775 459 2037 521 CYPRII
2081 457 2196 520 GP.
2243 460 2776 523 PATRIARCHE

3713 465 3792 525 32

395 585 3260 618 Ἦ

1413 727 1512 783 ¹²
1579 728 1946 823 NOTIE
2024 729 2767 874 HISTORICIE,

1654 942 2114 989 CBBONOLOGICE
2156 943 2233 988 ΕΤ
2273 943 2522 988 ΟΒΙΤΙΟΕ

962 1084 1038 1143 ΙΝ
1086 1085 1595 1148 SUPERIOREM
1641 1087 1956 1148 GEORGII
2003 1088 2155 1150 SEU
2199 1087 2575 1149 GBEGORII
2620 1088 2879 1150 CYPRII
2934 1090 3208 1150 VITAM.

463 1384 539 1455 (1)
571 1383 835 1454 Gregorii.
870 1390 987 1442 Hoc
1019 1386 1115 1443 ille
1143 1388 1469 1460 appellatus
1498 1394 1587 1446 est
1617 1391 1872 1456 nomine,
1897 1408 2031 1446 cum

2148 1409 2202 1444 τε
2232 1386 2533 1464 συλλέγων,
2564 1387 2951 1468 καλλιγραφεῖν
2986 1387 3210 1464 δίδωμι,
3247 1387 3584 1466 βουλόμενος
3623 1388 3785 1452 αὐτὰς

393 1473 744 1529 monachum
777 1475 990 1543 induit,
1021 1483 1335 1550 antequam
1381 1479 1451 1534 ad
1504 1481 1668 1535 urbis
1715 1481 1881 1552 regiae
1933 1497 2032 1553 pa-

395 1562 764 1619 triarchalem
808 1565 1086 1622 thronum
1133 1575 1611 1640 promoveretur:
1662 1571 1854 1626 dictus
1898 1587 2032 1626 vero

393 1653 578 1708 sacris
601 1653 660 1708 in
686 1654 860 1710 undis
882 1657 1161 1725 Georgius.
1219 1658 1598 1730 Pachymeres
1626 1659 1684 1714 in
1707 1659 2034 1716 Andronico

393 1740 737 1814 Palmologo,
770 1743 916 1799 libro
949 1763 987 1812 ι,
1021 1746 1205 1817 capite
1234 1750 1325 1813 22,
1362 1748 1446 1803 sic
1476 1748 1555 1803 ait
1587 1766 1600 1802 :
1634 1750 1743 1804 Hoc
1773 1748 2034 1822 Gregorii

391 1845 591 1886 nomen
619 1833 820 1903 Cyprio
867 1834 1159 1903 insederat,
1196 1852 1270 1891 ea:
1323 1836 1545 1908 Georgio
1589 1843 1881 1908 mutatum,
1911 1855 2037 1894 cum

389 1921 785 1990 profusionem
823 1923 884 1976 in
924 1933 1334 1996 praeparatione
1357 1928 1766 1998 patriarchatus
1794 1942 2034 1982 assum-

391 2017 477 2066 ret
515 2012 898 2068 monasticam.

465 2097 542 2169 (2)
574 2101 672 2155 Res
727 2117 858 2156 suas
920 2104 1200 2160 continens
1247 2121 1266 2158 :
1329 2104 1397 2158 τὰ
1461 2105 1577 2158 καθ’
1642 2102 1850 2160 ἑαυτόν.
1922 2106 2034 2161 Leo

395 2187 573 2244 etiam
603 2188 854 2246 Allatius
884 2191 943 2246 in
975 2191 1236 2249 Diatriba
1265 2193 1336 2249 de
1367 2194 1628 2267 Georgiis
1677 2211 1745 2250 ex
1788 2195 2034 2250 Roberto

396 2275 778 2334 Constantino
808 2278 891 2335 sic
921 2282 1130 2336 refert:
1166 2286 1304 2338 Item
1333 2283 1398 2338 de
1426 2285 1544 2338 vita
1570 2301 1671 2338 sua
1701 2288 1753 2339 et
1781 2283 2036 2354 Epistolis

396 2383 621 2424 numero
653 2369 774 2424 166.
807 2369 988 2425 Addit
1015 2370 1260 2427 Allatius
1293 2388 1306 2426 :
1357 2374 1440 2427 An
1468 2389 1601 2444 opus
1642 2379 1744 2429 hoc
1785 2373 1851 2428 de
1896 2375 2033 2438 vita,

394 2456 690 2528 inquiens,
737 2458 1019 2514 diversum
1064 2464 1143 2515 est
1192 2461 1260 2516 ab
1318 2461 1592 2532 Epistolis,
1643 2463 1729 2518 vel
1780 2463 2036 2534 Epistolis

391 2546 526 2617 ipsis
554 2563 711 2602 suam
739 2549 909 2603 vitam
938 2550 1240 2620 exprimit?
1267 2551 1403 2606 Mihi
1429 2551 1605 2606 adhuc
1635 2553 1906 2607 incertum
1936 2559 2032 2606 est.

391 2634 524 2692 Jam
555 2639 776 2691 certum
810 2653 964 2703 vero,
988 2638 1060 2693 ab
1087 2638 1361 2710 Epistolis
1391 2639 1678 2695 diversam
1709 2656 1837 2696 esse
1865 2639 2035 2695 Vitam

2142 1477 2218 1540 εἰς
2278 1478 2498 1534 πυκτίον
2559 1477 2704 1554 ἔχειν
2764 1479 2989 1555 ἀθρόας,
3048 1480 3326 1553 Epistolas
3377 1497 3556 1552 meas,
3612 1482 3787 1536 aliam

2141 1568 2371 1624 aliunde
2399 1570 2676 1639 colligens,
2707 1575 2767 1625 ut
2813 1573 2952 1642 potis
2997 1587 3136 1638 sum,
3168 1572 3445 1642 eleganter
3469 1570 3781 1627 describen-

2141 1658 2240 1714 das
2297 1660 2473 1725 trado,
2527 1676 2619 1715 eas
2675 1661 2858 1717 volens
2904 1662 2966 1716 in
3023 1661 3206 1716 libello
3260 1661 3507 1716 collectas
3560 1659 3782 1714 habere.

2143 1747 2428 1804 Volumen
2452 1749 2631 1814 istud,
2657 1765 2773 1820 quo
2799 1755 2953 1817 utor,
2974 1753 3032 1805 et
3061 1763 3129 1806 ea
3155 1747 3388 1821 singula
3405 1765 3535 1821 qua
3566 1749 3626 1805 in
3657 1749 3783 1821 ipso

2143 1838 2537 1905 continentur,
2570 1838 2911 1912 diligentius
2939 1840 3092 1896 infra
3121 1838 3477 1896 recensendo
3503 1841 3662 1894 sunt.

2215 1929 2294 1998 (4)
2325 1932 2518 1984 Patres
2546 1945 2674 1984 vero
2702 1933 2758 1985 et
2799 1931 2910 1997 avi,
2943 1933 3053 1985 etc.
3086 1929 3217 1984 Hoc
3246 1928 3436 1995 verba,
3470 1944 3601 1983 cum
3653 1926 3786 1983 aliis

2143 2017 2460 2088 conjuncta
2487 2034 2619 2088 qua
2648 2022 2992 2090 sequuntur,
3025 2024 3091 2073 ut
3123 2023 3320 2089 postea
3350 2016 3783 2083 adnotabimus,

2141 2105 2414 2161 videntur
2458 2106 2604 2163 satis
2656 2105 2935 2174 indicare,
2966 2124 3035 2163 ex
3085 2106 3299 2162 illustri
3348 2104 3528 2162 fuisse
3575 2119 3785 2177 genere

2145 2195 2443 2266 Cyprium,
2468 2195 2726 2267 itemque
2754 2197 3018 2252 Graecum
3051 2195 3370 2262 hominem,
3393 2199 3452 2250 et
3478 2209 3546 2252 ex
3577 2209 3782 2265 paren-

2144 2285 2307 2340 tibus
2337 2283 2549 2340 Graacis
2580 2289 2805 2341 natum.
2839 2285 2950 2340 Leo
2980 2284 3251 2350 Allatius,
3282 2285 3356 2340 De
3399 2283 3654 2340 Ecclesiae
3683 2283 3785 2339 0c-

2141 2373 2435 2429 cidentalis
2501 2376 2663 2444 atque
2731 2374 3024 2430 Orientalis
3085 2382 3353 2445 perpetua
3412 2374 3782 2438 consensione,

2145 2461 2247 2518 lib.
2281 2479 2344 2527 ιι,
2377 2479 2504 2534 cap.
2539 2464 2626 2528 15,
2660 2481 2822 2519 num.
2855 2466 2942 2535 12,
2975 2463 3286 2532 Georgium
3317 2461 3590 2533 Cyprium
3620 2463 3786 2516 vocat

2147 2551 2404 2608 Latinum
2434 2552 2781 2608 scribentem
2811 2561 3002 2609 contra
3033 2554 3272 2609 Latinos.
3301 2551 3361 2607 Id
3393 2567 3577 2606 unum
3609 2549 3785 2605 refert

2145 2641 2205 2697 in
2238 2640 2497 2696 Diatriba
2536 2641 2608 2696 de
2637 2641 2918 2713 Georgiis,
2948 2641 3196 2698 eumdem
3221 2641 3368 2712 apud
3397 2639 3565 2695 Italos
3592 2647 3786 2696 natum

395 2723 546 2825 hanc
591 2723 844 2797 Georgii,
894 2742 994 2782 seu
1045 2727 1304 2800 Gregorii
1347 2728 1560 2802 Cyprii,
1604 2734 1670 2784 ut
1719 2745 1789 2785 ex
1837 2733 2034 2785 nostro
2065 2759 2113 2825 Β
2142 2737 2195 2786 et
2222 2730 2493 2800 adultum,
2526 2746 2641 2786 sese
2666 2731 3012 2802 postmodum
3051 2732 3197 2787 inter
3228 2733 3451 2786 Graecos
3477 2729 3783 2799 conjecisse.

395 2812 593 2870 codice
623 2817 800 2885 patet,
834 2820 893 2871 et
933 2832 1000 2870 ex
1030 2817 1464 2873 Vindobonensi
1497 2818 1650 2890 apud
1683 2816 2032 2874 Nesselium.

398 2902 454 2959 Is
495 2902 557 2957 in
596 2902 869 2974 Catalogo
899 2903 1257 2962 bibliotheca
1287 2905 1577 2974 Caesarea,
1610 2923 1713 2962 seu
1744 2906 2038 2962 Vindobo-

399 2991 600 3048 nensis
631 2996 792 3064 parte
827 3009 882 3058 ν,
915 2993 1173 3050 codicem
1207 2995 1304 3050 101
1340 3000 1601 3052 recenset
1632 3013 1644 3050 :
1701 3019 1728 3045 ‹‹
1761 2997 2037 3067 Epistolas,

397 3080 691 3154 inquiens,
739 3091 956 3137 centum
1003 3086 1311 3152 nonaginta
1355 3089 1409 3140 et
1457 3101 1591 3151 una,
1643 3101 1775 3141 cum
1835 3083 2038 3140 incerti

396 3170 706 3241 cujusdam
737 3171 992 3228 auctoris
1023 3172 1357 3245 synchroni,
1391 3175 1562 3245 cujus
1592 3189 1803 3230 nomen
1835 3174 1908 3230 ob
1939 3173 2040 3228 ali-

399 3263 541 3332 quot
593 3258 866 3316 foliorum
927 3261 1218 3318 defectum
1284 3262 1604 3335 ignoratur,
1671 3264 2037 3334 Prae/ctione,

399 3348 731 3406 continente
763 3351 977 3416 Vitam,
1011 3367 1112 3406 seu
1145 3350 1340 3422 potius
1379 3351 1776 3408 laudationem
1827 3352 1975 3422 ejus.
2010 3373 2038 3402 »

402 3439 637 3512 Integra
692 3437 751 3494 in
805 3443 1004 3494 nostro
1061 3439 1257 3496 codice
1305 3439 1426 3495 haec
1476 3444 1698 3512 prostat
1745 3441 2038 3512 Praefatio,

399 3544 505 3586 seu
536 3527 730 3598 potius
760 3543 952 3584 sermo
985 3533 1062 3584 De
1086 3530 1202 3585 vita
1238 3531 1329 3585 sui
1368 3531 1562 3601 ipsius,
1597 3529 1865 3601 pluribus
1896 3546 2040 3601 opu-

400 3616 580 3675 sculis
610 3615 996 3689 plurimisque
1026 3617 1287 3689 epistolis
1318 3635 1436 3674 uno
1479 3618 1538 3673 in
1587 3618 1883 3674 volumine
1921 3619 2041 3674 col-

396 3704 562 3763 lectis
585 3706 944 3778 praemissus.
963 3707 1253 3762 Dubitatio
1275 3706 1460 3779 ingeri
1483 3706 1644 3763 nulla
1667 3711 1876 3778 potest,
1897 3707 2037 3778 quin

397 3795 662 3865 ejusdem
697 3795 984 3851 sermonis
1025 3794 1150 3865 ipse
1181 3795 1455 3867 Georgius,
1489 3795 1576 3850 vel
1608 3795 1901 3868 Gregorius
1935 3795 2038 3866 Cy-

395 3885 556 3955 prius
605 3888 806 3938 auctor
851 3883 972 3939 sit:
1024 3883 1364 3940 inscribitur
1413 3901 1619 3956 nempe
1660 3886 1735 3940 De
1779 3887 1888 3940 vita
1915 3902 2038 3950 sua,

397 3973 518 4030 sive
547 3971 618 4028 de
645 3973 716 4030 iis
745 3987 870 4042 quae
896 3972 973 4028 ad
999 3974 1240 4043 seipsum
1279 3975 1576 4045 pertinent.
1612 3975 1673 4028 In
1706 3972 1862 4028 calce
1891 3989 2039 4044 opu-

400 4060 549 4118 sculi
583 4061 701 4116 haac
732 4060 1023 4116 habentur
1051 4063 1122 4116 de
1152 4066 1388 4116 auctore
1422 4079 1434 4116 :
1482 4061 1569 4129 Μὴ
1601 4059 1690 4114 καὶ
1719 4056 1892 4130 ἀνδρὶ,
1927 4056 2035 4113 ἴσον

2143 2819 2256 2875 Sed
2303 2818 2516 2874 iterum
2574 2819 2634 2874 in
2682 2820 3040 2892 Hottingero,
3094 2817 3284 2892 capite
3341 2818 3426 2885 19,
3477 2831 3608 2888 pag.
3661 2816 3784 2880 478,

2145 2908 2342 2980 ipsum
2365 2907 2598 2975 asserit,
2617 2909 2832 2964 Latinis
2855 2909 3178 2980 parentibus
3207 2914 3408 2964 ortum.
3431 2903 3588 2964 Nihil
3617 2903 3786 2960 haesi-

2148 2999 2338 3052 tantes
2378 2997 2592 3054 Latinis
2637 2997 2832 3069 ipsum
2877 2997 3198 3070 parentibus
3241 2997 3304 3050 in
3351 2993 3526 3066 Cypro
3571 2999 3787 3062 natum,

2147 3089 2425 3141 enarrant
2451 3084 2802 3142 Guillelmus
2830 3085 2978 3142 Cave
3025 3085 3083 3142 in
3124 3084 3369 3142 Historia
3393 3083 3690 3140 Litteraria
3717 3081 3789 3136 ad

2151 3190 2372 3230 annum
2406 3175 2540 3229 1284
2575 3192 2588 3228 :
2629 3173 2951 3230 Casimirus
2979 3173 3246 3230 Oudinus
3273 3172 3332 3228 in
3363 3169 3790 3228 Commentario

2149 3263 2221 3319 de
2250 3263 2636 3335 scriptoribus
2666 3261 3077 3320 ecclesiasticis
3114 3267 3274 3318 tomo
3318 3261 3417 3327 ΙΙΙ,
3448 3261 3522 3318 ad
3570 3273 3792 3316 annum

2153 3353 2310 3416 1280,
2334 3356 2390 3407 et
2411 3351 2660 3408 Michael
2686 3350 3012 3424 Lequienus
3032 3350 3093 3405 in
3117 3349 3338 3406 Oriente
3359 3363 3533 3419 sacro,
3555 3352 3716 3404 tomo
3745 3346 3791 3417 Ι,

2147 3440 2208 3497 in
2239 3440 2585 3512 patriarchis
2610 3438 3288 3512 Constantinopolitanis.
3319 3438 3469 3496 Nota
3498 3436 3645 3494 mihi
3675 3452 3793 3494 non

2147 3535 2292 3587 sunt
2345 3529 2592 3599 hujusce
2648 3530 2731 3587 rei
2789 3529 3033 3602 probata
3087 3530 3488 3586 monumenta.
3537 3525 3791 3583 Joannes

2148 3620 2387 3687 Beccus,
2419 3635 2487 3674 ex
2529 3619 2924 3692 patriarchatu
2958 3618 3126 3688 regia
3157 3616 3320 3674 urbis
3349 3615 3513 3673 exsul
3542 3615 3789 3672 Prusam

2150 3708 2389 3773 missus,
2420 3712 2622 3762 contra
2653 3707 2964 3779 Georgium
2996 3704 3084 3762 vel
3113 3704 3456 3777 Gregorium
3486 3703 3570 3762 sic
3601 3703 3792 3760 sie-bat

2149 3797 2305 3868 apud
2331 3796 2743 3868 Pachymerem
2775 3796 2835 3851 in
2857 3795 3206 3865 Andronico,
3229 3793 3377 3850 libro
3408 3811 3449 3862 ι,
3471 3792 3662 3863 capite
3685 3792 3787 3848 34:

2149 3886 2229 3942 Me
2258 3886 2561 3941 Romanum
2607 3886 2730 3955 (seu
2763 3884 3050 3953 Graecum)
3081 3883 3378 3949 hominem,
3409 3898 3440 3935 e
3487 3895 3647 3940 nova!
3689 3885 3790 3936 Ro-

2151 3988 2263 4032 mae
2287 3972 2908 4045 (Constantinopoleos)
2938 3972 3149 4028 civibus
3175 3979 3395 4038 natum,
3418 3969 3760 4025 aversamini
3773 3986 3794 4022 :

2149 4065 2376 4119 interim
2429 4062 2559 4117 dum
2611 4078 2710 4134 pro
2761 4063 3082 4134 patriarcha
3130 4060 3479 4116 veneramini
3523 4055 3690 4130 ἄνδρα
3733 4053 3795 4110 δὲ

403 4146 449 4204 δ’
517 4147 684 4203 εἰπεῖν
751 4146 988 4221 ἐμαυτῷ,
1058 4148 1368 4223 χαρίζεσθαι
1436 4125 1612 4218 δόξεο·
1656 4125 1887 4222 ἐμαυτὸν
1939 4148 2039 4224 γὰρ
2073 4125 2115 4193 C
2152 4151 2277 4225 παρ’
2337 4147 2568 4211 Ἰταλοῖς
2611 4125 2942 4224 ’γεννῇθὲντα
2995 4169 3056 4203 τε
3118 4147 3208 4204 καὶ
3271 4147 3558 4226 τραφέντα,
3612 4125 3796 4203 uirum

403 4237 604 4294 ἐκεῖνον
636 4235 744 4312 ἤγη
758 4258 873 4310 μαι,
904 4237 992 4291 καὶ
1035 4235 1189 4291 καλῶ
1226 4245 1324 4306 τῆς
1373 4237 1536 4310 ἄκρας
1567 4240 1601 4306 ἡ
1613 4242 1728 4309 μῶν
1760 4238 1997 4299 ἒνώσεως
2024 4256 2038 4305 ;

399 4345 469 4386 ne
491 4328 682 4386 videar
718 4330 834 4384 viro
878 4343 1030 4399 atque
1073 4345 1137 4383 ac
1180 4329 1320 4382 mihi
1367 4330 1475 4398 ipsi
1518 4329 1844 4397 gratiﬁcari.
1875 4328 2041 4383 Illum

396 4420 544 4474 enim
567 4421 758 4490 reputo
784 4419 1072 4489 meipsum,
1097 4421 1148 4472 et
1178 4433 1301 4473 voco
1328 4421 1552 4489 propter
1569 4434 1841 4471 summam
1862 4417 2042 4471 nostri

397 4509 672 4564 unionem.
691 4508 820 4578 Ipse
844 4522 1073 4577 mempe
1094 4505 1424 4578 Gregorius,
1441 4506 1540 4577 qui
1562 4506 1736 4561 vitam
1755 4507 1848 4560 sui
1868 4507 2040 4576 ipsius

398 4596 707 4666 scribebat,
731 4611 909 4668 seque
939 4599 1235 4651 auctorem
1269 4595 1698 4665 quodammodo
1731 4593 1915 4649 celare
1947 4611 2040 4649 vo-

399 4683 534 4751 luit,
567 4684 874 4740 manifeste
913 4684 1144 4739 tandem
1179 4683 1438 4755 seipsum
1472 4683 1681 4756 prodit.

471 4774 550 4846 (3)
571 4775 636 4829 Ei
650 4775 746 4845 qui
761 4774 966 4829 librum
983 4773 1127 4828 hunc
1138 4774 1507 4839 concinnavit,
1517 4773 1701 4843 patria
1715 4773 1823 4843 fuit
1834 4772 2042 4844 Cyprus

403 4865 610 4920 insula.
643 4862 788 4918 Hinc
817 4880 951 4920 vero
982 4862 1175 4918 dictus
1213 4861 1310 4916 ille
1342 4863 1598 4934 Cyprius.
1630 4862 1780 4917 Urbs
1809 4861 2040 4928 insulse,

403 4957 504 5010 aut
533 4952 696 5008 locus
724 4952 975 5008 occurrit
1005 4951 1236 5018 nullibi,
1270 4951 1368 5007 ubi
1400 4949 1625 5006 natales
1656 4950 1944 5005 habuerit.
1979 4951 2038 5005 In

404 5047 565 5099 textu
596 5042 791 5099 Graeco
821 5041 1074 5113 legimus
1108 5058 1120 5096 :
1174 5038 1372 5114 Πατρὶς
1408 5037 1502 5112 μὲν
1545 5041 1624 5108 τῷ
1659 5040 1760 5095 13
1795 5057 2040 5092 συντετα-

2147 4240 2299 4314 apud
2347 4241 2511 4295 Italos
2563 4242 2688 4306 (seu
2746 4239 3023 4311 Latinos),
3075 4247 3270 4295 natum
3317 4242 3369 4296 et
3413 4237 3664 4298 adultum
3709 4234 3792 4306 (in

2150 4329 2348 4386 insula
2378 4328 2596 4385 scilicet
2626 4329 2832 4400 Cypro,
2865 4328 2959 4383 cui
2999 4343 3164 4401 reges
3192 4326 3492 4384 Lusiniani
3523 4325 3792 4382 domina-

2147 4420 2405 4487 bantur).
2466 4419 2671 4474 Petrus
2729 4417 3010 4473 Possinus
3068 4435 3137 4472 ea
3189 4417 3367 4473 verba
3420 4417 3503 4472 sic
3551 4413 3788 4470 reddit:

2150 4508 2413 4580 Cyprium
2459 4506 2743 4572 advenam,
2777 4508 2834 4560 in
2882 4522 2943 4561 ea
2991 4507 3208 4562 Latinae
3253 4505 3483 4561 ditionis
3528 4504 3716 4560 insula
3761 4518 3793 4558 e

2151 4598 2358 4652 Latinis
2387 4597 2653 4666 genitum.
2687 4595 2818 4662 Sed,
2850 4595 2998 4665 apud
3044 4597 3290 4660 Latinos,
3321 4594 3509 4648 verior
3553 4597 3643 4648 est
3695 4591 3790 4646 in-

2147 4683 2500 4757 terpretatio.
2525 4683 2698 4738 Ortus
2720 4683 2870 4754 ejus,
2897 4688 2954 4739 et
2979 4683 3243 4741 educatio
3261 4682 3322 4738 in
3343 4686 3546 4755 Cypro,
3570 4681 3789 4741 Latins:

2150 4774 2389 4832 ditionis
2419 4771 2635 4843 insula,
2668 4788 2872 4830 ansam
2903 4773 3131 4828 dederit
3158 4771 3402 4838 rumori,
3435 4770 3536 4842 qui
3579 4786 3648 4826 ex
3676 4771 3790 4826 La-

2150 4863 2293 4919 tinis
2352 4862 2694 4934 parentibus
2749 4865 2956 4917 natum
3015 4860 3253 4918 ferebat.
3306 4860 3388 4916 Ex
3442 4875 3513 4918 ea
3565 4859 3793 4932 origine

2150 4951 2420 5023 vulgares
2451 4949 2594 5006 alias
2627 4949 2988 5022 suspiciones
3018 4949 3326 5021 prodiisse,
3357 4949 3596 5004 adnotat
3624 4947 3792 5004 Nice-

2151 5041 2370 5114 phorus
2401 5040 2687 5112 Gregoras
2735 5039 2885 5095 libro
2931 5056 3032 5106 vn,
3077 5038 3266 5110 capite
3313 5039 3366 5106 1,
3409 5053 3574 5093 num.
3619 5038 3675 5105 7,
3717 5040 3794 5093 Eo

401 5130 527 5207 χότι
558 5131 657 5199 τήν
695 5123 884 5205 βίϐλον
917 5128 1130 5204 Κύπρος
1161 5131 1196 5198 ἡ
1239 5136 1404 5198 νῆσος
1427 5147 1438 5160 ·
1471 5131 1683 5201 Cyprus
1713 5128 1905 5184 insula
1931 5131 2037 5200 fuit

2148 5135 2446 5204 pretextu,
2504 5129 2799 5201 inquiens,
2855 5128 2996 5201 quod
3050 5129 3254 5198 viginti
3305 5135 3468 5183 natus
3521 5141 3715 5193 annos,
3765 5141 3797 5183 e

398 5223 531 5277 huic
554 5222 763 5293 patria,
797 5221 895 5292 qui
925 5220 1130 5274 librum
1155 5221 1523 5285 concinnavit,
1555 5219 1912 5274 coordinavit.
1947 5218 2041 5274 Li-
2153 5220 2328 5291 Cypro
2385 5217 2454 5273 ad
2509 5218 2774 5273 Romanos
2829 5233 3004 5274 mores
3067 5233 3124 5273 se
3186 5216 3520 5284 contulisset,
3576 5219 3627 5271 et
3660 5256 3674 5271 .
3721 5257 3733 5268 .
3780 5255 3796 5270 .

399 5309 574 5366 brum
605 5309 864 5382 intelligo
890 5307 1182 5373 volumen,
1210 5307 1267 5361 in
1300 5325 1413 5378 quo
1445 5307 1729 5379 Georgius
1760 5307 2044 5379 opuscula
2153 5307 2328 5363 locum
2359 5306 2589 5362 dedisset
2617 5307 2780 5378 vulgo
2817 5305 3155 5378 suspicandi,
3191 5303 3410 5361 lectoris
3454 5304 3701 5361 ordinem
3744 5305 3802 5360 ei

403 5417 512 5456 sua
541 5398 732 5471 plura,
766 5413 1022 5468 suasque
1054 5395 1338 5468 plurimas
1376 5396 1654 5468 epistolas
1697 5413 1816 5452 una
1865 5395 2044 5451 simul
2151 5397 2414 5453 collatum
2442 5398 2616 5468 fuisse
2636 5398 2738 5452 14
2757 5413 2792 5451 a
2822 5397 3057 5451 Latinis.
3081 5396 3297 5450 Textus
3329 5393 3583 5461 Gracus,
3613 5411 3800 5468 χειρο-

405 5487 720 5560 collegerit.
753 5487 836 5542 Ad
870 5485 1258 5557 Epistolarum
1290 5483 1688 5540 collectionem
1725 5485 1879 5556 quod
1911 5485 2037 5539 atti-

2152 5485 2329 5549 θεσίαν
2382 5483 2528 5556 παρά
2571 5482 2814 5538 Λατίνων
2871 5481 3103 5555 ἐδέξατο,
3148 5483 3432 5553 redditur,
3479 5500 3515 5539 a
3561 5485 3795 5551 Latinis,

405 5581 522 5643 net,
556 5577 677 5632 haec
708 5575 859 5632 idem
895 5573 1174 5644 Georgius
1205 5572 1379 5627 habet
1409 5572 1466 5626 in
1507 5572 1750 5643 epistola
1793 5575 1864 5628 ad
1918 5589 2039 5628 ma-
2153 5581 2219 5630 ut
2265 5575 2495 5630 diversa
2541 5575 2756 5630 evincit
2796 5573 3150 5630 constructio
3190 5589 3324 5628 cum
3355 5573 3605 5644 genitivo
3635 5573 3793 5646 apud

401 5682 585 5738 gnum
615 5664 989 5736 logothetam,
1021 5679 1148 5733 qua
1180 5662 1238 5716 in
1281 5661 1478 5717 codice
1508 5667 1850 5717 numeratur
1890 5663 1992 5717 155
2023 5680 2037 5718 :
2149 5663 2505 5736 Gregoram,
2537 5682 2670 5720 cum
2702 5664 2894 5720 dativo
2937 5663 3092 5735 apud
3140 5662 3572 5736 Pachymerem.

398 5750 723 5817 Ἐπιπολὰς
755 5753 849 5816 τὰς
895 5752 1149 5826 ἐμαυτοῦ,
1182 5745 1411 5812 ἄλλοθεν
1458 5743 1658 5821 ἄλλην⁷
1692 5749 1766 5812 ὡς
1817 5748 1875 5805 ἃν
1923 5750 2035 5812 οἷός

2219 5753 2296 5826 (5)
2325 5755 2543 5810 Servire
2582 5755 2847 5810 Barbaris
2892 5754 3124 5809 Latinis.
3155 5751 3371 5809 Notum
3413 5752 3644 5825 cuique,
3676 5770 3792 5810 ca-
