4094 6498
319 500 400 558 33
1729 493 1934 554 VlTA.
1969 519 2008 536 -

2120 493 2332 553 ῐΟΤΕ.
3654 496 3734 557 34

320 634 480 684 teros
509 626 760 701 populos
789 625 982 681 vocari
1015 641 1050 681 a
1087 624 1300 681 Graecis
1355 624 1729 680 consuevisse
1770 624 1976 680 Barba-
2005 625 2061 692 Α
2091 640 2242 679 anno
2274 625 2502 680 circiter
2531 627 2662 681 1241
2697 626 2921 682 natales
2965 627 3244 682 habuisse
3294 627 3592 700 Cyprium,
3639 629 3730 684 in-

325 735 436 774 ros.
469 716 833 788 Ducangium
864 715 1108 770 consule
1140 714 1198 768 in
1229 729 1296 768 ea
1324 728 1459 768 voce
1517 712 1744 768 Latina.
1797 712 1973 768 Italos
2084 712 2264 768 ferius
2294 713 2577 770 dicemus.
2612 713 2820 770 Insulae
2852 715 3266 771 dominabatur
3296 716 3583 772 Henricus
3613 718 3656 772 Ι.

327 803 586 877 intellige
617 803 872 868 Latinos,
902 801 1006 874 qui
1035 807 1285 874 Cyprum
1314 799 1572 857 insulam
1602 803 1715 857 sub
1738 801 1976 873 regibus
2158 802 2235 873 (7)
2261 804 2325 857 In
2385 803 2834 858 Callinicensium
2879 804 3070 858 urbem
3114 806 3374 860 mittitur.
3427 806 3491 860 ln
3539 806 3733 862 Graeco

331 894 669 951 Lusinianis
692 892 1047 949 incolebant.
1073 889 1542 946 Monti‘auoonius
1564 890 1622 944 in
1644 891 1832 945 Diario
1863 892 1978 945 Ita-

333 986 459 1051 libo,
483 1001 540 1055 p.
569 983 654 1052 14,
675 981 936 1037 codicem
969 979 1180 1036 Leonis
1195 979 1480 1050 Sapientis
1510 994 1818 1034 recensens
1846 978 1982 1031 κατὰ

329 1070 577 1140 Ἰταλῶν,
606 1071 778 1126 vertit
815 1078 1008 1125 contra
1043 1070 1225 1136 Italos,
1275 1067 1333 1122 id
1381 1074 1470 1123 est
1517 1076 1707 1123 contra
1733 1069 1980 1135 Latinos,

337 1167 402 1216 ut
458 1159 747 1216 Antonius
806 1159 988 1214 Maria
1042 1156 1308 1212 Salvinus
1352 1156 1652 1211 adnotavit
1704 1157 1776 1211 ad
1823 1172 1984 1211 oram

336 1251 609 1320 ejusdem
639 1249 841 1316 Diarii,
874 1263 991 1319 quo
1025 1247 1313 1301 utebatur.
1346 1245 1489 1300 Vide
1541 1244 1847 1316 Symbolas
1896 1244 1987 1298 lil-

336 1340 587 1395 tererias
619 1336 922 1392 Florentia
949 1335 1137 1390 editas
1163 1334 1275 1390 vol.
1319 1334 1414 1401 VI,
1463 1350 1663 1405 opusc.
1688 1351 1762 1401 v1,
1797 1351 1852 1404 p.
1899 1334 1987 1388 44.

339 1427 536 1500 Cyprii
568 1426 807 1484 initium
835 1425 1001 1496 regni
1028 1427 1262 1479 enarrat
1292 1421 1640 1478 Guillelmus
1669 1423 1742 1478 de
1773 1423 1992 1494 Naugis

337 1518 398 1572 in
415 1516 708 1573 Chronico
729 1514 886 1586 apud
909 1511 1255 1568 Dacberium
1274 1510 1335 1567 in
1355 1510 1688 1584 Spicilegio,
1710 1515 1870 1568 tome
1893 1511 1991 1583 III,

335 1608 400 1662 in
435 1604 537 1661 fol.
569 1604 644 1659 ad
676 1618 904 1659 annum
935 1602 1099 1670 1191,
1129 1599 1222 1656 his
1249 1600 1477 1656 verbis:
1537 1601 1840 1656 Richardus
1867 1617 1995 1657 vero

341 1711 448 1751 rei:
474 1692 700 1764 Anglia;
728 1708 857 1748 cum
883 1690 1101 1747 ratibus
1127 1692 1180 1745 et
1206 1690 1378 1760 galeis
1402 1697 1524 1761 post
1550 1705 1733 1759 regem
1750 1691 1996 1746 Francia:

343 1785 411 1841 de
437 1783 639 1840 Sicilia
668 1795 904 1851 movens,
938 1781 1091 1836 venit
1118 1780 1180 1834 in
1211 1779 1489 1850 Cyprum:
1511 1780 1696 1850 ibique
1715 1780 2000 1836 inveniens

344 1871 644 1944 quemdam
696 1869 1309 1941 pseudo-imperatorem
1369 1868 1572 1924 insula
1604 1867 1996 1935 dominantem,

2087 894 2250 946 textu
2298 891 2548 964 legitur:
2609 891 2685 952 εἰς
2741 891 2838 959 τὴν
2896 889 3339 949 Καλλινικισὲων.
3426 898 3548 950 Vox
3623 895 3735 951 ista

2090 979 2286 1036 Graeca
2317 997 2430 1035 non
2464 981 2792 1036 occurritin
2823 980 3025 1037 lexicis
3046 983 3396 1054 geograpbis
3419 1000 3546 1054 quas
3570 983 3738 1040 licuit

2091 1068 2367 1124 evolvere.
2402 1069 2653 1141 Intelligi
2685 1069 2975 1125 Nicosiam
3008 1075 3169 1142 puto,
3202 1088 3328 1142 quae
3378 1076 3435 1127 et
3479 1075 3737 1129 Leucosia

2096 1164 2471 1230 nuncupata:
2499 1159 2728 1214 civilem
2751 1158 2954 1214 insulae
2979 1161 3344 1232 metropolim
3371 1162 3481 1216 sub
3505 1163 3742 1235 regibus

2098 1247 2459 1302 Lusinianis:
2487 1247 3740 1322 itemqueecclesiasticam,arcbiepiscopatu

2099 1352 2168 1391 ex
2197 1335 2494 1390 Salamina
2518 1335 2956 1408 Famagustam,
2989 1341 3046 1390 et
3076 1353 3145 1391 ex
3174 1336 3324 1392 hanc
3349 1338 3631 1395 translato
3651 1340 3746 1395 Ni-

2101 1424 2340 1480 cosiam.
2401 1424 2760 1496 Lequienum
2820 1424 3059 1480 consule
3145 1425 3204 1480 in
3281 1425 3499 1483 Oriente
3569 1445 3742 1497 sacro,

2099 1517 2260 1568 tomo
2283 1514 2382 1584 ΙΙΙ,
2405 1529 2539 1585 pag.
2574 1514 2729 1567 1202.
2755 1513 2914 1568 Hanc
2934 1513 3162 1585 primus
3195 1514 3748 1589 archiepiscopalem

2101 1602 2296 1658 tenuit
2327 1603 2527 1657 sedem
2559 1602 2909 1657 Durandus:
2941 1607 3066 1657 tum
3101 1619 3254 1658 anno
3289 1605 3447 1673 1211,
3477 1605 3566 1661 vel
3623 1607 3751 1680 ipse

2107 1690 2420 1746 Durandus
2451 1691 2664 1745 iterum
2695 1689 2953 1762 legitime
2982 1689 3225 1759 electus,
3275 1692 3363 1748 vel
3410 1697 3752 1767 Anonymus

2109 1779 2346 1851 quidam
2374 1795 2386 1832 :
2421 1795 2574 1834 anno
2605 1778 2763 1847 1213,
2797 1779 3141 1852 Eustorgius
3167 1782 3529 1853 ;annoj1240,
3549 1784 3704 1840 Elias
3733 1803 3746 1854 ;

2109 1873 2168 1925 et
2197 1884 2349 1924 anno
2379 1868 2517 1923 1250
2559 1866 2646 1922 vel
2705 1868 3056 1938 insequenti,
3101 1869 3288 1942 Hugo.
3340 1871 3586 1927 Sedente
3638 1873 3752 1928 Hu-

343 1964 536 2033 ipsum
561 1961 713 2032 cepit
737 1976 751 2013 :
787 1959 1068 2030 Cyproque
1093 1958 1172 2012 sic
1201 1956 1508 2060 subiugata,
1541 1964 1699 2060 gente
1735 1973 1839 2012 sua
1879 1973 2003 2012 eam
2033 1994 2082 2060 Β
2111 1973 2277 2030 gone,
2309 1960 2596 2012 statutum
2627 1958 2700 2012 ab
2730 1955 3055 2013 Alexandro
3079 1957 3172 2030 IV,
3197 1975 3432 2015 summo
3453 1963 3752 2033 pontiﬁce,

350 2051 615 2106 munirat.
647 2047 718 2103 Et
745 2048 818 2103 ad
849 2061 1072 2101 annum
1105 2044 1283 2099 1192:
1317 2043 1626 2099 Richardus
1654 2059 1755 2100 rex
1790 2044 2006 2115 Anglia.v

352 2137 604 2194 vendidit
635 2136 880 2193 insulam
907 2135 1084 2207 Cypri
1126 2132 1366 2189 Guidoni
1412 2133 1800 2204 (Lusiniano),
1841 2148 2008 2204 quon-

352 2229 486 2284 dam
509 2227 826 2283 Jerusalem
852 2227 1009 2295 regi:
1039 2225 1137 2294 qui
1165 2238 1264 2278 rex
1289 2221 1404 2294 fuit
1429 2221 1635 2278 ibidem
1661 2223 2004 2278 constitutus.

355 2316 592 2373 Pseudo
621 2313 790 2370 illum
821 2313 1256 2386 imperatorem,
1287 2311 1388 2382 qui
1417 2310 1603 2383 Cypro
1660 2311 2008 2367 dominaba-

353 2411 474 2476 tur,
514 2405 799 2461 Isaacium
852 2401 1187 2458 Comnsnum
1241 2404 1404 2456 vocat
1449 2400 1682 2456 Nicetes
1727 2400 2010 2456 Cboniata

355 2494 508 2550 libro
532 2509 570 2549 ιι
591 2492 918 2562 Annalium,
948 2489 1009 2545 in
1031 2490 1166 2546 fine.
1189 2488 1330 2553 Quis
1349 2487 1447 2544 ille
1467 2488 1662 2560 fuerit,
1695 2493 1754 2545 et
1775 2491 2010 2560 quando

355 2582 621 2638 insulam
652 2579 890 2652 ceperit,
923 2583 1122 2635 narrat
1177 2578 1334 2634 idem
1383 2576 1711 2646 Annalists,
1757 2578 1907 2635 libro
1939 2595 1958 2634 ι
1988 2595 2008 2632 :

359 2672 492 2726 Erat
551 2672 641 2727 vir
686 2671 916 2742 quidam
961 2668 1354 2733 nobilissimus,
1422 2666 1714 2738 inquiens,
1791 2670 2014 2726 nomine

360 2759 857 2826 Isaacius,1saacii
878 2757 1347 2824 sebastocratoris,
1379 2773 1541 2828 quem
1583 2758 1815 2828 fratrem
1840 2760 2014 2828 fuisse

364 2851 644 2908 lanulis
667 2848 935 2915 dicimus,
965 2863 1035 2903 ea:
1065 2845 1186 2916 ﬁlia
1211 2861 1395 2917 nepos.
1449 2847 1499 2901 Is
1545 2846 1824 2903 Armeniae
1876 2850 2012 2903 vici-

369 2942 567 3010 nisque
614 2938 748 2993 locis
799 2937 1052 2992 Romans
1106 2935 1355 3006 ditionis,
1403 2942 1458 2990 et
1503 2936 1669 2992 Tarso
1727 2953 1763 2991 a
1807 2939 2015 3009 majore

367 3035 568 3099 patruo
598 3026 854 3082 Manuele
879 3025 1229 3097 prepositus,
1287 3023 1576 3079 commisso
1622 3039 1746 3080 cum
1773 3024 2015 3081 hostibus

369 3117 657 3172 Armeniis
681 3115 882 3187 praelia
906 3119 1118 3185 captus,
1149 3112 1395 3168 Manuete
1441 3111 1855 3186 (imperatore),
1893 3115 2016 3185 jam

369 3205 632 3279 defuncto
659 3204 835 3276 (anno
869 3203 1051 3273 1180},
1090 3203 1148 3257 in
1200 3200 1500 3257 custodiam
1556 3201 1740 3257 datur.
1789 3208 1861 3259 In
1906 3221 2015 3275 qua

367 3312 490 3350 eum
549 3295 710 3364 longo
760 3301 1001 3363 tempore
1054 3291 1321 3360 fuisset...
1404 3290 1623 3346 tandem
1693 3292 2014 3365 redemptus

2114 2062 2266 2102 anno
2300 2046 2456 2113 1260,
2489 2044 2672 2100 latum
2704 2049 2814 2110 est,
2839 2061 2953 2116 quo
2984 2046 3387 2104 indicebatur:
3439 2059 3572 2122 post
3619 2051 3754 2108 Ger-

2115 2133 2274 2190 mani
2302 2134 2482 2190 Graaci
2511 2132 2932 2205 archiepiscopi
2963 2134 3212 2202 obitum,
3243 2136 3364 2192 sive
3408 2139 3754 2214 cessionem,

2118 2223 2346 2278 nullum
2376 2223 2650 2293 deinceps
2681 2222 3114 2294 metropolitam
3147 2224 3411 2281 Graecum
3442 2227 3500 2282 in
3531 2229 3658 2300 ejus
3677 2230 3753 2286 lo-

2118 2329 2251 2368 cum
2293 2311 2684 2367 ordinandum
2741 2327 2914 2366 esse:
2977 2316 3032 2367 et
3088 2318 3338 2383 quatuor
3385 2315 3754 2376 solummodo

2117 2403 2523 2474 episcoporum
2553 2399 2731 2456 Graeci
2760 2398 2908 2454 ritus
2940 2400 3058 2455 fore
3106 2402 3295 2469 sedes,
3336 2403 3660 2463 Soliensem
3690 2409 3751 2464 in

2118 2491 2351 2547 dioecesi
2380 2487 2721 2555 Nicosiensi,
2749 2488 3161 2545 Arsinoensem
3190 2491 3249 2546 in
3281 2493 3590 2564 Papbensi.
3622 2498 3754 2553 Car-

2119 2579 2447 2654 pasiensem
2497 2578 2555 2632 in
2610 2581 3062 2649 Famagustana,
3119 2583 3178 2635 et
3224 2581 3646 2642 Leucarensem
3693 2588 3752 2643 in

2119 2667 2502 2726 Nemosiensi.
2535 2666 2657 2730 Quo
2679 2666 2973 2722 Nicosiam
3002 2668 3229 2739 appulit
3274 2673 3555 2744 Georgius
3603 2681 3755 2733 tem-

2121 2775 2278 2831 pore,
2312 2754 2677 2827 metropolim
2711 2753 3165 2812 ecclesiasticam
3187 2760 3423 2816 tenebat
3449 2760 3622 2831 Elias,
3655 2771 3758 2823 aut

2122 2849 2305 2919 Hugo.
2340 2845 2622 2901 Henricus
2652 2843 2928 2916 Hilarius,
2962 2845 3021 2899 in
3052 2845 3208 2902 notis
3254 2852 3312 2902 et
3356 2849 3756 2911 additionibus

2123 2939 2194 2993 ad
2226 2933 2477 3005 Philippi
2507 2933 2698 3004 Cyprii
2729 2933 3054 2989 Cbronicon
3084 2935 3349 2991 Ecclesiae
3381 2939 3606 3010 Graium,
3655 2946 3755 3000 ad-

2123 3031 2302 3083 notat.
2336 3022 2650 3094 Georgium
2681 3037 2710 3077 e
2739 3022 2913 3093 Cypro
2958 3023 3257 3079 studiorum
3307 3031 3500 3096 gratia
3545 3032 3607 3086 in
3651 3035 3756 3090 Ita—

2123 3118 2259 3172 liam
2287 3114 2590 3183 navigasse,
2612 3115 2666 3167 et
2685 3114 2747 3166 in
2778 3112 3045 3168 Graeciam
3060 3121 3243 3184 postea
3270 3115 3518 3173 rediisse.
3548 3121 3754 3179 Errore

2122 3205 2250 3262 sine
2268 3202 2446 3258 dubio
2468 3205 2676 3272 captus
2696 3205 2805 3268 est,
2820 3200 3233 3258 verbaillanon
3257 3203 3609 3278 intelligens,
3630 3226 3756 3282 qua

2124 3312 2158 3350 a
2176 3294 2400 3350 Joanne
2420 3291 2595 3346 Becce
2616 3289 2773 3344 dicta
2799 3288 3046 3362 legebat,
3069 3291 3344 3363 Cyprium
3382 3295 3603 3352 scilicet
3630 3300 3759 3374 παρ’

369 3359 712 3438 commoditas
759 3382 823 3435 in
857 3359 1103 3451 patriam
1155 3378 1394 3434 reditum
1442 3380 1636 3435 habuit
1706 3359 2013 3439 Andronico
2043 3359 2086 3426 (ἶ
2125 3380 2375 3446 Ἰταλοῖς,
2408 3380 2553 3450 apud
2575 3378 2762 3448 Italos,
2794 3359 2977 3435 in_est
3025 3359 3262 3451 Latinos,
3291 3383 3565 3442 adultum.
3614 3359 3759 3446 Vide

369 3471 763 3540 redemptionis
786 3468 1033 3539 adjutore
1079 3466 1203 3538 (qui
1259 3471 1610 3539 usurpatum
1655 3469 1854 3526 Alexio
1900 3471 2015 3527 im-

373 3559 602 3632 perium
648 3558 810 3615 solus
857 3573 1011 3615 anno
1068 3555 1208 3611 1183
1254 3556 1663 3613 abministrare
1718 3560 1910 3632 coepit,
1961 3566 2018 3617 et

372 3665 527 3704 anno
555 3648 701 3704 1185
729 3645 958 3703 occisus
987 3645 1174 3716 obiit).
1223 3645 1483 3714 Isaacius,
1532 3663 1662 3703 cum
1710 3648 2016 3706 Andronico

371 3738 584 3804 cedere,
633 3753 699 3792 ac
752 3737 814 3791 in
856 3736 1098 3807 patriam
1153 3734 1334 3790 redire
1385 3735 1622 3792 nollet...
1681 3738 1772 3793 sed
1840 3741 2013 3812 impe-

371 3843 522 3895 rare,
580 3842 750 3898 quam
803 3825 1035 3896 imperio
1091 3838 1276 3878 carere
1327 3824 1581 3880 mallet...
1653 3825 1826 3898 Cypro
1892 3845 2018 3884 cum

374 3933 581 3984 magna
636 3931 810 3971 mamt
862 3916 1146 3984 occupata,
1202 3913 1475 3984 principio
1521 3930 1578 3969 se
1618 3931 1721 3986 pro
1771 3917 2017 3986 legitimo

369 4014 608 4077 prater-0
632 4008 734 4076 qui
759 4004 828 4058 ab
859 4005 1191 4067 imperatore
1218 4003 1414 4057 missus
1443 4005 1599 4070 esset,
1629 4007 1774 4072 gerit
1816 4007 2017 4063 litteris

372 4096 606 4151 ostensis
692 4093 1090 4163 imperatoriis,
1172 4107 1305 4162 quas
1382 4092 1496 4162 ipse
1575 4105 2016 4165 composuerat...

373 4199 570 4238 verum
587 4197 703 4237 non
751 4181 926 4236 multo
974 4187 1097 4248 post
1139 4195 1195 4235 se
1241 4183 1542 4251 tyrannum
1591 4185 1868 4253 professus
1917 4191 2015 4242 est.

373 4271 538 4328 Hanc
566 4271 767 4342 itaque
791 4267 1068 4334 insulam,
1091 4283 1265 4338 quam
1285 4268 1657 4326 Andronicus
1681 4271 2017 4346 imperator,

371 4377 440 4417 ac
466 4375 783 4417 successor
809 4358 941 4429 ejus
959 4356 1218 4413 Isaacius
1231 4356 1510 4429 Angelus,
1535 4358 1758 4432 eripere
1771 4366 2019 4434 tyranno

371 4465 490 4505 non
547 4453 814 4520 potuere,
863 4445 1200 4518 subiugavit
1253 4445 1579 4502 Ricbardus
1651 4465 1750 4504 rex
1796 4451 2020 4523 Anglia,

375 4553 530 4592 anno
565 4536 724 4605 1191,
756 4534 990 4605 sibique
1016 4534 1313 4589 venditem
1354 4538 1592 4591 tenuere
1641 4554 1806 4610 reges
1855 4540 2021 4596 Lusi-

372 4626 562 4682 niani.
594 4623 824 4692 Varias,
856 4639 984 4695 quae
1015 4621 1368 4690 acciderunt,
1401 4622 1605 4679 insulae
1652 4626 1836 4698 Cypro
1868 4629 2021 4685 cala-

2123 3471 2299 3527 etiam
2329 3469 2482 3523 infra
2510 3470 2707 3522 notam
2739 3467 2827 3523 16.

2193 3560 2270 3632 (8)
2297 3557 2706 3628 Sexagesimum
2732 3555 2802 3610 ad
2829 3572 2916 3612 eos
2943 3573 3111 3629 usque
3141 3561 3367 3630 ﬂuxisse
3407 3580 3639 3634 annum,
3691 3583 3761 3623 ea:

2123 3664 2226 3721 quo
2275 3648 2334 3702 in
2361 3647 2590 3701 alterius
2640 3645 2853 3715 linguae
2905 3645 3152 3704 homines
3205 3652 3405 3707 insula:
3454 3652 3762 3713 dominatio

2124 3738 2439 3793 transierat.
2472 3734 2865 3813 Eam_scilicet
2894 3752 3046 3791 anno
3078 3738 3209 3793 1191
3244 3740 3373 3811 subj
3385 3743 3581 3813 ugavit
3627 3744 3758 3800 Ric-

2125 3826 2337 3883 cardus
2366 3840 2466 3879 rex
2495 3822 2747 3895 Angliae:
2782 3824 2980 3895 ibique
3003 3843 3248 3898 regnum
3278 3829 3536 3887 instituit
3566 3831 3754 3890 Guido

2127 3915 2482 3972 Lusimanus
2505 3929 2656 3967 anno
2679 3913 3028 3984 insequenti.
3054 3916 3199 3973 Hinc
3217 3921 3636 3992 sexagesimus,
3661 3922 3765 3995 qui

2126 4004 2236 4059 hoc
2264 4003 2388 4058 loco
2417 4002 2489 4056 ab
2511 3999 2706 4056 insula
2736 4001 3048 4075 subjugata
3077 4022 3111 4060 a
3140 4005 3364 4062 Latinis
3423 4018 3767 4084 numgatur

2128 4109 2320 4148 annus
2375 4107 2506 4146 cum
2558 4107 2710 4145 anno
2765 4092 3023 4163 vulgaris
3079 4111 3202 4150 serae
3259 4098 3398 4153 1250
3451 4101 3766 4156 concurrit.

2127 4180 2371 4254 Cyprius
2403 4195 2606 4234 novem
2637 4183 2778 4234 tunc
2805 4181 2995 4236 aetatis
3019 4199 3204 4240 annos
3227 4191 3402 4242 natus
3425 4193 3586 4245 erat:
3616 4189 3770 4245 unde

2127 4286 2268 4327 suos
2299 4285 2452 4325 anno
2483 4267 2714 4323 circiter
2745 4269 2876 4324 1241
2914 4273 3136 4328 natales
3169 4273 3392 4330 habuit.

2200 4359 2302 4414 16
2333 4358 2410 4430 (9)
2441 4355 2707 4428 Secunda,
2740 4361 2798 4412 ut
2817 4359 2999 4428 aiunt,
3017 4363 3377 4432 navigatione
3396 4365 3769 4424 Romanorum

2127 4446 2344 4504 scholas
2395 4445 2530 4514 adit,
2588 4446 2686 4501 ubi
2740 4452 3116 4520 grammatica
3165 4453 3506 4523 tradebatur,
3579 4459 3770 4528 patria

2129 4538 2454 4591 Latinorum
2513 4533 2725 4607 lingua.
2785 4532 3148 4613 Παιδευτήρια
3201 4540 3507 4615 Ῥωμαίων,
3573 4547 3770 4603 schola:

2131 4627 2496 4691 Romzorum,
2535 4640 2632 4679 seu
2670 4626 3059 4682 Roma-norum.
3095 4629 3322 4687 Graecos
3354 4633 3536 4704 ipsos,
3571 4635 3771 4706 praeci-

375 4716 614 4771 mitstes
646 4717 850 4768 narrat
877 4710 1214 4783 Neophytus
1245 4712 1548 4785 presbyter
1595 4716 1920 4773 monachus
1969 4723 2025 4774 et
2053 4731 2099 4795 D
2132 4728 2244 4786 pue
2273 4712 2975 4784 Constantinopolitanos,
3008 4733 3043 4770 a
3073 4734 3220 4774 nova
3245 4719 3430 4776 Roma
3450 4721 3778 4779 Constanti-

377 4803 646 4860 inclusus
675 4801 835 4874 apud
865 4799 1212 4856 Cotelerium
1255 4800 1317 4855 in
1372 4802 1730 4860 Monumentis
1776 4806 2025 4862 Ecclesia
2133 4801 2328 4874 nopoli
2360 4801 2727 4872 frequentius
2761 4802 2947 4858 dictos
2993 4805 3236 4863 Romaeos
3265 4813 3323 4864 et
3351 4811 3637 4877 Romanos,
3672 4828 3775 4866 no-

381 4894 606 4956 er,
641 4897 804 4947 tomo
837 4889 906 4958 ῐΙ,
941 4889 1037 4946 15
1072 4905 1204 4961 pag.
1238 4889 1359 4944 457.
1412 4889 1664 4947 Guidoni
1715 4893 2024 4952 Lusiniano
2133 4897 2262 4948 tum
2283 4894 2391 4946 est.
2415 4891 2500 4946 An
2522 4906 2657 4961 ergo
2675 4889 2921 4962 Cyprius
2943 4891 3000 4948 in
3025 4893 3359 4953 Graecorum
3399 4899 3772 4972 disciplinam

379 4982 574 5054 primo
600 4979 773 5053 Cypri
803 4977 926 5051 regi
957 4993 1110 5033 anno
1160 4978 1296 5032 1194
1345 4981 1629 5036 successit
1672 4980 2019 5041 Almericus.

379 5069 548 5127 Hunc
575 5083 853 5140 excepere
893 5083 1048 5122 anno
1107 5066 1266 5134 1%,
1321 5067 1482 5140 Hugo
1540 5070 1601 5137 I;
1651 5086 1804 5127 anno
1863 5073 2021 5144 1218,

371 5159 668 5215 Henricus
727 5157 791 5226 I;
838 5172 994 5212 anno
1052 5155 1210 5224 1253,
1261 5154 1425 5228 Hugo
1482 5157 1579 5225 II;
1633 5175 1785 5215 anno
1862 5162 2020 5217 1267.

375 5248 546 5320 [Iugo
578 5247 655 5303 ΙΙΙ
680 5271 698 5314 ;
730 5261 880 5318 quos
910 5244 1020 5300 hoc
1048 5243 1173 5300 loco
1203 5244 1348 5300 satis
1377 5249 1467 5300 est
1493 5261 1890 5305 enumerasse.

444 5337 526 5409 (6’)
555 5337 760 5392 Nouem
781 5336 1006 5391 anetina
1032 5341 1342 5389 excesserat
1358 5349 1554 5389 annos.
1581 5335 1699 5392 Sua
1722 5337 1782 5391 in
1834 5339 2024 5409 patria

367 5424 775 5500 grammatice
803 5423 1157 5480 rudimentis
1187 5422 1248 5477 in
1279 5421 1640 5492 Latinorum,
1663 5428 1730 5480 ut
1767 5426 2017 5498 videtur,

365 5514 594 5574 scholis
622 5528 866 5586 operam
889 5511 1051 5568 dedit
1077 5510 1382 5583 Georgius,
1414 5514 1480 5566 ut
1506 5509 1658 5568 infra
1682 5513 2016 5573 dicendum.

364 5604 586 5663 Novem
617 5601 810 5660 etatis
838 5617 1026 5658 annos
1051 5615 1187 5656 cum
1210 5598 1511 5671 explesset,
1534 5599 1647 5657 alio
1667 5602 1886 5661 missus
1909 5610 2016 5675 est,

363 5694 560 5752 nobile
591 5697 649 5750 et
677 5709 818 5750 acre
849 5690 1180 5763 ingenium,
1211 5689 1382 5759 cujus
1412 5689 1735 5761 specimina
1755 5692 2015 5766 dederat,

361 5783 732 5844 multum.
758 5781 822 5839 Id
843 5777 1128 5838 accidisse
1147 5792 1306 5836 anno
1333 5776 1564 5835 circiter
1576 5779 1735 5850 1250,
1759 5782 2020 5857 adeoque

2133 4996 2196 5037 se
2225 4979 2468 5036 Nicosiaa
2499 4979 2853 5035 tradiderit?
2885 4981 3232 5055 Repugnent
3261 4993 3478 5059 aperte,
3513 5006 3639 5062 qua:
3680 5006 3773 5046 se-

2131 5073 2414 5141 quuntur.
2429 5067 2651 5124 Scholae
2663 5068 3023 5136 dicuntur,in
3042 5073 3257 5144 quibus
3266 5080 3626 5148 grammatica
3636 5077 3772 5133 κατὰ

2129 5157 2227 5226 τήν
2257 5157 2482 5231 πάτριον
2515 5154 2756 5209 Λατίνων
2785 5159 2992 5233 φωνὴν,
3024 5164 3322 5221 secundum
3375 5169 3616 5238 patriam
3662 5173 3774 5225 La-

2129 5250 2374 5304 tinorum
2400 5247 2671 5317 linguam,
2723 5247 3056 5307 docebatur.
3099 5253 3426 5323 Mediocris,
3459 5263 3562 5314 aut
3591 5259 3773 5316 ferme

2130 5335 2352 5392 nullius
2374 5335 2435 5390 in
2462 5335 2554 5390 his
2575 5337 2898 5407 gymnasiis
2916 5341 3210 5410 profectus
3238 5360 3404 5401 causa
3421 5346 3650 5404 additur
3666 5351 3774 5404 τῶν

2130 5420 2468 5478 διδασκάλων
2528 5423 2680 5497 φωνὴ
2729 5421 3056 5501 ἀλλόθρους,
3110 5431 3201 5484 καὶ
3247 5432 3428 5502 νόθος,
3476 5437 3774 5508 magistro-

2127 5531 2253 5571 rum
2288 5528 2395 5570 vos:
2449 5514 2682 5584 insueta,
2739 5521 2794 5570 et
2843 5521 3152 5590 peregrina,
3205 5538 3305 5578 seu
3359 5527 3571 5596 spuria.
3623 5526 3769 5584 Hinc

2128 5601 2466 5661 addiscendi
2489 5603 2746 5659 maxima
2769 5607 3076 5678 exponitur
3095 5610 3432 5685 difﬁcultas,
3455 5631 3588 5670 cum
3620 5633 3768 5689 opus

2127 5697 2302 5762 esset,
2330 5691 2592 5747 vocabula
2621 5693 2878 5764 primum
2909 5698 3236 5767 intelligere.
3269 5707 3397 5758 tum
3450 5721 3577 5776 quae
3626 5707 3766 5761 sub-

2119 5785 2285 5857 jects:
2313 5780 2612 5838 vocabulis
2642 5797 2736 5840 res
2763 5791 2980 5846 essent.
3011 5787 3222 5850 Nullus
3249 5791 3477 5864 dubito,
3538 5793 3768 5854 Lati-au.
