4094 6452
375 457 451 516 35
1397 436 1711 499 GEORGII
1755 436 2015 497 CYPRII
2059 437 2175 496 GP.
2220 437 2744 498 PATRIARCHJE
3681 446 3760 505 36

376 603 507 643 rum
567 582 797 640 scholas
845 579 1232 649 frequentare,
1277 588 1410 626 cum
1457 574 1783 624 Griecorum
1836 566 2008 621 nullae
2039 570 2094 635 Α
2125 569 2238 624 mis
2271 569 2409 624 viris
2441 585 2508 624 ao
2539 569 2836 642 magistris
2865 571 3165 628 abundare
3188 574 3392 630 urbem
3425 575 3610 633 illam.
3642 580 3758 634 An-

376 678 585 740 forent,
635 675 898 728 coactum
957 664 1138 721 fuisse
1185 659 1496 732 Georgium
1544 658 1836 730 Cyprium.
1887 658 2009 720 Quo

377 765 579 836 utique
619 777 796 818 sensu
827 758 1081 814 Joannes
1113 753 1329 807 Beccus
1360 748 1484 803 loco
1534 746 1809 817 superius
1838 745 2011 799 citato

377 833 568 910 nota/1
602 850 825 906 aiebat:
882 845 1078 916 ipsum
1126 839 1249 910 παρ’
1297 833 1551 905 Ἰταλοῖς,
1600 835 1745 906 apud
1786 837 2013 890 Latinos

375 951 570 998 natum
597 956 732 1007 esse,
777 945 829 992 et
849 934 1114 990 adultum.
1146 927 1383 985 Carolus
1413 926 1499 981 Du
1530 927 1720 995 Gange
1753 925 1810 978 in
1842 923 2012 979 Glos—

378 1032 532 1088 sario
563 1030 633 1084 ad
666 1023 968 1097 scriptoris
1000 1019 1200 1075 medias
1233 1022 1289 1073 et
1317 1016 1531 1070 inﬁmis
1561 1012 1899 1078 Graecitatis,
1951 1012 2011 1066 in

375 1137 510 1176 voce
534 1119 801 1188 Ῥωμαῖος
835 1114 1110 1168 adnotat:
1173 1107 1428 1161 Latinum
1474 1121 1541 1159 ea
1588 1101 1905 1173 signiﬁcari
1951 1099 2010 1154 in

377 1211 574 1268 Glossis
603 1202 1063 1263 Graeco-Latinis:
1098 1203 1154 1254 et
1190 1197 1444 1250 Latinam
1475 1194 1722 1262 linguam
1765 1189 1875 1244 dici
1911 1189 2011 1244 Ro-

376 1315 599 1355 manam
629 1296 688 1351 in
718 1291 954 1349 Novella
983 1287 1104 1343 XXI
1135 1283 1476 1350 Justiniani,
1509 1281 1697 1352 capite
1719 1281 1772 1347 1,
1803 1281 1830 1346 §
1859 1280 1913 1345 2,
1947 1293 2013 1332 ac

378 1387 566 1460 ipsius
595 1385 834 1439 demum
863 1377 1163 1436 Iustiniani
1204 1377 1370 1430 aetate
1414 1370 1657 1426 nondum
1692 1367 2010 1432 invaluisse,

377 1456 440 1532 ut
465 1475 661 1542 Grazci,
714 1469 968 1525 maxime
1014 1463 1332 1537 Byzantini,
1383 1463 1596 1528 recepta
1644 1456 2016 1528 appellatione

379 1565 608 1622 Romani
663 1559 1089 1633 appellarentur.
1125 1555 1186 1609 In
1227 1550 1482 1606 hominis
1529 1546 1721 1619 Cyprii
1750 1546 1870 1599 vita
1899 1545 2012 1633 Bo-

378 1654 538 1710 mani
570 1632 932 1707 dicirmerito
991 1645 1299 1716 potuerant
1344 1637 1554 1703 Latini,
1607 1635 1706 1707 qui
1755 1632 2011 1688 insulam

379 1741 732 1799 incolebant.
769 1737 885 1791 Hoc
935 1731 1267 1804 signiﬁcatu
1307 1743 1504 1782 vocem
1535 1723 1718 1789 illam,
1769 1723 1840 1778 de
1887 1721 2011 1791 ipso

375 1832 581 1905 Cyprio
609 1842 786 1900 agens
816 1826 1061 1894 usurpat
1089 1820 1394 1890 Gregoras,
1427 1814 1591 1905 libro
1618 1829 1688 1877 vx,
1740 1811 1927 1882 capite
1959 1812 2009 1875 1,

381 1901 543 1976 num.
574 1919 607 1970 7
631 1934 644 1971 :
681 1911 1105 1976 Contendebant,
1141 1905 1431 1978 inquiens,
1453 1901 1592 1973 quod
1610 1901 1814 1969 viginti
1832 1915 2012 1955 annos

375 2020 557 2076 natus,
610 2003 878 2078 Κυπροθεν
935 2004 1053 2059 τοῖς
1099 1991 1383 2067 Ῥωμαίων
1435 1987 1777 2061 ἐπιδημήσας
1835 1983 2012 2055 ἤθεσι,

375 2100 465 2154 καὶ
521 2077 818 2152 Λατινιῆὦν
873 2091 1021 2160 ἠθῶν
1082 2084 1219 2139 ἔστιν
1275 2081 1308 2135 ἃ
1365 2079 1712 2155 ἐπαγόμενος,
1773 2077 2012 2148 ECypro

376 2190 738 2246 adRomanos
768 2197 942 2238 mores
969 2195 1026 2233 se
1083 2174 1420 2238 contulisset,
1478 2174 1526 2223 et
1573 2168 1640 2222 (ut
1688 2169 2014 2223 Latinorum

376 2280 636 2335 instituta
664 2272 946 2328 adductus.

446 2366 558 2439 (10)
591 2362 797 2421 Umbra
822 2355 1195 2431 grammatica
1232 2349 1534 2417 videbatur,
1580 2362 1690 2400 non
1735 2347 1852 2416 ipsa
1898 2351 2015 2397 arte

372 2457 568 2529 potiri.
624 2453 796 2507 Causa
851 2452 1041 2503 erat...
1098 2450 1150 2498 et
1202 2449 1390 2496 extera
1433 2439 1828 2505 magistrorum
1884 2449 2011 2497 vox,

371 2524 421 2602 et
449 2544 655 2616 spuria.
687 2540 948 2596 Graecum
981 2532 1275 2588 hominem
1305 2527 1428 2582 haec
1459 2525 1603 2581 satis
1634 2524 1912 2588 indicant,
1958 2525 2016 2577 et

373 2614 567 2690 Graece
595 2631 976 2702 loquentem:
1047 2620 1149 2693 qui
1209 2617 1548 2674 Latinorum
1599 2614 2012 2685 magistrorum

377 2723 627 2796 patriam
653 2699 916 2789 linguam
948 2727 1162 2783 magna
1191 2723 1324 2762 cum
1355 2703 1697 2760 difﬁcultate
1726 2699 2012 2796 intellige:

378 2787 483 2879 ret,
506 2823 688 2880 eoque
709 2787 920 2876 linguae
941 2795 1409 2874 generetraditas
1421 2791 1764 2863 disciplinas
1777 2787 2014 2859 assequi

377 2917 493 2955 non
524 2900 738 2970 posset.

449 2986 561 3058 (11)
590 2984 669 3041 Ad
697 2982 912 3038 Patrios
937 2979 1101 3042 laves,
1153 2971 1468 3045 quindecim
1495 2973 1658 3023 natus
1707 2984 1879 3024 annos
1927 2986 2013 3023 re-

377 3092 564 3132 versus
593 3081 691 3130 est.
731 3077 790 3126 ln
819 3067 1157 3125 Latinorum
1189 3060 1405 3117 scholis
1454 3059 1849 3112 Aristotelicum
1879 3058 2017 3130 [ορί-

374 3183 494 3222 cam
523 3161 682 3219 nullo
707 3161 823 3215 fere
852 3156 1110 3230 profectu
1153 3150 1494 3206 audiverat:
1545 3151 1744 3217 utpote
1795 3146 1896 3216 qui
1948 3163 2016 3201 ex

373 3254 492 3308 illis
524 3254 702 3317 esset,
725 3248 826 3320 qui
859 3243 1033 3300 verba
1065 3257 1178 3295 non
1211 3236 1562 3307 intelligunt,
1623 3233 1838 3320 quibus
1887 3250 2009 3288 ma-

2123 663 2293 729 gusta
2324 674 2384 713 re
2414 657 2709 724 familiari,
2733 658 3031 732 nimioque
3061 667 3369 732 parentum
3402 681 3619 733 amore,
3648 665 3762 722 iter

2121 746 2356 817 aggredi
2391 747 2728 818 prohibitus
2759 753 2867 804 est.

2192 835 2303 906 (15)
2353 836 2600 891 Duorum
2653 854 2931 892 annorum
2978 847 3255 911 tempus...
3301 842 3514 898 Natum
3562 845 3763 913 viginti

2119 940 2292 979 annos
2334 924 2672 980 discessisse
2704 926 3013 999 Georgium
3036 945 3063 984 e
3095 929 3294 1001 Cypro,
3328 937 3526 986 narrat
3545 932 3760 1005 Grego-

2121 1029 2234 1082 ras,
2271 1012 2369 1067 lib.
2395 1030 2470 1080 vr,
2501 1013 2685 1086 capite
2717 1016 2766 1081 1,
2817 1033 2980 1070 num.
3027 1019 3082 1071 7.
3141 1018 3308 1074 Hunc
3354 1020 3482 1090 ejus
3513 1037 3542 1076 e
3573 1022 3762 1093 patria

2121 1103 2444 1158 discessum
2478 1103 2588 1157 sub
2607 1103 2804 1158 oculos
2821 1104 3073 1160 habebat
3092 1107 3456 1179 Ephremius
3476 1114 3760 1167 Constan-

2121 1189 2558 1261 tinopolitanus,
2592 1191 2689 1262 qui
2724 1192 2875 1262 apud
2908 1192 3206 1262 Allatium,
3266 1197 3325 1250 in
3379 1195 3657 1253 Diatriba'
3689 1201 3759 1255 de

2121 1277 2401 1349 Georgiis,
2435 1284 2490 1333 et
2511 1280 2663 1350 apud
2697 1281 3080 1351 Bandurium,
3112 1282 3211 1339 lib.
3247 1302 3347 1340 vux
3397 1287 3456 1342 in
3505 1290 3758 1360 Antiqui-

2121 1371 2256 1422 tates
2289 1367 2940 1440 Constantinopolitanas,
2972 1375 3130 1428 tomo
3161 1375 3236 1440 II,
3267 1373 3352 1430 sic
3382 1375 3463 1431 ait
3496 1393 3508 1431 :
3567 1378 3759 1434 Patria

2117 1459 2456 1526 paternaque
2509 1457 2664 1512 domo
2695 1475 2731 1512 α
2757 1461 2943 1529 prima
2995 1466 3162 1517 atate
3210 1467 3447 1520 extorris
3495 1467 3757 1522 eruditio-

2121 1563 2257 1600 num
2287 1563 2358 1600 ac
2384 1545 2783 1601 mathematum
2803 1564 2985 1604 amore
2999 1550 3264 1622 ﬂagrans,
3317 1553 3388 1607 ad
3416 1553 3763 1612 Con-stantini

2122 1635 2314 1690 urbem
2337 1653 2395 1689 se
2427 1635 2709 1705 (demum)
2739 1639 2958 1708 recepit.
2992 1637 3330 1696 Discessum
3361 1641 3516 1698 hunc
3563 1650 3620 1699 et
3669 1645 3756 1700 in-

2122 1730 2431 1794 sequentes
2489 1724 2972 1796 perigrinationes
3050 1727 3142 1784 his
3217 1729 3495 1786 describit
3565 1734 3757 1790 verbis

2117 1814 2372 1868 Joannes
2396 1813 2612 1867 Beccus
2633 1814 2786 1885 apud
2811 1813 3084 1870 Allatium
3108 1815 3168 1871 in
3191 1819 3403 1875 Graecia
3429 1819 3758 1891 Orthodoxa,

2121 1906 2277 1958 tomo
2304 1902 2372 1967 II,
2407 1903 2665 1957 oratione
2696 1905 2722 1957 1
2760 1920 2922 1958 num.
2958 1906 2980 1958 1
3020 1922 3032 1960 :
3065 1909 3246 1962 Pestis
3292 1909 3411 1964 haec
3452 1926 3554 1980 per
3600 1928 3760 1966 mare

2117 1994 2286 2046 antea
2319 2006 2550 2058 vagans,
2605 1996 2657 2046 et
2710 1995 2922 2062 palans,
2977 1994 3046 2048 ad
3093 2011 3187 2049 nos
3243 1997 3462 2052 tandem
3517 1999 3761 2070 deﬂexit.

2120 2081 2256 2135 Post
2284 2080 2565 2135 amissam
2595 2097 2747 2135 anno
2781 2081 2918 2136 1187
2949 2100 2982 2136 a
3012 2083 3231 2139 Latinis
3268 2085 3758 2160 Hierosolymam,

2123 2185 2320 2240 regum
2351 2167 2677 2224 Jerusalem
2710 2170 2875 2225 sedes
2910 2170 3018 2226 fuit
3041 2171 3372 2242 Ptolemais,
3405 2176 3563 2232 dicta
3582 2179 3757 2233 etiam

2120 2261 2287 2327 Acan,
2337 2257 2498 2312 Italis
2554 2259 2703 2326 Acri,
2762 2258 2943 2315 Gallis
2998 2260 3537 2321 Saint-Jean-d’Acre.
3599 2270 3757 2322 Hanc

2118 2347 2385 2402 Saraceni
2421 2363 2573 2401 anno
2605 2346 2734 2401 1291
2772 2347 3111 2420 eripuerunt
3138 2351 3504 2410 Christianis.
3533 2354 3597 2410 In
3627 2372 3756 2411 eam

2124 2435 2313 2506 prima
2343 2435 2679 2506 provehitur
2707 2436 3074 2508 navigatione
3103 2439 3366 2511 Cyprius.
3390 2442 3534 2497 Cum
3554 2446 3759 2513 viginti

2122 2540 2310 2588 annos,
2345 2528 2490 2578 teste
2521 2524 2793 2595 Gregora,
2826 2531 2999 2582 natus
3029 2533 3218 2596 esset;
3270 2529 3326 2584 id
3358 2531 3640 2588 accidisse
3669 2533 3758 2589 di-

2121 2613 2371 2668 cendum
2402 2616 2490 2666 est
2520 2629 2672 2667 anno
2703 2631 2826 2667 uarie
2858 2613 3110 2687 vulgaris
3149 2617 3302 2673 1560.
3356 2618 3496 2674 Rem
3529 2637 3756 2677 sacram

2120 2701 2339 2756 ibidem
2369 2701 2820 2756 administrabat
2848 2703 2956 2758 hoc
2987 2709 3246 2777 tempore
3275 2706 3603 2766 Florentius
3633 2711 3759 2781 epi-

2122 2789 2741 2933 scqpuggequienum
2785 2791 3023 2848 consule
3059 2793 3118 2848 in
3142 2793 3361 2851 Oriente
3388 2813 3561 2868 sacro,
3587 2803 3628 2852 t.
3661 2799 3760 2868 ΙΙΙ,

2122 2895 2186 2933 co
2218 2921 2231 2933 .
2267 2880 2291 2932 1
2411 2919 2422 2931 .

2121 2895 2231 2943 cci,
2267 2895 2422 2932 ωας).

2194 2967 2308 3038 (16)
2351 2967 2484 3022 Inde
2531 2968 2735 3021 Aneam
2784 2969 2930 3024 Asiae
2959 3010 2994 3022 ..
3045 2974 3095 3025 et
3126 2971 3251 3027 inite
3306 2974 3578 3044 Ephesum
3632 2993 3759 3048 per-

2122 3057 2289 3111 venit.
2323 3054 2654 3125 Stephanus
2687 3056 2786 3110 18
2819 3057 3128 3128 Byzantius
3159 3061 3234 3115 De
3284 3063 3510 3118 urbibus
3564 3073 3616 3120 et
3658 3081 3756 3137 po-

2116 3148 2307 3217 pulis:
2392 3141 2594 3213 ’Avaia,
2680 3147 2914 3202 Anam...
3002 3149 3131 3203 urbs
3208 3151 3388 3207 Cariae
3453 3168 3483 3207 e
3537 3156 3760 3224 regione

2123 3235 2294 3288 Sami.
2330 3237 2486 3288 Hanc
2516 3232 2654 3288 olim
2684 3236 2855 3303 fuisse
2887 3236 3112 3303 urbem,
3148 3238 3442 3311 Thucydidi
3493 3258 3758 3298 memora-

373 3296 492 3308 ...ω
525 3296 702 3317 νην,
771 3296 826 3302 __
873 3296 1031 3300 --ηπ
1397 3296 1431 3307 υ
1641 3296 1658 3305 _

369 3342 631 3398 themata
655 3296 988 3402 trahuntur,
1017 3333 1124 3384 τῶν
1158 3329 1346 3404 φωνῶν
1380 3322 1551 3376 αὐτῶν
1612 3322 1686 3382 ὡς
1747 3319 2011 3395 ἐλάχιστα

2128 3331 2256 3389 tam,
2313 3321 2370 3375 in
2412 3320 2564 3376 notis
2622 3296 3124 3380 animadvertitur.
3186 3296 3461 3401 Anvergo
3509 3296 3754 3404 Cyprius

374 3428 677 3488 tuaiowac.
714 3425 874 3492 Quod
917 3423 1042 3493 ipse
1070 3421 1376 3490 propterea
1400 3412 1661 3468 studium
1682 3411 2009 3480 fastidiens,

371 3537 558 3591 neque
588 3515 829 3572 meliora
849 3511 1178 3565 litterarum
1206 3506 1555 3560 documenta
1579 3517 1842 3572 sperans,
1861 3501 2010 3554 redit

370 3610 430 3664 in
463 3588 709 3681 patriam
741 3617 891 3659 anno
919 3599 1102 3656 aetatis
1132 3595 1341 3650 decimo
1369 3592 1578 3662 quinto,
1613 3595 1670 3644 et
1717 3605 1838 3642 serae
1888 3588 2010 3642 vul-

370 3698 528 3771 garis
557 3695 787 3751 circiter
817 3690 974 3745 1255.

444 3785 552 3858 (1'2)
583 3781 920 3838 Liberalium
949 3774 1372 3845 disciplinarum
1390 3758 1655 3824 desiderio
1686 3767 2004 3822 tenebatur:

372 3855 564 3948 Aoywv
596 3868 654 3924 δὲ
684 3872 776 3924 ιτ
815 3866 1068 3936 ἐπεθύμει
1127 3861 1240 3934 μὲν.
1288 3860 1366 3914 Ab
1417 3858 1510 3913 his
1566 3856 1757 3911 verbis
1807 3855 2012 3927 incipit

370 3943 818 4058 Vinckibonense
841 3947 1485 4058 mutilum‘opusculuin
1509 3946 1661 4018 apud
1685 3943 2009 4000 Nesselium

372 4036 616 4125 part35,
648 4047 844 4104 codice
878 4045 996 4099 101.
1028 4041 1171 4096 Vide
1202 4043 1400 4093 notam
1422 4036 1475 4090 2.

446 4142 558 4212 (13)
589 4135 908 4209 Hujusmodi
945 4150 1020 4188 ex
1074 4128 1360 4191 desiderio,
1408 4141 1533 4212 cum
1570 4123 1872 4212 quiescere
1901 4137 2009 4177 non

370 4211 797 4304 permitteretur.
833 4223 1126 4277 Hactenus
1147 4217 1356 4288 prima,
1383 4229 1450 4267 ac
1474 4211 1640 4280 levia,
1667 4211 2012 4266 eruditionis

377 4299 434 4374 et
462 4316 761 4388 elegantiae
792 4314 850 4367 in
883 4307 1213 4370 scribendo,
1237 4319 1414 4375 quam
1437 4305 1639 4372 postea
1685 4299 2010 4370 acquisivit,

377 4405 717 4479 specimina.
750 4399 1104 4472 Ampliorem
1136 4394 1462 4467 profectum
1493 4389 1646 4460 cepit
1674 4405 1743 4443 ex
1769 4388 2015 4443 lectione

377 4477 736 4566 antiquorum
764 4491 1045 4546 rhetorum
1073 4485 1160 4556 (ut
1181 4481 1424 4536 inferius
1447 4477 1760 4547 narratur),
1793 4485 1843 4531 et
1872 4477 2015 4531 artis

377 4588 493 4658 ejus
521 4587 867 4639 inventorum
897 4593 961 4633 ac
1011 4585 1234 4646 patrum
1257 4587 1277 4632 ,·
1335 4569 1727 4636 dictionemque
1771 4566 2015 4636 gratiam

2120 3411 2308 3466 locum
2343 3410 2578 3478 indicet,
2605 3410 2702 3463 ubi
2735 3409 2873 3464 olim
2905 3411 3116 3466 Antea?

2188 3500 2301 3571 (l7)
2335 3498 2394 3552 In
2423 3499 2630 3552 vicinia
2684 3499 2931 3554 habitare
2976 3502 3414 3574 Blemmydam...
3467 3507 3752 3580 Nicepho-

2117 3606 2247 3644 rum
2269 3587 2667 3658 Blemmydam
2691 3593 2906 3643 norunt
2925 3605 3128 3646 omnes
3148 3592 3339 3647 virum
3363 3595 3750 3652 interGriecos

2117 3675 2582 3746 celeberrimum,
2608 3677 2870 3747 apprime
2893 3678 3221 3750 disciplinis
3243 3682 3538 3738 excultum
3562 3687 3752 3740 omni-

2118 3767 2248 3834 bus,
2281 3770 2337 3820 et
2378 3764 2662 3819 catholico
2692 3765 2763 3820 de
2793 3767 3161 3837 processione
3199 3770 3448 3841 Spiritus
3500 3774 3686 3828 sancti
3718 3791 3751 3829 a

2117 3855 2284 3910 Patre
2313 3858 2371 3908 et
2399 3852 2562 3918 Filio,
2597 3869 2697 3907 seu
2729 3870 2828 3924 per
2847 3853 3077 3920 Filium,
3115 3857 3584 3916 addictissimum
3612 3863 3753 3934 dog-

2121 3943 2280 3997 mati.
2317 3943 2377 3996 In
2404 3943 2600 4012 Ephesi
2625 3943 2855 4011 vicinia,
2883 3941 2933 3995 ἐν
2987 3942 3244 4016 γειτόνων
3296 3945 3482 4016 οἰκῶν,
3527 3949 3758 4022 degisse

2119 4033 2315 4103 ipsum
2345 4033 2404 4084 in
2436 4033 2783 4094 monasterio,
2830 4036 3080 4088 testatur
3129 4041 3346 4090 auctor.
3406 4037 3534 4093 Vitae
3581 4055 3758 4110 quam

2121 4119 2512 4174 illustramus.
2547 4117 2895 4191 Diligentius
2946 4119 3043 4175 alii
3094 4122 3432 4193 discutiant,
3484 4144 3556 4182 an
3604 4128 3758 4183 idem

2122 4209 2542 4264 monasterium
2577 4207 2691 4261 dici
2719 4208 2946 4278 debeat,
2980 4211 3134 4281 quod
3197 4213 3270 4268 ab
3323 4213 3449 4285 ipso
3501 4221 3759 4273 erectum

2124 4302 2535 4367 sacratumque
2563 4297 2672 4350 fuit
2701 4299 2816 4366 Θεῷ
2842 4299 2922 4366 τῷ
2952 4290 3088 4367 ὄντι,
3142 4300 3246 4355 Deo
3294 4305 3390 4372 qui
3443 4308 3544 4370 est,
3583 4322 3618 4360 a
3646 4309 3759 4361 Pa-

2122 4386 2394 4458 chymere
2421 4389 2810 4440 memoratum
2839 4385 2898 4440 in
2929 4387 3206 4444 Michaele
3227 4389 3548 4464 Palaeologo
3570 4393 3672 4450 lib.
3705 4411 3761 4452 v.

2122 4475 2310 4546 capite
2332 4473 2405 4527 2?

2195 4564 2307 4634 (18)
2339 4563 2534 4616 Abiens
2562 4566 2786 4632 Epheso.
2820 4562 2984 4618 Paria
3014 4569 3154 4620 sunt
3211 4583 3336 4637 quae
3380 4567 3761 4642 Pachymeres

379 4649 682 4730 assecutus
713 4675 820 4738 est,
853 4676 902 4723 et
931 4666 1280 4726 atticismum,
1313 4673 1378 4713 ac
1401 4663 1749 4721 venustatem,
1778 4658 1828 4708 et
1879 4654 2018 4724 quod
2046 4667 2092 4730 Β
2124 4657 2320 4706 narrat
2349 4649 2498 4704 libro
2548 4667 2610 4738 1i,
2644 4666 2770 4738 cap.
2797 4651 2866 4703 24
2900 4668 2912 4704 ;
2944 4654 3142 4707 Nisum
3189 4659 3554 4725 opportunum
3597 4659 3765 4729 ἰητρε-

379 4779 571 4817 revera
591 4759 969 4816 Graecanicam
1011 4761 1108 4810 est.
1141 4751 1224 4806 Ob
1265 4748 1385 4802 hinc
1432 4748 1774 4800 ornamenta
1821 4743 2016 4814 ipsum

379 4851 653 4906 laudibus
684 4847 935 4904 celebrat
964 4840 1321 4911 Nicephorus
1351 4834 1656 4906 Gregoras,
1688 4831 1788 4886 lib.
1815 4849 1890 4898 v1,
1923 4848 2018 4888 ca-

383 4941 499 5012 pite
532 4941 582 5006 1,
615 4953 779 4992 num.
811 4936 866 5000 5,
901 4936 1096 5003 utpote
1126 4931 1225 5000 qui
1255 4927 1529 4994 elegantes
1561 4921 1758 4977 ercz
1815 4921 2020 4976 littera-

382 5011 526 5086 turae
554 5041 836 5091 numeros,
865 5037 914 5078 et
932 5023 1165 5076 Atticam
1194 5017 1356 5072 illam
1393 5014 1661 5082 linguam,
1696 5011 1853 5078 longo
1898 5011 2022 5080 jam

383 5127 621 5189 tempore
646 5113 936 5171 oblivionis
965 5110 1178 5180 gurgite
1229 5107 1558 5164 demersam,
1593 5101 1806 5167 ingenii
1833 5098 2019 5154 dexte-

383 5209 563 5271 ritate,
587 5220 650 5260 ac
677 5200 953 5274 singulari
982 5196 1162 5252 studio
1188 5196 1249 5248 in
1279 5194 1453 5246 lucem
1467 5189 1756 5262 produxit,
1787 5204 1851 5242 ac
1881 5189 2023 5243 velut

382 5297 449 5350 ab
466 5295 674 5368 inferis
704 5290 992 5346 revocavit.

455 5383 568 5455 (14)
602 5384 847 5437 Nicazam
876 5377 1024 5432 mitti
1052 5375 1122 5428 ad
1149 5371 1378 5426 scholas.
1433 5367 1771 5422 Proﬁciendi
1822 5383 2019 5433 causa,

384 5471 494 5526 iter
521 5471 813 5542 cogitabat
843 5466 1091 5521 Nicaeam
1117 5462 1173 5514 in
1209 5457 1495 5528 Bithynia.
1546 5463 1620 5510 Ex
1657 5456 1810 5521 sede,
1845 5472 2020 5526 quam

387 5566 518 5631 post
539 5565 768 5630 captam
793 5571 945 5613 anno
969 5552 1107 5607 1204
1139 5567 1172 5603 a
1196 5546 1417 5602 Latinis
1439 5544 2020 5615 ConstantinOpolim,

386 5648 466 5703 ibi
512 5649 842 5703 locaverant
899 5643 1282 5714 imperatores
1333 5633 1511 5686 Graeci
1571 5640 1626 5686 et
1684 5634 2022 5703 patriarcha

385 5731 1039 5809 Gonstantinopolitani,
1070 5725 1236 5785 facile
1269 5723 1381 5780 sibi.
1438 5721 1722 5778 suadebat
1765 5722 2027 5778 doctissi-

2127 4741 2300 4794 ratori
2327 4742 2405 4793 est
2435 4737 2726 4810 (Michaeli
2757 4737 3118 4811 Palaeologo),
3177 4745 3504 4798 transmisso
3559 4746 3763 4802 Helles-

2123 4838 2317 4900 ponto,
2349 4829 2407 4881 in
2437 4843 2614 4898 nuper
2642 4830 2859 4896 captam
2888 4829 3197 4900 Selybriam
3226 4831 3451 4897 (urbem
3481 4833 3762 4903 Thraciae,

2131 4917 2396 4989 Byzantio
2452 4933 2600 4970 xxxv
2655 4915 2730 4970 M.
2792 4920 2858 4971 P.
2923 4917 3239 4974 distantem
3286 4919 3346 4974 in
3378 4922 3672 4995 accasum)
3709 4939 3767 4979 se

2129 5009 2412 5076 conferre;
2470 5003 2651 5074 ibique
2697 5019 2768 5059 ea:
2794 5008 3102 5078 propinquo
3132 5009 3371 5064 consilia
3418 5025 3630 5081 capere,
3672 5027 3766 5066 ra-

2131 5097 2409 5165 tionesque
2434 5094 2578 5148 inire
2605 5093 2759 5148 urbis
2785 5095 3070 5164 potiundae
3117 5097 3764 5170 (Constantinopoleos).

2130 5186 2200 5240 Et
2228 5184 2415 5255 capite
2459 5184 2569 5237 20:
2631 5181 2812 5253 Copiis
2869 5183 3063 5239 multis
3109 5189 3386 5258 variisque
3430 5187 3666 5243 collectis
3705 5189 3766 5242 in

2129 5291 2328 5343 unum,
2363 5271 2612 5326 Galatam
2639 5272 3008 5344 (suburbium
3049 5274 3609 5348 Constantinopolis)
3663 5293 3768 5346 ag-

2130 5379 2342 5434 gressus
2375 5370 2470 5416 est.
2505 5363 2668 5416 Haud
2703 5379 2887 5433 operae
2919 5362 3292 5435 dispendium
3318 5365 3492 5419 fuerit
3538 5364 3765 5438 Georgii

2134 5450 2475 5522 Acropolitie
2533 5452 2707 5505 verba
2759 5454 2966 5506 referre
3043 5470 3205 5507 num.
3284 5454 3390 5508 83:
3472 5453 3770 5526 Imperator

2134 5539 2376 5596 Michael
2409 5538 2806 5610 Palaeologus),
2856 5547 3138 5610 appetente
3186 5558 3330 5612 vere,
3385 5541 3771 5599 Constantino-

2130 5630 2306 5702 polim
2349 5635 2680 5683 commeat...
2764 5629 2982 5685 Galatae
3056 5629 3317 5700 oppidum
3402 5632 3770 5702 oppugnabat.

2133 5724 2201 5776 Et
2257 5733 2423 5774 num.
2468 5717 2590 5772 84:
2663 5715 3072 5789 Hellespontum
3146 5723 3298 5774 trans
3369 5719 3580 5778 abiit...
3638 5720 3776 5782 Cum
