4094 6492
317 481 394 539 37
1715 478 1926 542 VITA.
1957 514 2036 528 —
2071 481 2326 542 NOTAE.
3645 479 3724 540 38

319 625 448 665 vero
475 619 638 666 astas
658 609 1030 681 praterlapsa
1057 611 1269 681 fuisset,
1298 627 1508 668 necnon
1535 614 1792 667 autumni
1837 616 1970 667 tem-
2002 616 2056 680 Α
2084 613 2139 684 (a
2170 610 2441 668 Kalendis
2483 611 2840 682 Septembris
2888 609 3222 681 propositus
3279 609 3543 679 ejusdem
3568 589 3575 596 ’
3600 626 3724 664 serae

316 717 424 772 pus
452 702 786 756 accurrisset
821 741 833 753 .
873 741 883 753 .
920 740 934 753 .
969 699 1102 754 inde
1122 701 1395 756 discessit.
1444 702 1572 756 Haec
1629 719 1800 762 anno.
1835 702 1975 756 1260

323 788 683 855 acciderunt,
716 804 782 843 ac
811 787 988 844 etiam
1021 788 1259 844 ineunte
1293 807 1444 845 anno
1476 791 1636 845 1261.
1669 790 1838 846 Hisce
1858 789 1976 846 bel-

323 877 454 932 licis
476 877 737 932 motibus
764 893 827 932 se
856 877 1141 948 Georgius
1169 877 1412 950 Cyprius
1442 879 1782 935 interfuisse
1803 885 1979 934 testa-

327 972 422 1021 tur
453 981 469 1020 :
503 970 564 1021 at
594 966 770 1036 regiis
813 965 1023 1021 castris
1083 966 1322 1033 relictis,
1379 969 1620 1023 Nicaeam
1664 971 1974 1036 revertitur,

328 1056 399 1110 ad
427 1072 598 1126 quam
625 1071 657 1110 e
683 1055 858 1126 Cypro
884 1055 1160 1126 impulsus
1211 1063 1410 1125 [uerat
1441 1062 1508 1113 ut
1553 1057 1846 1130 egregiam
1876 1057 1977 1112 lit-

333 1145 473 1200 teris
504 1144 884 1200 addiscsndis
916 1158 1155 1215 Operam
1183 1143 1265 1199 ibi
1296 1150 1550 1217 poneret.

401 1235 520 1304 (19)
550 1235 664 1290 Hoc
688 1251 855 1306 quam
888 1234 1057 1289 aliter
1085 1233 1283 1289 accidit
1314 1239 1333 1288 !
1363 1235 1667 1307 Sapientes
1695 1237 1871 1306 viros,
1915 1253 1980 1292 ac

333 1322 679 1396 magistros,
710 1338 861 1393 quos
891 1322 1287 1393 perquirebat,
1318 1339 1432 1378 non
1466 1323 1688 1380 invenit
1730 1325 1930 1380 Nicaeae
1964 1341 1978 1379 :

330 1412 412 1467 ita
432 1416 500 1467 ut
521 1411 765 1467 reditum
795 1412 852 1466 in
869 1413 1122 1482 patriam
1149 1411 1520 1484 cogitaret,ut
1537 1412 1692 1469 infra
1711 1418 1985 1470 narratur

402 1501 520 1572 (20)
549 1499 754 1556 Deinde
781 1515 891 1556 non
909 1501 1080 1557 multo
1109 1504 1227 1572 post
1276 1501 1390 1557 hac
1436 1506 1694 1573 tempore,
1724 1519 1985 1573 magnam

331 1590 602 1660 Byzantii
624 1589 821 1644 urbem
846 1590 948 1644 I9
996 1590 1136 1645 Deus
1181 1590 1402 1645 Latinis
1446 1592 1724 1660 auferens,
1784 1590 1985 1648 Graecis

329 1679 535 1733 reddit.
569 1678 836 1750 Recepta:
867 1677 1031 1733 urbis
1062 1677 1344 1749 epocham
1375 1679 1814 1736 accuratissime
1843 1680 1985 1736 assi-

329 1773 476 1839 gnat
503 1765 796 1837 Georgius
824 1765 1527 1837 Acropolita,vicessimam
1551 1769 1802 1839 quintam
1830 1769 1984 1824 diem

329 1858 540 1911 mensis
567 1855 712 1911 Julii
740 1855 1094 1910 indictionem
1117 1865 1393 1926 quartam,
1424 1857 1475 1911 el
1499 1873 1712 1912 annum
1757 1857 1825 1912 ab
1862 1857 1987 1913 orbe

331 1947 556 2001 condito
586 1942 736 2015 ςψξεγ
763 1944 1224 2000 smillesimum
1249 1946 1796 2015 septingentesimum
1823 1961 1984 2000 sera-

333 2037 609 2103 gesi-mum
632 2049 866 2088 nonum.
921 2036 1127 2088 Annus
1179 2038 1270 2087 est
1325 2050 1450 2087 mra:
1506 2034 1764 2106 vulgaris
1821 2035 1981 2102 1261,

334 2129 549 2194 quarta
580 2121 860 2194 praedicta
887 2121 1556 2193 insignitusindictione.
1578 2125 1812 2178 Annum
1843 2140 1986 2195 prae-

342 2213 654 2267 cedentem
687 2210 826 2264 1260
855 2209 1130 2265 exhibent
1159 2209 1339 2265 Graeci
1384 2211 1613 2266 codices
1643 2229 1756 2267 non
1813 2211 1984 2283 pauci

336 2299 491 2371 apud
521 2297 815 2353 Joannem
848 2297 1154 2352 Boivinum
1196 2297 1256 2352 in
1315 2299 1470 2355 notis
1527 2301 1598 2355 ad
1656 2299 1872 2356 librum
1931 2317 1986 2355 1v

335 2386 654 2459 Nicephori
693 2386 959 2457 Gregorze
992 2403 1005 2440 :
1037 2386 1140 2442 sed
1201 2385 1296 2442 alii
1359 2387 1431 2441 ab
1489 2389 1692 2444 eodem
1747 2388 1986 2445 Boivino

335 2476 561 2530 ibidem
642 2479 1043 2543 recensentur,
1121 2474 1464 2547 Acropolitas
1535 2478 1985 2534 consentientes.

335 2564 640 2637 Epocham
670 2563 981 2619 confirmat
1009 2567 1190 2618 codex
1219 2563 1389 2630 alius,
1411 2581 1584 2637 quem
1614 2566 1741 2638 ipse
1771 2583 1992 2622 momo-

338 2659 426 2708 rat
456 2652 546 2707 vir
573 2651 1095 2722 doctissimus,ubi
1124 2651 1409 2709 solemnis
1439 2653 1742 2710 Michaelis
1767 2655 1987 2712 Palaeo-

339 2742 454 2813 logi
485 2741 547 2796 in
602 2739 814 2796 urbem
867 2744 1160 2812 receptam
1217 2741 1520 2812 ingressus
1577 2743 1841 2816 iiligatur
1867 2762 1993 2801 cum

341 2831 425 2886 die
453 2831 524 2884 15
555 2830 764 2884 mensis
781 2829 1078 2899 Augustini
1087 2833 1228 2885 anni
1253 2846 1351 2886 sex
1368 2832 1659 2888 millesimi
1682 2834 1992 2905 septingen-

340 2920 524 2974 tesimi
552 2918 893 2988 sexagesimi
919 2919 1075 2989 noni,
1109 2917 1367 2990 vulgaris
1414 2936 1523 2974 aere
1576 2920 1795 2977 scilicet
1835 2923 1990 2978 1261.

345 3007 446 3063 His
475 3007 846 3062 adhaerentes
859 3007 1392 3080 refertSpondanus
1427 3009 1656 3066 Latinos
1681 3012 1995 3083 scriptores

347 3094 731 3150 Guillelmnm
761 3094 1074 3167 Nangium,
1108 3098 1462 3153 monachum
1493 3099 1994 3169 Patavinum,con-

349 3185 711 3240 tinuatorem
743 3183 1271 3250 Parisii,Marinum
1299 3191 1998 3262 Sanutum,cognomento

354 3272 712 3328 Torsellum.
747 3271 1135 3328 Celeberrima
1160 3278 1354 3330 tamen
1385 3274 1445 3330 in
1476 3275 1586 3331 hac
1614 3278 1833 3349 epocha
1861 3295 1995 3335 con-

2085 703 2297 772 annus)
2330 699 2601 772 Exemplo
2649 716 2772 754 rem
2829 698 3086 754 declarat
3117 715 3130 752 :
3162 699 3226 754 Si
3279 699 3421 753 scire
3449 698 3631 767 velim,
3666 715 3726 753 in

2084 798 2304 861 quotum
2331 806 2502 844 unum
2536 790 2737 844 Ch.isti
2769 789 3060 842 conveniat
3110 805 3160 841 υ.
3193 805 3254 859 g.
3304 803 3484 842 annus
3532 787 3731 842 mundi

2082 880 2247 945 6428,
2275 895 2345 934 ea:
2371 878 2512 932 6428
2540 877 2773 932 subduco
2801 877 2962 942 5508,
2993 876 3274 931 residuum
3331 885 3413 931 est
3436 877 3562 931 920.
3585 877 3729 948 Ergo

2085 984 2230 1023 anno
2263 967 2466 1022 Christi
2494 968 2601 1020 920
2648 982 2827 1020 annus
2885 965 2974 1020 hic
3019 965 3218 1019 mundi
3271 966 3412 1020 6428
3468 966 3668 1036 incipit
3696 983 3730 1021 a

2085 1055 2341 1111 Kalendis
2387 1055 2733 1125 Septembris,
2786 1054 2958 1108 Porro
3005 1053 3055 1107 si
3108 1053 3250 1107 6428
3316 1053 3414 1108 29
3442 1055 3726 1123 partiaris

2083 1161 2186 1216 per
2215 1146 2302 1212 15,
2335 1143 2615 1198 residuum
2642 1151 2722 1197 est
2753 1146 2865 1196 octo
2894 1159 2911 1194 :
2945 1157 3075 1210 ergo
3133 1141 3364 1197 indictio
3391 1144 3500 1196 erit
3521 1149 3727 1198 octava.

2088 1233 2249 1288 Hanc
2280 1231 2462 1304 igitur
2487 1235 2652 1303 juxta
2680 1229 2942 1302 regulam
2976 1229 3024 1284 si
3056 1246 3208 1285 anno
3240 1229 3534 1300 proposito
3563 1231 3726 1300 6769,

2090 1338 2203 1392 quo
2235 1324 2463 1392 recepta
2481 1319 2592 1374 fuit
2623 1317 3181 1389 Constantinopolis,
3218 1319 3489 1374 detrahas
3543 1336 3726 1375 annos

2088 1409 2249 1478 5508,
2283 1409 2554 1464 residuus
2583 1409 2714 1462 1261
2744 1412 2832 1463 est
2871 1423 3062 1462 annus
3121 1425 3244 1462 ωνεθ
3297 1406 3574 1480 vulgaris,
3626 1425 3732 1480 quo

2089 1502 2341 1554 currente
2371 1497 2680 1553 dicendum
2715 1496 2880 1564 foret,
2910 1497 3132 1566 coepisse
3181 1514 3214 1551 a
3269 1495 3544 1552 Kalendis
3591 1498 3732 1570 Sep-

2092 1587 2338 1644 tembris
2368 1603 2592 1641 annum
2625 1586 2791 1641 illum
2821 1586 2984 1640 6769.
3040 1585 3325 1650 Quoniam
3381 1602 3516 1642 vero
3564 1592 3734 1658 capta

2091 1691 2280 1730 mense
2307 1675 2460 1730 Julia
2492 1674 2602 1729 fuit
2631 1674 2772 1728 urbs
2803 1674 2978 1746 regis,
3011 1673 3066 1728 id
3118 1674 3354 1729 omnino
3382 1676 3734 1730 transferen-

2095 1764 2235 1818 dum
2268 1768 2423 1819 esset
2451 1763 2524 1818 ad
2566 1779 2786 1818 annum
2835 1780 2959 1817 aera:
3015 1761 3273 1834 vulgaris
3331 1767 3734 1834 insequentem

2097 1854 2256 1918 1262,
2288 1852 2360 1907 ad
2390 1869 2564 1922 quem
2597 1853 2848 1923 pertinet
2875 1851 3069 1906 Julius
3100 1852 3321 1920 mensis
3371 1851 3507 1906 anni
3556 1852 3736 1908 Graeci

2093 1941 2194 2013 qui
2225 1959 2258 1995 a
2287 1939 2564 1995 Kalendis
2595 1940 2956 2011 Septembris
2985 1939 3043 1994 in
3076 1957 3228 1995 anno
3265 1941 3394 1995 1261
3432 1935 3666 2012 incepit.

2162 2033 2290 2084 Non
2318 2029 2397 2083 ita
2430 2045 2492 2084 se
2523 2045 2615 2083 res
2638 2028 3199 2083 habet.Exactiorem
3230 2045 3542 2100 veramque
3562 2030 3740 2084 tradit

2095 2117 2356 2190 regulam
2390 2116 2722 2184 Ricciolius,
2755 2116 2903 2172 libro
2936 2135 2974 2171 ιι
3011 2116 3428 2189 Chronologiee,
3463 2119 3652 2189 capite
3680 2113 3735 2186 2,

2094 2205 2247 2262 inter
2270 2223 2520 2261 canones
2553 2222 2655 2277 pro
2689 2222 2797 2260 usu
2853 2205 3209 2270 tabularum,
3265 2223 3485 2262 canone
3520 2207 3587 2262 ΙΙ.
3618 2226 3645 2258 υ
3678 2207 3740 2262 Si

2097 2296 2236 2351 anni
2267 2300 2405 2350 sunt
2433 2295 2736 2366 pauciores
2767 2294 2938 2349 annis
2966 2295 3131 2366 5509,
3165 2294 3297 2350 illos
3316 2295 3406 2351 his
3438 2297 3737 2364 subtrahe,

2096 2389 2154 2440 et
2184 2383 2428 2440 habebis
2458 2400 2644 2438 annos
2673 2391 2800 2438 ante
2830 2383 3127 2450 Christum,
3155 2384 3458 2440 inchoatos
3489 2403 3522 2440 a
3543 2386 3742 2440 Kalen-

2096 2475 2184 2529 dis
2216 2473 2543 2544 Septembris
2565 2474 2704 2528 anni
2752 2473 3126 2544 praecedentis.
3187 2473 3449 2545 Exempli
3507 2475 3739 2546 gratia:

2099 2564 2311 2622 dentur
2339 2561 2478 2617 anni
2511 2561 2716 2616 mundi
2747 2561 3373 2633 Constantinopolitani
3412 2563 3555 2616 5508
3589 2581 3603 2631 ;
3635 2564 3745 2620 hos

2101 2651 2379 2707 subtrahe
2411 2651 2581 2706 annis
2611 2650 2772 2721 5509,
2828 2650 3071 2706 restabit
3127 2668 3318 2707 annus
3367 2653 3391 2706 1
3428 2657 3562 2707 ante
3608 2669 3745 2725 epo-

2103 2741 2272 2796 cham
2304 2739 2860 2804 Christi,inchoatus
2888 2744 3085 2795 tamen
3117 2759 3150 2794 a
3179 2739 3457 2796 Kalendis
3489 2741 3772 2813 Septem:

2102 2829 2224 2884 bris
2246 2829 2382 2884 anni
2401 2832 2527 2884 ante
2553 2827 2810 2900 epocham
2827 2829 3052 2894 Christi,
3071 2845 3102 2883 a
3125 2830 3320 2899 quibus
3345 2832 3541 2902 incipit
3571 2846 3747 2885 annus

2101 2917 2264 2985 5509,
2299 2934 2694 2972 concursurus
2720 2933 2820 2988 per
2849 2923 2978 2973 octo
3002 2934 3234 2973 menses
3254 2917 3466 2973 ultimo
3496 2919 3588 2973 sui
3609 2936 3743 2974 cum

2104 3005 2396 3078 prioribus
2426 3010 2552 3061 octo
2584 3006 2888 3061 mensibus
2911 3008 3050 3061 anni
3068 3008 3240 3077 primi
3268 3008 3484 3078 epochw
3523 3007 3744 3063 Christi.

2104 3099 2176 3150 At
2207 3095 2257 3150 si
2287 3095 2424 3149 anni
2455 3094 2572 3149 dati
2605 3099 2743 3150 sunt
2769 3096 2910 3149 5509
2938 3094 3024 3149 vel
3059 3095 3273 3166 plures,
3306 3097 3588 3151 subtrahe
3631 3095 3748 3150 illis

2107 3200 2293 3240 annos
2316 3184 2476 3251 5508,
2511 3187 2568 3238 et
2591 3183 2821 3238 habetis
2853 3199 3040 3237 annos
3073 3182 3289 3238 Christi
3337 3189 3748 3239 concurrentes

2107 3290 2142 3326 a
2167 3271 2442 3326 Kalendis
2470 3271 2764 3326 Januariis
2792 3288 2958 3342 usque
2987 3271 3056 3326 ad
3095 3273 3367 3342 sequentis
3417 3271 3751 3343 Septembris

355 3361 659 3416 stituenda
685 3359 902 3416 mirum
932 3366 1040 3429 est,
1072 3366 1193 3417 tam
1222 3364 1409 3419 varias
1439 3365 1787 3437 scriptarum
1820 3367 2001 3423 fuisse
2031 3350 2075 3417 C
2111 3359 2672 3431 Kalendas.Exempli
2693 3360 2880 3432 gratia
2906 3377 2919 3414 :
2956 3361 3126 3415 detur
3146 3377 3337 3416 annus
3359 3361 3564 3414 mundi
3586 3361 3748 3426 5509,

358 3450 706 3514 sententias,
730 3449 832 3520 qui
864 3467 1086 3505 annum
1112 3451 1401 3507 definiunt
1430 3452 1519 3509 vel
1553 3455 1709 3522 1259,
1724 3454 1810 3510 vel
1844 3456 2003 3524 1260,

358 3555 422 3594 ac
453 3539 636 3594 etiam
671 3538 832 3592 1262.
860 3536 1026 3592 Hunc
1057 3554 1276 3594 annum
1307 3541 1611 3596 constituit
1639 3542 1852 3599 Sethus
1882 3543 2007 3598 Cal-

354 3628 539 3683 visius
567 3627 630 3680 in
663 3642 838 3698 opere
869 3642 975 3681 suo
1006 3626 1439 3700 cbronologico.
1483 3629 1724 3686 Michael
1760 3632 2005 3704 Lequie-

355 3732 463 3771 nus
496 3717 558 3769 in
589 3715 823 3770 Arsenio
853 3716 1049 3770 iterum
1090 3717 1423 3786 patriarcha
1472 3718 2004 3793 Constantinopoli-

353 3811 491 3859 tano
522 3804 702 3859 refert
749 3803 1057 3858 chronicas
1113 3811 1284 3860 notas
1343 3805 1624 3862 solemnis
1680 3808 1740 3861 in
1798 3809 2005 3863 urbem

353 3893 577 3964 regiam
629 3892 935 3963 ingressus
994 3909 1290 3957 ;mensem
1344 3894 1668 3965 Augustum,
1716 3896 1865 3951 diem
1918 3897 2004 3964 15,

356 3981 661 4035 indictione
706 3979 759 4048 4,
814 3984 865 4033 et
909 3996 1119 4034 annum
1160 3980 1267 4035 669
1336 3981 1488 4053 (676)
1565 3982 1842 4054 additque
1889 3984 2006 4039 haec

355 4071 556 4138 verba,
586 4085 800 4122 annum
846 4068 1054 4122 scilicet
1097 4067 1300 4124 Christi
1355 4071 1514 4124 1262.
1557 4070 1667 4126 Sed
1718 4087 1879 4128 error
1919 4076 2008 4145 ty-

359 4158 806 4229 porumtuerit,
856 4173 1106 4228 quorum
1166 4159 1447 4214 mendum
1505 4158 1665 4214 aliud
1719 4162 1893 4216 cubat
1948 4162 2008 4216 in

358 4248 533 4302 annis
565 4245 773 4301 mundi
805 4246 966 4300 6669.
1000 4247 1150 4312 Quin
1179 4247 1297 4303 imo
1355 4248 1414 4303 in
1461 4249 1793 4304 Pantaleone
1835 4251 2010 4306 Justi-

357 4339 554 4400 niano,
586 4335 794 4390 Latino
825 4335 1174 4406 patriarcha,
1208 4352 1428 4391 annum
1478 4337 1642 4392 effert
1696 4337 1795 4393 ille
1850 4339 2008 4407 1261,

358 4441 465 4494 quo
496 4423 848 4494 (inquiens,)
864 4424 1032 4494 juxta
1051 4425 1354 4480 exactiores
1371 4424 1728 4496 chronologos
1754 4444 1789 4482 a
1810 4425 2013 4484 Graecis

359 4520 687 4584 recuperata
717 4520 795 4566 est
825 4512 968 4566 urbs
994 4511 1173 4582 regia.

433 4600 652 4657 Verum
685 4599 983 4655 enimvero
1013 4600 1133 4655 haec
1179 4601 1317 4656 anni
1358 4601 1498 4656 1262
1543 4602 1783 4674 epocha,
1835 4620 2014 4675 quam

2112 3450 2230 3504 illis
2261 3448 2540 3504 subtrahe
2566 3450 2730 3515 5508,
2762 3452 2944 3504 restat
2988 3466 3180 3505 annus
3227 3450 3455 3522 primus
3511 3448 3749 3517 Christi,

2111 3553 2436 3594 concurrens
2460 3553 2594 3592 cum
2627 3537 2831 3592 mundi
2860 3554 3012 3593 anno
3050 3538 3214 3606 5509,
3273 3554 3459 3611 usque
3491 3539 3564 3593 ad
3594 3538 3749 3593 diem

2115 3627 2366 3698 primam
2395 3625 2915 3696 Septembriszinde
2947 3628 3103 3681 enim
3135 3627 3428 3683 concurrit
3455 3644 3580 3682 cum
3606 3642 3752 3682 anno

2112 3717 2274 3770 5510.
2300 3737 2328 3765 ››
2364 3715 2566 3784 Itaque
2598 3715 2670 3769 ab
2696 3732 2848 3770 anno
2876 3717 3038 3780 6769,
3071 3732 3188 3786 quo
3210 3721 3438 3788 captam
3472 3717 3753 3772 Constan-

2113 3803 2420 3876 tinopolim
2449 3804 2710 3859 referunt
2737 3804 3051 3876 scriptores
3081 3804 3284 3871 Graeci,
3333 3805 3610 3860 subtrahe
3653 3822 3754 3860 an-

2117 3911 2222 3949 nos
2272 3894 2435 3948 5508.
2485 3893 2674 3948 Habes
2723 3909 2856 3948 vero
2906 3910 3126 3948 annum
3183 3894 3414 3961 Christi,
3472 3911 3574 3949 seu
3629 3912 3755 3949 serie

2114 3981 2373 4054 vulgaris
2421 3981 2580 4051 1251,
2637 3992 3048 4057 concurrentem
3102 3982 3370 4038 videlicet
3425 4000 3558 4038 cum
3604 3999 3756 4038 anno

2116 4069 2761 4142 Constantinopolitano
2793 4071 2954 4137 6769,
2987 4088 3157 4142 usque
3205 4071 3282 4127 ad
3327 4071 3473 4126 diem
3519 4073 3760 4142 primam

2117 4159 2464 4231 Septembris,
2495 4159 2768 4230 deinceps
2798 4175 3222 4215 concursurum
3253 4178 3386 4215 cum
3419 4178 3571 4216 anno
3593 4161 3756 4230 6770,

2119 4250 2321 4319 Itaque
2351 4264 2541 4303 annus
2569 4249 2710 4302 6769
2740 4249 2955 4319 incepit
2997 4266 3032 4304 a
3072 4249 3351 4304 Kalendis
3398 4248 3761 4320 Septembris

2121 4339 2180 4392 in
2213 4337 2558 4409 praecedenti
2589 4353 2742 4392 anno
2773 4337 3006 4392 Juliano
3039 4339 3195 4405 1260,
3228 4346 3284 4392 et
3323 4340 3527 4394 mensis
3581 4339 3762 4394 Julius

2121 4428 2259 4481 anni
2289 4425 2884 4496 Constantinopolitani
2927 4427 3090 4498 6769,
3127 4443 3242 4498 quo
3287 4429 3428 4482 urbs
3470 4427 3631 4499 regia
3678 4443 3764 4483 re-

2123 4521 2289 4586 cepta
2318 4519 2426 4581 est,
2459 4515 2530 4569 ad
2563 4532 2783 4569 annum
2816 4515 3067 4586 pertinet
3088 4516 3393 4572 Julianum
3428 4517 3584 4570 1261.

2194 4602 2624 4658 Dubitationem
2673 4608 2929 4660 removet
2980 4621 3212 4660 omnem
3268 4605 3494 4660 indictio
3541 4608 3763 4676 quarta,

363 4692 436 4745 ab
466 4688 771 4761 aliquibus
804 4687 1035 4743 definiri
1067 4705 1199 4744 cum
1230 4689 1542 4762 Spondano
1582 4692 2012 4762 adnotavimus,
2045 4714 2091 4777 Β
2123 4709 2239 4765 qua
2268 4693 2586 4764 insignitus
2617 4693 2964 4764 procedebat
2989 4711 3178 4764 annus
3233 4694 3765 4767 Constantinopoli-

365 4778 503 4832 oriri
535 4778 789 4833 fortasse
809 4777 1000 4848 potuit
1027 4793 1096 4832 ex
1115 4794 1183 4832 ea
1202 4777 1496 4850 methodo,
1530 4796 1705 4851 quam
1738 4781 1810 4836 ad
1833 4797 2018 4837 annos

363 4882 492 4923 «τίκ
523 4867 1151 4938 Constantinopolitanae
1188 4869 1617 4923 connectendos
1664 4885 1796 4923 cum
1847 4872 2017 4926 annis

367 4973 494 5010 arae
527 4954 790 5028 vulgaris
820 4953 1091 5009 nonnulli
1121 4955 1362 5010 tradunt
1408 4956 1767 5029 chronologi.
1799 4957 1917 5012 Hac
1947 4958 2018 5013 de

366 5060 433 5098 re
463 5043 612 5097 mihi
645 5042 819 5098 liceat
849 5042 1024 5114 paulo
1056 5042 1246 5098 fusius
1269 5049 1641 5114 pertractare.
1692 5044 2018 5101 Gulielmus

365 5132 721 5203 Beveregius
753 5132 810 5186 in
842 5131 1321 5187 Institutionibus
1361 5131 1786 5205 chronologicis
1817 5133 1920 5188 lib.
1955 5151 2016 5204 ιι,

362 5225 558 5292 capite
615 5222 701 5291 11,
755 5221 838 5276 sic
893 5221 1102 5288 docet;
1141 5221 1314 5275 Num.
1364 5221 1398 5274 9
1430 5240 1443 5277 :
1475 5222 1667 5277 Civilis
1714 5221 2020 5278 Graecorum

357 5327 483 5368 arm
512 5315 618 5378 est,
645 5325 774 5381 qua
801 5328 835 5364 a
864 5311 1065 5365 mundi
1083 5309 1406 5382 primordiis
1433 5311 1506 5366 ad
1553 5310 1758 5365 Christi
1806 5311 2018 5366 Nativi-

356 5408 538 5456 tatem
592 5415 771 5455 armos
813 5399 955 5454 5508
1003 5399 1294 5471 completos
1353 5403 1636 5455 numerat.
1688 5399 1841 5454 Num
1896 5401 2017 5456 10:

357 5496 552 5546 Annus
595 5488 766 5560 hujus
809 5502 946 5546 εει-δε
991 5489 1136 5544 5509
1201 5487 1402 5558 incepit
1451 5504 1598 5544 anno
1666 5490 1846 5560 primo
1891 5503 2022 5546 serae

359 5581 694 5635 Christan
739 5621 752 5633 .
799 5617 812 5631 .
859 5616 872 5629 .
907 5594 940 5632 a
966 5575 1230 5632 Kalendis
1260 5574 1687 5647 Septembribus.
1733 5576 1883 5631 Num
1921 5577 2018 5632 11:

355 5677 510 5724 Anno
540 5671 712 5740 hujus
739 5682 882 5724 erae
919 5669 1225 5738 praposito,
1269 5665 1523 5720 subtrahe
1562 5667 1725 5730 5508,
1773 5667 2023 5722 residuus

351 5766 428 5816 at
489 5775 678 5816 annus
746 5770 886 5815 wn?
945 5755 1308 5822 Christiana},
1372 5770 1478 5828 quo
1543 5759 1797 5812 currente
1859 5758 2024 5828 coepit

2128 4787 2302 4837 tanus
2329 4782 2490 4848 6769,
2524 4797 2706 4852 quave
2738 4787 2974 4837 notatur
3001 4781 3176 4838 etiam
3225 4800 3414 4838 annus
3467 4801 3591 4838 sares
3641 4782 3765 4837 vul-

2127 4869 2284 4942 garis
2338 4871 2496 4924 1261.
2562 4870 2737 4942 Atqui
2799 4873 3002 4926 eadem
3070 4877 3281 4943 quarta
3346 4872 3588 4928 indictio
3655 4873 3768 4927 Ro-

2128 4975 2339 5026 mano,
2399 4965 2496 5013 aut
2555 4960 2853 5030 pontificio
2911 4976 3072 5015 more
3128 4961 3334 5032 incipit
3407 4979 3441 5016 a
3498 4961 3769 5018 Kalendis

2125 5045 2424 5102 Januariis
2455 5048 2720 5118 ejusdem
2752 5047 3042 5103 anni1261
3083 5067 3096 5117 ;
3129 5049 3424 5122 inceperat
3443 5067 3574 5106 vero
3598 5053 3770 5121 juxta

2127 5135 2456 5191 Graecorum
2494 5153 2716 5191 morem
2748 5154 2781 5190 a
2812 5137 3085 5194 Kalendis
3137 5140 3578 5211 Septembribus
3629 5139 3769 5195 anni

2128 5226 2506 5296 praecedentis
2538 5225 2786 5280 1260.Ab
2819 5226 2912 5282 his
2943 5243 3077 5299 ergo
3101 5229 3336 5283 initium
3365 5229 3547 5283 sumit
3576 5246 3767 5284 annus

2129 5314 2304 5368 etiam
2353 5315 3034 5386 Constantinopolitanus
3075 5319 3216 5372 6769
3262 5335 3396 5373 cum
3446 5335 3553 5374 sua
3610 5318 3763 5375 indi-

2129 5402 2318 5457 ctione
2348 5407 2580 5474 quarta,
2614 5419 2790 5474 quam
2821 5403 2947 5476 ipse
2975 5405 3238 5461 videlicet
3282 5424 3472 5462 annus
3493 5408 3635 5461 6769
3665 5425 3769 5480 per

2132 5491 2198 5545 15
2228 5490 2450 5546 divisus
2480 5492 2690 5561 reddit,
2726 5493 2888 5550 nulla
2934 5496 3089 5551 facta
3134 5497 3431 5551 additione
3480 5500 3580 5552 aut
3627 5499 3768 5553 sub-

2131 5580 2415 5635 tractione
2449 5597 2460 5634 :
2494 5585 2550 5635 et
2581 5583 2652 5637 ab
2685 5583 2903 5639 eisdem
2932 5585 3172 5640 demum
3208 5585 3481 5640 Kalendis
3506 5587 3768 5655 Septem«

2104 5669 2336 5732 ,bribus
2383 5669 2522 5724 anni
2576 5670 2795 5727 Juliani
2855 5675 2992 5728 1260
3058 5673 3264 5744 incipit
3335 5678 3487 5746 apud
3539 5676 3768 5733 Graecos

2129 5773 2313 5815 novus
2342 5775 2534 5816 annus
2565 5759 2987 5820 Incarnationis
3010 5763 3268 5821 1261.21
3295 5763 3454 5826 Hanc
3477 5764 3766 5839 hodieque
