4094 6490
397 439 476 498 39
1424 440 1738 501 GEORGII
1783 438 2005 501 CYPRI

2118 441 2204 501 ΞΡ.
2249 441 2776 506 ΡΑΤΒΙΑΗΟΗΑΞ
3709 457 3789 517 40

393 575 630 628 servant
667 570 777 642 ipsi
824 569 1329 640 consuetudinem,
1373 573 1438 624 ut
1483 570 1754 642 colligere
1799 571 1935 626 licet
1962 588 2030 626 ex
2061 577 2114 642 Α
2146 573 2767 646 Constantinopolitano,
2800 580 2960 648 6651,
2991 583 3087 652 qui
3144 582 3407 641 Kalends:
3456 587 3790 658 Septembris

390 678 593 718 eorum
626 658 1062 734 ’Πμερολογὶοις,
1095 677 1220 731 quae
1252 658 1500 730 singulis
1544 660 1715 715 annis
1761 661 2034 716 eduntur.

395 751 554 806 lianc
584 751 850 806 eamdem
881 750 1190 804 servabant
1234 748 1572 804 methodum
1636 749 1808 805 Russi
1844 774 1858 817 ;
1891 766 2039 821 quos

399 845 659 898 attamen
685 839 1096 895 animadvertit
1123 837 1490 894 Christianus
1525 837 1776 893 Wolﬁus
1825 837 1884 892 in
1914 840 2034 895 Ete-

396 933 595 986 mentis
624 929 922 983 matheseos
948 928 1244 992 universa},
1293 931 1452 980 tomo
1486 925 1579 996 lV,
1611 927 1670 980 in
1719 927 2039 982 Elementis

398 1015 803 1087 chronologiie,
837 1015 1026 1086 capite
1054 1015 1109 1084 5,
1141 1030 1304 1068 num.
1341 1013 1462 1081 193,
1495 1013 1564 1068 ab
1583 1015 1771 1086 aliquo
1802 1023 2039 1086 tempore

404 1107 800 1163 Kalendarzum
843 1105 1134 1160 lulianum
1180 1103 1467 1172 recepisse,
1517 1103 1780 1175 hodieque
1830 1121 2038 1159 annum

405 1197 685 1269 auspicari
707 1212 741 1249 a
767 1193 1024 1250 Kalendis
1049 1194 1326 1249 Januarii.

475 1285 635 1352 Quod
667 1284 780 1352 aio,
811 1282 953 1337 illud
989 1281 1186 1354 ipsum
1235 1280 1643 1336 disertissimis
1699 1281 1891 1337 verbis
1939 1298 2034 1337 ex-

396 1391 664 1448 pressum
690 1373 818 1445 lego
852 1371 1008 1444 apud
1040 1370 1283 1442 Pagium
1314 1369 1386 1424 ad
1419 1386 1639 1425 annum
1671 1369 1943 1439 1143,ubi
1964 1372 2035 1427 de

391 1462 701 1522 emortuali
729 1462 965 1518 Joannis
984 1461 1250 1517 Comneni
1278 1475 1430 1514 anno
1452 1474 1631 1532 agens
1660 1460 1838 1515 sicait
1867 1477 2030 1516 num.

391 1555 426 1608 9
458 1571 472 1609 :
507 1553 744 1609 Codinus
772 1553 884 1606 sive
913 1551 1163 1622 quisquis
1199 1550 1386 1604 auctor
1413 1557 1491 1605 est
1551 1548 1806 1604 Chronici
1846 1550 2034 1605 eidem

385 1643 685 1714 subjuncti,
713 1639 905 1712 prodit
929 1655 1055 1695 eum
1094 1637 1349 1694 denatum
1393 1654 1539 1694 anno
1582 1638 1795 1705 mundi,
1825 1637 2036 1695 scilicet

1326 1790 1464 1838 Anni
1497 1791 1685 1839 mundi
1715 1791 2011 1840 secundum

563 1794 705 1844 Anni
736 1791 1046 1855 Dionysiani

1427 1853 1520 1914 Cp.
1552 1868 1581 1900 a
1613 1853 1727 1901 Kal.
1756 1854 1901 1917 Sept.

507 1872 538 1905 a
557 1855 810 1905 Kalendis
831 1853 1096 1903 Januarii.

588 1950 722 1996 Ante
751 1945 1017 1994 Christum

777 1979 1017 2058 Ξῖ⁵“”““⁵
1229 1979 1240 2058 Ι
1599 1979 1741 2028 5507.

1589 2097 1730 2145 5507.

776 2138 823 2185 9-
1227 2138 1238 2207 Ι
1588 2138 1728 2207 ἐὲὁὲζ

1598 2285 1734 2333 5508.

772 2325 820 2374 ί·
1226 2325 1236 2395 Ι
1593 2325 1735 2395 ἐέὀόζ

702 2467 894 2517 Christi
1225 2465 1234 2517 I
1594 2465 1733 2510 5509.

780 2531 824 2579 1.
1223 2528 1234 2579 Ι
1593 2528 1732 2574 5510.

1581 2617 1721 2663 5510.

772 2661 820 2708 2·
1219 2661 1232 2726 Ι
1580 2661 1723 2726 seu.

1571 2922 1708 2968 6768.

726 2966 845 3013 1260
1209 2966 1220 3031 Ι
1570 2966 1708 3031 e769.

711 3107 850 3157 ίεδιο
1207 3076 1218 3184 Ι
1567 3076 1708 3184 ἓ-Ιξὲ;

2074 2448 2078 2450 ’
2498 2469 2541 2514 1.

2082 2448 2094 2856 Ι
2496 2530 2541 2576 2.

2490 2620 2540 2666 2.

2488 2684 2534 2727 3.

2147 666 2445 732 superioris
2476 667 2684 722 Christi
2709 685 2848 723 anni
2896 671 3080 740 (1142)
3130 672 3420 729 inchoatur
3469 676 3554 731 Ab
3581 678 3786 733 eodem

2149 767 2301 807 anno
2328 754 2462 808 6651
2517 755 2790 812 detractis
2849 758 3020 815 annis
3060 761 3224 829 5508,
3291 762 3542 819 habetur
3597 782 3788 822 annus

2147 857 2269 895 aeris
2297 841 2555 914 vulgaris
2581 844 2854 901 Julianus
2881 849 3026 902 1143
3059 867 3072 904 :
3104 850 3260 906 unde
3290 868 3480 908 annus
3511 853 3790 912 Constan-

2146 929 2567 1002 tinopolitunus
2596 933 2730 990 6651
2768 952 2879 990 non
2913 936 3120 1008 incipit
3147 955 3182 994 a
3213 939 3484 998 Kalendis
3525 943 3787 1016 Septem-

2146 1018 2268 1074 bris
2298 1020 2560 1090 ejusdem
2595 1022 2735 1077 anni
2765 1025 2923 1095 1143,
2957 1027 3058 1081 sed
3081 1027 3786 1100 inceperatabsKalendis

2146 1107 2504 1178 Septembris
2543 1111 2678 1166 anni
2731 1114 3053 1185 superioris
3101 1115 3260 1184 1142,
3310 1119 3384 1173 ab
3440 1120 3784 1195 eisdemque

2143 1195 2378 1252 initium
2410 1198 2587 1254 etiam
2619 1207 2949 1272 sumpserat
2997 1202 3235 1260 indictio
3294 1212 3478 1274 sexta,
3536 1215 3594 1266 et
3654 1211 3780 1283 ipse

2144 1302 2335 1342 annus
2364 1288 2970 1357 Incarnationis1143,
2995 1293 3159 1363 juxta
3209 1311 3430 1352 morem
3451 1297 3783 1356 Grecorum

2142 1373 2302 1430 Hanc
2331 1375 2569 1431 demum
2602 1393 2889 1434 annorum
2905 1381 3323 1440 connexioan
3347 1384 3783 1445 evidentissima

2143 1463 2252 1518 sub
2283 1463 2482 1519 oculos
2513 1463 2678 1521 offert
2733 1465 2966 1522 initium
3017 1469 3232 1526 tabulas
3287 1475 3606 1545 sequentis,
3654 1492 3779 1547 quae

2141 1556 2366 1623 prostat
2398 1553 2457 1607 in
2488 1554 2752 1624 ejusdem
2783 1557 2946 1628 Pagii
2976 1557 3394 1618 Dissertatione
3422 1563 3494 1618 de
3543 1564 3781 1636 periodo

2138 1641 2650 1698 Graeco-Romana.

2183 1793 2297 1832 Anni
2325 1793 2621 1834 incarnationis
2652 1795 2878 1836 secundum

2290 1808 2297 1831 ι
2325 1808 2621 1834 ωαιιτιειιιοηη
2652 1808 2764 1834 Iacui

2290 1853 2378 1915 Cp.
2413 1867 2443 1902 a
2474 1854 2586 1903 Kal.
2619 1855 2764 1918 Sept.

2299 1944 2436 1993 Ante
2463 1944 2748 1995 Christum.

3222 1801 3549 1854 Indictiones

3205 1876 3236 1912 a
3271 1864 3383 1914 Kal.
3416 1865 3561 1930 Sept.

2411 2255 2620 2425 Chxiisti.

2498 2469 2541 2514 1.

2496 2530 2541 2576 2.

2490 2620 2540 2666 2.

2488 2684 2534 2727 3.

2437 2927 2570 2971 1260.
2928 2927 2940 2975 I
3334 2929 3382 2975 3.

2437 2987 2570 3034 1261.
2927 2987 2937 3038 Ι
3341 2992 3388 3038 4.

2431 3078 2565 3124 1261.
2922 3078 2934 3127 Ι
3329 3082 3376 3127 4.

2429 3140 2565 3187 1262.
2920 3140 2931 3190 Ι
3325 3144 3370 3190 5.

436 3290 536 3346 22
569 3287 760 3346 Licuit
805 3285 864 3340 in
915 3281 1132 3339 tabella
1181 3281 1265 3336 sic
1324 3296 1510 3334 annos
1559 3277 1886 3348 disponere,
1939 3283 2004 3333 ut
2033 3283 2080 3347 B
2109 3281 2250 3334 anni
2276 3281 2413 3334 6571
2447 3280 2645 3351 (Cristi
2675 3281 2855 3350 1063),
2894 3282 3191 3338 indictione
3235 3299 3441 3354 prima.
3491 3283 3600 3338 Sed
3649 3299 3752 3337 an-

361 3378 558 3435 statim
607 3376 693 3432 vel
740 3372 893 3430 oculi
955 3369 1308 3426 intuentium
1377 3366 1836 3437 deprehendant,
1885 3367 2003 3421 dati

357 3469 496 3524 anni
525 3463 1139 3534 Constantinopolitani,
1167 3459 1286 3513 sive
1334 3457 1548 3520 mundi,
1578 3457 1696 3510 sive
1741 3458 2002 3510 Incarna-

360 3557 551 3620 tionis,
623 3569 855 3608 menses
914 3554 1166 3621 quatuor
1197 3548 1440 3618 priores,
1473 3561 1723 3615 quorum
1780 3546 2004 3614 primus

363 3644 678 3712 September
705 3645 812 3710 est,
847 3637 1008 3693 alteri
1043 3635 1336 3692 conveniri
1363 3651 1514 3688 anno
1546 3632 1918 3704 Dionysiano,
1950 3639 2006 3688 et

365 3733 532 3790 alteri
565 3746 796 3786 menses
836 3733 962 3783 octo
1022 3725 1370 3797 posteriores
1424 3739 1537 3793 quo
1593 3726 1769 3776 etiam
1832 3723 2003 3778 modo

360 3820 675 3894 dispositas
704 3818 864 3872 vides
895 3814 1262 3870 indictiones.
1296 3813 1623 3868 Graecorum
1655 3827 1815 3866 more
1845 3827 2001 3865 com-

359 3914 614 3982 putatas.
647 3907 937 3971 Quorsum
968 3919 1100 3958 vero
1133 3902 1252 3955 haac
1282 3901 1478 3956 omnia
1508 3900 1818 3970 caeteroqui
1867 3899 2003 3954 trita

356 4015 422 4053 ac
453 3997 734 4069 vulgaria,
789 3995 1000 4049 iterum
1057 3989 1250 4045 veluti
1296 3987 1888 4044 recocta?Nimirum
1939 3994 2003 4043 ut

354 4085 630 4142 ﬁdentius
662 4079 1182 4152 asseram,regulas
1213 4096 1246 4133 a
1275 4077 1582 4148 Beveregio
1619 4081 1868 4131 statutas
1899 4081 2000 4132 aut

353 4175 844 4246 abjiciendas,aut
869 4169 1065 4241 aliquo
1095 4167 1470 4238 corrigendae
1499 4167 1669 4220 modo
1693 4183 1704 4219 :
1735 4165 1999 4236 Itemque

353 4269 420 4320 ut
449 4264 610 4319 omni
641 4261 803 4317 salva
827 4276 964 4331 erga
993 4257 1147 4312 viros
1178 4255 1555 4311 doctissimos
1578 4253 1998 4323 reverentia,de

352 4351 594 4408 calculis
625 4365 825 4407 eorum
858 4347 959 4420 qui
989 4363 1022 4401 a
1052 4345 1267 4402 nostris
1299 4342 1522 4400 dissoni
1573 4347 1728 4409 sunt,
1763 4347 1994 4398 senten-

348 4442 498 4498 tiam
529 4441 742 4496 dicam.

422 4526 936 4586 Montfauconnius
981 4521 1424 4594 Palseographias
1481 4521 1684 4575 Graecae
1758 4519 1905 4574 libro
1951 4537 1991 4587 1,

348 4620 538 4691 capite
567 4620 620 4685 6,
653 4623 877 4674 veteres
909 4612 1286 4686 quamplures
1317 4627 1458 4665 mss.
1493 4609 1719 4664 codices
1763 4609 1990 4664 Graecos

348 4713 613 4763 recenset
645 4722 657 4760 :
692 4711 980 4776 notasque
1011 4699 1315 4757 chronicas
1348 4698 1512 4754 affert
1545 4714 1670 4768 qua:
1703 4696 1761 4750 in
1795 4697 1865 4752 iis
1895 4713 1988 4751 oc-

346 4801 609 4852 currunt.
643 4800 780 4867 Pag.
813 4795 882 4847 45
914 4812 927 4849 :
957 4791 1012 4847 Is
1041 4791 1316 4846 absolutus
1343 4789 1450 4858 fuit
1498 4801 1643 4841 anno
1701 4786 1842 4838 6594
1872 4785 1993 4852 (hoc

349 4895 430 4940 est
463 4884 668 4939 Christi
694 4884 840 4954 986).
873 4883 1065 4937 Mensis
1094 4878 1410 4935 Novembris
1439 4878 1528 4930 27.
1588 4877 1750 4929 Feria
1787 4875 1986 4929 hebdo-

347 4973 526 5029 madis
555 4977 733 5028 sexta.
776 4971 966 5026 Verba
1007 4967 1238 5024 lineolis
1298 4965 1525 5020 inclusa
1582 4964 1855 5035 apposuit
1902 4963 1988 5017 vir

349 5063 748 5118 doctissimus.
788 5063 1021 5114 Annum
1069 5074 1173 5130 ego
1222 5057 1327 5110 985
1383 5052 1809 5109 enuntiandum
1859 5067 1988 5107 esse

347 5152 484 5207 aio:
527 5150 702 5222 idque
753 5147 1047 5220 colligitur
1104 5164 1172 5202 ex
1227 5145 1321 5200 die
1366 5144 1436 5197 27
1481 5143 1798 5198 Novembris
1843 5143 1986 5212 feria

340 5244 520 5307 sexta,
552 5245 756 5293 Annus
786 5237 893 5290 986
924 5235 1149 5307 cyclum
1200 5233 1341 5290 solis
1391 5233 1569 5288 habet
1613 5248 1684 5286 xv
1727 5236 1783 5286 et
1833 5229 1986 5284 litte-

342 5346 466 5384 ram
499 5327 915 5383 Dominicalcm
949 5326 1009 5392 Ο,
1054 5340 1178 5394 qua:
1217 5323 1276 5376 in
1331 5321 1678 5376 Kalendario
1729 5318 1884 5373 diem
1914 5319 1984 5371 27

339 5417 682 5474 Novembris
714 5415 967 5472 ostendit
996 5430 1124 5467 esse
1176 5413 1497 5467 Sabbatum
1531 5429 1542 5464 :
1577 5416 1634 5465 at
1664 5409 1859 5481 cyclus
1891 5424 1982 5462 so-

338 5505 413 5560 lis
443 5524 534 5562 x1v
573 5511 630 5561 et
676 5505 869 5560 littera
916 5501 1296 5557 Dominicalis
1347 5500 1390 5553 D
1446 5499 1504 5553 in
1556 5515 1707 5554 anno
1753 5497 1878 5562 985,
1909 5496 1980 5550 ad

339 5595 542 5654 eadem
595 5594 938 5652 Novembris
985 5591 1132 5647 diem
1175 5591 1245 5642 27
1313 5588 1572 5642 referunt
1615 5589 1812 5658 feriam
1859 5609 1982 5649 sex-

341 5693 550 5846 “big.
580 5773 654 5828 52
676 5790 690 5834 ;
712 5772 906 5830 Mensis
932 5768 1247 5828 Novembris
1275 5767 1524 5840 septima,
1545 5768 1692 5839 feria
1713 5771 1975 5842 quinta...

2115 3386 2253 3423 num
2291 3371 2427 3423 1062
2456 3369 2668 3424 evincit
2710 3371 2937 3425 indictio
2982 3373 3188 3441 prima,
3222 3387 3348 3442 quis
3401 3389 3434 3426 a
3481 3370 3754 3426 Kalendis

2112 3457 2470 3529 Septembris
2497 3459 2759 3527 ejusdem
2791 3459 2928 3512 anni
2959 3459 3094 3514 1062
3124 3459 3360 3532 incepit.
3385 3461 3589 3516 Annus
3614 3460 3751 3515 1062

2115 3552 2348 3600 notatur
2379 3547 2568 3601 littera
2606 3547 2951 3602 Dominicali
3002 3548 3042 3602 F
3089 3553 3145 3604 et
3193 3565 3385 3604 annus
3434 3549 3752 3620 insequens

2116 3636 2254 3688 1063
2283 3634 2474 3689 littera
2505 3635 2850 3690 Dominicali
2881 3635 2942 3690 E.
2977 3636 3078 3691 Illo
3109 3653 3262 3705 vero,
3327 3653 3440 3691 non
3503 3637 3617 3692 ista
3670 3640 3752 3707 [e-

2112 3727 2256 3778 riam
2287 3725 2538 3794 quintam
2568 3723 2754 3795 illigat
2782 3741 2914 3779 cum
2947 3725 3040 3780 die
3068 3727 3299 3796 septima
3327 3726 3662 3781 Novembris.

2182 3814 2320 3884 Pag.
2350 3813 2419 3867 58
2451 3832 2466 3866 :
2499 3814 2596 3868 Die
2623 3814 2694 3866 20
2722 3814 3203 3885 Novembris,/eria
3231 3821 3568 3881 sexta,anno
3589 3815 3752 3883 6634,

2113 3901 2189 3973 (id
2219 3911 2294 3956 est
2324 3902 2538 3957 Christi
2595 3903 2750 3973 1126)
2801 3903 3098 3959 indictione
3144 3906 3363 3975 quarta.
3421 3903 3637 3958 lterum
3669 3905 3754 3958 in-

2109 3990 2272 4045 dictio
2290 3994 2488 4061 quarta
2518 4007 2736 4045 annum
2769 3991 3001 4047 exhibet
3031 3993 3190 4060 1126,
3239 3992 3535 4064 inceptum
3592 4009 3752 4048 more

2109 4079 2439 4134 Graecorum
2473 4096 2505 4133 a
2535 4078 2808 4135 Kalendis
2830 4079 3190 4152 Septembris
3211 4081 3348 4135 anni
3371 4081 3750 4153 praecedentis

2110 4169 2266 4222 1125.
2299 4167 2523 4222 Feriam
2554 4184 2685 4223 vero
2741 4173 2954 4224 sextam
3009 4185 3143 4223 cum
3201 4169 3291 4225 die
3317 4169 3387 4223 20
3436 4171 3749 4225 Novembris

2105 4256 2325 4312 indicat
2373 4256 2567 4312 littera
2618 4257 2993 4313 Dominicalis
3051 4261 3094 4311 D
3151 4257 3290 4313 anni
3341 4258 3499 4327 1124,
3557 4275 3671 4314 non
3704 4259 3745 4316 C

2106 4346 2243 4400 anni
2280 4347 2432 4401 1126.

2174 4439 2311 4506 Pag.
2344 4435 2409 4488 61
2447 4451 2459 4488 :
2495 4431 2815 4502 Ἐτελειώθη
2861 4429 2918 4487 δὲ
2956 4431 3008 4487 ἐν
3071 4428 3173 4488 ἔτει
3229 4437 3309 4505 τῷ
3367 4433 3470 4486 ἀπὸ
3522 4432 3744 4494 κτίσεως

2100 4521 2308 4592 κόσμου
2339 4517 2649 4595 ,ςχοςζῖνᾶ
2686 4519 2936 4590 α’.ἡλίου
2969 4520 3157 4595 κύκλῳ
3191 4522 3280 4597 ιβ’,
3315 4519 3550 4593 σελήνης
3586 4523 3644 4593 ζ’,
3670 4521 3744 4584 εἷς

2098 4609 2192 4670 τὰς
2226 4606 2404 4662 ιδ’τοῦ
2454 4603 2816 4682 Δεκεμϐμίου,
2865 4610 3046 4686 ἡμέρᾳ
3089 4613 3145 4667 ε’.
3198 4613 3506 4683 Completus
3565 4622 3746 4668 autem

2100 4704 2179 4754 est
2207 4715 2350 4755 anno
2398 4717 2434 4754 a
2489 4701 2764 4755 creatione
2819 4701 3014 4756 mundi
3065 4702 3211 4756 6676
3275 4701 3503 4773 (Christi
3559 4701 3740 4772 1168),

2099 4789 2291 4844 indici.
2330 4790 2379 4853 1,
2412 4789 2554 4860 cycli
2604 4790 2737 4843 satis
2785 4789 2845 4856 X,
2895 4790 3048 4846 tunae
3099 4789 3206 4855 VII,
3254 4789 3558 4844 Decembris
3599 4791 3745 4861 feria

2098 4879 2149 4931 4.
2185 4877 2291 4932 Ubi
2320 4879 2506 4949 cyclus
2534 4878 2663 4933 solis
2684 4894 2751 4932 ex
2775 4881 2970 4934 Graeco
2988 4884 3147 4934 textu
3171 4879 3503 4934 reddendus
3537 4884 3737 4948 estxu,

2097 4968 2355 5039 itemque
2384 4967 2537 5037 feria
2574 4968 2610 5022 V
2638 4968 3058 5035 enumeranda,
3093 4984 3159 5023 ac
3199 4969 3434 5022 demum
3473 4967 3740 5023 addenda

2095 5055 2212 5110 dies
2245 5057 2313 5110 14
2345 5055 2675 5110 Decembris.
2713 5057 3008 5127 Imprimis
3041 5073 3238 5112 mense
3286 5057 3570 5112 Decembri
3597 5056 3739 5111 anni

2094 5144 2313 5201 Juliani
2347 5145 2482 5198 1168
2506 5145 2631 5214 jam
2664 5162 2696 5199 a
2727 5146 3049 5216 Septembri
3084 5145 3428 5218 praecedenti
3469 5145 3738 5200 currebat

2094 5232 2774 5305 Constantinopolitanus
2806 5251 2995 5290 annus
3021 5235 3181 5303 6677,
3232 5235 3386 5306 quod
3437 5233 3611 5290 etiam
3661 5233 3734 5289 ad

2093 5323 2367 5378 eumdem
2401 5339 2620 5377 annum
2651 5322 2866 5378 Sethus
2897 5323 3184 5379 Calvisius
3236 5323 3478 5378 adnotat
3511 5323 3735 5378 :Annus

2096 5412 2729 5482 Constantinopotitanus
2759 5414 2899 5466 6677
2951 5414 3145 5483 incipit
3184 5412 3442 5467 Kalendis
3492 5410 3733 5467 Octobris

2091 5501 2240 5573 (lege
2273 5505 2335 5554 tu
2370 5500 2740 5570 Septembris).
2774 5501 3024 5557 Consule
3057 5502 3296 5574 Pagium
3323 5502 3381 5556 in
3415 5501 3732 5557 Dissert.de

2090 5590 2333 5644 Periodo
2365 5589 2859 5646 Graeco-Romana
2888 5592 2986 5647 28
3019 5607 3052 5645 a
3081 5607 3246 5646 num.
3279 5591 3350 5645 70
3380 5595 3436 5646 et
3468 5592 3726 5646 num.95.

2090 5680 2291 5750 Itaque
2311 5694 2502 5733 annus
2524 5677 3207 5752 Constantinopolitanus
3223 5679 3366 5733 6676
3394 5695 3429 5734 a
3454 5678 3729 5736 Kalendis

2087 5767 2450 5842 Septembris
2480 5766 2858 5824 anniJuliani
2889 5770 3028 5824 1167
3056 5769 3371 5842 inceperat,
3421 5766 3724 5826 currebat-
