4094 6474
242 473 288 531 tl
1569 473 1747 534 Vl'l‘A
1762 519 1777 534 .
1810 509 1884 520 --
1924 478 2175 536 NOTAE.

3495 480 3574 536 42

239 619 320 674 que
341 618 516 658 mense
551 603 844 658 Decembri
862 602 1128 673 ejusdem
1157 606 1313 658 anni.
1348 604 1488 659 Rem
1513 606 1821 660 conﬁrmat
1849 610 1902 673 Α
1934 609 2151 661 veniam
2179 610 2524 678 gratiamque
2550 625 2679 677 erga
2710 608 3037 663 Holobolum
3053 616 3207 664 tuam
3234 611 3578 678 permittens.

241 693 410 747 indu-tio
434 694 638 762 prima,
672 708 802 762 qua;
839 693 1012 761 juxta
1054 692 1380 747 Graecorum
1434 710 1653 748 morem
1690 710 1821 749 cum

241 797 341 836 novo
362 797 504 835 anno
535 781 607 835 ab
638 781 862 836 eisdem
911 781 1182 836 Kalendis
1214 782 1654 852 Septembribus
1686 782 1823 836 anni

237 871 333 924 1167
354 869 575 925 initium
631 874 990 941 sumpserat.
1024 870 1259 925 Accedit
1305 871 1726 926 demonstratio
1759 888 1826 926 ex

41 923 164 1040 jﬂ
233 962 332 1028 rma
359 961 405 1025 ιν,
435 923 579 1030 quae
633 923 987 1027 ἷιηηεῖζιᾷοιί
1021 923 1737 1025 segmentatas
1763 923 1824 1013 iii

230 1049 334 1103 diem
355 1048 409 1102 14
456 1048 788 1103 Decembris.
822 1051 1030 1102 Annus
1075 1048 1211 1102 1168
1258 1047 1578 1120 insignitus
1624 1063 1823 1119 proce-

226 1137 352 1191 debat
376 1136 568 1191 littera
620 1135 961 1191 Dominicali
994 1135 1106 1206 GF,
1139 1138 1295 1191 unde
1338 1136 1462 1192 dies
1492 1136 1824 1192 Decembris

220 1225 481 1280 duodecima
513 1225 626 1279 fuit
655 1226 804 1294 feria
830 1227 1048 1296 quinta.
1096 1227 1262 1279 Anno
1294 1225 1656 1296 praecedente
1689 1225 1826 1278 1167

218 1304 438 1370 currebat
467 1314 668 1368 littera
694 1311 1070 1368 Dominicalis
1089 1315 1156 1383 A,
1182 1329 1308 1383 qua:
1336 1315 1546 1384 feriam
1574 1314 1828 1384 quintam

217 1405 460 1459 connectit
504 1419 637 1457 cum
685 1402 776 1456 die
823 1403 890 1456 14
936 1401 1267 1456 Decembris.
1329 1401 1589 1470 Denique
1636 1417 1826 1456 annus

217 1492 568 1564 Dionysiauus
615 1491 755 1545 1168
803 1495 863 1546 et
909 1507 1102 1546 annus
1147 1489 1827 1564 Constantinopolitanus

213 1583 325 1635 6676
374 1581 597 1636 habent
661 1581 881 1651 cyclum
927 1579 1076 1646 solis,
1127 1578 1223 1634 ille
1283 1581 1553 1650 primum,
1614 1584 1671 1634 et
1717 1579 1827 1634 iste

212 1669 578 1735 duodecimum,
610 1669 999 1739 eamdemque
1020 1667 1278 1724 litteram
1300 1667 1720 1724 Dominicalem
1739 1670 1828 1722 GF

210 1776 237 1813 ι
255 1757 508 1814 Kalendis
538 1756 840 1812 Januariis
873 1773 887 1810 :
920 1760 976 1810 et
1004 1770 1156 1810 anno
1186 1757 1528 1827 praecedenti
1560 1757 1830 1812 currebat

206 1847 373 1919 cyclns
400 1844 547 1902 solis
580 1844 976 1916 Dionysianus
1005 1843 1230 1898 XXVIII
1261 1849 1317 1900 et
1345 1845 1826 1916 Constantinopo-

1934 697 2134 750 Plures
2165 697 2360 768 itaque
2407 713 2592 752 annos
2623 696 3127 768 Constantinopoli
3160 696 3389 752 scholas
3419 713 3578 752 rexe—

1934 788 2021 838 rat
2050 783 2398 855 Acropolita.
2431 785 2488 839 Is
2517 786 2696 840 etiam
2729 789 2835 850 est,
2869 785 2969 856 qui
3016 785 3107 840 sui
3139 785 3418 857 temporis
3449 785 3580 842 His-

1933 873 2144 927 toriam
2195 872 2451 944 scripsit,
2502 874 2670 944 cujus
2702 890 2817 928 non
2869 890 3056 946 pauca
3086 873 3368 930 hactenus
3415 874 3582 930 dedi-

1937 975 2068 1015 mus
2099 966 2386 1034 excerpta.
2425 965 2581 1017 Inter
2609 962 2803 1034 Cyprii
2849 961 3142 1034 Epistolas
3174 961 3425 1035 legimus
3456 963 3580 1018 ins-

1934 1049 2201 1121 criptam.
2233 1050 2562 1120 Acropotitae
2590 1052 2857 1120 magistro
2886 1066 3002 1106 suo.

2005 1139 2116 1208 (22)
2147 1140 2478 1210 Priusquam
2521 1139 2591 1194 ad
2639 1139 2816 1193 alium
2846 1139 3089 1209 aliquem
3116 1155 3186 1194 ea:
3218 1137 3584 1195 Aristotelicis

1932 1228 2217 1297 gradibus,
2273 1233 2380 1283 etc.
2435 1228 2773 1283 MethodUm
2823 1228 3242 1295 animadverte,
3297 1244 3474 1300 quam
3523 1228 3581 1282 in

1935 1315 2262 1388 disciplinis
2311 1316 2610 1372 tradendis
2657 1316 2988 1388 Acropolita
3037 1317 3323 1372 servabat.
3367 1317 3583 1372 Trade-

1936 1405 2035 1460 hat
2065 1405 2318 1476 primum
2363 1403 2791 1477 Syllogisticam
2824 1409 2880 1459 et
2907 1404 3268 1476 Analyticam
3301 1405 3580 1460 Aristote-

1935 1493 2029 1561 lis,
2059 1499 2186 1548 tum
2215 1492 2603 1560 Rhetoricam,
2635 1510 2702 1549 ac
2732 1494 3006 1566 deinceps
3036 1493 3414 1565 profundiore
3445 1493 3578 1547 Ari-

1936 1581 2197 1638 stotelica
2245 1582 2662 1655 Metapbysica,
2695 1587 2750 1638 et
2779 1583 2851 1638 de
2878 1582 3122 1655 Physico
3169 1581 3370 1638 auditu
3403 1583 3579 1637 docu-

1936 1676 2155 1727 menta.

2005 1759 2116 1831 (23)
2146 1760 2438 1830 Aggressus
2466 1768 2543 1816 est
2570 1759 2770 1828 studia,
2804 1776 2929 1815 cum
2951 1775 3160 1815 annum
3180 1762 3367 1828 ageret
3393 1759 3584 1814 vicesi-

1935 1865 2088 1904 mum
2115 1851 2347 1915 sextum,
2379 1850 2556 1921 iisque
2587 1850 2750 1904 finem
2795 1850 3080 1920 imposuit,
3109 1864 3234 1903 cum
3261 1855 3449 1919 ageret
3480 1847 3582 1902 tri-

205 1935 392 1991 litanus
435 1933 513 2041 ξι
548 1950 700 2041 lcu’m
749 1932 941 2041 littera
990 1931 1335 2041 Dominicali
1380 1935 1605 2041 A.'Qua
1649 1934 1720 1988 de
1766 1949 1827 1988 re
1861 1977 1908 2041 Β
1935 1941 2197 1994 cesimum
2224 1939 2466 1993 tertium.
2500 1940 2664 1993 Anno
2705 1937 2886 2009 igitur
2916 1937 3134 1992 Christi
3185 1936 3417 1992 circiter
3449 1936 3584 1991 1264

204 2024 434 2096 expende
467 2022 732 2076 Tabulam
759 2022 1036 2092 cyclorum
1067 2022 1336 2076 solarium
1376 2025 1428 2076 et
1459 2022 1744 2076 lunarium
1774 2023 1832 2076 in

201 2115 312 2169 tris
339 2112 645 2167 mundanis
697 2110 1007 2166 Graecorum
1038 2111 1191 2182 apud
1226 2110 1467 2182 Pagium
1514 2110 1574 2165 in
1607 2110 1830 2166 Disser-

203 2202 398 2258 tatione
427 2202 502 2256 de
558 2199 806 2255 Periodo
855 2199 1374 2266 Graeco-Romana,
1405 2216 1472 2255 ac
1518 2215 1830 2255 numerum

199 2290 415 2346 consule
444 2290 539 2344 70.

255 2378 374 2434 Alia
404 2395 528 2434 non
559 2393 749 2450 pauca
777 2377 994 2432 ibidem
1040 2377 1193 2448 apud
1224 2377 1719 2433 Montfauconium
1750 2376 1831 2432 si-

201 2469 341 2523 milia
368 2471 695 2523 occurrunt
721 2466 1006 2538 exempla.
1043 2466 1244 2522 Fateor
1265 2471 1519 2522 attamen
1549 2465 1833 2521 nonnulla

201 2563 464 2628 prostare,
498 2571 630 2627 qua!
664 2554 980 2618 adversari
1021 2554 1308 2610 videntur.
1359 2558 1496 2627 Pag.
1529 2555 1600 2608 50
1631 2572 1644 2611 :
1677 2555 1852 2623 Anno.

196 2648 318 2701 6358
347 2645 584 2716 (Christi
613 2644 799 2711 1050,)
821 2659 1006 2698 mense
1034 2643 1285 2699 Octobris
1313 2644 1404 2711 25,
1445 2645 1588 2714 feria
1616 2645 1829 2716 quinta.

197 2744 416 2790 Annum
446 2734 800 2806 praedictum
825 2732 1126 2788 Julianum
1155 2733 1292 2787 1050
1323 2732 1615 2788 afﬁciebat
1642 2732 1834 2787 littera

195 2823 562 2879 Dcminicalis
592 2822 662 2890 G,
696 2837 822 2893 qua
861 2823 1065 2892 feriam
1096 2821 1138 2877 V
1166 2821 1445 2876 transfert
1473 2821 1532 2875 in
1582 2821 1736 2876 diem
1763 2821 1834 2874 25

191 2915 426 2970 Octobris
449 2911 724 2983 ejusdem
756 2910 894 2965 anui
925 2911 1082 2965 1050.
1109 2915 1182 2964 At
1203 2926 1364 2966 error
1394 2910 1641 2965 fortasse
1662 2910 1835 2966 cubat

195 3001 242 3055 in
269 3002 432 3068 feria,
459 2999 554 3056 vel
593 3000 654 3054 in
702 3000 796 3054 die
829 3015 842 3053 :
878 2999 1375 3071 quemadmodum
1423 2999 1562 3054 vitio
1609 2997 1836 3054 laborat

194 3093 418 3146 iudidio
473 3091 569 3155 12,
601 3083 705 3142 ἰνδ.
747 3087 836 3158 ιβ’,
871 3105 998 3158 qua
1029 3087 1242 3160 legitur
1271 3087 1331 3144 in
1381 3091 1541 3144 textu
1589 3087 1784 3143 Graeco
1817 3103 1832 3144 :

187 3181 455 3236 currebat
501 3178 665 3234 enim
717 3194 869 3232 anno
902 3178 1039 3232 1050
1085 3177 1326 3233 indictio
1358 3178 1413 3243 3,
1444 3194 1561 3233 non
1614 3178 1699 3232 12.
1731 3175 1832 3232 Vel

185 3271 354 3324 etiam
385 3284 497 3340 pro
525 3267 700 3339 genio
740 3265 1014 3321 librarius
1065 3283 1284 3321 annum
1309 3267 1450 3321 6558
1479 3283 1513 3322 a
1557 3265 1834 3322 Kalendis

1940 2027 2000 2082 in
2031 2026 2400 2097 disciplinam
2431 2027 2772 2099 Acropolitae
2795 2043 2856 2082 se
2886 2026 3129 2082 tradidit
3149 2026 3452 2098 Georgius.
3475 2028 3586 2081 An-

1940 2133 2014 2171 no
2045 2116 2183 2170 1273
2211 2115 2527 2171 litterariae
2558 2115 2792 2187 reliquit
2823 2114 3285 2171 exercitationes.
3317 2114 3461 2170 Vide
3489 2129 3588 2170 no-

1939 2209 2030 2260 tas
2058 2205 2138 2275 (6)
2168 2207 2224 2260 et
2251 2204 2329 2275 (8)
2361 2209 2417 2258 et
2445 2204 2555 2275 (11)
2588 2208 2645 2259 et
2673 2203 2805 2275 (16).

2009 2293 2120 2365 (24)
2151 2294 2311 2350 Circa
2358 2292 2612 2362 dogmata
2656 2294 2954 2360 innovatio,
3000 2296 3056 2347 et
3099 2292 3358 2349 Ecclesia
3405 2291 3581 2348 turbo.

1939 2381 2069 2438 Hec
2116 2381 2453 2454 signiﬁcant
2499 2385 2826 2452 promotam
2874 2397 2909 2436 a
2955 2379 3234 2436 Michaele
3264 2377 3583 2451 Palaeologo

1940 2470 2328 2526 Ecclesiarum
2373 2468 2762 2536 concordiam,
2799 2467 3126 2539 ini‘tamque
3174 2483 3326 2523 anno
3355 2467 3493 2521 1274
3523 2467 3581 2521 in

1941 2557 2183 2614 concilio
2233 2558 2630 2630 Lugdunensi,
2660 2573 2726 2613 ac
2771 2557 2908 2612 inde
2939 2561 3171 2612 exortae
3221 2557 3282 2611 in
3329 2554 3586 2611 Ecclesia

1941 2646 2583 2718 Constantinopolitana
2628 2646 2927 2702 factiones.
2978 2645 3189 2700 Eadem
3235 2645 3431 2711 verba,
3487 2645 3584 2696 τοῦ

1942 2733 2215 2809 δόγματος
2247 2733 2587 2808 κοινοτομίᾳ,
2604 2739 2852 2806 usurpat
2866 2734 3277 2790 schismaticu‘s
3302 2737 3586 2806 Gregoras

1940 2825 2090 2880 libro
2119 2843 2196 2893 v1,
2229 2841 2355 2896 cap.
2391 2826 2441 2893 1,
2477 2841 2640 2880 num.
2667 2826 2721 2878 5.
2753 2822 2998 2896 Cyprius
3029 2821 3298 2880 Michaeli
3328 2822 3586 2894 impera-

1944 2914 2056 2970 tori
2083 2915 2355 2969 studebat
2387 2930 2400 2968 :
2436 2930 2549 2986 quo
2591 2913 2884 2982 defuncto,
2912 2915 3013 2966 aut
3063 2911 3413 2966 sententiam
3457 2927 3586 2965 mu-

1944 3003 2110 3070 tavit,
2143 3006 2244 3058 aut
2273 3019 2450 3075 quam
2482 3003 2646 3057 intus
2675 3001 2734 3056 in
2765 3000 2961 3056 animo
2987 3000 3297 3064 retinebat,
3326 2999 3591 3071 deposita

1945 3091 2338 3161 simulatione,
2372 3091 2565 3164 palam
2593 3091 2745 3147 fecit.
2776 3090 2894 3145 Hac
2940 3091 3010 3144 de
3041 3105 3102 3144 re
3132 3089 3191 3143 in
3224 3087 3592 3144 Dissertatio-

1945 3199 2018 3238 ne
2047 3181 2335 3254 sequenti.

2017 3271 2130 3342 (25)
2160 3271 2349 3325 Animi
2393 3284 2566 3335 cura,
2595 3270 2660 3324 in
2705 3284 2844 3340 quas
2895 3267 3050 3322 modo
3097 3266 3258 3321 dictis
3303 3264 3589 3320 timoribus

185 3357 530 3412 Juanuariis
563 3355 990 3410 numeraverit:
1025 3356 1178 3426 quod
1211 3373 1244 3410 a
1273 3356 1482 3411 Russis
1505 3353 1676 3411 hodie
1707 3355 1832 3410 ﬁeri
1863 3347 1905 3414 C
1941 3360 2161 3429 solutis,
2189 3366 2500 3430 pertractus
2530 3367 2580 3413 et
2632 3359 2862 3412 traditus
2910 3361 3008 3412 est.
3044 3353 3478 3410 Ecclesiasticos
3502 3352 3585 3408 vi-

187 3463 314 3501 mm
342 3446 569 3500 “’olﬁo
601 3445 1032 3500 adnotavimus.
1064 3445 1146 3499 Ex
1183 3443 1290 3500 hac
1321 3444 1836 3501 dissertatiuncula

189 3535 337 3590 haud
363 3551 582 3607 parum
603 3533 980 3589 emolumenti
1004 3534 1443 3606 percipiendum
1457 3538 1546 3591 est
1567 3533 1836 3606 sequenti

190 3626 242 3679 in
294 3624 729 3680 Dissertatione
775 3624 819 3689 Ι,
865 3622 1057 3692 capite
1106 3623 1156 3692 1,
1206 3639 1369 3678 num.
1421 3625 1474 3690 4,
1512 3625 1572 3678 in
1619 3623 1837 3694 insigni

187 3715 446 3782 quadam
491 3711 910 3768 constituenda
955 3711 1195 3782 epocha,
1230 3728 1406 3782 quam
1455 3711 1836 3782 Pachymeres

189 3804 479 3874 exprimit,
514 3819 582 3858 ac
608 3817 912 3872 perperam
936 3800 1236 3866 Pessinus,
1266 3801 1596 3856 Bandurius
1627 3806 1683 3856 et
1713 3799 1838 3856 Bol-

188 3891 442 3948 Laudiani
477 3891 834 3964 intelligunt.
866 3889 1163 3946 Chronica
1193 3889 1316 3945 aliae
1343 3889 1718 3946 difficultates
1740 3906 1834 3945 oc-

187 3986 444 4051 current,
475 3997 602 4052 quae
625 3985 827 4036 nostra
850 3978 1230 4050 computandi
1253 3978 1528 4034 methodo
1551 3978 1834 4049 adhibita,

185 4085 471 4125 ςιιειθδοα
481 4075 564 4123 nt.

245 4160 356 4228 2.21;
443 4158 752 4230 Imperator
810 4200 824 4211 .
863 4199 875 4210 .
915 4199 927 4211 .
984 4156 1350 4227 Acropolitam
1413 4197 1425 4210 .
1463 4197 1474 4210 .
1512 4196 1525 4209 .
1584 4155 1840 4211 civilibus

181 4247 362 4314 ipsum.
409 4250 571 4302 curis
618 4247 920 4301 liberavit:
959 4260 1120 4316 seque
1163 4245 1258 4300 ille
1282 4249 1545 4316 paratum
1592 4245 1842 4300 exhibuit

181 4337 246 4390 iis
277 4338 564 4406 (mnibus,
596 4338 696 4408 qui
737 4334 941 4390 audire
969 4349 1093 4389 eum
1136 4335 1334 4389 vellent
1365 4335 1705 4405 magistrum.
1739 4337 1838 4388 Ce-

177 4425 570 4481 ieberrimum
595 4425 789 4479 virum
811 4422 1076 4494 intelligo
1097 4421 1407 4495 Georgium
1426 4421 1838 4494 Acropolitam,

175 4514 246 4568 de
281 4531 404 4586 quo
433 4513 620 4568 latius
652 4513 773 4585 agit
804 4511 1056 4567 Allatius
1082 4511 1141 4565 in
1170 4511 1426 4566 Diatriba
1456 4511 1526 4565 de
1557 4510 1838 4582 Georgiis.

171 4602 524 4658 Plurimum
557 4601 738 4657 valuit
765 4600 825 4654 in
859 4599 995 4655 aula
1035 4598 1432 4671 imperatoria,
1464 4598 1688 4670 fuitque
1721 4599 1840 4655 Ma-

170 4707 339 4762 gnus
367 4691 718 4764 Iogotheta,
743 4688 1078 4762 reipublicae
1110 4688 1671 4744 administrationem
1705 4705 1840 4744 cum
1871 4711 1918 4776 D

169 4779 546 4852 imperatore
574 4796 806 4852 gerens.
841 4778 1002 4834 Hanc
1032 4777 1374 4850 dignitatem
1397 4777 1650 4833 declarat
1675 4777 1842 4833 Jaco-

167 4869 290 4923 bus
343 4870 506 4924 Guar
553 4869 613 4923 in
661 4868 818 4923 notis
868 4867 942 4922 ad
992 4865 1296 4921 Codinum.
1355 4869 1682 4922 Germanus
1740 4867 1839 4933 III,

163 4957 528 5027 patriarcha
552 4953 1250 5026 Constantinopolitanus,
1282 4955 1380 5026 qui
1423 4955 1702 5011 thronum
1735 4955 1839 5010 Ec-

161 5045 377 5101 clesia
409 5062 571 5101 anno
604 5045 745 5099 1266
776 5045 880 5100 24
909 5043 997 5098 vel
1029 5043 1358 5114 insequenti
1388 5044 1745 5110 conscendit,
1779 5060 1844 5099 ac

1943 3466 2059 3519 ros,
2093 3447 2354 3519 aliosque
2401 3448 2473 3502 ad
2525 3445 2893 3502 concordiam
2943 3442 3332 3499 Ecclesiarum
3377 3441 3586 3497 ineun-

1946 3539 2097 3606 dam,
2131 3537 2436 3606 eidemque
2483 3535 2640 3589 initae
2699 3533 3182 3589 consentiendum
3234 3547 3350 3602 qua
3381 3530 3582 3597 minis,

1947 3644 2064 3698 qua
2106 3623 2345 3691 exsiliis,
2395 3624 2713 3695 imperator
2758 3621 3270 3678 vehementissime
3316 3619 3582 3692 urgebat.

1947 3715 2354 3788 Pachymerem
2388 3714 2513 3784 lege
2543 3711 2690 3767 libro
2719 3729 2773 3778 ν,
2809 3729 2842 3766 a
2885 3713 3073 3782 capite
3105 3711 3190 3764 11.
3223 3708 3368 3764 Hinc
3401 3706 3584 3762 animi
3635 3721 3638 3724 ’

1944 3821 2088 3860 curae
2109 3812 2164 3858 et
2182 3802 2574 3859 sollicitudines
2595 3801 2653 3855 in
2674 3799 2916 3872 Georgio
2937 3799 3174 3871 Cyprio;
3207 3814 3335 3869 quae
3358 3801 3582 3869 postea,

1945 3893 2278 3948 Andronico
2312 3892 2449 3946 1282
2493 3893 2829 3961 capessente
2872 3888 3204 3960 imperium,
3233 3887 3420 3942 soluta
3463 3886 3588 3940 fue-

1947 3985 2103 4036 runt.
2136 3981 2282 4035 Tum
2314 3995 2444 4034 vero
2480 3977 2610 4033 aliis
2661 3977 2840 4032 animi
2871 3976 3028 4032 curis
3077 3975 3320 4048 Cyprius
3351 3975 3591 4030 affectus

1946 4076 2055 4140 est,
2087 4069 2370 4141 dignitate
2402 4065 2777 4139 patriarchali
2808 4069 3066 4121 ornatus.

2020 4159 2136 4229 (26)
2182 4157 2260 4212 Ad
2306 4171 2588 4212 summum
2640 4155 3087 4226 patriarcharum
3135 4154 3391 4208 thronum
3434 4167 3587 4207 cons-

1949 4249 2137 4305 cendit
2170 4290 2181 4302 .
2220 4290 2232 4301 .
2270 4289 2282 4301 .
2309 4245 2516 4302 Incidit
2539 4247 2712 4300 etiam
2757 4245 2817 4298 in
2847 4251 3090 4315 tempora
3117 4242 3284 4297 dubia
3321 4257 3390 4296 ex
3415 4241 3587 4295 schis-

1949 4339 2276 4393 maticor-um
2312 4338 2518 4406 lurore,
2551 4337 2600 4389 et
2646 4333 2927 4405 difficilia.
2959 4331 3268 4404 Georgium
3313 4329 3588 4402 Cyprium

1952 4429 2024 4484 ad
2055 4423 2499 4498 patriarchalem
2521 4423 2865 4494 dignitatem
2898 4418 3590 4494 promovitAndronicus,

1950 4517 2129 4586 hujus
2177 4513 2432 4570 nominis
2481 4513 2796 4584 imperator
2835 4512 2906 4578 ΙΙ,
2939 4511 3133 4566 dictus
3179 4509 3354 4564 etiam
3400 4507 3595 4563 Senior

1951 4608 2218 4675 respectu
2265 4602 2462 4657 habito
2494 4603 2589 4658 25
2625 4602 2697 4656 ad
2746 4599 3144 4655 Andronicum
3195 4598 3269 4652 III
3301 4600 3591 4667 nepotem.

1950 4695 2153 4749 Annus
2208 4690 2422 4747 Christi
2487 4690 2825 4746 volvebatur
2872 4688 3030 4742 1283.
3096 4685 3480 4757 Pachymeres
3535 4684 3595 4738 in

1949 4781 2278 4838 Andronico
2331 4778 2480 4835 libro
2540 4797 2580 4844 1,
2639 4778 2828 4851 capite
2878 4778 2966 4842 14,
3023 4776 3286 4830 Martium
3333 4787 3596 4828 mensem

1949 4871 2235 4940 enuntiat,
2277 4885 2392 4940 quo
2446 4869 2688 4940 Cyprius
2740 4867 3128 4922 monasticam
3177 4863 3596 4936 professionem

1954 4960 2171 5027 emisit,
2198 4974 2346 5013 novo
2397 4961 2698 5028 assumpto
2730 4954 2965 5010 nomine
2997 4953 3267 5024 Gregorii,
3301 4968 3366 5007 ac
3395 4951 3601 5006 celebre

1953 5050 2279 5105 Palmarum
2306 5049 2509 5117 festum
2539 5045 2764 5111 statuit,
2800 5061 2914 5116 quo
2945 5044 3006 5099 in
3032 5042 3418 5115 patriarcham
3453 5039 3599 5094 ordi-

163 5137 418 5192 Ξειάἑοο
441 5136 646 5190 tenuit
664 5137 1021 5204 temperauit
1038 5131 1373 5203 Αονοροὶίιω
1395 5132 1848 5187 substitueretur
1954 5145 2113 5194 natus
2141 5140 2239 5193 est.
2279 5138 2482 5190 Annus
2510 5151 2631 5189 serae
2660 5133 2918 5205 vulgaris
2951 5133 3088 5186 1283
3124 5129 3442 5203 insignitus
3470 5145 3601 5184 cur-

165 5224 541 5290 Sclobolus,
594 5223 872 5297 publicus
921 5221 1344 5276 mathematum
1397 5221 1707 5293 professor,
1756 5221 1849 5278 his
1958 5228 2120 5284 rebat
2149 5225 2307 5297 cyclo
2337 5224 2480 5280 solis
2515 5222 2608 5290 IV,
2638 5221 2832 5276 littera
2861 5220 3209 5277 Dominicali
3241 5220 3301 5274 C.
3330 5223 3388 5273 et
3415 5219 3603 5272 Aureo

163 5318 376 5371 verbis
406 5329 697 5370 exorasse
739 5310 1082 5366 Michaelem
1112 5310 1521 5382 imperatorem
1552 5310 1852 5366 inducitur
1960 5332 2203 5372 nurnero
2229 5315 2311 5368 11.
2336 5313 2480 5368 Hinc
2511 5329 2743 5368 sacrum
2774 5311 2998 5366 Pascha
3019 5312 3076 5366 in
3108 5310 3260 5366 diem
3296 5309 3360 5364 18
3386 5305 3604 5378 Aprilis

167 5406 336 5474 apud
371 5405 806 5476 Pachymerem
845 5399 948 5455 lib.
985 5416 1060 5464 IV,
1083 5399 1270 5470 capite
1295 5400 1361 5454 14
1395 5414 1408 5454 :
1441 5400 1769 5470 Acropolita,
1799 5404 1852 5455 et
1959 5403 2163 5460 incidit
2192 5421 2204 5458 :
2237 5408 2294 5458 et
2324 5400 2415 5456 die
2445 5401 2756 5456 undecima
2787 5399 3054 5470 ejusdem
3087 5397 3310 5454 mensis
3339 5395 3609 5451 illuxerat

169 5495 407 5565 Ιιςιυ
467 5493 774 5563 ιοοοιήιεα
821 5489 1106 5560 Georgius,
1161 5495 1254 5543 tuo
1297 5489 1511 5544 dudum
1576 5489 1852 5562 (Auguste)
1963 5494 2285 5550 Patmarum
2332 5489 2651 5545 Dominica.
2685 5489 2864 5544 Dubia
2908 5505 2977 5544 ea:
3023 5487 3492 5544 schismaticorum
3523 5485 3608 5554 fu-

167 5602 332 5648 rum
389 5589 654 5641 ιτεναιω
713 5583 775 5634 in
833 5579 1123 5634 tradendis
1188 5577 1514 5650 disciplinis,
1559 5585 1857 5651 postquam
1963 5599 2112 5648 rore,
2163 5589 2212 5636 et
2259 5579 2516 5651 difﬁcilia
2563 5577 2841 5634 dicuntur
2887 5594 2952 5634 ea
3000 5586 3260 5648 tempora.
3308 5573 3609 5647 Siquidem

169 5679 365 5730 satas
383 5693 518 5746 pum
549 5673 726 5728 annis
772 5668 1055 5724 insudavit
1081 5670 1140 5722 ei
1187 5683 1390 5739 operae,
1420 5669 1612 5737 fractis
1639 5667 1858 5723 demum
1967 5669 2304 5743 patriarchae
2350 5685 2452 5741 pro
2502 5668 2757 5741 partium
2792 5667 2985 5722 studio
3033 5664 3514 5732 detrudebantur,
3545 5677 3610 5716 ac

169 5766 382 5820 nam
428 5766 658 5836 fatiscit
693 5803 708 5814 .
747 5804 757 5813 .
798 5800 812 5812 .
851 5761 1042 5813 Annae
1086 5758 1262 5825 igitur
1304 5757 1590 5814 orantibus
1635 5759 1856 5816 nobis...
1968 5759 2502 5834 promovebantur:
2537 5757 2749 5816 Joanni
2778 5760 2956 5812 Becco
2987 5754 3204 5828 injuste
3227 5752 3488 5824 deposito
3517 5749 3613 5806 Jo-

510 5894 792 5955 ΡΑτιιοι.
849 5887 961 5948 Ge.
1012 5883 1278 5949 CXLIII.

3300 5879 3336 5940 2
