4094 6486
591 511 668 568 43
1617 506 1928 565 GEORGII
1977 505 2204 565 CYPHI

2317 507 2394 562 ζΙ).
2451 505 2971 564 ΡΑΤΙΙΙΑΗΕΗΛΞ
3873 507 3934 562 41

592 639 811 712 sephus
840 639 1048 693 iterum
1084 636 1435 692 substitutus
1460 637 1645 690 fuerat
1676 653 1688 689 :
1727 637 1997 707 vigebant
2029 637 2226 691 tactio-
2254 639 2306 702 Α
2339 635 2824 691 Vindobonensis.
2861 638 2993 699 Quae
3024 635 3458 691 lucubrationes
3509 636 3567 690 in
3602 641 3784 690 nostro
3824 653 3937 693 con-

593 745 723 794 nes,
745 744 870 799 quas
891 726 1232 781 dicebantur
1250 725 1677 778 Arsenianorum
1707 730 1763 780 et
1781 726 2184 796 Josephilarum
2216 743 2232 777 :
2344 725 2624 791 tinentur,
2651 725 2804 780 haud
2840 724 3010 779 fuerit
3041 741 3223 797 operae
3247 725 3620 796 dispendium
3649 723 3942 795 diligentius

595 818 808 889 dogma
835 813 1180 870 catholicum
1233 813 1303 869 de
1346 813 1717 884 processione
1747 814 1999 885 Spiritus
2050 813 2234 869 sancti
2345 831 2666 868 recensere.

595 921 698 977 pro
729 902 879 958 virili
910 903 1223 957 tuebantur
1244 901 1575 973 gravissimi
1606 901 2090 973 viri,rejiciebant
2115 902 2209 956 alii

2418 905 2440 956 1
2483 901 2655 975 Λόγος
2688 903 2753 955 τᾶ
2797 903 2912 964 καθ’
2945 901 3128 955 ἑαυτὸν
3163 902 3433 975 περιέχων
3458 923 3468 933 ·
3514 902 3697 958 Sermo
3740 919 3812 958 res
3837 921 3943 959 suas

596 992 703 1059 Qui
760 991 884 1047 loco
934 989 1206 1062 superius
1259 988 1435 1044 allato
1493 989 1826 1045 schismatici
1873 991 2148 1045 dicuntur
2205 1008 2238 1045 a
2345 995 2650 1059 continens,
2701 1009 2874 1063 quem
2930 992 3084 1046 notis
3135 991 3578 1046 illustravimus.
3613 991 3832 1047 Mutilus
3871 999 3946 1048 est

595 1078 966 1137 schismatico
992 1078 1296 1149 scriptore,
1330 1077 1591 1149 insignes
1643 1077 1897 1151 intellige
1927 1079 2102 1145 viros,
2136 1079 2233 1150 qui
2345 1079 2404 1134 in
2435 1080 2629 1135 codice
2661 1080 3115 1135 Vindobonensi.
3141 1079 3283 1134 Vide
3316 1085 3517 1134 notam
3550 1081 3626 1150 (2)
3657 1086 3711 1134 et
3739 1081 3852 1152 (13).

595 1169 794 1226 unioni
823 1184 958 1224 cum
1009 1166 1235 1222 Latinis
1267 1167 1590 1222 constitutae
1641 1167 2032 1223 adhaerebant.
2069 1169 2238 1224 Hisce
2417 1170 2492 1240 (2)
2542 1171 2602 1224 In
2650 1179 2899 1224 sanctum
2943 1185 3206 1237 magnum
3254 1173 3554 1239 martyrem
3583 1171 3631 1223 et
3680 1169 3950 1241 triumpha-

594 1259 664 1315 de
693 1258 868 1314 rebus
898 1255 1102 1312 latiore
1135 1271 1403 1310 sermone
1432 1255 1552 1327 agit
1581 1256 1981 1328 Pachymeres.

2346 1267 2517 1314 torem
2569 1258 2875 1329 Georgium.
2928 1257 3178 1329 Incipit:
3214 1257 3368 1317 Ἐθος
3413 1260 3572 1309 τοῦτο
3620 1260 3724 1310 τῶν
3771 1254 3947 1332 λόγων,

664 1348 776 1418 (27)
818 1349 996 1402 Metus
1037 1345 1216 1400 omnis
1263 1343 1541 1400 relmtio
1589 1347 1787 1416 cuique
1824 1345 1972 1400 data.
2008 1346 2234 1401 Factam
2347 1348 2538 1402 Grece
2570 1347 2722 1419 typis
2769 1347 2992 1402 editum
3023 1351 3112 1402 est
3160 1346 3503 1401 Encomium
3535 1347 3689 1418 apud
3719 1335 3951 1402 Bollandi

601 1436 672 1491 ab
702 1435 1050 1505 imperatore
1078 1432 1404 1488 Andronico
1437 1433 1768 1490 facultatem
1803 1434 2012 1489 Joanni
2037 1434 2236 1506 Becco,
2347 1435 2789 1490 Continuatores
2815 1441 2973 1491 tomo
3020 1435 3094 1491 Ill
3141 1434 3377 1506 Aprilis,
3410 1451 3539 1506 pag.
3573 1434 3716 1490 XXV
3743 1435 3795 1490 in
3834 1436 3952 1505 fine,

595 1525 840 1596 ejusque
870 1520 1130 1586 asseclis,
1154 1521 1537 1577 Constantino
1570 1522 1954 1590 Meliteniotai,
1980 1529 2037 1578 et
2067 1525 2237 1579 Ceor-
2348 1529 2404 1578 et
2433 1525 2651 1594 Latine,
2685 1540 2815 1594 pag.
2855 1525 2976 1577 I23.
3871 1514 3881 1525 ’

596 1611 690 1682 gio
721 1607 1046 1665 Metochita
1077 1605 1243 1663 facile
1288 1607 1690 1680 intelligerem,
1725 1615 1785 1664 ut
1816 1628 1934 1665 suas
1967 1611 2098 1666 fidei
2148 1629 2237 1666 ra-
2417 1614 2484 1667 3.-
2519 1615 2579 1668 In
2630 1622 2880 1668 sanctum
2929 1613 3258 1683 Dianysium
3305 1614 3704 1684 Areopagitam.
3755 1613 3955 1685 Incipit,

597 1699 812 1755 tionem
869 1697 1175 1752 redderent
1229 1695 1290 1750 in
1348 1695 1634 1768 colloquio
1689 1699 1842 1768 quod
1894 1715 2047 1754 anno
2104 1701 2214 1754 128‘

1719 1699 1842 1767 [uod
1894 1715 2047 1754 anno
2104 1700 2239 1754 1284
2347 1703 2404 1755 Ἠ
2445 1703 2536 1773 μὲν
2569 1701 2822 1771 πρόθεσις
2842 1704 2921 1771 τῷ
2954 1697 3107 1774 λόγῳ
3139 1696 3336 1755 δικαία.

596 1786 866 1843 habitum
892 1785 1002 1840 fuit
1031 1785 1091 1840 in
1131 1783 1399 1840 Alexiaco
1435 1784 1999 1843 Triclinio.Consule
2022 1788 2237 1861 Pachy—
2419 1793 2469 1846 4.
2502 1795 2564 1845 In
2604 1795 2850 1846 sanctum
2897 1789 3252 1862 Euthymium
3280 1791 3589 1860 episcopum
3639 1789 3961 1862 Madytorum

599 1891 817 1932 marem
849 1873 996 1929 libro
1027 1875 1072 1940 Ι,
1105 1873 1290 1944 capite
1319 1873 1388 1928 34
1409 1878 1465 1929 et
1494 1875 1845 1946 insequenti.
1880 1877 2030 1932 Tum
2059 1877 2234 1941 enim,
2348 1881 2406 1934 in
2440 1880 2668 1935 diceeesi
2701 1879 3004 1934 Thracica.
3037 1877 3281 1933 Consule
3310 1877 3668 1950 Lequienum
3701 1878 3756 1932 in
3787 1879 3961 1933 Orien-

599 1969 759 2020 metu
817 1962 977 2019 omni
1022 1961 1203 2018 veluti
1247 1961 1519 2030 relaxato,
1566 1963 1781 2036 scripta
1824 1965 1992 2038 plura
2037 1971 2314 2068 contraB
2350 1973 2398 2024 te
2452 1986 2606 2024 sacro
2663 1974 2820 2024 tomo
2881 1968 2921 2034 Ι,
2981 1967 3106 2022 cod.
3168 1968 3325 2022 1141.
3414 1966 3643 2038 Incipit,
3704 1967 3962 2038 Ἐπιτιμᾷν

597 2052 895 2126 Gregorim
942 2052 1219 2124 Cyprium
1263 2053 1419 2106 edita
1459 2069 1562 2122 pro
1610 2054 1882 2126 dogmate
1931 2055 2235 2110 catholico.
2267 2052 2314 2068 "
2349 2053 2591 2116 δικαίως.

596 2143 726 2199 Haec
773 2140 1111 2212 diligentius
1161 2145 1508 2196 enarrantur
1561 2143 1827 2213 sequenti
1887 2144 1946 2198 in
2012 2145 2238 2199 Disser-
2416 2149 2470 2203 5.
2516 2147 2577 2200 In
2632 2154 2881 2201 sanctam
2927 2151 3232 2215 martyrem
3277 2144 3566 2199 Marinam.
3628 2143 3843 2216 Incipit,
3873 2143 3962 2197 Καὶ

595 2232 833 2288 tatione.
883 2229 1192 2301 Superiora
1213 2229 1339 2300 jam
1392 2245 1543 2286 anno
1575 2229 1635 2285 in
1666 2231 1906 2303 synodo,
1951 2250 2076 2304 quae
2127 2236 2212 2289 sul

1299 2245 1339 2284 n
1392 2245 1543 2286 anno
1575 2229 1635 2285 in
1666 2231 1906 2303 synodo,
1951 2250 2076 2304 quae
2127 2236 2236 2289 sub
2344 2237 2442 2304 τήν
2478 2231 2767 2301 ἐκκλησίαν
2797 2231 2916 2304 ἄρα.

594 2318 845 2391 Josepho
893 2319 1093 2373 iterum
1137 2316 1466 2389 patriarcha
1513 2319 1800 2375 celebrata
1853 2321 1981 2386 fuit,
2033 2323 2207 2377 adver

2416 2328 2470 2380 6.
2502 2327 2604 2376 Τοῦ
2635 2321 2795 2375 αὐταῦ
2831 2318 3130 2396 βασιλικὸς,
3163 2321 3405 2392 ejusdem
3441 2337 3619 2377 sermo
3647 2324 3859 2390 regalis,
3890 2323 3965 2377 si-

595 2408 737 2465 sarii
767 2406 930 2462 Becci
971 2409 1182 2462 causati
1219 2408 1463 2477 fuerant,
1496 2411 1641 2462 teste
1694 2409 2044 2482 Pachymere
2091 2411 2212 2466 “th

2345 2432 2410 2470 ve
2435 2415 2505 2469 de
2537 2429 2686 2485 rege.
2721 2411 2946 2482 Incipit.
2983 2410 3170 2462 Καινὸν
3203 2406 3372 2479 οὐδὲν,
3408 2408 3647 2463 θειότατε
3684 2408 3913 2483 βασιλεῦ.

597 2499 769 2554 citato
798 2496 986 2567 capite
1014 2495 1407 2565 8,scandalum
1434 2502 1634 2562 ortum,
1676 2507 1736 2552 ut
1786 2499 2036 2568 aiebant,
2067 2518 2139 2555 ex
2158 2505 2239 2556 in-
2414 2505 2468 2558 7.
2517 2505 2574 2558 In
2625 2517 2808 2569 regem
2851 2500 3133 2554 dominum
3180 2499 3552 2554 Andronicum
3600 2499 3967 2568 Palieulogum.

595 2587 908 2659 tempestiva
935 2585 1291 2641 ventilatione
1319 2587 1707 2655 quastionum,
1740 2603 1882 2657 quas
1922 2591 2210 2660 inexplora

2220 2623 2238 2634 .
2348 2591 2574 2664 Incipit,
2605 2590 2804 2663 Ἐχρῆν
2843 2587 2936 2659 μὶν
2965 2588 3038 2648 ὡς
3073 2585 3314 2656 ἀληθῶς,
3351 2587 3571 2660 μέγιστε
3601 2585 3837 2660 βασιλεῦ.

597 2674 951 2745 tasretinqui
966 2672 1511 2746 prastiteratﬂpera
1530 2674 1810 2729 nonnulla
1843 2693 1875 2731 a
1898 2677 2075 2733 Becco
2121 2679 2235 2735 ela-
2416 2683 2470 2735 8.
2503 2680 2687 2735 Sermo
2727 2677 3117 2732 antirrheticus
3163 2685 3354 2731 contra
3397 2677 3555 2731 Becci
3601 2676 3970 2748 blasphemias.

598 2765 802 2820 borata
823 2763 1261 2818 numeratidem
1281 2761 1597 2819 historicus
1615 2763 1674 2817 in
1698 2767 2235 2839 sequenticapiteQ.
2347 2769 2573 2841 Incipit,
2605 2765 2713 2819 Οὐκ
2761 2761 2931 2839 ἔγωγε
2979 2762 3258 2836 θαυμάζω.
3309 2765 3517 2834 Novas,
3551 2781 3696 2835 quas
3744 2765 3976 2837 Cyprius

667 2853 782 2924 (28)
824 2853 1030 2908 Invitas
1078 2853 1306 2907 cessavit
1350 2869 1384 2906 a
1429 2853 1813 2923 componendis
1848 2858 2188 2912 orationibus
2218 2877 2236 2914 :
2346 2857 2567 2914 invehit
2614 2856 2882 2920 haereses,
2947 2852 3154 2909 refellit
3199 2854 3456 2908 Joannes
3510 2854 3606 2908 27
3664 2853 3872 2908 Beccus
3916 2854 3975 2909 in

598 2946 650 2997 et
678 2943 795 2999 hac
821 2957 989 2996 causa
1017 2956 1184 3012 quare
1214 2955 1323 2996 non
1353 2941 1520 2995 multi
1548 2943 1665 3013 ejus
1691 2945 1903 2997 exstent
1939 2960 2234 3002 sermones.
2346 2947 2604 3004 oratione
2655 2963 2716 3014 ιι,
2775 2961 2902 3016 quae
2957 2932 3146 2998 exs-tat
3196 2943 3351 3014 apud
3407 2941 3684 2997 Allatium
3741 2947 3891 2998 tomo
3926 2944 3975 2999 ΙΙ

599 3030 858 3103 Intellige
887 3029 1151 3085 creatorii
1180 3030 1410 3102 generis
1439 3028 1898 3097 lucubrationes,
1920 3036 2235 3104 Orationes,
2349 3037 2576 3092 Gracia:
2604 3033 2919 3089 orthodoxa:
2947 3049 3081 3103 pag.
3112 3032 3238 3086 252.
3272 3031 3388 3086 Hac
3419 3031 3489 3086 de
3521 3048 3580 3086 re
3610 3031 3666 3085 in
3700 3031 3987 3088 Disserta-

594 3120 1041 3186 Declamationes,
1077 3118 1294 3185 Chrias,
1315 3119 1568 3187 Fabulas,
1589 3119 1954 3192 similesque,
1981 3124 2051 3177 ab
2082 3124 2235 3180 Alla-
2345 3129 2504 3182 tione
2533 3121 2817 3194 sequenti.

594 3208 695 3277 tio,
753 3212 952 3274 Caveo,
1000 3207 1247 3276 Oudino,
1294 3206 1554 3262 Fabricio
1604 3207 1850 3279 ahisque
1899 3212 2211 3268 recensitas

2415 3216 2468 3268 9.
2503 3215 2811 3268 Tractatus
2860 3208 3164 3280 incipiens,
3215 3213 3383 3282 Ἔσχε
3435 3207 3526 3279 μὲν
3560 3209 3594 3275 ἡ
3629 3200 3985 3279 ἐπισυμϐἆσα.

596 3299 705 3354 Eas
753 3314 859 3354 nos
907 3296 1060 3352 infra
1106 3296 1605 3367 enumerabimus,
1655 3312 1782 3368 quae
1839 3298 1898 3353 in
1944 3299 2238 3356 volumine
2284 3369 2291 3370 ί
2349 3302 2553 3357 Editus
2583 3299 2756 3356 eistat
2785 3299 2938 3370 apud
2987 3297 3348 3352 Bandurium
3393 3301 3551 3351 tomo
3586 3296 3654 3364 II,
3686 3296 3836 3351 inter
3884 3314 3994 3352 no-

597 3386 986 3443 continentur.
2266 3369 2308 3436 C
2350 3397 2440 3447 tas
2469 3390 2539 3445 ad
2585 3369 2942 3460 Antiquitates
2993 3385 3620 3456 ConstantinOpolitanas
3669 3384 3813 3441 libro
3841 3385 3999 3455 VIII,

667 3476 780 3548 (29)
809 3475 960 3530 Adde
985 3476 1164 3530 varios
1193 3476 1430 3546 corporis
1457 3475 1691 3546 morbos,
1725 3481 1776 3531 et
1801 3480 2119 3548 praesertim
2149 3497 2238 3534 ca-
2348 3481 2407 3536 in
2439 3478 2711 3551 Gregorio
2761 3476 2984 3549 Cyprio.
3021 3479 3134 3529 Hoc
3182 3474 3306 3529 loco
3356 3473 3698 3529 inscribitur
3745 3474 4002 3537 ’Έκθεσις

597 3567 749 3636 pitis.
783 3564 996 3620 Malam
1025 3563 1199 3620 istam
1231 3564 1422 3635 Cyprii
1453 3563 1842 3620 valetudinem
1876 3567 2119 3623 fortasse
2149 3570 2208 3624 in

2387 3571 2440 3620 οὔ
2471 3565 2643 3638 τόμου
2674 3571 2775 3632 τῆς
2823 3563 3053 3617 πίστεως
3075 3584 3086 3596 ·
3123 3573 3321 3618 nostro
3353 3563 3410 3617 in
3461 3561 3779 3630 volumine,
3811 3561 4004 3633 Τόμος

599 3656 756 3710 dicat
803 3654 1207 3726 Pachymeres,
1259 3653 1357 3724 qui
1403 3651 1549 3708 libro
1598 3671 1662 3723 ιι,
1723 3673 1848 3728 cap.
1899 3657 1964 3710 17
2011 3658 2216 3714 obitun

1143 3671 1207 3720 es,
1259 3653 1357 3724 qui
1403 3651 1549 3708 libro
1598 3671 1662 3723 II,
1723 3673 1848 3728 cap.
1899 3657 1964 3710 17
2011 3658 2235 3714 obitum
2347 3656 2470 3732 περὶ
2500 3649 2760 3714 ἀσεϐείας.

601 3745 729 3815 ejus
796 3743 1070 3812 referens,
1128 3745 1428 3813 confectum
1500 3742 1580 3798 ait
1638 3745 1950 3815 agritudine
1999 3748 2218 3811 animi,

2420 3747 2504 3800 1Ο.
2553 3746 2861 3799 Tractatus
2911 3740 3217 3812 incipiens,
3257 3737 3357 3792 Τὸν
3414 3739 3507 3810 μὶν
3540 3737 3661 3792 Υἱὸν
3709 3742 3805 3791 τοῦ
3855 3744 4004 3795 Θεοῦ

598 3829 688 3884 καὶ
715 3829 858 3902 νόσῳ
888 3829 1066 3899 πολυη
1079 3829 1248 3904 μὲρῳ,
1281 3835 1332 3886 et
1376 3833 1559 3887 morbo
1589 3849 1690 3887 scu
1740 3833 2000 3904 languore
2035 3837 2215 3892 multo

2035 3837 2236 3892 mullo-
2347 3835 2398 3887 οἱ
2427 3831 2658 3890 Ἰταλοί·
2688 3833 2892 3887 Filium
2919 3830 3138 3902 quidem
3167 3830 3264 3884 Dei
3293 3828 3420 3884 Itali
3452 3830 3628 3882 aiunt.

599 3938 730 3979 rum
755 3921 991 3978 dierum.
1038 3920 1138 3976 26
1171 3925 1243 3974 De
1273 3921 1479 3991 capitis
1520 3919 1735 3988 dolore,
1769 3939 1884 3994 quo
1914 3923 2214 3980 laborabat

2419 3925 2502 3979 11.
2555 3922 2719 3977 Alius
2773 3919 3078 3990 incipiens,
3285 3915 3311 3968 ὁ
3367 3915 3536 3986 νόμος
3585 3915 3742 3986 ἡμῶν
3796 3914 4002 3989 κρίνει.

598 4027 749 4083 sepe
773 4011 901 4081 ejus
929 4009 990 4064 in
1021 4007 1279 4080 epistolis
1311 4008 1527 4064 mentio
1557 4011 1823 4065 occurrit.
2346 4013 2514 4085 Apud
2572 4011 2929 4066 Bandurium
2990 4006 3114 4062 loco
3168 4006 3340 4060 citato
3418 4006 3608 4060 editus
3665 4002 4009 4078 Ὁμολογία,

669 4101 779 4172 (30)
808 4099 1041 4155 Labores
1072 4100 1129 4153 in
1160 4098 1598 4153 transcribendis
1643 4108 1884 4155 veterum
1929 4105 2234 4172 sapientum
2345 4103 2615 4171 Confessio
2643 4099 2881 4165 eiusdem
2925 4097 3192 4166 Gregorii.
3228 4093 3456 4149 Latiore
3488 4093 3712 4149 calamo
3770 4093 3844 4148 de
3875 4093 4015 4150 his-

596 4188 1063 4246 lucubrationibus
1092 4189 1380 4258 impensas.
1415 4185 1492 4242 Ex
1521 4187 1686 4260 ipsis,
1715 4205 1862 4259 quas
1889 4191 2016 4260 ejus
2037 4191 2234 4248 lauda-
2343 4208 2406 4247 ce
2453 4186 2958 4244 lucubrationibus
3006 4186 3066 4240 in
3115 4183 3380 4255 sequenti
3431 4182 3854 4238 Dissertatione
3905 4183 4019 4238 di-

594 4280 805 4347 vimus,
838 4295 954 4334 non
996 4276 1198 4349 paucis
1245 4275 1524 4347 epistolis,
1557 4281 1715 4348 patet
1755 4279 2082 4356 vehemens,
2117 4298 2230 4352 quo
2341 4279 2613 4334 cendum.

592 4369 653 4424 in
690 4372 951 4424 veterum
993 4365 1220 4421 codices
1264 4365 1574 4431 ferebatur,
1607 4367 1798 4421 ardor.
1829 4367 1949 4421 Sibi
2001 4368 2125 4423 dari
2158 4370 2229 4425 ab
2414 4370 2498 4422 12.
2531 4363 2941 4438 Sapientissimi
2975 4363 3170 4432 Magni
3199 4360 3490 4433 logothetse
3533 4361 3854 4415 Muzalonis
3885 4362 4018 4416 An-

592 4456 723 4513 aliis
750 4457 889 4511 viris
920 4455 1106 4510 doctis
1134 4454 1501 4509 commodato
1523 4455 1764 4509 curabat
1791 4472 1888 4510 eos
1920 4458 1990 4512 ad
2021 4473 2090 4512 ex
2119 4458 2228 4512 cri-
2339 4457 2651 4512 tirrheticus
2704 4457 2893 4509 contra
2943 4453 3099 4506 Becci
3147 4449 3531 4520 blasphemias.
3595 4449 3830 4520 Incipit,
3893 4449 4026 4505 Οὐκ

589 4547 870 4602 bendum.

2410 4543 2457 4597 ςα
2488 4544 2516 4596 ὅ
2545 4565 2597 4596 τι
2627 4541 2833 4596 παθών.
2868 4541 3032 4595 Hunc
3080 4537 3322 4594 Michael
3362 4537 3720 4608 Palzeologus
3750 4536 3813 4590 in
3876 4537 4027 4595 Ma-

660 4635 770 4706 (31)
798 4636 875 4690 Ne
904 4632 1102 4688 videar
1147 4633 1266 4686 viro
1292 4646 1449 4701 aeque
1497 4648 1560 4686 ac
1589 4633 1730 4686 mihi
1774 4636 2102 4705 gratiﬁcari.
2137 4638 2220 4707 Ip-
2337 4635 2434 4706 gni
2465 4632 2774 4705 logothetze
2824 4629 3172 4701 dignitatem
3226 4627 3350 4682 loco
3400 4625 3744 4697 Acropolitaz
3798 4625 4030 4685 denati

587 4740 709 4779 sum
732 4725 881 4778 enim
908 4738 994 4778 me
1039 4729 1243 4792 reputo.
1278 4721 1407 4775 Haec
1455 4721 1727 4792 Cyprium
1759 4723 2036 4778 Sermonis
2089 4741 2224 4781 auc-
2255 4736 2302 4800 D
2334 4725 2714 4793 promoverat.
2750 4719 2892 4774 Odio
2945 4717 3004 4771 in
3037 4717 3230 4787 ipsum
3285 4713 3622 4769 Michaelem
3655 4717 3711 4768 et
3743 4713 4030 4784 patriar-

587 4816 774 4868 torem
805 4811 1108 4867 manifeste
1139 4810 1410 4882 produnt.
1445 4809 1586 4864 Vide
1618 4814 1816 4865 notam
1849 4811 1947 4882 (2).
2336 4811 2505 4866 cham
2540 4810 2789 4865 Beccum
2823 4806 3156 4878 perductus,
3193 4804 3521 4858 Andronico
3572 4801 3784 4858 suadet
3813 4805 4027 4858 resti-

657 4901 768 4973 (32)
800 4901 1038 4956 Libellus
1077 4899 1169 4954 hic
1212 4901 1413 4965 autem,
1447 4909 1507 4954 ut
1562 4901 1730 4954 etiam
1779 4904 2031 4971 superius
2078 4903 2222 4973 dixi,
2335 4900 2620 4954 tutionem
2653 4893 3010 4953 schismatis.
3045 4894 3186 4948 Vide
3221 4891 3633 4964 Pachymerem
3679 4890 3735 4944 in
3771 4891 4039 4949 Andro-

581 4998 798 5063 patrem
824 5005 983 5044 suum
1009 4989 1174 5059 probe
1203 4989 1490 5044 lectoribus
1539 4990 1805 5044 ostendet.
1843 4989 2100 5046 Libellus
2132 4991 2225 5047 ille
2336 4989 2464 5044 nico
2494 4988 2641 5042 libro
2676 5005 2713 5053 ι,
2743 4984 2934 5057 capite
2965 4985 3007 5049 I,
3041 4987 3095 5038 et
3124 4985 3177 5049 2,
3213 4986 3269 5036 et
3298 4982 3352 5050 8,
3387 4980 3484 5034 ubi
3525 4984 3726 5034 narrat
3757 4977 4042 5036 histori-

585 5083 697 5147 ast,
730 5094 904 5150 quem
952 5077 1140 5148 prima
1185 5077 1364 5148 hujus
1397 5078 1531 5133 Vitae
1563 5080 1734 5133 verba
1782 5078 2088 5134 indicant:
2124 5082 2224 5148 Ei,
2335 5095 2458 5144 cus,
2495 5077 2744 5130 libellum
2795 5092 2827 5129 a
2882 5071 3183 5128 Muzalone
3232 5087 3333 5141 pro
3384 5069 3653 5140 dogmate
3702 5067 4040 5128 catholico

584 5170 682 5240 qui
710 5168 911 5222 librum
943 5166 1089 5221 hunc
1116 5168 1483 5237 concinnavit,
1503 5167 1872 5236 patria.Vide
1907 5174 2103 5224 notam
2124 5170 2221 5241 (3).
2333 5167 2496 5239 prius
2545 5167 2772 5225 datum,
2804 5164 2863 5217 in
2915 5163 3132 5234 ignem,
3176 5159 3301 5230 ipso
3342 5159 3606 5229 jubente,
3657 5157 4041 5227 projectum

580 5256 870 5312 Nimirum
919 5255 1161 5326 Cyprius
1210 5272 1325 5310 uno
1393 5255 1452 5309 in
1501 5255 1797 5311 volumine
1845 5257 2014 5328 plura
2071 5275 2105 5313 a
2162 5275 2223 5314 se
2333 5257 2536 5311 fuisse.
2575 5253 2878 5308 Theodorus
2907 5249 3242 5304 vocabatur.

581 5346 804 5416 scripta
833 5342 1116 5415 opuscula
1163 5343 1412 5415 collegit,
1447 5343 1850 5416 plurimasque
1896 5346 2217 5418 epistolas:
2403 5345 2490 5399 13.
2593 5342 2784 5414 Cyprii
2889 5339 3072 5394 Chria.
3155 5335 3380 5406 Incipit,
3461 5331 3791 5407 Σωκράτους
3919 5336 4044 5405 μὲν

582 5433 795 5507 quibus
826 5432 1098 5488 omnibus
1131 5430 1442 5486 Sermonem
1461 5433 1525 5488 de
1561 5436 1684 5489 Vita
1709 5450 1809 5489 sua
1842 5435 2217 5506 praamiserat,
2331 5430 2632 5499 ἐπαινέτην.

581 5521 799 5578 nostris
831 5519 1303 5576 adnotationibus
1334 5519 2012 5578 hactenusillustratum.
2038 5525 2116 5578 Ex
2136 5523 2194 5578 hi

2438 5522 2487 5576 4.
2520 5520 2816 5585 Medztatio,
2848 5513 3200 5588 Φιλαργύρου
3239 5515 3366 5572 τεαῖς
3397 5513 3494 5564 τοῦ
3537 5508 3740 5583 πατρός
3768 5530 3781 5541 ·
3818 5511 4049 5568 Filius

580 5626 677 5666 sce
710 5625 878 5681 porro
907 5605 1168 5680 epistolis
1186 5611 1241 5662 et
1271 5609 1567 5679 opusculis
1583 5625 1649 5664 ea
1665 5611 1993 5665 conﬁrmari
2024 5627 2217 5682 posse,
2330 5613 2491 5666 avari
2520 5611 2728 5666 Patris.

581 5716 706 5774 qua;
737 5698 795 5752 in
832 5698 948 5754 Vita
977 5695 1366 5767 continentur,
1399 5695 1508 5752 hoc
1540 5696 1663 5753 loco
1689 5699 2095 5756 admonemur.
2401 5702 2486 5755 15.
2515 5698 2816 5770 Potidyatae
2855 5693 3223 5768 (Potidaaata,
3257 5688 3480 5762 pepuli)
3511 5691 3579 5744 ab
3630 5689 4054 5746 Atheniensi—

651 5785 851 5849 Simile
924 5785 1191 5845 volumen
1271 5791 1463 5844 servat
1520 5785 1870 5846 bibliotheca
1928 5789 2218 5846 Caesareo-
2329 5789 2425 5846 bus
2480 5789 2678 5846 obsessi
2732 5801 2845 5842 sese
2902 5784 3134 5840 invicem
3199 5779 3564 5837 comedebant.
3624 5777 4061 5839 Athenienses
