4094 6508
583 523 655 577 47
1605 522 1918 582 GEORGII
1964 521 2224 581 CYI’HII
2269 522 2383 578 GP.
2433 522 2956 581 PA'l‘ltIARGlle
3883 527 3960 584 48

654 651 1045 723 Moscamperis,
1104 654 1200 704 τοῦ
1252 650 1621 726 Μοσχάμπερ.
1704 652 2085 724 Pachymeres
2161 652 2218 706 in
2250 655 2303 718 Α
2333 653 2676 707 innocentiae
2708 653 3021 710 reddendo.
3053 654 3245 709 Graece
3300 654 3517 724 prodiit
3548 655 3790 726 epistola
3819 658 3964 728 apud

582 739 912 795 Andronico
943 739 1090 794 libro
1121 741 1186 796 II.
1224 743 1412 812 capite
1459 742 1512 809 3,
1572 741 1657 796 sic
1702 741 1876 796 habet
1909 758 1920 795 :
1951 741 2221 808 Quiddam

575 844 708 899 pora
737 829 876 899 quod
921 830 1150 900 contigit
1204 832 1350 885 circa
1404 830 1949 901 exchartophylacem
1990 831 2142 899 (nam
2169 838 2223 884 et

577 917 948 989 Moschampar
973 919 1138 989 paulo
1168 927 1294 974 ante
1347 929 1576 975 cesserat
1627 920 1826 990 ofﬁcio,
1877 924 1927 974 et
1983 937 2016 973 a
2044 921 2220 990 patri-

576 1006 745 1062 archa
771 1023 828 1063 se
856 1016 1180 1076 removerat,
1241 1008 1564 1078 quibusdam
1613 1008 2026 1081 aﬂensiunculis
2059 1025 2219 1064 aver-

577 1110 664 1148 sas
688 1112 709 1157 ,'
752 1104 1058 1152 consortem
1114 1113 1324 1168 quoque
1378 1097 1682 1152 simultatis
1736 1113 1916 1152 secum
1946 1095 2144 1152 havens
2171 1100 2223 1152 et

581 1183 1237 1256 Quinquecclesiensem),
1260 1188 1421 1242 auxit
1449 1188 1733 1257 utriusque
1762 1188 1821 1240 in
1845 1186 2222 1257 patriarcham

575 1272 780 1330 odium.
844 1273 1012 1330 Fides
1057 1273 1332 1346 Gregorio
1392 1274 1566 1330 datur
1621 1275 1694 1330 de
1726 1274 2059 1330 testimonio
2091 1275 2220 1344 ejus

2328 741 2695 797 Lambecium
2729 747 2784 795 et
2813 743 3108 796 Oudinum
3143 759 3154 797 :
3189 759 3367 814 quam
3414 761 3519 799 nos
3559 744 3752 800 Graece
3790 751 3841 800 et
3870 748 3966 802 La-

2332 829 2453 884 tine
2484 831 2585 885 80
2615 831 2910 886 dabimus.
2948 831 3008 886 In
3041 831 3238 887 codice
3297 835 3552 887 Caesareo
3585 864 3650 874 —
3685 834 3967 890 Vindobo-

2331 920 2495 974 nensi
2531 921 2868 975 inscribitur
2899 937 2910 973 :
2947 920 3304 995 Ἀνακῆρυξις
3364 927 3466 988 τῆς
3498 915 3765 982 εὐσεϐείας
3812 921 3967 977 αὐτοῦ

2331 1007 2474 1080 παρὰ
2512 1011 2618 1060 τῶν
2677 1007 3065 1080 ὑποσχομένων
3125 1007 3290 1080 αὐτῷ.
3346 1011 3577 1082 Incipit.
3637 1008 3964 1084 Εὐλογητός.

2399 1097 2488 1152 2-4.
2526 1095 2880 1170 Παραίτησις,
2934 1098 3141 1163 Cessio,
3190 1116 3293 1154 seu
3346 1098 3606 1155 Libellus
3663 1101 3970 1156 abdicatio-

2332 1185 2423 1241 nis
2453 1185 2646 1240 throni
2678 1203 2713 1240 a
2736 1187 3009 1259 Gregorio
3031 1189 3224 1243 datus.
3251 1188 3449 1243 Exstat
3469 1190 3659 1244 Graece
3685 1192 3741 1244 et
3773 1189 3969 1245 Latine

2330 1275 2486 1346 apud
2517 1274 2934 1346 Pachymerem
2967 1275 3092 1332 loco
3125 1276 3298 1332 citate
3335 1277 3523 1349 capite
3551 1278 3605 1331 9.

1429 1561 2495 1658 DISSERTATIO
2609 1561 3108 1656 PRIMA

1753 1769 1983 1830 HISTO
1993 1769 2169 1830 RICA
2217 1769 2318 1828 ET
2359 1767 2816 1829 DOGMATICA

574 1906 662 1964 De
708 1903 1036 1983 praecipuis
1082 1901 1331 1981 Georgii
1357 1919 1466 1963 seu
1495 1901 1778 1982 Gregorii
1832 1901 2044 1983 Cyprii
2100 1903 2289 1981 gestis
2323 1920 2337 1960 :
2371 1902 2573 1983 deque
2601 1902 3002 1963 Processione
3033 1901 3303 1981 Spiritus
3361 1904 3555 1964 sancti
3613 1923 3649 1964 a
3696 1906 3879 1965 Patre
3916 1913 3983 1966 et

1809 2001 1846 2042 a
1903 1981 2080 2057 Filio,
2142 2000 2252 2043 seu
2293 2000 2404 2062 per
2465 1982 2719 2042 Filium.

1188 2330 1284 2385 8|
1329 2328 1568 2384 CAPUT
1599 2329 1641 2385 Ι.

572 2418 972 2475 Nonnullorum
1023 2418 1467 2488 patriarcharum
1523 2417 1772 2488 notitia,
1810 2418 1906 2487 qui
1962 2417 2215 2486 Gregorio

647 2491 852 2562 Cyprio
888 2486 1524 2562 praecesserunt,rAnnus
1560 2486 1893 2562 expenditur
1919 2505 2021 2559 quo
2052 2491 2213 2542 Arse-

640 2560 770 2617 nius
798 2561 1006 2617 iterum
1057 2561 1399 2629 patriarcha,
1456 2560 1728 2629 depositus
1793 2567 1872 2614 est
1901 2575 1921 2620 ,'
1979 2562 2213 2629 itemque

643 2649 823 2688 annus
879 2648 982 2703 quo
1035 2631 1360 2702 dignitatem
1405 2634 1652 2702 sumpsit,
1685 2639 1735 2685 et
1790 2631 2049 2685 ablicavit
2083 2631 2210 2703 Ger-

639 2720 840 2760 manus
918 2705 1194 2770 Possinus,
1220 2703 1534 2758 Bandurius
1555 2706 1606 2757 et
1638 2703 1886 2772 Cuperus
1918 2702 2212 2756 emendati.

642 2777 832 2831 Annus
895 2777 1062 2830 etiam
1137 2777 1312 2830 evecti
1393 2773 1465 2828 ad
1523 2773 1702 2828 sedem
1779 2775 2215 2844 patriarchalem

639 2846 859 2915 Iosephi
919 2845 1216 2902 Galesiotae.
1274 2846 1634 2901 Arseniarum
1694 2847 1747 2900 et
1802 2844 2217 2907 Iosephitarum

641 2921 925 2990 factiones.

643 3042 688 3098 Ι.
720 3042 1060 3108 Theodorus
1091 3040 1377 3111 Lascaris,
1411 3057 1586 3112 quem
1643 3042 1869 3095 tertium
1899 3039 2077 3110 hujus
2110 3056 2212 3095 no-

571 3131 748 3188 minis
787 3131 1121 3197 Graacorum
1180 3131 1594 3201 imperatorem
1650 3133 1877 3196 vocant,
1911 3129 2029 3184 vita
2058 3145 2211 3184 mor-

568 3221 672 3278 tali
699 3238 852 3277 anno
879 3238 1003 3276 aera
1034 3218 1290 3292 vulgaris
1338 3219 1477 3273 4259
1507 3220 1568 3272 in
1603 3222 1931 3273 autumnum
1961 3227 2213 3286 vergente

570 3312 916 3377 decesserat,
948 3313 1015 3364 ut
1041 3309 1122 3364 ait
1164 3307 1578 3380 Parchymeres
1601 3308 1658 3361 in
1689 3305 1968 3362 Michaele
2000 3306 2213 3363 Peleo-

497 3467 504 3472 _
570 3401 702 3471 logo
759 3399 909 3455 libro
959 3415 1000 3466 ι,
1059 3397 1246 3469 capite
1303 3397 1393 3461 43,
1442 3396 1500 3450 id
1560 3399 1649 3451 est
1681 3412 1878 3452 mense
1925 3399 2206 3468 Augusto.

571 3488 887 3560 Imperium
919 3491 1224 3557 paternum
1247 3485 1470 3556 accepit
1503 3483 1658 3540 {ilius
1691 3485 1837 3555 ejus,
1861 3485 2116 3541 Joannes
2140 3485 2211 3540 IV

572 3577 859 3647 Lascaris,
893 3577 993 3648 qui
1025 3576 1210 3632 aetatis
1241 3591 1463 3630 annum
1507 3577 1608 3630 aut
1638 3579 1887 3645 sextum,
1920 3579 2019 3629 aut
2049 3579 2207 3630 octa-

571 3682 732 3733 vum,
791 3669 891 3720 aut
947 3669 1098 3720 certe
1169 3681 1412 3732 nonum,
1474 3681 1576 3735 pro
1635 3663 1795 3718 varia
1855 3663 2206 3734 scriptorum

570 3752 1058 3826 chronographia,
1144 3753 1236 3808 vix
1309 3753 1584 3824 indeptus
1641 3752 1848 3808 fuerat.
1911 3753 2204 3825 Impuberi

569 3842 818 3915 principi
875 3847 1098 3897 tutores
1152 3847 1319 3898 erant
1385 3841 1665 3914 Georgius
1722 3841 1964 3911 Muzalo,
2026 3846 2215 3912 proto-

566 3931 898 4000 vestiarius,
958 3936 1014 3986 et
1072 3931 1369 3997 Arsenius,
1403 3933 1787 4003 cognomento
1827 3931 2210 3998 Auctorianus,

570 4021 670 4093 qui
702 4025 772 4075 ab
831 4037 983 4076 anno
1031 4020 1172 4075 4255
1228 4019 1425 4076 sedem
1459 4020 1695 4075 tenebat
1739 4019 2207 4091 patriarchalem.

569 4109 981 4181 Pachymerem
1013 4108 1192 4166 latius
1249 4109 1632 4164 disserentem
1692 4109 1930 4164 consule
1977 4109 2100 4165 loco
2132 4109 2210 4165 ci-

566 4203 686 4254 tato
717 4198 904 4270 capite
959 4198 1048 4254 45.
1099 4199 1585 4253 Protovestiarium
1617 4198 2034 4269 interpretatur
2063 4199 2210 4255 Goa-

567 4304 668 4344 rus
711 4288 771 4342 in
801 4286 953 4343 notis
1009 4286 1080 4342 ad
1139 4291 1313 4358 caput
1361 4290 1398 4341 2
1428 4287 1658 4359 Georgii
1719 4287 1921 4342 Codini
1952 4287 2208 4360 Curopa-

565 4375 692 4433 latze
724 4392 887 4432 num.
917 4376 1005 4431 49.
1042 4377 1198 4446 Regii
1232 4375 1473 4431 cubiculi
1503 4375 1848 4445 Magistrum.

636 4466 841 4537 Erupit
869 4465 940 4520 de
990 4464 1172 4519 tutela
1229 4463 1511 4536 principis
1570 4464 1884 4520 contentio.
1929 4464 2210 4536 Georgius

565 4557 622 4609 et
647 4552 985 4610 Theodorus
1018 4551 1353 4609 Muzalones
1386 4553 1457 4608 ab
1490 4553 1741 4608 exercitu
1773 4552 1832 4607 in
1863 4553 2206 4608 seditionem

565 4641 849 4698 concitato
899 4642 1173 4697 trucidati
1208 4659 1220 4695 :
1257 4641 1701 4712 declaratusque
1731 4642 1895 4713 pueri
1928 4641 2208 4713 principis

565 4734 724 4786 tutor
752 4729 996 4787 Michael
1031 4729 1405 4801 Palaeologus,
1430 4730 1531 4801 qui
1567 4730 1848 4802 dignitate
1879 4731 2210 4802 potiebatur

568 4817 922 4890 Contestauli,
974 4837 1077 4875 seu
1139 4819 1470 4887 Conestauli,
1520 4819 1577 4874 id
1623 4825 1710 4875 est
1741 4821 1966 4875 Comitis
1997 4820 2210 4876 stabuli

566 4907 930 4976 imperatorii.
993 4907 1248 4964 Goarum
1304 4908 1432 4963 vide
1485 4907 1609 4962 loco
1641 4909 1816 4963 citato
1869 4925 2032 4964 num.
2064 4910 2118 4976 2,
2151 4913 2208 4965 et

564 4995 979 5068 Pachymerem
1028 5013 1152 5068 cap.
1218 4997 1283 5050 17
1347 5001 1404 5052 et
1459 4997 1549 5063 24,
1613 5002 1669 5052 et
1727 4997 2060 5068 insequenti
2113 5000 2202 5052 22.

2243 2333 2476 2398 Bunus
2557 2327 2824 2396 Michael,
2909 2327 3197 2400 praeterito
3282 2343 3460 2398 puero
3541 2329 3971 2404 despectoque,

2325 2434 2598 2473 coronam
2653 2417 2892 2488 accepit.
2953 2421 3082 2471 Haec
3130 2416 3416 2473 latissime
3474 2423 3804 2476 enarrataa
3862 2420 3986 2475 Pa-

2325 2506 2594 2577 chymere
2643 2507 2828 2578 capite
2875 2507 2930 2574 7,
2989 2511 3046 2562 et
3102 2507 3156 2575 8,
3225 2507 3410 2562 satius
3458 2507 3570 2563 fuit
3624 2509 3987 2581 compendio

2324 2595 2707 2652 contraxisse.

2394 2685 2656 2739 Arsenius
2686 2683 3036 2756 patriarcha,
3095 2686 3207 2739 sive
3262 2689 3523 2756 reputans
3554 2686 3665 2741 sibi
3712 2687 3989 2754 illusum,

2324 2775 2629 2829 interversa
2681 2775 3028 2828 coronatione
3080 2775 3242 2844 pueri
3293 2776 3532 2844 Augugti
3587 2775 3784 2841 (verba
3826 2783 3994 2833 sunt.

2325 2861 2693 2934 Pachymeris
2750 2861 2897 2917 libro
2955 2879 3016 2932 ιι,
3084 2878 3211 2933 cap.
3245 2861 3357 2932 45),
3403 2864 3737 2934 indigneque
3762 2866 3991 2934 ferens,

2321 2952 2532 3007 herede
2586 2953 2811 3023 imperii
2866 2954 3192 3022 contemplo,
3239 2967 3483 3023 peneque
3511 2955 3572 3007 in
3600 2953 3848 3008 ordinem
3882 2971 3990 3010 re-

2322 3041 2494 3111 dacto,
2526 3041 2595 3094 ad
2623 3048 2819 3096 nutum
2850 3042 3017 3095 unius
3066 3040 3362 3111 Palaologi
3388 3045 3582 3096 cuncta
3611 3042 3924 3110 gubernari
3960 3064 3984 3098 .-

2319 3132 2431 3185 sive
2463 3129 2843 3185 indormivisse
2879 3130 2987 3184 sibi
3013 3131 3259 3186 conscius
3294 3171 3306 3182 .
3351 3174 3363 3186 .
3411 3173 3423 3184 .
3471 3172 3482 3184 .
3524 3147 3622 3186 seu
3652 3134 3772 3202 quis
3813 3133 3995 3188 alius

2320 3218 2512 3273 urebat
2542 3218 2730 3273 oculus
2789 3218 2943 3273 dolor
2973 3259 2986 3273 .
3033 3259 3045 3271 .
3093 3261 3105 3273 .
3155 3260 3166 3271 .
3201 3217 3269 3272 ad
3294 3221 3514 3288 portam
3558 3219 3710 3274 urbis
3754 3219 4001 3282 Nicaea;-

2322 3307 2445 3379 (ubi
2477 3311 2602 3362 tum
2652 3307 3101 3379 imperatoribus
3162 3311 3293 3378 post
3351 3313 3578 3379 captam
3637 3325 3671 3362 a
3744 3309 3996 3370 Latinis

2321 3396 2882 3469 Constantinopolim
2915 3396 3197 3452 sedebant
3248 3395 3612 3468 patriarchae)
3638 3413 4000 3469 progressus

2319 3489 2442 3540 est:
2502 3502 2747 3556 seseque
2796 3486 3026 3541 contulit
3081 3485 3150 3540 ad
3204 3488 3600 3541 monasterium
3655 3488 4001 3559 Paschasii,

2319 3573 2388 3628 ad
2410 3575 2853 3645 tranquilitatem
2878 3575 3111 3645 quietem
3141 3577 3442 3644 opportune
3465 3573 3791 3629 situm.Haac
3813 3593 4012 3635 anno

2319 3661 2458 3715 4260
2505 3660 2893 3732 contigerunt.
2940 3660 3196 3716 Mensem
3229 3661 3489 3731 ejusdem
3541 3662 3677 3716 anni
3720 3664 4013 3733 Aprilem

2323 3749 2525 3804 deﬁnit
2556 3749 2758 3805 Petrus
2789 3748 3072 3805 Possinus
3101 3747 3248 3804 libro
3294 3750 3365 3805 ΙΙΙ
3391 3749 3888 3808 Observationum
3935 3756 4022 3814 in

2321 3838 2735 3909 Pachymerem
2766 3837 2954 3909 capite
2982 3839 3209 3907 5,num.
3236 3841 3288 3892 2.
3321 3845 3555 3894 Annum
3582 3838 3746 3894 illum
3780 3843 4033 3900 ineun-

2319 3931 2429 3983 tem
2482 3926 2685 3982 statuit
2739 3926 3010 3981 Aselmus
3068 3926 3426 3994 Bandurius,
3488 3928 3544 3982 in
3604 3930 4026 4000 Antiquilaces

2323 4017 2949 4086 Constantinopolitanas
2972 4015 3176 4071 lib.v1u
3206 4034 3218 4085 ;
3250 4016 3474 4074 Possini
3508 4016 3746 4073 calculis
3767 4035 3884 4093 acq
3900 4025 4028 4079 ui-

2319 4105 2462 4160 escit
2515 4104 2864 4161 Guilielmus
2894 4106 3156 4176 Cuperus
3186 4105 3246 4162 in
3295 4108 3551 4162 Historia
3589 4105 4034 4180 chronologica.

2318 4195 2772 4265 patriarcharum
2825 4195 3291 4266 Constantinopol.
3327 4211 3456 4266 quas
3487 4201 3643 4253 tomo
3673 4197 4033 4271 IAugusti

2319 4283 2469 4338 inter
2499 4288 2640 4339 Acta
2669 4288 3010 4339 sanctorum
3041 4288 3286 4355 prostat.

2388 4372 2649 4440 Arsenio,
2684 4373 3175 4443 secundumjuris
3208 4372 3490 4430 formulas
3521 4373 3761 4430 minime
3795 4377 4044 4453 dape-

2319 4460 2452 4526 sito,
2487 4461 2922 4518 substituerunt
2949 4462 3335 4534 Nicephorum,
3366 4461 3548 4533 hujus
3578 4463 3845 4520 nominis
3928 4472 4036 4544 ΙΙ⁹

2318 4550 2416 4619 qui
2471 4555 2610 4604 tunc
2666 4549 3020 4621 Ephesinam
3080 4550 3448 4623 metropolim
3480 4553 4039 4621 administrabat.

2319 4638 2670 4711 Pachymere
2731 4644 2872 4695 teste
2927 4640 3112 4712 capite
3138 4642 3228 4708 2'2,
3261 4641 3550 4696 videbatur
3603 4641 4044 4714 Nicephorus

2315 4729 2506 4782 multis
2548 4730 2795 4784 intrusus
2841 4731 2903 4782 in
2944 4730 3373 4799 patriarchalem
3405 4729 3680 4797 thronum,
3712 4747 3832 4787 non
3866 4745 4044 4802 tam

2315 4817 2453 4887 quod
2484 4817 2780 4872 translatus
2809 4833 2877 4873 ex
2897 4818 3172 4888 Ephesina
3200 4819 3518 4888 sede,quam
3547 4819 3687 4891 quod
3719 4820 4044 4890 legitima

2313 4905 2492 4961 adhuc
2521 4909 2729 4962 vivente
2741 4908 3062 4978 patriarcha
3087 4909 3389 4964 translatus
3409 4909 3844 4980 [uissethsum
3871 4932 4044 4979 ηοτς

2314 4996 2526 5066 integro
2573 5012 2716 5051 anno
2766 4997 3178 5066 patriarchatui
3205 4999 3519 5068 praefuisse,
3553 4998 3772 5053 diserte
3808 5012 4044 5068 notm

563 5085 711 5140 Tum
741 5084 840 5139 ille
870 5085 1051 5156 Magni
1080 5087 1243 5141 Ducis
1271 5086 1444 5141 titulo
1507 5092 1771 5153 ornatus,
1805 5089 2205 5142 renuntiatus-
2243 5071 2284 5134 Ι)
2318 5084 2599 5156 Georgius
2627 5084 2957 5156 Acropolita
2990 5087 3046 5140 in
3080 5086 3336 5140 Historia
3368 5103 3532 5142 num.
3575 5088 3663 5141 84.
3715 5086 4044 5158 Mortem:

564 5190 677 5246 que
705 5173 938 5244 despota,
981 5178 1044 5228 ut
1074 5179 1270 5230 narrat
1308 5174 1581 5229 laudatus
1631 5174 1943 5230 historicus
1977 5192 2102 5247 cap.
2137 5177 2208 5231 23

563 5269 621 5317 et
648 5263 739 5330 27,
773 5263 996 5334 majora
1037 5262 1226 5318 moliri
1261 5263 1455 5319 animo
1485 5263 1678 5335 ccepit,
1719 5281 2019 5319 summum
2051 5264 2206 5320 scili-

562 5356 653 5407 cet
702 5352 932 5424 imperii
987 5352 1264 5406 honorem
1323 5359 1570 5424 captare.
1619 5353 1760 5407 Rem
1820 5353 2073 5408 obtinuit
2104 5371 2206 5424 pro

558 5440 708 5497 votis
741 5459 753 5497 :
790 5440 1080 5496 salutatus
1131 5441 1464 5511 imperator,
1528 5443 1628 5498 32
1661 5458 1763 5497 seu
1797 5442 2012 5513 Collega
2042 5443 2206 5514 pueri

559 5529 928 5600 imperatoris
961 5545 1113 5584 anno
1171 5529 1330 5598 4260,
1366 5530 1510 5601 ipsis
1568 5530 1836 5586 Kalendis
1884 5532 2200 5600 Januariis,

554 5621 702 5673 teste
733 5617 1081 5690 Pachymere
1113 5615 1259 5673 libro
1292 5635 1352 5688 II,
1386 5617 1573 5688 capite
1603 5619 1654 5672 4.
1688 5619 1999 5692 Designata
2027 5619 2205 5676 insta-

2317 5174 2444 5244 ejus
2503 5190 2636 5228 cum
2692 5191 2892 5229 mense
2952 5175 3260 5232 Novembri
3310 5175 3576 5244 ejusdem
3627 5173 3767 5229 anni
3835 5179 4044 5248 426(

2315 5262 2545 5335 illigant
2577 5263 2878 5333 Possinus,
2913 5264 3257 5335 Bandurius,
3290 5268 3570 5336 Cuperus.

2388 5352 2494 5406 Pro
2551 5353 2776 5407 Arsenii
2838 5353 3204 5408 restitutione
3261 5359 3531 5410 exoratur
3586 5354 3976 5424 imperator

2317 5441 2415 5495 sed
2466 5457 2532 5496 ea
2603 5457 2717 5496 non
2777 5442 2974 5496 statim
3025 5442 3304 5498 admissa.
3355 5443 3593 5498 Interim
3623 5458 3780 5498 anno
3819 5445 3900 5503 in
3919 5471 4038 5516 se

2314 5530 2516 5601 quenti
2572 5531 2702 5587 l56l
2794 5532 3000 5586 urbem
3072 5531 3311 5603 Regiam
3371 5530 4043 5608 Constantinopolim

2316 5619 2538 5675 Latinis
2569 5624 2848 5692 ereptam,
2883 5625 3187 5692 recuperat
3217 5619 3460 5676 Michael
3513 5620 3608 5677 die
3635 5621 3706 5674 25
3737 5637 4044 5696 mensi,

555 5707 656 5763 bat
687 5707 938 5762 duorum
971 5710 1372 5778 Augustorum
1430 5707 1723 5763 coronatio
1769 5710 1940 5780 juxta
1969 5712 2139 5780 pacta
2170 5726 2204 5765 a
2309 5708 2452 5762 Julii
2487 5726 2499 5763 :
2533 5709 2741 5780 dieque
2773 5709 2840 5763 45
2886 5709 3134 5780 Augusti
3167 5708 3224 5763 in
3255 5725 3384 5764 eam
3431 5707 3784 5782 ingreditur,
3826 5729 4043 5786 ped,

554 5794 830 5852 Michaele
852 5795 1190 5868 juramento
1220 5793 1454 5850 ﬁrmata
1508 5810 1520 5848 :
1580 5794 1682 5849 sed
1714 5794 1899 5867 pactis
1946 5793 2200 5864 violatis,

2311 5813 2550 5854 currum
2585 5813 2835 5869 sequens
2863 5797 3264 5871 triumpalem.
3299 5797 3442 5854 Rem
3473 5801 3672 5854 narrat
3700 5801 3952 5867 Pasch
3965 5832 4043 5891 δν
