4094 6446
169 439 232 501 411
1390 432 1599 495 VITA.
1636 462 1710 476 -—
1741 427 2258 493 DISSERTATIO
2302 427 2344 490 l.
3487 429 3567 490 5O

167 587 330 628 meres
359 569 517 626 libro
547 586 613 636 ιι,
669 568 866 642 capite
924 569 986 623 31
1019 584 1032 622 :
1085 567 1350 622 Arsenius
1391 567 1591 622 iterum
1622 564 1803 638 patri-
1835 572 1890 630 Α
1921 565 2331 620 retrocedendo
2363 564 2434 620 ad
2464 563 2781 620 Sabbatum
2813 559 3031 634 quintis
3053 561 3431 619 hebdomadas
3462 565 3564 620 84

173 660 324 716 archa
352 658 756 715 renuntiatur.
817 657 1165 728 Acropolitze
1215 655 1387 711 verba
1417 656 1610 727 accipe
1642 670 1803 709 num.

175 751 267 804 88:
297 748 522 816 Quando
555 764 683 803 vero
713 751 769 802 et
795 746 1145 818 patriarcha
1172 745 1461 816 (Arsenio)
1490 743 1811 800 inbredien-

175 839 290 893 dum
315 841 432 894 crat
461 836 1023 907 Constantinopolim
1044 843 1162 906 post
1179 835 1572 891 nonnullorum
1592 833 1814 889 dierum

180 943 444 982 excursum
474 927 576 994 (ab
622 924 878 981 solemni
898 923 1271 996 imperatoris
1292 924 1561 995 ingressu
1611 927 1652 991 :)
1696 938 1810 977 ser-

175 1019 400 1072 monibus
450 1014 934 1086 suasionibusque
977 1013 1246 1069 adductus
1285 1015 1478 1068 introii
1517 1013 1812 1084 imperator

174 1110 226 1163 in
275 1122 490 1160 sacrum
550 1106 793 1175 regiam,
853 1102 923 1157 ad
979 1102 1290 1157 cathedram
1343 1102 1588 1172 pontiﬁci
1631 1102 1807 1157 consi-

169 1195 426 1266 gnaadam
457 1237 472 1247 .
513 1234 528 1247 .
571 1237 584 1246 .
619 1235 632 1246 .
691 1193 775 1247 Ibi
830 1194 1134 1262 imperator
1203 1208 1432 1246 manum
1478 1190 1810 1262 patriarchae

168 1288 423 1340 continens
443 1303 464 1338 :
493 1285 671 1349 Tene,
696 1281 913 1354 inquit,
941 1282 1204 1336 thronum
1225 1281 1326 1336 38
1353 1288 1531 1350 tuum,
1555 1281 1772 1336 domine
1791 1297 1810 1334 :

169 1380 213 1429 et
236 1391 268 1428 α
299 1390 405 1444 qua
433 1371 646 1427 tandiu
691 1371 990 1434 aberrasti,
1040 1369 1302 1426 cathedra
1347 1373 1521 1440 (uere.
1555 1369 1687 1423 Haec
1716 1383 1808 1423 so-

169 1462 356 1518 lemnis
385 1477 541 1515 nova
573 1459 809 1515 Arsenii
844 1457 1188 1530 patriarcha:
1223 1457 1577 1513 renuntiatio
1609 1457 1811 1512 eodem

171 1557 410 1623 Augusto
434 1565 650 1604 mense
681 1547 823 1603 anni
866 1548 994 1602 261
1030 1551 1262 1618 peracta
1281 1547 1526 1603 videtur.
1559 1546 1813 1601 Affectus

173 1639 251 1694 ille
272 1639 605 1694 honoribus
638 1637 713 1691 ab
762 1637 1150 1707 imperatore:
1186 1635 1453 1692 Ecclesiae
1496 1639 1813 1707 proventus

173 1727 403 1797 adsueti,
427 1741 902 1796 sacrocrumque
921 1724 1325 1780 ministrorum
1347 1724 1641 1796 stipendia
1656 1723 1815 1796 large

175 1815 382 1872 collata.
440 1814 595 1870 Hinc
652 1829 790 1870 vero
850 1813 1107 1869 inductus
1163 1821 1240 1868 est
1267 1814 1552 1869 Arsenius
1600 1813 1688 1885 (ut
1737 1814 1818 1868 ait

179 1905 554 1976 Pachymeres
613 1902 768 1958 libro
824 1919 914 1969 111,
973 1902 1158 1973 capite
1210 1903 1290 1974 2.)
1338 1903 1408 1957 ad
1444 1901 1817 1959 coronandum

179 1994 489 2062 muniﬁcum
543 1993 900 2065 largitorem,
951 1992 1114 2046 nulla
1176 2007 1405 2063 prorsus
1465 1993 1613 2062 facta
1667 2007 1818 2047 men-

337 2087 439 2138 aut
470 2081 796 2153 signiﬁcata
822 2082 1090 2136 memoria
1118 2082 1349 2137 Joannis
1379 2080 1606 2152 pupilli.

241 2171 509 2244 Pupillus
530 2170 982 2226 infelicissimus
1005 2170 1520 2240 .loannes,jubente
1542 2168 1823 2225 Michaele

187 2263 548 2333 imperatore,
599 2264 924 2315 excaecatus
971 2262 1078 2326 est,
1131 2263 1187 2313 et
1216 2259 1276 2313 in
1308 2275 1499 2314 arcem
1534 2259 1822 2331 Dacibyzaa

188 2350 454 2418 inclusus,
490 2349 597 2404 ubi
632 2353 914 2421 perpetuo
954 2347 1363 2403 custodiretur.
1398 2348 1650 2418 lmpium
1683 2347 1823 2404 faci-

186 2456 278 2494 nus
331 2439 548 2494 eodem
630 2454 787 2493 anno
845 2438 978 2492 1261
1042 2441 1364 2509 peractum,
1425 2437 1523 2492 Die
1579 2440 1826 2492 omnium

187 2531 520 2583 sanctissima
579 2529 673 2598 (ut
746 2527 828 2582 ait
903 2525 1288 2598 Pachymeres
1345 2525 1532 2597 capite
1609 2527 1716 2599 10),
1775 2535 1828 2582 et

189 2621 409 2672 intime
469 2618 696 2687 festiva,
760 2615 974 2671 Christi
1043 2615 1348 2670 Salvatoris
1402 2616 1575 2670 nostri
1621 2616 1824 2671 natali.

191 2706 438 2762 immane
470 2705 709 2760 facinus
759 2703 962 2760 dolens
993 2704 1326 2776 patriarcha
1353 2703 1655 2772 Arsenius,
1689 2719 1826 2760 con-

183 2802 372 2850 vocata
422 2794 654 2866 synodo
705 2809 858 2849 anno
888 2794 1028 2848 1262
1055 2793 1316 2863 ineunte,
1340 2795 1702 2865 pronuntiato
1730 2811 1826 2865 pa-

185 2889 306 2948 lan,
340 2893 394 2939 et
453 2885 658 2938 merita
717 2885 1000 2938 severitate
1046 2883 1331 2954 objurgato
1388 2882 1663 2938 Michaelis
1717 2885 1828 2938 Au-

184 2977 316 3042 gusti
341 2973 599 3033 scelere;
659 2974 838 3042 ipsum
892 2973 1116 3043 prolata
1175 2971 1414 3040 legitimi
1460 2972 1666 3043 judicit
1708 2974 1830 3043 for-

183 3063 345 3133 mata,
376 3061 672 3132 spirituali
721 3063 960 3116 sectione
989 3078 1024 3116 a
1063 3061 1447 3116 communione
1480 3061 1690 3117 Christo
1720 3076 1833 3116 ere-

181 3151 424 3206 datiiun
451 3151 560 3205 rite
587 3153 820 3205 resecat.
852 3149 982 3205 Haec
1011 3149 1186 3205 habet
1230 3148 1614 3221 Pachymeres
1644 3149 1832 3221 capite

184 3241 259 3294 1i.
313 3245 437 3295 Cur
491 3238 778 3294 Pessinus
837 3239 983 3294 hanc
1040 3238 1270 3294 differat
1311 3237 1682 3310 imperatoris
1732 3253 1829 3294 ex-

177 3328 778 3384 uommnnicationem
835 3327 894 3382 in
944 3344 1164 3383 annum
1217 3328 1375 3395 1263,
1431 3344 1498 3382 ac
1530 3327 1578 3382 si
1610 3327 1830 3383 acerbus

179 3417 498 3490 perpetrati
561 3415 798 3472 sceleris
851 3418 1084 3471 nuntius
1140 3416 1372 3471 nonnisi
1423 3420 1556 3487 post
1609 3432 1829 3471 annum

179 3508 247 3562 ad
273 3522 459 3562 aures
491 3504 838 3576 patriarchae
886 3505 1229 3576 pervenerit,
1280 3505 1435 3560 haud
1469 3505 1612 3561 satis
1643 3505 1828 3577 capio.

245 3598 314 3651 11.
352 3595 608 3650 Frustra
637 3610 740 3664 per
787 3593 1028 3665 longum
1074 3594 1332 3665 spatium
1363 3593 1644 3666 temporis
1674 3593 1832 3648 solu-

182 3684 252 3739 tio
278 3682 532 3750 vinculi,
596 3698 714 3754 quo
766 3682 1075 3737 tenebatur
1129 3683 1453 3755 Augustus,
1512 3682 1584 3738 ab
1629 3683 1832 3738 eodem

183 3773 372 3842 petita.
423 3771 581 3827 Hinc
639 3772 738 3825 sub
785 3773 1016 3826 initium
1071 3771 1296 3842 Aprilis,
1351 3771 1608 3827 solemnis
1636 3772 1837 3843 jejunii

185 3875 431 3935 tempore
487 3859 696 3928 (verba
744 3864 884 3915 sunt
930 3859 1303 3931 Pachymeris
1358 3859 1460 3925 lib,
1506 3877 1583 3927 1v,
1620 3876 1747 3932 cap.
1780 3860 1835 3931 3)

183 3952 300 4005 iam
327 3957 556 4022 festum
585 3957 862 4017 ageretur,
894 3949 1035 4020 quod
1063 3949 1401 4005 Acathistum
1430 3949 1592 4018 vulgo
1620 3957 1834 4017 vocant,

181 4041 393 4096 ἀκέραια
444 4039 898 4094 accusationibus
951 4038 1150 4109 plenus
1205 4039 1538 4109 imperatori
1585 4039 1838 4094 traditur

181 4135 374 4184 metra
435 4126 841 4198 patriarcham
896 4127 1229 4191 Arsenium,
1287 4135 1453 4182 noctu
1506 4140 1626 4198 post
1672 4127 1838 4196 ﬁnem

553 4215 840 4271 Pessinus
861 4215 919 4269 in
941 4214 1236 4270 Glossario
1259 4213 1485 4270 Rituale
1506 4215 1836 4270 Graecorum

181 4307 359 4372 ἀτί,
392 4306 461 4361 in
510 4320 635 4376 quo
691 4303 814 4358 haec
873 4302 1197 4358 habentur:
1235 4303 1571 4372 Ἀκάθιστον,
1617 4305 1835 4358 Acalhi-

181 4401 338 4464 dies,
369 4394 718 4450 celebratur
764 4392 1001 4449 Sabbato
1055 4395 1267 4462 quintae
1314 4392 1663 4448 hebdomadis
1692 4393 1836 4460 Qua-

181 4483 525 4554 drspen'mz.
559 4483 687 4546 Quo
745 4497 815 4536 ex
863 4479 1009 4536 festo
1065 4481 1159 4535 die
1205 4481 1286 4536 ita
1343 4480 1601 4536 calculos
1629 4481 1741 4535 init
1766 4482 1838 4536 ad

183 4587 399 4628 annum
430 4570 849 4643 indagandum
898 4569 998 4624 lib.
1033 4586 1097 4624 ιιι
1151 4569 1634 4626 Observationum
1667 4569 1838 4625 chro-

1927 653 2415 725 Quadragesimaa,
2467 670 2532 708 ac
2580 653 2796 708 festum
2847 654 3206 720 Acathistum,
3241 653 3566 726 reperimus

1927 743 1985 798 id
2017 742 2299 798 accidisse
2328 743 2388 797 in
2420 744 2645 798 tertium
2690 743 2895 814 Aprilis
2926 760 2945 796 :
2976 742 3076 814 qui
3107 741 3232 798 dies
3263 744 3566 815 aptissime

1929 832 2201 904 congruit
2230 832 2290 886 in
2320 830 2479 886 illam
2505 831 2859 887 mentionem
2893 829 3183 902 ἱσταμένου
3212 828 3567 907 Βοηδρομιῶ-

1927 941 2042 988 νος,
2073 921 2392 992 incipientis
2420 921 2649 988 Aprilis.
2687 942 2714 970 »
2736 920 3000 978 Calculos
3023 921 3254 978 Possini
3284 922 3569 994 approbat

1929 1011 2190 1082 Cuperus
2222 1008 2348 1065 loco
2379 1008 2554 1065 citato
2586 1025 2748 1064 num.
2780 1010 2906 1064 980.

2000 1099 2125 1156 Non
2157 1099 2284 1154 sine
2343 1098 2598 1154 maxime.
2642 1098 3048 1170 trepidatione,
3100 1116 3277 1172 quam
3326 1101 3433 1156 viri
3463 1101 3565 1157 do-

1931 1188 2179 1244 ctissimi
2209 1187 2422 1260 ingerit
2450 1187 2790 1257 auctoritas,
2818 1187 3004 1243 eidem
3049 1188 3340 1245 adversari
3371 1206 3563 1263 cogor.

1930 1284 2134 1334 Annus
2165 1295 2288 1332 sirm
2315 1277 2573 1349 vulgaris
2602 1278 2761 1344 1266,
2793 1282 2850 1333 et
2876 1277 3102 1334 Periodi
3124 1278 3374 1334 Julianus
3403 1281 3564 1350 5979,

1931 1370 2079 1440 cyclo
2116 1368 2246 1424 solis
2296 1368 2364 1422 15
2413 1371 2470 1422 et
2517 1367 2700 1423 littera
2753 1367 3085 1423 Dominicali
3138 1371 3180 1426 ϐ
3227 1366 3566 1441 insignitus,

1931 1456 2135 1527 utique
2164 1455 2456 1522 currebat,
2505 1455 2749 1509 minime
2777 1471 2910 1510 vero
2966 1455 3114 1527 cyclo
3173 1455 3315 1510 lunae
3345 1457 3432 1526 11,
3465 1457 3567 1512 sed

1934 1547 2020 1601 13.
2054 1545 2199 1600 Hinc
2229 1544 2370 1599 luna
2416 1543 2708 1615 paschalis
2755 1560 2821 1599 eo
2870 1544 3043 1616 coepit
3087 1561 3240 1600 anno
3271 1545 3568 1601 numerari

1931 1635 2003 1690 ab
2035 1633 2344 1689 undecima
2372 1633 2467 1688 die
2492 1632 2717 1688 Martii:
2745 1632 3065 1706 inciditque
3095 1631 3236 1689 luna
3267 1635 3572 1704 quartade-

1932 1724 2087 1778 cima
2115 1723 2174 1776 in
2206 1721 2360 1778 diem
2379 1723 2448 1776 24
2469 1722 2734 1792 ejusdem
2765 1722 3008 1789 mensis,
3038 1723 3244 1792 feriam
3271 1728 3567 1794 quartam:

1930 1817 1988 1867 et
2016 1815 2286 1868 sanctum
2318 1809 2541 1866 Pascha
2591 1811 2678 1866 die
2729 1811 2800 1864 28
2830 1810 3026 1866 Martii
3070 1811 3428 1867 celebratum
3459 1815 3568 1869 est.

1931 1901 1992 1957 Id
2025 1900 2318 1971 evincunt,
2351 1897 2591 1954 calculis
2622 1916 2655 1954 a
2695 1913 2789 1954 me
2817 1899 3108 1956 institutis
3137 1904 3202 1956 ut
3231 1901 3569 1972 praesidium

1933 1987 2298 2045 auctoritatis
2326 1987 2620 2058 adjiciam,
2656 1987 2878 2045 Tabulae
2915 2005 3215 2055 annorum,
3247 2005 3374 2060 quis
3404 1989 3570 2046 editis

1931 2082 2191 2150 prostant
2223 2077 2378 2148 apud
2435 2076 2803 2150 Ducangium
2841 2077 2902 2131 in
2958 2077 3251 2133 Glossario
3281 2079 3488 2134 medias
3517 2084 3574 2136 et

1931 2167 2146 2221 inﬁmis
2197 2165 2528 2221 Latinitatis
2583 2183 2640 2220 v.
2674 2166 2879 2232 Annus,
2929 2170 2986 2221 et
3030 2167 3186 2238 apud
3235 2167 3479 2241 Pagium
3511 2169 3570 2224 in

1932 2254 2221 2310 Breviario
2274 2253 2551 2309 historico
2627 2253 3031 2326 chronologico
3105 2255 3302 2312 critico
3360 2256 3573 2312 Roma-

1933 2360 2144 2399 norum
2188 2342 2556 2414 pontiﬁcum,
2613 2340 2895 2414 aliosque.
2958 2343 3121 2398 Addo
3169 2342 3481 2400 Calvisium
3513 2345 3573 2400 in

1933 2437 2115 2505 Opere
2185 2431 2592 2504 chronologico
2673 2431 2744 2487 ad
2802 2432 3070 2488 eumdem
3132 2449 3354 2489 annum
3413 2434 3573 2490 1266.

1936 2523 2194 2593 itemque
2223 2521 2514 2592 Cuperum
2561 2521 2686 2576 loco
2716 2520 2892 2576 citato
2918 2538 3082 2577 num.
3126 2522 3252 2588 988,
3285 2524 3444 2579 Falsa
3472 2523 3574 2596 hy-

1933 2611 2146 2683 pothesi
2184 2611 2387 2665 nititur
2433 2611 2713 2680 Possinus,
2775 2609 3161 2681 inquientem,
3219 2611 3349 2667 dum
3379 2615 3578 2669 asserit

1935 2699 2154 2755 Pascha
2211 2714 2356 2755 anno
2415 2699 2552 2754 1566
2607 2701 2668 2753 in
2724 2698 2868 2754 diem
2924 2699 2990 2754 18
3040 2701 3249 2772 Aprilis
3290 2702 3574 2758 incidisse.

1936 2794 2077 2847 Nam
2097 2790 2265 2861 juxta
2319 2803 2502 2844 omnes
2559 2788 2699 2844 alios
2748 2787 3122 2860 chronologos,
3165 2797 3217 2845 et
3268 2806 3338 2845 ea:
3364 2789 3574 2847 calculo

1939 2878 2310 2934 astronomico
2364 2878 2593 2943 constat,
2651 2876 2749 2931 illo
2817 2892 2966 2932 anno
3025 2877 3163 2932 1266
3214 2878 3428 2934 Pascha
3491 2878 3580 2935 die

1936 2968 2007 3022 28
2060 2966 2250 3021 Martii
2299 2966 2626 3021 celebratum
2696 2967 2886 3034 fuisse.
2938 2965 3083 3020 Hinc
3139 2983 3272 3022 vero
3327 2966 3580 3024 efﬁcitur

1940 3057 2176 3112 demum
2235 3055 2450 3110 festum
2478 3057 2575 3106 τοῦ
2632 3052 2951 3107 Ἀκαθίστου
3008 3053 3173 3110 irrito
3225 3059 3432 3112 conatu
3486 3057 3576 3112 in-

1941 3143 2095 3217 quiri
2128 3144 2330 3199 eodem
2363 3160 2514 3199 anno
2561 3143 2714 3198 inter
2765 3142 2889 3198 dies
2917 3141 3122 3215 Aprilis
3149 3142 3460 3216 ἱσταμένου,
3491 3148 3579 3201 in-

1939 3234 2217 3305 cipientis.
2252 3233 2333 3288 Ea
2359 3248 2545 3305 graeca
2573 3247 2710 3287 voce
2740 3231 3084 3304 Beveregius
3108 3232 3349 3289 adnotat
3377 3232 3526 3289 libro
3557 3234 3580 3289 Ι

1861 3300 1903 3367 C
1946 3300 2389 3378 Institutionum
2442 3300 2982 3393 chronologicarum
3040 3321 3228 3394 capite
3285 3322 3372 3391 13,
3413 3340 3578 3379 num.

1939 3414 1993 3467 5.
2054 3411 2368 3483 signiﬁcari
2429 3411 2584 3478 apud
2641 3410 2868 3466 Grecos
2941 3411 3314 3467 consuevisse
3363 3419 3584 3483 partem

1939 3501 2144 3555 mensis
2169 3501 2428 3570 primam,
2460 3498 2659 3554 decem
2682 3499 2903 3570 priores
2935 3497 3058 3554 dies
3080 3499 3583 3571 complectentem.

1945 3588 2319 3644 Dulresnium
2350 3587 2589 3642 consule
2641 3589 2701 3642 in
2759 3587 2914 3643 notis
2946 3588 3018 3643 ad
3069 3592 3251 3643 Anna;
3281 3592 3584 3646 Comnenas

1943 3678 2159 3733 librum
2192 3678 2215 3732 Ι
2244 3677 2533 3732 Alexiados
2581 3676 2683 3732 ubi
2733 3676 3044 3749 scriptores
3093 3677 3328 3734 Latinos
3357 3677 3586 3751 aliquos

1944 3769 2249 3832 memorat,
2281 3765 2383 3836 qui
2441 3764 2567 3820 suis
2615 3764 2677 3818 in
2736 3763 3026 3820 chronicis
3079 3780 3321 3822 mensem
3349 3770 3587 3824 stantem

1945 3855 2240 3927 accipiunt
2285 3870 2388 3926 pro
2436 3869 2620 3908 mense
2669 3857 2923 3922 exeunte,
2971 3855 3277 3910 Auctorem
3326 3855 3585 3912 chronici

1943 3943 2232 4011 Barensis,
2280 3947 2656 4011 Anonymum
2713 3941 2772 3997 in
2834 3941 2983 3997 serie
3041 3942 3321 3998 comitum
3351 3945 3585 4016 Capua),

1947 4031 2336 4089 Romualdum
2368 4029 2823 4096 Salernitanum,
2855 4029 3138 4102 aliosque.

2016 4121 2340 4178 Chronicus
2371 4119 2670 4174 character
2708 4135 2777 4174 ex
2835 4118 3036 4174 eodem
3096 4118 3411 4174 Ἀκαθιστου
3441 4121 3586 4179 festo

1946 4213 2231 4268 deductus
2256 4209 2477 4281 optime
2507 4224 2656 4262 anno
2699 4207 3032 4278 insequenti
3071 4210 3201 4262 1267
3232 4210 3586 4277 conveniret,

1948 4317 2063 4374 quo
2094 4314 2328 4355 sacrum
2362 4297 2580 4352 Pascha
2607 4295 2958 4353 celebratum
2991 4300 3079 4352 est
3107 4297 3200 4352 die
3232 4298 3299 4350 17
3327 4297 3543 4369 Aprilis
3570 4316 3584 4354 :

1947 4391 2140 4445 littera
2193 4385 2537 4443 Dominicali
2567 4386 2608 4440 B
2667 4389 2973 4453 currente;
3035 4385 3118 4441 sic
3166 4385 3323 4440 enim
3372 4386 3587 4443 festum

1946 4477 2094 4533 illud
2124 4475 2331 4532 incidit
2359 4476 2419 4530 in
2465 4475 2620 4529 diem
2649 4477 2684 4528 2
2731 4474 2995 4545 ejusdem
3040 4475 3248 4546 Aprilis
3277 4472 3588 4546 ἱσταμένου.

1947 4568 2059 4624 Sed
2089 4567 2246 4622 hunc
2275 4564 2363 4620 vel
2394 4565 2518 4636 ipse
2549 4563 2827 4619 Possinus
2879 4563 3068 4634 rejicit
3097 4578 3356 4618 annum:
3390 4563 3463 4618 ab
3492 4580 3588 4620 eo-

185 4660 474 4732 nologico,
505 4658 702 4731 capite
757 4660 815 4726 5,
850 4674 1015 4713 num.
1056 4659 1110 4712 5.
1149 4679 1176 4711 ι
1224 4657 1487 4713 Diximus
1517 4658 1577 4712 in
1607 4657 1838 4714 Glossa-
1871 4670 1918 4735 D
1951 4674 2062 4729 que
2091 4658 2438 4728 argumenta
2467 4669 2574 4708 nos
2605 4652 2929 4719 retrahunt,
2953 4669 3080 4723 quis
3112 4651 3385 4708 dabimus
3414 4652 3587 4710 intra.

187 4749 299 4817 rio,
329 4750 514 4806 Verbo
569 4747 888 4813 ἀδιάθιστος,
946 4747 1158 4802 festum
1213 4745 1358 4803 illud
1391 4746 1666 4802 celebrati
1697 4747 1839 4804 soli-

191 4853 317 4893 tum
343 4839 526 4894 fuisse
555 4837 807 4894 Sabbato
837 4837 1046 4908 quinta
1068 4836 1416 4892 hebdome
1444 4838 1606 4891 verni
1625 4835 1840 4906 jejunii

191 4927 584 5000 quadraginta
635 4926 890 4995 dierum,
935 4924 1210 4980 sexdecim
1233 4925 1424 4981 diebus
1452 4928 1581 4980 ante
1607 4925 1836 4980 Pascha.

194 5016 334 5071 (iam
365 5023 587 5084 autem,
617 5019 688 5070 ut
717 5019 808 5070 est
832 5012 1233 5081 manifestum,
1258 5029 1373 5068 non
1405 5012 1667 5084 quolibet
1687 5029 1841 5068 anno

201 5103 482 5160 Sa.be
511 5105 740 5175 quinae
791 5102 1179 5158 hebdomadis
1228 5100 1751 5174 quadragesimalis
1781 5101 1842 5156 in

199 5196 393 5258 Aprilis
421 5196 663 5250 initium
695 5194 751 5264 (ο.
785 5191 1136 5264 Pachymere
1156 5190 1500 5262 indicatum)
1538 5190 1842 5258 incideret,

203 5288 429 5353 apparet
487 5282 584 5338 his
641 5281 841 5337 verbis
899 5279 1182 5336 contineri
1258 5279 1650 5334 characterem
1705 5280 1848 5334 anni

205 5384 362 5438 quem
390 5373 741 5444 qum-imus.
781 5370 936 5426 Ordo
958 5385 1156 5424 rerum
1184 5373 1479 5441 gestarum
1509 5368 1567 5422 in
1599 5368 1845 5441 Synopsi

207 5471 480 5530 mea
509 5460 681 5516 ducit
713 5476 822 5515 nos
872 5459 946 5514 ad
1002 5473 1213 5513 annum
1272 5456 1479 5512 Christi
1509 5457 1665 5512 1266.
1699 5461 1844 5512 Nam

209 5545 288 5602 hic
314 5567 497 5606 unus
525 5551 644 5606 fuit
675 5547 900 5622 periodi
931 5546 1182 5605 Julianas
1227 5545 1389 5612 5979,
1422 5546 1566 5616 cycli
1594 5546 1726 5601 solis
1759 5546 1844 5614 15,

209 5639 336 5706 edi
359 5642 508 5699 lana
541 5642 632 5695 11.
670 5640 896 5695 Horum
930 5635 1227 5712 cyclorum
1276 5633 1606 5690 certissimo
1633 5633 1848 5689 indicio

213 5722 468 5788 hamus
495 5729 731 5787 Pascha
764 5727 866 5785 illo
897 5744 1054 5785 anno
1106 5725 1289 5782 fuisse
1321 5722 1536 5795 Aprilis
1568 5723 1653 5776 18.
1688 5722 1850 5779 Unde

1951 4745 2132 4816 Rejici
2165 4745 2338 4799 debet
2358 4758 2548 4798 annus
2581 4742 2740 4808 1265,
2763 4758 2876 4813 quo
2907 4740 3131 4796 Pascha
3154 4739 3593 4799 celebraverunt

1949 4833 2274 4891 Orientales
2305 4836 2361 4887 et
2391 4830 2787 4886 Occidentales
2807 4827 3118 4885 Christiani
3152 4829 3242 4884 die
3270 4829 3307 4882 5
3337 4829 3549 4901 Aprilis
3575 4857 3591 4900 ;

1950 4929 2009 4979 at
2021 4921 2354 4995 praecedens
2376 4918 2644 4975 convenit
2664 4918 2902 4974 omnino
2918 4934 3110 4973 annus
3132 4918 3289 4973 1261s.
3306 4917 3500 4990 Cyclas
3513 4936 3595 4976 s0-

1951 5014 2021 5069 lis
2048 5010 2320 5066 currebat
2350 5010 2437 5075 13,
2489 5012 2546 5064 et
2576 5009 2760 5064 littera
2806 5007 3164 5063 Dominicalis
3194 5007 3299 5079 FE,
3329 5017 3382 5063 et
3411 5008 3594 5080 cyclus

1955 5099 2375 5170 lunse11,unde
2404 5097 2547 5153 luna
2569 5097 2633 5152 14
2661 5096 2865 5152 incidit
2884 5096 2944 5151 in
2973 5096 3128 5152 diem
3163 5097 3231 5151 15
3258 5096 3592 5168 Aprilis,fe-

1951 5192 2099 5247 riam
2128 5188 2446 5257 tertiam,et
2474 5202 2706 5242 sacrum
2739 5185 2962 5241 Pascha
2982 5187 3041 5240 in
3061 5186 3214 5242 diem
3231 5186 3302 5240 2O
3329 5185 3592 5256 ejusdem

1953 5278 2439 5335 mensis.Festum
2499 5275 2679 5347 igitur
2721 5273 3036 5327 ’Δκαθίστου
3095 5274 3452 5330 celebratum
3484 5273 3596 5329 fuit

1952 5369 2046 5424 die
2073 5369 2109 5421 5
2137 5366 2403 5438 ejusdem
2435 5364 2531 5420 85
2584 5363 2820 5434 Aprilis,
2871 5364 3099 5419 Sabbato
3153 5364 3365 5437 quintae
3393 5362 3596 5418 hebdo-

1952 5457 2136 5513 madas
2171 5452 2382 5526 jejunii
2432 5452 2977 5525 quadragesimalis.
3032 5451 3321 5507 Nimirum
3371 5455 3594 5523 septem

1954 5543 2422 5601 hebdomadibus
2473 5540 2768 5612 jejunium
2824 5541 2981 5597 istud
3041 5540 3220 5597 Graci
3277 5545 3482 5612 agunt,
3529 5557 3596 5598 ac

1955 5633 2161 5706 incipit
2191 5632 2334 5687 feria
2360 5634 2394 5684 2
2423 5635 2634 5685 nostris
2665 5630 3194 5703 Quinquagesimaa,
3228 5645 3356 5700 quae
3391 5630 3594 5686 eodem

1958 5740 2111 5780 anno
2147 5722 2280 5777 1264
2333 5719 2441 5775 fuit
2496 5719 2621 5776 dies
2665 5720 2837 5776 tertia
2882 5719 3112 5776 Martii:
3166 5718 3426 5789 adeoque
3453 5720 3594 5779 heb-
