4094 6472
510 435 582 496 51
1529 438 1845 501 GEORGII
1888 439 2149 501 CYPRII
2194 441 2313 502 GP.
2362 439 2892 502 PATRIARCELE
3832 439 3916 500 59

508 568 762 626 domada
817 570 1025 643 quinta
1076 569 1291 627 desinit
1357 570 1418 626 in
1463 559 1723 641 sabbato,
1796 572 2001 644 quinta
2055 571 2148 629 die
2175 572 2610 640 ABandurius,
2662 574 2763 646 qui
2817 571 3043 629 Arsenii
3099 571 3523 645 depositionem
3583 588 3720 628 cum
3757 589 3915 629 anno

509 656 746 730 Aprilis.
778 659 1106 716 Graecorum
1137 653 1511 733 Ἦμερόλογια
1541 661 1691 716 vide.

595 754 774 806 Datus
805 765 939 822 ergo
968 749 1356 805 accusationis
1388 753 1591 805 contra
1627 750 1939 807 Arsenium
1972 751 2157 823 patri-

523 841 761 899 archam
812 837 1045 893 libellus
1077 838 1208 905 fuit,
1265 837 1396 893 dum
1448 842 1647 910 festum
1703 840 1987 909 agebatur,
2019 840 2160 910 quod

516 929 852 988 Acathistum
868 925 1036 996 vulgo
1054 936 1264 993 vocant,
1288 930 1464 982 noctu
1482 932 1604 999 post
1629 928 1792 997 ﬁnem
1819 928 2156 999 hymnodiae,

519 1018 675 1076 die5
717 1016 935 1088 Aprilis
992 1015 1129 1070 anni
1190 1015 1348 1069 126i.
1412 1018 1500 1070 Ita
1557 1017 1781 1071 scilicet
1823 1017 2158 1088 vocabatur,

517 1108 671 1180 quod
704 1124 738 1161 a
768 1104 1003 1179 populo,
1036 1105 1108 1160 ob
1139 1104 1342 1159 urbem
1366 1108 1452 1181 ter
1479 1110 1768 1160 servatam
1825 1122 1932 1178 ope
1980 1106 2161 1161 beatas

512 1194 792 1268 Virginis,
823 1210 927 1265 per
984 1197 1157 1249 totam
1211 1201 1420 1249 noctem
1474 1198 1687 1261 stante,
1745 1196 1863 1249 sine
1903 1197 2159 1263 sessione,

514 1285 837 1358 gratiarum
867 1282 1114 1337 actionis
1151 1282 1379 1338 cantica
1426 1281 1876 1339 exsolvebantur
1907 1284 2163 1340 Sabbato

515 1377 575 1429 in
605 1372 897 1430 Malutinis
944 1369 1322 1425 hebdomadis
1362 1370 1578 1442 quintis
1626 1371 2010 1442 jejuniorum.
2045 1373 2163 1427 Du-

518 1460 794 1533 cangium
825 1458 1065 1514 consule
1111 1458 1171 1513 in
1219 1458 1514 1514 Glossario
1565 1458 1781 1515 Graeco.
1815 1460 2162 1516 Historicam

518 1550 768 1620 hujusce
798 1548 879 1603 rei
930 1547 1323 1603 narrationem
1367 1547 1521 1621 typis
1567 1548 1749 1604 edidit
1779 1548 2165 1604 Combeﬂsius

522 1642 657 1712 post
686 1636 999 1693 Historiam
1033 1636 1546 1693 Monothelitarum
1582 1653 1713 1710 pag.
1744 1638 1869 1693 805.
1900 1638 2166 1713 Synodus

524 1731 858 1795 convocata,
890 1742 1017 1797 quae
1074 1725 1373 1798 negotium
1424 1725 1763 1797 patriarchas
1811 1727 2162 1783 discuteret:

522 1816 745 1873 indicta
773 1814 899 1870 dies
923 1815 1092 1885 juxta
1139 1814 1293 1886 juris
1352 1814 1655 1883 formulas,
1714 1815 1833 1870 lata
1874 1815 2169 1871 sententia

525 1903 927 1977 depositionis,
985 1902 1401 1975 depositusque
1455 1902 1739 1959 Arsenius
1786 1904 1846 1959 in
1895 1903 2164 1959 exsilium

525 1993 685 2051 abire
733 1994 962 2063 jussus,
1018 1996 1174 2047 nocte
1226 1994 1445 2048 circiter
1499 1994 1743 2048 extrema
1806 1995 2161 2060 Πυαντιῶνος,

523 2083 672 2138 Μαίί
697 2082 917 2153 mensis,
948 2081 1151 2136 eodem
1179 2097 1330 2136 anno
1362 2081 1521 2135 1264.
1554 2080 1913 2154 ΡΙιιιιαζιιριιεί
1945 2081 2164 2154 Pachy-

522 2185 740 2228 merem
768 2169 893 2242 lege
924 2169 1071 2225 libro
1102 2187 1177 2240 ιν,
1212 2169 1386 2225 citato
1417 2169 1606 2242 capite
1633 2171 1688 2235 8,
1723 2169 1826 2225 ubi
1855 2169 1979 2226 loco
2010 2170 2165 2226 vocis

520 2261 864 2318 Πυαντιῶνος
913 2258 1305 2330 reponendam
1355 2274 1554 2314 vocem
1605 2275 1733 2314 esse
1765 2261 2163 2331 Πυανεψιῶνος,

520 2347 930 2405 animadvertit
986 2347 1265 2403 Possinus
1320 2346 1380 2401 in
1439 2347 1955 2405 Observationibus
2014 2348 2163 2404 libro

523 2454 589 2492 ιιι
629 2434 1057 2508 chronologico,
1116 2435 1303 2505 capite
1361 2437 1414 2501 1,
1472 2440 1529 2491 et
1582 2437 1770 2508 capite
1824 2438 1879 2504 2,
1912 2454 2076 2492 num.
2107 2440 2163 2492 6.

520 2524 719 2582 Altera
746 2539 1001 2596 namque
1028 2525 1138 2580 hac
1156 2541 1294 2581 voce
1314 2525 1759 2581 contentissime
1783 2526 2166 2599 Pachymeres

524 2629 786 2670 mensem
815 2613 1021 2669 Maium
1066 2629 1271 2669 vocare
1320 2612 1485 2682 solet,
1533 2619 1591 2669 et
1633 2614 1693 2669 in
1725 2615 1921 2670 codice
1952 2615 2164 2671 Barbe-

523 2703 672 2769 rino,
724 2719 841 2775 quo
896 2702 1021 2775 ipse
1081 2702 1373 2771 utebatur,
1429 2719 1461 2757 e
1518 2703 1751 2776 regione
1797 2702 1958 2760 illius
2009 2705 2167 2760 vocis

524 2794 866 2852 Πυαντιῶνος
894 2791 955 2846 in
985 2791 1248 2864 margine
1275 2791 1516 2863 antiqua
1544 2809 1719 2847 manu
1753 2791 1964 2864 legitur
1990 2790 2165 2846 Μαΐου

526 2880 764 2953 scripta.
816 2879 1212 2937 Constitutum
1261 2880 1642 2952 depositionis
1684 2881 1911 2937 Arsenii
1944 2899 2164 2938 annum

520 2971 659 3025 1264
690 2968 1063 3042 amplectitur
1115 2969 1448 3026 Bandurius
1476 2987 1489 3026 :
1524 2977 1585 3025 ut
1635 2974 1716 3041 ut,
1750 2969 2043 3042 inquiens,
2076 2971 2161 3027 di-

514 3063 606 3116 cat
633 3059 920 3115 Pessinus.

2268 662 2403 716 1264
2434 662 2642 733 illigat,
2683 661 2954 718 Germani
2985 660 3418 718 successionem
3471 660 3666 717 differt
3707 661 3779 717 ad
3807 677 3919 717 an-

2266 767 2408 806 num
2441 752 2577 806 1267
2608 768 2671 806 ac
2701 767 2962 808 mensem
2990 750 3234 806 Junium
3255 750 3520 821 ejusdem
3546 750 3706 805 anni.
3737 752 3916 806 Arse-

2268 838 2347 894 nii
2373 838 2720 911 depositioni
2751 856 2971 895 annum
3006 841 3142 894 1266
3164 840 3564 912 assignaverat
3594 838 3914 895 Possinus:

2267 928 2588 999 eodemque
2637 945 2810 997 anno,
2861 927 2949 984 vel
2997 928 3193 1000 potius
3240 927 3574 1000 insequenti
3607 929 3743 983 1267
3767 928 3918 983 sub-

2268 1016 2433 1073 stitui
2464 1016 2821 1073 Germanum
2853 1017 3119 1089 potuisse
3162 1017 3340 1072 tradit
3367 1033 3471 1088 pro
3503 1021 3749 1089 utraque
3779 1034 3917 1072 sen-

2268 1106 2456 1161 tentia
2510 1106 2669 1161 varia
2721 1104 3101 1161 accumulans
3153 1110 3518 1177 argumenta.
3561 1106 3669 1161 Sed
3717 1105 3919 1177 ipsum

2271 1195 2522 1266 denique
2567 1211 2719 1251 anno
2770 1195 2973 1250 eodem
3029 1195 3165 1248 1267
3219 1193 3466 1250 cessisse
3521 1193 3922 1266 patriarchatu

2271 1283 2363 1339 die
2394 1284 2457 1338 14
2515 1283 2895 1356 Septembris,
2946 1291 3091 1339 certo
3146 1286 3411 1350 constare,
3463 1282 3657 1354 inquit
3684 1281 3809 1339 loco
3835 1283 3922 1338 ci-

2274 1376 2392 1427 tato
2445 1372 2635 1444 capite
2685 1373 2721 1426 6
2770 1388 2934 1427 num.
2996 1372 3048 1442 1,
3107 1370 3538 1443 Chronologicis
3595 1371 3922 1442 implicitus

2272 1459 2721 1516 difﬁcultatibus
2769 1461 3049 1533 Cuperus.
3105 1458 3262 1515 Circa
3311 1462 3549 1516 alterum
3587 1476 3797 1514 annum
3825 1462 3920 1516 ni-

2272 1550 2353 1604 hil
2407 1550 2650 1605 absolute
2678 1548 2876 1617 definio
2932 1548 3148 1620 (inquit
3205 1564 3372 1605 num.
3426 1547 3592 1619 992):
3652 1547 3753 1603 Sed
3800 1548 3921 1603 ini-

2272 1640 2416 1693 tium
2447 1638 2704 1694 Germani
2747 1653 2892 1694 anno
2951 1636 3157 1692 Christi
3213 1638 3350 1691 1266
3394 1637 3481 1692 vel
3543 1637 3676 1691 1267
3722 1636 3918 1709 affigo.

2274 1727 2679 1783 Abdicationem
2734 1730 2917 1782 autem
2974 1730 3160 1794 (num.
3191 1726 3320 1796 993)
3367 1742 3512 1782 anno
3556 1724 3760 1781 Christi
3782 1726 3923 1780 1267

2272 1818 2474 1887 factam
2496 1832 2630 1884 esse,
2666 1832 2736 1872 ea:
2781 1817 2944 1871 initio
2999 1815 3324 1871 successoris
3367 1816 3539 1886 ipsius
3577 1824 3762 1886 postea
3789 1829 3919 1868 con-

2196 1943 2242 2009 B
2274 1907 2463 2009 “‘i‘ff"

2341 1993 2509 2049 Viros
2556 1993 2930 2050 doctissimos
2988 1991 3224 2064 impulit
3279 1990 3588 2064 Nicephori
3637 1991 3923 2063 Grsegora

2272 2082 2608 2151 auctoritas,
2656 2088 2724 2137 ut
2778 2081 3052 2137 Germani
3111 2079 3537 2136 abdicationem
3592 2080 3655 2135 in
3696 2096 3919 2135 annum

2275 2172 2411 2225 1267
2441 2171 2743 2225 referrent.
2792 2169 3002 2225 Narrat
3047 2168 3144 2225 ille
3172 2168 3274 2224 lib.
3329 2185 3404 2238 ιν,
3447 2169 3636 2241 capite
3663 2169 3717 2235 8,
3751 2184 3919 2223 num.

2273 2260 2325 2331 4,
2358 2259 2555 2315 sedem
2610 2256 3057 2330 patriarchalem
3106 2275 3142 2313 a
3196 2257 3483 2313 Germano
3536 2256 3822 2323 relictam,
3860 2257 3921 2311 in

2272 2364 2518 2420 eamque
2537 2352 2803 2403 evectum
2827 2346 3149 2419 Josephum
3172 2346 3545 2402 Galesiotem.
3570 2347 3720 2402 Tum
3753 2362 3921 2401 num.

2271 2440 2305 2490 2
2335 2438 2595 2508 adnotat,
2626 2436 2726 2491 sub
2774 2436 2870 2492 hoc
2918 2445 3128 2507 tempus
3175 2436 3317 2491 luna
3375 2436 3544 2491 solem
3572 2437 3925 2491 obscuratum

2271 2542 2384 2582 esse
2414 2566 2428 2580 .
2467 2569 2479 2581 .
2517 2564 2531 2579 .
2567 2568 2579 2580 .
2638 2526 2709 2579 25
2762 2526 2854 2580 die
2908 2526 3060 2580 Maii.
3122 2524 3280 2580 Hanc
3339 2524 3481 2580 solis
3538 2524 3921 2580 defectionem

2274 2615 2589 2687 contigisse
2619 2615 2821 2670 eadem
2877 2615 2969 2669 die
3013 2616 3085 2669 25
3126 2613 3259 2669 Maii
3314 2630 3459 2671 anno
3492 2614 3648 2684 1267,
3680 2614 3921 2669 demon-

2274 2708 2462 2761 strant
2508 2703 2849 2770 astronomi,
2923 2702 3135 2760 Sethus
3193 2702 3498 2768 Calvisius,
3558 2706 3615 2757 et
3666 2702 3925 2758 Jacobus

2274 2792 2649 2863 Grantamus,
2697 2797 2753 2847 et
2805 2792 3061 2847 Joannes
3104 2790 3364 2863 Baptista
3410 2789 3723 2846 Ricciolius
3766 2791 3923 2862 apud

2275 2881 2581 2937 Possinum
2640 2881 2788 2936 libro
2850 2898 2914 2935 ιιι
2973 2879 3405 2952 chronologico,
3457 2879 3645 2951 capite
3688 2879 3744 2932 7.
3778 2878 3923 2934 Hinc

2276 2970 2841 3042 argumentationem
2878 2970 2959 3025 sic
3003 2985 3173 3025 suam
3216 2968 3472 3024 instituit
3498 2967 3779 3023 Possinus
3810 2966 3925 3022 ibi-

2276 3059 2411 3115 dem
2469 3059 2660 3132 capite
2719 3059 2933 3114 citato:
3008 3058 3278 3128 Gregoras
3332 3057 3597 3113 describit
3651 3057 3925 3128 insignem

584 3147 677 3204 III.
710 3147 907 3203 Refert
956 3138 1342 3219 Pachymeres
1395 3147 1584 3219 capite
1624 3149 1661 3202 9
1715 3148 1920 3204 turbas
1949 3147 2167 3205 excitas
2268 3164 2502 3221 prorsus
2532 3156 2584 3204 et
2626 3148 2970 3203 horrendam
3017 3145 3158 3203 solis
3203 3146 3559 3218 defectionem
3608 3145 3926 3201 Constanti-

514 3237 586 3293 ob
617 3235 847 3292 Arsenii
910 3235 1355 3308 depositionem.
1414 3236 1509 3291 Sic
1560 3235 1737 3292 habet
1790 3253 1922 3292 vero
1978 3238 2166 3310 capite
2274 3238 2465 3310 napoli
2489 3239 2683 3305 visam,
2715 3237 2882 3309 paulo
2930 3245 3058 3292 ante
3103 3252 3267 3307 quam
3296 3239 3763 3292 exauctoruretur
3794 3234 3925 3291 Ger-

520 3326 589 3379 10
636 3341 651 3379 :
700 3324 857 3380 Multi
904 3323 1160 3380 monachi
1196 3328 1251 3378 et
1308 3324 1440 3379 laici
1492 3340 1522 3380 e
1572 3324 1747 3393 plebe,
1796 3325 2166 3381 abscindentes
2195 3310 2239 3378 C
2277 3343 2493 3392 manus,
2554 3329 2605 3381 et
2652 3327 2917 3397 Iosephus
2982 3327 3045 3380 in
3096 3326 3213 3395 ejus
3286 3325 3471 3381 locum
3523 3322 3929 3380 substituendus

520 3428 633 3469 sese
659 3429 694 3466 a
751 3413 1131 3469 communione
1185 3428 1373 3467 eorum
1412 3414 1509 3483 qui
1561 3412 1964 3470 damnaverunt
2008 3415 2165 3469 Arse-

519 3503 699 3571 nium,
749 3502 981 3557 seorsim
1021 3505 1390 3557 convenerunt
1418 3542 1433 3555 .
1469 3544 1481 3556 .
1521 3542 1534 3555 .
1570 3544 1582 3556 .
1617 3502 1885 3559 (laterum
1923 3505 2167 3575 impera—

521 3598 625 3658 tor,
658 3589 972 3660 intelligens
1024 3605 1136 3645 non
1187 3605 1346 3662 posse
1399 3590 1643 3662 relinqui
1698 3592 2002 3648 Ecclesium
2049 3595 2169 3648 sine

520 3687 756 3750 pastore,
815 3679 1137 3734 electionem
1199 3679 1544 3750 patriarchae
1599 3678 1791 3736 liberis
1855 3682 2171 3737 antistitum

527 3768 810 3839 suﬂragiis
850 3769 1120 3839 permisit.
1170 3770 1238 3824 At
1281 3769 1522 3841 episcopi
1546 3769 1803 3840 (narrare
1861 3770 2049 3843 pergit
2076 3770 2173 3827 ille

526 3855 717 3928 capite
746 3856 835 3927 12)
882 3858 1147 3926 facultate
1203 3861 1418 3930 accepta
1458 3858 1700 3928 eligendi
1754 3860 1942 3914 liberis
1969 3861 2170 3931 suffra-

526 3946 638 4014 giis
671 3986 683 3998 .
719 3987 732 3999 .
770 3987 783 4001 .
820 3985 833 3999 .
866 3947 1112 4001 universi
1139 3955 1509 4003 convenerunt
1559 3964 1620 4001 in
1651 3946 1935 4014 Germano,
1967 3948 2173 4005 Adria-

527 4033 783 4102 nopoleos
842 4035 1085 4105 episcOpo
1117 4077 1130 4089 .
1166 4077 1179 4089 .
1218 4077 1229 4089 .
1290 4037 1609 4106 Imperator,
1664 4037 1977 4092 electionem
2028 4054 2172 4093 com-

526 4124 783 4194 probans,
862 4139 1190 4194 magnopere
1257 4124 1604 4179 incumbebat
1678 4134 1739 4180 ut
1782 4128 2175 4197 praefecturam

529 4212 961 4267 ecclesiasticam
1006 4216 1324 4283 capesseret,
1381 4213 1620 4284 quotidie
1666 4213 1874 4279 adiens,
1925 4224 1976 4270 et
2024 4217 2178 4271 omni

530 4302 958 4373 persuasionum
1013 4310 1064 4356 et
1132 4303 1562 4359 obsecrationum
1617 4306 1825 4376 impetu
1879 4305 2172 4374 adurgens.

531 4393 627 4447 His
656 4391 755 4447 ille
803 4392 1058 4462 precibus
1110 4394 1318 4448 moveri
1371 4409 1428 4447 se
1483 4393 1701 4448 tandem
1749 4411 1940 4465 passus
1969 4394 2177 4466 (capite

535 4479 648 4551 13.)
709 4479 878 4551 μηνὸς
911 4480 1434 4553 Μαιμακτηριῶνος,
1486 4479 1538 4534 ἐν
1580 4484 1648 4554 τῇ
1697 4486 1797 4535 τοῦ
1831 4481 1984 4557 ἁγίου
2017 4481 2177 4536 lived-

539 4586 705 4637 ματος
740 4567 924 4642 ἑορτῇ,
981 4585 1169 4625 mense
1193 4572 1363 4625 Junio
1420 4572 1477 4625 in
1525 4575 1665 4642 festo
1711 4573 1888 4627 sancti
1914 4574 2175 4643 Spiritus,

2274 3417 2577 3490 eligeretur
2638 3459 2651 3471 .
2686 3456 2700 3469 .
2739 3458 2751 3469 .
2788 3456 2801 3469 .
2836 3415 3014 3483 Quare
3083 3415 3132 3469 si
3197 3413 3568 3470 demonstrare
3619 3412 3929 3484 poterimus

2274 3506 2379 3577 ﬁde
2436 3505 2783 3574 tabularum,
2842 3512 2898 3559 et
2972 3502 3280 3559 ratiociniis
3335 3503 3736 3566 astronomicis,
3796 3501 3930 3556 solis

2274 3594 2585 3664 deliquium
2631 3595 2744 3647 tam
2793 3593 3036 3648 notabile
3061 3628 3078 3648 .
3113 3633 3126 3646 .
3163 3632 3177 3646 .
3210 3591 3311 3647 illo
3362 3606 3554 3647 revera
3579 3591 3753 3660 fuisse
3780 3604 3930 3645 com-

2278 3686 2509 3738 missum
2536 3697 2681 3737 anno
2712 3682 2918 3753 (1267),
2960 3696 3118 3737 nemo
3174 3696 3285 3737 non
3312 3678 3455 3735 videt
3502 3695 3771 3750 magnum
3801 3678 3936 3733 inde

2279 3772 2700 3842 ﬁrmamentum
2755 3786 3099 3826 accessurum
3155 3769 3466 3825 ratiociniis
3519 3769 3743 3824 nostris.
3803 3766 3930 3824 Imo

2281 3859 2510 3915 nullum
2544 3857 2767 3915 Possini
2800 3857 3125 3925 sententias,
3171 3858 3273 3931 qui
3302 3856 3577 3914 Germani
3601 3855 3929 3913 cessionem

2281 3965 2433 4005 anno
2465 3948 2602 4003 1267
2649 3947 2878 4020 afﬂigit,
2924 3948 3363 4003 ﬁrmamentum
3411 3947 3684 4002 accedere
3715 3948 3928 4017 potest,

2282 4037 2396 4093 nisi
2428 4036 2591 4109 prius
2638 4041 2793 4092 certo
2843 4053 2908 4092 ac
2959 4036 3262 4108 perspicue
3317 4036 3771 4101 demonstretur,
3801 4033 3937 4088 solis

2282 4126 2425 4182 illud
2454 4126 2784 4197 deliquium,
2845 4125 2999 4196 quod
3030 4125 3124 4180 die
3171 4125 3243 4179 25
3290 4123 3428 4179 Maii
3458 4123 3721 4196 contigit,
3753 4124 3940 4177 visum

2285 4215 2769 4282 Constantinopoli
2811 4216 2986 4286 fuisse
3032 4213 3202 4285 paulo
3231 4222 3359 4269 ante
3407 4229 3570 4284 quam
3604 4216 3937 4269 exauctora-

2282 4308 2438 4360 retur
2484 4305 2805 4361 Germanus.
2855 4303 3031 4374 Atqui
3079 4318 3213 4358 vero
3266 4302 3323 4356 id
3354 4304 3641 4373 Gregoras
3691 4299 3943 4357 minime

2284 4393 2510 4449 asserit.
2544 4394 2755 4448 Narrat
2785 4392 2904 4447 imo
2954 4397 2998 4445 Ι.
3050 4391 3409 4446 Germanum
3456 4388 3817 4445 abdicavisse
3845 4388 3939 4443 di-

2285 4484 2566 4555 gnitatem
2594 4500 2606 4537 :
2641 4497 2819 4552 quam
2862 4481 2933 4537 ab
2987 4482 3113 4553 ipso
3170 4480 3500 4535 abdicatam
3533 4478 3717 4534 fuisse
3745 4478 3838 4533 die
3871 4478 3943 4533 14

2288 4571 2667 4644 Septembris,
2704 4570 2879 4625 refert
2926 4569 3348 4642 Pachymeres;
3380 4569 3436 4639 2,
3469 4567 3528 4622 in
3577 4567 3706 4637 ejus
3740 4565 3941 4623 locum

533 4657 885 4713 concordibus
948 4659 1250 4730 suﬂragiis,
1321 4661 1645 4729 patriarcha
1716 4660 2027 4715 declaratus
2080 4670 2176 4716 est.
2210 4674 2255 4737 ι)
2287 4658 2607 4730 Josephum
2664 4658 3013 4714 Galesiotem
3072 4657 3406 4723 suffectum,
3464 4654 3689 4711 scilicet
3734 4654 3826 4710 die
3866 4655 3941 4709 28

537 4748 667 4800 Haec
696 4746 893 4817 peragi
924 4746 1156 4801 nonnisi
1208 4763 1313 4819 per
1366 4746 1606 4817 longum
1657 4753 1889 4818 tempus
1920 4749 2179 4811 Possino.

536 4838 595 4889 et
625 4834 947 4901 Bandurio,
1006 4835 1153 4891 mihi
1204 4852 1338 4891 vero
1395 4835 1548 4891 intra
1606 4837 1775 4892 breve
1822 4837 2049 4892 dierum
2079 4836 2184 4893 ali-

538 4926 681 4994 quot
727 4923 1002 4994 spatium,
1054 4925 1318 5009 potuisse
1366 4924 1656 4981 videntur.
1709 4925 1812 4981 Hic
1859 4930 2184 4983 Germanus

539 5017 886 5067 numeratur
908 5013 1115 5070 tertius
1156 5014 1217 5069 in
1264 5014 1414 5069 serie
1444 5015 1545 5070 88
1595 5013 2055 5084 patriarcharum
2087 5033 2185 5070 ur-

539 5099 631 5155 bis
662 5100 851 5172 regia.
901 5101 1010 5156 Sed
1060 5103 1363 5174 indeptam
1421 5102 1693 5159 abdicare
1726 5104 1962 5159 demum
1989 5105 2184 5177 digni-

536 5192 717 5243 tatem
769 5189 1097 5259 Septembri
1156 5207 1360 5246 mense
1416 5196 1682 5247 coactum
1741 5192 1942 5259 fuisse,
1988 5197 2187 5248 narrat

536 5277 663 5349 ipse
694 5276 1072 5350 Pachymeres
1121 5280 1309 5350 capite
1335 5281 1427 5347 21,
1475 5283 1696 5345 mensis,
1736 5280 2009 5353 inquiens
2040 5282 2183 5337 inie-

536 5374 627 5421 rat
682 5366 1012 5438 September,
1089 5365 1413 5437 Γαμηλιών,
1466 5377 1519 5424 et
1565 5370 1830 5441 agebatur
1867 5370 2185 5425 veneranda

540 5458 718 5510 crucis
746 5458 965 5527 festum,
999 5455 1140 5528 quod
1186 5456 1589 5513 Exaltationem
1631 5459 1995 5530 appellamus.
2031 5460 2093 5513 In
2121 5474 2187 5513 ea

540 5544 713 5598 sacris
741 5544 1003 5597 ultimum
1052 5544 1291 5598 vestibus
1339 5544 1609 5611 inductus,
1652 5562 1922 5616 sacraque
1950 5546 2038 5601 die
2065 5546 2185 5616 ejus

543 5632 770 5702 liturgiu
805 5633 912 5686 rite
938 5632 1186 5705 functus,
1218 5648 1433 5703 vespere
1452 5634 1550 5686 sub
1580 5635 1955 5705 crepusculum
1982 5634 2188 5690 recedit

606 5720 695 5776 De
725 5737 878 5776 anno
910 5738 1024 5792 quo
1055 5721 1177 5777 haec
1231 5720 1488 5777 accidere
1536 5721 1822 5778 dissident
1849 5722 2181 5795 scriptores.

2290 4748 2666 4819 Septembris,
2698 4749 2795 4804 ³7
2840 4748 3042 4802 eodem
3090 4749 3239 4802 teste
3289 4744 3661 4817 Pachymere,
3693 4747 3759 4798 ut
3785 4743 3944 4802 infra

2295 4837 2648 4904 dicendum;
2679 4837 2734 4907 3,
2768 4851 3102 4891 concessam
3139 4833 3474 4905 imperatori
3508 4831 3941 4889 absolutionem

2295 4942 2328 4980 a
2356 4941 2501 4980 novo
2536 4923 2862 4997 patriarcha
2894 4923 2986 4978 die
3017 4924 3257 4991 indicta,
3303 4938 3479 4995 quam
3511 4921 3718 4978 statuit
3742 4937 3945 4977 secun-

2292 5013 2419 5068 dam
2443 5013 2731 5068 Februarii
2756 5012 3134 5084 Pacbymeres
3182 5011 3332 5067 libro
3380 5029 3458 5078 Iv,
3488 5026 3616 5083 cap.
3645 5011 3736 5065 25.
3768 5009 3946 5067 Hisce

2294 5103 2562 5168 narratis,
2597 5101 2731 5155 κατὰ
2774 5105 2964 5154 τοῦτον
3012 5100 3104 5154 τὸν
3138 5099 3365 5176 χρόνον,
3422 5102 3520 5155 sub
3572 5101 3677 5155 hoc
3705 5105 3944 5171 tempus,

2293 5192 2377 5247 vel
2406 5196 2504 5246 hoc
2532 5193 2749 5248 circiter
2775 5193 3035 5263 tempore,
3084 5190 3275 5262 inquit
3303 5190 3579 5262 Gregora,
3614 5190 3746 5243 luna
3771 5188 3950 5244 solem

2294 5280 2601 5335 obscuravit
2630 5281 2702 5334 25
2747 5279 2837 5334 die
2884 5279 3037 5334 Maii.
3095 5279 3235 5342 Quis
3284 5293 3420 5349 ergo
3479 5294 3594 5331 non
3624 5276 3817 5331 videat
3847 5293 3946 5332 so-

2294 5368 2474 5423 larem
2505 5367 2886 5423 defectionem
2928 5366 3150 5433 referri,
3198 5383 3326 5438 quae
3376 5369 3509 5438 post
3536 5363 3809 5421 Germani
3839 5365 3947 5419 ab-

2295 5455 2646 5511 dicationem
2707 5461 2765 5512 et
2818 5455 3059 5528 Josephi
3112 5455 3626 5527 inaugurationem
3682 5450 3946 5510 accidere

2296 5545 2595 5617 potuerit?
2625 5547 2710 5600 lta
2739 5562 2800 5600 se
2835 5561 2956 5600 rem
3006 5544 3220 5599 habere
3250 5561 3354 5615 pro
3384 5547 3538 5598 certo
3569 5541 3779 5604 habeo.
3804 5557 3943 5599 cum

2295 5649 2448 5689 anno
2480 5634 2620 5688 1266
2662 5634 2903 5689 cadente
2960 5637 3015 5689 et
3074 5631 3530 5703 patriarchatum
3587 5628 3945 5686 abdicaverit

2299 5722 2647 5793 Germanus,
2680 5726 2737 5778 et
2780 5720 2947 5778 illum
3005 5721 3281 5793 indeptus
3329 5719 3503 5776 fuerit
3528 5717 3844 5792 Josephus,
3876 5723 3944 5775 ut
