4094 6462
261 458 342 518 53
1514 457 1724 520 VITA.
1758 491 1833 501 —
1865 455 2382 520 DISSERTA'IIO
2425 459 2473 520 Ι.
3616 451 3693 513 54

262 606 520 646 numero
570 591 844 663 sequenti
894 591 1232 658 dicendum,
1265 596 1321 648 et
1351 608 1501 647 anno
1534 593 1670 646 1267
1711 591 1934 645 accide-
1968 593 2020 656 Α
2049 595 2158 657 set,
2184 590 2306 660 jam
2348 591 2501 646 intra
2557 590 2712 646 istud
2772 585 3197 662 patriarchatus
3235 585 3488 659 spatium
3540 603 3690 642 anno

270 679 345 734 rit
374 680 640 751 eclipsis.
2047 679 2271 735 Christo
2304 681 2440 734 1268
2483 683 2747 735 occurret
2794 679 3006 734 festum
3058 677 3413 743 Palmarum,
3445 693 3559 748 quo
3590 692 3692 747 pa-

337 768 455 823 Hac
514 771 801 825 submota
859 769 1228 837 difﬁcultate,
1281 771 1428 826 nihil
1485 771 1687 842 utique
1745 769 1938 824 obstat
2046 768 2298 823 triarcha
2363 768 2460 824 ille
2516 769 2822 840 pecuniam
2875 783 3147 840 spargere
3203 765 3477 838 potuerit.
3531 768 3690 820 Atta-

273 857 591 928 quominns
642 859 980 915 Germanus
1011 861 1090 915 IlI
1119 859 1336 915 electus
1386 860 1561 915 fuerit
1609 857 1938 931 patriarcha
2046 872 2180 911 men
2210 856 2362 912 circa
2401 857 2746 912 alterutrum
2791 874 3012 912 annum
3063 855 3205 911 nihil
3256 854 3520 912 absolute
3551 854 3691 910 deﬁ-

267 963 445 1001 mense
494 949 668 1003 Iunio
721 949 785 1001 in
829 951 971 1017 festo
1029 951 1212 1004 sancti
1267 950 1527 1019 Spiritus,
1571 965 1722 1004 anno
1777 947 1933 1016 1264,
2046 946 2161 1002 nio.
2199 989 2211 1000 .
2249 989 2260 1000 .
2298 989 2311 1001 .
2347 948 2528 1002 donec
2572 946 2708 1001 huic
2740 946 2890 1002 nodo
2937 945 3268 1001 extricando
3298 943 3538 1017 peritior
3567 959 3693 998 ma-

265 1051 376 1105 quo
421 1036 718 1092 Arsenius
769 1053 958 1092 mense
1005 1038 1148 1092 Maio
1204 1039 1532 1093 antistitum
1591 1035 1878 1093 sententia
1907 1049 1936 1089 θ
2047 1052 2158 1092 nus
2189 1035 2611 1091 adhibeatur.»

260 1123 467 1179 throno
500 1125 863 1181 deturbatus
897 1126 1025 1181 fuit.
1053 1129 1219 1182 Anno
1247 1126 1346 1182 illo
1377 1126 1668 1198 siquidem
1701 1139 1934 1180 sacrum
2119 1124 2446 1180 Peritiorem
2483 1140 2577 1180 me
2609 1123 2882 1180 adhibere
2914 1140 3086 1196 posse
3121 1139 3384 1188 manum,
3421 1121 3694 1178 audacior

260 1212 466 1266 incidit
497 1214 731 1270 Pascha
761 1215 822 1269 in
856 1216 1005 1270 diem
1042 1217 1113 1270 20
1157 1215 1391 1288 Aprilis,
1423 1221 1479 1271 et
1509 1216 1844 1270 Pentecoste
1877 1213 1934 1267 in
2047 1214 2281 1281 fuerim,
2330 1213 2378 1270 si
2428 1213 2644 1269 dixero.
2696 1215 2965 1268 Attamen
3025 1211 3206 1284 gratis
3257 1211 3496 1267 omnino
3536 1209 3690 1266 dice-

261 1301 411 1355 diem
445 1302 478 1356 8
520 1304 711 1358 Junii.
763 1304 1012 1359 Sacrum
1061 1305 1426 1361 Pentecostes
1482 1305 1695 1360 festum
1746 1302 1936 1357 tribus
2045 1307 2134 1358 ret
2163 1303 2478 1375 quispiam,
2510 1302 2753 1358 Junium
2809 1302 3066 1357 Mensam
3119 1317 3222 1372 pro
3280 1316 3481 1356 mense
3537 1300 3691 1356 Maio

259 1389 468 1445 diebus
519 1390 868 1446 celebratur
899 1410 912 1447 :
946 1391 1211 1465 illudque
1258 1398 1464 1449 vocant
1510 1392 1688 1449 Grieci
1720 1390 1933 1466 Ἀργίον
2047 1392 2333 1463 scriptum
2388 1393 2601 1460 fuisse,
2662 1407 2791 1446 cum
2853 1390 3052 1446 nullus
3107 1393 3373 1445 occurrat
3425 1392 3691 1444 vetustus

253 1479 582 1552 τριήμερον.
621 1480 794 1543 Quod
837 1497 975 1553 ergo
1026 1482 1406 1554 Pachymeres
1435 1485 1636 1553 festum
1684 1480 1937 1553 appellat
2046 1481 2245 1547 codex,
2278 1481 2377 1552 qui
2425 1480 2635 1536 variam
2677 1479 2933 1552 aliquam
2983 1479 3314 1551 suppeditet
3358 1477 3688 1533 lectionem.

259 1570 438 1623 sancti
467 1568 742 1640 Spiritus,
779 1570 1028 1642 intelligi
1069 1571 1318 1627 fortasse
1349 1572 1538 1643 prima
1569 1572 1693 1627 dies
1723 1572 1930 1642 potest,
2044 1569 2289 1624 Nomine
2321 1569 2514 1625 Graeco
2558 1571 3051 1643 Μαιμακτηριῶνος
3101 1567 3417 1639 aliquando
3465 1565 3691 1639 signiﬁ-

255 1655 340 1711 νει
371 1655 579 1725 altera,
615 1663 722 1712 aut
753 1658 951 1714 tertia.
984 1659 1133 1714 Hinc
1187 1664 1321 1731 post
1365 1660 1588 1716 Arsenii
1618 1657 1935 1731 depositio-
2045 1659 2165 1714 cari
2194 1659 2398 1714 Maium
2427 1659 2581 1730 apud
2625 1658 3059 1730 Pachymerem,
3092 1655 3440 1712 imbecillior
3464 1656 3691 1726 conjec-

257 1762 384 1800 nem
434 1752 525 1802 tot
575 1747 822 1803 dierum
855 1747 1082 1803 efﬂuxit
1113 1749 1392 1820 spatium,
1426 1755 1568 1821 quot
1617 1748 1760 1804 satis
1808 1763 1937 1802 esse
2045 1753 2178 1802 tura
2237 1748 2412 1814 foret,
2476 1764 2650 1819 quam
2709 1745 3223 1802 constantissimus
3287 1744 3490 1800 evertit
3545 1760 3692 1800 usus

254 1833 546 1900 videntur,
582 1841 655 1891 ut
702 1853 776 1892 ea
823 1842 1266 1909 peragerentur,
1299 1856 1424 1910 qua
1473 1841 1672 1893 narrat
1718 1835 1934 1908 Pachy-
2046 1837 2310 1907 ejusdem
2359 1836 2643 1904 historici,
2685 1852 2916 1891 menses
2964 1835 3102 1890 anni
3151 1835 3384 1906 proprio
3435 1834 3690 1904 quodam

256 1938 463 1987 meres,
496 1924 736 1979 omnia.

2066 1942 2206 1981 nore
2255 1925 2602 1996 appellantis
2653 1927 2701 1978 1.
2737 1918 3197 1996 Ἑκατομϐαιῶνα,
3247 1923 3598 1980 Ianuarium.
3632 1923 3683 1976 2.

324 2012 614 2084 Regimen
638 2012 925 2069 Germani
947 2014 1102 2070 intra
1121 2015 1542 2071 brevissimum
1569 2015 1750 2070 trium
1773 2030 1935 2069 men-

2068 2018 2352 2084 ivvazawa,
2410 2016 2791 2071 Februarium.
2849 2016 2902 2069 3.
2971 2011 3220 2088 Χρόνιον.
3288 2013 3574 2070 Martium.
3633 2010 3685 2065 4.

263 2101 416 2155 siam
447 2105 746 2173 spatium,
788 2121 824 2158 a
863 2103 1028 2159 Iunio
1061 2105 1132 2159 ad
1167 2104 1323 2160 diem
1358 2106 1420 2159 14
1453 2103 1813 2176 Septembris
1843 2119 1880 2157 ci

2072 2100 2457 2177 ιοηδρομιῶνα,
2514 2105 2776 2175 Aprilem.
2827 2105 2880 2158 5.
2931 2103 3304 2175 Ηυανεψιῶνα,
3363 2102 3586 2156 Maium.
3634 2101 3689 2154 6.

261 2190 496 2256 arctari,
532 2191 828 2246 intellectu
856 2190 1088 2261 difﬁcile
1119 2197 1286 2264 putat
1313 2193 1575 2264 Cuperus
1605 2193 1678 2247 ob
1710 2208 1777 2246 ea
1808 2189 1878 2262 p11

2075 2193 2543 2266 Ααιμσκτηριῶνα,
2591 2194 2834 2248 Junium.
2865 2193 2919 2246 7.
2973 2191 3420 2266 Ἀνθεστηριῶνα,
3463 2189 3692 2247 Julium.

265 2279 413 2333 rima
432 2295 570 2350 qua
602 2284 812 2334 narrat
837 2280 1220 2352 Pachymeres
1253 2299 1287 2336 a
1315 2281 1501 2353 capite
1526 2299 1629 2336 χιιι
1663 2281 1732 2336 ad
1765 2297 1882 2352 capi

2080 2279 2404 2353 ἀμηλιῶνα,
2458 2281 2851 2352 Septembrem.
2901 2282 2952 2334 9.
3004 2273 3480 2356 Ἐλαφηϐολιῶνα,
3537 2278 3697 2335 Octo-

266 2384 448 2438 usque
481 2385 605 2423 ιιι.
631 2370 870 2424 Annum
921 2369 1130 2425 saltem
1181 2371 1470 2443 integrum
1504 2376 1560 2426 et
1588 2370 1814 2442 aliquot
1845 2369 1883 2422 ii

2084 2386 2219 2424 rem.
2289 2372 2374 2424 10.
2443 2373 2865 2443 Μουννυχιῶνα,
2933 2369 3302 2425 Nouembrem.
3374 2368 3458 2423 11.
3529 2364 3696 2442 Σκιρ-

263 2472 436 2527 super
462 2473 713 2511 menses
743 2459 1140 2514 numerandos
1171 2474 1322 2525 esse,
1349 2459 1566 2515 evincit
1594 2458 1942 2531 gravissima
2052 2455 2390 2534 ῥοφοριῶνα,
2463 2459 2818 2514 Decembrem.
2889 2457 3407 2530 Pachymerianum
3476 2455 3698 2511 mensis

264 2543 616 2611 difﬁcultas,
649 2561 832 2615 quam
892 2545 1016 2616 ipse
1066 2549 1326 2618 Cuperus
1373 2548 1646 2620 proponit
1689 2564 1723 2602 a
1772 2562 1936 2612 num.
2048 2548 2295 2620 Augusti
2341 2564 2554 2603 nomen
2608 2565 2723 2602 non
2774 2551 3014 2619 apparet
3068 2551 3187 2602 toto
3234 2547 3294 2600 in
3343 2561 3534 2618 opere.
3567 2544 3698 2600 Haec

258 2633 356 2687 991
419 2632 877 2704 insolutamque
932 2633 1230 2707 relinquit.
1274 2659 1295 2686 ι
1345 2641 1662 2708 Postquam
1718 2636 1938 2709 Pachy-
2050 2635 2284 2708 singula
2311 2635 2568 2691 illustrat
2597 2636 2836 2691 nomina
2871 2635 3150 2691 Possinus
3175 2635 3235 2690 in
3269 2632 3696 2691 Observationi-

263 2739 450 2777 mcres
500 2722 727 2777 diffusa
784 2723 1044 2779 oratione
1092 2725 1384 2796 exposuit,
1431 2726 1722 2797 quomodo
1773 2725 1940 2798 plebs
2049 2726 2161 2781 bus
2191 2725 2340 2780 libro
2372 2742 2455 2794 ιιι,
2491 2724 2678 2796 capite
2710 2726 2760 2780 1.

260 2812 560 2866 Germano
613 2810 970 2882 patriarchae
1022 2813 1450 2881 adversaretur,
1478 2831 1545 2870 ac
1591 2814 1718 2887 ipse
1749 2815 1936 2886 impe-
2119 2815 2318 2886 Itaque
2359 2815 2578 2868 nodum
2626 2829 2752 2885 ego,
2787 2829 2892 2869 nec
2941 2813 3280 2884 secandum,
3315 2827 3420 2867 nec
3467 2810 3697 2868 solven-

266 2905 434 2954 rator
473 2899 911 2955 abdicationem
946 2902 1072 2971 ejus
1122 2901 1344 2958 occulte
1394 2909 1647 2975 urgeret,
1680 2903 1827 2958 libro
1860 2921 1934 2971 ιν,
2052 2905 2214 2974 dum,
2247 2903 2435 2958 ullum
2466 2902 2651 2958 video.
2685 2903 2897 2958 Nostra
2925 2918 3179 2973 namque
3207 2899 3694 2973 chronographia,

267 2989 461 3060 capite
516 2988 611 3055 18,
652 2988 951 3043 subnectit
999 2990 1348 3061 sequentia:
1383 2990 1652 3048 Caeterum
1697 2992 1936 3063 impera-
2049 2992 2548 3064 quemadmodum
2579 2991 2851 3047 Germani
2903 2990 3246 3062 patriarcha
3292 2989 3694 3062 inauguratio-

263 3087 347 3132 ωτ
381 3119 397 3131 .
435 3119 448 3130 .
484 3119 496 3130 .
530 3081 754 3147 egregie
799 3080 1042 3148 perstitit
1072 3081 1131 3134 in
1163 3080 1514 3136 simulatione
1562 3081 1784 3150 fovendi
1805 3097 1936 3153 pro-
2047 3099 2181 3137 nem
2241 3082 2312 3136 ad
2373 3097 2590 3135 annum
2651 3081 2824 3135 refert
2874 3079 3011 3134 1264
3051 3081 3109 3134 et
3160 3079 3231 3134 ad
3288 3081 3693 3144 Pentecosten,

265 3167 600 3237 tegendique
631 3167 832 3237 ipsum.
869 3209 882 3220 .
919 3207 934 3222 .
966 3168 1206 3223 Instante
1229 3168 1346 3238 (τῆς
1377 3172 1482 3221 τῶν
1517 3166 1689 3222 Βαΐων
1720 3168 1877 3243 top-ci

2078 3188 2172 3242 quae
2205 3187 2357 3225 anno
2405 3168 2505 3224 illo
2537 3185 2738 3224 mense
2783 3167 2958 3223 Junio
2990 3166 3278 3223 celebrata
3306 3169 3394 3223 est
3422 3184 3434 3222 :
3467 3165 3550 3221 ita
3579 3165 3695 3222 duo

263 3256 604 3310 Palmarum
665 3258 833 3325 festo,
891 3272 996 3326 quo
1061 3258 1318 3314 solemnis
1389 3259 1541 3314 ducis
1589 3276 1692 3330 per
1745 3262 1934 3315 urbem
1973 3322 2005 3330 μ
2047 3259 2280 3315 exhibet
2336 3257 2668 3313 Palmarum
2727 3257 2893 3328 festa,
2936 3273 3088 3312 anno
3139 3256 3278 3310 1265
3327 3255 3607 3326 primum,
3639 3258 3697 3310 et

264 3345 606 3415 supplicatio
636 3322 946 3399 consuevit.
993 3387 1005 3399 .
1054 3388 1066 3400 .
1112 3349 1266 3402 misit
1294 3347 1387 3418 (ad
1413 3322 1768 3404 Germanum
1819 3348 1929 3403 im-
1964 3322 2006 3390 (ἶ
2047 3366 2198 3404 anno
2247 3348 2386 3402 1266
2425 3346 2696 3415 alterum,
2749 3322 3208 3418 quo'acceptam
3257 3322 3346 3399 ab_
3375 3322 3695 3415 imperato—

266 3433 535 3505 perator)
596 3449 852 3502 magnam
913 3436 1131 3506 copiam
1185 3451 1342 3492 aerem
1393 3445 1768 3509 argenteaque
1817 3453 1932 3492 mo-
2043 3455 2104 3492 re
2151 3435 2460 3508 pecuniam
2508 3433 2722 3506 populo
2756 3433 3033 3507 erogavit.
3067 3433 3193 3489 Una
3239 3436 3507 3504 superest
3538 3432 3692 3487 difﬁ-

265 3527 428 3576 netz.
459 3564 470 3575 .
503 3564 516 3574 .
553 3538 723 3591 quam
742 3523 954 3592 jactari
974 3523 1148 3593 jussit
1180 3525 1238 3577 in
1263 3527 1548 3596 populum.
1580 3526 1759 3581 Graci
1791 3542 1933 3598 quo-
2045 3525 2232 3581 cultas
2279 3524 2350 3578 de
2394 3540 2546 3578 anno
2578 3539 2694 3595 quo
2726 3521 3184 3594 patriarchatum
3236 3521 3525 3577 abdicavit
3571 3521 3696 3592 ipse

271 3610 474 3665 tannis
529 3612 740 3680 festum
809 3612 1131 3666 Palmarum
1189 3613 1493 3669 nobiscum
1554 3615 1705 3669 circa
1759 3615 1936 3670 ﬁnem
2045 3614 2395 3678 Germanus,
2445 3629 2509 3666 ac
2558 3612 2833 3683 indeptus
2884 3616 2975 3666 est
3019 3609 3312 3682 Josephus
3357 3609 3692 3668 Galesiota:

269 3699 752 3770 Quadragesimae
801 3698 1118 3766 celebrant,
1155 3705 1218 3756 ut
1259 3703 1370 3757 Leo
1400 3702 1648 3758 Allatius
1698 3704 1759 3759 in
1811 3705 1938 3760 Dis-
2047 3719 2218 3774 quem
2251 3718 2356 3773 ego
2397 3701 2444 3756 si
2481 3702 2975 3766 demonstravero,
3010 3698 3405 3754 deﬁniendum
3434 3698 3534 3753 89
3567 3714 3696 3754 esse

269 3789 596 3843 sertatione
625 3787 696 3841 de
737 3788 1058 3844 Dominicis
1107 3794 1165 3845 et
1212 3791 1685 3848 Hebdomadibus
1714 3797 1936 3850 Graeco-
2048 3807 2267 3848 annum
2312 3807 2434 3844 aerea
2466 3788 2725 3860 vulgaris
2757 3789 2915 3855 1266,
2949 3787 3010 3842 in
3039 3791 3166 3842 tuto
3190 3787 3317 3858 jam
3347 3787 3457 3842 erit
3495 3787 3694 3843 hacte-

274 3894 400 3931 mm
455 3893 628 3931 num.
661 3877 735 3930 20
766 3881 1060 3933 testatur:
1093 3879 1191 3934 ubi
1239 3881 1413 3935 etiam
1459 3885 1639 3948 notat,
1688 3886 1827 3936 tunc
1866 3884 1936 3938 ab
2048 3898 2160 3936 nus
2203 3878 2522 3935 constituta
2565 3877 3027 3950 patriarcharum
3058 3875 3544 3948 chronographia.
3573 3880 3698 3948 Age

267 3964 736 4036 imperatoribus
786 3972 845 4020 et
891 3967 1239 4037 patriarchis
1278 3969 1940 4042 ConstantinOpolitanis
2048 3985 2201 4025 vero.

269 4054 720 4125 donaquedam
753 4054 968 4125 populo
990 4055 1263 4112 distribui
1287 4058 1680 4114 consuevisse.
1707 4063 1778 4114 At
1801 4077 1944 4131 quo-
2120 4058 2216 4113 IV.
2275 4057 2619 4112 Narrantem
2686 4055 3019 4110 audivimus
3077 4053 3492 4126 Pachymerem
3547 4053 3694 4110 libro

272 4144 443 4198 modo
474 4143 813 4198 Germanus
847 4145 1193 4215 patriarcha,
1222 4146 1322 4201 πε
1353 4149 1595 4203 instante
1619 4150 1943 4205 Palmarum
2051 4165 2125 4218 Iv,
2154 4146 2340 4218 capite
2366 4146 2456 4216 21,
2489 4161 2628 4200 suas
2668 4144 2728 4198 in
2758 4142 2997 4198 cellulas
3029 4142 3384 4198 Germanum
3432 4157 3559 4197 sese
3607 4158 3695 4197 re-

267 4237 418 4299 festo,
454 4247 744 4286 nummos
783 4232 1062 4303 dispersit
1109 4233 1167 4287 in
1210 4234 1461 4306 plebem,
1495 4236 1543 4291 si
1596 4238 1880 4294 duntaxat
1910 4257 1944 4294 a
2051 4237 2272 4307 cepisse
2302 4234 2601 4304 Septembri
2627 4249 2830 4302 mense,
2862 4232 2923 4286 in
2952 4235 3089 4303 festo
3135 4230 3467 4288 venerandae
3494 4232 3695 4298 crucis,

265 4321 400 4388 festo
433 4320 782 4375 Pentecostes
814 4337 1003 4392 usque
1027 4323 1098 4376 ad
1135 4323 1389 4378 medium
1429 4325 1545 4380 fere
1577 4325 1943 4397 Septembrem
2052 4326 2205 4397 quod
2249 4324 2650 4379 Exaltatz’onem
2697 4320 3083 4394 appellamus,
3125 4321 3214 4375 die
3265 4319 3694 4390 quartadecima.

273 4409 548 4479 ejmdem
583 4408 723 4463 anni
757 4409 914 4478 1267,
939 4410 1129 4466 tribus
1154 4412 1457 4467 mensibus
1486 4418 1542 4468 et
1570 4413 1795 4485 aliquot
1825 4417 1946 4485 die;
2053 4412 2367 4470 Historiam
2424 4418 2613 4467 texere
2665 4411 2852 4482 pergit
2906 4409 3002 4464 ille
3057 4411 3245 4481 capite
3298 4409 3369 4463 23
3417 4426 3430 4464 :
3481 4408 3693 4480 Amata,

267 4476 372 4552 bna
398 4540 412 4563 ,
474 4496 828 4551 cathedram
885 4476 1586 4571 Constantinopolitanam
1647 4476 1945 4560 tenuerit?
2052 4501 2347 4574 inquiens,
2379 4518 2407 4556 e
2433 4500 2554 4556 sede
2597 4476 2879 4569 Germano,
2911 4476 3165 4554 idoneum
3197 4499 3294 4568 qui
3328 4476 3698 4568 patriarchali

261 4586 400 4650 Quis
447 4602 517 4640 eo
561 4584 852 4656 temporis
887 4587 1075 4657 spatio
1125 4587 1377 4644 inveniet
1435 4590 1651 4645 festum
1713 4576 1945 4649 Palma-
2056 4593 2246 4647 throno
2284 4593 2673 4659 imponeretur,
2706 4588 3016 4660 inquirebat
3056 4589 3376 4658 imperator,
3406 4586 3696 4656 Josephum

262 4692 419 4744 rum,
453 4673 616 4745 quod
653 4673 712 4727 in
763 4673 1019 4729 Ecclesia
1050 4676 1244 4732 Graeca
1291 4694 1453 4748 aeque
1486 4695 1550 4733 ac
1582 4680 1789 4737 Latina
1819 4699 1933 4738 non
1965 4687 2010 4750 D
2040 4679 2254 4736 Galesii
2289 4680 2649 4750 prtefectum,
2673 4679 2821 4750 justo
2850 4677 3241 4749 suffragiorum
3286 4675 3696 4746 comprobatum

261 4765 360 4818 diu
396 4768 532 4817 ante
567 4761 798 4816 Pascha
823 4762 1236 4819 celebratur?»
2043 4784 2292 4832 numero,
2327 4768 2396 4822 ad
2446 4768 2888 4837 patriarchatum
2941 4767 3243 4836 imperator
3288 4766 3484 4827 evexit,
3521 4762 3690 4834 μηνὸς

327 4858 422 4907 An
496 4852 746 4922 objecta:
823 4851 1154 4909 difficultati
1222 4855 1542 4912 satisfaciat
1616 4857 1931 4930 Cuperus?

2073 4855 2518 4934 ἒκιῤῥοφοριῶνος
2571 4854 2787 4928 εἰκοστῇ
2842 4850 3112 4928 ὀγδὸητῆς
3162 4848 3386 4921 δεκάτης
3434 4849 3690 4923 ἐπινεμή-

259 4941 453 4996 Verba
481 4942 618 5011 ejus
665 4945 900 4995 suntm
932 4941 1171 4998 Nullum
1217 4944 1397 5017 igitur
1444 4945 1539 5000 hic
1585 4947 1750 5003 video
1782 4949 1876 5004 eiii

2077 4967 2191 5015 ειυς,
2224 4949 2319 4999 τοῦ
2367 4946 2526 5018 ,ςψοέ
2578 4938 2751 5013 ἔτους,
2785 4945 2988 4999 mensis
3017 4942 3322 4997 Decembris
3367 4940 3456 4996 die
3499 4947 3694 4997 octava

255 5033 444 5103 gium,
479 5030 602 5084 nisi
644 5027 943 5100 quispiam
995 5032 1281 5103 ostendat,
1314 5035 1468 5106 apud
1515 5035 1925 5108 Pachymerem
2035 5053 2205 5107 supra
2259 5037 2608 5100 vicesimam,
2671 5032 2989 5088 indictionis
3045 5030 3274 5087 decimae
3336 5032 3478 5086 anni
3529 5031 3696 5103 6775.

253 5119 494 5176 nomine
527 5119 739 5173 Graeco
794 5119 1018 5174 mensis
1074 5125 1562 5196 Μαιμακτηριῶνος
1611 5125 1870 5196 aliquant

2080 5116 2505 5195 Ζκατομϐαιῶνος
2549 5117 2605 5174 δὲ
2651 5118 2923 5192 νουμηνίᾳ
2969 5117 3392 5194 χειροτονηθεὶς,
3424 5119 3548 5174 Mox
3591 5119 3697 5173 Ka.

253 5210 458 5265 latum
531 5206 908 5279 signiﬁcari,
967 5212 1070 5263 aut
1136 5215 1331 5282 aperte
1394 5211 1603 5280 edicat,
1664 5229 1928 5269 mensem
2038 5213 2214 5269 tendis
2237 5213 2534 5269 Ianuariis
2564 5211 2964 5266 ordinationem
3014 5209 3160 5265 idem
3205 5208 3567 5280 episcopalem
3592 5208 3697 5263 rite

249 5300 476 5354 Junium
534 5296 625 5351 ibi
684 5310 1000 5367 perperam
1032 5315 1136 5370 pro
1184 5316 1383 5356 mense
1430 5304 1585 5357 Maio
1641 5303 1928 5375 scriptum
2038 5303 2260 5373 accepit.

253 5389 445 5444 fuisse.
485 5387 552 5442 In
592 5402 665 5442 ea
713 5384 1032 5457 hypothesi
1073 5391 1386 5460 utrumque
1416 5390 1787 5463 Pachymeris
1813 5396 1928 5446 tes-
2111 5391 2392 5446 Possinus
2442 5388 2589 5444 libro
2639 5405 2725 5460 ιιι,
2779 5387 2952 5444 citato
3007 5387 3195 5459 capite
3222 5387 3278 5452 6,
3319 5401 3483 5440 num.
3512 5385 3566 5452 2,
3610 5383 3696 5441 sic

253 5479 566 5534 timonium
607 5475 773 5530 inter
805 5491 869 5529 se
909 5475 1208 5532 conciliari
1259 5483 1474 5549 posset.
1510 5481 1566 5533 Si
1599 5481 1752 5535 enim
1787 5480 1928 5535 Ger-
2042 5479 2124 5534 ait
2156 5496 2167 5534 :
2199 5500 2226 5529 κ
2251 5480 2456 5533 Annus
2495 5494 2622 5533 aera:
2673 5477 2879 5533 mundi
2911 5479 3242 5533 Graecorum
3292 5473 3593 5529 reducitur
3621 5474 3694 5530 ad

252 5582 448 5624 manus
479 5584 520 5622 ει
553 5570 916 5622 Pentecoste
964 5566 1103 5620 anni
1159 5567 1295 5620 1266
1325 5568 1462 5639 (quo
1490 5567 1593 5622 illa
1622 5569 1680 5623 in
1713 5569 1928 5624 Maium
2043 5568 2339 5639 vulgarem
2391 5584 2513 5621 teras
2566 5571 2776 5621 nostra;
2836 5565 3074 5632 Christi,
3125 5561 3481 5618 detractione
3531 5561 3693 5618 5508.

252 5671 499 5715 mensem
559 5653 837 5724 incidit),
875 5670 1062 5725 usque
1110 5655 1178 5708 ad
1228 5655 1485 5710 medium
1534 5657 1931 5728 Septembrem
2043 5657 2174 5712 Fuit
2205 5672 2338 5727 ergo
2371 5656 2420 5712 is
2461 5674 2652 5711 annus
2697 5654 2913 5710 Christi
2968 5654 3122 5719 1267,
3157 5651 3373 5724 periodi
3425 5666 3559 5705 vero
3591 5651 3693 5705 Ju-

249 5748 555 5803 aani1%7
589 5746 654 5800 in
714 5742 1008 5798 cathedra
1055 5743 1700 5816 Constantinopolitana
1750 5747 1934 5803 sedis-
2046 5745 2211 5802 [ianos
2259 5745 2420 5800 5980.
2470 5745 2576 5808 Qui
2627 5760 2906 5800 numerus
2954 5742 3177 5798 divisus
3224 5741 3284 5796 in
3333 5739 3696 5812 quindecim,
