4094 6496
423 458 500 520 55
1442 454 1754 517 GEORGII
1800 453 2061 516 CYPRll
2107 453 2221 515 CP.
2270 454 2798 516 PATRIARCHA.
3744 454 3823 514 56

422 589 641 646 indicat
681 589 1078 656 indictionem,
1133 588 1260 659 ejus
1318 588 1454 643 anni
1512 587 2061 653 characteristicam,
2093 590 2148 652 Α
2177 592 2315 642 sunt
2344 587 2540 642 omnia
2570 586 2747 642 dubio
2779 585 2978 657 procul
3011 585 3420 658 peremptoris.
3443 584 3657 642 Eadem
3688 601 3825 642 con-

421 678 745 748 decimam,
795 682 968 750 prout
1014 677 1397 749 Pachymeres
1445 677 1679 731 notavit.
1735 676 1897 732 Unde
1954 677 2065 730 du-

421 767 584 823 bium
616 784 742 823 esse
772 785 884 822 non
937 771 1146 838 potest,
1182 767 1319 837 quin
1374 765 1802 838 patriarchatus
1831 765 2068 835 Josepbi

425 856 637 912 Galesii
698 874 731 910 a
785 855 1052 910 Kalendis
1109 855 1403 910 Januariis
1461 855 1599 908 anni
1658 854 1873 908 Christi
1935 855 2070 908 1268

423 945 713 1017 procedat.
738 967 765 994 »
802 945 967 998 Paria
1016 949 1173 1010 sunt,
1210 960 1336 1013 quae
1379 943 1583 999 scribit
1614 944 1873 1012 Cuperus
1906 960 2068 998 num.

351 1034 355 1038 ’
421 1036 547 1090 997.
582 1057 608 1083 «
643 1039 846 1088 Annus
898 1033 1102 1087 mundi
1149 1034 1311 1098 6775,
1364 1034 1533 1102 juxta
1591 1033 1818 1087 Graecos
1875 1049 2070 1087 recen-

424 1124 620 1187 tiores,
654 1127 708 1176 et
753 1121 990 1175 indictio
1026 1123 1090 1175 10
1121 1138 1258 1176 cum
1311 1127 1556 1191 utroque
1589 1137 1787 1175 mense
1834 1120 1928 1174 hic
1977 1138 2072 1175 ex-

426 1227 626 1284 presso
657 1208 980 1282 (Decembri
1030 1214 1086 1264 et
1131 1209 1430 1279 Januario)
1465 1210 1639 1263 ﬁnem
1694 1209 1830 1263 anni
1862 1208 2074 1264 Christi

429 1301 564 1355 1267
594 1304 652 1353 et
679 1299 915 1352 initium
947 1297 1085 1352 anni
1137 1299 1272 1352 1268
1319 1297 1642 1352 certissime
1689 1299 2017 1369 designant.
2048 1321 2067 1345 ι

427 1387 588 1444 Ultro
636 1387 925 1442 consentit
971 1387 1300 1442 Bandurius
1347 1404 1358 1441 :
1409 1388 1678 1441 Successit
1724 1388 1783 1441 in
1827 1389 2076 1456 patriar—

426 1482 593 1532 chatu
629 1477 884 1548 Iosephus
941 1475 1030 1530 die
1078 1477 1338 1531 vicesima
1389 1478 1576 1530 octava
1608 1478 1814 1530 mensis
1858 1477 2074 1530 Decem-

429 1567 543 1622 bris
590 1567 729 1619 anni
782 1565 986 1619 Christi
1034 1565 1190 1633 1267,
1223 1567 1271 1619 et
1320 1580 1448 1618 mox
1494 1563 1750 1619 Kalendis
1791 1566 2076 1620 Ianuariis

426 1655 722 1710 ordinatus
749 1655 879 1725 fuit.
917 1696 929 1707 .
967 1694 979 1707 .
1020 1695 1030 1705 .
1066 1661 1116 1706 et
1145 1653 1233 1708 die
1260 1654 1294 1705 2
1322 1654 1614 1707 Februarii
1641 1655 1778 1707 anni
1811 1654 1945 1706 1268
1973 1653 2079 1707 sot-

427 1752 509 1799 vit
536 1746 920 1813 imperatorem
967 1742 1336 1797 anathemate.
1371 1741 1580 1796 Eadem
1629 1741 1802 1796 habet
1833 1741 2074 1812 Lequie-

427 1850 542 1888 nus
599 1832 658 1886 in
718 1831 1064 1902 patriarchis
1118 1829 1782 1901 Constantinopolitanis
1837 1836 1994 1886 tomo
2055 1832 2074 1885 1

430 1922 672 1977 Orientis
701 1922 865 1976 sacri.

498 2015 740 2076 Iterum,
790 2009 1054 2081 trepidus
1097 2009 1232 2064 licet
1281 2009 1354 2064 ob
1405 2009 1662 2064 virorum
1713 2007 2078 2064 doctissimo-

430 2116 564 2154 rum
598 2099 1027 2169 auctoritatem,
1058 2098 1198 2153 vitio
1239 2102 1435 2153 tamen
1483 2096 1736 2152 calculos
1766 2113 1966 2152 eorum
1999 2095 2080 2152 la-

432 2189 640 2243 borare
689 2203 908 2255 assero,
941 2186 1250 2259 perspicua
1291 2187 1370 2241 rei
1415 2187 1659 2241 veritate
1705 2185 1975 2241 ﬁdentior
2001 2186 2082 2240 ef-

428 2277 632 2333 fectus.
676 2277 819 2332 Dato
869 2293 1020 2331 anno
1059 2275 1706 2347 Constantinopolitano
1745 2275 1910 2341 6775,
1943 2277 2083 2330 sub-

427 2367 747 2437 tractisque
792 2365 962 2420 annis
1010 2366 1171 2430 5508,
1205 2366 1448 2420 habetur
1498 2380 1680 2419 annus
1715 2364 1919 2419 Christi
1957 2365 2083 2418 1267

427 2471 774 2520 concurrens,
809 2454 898 2525 (ut
928 2455 1008 2508 ait
1049 2453 1409 2521 Ricciolius),
1442 2471 1476 2508 a
1505 2454 1763 2509 Kalendis
1804 2455 2088 2509 Januariis

430 2561 600 2615 usque
629 2545 701 2598 ad
729 2546 1000 2615 sequentis
1049 2544 1374 2614 Septembris
1404 2543 1688 2613 (ejusdem
1740 2543 1875 2597 anni
1931 2535 2088 2598 1267)

429 2633 931 2704 Kalendas.ltaque
972 2648 1164 2687 annus
1209 2633 1352 2686 6775
1389 2632 1684 2703 inceperat
1731 2649 1764 2686 a
1813 2630 2088 2686 Kalendis

427 2721 788 2793 Septembris
836 2720 973 2775 anni
1022 2719 1402 2792 praecedentis
1456 2721 1608 2786 1266,
1654 2725 1710 2774 et
1759 2720 1935 2774 ﬁnem
1986 2718 2089 2774 ha-

433 2811 564 2865 buit
594 2810 685 2865 die
733 2814 1032 2882 postrema
1078 2808 1329 2881 Augusti
1380 2809 1514 2863 anni
1568 2809 1726 2876 1267,
1760 2808 2091 2879 incepitque

430 2899 502 2954 ab
534 2899 981 2970 insequentibus
1011 2898 1278 2969 ejusdem
1311 2897 1447 2953 anni
1483 2898 1619 2952 1267
1649 2897 1926 2952 Kalendis
1957 2899 2092 2968 Sep-

429 2987 758 3044 tembribus
800 3004 989 3042 annus
1017 2989 1176 3042 6776.
1211 2986 1394 3058 Igitur
1443 2987 1568 3042 dies
1601 2988 1666 3041 14
1700 2986 2089 3057 Septembris,

431 3094 546 3150 qua
591 3078 916 3132 Germanus
973 3076 1262 3132 abdicavit
1315 3076 1813 3147 patriarchatum,
1847 3080 1906 3130 et
1963 3075 2090 3130 dies

429 3167 744 3223 vicesimus
791 3171 1028 3221 octavus
1077 3165 1414 3221 Decembris
1447 3165 1584 3220 anni
1633 3165 1799 3232 6575,
1834 3181 1950 3235 qua
1991 3164 2087 3219 Jo-

433 3256 678 3327 sephum
709 3256 768 3310 in
799 3254 1190 3327 patriarcham
1224 3253 1517 3323 promovit
1547 3253 1882 3324 imperator,
1916 3271 1949 3308 a
1979 3257 2087 3307 Pa-

435 3321 703 3416 ch-ymere
761 3321 1072 3411 nbtati,ad
1130 3321 1431 3398 Julianum
1489 3321 1929 3415 seras—vulgaris
1983 3321 2158 3398 ιιοα

441 3451 662 3490 annum
708 3433 977 3505 pertinet,
1019 3449 1134 3487 non
1184 3432 1341 3500 1267,
1375 3432 1474 3486 sed
1527 3432 1680 3495 1266,
1718 3435 1772 3486 et
1824 3430 2092 3486 Kalendw

435 3522 749 3592 Januariae,
785 3521 992 3592 quibus
1022 3519 1119 3576 ille
1167 3537 1334 3576 sacra
1375 3519 1694 3591 pontiﬁcali
1727 3519 2094 3575 ordinatione

439 3611 710 3666 initiatus
741 3607 874 3677 fuit,
909 3609 1187 3665 inchoant
1215 3608 1515 3664 Julianum
1547 3626 1670 3664 aera;
1701 3608 1957 3681 vulgaris
1989 3626 2093 3664 an-

440 3717 606 3768 num,
637 3715 753 3755 non
785 3698 944 3764 1268,
968 3699 1069 3753 sed
1114 3699 1271 3752 1267.
1299 3696 1579 3769 Regulam
1633 3697 1784 3751 hanc
1835 3697 2094 3753 certissi-

443 3805 602 3844 mam
629 3787 954 3842 ratiociniis
999 3791 1055 3842 et
1104 3785 1384 3857 exemplis
1415 3786 1894 3842 conﬁrmavimus
1943 3786 2096 3842 inter

439 3880 610 3932 notas
643 3877 714 3931 ad
745 3875 938 3930 Vitam
970 3875 1229 3946 Gregorii
1261 3875 1475 3946 Cyprii,
1509 3879 1644 3930 nota
1676 3874 1899 3930 scilicet
1921 3876 2055 3946 (21).

512 3964 726 4036 Pagius
778 3964 837 4018 in
889 3964 1305 4019 Dissertatione
1353 3964 1423 4018 de
1475 3963 1712 4018 Periodo
1759 3964 1956 4018 Graeco
1987 3964 2094 4019 Ro-

448 4071 646 4116 mana,
697 4071 858 4108 num.
911 4055 1000 4115 63,
1053 4054 1344 4119 admonet,
1389 4055 1444 4106 in
1493 4053 1886 4122 coniungendis
1932 4054 2097 4106 armis

433 4143 734 4198 mundanis
788 4142 1100 4198 Graecorum
1155 4157 1280 4196 cum
1331 4143 1495 4196 annis
1548 4142 1904 4212 Dionysiams
1952 4141 2096 4212 (sive

438 4250 572 4288 cum
611 4233 783 4288 annis
830 4231 1078 4288 Julianis
1109 4247 1233 4284 amre
1265 4229 1568 4302 vulgaris),
1617 4231 1938 4299 [aciliorum
1987 4246 2099 4285 esse

438 4321 780 4387 methodum,
851 4321 1066 4376 caeteris
1151 4320 1403 4374 omnibus
1473 4319 1915 4390 .prwferendam,
1975 4333 2100 4388 quae

440 4412 680 4466 sumitur
735 4427 806 4465 ex
862 4409 1179 4464 indictione.
1239 4410 1473 4462 Annum
1543 4406 1712 4462 illum
1767 4408 1912 4460 6775
1969 4424 2099 4462 vere

444 4500 792 4571 insignitum
852 4502 1017 4552 notat
1072 4496 1456 4567 Pachymeres
1516 4495 1813 4550 indictione
1867 4495 2096 4551 decima.

444 4589 617 4659 Atqui
657 4604 790 4643 vero
847 4586 1089 4642 indictio
1145 4585 1392 4650 decima,
1425 4600 1586 4638 more
1643 4585 1940 4654 pontiﬁcio
2001 4591 2101 4638 aut

2177 676 2412 731 ﬁrmare
2445 677 2612 731 liceat
2642 677 2986 732 auctoritate
3016 675 3178 730 Setbi
3208 674 3463 730 Calvisii.
3499 675 3600 730 His
3630 675 3700 730 ad
3733 691 3830 729 an-

2180 783 2320 820 num
2356 767 2491 820 1268
2522 767 2764 821 adnotat
2800 767 2978 835 :(Hoo
3010 767 3183 834 anno)
3234 767 3430 835 incipit
3471 781 3650 819 annus
3683 765 3828 820 Con-

2177 856 2700 927 stantmopolitanus
2751 857 2890 909 6777
2944 855 3032 910 die
3081 857 3104 908 1
3160 854 3420 910 Octobris.
3469 854 3830 924 Legendum,

2179 945 2268 999 die
2327 947 2349 998 1
2410 945 2763 1015 Septembris,
2824 944 3344 999 animadvertimus
3405 944 3464 998 in
3523 947 3659 998 nota
3716 942 3832 1014 (21)

2182 1034 2451 1104 superius
2513 1037 2852 1088 memorata.
2916 1035 3116 1103 Itaque
3173 1049 3363 1087 annus
3417 1034 3559 1086 6776
3615 1032 3835 1104 incepit

2182 1139 2333 1177 anno
2368 1123 2525 1191 1267,
2558 1127 2613 1176 et
2645 1139 2834 1177 annus
2862 1123 3004 1177 6775
3033 1122 3249 1193 incepit
3279 1139 3432 1176 anno
3466 1123 3622 1185 1266,
3657 1122 3829 1176 adeo-

2184 1228 2297 1282 que
2324 1211 2662 1282 September
2707 1228 2773 1265 ac
2827 1213 3136 1266 December
3167 1211 3302 1265 anni
3351 1211 3493 1264 6775
3540 1211 3834 1282 pertinent

2184 1302 2250 1355 ad
2308 1317 2528 1355 annum
2576 1317 2700 1354 aeris
2731 1300 2986 1370 vulgaris
3021 1301 3174 1354 1266.
3208 1301 3314 1355 Sed
3376 1299 3528 1354 hanc
3584 1299 3834 1370 denique

2187 1388 2447 1461 regulam
2471 1405 2536 1443 ac
2559 1388 2896 1445 methodum
2925 1389 3230 1459 agnovisse
3252 1389 3487 1443 tandem
3523 1388 3833 1444 Possinum

2183 1483 2240 1533 et
2268 1479 2644 1549 approbasse,
2680 1477 3012 1548 peritiorem
3063 1478 3302 1546 tactum,
3334 1478 3645 1533 dicendum
3686 1477 3840 1532 infra

2184 1567 2370 1639 capite
2395 1568 2452 1622 5.
2487 1584 2650 1621 num.
2682 1568 2736 1620 6.

2253 1660 2375 1720 Quo
2417 1655 2607 1726 posito
2657 1653 2902 1720 calculo,
2936 1653 3261 1710 rectissime
3308 1653 3439 1708 ﬁuit
3484 1653 3840 1723 chronogra-

2184 1745 2323 1817 phia
2371 1748 2590 1800 nostra.
2622 1746 2788 1799 Anno
2823 1745 2979 1810 1266,
3022 1744 3114 1798 die
3161 1745 3228 1798 14
3277 1742 3654 1815 Septembris,
3683 1742 3844 1797 thr0‘

2186 1851 2328 1889 num
2387 1832 2628 1905 reliquit
2676 1833 3024 1888 Germanus.
3078 1831 3290 1888 Eodem
3351 1847 3504 1886 anno
3555 1831 3712 1898 1266,
3745 1830 3841 1886 die

2113 1924 2254 2018 B28
2302 1921 2658 1992 Decembris,
2700 1921 2758 1976 in
2809 1919 3255 1992 patriarchalem
3304 1919 3580 1976 thronum
3612 1935 3840 1991 promo-

2190 2016 2288 2066 tus
2331 2016 2421 2065 est
2467 2009 2772 2081 Josephus.
2805 2014 2974 2065 Anno
3007 2010 3164 2076 1267,
3200 2008 3472 2064 Kalendis
3516 2008 3839 2078 Januariis,

2191 2117 2418 2156 sacram
2471 2098 2568 2154 ille
2623 2099 2884 2170 suscepit
2943 2097 3333 2170 pontiﬁcalem
3387 2097 3836 2163 ordinationem,

2192 2192 2358 2244 Anno
2418 2189 2622 2244 eodem
2683 2190 2839 2258 1267,
2881 2189 2974 2243 die
3019 2190 3054 2241 2
3103 2187 3422 2257 Februarii,
3475 2186 3704 2243 solutus
3751 2190 3843 2241 est

2193 2280 2510 2351 imperator
2553 2278 2924 2333 anathemate
2977 2294 3011 2332 a
3057 2277 3340 2348 Josepho;
3391 2277 3712 2347 eodemque
3740 2275 3839 2330 de-

2195 2384 2357 2423 mum
2391 2384 2540 2422 anno
2574 2368 2710 2422 1267
2739 2367 2985 2439 contigit
3016 2366 3250 2438 eclipsis
3287 2365 3428 2422 solis
3459 2383 3493 2421 a
3521 2364 3842 2436 Nicephoro

2196 2458 2451 2529 Gregora
2509 2457 2787 2511 adnotata
2843 2456 2935 2510 die
2989 2457 3060 2510 25
3116 2455 3274 2511 Maii.
3334 2455 3603 2510 Methodo
3660 2471 3846 2510 annos

2198 2547 2530 2601 mundanos
2559 2545 2888 2601 Graecorum
2932 2544 3307 2616 computandi
3349 2544 3547 2600 minus
3580 2548 3848 2600 accurate

2198 2635 2483 2699 adhibita,
2517 2650 2711 2689 errare
2759 2651 2863 2705 pro
2912 2633 3174 2689 humana
3203 2633 3532 2688 conditione
3558 2632 3714 2688 viros
3743 2631 3844 2687 do-

2198 2724 2511 2789 ctissimos,
2547 2739 2852 2778 necessum
2884 2722 3011 2776 fuit.

2270 2815 2336 2865 V.
2389 2813 2579 2867 Factio
2627 2812 2860 2883 vigebat
2908 2811 2967 2866 in
3016 2811 3268 2866 Ecclesia
3313 2807 3846 2882 Constantinopoli-

2197 2906 2351 2969 tana,
2404 2901 2859 2956 Arsenianorum
2892 2902 2985 2956 41
3024 2901 3200 2965 dicta,
3235 2900 3334 2971 qui
3385 2899 3697 2954 Arsenium
3755 2899 3846 2954 bis

2198 3007 2229 3045 e
2258 2989 2467 3044 throno
2515 2988 2886 3060 patriarchali
2916 2989 3269 3062 depositum,
3303 3005 3406 3060 pro
3453 2987 3710 3059 legitimo
3743 3004 3846 3058 pa-

2198 3078 2454 3134 triarcha
2526 3079 2984 3146 venerabantur,
3052 3082 3405 3148 ceterosque
3483 3076 3843 3148 rejiciebant,

2199 3169 2299 3239 qui
2341 3167 2643 3223 substituti
2694 3167 2942 3222 fuerant.
2996 3165 3202 3222 Recole
3247 3166 3620 3238 Pachymeris
3649 3166 3846 3234 verba,

2199 3273 2325 3327 quas
2373 3255 2793 3326 descripsimus
2825 3272 2883 3309 ιι.
2917 3256 2971 3310 3.
3003 3255 3256 3326 Josepho
3305 3253 3596 3310 Galesiota
3647 3254 3708 3310 in
3758 3271 3850 3310 se—

2201 3345 2332 3400 dem
2368 3343 2811 3416 patriarcbalem
2862 3349 3077 3413 evecto,
3109 3343 3226 3399 alia
3274 3342 3517 3400 invaluit
3556 3343 3726 3398 factio
3753 3345 3852 3399 Jo-

2202 3433 2587 3505 sephitarum,
2612 3433 2711 3505 qui
2741 3449 2842 3504 pro
2872 3432 3076 3488 eodem
3103 3432 3340 3488 stabant
3367 3432 3619 3504 Josepho
3651 3437 3856 3488 contra

2203 3521 2536 3577 Arsenium.
2569 3522 2724 3577 Satis
2754 3520 2928 3576 hocce
2960 3522 3030 3576 de
3062 3521 3378 3576 schismate
3407 3537 3595 3592 pauca
3623 3520 3854 3577 innuis-

2202 3628 2285 3678 se,
2321 3618 2385 3666 ut
2415 3628 2540 3682 qua;
2589 3609 2834 3666 inferius
2877 3609 3123 3666 dicenda
3171 3616 3330 3681 sunt,
3362 3609 3590 3666 facilius
3637 3609 3853 3666 intelli-

2202 3709 2436 3774 gantur.

2854 3806 3082 3863 CAPUT
3123 3805 3190 3860 II.

2204 3899 2468 3969 Georgius
2499 3895 2739 3969 Cyprius
2766 3897 3054 3952 ordinatus
3095 3895 3259 3969 lector
3285 3911 3322 3948 α
3349 3893 3582 3969 Josepho
3609 3894 3854 3965 patriar-

2276 3968 2412 4039 cha,
2474 3966 2850 4041 ascriptusquc
2912 3969 3054 4022 clero
3099 3967 3388 4041 palatini),
3431 3966 3612 4041 titulo
3649 3973 3853 4041 proto-

2275 4038 2628 4112 apostolariil
2679 4038 3275 4112 Unionem_utriusque
3318 4038 3596 4112 ﬁcetum,
3641 4038 3858 4112 Latina":

2285 4108 2338 4168 et
2378 4113 2591 4181 Grzcaz,
2638 4110 3071 4166 constituendam
3116 4111 3271 4163 curat
3317 4108 3542 4164 Michael
3584 4109 3858 4181 Palaeoto-

2276 4201 2378 4256 gus
2426 4178 2744 4256 imperator.
2790 4183 3102 4256 Germanus
3147 4181 3526 4256 controversia
3573 4185 3750 4256 s_ta_t_us
3795 4178 3864 4234 de

2273 4252 2611 4330 processione
2643 4254 2885 4330 Spiritus
2913 4255 3090 4307 sancti
3135 4268 3169 4305 a
3190 4253 3396 4330 _Patre,
3429 4260 3482 4305 et
3513 4268 3547 4305 a
3575 4252 3738 4330 Filio,
3768 4266 3865 4306 seu

2274 4324 2374 4402 per
2401 4328 2629 4382 Filium.
2671 4324 2820 4380 Mota
2867 4324 3250 4402 controversiae
3297 4332 3562 4402 tempora.
3611 4324 3862 4402 impera-

2280 4393 2386 4456 tori
2416 4415 2639 4468 operam
2681 4413 2840 4452 suam
2887 4413 3010 4450 cum
3039 4396 3170 4450 aliis
3194 4397 3420 4468 praestat
3451 4393 3686 4468 Cyprius
3731 4409 3864 4448 con-

2281 4483 2366 4528 tm
2414 4467 2707 4540 Josephum
2760 4468 3144 4538 patriarcham
3201 4469 3252 4520 et
3306 4467 3570 4522 Joannem
3629 4467 3868 4521 Beccum

2278 4541 2778 4613 chartophylacem.

449 4658 709 4732 Romano
743 4680 1100 4746 computata,
1137 4673 1316 4728 afﬁcit
1356 4673 1650 4743 integrum
1686 4689 1905 4727 annum
1944 4674 2101 4742 1267,
2135 4687 2181 4750 Β
2282 4670 2323 4724 Ι.
2385 4665 2657 4721 Publicas
2744 4664 2978 4734 regebat
3045 4660 3545 4750 Constantinopoli
3624 4658 3868 4750 scholas

449 4781 484 4819 a
515 4764 786 4819 Kalendis
832 4764 1094 4820 Januarii
1149 4778 1336 4833 usque
1385 4762 1454 4816 ad
1509 4761 1795 4818 Kalendas
1840 4761 2103 4817 Januarii

448 4854 734 4909 exclusive
795 4853 932 4909 anni
992 4853 1150 4916 1268,
1185 4850 1398 4922 quibus
1452 4850 1656 4922 incipit
1704 4850 1945 4905 indictio
1994 4867 2104 4906 un-

449 4943 697 4998 decima.
731 4942 838 4996 Sed
874 4942 1073 4996 eadem
1108 4942 1352 4996 indictio
1397 4939 1640 5002 decima,
1677 4939 1726 4994 si
1759 4955 1920 4993 more
1951 4938 2102 4994 Grae-

450 5049 580 5087 rum
641 5036 1035 5102 computetur,
1114 5030 1352 5085 initium
1433 5027 1687 5099 sumpsit
1740 5045 1773 5082 a
1830 5027 2104 5082 Kalendis

450 5105 894 5192 Septembribus
942 5119 1078 5174 anni
1124 5119 1504 5191 pracedentis
1554 5118 1712 5186 1266,
1746 5121 1804 5171 et
1832 5133 1865 5170 a
1895 5115 2103 5170 Kalen-

451 5209 542 5266 dis
577 5208 938 5280 Septembris
985 5207 1292 5262 anni1267
1333 5207 1447 5263 alia
1494 5206 1791 5262 exorditur
1840 5203 2103 5274 indictio,

453 5298 678 5354 scilicet
721 5296 1050 5351 undecima.
1086 5297 1343 5351 Rursum
1385 5313 1577 5352 annus
1617 5293 2103 5364 Constantinopo-

454 5387 674 5442 litanus
705 5387 848 5440 6775
879 5384 1102 5439 divisus
1134 5401 1236 5455 per
1269 5385 1353 5451 15,
1387 5384 1547 5439 nulla
1580 5385 1731 5440 facta
1774 5387 1892 5439 sive
1945 5382 2106 5436 addi‘

456 5477 633 5542 tione,
684 5475 800 5529 sive
849 5473 1265 5543 subtractione,
1297 5473 1674 5529 indictionem
1727 5472 1937 5535 reddit,
1971 5487 2105 5525 cum

459 5583 573 5636 qua
621 5564 826 5634 incipit
857 5580 889 5617 a
932 5561 1205 5616 Kalendis
1257 5562 1716 5632 Septembribus.
1750 5559 1958 5615 Reddit
2010 5559 2108 5614 ille

457 5671 589 5709 vero
619 5653 997 5707 indictionem
1044 5650 1353 5715 decimam,
1404 5667 1530 5721 qua:
1581 5651 1912 5705 Graecorum
1947 5663 2107 5704 more

460 5760 494 5802 θ,
524 5742 796 5799 Kalendis
854 5739 1206 5812 Septembris
1254 5739 1390 5794 anni
1443 5739 1579 5793 1266
1631 5738 1945 5810 inceperat.
1981 5740 2107 5794 Hac

2215 4758 2498 4829 Georgius
2557 4753 2912 4824 Acropolita,
2964 4768 3214 4824 magnus
3272 4749 3584 4822 logotheta.
3619 4749 3683 4805 In
3731 4750 3864 4819 ejus

2215 4845 2587 4917 disciplinam
2620 4842 2894 4906 traditus,
2927 4840 3276 4912 proprioque
3312 4839 3565 4894 maxime
3596 4837 3865 4895 excultus

2213 4935 2408 4991 labore
2439 4932 2720 5004 Georgius
2751 4929 3016 5003 Cyprius,
3048 4946 3151 5000 pro
3193 4944 3428 4983 summa
3465 4943 3580 4998 qua
3612 4925 3868 4998 pollebat

2212 5023 2430 5096 ingenii
2488 5021 2566 5090 vi,
2599 5020 2669 5076 ad
2729 5018 2959 5073 culmen
3021 5016 3319 5088 sapientiae
3377 5015 3656 5088 pervenit,
3689 5020 3754 5069 ut
3783 5014 3871 5072 ait

2212 5112 2578 5184 Ephrzemius
2629 5107 3329 5178 Constantinopolitanus.
3362 5105 3506 5162 Vide
3559 5109 3729 5160 notas
3772 5104 3866 5174 21,

2213 5205 2283 5256 2'3
2335 5206 2392 5257 et
2446 5201 2536 5254 23.
2604 5197 2823 5254 Fractis
2887 5196 3110 5250 viribus
3169 5194 3459 5250 fatiscenti
3525 5192 3872 5265 Aoropolitas

2216 5291 2574 5347 substitutus
2605 5292 2695 5342 est
2733 5286 2930 5342 rhetor
2974 5284 3309 5349 Holobolus,
3344 5287 3549 5355 agente
3577 5281 3871 5338 Germano

2216 5378 2564 5453 patriarcha.
2618 5377 2760 5431 Rem
2810 5378 3006 5430 narrat
3054 5373 3436 5445 Pachymeres
3484 5371 3634 5427 libro
3665 5387 3738 5438 1v,
3772 5387 3871 5426 ca-

2218 5470 2335 5541 pite
2409 5469 2496 5522 15.
2557 5466 2906 5521 Litterarum
2982 5462 3331 5518 commercia
3399 5475 3533 5517 cum
3593 5460 3705 5516 isto
3761 5459 3871 5515 ba-

2216 5559 2415 5614 buisse
2473 5555 2770 5628 Cyprium,
2827 5570 2894 5608 ex
2949 5550 3211 5623 epistolis
3268 5555 3445 5623 patet,
3479 5567 3606 5622 quae.
3665 5553 3865 5605 nostro

2216 5650 2447 5703 exstant
2500 5645 2558 5700 in
2612 5641 2946 5716 apographo
2993 5639 3209 5696 codicis
3266 5640 3863 5712 Lugdune-Bataven-

2216 5753 2319 5792 SlS.
