4094 6458
293 457 372 518 57

1531 453 1744 518 VITA.
1779 487 1856 500 -
1884 452 2406 516 DISSERTATIO
2445 451 2497 514 Ι.
3633 441 3714 506 58

371 588 534 645 Idem
577 585 988 660 Pacbymeres,
1034 586 1108 642 de
1157 587 1468 659 patriarchi
1527 588 1809 661 dignitate
1848 588 1956 659 Cy-
1988 588 2036 654 Α
2074 586 2260 658 Pauli,
2335 602 2482 657 quas
2564 583 2970 656 praelegebant,
3039 581 3178 638 dicti
3243 579 3417 637 etiam
3479 582 3710 653 aposto-

299 677 425 751 prio
459 675 668 732 collata
698 691 880 747 agens
912 674 972 730 in
1003 676 1334 732 Andronico
1367 677 1716 749 imperatore
1738 675 1886 731 libro
1920 693 1959 746 ι,

301 766 489 837 capite
543 766 632 832 14,
680 765 766 819 sic
816 764 898 819 ait
953 782 967 820 :
1021 761 1327 838 Ἐκλὲγεται
1364 763 1456 835 μὲν
1496 763 1573 825 εἷς
1621 763 1960 838 πατριάρχην

300 854 390 908 τὰ)
439 851 503 907 ἐκ
548 852 769 927 Κύπρου
820 852 1118 927 Γεώργιον,
1172 849 1331 928 ἄνδρα
1379 852 1569 928 λόγοις
1620 851 1960 928 ἐντραφέντα,

2070 675 2222 731 larii.

2141 767 2294 820 Inter
2350 761 2645 835 simplices
2702 762 2943 818 lectores
3001 765 3102 817 aut
3155 758 3536 834 apostolarios
3597 774 3712 815 non

2071 854 2229 910 steiit
2258 853 2557 925 Georgius.
2588 852 2795 906 Narrat
2832 851 3192 924 prrmmius
3228 848 3714 920 Constantinopo-

304 940 390 995 καὶ
451 937 722 1016 σνξραγῖδα
772 943 870 994 τοῦ
925 941 1268 1015 πατριάρχου
1337 941 1534 1019 Ἰωσὴφ
1592 941 1842 1018 φέροντα,
1901 939 1964 994 τὸ

2083 942 2292 998 litanus
2340 942 2494 1013 apud
2541 940 2821 996 Allatium
2866 945 2924 996 et
2954 940 3314 996 Bandurium
3347 956 3359 993 :
3395 937 3522 991 Εἶτα
3549 956 3712 991 κατα-

308 1034 404 1084 τῡῦ
444 1027 1046 1103 πρωτοαποστολαρίου
1095 1029 1170 1090 εἰς
1217 1025 1522 1104 ἀνακτόρων
1575 1024 1961 1107 ἐπιφερόμενον

2075 1030 2200 1092 στὰς
2246 1030 2525 1104 γνώριμος
2567 1027 2910 1106 στεφηφόρῳ,
2961 1028 3049 1082 καὶ
3100 1027 3372 1102 συνταγεὶς
3412 1024 3608 1101 κλήρῳ
3653 1045 3718 1099 γε

311 1116 600 1190 σέμνωμα.
653 1121 792 1184 Quae
841 1121 1014 1175 verba
1066 1120 1148 1175 ita
1191 1121 1363 1175 vertit
1409 1120 1688 1176 Possinus
1739 1137 1753 1174 :
1797 1121 1968 1190 Eligit

2083 1124 2168 1174 τοῦ
2197 1117 2486 1189 παλατίου,
2518 1120 2714 1192 ipsum
2746 1119 2996 1190 denique
3026 1119 3322 1191 Cyprium,
3373 1123 3438 1172 ut
3477 1119 3716 1188 impera-

313 1210 489 1276 igilur
519 1211 580 1262 in
607 1208 1002 1279 patriarcham
1052 1209 1346 1264 oriundum
1373 1226 1402 1265 e
1434 1209 1608 1281 Cypro
1657 1209 1965 1280 Georgium,

307 1299 488 1352 cirum
556 1297 828 1353 doctrinis
902 1300 1262 1368 innutritum,
1333 1316 1495 1370 quem
1567 1298 1969 1354 commendaret

306 1387 602 1457 Josephitis
633 1405 668 1440 a
693 1388 919 1458 Josepho
959 1387 1280 1458 patriarcha
1329 1387 1631 1443 benedictio
1685 1393 1918 1454 accepta
1948 1404 1967 1441 :

305 1481 505 1548 quippe
573 1475 750 1530 illum
805 1477 878 1530 ad
931 1478 1270 1547 functionem
1330 1478 1596 1542 primarii
1642 1477 1970 1532 eccleszastis

302 1566 567 1636 palatina
610 1566 912 1632 concionis,
955 1575 1216 1621 consueta
1260 1567 1435 1621 sacris
1482 1566 1680 1620 ritibus
1727 1567 1832 1620 tali
1880 1580 1969 1620 oc-

307 1655 528 1710 casione
561 1653 694 1709 bene
724 1654 999 1724 precandi
1043 1655 1285 1722 formula
1328 1655 1520 1726 palam
1575 1672 1611 1708 α
1656 1669 1712 1708 se
1757 1653 1969 1722 delega-

314 1748 451 1808 tum,
482 1752 630 1799 certo
659 1743 981 1799 charactere
1021 1758 1142 1800 suae
1191 1745 1607 1815 approbationis
1650 1760 1714 1798 ac
1768 1743 1972 1813 favoris

317 1834 597 1904 Iosephus,
645 1833 778 1887 dum
824 1835 1048 1902 viveret,
1089 1833 1462 1904 insigniverat.
1496 1833 1598 1889 42
1629 1833 1691 1888 Id
1723 1849 1907 1888 unum
1939 1849 1974 1887 a

2076 1213 2184 1266 tori
2225 1211 2481 1278 innotuit,
2529 1209 2677 1265 clero
2727 1209 2925 1281 palatii
2977 1209 3278 1278 ascriptum
3323 1208 3511 1276 fuisse.
3551 1209 3717 1260 Hunc

2076 1299 2484 1371 imperatorem
2517 1297 2796 1354 libentius
2825 1295 3210 1370 intelligerem
3243 1294 3584 1352 Michaelem
3615 1294 3718 1350 Pa-

2076 1388 2402 1460 laeologum,
2453 1388 2554 1459 qui
2601 1386 2876 1460 Cyprium
2925 1386 3257 1441 ordinatum
3304 1385 3578 1440 lectorem
3619 1386 3720 1439 aut

2078 1478 2177 1533 48
2208 1475 2624 1547 apostolarium
2657 1493 2690 1531 a
2717 1475 2991 1547 Josepho,
3042 1474 3194 1530 clero
3245 1473 3503 1546 palatino
3535 1473 3720 1529 ascri-

2079 1565 2280 1638 pserit,
2331 1565 2656 1636 dixeritque
2703 1562 3308 1635 Protoapostolarium.
3369 1563 3720 1618 Primarium

2080 1656 2362 1711 Palatinae
2406 1656 2680 1710 concionis
2727 1653 3086 1709 Ecclesiasten
3123 1650 3395 1723 intelligit
3426 1650 3721 1707 Possinus.

2081 1743 2406 1816 Intelligam
2461 1759 2566 1816 ego
2614 1741 3004 1814 Epistolarum
3053 1745 3111 1797 et
3168 1741 3608 1812 Prophetiarum
3663 1741 3723 1796 in

2079 1849 2233 1889 sacro
2277 1833 2396 1889 ade
2443 1831 2695 1904 palatina
2742 1833 3016 1887 lectorem.
3069 1830 3346 1896 Codinus,
3398 1831 3474 1884 De
3529 1830 3727 1901 ofﬁciis

317 1921 574 1993 Josepho
604 1921 730 1976 haec
760 1920 989 1976 Possini
1020 1920 1420 1992 interpretatio
1464 1920 1683 1975 factum
1733 1919 1971 1991 indicat,
2002 1954 2050 2018 B
2082 1923 2290 1977 Palatii
2347 1919 2958 1992 Constantinopolitani,
3010 1919 3198 1992 capite
3263 1935 3340 1984 vx,
3413 1934 3592 1992 agens
3657 1919 3728 1974 de

324 2010 476 2082 quod
530 2009 883 2081 primarium
932 2010 992 2064 in
1042 2025 1211 2065 sacra
1247 2010 1367 2064 inde
1399 2009 1660 2082 palatina
1701 2007 1972 2064 ecclesia-

322 2104 474 2164 sten,
519 2114 627 2153 seu
695 2099 1166 2154 concionatorem
1225 2097 1611 2169 designaverit
1673 2095 1972 2170 Cyprium.

319 2187 464 2242 Hinc
493 2187 587 2242 vir
619 2187 1004 2242 doctissimus
1028 2186 1090 2240 in
1120 2186 1435 2252 Glossario,
1469 2187 1541 2242 ad
1570 2202 1770 2242 vocem
1800 2205 1972 2262 σφρα-

316 2274 422 2347 γίς,
476 2277 567 2331 sic
629 2275 710 2330 ait
749 2290 764 2329 :
808 2298 837 2326 ‹‹
879 2275 998 2348 Ego
1053 2274 1148 2330 hic
1207 2271 1494 2351 σφραγῖδα,
1550 2275 1974 2332 benedictionem

311 2367 476 2421 verti.
513 2364 783 2420 Intellexi
842 2363 1000 2420 enim
1056 2367 1274 2435 signum
1318 2366 1499 2420 crucis
1529 2381 1706 2420 manu
1738 2381 1968 2436 expres-

311 2472 441 2509 sum
478 2471 512 2508 a
543 2453 882 2526 patriarcha
911 2453 1168 2524 Josepho
1196 2469 1373 2524 super
1415 2452 1596 2508 istum
1635 2454 1968 2526 Georgium,

310 2561 427 2598 una
467 2543 858 2615 pronuntiata
909 2546 1066 2597 certa
1112 2542 1422 2596 verborum
1467 2542 1739 2609 formula,
1773 2558 1890 2613 qua
1919 2542 1971 2598 is

307 2631 533 2687 electus
601 2632 676 2685 ad
747 2629 1007 2685 oﬂicium
1071 2631 1254 2701 primi
1315 2630 1645 2686 ecclesiastis
1705 2630 1972 2702 palatina;

307 2720 610 2775 concionis
682 2718 818 2790 (hoc
893 2717 1049 2773 enim
1125 2723 1297 2773 sonat
1368 2716 1973 2794 πρωτοαποστολάριο),

306 2811 416 2864 rite
465 2810 542 2864 ad
589 2807 959 2879 iungendum
1007 2807 1063 2862 id
1116 2806 1510 2862 ministerium
1560 2809 1780 2864 missus
1829 2809 1969 2865 fuis-

309 2905 417 2953 set.
441 2919 468 2945 η

378 2986 501 3041 Hac
554 2984 948 3056 praetermissa
993 2983 1280 3052 versione,
1332 3002 1458 3057 quas
1507 2985 1757 3042 nimium
1809 3003 1973 3058 para-

309 3075 638 3148 phrastica,
691 3089 911 3146 proque
970 3073 1141 3143 genio
1207 3075 1552 3130 concinnata
1603 3074 1850 3144 videtur,
1911 3076 1970 3130 id

308 3181 516 3237 presse
543 3180 612 3219 ec
642 3179 776 3219 vere
805 3162 1142 3235 signiﬁcant
1188 3164 1383 3219 Graeca
1432 3163 1804 3236 Pachymeris
1846 3181 1970 3221 ver-

306 3254 382 3308 ba
416 3270 429 3306 :
462 3253 872 3308 Andronicum
923 3257 1257 3324 Augustum
1308 3253 1368 3306 in
1417 3253 1807 3323 patriarcham
1856 3253 1970 3309 ele-

2082 2011 2282 2078 Feriis,
2315 2025 2442 2082 quae
2470 2011 2528 2065 in
2561 2009 2776 2064 Palatio
2804 2009 3005 2080 feriari
3054 2009 3250 2076 solent,
3281 2024 3347 2064 ac
3389 2009 3636 2076 primum
3663 2007 3728 2063 de

2081 2101 2231 2154 Festo
2258 2099 2573 2154 Nativitatis
2608 2099 2846 2165 Domini,
2881 2097 2964 2153 sic
3015 2097 3096 2152 ait
3138 2113 3302 2153 num.
3338 2097 3403 2151 14
3437 2114 3451 2153 :
3483 2097 3730 2152 Psalmos

2082 2190 2353 2244 Horarum
2405 2186 2536 2259 legit
2578 2187 2994 2243 archidiaconus
3039 2204 3058 2240 :
3106 2185 3484 2258 Prophetiam,
3517 2194 3568 2241 et
3596 2185 3731 2256 Apo-

2079 2279 2276 2334 stolum
2328 2277 2861 2349 Protoapostolarius
2919 2294 2937 2331 :
2985 2292 3053 2331 ex
3107 2275 3428 2348 Evangeliis
3477 2276 3731 2345 primum

2081 2367 2300 2438 quidem
2345 2369 2474 2439 legit
2517 2371 2846 2438 protopapa,
2890 2365 3113 2437 reliqua
3159 2366 3267 2420 alii
3311 2364 3627 2420 sacerdotes.
3661 2362 3728 2418 In

2080 2457 2243 2512 Notis
2264 2457 2334 2511 ad
2358 2456 2513 2511 hunc
2536 2455 2727 2511 locum
2755 2456 3009 2512 Jacobus
3031 2455 3339 2511 Gretserus
3369 2454 3490 2509 haec
3510 2452 3689 2508 habet
3714 2453 3730 2492 τ

2085 2568 2106 2595 ι
2142 2545 2695 2616 Protoapostolarius.
2726 2544 2904 2600 Vides
2952 2549 3008 2599 et
3054 2543 3149 2599 hic
3180 2530 3400 2598 nomen
3439 2541 3728 2598 Graecani-

2081 2651 2158 2690 cae
2204 2633 2542 2689 ambitionis
2593 2650 2606 2689 :
2660 2634 2812 2704 quod
2868 2633 3022 2688 inter
3070 2632 3226 2699 illos,
3273 2631 3374 2703 qui
3426 2631 3732 2702 apostolum

2080 2723 2320 2779 Paulum
2346 2721 2579 2794 publice
2625 2722 2912 2792 legebant,
2963 2721 3072 2777 hoc
3119 2725 3208 2778 est
3247 2720 3402 2776 inter
3441 2720 3728 2792 Apostula-

2078 2813 2211 2879 rios,
2297 2810 2606 2866 voluerunt
2690 2811 2906 2867 habere
2980 2811 3566 2881 Protoapostolarium.
3642 2809 3727 2864 Ab

2079 2901 2255 2956 hocce
2284 2917 2526 2956 munere
2569 2900 2864 2955 diversum
2913 2916 3049 2973 ergo
3086 2899 3317 2956 videtur
3362 2915 3580 2954 munus
3626 2901 3727 2954 Ec-

2079 2991 2365 3060 clesiastis,
2393 2989 2494 3060 qui
2521 2989 2641 3044 sive
2668 2988 3034 3060 Apostolum,
3067 2989 3187 3044 sive
3215 2987 3538 3061 Evangelia;
3559 3003 3730 3059 expo-

2081 3080 2272 3134 nebat.
2316 3077 2791 3149 Codinus,capite
2841 3096 2886 3146 1,
2947 3077 3008 3131 in
3057 3076 3227 3132 tertio
3268 3075 3545 3142 Quinario
3605 3091 3724 3130 me-

2079 3171 2270 3223 morat
2298 3163 2620 3220 διδάσκαλον
2667 3168 2765 3220 τοῦ
2813 3163 3166 3240 Εὖαγγελίου,
3208 3166 3513 3221 Doctorem
3556 3169 3733 3221 Evan-

2085 3258 2237 3328 gelii,
2299 3259 2398 3328 qui
2451 3258 2852 3324 interpretatur
2901 3256 3051 3310 illud
3087 3272 3106 3309 :
3154 3257 3208 3310 et
3256 3249 3577 3308 διδάσκαλον
3635 3255 3732 3306 τοῦ

308 3343 470 3414 gisse
506 3341 813 3409 Georgium
842 3322 1130 3412 Cyprium,
1158 3343 1347 3396 virum
1376 3322 1712 3397 sermonibus
1731 3344 1976 3397 innutrz-
2009 3322 2052 3388 (ἶ
2085 3322 2448 3414 ἶΑποστᾶλου,
2491 3322 2766 3399 doctorem
2812 3343 3071 3414 Apostoli,
3121 3343 3219 3412 qui
3264 3342 3420 3397 illius
3465 3343 3733 3413 interpres

303 3435 446 3492 tum,
508 3438 561 3487 et
609 3430 924 3485 ordinatum
968 3447 1003 3484 a
1052 3431 1370 3500 patriarcha
1412 3430 1668 3502 Joscpho,
1697 3435 1975 3502 protoapo—

305 3520 536 3575 statarii
562 3518 836 3587 dignitate
880 3519 943 3572 in
985 3520 1194 3590 palatio
1232 3517 1668 3575 condecoratum.
1703 3519 1834 3575 Htec
1879 3535 1974 3575 ea-

310 3609 452 3663 dem
482 3608 677 3662 versio
711 3614 795 3662 est
828 3607 1033 3662 Leonis
1064 3606 1263 3662 Allatii
1293 3607 1353 3662 in
1383 3607 1645 3664 Diatriba
1690 3609 1761 3664 de
1808 3608 1976 3665 Georh

309 3712 446 3768 gus.

383 3784 886 3850 Exitimaverim,
933 3784 1125 3840 verbis
1174 3783 1315 3851 illis,
1371 3785 1686 3840 ordinatum
1731 3802 1764 3842 a
1808 3789 1976 3858 patri-

311 3875 487 3929 mha
551 3873 806 3944 Josepho,
867 3869 1133 3949 σφραγῖδα
1196 3877 1294 3926 τοῦ
1362 3874 1704 3948 πατριάρχου
1773 3875 1973 3953 Ἰωσὴφ

314 3961 573 4038 sigma,
603 3962 1030 4018 ordinationem
1088 3963 1428 4034 signiﬁcari,
1462 3980 1578 4035 qua
1607 3964 1880 4036 Cyprium
1911 3966 1972 4021 in

309 4052 595 4108 lectorem
628 4050 942 4106 initiaverit
987 4051 1301 4124 Josephus.
1344 4053 1492 4108 Hinc
1539 4069 1738 4108 vocem
1786 4053 1970 4120 illam,

309 4137 606 4216 σφραγῖδι,
642 4156 865 4195 meram
899 4140 1326 4197 benedictionem
1369 4141 1525 4196 haud
1566 4141 1970 4210 intellexerim,

307 4230 410 4286 sed
445 4245 726 4284 manuum
755 4228 916 4284 illam
947 4231 1371 4301 impositionem,
1397 4246 1512 4300 qua
1539 4230 1785 4286 lectores
1818 4230 1972 4302 apud

304 4320 541 4376 Graecos
613 4317 1020 4373 initiabantur.
1088 4317 1300 4374 Vocem
1358 4319 1625 4374 eamdem
1679 4336 1974 4391 exponens

301 4409 393 4464 Jo.
427 4407 660 4479 Caspar
684 4406 961 4462 Snicerus
983 4407 1243 4478 adnotat,
1275 4412 1548 4464 Manuum
1569 4409 1976 4479 impositionem

307 4495 638 4568 designari,
670 4509 797 4567 qua:
824 4496 985 4565 ﬁebat
1029 4497 1098 4551 ad
1147 4496 1575 4564 ordinationem,
1603 4501 1656 4553 et
1683 4500 1972 4569 consigna-

305 4589 382 4641 tio
415 4585 740 4646 dicebatur;
790 4586 920 4656 quia
968 4593 1084 4640 tum
1122 4601 1350 4641 manum
1396 4588 1735 4658 imponerent
1778 4589 1967 4658 capiti,

2083 3437 2180 3490 est.
2230 3433 2375 3488 Hinc
2420 3449 2575 3503 vero,
2627 3433 2941 3488 adnotante
2997 3429 3296 3502 Ducangio
3345 3430 3407 3486 in
3459 3430 3732 3486 Glossario

2085 3522 2266 3578 Graeco
2298 3539 2316 3577 :
2343 3517 2634 3591 διδάσκειν,
2673 3522 2901 3592 proprie
2943 3529 3020 3575 est
3073 3521 3387 3576 concionem
3434 3519 3634 3575 habere
3661 3519 3732 3575 ad

2077 3612 2346 3684 papulum
2403 3611 2465 3665 in
2522 3611 2760 3666 Ecclesia
2815 3628 2835 3666 :
2891 3627 2958 3665 ac
3013 3608 3303 3680 ejusmodi
3363 3609 3730 3664 concionato-

2083 3716 2176 3756 res
2232 3700 2305 3756 ab
2364 3698 2634 3771 episcopo
2684 3698 3083 3771 seligebantur
3129 3714 3198 3753 ex
3245 3697 3438 3754 ordine
3479 3697 3729 3754 sacerdo-

2084 3797 2218 3846 tum.

2151 3877 2340 3950 Cyprii
2393 3894 2611 3933 munus
2663 3881 2840 3949 patet,
2895 3892 3012 3948 quo
3067 3876 3421 3949 fungebatur
3473 3877 3534 3931 in
3580 3875 3730 3932 clero

2081 3967 2361 4040 palatino.
2409 3967 2557 4022 Huic
2613 3966 2684 4021 ab
2739 3969 3084 4038 imperatore,
3119 3963 3466 4043 στεφηφόρῳ,
3511 3965 3729 4036 ascrip-

2080 4059 2206 4110 tum
2240 4055 2441 4122 luisse,
2476 4055 2656 4110 tradit
2685 4054 3054 4126 Ephramius
3105 4071 3117 4108 :
3171 4069 3361 4125 neque
3402 4057 3600 4108 tamen
3629 4053 3732 4108 ab-

2081 4145 2332 4208 nuerim,
2383 4143 2636 4198 formula
2683 4144 2937 4214 quadam
2987 4141 3408 4198 benedictionis
3446 4141 3730 4210 adhibita,

2083 4234 2154 4288 ad
2185 4231 2331 4288 illud
2379 4232 2488 4287 rite
2538 4231 2874 4288 obeundum
2933 4247 3172 4298 munus,
3205 4231 3454 4286 missum
3482 4229 3662 4286 fuisse
3698 4247 3732 4286 a

2081 4321 2336 4394 Josepha
2368 4319 2719 4392 patriarcha.
2773 4320 2904 4375 Haec
2936 4320 3019 4376 ita
3049 4336 3178 4376 sese
3221 4319 3271 4374 si
3322 4319 3598 4389 habeant,
3630 4320 3728 4374 de-

2082 4409 2451 4480 relinquendi
2483 4413 2622 4464 sunt
2653 4409 3006 4480 Spondanus
3035 4409 3107 4465 ad
3139 4424 3361 4463 annum
3390 4407 3724 4478 i283,num.

2079 4500 2197 4569 9,et
2226 4497 2551 4555 Gulielmus
2585 4497 2744 4566 Cave,
2782 4498 3003 4554 aientes
3050 4514 3064 4553 :
3113 4497 3387 4569 Cyprium
3434 4512 3467 4551 a
3513 4497 3728 4552 Latinis

2081 4589 2334 4644 lectorem
2379 4587 2704 4642 ordinatum
2755 4588 2942 4658 fuisse.
3006 4585 3104 4641 His
3160 4584 3336 4640 etiam
3387 4584 3731 4640 adversatur

303 4678 425 4728 tam
455 4675 684 4744 signum
722 4673 905 4728 crucis
956 4675 1017 4727 in
1073 4674 1250 4745 capite
1293 4675 1647 4730 consecrandi
1679 4675 1979 4744 faciebant.
2008 4688 2055 4752 D
2085 4676 2449 4749 Nicephorus
2509 4675 2816 4748 Gregoras,
2875 4675 3193 4746 datamque
3234 4672 3583 4744 suspicionis
3620 4673 3731 4728 hu-

304 4762 524 4818 Pavent
583 4759 795 4817 [saucii
864 4761 1122 4818 Habertii
1193 4762 1646 4834 observationes,
1707 4763 1767 4818 in
1824 4763 1974 4820 libro

305 4848 646 4906 Pontiﬁeali
697 4849 968 4905 Ecclesiae
1014 4849 1244 4906 Graecis.
1290 4851 1469 4908 Docet
1525 4867 1734 4923 nempe
1780 4852 1972 4908 obser-

301 4945 425 4994 vat.
491 4940 542 4993 Il
591 4939 662 4993 ad
697 4941 924 5008 partem
968 4955 1023 4992 Iv
1052 4938 1320 5012 Litus-gite
1348 4939 1645 5010 ordinum,
1687 4957 1801 4997 non
1842 4956 1970 4996 esse

301 5029 558 5085 solitam
589 5027 753 5099 apud
781 5027 1008 5083 Graece
1057 5029 1394 5100 quempiam
1423 5033 1668 5084 tonsura
1698 5029 1969 5102 insigniri

299 5126 442 5174 ante
500 5116 790 5172 lectorum
851 5116 1115 5172 ordinem
1171 5135 1183 5172 :
1234 5117 1385 5173 hanc
1431 5123 1738 5174 tonsuram
1779 5119 1968 5174 vocari

297 5201 578 5285 σῖγμα-ᾔδει
644 5210 744 5272 τῆς
811 5201 1187 5280 ἐπικουρίδος·
1250 5207 1509 5262 ordinari
1573 5206 1816 5264 lectores
1868 5225 1971 5279 per

2077 4767 2245 4837 jusce
2275 4764 2639 4821 occasionem
2671 4764 2858 4836 aperit
2885 4763 3034 4818 libro
3062 4780 3138 4832 v1,
3172 4761 3362 4834 capite
3391 4763 3435 4829 Ι,
3465 4778 3628 4817 num.
3668 4763 3727 4818 7.

2081 4857 2153 4910 Eo
2188 4857 2481 4925 pretextu,
2528 4853 2823 4924 inquiens,
2873 4852 3080 4924 Cyprio
3134 4849 3401 4906 nonnulli
3447 4851 3722 4906 adversa-

2078 4944 2308 5008 bantur,
2359 4941 2500 5013 quod
2541 4942 2741 5012 viginti
2784 4945 2948 4996 natus
2995 4955 3188 5009 annos,
3221 4955 3250 4995 e
3279 4941 3455 5011 Cypro
3502 4940 3578 4995 ad
3621 4943 3728 4995 Ro-

2076 5047 2264 5087 manos
2292 5045 2468 5086 mores
2495 5047 2550 5086 se
2576 5029 2910 5095 contulisset,
2943 5033 2994 5084 et
3023 5028 3357 5100 quibusdam
3400 5029 3724 5084 Latinorum

2077 5121 2278 5175 ritibus
2333 5135 2516 5175 secum
2571 5119 2777 5185 allatis,
2839 5118 3015 5173 locum
3060 5118 3296 5174 dedisset
3347 5119 3509 5187 vulgo
3553 5117 3730 5187 suspi-

2078 5209 2266 5279 candi,
2302 5207 2514 5263 lectoris
2553 5207 2799 5262 ordinem
2828 5207 2880 5263 ei
2907 5207 3167 5263 collatum
3189 5208 3365 5279 fuisse
3394 5224 3429 5262 a
3467 5207 3680 5262 Latinis
3707 5223 3728 5270 ;

293 5313 576 5354 me:
623 5296 1031 5366 impositicnem
1080 5313 1100 5351 :
1145 5293 1266 5351 illis
1317 5295 1495 5352 etiam
1553 5297 1704 5351 tradi
1751 5295 1967 5352 librum

294 5385 724 5461 apostolicum,
758 5383 813 5439 id
846 5388 935 5441 est
967 5382 1134 5440 Pauli
1184 5384 1428 5455 apostoli
1476 5384 1754 5456 epistolas
1785 5385 1967 5440 conti-

296 5483 538 5533 nentem
592 5491 608 5529 :
657 5488 982 5544 eorumque
1028 5473 1268 5528 demum
1316 5473 1575 5528 ofﬁcium
1606 5473 1968 5546 praecipuum

2077 5299 2191 5353 sive
2245 5297 2301 5352 id
2354 5297 2652 5351 malevolus
2718 5298 2994 5367 quispiam
3050 5303 3182 5351 ante
3247 5298 3558 5368 sparsisset,
3617 5297 3730 5351 sive

2077 5385 2388 5442 zelatorum
2428 5384 2751 5454 improbitas
2797 5401 2868 5440 ea:
2913 5388 3155 5457 tempore
3190 5386 3566 5455 conﬁnxisset.
3601 5386 3724 5449 Quo

2078 5475 2314 5530 demum
2349 5471 2578 5528 circiter
2607 5490 2757 5529 anno
2788 5474 3060 5546 Cyprium
3114 5474 3174 5528 in
3224 5474 3494 5530 lectorem
3536 5473 3729 5529 initia-

2076 5562 2225 5618 verit
2251 5559 2569 5631 Josephus,
2603 5566 2740 5618 nota
2771 5561 3044 5618 chronica
3085 5561 3248 5617 nulla
3295 5562 3564 5627 occurrit,
3597 5577 3726 5632 quae

2077 5650 2136 5706 id
2168 5649 2310 5705 satis
2341 5649 2577 5706 indicet.

2151 5739 2220 5795 Il.
2271 5742 2476 5796 Annus
2535 5739 2983 5813 aaraa,;_vulgaris_
3014 5737 3555 5811 427ligvolvebatur,
3607 5756 3726 5815 quo

293 5569 472 5622 stam
515 5563 712 5621 fuisse
766 5562 824 5617 in
873 5563 1226 5633 praelectzone
1279 5561 1556 5633 Apostoli,
1605 5562 1970 5634 aliarumque

292 5673 466 5713 sacra
497 5654 837 5728 Scriptura
867 5651 1130 5724 partium
1175 5665 1369 5707 coram
1413 5651 1630 5722 populo
1695 5651 1755 5705 in
1803 5667 1971 5707 sacra

291 5747 503 5819 synaxi.
559 5743 718 5803 Hinc
767 5741 1020 5800 lectores
1053 5739 1225 5813 [apud
1276 5738 1502 5796 Graacos
1551 5740 1624 5797 ab
1655 5739 1968 5812 [Epistolis
