4094 6442
87 0 492 32 “ﬂ
175 0 186 2 “
219 0 230 2 “
259 0 272 6 ⁷
503 2 1394 40 Τι’-Μ
713 4 874 42 ζωμμ,
919 0 1144 41 {mw—1"“.
1167 29 1174 36 .
1205 31 1214 36 ς
1287 29 1292 34 .

398 415 478 476 59
1423 428 1736 494 GEORGII
1780 434 2042 496 CYPRll
2086 433 2203 495 CP.
2251 434 2780 498 PATRIARCHA!
3715 432 3796 494 60

401 551 714 620 Thealdus,
763 555 1079 614 vicecomes
1137 559 1530 633 Placentinus,
1590 565 2038 622 archidiaconus
2067 569 2118 633 Α
2151 567 2308 639 Opus
2341 574 2655 640 utrumque
2688 572 2972 624 memorat
3002 568 3096 625 45
3135 565 3536 640 Pacbymeres,
3570 564 3671 622 lib.
3714 583 3792 630 v1,

404 640 759 711 Leodiensis,
810 647 898 701 vir
952 653 1192 704 sanctus
1248 655 1305 706 et
1353 651 1678 724 religiosus,
1756 655 1812 707 in
1873 655 2039 726 Syria

400 745 768 788 commorans
796 734 855 788 in
889 736 1230 808 obsequium
1281 739 1514 811 Christi,
1569 743 1768 797 audito
1821 760 1937 797 suae
1978 743 2037 798 in

402 819 729 877 Romanum
761 825 1092 894 pontificem
1125 827 1422 885 electionis
1454 832 1819 902 nuntio,quaa
1837 833 2038 887 eodem

401 925 553 965 anno
585 912 716 966 1271
751 921 984 984 peracta
1028 921 1116 971 est
1163 919 1256 972 die
1304 921 1372 973 23
1429 923 1675 992 Augusti
1708 923 1847 976 dum
1880 939 1908 976 e
1938 922 2037 993 Sy-

400 999 492 1053 ria
549 999 618 1055 ad
665 1001 763 1056 hoc
811 1005 1030 1059 Romam
1077 1009 1456 1077 pro/iaceretur
1506 1015 1608 1064 44
1663 1012 1859 1082 (verba
1902 1016 2041 1064 sunt

402 1087 789 1160 Pachymeris,
845 1091 994 1148 libro
1042 1113 1098 1158 ν,
1147 1097 1334 1167 capite
1367 1099 1476 1166 11),
1507 1115 1538 1152 e
1570 1115 1628 1153 re
1657 1116 1764 1154 sua
1815 1099 2040 1153 censuit

398 1177 616 1232 mittere
644 1179 712 1233 ad
742 1182 1136 1251 imperatorem
1166 1189 1334 1240 certos
1368 1188 1608 1241 homines
1653 1205 1775 1242 cum
1821 1189 2036 1255 litteris,

399 1266 495 1334 qui
526 1266 882 1336 declararent,
932 1273 1149 1344 ingenti
1193 1289 1253 1328 se
1295 1276 1486 1330 ardere
1527 1277 1796 1330 desiderio
1839 1292 2036 1345 procu-

401 1355 588 1409 randw
613 1360 765 1426 pacis
813 1360 1198 1433 Ecclesiarum,
1230 1369 1279 1418 et
1308 1365 1491 1434 ﬁrma?
1538 1368 1679 1420 inter
1723 1383 1810 1421 eos
1855 1367 2038 1419 conci-

401 1442 608 1500 liandae
653 1448 971 1504 concordiae.
1006 1451 1131 1521 Ipse
1179 1469 1432 1524 namque
1478 1455 1792 1521 Thealdus,
1841 1458 2039 1525 postea

401 1531 714 1603 Gregorius
763 1536 807 1589 X
858 1537 916 1591 in
973 1541 1311 1609 pontificatu
1367 1543 1713 1615 appellatus,
1764 1545 2033 1600 audierat.

399 1621 530 1690 quid
559 1623 626 1676 ab
658 1625 770 1694 ipso
799 1626 1190 1700 (imperatore)
1220 1635 1426 1686 moveri
1472 1642 1705 1702 coeptum
1735 1635 1798 1689 de
1828 1635 1924 1689 hoc
1948 1651 2036 1703 ge-

398 1725 526 1765 nere
554 1713 791 1780 fuisset:
818 1717 1010 1786 quidve
1050 1720 1175 1787 jam
1217 1738 1381 1791 super
1417 1739 1482 1778 ea
1528 1739 1589 1778 re
1633 1723 1902 1780 decessori
1943 1740 2039 1778 suo

400 1797 610 1869 (ipsius
646 1800 925 1874 Gregorii)
967 1822 1132 1876 papa
1183 1809 1444 1865 Clementi
1480 1813 1853 1867 nuntiandum
1903 1830 1937 1866 a
1984 1828 2042 1868 se

396 1897 642 1942 curasset
672 1889 829 1945 Idem
851 1897 1175 1964 Augustus.

471 1977 783 2035 Summum
851 1986 1187 2054 pontiﬁcem
1245 1988 1600 2046 Clementem
1655 1993 1728 2046 ιν
1779 1988 2039 2064 intelligo

400 2083 552 2122 anno
580 2069 720 2125 1265
751 2070 1020 2139 electum,
1052 2077 1417 2152 maximeque
1466 2098 1872 2153 praecessorem
1911 2084 2040 2153 ejus

400 2155 698 2213 Urbanum
733 2160 822 2229 IV,
859 2167 924 2216 ut
969 2164 1094 2235 ejus
1143 2182 1210 2220 ex
1262 2167 1471 2223 litteris
1503 2174 1676 2240 patet,
1707 2171 1859 2225 datis
1887 2187 2039 2225 anno

399 2245 560 2317 4263,
593 2253 648 2303 et
678 2265 828 2305 anno
860 2252 1184 2324 insequenti
1230 2256 1387 2312 4264.
1442 2260 1549 2314 Eas
1598 2260 1854 2315 referunt
1903 2261 2038 2314 Wa-

401 2335 638 2408 dingus,
685 2343 742 2392 et
788 2340 1144 2413 Raynaldus,
1195 2350 1251 2400 et
1301 2347 1648 2404 Laurentius
1692 2353 1886 2418 Cozza,
1940 2351 2040 2420 qui

401 2440 510 2478 sua
537 2423 596 2479 in
619 2426 875 2484 Historia
906 2430 1190 2501 polemica
1233 2435 1304 2489 de
1355 2436 1684 2491 Graecorum
1729 2438 2042 2492 schismate

401 2529 523 2569 rem
557 2515 706 2570 hanc
731 2517 1181 2589 diligentissime
1213 2529 1542 2594 pertractat.
1595 2530 1778 2581 Hocce
1827 2527 1943 2582 imo
1971 2527 2043 2580 de

401 2605 632 2675 negotio
662 2606 755 2678 agi
772 2596 934 2662 'votis
967 2611 1395 2668 ardentioribus
1425 2620 1677 2686 emptum
1711 2615 1899 2670 fuerat
1933 2615 2040 2669 sub

398 2692 624 2750 Joanne
655 2695 834 2761 Duca,
867 2697 1019 2753 dicto
1047 2699 1332 2767 Vatatzio,
1381 2704 1480 2774 qui
1529 2703 1818 2759 Orientale
1860 2705 2041 2774 impe-

403 2782 556 2837 rium
588 2801 740 2839 anno
773 2787 911 2840 1222
939 2790 1324 2859 capessiverat
1375 2809 1388 2845 :
1435 2793 1750 2865 sedemque
1787 2793 2040 2860 tenebat,

403 2876 573 2943 capta
602 2889 636 2926 a
663 2873 883 2930 Latinis
915 2877 1437 2952 Constantinopoli,
1488 2882 1686 2936 Nicaea
1736 2881 1795 2936 in
1847 2882 2041 2952 Bithy-

404 2959 518 3015 nia.
568 2961 758 3015 Vitam
817 2965 1022 3033 agsbat
1065 2965 1174 3020 hoc
1225 2970 1486 3038 tempore
1514 2969 1602 3023 vir
1629 2968 2044 3024 celeberrimus

405 3049 764 3121 Nicephorus
796 3051 1140 3119 Blemmida,
1172 3056 1274 3126 qui
1306 3055 1560 3127 plurima
1607 3076 1708 3130 pro
1760 3056 2044 3112 catholico

406 3138 476 3192 de
525 3140 896 3210 processione
947 3144 1198 3214 Spiritus
1255 3147 1441 3201 sancti
1486 3147 1757 3219 dogmate
1812 3144 2047 3218 scripsit

408 3225 634 3297 Scripta
662 3229 786 3298 ejus
815 3227 1252 3301 elegantissima
1288 3235 1513 3306 vulgari
1560 3241 1766 3307 coepta,
1809 3235 2047 3290 adnotat

408 3314 756 3385 Spondanus
786 3335 937 3373 anno
970 3322 1129 3387 1233,
1164 3323 1264 3377 sed
1294 3340 1361 3378 ea
1391 3305 1462 3379 ad
1496 3305 1712 3379 annum
1756 3326 1912 3391 1261,
1959 3322 2048 3378 vel
2079 3305 2122 3372 Ο

408 3404 602 3475 potius
631 3406 703 3460 ad
736 3423 922 3462 annos
951 3409 1328 3480 insequentes
1374 3413 1483 3468 sub
1533 3413 1812 3468 Michaele
1850 3411 2046 3466 Paleo-

409 3493 539 3566 logo
572 3495 909 3560 differenda,
939 3504 1107 3568 putat
1150 3500 1469 3557 Casimirus
1499 3503 1762 3558 Oudinus
1811 3503 1870 3557 in
1919 3503 2050 3558 Elo-

411 3583 503 3654 gio
533 3583 868 3640 Blemmidae
901 3588 972 3642 ad
1005 3604 1223 3644 annum
1258 3592 1412 3646 1250.
1448 3592 1690 3646 Fallitur
1719 3593 1842 3648 sine
1873 3593 2050 3648 dubio

412 3671 586 3727 homo
635 3677 919 3744 apostata,
954 3677 1506 3752 imperitissimeque
1550 3683 1812 3737 abutitur
1855 3687 2048 3737 aucto-

411 3761 581 3815 ritate
620 3761 921 3833 Nicephori
969 3765 1251 3837 Gregoraa,
1296 3770 1394 3840 qui
1442 3772 1828 3827 disertissime
1859 3772 1942 3826 sic
1975 3772 2054 3826 ait

413 3849 562 3903 libro
589 3865 644 3914 ν,
677 3866 803 3922 cap.
829 3855 881 3919 2,
917 3871 1078 3910 num.
1110 3857 1185 3910 6:
1227 3879 1248 3905 ι
1285 3859 1345 3913 In
1378 3865 1632 3915 mentem
1668 3861 1822 3916 venit
1869 3861 2051 3932 impe-

413 3935 591 3990 ratori
623 3936 746 4008 (qui
784 3938 1069 3996 Joannem
1121 3948 1366 4000 Beccum
1420 3948 1618 4004 unioni
1667 3948 2053 4004 Ecclesiarum

415 4031 834 4096 repugnantem
867 4045 1089 4086 carcere
1118 4031 1410 4090 inclusum
1434 4037 1728 4092 detinebat
1743 4055 1894 4092 anno
1917 4037 2056 4092 1273

415 4119 472 4169 et
499 4114 736 4170 ineunte
768 4119 1076 4190 sequenti),
1109 4123 1372 4178 eamdem
1406 4142 1527 4180 rem
1582 4144 1615 4181 a
1663 4127 1887 4182 Latinis
1932 4135 2058 4182 ante

414 4220 592 4258 annos
623 4206 862 4276 quinque
881 4211 934 4261 et
957 4210 1152 4279 viginti
1177 4212 1458 4285 (adeoque
1478 4222 1610 4270 ante
1631 4233 1851 4270 annum
1875 4216 2056 4284 4246),

415 4292 639 4348 Joanne
686 4293 846 4350 Duca
874 4311 1068 4352 rerum
1102 4299 1374 4372 potiente,
1408 4304 1686 4375 agitatam
1736 4305 1916 4360 fuisse
1950 4321 1962 4358 :
1994 4320 2059 4358 ac

418 4389 545 4439 tum
578 4385 812 4440 doctum
844 4389 1134 4444 exstitisse
1163 4390 1376 4459 virum,
1428 4394 1818 4465 Nicephorum
1869 4395 2057 4449 Blem-

420 4473 665 4542 midam,
711 4474 1041 4532 divinarum
1088 4477 1416 4536 litterarum
1466 4483 1910 4554 peritissimum,
1958 4483 2059 4555 qui

421 4578 555 4617 cum
603 4579 666 4619 se
711 4563 771 4618 in
817 4565 1002 4621 otium
1051 4570 1415 4639 contulisset,
1458 4574 1633 4627 multa
1662 4590 1872 4629 esacra
1920 4573 2063 4628 Scri-

2150 656 2336 726 capite
2381 658 2450 710 28
2505 675 2517 712 :
2567 659 2882 713 Ineiderunt
2931 660 3089 728 forte,
3143 657 3434 726 inquiens,
3486 658 3544 710 in
3598 671 3794 710 manus

2147 745 2303 800 Becci
2379 745 2675 814 (Michaele
2742 746 3087 816 imperatore
3156 744 3609 814 transmittente)
3669 758 3794 815 qua

2145 837 2580 905 sapientissimus
2611 835 2940 890 Blemmidas
2987 836 3060 890 ad
3105 836 3486 904 imperatorem
3541 832 3792 888 Theodo-

2149 940 2272 978 rum
2302 925 2658 995 scripserat...
2708 930 2760 979 et
2807 925 2875 979 ad
2919 924 3172 980 Iacobum
3213 923 3510 993 Bulgarixe.
3557 921 3792 976 Gravis-

2148 1013 2364 1067 simum
2395 1014 2606 1077 virum,
2659 1014 2866 1068 litteris
2915 1030 2979 1068 ac
3029 1013 3289 1067 moribus
3319 1011 3788 1076 ornatissimum,

2149 1118 2323 1172 quam
2358 1120 2530 1157 suum
2571 1103 2845 1158 laudatus
2875 1103 3216 1157 Theodorus
3263 1101 3528 1156 Lascaris
3575 1116 3786 1171 praece-

2149 1197 2371 1262 ptorem
2401 1193 2703 1256 habuerat,
2758 1193 2827 1246 ad
2873 1190 3581 1262 Constantinopolitanum
3629 1189 3789 1243 thro-

2148 1295 2288 1333 num
2322 1297 2472 1334 anno
2506 1283 2643 1335 1255
2671 1282 3094 1352 designaverat,
3126 1284 3273 1334 teste
3303 1279 3557 1350 Gregora
3590 1295 3602 1332 :
3636 1277 3790 1348 quod

2145 1367 2271 1439 ipse
2301 1369 2552 1440 recipere
2583 1369 3124 1441 splendidissimum
3157 1383 3374 1422 munus
3407 1365 3616 1420 renuit.
3640 1365 3790 1419 Mor-

2149 1461 2264 1511 tom
2293 1459 2543 1529 denique
2576 1459 2721 1514 obiit
2750 1475 2901 1512 anno
2935 1460 3089 1511 1272.
3142 1456 3366 1511 Laudes
3387 1456 3515 1524 ejus
3547 1451 3786 1524 amplis-

2149 1548 2316 1603 simis
2346 1548 2536 1603 verbis
2568 1549 2822 1603 celebrat
2852 1547 3126 1602 laudatus
3157 1542 3712 1617 Pachymeres,libro
3733 1559 3788 1609 ν,

2149 1637 2336 1708 capite
2365 1641 2418 1692 2.

2220 1726 2586 1796 Propositum
2647 1743 2680 1780 a
2737 1723 2992 1780 Thealdo
3054 1724 3125 1778 de
3185 1739 3324 1795 pace
3384 1719 3791 1776 constituenda

2148 1815 2458 1870 consilium
2494 1813 2898 1869 lubentissime
2928 1814 2999 1868 ab
3030 1813 3380 1884 imperatore
3429 1813 3789 1880 susceptum.

2147 1903 2395 1959 Causam
2429 1904 2810 1976 Pachymeres
2841 1919 2955 1958 non
2988 1901 3161 1956 aliam
3203 1900 3387 1969 aﬂ‘ert,
3418 1899 3565 1954 libro
3605 1914 3658 1962 v,
3711 1897 3790 1951 ci-

2147 1997 2286 2063 tato,
2346 2009 2470 2065 cap.
2533 1993 2620 2060 41,
2681 1992 2792 2048 nisi
2846 1992 3352 2064 pusillinimitatem
3433 1988 3582 2058 ejus.
3653 1986 3792 2040 Metu

2146 2099 2381 2153 namque
2408 2087 2781 2137 consternatus
2810 2088 3185 2152 apparatuum
3221 2077 3426 2146 Caroli,
3475 2074 3690 2146 inquit,
3721 2073 3791 2127 ad

2149 2172 2291 2227 istud
2313 2171 2684 2243 procurandae
2731 2173 2883 2242 pacis
2931 2169 3224 2224 consilium
3259 2167 3475 2238 appulit
3516 2166 3790 2228 animum,

2147 2262 2363 2316 nullam
2408 2278 2651 2332 unquam
2679 2259 2896 2331 (absque
2925 2259 3022 2313 hoc
3044 2260 3224 2328 foret),
3274 2258 3362 2311 rei
3409 2256 3538 2310 talis
3587 2254 3789 2322 cogita-

2148 2353 2349 2406 tionem
2377 2359 2749 2422 suscepturus.
2778 2348 3047 2405 Carolum
3093 2347 3567 2415 Andegavensem
3621 2339 3791 2395 intel-

2149 2439 2499 2512 lige,Siciliaa
2530 2455 2746 2510 regem,
2771 2454 2944 2509 quem
2975 2453 3109 2492 cum
3143 2435 3273 2490 aliis
3304 2432 3666 2506 principibus
3690 2430 3794 2484 Ro-

2151 2529 2308 2583 mani
2336 2529 2610 2598 nominis,
2645 2543 2814 2583 cruce
2857 2527 3032 2582 etiam
3059 2525 3610 2596 praedicata,magno
3639 2518 3796 2574 exci-

2151 2623 2368 2673 taverat
2397 2618 2590 2672 studio
2622 2617 2887 2672 Urbanus
2935 2615 3008 2668 IV
3056 2619 3255 2668 contra
3301 2609 3660 2678 Michaelem,
3696 2608 3795 2663 La-

2151 2708 2258 2762 tini
2334 2703 2958 2776 Constantinopolitani
3044 2701 3274 2773 imperii
3348 2700 3794 2754 destructorem.

2155 2796 2296 2850 Hinc
2325 2812 2475 2850 anno
2522 2796 2678 2859 1262,
2729 2809 2793 2848 ac
2842 2793 3052 2846 iterum
3097 2806 3249 2845 anno
3302 2789 3460 2852 1264,
3491 2787 3563 2841 ab
3593 2785 3796 2840 eodem

2153 2884 2498 2956 imperatore
2529 2883 2695 2938 missi
2727 2882 2798 2936 ad
2832 2881 3130 2936 Urbanum
3167 2878 3380 2950 Legati,
3427 2875 3526 2948 qui
3567 2875 3796 2929 Greco-

2153 2991 2281 3027 rum
2314 2990 2448 3028 cum
2482 2973 2700 3027 Latinis
2723 2972 2996 3026 unionem
3029 2970 3311 3040 peterent.
3347 2965 3492 3020 Hinc
3518 2963 3694 3018 etiam
3725 2963 3798 3017 de

2153 3079 2222 3118 ea
2251 3062 2360 3117 sub
2389 3061 2682 3116 Clemente
2713 3060 2784 3115 IV
2817 3064 3012 3114 actum
3049 3075 3060 3112 :
3095 3073 3160 3111 ac
3187 3057 3426 3110 domum
3459 3050 3703 3108 Thealdi
3736 3049 3795 3104 in

2156 3151 2484 3206 Romanum
2516 3149 2847 3222 pontificem
2869 3147 3036 3203 electi
3060 3144 3495 3201 adhortationes
3525 3144 3794 3212 exceptae;

2157 3242 2331 3296 rebus
2380 3240 2582 3312 utique
2629 3239 2754 3294 suis
2808 3242 2874 3292 ut
2932 3235 3260 3292 consuleret
3307 3233 3646 3303 imperator,
3695 3229 3796 3283 sed

2160 3331 2339 3385 animi
2371 3345 2602 3401 quoque
2626 3326 3010 3400 prOpensione
3041 3325 3337 3379 inductus.

2233 3418 2428 3473 Romae
2477 3418 2834 3488 pontificiam
2883 3416 3134 3470 tbiaram
3185 3429 3336 3468 anno
3386 3410 3542 3479 1272,
3593 3407 3687 3462 die
3731 3407 3801 3460 27

2158 3507 2349 3563 Martii
2381 3507 2601 3578 accepit
2641 3505 2952 3570 Thealdus,
2993 3504 3184 3559 dictus
3229 3499 3540 3571 Gregorius
3570 3497 3635 3551 X.
3670 3501 3801 3567 Ipso

2159 3595 2531 3669 pontiﬁcatus
2598 3595 2784 3661 initio,
2843 3593 3116 3650 Kalendis
3180 3589 3422 3663 Aprilis,
3489 3585 3801 3666 concilium

2159 3684 2426 3757 generale
2475 3683 2700 3750 indixit,
2750 3683 3017 3758 Lugduni
3066 3679 3496 3737 celebrandum.
3542 3676 3623 3730 Ex
3653 3673 3803 3729 Urbe

2158 3774 2348 3830 Veteri
2379 3773 2471 3829 die
2499 3774 2569 3828 24
2599 3772 2860 3829 Octobris
2909 3773 2979 3827 ad
3029 3771 3445 3843 imperatorum
3475 3769 3802 3820 Graecorum

2162 3881 2228 3920 ac
2254 3864 2574 3934 Josephum
2603 3861 2992 3934 patriarcham
3024 3859 3188 3914 missi
3217 3857 3414 3929 legati,
3446 3853 3545 3926 qui
3592 3868 3691 3906 eos
3730 3849 3802 3904 ad

2163 3953 2438 4009 unionem
2481 3952 2809 4018 invitarent,
2865 3951 3198 4020 indictoque
3255 3948 3537 4001 interesse
3592 3939 3806 3994 vellent

2164 4041 2427 4106 concilio,
2459 4046 2560 4096 aut
2606 4057 2831 4112 magna:
2875 4039 3081 4095 saltem
3130 4038 3286 4091 viros
3331 4029 3692 4089 auctoritatis
3723 4027 3806 4081 di-

2165 4133 2434 4203 rigerent.
2470 4131 2712 4186 Litteras
2759 4129 3017 4185 referunt
3063 4127 3392 4197 Wadingus
3435 4126 3490 4178 et
3542 4117 3807 4176 concilio-

2166 4237 2298 4275 rum
2360 4217 2718 4275 collectores.
2785 4218 2900 4272 Hos
2972 4218 3122 4271 inter
3194 4211 3524 4286 pontificios
3587 4208 3808 4279 legatos

2166 4311 2451 4366 Joannem
2483 4309 2797 4380 quemdam
2831 4311 3143 4362 Parastron
3175 4306 3460 4358 memorat
3489 4297 3808 4368 Pachyme-

2168 4417 2280 4470 res,
2331 4398 2478 4452 libro
2527 4414 2580 4466 v,
2630 4396 2818 4466 capite
2870 4395 2958 4463 41,
3013 4393 3112 4465 qui
3160 4391 3220 4446 in
3269 4391 3544 4446 Tractatu
3575 4385 3645 4439 de
3672 4397 3810 4453 pace

2167 4486 2576 4543 constituenda
2632 4484 2830 4539 habito
2882 4500 2950 4538 ea
2997 4481 3174 4538 verba
3221 4476 3526 4551 protulerit
3584 4491 3598 4528 ε
3659 4471 3732 4526 Ut
3776 4486 3811 4524 a

2169 4577 2392 4633 Latinis
2422 4576 2666 4642 dimisso,
2699 4580 2984 4642 amotoque
3029 4570 3335 4626 additionis
3374 4565 3445 4620 ad
3492 4560 3811 4636 Symbolum

417 4656 583 4723 ptura
613 4656 942 4723 testimonia,
975 4673 1100 4728 qua:
1128 4657 1327 4727 dogma
1365 4662 1689 4717 Latinorum
1735 4665 2061 4734 conﬁrmare
2092 4675 2138 4738 D
2168 4668 2225 4739 (Α
2247 4665 2459 4720 Graecis
2488 4664 2752 4719 videlicet
2781 4661 3096 4734 exigendae)
3126 4657 3384 4715 seandalo
3414 4659 3571 4723 (voce
3602 4665 3812 4739 nempe

420 4742 754 4810 viderentur,
782 4745 1038 4815 colligere
1069 4751 1329 4819 coepisset,
1364 4767 1430 4804 ac
1461 4757 1661 4821 postea
1688 4753 1861 4807 etiam
1886 4754 1955 4808 de
1985 4753 2057 4808 iis

422 4832 773 4904 scripsisset.
810 4857 830 4885 ι
865 4835 996 4890 Jam
1028 4842 1184 4908 patet
1213 4841 1323 4894 sub
1343 4839 1565 4895 Joanne
1601 4843 1753 4896 Duca
1799 4842 2058 4897 Vatatzio

422 4938 526 4992 pro
560 4922 894 4978 Latinorum
929 4927 1198 4997 dogmate
1228 4929 1612 4985 Blemmidam
1643 4930 1958 4987 laborasse.
1991 4934 2063 4986 At

422 5012 640 5083 scripta
663 5013 846 5067 edidit
873 5015 1046 5069 etiam
1076 5018 1226 5071 clam
1245 5020 1462 5088 quidem
1482 5021 1579 5076 ille
1600 5022 1704 5093 (ait
1733 5022 2063 5092 Gregoras),

418 5107 644 5173 propter
694 5103 976 5159 vitandam
1030 5108 1325 5164 multorum
1381 5113 1767 5182 suspicionem.
1827 5107 1914 5164 διὰ
1964 5111 2062 5178 τήν

420 5195 529 5246 τῶν
580 5189 805 5245 πολλῶν
859 5190 1156 5266 ὑπόληψιν.
1207 5200 1504 5262 Quomodo
1533 5216 1665 5255 vero
1714 5200 1769 5254 id
1819 5201 1963 5256 clam
1995 5200 2066 5255 ab

425 5283 552 5353 ipso
595 5283 812 5337 factum
864 5284 1054 5354 fuerit,
1089 5302 1222 5340 cum
1268 5305 1374 5342 sua
1421 5289 1697 5361 dirigeret
1736 5289 1953 5360 scripta
1995 5289 2064 5342 ad

425 5372 797 5426 Theodorum
855 5372 1148 5428 Lascarim
1187 5375 1482 5445 juniorem
1542 5378 1641 5449 qui
1699 5395 1850 5432 anno
1906 5378 2065 5447 1255,

427 5467 735 5533 paternum
787 5467 1122 5532 susceperat
1173 5464 1504 5535 imperium,
1555 5475 1608 5521 et
1657 5469 1727 5522 ad
1786 5466 2067 5522 Jacchum

428 5549 709 5622 Bulgaria:
737 5550 1282 5622 archiepiscopum?
1319 5554 1546 5608 [)irectne
1580 5557 1649 5609 ad
1675 5573 1771 5610 eos
1803 5561 2070 5627 prostant

429 5639 730 5696 Orationes
778 5643 905 5696 duae
953 5642 1009 5695 in
1060 5642 1273 5699 Graecia
1318 5643 1642 5711 orthodoxa,
1703 5649 1860 5700 tomo
1909 5646 1951 5715 Ι,
2012 5649 2068 5700 et

429 5729 584 5803 apud
628 5731 1016 5804 Reynoldum,
1066 5737 1223 5788 tomo
1269 5732 1386 5789 XII.
1441 5734 1737 5788 Annalium
1783 5735 1846 5789 In
1891 5735 2064 5791 calce.

2168 4738 2470 4827 usurpata,
2505 4770 2681 4825 quam
2731 4769 2843 4823 prie
2893 4767 2988 4806 ore
3038 4749 3216 4806 Graeci
3257 4744 3599 4813 habebant);
3633 4738 3812 4796 simul

2169 4845 2344 4899 etiam
2395 4842 2573 4897 Graeci
2621 4843 2856 4897 rationes
2902 4856 3014 4895 non
3059 4839 3509 4910 aspernarentur,
3539 4846 3673 4903 quas
3714 4842 3811 4900 pro

2172 4933 2538 4988 additamento
2568 4933 2754 4986 Latini
2777 4931 3081 5000 allegarent
3101 4947 3119 4982 :
3144 4931 3416 4982 caeterum
3446 4937 3578 4978 vero
3601 4921 3815 4989 dogma

2173 5023 2324 5076 idem
2360 5019 2633 5075 omnibus
2655 5035 2966 5074 commune
2986 5012 3534 5086 foret.lmperatoris
3554 5022 3810 5082 operam,

2174 5110 2702 5180 studia,curasque,
2735 5108 2808 5162 ad
2840 5123 3041 5179 pacem
3072 5122 3211 5161 suos
3242 5108 3307 5160 ut
3336 5102 3637 5158 induceret
3661 5097 3814 5154 Grae-

2174 5217 2294 5265 cos,
2325 5198 2570 5254 inferius
2602 5197 2991 5253 narrabimus.

2247 5290 2341 5344 Ill.
2377 5287 2676 5344 Genuinus
2723 5285 3144 5349 controversiae,
3195 5299 3326 5355 quae
3370 5286 3510 5337 tunc
3558 5279 3815 5352 agitaba-

2174 5382 2288 5449 tur,
2323 5381 2511 5432 status
2542 5376 2915 5447 exponendas
2947 5375 3048 5429 46
3078 5378 3182 5429 est.
3219 5373 3325 5436 Qui
3355 5370 3638 5426 Pbotiano
3677 5367 3815 5423 olim

2175 5467 2398 5522 invecto
2429 5465 2754 5532 schismati,
2788 5465 3229 5534 instauratoque
3259 5480 3292 5517 a
3339 5459 3615 5517 Michaele
3643 5457 3819 5513 Ceru-

2179 5557 2321 5611 lario
2365 5556 2757 5619 adhaerebant,
2789 5554 3071 5626 Spiritum
3113 5558 3381 5607 sanctum
3427 5549 3736 5622 procedere
3787 5563 3821 5601 a

2176 5645 2317 5701 Filio
2375 5645 2786 5699 inliciebantur
2832 5660 2843 5698 :
2895 5643 3091 5714 ipsum
3139 5658 3270 5696 vero
3315 5641 3443 5696 dari
3487 5646 3538 5694 et
3583 5637 3730 5692 mitti
3781 5651 3822 5690 α

2175 5735 2340 5802 Filio,
2389 5733 2701 5806 ipsumque
2744 5748 2844 5803 per
2889 5731 3093 5788 Filium
3134 5729 3422 5802 procedere
3449 5745 3488 5784 a
3515 5732 3702 5792 Patre,
3750 5725 3823 5780 de
