4094 6452
408 463 488 522 61
1651 465 1864 528 VITA.
1897 499 1974 512 —
2002 466 2517 530 DISSERTATIO
2559 467 2609 528 Ι.
3744 465 3824 528 6!

405 596 827 669 temporalium
899 599 1191 656 donorum
1248 600 1586 674 elargitione
1632 601 2055 672 intelligebant.
2087 603 2142 668 Α
2171 617 2298 672 quae
2329 618 2461 657 cum
2493 601 2660 657 Patre
2687 600 2862 657 habet
2891 599 3092 671 Filius,
3121 599 3314 656 locum
3342 598 3556 655 habere
3597 599 3825 671 spiran-

410 691 568 741 Mota
611 687 824 742 iterum
877 687 986 743 hoc
1035 706 1151 745 aevo
1199 691 1638 765 controversia:
1673 690 2065 760 disputatum—

409 791 524 845 que
556 776 628 831 de
657 782 898 842 aeterna,
927 794 993 832 ac
1022 779 1421 845 substantiali,
1453 785 1509 834 et
1541 779 1904 852 bypostatica
1933 778 2062 850 Spi-

412 863 566 919 ritus
594 868 967 936 processione
1000 883 1115 922 non
1146 867 1336 923 solum
1388 885 1420 922 a
1452 872 1642 936 Patre,
1674 869 1776 923 sed
1827 867 2001 923 etiam
2033 885 2067 922 a

414 952 581 1019 Filio,
617 955 737 1009 sive
765 971 869 1026 per
901 954 1131 1012 Filium.

483 1046 646 1097 Hanc
694 1044 949 1115 Spiritus
992 1045 1178 1100 sancti
1229 1046 1509 1118 originem
1543 1047 1626 1101 ita
1675 1047 1855 1102 Latini
1889 1064 2060 1118 expo-

412 1132 653 1198 nebant,
692 1149 760 1187 ac
792 1133 901 1187 viri
951 1134 1273 1190 doctissimi
1304 1135 1457 1190 inter
1503 1136 1751 1192 Graecos.
1785 1137 1954 1192 Pater
1987 1155 2060 1191 ae-

410 1225 637 1285 ternus,
670 1222 1031 1293 principium
1066 1223 1189 1279 sine
1223 1225 1526 1296 principio,
1560 1243 1924 1297 quaecunque
1957 1227 2061 1280 ha-

410 1309 507 1363 bet
537 1326 572 1362 a
605 1327 668 1364 se
700 1313 922 1380 omnia,
955 1329 1064 1367 sua
1105 1318 1342 1384 excepta
1371 1315 1661 1385 personali
1695 1315 2060 1385 paternitatis

408 1398 789 1468 proprietate,
823 1400 1189 1456 divinitatem
1223 1401 1461 1468 scilicet,
1485 1403 1730 1474 ejusque
1759 1403 2057 1474 attributa,

408 1487 674 1559 adeoque
733 1494 790 1544 et
844 1489 960 1544 vim
1011 1491 1297 1562 spirandi,
1343 1508 1445 1546 seu
1495 1491 1872 1562 spirationem
1924 1493 2062 1547 acti-

407 1591 562 1643 vam,
617 1576 765 1632 Filio
809 1579 1209 1634 communicat
1254 1581 1547 1652 gignendo
1591 1580 1787 1651 ipsum
1825 1598 1838 1636 :
1882 1581 2062 1654 igitur

408 1667 918 1736 quemadmodum
962 1667 1151 1733 Pater,
1181 1672 1237 1723 et
1267 1668 1448 1725 Filius
1495 1669 1610 1724 duo
1660 1674 1799 1724 sunt
1850 1687 2061 1742 suppo-

409 1754 548 1821 sita,
579 1772 710 1826 quze
756 1773 936 1811 unam
981 1755 1198 1812 habent
1225 1757 1608 1830 divinitatem,
1648 1759 1729 1813 ita
1758 1759 1874 1814 duo
1922 1763 2061 1814 sunt

408 1845 741 1916 supposita,
775 1861 901 1916 quae
934 1862 1051 1900 una
1079 1845 1380 1918 potiuntur
1409 1846 1618 1902 virtute
1648 1847 1928 1919 spirandi,
1961 1853 2060 1904 aut

409 1932 736 2004 spiratione
795 1934 998 1990 activa.
1052 1935 1557 2002 Quemadmodum
1615 1953 1822 1992 rursus
1864 1941 2056 2004 Pater,

409 2026 468 2076 et
497 2021 688 2078 Filius
719 2023 793 2077 ob
824 2023 1106 2079 unitatem
1159 2024 1498 2094 divinitatis,
1535 2026 1768 2081 tametsi
1798 2027 1914 2081 duo
1947 2027 2064 2081 sint

410 2112 745 2183 supposita,
781 2117 920 2167 sunt
965 2113 1350 2169 nihilominus
1397 2131 1550 2170 unus
1605 2116 1754 2169 Deus
1796 2133 1808 2170 :
1861 2116 1943 2171 ita
1989 2116 2062 2170 ob

409 2199 704 2256 unitatem
735 2201 998 2272 spirandi
1027 2202 1282 2270 virtutis,
1307 2206 1407 2257 aut
1443 2203 1801 2274 spirationis,
1826 2206 2061 2260 tametsi

407 2289 526 2345 duo
559 2290 682 2345 sint
731 2290 1054 2362 supposita,
1090 2296 1231 2346 sunt
1279 2309 1461 2346 unum
1507 2297 1764 2348 attamen
1808 2293 2063 2365 Spiritus

406 2380 599 2433 sancti
652 2379 1034 2452 principium.
1068 2384 1274 2452 Itaque
1303 2381 1474 2436 sicuti
1527 2381 1781 2453 Spiritus
1822 2387 2060 2440 sanctus

403 2468 674 2539 procedit
705 2485 738 2522 a
766 2472 955 2534 Patre,
989 2469 1128 2541 quia
1148 2469 1206 2524 in
1237 2469 1401 2525 Patre
1431 2471 1692 2542 spirandi
1714 2471 1898 2527 virtus
1929 2478 2053 2528 est:

407 2557 489 2611 ita
519 2557 720 2628 ipsum
753 2559 1062 2629 procedere
1093 2576 1127 2614 a
1155 2558 1298 2614 Filio
1327 2559 1638 2614 dicendum
1685 2566 1794 2632 est,
1829 2561 1968 2633 quia
1996 2561 2057 2617 in

403 2645 548 2700 Filio
603 2662 723 2700 una
769 2650 828 2701 et
872 2647 1096 2715 eadem,
1150 2648 1261 2703 sibi
1311 2649 1741 2704 communicata
1791 2667 1825 2705 a
1867 2655 2056 2721 Patre,

403 2734 674 2804 spirandi
704 2734 887 2790 virtus
941 2735 1243 2807 reperitur.
1276 2737 1407 2792 Sive
1435 2743 1674 2794 sanctus
1705 2754 1841 2810 ergo
1884 2739 2060 2811 Spiri-

401 2831 500 2877 tus
543 2841 579 2876 a
627 2829 800 2878 Patre
845 2826 1146 2895 procedere
1193 2826 1424 2880 dicatur
1472 2833 1524 2881 et
1563 2844 1603 2882 α
1650 2828 1808 2898 Filio,
1856 2829 1975 2884 sive
2017 2847 2058 2885 α

395 2913 568 2966 Patre
605 2929 713 2982 per
762 2913 984 2981 Filium,
1025 2913 1460 2986 aequipollentes
1505 2913 1753 2987 intelligi
1801 2918 2058 2988 proposi-

397 3000 594 3056 tiones
624 3001 1155 3069 debent,virtutem
1174 3003 1434 3074 spirandi
1466 3005 1752 3075 Spiritum
1785 3011 2054 3063 sanctum

400 3089 804 3159 enuntiantes,
855 3107 980 3161 qua
1027 3108 1146 3146 una
1195 3092 1518 3163 eademque
1566 3093 1724 3149 Patri
1774 3093 1945 3162 inest,
1989 3111 2054 3150 ac

401 3177 572 3233 Pilio.

472 3266 767 3332 Quoniam
796 3283 929 3323 vero
978 3268 1180 3323 eadem
1212 3269 1396 3324 virtus
1426 3269 1578 3326 inest
1623 3271 1780 3326 Patri
1811 3289 1844 3327 a
1873 3288 1956 3338 se,
1985 3289 2051 3328 ac

2177 691 2234 745 di
2263 691 2401 745 vim.
2435 691 2530 746 Ait
2576 707 2709 745 vero
2743 689 2922 746 Filius
2955 707 2968 744 :
3002 691 3077 746 De
3121 706 3241 745 meo
3281 691 3514 760 accipiet
3545 688 3819 762 Spiritus.

2175 779 2320 845 Quid
2377 797 2509 834 vero
2561 780 2630 834 de
2678 779 2820 834 Filio
2870 779 3164 851 accipiat?
3211 778 3424 850 Utique
3473 778 3820 833 scientiam:

2173 869 2290 923 Non
2318 869 2464 923 enim
2515 869 2765 941 loquetur
2793 885 2830 922 a
2880 869 3187 939 semetipso,
3215 867 3310 922 sed
3355 882 3694 940 quaecunque
3725 884 3822 922 au-

2171 957 2301 1022 diet,
2330 958 2596 1028 loquetur.
2629 958 2927 1022 Quomodo
2956 961 3151 1012 autem
3194 955 3500 1011 scientiam
3532 955 3820 1028 accipiat?

2171 1046 2520 1116 Aecipiendo
2571 1045 2795 1100 scilicet
2844 1047 2914 1100 ab
2978 1045 3106 1117 ipso
3155 1050 3424 1100 naturam
3477 1050 3579 1101 aut
3625 1061 3820 1101 essen-

2171 1137 2338 1189 tiam.

2243 1224 2396 1279 Num
2430 1241 2698 1295 reponas,
2732 1224 2801 1278 de
2851 1222 2992 1278 Filio
3023 1223 3329 1278 scientiam
3381 1223 3644 1293 accipere
3689 1222 3816 1294 Spi-

2171 1311 2350 1367 ritum
2381 1318 2671 1379 sanctum,
2697 1311 2832 1383 quia
2856 1311 3001 1365 nihil
3032 1311 3104 1366 iis
3137 1312 3444 1366 adversum
3470 1312 3654 1377 docet,
3687 1328 3814 1383 quas

2171 1401 2371 1456 docuit
2406 1401 2630 1458 Filius?
2659 1401 3088 1467 Animadverte,
3122 1399 3268 1455 illud
3319 1401 3492 1455 etiam
3523 1400 3660 1467 dici,
3705 1417 3818 1456 non

2171 1492 2425 1562 loquetur
2473 1509 2512 1546 α
2558 1495 2848 1563 semetipso
2894 1511 2912 1545 :
2961 1492 3113 1562 quod
3147 1493 3252 1560 {est
3298 1493 3493 1562 aperte
3539 1489 3814 1558 indicare,

2172 1581 2478 1636 scientiam
2529 1581 2772 1653 Spiritui
2822 1585 3026 1636 sancto
3075 1578 3498 1635 communicari
3546 1595 3579 1632 a
3624 1582 3814 1647 Patre,

2170 1669 2451 1740 Filioque.
2506 1673 2657 1725 Num
2704 1669 2848 1726 illud
2901 1673 3196 1741 praeterea,
3249 1669 3322 1723 De
3357 1685 3506 1738 meo,
3558 1683 3815 1740 exponas

2167 1759 2232 1814 de
2274 1775 2390 1815 meo
2441 1759 2710 1827 thesauro,
2745 1760 2844 1832 qui
2891 1763 2979 1815 est
3010 1760 3220 1814 Pater?
3251 1761 3327 1813 Ac
3358 1758 3406 1813 si
3440 1757 3620 1813 Filius
3664 1758 3814 1813 dice-

2168 1851 2256 1903 ret
2316 1865 2328 1904 :
2384 1848 2512 1905 Inde
2559 1850 2801 1922 Spiritus
2868 1851 3115 1920 accipiet,
3165 1848 3308 1903 unde
3362 1853 3415 1902 et
3462 1863 3558 1916 ego
3607 1849 3811 1918 accepi.

2172 1937 2340 1993 Erras
2372 1955 2548 2010 quam
2602 1939 2874 1994 maxime.
2906 1937 3166 1994 Scientize
3215 1953 3469 2009 namque
3499 1936 3812 1992 thesaurus

2175 2043 2290 2081 non
2338 2032 2425 2082 est
2479 2043 2724 2098 persona
2771 2027 2959 2082 Patris
3011 2025 3248 2098 precise
3298 2029 3364 2081 ut
3409 2041 3679 2097 persona,
3711 2025 3812 2080 sed

2171 2116 2427 2171 essentia
2473 2117 2688 2182 divina,
2739 2134 2865 2187 quas
2918 2120 3007 2172 est
3059 2115 3120 2170 in
3170 2116 3355 2171 Patre.
3406 2114 3812 2170 Verumenim-

2170 2220 2302 2258 vero
2334 2204 2453 2259 haac
2495 2204 2649 2259 inest
2680 2204 2835 2259 Patri
2885 2221 2919 2259 a
2965 2221 3048 2269 se,
3079 2204 3232 2259 inest
3261 2203 3436 2258 etiam
3486 2203 3628 2258 Filio
3660 2219 3815 2259 com-

2172 2293 2468 2347 municata
2514 2309 2546 2347 a
2594 2293 2759 2348 Patre
2810 2311 2822 2348 :
2884 2293 3038 2348 unde
3089 2292 3337 2364 Spiritus
3401 2295 3660 2363 sanctus,
3711 2291 3810 2364 qui

2171 2383 2241 2436 de
2298 2381 2406 2436 hoc
2463 2380 2740 2436 thesauro
2793 2381 3023 2453 accipit,
3083 2381 3295 2453 accipit
3349 2397 3384 2436 a
3439 2381 3625 2449 Patre,
3670 2386 3727 2437 et
3777 2398 3812 2436 a

2172 2469 2334 2526 Filio.

2239 2558 2338 2614 Ait
2367 2575 2604 2614 rursum
2654 2558 2835 2614 Filius
2865 2577 2877 2613 :
2918 2562 3002 2614 De
3028 2574 3146 2614 meo
3175 2560 3403 2630 accipiet
3425 2577 3445 2620 .'
3495 2557 3632 2630 quia
3678 2575 3810 2632 pro-

2168 2649 2382 2702 cedens
2438 2649 2509 2702 de
2557 2646 2700 2702 Filio
2752 2647 3028 2718 Spiritus,
3081 2665 3197 2703 non
3259 2652 3448 2702 totum
3498 2647 3706 2719 accipit
3749 2647 3808 2704 id

2168 2736 2322 2807 quod
2373 2740 2457 2791 est
2505 2735 2561 2789 in
2611 2734 2774 2803 Filio,
2818 2752 2932 2790 non
2985 2737 3142 2791 enim
3194 2736 3414 2808 accepit
3445 2735 3806 2805 ﬁliationem,

2166 2825 2266 2879 sed
2316 2824 2655 2895 essentiam,
2688 2841 2755 2879 ex
2802 2841 2918 2895 qua
2948 2830 3005 2880 et
3033 2824 3334 2894 ﬁliatione,
3366 2829 3564 2880 nostro
3613 2826 3806 2880 conci-

2164 2913 2360 2984 piendi
2390 2914 2583 2980 modo,
2617 2913 2992 2969 constituitur
3021 2913 3222 2968 Filius.
3250 2915 3412 2980 Quod
3447 2915 3648 2986 utique
3679 2915 3806 2988 ipse

2165 3001 2345 3058 Filius
2374 3001 2593 3056 indicat
2624 3019 2636 3057 :
2673 3003 2871 3058 Omnia
2917 3018 3038 3073 quae
3090 3002 3250 3057 habet
3296 3007 3480 3070 Pater,
3511 3003 3807 3075 inquiens,

2161 3107 2282 3146 mea
2309 3095 2440 3146 sunt
2469 3109 2488 3146 :
2520 3091 2641 3146 ideo
2670 3091 2793 3146 dixi
2839 3092 3010 3155 vobis,
3037 3107 3170 3162 quia
3215 3091 3279 3146 de
3321 3107 3439 3146 meo
3469 3093 3718 3163 accipiet,
3751 3093 3809 3147 id

2161 3183 2250 3234 est
2297 3179 2558 3251 accipiet,
2594 3197 2720 3251 quae
2768 3179 2914 3234 mihi
2958 3183 3016 3234 et
3060 3179 3213 3234 Patri
3265 3183 3404 3234 sunt
3453 3180 3807 3236 communia.

2161 3268 2396 3324 Dixerat
2423 3268 2598 3324 Jeeus
2629 3268 3122 3340 Christus,capite
3151 3286 3225 3324 xv
3252 3269 3520 3337 Joannis,
3541 3285 3690 3324 vers.
3709 3270 3806 3325 26:

395 3355 553 3410 inest
602 3354 744 3410 Filio
789 3357 1218 3412 communicata
1269 3375 1302 3412 a
1352 3358 1542 3425 Patre,
1602 3359 1720 3415 sive
1773 3361 2051 3432 quoniam
2083 3344 2126 3410 C
2165 3358 2432 3430 Spiritum
2491 3359 2869 3427 Paracletum,
2922 3373 3083 3429 quem
3129 3359 3243 3430 ipse
3306 3359 3480 3413 mittet
3534 3375 3570 3413 a
3623 3363 3809 3426 Patre,

391 3444 553 3498 inest
607 3444 763 3499 Patri
814 3451 1097 3517 tanquam
1148 3446 1434 3519 principio
1482 3447 1608 3503 sine
1662 3448 1968 3521 principio,
2002 3454 2060 3504 et

396 3533 559 3588 inest
595 3533 741 3588 Filio
789 3537 1072 3606 tanquam
1121 3535 1408 3607 principio
1439 3537 1510 3591 de
1558 3537 1846 3609 principio
1883 3556 1895 3593 :
1930 3539 2059 3595 ideo

393 3621 514 3676 duo
547 3621 728 3676 veluti
759 3622 818 3677 in
853 3623 1033 3693 Patre,
1067 3628 1124 3679 et
1153 3623 1212 3678 in
1245 3624 1388 3680 Filio
1423 3625 1840 3698 distinguenda
1873 3632 2011 3683 sunt
2043 3646 2056 3684 :

403 3710 541 3781 ipsa
579 3726 793 3783 nempe
843 3712 1102 3782 spirandi
1149 3713 1356 3778 virtus,
1388 3730 1564 3785 quam
1616 3714 1832 3770 habent
1863 3716 2056 3783 ambo,

399 3815 469 3853 ac
502 3800 720 3855 modus
769 3817 898 3854 eam
945 3800 1220 3868 habendi,
1255 3819 1379 3871 quae
1429 3803 1582 3857 Patri
1636 3803 1788 3858 inest
1827 3821 1861 3859 a
1891 3822 1972 3875 se,
2005 3809 2062 3859 et

403 3889 563 3944 inest
599 3887 739 3944 Filio
770 3890 1448 3946 communicataaPatre.
1481 3891 1640 3946 Hanc
1671 3895 1870 3964 utique
1900 3893 2058 3949 inex-

402 3977 717 4032 sistentem
774 3979 922 4032 Patri
959 3978 1215 4050 Filioque
1266 3980 1562 4046 virtutem,
1599 3980 1743 4036 illia
1773 3999 1856 4047 se,
1888 3981 1985 4036 isti
2029 4000 2062 4038 a

401 4066 604 4133 Patre,
635 4066 967 4138 signiﬁcant
994 4084 1162 4122 voces
1195 4067 1304 4123 illa:
1334 4073 1460 4124 tum
1495 4087 1528 4124 a
1556 4072 1721 4126 Patre
1749 4074 1800 4125 et
1829 4088 1863 4125 (ι
1891 4073 2058 4140 Filio,

401 4162 536 4209 tum
568 4173 604 4209 a
635 4156 805 4209 Patre
849 4172 944 4227 per
969 4157 1176 4212 Filium
1209 4176 1229 4211 :
1259 4158 1359 4212 sed
1413 4158 1760 4230 posteriores
1790 4160 2061 4216 videntur

403 4259 648 4315 quoque
679 4249 825 4316 aptae
857 4245 927 4299 ad
959 4245 1221 4316 ejusdem
1256 4247 1844 4303 communicationem
1875 4250 2061 4304 virtu-

397 4333 481 4387 tis
511 4332 982 4403 exprimendam,
1032 4351 1211 4405 quam
1247 4352 1279 4390 a
1308 4339 1478 4390 Patre
1529 4339 1823 4393 nascendo
1853 4338 2063 4410 accipit

399 4420 615 4474 Filius.

475 4508 640 4563 Hanc
685 4508 1009 4564 doctrinam
1059 4509 1290 4582 eloquia
1341 4511 1534 4567 divina
1583 4512 1728 4568 satis
1778 4513 2059 4568 indicant.

395 4596 596 4652 Verba
617 4602 759 4652 sunt
781 4596 1024 4654 Joannis
1045 4599 1626 4671 evangelistaapapite
1645 4618 1761 4668 xvr,
1783 4619 1933 4658 vers.
1963 4604 2028 4658 13
2047 4621 2059 4658 :

399 4687 538 4742 Cum
587 4692 801 4776 venerit
840 4687 935 4743 ille
979 4687 1223 4759 Spiritus
1269 4692 1532 4752 veritatis,
1569 4690 1779 4746 docebit
1828 4707 1918 4746 vos
1947 4707 2060 4748 om-
2091 4712 2138 4776 Ι)

399 4791 531 4828 nem
581 4775 875 4830 veritatem
894 4792 915 4838 ;
944 4792 1057 4831 non
1088 4779 1239 4832 enim
1286 4779 1537 4849 loquetur
1564 4797 1598 4833 a
1637 4781 1939 4851 semetipso,
1971 4781 2063 4836 sed

397 4879 750 4936 quaecunque
792 4865 981 4920 audiet
1030 4867 1294 4938 loquetur.
1346 4867 1510 4923 Vers.
1547 4869 1632 4922 15.
1682 4870 1784 4924 Ille
1813 4886 1903 4924 me
1943 4871 2062 4925 cla-

395 4953 664 5021 riﬁeabit,
697 4954 794 5008 47
827 4956 959 5026 quia
988 4954 1051 5010 de
1077 4971 1198 5010 meo
1226 4958 1456 5028 accipiet
1502 4954 1585 5028 (ἐκ
1631 4960 1728 5010 τοῦ
1777 4956 1959 5031 ἐμοῦ),
2007 4963 2058 5016 et

393 5043 774 5097 annuntiabit
827 5043 999 5098 vobis.
1036 5043 1234 5100 Omnia
1278 5060 1617 5118 quaecunque
1667 5046 1828 5102 habet
1875 5049 2062 5118 Pater,

387 5147 517 5185 rm
544 5135 677 5185 sunt
707 5149 726 5186 :
758 5134 1042 5202 prapterea
1093 5132 1219 5188 dixi
1263 5136 1442 5203 vobis,
1494 5137 1628 5207 quia
1656 5135 1720 5191 de
1772 5152 1888 5191 meo
1919 5139 2062 5191 acci-

381 5223 531 5294 piet.
573 5221 648 5275 Et
694 5219 883 5292 capite
931 5237 1075 5288 xvu,
1121 5238 1268 5278 vers.
1304 5224 1414 5278 1οε
1468 5226 1533 5279 Et
1562 5241 1685 5279 mea
1733 5227 1924 5280 omnia
1967 5231 2062 5282 tua

385 5315 538 5379 sunt,
575 5313 630 5364 et
661 5317 759 5364 tua
794 5325 915 5364 mea
965 5315 1114 5365 sunt.
1149 5311 1429 5367 Veterum
1480 5313 1716 5368 Patrum
1767 5314 1838 5368 ab
1872 5312 2058 5369 Eccle-

383 5399 488 5453 siae
521 5399 695 5454 initio
726 5397 1041 5454 traditione
1092 5399 1385 5467 discussa,
1421 5417 1661 5456 sensum
1712 5417 2058 5473 germanum

380 5489 638 5544 eliciunt
680 5488 938 5560 theologi
995 5506 1009 5544 :
1063 5489 1350 5560 quidquid
1421 5493 1593 5545 Pater
1643 5490 1838 5558 habet,
1894 5508 2057 5562 expo-

379 5584 612 5645 nentes,
649 5577 871 5633 habere
920 5578 1098 5633 etiam
1134 5579 1366 5648 Filium,
1401 5579 1526 5635 sola
1583 5587 1822 5652 excepta
1871 5585 2058 5652 pater-

379 5668 584 5725 nitatis
642 5666 950 5736 relatione,
996 5684 1115 5739 qua
1161 5671 1335 5723 Pater
1385 5669 1703 5740 opponitur
1757 5668 1924 5740 Filio,
1983 5671 2055 5726 ab

375 5775 557 5832 eoque
609 5755 1028 5832 distinguitur,
1082 5773 1148 5813 ac
1198 5756 1327 5814 ideo
1375 5758 1528 5814 inter
1574 5764 1782 5815 caetera
1833 5759 2053 5826 omnia,

2165 3447 2456 3518 procedere
2482 3464 2516 3500 (ι
2563 3452 2750 3502 Patre.
2782 3448 2878 3502 Ait
2925 3462 3059 3501 vero
3107 3445 3294 3518 capite
3340 3463 3454 3512 xv1,
3503 3463 3653 3502 vers.
3698 3447 3808 3502 14ε

2168 3537 2270 3591 Ille
2318 3535 2590 3608 (Spiritus
2637 3535 2920 3607 veritatis)
2950 3535 3016 3590 de
3041 3551 3158 3592 meo
3208 3537 3454 3606 accipiet.
3489 3536 3617 3590 Haec
3663 3535 3815 3591 inter

2168 3625 2283 3680 duo
2315 3623 2468 3680 dicta
2507 3625 2955 3696 repugnantiam
3007 3625 3211 3680 adesse
3242 3623 3490 3690 nullam,
3522 3624 3690 3680 docet
3718 3623 3815 3680 ille

2169 3714 2436 3785 sequenti
2477 3730 2628 3768 vers.
2665 3715 2730 3768 15
2763 3731 2774 3768 :
2812 3713 3009 3768 Omnia
3056 3729 3396 3785 quaecunque
3443 3714 3599 3768 habet
3627 3715 3812 3780 Pater,

2168 3800 2463 3872 inquiens,
2512 3817 2636 3856 mea
2681 3805 3173 3872 sunt;propterea
3218 3801 3363 3867 dixi,
3409 3803 3541 3873 quia
3591 3801 3654 3856 de
3697 3817 3814 3857 meo

2169 3892 2420 3960 accipiet.
2471 3889 2619 3944 Hinc
2669 3890 2796 3944 sine
2843 3891 3025 3945 dubio
3074 3889 3344 3956 efﬁcitur,
3393 3890 3634 3961 perinde
3663 3906 3812 3960 esse,

2167 3978 2448 4049 Spiritum
2504 3982 2775 4033 sanctum
2826 3979 3135 4050 procedere
3165 3996 3198 4034 a
3242 3979 3430 4046 Patre,
3462 3984 3518 4034 et
3557 3978 3818 4050 accipere

2170 4067 2241 4122 de
2271 4066 2344 4122 iis
2367 4084 2495 4138 quae
2537 4073 2679 4122 sunt
2723 4067 2874 4134 Filii,
2897 4083 2962 4122 ac
2992 4067 3189 4139 ipsum
3221 4070 3528 4140 procedere
3554 4069 3624 4123 ab
3656 4072 3817 4123 utro-

2171 4171 2303 4226 que,
2338 4157 2449 4210 sibi
2478 4157 2550 4211 ab
2599 4163 2849 4228 utroque
2879 4159 3089 4211 natura
3137 4156 3333 4211 divina
3362 4155 3814 4223 communicata,

2170 4248 2228 4298 et
2274 4243 2349 4299 iis
2396 4245 2846 4299 communicatis
2899 4244 3194 4314 omnibus,
3246 4261 3374 4315 quas
3421 4243 3656 4300 relative
3701 4261 3816 4299 non

2171 4338 2570 4405 opponuntur.
2604 4332 2862 4388 Tametsi
2892 4350 3027 4388 vero
3072 4333 3191 4388 hac
3222 4333 3475 4404 Spiritus
3505 4332 3692 4388 sancti
3723 4348 3816 4387 ac-

2171 4421 2358 4492 ceptio
2407 4421 2484 4477 sit
2532 4425 2763 4487 aaterna,
2821 4426 2877 4476 et
2919 4422 2991 4477 ab
3039 4425 3250 4477 aeterno
3284 4439 3297 4477 :
3329 4421 3556 4492 accipiet
3600 4425 3820 4489 tamen,

2172 4512 2242 4567 de
2271 4510 2372 4566 illo
2423 4511 2656 4579 dicitur,
2691 4516 2996 4584 prepterea
3024 4511 3178 4584 quod
3229 4526 3432 4566 omnes
3461 4509 3818 4565 differentias

2168 4603 2498 4672 temporum
2547 4600 3010 4656 eminentissime
3064 4599 3318 4654 includit
3346 4599 3447 4654 48
3479 4598 3767 4654 mternitas
3799 4618 3815 4652 :

2170 4706 2235 4744 ac
2281 4689 2438 4744 varia
2493 4693 2755 4760 tempora
2811 4688 3084 4760 exprimit
3139 4693 3292 4743 Deus
3361 4689 3418 4742 in
3478 4686 3815 4760 Scripturis,

2171 4783 2341 4848 prout
2370 4795 2462 4834 res
2495 4778 2772 4851 postulat.
2803 4779 3008 4851 Agitur
3036 4778 3146 4833 hoc
3177 4777 3302 4833 loco
3331 4777 3401 4832 de
3431 4776 3650 4848 Spiritu
3683 4794 3818 4832 san-

2176 4872 2286 4934 cto,
2320 4872 2598 4938 tanquam
2629 4867 2837 4940 legato,
2873 4869 2944 4922 ad
2991 4867 3312 4939 discipulos
3342 4867 3626 4922 mittendo
3656 4883 3689 4921 a
3719 4866 3821 4920 Pa-

2173 4961 2258 5010 tre
2293 4963 2348 5012 et
2384 4956 2520 5012 Filio
2556 4974 2567 5010 :
2603 4958 2758 5012 unde
2807 4957 2857 5012 si
2906 4957 3194 5012 donorum
3226 4955 3458 5028 largitio
3507 4959 3819 5027 spectetur,

2172 5061 2298 5116 quae
2343 5051 2545 5117 postea
2590 5045 2896 5117 discipulis
2947 5045 3166 5100 eﬂ‘undi
3221 5045 3557 5115 debueram,
3591 5045 3822 5114 accipiet

2174 5134 2376 5205 utique
2405 5133 2658 5206 Spiritus
2708 5138 2972 5201 sanctus,
3004 5150 3132 5205 quae
3187 5131 3657 5189 substantialiter
3683 5148 3820 5203 pro-

2170 5223 2424 5278 cedendo
2455 5223 2526 5277 ab
2573 5227 2821 5293 utroque
2868 5227 3168 5294 acceperat
3198 5223 3255 5278 in
3311 5227 3526 5278 aeterna
3555 5237 3662 5276 sua
3694 5237 3822 5292 pro-

2169 5311 2447 5367 cessione.
2485 5311 2601 5366 Hoc
2633 5327 2808 5367 sensu
2843 5311 3207 5384 frequentius
3236 5312 3294 5366 in
3317 5309 3638 5382 Scripturis
3669 5308 3813 5365 dici:

2169 5400 2438 5472 Spiritum
2484 5403 2730 5455 sanctum
2781 5401 2928 5466 dari,
2958 5410 3008 5457 et
3052 5403 3206 5457 mitti
3253 5419 3292 5456 a
3339 5400 3524 5461 Filio;
3573 5399 3821 5470 ejusque

2167 5494 2604 5560 temporaneam
2664 5489 3004 5546 missionem
3057 5495 3272 5545 aeterna
3300 5488 3471 5544 inniti
3519 5489 3646 5560 ejus
3687 5503 3816 5559 pro-

2166 5579 2429 5634 cessione
2459 5595 2492 5632 a
2523 5578 2688 5634 Patre
2719 5579 2977 5651 Filioque
3017 5581 3142 5650 jam
3192 5583 3440 5646 constat,
3475 5594 3540 5633 ac
3571 5577 3814 5632 uberius

2165 5668 2320 5723 infra
2360 5668 2604 5724 dicetur.
2631 5671 2702 5724 Ac
2724 5670 2901 5724 etiam
2943 5669 3596 5740 innotescit:Spiritum
3629 5681 3817 5739 proce-

2163 5757 2288 5814 dere
2311 5773 2348 5814 a
2373 5757 2537 5829 Filio,
2569 5759 2698 5814 dari
2725 5759 2918 5828 etiam,
2947 5767 2997 5816 et
3026 5759 3177 5813 mitti
3203 5759 3270 5813 ab
3300 5773 3359 5814 eo
3388 5756 3627 5831 perinde
3657 5771 3808 5826 esse,
