4094 6450
342 441 421 504 B3
1361 445 1676 509 GEORGII
1722 444 1983 508 CYPRII
2027 441 2146 505 ΟΡ.
2192 445 2720 508 PATRIARCILE
3657 444 3738 505 64

342 592 410 632 ac
440 575 636 649 ipsum
668 593 769 649 per
805 577 1016 634 Filium
1063 580 1393 651 procedere,
1427 596 1491 635 ac
1523 581 1668 650 dari,
1701 587 1758 636 et
1803 580 1976 646 mitti,
2011 578 2064 644 Α
2093 579 2162 634 de
2191 578 2500 634 locutionis
2550 579 2721 635 modo
2768 577 2998 650 litigare
3046 575 3209 633 nolit.
3240 575 3489 634 Consule
3536 575 3738 650 ipsum

345 665 463 721 Cur
514 683 650 739 ergo
705 683 819 722 non
869 667 1135 723 dicamus
1193 668 1384 738 (obvia
1438 674 1501 724 ut
1549 675 1981 742 praeoccupetur

347 754 685 827 difficultas)
714 755 925 812 Filium
969 757 1262 828 producere
1291 758 1564 829 Spiritum
1609 769 1857 815 sanctum
1885 777 1982 832 per

348 849 600 912 Patrem,
629 846 1123 916 quemadmodum
1166 847 1224 902 in
1257 848 1467 904 creatis
1514 848 1626 904 dici
1656 850 1823 914 solet,
1855 855 1980 905 tum

347 949 529 1003 regem
575 951 736 1005 agere
777 950 876 1006 per
920 938 1259 1006 ministrum,
1293 945 1410 992 tum
1459 939 1779 994 ministrum
1825 955 1983 1010 agere

341 1039 446 1093 per
473 1040 647 1094 regem
669 1028 694 1077 .9
719 1024 1030 1097 Utrobique
1061 1042 1314 1098 namque
1361 1028 1661 1098 particula,
1707 1044 1826 1099 per,
1858 1045 1984 1083 sen-

348 1129 416 1167 su
448 1112 627 1168 activo
655 1113 954 1185 accipitur.
990 1115 1297 1170 Latissimo
1330 1121 1538 1183 praesto
1568 1121 1658 1172 est
1687 1117 1983 1172 discrimi-

347 1202 441 1256 nis
472 1201 616 1256 ratio
664 1203 817 1274 apud
867 1208 1133 1258 sanctum
1167 1204 1469 1274 Thomam,
1502 1223 1520 1260 1
1551 1223 1606 1276 p.
1654 1212 1858 1276 quaest.
1891 1207 1979 1272 36,

349 1293 456 1344 art.
489 1291 540 1355 3,
575 1291 646 1344 ad
679 1293 730 1361 4,
763 1294 889 1345 tum
922 1309 992 1346 e1:
1016 1294 1237 1348 unitate
1269 1295 1483 1348 virtutis
1514 1294 1982 1365 desumpta,quas

347 1378 500 1433 inest
530 1378 783 1450 utrique,
818 1380 996 1444 Patri,
1019 1385 1075 1435 et
1105 1381 1248 1436 Filio
1273 1387 1432 1437 :tum
1463 1382 1637 1437 etiam
1668 1399 1736 1438 ex
1764 1385 1980 1449 ordine,

345 1470 442 1539 qui
468 1471 775 1524 attenditur
801 1469 950 1524 inter
976 1471 1216 1536 Patrem,
1251 1475 1300 1526 et
1328 1471 1559 1538 Filium,
1580 1489 1690 1527 non
1720 1481 1986 1543 quantum

346 1556 418 1612 ad
444 1559 705 1613 virtutem
734 1560 884 1629 (qua
915 1575 1033 1614 una
1063 1563 1152 1614 est
1183 1559 1242 1614 in
1293 1560 1459 1615 Patre
1489 1579 1522 1616 a
1552 1578 1632 1627 se,
1668 1562 1724 1616 in
1778 1561 1920 1617 Filio
1951 1579 1985 1616 a

2090 667 2238 724 libro
2271 686 2334 733 ιι,
2367 685 2530 723 num.
2563 670 2618 736 4,
2648 669 2747 723 ubi
2790 669 2995 723 Filium
3038 667 3291 740 appellat
3337 667 3578 739 Spiritus
3605 683 3738 722 san-

2088 761 2166 814 cti
2194 759 2517 828 largitorem
2545 761 2594 814 et
2625 763 2921 814 auctorem.

2162 848 2346 903 Litem
2405 848 2598 904 acrius
2656 848 2972 903 intentasse
3022 846 3251 902 videtur
3308 847 3733 912 Theodoretus,

2091 936 2220 1008 Cyri
2251 935 2308 990 in
2344 935 2730 1006 Euphratesia
2759 937 3088 1008 episcopus.
3123 937 3240 992 Suo
3285 952 3538 1007 namque
3573 941 3734 991 Ana-

2091 1025 2443 1081 thematismo
2459 1027 2540 1092 IX,
2560 1041 2734 1096 quem
2764 1041 2898 1080 cum
2916 1024 3045 1080 aliis
3075 1041 3229 1080 anno
3255 1025 3358 1079 430
3387 1041 3456 1079 ex
3483 1024 3732 1080 Alexan-

2092 1115 2260 1170 drino
2291 1114 2532 1170 concilio
2565 1115 2635 1169 ad
2669 1114 3000 1169 Nestorium
3049 1113 3459 1168 transmiserat
3486 1113 3734 1186 Cyrillus

2093 1204 2533 1269 Alexandrinus,
2584 1203 2886 1274 inquiebat
2941 1221 2952 1258 :
3006 1203 3274 1273 Spiritum
3319 1208 3592 1271 sanctum,
3637 1219 3739 1274 per

2092 1311 2249 1366 quem
2278 1295 2468 1348 divina
2488 1295 2648 1361 signa
2675 1292 2844 1346 edidit
2857 1295 3009 1348 Iesus
3027 1292 3292 1359 Christus,
3314 1292 3552 1363 ejusdem
3573 1292 3736 1360 (Jesu

2093 1382 2328 1453 Christi)
2355 1383 2643 1454 proprium
2683 1397 2814 1436 esse.
2849 1381 2979 1435 Haec
3025 1382 3201 1436 verba
3230 1381 3630 1436 Theodoretus
3675 1381 3735 1434 in

2092 1471 2240 1526 libro
2270 1472 2340 1525 de
2370 1469 2568 1542 Cyrilli
2616 1469 3137 1526 Anathematismis
3183 1470 3253 1524 ad
3301 1470 3588 1524 Joannem
3621 1471 3734 1524 An-

2093 1559 2451 1624 tiochenum,
2499 1559 2682 1613 nimia
2727 1557 3019 1630 excipiens
3068 1557 3403 1614 morositate
3456 1574 3468 1611 :
3521 1581 3548 1607 «
3601 1560 3736 1613 Pro-

347 1646 556 1716 Patre),
587 1648 685 1702 sed
719 1647 899 1701 solum
947 1657 1210 1718 quantum
1239 1650 1318 1703 ad
1365 1651 1642 1720 supposita
1671 1650 1819 1721 (quas
1868 1652 1984 1705 duo
2087 1651 2278 1721 prium
2338 1652 2531 1703 autem
2579 1646 2846 1718 Spiritum
2893 1647 3045 1711 Filii,
3099 1647 3311 1718 inquit,
3371 1647 3419 1702 si
3471 1647 3736 1718 ejusdem

348 1738 530 1802 sunt).
559 1735 888 1806 Superiora,
917 1753 1042 1808 qua:
1071 1753 1246 1792 sacras
1269 1737 1576 1808 Scriptum
1596 1739 1983 1794 indicavimus

348 1823 496 1890 loca,
528 1823 755 1897 egregie
786 1824 1042 1880 illustrat
1064 1842 1130 1880 ac
1157 1825 1517 1883 validissime
1546 1828 1801 1884 vindicat
1825 1829 1983 1883 Peta-

348 1913 498 1983 vius,
529 1913 676 1968 libro
705 1931 767 1969 ιιι
801 1918 881 1969 De
911 1915 1255 1970 sanctissima
1289 1917 1573 1984 Trinitate,
1598 1915 1785 1989 capite
1812 1917 1984 1984 8,ad-
2015 1943 2065 2008 Β
2095 1917 2323 1987 piemus
2373 1915 2524 1969 hanc
2570 1930 2769 1969 vocem
2822 1930 2834 1966 :

347 2017 578 2058 versum
606 2002 963 2059 Socinianos.

421 2091 588 2146 Paria
635 2091 894 2162 omnino,
944 2109 1072 2164 qua
1121 2093 1190 2148 de
1238 2093 1456 2164 Spiritu
1507 2097 1729 2163 sancto,
1789 2094 1986 2151 habito

347 2184 616 2252 respectu
646 2181 717 2235 ad
749 2180 976 2236 Patrem
1007 2185 1066 2236 et
1095 2182 1166 2236 ad
1218 2182 1500 2253 seipsum,
1533 2184 1837 2240 docentem
1890 2201 1988 2240 au-

350 2269 603 2324 divimus
627 2269 828 2325 Jesum
881 2269 1201 2338 Christum,
1237 2271 1307 2325 de
1352 2272 1542 2344 seipso
1572 2288 1804 2344 quoque
1834 2273 1987 2328 affir-

351 2362 473 2413 mat
501 2355 618 2424 ille,
651 2361 924 2414 aeternam
957 2359 1216 2429 suipsius
1245 2360 1674 2432 generationem
1722 2378 1790 2417 ex
1819 2365 1986 2416 Patre

351 2446 710 2518 signiﬁcans,
771 2464 836 2502 ac
912 2447 1249 2503 missionem
1309 2465 1378 2503 ex
1433 2451 1831 2521 consequenti.
1892 2450 1986 2504 Ait

351 2551 559 2607 nempe
587 2536 739 2606 apud
772 2537 1080 2602 Joannem,
1112 2537 1300 2608 capite
1323 2554 1448 2602 vm,
1495 2555 1643 2593 vers.
1692 2541 1763 2593 26
1815 2557 1826 2594 :
1882 2541 1988 2608 Qui

350 2641 438 2682 me
464 2627 636 2695 misit,
669 2643 842 2681 veras:
885 2629 962 2681 est
981 2644 999 2686 .·
1029 2634 1080 2682 et
1107 2642 1202 2697 ego
1245 2643 1364 2698 quae
1391 2627 1578 2682 audivi
1630 2630 1698 2683 ab
1739 2644 1819 2695 eo,
1870 2628 1988 2685 haec

350 2714 539 2785 loquor
565 2713 626 2768 in
654 2714 880 2770 mundo.
914 2714 980 2769 Et
1024 2730 1174 2769 vers.
1205 2717 1275 2769 28
1307 2731 1320 2770 :
1356 2719 1394 2769 Α
1450 2732 1536 2770 me
1565 2717 1680 2787 ipso
1725 2719 1868 2786 facio
1895 2720 1985 2772 ni-

351 2802 472 2864 hil;
501 2801 593 2857 sed
619 2803 760 2857 sicut
807 2802 988 2858 docuit
1013 2817 1102 2858 me
1151 2804 1329 2865 Pater,
1363 2803 1475 2858 haec
1521 2804 1725 2876 loquor.
1761 2810 1828 2860 Et
1857 2822 1982 2877 cap.

348 2906 451 2956 xu,
480 2907 629 2946 vers.
661 2892 731 2945 49
763 2907 775 2944 :
808 2891 915 2962 Ego
954 2907 1025 2946 ea:
1053 2893 1256 2963 meipso
1301 2908 1413 2949 non
1439 2909 1563 2948 sum
1610 2895 1819 2950 locutus
1848 2912 1866 2948 :
1895 2895 1987 2951 sed

348 2996 441 3052 qui
469 2981 624 3035 misit
648 2995 734 3036 me
760 2986 945 3051 Pater,
975 2982 1095 3049 ipse
1121 2980 1445 3037 mandatum
1484 2983 1626 3037 mihi
1654 2982 1824 3050 dedit,
1855 2984 1988 3054 quid

341 3069 543 3139 dicam,
603 3072 652 3124 et
699 3069 835 3140 quid
881 3071 1097 3140 loquar.
1149 3074 1216 3124 Et
1271 3070 1461 3141 capite
1507 3088 1599 3138 xv,
1649 3088 1798 3128 vers.
1852 3074 1919 3128 15
1969 3091 1982 3129 :

344 3159 547 3214 Omnia
576 3173 914 3230 quaecunque
939 3159 1135 3213 audivi
1164 3175 1205 3214 a
1236 3159 1400 3214 Patre
1439 3175 1577 3225 meo,
1604 3169 1732 3216 nota
1758 3164 1865 3233 feci
1894 3179 1984 3218 vo-

343 3247 445 3303 bis.
506 3251 634 3302 Haac
683 3247 886 3319 utique
930 3247 1128 3303 omnia
1171 3249 1310 3304 Jeeu
1362 3249 1574 3304 Christi
1632 3251 1983 3308 documenta

341 3335 631 3404 evincunt,
664 3337 860 3409 ipsum
887 3353 1015 3392 esse
1047 3341 1227 3392 Deum
1262 3337 1332 3392 de
1361 3338 1496 3406 Deo,
1530 3339 1602 3394 ab
1644 3344 1856 3396 aeterno
1886 3357 1980 3410 ge-

341 3423 530 3478 nitum
579 3441 612 3480 a
659 3428 843 3492 Patre,
889 3426 1320 3482 communicata
1366 3426 1552 3482 eidem
1598 3444 1700 3499 per
1744 3445 1982 3500 genera-

339 3513 556 3569 tionem
587 3517 817 3581 natura,
850 3517 908 3569 et
953 3514 1257 3585 sapientia,
1292 3531 1357 3570 ac
1409 3516 1633 3571 caeteris
1693 3517 1990 3574 attributis

341 3602 614 3658 omnibus
640 3621 653 3669 ;
686 3618 752 3658 ac
781 3602 1018 3658 demum
1050 3604 1123 3658 ab
1161 3607 1372 3660 esterno
1400 3606 1684 3676 genitum,
1719 3622 1988 3679 assump-

348 3695 546 3746 turum
599 3691 894 3746 hominem
947 3692 1008 3747 in
1055 3696 1334 3764 tempore,
1369 3710 1435 3748 ac
1482 3693 1748 3751 homines
1786 3696 1987 3752 doctu-

346 3795 477 3834 rum
508 3779 718 3835 divina:
747 3779 1041 3851 sapientiae
1093 3782 1386 3853 mysteria.
1421 3783 1564 3838 Cum
1596 3783 1759 3855 paria
1804 3785 1989 3840 omni-

342 3885 417 3924 no
447 3869 566 3924 sint
591 3869 661 3924 de
710 3869 930 3940 Spiritu
958 3874 1157 3925 sancto
1202 3870 1376 3937 dicta,
1410 3871 1755 3943 procedente
1803 3889 1837 3928 a
1887 3875 1985 3929 Pa-

344 3962 454 4029 tre,
489 3975 604 4013 non
636 3957 908 4030 loquente
937 3975 972 4013 a
1000 3959 1213 4030 seipso,
1239 3959 1558 4032 accipiente
1587 3978 1621 4016 a
1651 3961 1815 4029 Filio,
1849 3963 1988 4034 quia

344 4047 542 4102 omnia
570 4062 697 4118 quae
725 4050 864 4102 sunt
893 4047 1101 4113 Patris,
1131 4047 1260 4102 Filii
1289 4046 1467 4103 etiam
1501 4050 1600 4104 49
1633 4055 1796 4116 sunt,
1826 4066 1987 4106 exce-

344 4140 444 4207 pta
497 4135 861 4207 paternitatis
913 4135 1193 4192 relatione
1234 4154 1248 4204 ;
1305 4139 1636 4193 necessaria
1681 4138 1988 4196 ratiocina-

347 4224 505 4280 tione
554 4223 945 4297 colligendum
977 4228 1086 4290 est,
1120 4241 1153 4280 a
1200 4225 1366 4280 Patre
1399 4226 1658 4298 Filioque
1703 4228 1982 4298 Spiritum

346 4316 616 4369 sanctum
665 4313 975 4385 procedere
1020 4330 1220 4369 verum
1270 4314 1474 4380 Deum,
1527 4316 1878 4388 largiturum
1925 4318 1984 4374 in

346 4406 606 4472 tempore
633 4401 974 4458 hominibus
1001 4402 1152 4458 dona
1180 4402 1402 4474 gratias.
1437 4403 1553 4458 Hoc
1585 4404 1708 4461 loco
1740 4404 1862 4462 haec
1890 4423 1983 4463 sa-

345 4489 442 4545 tis.

419 4577 510 4633 IV.
545 4578 673 4634 Haec
703 4595 844 4634 sane
890 4595 1170 4651 germana
1199 4578 1344 4634 ratio
1391 4580 1683 4652 dogmatis
1717 4599 1730 4638 ε
1765 4584 1836 4638 de
1867 4600 1982 4655 quo

2093 1738 2329 1809 quidem
2360 1753 2493 1791 cum
2524 1751 2590 1791 eo
2635 1741 2876 1805 naturae,
2908 1740 2964 1791 ct
3011 1752 3078 1791 ex
3111 1739 3277 1791 Patre
3327 1737 3736 1808 procedentem

2093 1827 2256 1895 dixit,
2289 1825 2465 1882 simul
2515 1825 2947 1890 conﬁtebimur,
2978 1829 3036 1880 et
3081 1829 3364 1896 tanquam
3394 1825 3551 1896 piam
3583 1825 3737 1880 exci-

2887 1914 2935 1970 si
2984 1930 3139 1980 vero,
3172 1913 3246 1974 ὡς
3279 1912 3330 1983 ἐξ
3369 1914 3518 1981 Υἱοῦ,
3549 1913 3638 1967 καὶ
3669 1909 3737 1966 δι’

2095 2004 2222 2059 Υἱοῦ
2269 2003 2367 2070 τὴν
2427 2001 2646 2077 ὕπαρξιν
2693 2000 2842 2076 ἔχον,
2891 2011 3152 2074 tanquam
3197 2018 3266 2059 ex
3310 2005 3471 2073 Filio,
3512 2007 3605 2058 aut
3639 2019 3739 2075 per

2096 2095 2302 2150 Filium
2329 2095 2701 2148 exsisteutiam
2740 2091 3042 2162 habentem,
3077 2091 3183 2147 hoc
3231 2098 3297 2148 ut
3325 2091 3737 2164 blasphemum

2097 2188 2153 2238 et
2181 2183 2430 2254 impium
2461 2181 2780 2251 rejicimus.
2816 2203 2844 2230 »
2891 2181 3256 2249 Durioribus,
3289 2198 3416 2253 quae
3445 2181 3737 2248 videntur,

2095 2269 2437 2328 Theodoreti
2465 2270 2658 2325 verbis
2688 2286 2759 2325 ne
2809 2274 3008 2325 tamen
3062 2270 3302 2326 haereas.
3335 2271 3627 2326 Adnotare
3675 2270 3738 2326 in

2097 2366 2463 2418 antecessum
2508 2358 2696 2426 liceat,
2729 2375 2798 2414 ea
2823 2358 3250 2414 Theodoretum
3301 2359 3525 2414 ratione
3565 2359 3736 2413 dene-

2096 2465 2286 2522 gasse,
2318 2447 2597 2520 Spiritum
2646 2451 2916 2503 sanctum
2963 2447 3199 2513 habere,
3231 2464 3265 2502 a
3294 2447 3458 2513 Filio,
3490 2453 3593 2503 aut
3642 2463 3743 2519 per

2096 2539 2306 2595 Filium
2337 2536 2733 2593 exsistentiam
2759 2554 2772 2602 ;
2806 2537 2945 2607 quia
2975 2537 3296 2592 Macedonii
3319 2541 3377 2592 et
3406 2523 3743 2609 Apollinarii

2095 2628 2278 2699 impia
2305 2630 2636 2682 commenta
2679 2625 2752 2680 iis
2803 2625 3048 2696 exprimi
3078 2626 3269 2681 verbis
3322 2626 3737 2680 arbitrabatur.

2095 2717 2344 2772 Mentem
2378 2715 2527 2770 hanc
2559 2730 2728 2770 suam
2760 2714 2946 2786 aperit
2975 2715 3034 2770 in
3069 2714 3329 2786 Epistola
3359 2715 3430 2770 ad
3454 2719 3743 2770 monaste-

2096 2806 2204 2871 ria,
2259 2822 2384 2877 quae
2431 2802 2647 2876 legitur
2693 2802 2996 2858 collatione
3045 2821 3099 2873 ν,
3132 2805 3191 2858 in
3241 2804 3460 2876 synodo
3503 2821 3538 2861 v
3585 2820 3739 2858 (ecu-

2095 2893 2343 2950 menica.
2358 2892 2452 2948 Ait
2479 2892 2634 2948 enim
2664 2891 2992 2962 Ayrillianaa
3015 2893 3314 2949 sententia».
3343 2893 3538 2948 inesse
3571 2891 3742 2965 Apol-

2093 2983 2289 3039 linarii
2333 2984 2608 3038 seminum
2649 2984 2895 3052 fructum
2940 2999 2958 3036 :
3010 2982 3111 3052 qui
3163 2983 3415 3038 adducto
3474 2981 3740 3053 exemplo

2095 3073 2256 3143 solis,
2307 3073 2476 3142 radii,
2509 3076 2566 3127 et
2618 3070 2970 3143 splendoris,
3001 3071 3167 3142 quia
3217 3073 3327 3127 sole
3375 3087 3475 3144 per
3519 3070 3743 3126 radium

2093 3162 2384 3224 emittitur,
2438 3159 2719 3230 Spiritum
2779 3162 3049 3214 sanctum
3101 3175 3363 3230 magnum
3419 3158 3738 3224 asserebat,

2096 3249 2305 3306 Filium
2335 3250 2624 3319 majorem,
2650 3251 2708 3302 et
2736 3251 2966 3302 Patrem
2995 3249 3356 3313 maximum;
3385 3251 3444 3302 et
3463 3246 3742 3320 quemad-

2099 3337 2339 3393 modum
2372 3335 2552 3392 Filius
2575 3335 2766 3390 minor
2794 3340 2950 3391 esset
2977 3339 3168 3402 Patre,
3201 3335 3340 3407 quia
3367 3339 3541 3391 natus
3570 3352 3605 3390 a
3634 3335 3737 3390 Pa-

2095 3430 2202 3493 tre,
2229 3426 2310 3480 ita
2338 3440 2569 3496 quoque
2601 3423 2852 3496 Spiritus
2883 3428 3120 3480 sanctus
3172 3424 3363 3480 minor
3392 3425 3541 3480 foret
3573 3423 3738 3488 Filio,

2097 3515 2235 3588 quia
2265 3514 2580 3586 procedens
2609 3529 2678 3569 ex
2702 3512 2866 3568 Filio.
2888 3513 3005 3570 Hac
3021 3514 3092 3569 de
3113 3531 3172 3569 re
3203 3512 3540 3586 diligentius
3565 3528 3740 3584 agen-

2096 3606 2239 3661 dum
2270 3620 2398 3676 cap.
2432 3604 2486 3671 8,
2519 3619 2661 3657 num
2691 3604 2746 3657 5.

2169 3694 2268 3750 ιο
2301 3693 2480 3748 Fuere
2529 3690 2938 3760 Monothelitss,
2987 3691 3088 3763 qui
3135 3707 3376 3746 sensum
3425 3691 3739 3764 dogmatis,

2097 3799 2212 3855 quo
2243 3782 2313 3837 de
2358 3780 2610 3854 agimus,
2645 3780 2819 3852 primi
2867 3785 3300 3852 oppugnarunt.
3332 3781 3626 3836 IEternam
3675 3797 3740 3835 ac

2099 3869 2549 3927 substantialem
2579 3869 2829 3941 Spiritus
2859 3871 3045 3924 sancti
3074 3868 3504 3942 processionem
3523 3886 3557 3924 a
3578 3868 3738 3934 Filio,

2099 3963 2202 4015 aut
2232 3975 2334 4031 per
2360 3957 2572 4013 Filium
2599 3957 2837 4012 inﬁciati
2871 3961 3031 4024 sunt,
3053 3959 3299 4029 ejusque
3325 3959 3738 4029 processionem,

2096 4065 2131 4104 a
2158 4047 2432 4102 Patribus
2461 4045 2653 4101 omnis
2683 4046 2785 4101 aevi
2818 4045 3040 4117 passim
3072 4051 3357 4102 assertum
3387 4063 3485 4119 per
3513 4048 3739 4116 Filium,

2095 4138 2426 4194 intellexere
2475 4137 2898 4209 temporalem;
2933 4136 3087 4208 quod
3137 4135 3264 4208 ipse
3312 4136 3592 4192 nimirum
3642 4153 3744 4208 per

2097 4227 2308 4284 Filium
2337 4227 2731 4282 innotesceret
2751 4225 3115 4295 hominibus,
3135 4242 3201 4281 ac
3232 4227 3385 4282 dona
3415 4224 3746 4298 spiritualia

2094 4317 2455 4373 concederet.
2515 4319 2657 4371 Rem
2733 4313 2947 4370 evincit
3002 4314 3246 4371 Michael
3297 4315 3627 4387 Lequienus
3682 4315 3744 4369 in

2098 4405 2516 4462 Dissertatione
2546 4403 2568 4459 Ι
2620 4402 3058 4474 Damascenica,
3091 4419 3255 4459 num.
3287 4405 3375 4474 48,
3409 4420 3474 4458 ex
3524 4403 3746 4460 confes-

2095 4495 2256 4550 sione
2319 4493 2557 4548 Macarii
2611 4491 2984 4560 Antiocheni,
3033 4491 3286 4547 heretici
3330 4490 3742 4548 Monothelite.

2094 4583 2320 4638 Prostat
2367 4598 2435 4636 ea
2483 4581 2541 4635 in
2573 4579 2729 4636 Actis
2779 4579 3009 4636 concilii
3061 4579 3210 4636 sexti
3259 4579 3601 4636 oecumenici
3648 4595 3748 4634 an-

350 4665 598 4721 nimium
626 4683 788 4723 acres
825 4671 996 4723 mota
1024 4671 1166 4723 sunt
1208 4668 1444 4723 Latinos
1472 4669 1623 4725 inter
1650 4673 1707 4726 et
1755 4673 1980 4729 Graecos
2010 4677 2058 4741 Β
2090 4689 2164 4728 ne
2191 4672 2292 4726 681
2350 4669 2645 4738 celebrati,
2680 4668 2904 4725 actione
2934 4672 2990 4737 8,
3023 4669 3126 4724 ubi
3175 4669 3247 4725 de
3273 4669 3494 4740 Spiritu
3543 4673 3746 4726 sancto

347 4755 793 4826 disputationes,
818 4757 974 4812 edita
994 4756 1357 4828 frequentius
1383 4774 1486 4828 pro
1509 4757 1729 4814 Latinis
1751 4759 1980 4817 decreta

348 4843 480 4898 ﬁdei
531 4843 588 4897 in
633 4844 891 4899 conciliis
939 4860 952 4898 :
1003 4845 1260 4915 unioque
1309 4849 1528 4901 statuta
1571 4863 1704 4902 cum
1755 4849 1986 4918 Graecis,

347 4932 448 4987 sed
480 4931 551 4987 ab
583 4931 676 4986 his
702 4932 878 4987 etiam
921 4932 1246 4989 instaurata
1275 4933 1539 4990 dissidia.
1567 4936 1662 4991 Lis
1699 4941 1830 4992 acta
1857 4953 1993 4994 vero

345 5021 520 5075 variis
563 5021 949 5092 temporibus.
981 5023 1178 5078 Prima
1225 5022 1471 5094 hujusce
1512 5023 1744 5080 videtur
1772 5031 1994 5083 contro-

346 5109 546 5164 versias
595 5110 810 5166 mentio
843 5112 997 5182 apud
1030 5111 1318 5167 Hilarium
1355 5128 1659 5168 occurrere
1707 5113 1855 5170 libro
1884 5133 1992 5172 vm

351 5203 428 5254 De
460 5201 743 5266 Trim'tate,
785 5215 956 5270 quem
992 5201 1050 5254 in
1095 5199 1296 5256 exsilio
1329 5205 1463 5256 ante
1493 5218 1714 5256 annum
1745 5204 1852 5257 360
1896 5203 1994 5258 ab-

346 5287 613 5343 solverat.
644 5289 736 5342 Sic
783 5289 939 5343 enim
971 5289 1051 5343 ait
1087 5305 1249 5343 num.
1290 5292 1360 5344 ‘20
1384 5306 1396 5343 :
1421 5292 1603 5361 Neque
1631 5292 1694 5345 in
1722 5291 1820 5348 hoc
1845 5309 1994 5347 nunc

344 5377 652 5434 ealumnior
709 5378 965 5432 libertati
1022 5377 1118 5449 (al.
1179 5377 1511 5450 libertatem)
1582 5380 1988 5450 intelligentiae,

343 5476 532 5522 utr-um
575 5484 646 5522 ea:
691 5471 877 5537 Patre,
912 5484 989 5522 an
1036 5484 1108 5522 ex
1137 5467 1295 5536 Filio,
1323 5467 1590 5538 Spiritum
1638 5469 1992 5526 Paracletum

344 5559 532 5627 putent
563 5572 675 5612 esse
704 5575 722 5610 :
752 5572 862 5610 non
893 5557 1044 5611 enim
1079 5557 1140 5610 in.
1192 5557 1398 5610 incerto
1429 5558 1698 5613 Dominus
1741 5561 1987 5631 reliquit.

346 5647 560 5717 Aperta
590 5646 908 5715 mensejus
931 5649 1018 5700 est
1052 5661 1064 5699 :
1099 5644 1388 5699 incertum
1415 5644 1525 5700 sibi
1547 5662 1661 5702 non
1684 5663 1832 5718 esse,
1847 5649 1989 5719 quin

343 5751 376 5790 a
423 5737 594 5792 Patre
652 5733 911 5806 Filioque
969 5733 1046 5789 sit
1101 5731 1358 5804 Spiritus
1415 5739 1674 5805 sanctus,
1721 5738 1989 5807 quamvis

2095 4759 2214 4815 hac
2244 4759 2538 4814 habentur
2584 4773 2598 4812 :
2653 4754 2751 4809 Καὶ
2781 4755 2860 4817 εἷς
2909 4755 2971 4810 τὸ
3022 4759 3240 4828 Πνεῦμα
3284 4755 3347 4810 τὸ
3378 4755 3528 4829 ἅγιον
3579 4756 3641 4810 τὸ
3689 4755 3750 4810 bi

2095 4850 2192 4901 τοῦ
2249 4845 2459 4920 Πατρὸς
2519 4843 2972 4920 ἐκπορευόμενον,
3029 4843 3117 4898 καὶ
3177 4841 3246 4898 δι’
3299 4843 3430 4897 Υἱοῦ
3485 4844 3744 4921 πεφηνὸς,

2103 4931 2316 5004 δηλαδὴ
2365 4939 2485 4996 τοῖς
2533 4932 2861 5010 ἀνθρώποις,
2893 4935 2957 4990 Et
2985 4935 3046 4989 in
3091 4934 3358 5007 Spiritum
3402 4937 3651 4990 sanctum
3679 4951 3750 4990 ea:

2101 5031 2268 5081 Patre
2289 5023 2686 5097 procedentem,
2708 5028 2762 5080 et
2788 5039 2888 5096 per
2916 5022 3125 5079 Filium
3154 5025 3473 5094 micantem,
3504 5039 3607 5079 seu
3628 5040 3748 5079 ma-

2101 5116 2446 5185 nifestatum,
2477 5112 2726 5170 videlicet
2755 5112 3088 5169 hominibus.

2177 5203 2388 5258 Metam
2419 5202 2597 5258 etiam
2628 5218 2662 5257 a
2708 5200 3103 5258 Monothelitis
3150 5199 3334 5268 litem,
3364 5200 3634 5256 novimus
3680 5217 3751 5258 ex

2100 5296 2300 5348 sancto
2347 5293 2618 5357 Maximo,
2651 5291 2752 5364 qui
2803 5291 2860 5345 in
2893 5289 3141 5362 epistola
3170 5291 3242 5344 ad
3295 5289 3585 5346 Marinum
3617 5307 3749 5362 pre-

2099 5382 2400 5454 sbyterum
2450 5381 2535 5437 sic
2587 5381 2669 5436 ait
2723 5397 2735 5434 :
2788 5380 3025 5435 Latinos
3073 5377 3577 5451 reprehendebant
3605 5380 3752 5436 Con-

2099 5469 2634 5542 stantinopolitani,
2687 5469 2906 5526 scilicet
2952 5467 3362 5535 Monothelitsa,
3414 5469 3552 5539 quia
3599 5468 3752 5526 dice-

2099 5563 2247 5628 rent,
2295 5559 2590 5631 procedere
2636 5561 2803 5616 etiam
2849 5573 2919 5613 ea:
2959 5559 3099 5612 Filio
3154 5558 3424 5628 Spiritum
3479 5567 3750 5614 sanctum.

2096 5648 2314 5704 Verum
2368 5649 2550 5704 Latini
2584 5671 2613 5699 «
2646 5646 3030 5704 consonantia
3079 5646 3452 5718 protulerunt
3493 5647 3756 5704 testimo-

2099 5737 2198 5795 nia
2227 5737 2564 5795 Latinorum
2612 5739 2874 5804 Patrum,
2910 5751 3135 5792 necnon
3185 5739 3243 5792 et
3269 5734 3468 5809 Cyrilli
3498 5736 3758 5795 Alexan-
