4094 6456
362 454 441 511 65
1603 449 1810 515 VITA.
1845 487 1921 498 --
1949 453 2028 512 D1

2148 451 2465 514 EBTATIO
2509 453 2558 512 Ι.
3695 451 3774 509 ϐο

368 582 522 638 drini
569 583 639 645 de
703 597 872 638 sacro
918 581 1108 653 ipsius
1170 598 1360 652 opere,
1413 584 1568 654 quod
1616 585 1676 640 in
1748 589 2017 640 sanctum
2046 587 2102 653 Α
2129 589 2179 641 et
2205 585 2500 642 secundum
2549 584 2808 656 quiddam
2860 599 2971 639 non
2999 584 3291 654 procedere
3346 584 3622 653 Spiritum
3649 600 3775 640 san-

371 670 789 742 evangelistam
822 669 960 725 fecit
988 670 1276 725 Joannem
1302 687 1314 725 :
1340 687 1409 726 ex
1430 672 1644 741 quibus
1677 690 1792 729 non
1824 672 2020 743 αἰτίαν,

370 776 596 816 causam
644 759 894 831 Spiritus
921 761 1100 814 sancti
1147 760 1354 814 Filium
1381 776 1437 815 se
1466 763 1646 832 facere
1682 771 2021 818 monstrave-

375 858 520 904 runt.
574 848 760 904 Unam
792 847 949 904 enim
998 852 1219 903 norunt
1247 865 1470 904 causam
1513 852 1663 919 Filii,
1695 862 1746 907 et
1789 850 2028 923 Spiritus

376 955 488 994 esse
535 938 757 992 Patrem
785 956 805 991 :
852 936 1094 992 alterius
1146 938 1467 994 secundum
1522 940 1955 1012 generationem

378 1032 436 1083 et
487 1026 734 1082 alterius
788 1026 1091 1082 secundum
1151 1023 1488 1100 ἐκπόρευσιν,
1549 1031 1958 1098 processionem
2009 1045 2028 1086 :

381 1112 650 1170 ’ΔλλἼνα
677 1113 743 1168 τὸ
784 1110 856 1167 δι’
882 1112 1049 1168 αὐτοῦ
1081 1112 1328 1188 προϊέναι
1381 1111 1696 1187 δηλώσωσι,
1727 1114 1816 1170 καὶ
1863 1115 2030 1189 ταύτῃ

379 1205 441 1258 τὸ
487 1203 715 1280 συναφὲς
762 1203 863 1270 τῆς
909 1200 1091 1263 οὐσίας
1138 1202 1230 1256 καὶ
1285 1203 1700 1276 ἀπαράλλακτον
1751 1206 2028 1280 παραστήσι

381 1313 513 1347 σωσι
538 1311 553 1360 ;
585 1293 681 1349 sed
728 1297 793 1348 ut
821 1291 968 1348 hunc
993 1308 1091 1364 per
1115 1308 1240 1348 eum
1284 1293 1511 1363 prodire
1545 1297 1897 1352 insinuarent
1926 1313 1945 1349 :
1975 1300 2031 1351 et

378 1383 490 1439 hac
519 1382 861 1453 (locutione)
912 1382 1244 1440 substantiae
1269 1385 1729 1453 communionem,
1763 1389 1816 1441 et
1854 1384 2029 1440 indis-

378 1473 823 1528 similitudinem
867 1471 1324 1528 demonstrarent.
1374 1494 1403 1523 »
1442 1473 1872 1544 Animadverte,
1923 1473 2030 1529 La-

377 1561 521 1617 tinis
565 1577 829 1617 consona
880 1561 1098 1616 sentire
1147 1560 1444 1633 Cyrillum,
1485 1561 1870 1634 inquientem,
1901 1563 2032 1634 Spi-

379 1653 562 1706 ritum
607 1659 865 1706 sanctitm
891 1667 930 1705 a
957 1650 1133 1706 Patre
1168 1666 1268 1721 per
1288 1651 1503 1707 Filium
1545 1650 1792 1724 prodire,
1829 1656 1896 1707 ut
1922 1652 2032 1708 hac

377 1739 678 1796 locutione
744 1739 1075 1796 substantiae
1128 1740 1437 1796 communio
1513 1740 2028 1798 demonstraretur.

382 1827 648 1900 Insignia
694 1827 970 1884 dabimus
1017 1826 1170 1883 infra
1208 1827 1394 1884 Patris
1447 1828 1817 1885 Alexandrini
1867 1829 2032 1885 testi-

384 1917 604 1973 monia.
635 1917 934 1988 Agebatur
970 1932 1106 1989 ergo
1138 1917 1210 1972 de
1239 1916 1493 1973 naturali
1540 1934 1606 1973 ac
1634 1922 1853 1974 aeterna
1897 1918 2032 1990 Spi-

382 2006 540 2062 ritus
580 2005 770 2062 sancti
803 2005 1194 2077 processione.
1225 2006 1480 2063 Rursum
1535 2007 1751 2063 adnota
1801 2008 2032 2063 Patrem

385 2095 502 2150 dici
530 2111 756 2150 causam
800 2093 951 2164 Filii,
982 2098 1039 2150 et
1066 2095 1319 2167 Spiritus
1366 2096 1573 2165 sancti,
1607 2095 1765 2152 illius
1807 2113 1908 2168 per
1943 2112 2033 2166 ge-

385 2187 758 2253 nerationem,
815 2187 873 2239 et
927 2183 1101 2239 istius
1159 2201 1257 2255 per
1303 2186 1751 2256 processionem:
1794 2202 2032 2242 causam

384 2273 633 2341 scilicet,
663 2272 844 2329 veluti
877 2273 1220 2344 primariam
1249 2278 1304 2328 et
1355 2274 1720 2346 originalem,
1754 2291 1880 2347 quae
1930 2275 2032 2330 ha-

383 2364 482 2418 bet
513 2380 548 2418 a
577 2379 641 2419 se
683 2361 800 2417 vim
829 2361 1145 2434 generandi
1191 2361 1425 2432 Filium,
1456 2366 1514 2419 et
1542 2362 1804 2435 spirandi
1853 2363 2033 2436 Spiri-

381 2458 514 2506 tum
564 2456 838 2507 sanctum
872 2467 887 2506 :
918 2467 1103 2522 eoque
1141 2466 1319 2507 sensu
1366 2452 1571 2508 Filium
1597 2469 1708 2508 non
1758 2469 1874 2509 esse
1900 2469 2032 2508 cau-

379 2557 502 2594 sam
574 2539 816 2611 Spiritus
889 2541 1081 2596 sancti.
1155 2540 1564 2597 Animadverte
1635 2542 1892 2613 tandem,
1951 2541 2036 2597 ita

382 2633 656 2685 sanctum
714 2627 1102 2684 nihilominus
1174 2630 1483 2700 procedere
1539 2647 1573 2686 a
1631 2630 1798 2686 Patre
1853 2630 2034 2703 Spiri-

380 2722 534 2788 tum,
593 2722 663 2772 ut
719 2717 897 2772 etiam
949 2733 1051 2788 per
1103 2718 1312 2772 Filium
1365 2718 1610 2790 prodeat,
1672 2719 1816 2774 Filio
1873 2718 2033 2775 scili-

379 2811 470 2862 cet
527 2807 741 2862 virtute
799 2806 1062 2878 spirandi
1108 2807 1545 2864 communicata
1593 2825 1626 2863 a
1681 2812 1872 2876 Patre,
1931 2823 2032 2863 eo-

381 2896 638 2966 demque
685 2895 745 2950 in
779 2911 962 2950 unum
1011 2911 1147 2951 cum
1199 2895 1366 2951 Patre
1412 2895 1770 2952 coalescente
1819 2895 2034 2968 princi-

380 2985 574 3056 pium.

455 3073 655 3128 Sancti
706 3071 943 3127 Maximi
992 3076 1248 3129 mentem
1297 3074 1500 3129 eodem
1547 3073 1815 3145 exposuit
1861 3074 2034 3130 modo

383 3160 737 3217 Anastasius
767 3160 1252 3216 Bibliothecarius
1282 3161 1344 3216 in
1374 3161 1620 3232 epistola
1648 3163 1720 3218 ad
1749 3163 2033 3218 Joannem

384 3252 723 3319 diaconum,
757 3254 914 3304 tomo
954 3249 1052 3305 XII
1086 3251 1339 3306 Biblioth.
1378 3251 1474 3307 51
1511 3256 1747 3306 Patrum
1771 3253 2030 3321 Lugdun.

2062 1960 2111 2025 B

2133 684 2298 729 ctum.
2336 697 2363 723 ››
2420 674 2545 729 Non
2604 674 2912 745 procedere
2967 691 3001 728 a
3057 673 3220 739 Filio,
3282 679 3344 728 ut
3402 691 3435 728 a
3491 673 3776 745 principio

2134 764 2259 819 sine
2347 763 2654 834 principio,
2723 780 2756 817 a
2820 779 2882 817 se
2945 761 3216 818 virtutem
3315 763 3576 833 spirandi
3669 763 3775 818 ha-

2133 851 2342 918 bente;
2377 852 2687 922 procedere
2739 851 2810 906 ab
2844 851 2990 922 ipso,
3026 855 3089 904 ut
3117 867 3150 905 a
3181 851 3463 922 principio
3497 852 3566 907 de
3615 852 3775 924 prin-

2009 958 2023 996 :
2069 942 2076 945 ’
2135 941 2307 1012 cipio,
2362 957 2396 995 a
2441 940 2608 994 Patre
2657 957 2758 1010 per
2813 939 3244 1012 generationem
3299 940 3616 1011 accipiente
3663 940 3772 995 vir-

2134 1033 2340 1084 tutem.

2205 1117 2430 1184 Acrius,
2459 1121 2775 1189 apertoque
2814 1120 3016 1184 marte,
3050 1117 3262 1189 dogma
3290 1117 3447 1172 istud
3496 1117 3776 1190 impetere

2137 1210 2436 1278 cmperunt
2493 1203 2883 1270 Iconomachi,
2942 1207 3309 1276 maximeque
3363 1206 3471 1262 sub
3528 1206 3774 1278 imperio

2137 1294 2501 1351 Constantini
2557 1293 2924 1366 Copronymi,
2984 1298 3184 1350 octavo
3257 1295 3468 1350 saeculo
3524 1295 3772 1351 labente.

2138 1387 2280 1439 Cum
2313 1383 2598 1438 haereseos
2627 1382 2740 1454 ipsi
2769 1383 2840 1438 ab
2871 1381 3339 1438 Occidentalibus
3369 1382 3781 1440 insimularen-

2137 1477 2254 1538 tur,
2311 1470 2708 1528 Occidentales
2763 1471 2943 1542 ipsos,
3003 1472 3184 1526 vicem
3241 1475 3307 1527 ut
3370 1474 3776 1544 rependerent,

2137 1561 2437 1617 haereticos
2509 1561 2813 1625 vocabant,
2890 1561 3161 1630 Spiritum
3233 1569 3486 1617 sanetum
3535 1578 3574 1617 a
3628 1563 3775 1619 Filio

2132 1651 2425 1723 procedere
2469 1653 2816 1705 asserentes.
2867 1648 3016 1703 Tum
3070 1665 3190 1721 ero,
3223 1666 3288 1705 ac
3337 1649 3609 1722 deinceps
3636 1667 3776 1722 pro-

2138 1742 2307 1796 cessio
2345 1757 2379 1794 a
2408 1740 2570 1794 Patre
2611 1754 2711 1809 per
2759 1737 2982 1809 Filium,
3016 1754 3142 1809 quae
3163 1737 3492 1795 innumeris
3540 1740 3775 1795 Patrum

2138 1827 2493 1885 testimoniis
2540 1827 2840 1895 asseritur,
2873 1827 2944 1882 de
2980 1825 3288 1898 temporali
3339 1827 3618 1884 missione
3649 1829 3780 1902 Spi-

2140 1917 2290 1972 ritus
2321 1915 2527 1986 sancti,
2561 1915 2806 1986 ejusque
2834 1913 3142 1986 temporali
3173 1915 3640 1972 manifestatione
3678 1933 3782 1989 per

2141 2007 2430 2062 donorum
2459 2003 2813 2077 spiritalium
2854 2003 3246 2075 largitionem,
3281 2005 3501 2076 passim
3554 2005 3780 2062 intelle-

2141 2099 2234 2150 cta
2285 2111 2320 2150 a
2364 2093 2589 2162 Photio,
2639 2095 2696 2148 et
2740 2092 3014 2148 Michaele
3075 2092 3391 2160 Cerulario,
3443 2095 3784 2167 caeterisque

2141 2183 2559 2240 schismaticis.
2591 2181 2645 2236 Is
2694 2197 2829 2253 ergo
2859 2181 2971 2237 sub
3017 2182 3242 2238 Joanne
3290 2183 3447 2238 Duca
3493 2185 3777 2252 Vatatzio,

2143 2272 2510 2343 maximeque
2541 2272 2650 2326 sub
2682 2269 2962 2326 Miobaele
2993 2269 3310 2343 Palaaologo
3339 2273 3780 2330 contentionum

2141 2361 2315 2416 cardo
2364 2365 2506 2430 erat,
2555 2377 2630 2414 an
2659 2359 2902 2431 Spiritus
2953 2376 2992 2416 a
3039 2360 3209 2415 Patre
3249 2377 3350 2432 per
3392 2359 3604 2416 Filium
3648 2363 3782 2418 sub-

2141 2449 2483 2505 stantialiter
2538 2449 2872 2519 procederet
2928 2466 2940 2502 :
3003 2464 3118 2519 quo
3176 2449 3433 2505 admisso
3489 2450 3780 2523 dogmate,
3829 2463 3834 2470 '

2142 2554 2506 2608 consequens
2534 2541 2658 2592 erat
2683 2537 2922 2608 perinde
2949 2553 3170 2605 esse,ac
3199 2538 3480 2609 Spiritum
3512 2544 3781 2611 sanctum

2143 2644 2177 2682 a
2206 2629 2370 2682 Patre
2393 2626 2698 2697 procedere,
2731 2627 2784 2680 et
2813 2641 2846 2680 a
2875 2626 3036 2680 Filio.

2213 2715 2280 2768 V.
2314 2715 2471 2770 Hanc
2519 2713 2988 2784 substantialem,
3042 2730 3108 2769 ac
3155 2719 3455 2783 aeternam,
3490 2722 3547 2772 et
3597 2717 3776 2790 hypo-

2143 2803 2409 2860 staticam
2458 2803 2712 2875 Spiritus
2759 2803 2944 2858 sancti
2975 2820 3009 2858 a
3039 2808 3205 2859 Patre
3254 2821 3356 2876 per
3390 2805 3599 2860 Filium
3650 2823 3781 2878 pro-

2143 2894 2478 2950 ductionem
2527 2893 2902 2963 promovebat
2931 2891 3267 2964 imperator,
3300 2898 3365 2948 ut
3409 2895 3509 2951 52
3543 2912 3652 2965 pax
3683 2895 3781 2950 de-

2143 2998 2308 3038 mum
2329 2979 2717 3036 Ecclesiarum
2745 2979 2880 3035 iniri
2910 2981 3310 3052 posset.Suam
3342 2984 3603 3055 Augusto
3635 3001 3780 3055 prte-

2143 3071 2376 3127 stabant
2423 3085 2659 3141 operam
2689 3069 2794 3124 viri
2835 3069 3014 3124 Graeci
3063 3070 3409 3138 doctissimi,
3441 3071 3782 3128 Theodorus

2145 3159 2518 3226 Meliteniota,
2583 3158 2865 3230 Georgius
2928 3159 3257 3228 Metochita,
3325 3159 3521 3216 rhetor
3603 3162 3778 3217 etiam

2142 3247 2478 3317 Holobolus,
2509 3247 2791 3318 Georgius
2822 3247 3064 3319 Cyprius
3099 3265 3110 3302 :
3143 3248 3356 3319 quibus
3387 3254 3591 3321 postea
3619 3250 3779 3306 aliis-

385 3362 412 3389 ιι
446 3339 692 3395 Frustra
720 3339 949 3393 causari
997 3343 1199 3394 contra
1225 3356 1331 3394 nos
1361 3339 1555 3394 innuit
1595 3344 1820 3397 Graecos
1851 3357 1864 3395 :
1899 3357 2032 3396 cum
2063 3321 2105 3387 C
2145 3353 2256 3408 que
2303 3352 2429 3392 sese
2479 3336 2746 3406 adjunxit
2784 3336 3038 3393 Joannes
3086 3337 3322 3405 Beccus,
3355 3337 3622 3393 catholici
3674 3339 3777 3394 do-

381 3445 490 3484 nos
540 3444 653 3483 non
701 3443 943 3495 causam,
974 3427 1058 3483 vel
1110 3429 1452 3500 principium
1503 3427 1715 3483 Filium
1765 3429 2032 3485 dicamus

382 3517 644 3590 Spiritus
673 3516 883 3583 sancti,
916 3520 982 3571 ut
1011 3519 1321 3572 autumant
1369 3518 1630 3589 (causam
1660 3517 1900 3584 scilicet,
1933 3521 2036 3573 aut

379 3605 761 3678 principium,
796 3605 888 3660 cui
939 3621 972 3659 a
1020 3621 1082 3660 se
1131 3605 1272 3660 insit
1341 3606 1530 3660 virtus
1579 3606 1884 3678 spirandi),
1933 3607 2033 3662 sed

380 3697 663 3750 unitatem
717 3694 1045 3750 substantiae
1100 3695 1286 3748 Patris
1317 3702 1374 3750 et
1428 3695 1559 3749 Filii
1616 3694 1696 3767 (et
1753 3695 2035 3750 unitatem

377 3783 648 3856 spirandi
710 3781 944 3837 virtutis
1000 3781 1060 3837 in
1120 3783 1391 3854 utroque)
1453 3800 1466 3837 :
1525 3800 1640 3838 non
1710 3784 2038 3840 nescientes

379 3874 522 3943 (imo
585 3871 920 3928 rectissime
978 3870 1414 3943 intelligentes),
1473 3872 1629 3927 sicut
1687 3873 1950 3944 procedit
2005 3889 2040 3927 a

382 3961 573 4026 Patre,
605 3961 694 4016 ita
740 3975 876 4015 eum
908 3961 1218 4032 procedere
1265 3961 1555 4017 fateamur
1596 3977 1663 4016 ex
1710 3960 1872 4030 Filio,
1904 3963 2038 4016 mis-

377 4051 594 4106 sionem
643 4048 927 4104 nimirum
975 4047 1125 4121 (lege
1168 4049 1593 4121 emissionem),
1641 4051 2042 4122 processionem

383 4137 800 4209 intelligentes.
855 4157 889 4189 ι
945 4140 1067 4192 Vox
1125 4135 1248 4202 illa,
1307 4139 1550 4204 emissio,
1613 4137 1672 4193 in
1744 4137 2040 4193 Anastasii

385 4233 614 4282 textum
647 4225 918 4281 restituta
965 4226 1292 4281 immunem
1324 4227 1520 4282 reddit
1548 4243 1798 4283 censura
1826 4227 2040 4282 Biblio-

390 4314 743 4383 thecsrinm,
776 4330 892 4386 qua
939 4315 1132 4386 ipsum
1184 4316 1387 4371 acerbe
1434 4318 1598 4371 notat
1644 4316 1938 4383 Petavius,
1971 4315 2040 4370 li-

388 4403 491 4458 bro
522 4419 604 4458 vn
656 4404 732 4457 De
772 4403 1058 4469 Trinitate,
1110 4419 1236 4474 cap.
1290 4404 1383 4474 17,
1415 4420 1580 4459 num.
1633 4405 1718 4458 11.
1751 4404 2043 4460 Combeﬁ-

389 4489 546 4546 sium
604 4489 852 4547 consule
908 4497 1065 4548 torno
1127 4491 1176 4546 II
1231 4494 1486 4563 Operum
1537 4491 1724 4547 sancti
1781 4492 2044 4562 Maximi,

392 4581 749 4652 pag.69;et
811 4579 1171 4652 Lequienum
1229 4581 1289 4636 in
1350 4580 1773 4637 Dissertatione
1831 4581 2042 4638 Dama-

2142 3426 2353 3499 gmatis
2400 3425 2611 3480 vindex
2659 3425 2920 3480 omnium
2969 3425 3393 3482 nobilissimus.
3435 3448 3464 3477 «
3514 3428 3774 3493 Quadam

2141 3515 2320 3586 igitur
2344 3515 2436 3568 die
2466 3512 2859 3585 (Pachymeris
2886 3514 3060 3570 verba
3089 3521 3229 3570 sunt
3255 3514 3404 3571 libro
3434 3533 3488 3585 ν,
3505 3531 3630 3588 cap.
3666 3516 3777 3587 12,)

2144 3621 2276 3659 cum
2335 3602 2739 3660 convenissent
2766 3607 2942 3671 (anno
2976 3603 3135 3674 1273)
3163 3605 3317 3675 apud
3369 3605 3778 3676 imperatorem

2145 3690 2476 3764 patriarcha
2521 3691 2877 3763 (Josephus),
2930 3693 3193 3764 antistes,
3225 3697 3284 3748 et
3331 3709 3398 3748 ex
3451 3693 3602 3750 clero
3651 3694 3781 3765 qui-

2147 3781 2323 3848 dam;
2374 3779 2694 3835 instantius
2747 3780 2817 3835 iis
2866 3782 2937 3836 de
2985 3781 3144 3854 pacis
3192 3782 3420 3854 negotio
3468 3782 3790 3855 imperator

2147 3869 2489 3926 disseruit...
2539 3870 2929 3942 Adjungebat,
2964 3870 3110 3925 nihil
3159 3888 3286 3927 esse
3317 3872 3560 3944 periculi
3598 3872 3657 3927 in
3691 3889 3790 3927 as-

2150 3959 2454 4014 sentiendo
2485 3957 2705 4014 Latinis
2753 3959 2906 4029 quod
2943 3966 3242 4031 cuperent,
3275 3960 3478 4017 multis
3509 3961 3566 4016 id
3615 3961 3788 4017 ratio-

2149 4047 2324 4103 nibus
2371 4049 2802 4103 demonstrans.
2836 4047 3098 4104 Habebat
3141 4049 3317 4117 enim,
3350 4050 3450 4121 qui
3501 4049 3706 4106 talium
3738 4051 3792 4106 ei

2150 4140 2630 4209 argumentorum
2661 4136 2888 4208 copiam
2939 4142 3335 4209 suggererent,
3369 4143 3635 4194 auctores
3664 4143 3793 4194 stu-

2151 4227 2348 4281 diosos
2405 4226 2533 4296 ejus
2589 4225 2767 4297 pacis,
2825 4225 3298 4282 archidiaconum
3357 4227 3789 4297 Meliteniotem,

2151 4313 2738 4388 protoapostolarium
2786 4314 3098 4387 Georgium
3148 4317 3442 4388 Cyprium,
3488 4321 3546 4372 et
3594 4317 3792 4373 minus

2152 4403 2427 4459 ardenter
2473 4419 2538 4458 ac
2568 4401 2964 4475 superﬁciaria
3014 4404 3304 4460 rhetorem
3358 4404 3623 4462 Ecclesiae
3677 4407 3795 4461 Ho-

2152 4491 2426 4548 lobolum.
2462 4513 2491 4542 »
2526 4491 2951 4560 Animadverte,
2984 4493 3254 4565 Cyprium
3305 4494 3411 4549 hoc
3459 4493 3612 4550 anno
3657 4495 3795 4550 1273

2146 4583 2272 4653 jam
2315 4580 2467 4636 clero
2513 4579 2768 4652 palatino
2817 4582 3158 4653 ascriptum,
3211 4583 3550 4654 dictumque
3596 4588 3794 4656 proto-

395 4671 624 4726 scenica
659 4671 702 4735 Ι,
736 4686 897 4726 num.
934 4671 1020 4738 10,
1053 4673 1112 4725 et
1142 4670 1201 4724 in
1234 4668 1514 4742 Panoplia
1547 4674 1750 4725 contra
1787 4670 2047 4726 schisma
2077 4691 2122 4756 Ι)
2154 4669 2594 4742 apostolarium,
2673 4687 2739 4725 ac
2804 4670 3096 4743 dogmatis
3182 4671 3522 4728 Latinorum
3606 4673 3794 4728 vindi-

397 4758 752 4824 Grecorum,
809 4757 1017 4814 saeculo
1064 4775 1190 4828 xm,
1243 4759 1433 4830 capite
1480 4759 1532 4826 4,
1580 4775 1743 4814 num.
1791 4760 1897 4827 16;
1932 4775 2046 4830 quo

399 4847 568 4902 etiam
597 4847 746 4913 loco,
780 4864 882 4919 pro
915 4864 980 4904 eo
1031 4864 1145 4918 quo
1176 4846 1434 4919 pollebat
1477 4847 1699 4919 ingenii
1749 4849 2041 4917 acumine,

401 4952 594 4992 vocem
680 4936 833 4992 hanc
914 4939 1259 4992 emissionem
1325 4935 1754 5004 animadvertit,
1833 4937 2045 5007 passivo

402 5041 582 5090 sema,
614 5042 726 5082 non
756 5027 929 5081 activo
967 5027 1262 5097 usurpari,
1295 5035 1354 5081 ut
1380 5027 1616 5081 emersio
1647 5041 1714 5082 ac
1760 5028 2045 5082 emanatio

399 5113 815 5186 signiﬁcaretur
848 5133 862 5182 ;
893 5115 1136 5187 ipseque
1184 5114 1366 5170 Filius
1397 5113 1823 5186 intelligeretur
1867 5114 2045 5170 veluti

403 5205 651 5269 medius,
710 5221 779 5259 ex
844 5220 982 5275 quo,
1039 5208 1098 5259 et
1148 5220 1252 5275 per
1307 5220 1484 5276 quem
1541 5202 1793 5274 Spiritus
1867 5202 2045 5259 veluti

397 5293 644 5364 emergit
700 5299 756 5348 et
809 5297 1063 5348 emanat.
1124 5292 1283 5348 Hanc
1341 5291 1558 5364 Cyrilli,
1601 5296 1659 5347 et
1714 5291 1934 5363 Basilii,
1991 5297 2048 5348 et

396 5382 654 5454 Gregorii
703 5381 976 5454 Nysseni,
1020 5381 1388 5453 aliorumque
1440 5381 1678 5436 Patrum
1727 5381 2045 5453 genuinam

395 5488 522 5528 esse
569 5471 922 5541 doctrinam,
954 5487 1061 5526 suo
1107 5469 1234 5527 loco
1277 5471 1610 5527 dicendum.
1644 5469 1837 5541 Pergit
1882 5474 2039 5525 Ana-

395 5562 616 5616 stasius
646 5577 660 5616 :
696 5582 726 5609 α
765 5560 862 5616 Pis
908 5560 1320 5631 interpretans,
1367 5563 1424 5615 et
1473 5560 1784 5630 utriusque
1832 5557 2046 5630 linguai

394 5667 607 5725 gnaros
638 5650 716 5706 ad
747 5665 950 5720 pacem
993 5649 1284 5720 erudiens,
1317 5649 1458 5704 dum
1488 5654 1545 5704 et
1575 5664 1682 5704 nos
1713 5653 1770 5704 et
1817 5649 2046 5706 Graecos

395 5740 594 5798 edocet
642 5737 990 5812 (Maximus)
1025 5755 1039 5794 :
1076 5737 1378 5798 secundum
1422 5738 1687 5812 quiddam
1730 5738 2044 5812 procedere,

2160 4774 2307 4814 cem.

2222 4846 2514 4918 Josephus
2545 4847 2875 4919 patriarcha
2922 4849 3313 4921 exspectabat,
3347 4854 3411 4906 ut
3458 4850 3796 4922 chartophy-

2154 4937 2255 4992 lux
2283 4936 2428 4992 dicta
2452 4953 2557 5007 pro
2598 4938 2817 4992 Latinis
2845 4938 3133 5007 refelleret.
3169 4944 3222 4994 Is
3252 4943 3340 4995 est
3368 4939 3624 4996 Joannes
3655 4939 3798 4995 Bec-

2155 5042 2279 5096 cus,
2313 5026 2412 5097 qui
2462 5026 2612 5080 hanc
2665 5041 2813 5080 anno
2867 5027 3004 5081 1264
3052 5027 3384 5084 obtinuerat
3429 5029 3794 5102 dignitatem,

2155 5114 2282 5186 ipso
2311 5114 2663 5186 Pacbymere
2707 5118 2854 5170 teste
2882 5114 3029 5171 libro
3061 5133 3146 5188 IIl,
3180 5117 3366 5188 capite
3411 5118 3501 5172 24.
3535 5117 3798 5190 Dignita-

2155 5203 2230 5258 tis
2261 5204 2453 5259 ofﬁcia
2499 5219 2566 5258 ac
2598 5220 2842 5258 munera
2887 5203 3016 5259 vide
3047 5206 3199 5277 apud
3247 5207 3500 5261 Goarum
3543 5207 3604 5261 in
3635 5206 3798 5262 Notis

2155 5293 2228 5347 ad
2287 5293 2544 5362 primum
2601 5291 2801 5347 Codini
2861 5298 3055 5364 caput.
3112 5299 3322 5351 Jussus
3363 5296 3460 5352 ille
3510 5298 3795 5352 demum:

2155 5381 2396 5451 Aliquos,
2449 5379 2551 5448 ait,
2593 5395 2708 5435 esse
2752 5381 3058 5450 haereticos,
3107 5384 3238 5438 licet
3287 5400 3396 5438 non
3458 5385 3586 5454 dici,
3637 5393 3687 5440 et
3738 5387 3796 5440 in

2155 5474 2296 5524 hanc
2323 5469 2551 5524 classem
2589 5469 2909 5540 redigendos
2937 5473 3119 5527 Italos.
3149 5472 3402 5545 Josepho
3454 5473 3796 5546 patriarchas

2157 5573 2432 5629 magnam
2465 5557 2678 5628 adjecit
2705 5559 3117 5616 confidentiam
3149 5577 3214 5617 ea
3245 5563 3418 5617 libera
3447 5579 3570 5630 vox,
3602 5579 3800 5635 percu-

2156 5646 2224 5702 lit
2253 5651 2445 5702 autem
2475 5647 2904 5720 imperatorem.
2926 5653 3134 5704 Verum
3161 5652 3580 5708 archidiaconus
3610 5651 3797 5724 (Meli-

2156 5735 2420 5808 teniota),
2450 5741 2505 5794 et
2545 5741 3070 5813 protoapostolarius
3116 5740 3428 5816 (Cyprius),
3482 5744 3544 5799 in
3601 5757 3658 5797 os
3705 5741 3797 5806 illi
