4094 6464
323 450 397 509 67
1349 446 1662 507 GEORGII
1708 447 1963 507 CYPltll

2074 448 2130 505 P.
2176 447 2704 507 ΡΑἸἪΙΑΒΟΗᾸΞ
3636 449 3716 509 68

323 580 675 636 vehementer
702 578 974 633 obstitere.
1006 577 1153 632 Hinc
1181 593 1314 633 vero
1345 578 1558 632 carceri
1591 579 1958 651 mancipatus
1989 581 2041 645 Α
2074 581 2344 633 nimirum
2400 595 2469 632 ex
2524 585 2694 634 Patre
2747 596 2844 650 per
2918 577 3116 633 Filium
3171 581 3399 650 pro/luit
3450 579 3710 650 Spiritus.

318 669 447 742 ipse
476 669 712 724 Beccus.

392 757 588 829 Cmpto
618 756 893 828 pergebat
922 755 1255 826 imperator.
1291 755 1575 828 Scriptus,
1607 757 1959 828 inscriptus-

322 863 436 920 que
464 847 592 917 ejus
641 846 875 900 nomine
916 842 1166 910 libellus,
1219 843 1438 899 missus
1469 846 1539 899 ad
1593 844 1909 900 Ecclesiam
1944 864 1956 900 :

318 937 381 991 in
414 952 528 1007 quo
559 950 631 988 ex
671 935 841 988 variis
871 933 1116 987 historiis
1143 936 1196 988 et
1227 934 1555 989 testimoniis
1584 934 1962 990 demonstrare

317 1025 634 1093 conabatur,
687 1021 909 1077 nullam
956 1022 1128 1077 inesse
1174 1023 1390 1077 Latinis
1427 1023 1696 1079 haereseos
1755 1023 1957 1078 labem.

322 1113 593 1169 Studium
672 1127 1026 1183 operamque
1081 1112 1454 1166 conferebant
1511 1113 1652 1167 docti
1715 1113 1962 1168 homines

321 1203 406 1274 (ut
435 1203 513 1256 ait
543 1200 927 1272 Pachymeres
974 1199 1075 1254 lib.
1111 1217 1163 1271 ν,
1197 1217 1322 1270 cap.
1361 1201 1469 1272 14),
1503 1219 1736 1272 quorum
1783 1204 1962 1271 primi

319 1291 791 1361 valentissimique
819 1293 976 1344 erant
1001 1291 1164 1360 prius
1211 1293 1508 1345 memorati
1536 1291 1960 1346 archidiaconus

317 1387 368 1434 et
391 1380 940 1450 protoapostolarius.
975 1381 1038 1431 In
1072 1377 1266 1432 studio
1297 1394 1432 1450 ergo
1464 1379 1621 1448 pacis
1679 1379 1957 1451 persiste-

317 1467 419 1522 bat
445 1466 724 1538 Georgius
757 1464 1489 1538 Cyprius,vindicabatque
1520 1467 1731 1538 dogma
1760 1468 1957 1522 catho-

314 1555 518 1612 licum.
552 1563 640 1610 An
671 1555 792 1610 haec
824 1555 998 1610 fuerit
1029 1554 1255 1610 sincera
1285 1556 1498 1611 mentis
1527 1555 1850 1627 persuasio,
1886 1574 1958 1611 an

319 1644 639 1710 simulatio,
671 1661 786 1699 non
835 1643 918 1698 ita
965 1642 1134 1698 facile
1182 1643 1360 1698 dictu.
1411 1644 1879 1715 Simulationem,
1910 1645 1960 1700 si

321 1733 515 1802 fuerit,
549 1733 648 1788 diu
699 1732 982 1788 sustinuit
1013 1749 1026 1787 :
1060 1732 1417 1804 mutavitque
1449 1734 1685 1789 demum
1727 1739 1959 1790 senten-

319 1823 485 1883 tiam.
517 1827 618 1878 aut
649 1821 1084 1876 simulationem
1118 1822 1347 1892 abjecit.

391 1911 688 1985 Synodum
764 1910 1074 1966 celebravit
1127 1910 1414 1982 Iosephus
1488 1912 1839 1982 patriarcha,
1899 1917 1962 1966 ut

322 2002 462 2076 quid
497 2003 590 2074 agi
639 2005 928 2072 oporteret
957 2002 1103 2055 circa
1142 2003 1406 2071 scriptum
1454 2003 1826 2072 imperatoris,
1863 2001 1960 2056 de-

320 2096 673 2148 cerneretur.
706 2091 904 2160 Adfuit
930 2093 980 2144 et
1017 2105 1176 2144 soror
1201 2090 1442 2160 ejusdem
1472 2093 1825 2162 imperatoris
1856 2092 1962 2145 Eu-

320 2181 684 2251 logia,quam
719 2195 1043 2234 memorare
1072 2182 1307 2250 praestat
1332 2197 1344 2234 :
1372 2185 1571 2250 utpote
1601 2197 1727 2251 qua:
1761 2196 1960 2252 pacem

319 2287 354 2326 a
383 2271 557 2324 fratre
605 2268 812 2322 initam
843 2266 1045 2322 violari
1097 2267 1167 2322 ab
1223 2268 1554 2323 Andronico
1606 2285 1961 2335 successore,

321 2357 698 2432 persuaserit.
731 2356 971 2429 Negotio
1002 2356 1060 2411 in
1094 2357 1313 2428 synodo
1345 2357 1634 2423 discusso,
1668 2357 1961 2429 repulsam

325 2448 397 2504 ab
429 2446 642 2519 optatis
669 2443 804 2500 tulit
835 2445 1171 2514 imperator.

893 2552 994 2608 58
1034 2552 1266 2607 CAPUT
1307 2552 1400 2607 ΙΙΙ.

327 2644 564 2701 Joannes
620 2645 845 2708 Beccus,
890 2639 1182 2710 diligenter
1234 2643 1482 2712 expensis
1529 2642 1761 2696 Patrum
1813 2645 1962 2697 testi-

398 2715 616 2778 moniis,
646 2717 824 2768 mutat
850 2714 1196 2780 sententiam,
1226 2717 1552 2783 pugnatque
1577 2729 1673 2782 pro
1703 2714 1964 2768 catholico

395 2786 644 2854 dogmate
677 2801 690 2840 :
722 2783 1119 2839 nonnullorum
1150 2789 1379 2838 Patrum
1425 2785 1757 2839 testimonia.
1798 2785 1965 2840 Initia

395 2857 747 2912 conventione
790 2857 1052 2925 quadam,
1103 2856 1356 2926 Iosephus
1400 2856 1720 2926 patriarcha
1775 2858 1966 2910 tantis-

394 2943 492 2999 per
533 2927 730 2982 secedit
773 2929 850 2999 in
877 2929 1293 2981 monasterium.
1360 2928 1510 2981 Missi
1560 2927 1966 2999 adiconcilium

399 2998 759 3068 Lugdunense
836 2998 1010 3067 legati
1067 3015 1085 3052 .'
1141 2999 1399 3053 Petavius
1471 2998 1810 3052 emendatur.
1872 3000 1966 3052 Ec-

396 3071 702 3126 clesiarum
755 3071 888 3124 unio
938 3070 1308 3124 constituitur.
1372 3074 1665 3124 Decretum
1693 3069 1821 3139 ﬁdei
1874 3087 1964 3126 ex-

392 3143 636 3214 ponitur.

393 3249 437 3306 I.
468 3249 552 3304 Ad
602 3249 884 3304 Joannem
937 3248 1204 3315 Beccum,
1241 3247 1340 3318 qui
1381 3264 1606 3302 carcere
1662 3247 1959 3303 detineba-

2071 667 2433 738 Temporalis
2465 667 2701 723 emissio
2746 669 2997 739 Spiritus
3029 667 3236 732 sancti,
3271 685 3374 722 seu
3423 669 3711 724 donorum

2069 763 2125 812 et
2155 758 2572 811 charismatum
2608 757 2862 829 largitio,
2894 757 3008 812 dici
3041 757 3243 829 nequit
3271 753 3564 826 οὐσιώδης,
3586 759 3712 813 sub-

2070 846 2378 900 stantialis.
2431 847 2561 917 Agit
2605 862 2740 917 ergo
2771 846 3016 917 Cyrillus
3046 847 3117 901 de
3147 852 3383 916 aeterna,
3418 863 3483 901 ac
3530 847 3710 918 hypo-

2069 936 2276 990 statica
2308 935 2699 1006 processione,
2735 952 2835 1006 per
2882 952 3058 1006 quam
3090 935 3342 1007 Spiritus
3374 941 3614 990 sanctus
3643 951 3712 989 ex

2069 1027 2260 1094 Patre,
2292 1030 2350 1078 et
2379 1041 2445 1078 ex
2476 1024 2614 1078 Filio
2645 1041 2812 1079 suam
2863 1025 3073 1096 accipit
3104 1023 3516 1086 substantiam,
3549 1040 3711 1094 aque

2067 1111 2520 1180 immutabilem,
2556 1113 2709 1168 sicut
2757 1118 2844 1167 est
2889 1113 3080 1168 Patris
3109 1119 3166 1167 et
3199 1113 3325 1167 Filii
3359 1113 3708 1168 substantia.

2068 1205 2157 1256 Ita
2202 1218 2335 1256 vero
2382 1197 2658 1261 οὐσιωὸὼς
2708 1219 2777 1256 es:
2827 1203 3086 1256 ambobus
3119 1201 3376 1273 procedit
3426 1201 3541 1269 ille,
3593 1203 3712 1258 sive

2069 1291 2444 1362 profunditur
2495 1307 2507 1345 :
2560 1297 2624 1345 ut
2669 1292 2846 1345 etiam
2895 1308 2964 1346 ex
3010 1293 3196 1359 Patre,
3250 1291 3540 1362 procedat,
3593 1292 3712 1346 sive

2070 1379 2321 1450 proﬂuat
2373 1395 2473 1446 per
2550 1380 2774 1449 Filium,
2833 1381 3095 1450 spirandi
3154 1384 3252 1434 aut
3325 1381 3712 1450 profundeudi

2068 1468 2278 1522 virtute
2341 1468 2482 1522 Filio
2551 1469 2983 1524 communicata
3029 1486 3062 1523 a
3110 1469 3295 1539 Patre,
3363 1469 3558 1540 ipsum
3626 1469 3711 1541 gi-

2069 1558 2322 1629 gnendo.

2142 1648 2244 1702 54
2301 1646 2643 1702 Addebatur
2697 1647 3064 1702 testimonium
3117 1649 3298 1702 sancti
3353 1649 3595 1701 Maximi
3653 1649 3711 1701 in

2070 1735 2313 1805 Epistola
2357 1736 2425 1788 ad
2471 1736 2728 1803 Ruﬁnum
2779 1736 2872 1805 (ad
2936 1735 3217 1790 Marinum
3260 1735 3710 1806 presbyterum):

2071 1823 2170 1878 ubi
2218 1839 2326 1878 non
2375 1826 2719 1895 principium
2777 1826 2900 1894 (seu
2950 1825 3211 1894 causam)
3254 1840 3309 1879 se
3359 1826 3714 1892 Unigenitum

2072 1911 2313 1982 Spiritus
2343 1912 2697 1968 ostenderunt
2727 1912 2917 1967 Latini
2945 1913 3139 1978 dicere,
3172 1913 3266 1967 sed
3322 1917 3380 1966 ut
3406 1929 3504 1980 per
3535 1915 3714 1983 ipsum

2067 2001 2354 2072 procedere
2412 2002 2808 2070 signiﬁcarent,
2857 2011 2913 2056 et
2957 2018 3020 2056 ea
3065 2003 3278 2056 ratione
3349 2003 3714 2059 cohaesionem

2072 2090 2468 2160 inseparabilis
2523 2091 2840 2146 substantiae
2903 2093 3322 2146 constituerunt.
3374 2091 3529 2146 Idem
3577 2109 3712 2163 ergo

2073 2179 2294 2233 Latinis
2343 2183 2485 2248 erat,
2519 2179 2789 2250 Spiritum
2813 2196 2883 2234 ex
2912 2181 3079 2235 Patre
3121 2181 3368 2252 Filioque
3392 2180 3708 2252 procedere,

2072 2285 2138 2322 ac
2171 2269 2360 2337 ipsum
2381 2269 2670 2338 procedere
2699 2285 2771 2322 ea:
2799 2271 2960 2323 Patre
2979 2285 3077 2340 per
3096 2270 3446 2325 Fitium.Hac
3479 2287 3713 2325 rursum

2070 2355 2324 2428 Spiritus
2355 2373 2385 2410 a
2420 2356 2583 2411 Patre
2614 2358 2985 2427 processioue
3014 2375 3116 2428 per
3144 2357 3354 2413 Filium
3386 2359 3712 2430 exponeba-

2070 2450 2168 2501 tur
2195 2445 2457 2516 ejusdem
2505 2445 2756 2516 Spiritus
2787 2445 2974 2501 sancti
3020 2448 3260 2503 cohaesio
3315 2447 3714 2518 inseparabilis

2072 2551 2204 2590 cum
2258 2540 2505 2606 utroque
2532 2535 2852 2590 substantia
2884 2553 2897 2591 :
2932 2535 3192 2606 adeoque
3237 2536 3307 2591 de
3338 2536 3710 2592 substantiali

2071 2640 2137 2679 ac
2169 2629 2380 2679 aeterna
2425 2624 2705 2695 agebatur
2735 2625 2862 2695 ejus
2913 2625 3282 2696 processione
3312 2627 3382 2680 ad
3422 2626 3710 2682 exsisten-

2070 2713 2234 2767 tiam.
2302 2712 2598 2767 Attentius
2672 2713 2878 2783 recole,
2937 2731 3064 2785 quae
3122 2715 3420 2784 superiore
3501 2715 3712 2786 capite,

2073 2819 2236 2856 num.
2286 2803 2340 2872 3,
2395 2800 2512 2856 lato
2566 2819 2833 2858 sermone
2879 2803 3337 2873 explanavimus.
3393 2803 3707 2876 Georgium

2073 2889 2444 2944 Metocbitam
2493 2890 2663 2945 addo.
2701 2893 3038 2962 Imperatori
3089 2891 3354 2947 Michaeli
3397 2892 3713 2965 Palaeologo

2072 2979 2122 3034 is
2169 2978 2519 3033 adhaerebat.
2583 2979 2998 3052 Fragmentum
3049 2998 3116 3034 ex
3164 2982 3293 3051 ejus
3348 2981 3496 3036 libro
3545 2998 3600 3035 ιν
3641 2982 3716 3037 De

2067 3071 2408 3139 processione
2453 3069 2696 3139 Spiritus
2742 3071 2919 3123 sancti
2950 3074 3175 3140 prostat
3223 3069 3376 3140 apud
3424 3070 3711 3125 Combeli-

2072 3158 2248 3225 sium,
2283 3161 2414 3228 post
2445 3157 2756 3212 Historiam
2787 3158 3318 3222 Monothelitarum,
3353 3158 3451 3212 ubi
3494 3159 3577 3214 sic
3610 3159 3712 3214 ha-

2072 3246 2168 3302 bet
2201 3264 2214 3302 :
2246 3246 2393 3311 Quia
2444 3246 2735 3315 universa,
2771 3263 2896 3317 quae
2951 3247 3153 3302 insunt
3205 3247 3440 3303 Filio....
3491 3251 3630 3320 quin
3657 3254 3714 3303 et

321 3343 441 3405 tur,
509 3337 816 3409 Nicephori
885 3336 1220 3391 Blemmidze
1297 3337 1532 3407 scripta,
1592 3336 1960 3409 imperatoris
1991 3322 2033 3388 C
2073 3337 2194 3406 ipse
2243 3335 2516 3405 Spiritus,
2569 3353 2743 3406 quem
2793 3336 2856 3390 de
2902 3338 3017 3406 ipso
3064 3335 3249 3406 (Filio)
3280 3341 3336 3391 et
3379 3353 3481 3408 per
3532 3338 3713 3409 ipsum

316 3427 511 3498 jussu,
543 3425 893 3481 transmissa
939 3429 1095 3479 sunt.
1131 3429 1205 3478 De
1237 3424 1328 3480 his
1376 3426 1604 3496 egimus
1635 3426 1822 3496 capite
1863 3444 1960 3480 su-

322 3516 569 3588 periore,
612 3531 776 3569 num.
825 3513 891 3567 ll.
946 3513 1046 3568 His
1119 3514 1214 3568 ille
1263 3517 1438 3568 multa
1484 3530 1609 3570 eum
1671 3515 1964 3584 sagacitate

319 3605 585 3676 perfectis
635 3602 832 3674 (verba
880 3606 1016 3656 sunt
1061 3601 1323 3674 Gregoraa
1372 3601 1520 3657 libro
1568 3620 1622 3669 ν,
1672 3605 1860 3675 capite
1905 3608 1960 3672 2,

321 3710 486 3748 num.
516 3694 594 3760 6),
641 3699 955 3746 sanctorum
1002 3690 1241 3754 libros,e
1269 3691 1471 3761 quibus
1527 3694 1855 3748 Blemmides
1900 3710 1964 3748 ea

321 3780 632 3838 testimonia
702 3780 1009 3849 collegerat,
1080 3780 1396 3850 postulavit.
1459 3781 1699 3848 Quorum
1753 3783 1964 3852 copiam

319 3887 445 3926 cum
473 3872 776 3941 imperator
823 3868 1184 3924 libentissime
1219 3871 1273 3924 ei
1300 3870 1538 3942 fecisset,
1570 3872 1630 3924 in
1667 3887 1728 3925 eo
1774 3870 1966 3926 deinde

319 3959 707 4030 occupabatur,
739 3961 802 4011 ut
848 3957 1153 4026 diligenter
1193 3959 1320 4012 illos
1365 3959 1587 4029 legeret,
1618 3960 1962 4031 expenderet,

319 4048 394 4102 ad
449 4047 675 4102 verbum
740 4047 1026 4115 conferret.
1085 4047 1275 4116 Itaque
1332 4047 1480 4101 brevi
1551 4056 1785 4119 tempore
1840 4065 1966 4102 eum

320 4135 754 4191 testimoniorum
799 4150 1053 4189 acervum
1115 4137 1306 4205 coegit,
1359 4151 1484 4206 quae
1546 4139 1767 4206 integra
1813 4137 1965 4192 volu-

321 4226 478 4280 mina
532 4225 800 4296 complere
871 4231 1106 4294 possent.
1169 4229 1234 4280 Bt
1307 4227 1406 4296 qui
1480 4225 1687 4281 dudum
1761 4228 1964 4281 acerri-

323 4330 414 4368 me
494 4314 706 4368 Latinis
781 4312 1188 4383 adversabatur,
1249 4320 1465 4369 mutata
1537 4316 1824 4382 sententia,
1884 4317 1964 4370 vi-

322 4404 553 4458 ctoriam
611 4403 815 4473 faceret
872 4402 1192 4473 ambiguam
1247 4401 1355 4472 (vel
1394 4403 1464 4457 ad
1520 4405 1648 4459 illos
1701 4407 1966 4475 transfer-

322 4495 448 4560 ret);

397 4580 564 4635 Paria
593 4584 792 4658 narrat
838 4580 1247 4652 Pachymeres,
1280 4580 1428 4635 libro
1477 4581 1674 4650 citato,
1708 4598 1834 4654 cap.
1879 4584 1964 4654 16,

2070 3426 2278 3479 docent
2305 3441 2373 3478 ex
2402 3425 2566 3480 Patre
2597 3430 2755 3491 sunt,
2787 3428 3070 3495 tanquam
3101 3441 3169 3479 ex
3196 3427 3399 3481 radice
3429 3442 3501 3483 ac
3525 3427 3712 3498 prima

2070 3530 2273 3581 causa;
2304 3514 2662 3584 minimeque
2706 3530 2810 3584 per
2855 3531 2981 3569 eum
3018 3514 3235 3569 modum
3265 3520 3405 3569 sunt
3435 3532 3504 3570 ex
3548 3517 3706 3583 Filio,

2073 3604 2225 3673 quod
2261 3603 2310 3656 is
2341 3619 2454 3657 non
2485 3603 2562 3656 sit
2609 3603 2790 3666 radix,
2823 3619 2931 3658 nex
2960 3620 3137 3658 causa
3165 3605 3403 3658 omnino
3449 3605 3706 3676 prima...

2063 3692 2231 3763 juxta
2300 3693 2417 3747 haec
2489 3692 2689 3763 utique
2744 3692 3076 3764 (Maximus)
3132 3697 3264 3763 apte
3340 3709 3710 3765 congrueque

2071 3781 2282 3836 Filium
2330 3779 2547 3843 docuit,
2581 3797 2690 3834 non
2737 3797 2848 3835 esse
2874 3797 3116 3845 causam,
3152 3798 3217 3835 ac
3273 3781 3480 3852 reliqui
3533 3782 3712 3837 divini

2074 3871 2337 3924 doctores
2381 3869 2582 3923 crebro
2612 3870 2670 3924 in
2722 3875 2941 3924 Patrem
2971 3870 3227 3924 referunt
3274 3887 3512 3925 causam
3548 3889 3560 3926 :
3596 3888 3709 3926 non

2073 3974 2159 4024 eo,
2194 3963 2260 4012 ut
2313 3974 2384 4012 ea:
2412 3958 2576 4023 Filio,
2609 3975 2678 4014 ac
2704 3974 2802 4028 per
2847 3961 3054 4013 Filium
3097 3961 3328 4030 Spiritus
3357 3963 3533 4014 sancti
3579 3961 3724 4015 divi-

2072 4065 2203 4101 nam
2237 4049 2630 4118 processionem
2677 4047 2937 4102 tollant...
2970 4047 3252 4111 Quocirca
3297 4047 3524 4119 propria
3573 4051 3717 4104 ratio

2073 4140 2180 4202 est,
2207 4138 2377 4204 juxta
2427 4152 2602 4205 quam
2632 4136 2801 4190 Filius
2852 4153 2964 4191 non
2989 4141 3068 4191 est
3113 4153 3276 4191 causa
3308 4155 3326 4191 :
3356 4153 3714 4208 rursumque

2069 4226 2314 4296 pr0pria,
2339 4224 2509 4294 juxta
2556 4240 2734 4285 quam
2788 4224 3026 4293 Spiritus
3073 4234 3294 4280 sanctus
3339 4227 3417 4279 est
3447 4241 3517 4279 ex
3565 4232 3714 4280 utro-

2075 4329 2193 4384 que,
2228 4313 2336 4368 hoc
2380 4317 2468 4368 est
2495 4329 2568 4368 ea:
2617 4313 2780 4369 Patre
2819 4331 2921 4384 per
2965 4312 3176 4368 Filium
3229 4313 3393 4386 (quia
3439 4330 3650 4385 nempe
3681 4329 3715 4366 a

2073 4403 2242 4457 Patre
2290 4401 2472 4458 Filius
2522 4403 2716 4471 habet,
2772 4405 2924 4474 quod
2977 4402 3055 4458 sit
3099 4404 3410 4474 productor
3462 4403 3716 4474 Spiritus

2075 4491 2304 4562 sancti).
2337 4513 2364 4541 »
2400 4490 2558 4546 Hanc
2603 4495 2786 4546 totam
2819 4492 3016 4557 tradit,
3050 4497 3106 4547 et
3149 4491 3582 4563 elegantissime
3612 4492 3718 4546 do—

2077 4581 2321 4635 ctrinam
2371 4580 2643 4651 explanat
2673 4585 2911 4635 sanctus
2959 4580 3344 4652 Augustinus,
3379 4580 3528 4635 libro
3561 4597 3616 4634 ιν
3646 4580 3720 4635 De

327 4669 700 4725 schismatico
732 4669 1001 4740 scriptori
1035 4670 1084 4724 si
1116 4670 1261 4725 ﬁdes
1308 4670 1659 4736 adhibenda,
1690 4688 1967 4726 summam
1998 4689 2045 4753 Β
2078 4671 2364 4734 Trinitate,
2425 4685 2552 4739 cap.
2605 4671 2694 4735 27,
2752 4673 2809 4724 et
2873 4674 3121 4725 tractatu
3179 4670 3249 4722 99
3308 4671 3369 4724 in
3423 4671 3718 4733 Joannem,

326 4759 547 4815 domum
590 4761 805 4830 peccati
872 4760 1213 4827 Latinorum,
1268 4759 1446 4814 Becco
1493 4759 1682 4814 visum
1735 4760 1861 4830 fuit,
1911 4763 1969 4816 in

327 4847 697 4902 additamento
743 4847 896 4901 verbi
944 4850 1116 4902 unius
1161 4848 1230 4902 ad
1275 4847 1590 4919 Symbolum
1654 4851 1964 4904 consistere.

327 4938 444 4992 Hae
492 4935 562 4991 de
612 4952 672 4990 re
722 4934 782 4989 in
843 4935 1248 4992 dissertatione
1299 4938 1561 5008 sequenti
1629 4937 1968 5009 diligentius

327 5025 474 5080 mihi
524 5025 837 5096 agendum.
889 5025 974 5078 Ad
1021 5025 1216 5097 ipsum
1271 5027 1425 5098 quod
1477 5027 1687 5082 attinet
1735 5027 1966 5098 dogma,

328 5112 656 5169 consentire
721 5111 1008 5168 Ecclesias
1056 5131 1158 5185 pro
1209 5121 1364 5170 certo
1418 5115 1632 5170 Beccus
1698 5115 1967 5171 habebat.

325 5200 621 5258 Nonnulla
699 5202 871 5256 refert
926 5201 1250 5258 Historicus
1303 5205 1644 5260 testimonia
1709 5205 1970 5272 Patrum,

329 5291 544 5362 quibus
593 5290 747 5360 quod
781 5289 972 5345 aiebat
1018 5291 1142 5362 ipse
1172 5291 1409 5363 Beccus,
1453 5295 1842 5349 conﬁrmaret.
1878 5295 1972 5348 ln-

330 5379 515 5453 signis
549 5379 802 5434 occurrit
849 5378 1012 5434 locus
1044 5380 1231 5434 sancti
1265 5381 1458 5452 Cyrilli
1501 5382 1646 5438 libro
1683 5399 1700 5436 ι
1732 5389 1809 5438 De
1839 5384 1971 5439 ado-

329 5470 545 5524 ratione
574 5468 636 5522 in
679 5468 880 5536 spiritu
911 5477 961 5522 et
1011 5471 1240 5523 veritate
1267 5487 1285 5523 :
1313 5469 1590 5526 Mutabztis
1633 5473 1791 5527 nullo
1817 5472 1973 5529 modo

332 5558 568 5627 Spiritus
615 5562 756 5611 est...
808 5558 1078 5626 siquidem
1122 5563 1201 5612 cst
1231 5560 1345 5627 Dei,
1397 5568 1444 5613 et
1491 5564 1694 5626 Patris,
1728 5567 1777 5615 et
1821 5563 1971 5622 Filii,

331 5647 449 5712 ille,
479 5648 576 5718 qui
625 5640 902 5705 οὐσιωδῶς
952 5641 999 5716 ἐξ
1044 5644 1268 5720 ἀμφοῖν,
1320 5645 1488 5719 ἤγουν
1544 5646 1603 5700 ἐκ
1649 5649 1858 5721 Πατρὸς
1909 5646 1976 5701 δι’

332 5735 460 5793 rio?)
504 5731 907 5815 προχεόμενον,
956 5737 1053 5810 qui
1110 5737 1551 5795 substantialzter
1595 5753 1664 5794 ex
1728 5747 1974 5813 utroque,

2080 4775 2242 4814 num.
2274 4761 2327 4825 8,
2362 4774 2477 4828 quo
2526 4757 2649 4812 loco
2681 4758 2999 4829 posteriore
3045 4759 3129 4813 sic
3158 4757 3239 4812 ait
3271 4775 3283 4811 :
3319 4781 3344 4807 ‹‹
3380 4757 3494 4811 Cur
3539 4757 3716 4812 Filius

2078 4847 2241 4915 dixit,
2295 4847 2357 4901 de
2404 4848 2568 4901 Patre
2609 4846 2846 4918 procedit
2894 4846 3167 4918 (Spiritus
3225 4849 3488 4914 sanctus)
3529 4845 3555 4898 ‘t
3604 4848 3720 4902 Cur

2077 4941 2270 5007 putas,
2305 4935 2416 4990 nisi
2445 4935 2943 5006 quemadmodum
2976 4937 3046 4990 ad
3079 4952 3210 4990 eum
3245 4934 3393 4990 solet
3424 4935 3635 4990 referre
3665 4938 3722 4989 et

2080 5025 2231 5095 quod
2286 5023 2470 5096 ipsius
2500 5028 2609 5089 est,
2642 5024 2712 5078 de
2764 5041 2878 5096 quo
2927 5029 2982 5079 et
3031 5025 3154 5096 ipse
3207 5024 3342 5078 est?
3370 5023 3533 5078 Unde
3576 5023 3720 5077 illud

2079 5118 2187 5184 est,
2221 5114 2374 5183 quod
2407 5112 2486 5166 ait
2518 5130 2529 5166 :
2563 5113 2673 5168 Mea
2721 5113 2968 5167 doctrina
3013 5130 3127 5166 non
3167 5116 3244 5167 est
3291 5129 3432 5176 mea,
3463 5112 3556 5166 sed
3603 5112 3720 5183 ejus

2080 5204 2173 5273 qui
2200 5204 2354 5256 misit
2382 5218 2486 5256 me.
2504 5202 2561 5256 Si
2593 5202 2771 5273 igitur
2803 5201 3145 5274 intelligitur
3174 5202 3268 5256 hic
3298 5202 3418 5267 eius
3450 5200 3720 5268 doctrina,

2081 5309 2256 5363 quam
2307 5295 2500 5346 tamen
2549 5292 2696 5346 dixit
2741 5308 2851 5346 non
2891 5308 3068 5357 suam,
3105 5291 3195 5346 sed
3242 5292 3450 5356 Patris,
3499 5293 3721 5360 quanto

2082 5380 2270 5451 magis
2299 5379 2418 5434 illic
2465 5379 2880 5451 intelligendus
2911 5385 3018 5447 est,
3051 5385 3106 5436 et
3137 5381 3206 5435 de
3236 5381 3363 5452 ipso
3395 5379 3721 5451 procedere

2083 5469 2335 5540 Spiritus
2374 5475 2632 5538 sanctus,
2666 5469 2765 5524 ubi
2796 5469 2877 5524 sic
2923 5469 3022 5536 ait,
3054 5468 3119 5523 de
3165 5469 3330 5524 Patre
3355 5467 3623 5540 procedit,
3657 5471 3722 5521 ut

2086 5575 2198 5613 non
2235 5559 2450 5613 diceret
2495 5559 2559 5612 de
2587 5575 2672 5613 me
2700 5575 2812 5614 non
2854 5558 3148 5629 procedit?
3173 5566 3215 5611 A
3250 5575 3364 5629 quo
3395 5562 3590 5612 autem
3623 5556 3728 5610 ha-

2086 5649 2182 5702 bet
2210 5648 2386 5702 Filius
2441 5655 2503 5702 ut
2531 5649 2605 5704 sit
2634 5649 2809 5715 Deus,
2841 5655 2926 5703 est
2958 5649 3112 5703 enim
3162 5651 3232 5703 de
3263 5653 3376 5702 Deo
3426 5653 3576 5701 Deus
3607 5664 3618 5713 ;
3651 5646 3722 5700 ab

2086 5735 2185 5793 illo
2210 5736 2386 5794 habet
2432 5737 2655 5810 utique,
2691 5742 2756 5794 ut
2785 5739 2960 5794 etiam
2993 5739 3063 5794 de
3094 5737 3191 5793 illo
3239 5737 3515 5810 procedat
3542 5734 3725 5808 Spiri-
