4094 6446
291 454 368 510 69

1533 451 1742 510 VITA.
1777 484 1854 494 —
1883 451 2399 515 DISSERTATIO
2447 454 2492 514 Ι.
3633 468 3712 527 70

298 589 392 638 tus
422 588 658 639 sanctus
678 599 700 644 ;
732 599 800 636 ae
833 599 936 653 per
966 582 1076 638 hoc
1107 583 1358 653 Spiritus
1395 585 1644 661 (sanctus
1677 588 1742 638 ut
1771 584 1946 638 etiam
1979 585 2031 649 Α
2062 590 2238 641 eunte
2268 604 2467 644 mense
2500 588 2678 661 legati
2720 590 2964 645 Romani
2996 593 3704 669 navigassent.Siquidem

307 674 374 728 de
401 673 545 727 Piiio
573 672 876 743 procedat,
941 672 1096 726 sicut
1143 671 1403 743 procedit
1458 689 1490 726 a
1520 672 1707 740 Patre,
1742 673 1812 728 ab
1842 674 1956 742 ipso

317 763 461 816 liubet
487 763 743 816 Patre....
768 761 840 815 Et
870 761 1049 815 simul
1083 761 1148 815 de
1176 766 1408 831 utraque
1423 761 1666 832 procedit
1687 761 1959 832 (num.9),

312 851 567 922 quamvis
598 850 714 905 hoc
746 851 891 905 Filio
924 850 1137 905 dederit
1163 853 1343 920 Pater,
1369 855 1430 903 ut
1460 851 1960 921 quemadmodum

312 940 471 1004 dese,
505 940 586 994 ita
643 940 712 994 de
768 938 877 994 illo
937 955 1173 1010 quoque
1235 939 1528 1010 procedat.
1584 961 1611 988 »
1672 939 1800 994 Haec
1830 955 1962 994 vero

303 1030 420 1100 jam
466 1028 610 1083 satis
639 1028 753 1082 hoc
785 1026 937 1082 loco.
995 1027 1123 1082 Alia
1181 1032 1318 1082 sunt
1349 1028 1442 1084 55
1490 1044 1652 1098 neque
1682 1028 1868 1083 solida
1898 1044 1963 1082 ae

305 1116 580 1189 praeclara
610 1120 826 1172 Grecae
858 1116 1116 1172 nationis
1149 1116 1383 1170 Patrum
1433 1116 1792 1183 testimonia,
1837 1133 1963 1188 quea

306 1223 406 1277 pro
434 1207 579 1260 data
637 1222 674 1260 a
723 1204 1081 1276 Pachymere
1133 1205 1454 1272 occasione,
1509 1206 1753 1260 inferius
1780 1206 1964 1260 addu-

305 1294 484 1348 cenda
516 1310 584 1348 ac
616 1292 978 1347 illustranda
1005 1299 1165 1348 sunt.

373 1382 440 1437 Il.
472 1385 712 1453 Anceps
752 1385 878 1436 erat
932 1382 1269 1452 patriarcha
1326 1382 1635 1453 Iosephus.
1689 1382 1970 1437 Firmavit

305 1471 501 1542 ipsum
533 1471 597 1525 in
629 1470 960 1543 pervicacia
992 1470 1318 1526 monachus
1369 1471 1555 1526 Jobus
1583 1471 1788 1526 Jasita.
1826 1471 1968 1526 Rem

303 1565 501 1614 narrat
533 1560 954 1631 Pachymeres,
1006 1558 1158 1614 libro
1214 1576 1268 1621 ν,
1330 1559 1516 1631 capite
1573 1559 1660 1614 42.
1705 1560 1786 1614 Ad
1819 1559 1970 1614 hanc

301 1665 436 1704 vero
467 1648 759 1702 inductus
791 1647 890 1702 ille
928 1651 1015 1702 est
1055 1665 1190 1702 eum
1238 1648 1584 1719 imperatore
1639 1649 1970 1704 conventio-

306 1754 486 1793 nem:
525 1739 594 1793 Ut
639 1736 1027 1808 patriarchati
1069 1735 1282 1807 palatio
1328 1753 1574 1807 egressus
1621 1737 1830 1809 (capite
1858 1738 1969 1808 47),

309 1827 742 1880 aversarentur
770 1842 832 1878 in
861 1825 1168 1896 Peribtepti
1195 1827 1542 1881 monasterio.
1593 1827 1743 1894 Quod
1772 1829 1823 1880 si
1849 1841 1974 1897 quae

308 1932 392 1969 res
423 1915 669 1970 obstaret
698 1931 768 1968 ne
824 1915 999 1983 legati
1038 1915 1134 1985 (ad
1196 1914 1506 1969 concilium
1550 1914 1776 1985 delecti)
1808 1932 1972 1986 nego-

313 2009 454 2059 tium
484 2003 840 2072 conﬁcerent,
875 2003 1087 2058 rediret
1128 2004 1223 2058 itte
1263 2006 1321 2057 in
1355 2004 1753 2074 patriarchales
1807 2004 1969 2060 ¢mles.

314 2095 410 2147 Sin
457 2097 643 2163 ecepta
673 2109 744 2146 ea:
772 2095 888 2147 voto
912 2100 1329 2163 peragerentur,
1369 2102 1486 2148 tum
1535 2109 1663 2148 sane
1692 2095 1973 2148 obsisteret

315 2183 542 2248 honore,
575 2183 861 2252 locumque
887 2183 1052 2236 atteri
1096 2182 1437 2237 concederet.
1498 2182 1578 2237 De
1619 2183 1970 2237 monasterio

314 2272 604 2338 virorum,
665 2269 837 2325 titulo
919 2270 1022 2337 τῆς
1080 2263 1474 2344 Περιϐλέπτου,
1538 2274 1801 2340 Πείρανέε
1856 2273 1970 2342 for-

314 2377 478 2416 mosae
547 2365 930 2429 nuncupato,
1008 2359 1128 2431 agit
1210 2359 1544 2432 Ducangius
1611 2360 1669 2414 in
1759 2360 1973 2416 Consti-

315 2450 551 2520 tinopoti
612 2449 961 2515 Christiana,
1047 2447 1196 2503 libro
1262 2465 1334 2516 IV,
1420 2449 1675 2505 sectione
1746 2450 1800 2517 2,
1862 2466 1969 2503 nu-

321 2555 487 2593 mero
516 2538 609 2592 36.

388 2627 670 2698 Migravit
720 2643 858 2698 ergo
916 2625 1268 2698 patriarcha,
1317 2623 1567 2700 ἑνδεκάτῃ
1619 2627 1787 2698 μηνὸς
1818 2627 1972 2680 Ἑκα-

316 2709 695 2785 τομϐαιῶνος,
749 2711 998 2789 δευτέρας
1050 2713 1438 2787 ἐπινεμήσεως,
1485 2719 1582 2769 τοῦ
1612 2716 1793 2791 ’ςψηβ
1821 2712 1972 2776 ἔτους

319 2805 406 2860 die
463 2805 770 2860 undecima
817 2806 1095 2874 Januarii,
1144 2805 1400 2861 secundae
1428 2806 1804 2873 indicationis,
1837 2807 1976 2861 anni

317 2895 482 2948 6782.
518 2903 731 2948 Annus
761 2899 849 2948 est
877 2911 1000 2948 eme
1029 2892 1286 2965 vulgaris
1320 2895 1475 2962 1274,
1511 2895 1748 2950 secunda
1794 2896 1972 2950 indic-

319 2985 467 3037 tione
502 2982 853 3053 insignitus.

392 3071 755 3142 Ill.Legatos
795 3071 864 3124 ad
915 3067 1225 3124 concilium
1251 3086 1286 3124 a
1317 3069 1595 3125 Michaele
1625 3071 1974 3144 imperatore

318 3161 580 3215 directos
636 3164 923 3213 memorat
980 3158 1358 3230 Paehymeres
1417 3161 1619 3215 eodem
1668 3161 1854 3232 capite
1885 3163 1970 3231 17,

319 3251 685 3317 Germanum,
718 3249 816 3318 qui
839 3247 1161 3319 patriarcha
1190 3248 1399 3320 fuerat.
1433 3248 1836 3321 abdiravitque
1885 3251 1970 3305 di-

319 3337 616 3410 gnitatem
670 3352 823 3391 anno
872 3337 1030 3402 4266,
1080 3338 1391 3408 episcopum
1441 3340 1646 3394 Nicaea
1696 3339 1972 3409 Theopha-
2002 3327 2046 3390 C

319 3443 490 3494 nem;
523 3425 786 3496 itemque
841 3443 914 3481 ex
966 3427 1253 3480 senatoriis
1307 3426 1467 3493 viris,
1526 3443 1792 3497 magnum
1836 3429 1978 3500 logo-

325 3517 540 3571 thetam
582 3515 976 3585 Acropolitam,
1001 3514 1295 3586 praesidem
1322 3517 1582 3571 vestiario
1612 3519 1974 3585 Panaretum,

328 3614 382 3659 et
410 3620 680 3673 magnum
723 3603 1073 3674 interpretem
1131 3605 1528 3660 Berrhaeotam.
1588 3606 1688 3660 His
1723 3605 1820 3660 alii
1854 3623 1981 3662 sese

329 3694 724 3763 adjunxerant
780 3691 1154 3747 ecclesiastici
1189 3693 1316 3746 viri.
1378 3693 1489 3748 Iter
1530 3711 1729 3750 eorum
1762 3696 1843 3750 ita
1871 3701 1979 3752 Pa-

333 3784 648 3851 ehymeres
698 3781 993 3847 describit,
1053 3783 1240 3853 capite
1296 3785 1386 3850 21,
1450 3788 1515 3838 ut
1577 3783 1721 3858 παρὰ
1771 3785 1980 3858 καιρὸν,

336 3872 523 3926 αιίεάο
557 3879 794 3941 tempore
841 3872 1102 3938 navigare
1131 3873 1242 3926 orsi
1295 3873 1426 3940 sint,
1457 3874 1556 3927 sub
1585 3875 1813 3928 initium
1840 3876 1984 3930 vide-

336 3962 464 4015 licet
526 3959 739 4029 Martii,
799 3958 1022 4032 Κρονίου
1088 3959 1192 4034 γὰρ
1248 3959 1559 4034 ἀρχομένου
1620 3961 1786 4032 μηνός
1841 3964 1983 4019 Hor-

333 4050 523 4105 renda
585 4047 839 4119 procella
884 4048 1089 4118 jactati
1148 4053 1305 4119 sunt,
1370 4052 1438 4120 τῇ
1499 4047 1810 4124 ἐνισταμὲνῃ
1863 4052 1986 4106 τότε

339 4136 562 4210 μεγάλῃ
619 4134 838 4207 πέμπτῃ
893 4134 1138 4210 ἑσπέρας,
1193 4139 1384 4208 quinta
1437 4139 1526 4194 die
1569 4141 1798 4211 Majoris
1853 4144 1984 4198 heb-

335 4227 598 4283 domade
625 4244 643 4278 :
677 4226 1075 4296 comitumque
1134 4227 1400 4281 nonnulli
1438 4228 1772 4286 miserabile
1801 4232 1986 4288 facere

337 4316 743 4387 naufragium.
787 4315 1068 4369 Currebat
1109 4332 1299 4370 annus
1329 4317 1492 4384 4274,
1541 4318 1857 4390 insignitus
1890 4322 1984 4376 lit-

337 4417 456 4461 tera
486 4405 823 4460 Dominicali
853 4404 920 4473 G,
979 4407 1037 4459 et
1075 4405 1223 4474 eycto
1258 4405 1404 4460 lunae
1430 4407 1484 4460 2.
1518 4409 1733 4472 Quarta
1761 4410 1987 4466 decima

333 4494 660 4562 Paschalis,
721 4510 755 4565 a
811 4493 901 4547 die
961 4492 1031 4546 42
1061 4493 1252 4547 Martii
1308 4500 1633 4566 numerata,
1665 4497 1871 4553 incidit
1926 4500 1985 4554 in

335 4585 494 4638 diem
520 4584 595 4636 25
622 4582 885 4652 ejusdem
920 4581 1111 4636 Martii
1137 4581 1498 4638 Dominicam
1526 4601 1537 4638 :
1575 4585 1730 4641 unde
1751 4603 1984 4643 sacrum

2068 673 2313 745 Κρόνιος,
2358 678 2512 732 idem
2577 684 2664 733 est
2721 696 2852 733 eum
2915 683 3343 740 Heatombaeone.
3404 686 3514 741 Sed
3575 705 3706 744 eum

2067 756 2243 818 iidem
2277 765 2360 819 illi
2392 766 2566 836 legati
2620 769 2688 821 ad
2723 768 3035 824 concilium
3087 771 3502 842 Lugdunense,
3552 779 3704 848 quod

2069 869 2218 907 anno
2251 853 2349 909 illo
2381 856 2578 909 eodem
2637 856 2769 910 4274
2818 857 3177 914 celebratum
3236 866 3343 933 est,
3395 865 3561 920 missi
3595 867 3716 922 sint

2070 943 2140 996 ab
2217 943 2565 1014 imperatore
2642 945 2938 1017 Michaele,
3018 965 3132 1003 non
3190 951 3334 1006 bene
3411 969 3543 1009 cum
3622 955 3710 1010 hi-

2073 1033 2254 1086 storia
2318 1037 2374 1086 et
2438 1033 2590 1088 Actis
2661 1033 2819 1090 illius
2901 1038 3105 1107 synodi
3174 1039 3510 1112 Pachymeri
3570 1061 3711 1099 con-

2072 1120 2247 1175 venit.
2276 1143 2304 1170 ››

2147 1237 2266 1290 Imo
2324 1252 2456 1290 eum
2511 1237 2876 1310 Pachymeris
2909 1241 3159 1298 Historia
3187 1261 3301 1299 non
3333 1246 3479 1302 bene
3509 1265 3712 1306 conve-

2075 1324 2161 1377 nit
2215 1327 2487 1379 mensium
2543 1327 2863 1399 assignatio
2923 1347 2956 1384 a
3012 1332 3353 1390 doctissimo
3386 1340 3443 1391 et
3503 1354 3714 1411 magno

2074 1413 2195 1467 viro
2226 1413 2396 1468 facta.
2458 1417 2756 1481 Quomodo
2807 1418 2962 1472 enim
3023 1423 3310 1492 navigatio
3368 1424 3711 1497 legatorum,

2078 1518 2204 1572 qua:
2234 1507 2418 1574 ccepta
2477 1503 2692 1559 dicitur
2745 1508 3006 1578 Augusto
3039 1525 3237 1566 mense
3266 1511 3522 1581 ineunte,
3578 1533 3715 1572 con-

2077 1591 2269 1646 veniat
2299 1609 2430 1646 cum
2463 1594 2789 1664 naufragio,
2823 1597 2975 1666 quod
3008 1597 3180 1668 paulo
3230 1606 3362 1672 post
3392 1605 3714 1677 navigatio-

2079 1696 2213 1735 nem
2241 1680 2534 1752 inceptam
2593 1682 2874 1739 aceidisse
2923 1687 3138 1742 dicitur
3166 1690 3256 1744 die
3295 1695 3491 1762 quinta
3520 1693 3714 1750 hebdo-

2079 1769 2254 1824 madas
2306 1784 2543 1840 magna,
2601 1787 2728 1842 quas
2773 1790 2982 1845 nempe
3030 1782 3298 1833 sanetum
3341 1781 3562 1838 Pascha
3592 1803 3718 1855 pro-

2080 1859 2234 1913 xime
2264 1858 2582 1928 prreeedit?
2643 1859 2837 1931 Neque
2893 1861 3115 1936 Κρόνιον
3150 1883 3411 1925 mensem
3445 1865 3715 1929 eumdem

2000 1961 2048 2025 Β
2079 1963 2206 2001 esse
2238 1947 2573 2018 Paehymeri
2607 1953 2780 2018 atque
2839 1947 3303 2024 Ἑκατομϐαιῶνα,
3345 1976 3534 2032 neque
3565 1964 3718 2020 hunc

2081 2036 2350 2090 eumdem
2385 2052 2516 2090 cum
2548 2042 2836 2108 Augusto,
2858 2040 2985 2109 jam
3018 2049 3173 2098 certo
3203 2051 3261 2099 et
3292 2049 3595 2120 perspicue
3625 2053 3720 2108 de-

2082 2124 2426 2214 monstravit
2456 2124 2659 2214 Petrus
2690 2126 2970 2184 Possinus
3002 2130 3058 2184 in
3093 2132 3369 2191 Michaele
3400 2135 3718 2214 Palaeologo

2081 2213 2430 2284 imperatore
2461 2213 2517 2267 in
2553 2215 3072 2275 Observationibus
3115 2221 3262 2279 llbI‘O
3315 2242 3377 2279 ιιι
3439 2213 3717 2286 chonolo-

2081 2302 2226 2374 gico,
2260 2303 2444 2373 capite
2476 2304 2526 2357 1.
2558 2304 2820 2376 Namque
2878 2306 3022 2362 iilud
3083 2311 3272 2381 primo
3316 2320 3562 2389 constat,
3614 2319 3718 2376 Pa-

2081 2390 2411 2462 chymerem
2438 2394 2638 2461 prater
2674 2410 2877 2450 morem
2935 2413 3198 2471 usumque
3230 2411 3572 2476 caeterorum,
3603 2409 3722 2465 sive

2081 2484 2362 2544 veterum,
2395 2481 2514 2535 sive
2554 2483 2896 2556 recentium,
2929 2487 2987 2540 in
3032 2491 3316 2546 mensibus
3373 2494 3721 2565 appellandis

2081 2584 2304 2622 navasse
2333 2585 2352 2622 :
2384 2585 2449 2622 ac
2481 2568 2624 2624 illud
2680 2578 2926 2642 praetera
2983 2581 3159 2646 patet.
3195 2579 3380 2636 facem
3413 2583 3721 2654 prieteren-

2081 2657 2242 2712 tibus
2273 2657 2559 2728 codicum,
2606 2661 2820 2730 quibus
2852 2662 2948 2718 ille
3006 2682 3149 2721 usus
3181 2673 3268 2723 est
3300 2672 3722 2744 marginalibus

2083 2745 2354 2817 postillis,
2416 2749 2921 2806 Hecatambaeonem
2969 2757 3241 2812 eumdem
3291 2775 3419 2814 esse
3461 2778 3595 2818 eum
3625 2769 3724 2821 Ja-

2080 2839 2301 2901 nuario,
2334 2841 2390 2891 et
2421 2836 2680 2893 Cronium
2710 2856 2842 2894 cum
2899 2843 3119 2899 Martio.
3152 2845 3281 2900 Haec
3321 2864 3452 2904 vero
3484 2853 3723 2910 nomina

2082 2925 2344 2980 Romana
2375 2925 2587 2982 Graecis
2645 2927 2855 2984 litteris
2886 2931 3103 2986 ibidem
3159 2935 3376 3007 scripta
3416 2938 3473 2992 in
3507 2943 3722 3013 margi-

2078 3014 2250 3069 nibus
2308 3013 2580 3103 leguntur
2619 3016 2727 3072 hoc
2760 3020 2932 3074 modo
2965 3037 2977 3075 :
3016 3020 3340 3098 Ἰανουαρίου
3371 3032 3428 3082 et
3456 3028 3718 3103 Μαρτίου,

2082 3104 2208 3166 Qua
2240 3102 2426 3174 posita
2472 3104 2764 3159 mensium
2817 3108 2971 3178 apud
3022 3109 3433 3183 Paehymere'n
3492 3102 3721 3189 notitia,

2082 3192 2390 3262 positoque
2421 3208 2553 3257 usu,
2588 3193 2716 3248 bene
2743 3199 3074 3253 conveniunt
3099 3202 3289 3257 omnia
3309 3219 3432 3259 cum
3460 3205 3716 3265 historia.

2083 3280 2363 3351 Superius
2393 3281 2523 3335 vide
2554 3285 2728 3352 caput
2759 3284 2810 3352 4,
2839 3302 3001 3340 num.
3034 3289 3086 3341 3.

2157 3405 2246 3459 IV.
2303 3404 2497 3459 Prima
2554 3406 2778 3461 concilii
2837 3408 3242 3482 Lugdunensis
3300 3416 3502 3474 habita
3532 3420 3722 3478 fuerat

2088 3495 2274 3551 sessio
2303 3495 2504 3549 eodem
2564 3512 2714 3551 anno
2753 3498 2912 3566 4274,
2952 3500 3046 3556 die
3077 3503 3112 3554 7
3143 3504 3300 3573 Maii,
3359 3508 3417 3562 in
3477 3509 3724 3569 ecclesia

2089 3585 2282 3640 Sancti
2321 3583 2580 3640 Joannis.
2633 3586 2718 3640 Ad
2766 3586 3101 3644 vicesimam
3152 3598 3414 3650 octavam
3458 3599 3722 3669 ejusdem

2091 3673 2313 3728 mensis
2371 3673 2589 3728 indicta
2645 3679 2769 3729 erat
2825 3677 3007 3733 sessio
3065 3684 3341 3738 secunda.
3388 3688 3533 3742 Ante
3559 3688 3724 3746 illam

2095 3764 2319 3818 litteras
2349 3761 2690 3831 legatorum,
2725 3781 2872 3835 quos
2903 3767 3154 3836 pontifex
3184 3771 3423 3829 miserat
3444 3775 3726 3834 Constan-

2091 3850 2421 3922 tinOpolim,
2471 3851 2691 3921 accepit
2722 3855 3080 3927 nuntiantes,
3121 3859 3246 3929 jam
3280 3879 3341 3917 se
3371 3879 3548 3936 prope
3576 3883 3725 3936 esse,

2094 3945 2270 4011 atque
2302 3939 2359 3993 in
2387 3939 2667 3993 comitatu
2699 3939 2912 3998 habere
2939 3943 3160 4015 legatos
3200 3950 3550 4010 Graecorum.
3585 3955 3733 4012 Hine

2096 4028 2279 4084 sessio
2301 4026 2481 4082 dilata
2504 4027 2560 4082 in
2595 4028 2747 4083 diem
2772 4032 3081 4102 septimam
3109 4036 3506 4096 Junii.Eodem
3533 4061 3734 4102 mense

2095 4117 2187 4172 die
2215 4117 2284 4170 24
2346 4121 2732 4186 pervenerunt
2787 4119 3160 4192 Lugdunum,
3219 4129 3526 4186 redeuntes
3585 4133 3731 4188 Con-

2095 4203 2439 4276 tantinopoli
2472 4205 2660 4260 nuntii
2684 4209 2986 4278 pontiﬁcii,
3021 4229 3087 4267 ae
3119 4215 3285 4271 missi
3317 4219 3387 4272 ad
3419 4221 3733 4278 concilium

2095 4295 2273 4350 Graeci
2305 4294 2685 4366 apocrisiarii.

2167 4410 2408 4464 Summo
2439 4411 2699 4481 pontiﬁci
2730 4411 2933 4469 litteras
2992 4417 3217 4487 oblatae,
3273 4438 3418 4492 quas
3448 4425 3736 4482 dederunt

2095 4498 2340 4554 Michael
2363 4498 2717 4571 Palaeologus
2741 4503 3041 4575 Augustus
3071 4513 3129 4562 et
3157 4510 3523 4568 Andronicus
3555 4514 3734 4585 ﬁlius,

2096 4604 2269 4660 quem
2325 4587 2607 4659 collegam
2663 4590 2890 4662 imperii
2945 4611 3098 4650 anno
3130 4597 3270 4652 4272
3303 4607 3738 4674 nuncupaverat

337 4673 566 4727 Pascha
601 4671 843 4725 dilatum
907 4669 1014 4724 fuit
1045 4670 1114 4725 ad
1146 4670 1290 4726 diem
1352 4673 1373 4725 1
1435 4674 1657 4744 Aprilis.
1691 4675 1822 4730 Fuit
1849 4693 1984 4749 ergo
2016 4690 2064 4754 D
2096 4682 2278 4748 pater,
2310 4682 2367 4731 et
2397 4676 2494 4731 alii
2525 4676 2721 4748 plures
2777 4680 3164 4739 Ecclesiarum
3197 4686 3376 4743 Graeci
3421 4669 3734 4748 antistites.

339 4761 440 4815 illo
470 4777 627 4815 anno
657 4761 855 4830 quinta
885 4759 1004 4814 dies
1033 4760 1294 4830 majoris,
1327 4763 1428 4815 aut
1454 4778 1671 4830 magnae
1700 4763 1988 4821 hebdoma-

337 4849 428 4906 ἐκ
458 4851 584 4904 dies
613 4849 684 4902 29
711 4848 925 4902 Martii.

421 4939 740 5010 Dionysius
768 4938 1061 5001 Petavius,
1093 4937 1237 4992 libro
1271 4953 1345 4991 vn
1370 4939 1448 4992 De
1497 4939 1758 4995 Triniiate
1782 4942 1850 4996 de
1898 4943 1992 4997 his

339 5028 823 5094 Hecatomba'onis,
858 5032 912 5082 et
944 5025 1170 5081 Chronii
1200 5027 1522 5093 mensibus,
1557 5045 1703 5098 quos
1733 5031 1996 5092 nominat

334 5118 750 5188 Pachymeres,
792 5114 911 5169 haec
947 5115 1120 5169 habet
1150 5113 1336 5185 capite
1363 5115 1412 5180 4,
1441 5133 1601 5172 num.
1635 5118 1669 5170 9
1698 5134 1710 5171 :
1746 5119 1994 5191 «Legati

330 5211 602 5278 Augusto
645 5221 850 5260 mense
890 5204 1125 5258 ineunte
1155 5202 1441 5258 solventes
1497 5206 1995 5279 Constantinopoli

334 5297 415 5350 ita
472 5296 640 5350 enim
703 5292 930 5366 Κρὸνιον
966 5308 1227 5347 mensem
1287 5291 1637 5363 interpretor
1683 5297 1834 5364 apud
1890 5296 1996 5352 Pa-

333 5383 724 5457 cbymerem),
785 5383 972 5436 aliena
1038 5382 1178 5434 anni
1231 5386 1561 5450 tempestate,
1623 5384 1993 5456 naufragium

324 5478 648 5544 fecerunt...
715 5471 848 5526 Haze
903 5486 1051 5525 anno
1107 5469 1302 5523 mundi
1355 5470 1515 5548 6782,
1551 5471 1853 5528 indictione
1909 5491 1996 5530 se-

321 5566 520 5630 cunda,
559 5560 1040 5619 Hecatombzonis
1097 5558 1402 5624 undecima,
1435 5565 1597 5631 gesta
1645 5577 1773 5617 esse
1820 5564 1996 5620 refert

317 5654 746 5730 Pachymeres,
805 5649 906 5721 qui
949 5663 1139 5703 annus
1191 5651 1343 5702 esset
1373 5648 1544 5704 debet
1590 5649 1801 5706 Christi
1833 5653 1992 5723 4274,

316 5745 411 5803 56
439 5755 502 5804 et
528 5740 828 5817 Augusti,
861 5737 954 5796 vel
983 5737 1120 5795 Julii
1177 5736 1300 5794 dies
1356 5737 1688 5812 undecima,
1739 5758 1873 5799 cum
1904 5744 1992 5800 in-

2093 4764 2278 4820 Simul
2305 4781 2508 4850 omnes
2539 4766 2630 4820 die
2659 4768 2729 4820 29
2756 4767 2938 4834 Junii,
2972 4773 3250 4842 apostolis
3282 4775 3450 4832 Petro
3484 4783 3540 4834 et
3562 4779 3736 4835 Paulo

2101 4871 2286 4918 sacra,
2319 4854 2390 4909 ad
2423 4856 2700 4926 mysteria
2759 4857 2951 4912 divina
2982 4870 3390 4920 convenerunt.
3448 4867 3596 4923 Tum
3630 4870 3736 4925 La-

2103 4943 2224 4998 tine
2253 4943 2405 4997 inter
2461 4944 2746 4998 misarum
2805 4946 3090 5004 solemnia
3146 4951 3482 5024 Symbolum
3532 4958 3738 5013 reeita-

2103 5037 2228 5086 tum
2263 5049 2278 5087 :
2311 5049 2376 5086 ac
2407 5031 2600 5087 Graece
2657 5050 2691 5088 a
2729 5034 3015 5091 Germano
3049 5038 3187 5094 olim
3222 5043 3572 5116 patriarcha,
3604 5063 3737 5102 cum

2104 5121 2472 5193 proeessione
2503 5121 2754 5193 Spiritus
2806 5125 2990 5179 sancti
3050 5145 3084 5182 a
3136 5130 3300 5185 Patre
3323 5134 3591 5204 Filioque.
3625 5136 3739 5190 Lit-

2103 5214 2237 5265 terae
2269 5227 2302 5264 ο.
2349 5210 2560 5265 Graecis
2605 5211 2769 5277 datae,
2824 5229 3016 5269 coram
3066 5217 3377 5291 palamque
3433 5223 3590 5279 lectae
3649 5224 3742 5281 die

2104 5303 2264 5354 sexta
2314 5297 2474 5362 Julii,
2527 5299 2588 5353 In
2620 5297 2691 5353 iis
2721 5317 2863 5368 quas
2895 5305 3209 5375 scripserat
3240 5308 3576 5380 imperator,
3607 5329 3739 5385 pro-

2105 5388 2280 5442 fessio
2303 5386 2435 5473 ﬁdei
2465 5387 2794 5443 continetur
2814 5407 2946 5446 eum
2979 5397 3162 5449 sancti
3195 5397 3446 5467 Spiritus
3477 5400 3570 5456 ω
3607 5418 3741 5473 pro-

2104 5477 2364 5531 cessione
2390 5472 2448 5527 ἐκ
2477 5475 2685 5548 Ιῐατρὸς
2718 5482 2842 5531 ὶίοῦ
2871 5500 2946 5535 τε.
2979 5482 3241 5556 Rogabat
3274 5485 3371 5542 ille
3403 5504 3534 5543 vero
3585 5472 3741 5545 sum-

2104 5581 2268 5620 mum
2301 5564 2634 5621 Pontificem
2671 5583 2682 5621 ε
2716 5576 2776 5623 ut
2830 5570 3068 5626 Ecclesia
3114 5573 3311 5630 Graeca
3361 5576 3566 5634 diceret
3615 5596 3743 5634 san-

2101 5659 2248 5709 ctum
2273 5653 2599 5724 symbolum,
2627 5662 2792 5726 prout
2810 5658 3019 5717 dicebat
3045 5663 3142 5718 hoc
3169 5675 3294 5720 ante
3312 5667 3548 5724 schisma
3575 5685 3741 5743 usque

2101 5748 2160 5801 in
2189 5745 2512 5802 hodiernum
2540 5744 2704 5806 diem.
