4094 6496
256 501 322 559 73
1489 495 1699 555 VITA.
1731 526 1809 537 -—
1838 494 1908 553 Dl

2021 493 2357 555 ER'I‘A'I‘IO
2403 496 2448 554 Ι.
3589 496 3665 554 74

263 630 555 703 splendide,
585 644 716 701 quia
742 627 1088 684 mendaciter
1116 629 1545 698 afﬁrmabantur
1568 668 1581 680 .
1613 669 1625 681 .
1663 669 1673 679 .
1707 626 1800 682 sed
1830 634 1908 681 te-
1939 627 1993 692 Α
2021 627 2153 680 dem
2187 643 2339 682 anno
2372 629 2528 695 1276,
2561 628 2778 683 electus
2819 629 2910 684 die
2960 628 3026 681 15
3074 626 3452 697 Septembris,
3484 627 3666 681 dena-

269 722 484 778 nebatur
511 736 574 775 ne
617 719 679 772 id
725 721 939 788 faceret
985 733 1079 784 ea,
1111 733 1277 788 quam
1328 718 1469 781 dixi,
1512 721 1744 772 ratione.
1780 719 1904 784 Qua

271 819 435 865 tamen
461 824 713 864 excussus
747 807 822 862 ad
869 815 1188 861 extremum
1233 814 1327 872 est,
1358 807 1548 860 venire
1592 813 1805 860 coactus
1835 805 1905 859 ad

265 901 687 971 exprimentur);
745 897 953 963 scripto
1017 894 1335 966 disputandi
1397 895 1661 950 adversus
1717 902 1905 948 contra

266 989 559 1042 sententias.
596 985 746 1040 Hinc
779 1001 814 1038 a
846 984 1026 1038 Becco
1071 983 1290 1054 scripta
1318 983 1488 1054 plura
1535 982 1644 1039 hoc
1675 986 1900 1053 tempo-

263 1093 318 1132 re
342 1093 401 1131 ac
445 1075 725 1146 deinceps
769 1071 1063 1144 prodiere,
1103 1088 1232 1142 quas
1263 1069 1654 1142 bibliographi
1704 1085 1901 1124 recen-

259 1171 394 1220 sent.
435 1163 608 1218 Edita
656 1165 931 1232 prostant
979 1158 1264 1214 nonnulla
1315 1160 1468 1231 apud
1519 1158 1800 1214 Allatium
1841 1158 1899 1212 in

257 1254 448 1309 Gracia
476 1251 817 1315 orthodoxa,
852 1249 1033 1304 tomis
1063 1247 1085 1302 Ι
1117 1253 1175 1303 et
1209 1249 1277 1302 Il.

319 1341 519 1398 Paucis
576 1337 894 1410 complecti
961 1336 1139 1392 liceat
1190 1337 1532 1408 Epigraphas
1589 1337 1738 1407 ejus,
1799 1353 1901 1391 seu

251 1431 692 1502 Przscnptiones
724 1429 785 1483 in
816 1427 967 1482 dicta
1012 1442 1076 1480 ac
1105 1427 1407 1481 sententias
1452 1433 1765 1482 sanctorum
1795 1427 1900 1480 Pa-

251 1525 405 1585 trum,
436 1535 590 1590 quas
621 1517 752 1589 ipse
783 1514 1117 1586 collegerat.
1151 1514 1346 1568 Prima
1383 1514 1586 1569 Patres
1617 1515 1784 1570 offert
1813 1514 1902 1567 di-

250 1616 434 1664 centes
472 1608 758 1679 Spiritum
805 1612 1064 1659 sanctum
1094 1620 1134 1657 a
1180 1604 1338 1669 Filio,
1373 1601 1633 1674 aliosque
1681 1619 1784 1674 per
1808 1604 1900 1657 Fi-

250 1700 380 1754 lium
420 1717 441 1751 :
495 1695 722 1768 quibus
774 1693 1087 1758 evincitur,
1117 1694 1528 1762 praepositiones
1576 1707 1643 1746 ex
1700 1697 1753 1746 et
1801 1708 1904 1762 per

252 1790 380 1842 vires
408 1786 620 1841 habere
665 1783 928 1854 aequales.
966 1783 1028 1836 In
1063 1779 1246 1836 altera
1275 1779 1633 1852 colliguntur
1663 1780 1900 1835 Patrum

249 1874 604 1939 testimonia,
635 1889 768 1944 quas
800 1873 1144 1927 continenter
1171 1873 1219 1924 et
1251 1869 1566 1924 immediate
1596 1870 1804 1923 Filium
1832 1885 1904 1924 es:

255 1968 410 2022 Patre
454 1979 574 2019 esse
624 1968 1098 2020 commonstrant;
1131 1959 1286 2014 unde
1331 1958 1596 2024 infertur,
1629 1958 1900 2028 Spiritum

252 2057 494 2109 sanetum
525 2067 644 2107 esse
673 2066 776 2121 per
802 2049 1028 2104 Filium.
1062 2047 1374 2102 Sententiae
1413 2051 1813 2119 congeruntur
1839 2047 1899 2100 in

255 2145 435 2207 tertia,
470 2156 604 2212 qua:
635 2141 848 2194 Filium
877 2141 1086 2192 vocant
1113 2137 1408 2204 imaginem
1455 2136 1658 2203 Patris,
1693 2140 1748 2189 et
1779 2135 1900 2206 Spi-

257 2234 414 2285 ritum
469 2233 737 2285 sanctum
787 2229 1086 2297 imaginem
1131 2226 1264 2280 Filii
1301 2243 1318 2278 :
1360 2225 1515 2279 hunc
1563 2226 1788 2294 faciem,
1849 2229 1904 2278 et

259 2323 631 2390 operationem
686 2317 890 2380 Patris,
942 2314 1112 2369 illum
1170 2314 1541 2382 operationem
1597 2317 1650 2368 et
1701 2314 1905 2383 faciem

256 2410 392 2463 Filii.
440 2408 669 2471 Quarta
716 2403 1055 2460 testimonia
1099 2401 1376 2465 continet,
1409 2402 1623 2472 quibus
1669 2402 1904 2472 Spiritus

257 2498 595 2552 enuntiatur
643 2510 742 2565 per
795 2493 1002 2548 Filium
1055 2493 1208 2546 Patri
1253 2491 1525 2563 conjungi
1574 2508 1593 2544 :
1653 2507 1718 2545 ac
1772 2490 1907 2547 ordo

260 2586 531 2640 statuitur
559 2587 624 2638 in
677 2584 967 2647 Tnnitate,
1000 2581 1432 2652 Scripturarum
1483 2580 1844 2650 testimonia,
1875 2597 1908 2636 a

259 2675 522 2745 patribus
551 2672 843 2743 exposita,
876 2669 935 2724 in
987 2670 1194 2740 quinta
1243 2657 1574 2740 Epigrapha
1604 2669 1905 2724 continen-

261 2769 367 2817 tur.
401 2762 654 2817 Exhibet
683 2765 850 2815 sexta
874 2759 1216 2826 sententias,
1247 2774 1375 2828 quae
1414 2756 1906 2828 aequipollentiam

261 2852 690 2916 demonstrant.
721 2849 844 2902 sive
875 2847 1103 2902 dicatur
1147 2846 1387 2917 Spiritus
1412 2861 1481 2900 ex
1528 2850 1694 2900 Patre
1719 2861 1907 2917 proce-

259 2941 403 3005 dere,
427 2943 546 2995 sive
573 2955 652 2994 ea:
679 2938 827 2992 Filio
873 2937 1138 3006 accipere.
1176 2937 1234 2989 In
1267 2935 1518 3005 septima
1550 2939 1814 3005 prostant
1842 2951 1911 2990 ea

261 3030 434 3091 dicta,
467 3045 598 3099 qua
649 3025 967 3092 decernunt,
997 3040 1067 3079 ea:
1103 3024 1266 3078 Patre
1310 3023 1582 3094 progredi,
1624 3023 1908 3093 profundi,

263 3119 442 3172 emitti
466 3117 750 3188 Spiritum
779 3117 1029 3168 sanctum
1061 3113 1122 3166 in
1158 3112 1275 3166 illis
1300 3113 1590 3182 pericopis,
1623 3113 1681 3165 in
1715 3111 1912 3183 quibus

266 3209 426 3260 illum
456 3223 528 3261 ea:
563 3209 729 3260 Patre
770 3203 1062 3275 procedere
1104 3202 1399 3257 dicendum
1428 3206 1575 3256 erat.
1615 3203 1822 3272 Agitur
1849 3202 1909 3256 in

263 3303 467 3351 octava
495 3298 704 3350 contra
735 3309 832 3348 eos
861 3291 982 3363 qui,
1014 3291 1317 3345 audientes
1361 3290 1632 3361 Spiritum
1662 3299 1912 3345 sanctum

2013 719 2228 785 tusque
2257 733 2372 770 xvu
2417 717 2538 771 Kal.
2570 716 2731 772 Junii
2781 733 2933 771 anno
2962 716 3298 787 insequenti
3332 717 3493 771 1277.
3527 715 3665 772 Suo-

2012 805 2187 860 cessit
2216 804 2488 860 Nicolaus
2533 806 2630 872 III,
2663 805 2755 861 die
2782 806 2854 859 25
2883 805 3226 860 Novembris
3259 821 3271 858 :
3308 821 3423 876 quo
3455 805 3661 860 seden-

2010 896 2088 960 te,
2123 893 2300 948 (ἔτωοὶ
2331 893 2506 966 legati
2538 898 2929 965 pervenerunt
2958 909 3090 949 cum
3122 893 3332 950 litteris
3361 893 3661 950 Michaelis

2012 987 2068 1036 et
2111 981 2428 1037 Andronici
2475 983 2919 1054 imperatorum,
2951 986 3009 1038 et
3052 982 3299 1038 Joannis
3348 981 3510 1038 Becci
3565 999 3662 1055 pa-

2009 1070 2275 1125 triarcha
2310 1087 2323 1125 :
2357 1071 2572 1142 quibus
2614 1077 2807 1127 ratum
2855 1072 3202 1141 habebatur,
3253 1071 3539 1143 quidquid
3581 1071 3655 1128 ab

2009 1161 2095 1214 eis
2124 1159 2184 1214 in
2217 1159 2448 1232 negotio
2491 1161 2653 1232 pacis
2705 1161 3023 1232 expetitum
3074 1160 3282 1216 fuerat.
3318 1160 3514 1216 Refert
3556 1177 3654 1218 eas

2011 1248 2360 1305 Laurentius
2409 1250 2587 1305 Cozza
2624 1264 2693 1305 ex
2738 1251 2966 1315 Bzovio,
3015 1254 3073 1306 et
3124 1251 3443 1322 Raynaldo,
3492 1254 3656 1322 parte

2013 1353 2089 1400 IV,
2147 1337 2219 1392 de
2267 1337 2596 1393 Graecorum
2647 1338 2987 1402 schismate,
3035 1339 3221 1410 capite
3267 1340 3356 1410 33,
3407 1357 3440 1394 a
3487 1355 3652 1396 num.

2011 1426 2169 1480 1416,
2203 1425 2356 1481 Date
2387 1433 2526 1482 sunt
2566 1429 2773 1483 mensis
2820 1425 3052 1498 Aprilis,
3077 1428 3292 1500 quinta
3343 1429 3659 1485 mdictionis

2009 1518 2163 1568 sexto
2205 1514 2439 1570 milleno
2476 1519 2708 1588 septimo
2740 1524 2962 1572 centeno
2993 1518 3306 1587 octogesimo
3335 1519 3532 1590 quinto
3557 1535 3659 1573 an-

2010 1617 2100 1670 no,
2131 1603 2345 1658 Christi
2369 1604 2636 1660 videlicet
2666 1606 2824 1659 1277.

2083 1693 2145 1746 In
2177 1707 2244 1746 ea
2291 1709 2468 1764 quam
2522 1695 2732 1749 Beccus
2781 1695 3114 1766 patriarcha
3162 1694 3496 1767 scripserat,
3529 1697 3664 1766 ﬁdei

2007 1782 2273 1852 professio
2346 1782 2696 1837 continetur.
2749 1783 2834 1837 Ad
2905 1783 3336 1855 processionem
3411 1785 3662 1857 Spiritus

2014 1869 2201 1924 sancti
2233 1871 2387 1941 quod
2421 1871 2645 1940 attinet,
2682 1871 2766 1927 sic
2798 1872 2990 1928 aiebat
3022 1890 3034 1928 :
3069 1895 3095 1922 ‹‹
3134 1873 3506 1944 Profunditur
3536 1874 3661 1946 Spi-

2015 1957 2162 2012 ritus
2195 1964 2431 2015 sanctue
2477 1961 2652 2031 (quod
2707 1961 2862 2015 enim
2912 1961 3109 2033 idem),
3142 1961 3404 2029 procedit,
3453 1979 3660 2034 quem-

2014 2046 2332 2101 admodum
2363 2064 2397 2101 α
2425 2049 2572 2116 fonte
2599 2050 2704 2105 Deo
2732 2055 2785 2104 et
2811 2051 2984 2105 Patre
3014 2069 3032 2103 :
3059 2050 3424 2122 profunditur
3458 2055 3654 2107 autem

2011 2138 2069 2189 et
2096 2135 2167 2190 ab
2195 2137 2308 2206 ipso
2336 2138 2500 2206 Filio,
2536 2139 3034 2207 quemadmodum
3081 2156 3118 2195 a
3147 2142 3319 2212 fonte,
3349 2139 3505 2196 velut
3535 2141 3655 2196 uti-

2012 2238 2125 2294 que
2154 2239 2220 2277 ex
2250 2223 2376 2294 ipso
2407 2224 2522 2280 Deo
2555 2228 2612 2280 et
2640 2227 2827 2282 Patre.
2867 2227 2974 2282 Sed
3005 2227 3139 2283 licet
3166 2228 3334 2284 Pater
3363 2228 3492 2284 fons
3524 2230 3654 2300 Spi-

2013 2312 2160 2366 ritus
2209 2313 2394 2367 sancti
2444 2313 2540 2379 sit,
2573 2318 2629 2369 et
2677 2315 2855 2370 Filius
2906 2315 3035 2370 fons
3082 2317 3333 2388 Spiritus
3378 2319 3457 2373 sit
3493 2334 3652 2374 :non

2011 2406 2208 2456 tamen
2255 2401 2361 2457 duo
2407 2405 2578 2472 fontes
2629 2403 2882 2475 Spiritus
2933 2411 3073 2461 sunt
3123 2405 3306 2476 Pater,
3351 2412 3408 2463 et
3456 2407 3652 2481 Filius,

2019 2491 2196 2546 Unum
2253 2491 2408 2546 enim
2463 2495 2667 2562 fontem
2724 2494 2994 2565 Spiritus,
3045 2495 3264 2551 Patrem
3323 2501 3375 2552 et
3425 2498 3652 2567 Filium,

2017 2579 2206 2635 ﬁdelis
2253 2585 2311 2635 et
2360 2581 2456 2651 pia
2502 2580 2888 2654 intelligentia
2935 2587 3110 2639 tenet.
3144 2585 3213 2638 Et
3260 2589 3494 2656 propter
3544 2586 3654 2642 hoc

2015 2684 2356 2725 communem
2386 2673 2595 2734 Patris,
2628 2675 2679 2726 et
2707 2672 2842 2726 Filii
2888 2671 3160 2742 Spiritum
3188 2677 3441 2729 sanctum
3469 2675 3661 2731 Eccle-

2019 2756 2116 2810 siae
2175 2755 2491 2814 luminaria
2537 2763 2594 2812 et
2650 2759 2916 2814 doctores
2963 2760 3447 2834 theologizarunt.
3495 2763 3660 2819 Sicut

2017 2845 2171 2900 enim
2203 2845 2268 2900 de
2307 2846 2609 2901 substantia
2636 2847 2825 2902 Patris
2870 2849 3199 2905 naturaliter
3228 2850 3483 2922 Spiritus
3514 2857 3604 2907 est
3641 2870 3656 2908 :

2019 2933 2104 2988 sic
2132 2938 2189 2988 et
2217 2934 2312 2988 0|
2367 2951 2436 2989 ea:
2478 2937 2789 2990 substantia
2838 2937 2973 2992 Filii
3016 2939 3358 2994 naturaliter
3405 2941 3660 3011 Spiritus

2020 3027 2148 3089 est;
2181 3023 2334 3079 sicut
2357 3025 2680 3080 secundum
2734 3026 3127 3081 substantiam
3171 3027 3298 3082 Filii
3329 3028 3573 3094 exsistit,
3606 3034 3664 3085 et

2018 3112 2147 3184 (sic)
2196 3113 2466 3184 proprius
2518 3118 2605 3168 est
2662 3114 2926 3169 essentias
2971 3115 3179 3184 Patris,
3231 3121 3288 3171 et
3335 3133 3450 3172 non
3503 3123 3664 3174 extra

2020 3200 2170 3256 hanc
2209 3201 2468 3271 procedit
2497 3201 2556 3255 in
2605 3218 2752 3257 esse.
2786 3204 3142 3258 Naturalium
3170 3204 3325 3260 enim
3377 3206 3662 3262 bonorum

2021 3289 2120 3344 Dei
2153 3294 2210 3343 et
2237 3290 2424 3344 Patris
2469 3292 2835 3347 essentialiter
2881 3292 3165 3348 exsistens
3198 3293 3380 3349 Filius
3425 3311 3664 3350 commu-

265 3403 331 3440 α
378 3389 553 3440 Patre
597 3398 714 3438 esse
757 3383 837 3452 (et
885 3397 952 3436 ex
1000 3380 1142 3434 Filio
1189 3381 1292 3434 80
1348 3386 1450 3434 aut
1502 3396 1607 3452 per
1656 3379 1913 3446 Filium),
1945 3364 1988 3432 C
2025 3380 2257 3446 nicator,
2290 3379 2449 3434 habet
2495 3379 2799 3449 Spiritum.
2835 3403 2864 3429 ››
2899 3381 2980 3436 Ad
3032 3382 3224 3452 operis
3269 3382 3666 3455 complemen-

266 3489 558 3542 emanare,
588 3477 662 3538 ﬁet
707 3469 889 3538 egredi
906 3486 926 3529 .·
952 3485 1064 3524 ηοη
1092 3469 1340 3524 divinam
1383 3471 1628 3539 Spiritus
1654 3475 1919 3523 naturam

265 3581 331 3618 ex
358 3564 566 3618 divina
595 3563 834 3616 essentia
859 3564 912 3614 et
939 3569 1144 3613 natura
1165 3559 1297 3612 Filii
1324 3573 1590 3613 emanare
1617 3561 1667 3612 et
1693 3558 1921 3627 efﬂuere

267 3653 567 3707 nuntiam
610 3669 630 3703 :
683 3649 776 3704 sed
831 3647 1080 3714 spiritale
1120 3647 1324 3702 donum
1370 3647 1551 3718 dignis
1598 3647 1914 3702 adveniens.

270 3739 638 3796 Testimonia
697 3737 1051 3808 colliguntur
1102 3737 1160 3791 in
1220 3753 1391 3803 nona,
1451 3735 1619 3808 queis
1674 3739 1919 3792 essentia:

269 3829 451 3883 Patris
503 3836 558 3884 et
608 3827 744 3882 Filii
787 3828 1044 3897 qualitas,
1089 3825 1238 3895 odor,
1287 3827 1473 3895 ﬂatus,
1523 3826 1729 3881 halitus
1772 3825 1916 3880 dici-

269 3927 362 3972 tur
390 3916 652 3988 Spiritus
690 3919 930 3971 sanctus
962 3932 975 3970 :
1008 3915 1268 3986 itemque
1297 3916 1461 3970 Pater
1505 3917 1628 3985 fons
1657 3914 1914 3987 Spiritus,

268 4012 316 4061 et
365 4007 544 4062 Filias
591 4004 717 4074 fons
763 4004 1003 4075 Spiritus
1025 4020 1045 4065 ;
1093 4003 1320 4058 decima
1361 4003 1682 4059 sententias
1729 4004 1916 4076 offert,

268 4112 398 4165 qua:
433 4093 768 4156 enuntiant,
802 4095 860 4147 in
891 4093 1092 4148 Filium
1119 4093 1364 4148 transire
1409 4108 1528 4164 quae
1555 4096 1680 4148 sunt
1710 4094 1914 4162 Patris,

272 4187 510 4255 excepta
557 4181 928 4253 paternitate.
961 4182 1075 4237 Eas
1102 4197 1235 4237 vero
1283 4180 1595 4237 undecima
1636 4183 1915 4253 continet,

275 4271 327 4324 in
367 4273 595 4342 quibus
645 4270 1143 4342 quemadmodum
1184 4272 1442 4341 proprius
1487 4271 1676 4327 Patris
1704 4271 1920 4327 dicitur

275 4361 466 4427 Filius,
503 4361 590 4415 ita
635 4359 771 4414 Filii
798 4359 1037 4430 Spiritus
1084 4363 1326 4414 sanctus.
1357 4360 1562 4432 Agitur
1593 4360 1651 4414 in
1701 4361 1920 4416 duode-

275 4450 427 4504 cimo
454 4454 662 4504 contra
693 4447 824 4503 illos
854 4448 975 4519 qui,
1005 4447 1310 4506 audientes
1356 4449 1626 4520 Spiritum
1654 4465 1724 4505 es:
1750 4465 1921 4506 essen-

277 4540 354 4591 tia
381 4539 516 4593 Filii
562 4554 698 4606 esse,
750 4537 1089 4593 contendunt
1132 4537 1287 4592 aliud
1327 4554 1438 4593 esse
1465 4555 1535 4593 ex
1580 4541 1837 4606 essentia,
1869 4546 1923 4595 et

277 4629 438 4682 aliud
463 4645 534 4682 ex
572 4629 873 4698 hypostast.
908 4627 1044 4698 Agit
1089 4627 1327 4681 demum
1359 4627 1528 4682 tertia
1574 4627 1800 4682 decima
1828 4628 1924 4684 ad-

2027 3472 2151 3522 tum
2177 3483 2356 3523 novos
2372 3467 2645 3523 Nicolaus
2664 3469 2738 3523 IlI
2761 3469 2923 3524 misit
2947 3469 3508 3544 Constantinopolim
3532 3489 3666 3528 cum

2025 3556 2234 3612 litteris
2273 3556 2511 3611 nuntios
2558 3574 2712 3612 anno
2771 3559 2928 3612 1278.
2978 3560 3253 3623 Quaenam
3296 3560 3602 3617 instructio
3634 3579 3669 3617 a

2026 3645 2161 3700 sede
2191 3643 2508 3716 apostolica
2535 3646 2755 3701 eisdem
2778 3647 2912 3701 data
2943 3647 3138 3713 fuerit,
3161 3665 3404 3705 numero
3422 3665 3670 3722 sequen-

2025 3733 2067 3787 ti
2097 3733 2432 3789 dicendum.

2097 3821 2190 3876 IV.
2224 3823 2385 3877 Becci
2416 3822 2759 3894 patriarcha
2788 3827 3016 3880 erectus
3044 3825 3103 3880 in
3145 3829 3540 3897 promovendo
3570 3829 3666 3884 fir-

2027 3911 2358 3982 mandoque
2415 3910 2574 3982 pacis
2622 3912 2855 3984 negotio
2919 3914 3152 3970 animus
3205 3916 3433 3972 animos
3485 3917 3669 3990 pluri-

2025 4016 2258 4055 morum
2285 3999 2342 4053 in
2377 4016 2440 4055 se
2488 4000 2892 4056 concitaverat.
2928 4007 3059 4074 Ipse
3099 4006 3397 4076 imperator
3426 4006 3667 4079 (Pachy-

2027 4088 2204 4146 meris
2256 4088 2449 4144 verbis
2506 4093 2659 4160 utor,
2713 4088 2862 4146 libro
2910 4109 2986 4158 vt,
3038 4094 3226 4164 capite
3285 4096 3392 4162 10),
3424 4095 3670 4152 studebat

2025 4181 2275 4235 nancisci
2301 4177 2520 4234 modum
2562 4179 2851 4235 hebetandi
2880 4182 3050 4236 aciem
3095 4183 3280 4247 nimii,
3312 4200 3414 4254 quo
3464 4184 3670 4240 dudum

2026 4266 2419 4341 offendebatur,
2452 4269 2559 4322 zeli
2599 4269 2955 4339 patriarcha.
2989 4291 3017 4318 «
3051 4269 3251 4341 Itaque
3292 4272 3525 4327 evolutis
3573 4289 3674 4327 an-

2027 4374 2116 4412 nis
2144 4362 2395 4429 quatuor,
2428 4373 2496 4412 ex
2524 4373 2638 4428 quo
2683 4357 2940 4413 Joannes
2971 4359 3398 4429 patriarchatus
3454 4360 3671 4417 honore

2030 4445 2414 4517 praecellebat,
2468 4462 2651 4500 mense
2696 4446 3010 4518 Februario,
3042 4447 3179 4501 κατὰ
3230 4453 3377 4518 μῆνα
3418 4451 3672 4517 Ληναιῶ-

2030 4554 2116 4601 να,
2144 4539 2390 4602 septimm
2421 4534 2759 4606 indictioms,
2793 4551 2998 4607 graves
3019 4536 3076 4590 in
3109 4552 3242 4592 eum
3275 4538 3676 4593 accusationes

2033 4639 2066 4678 a
2104 4622 2457 4694 quibusdam
2512 4640 2546 4678 a
2594 4623 2744 4679 clero
2795 4624 3170 4680 conﬂantur:
3206 4626 3515 4683 mendaces
3563 4625 3677 4681 ille

277 4733 507 4772 versum
538 4733 664 4782 eos,
697 4717 799 4788 qui
849 4717 1070 4772 audent
1115 4716 1303 4771 dicere
1337 4735 1351 4772 :
1384 4717 1676 4788 Emanare,
1706 4721 1756 4773 et
1796 4734 1922 4789 pro-
1956 4737 2000 4801 Β
2032 4711 2269 4782 quidem
2299 4727 2364 4766 ac
2395 4712 2567 4782 plane
2594 4711 2820 4782 inanes,
2847 4730 2963 4768 non
2991 4718 3186 4768 tamen
3220 4715 3509 4784 ejusmodi
3532 4731 3680 4788 quas

273 4808 460 4875 gredi,
499 4813 554 4861 et
604 4806 887 4876 effulgere,
939 4814 992 4861 et
1034 4821 1299 4876 apparere
1347 4822 1416 4860 ea:
1461 4806 1602 4860 Filio
1633 4808 1922 4877 Spiritum,
1957 4799 1984 4801 “
2036 4815 2184 4870 aegre
2222 4799 2542 4871 imperator
2589 4800 2938 4856 admitteret.
2977 4824 3004 4849 ››
3057 4803 3291 4857 Annum
3340 4803 3477 4858 1279
3503 4803 3684 4859 afﬁcit

279 4912 386 4950 ειση
418 4895 665 4951 {mare
695 4896 859 4950 illum
901 4911 1014 4950 esse
1040 4894 1504 4960 substantiamer,
1535 4904 1586 4950 et
1615 4897 1675 4950 in
1707 4912 1807 4951 sua
1834 4896 1930 4968 hy-
2041 4887 2272 4942 indictto
2298 4893 2554 4959 septima.
2612 4889 2795 4959 Hujus
2844 4889 2984 4944 anni
3034 4889 3126 4945 die
3170 4893 3206 4944 2
3253 4892 3473 4947 mensis
3522 4891 3684 4948 Junii

276 4989 484 5055 podasi
526 4995 598 5040 ex
642 4984 808 5048 Filio,
839 4983 932 5038 sed
978 4985 1359 5054 spiritualium
1408 4983 1674 5039 donorum
1717 5001 1785 5040 ea:
1815 4987 1930 5056 ipso
2044 4979 2295 5048 quatuor
2323 4976 2536 5048 integri
2589 4977 3018 5048 patriarchatus
3067 4979 3206 5033 anni
3253 4980 3683 5050 explebantur:

280 5073 747 5129 distributionem.
806 5074 985 5128 Cedro
1042 5072 1241 5144 utique
1287 5072 1530 5144 dignum
1586 5089 1753 5145 Opus.
1806 5074 1934 5129 Haec
2046 5077 2104 5128 at
2131 5089 2316 5128 mense
2365 5073 2662 5129 Februario
2710 5073 3086 5146 praecedente,
3121 5078 3519 5134 accusationes
3549 5095 3688 5134 con-

281 5165 483 5219 eadem
515 5179 670 5229 vero,
707 5178 838 5233 quas
891 5162 948 5215 in
1000 5162 1107 5217 hoc
1138 5161 1321 5233 Opere
1373 5166 1654 5232 prostant,
1701 5162 1938 5217 adhibet
2045 5167 2135 5217 'tra
2165 5167 2408 5218 Beccum
2439 5163 2660 5218 delatas.

287 5269 535 5325 magnus
576 5251 856 5307 Petavius
905 5254 1272 5322 argumenta,
1311 5251 1640 5317 conﬁrmat,
1674 5256 1730 5306 et
1776 5251 1938 5307 illus-
2118 5251 2550 5324 patriarchalia,
2575 5253 2713 5323 jura
2763 5269 2889 5324 quae
2939 5254 3362 5330 σταυροπηγίου,
3407 5265 3694 5329 staurope-

289 5347 391 5397 trat
421 5343 578 5399 libro
605 5358 711 5398 viu
749 5341 820 5405 De
853 5340 1138 5395 Trinitate.
2047 5342 2130 5409 gii
2159 5339 2547 5412 appellantur,
2583 5340 2850 5397 minuere
2881 5347 3127 5400 tentavit
3170 5345 3416 5401 Michael
3445 5345 3695 5418 impera-

347 5433 438 5488 ΙΙΙ.
475 5435 586 5490 Pro
622 5429 1074 5487 conﬁrmatione
1105 5428 1338 5484 unionis
1385 5445 1518 5484 cum
1553 5429 1757 5485 Latina
1786 5430 1939 5485 Grte-
2050 5435 2162 5496 tor,
2197 5430 2418 5487 Novella
2450 5430 2610 5496 data,
2642 5447 2758 5502 qua
2809 5433 3230 5490 decernebatur
3262 5453 3274 5491 :
3306 5445 3368 5491 ut
3418 5450 3543 5507 quae
3574 5435 3700 5490 ubi-

285 5537 350 5577 εξ
377 5523 678 5588 Ecclesia,
719 5519 948 5592 legatos
997 5519 1070 5574 ad
1119 5518 1460 5574 Michaelem
1507 5519 1938 5590 imperatorem,
2049 5535 2282 5590 cunque,
2329 5519 2410 5574 vel
2459 5523 2829 5594 cujuscunque
2877 5522 3024 5579 modi
3073 5524 3208 5591 loca,
3236 5525 3320 5580 vel
3366 5527 3701 5581 monasteria

281 5621 328 5667 et
375 5611 822 5677 Andronicum,
887 5623 956 5663 ac
999 5607 1282 5663 Joannem
1339 5608 1730 5679 patriarcham
1789 5626 1941 5665 anno
2048 5610 2384 5680 patriarchae
2440 5627 2540 5664 unt
2605 5611 2866 5684 subjecta,
2923 5616 3145 5669 eatenus
3201 5615 3580 5685 censebantur,
3637 5629 3704 5669 ea

280 5703 400 5759 1276
429 5702 868 5775 designaverat
917 5695 1296 5751 Innocentius
1337 5695 1408 5750 V.
1442 5695 1619 5752 Adire
1668 5696 1943 5753 Constan-
2055 5701 2312 5771 deinceps
2359 5715 2621 5773 episcopis
2652 5718 2884 5773 quorum
2929 5719 3172 5775 propria:
3220 5703 3464 5760 dtwceszs
3513 5706 3704 5769 essent,

276 5795 568 5870 tinopolim
605 5787 810 5866 jussit
841 5802 945 5842 eos
993 5784 1248 5841 Joannes
1279 5784 1394 5858 XX,
1427 5786 1620 5843 dictus
1669 5785 1810 5856 XXI,
1843 5804 1941 5846 eo-
2044 5790 2174 5864 jure
2230 5789 2530 5849 ordinario
2585 5791 2947 5868 subjacerent.
3009 5793 3087 5850 De
3143 5794 3320 5850 hocce
3373 5793 3708 5866 stauropegii

588 5923 878 5982 Pareat.
929 5913 1046 5976 Gn.
1093 5911 1320 5979 CXLII.
3337 5920 3373 5986 3
