4094 6446
485 458 560 516 75
1507 449 1823 510 GEORGII
1868 447 2126 509 CYPRll

2248 448 2294 505 ἓ.
2342 444 2870 507 ΡΑΤΗΙΔΒΟΗΑΞ
3800 447 3869 507 76

477 583 613 655 jure
642 588 763 660 agit
782 584 1177 642 eruditissime
1203 583 1456 639 Jaeobus
1483 581 1635 638 Goar
1658 581 1716 635 in
1746 579 2118 652 Euchologio,
2155 581 2210 648 Α

487 677 589 734 ubi
617 682 742 732 tum
774 675 1087 731 Martinum
1136 671 1430 738 Crusium,
1464 669 1598 726 licet
1650 670 2064 738 Lutheranum,
2098 685 2132 723 a

484 765 685 823 Jacobi
714 763 961 819 Gretseri
1008 762 1210 817 critica
1255 759 1577 829 ulciscitur,
1612 764 1739 815 tum
1788 759 1963 815 etiam
1998 775 2131 830 per-

489 853 726 927 stringit
754 850 990 908 Meursii
1040 848 1432 905 oscitantiam.
1468 850 1613 904 Cum
1645 847 1855 904 Goario
1884 845 2129 903 Michael

486 943 815 1015 Lequienus
893 940 952 995 in
1022 938 1421 1012 patriarchatu
1490 936 2129 1009 Constantinopolitano

487 1031 672 1104 capite
703 1030 790 1101 16,
820 1047 853 1083 a
903 1045 1067 1083 num.
1125 1028 1160 1080 7
1204 1028 1417 1083 docet:
1469 1024 1832 1097 patriarchas
1879 1023 2131 1080 Orientis

487 1135 713 1188 omnes,
743 1130 1230 1189 unumquemque
1262 1115 1321 1169 in
1353 1131 1462 1169 suo
1493 1112 1911 1186 patriarchatu,
1943 1129 2011 1168 ea
2037 1129 2134 1167 au-

486 1207 753 1263 ctoritate
784 1204 980 1277 potiri,
1012 1210 1077 1259 ut
1103 1206 1485 1275 staurOpegio,
1518 1202 1672 1273 quod
1701 1206 1791 1257 est
1816 1200 2004 1257 crucis
2031 1199 2128 1255 de-

482 1297 657 1369 ﬁxio,
684 1312 791 1352 suo
842 1294 1075 1367 praevio,
1105 1293 1434 1349 condantur
1480 1290 1757 1356 ecclesia»,
1785 1307 1851 1345 ac
1889 1306 2128 1363 praeser-

485 1385 592 1441 tim
625 1382 1018 1451 monasteria;
1051 1398 1233 1453 eaque
1270 1385 1576 1453 propterea
1622 1395 1823 1435 eorum
1858 1376 2127 1451 regimini

488 1473 722 1530 subsint
751 1471 1012 1538 omnino,
1044 1472 1114 1526 ab
1148 1469 1401 1542 episcopi
1440 1468 1717 1524 ordinarii
1750 1471 2034 1540 potestate
2060 1466 2127 1520 li-

486 1564 646 1619 bera.
670 1563 778 1618 Jus
808 1560 965 1617 istud
1005 1559 1355 1631 patriarchis
1385 1576 1418 1612 a
1448 1557 1725 1613 Michaele
1776 1559 2124 1623 detractum,

484 1653 591 1710 soli
620 1655 822 1725 postea
838 1649 1452 1718 Constantinopolitano
1480 1649 1739 1717 episcopo
1761 1647 1819 1701 in
1852 1645 2126 1701 omnibus

487 1740 580 1798 sui
608 1738 1038 1813 patriarchatus
1069 1737 1381 1809 provinciis
1433 1737 1723 1792 redditum
1758 1735 1937 1791 fuisse
1967 1735 2126 1791 evin-

486 1834 628 1886 cunt
672 1828 779 1884 viri
829 1828 980 1884 docti
1030 1843 1099 1882 ex
1129 1826 1397 1883 Matthiae
1446 1825 1705 1882 Blastare
1750 1825 1820 1881 ad
1869 1823 2124 1880 litteram

485 1919 556 1986 II,
589 1935 714 1990 cap.
746 1918 800 1984 3,
834 1916 935 1988 qui
983 1932 1136 1971 anno
1168 1916 1307 1971 1335
1334 1915 1513 1970 vitam
1564 1914 1773 1986 agebat
1803 1913 2122 1968 scribebat-
2152 1953 2200 2017 Β

485 2023 622 2151 (ψεῖ
654 2093 1219 2165 Constantinopolim
1251 2093 1453 2149 eodem
1487 2109 1640 2147 anno
1684 2092 1825 2147 1279
1854 2107 2129 2162 pervene-

485 2188 618 2241 rant
663 2183 879 2250 nuntii,
930 2199 1077 2254 quos
1125 2198 1279 2237 anno
1330 2181 1686 2253 praecedente
1733 2179 2007 2235 Nicolaus
2056 2179 2128 2234 IlI

484 2273 910 2330 transmiserat.
951 2276 1017 2326 In
1066 2286 1153 2338 ea,
1185 2287 1363 2343 quam
1414 2288 1447 2325 a
1494 2270 1593 2326 02
1627 2269 1763 2325 sede
1811 2268 2129 2341 apostolica

488 2364 829 2435 acceperant
881 2360 1283 2429 instructions,
1343 2358 1464 2414 haec
1529 2357 1705 2414 etiam
1764 2357 2053 2413 habentur
2111 2372 2124 2410 :

487 2473 519 2502 «
565 2451 754 2524 Super
808 2466 894 2518 eo,
947 2449 1104 2521 quod
1153 2448 1344 2504 dictus
1400 2447 1717 2520 imperator
1763 2448 1822 2502 in
1873 2445 2127 2518 praefatis

485 2539 609 2596 suis
641 2537 851 2594 litteris
878 2537 1043 2610 petit,
1076 2541 1141 2591 ut
1168 2537 1421 2594 Ecclesia
1450 2536 1757 2593 Graecorum
1806 2536 1967 2591 dicat
1992 2551 2127 2590 san-

481 2637 634 2685 ctum
680 2627 1027 2700 Symbolum,
1076 2627 1224 2682 sicut
1271 2627 1500 2682 dicebat
1551 2630 1651 2681 hoc
1676 2630 1805 2680 ante
1852 2624 2125 2689 schisma,

479 2716 954 2790 respondendum
1003 2719 1112 2783 est,
1147 2715 1299 2787 quod
1347 2715 1543 2771 unitas
1576 2714 1710 2770 ﬁdei
1760 2729 1873 2768 non
1908 2712 2129 2785 patitur

480 2804 876 2862 diversitatem
908 2804 968 2859 in
1000 2802 1463 2876 professionibus
1493 2803 1618 2859 suis
1652 2845 1665 2858 .
1693 2845 1705 2857 .
1733 2841 1749 2858 .
1786 2807 1844 2857 et
1874 2802 2126 2857 maxime

479 2894 538 2951 in
570 2895 955 2951 decantatione
983 2890 1243 2965 Symboli
1274 2934 1287 2947 .
1307 2934 1320 2946 .
1349 2934 1361 2945 .
1395 2893 1465 2947 Et
1495 2892 1623 2947 ideo
1661 2891 2002 2946 deliberavit
2029 2907 2125 2946 ea-

480 2984 613 3039 dem
655 2984 921 3039 Romana
966 2980 1239 3048 Ecclesia,
1272 2986 1330 3037 et
1358 2980 1500 3051 vult,
1532 2981 1728 3051 ipsum
1767 2997 1900 3035 cum
1933 2980 2124 3052 adjec-

479 3072 637 3129 tione
666 3071 786 3141 illa,
818 3071 1085 3143 Filioque,
1119 3074 1237 3126 tam
1270 3087 1304 3125 a
1340 3069 1584 3137 Latinis,
1618 3086 1794 3141 quam
1842 3086 1876 3124 a
1905 3069 2124 3126 Graecis

483 3161 850 3217 uniformiter
880 3159 1197 3216 decantari.
1233 3181 1254 3208 ι

553 3250 790 3305 Munere
819 3265 925 3304 suo
958 3249 1265 3320 fungentes
1295 3246 1491 3319 legati,
1517 3247 1669 3303 serio
1701 3247 2036 3319 imperatori
2067 3253 2126 3305 et

2315 578 2623 634 Camateri.
2685 575 2982 632 Genuimus
3035 577 3627 633 anathematismorum
3676 576 3871 645 senm;

2310 666 2441 720 quos
2467 649 2686 720 publice
2713 666 2773 702 in
2804 649 3048 704 Ecclesia
3094 648 3342 716 legendos
3385 651 3737 705 instruxerat
3765 652 3873 719 ipse

2312 726 2531 776 Beccus.
2588 720 2809 775 Mortem
2853 720 2968 774 obit
3014 720 3247 776 Michael
3291 722 3593 791 imperator
3623 739 3642 775 :
3671 721 3769 776 ubi
3812 721 3869 776 de

2307 808 2451 847 anno
2502 793 2791 865 emorttutli
2835 793 3043 862 agitur.
3093 792 3345 847 Succedit
3391 793 3751 859 Andronicus,
3785 794 3873 865 qui

2309 868 2571 936 statutam
2622 864 2996 936 Ecclesiamm
3044 879 3235 933 pacem
3286 866 3545 936 rumpit:
3577 864 3871 936 iterumque

2305 935 2503 991 secedit
2532 936 2733 990 Beccus
2761 934 2821 988 in
2848 937 3270 990 monasterium.

2312 1025 2352 1079 Ι.
2394 1048 2414 1072 ι
2456 1024 2691 1079 Duobus
2742 1023 3045 1079 mensibus
3076 1024 3272 1094 (verba
3318 1027 3459 1079 sunt
3490 1023 3899 1101 Pachymerist

2237 1113 2427 1185 capite
2461 1114 2547 1184 13)
2580 1113 2798 1185 agitata
2825 1112 3171 1184 patriarcha
3199 1114 3478 1177 accusatio
3509 1113 3699 1169 fuerat
3731 1129 3745 1167 :
3776 1129 3873 1169 nec

2238 1202 2562 1274 quidquam
2595 1201 3073 1272 proficiebatur...
3119 1201 3293 1257 Hense
3321 1201 3546 1271 Harlio,
3575 1204 3735 1259 circa
3761 1219 3873 1258 me-

2236 1293 2400 1346 dium
2431 1290 2892 1359 Quadragenarii
2920 1292 3143 1364 iejumi,
3188 1289 3362 1362 μηνὸς
3412 1288 3660 1365 Κρονίου,
3696 1288 3876 1362 μεσού-

2237 1378 2641 1450 σηςζνηστείας,
2675 1395 2768 1435 me
2816 1380 2995 1451 hujus
3051 1380 3312 1436 Historia:
3363 1381 3707 1452 scriptorem
3756 1380 3873 1452 (Pa-

2235 1468 2798 1542 chymersm)jussit
2850 1467 3116 1525 libellum
3167 1467 3550 1525 abdicationis
3598 1485 3718 1525 suae
3747 1485 3872 1525 con-

2236 1558 2490 1613 scribere
2522 1573 2536 1612 :
2569 1573 2744 1629 quem
2776 1574 2910 1613 cum
2941 1557 3277 1630 imperatori
3308 1557 3640 1626 obtulisset,
3671 1557 3769 1615 illo
3799 1558 3873 1614 si-

2235 1645 2495 1702 mulante
2520 1663 2584 1703 se
2613 1663 2727 1702 non
2750 1646 3031 1719 accipere,
3050 1646 3327 1703 continuo
3347 1647 3622 1703 recedens
3655 1646 3712 1702 in
3736 1647 3875 1703 Pan-

2233 1736 2522 1793 achranta'
2572 1736 2995 1792 monasterium
3043 1752 3105 1791 se
3154 1735 3401 1791 abdidit.
3444 1757 3471 1785 »
3520 1738 3686 1791 Anno
3722 1736 3870 1805 1279,

2234 1841 2471 1880 sacrum
2522 1824 2743 1880 Pascha
2797 1823 2888 1879 die
2934 1826 2970 1878 2
3018 1824 3221 1895 Aprilis
3267 1823 3625 1880 celebratum
3658 1824 3784 1895 fuit,
3815 1829 3877 1881 ut

2234 1913 2529 1985 colligitur
2575 1930 2643 1968 ex
2693 1914 2875 1969 littera
2922 1913 3258 1968 Dominicali
3302 1919 3373 1982 Α,
3430 1917 3488 1968 et
3531 1914 3688 1984 cyclo
3735 1914 3878 1972 luna!

2237 2021 2334 2060 vn.
2357 2003 2501 2058 Hinc
2526 2002 2864 2075 patriarchae
2896 2017 3161 2058 secessus
3199 2001 3410 2058 accidit
3443 2017 3629 2058 mense
3651 2005 3873 2075 Martio,

2235 2093 2385 2147 circa
2416 2092 2655 2146 medium
2691 2090 3140 2161 Quadragenarii
3156 2092 3384 2163 jejunii.

2308 2181 2444 2236 Rem
2478 2180 2801 2252 pontiﬁciis
2834 2179 3060 2252 legatis,
3093 2180 3193 2251 qui
3227 2180 3385 2252 regia
3431 2180 3491 2235 in
3522 2181 3665 2236 urbe
3695 2182 3873 2237 diver-

2237 2270 2541 2335 sabantur,
2571 2268 2969 2339 gratissimam
3022 2269 3313 2324 facturum
3363 2285 3425 2325 se
3474 2270 3637 2325 duxit
3685 2272 3876 2343 Augu-

2235 2362 2383 2428 stus,
2413 2359 2461 2413 si
2485 2357 2866 2429 patriarcham
2920 2356 3115 2413 liberae
3147 2373 3266 2415 sua:
3290 2363 3582 2430 potestatis
3607 2360 3878 2430 functioni

2234 2449 2564 2503 restitueret.
2616 2469 2645 2496 ‹‹
2695 2447 2823 2519 Egit
2851 2462 2987 2518 ergo
3018 2463 3153 2502 cum
3196 2451 3375 2503 Becco
3406 2450 3495 2518 (ut
3545 2447 3631 2503 ait
3660 2447 3875 2521 Pachy-

2237 2552 2425 2593 meres
2451 2535 2638 2608 capite
2672 2537 2756 2607 17)
2782 2551 2987 2604 rogans
3016 2535 3185 2591 etiam
3225 2541 3401 2608 atque
3431 2536 3633 2607 etiam,
3655 2540 3720 2591 ut
3740 2553 3875 2592 con-

2235 2625 2479 2681 donaret
2510 2625 2968 2697 (accusatoribus
3008 2624 3155 2694 suis)
3186 2641 3417 2681 noxam.
3450 2624 3577 2681 Non
3628 2625 3829 2681 abnuit
3858 2643 3871 2681 :

2235 2719 2292 2769 et
2321 2730 2623 2779 assensus,
2656 2714 2773 2786 iam
2805 2712 3019 2769 studiis
3048 2718 3415 2785 cunctorum,
3435 2715 3526 2769 dis
3553 2722 3713 2770 sexta
3736 2730 3880 2771 men-

2233 2806 2307 2859 sis
2354 2806 2563 2876 Agusti,
2616 2800 3003 2869 Ποσειδεῶνος,
3063 2803 3306 2875 ejusdem
3350 2802 3657 2875 (septimae)
3706 2803 3875 2859 indic-

2235 2894 2418 2961 tionis,
2453 2892 2757 2966 splendido
2788 2893 3075 2949 deductus
3105 2893 3383 2948 comitatu
3436 2896 3795 2960 senatorum,
3825 2896 3881 2949 et

2235 2982 2499 3038 Ecclesiae
2552 2999 2879 3055 procerum,
2913 2981 2971 3036 in
3021 2981 3308 3054 palatium
3340 2979 3730 3053 patriarchale
3781 2982 3880 3039 ite-

2234 3088 2366 3127 rum
2397 3070 2643 3128 solemni
2675 3070 2792 3126 ritu
2840 3070 3105 3127 invectus
3135 3074 3242 3127 est.
3278 3092 3306 3121 »
3347 3071 3552 3125 Annus
3601 3086 3725 3125 iere
3755 3068 3877 3124 vul-

2234 3162 2392 3234 garis
2419 3160 2558 3215 1279
2588 3160 2911 3217 labebatur.

2304 3250 2374 3305 II.
2442 3249 2808 3306 Conticiendo
2864 3248 3382 3320 elucubrandoque
3427 3248 3646 3321 scripto
3706 3264 3879 3320 opera

485 3337 695 3394 Graecis
726 3336 1146 3393 denuntiarunt
1177 3353 1189 3390 :
1234 3335 1389 3390 initae
1421 3337 1580 3407 pacis
1624 3336 1831 3408 pignus
1861 3337 2124 3393 idoneum
2153 3323 2196 3391 C
2236 3339 2702 3411 impendebatur,
2721 3355 2836 3410 quo
2867 3338 3084 3393 summi
3118 3338 3411 3409 pontiﬁcis
3443 3337 3882 3410 mandatis,per

478 3428 625 3499 fore,
655 3443 704 3481 si
744 3433 794 3481 et
839 3426 948 3497 ipsi
988 3424 1333 3496 Symbolum,
1364 3426 1510 3479 sicut
1560 3425 1758 3493 Latini,
1799 3428 2127 3495 pronuntia-

479 3520 628 3571 rent.
656 3519 787 3570 Haac
836 3514 1219 3587 Pachymeres
1269 3519 1467 3569 narrat
1510 3513 1658 3569 libro
1690 3531 1763 3580 v1,
1818 3516 2006 3586 capite
2039 3518 2122 3571 14.

477 3603 793 3676 EpiscOpos
823 3607 880 3660 et
908 3601 1127 3659 clerum
1176 3602 1513 3659 universum
1562 3608 1841 3660 convocat
1870 3604 2124 3677 impera-

477 3695 613 3747 tor:
646 3708 794 3763 quos
843 3690 1202 3747 certissimos
1254 3692 1445 3747 reddit
1495 3709 1810 3764 passurum
1862 3710 1923 3749 se
1973 3711 2121 3749 nun-

480 3796 680 3853 quam,
711 3780 983 3853 Symbolo
1015 3781 1319 3853 quidpiam
1353 3780 1553 3837 inseri.
1586 3783 1741 3837 Inter
1770 3781 1884 3838 alia
1913 3783 2034 3839 haec
2064 3783 2125 3839 in

482 3869 615 3940 ejus
668 3866 1017 3924 allucotione
1048 3868 1337 3925 habentur
1382 3868 1508 3924 loco
1556 3868 1730 3925 citato
1780 3870 1966 3943 capite
2012 3872 2123 3927 15:

485 3978 515 4008 «
548 3956 833 4022 Quoniam
862 3972 995 4012 vero
1038 3964 1348 4013 nostrorum
1379 3957 1638 4028 quidam,
1692 3959 1909 4030 quibus
1959 3961 2129 4016 nimi-

487 4062 621 4101 rum
654 4044 965 4101 dissidium
1015 4046 1174 4101 cordi
1205 4050 1313 4112 est,
1360 4046 1553 4102 nescio
1584 4063 1701 4118 qua
1753 4049 1894 4104 moti
1927 4066 2125 4117 causa,

488 4150 622 4191 cum
672 4135 873 4206 freriis
925 4135 1228 4205 (fratribus
1275 4136 1587 4207 pontiﬁciis
1643 4137 1912 4206 nuntiis),
1972 4139 2125 4211 apud

485 4223 739 4279 Peraeam
789 4223 1107 4295 congressi,
1140 4223 1408 4279 dixerunt
1436 4240 1451 4279 :
1486 4226 1628 4280 nihil
1660 4228 1777 4282 nisi
1823 4227 2127 4283 ludibrium

483 4314 535 4368 et
582 4311 853 4383 fraudem
894 4310 1038 4366 hanc
1081 4326 1271 4379 pacem
1320 4327 1475 4378 esse;
1524 4317 1582 4367 et
1612 4312 1721 4368 hoc
1770 4313 2127 4385 imprudenti

484 4400 638 4458 dicto
669 4400 894 4456 Latinis
940 4400 1304 4455 occasionem
1334 4401 1729 4472 'praabuerunt
1781 4402 2125 4475 exquirendi

478 4490 607 4562 plus
654 4490 898 4563 aliquid,
932 4493 996 4544 ut
1044 4489 1438 4561 experimento
1478 4490 1621 4546 satis
1675 4496 1830 4547 certo
1880 4497 2125 4564 constet,

484 4578 634 4636 serio
667 4595 732 4635 ac
763 4594 895 4634 vere
926 4594 1049 4633 rem
1082 4582 1375 4649 peractam
1410 4594 1422 4632 :
1458 4578 1610 4633 unde
1640 4578 1784 4650 haec,
1817 4597 1994 4653 quam
2023 4599 2126 4637 au-

2233 3428 2455 3500 legatos
2524 3426 2893 3493 renuntiatis,
2953 3426 3283 3482 satisfieret.
3341 3427 3516 3482 Error
3588 3426 3765 3481 cubat
3818 3427 3880 3481 in

2233 3521 2391 3572 textu
2423 3517 2616 3573 Graeco
2669 3515 3057 3589 Pachymeris,
3090 3515 3191 3571 ubi
3226 3514 3479 3571 Urbanus
3526 3514 3743 3587 legitur
3772 3531 3877 3587 pro

2234 3606 2481 3660 Nicolao.
2518 3606 2594 3660 Eo
2625 3605 2685 3659 in
2735 3605 2949 3676 scripto
2999 3602 3261 3659 studium
3292 3602 3420 3666 fuit,
3473 3620 3542 3658 ac
3591 3603 3884 3676 praecipua

2234 3712 2396 3762 cura,
2428 3694 2707 3751 referente
2753 3693 3107 3766 Pachymere
3152 3693 3326 3748 citato
3373 3693 3563 3763 capite
3614 3693 3701 3747 17.
3737 3715 3766 3741 ‹‹
3811 3691 3886 3748 Ut

2234 3785 2293 3839 in
2325 3784 2697 3857 expressione
2743 3781 3033 3855 dogmatis
3063 3782 3128 3837 de
3153 3784 3400 3854 Spiritus
3447 3784 3625 3837 sancti
3670 3797 3887 3852 proces-

2233 3889 2407 3943 sione,
2457 3889 2700 3928 numero
2748 3872 2967 3944 ingenti
3015 3875 3409 3944 congerantur
3458 3870 3652 3940 variae,
3704 3870 3887 3925 unde~

2235 3979 2466 4033 cunque
2491 3978 2754 4027 corrasae,
2782 3961 3014 4016 Patrum
3041 3965 3376 4016 nostrorum
3397 3959 3889 4030 (Graecorum)64

2236 4051 2580 4119 locutiones,
2620 4051 2903 4107 aientium
2938 4067 2951 4105 :
2988 4052 3256 4105 sanctum
3307 4049 3588 4121 Spiritum
3621 4064 3691 4103 ea:
3734 4046 3892 4104 Filio

2231 4140 2519 4213 profundi,
2553 4140 2811 4212 praeberi,
2857 4139 3004 4205 dari,
3047 4137 3511 4211 easplendescere,
3544 4140 3771 4204 micare,
3806 4135 3893 4192 si-

2238 4231 2526 4302 milesque
2577 4230 2795 4302 quibus
2842 4227 3286 4285 accumulandis
3317 4227 3375 4282 id
3428 4226 3579 4282 clam
3609 4226 3892 4299 agebant,

2239 4323 2302 4375 ut
2359 4318 2530 4391 quasi
2580 4319 2893 4375 obruerent
2947 4316 3276 4389 procedendi
3324 4316 3607 4372 usitatum
3662 4314 3896 4371 Latinis

2235 4409 2477 4464 verbum
2513 4424 2525 4462 :
2561 4412 2619 4463 et
2647 4425 2784 4463 cum
2817 4406 2875 4461 id
2909 4406 3156 4462 aliorum
3188 4405 3435 4461 istorum
3467 4404 3708 4460 obtentu
3738 4406 3897 4473 tege-

2238 4504 2412 4565 retur,
2445 4499 2608 4552 tacite
2637 4497 2987 4569 abrogarent.
3025 4518 3053 4545 »
3086 4494 3287 4550 Libelli
3328 4493 3591 4549 fraudem
3622 4493 3751 4566 ipse
3781 4492 3898 4549 Pa-

2238 4586 2541 4659 chymeres
2572 4586 2776 4657 aperit,
2810 4584 3116 4641 schismati
3146 4584 3279 4639 licet
3309 4583 3597 4639 addictus.

485 4667 663 4761 dituri
693 4684 827 4723 mox
856 4684 1086 4738 sumus,
1117 4666 1333 4761 legatio
1380 4670 1515 4761 n‘ata
1544 4673 1650 4739 est,
1683 4670 1853 4761 cujus
1883 4687 2127 4742 scopum
2161 4696 2204 4761 D
2312 4676 2405 4730 III.
2435 4673 2737 4731 Calamam
2796 4674 3031 4730 strinxit
3080 4672 3413 4745 patriarcha
3456 4676 3691 4727 Beccus.
3747 4670 3907 4743 Ope-

484 4756 841 4828 priecipuum
900 4773 1031 4811 esse
1080 4756 1358 4828 comperi,
1409 4754 1517 4812 hoc
1576 4759 1730 4828 quod
1791 4760 1963 4815 modo
2009 4759 2127 4815 dixi
2162 4754 2198 4761 ⁷
2238 4781 2372 4819 rum
2417 4766 2545 4833 ejus
2587 4780 2905 4826 summam,
2956 4779 3133 4835 quam
3181 4760 3583 4833 Pachymeres,
3617 4759 3768 4816 libro
3812 4776 3903 4827 v1,

488 4862 524 4900 a
578 4845 747 4900 nobis
799 4846 1024 4918 exigere
1085 4887 1148 4900 ..
1186 4887 1199 4901 .
1259 4850 1375 4918 Ego
1447 4851 1645 4902 sancte
1699 4848 1978 4919 polliceor
2010 4889 2022 4901 .
2062 4892 2073 4905 .
2111 4892 2123 4906 .

485 4933 781 5006 profiteor,
811 4939 867 4989 et
898 4934 1202 4991 verissime
1232 4935 1507 5006 promitto
1558 4936 1808 5008 rigorem
1838 4936 2125 4993 inﬂexibi-

486 5022 603 5077 lem
634 5038 819 5093 usque
846 5022 915 5077 ad
943 5025 1322 5080 exclusionem
1342 5024 1425 5079 vel
1458 5025 1607 5094 ictae,
1626 5025 1712 5079 vel
1742 5026 1919 5096 apicis
1939 5030 2127 5100 unius,

485 5110 568 5167 De
596 5110 705 5165 hoc
747 5111 886 5166 certi
916 5116 1118 5179 estote,
1153 5114 1211 5168 in
1242 5115 1397 5185 quod
1446 5114 1520 5169 do
1569 5114 1735 5171 vobis
1785 5116 1956 5173 fidem
2006 5118 2127 5191 ple-

487 5215 797 5256 nisslmam
807 5241 821 5255 .
856 5222 884 5249 ))

1063 5335 1164 5390 63
1205 5336 1433 5393 CAPUT
1478 5341 1540 5393 V.

481 5449 685 5505 Beccus
714 5449 1047 5526 patriarcha
1094 5451 1302 5526 secedit
1326 5454 1385 5508 in
1424 5455 1834 5523 monasterium,
1867 5472 1931 5509 ac
1957 5456 2124 5526 paulo

548 5528 693 5592 post
728 5523 791 5575 in
837 5521 981 5578 aedes
1034 5524 1430 5587 patriarchates
1474 5528 1791 5581 revertitur.
1822 5521 2125 5583 Sub-dolus

553 5590 846 5670 conﬁcitur
902 5593 1150 5670 libellus,
1200 5596 1441 5651 Romano
1487 5599 1742 5668 pontiﬁci
1796 5600 2120 5670 offerendas.

557 5664 678 5719 Scri
716 5672 775 5718 ta
805 5674 1023 5732 reponit
1070 5666 1291 5733 Beccus,
1325 5664 1539 5722 summa
1620 5664 1900 5726 abruma
1940 5673 2121 5736 ‘ertur,

557 5750 618 5799 ac
643 5680 963 5794 iﬁustratur
988 5753 1007 5794 :
1037 5738 1327 5799 agiturque
1370 5737 1440 5795 de
1468 5685 1789 5799 Honiotheca
1817 5672 2121 5799 Andronici

554 5750 618 5801 ac
643 5735 963 5794 illustratur
988 5753 1007 5794 :
1037 5738 1327 5813 agiturque
1370 5737 1440 5795 de
1468 5735 1789 5813 Hoplotheca
1817 5735 2125 5802 Andronici

2239 4854 2427 4925 capite
2457 4854 2549 4919 23,
2586 4852 2824 4918 indicat,
2859 4852 3035 4907 latius
3064 4851 3122 4906 in
3154 4850 3507 4916 Andronico,
3537 4848 3685 4904 libro
3717 4865 3757 4919 ι,
3797 4865 3906 4904 ca—

2240 4943 2358 5015 pite
2380 4944 2434 5010 9,
2468 4947 2719 4998 enarrat.
2754 4940 2896 4997 Mihi
2942 4941 3147 4997 eadem
3177 4938 3517 5012 diligentius
3546 4938 3911 5011 exponenda

2239 5036 2348 5087 est.

2311 5122 2388 5190 (1)
2418 5144 2445 5170 «
2484 5121 2629 5193 Ergo
2669 5119 2766 5175 ille
2813 5124 3150 5176 sanctorum
3198 5117 3416 5189 scripta
3444 5117 3723 5173 attentius
3758 5132 3908 5187 per-

2237 5209 2456 5282 legens,
2490 5209 2548 5265 in
2581 5209 2793 5265 horum
2838 5208 3132 5280 plerisque
3180 5222 3331 5278 saepe
3361 5205 3474 5262 dici
3506 5205 3853 5261 observavit
3892 5222 3908 5260 :

2236 5299 2518 5370 Spiritum
2564 5302 2832 5355 sanctum
2884 5295 2943 5351 ἐκ
2984 5295 3195 5371 ΙΙατρὸς
3247 5291 3317 5348 δι’
3359 5294 3488 5347 Υἱοῢ
3534 5297 3909 5368 προχεῖσθαι,

2236 5385 2555 5459 ἐκλάμπειν,
2629 5390 3007 5461 χορηγεῖσθαι,
3077 5382 3344 5460 προϊέναι,
3403 5400 3473 5439 ea:
3549 5384 3717 5438 Putre
3795 5398 3917 5454 per

2232 5478 2446 5534 Filium
2470 5477 2753 5548 profundi,
2786 5475 3244 5547 exsplendescere,
3273 5474 3536 5546 praeberi,
3566 5472 3830 5544 prodire.
3881 5492 3908 5523 ι

2234 5565 2574 5621 Divinarum
2625 5582 3031 5638 personarum,
3085 5563 3238 5631 Filii,
3269 5568 3328 5619 et
3372 5561 3626 5634 Spiritus
3674 5559 3917 5631 sancti,

2230 5655 2630 5712 emanationes
2659 5671 2727 5711 ex
2776 5654 2963 5721 Patre,
2999 5653 3345 5726 plerumque
3390 5654 3673 5707 vocarunt
3704 5647 3918 5707 eccle-

2231 5744 2449 5803 siaslici
2526 5745 2839 5820 scriptores
2915 5741 3265 5820 eﬂulgentias
3335 5749 3388 5801 et
3443 5738 3921 5817 exsplendescen-
