4094 6446
464 461 543 519 79
1492 442 1808 506 GEORGII
1853 439 2113 501 CYPRII
2157 438 2274 498 ΟΡ.
2327 436 2849 498 PATRIARCHIE
3793 441 3873 500 80

541 584 912 644 Prolixiorem
969 579 1294 639 exscribere
1350 575 1547 632 Basilii
1619 577 1865 641 textum,
1925 587 2111 642 operai
2142 572 2194 636 Α
2224 569 2304 623 tio
2336 568 2470 623 inde
2519 567 2698 623 illata.
2734 592 2760 617 ‹‹
2804 568 3018 623 Probat
3071 568 3227 624 enim
3260 569 3364 639 (ait
3423 570 3689 626 Petavius
3721 569 3870 627 libro

467 677 722 751 pretium
753 678 860 731 est.
893 671 987 728 Sic
1036 669 1210 724 habet
1239 667 1336 722 ille
1384 665 1531 720 libro
1579 681 1639 718 ιιι
1686 663 1964 751 adversus
1995 660 2105 714 Eu-

467 749 735 824 nomium
785 777 948 818 num.
985 777 1039 815 ιε
1074 781 1101 809 ‹‹
1134 758 1249 813 Cur
1303 770 1541 810 necesse
1572 757 1680 819 est,
1742 752 1790 805 si
1820 749 2106 820 dignitate,

470 872 536 914 ac
566 853 754 912 ordine
782 850 990 906 tertius
1029 850 1121 904 est
1149 843 1401 916 Spiritus
1445 845 1706 906 sanctus,
1737 844 1937 894 natura
1968 853 2108 908 quo-

469 961 583 1016 que
601 957 735 999 eum
755 955 884 996 esse
905 937 1143 993 tertium
1165 934 1192 987 ‘I
1214 955 1242 984 »
1260 934 1344 988 Ita
1369 930 1721 1001 colligebant
1743 926 2108 983 Eunomiani.

470 1054 498 1084 α
530 1032 810 1104 Dignitate
838 1027 1076 1099 quidem
1125 1021 1447 1079 secundum
1498 1035 1626 1073 esse
1665 1034 1700 1072 a
1730 1017 1874 1071 Filio
1905 1016 1988 1085 (ut
2018 1016 2114 1085 qui

466 1139 577 1179 esse
604 1120 799 1177 abillo
847 1115 1041 1171 habeat
1093 1116 1145 1167 et
1187 1111 1253 1165 ab
1300 1112 1420 1181 ipso
1470 1108 1711 1178 accipiat
1738 1107 1786 1158 et
1818 1104 2113 1158 annuntiet

465 1214 643 1278 nobis,
697 1218 749 1265 et
802 1207 1026 1264 omnino
1081 1217 1150 1257 ea:
1204 1200 1306 1254 illa
1357 1213 1524 1254 causa
1567 1194 1840 1265 pendeat),
1882 1191 2113 1264 pietatis

467 1316 661 1362 sermo
691 1299 942 1355 fortasse
970 1291 1168 1348 tradit.
1201 1287 1417 1344 Verum
1445 1286 1664 1340 tertiam
1697 1298 1981 1353 usurpare
2011 1297 2111 1334 na-

469 1401 654 1450 turam
684 1401 873 1458 neque
902 1384 974 1438 ab
1005 1380 1188 1437 sacris
1220 1375 1456 1432 Litteris
1479 1373 1665 1430 edocti
1690 1386 2115 1440 sumus,neque

468 1499 538 1539 ex
564 1473 918 1552 supradictis
947 1470 1369 1541 consequenter
1405 1462 1596 1534 colligi
1631 1467 1838 1552 potest.
1873 1459 2018 1514 Nam
2053 1462 2118 1513 ut

470 1550 658 1627 Filius
681 1565 872 1623 ordine
899 1559 1137 1633 quidem
1196 1560 1285 1612 est
1336 1552 1629 1610 secundus
1687 1567 1720 1604 a
1748 1550 1938 1618 Patre,
1972 1563 2114 1618 quo-

473 1659 633 1716 niam
663 1656 736 1711 ab
767 1669 833 1709 eo
863 1654 988 1707 est:
1021 1652 1078 1703 et
1113 1644 1404 1714 dignitate,
1448 1639 1726 1713 quoniam
1758 1635 2115 1708 principium

474 1754 534 1805 et
559 1760 741 1803 causa
782 1735 1094 1798 exsistendi
1123 1732 1236 1806 ipsi
1284 1735 1453 1786 Pater
1482 1733 1571 1785 est
1607 1773 1618 1782 .
1656 1771 1667 1781 .
1705 1768 1716 1780 .
1750 1730 1954 1780 natura
1983 1740 2115 1779 vero

475 1853 591 1893 non
622 1836 714 1890 est
732 1827 1050 1890 secundus,
1083 1823 1224 1895 quia
1260 1837 1378 1875 una
1425 1822 1513 1873 est
1539 1817 1598 1871 in
1631 1820 1877 1886 utroque
1907 1811 2113 1867 divini-

471 1931 564 1983 tas
590 1941 604 1994 ;
635 1921 838 1979 eodem
890 1915 1062 1972 modo
1112 1910 1367 1984 Spiritus
1393 1911 1651 1974 sanctus,
1701 1905 1811 1960 etsi
1846 1904 2118 1976 posterior

475 2013 620 2071 Filio
652 2015 742 2068 est
770 2008 964 2065 ordine
991 2020 1059 2061 ac
1085 2002 1352 2073 dignitate
1371 1998 1486 2066 ‘,ut
1511 1996 1618 2051 hoc
1649 1995 1887 2049 omnino
1919 2008 2120 2046 conce-

477 2105 650 2160 datur
669 2117 704 2156 a
731 2095 956 2164 nobis‘,
981 2109 1097 2149 non
1125 2095 1323 2145 tamen
1355 2086 1592 2160 perinde
1619 2084 1675 2138 id
1709 2083 1803 2138 «η
1841 2088 2122 2153 tanquam

477 2193 684 2249 aliena
710 2191 934 2244 naturae
981 2166 1080 2247 sit,
1129 2177 1385 2234 habebit.
1425 2200 1445 2223 ι
1503 2174 1652 2228 Tum
1683 2171 1927 2227 Joannis
1961 2170 2122 2226 Becci

477 2287 760 2353 tempore,
791 2273 1009 2330 tumin
1062 2268 1282 2342 synodo
1330 2264 1681 2332 Florentina,
1728 2260 1954 2316 codices
1987 2260 2124 2314 ali'e-

480 2370 762 2428 rebantur
792 2361 997 2435 aliqui,
1028 2359 1088 2414 in
1147 2356 1363 2430 quibus
1410 2353 1586 2408 verba
1633 2367 1744 2405 non
1777 2354 1960 2416 erant,
1995 2365 2122 2420 quae

479 2453 816 2534 parenthesi
869 2449 1098 2507 inclusa
1152 2453 1324 2512 sunt;
1390 2445 1582 2534 erant
1615 2456 1766 2509 vero,
1816 2455 1942 2534 quae
1989 2443 2128 2492 sunt

481 2527 778 2605 asteriscis
809 2541 1087 2610 utrinque
1116 2535 1351 2607 stipata.
1410 2535 1528 2585 Hac
1552 2529 1620 2584 de
1647 2544 1706 2583 re
1737 2528 1856 2599 agit
1886 2527 2123 2593 Beccus,

481 2637 586 2694 lib.
620 2653 662 2702 ι,
701 2633 773 2690 ad
824 2627 1193 2687 Theodorum
1243 2621 1499 2692 Sugdaaae
1546 2616 1908 2689 episcopum,
1942 2632 2005 2669 ac
2036 2613 2125 2669 la-

481 2725 628 2783 tiore
656 2723 832 2781 etiam
863 2730 1132 2776 sermone
1161 2711 1349 2784 capite
1382 2711 1406 2764 1
1443 2709 1513 2762 de
1543 2705 1912 2779 processione
1944 2703 2125 2775 Spiri-

482 2819 580 2872 tus
622 2810 847 2869 sancti:
905 2807 1005 2863 ubi
1050 2805 1364 2860 verissimo:
1411 2814 1474 2852 ac
1498 2795 1903 2852 sincerissimos
1951 2793 2128 2848 habet

481 2903 582 2961 ille
612 2901 858 2967 codices,
890 2896 992 2969 qui
1042 2893 1217 2950 verba
1259 2885 1591 2962 parenthesi
1631 2883 1861 2939 inclusa
1889 2883 2124 2950 habent,

484 3010 602 3051 non
633 2991 846 3047 habent
873 2987 988 3044 alia
1018 2980 1311 3041 aeteriscis
1343 2981 1562 3033 notata.
1596 2978 1706 3028 Pro
1732 2973 1891 3028 hisce
1920 2971 2130 3026 codici-

483 3084 596 3139 bus
621 3082 846 3154 pugnat
891 3073 1120 3148 egregie
1167 3068 1435 3126 Petavius
1481 3065 1629 3119 libro
1652 3079 1774 3154 χιι,
1815 3061 2004 3154 capite
2031 3063 2064 3114 3
2095 3077 2129 3116 a

484 3151 648 3230 num:
710 3151 798 3225 14.
848 3164 1149 3222 Eruditam
1217 3175 1318 3231 pro
1376 3155 1596 3211 eisdem
1651 3151 2128 3207 Dissertationem

485 3259 768 3317 Parisinie
797 3255 950 3329 typis
981 3267 1134 3309 anno
1166 3248 1298 3304 1721
1333 3243 1515 3302 edidit
1557 3241 1882 3298 Ludovicus
1916 3238 2127 3311 Vallee,

2216 675 2315 724 vn,
2349 658 2534 727 capite
2567 659 2620 722 3,
2655 674 2816 712 num.
2850 658 2905 728 8)
2938 658 3221 729 Spiritum
3249 665 3520 714 sanctum
3543 661 3710 715 Deum
3741 676 3870 728 esse,

2217 748 2266 801 el
2296 762 2365 800 ea:
2393 746 2540 805 Deo;
2571 745 2846 816 quoniam
2896 749 3110 800 exsistit
3140 762 3209 800 ex
3254 748 3416 802 Filio.
3470 749 3616 804 Nam
3651 748 3869 803 nullam

2219 834 2297 889 ibi
2333 835 2684 888 mentionem
2710 836 2891 887 Patris
2913 835 3216 906 expressit.
3251 835 3406 891 Talis
3438 853 3572 908 ergo
3597 838 3673 891 sit
3702 854 3871 909 opor-

2219 928 2298 978 tet
2328 925 2645 977 exsistenlia
2693 921 2811 990 illa,
2864 929 2920 976 et
2969 922 3066 976 illa
3116 940 3423 994 processio;
3460 930 3525 980 ut
3573 942 3674 996 per
3719 943 3871 991 eam,

2219 1014 2463 1082 ejusque
2493 1011 2542 1064 vi
2577 1011 2631 1065 id
2668 1011 2899 1077 habent,
2934 1018 2997 1064 ut
3039 1013 3116 1066 sit
3146 1014 3326 1078 Deus;
3357 1013 3466 1069 hoc
3498 1019 3604 1076 est,
3642 1017 3743 1070 Dei
3771 1033 3869 1069 na-

2219 1104 2407 1156 turam
2434 1105 2485 1155 et
2513 1101 2856 1154 divinitatem
2891 1102 3136 1171 accipiat
3159 1103 3231 1160 ab
3254 1120 3319 1157 eo
3353 1105 3874 1168 communicatam,

2220 1209 2257 1246 a
2286 1208 2388 1261 quo
2416 1192 2651 1245 exsistit.
2688 1189 2931 1244 Prorsus
2961 1189 3140 1261 igitur
3170 1209 3203 1247 a
3223 1192 3362 1248 Filio
3399 1194 3585 1247 oritur
3616 1193 3874 1265 Spiritus

2223 1284 2480 1334 sanctus.
2525 1298 2550 1327 ν

2297 1369 2358 1423 1n
2391 1365 2588 1421 Basilii
2616 1365 2740 1422 loco
2771 1383 2876 1422 vox
2925 1367 3026 1422 illa
3074 1370 3348 1440 dignitas,
3381 1386 3496 1442 qua
3527 1369 3607 1442 (et
3637 1387 3750 1426 non
3783 1388 3874 1426 so-

2222 1456 2344 1511 lum
2375 1455 2587 1524 ordine)
2619 1456 2870 1526 Spiritus
2902 1461 3138 1512 sanctus
3183 1458 3397 1512 dicitur
3424 1461 3689 1514 secundus
3720 1477 3754 1515 a
3778 1461 3874 1515 Fi-

2223 1546 2319 1612 lio,
2350 1544 2841 1616 praetermittenda
2872 1562 2983 1600 non
3016 1551 3140 1602 est:
3195 1547 3295 1602 08
3329 1564 3517 1619 neque
3547 1549 3703 1603 enim
3738 1551 3870 1603 abs-

2224 1639 2438 1689 terrere
2467 1649 2822 1704 quemquam
2849 1634 3038 1704 debet,
3062 1635 3231 1706 quasi
3253 1637 3580 1692 divinitatis
3605 1636 3878 1692 imminu-

2223 1723 2302 1777 tio
2335 1723 2410 1776 sit
2441 1723 2499 1776 in
2530 1722 2731 1776 eodem
2762 1723 2978 1793 Spiritu
3003 1730 3222 1779 sancto.
3257 1748 3283 1774 «
3310 1725 3607 1796 Siquidem
3642 1726 3703 1780 in
3733 1727 3876 1781 Filio

2224 1811 2420 1883 (verba
2450 1816 2589 1865 sunt
2618 1811 2856 1883 Petavii)
2886 1818 3204 1884 utrumque
3236 1815 3486 1869 Basilius
3519 1815 3797 1881 admittit,
3821 1819 3878 1870 et

2227 1899 2426 1968 τάξεως
2449 1905 2505 1954 et
2529 1897 2834 1971 ἀξιώματος
2868 1918 2880 1954 :
2914 1907 2970 1956 et
3020 1903 3192 1957 ambo
3224 1903 3307 1958 sic
3339 1903 3778 1977 interpretatur,
3816 1908 3880 1958 ut

2231 1992 2424 2046 ordine
2453 1990 2750 2045 secundum
2771 1992 2844 2044 sit
2872 2008 2906 2044 a
2928 1995 3096 2045 Patre
3120 1992 3320 2059 Filius,
3345 1994 3623 2064 quoniam
3649 1995 3720 2049 ab
3753 1994 3880 2066 ipso

2233 2079 2417 2134 oritur
2441 2095 2452 2132 :
2486 2078 2752 2148 dignitate
2773 2096 2924 2145 vero,
2948 2081 3225 2151 quoniam
3244 2084 3607 2154 principium,
3637 2092 3686 2138 et
3716 2099 3884 2138 causa

2233 2167 2447 2224 essendi
2475 2169 2551 2222 sit
2579 2167 2711 2239 ipsi.
2765 2190 2791 2216 ‹‹
2825 2167 2953 2222 Haec
2995 2174 3133 2224 sunt
3188 2170 3384 2226 Graeca
3415 2172 3588 2226 verba
3615 2189 3626 2227 :
3670 2172 3726 2223 Ὀ
3758 2171 3884 2232 Υἱὸς

2232 2256 2374 2325 τάξει
2436 2254 2528 2326 μὲν
2608 2251 2853 2329 δεύτερος
2905 2259 3002 2309 τοῦ
3063 2257 3297 2332 Ματρὸς,
3356 2256 3435 2312 ὅτι
3502 2259 3592 2312 ἀπ’
3651 2257 3882 2328 ἐκείνου,

2232 2344 2321 2399 καὶ
2355 2345 2643 2416 ἀξιώματι,
2705 2343 2786 2398 ὅτι
2848 2345 2993 2418 ἀρχὴ
3042 2366 3129 2398 και
3192 2345 3356 2412 αἰτία,
3415 2350 3493 2418 τῷ
3554 2347 3885 2402 εἶναιαῦτοῦ

2237 2435 2468 2508 Πατέρα.
2505 2459 2530 2484 α
2565 2437 2752 2499 Quare
2792 2435 3052 2500 demum,
3104 2436 3210 2491 etsi
3263 2436 3408 2491 nihil
3440 2436 3599 2492 aliud
3630 2438 3723 2509 (ad
3754 2437 3884 2509 Spi-

2237 2524 2413 2578 ritum
2446 2528 2715 2579 sanctum
2747 2524 2901 2594 quod
2934 2525 3160 2595 attinet)
3192 2527 3576 2596 expressisset
3598 2526 3882 2594 Basilius;

2237 2630 2301 2668 ac
2333 2613 2564 2668 tametsi
2591 2612 2924 2685 parenthesi
2958 2613 3157 2669 clausa
3181 2615 3282 2670 illa
3312 2616 3486 2670 verba
3515 2616 3881 2672 delerentur:

2237 2703 2551 2769 sufﬁceret,
2587 2702 2656 2756 ad
2689 2701 2876 2756 Latini
2925 2703 3217 2775 dogmatis
3265 2705 3692 2774 auctoritatem,
3726 2705 3884 2776 quod

2237 2792 2521 2864 Spiritum
2572 2797 2838 2846 sanctum
2868 2791 3011 2862 τάξει
3067 2791 3262 2848 ordine
3305 2795 3355 2848 et
3400 2794 3687 2863 dignitate,
3721 2792 3885 2862 ἀξιώ-

2242 2900 2390 2953 ματι,
2421 2880 2719 2935 secundum
2769 2886 3102 2936 numeraret
3146 2899 3178 2935 a
3221 2883 3399 2943 Filio;
3449 2899 3582 2937 cum
3614 2900 3682 2937 ex
3712 2899 3778 2938 eo
3810 2881 3885 2937 il-

2237 2969 2352 3024 lius
2383 2971 2454 3024 ab
2488 2969 2592 3024 hoc
2624 2968 2783 3040 origo
2818 2973 3199 3025 monstretur.
3235 2994 3264 3020 »

2308 3059 2386 3130 (5)
2419 3057 2566 3112 Alibi
2601 3058 2935 3129 Myssenum
2968 3058 3208 3129 invenit,
3245 3059 3301 3113 in
3334 3059 3488 3114 hunc
3523 3061 3764 3115 modum
3795 3060 3886 3115 di-

2238 3153 2389 3203 serte
2417 3147 2742 3201 tradentem
2801 3147 3082 3202 tenendas
3137 3149 3209 3202 de
3259 3153 3369 3203 Deo
3427 3149 3786 3204 sententias:
3826 3150 3901 3205 Ut

2236 3238 2493 3292 credatur
2540 3237 2599 3289 in
2647 3252 2708 3290 eo
2766 3235 2924 3290 aliud
2973 3251 3155 3306 causa,
3215 3237 3370 3291 aliud
3423 3254 3492 3292 ex
3535 3254 3720 3293 causa.
3759 3239 3893 3293 Tum

485 3309 1131 3407 bibliothecagrSanctae
1191 3335 1490 3393 Genovefze
1540 3331 1882 3404 praefectus:
1947 3309 2127 3400 quam
2160 3309 2202 3376 C
2239 3327 2376 3396 ejus,
2442 3324 2584 3397 quod
2641 3340 2709 3379 eo;
2765 3341 2934 3379 causa
2988 3327 3220 3391 exsistit,
3279 3327 3460 3381 aliam
3514 3327 3893 3398 diﬂerentiam

486 3434 831 3510 compendio
889 3430 1189 3488 collectam
1266 3423 1540 3480 exhibent
1611 3419 1881 3510 monachi
1937 3417 2130 3510 Sancti

485 3506 691 3590 Mauri,
723 3529 879 3579 tomo
902 3520 978 3575 ΙΙΙ
1003 3517 1256 3589 Operum
1283 3510 1505 3579 Basilii,
1532 3509 1588 3564 in
1614 3506 1983 3562 Praifationcs
2005 3508 2052 3578 ζ.
2076 3507 2128 3560 4.

559 3615 676 3670 Cur
724 3627 857 3666 vero
915 3605 1112 3663 Basilii
1169 3620 1286 3658 non
1345 3600 1517 3655 fuerit
1575 3595 1938 3670 parenthesis
1986 3595 2131 3650 illa?

489 3704 586 3760 Ait
612 3701 710 3758 ille
739 3699 886 3754 libro
920 3715 957 3766 ι,
990 3695 1268 3750 adversus
1300 3687 1648 3744 Eunomium
1681 3701 1842 3739 num.
1875 3685 1981 3739 20:
2015 3683 2132 3738 Nos

492 3796 689 3848 autem
721 3787 1045 3844 secundum
1094 3783 1414 3837 relationem
1454 3790 1770 3843 causarum,
1811 3776 1917 3824 τῶν
1949 3770 2132 3824 αἰτίων

493 3877 704 3954 σχέσιν,
734 3877 958 3931 Patrem
1003 3873 1206 3927 Filium
1257 3866 1506 3940 praZponi
1559 3864 1823 3954 dicimus,
1854 3862 1977 3954 “Ait
2005 3878 2130 3954 rur-

490 3949 625 4026 sum
655 3966 716 4022 in
744 3964 892 4020 libro
923 3963 994 4018 de
1037 3959 1257 4033 Spiritu
1287 3961 1487 4013 sancto
1531 3953 1602 4009 ad
1659 3949 2130 4022 Amphilochium

484 4058 674 4130 capite
705 4056 792 4122 17,
826 4069 989 4108 num.
1024 4051 1128 4104 li3:
1179 4044 1647 4117 Quemadmodum
1688 4057 1742 4096 se
1770 4041 1927 4094 habet
1958 4040 2132 4130 Filius

484 4128 574 4203 adi
588 4148 828 4210 Patrem,
859 4143 938 4197 ita
986 4138 1057 4193 ad
1085 4138 1289 4193 Filium
1331 4150 1446 4190 sese
1484 4132 1651 4187 habet
1683 4130 1922 4197 Spiritus
1944 4146 1962 4183 :
1994 4128 2129 4198 (uti-

484 4253 600 4310 que
628 4233 763 4288 κατὰ
817 4230 915 4299 τὴν
975 4230 1080 4280 τῶν
1144 4222 1330 4278 αἰτίων
1385 4220 1520 4296 πρὸς
1578 4223 1644 4272 τᾶ
1693 4216 1742 4286 ἐξ
1801 4216 1972 4270 αὐτῶν
2003 4214 2129 4290 σχέ-

485 4307 609 4394 ἆιν.)
638 4324 773 4381 Jam
819 4336 952 4376 vero
983 4315 1182 4373 Basilii
1230 4313 1404 4369 verba
1433 4310 1552 4377 illa,
1585 4313 1647 4364 ut
1671 4310 1768 4380 qui
1795 4323 1906 4362 esse
1934 4307 2001 4361 ab
2032 4307 2128 4362 illo

480 4415 698 4484 habeat,
729 4416 781 4467 et
808 4407 1106 4466 annuntiet
1125 4404 1300 4472 nobis,
1331 4406 1644 4470 utrumque
1667 4396 1919 4469 Spiritus
1942 4396 2128 4450 sancti

478 4521 547 4560 ex
567 4505 708 4560 Filio
728 4495 1120 4573 processionis
1142 4493 1384 4548 modum
1406 4487 1704 4545 declarant
1729 4505 1740 4540 :
1775 4485 2128 4556 temporalem

474 4591 698 4648 scilicet
724 4589 1064 4651 missionem,
1117 4597 1284 4636 voces
1330 4576 1719 4651 posteriores:
1763 4574 2124 4645 prioresque,

471 4689 743 4738 aeternam
769 4676 1115 4733 emissionem
1143 4669 1214 4726 ad
1244 4665 1635 4724 exsistendum.

541 4747 650 4824 Par
699 4767 760 4822 in
803 4763 1013 4838 Cyrillo
1063 4759 1354 4818 sententia
1403 4755 1653 4811 occurrit
1706 4752 1764 4807 in
1820 4753 2120 4819 Thesauro,

470 4875 605 4932 pag.
636 4856 777 4912 358:
810 4855 1056 4910 Necesse
1102 4853 1209 4920 est,
1242 4847 1407 4903 fateri
1464 4843 1748 4932 Spiritum
1780 4858 1810 4896 e
1841 4842 2120 4932 substan-

464 4927 706 5004 tia‘esse
734 4943 880 5000 Filii.
913 4942 1058 4996 Nam
1109 4944 1174 4995 ut
1203 4936 1254 5006 ἐξ
1284 4933 1448 4989 αὐτοῦ
1494 4931 1629 4984 κατὰ
1658 4929 1811 5006 φῦσιν
1845 4927 2110 5003 ὑπάρχον,

462 5054 536 5094 ea:
592 5039 708 5108 ipso
763 5032 1102 5087 naturaliter
1157 5029 1442 5088 exsistens,
1500 5021 1588 5074 καὶ
1647 5019 1734 5073 ἐπὶ
1789 5019 1888 5086 τὴν
1941 5018 2114 5072 κτίσιν

461 5125 586 5201 παρ’
643 5122 807 5177 αὐτοῦ
859 5117 1232 5190 πεμπόμενον,
1293 5125 1343 5170 et
1398 5116 1456 5168 in
1513 5119 1827 5166 creaturam
1875 5109 1944 5163 ab
1999 5111 2113 5179 ipso

463 5219 682 5280 missus,
720 5220 1148 5266 renovationem
1198 5211 1489 5277 operatur,
1536 5201 1835 5272 plenitudo
1866 5206 1924 5252 et
1955 5215 2110 5252 com-

460 5306 820 5376 plementum
858 5298 1134 5350 nimirum
1167 5301 1376 5348 sanctae
1404 5291 1726 5345 Trinitatis.
1755 5287 1916 5351 Quod
1951 5288 1999 5340 si
2029 5286 2111 5339 ita

458 5401 566 5462 est,
603 5398 754 5446 Deus
786 5389 1004 5457 itaque,
1037 5388 1094 5438 et
1152 5399 1219 5436 ex
1270 5382 1384 5436 Deo
1438 5383 1526 5434 est
1580 5378 1854 5448 Spiritus,
1909 5380 1965 5430 et
1999 5391 2111 5429 non

460 5487 747 5538 creatura.
811 5477 934 5540 Quo
993 5478 1116 5527 loco
1176 5468 1517 5524 naturaliter
1571 5467 1823 5538 Spiritus
1874 5469 2112 5519 sanctus

455 5589 526 5628 ea:
563 5569 711 5625 Filio
769 5564 983 5621 dicitur
1037 5562 1345 5618 exsistere:
1400 5562 1456 5612 et
1511 5557 1630 5611 haec
1687 5553 2025 5610 exsistentia
2080 5569 2114 5607 a

451 5661 710 5720 missione
722 5657 783 5711 in
802 5655 1118 5710 creaturam
1134 5646 1551 5719 distinguitur;
1573 5661 1643 5699 ne
1665 5644 1996 5699 Graecorum
2017 5659 2111 5697 ca-

448 5748 674 5813 villatio
702 5745 898 5803 locum
928 5742 1164 5810 habeat,
1195 5738 1259 5796 Id
1290 5737 1543 5794 maxime
1571 5733 1783 5792 evincit
1829 5748 2108 5790 consecu-

2241 3407 2728 3485 intelligimusmd
2784 3412 2940 3467 aliud
2989 3415 3060 3467 sit
3116 3417 3261 3469 citra
3317 3417 3559 3470 medium
3589 3432 3658 3470 ea:
3683 3419 3891 3488 primo,

2240 3503 2394 3560 aliud
2419 3520 2517 3574 per
2565 3503 2642 3569 id,
2703 3502 2839 3573 quod
2885 3503 3025 3556 citra
3082 3502 3324 3558 medium
3379 3521 3450 3557 ex
3504 3506 3686 3574 primo
3729 3514 3822 3560 est.
3861 3530 3891 3555 ››

2244 3592 2798 3647 Luculentissimum
2815 3590 3215 3646 testimonium
3234 3598 3455 3664 prostat
3471 3594 3528 3648 in
3543 3593 3800 3666 Epistola
3813 3596 3890 3650 ad

2240 3682 2567 3738 Ablavium.
2601 3681 2663 3734 Id
2695 3680 2874 3736 habes
2917 3679 3126 3751 primo,
3161 3697 3274 3735 non
3307 3681 3482 3736 aliam
3531 3682 3589 3736 in
3623 3684 3890 3753 personis

2243 3769 2626 3828 sanctissimae
2684 3767 2983 3823 Trinitatis
3049 3786 3176 3824 esse
3245 3770 3656 3835 dill‘erentiam,
3712 3789 3893 3843 quam

2243 3861 2395 3932 quod
2426 3861 2605 3914 altera
2648 3860 2995 3930 principium
3023 3867 3116 3928 szt,
3167 3858 3349 3914 altera
3376 3877 3447 3914 ex
3471 3862 3749 3932 principio
3775 3879 3787 3915 :
3820 3861 3895 3915 Τὸ

2245 3948 2338 4020 μὲν
2371 3945 2541 4000 αἶίειον
2602 3945 2757 4014 εἶναι,
2814 3945 2876 3998 τὸ
2934 3941 2989 3999 δὲ
3039 3944 3096 3999 ἐκ
3142 3951 3238 4000 τοῦ
3297 3946 3490 4004 αἰτίου.
3551 3949 3694 4003 Cum
3752 3967 3895 4023 ergo

2242 4038 2493 4110 Spiritus
2544 4035 2895 4108 principium
2953 4052 3083 4092 esse
3137 4036 3265 4091 Filii
3329 4037 3442 4092 dici
3490 4042 3763 4110 nequeat,
3797 4057 3900 4095 ne-

2241 4143 2400 4183 cesse
2426 4131 2536 4192 est,
2568 4124 2778 4180 Filium
2811 4140 2939 4180 esse
2987 4124 3341 4196 principium
3394 4126 3644 4197 Spiritus
3677 4129 3893 4184 sancti.

2241 4217 2316 4272 Ea
2373 4231 2608 4270 rursum
2667 4214 3100 4268 animadverte:
3164 4214 3328 4269 Aliud
3376 4217 3718 4272 continenter
3765 4218 3900 4287 (seu

2238 4306 2365 4360 sine
2397 4304 2632 4373 medio),
2663 4319 2731 4357 ex
2769 4304 2975 4374 primo,
3025 4303 3192 4357 aliud
3218 4318 3318 4374 per
3349 4303 3403 4357 id
3434 4304 3574 4374 quod
3603 4305 3899 4360 continen-

2238 4405 2319 4450 ter
2347 4411 2411 4448 δας
2436 4396 2618 4465 primo
2667 4397 2780 4446 est:
2829 4389 2900 4443 Τὸ
2954 4390 3046 4462 μὲν
3097 4391 3198 4466 γὰρ
3231 4397 3482 4467 προεχῶς
3534 4391 3593 4446 ἐκ
3619 4397 3714 4446 τοῦ
3746 4394 3904 4468 πρώ-

2233 4503 2350 4554 του,
2382 4483 2444 4535 τὸ
2475 4478 2532 4534 δὲ
2577 4477 2664 4533 διὰ
2708 4483 2806 4533 τοῦ
2855 4483 3144 4554 προσεχῶς
3194 4478 3254 4533 ἐκ
3294 4485 3391 4534 τοῦ
3423 4483 3664 4557 πρώτου.
3700 4483 3899 4540 Primo

2236 4573 2419 4627 Filius
2449 4569 2792 4644 producitur
2823 4569 2994 4624 modo
3027 4586 3060 4624 a
3092 4568 3294 4625 Patre:
3347 4571 3417 4625 ab
3455 4571 3563 4626 hoc
3593 4589 3726 4627 vero
3760 4572 3896 4644 Spi-

2155 4683 2202 4746 D
2236 4661 2405 4728 ritus,
2438 4659 2780 4730 interposito
2811 4658 2978 4727 Filio,
3013 4675 3116 4714 seu
3148 4675 3250 4729 per
3281 4660 3502 4715 Filium.

2307 4750 2578 4823 Impietas
2680 4748 2867 4815 foret,
2948 4748 2996 4802 si
3083 4748 3398 4819 quisquam
3494 4751 3895 4823 contenderet,

2231 4839 2422 4895 solum
2455 4837 2664 4893 Filium
2697 4837 2956 4908 proxime
3005 4836 3250 4907 produci
3297 4855 3331 4891 a
3377 4838 3584 4893 Patre:
3620 4844 3676 4894 et
3705 4856 3738 4894 a
3769 4838 3901 4895 solo

2232 4929 2374 4983 Filio
2418 4927 2627 4982 deinde
2673 4925 2958 4997 Spiritum
3011 4931 3285 4980 sanctum
3337 4927 3596 4998 proxime
3645 4927 3894 4984 effundi.

2227 5017 2481 5072 Haeretici
2511 5021 2667 5084 sunt,
2703 5015 2803 5086 qui
2849 5015 3158 5086 putabant,
3216 5015 3531 5070 adnotante
3564 5017 3895 5088 Augustino

2225 5111 2474 5161 tractatu
2505 5106 2564 5159 Ο.
2595 5106 2652 5158 in
2683 5109 2992 5173 Joannem,
3043 5121 3207 5159 num.
3247 5105 3278 5157 4
3306 5123 3318 5158 ;
3351 5105 3622 5160 Minorem
3649 5121 3763 5160 esse
3794 5107 3896 5164 Pi-

2224 5199 2297 5253 lio
2354 5198 2621 5267 Spiritum
2671 5202 2954 5249 sanctum:
3006 5196 3165 5264 quasi
3199 5196 3378 5248 Filius
3427 5195 3660 5266 acapiat
3689 5211 3722 5249 α
3775 5199 3898 5248 Pa-

2223 5296 2326 5353 tre,
2360 5295 2409 5340 et
2439 5287 2676 5346 Spiritus
2729 5287 2946 5338 sanctus
2995 5300 3027 5336 a
3058 5284 3218 5348 Filio,
3267 5284 3597 5354 quibusdam
3624 5283 3899 5351 gradibus

2221 5386 2573 5430 naturarum.
2625 5374 2934 5427 Geminum
2993 5372 3266 5427 Petavius
3330 5389 3571 5427 sensum
3632 5370 3907 5428 declarat

2224 5466 2397 5520 citato
2429 5481 2504 5518 v11
2556 5463 2724 5530 libro,
2775 5463 2960 5533 capite
3009 5463 3093 5528 11,
3147 5477 3311 5515 num.
3362 5462 3466 5515 15:
3507 5481 3533 5512 α
3563 5461 3669 5516 Sed
3732 5462 3901 5532 quod

2223 5558 2393 5608 Pater
2428 5553 2591 5624 prius
2623 5551 2909 5622 originem
2949 5551 3019 5605 de
3052 5549 3216 5604 Filio.
3265 5567 3443 5621 quam
3475 5549 3720 5622 Spiritui
3750 5566 3896 5604 san-

2224 5647 2352 5698 cto:
2405 5647 2583 5713 atque
2633 5640 2784 5694 inter
2809 5639 3038 5694 Patrem
3070 5644 3126 5692 et
3148 5638 3434 5709 Spiritum
3458 5643 3732 5694 sanctum
3784 5655 3894 5694 ne-

2222 5730 2479 5788 cessario
2512 5730 2590 5786 sit
2637 5727 3098 5804 interponendus
3147 5726 3370 5799 Filius;
3419 5727 3548 5784 sine
3579 5743 3715 5799 quo,
3748 5727 3898 5800 quia
