4094 6468
229 495 293 559 81
1461 491 1666 555 VITA.
1701 524 1775 536 —
1809 489 1885 553 Dl

1997 490 2334 556 ERTATIO
2374 490 2425 554 Ι.
3569 492 3649 562 83

256 643 502 704 persona
543 642 663 683 non
710 630 872 683 esset
921 629 1012 696 (ut
1059 625 1161 699 qui
1211 642 1312 699 per
1361 625 1792 699 paternitater‘n,
1842 631 1898 682 et
1927 625 1977 691 A
2006 629 2142 699 cipit
2174 645 2192 680 :
2223 623 2672 698 quemadmodum
2698 640 2856 682 nemo
2884 627 3036 683 novit
3061 625 3284 684 Patrem
3308 624 3424 683 nisi
3450 626 3645 696 Filius,

239 718 567 774 relationem
620 717 691 771 ad
747 717 969 772 Filium
1025 716 1318 788 subsistit)
1367 733 1555 788 neque
1603 715 1886 788 Spiritum

241 813 494 865 sanctum
518 806 1038 878 produceret,cum
1060 823 1318 878 persona
1340 805 1630 878 propriam
1661 805 1888 860 nullam

241 898 587 952 iunctionem
622 896 894 951 haberet.
929 895 1078 950 Nam
1112 896 1263 966 quod
1295 896 1366 951 ad
1399 898 1573 960 ipsam
1604 895 1892 950 emittendi

235 988 465 1058 Spiritus
511 986 793 1040 actionem
840 985 1069 1051 attinet,
1101 989 1222 1040 tam
1252 1001 1320 1040 ea
1367 985 1626 1057 proxime
1675 985 1888 1040 imme-

234 1078 493 1147 diateque
561 1076 664 1130 69
720 1078 813 1130 est
863 1092 896 1129 a
949 1075 1137 1143 Patre,
1190 1091 1366 1144 quam
1420 1091 1452 1129 a
1498 1073 1640 1129 Filio
1691 1092 1702 1128 :
1756 1090 1888 1129 cum

231 1166 534 1235 utriusque
566 1163 649 1218 sit
685 1163 881 1218 unica.
921 1184 947 1211 υ
979 1163 1169 1234 Brevi,
1204 1163 1377 1232 clara,
1404 1163 1572 1217 ﬁrma
1601 1161 1891 1218 sententia

226 1251 644 1325 complectitur
675 1250 877 1307 omnia
905 1256 1146 1306 sanctus
1175 1251 1474 1322 Thomas,1
1502 1252 1885 1322 p.qu.36,art.

219 1344 269 1410 3,
301 1343 370 1397 ad
405 1343 437 1396 4
464 1359 477 1396 :
515 1341 665 1397 Ordo
688 1358 803 1396 non
832 1341 1138 1396 attenditur
1160 1342 1306 1396 inter
1332 1347 1553 1396 Patrem
1580 1344 1633 1396 et
1654 1339 1886 1405 Filium,

213 1438 482 1504 quantum
537 1431 617 1485 ad
673 1433 963 1500 virtutem,
994 1429 1088 1485 sed
1137 1430 1316 1486 solum
1342 1439 1603 1501 quantum
1652 1429 1723 1484 ad
1761 1446 1888 1501 sup-

207 1524 380 1594 posita
415 1537 429 1573 :
466 1524 525 1575 et
559 1519 686 1574 ideo
720 1518 926 1574 dicitur
973 1518 1115 1589 quod
1144 1519 1308 1574 Pater
1333 1521 1509 1590 spirat
1534 1533 1636 1589 per
1661 1519 1888 1574 Filium.

277 1610 592 1682 Exponere
625 1607 829 1680 pergit
861 1609 1076 1680 dogma
1104 1607 1402 1680 Nyseeuus
1436 1624 1450 1662 :
1484 1630 1511 1658 ‹‹
1545 1607 1720 1664 Porro
1755 1624 1890 1663 cum

217 1716 468 1766 causam,
505 1702 570 1753 et
601 1697 753 1768 quod
775 1700 855 1752 est
899 1714 971 1753 ex
997 1713 1167 1753 causa
1195 1696 1482 1764 dicimus;
1518 1713 1890 1768 nequaquam

218 1789 282 1844 iis
331 1787 697 1844 nominibus
749 1785 928 1859 φύσιν,
980 1791 1265 1852 naturam,
1309 1785 1710 1858 signiﬁcamus
1743 1803 1756 1841 :
1789 1786 1890 1842 sed

218 1894 341 1934 eam
397 1875 605 1932 solum
664 1874 806 1928 κατᾶ
853 1874 915 1928 τὸ
963 1878 1081 1935 πῶς
1130 1872 1262 1928 εἶναι
1319 1871 1596 1950 διαφορὰν,
1630 1891 1758 1946 quae
1801 1891 1891 1931 se-

221 1967 476 2022 cundum
513 1966 854 2062 exsistendi
885 1965 1127 2062 modum
1158 1967 1266 2031 est,
1290 1964 1675 2062 diti'erentiam
1707 1969 1896 2020 osten-
1921 1995 1970 2062 B

220 2057 431 2111 dimus.
471 2078 502 2104 n
541 2056 683 2109 Haec
736 2052 933 2125 palam
966 2053 1260 2120 evincunt,
1289 2053 1571 2126 Spiritum
1621 2057 1892 2110 sanctum

226 2163 330 2200 non
360 2143 484 2199 dici
535 2158 615 2198 ex
647 2142 820 2209 Filio,
856 2146 956 2197 aut
1001 2158 1105 2214 per
1133 2141 1345 2196 Filium
1389 2158 1535 2210 esse,
1572 2158 1636 2196 ac
1666 2141 1715 2198 si
1764 2159 1892 2213 per-

221 2234 347 2290 inde
377 2233 535 2289 foret
567 2250 643 2288 ac
674 2231 882 2303 ipsum
913 2247 1043 2287 esse
1071 2231 1141 2286 de
1169 2230 1426 2286 essentia
1459 2230 1584 2286 Filii
1614 2231 1744 2298 ;sed
1777 2230 1892 2286 uti-

227 2339 325 2394 que
355 2322 535 2378 illum
565 2337 708 2377 esse
738 2337 808 2376 ex
841 2319 967 2374 Filii
998 2336 1272 2391 persona,
1304 2336 1368 2375 ac
1399 2337 1503 2391 per
1532 2319 1660 2374 Filii
1693 2335 1892 2392 perso-

224 2429 369 2482 nam,
421 2410 616 2467 veluti
675 2406 880 2477 αἴτιον,
929 2426 1172 2479 causam,
1215 2413 1315 2464 aut
1368 2411 1712 2481 principium
1760 2425 1774 2465 :
1823 2426 1893 2465 ex

225 2516 414 2572 eoque,
471 2504 584 2554 aut
635 2515 750 2570 per
799 2497 997 2570 ipsum
1046 2498 1306 2570 accipere
1353 2514 1488 2553 cum
1555 2499 1893 2554 exsistentia

224 2589 471 2644 divinam
540 2593 860 2643 naturam.
909 2587 1044 2650 Quae
1103 2591 1398 2658 postrema
1457 2588 1696 2642 nomine.
1752 2587 1888 2659 duo,

223 2693 408 2742 causae,
447 2682 508 2732 et
535 2677 824 2748 principii
855 2679 1178 2730 memorata
1211 2674 1395 2730 sancti
1428 2675 1663 2730 Thomas
1695 2676 1890 2731 anim-

223 2766 630 2822 adversionem
687 2768 1020 2836 suggerunt
1056 2781 1068 2819 :
1103 2763 1337 2835 parcius
1383 2781 1560 2819 causa;
1609 2763 1890 2820 vocabulo

225 2869 348 2908 usos
381 2869 516 2908 esse
546 2869 663 2925 pro
695 2852 981 2923 principio
1012 2849 1268 2916 Latinos,
1294 2866 1361 2905 ac
1384 2853 1748 2921 processionis
1778 2854 1889 2908 ori-

222 2945 363 3011 gine,
417 2942 524 2998 sed
583 2947 919 3012 utrumque
947 2939 1161 2996 Graecis
1190 2939 1431 3012 perinde
1477 2941 1677 2996 fuisse.
1711 2941 1889 3013 Aqui-

227 3037 410 3087 natem
445 3031 706 3087 consule
741 3030 800 3084 in
833 3027 1129 3101 Opusculo
1161 3046 1200 3099 ι,
1235 3033 1434 3084 contra
1480 3046 1704 3085 errores
1735 3031 1886 3086 Grae-

228 3137 445 3188 corum,
477 3120 680 3192 capite
715 3121 743 3174 1
757 3161 770 3171 .

288 3212 366 3280 (6)
400 3232 427 3262 ι
457 3207 870 3280 Epiphanium
921 3223 1153 3278 quoque
1183 3205 1562 3278 deprehendit
1591 3212 1645 3262 et
1684 3207 1888 3265 multis

229 3299 278 3352 in
309 3298 507 3368 libris,
540 3302 601 3352 et
655 3311 812 3368 saepe
844 3295 905 3350 in
959 3311 1310 3366 unoquoque
1339 3296 1541 3351 eadem
1582 3296 1886 3352 afﬁrman-

2000 733 2171 788 ncque
2219 717 2430 773 Filium
2478 718 2590 772 nisi
2637 722 2819 772 Pater.
2868 718 2950 773 Ita
3000 716 3170 773 audeo
3218 717 3398 776 dicere
3431 735 3444 773 :
3475 733 3652 790 neque

2000 806 2268 878 Spiritum
2318 807 2470 862 novit
2514 809 2791 878 quispiam
2835 808 2950 861 nisi
2996 812 3163 862 Pater
3205 811 3259 862 et
3295 808 3489 876 Filius,
3519 807 3646 882 παρ’

2000 895 2061 948 οὗ
2115 892 2483 968 ἐκπορεύεται,
2533 893 2621 947 καὶ
2671 895 2794 969 παρ’
2844 894 2906 948 οὗ
2966 889 3254 968 λαμϐάνει,
3284 913 3319 952 a
3366 913 3472 968 quo
3513 913 3647 971 pro-

1998 986 2161 1052 cedit,
2197 987 2248 1039 et
2274 1001 2309 1038 a
2337 1000 2440 1057 quo
2487 986 2703 1056 accipit,
2733 985 2913 1056 Neque
2957 986 3158 1041 Filium
3206 989 3256 1044 et
3283 989 3508 1042 Patrem
3551 1003 3647 1044 no-

1999 1076 2077 1130 vit
2105 1074 2329 1144 aliquis,
2361 1074 2476 1128 nisi
2527 1072 2768 1144 Spiritus
2794 1076 3014 1130 sanctus
3033 1091 3054 1137 ;
3083 1075 3180 1147 qui
3205 1091 3331 1131 vere
3353 1075 3642 1146 gloriﬁcat,

2003 1164 2098 1234 qui
2117 1162 2268 1218 docet
2296 1163 2506 1230 omnia,
2533 1164 2571 1217 7
2583 1163 2632 1217 ο
2663 1163 2758 1234 qui
2788 1166 3016 1218 testatur
3045 1163 3107 1219 de
3135 1164 3295 1232 Filio,
3320 1162 3349 1217 ὃ
3379 1162 3524 1240 παρὰ
3547 1166 3645 1220 τοῦ

2000 1250 2216 1329 Harpe:
2266 1249 2356 1304 καὶ
2388 1249 2448 1304 ἐκ
2494 1250 2641 1319 Υἱοῦ,
2675 1253 2770 1323 qui
2797 1269 2833 1306 α
2860 1253 3026 1308 Patre
3071 1261 3122 1308 et
3162 1270 3197 1309 a
3224 1254 3363 1310 Filio
3411 1261 3506 1312 est.
3535 1258 3645 1318 Pa-

1998 1358 2112 1408 res,
2161 1340 2475 1413 pluresque
2523 1356 2592 1396 ex
2631 1341 2955 1413 Epiphanio
3012 1341 3334 1399 sententias
3378 1342 3644 1400 luculen-

1997 1431 2262 1486 tissimas
2293 1431 2641 1502 congerebat
2683 1434 2920 1499 Beccus,
2953 1446 3020 1486 ac
3049 1434 3339 1488 nostrates
3387 1431 3643 1505 theologi

1999 1520 2270 1588 alterunt,
2296 1521 2622 1575 Graecorum
2655 1522 2982 1574 commento
3011 1519 3082 1575 de
3113 1520 3397 1576 donorum
3427 1523 3486 1577 et
3513 1521 3646 1579 cha-

1999 1609 2313 1664 rismatum
2344 1607 2682 1680 profusione
2712 1608 2948 1664 omnino
2979 1609 3273 1667 adversas.

2070 1699 2147 1769 (7)
2180 1698 2344 1754 Hisce
2389 1701 2630 1753 Patrum
2671 1696 3138 1766 auctoritatibus,
3165 1697 3414 1771 aliisque
3458 1697 3644 1771 pluri-

2002 1803 2137 1854 mis,
2171 1804 2297 1858 qum
2330 1790 2598 1859 prostant
2626 1786 2685 1841 in
2716 1787 3414 1859 Epigraphis,instructus
3442 1789 3642 1845 muni-

1999 1878 2215 1947 tusque
2246 1875 2576 1948 patriarcha
2605 1875 2841 1942 Beccus,
2875 1878 3148 1932 aeternam
3179 1892 3246 1932 ac
3282 1876 3644 1936 substantia-

2000 1962 2116 2019 lem
2144 1964 2485 2020 ostendebat
2512 1962 2699 2019 sancti
2726 1963 2978 2036 Spiritus
3008 1965 3437 2036 processissem
3467 1983 3503 2022 a
3528 1967 3640 2023 Pa-

2003 2061 2084 2109 tre
2105 2069 2211 2125 per
2256 2053 2461 2108 Filium
2495 2069 2508 2109 :
2543 2051 2985 2125 colligebatque,
3016 2069 3182 2110 voces
3219 2069 3322 2127 per
3347 2058 3407 2112 et
3436 2071 3507 2114 ea
3534 2071 3642 2114 ne-

2002 2143 2158 2213 gotio
2189 2142 2248 2197 in
2279 2142 2390 2198 isto
2422 2140 2858 2213 aaquipollentes
2886 2143 3204 2209 esse.Quod
3234 2143 3412 2200 etiam
3440 2143 3642 2202 diserto

2000 2231 2182 2287 doceri
2225 2231 2408 2286 aiebat
2453 2229 2830 2303 (Pachymere
2877 2229 3002 2288 loco
3052 2232 3225 2288 citato
3279 2233 3639 2303 adnotante),

2001 2322 2060 2374 in
2093 2320 2260 2392 Opere
2307 2321 2402 2375 cui
2430 2317 2599 2375 Sacra
2643 2319 2994 2392 Hoplotheca,
3024 2323 3136 2378 sive
3181 2321 3410 2378 Sacrum
3450 2323 3643 2379 Arma-

2000 2412 2358 2477 mentarium,
2383 2425 2579 2466 nomen
2607 2414 2688 2465 est
2714 2428 2735 2464 .-
2765 2411 2864 2482 qui
2887 2410 3026 2466 liber
3053 2411 3204 2466 inter
3229 2411 3643 2484 authenticos,et

1999 2516 2133 2554 sane
2176 2500 2429 2557 Ecclesia
2474 2498 2777 2554 doctrinam
2819 2498 3174 2566 declarantes,
3223 2503 3433 2558 caueri
3478 2502 3640 2559 solet.

2000 2592 2109 2644 Pro
2141 2605 2382 2644 suarum
2413 2587 2670 2659 partium
2702 2587 2894 2644 studio
2923 2588 3045 2644 haec
3073 2592 3369 2660 postrema
3414 2590 3642 2665 Pachy-

2002 2695 2191 2733 meres
2239 2676 2450 2748 adjecit
2498 2677 2693 2732 verba.
2744 2676 2824 2732 De
2869 2681 3124 2745 auctore,
3176 2679 3420 2751 ejusque
3469 2695 3642 2753 opere

1992 2767 2285 2838 judicium
2299 2765 2494 2838 accipe
2509 2765 2676 2821 Becci
2698 2765 2846 2838 patri
2854 2766 3039 2822 archee
3062 2767 3123 2822 in
3147 2767 3640 2843 Refutationibus,

1999 2873 2125 2929 quae
2155 2859 2387 2912 exstant
2429 2853 2491 2909 in
2521 2855 2739 2912 Gracia
2785 2853 3118 2923 orthodoxa,
3150 2859 3310 2913 tomo
3340 2856 3392 2914 II
3438 2875 3452 2914 :
3488 2879 3511 2910 ι
3545 2859 3640 2914 Li-

2000 2946 2159 3000 brum
2206 2945 2316 3001 sub
2361 2942 2604 3016 imperio
2649 2942 2935 2999 Manuelis
2979 2943 3132 3017 regis
3179 2944 3274 3018 (ab
3317 2961 3471 3003 anno
3502 2947 3643 3004 1148

1998 3034 2068 3088 ad
2127 3049 2348 3088 annum
2408 3032 2586 3105 1180),
2648 3031 2936 3088 Manuelis
2994 3049 3306 3106 personam
3362 3035 3637 3108 iudueus,

1997 3121 2366 3178 Andronicus
2397 3136 2638 3177 munere
2675 3119 2976 3193 drungarii
3005 3121 3174 3195 viglm
3202 3125 3343 3180 tunc
3388 3124 3639 3199 fungsn

1996 3211 2139 3283 (sive
2189 3211 2492 3283 praefectus
2520 3209 2809 3282 vigilum),
2843 3214 3228 3283 cognomento
3274 3213 3634 3284 Gamaterus,

1996 3301 2084 3356 vir
2113 3300 2399 3372 sapientia
2431 3316 2548 3354 non
2577 3297 2852 3371 ignobilis
2889 3301 3221 3372 composuit
3251 3319 3264 3358 :
3295 3301 3356 3357 in
3389 3319 3506 3376 quo
3530 3320 3638 3362 ca-

231 3393 356 3443 tam.
391 3411 418 3436 υ
445 3366 780 3443 Innumera
833 3387 973 3440 sunt
1001 3401 1065 3440 ac
1114 3383 1587 3441 luculentissima
1636 3385 1885 3458 Epipha-
1915 3366 1958 3434 (ἶ
1997 3395 2092 3446 tus
2121 3366 2219 3445 ille
2263 3389 2370 3457 vir,
2403 3405 2517 3443 non
2565 3366 2883 3460 prudenter
2924 3366 3217 3446 certamen
3247 3366 3425 3460 iniit;
3449 3408 3638 3466 neque

233 3477 303 3530 aii
349 3474 722 3532 testimonia.
761 3473 952 3528 Pauca
982 3473 1198 3545 accipe.
1231 3474 1294 3527 In
1347 3478 1641 3544 Ancorato,
1675 3492 1732 3528 n.
1765 3477 1835 3529 67
1869 3494 1882 3531 :

229 3566 340 3620 iam
388 3581 518 3620 vero
562 3580 693 3619 cum
747 3562 996 3618 Christus
1025 3579 1058 3617 a
1097 3564 1279 3633 Patre,
1331 3563 1470 3618 Deus
1517 3561 1770 3619 videlicet
1815 3561 1888 3619 ea:

231 3655 342 3721 Deo,
396 3653 672 3709 creditur
702 3669 714 3705 :
751 3659 803 3706 et
832 3651 1070 3723 Spiritus
1098 3648 1156 3705 ἐκ
1182 3655 1278 3704 τοῦ
1325 3655 1578 3726 Χριστοῦ,
1610 3669 1680 3708 ex
1727 3653 1884 3709 Chri-

232 3753 341 3811 sto;
372 3744 409 3810 ἢ
633 3738 982 3816 ἀμφοτέρων,
1013 3757 1109 3796 seu
1157 3741 1237 3796 ab
1277 3745 1502 3813 utroque
1533 3758 1545 3797 :
1577 3744 1722 3798 sicut
1773 3745 1888 3814 ipse

233 3832 354 3887 dicit
405 3831 696 3898 Christus,
744 3831 844 3901 qui
887 3845 922 3884 a
964 3831 1135 3884 Patre
1177 3831 1449 3900 procedit,
1488 3828 1585 3883 Καὶ
1638 3828 1792 3891 οὗτος
1825 3829 1886 3884 ἐκ

233 3924 317 3973 τοῦ
345 3919 495 3991 ἐμοῦ
555 3917 816 3990 λήψεται,
843 3919 908 3973 Et
935 3919 1026 3974 hic
1051 3920 1119 3974 de
1147 3935 1264 3975 meo
1292 3921 1536 3991 accipiet.
1570 3919 1677 3976 Ubi
1715 3937 1883 3977 voces

231 4009 352 4078 illa,
386 4010 453 4065 de
510 4025 658 4077 meo,
694 4023 1005 4080 personam
1036 4008 1208 4063 Verbi
1254 4008 1594 4080 respiciunt,
1631 4027 1745 4065 non
1777 4010 1882 4065 Pa-

235 4099 348 4153 tris.
399 4097 660 4166 Ibidem,
713 4113 878 4152 num.
911 4097 1000 4164 7t,
1051 4097 1252 4152 Filium
1279 4106 1436 4152 vocat
1475 4096 1566 4150 τὸν
1596 4095 1646 4167 ἐξ
1695 4096 1881 4170 αὐτοῦ,

233 4191 324 4258 qui
349 4204 421 4243 ea:
451 4190 581 4259 ipso
611 4185 828 4256 (Patre)
862 4203 874 4239 :
909 4185 1174 4257 Spiritum
1217 4201 1340 4241 vero
1369 4190 1638 4254 sanctum,
1667 4187 1729 4241 τὸ
1759 4188 1882 4260 παρ’

235 4274 584 4350 ἐμφτέρων,
613 4292 712 4348 qui
758 4290 829 4329 ea:
853 4275 1186 4331 ambobus...
1218 4275 1386 4343 Audi,
1429 4276 1885 4347 quemadmodum

235 4365 396 4419 Pater
445 4381 579 4420 cere
605 4365 683 4418 sit
729 4364 864 4418 Filii
905 4370 1089 4435 pater,
1130 4369 1376 4436 totusque
1417 4363 1554 4434 tua;
1603 4373 1658 4420 et
1703 4365 1884 4422 Filius

233 4470 348 4508 rere
397 4458 469 4509 sit
517 4455 707 4508 Patris
749 4453 926 4522 ﬁlius,
979 4453 1163 4508 lumen
1207 4453 1272 4509 de
1320 4456 1528 4509 lumine
1579 4471 1593 4509 :
1641 4453 1884 4525 Spiritus

233 4545 464 4614 denique
512 4551 737 4598 sanctus
789 4542 1038 4598 Veritatis
1086 4545 1158 4598 sit
1221 4542 1483 4614 Spiritus,
1532 4546 1643 4619 φῶς
1698 4541 1880 4618 τρίτον

229 4631 370 4704 τιρᾶ
423 4630 672 4704 Ματρὸς,
723 4628 811 4683 καὶ
858 4629 1008 4698 rios,
1059 4633 1279 4686 tertium
1326 4649 1359 4686 a
1403 4636 1586 4700 Patre,
1634 4633 1882 4705 Filioque

1995 3495 2098 3551 pro
2146 3494 2263 3533 suae
2295 3476 2596 3550 sapientiae
2645 3477 3151 3549 dignitate;quod
3200 3477 3288 3534 vel
3333 3481 3635 3552 proprium

1996 3570 2230 3623 secutus
2280 3566 2359 3622 sit
2405 3565 2736 3637 arbitrium,
2786 3565 2878 3622 vel
2923 3565 3282 3624 dominantis
3323 3569 3514 3639 jus-sa,
3542 3572 3635 3629 vel

1996 3655 2278 3728 temporis
2327 3654 2846 3726 opportunitatem,
2876 3653 2965 3710 vel
3013 3654 3234 3728 aliquid
3264 3655 3446 3725 aliud,
3477 3661 3632 3731 quod

1995 3745 2139 3800 mihi
2171 3745 2431 3801 nondum
2461 3743 2666 3816 liquet.
2702 3766 2727 3793 κ

2065 3836 2130 3888 In
2161 3850 2230 3890 ea
2281 3833 2414 3889 libri
2463 3836 2625 3904 parte
2671 3848 2798 3904 quis
2847 3831 3130 3905 Spiritum
3179 3839 3452 3892 sanctum
3500 3852 3631 3910 sps-

1993 3927 2129 3991 ctat,
2163 3923 2424 3994 quinque
2475 3921 2718 3993 conﬁctis
2748 3922 3090 3994 dogmatum
3137 3922 3461 3998 principiis,
3493 3941 3633 3998 quo-

1990 4029 2117 4068 rum
2144 4012 2386 4078 nullum,
2420 4010 2604 4083 (Becci
2634 4009 2808 4066 verba
2837 4013 2997 4080 sunt)
3026 4011 3157 4067 licet
3183 4013 3460 4086 quispiam
3483 4015 3632 4072 divi-

1991 4118 2189 4158 norum
2236 4104 2472 4157 Patrum
2517 4099 2920 4156 Commentario
2967 4101 3266 4158 evolvendo
3311 4101 3637 4176 delassatur,

1993 4208 2027 4246 a
2055 4205 2327 4262 quoquam
2355 4204 2598 4260 unquam
2625 4197 2892 4244 assertum
2919 4191 3171 4260 reperiet,
3203 4190 3638 4250 adversantium

1994 4278 2323 4334 Graecorum
2352 4276 2697 4349 excogitatio
2727 4277 3242 4349 comprehenditur
3281 4279 3495 4337 omnis.
3527 4280 3636 4338 Re-

1991 4368 2103 4422 fert
2132 4384 2199 4422 ea
2228 4367 2445 4422 ibidem
2478 4382 2630 4438 saepe
2655 4365 2930 4422 laudatus
2976 4367 3310 4438 patriarcha
3342 4384 3355 4424 :
3387 4370 3641 4426 Primum

1989 4473 2115 4528 ergo
2162 4471 2404 4512 asserens
2435 4474 2456 4510 .ο
2482 4457 2772 4526 proprium
2820 4457 3008 4512 Patris
3057 4472 3177 4513 esse
3201 4458 3470 4529 Spiritum
3513 4474 3641 4530 pro-

1991 4545 2208 4601 ducere.
2244 4547 2364 4600 Imo
2417 4544 2657 4617 spiratio
2687 4545 2894 4612 activa,
2925 4561 3060 4600 cum
3091 4562 3196 4601 nec
3219 4545 3374 4602 Patri
3403 4562 3510 4603 nec
3539 4547 3638 4604 Fi-

1991 4635 2067 4690 lio
2117 4639 2466 4707 opponatur,
2501 4632 2734 4705 utrique
2784 4634 3117 4690 communis
3169 4637 3280 4690 est.
3315 4633 3441 4691 Dici
3489 4635 3640 4694 solet

231 4723 433 4777 lmen.
468 4721 614 4786 Quis
665 4719 894 4775 inﬁcias
925 4719 1109 4788 iverit,
1144 4720 1235 4793 agi
1267 4720 1375 4776 hoc
1411 4719 1536 4776 loco
1566 4721 1637 4776 de
1669 4723 1884 4794 produ-
1916 4739 1965 4801 ι)
1991 4722 2470 4798 praprietas,quia
2499 4739 2614 4778 non
2648 4726 2738 4778 est
2766 4722 3097 4778 communis
3125 4722 3316 4780 tribus
3347 4725 3636 4796 personis,

233 4811 420 4865 ctione
451 4807 800 4866 substantiae
834 4824 898 4864 ac
929 4825 1189 4881 personae
1218 4810 1468 4882 Spiritus
1499 4810 1734 4866 sancti?

297 4899 570 4970 Insignes
602 4897 752 4953 alias
770 4913 884 4952 non
916 4899 1389 4970 pratermiserim
1413 4899 1470 4954 in
1492 4900 1694 4954 eodem
1716 4899 1884 4956 Anco-

233 4994 348 5042 τέο
395 4985 743 5042 sententias.
790 4985 965 5041 Num.
1013 4986 1048 5040 8
1095 4987 1218 5042 ait:
1267 4989 1412 5042 Inest
1458 5004 1585 5058 ergo
1631 4989 1769 5042 Deus
1817 4990 1882 5044 in

229 5082 416 5146 Patre,
448 5079 593 5130 inest
617 5078 678 5130 in
712 5075 871 5144 Filio,
907 5077 1048 5131 inest
1093 5077 1152 5131 in
1181 5076 1394 5148 Spiritu
1421 5085 1606 5132 sancto
1638 5094 1659 5140 ,·
1690 5078 1787 5148 qui
1814 5093 1884 5132 ea:

229 5166 333 5220 Deo
357 5167 599 5236 pariter,
629 5172 686 5219 et
723 5164 865 5218 Deus
893 5172 994 5219 est.
1027 5165 1265 5235 Spiritus
1295 5167 1446 5220 enim
1493 5166 1610 5232 Dei,
1643 5165 1882 5236 Spiritus

231 5255 413 5310 Patris
463 5263 515 5310 et
557 5254 706 5310 Filii
750 5253 990 5325 Spiritus
1019 5271 1039 5309 :
1069 5271 1182 5310 non
1232 5255 1614 5327 compositione
1665 5255 1876 5327 aliqua,

231 5342 685 5412 quemadmodum
731 5343 790 5396 in
828 5344 983 5398 nobis
1023 5345 1211 5398 animo
1252 5359 1552 5414 corpusque
1593 5345 1879 5415 conjungi-

235 5441 312 5487 Συ
345 5453 367 5487 .·
397 5435 497 5488 sed
550 5429 764 5500 ἐνμέσῳ
820 5430 1036 5503 Ιιατρὸς
1085 5429 1171 5484 καί
1219 5432 1363 5502 Υἱοῦ,
1416 5431 1474 5486 ἐκ
1525 5435 1620 5485 τοῦ
1669 5433 1877 5508 Ιιατρὸς

235 5525 306 5572 ι.ιέ
335 5524 431 5574 τοῦ
475 5521 628 5589 Γέοὖ,
682 5516 863 5591 τρίτον
895 5521 964 5591 τῇ
1019 5517 1322 5591 ὀνομασίᾳ;
1370 5523 1515 5577 Inter
1561 5523 1784 5577 Patrem
1830 5532 1882 5578 et

239 5611 420 5666 inium
459 5612 685 5667 medius
731 5615 814 5664 est
857 5610 1026 5664 Patre
1071 5610 1331 5680 Filioque,
1383 5612 1574 5665 tertius
1632 5611 1876 5681 appella-

237 5703 382 5757 ἄρα.
419 5700 610 5756 Verba
658 5696 868 5759 refero.
904 5714 1033 5769 qua:
1089 5714 1250 5754 num.
1281 5699 1352 5752 73
1395 5699 1689 5754 habentur
1719 5714 1731 5752 :
1763 5701 1875 5768 Igi-

245 5799 316 5840 tur
339 5795 388 5845 si
415 5809 448 5846 α
476 5792 659 5848 Patre
681 5786 938 5861 procedit
969 5805 986 5841 .-
1018 5790 1073 5844 et
1099 5787 1164 5843 de
1191 5804 1326 5860 meo,
1357 5789 1441 5844 ait
1468 5788 1752 5858 Dominus,
1784 5806 1872 5844 ac-

1995 4829 2126 4870 cum
2157 4817 2388 4868 tantum
2422 4811 2726 4867 conveniat
2767 4811 2916 4866 Patri
2950 4815 3004 4868 et
3033 4811 3194 4867 Filio.
3227 4811 3352 4868 Non
3384 4816 3474 4869 est
3499 4829 3636 4873 vero

1985 4904 2294 4976 proprietas
2321 4899 2794 4974 personalis,quia
2823 4916 3133 4972 personam
3163 4917 3279 4958 non
3310 4901 3633 4976 constituit,

1992 4993 2092 5048 sed
2129 5007 2404 5064 personas
2452 4991 2600 5046 duas
2629 4988 2981 5045 constitutas
3028 4989 3228 5061 afﬁcit,
3261 5007 3328 5047 ac
3357 4991 3531 5047 refert
3560 4993 3632 5049 ad

1990 5079 2242 5135 tertiam.
2277 5078 2586 5135 Secundum
2615 5097 2633 5132 :
2665 5076 2932 5149 quidquid
2957 5077 3022 5134 de
3051 5078 3317 5135 Trinitate
3345 5081 3630 5150 asseritur,

1989 5177 2087 5225 aut
2115 5173 2193 5225 est
2223 5170 2410 5234 unius,
2444 5170 2540 5222 aut
2569 5167 2860 5222 trium]!
2897 5166 2960 5222 Id
2992 5166 3206 5240 oppido
3235 5166 3451 5225 falsum
3479 5167 3634 5225 evin-

1990 5263 2153 5326 cunt,
2189 5274 2314 5329 quaa
2361 5256 2636 5312 adnotata
2682 5258 2842 5310 sunt.
2903 5255 3157 5328 Spiratio
3203 5255 3407 5327 activa,
3457 5256 3632 5313 sicuti

1989 5365 2104 5403 non
2160 5345 2476 5419 opponitur
2523 5343 2859 5417 paternitati
2907 5349 2965 5400 et
3001 5344 3287 5414 ﬁliationi,
3319 5344 3403 5401 ita
3452 5360 3632 5417 oppo-

1988 5435 2148 5491 nitur
2176 5433 2481 5508 spirationi
2511 5432 2752 5504 passivae
2779 5451 2791 5501 ;
2827 5435 2981 5490 unde
3005 5434 3247 5506 spiratio
3299 5433 3484 5490 activa
3513 5449 3632 5492 non

1987 5528 2076 5579 est
2093 5524 2188 5578 uni
2201 5539 2409 5590 us,non
2428 5521 2836 5592 esttrium,sed
2850 5527 2940 5578 est
2954 5522 3200 5578 duarum
3222 5537 3628 5595 personarum.

1991 5615 2226 5668 Tertium
2243 5629 2260 5666 :
2275 5609 2540 5683 quidquid
2561 5611 2632 5665 de
2655 5611 2858 5667 divinis
2877 5613 3124 5682 personis
3143 5613 3538 5683 asseritur,aut
3555 5617 3636 5668 est

1984 5702 2392 5774 personale,aut
2412 5709 2492 5756 est
2510 5700 2971 5772 naturale.Atqui
2999 5717 3134 5758 vero
3155 5702 3280 5772 jam
3309 5703 3485 5772 patet,
3509 5697 3631 5771 spi-

1986 5791 2268 5847 rationem
2302 5788 2549 5846 activam
2579 5805 2694 5846 non
2747 5804 2875 5846 esse
2903 5790 3134 5861 proprie
3161 5787 3427 5846 naturale
3453 5786 3628 5860 quid-
