4094 6442
444 482 520 546 83
1486 484 1802 549 GEORGII
1845 484 2107 549 CYPRII
2152 483 2270 548 GP.
2316 482 2852 548 PATRIARCHE
3774 477 3851 541 ει

446 616 627 690 piam,
660 630 766 675 nec
812 632 940 675 esse
981 616 1283 690 personale
1315 635 1328 673 :
1363 634 1491 675 esse
1537 623 1734 676 tamen
1765 620 1902 691 quid
1951 636 2081 693 pro-
2111 620 2165 687 Α
2271 620 2359 676 IV.
2396 618 2745 692 Hujusmodi
2766 613 3190 675 sententiarum
3221 613 3598 681 indicatione,
3628 613 3846 687 quibus

448 706 665 780 prium,
697 706 851 779 quod
882 705 1016 762 licet
1052 707 1282 763 duabus
1333 708 1638 764 conveniat
1670 709 1955 781 personis,
1991 710 2092 763 Pa-

448 795 526 851 tri
558 799 614 851 et
643 794 807 862 Filio,
840 799 1035 867 utpote
1065 812 1253 868 neque
1285 796 1615 868 paternitati
1646 814 1835 869 neque
1866 797 2093 852 ﬁliatio-

453 884 514 940 ni
560 884 913 956 oppositum,
968 901 1083 940 non
1132 890 1222 940 est
1266 902 1578 941 commune
1621 886 1830 954 tribus,
1887 903 2095 958 nempe

454 977 655 1029 sancto
699 972 874 1029 etiam
922 974 1183 1046 Spiritui,
1222 975 1314 1030 cui
1363 974 1583 1030 scilicet
1635 974 1870 1031 relative
1916 992 2095 1048 oppo-

340 1076 345 1081 '
454 1061 632 1117 nitur.
667 1062 826 1118 Hanc
878 1063 1094 1134 promit
1121 1062 1333 1118 Doctor
1361 1062 1660 1134 angelicus
1709 1064 2095 1135 objectionem

455 1154 659 1222 quast.
694 1152 781 1216 10,
814 1151 884 1206 de
940 1152 1196 1222 potentia
1225 1151 1389 1207 artic.
1445 1154 1495 1217 4,
1528 1168 1776 1224 eamque
1824 1153 1994 1209 solvit
2025 1154 2096 1207 ad

451 1242 508 1305 7,
540 1240 749 1312 duplex
794 1240 1209 1313 distinguendo
1261 1242 1603 1313 proprium:
1639 1242 1911 1309 alterum,
1960 1242 2099 1313 quod

452 1335 535 1384 est
573 1329 907 1404 simpliciter
936 1339 986 1385 et
1012 1330 1273 1399 absolute,
1312 1334 1364 1385 et
1396 1332 1494 1385 uni
1516 1332 1620 1386 soli
1665 1333 1935 1397 convenit,
1967 1334 2104 1387 sicut

452 1419 668 1475 risibile
717 1418 934 1473 homini
960 1437 981 1472 :
1012 1417 1283 1483 alterum,
1317 1418 1455 1491 quod
1501 1435 1611 1475 non
1639 1424 1713 1475 est
1755 1420 2100 1490 simpliciter,

457 1508 548 1565 sed
577 1508 647 1562 ad
677 1507 929 1579 aliquid;
960 1515 1020 1561 ut
1065 1509 1115 1562 si
1143 1507 1357 1562 dicatur
1385 1510 1528 1578 quod
1557 1510 1832 1563 rationale
1860 1513 1937 1564 est
1970 1525 2102 1579 pro-

456 1600 646 1670 prium
675 1596 888 1651 homini
917 1597 975 1650 in
1006 1599 1412 1667 comparatione
1442 1597 1511 1652 ad
1539 1598 1896 1670 equum,licet
1925 1602 1976 1653 et
2002 1598 2106 1652 alii

458 1686 767 1752 conveniat,
796 1685 1005 1740 scilicet
1034 1686 1253 1754 angelo.
1288 1686 1492 1757 Itaque
1524 1702 1785 1758 persona
1817 1687 1963 1755 dua,
1997 1690 2103 1740 Pa-

458 1778 549 1830 ter
579 1778 637 1828 et
664 1772 864 1841 Filius,
897 1790 1004 1828 sua
1033 1773 1277 1845 singula
1327 1774 1677 1847 proprietate
1709 1776 1859 1847 (qua
1889 1777 2104 1847 simpli-

461 1864 599 1919 citer
624 1871 677 1919 et
705 1863 953 1918 absolute
980 1862 1195 1918 dicitur
1224 1864 1567 1936 pmprietas)
1581 1865 1910 1920 constituta
1942 1869 2103 1920 sunt:

464 1968 531 2008 ac
581 1955 721 2007 sunt
748 1951 783 2018 ἡ
814 1948 1087 2024 πατρότης
1118 1949 1205 2003 καὶ
1257 1950 1466 2019 υἱότης,
1516 1954 1816 2023 paternitas
1862 1958 1916 2007 et
1962 1954 2105 2023 ﬁtte-

464 2045 581 2105 tas,
614 2040 830 2108 quibus
876 2039 1114 2112 integra
1147 2044 1203 2095 et
1232 2039 1481 2096 invicem
1511 2040 1799 2096 distincta
1841 2040 2025 2097 Patris
2056 2046 2113 2096 et

466 2128 596 2184 Filii
624 2128 969 2201 hypostases
1001 2128 1484 2184 exsistunt.Hisce
1514 2145 1645 2185 vero
1672 2131 1793 2199 jam
1826 2130 2110 2185 constitu-

465 2216 544 2273 tis
575 2216 796 2273 accedit
825 2215 1093 2288 alia,qua
1123 2221 1212 2272 est
1243 2216 1504 2289 spirandi
1536 2216 1859 2289 proprietas
1893 2234 1905 2272 :
1930 2233 2113 2288 eaque

467 2305 725 2361 divinam
768 2305 1106 2372 essentiam,
1151 2322 1217 2361 ac
1264 2305 1561 2377 virtutem,
1594 2311 1653 2361 et
1689 2306 2110 2378 operationem,

468 2398 536 2451 ut
565 2394 741 2451 estin
794 2394 962 2450 Patre
1000 2402 1057 2449 et
1105 2394 1165 2449 in
1197 2393 1364 2463 Filio,
1398 2395 1518 2450 sive
1567 2398 1631 2449 ut
1676 2398 1766 2450 est
1812 2394 1872 2450 in
1923 2394 2113 2463 Patre,

470 2488 528 2539 et
555 2500 590 2539 a
618 2483 787 2539 Patre
836 2483 895 2538 in
941 2482 1107 2552 Filio,
1140 2484 1520 2555 consequitur
1567 2488 1626 2540 et
1675 2484 1972 2539 modificat
2001 2501 2015 2538 :
2049 2500 2116 2539 ac

468 2573 554 2630 ita
585 2572 825 2627 domum
870 2572 955 2639 ﬁt,
991 2578 1057 2627 ut
1099 2589 1281 2627 unum
1311 2571 1415 2628 ﬁat
1460 2589 1528 2627 ex
1557 2573 1845 2628 ambobus
1894 2573 2115 2645 princi-

471 2661 659 2735 pium,
691 2664 749 2716 et
778 2677 933 2716 unus
961 2654 1269 2735 προϐολεὺς
1302 2660 1594 2733 spirator;
1629 2677 1743 2717 non
1776 2665 1967 2717 tamen
2000 2678 2117 2716 una

472 2765 743 2824 persona.
779 2749 919 2805 Hinc
966 2766 1329 2821 consequens
1360 2749 1507 2805 illud
1541 2749 1795 2817 eliditur,
1831 2767 1945 2822 quo
1985 2750 2114 2822 Spi-

474 2838 654 2894 ritum
686 2842 955 2893 sanctum
988 2854 1106 2893 sua
1137 2837 1529 2909 processionis
1557 2843 1852 2894 auctorem
1878 2839 1998 2895 fore
2023 2840 2118 2895 de—

474 2928 736 2994 ducunt;
768 2927 905 2999 quia
952 2932 1009 2982 et
1039 2927 1165 2999 ipse
1193 2928 1455 2982 eamdem
1506 2944 1638 2982 cum
1674 2931 1844 2983 Patre
1890 2934 1946 2983 et
1978 2927 2117 2983 Filio

473 3016 813 3082 essentiam,
843 3020 901 3071 et
945 3016 1240 3082 virtutem,
1273 3020 1329 3071 et
1372 3017 1766 3088 operationem
1798 3017 1994 3072 habet.
2028 3018 2117 3073 Si-

474 3104 712 3177 quidem
744 3121 857 3160 non
888 3104 946 3159 id
978 3105 1216 3177 pracise
1247 3104 1591 3177 operationi,
1624 3110 1726 3161 aut
1763 3105 1986 3173 virtuti,
2018 3110 2121 3162 aut

474 3193 759 3257 essentia,
793 3192 1079 3259 convenit,
1111 3209 1229 3264 qua
1279 3193 1533 3249 essentia
1574 3198 1688 3260 est,
1719 3199 1783 3249 ut
1836 3195 2120 3266 producat

477 3281 759 3353 Spiritum
802 3286 1073 3337 sanctum
1106 3297 1121 3337 :
1154 3282 1255 3336 sed
1287 3282 1576 3353 essentia,
1610 3299 1725 3354 qua
1773 3284 2120 3355 paternitate

2201 725 2271 765 ex
2297 715 2555 764 veterum
2591 709 2823 765 Patrum
2855 723 3009 779 penu
3039 705 3369 777 desumptis
3397 720 3568 760 suam
3597 708 3655 759 et
3686 703 3846 759 Lati-

2202 814 2412 852 norum
2460 813 2699 853 causam
2749 796 3057 868 perorabat
3106 799 3350 859 Beceus,
3404 793 3698 865 egregiam
3751 809 3852 864 pro

2204 887 2409 941 eadem
2445 903 2622 941 causa
2665 884 2990 957 apologiam
3024 885 3167 939 texit
3198 882 3602 952 Pachymeres.
3652 882 3760 937 Pro
3790 897 3853 937 eo

2202 980 2421 1043 tamen,
2469 992 2584 1046 quo
2628 974 2929 1030 laborabat
2976 972 3316 1028 schismatis
3370 972 3596 1037 morbo,
3626 971 3720 1025 vix
3766 970 3853 1024 in-

2205 1063 2472 1135 telligens
2519 1080 2646 1136 qua
2691 1062 2983 1118 scribebat
3031 1078 3044 1114 :
3098 1061 3295 1127 locum,
3354 1060 3454 1126 ait,
3522 1060 3858 1115 accusationi

2205 1156 2295 1208 sui
2322 1153 2527 1208 dedisse
2578 1154 2803 1207 Beecum
2848 1150 2996 1206 haud
3041 1167 3172 1206 sane
3223 1148 3632 1206 contemnenda
3661 1167 3681 1202 :
3710 1165 3777 1204 ac
3808 1148 3856 1203 si

2208 1259 2440 1314 nempe,
2472 1241 2685 1315 duplex
2737 1240 2832 1296 ille
2861 1257 2928 1295 ac
2963 1239 3147 1295 Latini
3192 1238 3570 1311 principium,
3603 1242 3704 1293 aut
3754 1238 3861 1292 du-

2211 1330 2417 1403 plicem
2449 1329 2698 1401 Spiritus
2729 1330 2917 1385 sancti
2949 1344 3211 1397 causam,
3239 1327 3636 1382 admitterent.
3676 1348 3704 1377 «
3736 1326 3856 1381 Non

2210 1420 2371 1484 levis,
2405 1435 2508 1475 neo
2566 1418 2821 1489 vulgaris
2877 1434 3038 1472 error
3094 1417 3417 1482 videbatur,
3478 1421 3686 1488 prater
3745 1418 3859 1470 vim

2209 1510 2479 1580 principii
2520 1511 2569 1562 et
2600 1523 2801 1575 causa,
2836 1524 2962 1579 qua
3010 1509 3071 1561 in
3115 1508 3278 1561 Patre
3315 1522 3348 1561 a
3396 1505 3623 1560 cunctis
3676 1520 3859 1575 agno-

2213 1597 2665 1667 scitur,respectu
2696 1597 2929 1667 Spiritus
2965 1597 3146 1650 sancti
3154 1595 3364 1659 ;etiam
3384 1594 3523 1649 Filio
3545 1594 3860 1649 attribuere

2212 1689 2479 1742 rationem
2506 1687 2780 1757 principii
2805 1689 2856 1740 et
2886 1700 3066 1741 causa
3094 1699 3233 1761 erga
3259 1683 3532 1754 Spiritum
3556 1682 3854 1738 eumdem.-

2213 1775 2589 1847 Consequens
2619 1775 2775 1830 istud
2807 1775 2880 1829 ab
2925 1773 3272 1829 adversariis
3304 1772 3500 1844 inepte
3531 1771 3760 1827 illatum
3791 1769 3858 1825 il-

2214 1864 2435 1920 lidebat
2462 1864 2677 1919 Beccus
2700 1870 3027 1931 argumento
3051 1878 3081 1917 e
3110 1861 3305 1916 Gracia
3333 1861 3489 1917 ducto
3520 1861 3674 1931 ipsis,
3707 1860 3861 1930 quod

2218 1952 2346 2025 ipse
2400 1952 2781 2025 Pachymeres
2839 1951 3005 2006 affert
3063 1967 3076 2005 :
3139 1952 3331 2006 Annon
3384 1949 3705 2022 (inquiens)
3771 1965 3864 2005 vos

2220 2058 2430 2118 quoque
2458 2050 2509 2097 et
2536 2042 2742 2105 dicitis,
2772 2048 2822 2095 et
2850 2048 2989 2095 recte
3038 2038 3150 2095 dici
3170 2040 3449 2109 lotanini,
3482 2040 3706 2093 Patrem
3756 2054 3866 2094 esse

2215 2136 2517 2206 perfectum
2547 2131 2736 2195 Deum,
2774 2132 3075 2201 perfectum
3103 2130 3236 2183 item
3268 2129 3435 2183 Deum
3481 2143 3597 2182 esse
3638 2127 3863 2183 Filium.

2220 2223 2453 2293 denique
2480 2220 2835 2276 Paracletum
2877 2219 3180 2289 perfectum
3210 2221 3264 2271 et
3295 2218 3479 2288 ipsum
3510 2231 3627 2271 esse
3654 2216 3869 2271 Deum?

2225 2313 2418 2370 Utrum
2446 2311 2636 2378 igitur,
2666 2309 2799 2380 quia
2818 2308 2945 2362 inde
2968 2311 3075 2362 tres
3104 2321 3222 2361 esse
3250 2305 3373 2360 deos
3401 2304 3614 2361 videtur
3642 2304 3866 2378 inferri,

2220 2399 2361 2471 falso
2390 2400 2494 2455 isto
2532 2402 2583 2452 et
2610 2395 2906 2469 respuendo
2955 2393 3258 2451 corollario
3304 2393 3635 2465 theologiam
3684 2395 3867 2466 inqui-

2222 2489 2477 2543 nabimus
2498 2490 2523 2540 .9
2550 2485 2753 2542 Unitas
2784 2501 2850 2541 ac
2880 2484 3154 2540 identitas
3195 2484 3460 2539 essentia
3490 2484 3866 2554 divina,qua

2224 2577 2412 2633 tribus
2457 2575 2614 2631 inest
2662 2574 2876 2629 divinis
2927 2572 3219 2646 personis,
3250 2576 3370 2629 tres
3419 2571 3555 2627 licet
3599 2571 3739 2636 sint,
3769 2588 3869 2627 eas

2224 2665 2405 2721 efficit
2453 2681 2635 2719 unum
2669 2678 2797 2719 esse
2826 2663 3030 2718 Deum.
3065 2665 3176 2717 Par
3227 2665 3316 2716 est
3345 2659 3677 2733 exemplum
3707 2660 3767 2715 in
3798 2660 3871 2715 iis

2228 2772 2355 2827 qua
2390 2755 2460 2809 ad
2494 2758 2655 2809 extra
2678 2758 2959 2809 vocantur
2979 2749 3577 2823 operationes.Mundi
3609 2749 3876 2805 conditor

2225 2849 2315 2900 est
2343 2847 2529 2916 pater,
2563 2842 2662 2898 sed
2714 2840 2891 2896 etiam
2921 2839 3099 2894 Filius
3130 2838 3398 2894 conditor
3428 2837 3634 2893 mundi
3673 2841 3781 2905 est,
3814 2842 3874 2893 et

2226 2938 2317 2990 est
2336 2933 2603 2988 conditor
2622 2929 2824 2985 mundi
2842 2928 3090 3001 Spiritus
3113 2933 3380 2983 sanctus:
3408 2927 3510 2983 sed
3528 2927 3668 2998 quia
3688 2926 3875 2982 omni-

2228 3021 2631 3094 potentia,qua
2660 3018 2931 3074 conditur
2961 3017 3364 3083 mundus,una
3391 3014 3545 3070 inest
3573 3031 3639 3070 ac
3670 3016 3875 3070 eadem

2227 3111 2417 3167 tribus
2466 3107 2750 3181 personis,
2783 3124 2899 3161 non
2948 3109 3088 3161 sunt
3118 3110 3239 3161 tres
3269 3103 3473 3159 mundi
3519 3103 3873 3169 conditores,

2230 3200 2329 3256 sed
2365 3216 2517 3254 unus
2544 3196 3061 3253 conditor.Verum
3093 3194 3249 3250 enim
3280 3209 3414 3249 vero
3444 3208 3561 3247 una
3591 3191 3768 3247 etiam
3790 3195 3883 3246 est

2229 3290 2464 3360 spiratio
2512 3289 2688 3341 activa
2721 3285 2876 3340 Patri
2907 3289 2963 3339 et
3012 3282 3152 3338 Filio
3201 3281 3532 3357 communis
3565 3296 3578 3334 :
3617 3280 3881 3352 adeoque

477 3387 543 3427 ac
573 3369 851 3426 ﬁliatione
896 3370 1101 3425 affecta
1130 3375 1237 3438 est,
1271 3370 1624 3442 quibuscum
1676 3372 1937 3444 spirandi
1983 3390 2119 3446 pro-
2151 3358 2195 3427 Ο
2232 3358 2347 3433 duo
2377 3375 2585 3443 Patris,
2619 3380 2677 3429 et
2709 3372 2837 3429 Filii
2868 3372 3065 3427 divina
3094 3370 3399 3444 supposita
3427 3372 3566 3426 sunt
3590 3384 3704 3423 una
3739 3384 3879 3423 cau-

480 3459 695 3531 prietas
741 3464 831 3515 est
879 3458 1201 3532 complexa.
1228 3460 1364 3524 Qua
1420 3460 1657 3515 demum
1706 3460 1966 3533 spirandi
1999 3478 2129 3534 pro-

482 3548 699 3621 prietas
727 3548 964 3603 tametsi
1006 3564 1115 3603 non
1144 3548 1366 3620 diﬁerat
1410 3550 1710 3605 secundum
1740 3566 1856 3606 rem
1884 3568 1919 3606 a
1954 3554 2130 3623 pater-

482 3638 662 3694 nitate
689 3644 741 3692 et
766 3636 1061 3707 ﬁliatione,
1082 3641 1146 3692 ut
1174 3638 1399 3710 egregie
1432 3638 1839 3694 animadvertit
1865 3640 2130 3712 Aquinas

490 3725 550 3779 in
580 3724 937 3797 Compendio
967 3723 1269 3798 theologia
1299 3728 1521 3798 cap.65,
1547 3732 1678 3783 Haec
1704 3731 1949 3784 attamen
1978 3730 2134 3801 diffe-

488 3817 622 3869 runt
647 3813 945 3869 secundum
974 3831 1039 3870 ea
1082 3814 1152 3869 ad
1189 3828 1316 3887 qua
1346 3818 1696 3887 referuntur;
1723 3834 1855 3872 nam
1889 3820 2134 3889 palemi-

488 3912 597 3959 tate
624 3906 792 3958 Pater
820 3905 1063 3975 refertur
1091 3904 1160 3959 ad
1189 3906 1416 3973 Filium,
1448 3915 1498 3961 et
1526 3908 1802 3961 communi
1828 3908 2136 3978 spiratione

487 3993 559 4048 ad
608 3992 874 4063 Spiritum
921 4001 1176 4048 sanctum
1205 4012 1226 4047 .·
1255 3996 1306 4049 et
1333 3996 1595 4050 similiter
1640 3996 1818 4050 Filius
1857 3996 2136 4066 ﬁliatione

488 4080 707 4153 quidem
735 4080 805 4135 ad
832 4081 1079 4147 Patrem,
1108 4084 1388 4137 communi
1415 4098 1536 4138 vero
1566 4084 1866 4154 spiratione
1895 4084 1974 4139 ad
2012 4084 2135 4155 Spi-

488 4172 669 4226 ritum
694 4173 968 4226 sanctum.
1010 4170 1253 4226 Abunde
1279 4171 1460 4227 Graci
1484 4174 1610 4243 jam
1661 4172 1897 4240 habent,
1932 4190 2135 4245 quem-

494 4260 813 4315 admodum
863 4258 970 4314 hoc
1022 4260 1146 4314 fieri
1196 4260 1398 4331 possit,
1449 4266 1514 4315 ut
1559 4278 1694 4316 eum
1746 4265 1917 4317 Pater
1961 4267 2019 4317 et
2047 4261 2137 4317 Fi-

492 4347 611 4404 lius
642 4348 769 4403 dua
801 4347 922 4403 sint
969 4363 1248 4419 persona,
1282 4348 1512 4404 unicam
1538 4354 1733 4405 tamen
1776 4355 1833 4404 et
1876 4349 2139 4423 singula-

496 4454 618 4493 rem
652 4436 908 4493 habeant
937 4437 1305 4493 accedentem
1337 4438 1835 4510 proprietatem,in
1867 4456 1983 4511 qua
2008 4456 2135 4495 con-

493 4528 750 4592 veniant,
781 4531 839 4581 et
870 4526 929 4580 in
960 4542 1077 4598 qua
1107 4543 1289 4581 unum
1322 4526 1443 4581 sint
1474 4527 1766 4598 idemque.

560 4617 866 4670 Assertum
918 4622 1178 4686 quartum
1204 4622 1299 4684 est,
1352 4615 1508 4685 quod
1563 4615 1823 4671 insinuat
1869 4616 2138 4672 Camate-

2235 3482 2316 3533 sa,
2350 3469 2453 3521 aut
2482 3480 2652 3519 unum
2681 3463 3021 3534 principium
3050 3459 3237 3515 sancti
3267 3458 3542 3530 Spiritus.

2312 3556 2436 3609 Hac
2465 3551 2737 3609 doctrina
2768 3550 3109 3607 Christiana
3137 3550 3491 3604 documenta
3533 3546 3884 3601 inconcussa

2240 3643 2446 3698 scribit
2474 3640 2876 3713 Pachymeres.
2909 3639 2979 3694 ad
3007 3638 3419 3709 subterfugium
3436 3637 3691 3691 criminis
3709 3637 3887 3690 astute

2241 3750 2275 3788 a
2305 3732 2483 3787 Becco
2514 3731 2847 3786 adinventa.
2892 3727 3066 3783 Addit
3092 3726 3268 3781 etiam
3310 3725 3380 3779 ad
3425 3724 3673 3781 eumdem
3699 3724 3892 3794 finem,

2241 3821 2525 3877 decretum
2554 3819 2820 3889 ﬁdei,legi
2849 3818 3079 3873 solitum
3112 3817 3172 3871 in
3201 3814 3443 3870 Ecclesia
3471 3813 3709 3884 die,qua
3737 3827 3898 3867 voca-

2239 3914 2333 3966 tur
2362 3904 3085 3984 ’09008oﬁla<,0rthodoxia
3105 3903 3431 3976 (Dominica
3462 3901 3683 3958 scilicet
3701 3900 3896 3972 prima

2243 3998 2754 4069 Quadragesima),
2784 3996 2959 4051 tribus
3005 3998 3233 4050 auctum
3282 3992 3542 4064 capitulis
3571 3990 3643 4046 ab
3687 3988 3895 4044 eodem

2244 4086 2575 4160 patriarcha
2608 4087 2706 4141 18
2738 4100 2863 4139 cum
2890 4083 3062 4139 tribus
3089 4080 3625 4137 anathematismiszu
3646 4079 3708 4133 In
3732 4093 3894 4145 eum,

2244 4176 2345 4248 qui
2396 4181 2461 4230 ut
2489 4175 2703 4247 dogma
2753 4172 2884 4228 tidei
2917 4176 3222 4239 assereret,
3255 4170 3463 4225 Filium
3509 4184 3623 4226 esse
3668 4182 3901 4222 causam

2246 4264 2491 4337 Spiritus
2520 4282 2538 4317 :
2570 4263 2676 4330 Qui
2730 4262 2964 4328 diceret,
3012 4260 3217 4315 Filium
3245 4274 3357 4314 esse
3390 4273 3519 4313 cum
3563 4260 3732 4312 Patre
3771 4270 3902 4311 con-

2245 4369 2469 4408 causam
2516 4352 2759 4423 Spiritus
2787 4368 2806 4404 :
2858 4348 2965 4413 Qui
3017 4347 3206 4403 sciens
3254 4345 3738 4413 communicaret,
3785 4359 3898 4399 nec

2247 4440 2490 4512 adjungi
2522 4443 2791 4495 renueret
2820 4435 3124 4509 quibusvis
3155 4437 3239 4491 ita
3269 4434 3737 4506 loquentibus,et
3766 4447 3905 4487 cre-

2248 4530 2547 4585 dentibus.
2599 4528 2725 4583 Hac
2774 4525 3002 4581 dicebat
3053 4524 3340 4595 (Beccus),
3394 4523 3514 4578 hac
3583 4520 3902 4587 scribebat,

2247 4618 2352 4689 (ait
2400 4616 2824 4689 Pachymeres),
2880 4613 3024 4669 illud
3083 4629 3316 4685 quoque
3365 4612 3633 4667 addens:
3669 4611 3718 4665 si
3767 4609 3909 4681 quis

493 4720 597 4758 rus
631 4721 644 4759 :
679 4709 916 4772 Patrem,
949 4719 1075 4774 quae
1128 4704 1225 4758 73
1259 4720 1328 4759 ea:
1355 4720 1413 4758 se
1442 4704 1615 4759 veluti
1660 4721 1825 4759 causa
1871 4705 2138 4775 producit,
2173 4723 2218 4787 ῃ
2248 4707 2442 4761 inesse
2473 4705 2839 4761 contenderit
2886 4701 3279 4775 prapositioni
3311 4696 3421 4765 διὰ,
3452 4715 3571 4771 per,
3602 4698 3909 4754 notionem

492 4793 716 4847 ratione
743 4808 1004 4863 persona,
1053 4808 1164 4847 non
1212 4801 1395 4847 autem
1444 4802 1662 4850 natura
1712 4809 1777 4849 ea
1816 4794 2133 4865 producere.

493 4878 856 4951 Principium
887 4880 1367 4954 distingue,quod
1400 4882 1706 4951 producit:
1741 4885 1799 4936 et
1831 4882 2138 4951 rationem,

494 4985 601 5024 seu
653 4968 953 5037 virtutem,
983 4986 1100 5040 qua
1146 4969 1289 5025 illud
1331 4970 1616 5042 producit.
1653 4970 1905 5025 Persona
1958 4970 2144 5026 Patris

494 5055 766 5128 producit
794 5056 1079 5129 Spiritum
1113 5063 1381 5114 sanetum
1412 5060 1625 5114 virtute
1655 5058 1970 5130 spirativa:
2005 5076 2140 5131 qua,

495 5160 628 5199 cum
658 5144 926 5199 eamdem
955 5145 1095 5200 Filio
1127 5146 1270 5201 insit
1318 5147 1751 5202 communicata
1784 5164 1817 5202 a
1848 5146 2139 5218 Patre,ille

494 5233 671 5289 etiam
703 5233 982 5305 Spiritum
1038 5241 1309 5291 sanctum
1342 5236 1627 5307 producit.
1662 5238 1808 5291 Sunt
1840 5252 1977 5308 ergo
2008 5237 2139 5291 dua

494 5338 778 5395 persona,
816 5326 916 5377 aut
946 5322 1061 5377 duo
1093 5324 1416 5395 supposita,
1452 5341 1577 5398 qua
1610 5342 1729 5379 una
1760 5324 1967 5381 virtute
2008 5343 2139 5397 pro—

495 5412 721 5467 ducunt
766 5410 1050 5482 Spiritum
1098 5417 1367 5468 sanctum
1412 5430 1424 5467 :
1461 5415 1720 5486 adeoque
1767 5419 1908 5470 sunt
1954 5431 2137 5469 unum

495 5499 869 5573 principium.
901 5502 1168 5569 Quintum
1214 5501 1465 5573 denique,
1499 5503 1638 5573 quod
1680 5503 1964 5558 decernit:
2012 5504 2135 5575 Spi-

395 5649 406 5660 ,
496 5590 663 5644 ritum
697 5606 767 5642 ea:
799 5595 964 5644 Patre
1011 5604 1127 5644 esse
1152 5592 1401 5661 contigue
1428 5594 1476 5644 et
1508 5593 1846 5648 immediate.
1882 5592 2002 5647 Imo
2033 5609 2135 5664 op-

496 5678 752 5749 positum
769 5678 1069 5733 docentem
1085 5678 1418 5734 audivimus
1431 5680 1766 5751 Gregorium
1782 5681 2131 5753 Nyssenum.

494 5766 731 5840 Insigne
763 5767 1163 5824 testimonium
1190 5768 1317 5839 ejus
1346 5767 1550 5824 recole.

2247 4812 2454 4863 causa,
2488 4795 2677 4849 audax
2706 4792 2762 4848 id
2795 4793 2956 4847 dictu
2988 4791 3364 4864 cogitatuque
3394 4788 3587 4844 fuerit.
3622 4809 3651 4837 ιο

2322 4884 2764 4954 Subterfugium,
2798 4879 3063 4935 criminis
3114 4878 3368 4949 nullum,
3402 4893 3507 4933 nec
3532 4876 3655 4933 ulla
3695 4875 3912 4931 subter-

2250 4973 2398 5045 fugii
2428 4970 2651 5042 species
2677 4971 2737 5025 in
2768 4969 2860 5024 his
2910 4968 3058 5024 latet
3086 4965 3618 5023 anathematismis.
3652 4965 3753 5020 His
3784 4964 3910 5021 imo

2252 5059 2539 5115 catholica
2588 5057 3033 5114 accuratissime
3080 5055 3425 5128 exprimitur
3470 5053 3686 5110 veritas
3731 5054 3913 5108 unius

2252 5154 2300 5205 et
2329 5148 2573 5221 ejusdem
2604 5148 2923 5219 spirationis
2974 5147 3169 5201 activa
3199 5144 3259 5199 in
3293 5144 3458 5199 Patre
3486 5146 3543 5197 et
3572 5141 3714 5198 Filio
3753 5140 3914 5197 exsi-

2250 5237 2480 5294 stentis.
2515 5238 2660 5292 Hinc
2710 5237 2878 5291 Pater
2906 5239 2963 5290 et
3009 5232 3191 5289 Filius
3229 5233 3345 5288 duo
3396 5231 3636 5304 quidem
3687 5245 3915 5301 suppo-

2251 5326 2366 5381 sita
2396 5330 2532 5380 sunt
2568 5343 2581 5393 ;
2618 5324 2718 5380 sed
2752 5340 2874 5379 una
2904 5338 3099 5387 causa,
3150 5324 3205 5375 et
3236 5336 3421 5375 unum
3473 5316 3723 5391 Spiritus
3768 5332 3915 5372 san-

2249 5414 2292 5469 ti
2328 5413 2702 5485 principium.
2754 5412 2878 5476 Quo
2931 5426 3110 5466 sensu
3160 5426 3269 5465 vox
3316 5404 3405 5461 διὰ
3451 5407 3605 5480 apud
3656 5406 3917 5475 Gracos,

2250 5508 2305 5557 et
2331 5519 2433 5573 per
2462 5503 2615 5573 apud
2650 5502 2911 5571 Latinos,
2938 5515 3073 5554 cum
3105 5498 3322 5553 indicet
3351 5496 3731 5567 spirationem
3761 5495 3919 5550 acti-

2246 5608 2400 5660 vam,
2452 5608 2630 5645 unam
2682 5591 3077 5658 eamdemque
3133 5587 3277 5643 Filio
3332 5585 3828 5641 communicatam
3884 5601 3932 5641 α

2247 5680 2434 5746 Patre,
2486 5680 2780 5753 gignendo
2812 5680 3031 5751 ipsum,
3067 5693 3182 5733 non
3226 5675 3451 5732 indicat
3479 5673 3767 5729 rationem
3820 5671 3921 5726 ul-

2243 5768 2359 5825 lam
2423 5785 2634 5840 causa,
2692 5774 2793 5824 aut
2854 5766 3155 5840 principii,
3215 5782 3341 5838 qua
3412 5767 3703 5836 competat
3761 5760 3916 5817 Filio
