4094 6456
290 449 355 513 85
1477 449 1689 515 VITA.
1720 482 1797 495 —
1826 446 2344 512 DISSERTATIO
2387 445 2433 511 Ῑ.
3576 441 3656 508 86

301 585 360 638 ab
383 598 440 638 ea
478 578 796 638 distinctam
831 596 962 655 quae
994 579 1150 638 inest
1196 582 1364 652 Patri,
1399 600 1693 656 quamque
1724 583 1891 638 Pater
1918 583 1972 649 Α
2076 583 2369 638 Postrema
2405 580 2524 637 haec
2585 579 2792 637 solutio
2839 596 2955 637 non
3005 581 3112 651 est,
3166 575 3510 646 verisimilis,
3555 580 3656 634 aut

304 671 638 730 communicat
667 669 838 727 Filio.

359 761 434 814 VI.
475 761 587 814 Hec
637 760 850 815 docere
901 760 1096 832 palam
1137 779 1470 834 coramque,
1549 763 1670 817 haec
1721 761 1896 817 etiam

297 849 490 921 scriptis
530 865 919 920 progugnare,
979 850 1192 906 invicto
1259 857 1562 924 erectaque
1621 850 1899 924 pergebat

294 939 453 993 animo
478 939 689 994 Bcccus
723 939 1086 1009 patriarcha,
1134 942 1310 996 vitam
1366 945 1574 1013 agente
1618 938 1896 995 Michaele

287 1028 610 1097 imperatore.
697 1027 949 1084 Mortem
1008 1029 1059 1084 is
1117 1029 1276 1096 obiit,
1345 1035 1492 1085 teste
1546 1029 1897 1100 Pachymere

281 1115 328 1168 in
357 1115 534 1170 eodem
579 1114 870 1170 Michaele
928 1115 1076 1170 libro
1107 1134 1185 1180 v1,
1249 1116 1433 1188 capite
1462 1118 1550 1182 36,
1609 1117 1897 1171 undecima

273 1203 347 1258 die
415 1204 730 1270 decembris,
804 1209 1266 1278 Σκιροφοριῶνος,
1352 1205 1442 1260 die
1523 1208 1894 1261 Parasceve...

269 1295 387 1346 anni
444 1292 631 1367 ,ςψειῃ
697 1293 863 1348 6791.
937 1295 1112 1349 Facta
1165 1295 1520 1350 detractione
1560 1295 1720 1360 5508,
1756 1293 1897 1348 resi-

269 1383 398 1436 duus
426 1398 712 1436 numerus
772 1387 864 1436 est
917 1382 1079 1436 4283.
1132 1383 1422 1438 Nimirum
1483 1383 1731 1439 habetur
1770 1382 1895 1437 vul-

263 1472 400 1542 garis
427 1488 545 1528 aere
575 1488 782 1526 annus
815 1471 972 1540 4283,
1010 1489 1358 1529 concurrens
1390 1489 1522 1529 cum
1555 1490 1706 1528 anno
1735 1473 1894 1528 Grie-

263 1577 436 1616 corum
518 1559 1180 1632 Constantinopolitano
1259 1563 1420 1628 6791,
1506 1562 1780 1617 inchoato
1865 1580 1899 1617 a

262 1649 631 1720 Semptembri
670 1666 876 1704 mense
898 1649 1036 1704 anni
1057 1651 1435 1721 precedentis
1469 1651 1770 1706 4282.Vita
1797 1650 1898 1723 igi-

261 1743 341 1792 tur
387 1738 636 1794 decessit
705 1738 1025 1809 imperator
1078 1740 1278 1795 eodem
1322 1758 1473 1796 anno
1508 1741 1664 1807 4282,
1700 1756 1898 1795 mense

259 1826 565 1881 Decembri.
600 1827 942 1899 Insignitus
1001 1845 1192 1884 annus
1248 1829 1345 1885 ille
1376 1831 1723 1901 procedebat
1751 1832 1898 1900 cyclo

256 1916 489 2016 solis-Ill,
541 1917 851 2016 ac-littera
873 1917 1230 2016 ‘Dominicali
1259 1919 1325 1984 D,
1367 1936 1493 1990 quae
1525 1919 1898 1988 Parasceven,
1931 1953 1978 2016 Β

257 2021 343 2059 seu
370 2005 568 2060 feriam
623 2005 734 2072 VI,
791 2005 1013 2060 indicat
1040 2005 1392 2062 incidentem
1426 2008 1484 2062 in
1529 2009 1683 2064 diem
1716 2011 1898 2066 unde-

257 2093 442 2148 cimam
475 2093 854 2149 Decembris.
889 2094 1149 2150 Eundem
1185 2096 1569 2152 emortualem
1600 2098 1898 2155 Michaelis

255 2199 448 2237 annum
481 2182 704 2237 mundi
735 2182 868 2236 6794
905 2183 1194 2238 deﬁniunt
1216 2184 1574 2257 Nicephorus
1596 2190 1900 2259 Gregoras,

255 2269 381 2324 libro
407 2287 458 2324 v.
494 2271 701 2342 capite
727 2274 783 2336 7,
815 2289 980 2326 ιιιιιιι.
1007 2273 1061 2342 6,
1091 2275 1149 2326 et
1171 2272 1452 2345 Georgius
1481 2274 1746 2330 Phranza
1775 2293 1901 2347 pro-

255 2360 602 2415 tovestiarius
637 2361 708 2413 in
741 2359 1053 2430 Chronico,
1093 2359 1241 2415 libro
1271 2379 1309 2428 ι,
1345 2363 1534 2434 capite
1560 2365 1612 2418 6.

310 2449 382 2502 Ex
435 2464 501 2502 ea
562 2449 921 2503 Parasceves
983 2448 1095 2514 die,
1155 2466 1255 2505 seu
1306 2451 1450 2506 feria
1481 2459 1660 2518 sexta,
1721 2471 1899 2525 quam

252 2537 613 2608 Pachymeres
680 2539 874 2602 notat,
956 2537 1358 2594 difficultatem
1421 2543 1638 2613 promit
1693 2543 1898 2598 Petrus

251 2624 506 2680 Possinus
565 2625 733 2680 libro
795 2643 859 2679 ιιι
934 2626 1364 2699 chronologico,
1425 2629 1610 2702 capite
1665 2633 1718 2685 9.
1775 2631 1897 2686 Sibi

251 2729 433 2786 nempe
464 2713 613 2770 satis
641 2719 1026 2786 perspectam
1060 2731 1175 2770 non
1207 2717 1389 2772 fuisse
1419 2719 1634 2789 prodit,
1670 2720 1896 2776 metho-

250 2803 369 2857 dum
400 2821 588 2859 annos
618 2807 969 2858 Gracorum
1022 2803 1702 2878 Coustantinopolitanos
1732 2811 1901 2865 redu-

248 2892 391 2948 cendi
424 2893 494 2948 ad
515 2891 810 2948 Julianos
843 2891 1134 2964 vulgares.
1168 2893 1358 2949 Verba
1387 2896 1514 2966 ejus
1556 2902 1695 2952 sunt
1723 2916 1780 2952 ιι.
1813 2900 1848 2952 2
1882 2917 1894 2953 :

246 3003 268 3029 ιι
296 2983 389 3037 Est
414 3000 608 3040 annus
639 2997 785 3038 aera:
835 2981 1042 3036 mundi
1092 2986 1422 3038 Graecorum
1471 2985 1635 3054 6794,
1681 2986 1897 3043 Christi

245 3071 514 3139 4283,hoc
547 3075 642 3127 est
674 3069 910 3142 periodi
941 3069 1188 3126 Julianaa
1218 3072 1380 3138 5996,
1411 3089 1525 3143 quo
1559 3074 1668 3130 fuit
1701 3075 1896 3146 cyclus

243 3160 368 3215 solis
400 3178 474 3229 xv,
508 3177 746 3215 aureus
801 3176 1085 3215 numerus
1142 3178 1222 3228 xI,
1280 3161 1520 3216 indictio
1559 3165 1777 3234 pariter
1808 3166 1892 3232 11,

251 3247 426 3321 cyclus
457 3266 636 3322 porro
668 3247 822 3304 solis
853 3247 925 3302 IV
955 3247 1205 3304 litteram
1237 3249 1455 3305 indicat
1481 3252 1893 3310 Dominicalem

246 3339 296 3405 C,
324 3355 450 3409 quae
495 3354 638 3395 cum
695 3337 988 3410 insigniat
1029 3338 1182 3392 diem
1216 3339 1629 3395 duodecimum
1660 3342 1896 3397 Decem-

245 3427 369 3495 bris,
400 3427 776 3483 undecimus
826 3427 1153 3482 necessario
1207 3427 1382 3482 fuerit
1428 3429 1527 3483 74
1557 3429 1896 3502 Sabbatum,

243 3532 340 3571 non
397 3523 600 3572 autem
667 3516 1014 3580 Parasceve,
1074 3514 1191 3570 sive
1250 3520 1411 3571 sexta
1462 3517 1622 3573 feria.
1656 3518 1896 3582 Qualem

244 3608 414 3658 tamen
444 3604 550 3660 illo
610 3619 782 3659 anno
834 3602 1155 3670 (Michaelis
1183 3605 1517 3677 emortuali)
1551 3606 1733 3663 fuisse
1795 3625 1896 3679 pro

242 3693 549 3748 certissimo
581 3700 642 3748 et
675 3691 861 3763 vulgo
902 3692 1208 3748 notissimo
1242 3694 1423 3748 tradit
1460 3695 1894 3768 Paschymeres.

247 3781 405 3851 Igitur
434 3799 595 3837 anno
632 3779 870 3836 Christi
901 3781 1062 3849 1282,
1125 3783 1271 3835 mori
1305 3783 1644 3838 Michaelem
1689 3785 1896 3840 Palaeo-

240 3867 416 3942 logum
445 3871 753 3943 oportuit,
781 3886 898 3942 quo
929 3869 1126 3942 cyclus
1165 3869 1307 3926 solis
1337 3888 1398 3925 ιιι
1429 3872 1682 3927 litteram
1711 3873 1898 3928 Domi-

247 3959 364 4012 nica:
392 3959 654 4014 indicem
694 3957 868 4013 dedit
903 3958 969 4013 D.
1031 3959 1160 4013 H330
1191 3959 1348 4014 enim
1379 3960 1572 4016 littera
1600 3961 1752 4016 diem
1785 3966 1898 4017 ter-

247 4047 372 4102 tium
405 4049 721 4104 decimum
765 4047 1103 4102 Decembris
1134 4047 1418 4116 afﬁciens,
1449 4051 1687 4104 tertium
1723 4055 1895 4119 retro,

249 4135 446 4192 scilicet
478 4137 911 4203 undecimum,
947 4135 1126 4191 fuisse
1168 4141 1389 4192 sextam
1421 4138 1622 4193 feriam
1656 4139 1896 4196 demon-

247 4230 389 4280 strat.
448 4226 604 4291 Quid
671 4241 824 4296 ergo
856 4224 1138 4296 dicemus,
1173 4243 1398 4282 errasse
1446 4227 1670 4282 Graecos
1709 4228 1894 4284 histo-

248 4314 375 4369 ricos
419 4316 476 4370 in
529 4332 695 4370 anno
766 4313 971 4369 mortis
1017 4313 1334 4379 Michaelis,
1396 4320 1454 4370 et
1498 4333 1600 4386 pro
1630 4317 1772 4370 6790
1802 4335 1896 4373 se-

249 4409 499 4472 quentem
549 4403 694 4458 6791
743 4401 1091 4458 indicasse?
1125 4402 1204 4460 Ne
1237 4419 1517 4476 cogamur
1549 4405 1656 4460 hoc
1687 4406 1895 4474 dicere,

251 4489 440 4561 duplex
495 4492 689 4562 hujus
758 4489 1112 4562 explicanda
1169 4491 1566 4564 perplexltatis
1640 4495 1898 4566 suppetit

251 4585 394 4635 ratio.
421 4583 538 4636 Aut
567 4582 745 4637 enim
781 4578 1035 4635 labentis
1056 4581 1182 4651 jam
1216 4583 1354 4636 anni
1402 4583 1544 4635 6790
1591 4588 1648 4638 et
1679 4601 1896 4654 paucos

253 4669 508 4726 duntaxat
539 4669 802 4727 extremi
838 4670 1174 4725 Decembris
1205 4671 1329 4726 dies
1372 4671 1627 4743 reliquos
1670 4673 1902 4728 trahen-
1933 4681 1980 4745 D

256 4756 339 4820 tis.
366 4760 650 4816 rationem
691 4775 813 4815 non
873 4757 1206 4814 habendam
1257 4759 1509 4832 pepulus
1556 4764 1611 4815 et
1640 4760 1900 4817 historici

255 4855 557 4918 censentes,
621 4848 864 4903 obitum
897 4847 1025 4918 ejus
1083 4864 1151 4904 ex
1210 4865 1362 4904 anno
1395 4865 1528 4904 mox
1573 4848 1900 4921 insequenti

256 4932 397 5002 679l,
422 4953 536 5008 quo
571 4937 623 4992 is
660 4935 938 4991 videlicet
999 4937 1274 5005 innotuit,
1323 4937 1759 5010 insigniendum
1794 4956 1899 5010 pu-

257 5028 498 5080 taverunt
528 5044 542 5080 :
573 5029 855 5098 neglecto
888 5025 1230 5082 discrimine
1262 5025 1486 5082 nullius
1519 5027 1798 5082 momenti
1831 5028 1902 5082 ad

259 5110 458 5168 civilem
492 5114 982 5170 estimationem.
1016 5116 1130 5169 Aut
1154 5117 1332 5187 (quod
1362 5115 1731 5171 virisimilius
1756 5117 1904 5187 reor)

260 5214 521 5257 annorum
557 5200 805 5269 mundi,
837 5207 895 5258 et
949 5220 1076 5257 uerae
1108 5220 1225 5258 suae
1257 5203 1637 5276 principium,
1671 5205 1807 5259 item
1841 5209 1906 5258 ut

262 5284 597 5357 indictionis,
632 5308 670 5345 a
701 5291 1035 5362 Septembri
1095 5291 1272 5347 Graeci
1315 5293 1656 5365 repetebant
1690 5310 1703 5348 :
1751 5293 1904 5348 unde

260 5375 358 5442 jam
381 5387 503 5435 tum
536 5396 746 5436 annus
784 5380 986 5435 mundi
1006 5381 1177 5451 juxta
1205 5381 1363 5452 ipsos
1392 5383 1527 5436 6791
1564 5388 1814 5454 cceperat
1873 5400 1904 5437 a

268 5479 437 5521 mense
468 5469 671 5536 tertio,
709 5484 848 5522 cum
906 5469 1046 5524 anni
1104 5470 1316 5525 Christi
1345 5470 1486 5524 4282
1515 5471 1736 5526 mensis
1769 5470 1903 5525 ulti-

273 5569 379 5610 :nus
403 5559 734 5614 December
756 5555 1111 5613 volvebatur.
1149 5558 1217 5616 Ut
1254 5576 1384 5615 vere
1411 5559 1663 5615 dixerint
1693 5559 1906 5631 Pachy-

271 5654 448 5714 meres,
479 5646 793 5718 Gregoras
848 5650 904 5701 et
941 5646 1275 5717 Phrantzes,
1310 5648 1526 5705 obiisse
1556 5648 1900 5706 Michaelem

277 5743 397 5788 Iano
423 5735 588 5792 6791.
625 5759 654 5786 γυ

2009 672 2362 726 verisimilior
2389 689 2407 724 :
2440 671 2537 725 sed
2572 669 2894 736 verissima,
2924 673 2987 724 ut
3018 667 3308 741 colligitur
3335 685 3403 723 ex
3434 665 3657 723 metho-

2007 761 2101 826 do,
2136 777 2320 814 annos
2351 761 2686 815 Graecorum
2719 758 3392 830 Constantinopolitanos
3417 773 3652 813 conver-

2005 850 2164 904 tendi
2196 849 2253 903 in
2285 849 2548 904 Julianus
2582 866 2766 904 annos
2799 865 2921 903 serae
2972 847 3249 919 vulgaris,
3282 864 3456 918 quam
3490 845 3652 901 deni-

2008 953 2119 1008 que
2182 937 2305 1008 ipse
2362 938 2646 993 Possinus
2688 937 2864 1008 probe
2904 937 3189 992 intellexit
3244 936 3392 991 libro
3452 953 3512 990 ιιι
3559 936 3656 991 ob-

2007 1026 2394 1081 servationum
2429 1025 2834 1096 chronologico
2873 1025 2932 1080 in
2993 1025 3307 1080 Historiam
3339 1024 3652 1079 Andronici

2007 1114 2195 1185 capite
2227 1117 2276 1183 1,
2312 1132 2474 1168 num.
2506 1116 2536 1168 4
2599 1131 2610 1168 :
2668 1136 2695 1163 ‹‹
2727 1113 2799 1168 Ut
2831 1114 2968 1168 anni
3019 1132 3142 1168 serae
3175 1114 3527 1179 Graecorum,
3558 1112 3653 1168 in-

2007 1204 2156 1275 quit,
2189 1205 2260 1259 ad
2295 1221 2469 1259 teram
2503 1208 2766 1259 nostram
2796 1203 3092 1275 vulgarem
3125 1204 3498 1269 reducantur,
3531 1218 3656 1274 per-

2005 1297 2183 1365 petua
2240 1293 2511 1348 methodo
2543 1309 2611 1347 ex
2667 1291 2781 1348 illis
2833 1292 3071 1348 tollendi
3132 1295 3269 1348 sunt
3298 1292 3435 1347 anni
3479 1291 3652 1346 solidi

2003 1381 2165 1436 5580.
2199 1380 2324 1435 Tali
2374 1379 2770 1436 subtractione
2828 1382 3004 1447 facta,
3063 1381 3382 1452 reperietur
3439 1397 3650 1435 annus.

2007 1469 2118 1524 Sed
2151 1471 2209 1524 in
2241 1469 2334 1524 his
2393 1470 2700 1541 diligenter
2732 1470 3036 1524 observare
3086 1473 3310 1541 oportet
3337 1469 3653 1542 discrepan-

2005 1560 2146 1613 tiam
2198 1560 2353 1613 initii
2411 1575 2701 1614 annorum.
2769 1558 2916 1615 Nam
2961 1559 3137 1613 Graeci
3198 1575 3382 1614 annos
3423 1575 3563 1614 suos
3621 1575 3656 1613 a

2008 1648 2359 1719 Septembri,
2423 1649 2576 1704 sicut
2633 1651 2690 1702 et
2721 1647 3122 1716 indictionem,
3156 1648 3434 1703 inchoent
3489 1666 3500 1702 :
3547 1663 3654 1702 nos

2008 1752 2138 1790 vero
2167 1754 2200 1791 a
2230 1736 2496 1792 Kalendis
2525 1736 2810 1792 Januarii.
2862 1739 3058 1808 Itaque
3115 1738 3348 1808 quando
3400 1753 3502 1808 per
3531 1751 3651 1791 me-

2007 1824 2253 1880 thodum
2277 1826 2450 1881 modo
2483 1826 2798 1881 indicatam
2832 1826 3227 1898 comperimus
3255 1842 3475 1882 annum
3507 1826 3656 1882 Gre-

2009 1930 2232 1985 corum,
2260 1934 2314 1971 v.
2348 1931 2402 1986 g.
2435 1915 2596 1982 6829,
2650 1915 2999 1986 respondere
3049 1932 3200 1971 anno
3233 1915 3443 1971 Christi
3490 1915 3650 1979 4324,

2010 2003 2457 2076 intelligendum
2516 2005 2573 2060 id
2623 2010 2711 2060 est
2766 2021 2835 2059 ex
2865 2005 3070 2075 majori
3134 2006 3418 2060 duntaxat
3467 2008 3651 2076 parte,

2009 2110 2125 2148 non
2183 2098 2400 2160 autem,
2456 2098 2520 2148 ut
2575 2093 2721 2148 alter
2772 2093 3019 2149 alterum
3077 2094 3326 2166 perfecte
3370 2093 3652 2165 adaequet.

2010 2182 2378 2238 Concurrunt
2407 2167 2561 2239 enim
2594 2183 2654 2238 in
2693 2193 2804 2238 octo
2859 2183 3134 2239 duntaxat
3163 2184 3460 2252 mensibus,
3513 2199 3658 2254 quo-

2010 2287 2140 2325 rum
2173 2287 2372 2327 ormus
2428 2271 2747 2327 Januarius
2801 2273 2896 2326 sit.
2953 2273 3038 2326 Ab
3092 2272 3199 2327 hoc
3257 2271 3414 2327 enim
3455 2271 3660 2326 ineunt

2011 2359 2222 2415 Christi
2255 2360 2390 2414 anni
2423 2360 2661 2432 (Juliani
2719 2361 3031 2433 vulgares),
3066 2361 3297 2432 quando
3322 2361 3448 2432 jam
3481 2377 3514 2415 a
3544 2362 3650 2416 Ka-

2011 2448 2188 2503 lendis
2223 2449 2549 2519 Septembris
2578 2451 2876 2520 superioris
2910 2450 3069 2519 (anni
3102 2450 3263 2518 1320)
3287 2449 3663 2506 inchoaverat

2010 2554 2201 2591 annus
2230 2552 2360 2593 serae
2392 2542 2730 2605 Greecorum,
2790 2537 2888 2611 qui
2941 2539 3290 2608 respondere
3318 2537 3422 2592 tali
3449 2538 3663 2594 Christi

2009 2643 2162 2680 anno
2212 2626 2468 2680 creditur
2525 2627 2920 2698 (diciturque).
2973 2650 3000 2677 ››
3056 2625 3268 2682 Mirum
3317 2630 3426 2692 est,
3460 2627 3520 2680 in
3553 2625 3662 2681 hu-

2001 2715 2169 2786 jusce
2230 2715 2442 2787 regulae
2490 2733 2624 2786 usu,
2687 2732 2863 2786 quam
2921 2717 3158 2770 demum
3219 2715 3380 2770 novit
3412 2715 3654 2786 optime,

2009 2803 2208 2858 minus
2239 2807 2577 2858 accuratum
2609 2802 3046 2873 exercitumque
3079 2802 3173 2859 75
3210 2818 3272 2857 se
3347 2800 3666 2872 praebuisse

2007 2891 2340 2963 Possinum,
2373 2891 2767 2963 incidisseque
2799 2891 2858 2946 in
2907 2906 3130 2946 errores
3164 2891 3263 2962 qui
3297 2890 3468 2946 venia
3496 2889 3661 2962 digni

2007 2998 2120 3037 non
2151 2981 2442 3046 videntur,
2476 2981 2560 3035 uti
2583 2983 2708 3051 jam
2741 2980 3174 3036 adnotavimus.

2077 3114 2195 3169 VII.
2253 3115 2571 3184 Imperium
2655 3113 2817 3169 solus
2894 3113 3204 3184 capessivit
3256 3114 3651 3169 Andronicus.

2005 3203 2185 3258 Anxia
2217 3203 2513 3274 quaerebat
2542 3219 2769 3270 secum,
2814 3219 2956 3257 num
2986 3219 3112 3274 quae
3143 3219 3330 3274 nuper
3370 3202 3523 3258 circa
3551 3219 3657 3274 pa-

1930 3317 1972 3383 C
2011 3307 2135 3346 cem
2193 3291 2585 3347 Ecclesiarum
2646 3291 2789 3346 inita
2841 3292 3094 3360 fuerant,
3125 3291 3479 3347 rescinderet
3509 3297 3656 3348 acta.

2010 3381 2070 3436 Id
2104 3397 2236 3436 vero
2267 3385 2333 3435 ut
2383 3385 2818 3452 exsequeretur,
2882 3381 3070 3436 suasit
3113 3381 3293 3436 amita
3323 3380 3451 3451 ejus
3481 3380 3658 3435 Eulo-

2009 3469 2122 3540 gia,
2157 3485 2334 3539 quam
2367 3469 2820 3524 memoravimus
2850 3470 3036 3540 capite
3072 3473 3128 3536 2,
3163 3485 3328 3525 num.
3360 3470 3414 3523 4.
3444 3469 3658 3524 Datum

2009 3559 2081 3611 ab
2112 3574 2180 3612 ea
2217 3557 2527 3612 consilium
2558 3562 2757 3612 narrat
2794 3557 3184 3629 Pacbymeres
3215 3558 3274 3611 in
3303 3557 3655 3623 Andronico,

2007 3644 2157 3701 libro
2187 3664 2226 3713 ι,
2249 3646 2434 3717 capite
2473 3649 2526 3713 2,
2560 3652 2624 3700 ut
2657 3648 2779 3717 ipse
2801 3663 2997 3701 coram
3031 3646 3348 3718 palamque
3375 3647 3652 3717 proﬁtens,

2007 3737 2249 3790 invitum
2284 3752 2340 3790 se
2369 3737 2541 3806 patris
2596 3737 2924 3790 auctoritate
2973 3735 3042 3789 ad
3072 3752 3138 3789 ea
3189 3735 3476 3805 probanda
3529 3751 3653 3805 pcr-

2007 3827 2281 3889 tractum;
2313 3841 2459 3877 nunc
2512 3825 2804 3890 damnare,
2834 3839 3037 3894 proque
3067 3825 3265 3892 infecto
3295 3823 3492 3877 habere
3539 3824 3651 3877 vel-

2009 3913 2083 3966 let
2113 3914 2262 3984 qnod
2286 3929 2578 3983 perperam
2607 3914 2819 3981 egisset.
2882 3913 2944 3966 In
2979 3912 3128 3966 hanc
3173 3911 3271 3966 ille
3302 3912 3649 3967 sententiam

2009 4003 2317 4067 concessit,
2379 4018 2698 4072 pacemque
2758 4000 3011 4055 violavit.
3073 4000 3255 4072 Igitur
3308 4001 3656 4056 illucescente

2007 4093 2396 4146 anniversaria
2446 4091 2536 4144 die
2568 4089 2772 4145 Christi
2825 4091 3048 4144 Domini
3077 4090 3260 4144 natali
3282 4089 3397 4156 (die
3425 4091 3496 4142 25
3543 4089 3652 4143 De-

2008 4179 2260 4235 cembris
2288 4178 2426 4233 anni
2455 4179 2638 4249 4282),
2669 4194 2794 4232 cum
2849 4177 2951 4232 illo
2997 4179 3138 4248 fasto
3179 4176 3242 4231 de
3269 4193 3420 4232 more
3447 4185 3656 4247 oporte-

2007 4272 2088 4322 ret
2127 4268 2350 4339 prodire
2405 4268 2705 4337 Augustum
2756 4275 2807 4322 et
2859 4267 3154 4338 mysticum
3207 4266 3547 4335 sacriﬁcium
3597 4267 3658 4320 in

2007 4358 2124 4414 aede
2166 4374 2324 4412 sacra
2375 4358 2639 4428 palatina
2666 4358 2785 4410 ritu
2820 4355 3057 4411 solemni
3084 4354 3370 4422 celebrari,
3398 4363 3658 4409 neutrum

2008 4447 2205 4501 horum
2242 4452 2323 4500 est
2378 4448 2582 4515 factum
2618 4461 2631 4499 :
2665 4445 3013 4514 omissaaque
3045 4443 3301 4514 mysticaa
3347 4441 3657 4497 oblationis

2006 4552 2142 4590 vera
2197 4535 2388 4589 fuerat
2418 4533 2585 4601 ratio,
2646 4550 2718 4587 ne
2764 4535 3126 4603 patriarchae,
3157 4547 3315 4603 quem
3341 4547 3511 4585 novus
3541 4531 3655 4586 Au-

2009 4628 2194 4695 gustus
2251 4624 2602 4679 exauctorari
2628 4623 2864 4690 volebat,
2926 4624 2987 4675 in
3019 4621 3273 4692 palatino
3330 4621 3658 4675 recitaretur

2009 4728 2206 4767 nomen
2241 4714 2386 4767 inter
2409 4727 2586 4766 sacra.
2621 4714 2754 4765 Haec
2783 4715 2923 4764 sunt
2952 4709 3324 4780 Pachymeris
3353 4709 3527 4764 verba
3555 4725 3655 4764 ca—

2010 4801 2129 4873 pite
2155 4802 2208 4854 3.

2086 4932 2552 4988 Machinationes
2601 4931 2969 5004 imperatoris
3015 4934 3251 4987 noverat
3291 4932 3504 4986 Beccus
3553 4948 3654 5003 pa-

2014 5022 2288 5078 triarcha.
2347 5021 2668 5076 Consilium
2729 5037 2903 5075 suum
2953 5021 3138 5091 jussit
3182 5020 3294 5091 ipsi
3329 5019 3656 5076 renuntiari

2013 5113 2334 5183 Augustus,
2367 5127 2474 5167 non
2525 5112 2836 5178 contemptu
2866 5113 2963 5164 aut
3014 5109 3136 5165 odio
3187 5108 3374 5182 ipsius
3407 5107 3656 5180 patriar-

2015 5201 2156 5269 chae,
2204 5201 2304 5255 sed
2332 5200 2580 5271 periculo
2637 5199 2980 5268 reipublicae,
3042 5215 3107 5253 ac
3162 5214 3318 5253 mera
3345 5199 3660 5254 necessitate

2013 5294 2141 5346 novi
2166 5289 2431 5359 ﬁrmandi
2454 5289 2820 5359 principatus.
2852 5288 3050 5358 Itaque
3079 5304 3213 5342 cum
3234 5287 3460 5343 aliunde
3481 5292 3662 5342 rectus

2012 5389 2147 5436 esset
2173 5382 2391 5448 Beccas,
2425 5394 2690 5451 quemque
2740 5381 3011 5449 prazterea
3058 5379 3282 5434 satietas
3318 5381 3452 5449 jam
3479 5377 3656 5447 cepis-

2011 5473 2089 5524 set
2113 5467 2504 5539 patriarchalis
2535 5467 2761 5523 honoris
2787 5466 3068 5533 (historici
3095 5465 3268 5521 verba
3299 5469 3439 5521 sunt
3471 5465 3659 5536 capite

2012 5559 2067 5628 4)
2098 5556 2368 5627 postridie
2395 5558 2524 5626 festi
2552 5556 2668 5626 (die
2696 5557 2766 5611 26
2800 5555 3131 5611 Decembris
3163 5554 3300 5610 anni
3329 5554 3511 5623 4282),
3543 5553 3658 5608 des-

2010 5645 2240 5702 cendens
2282 5645 2647 5717 patriarchio,
2701 5647 2757 5699 in
2806 5645 3214 5700 Panachrantae
3258 5643 3656 5700 monasterium

2009 5752 2064 5792 se
2090 5735 2337 5793 contulit.
