4094 6454
411 431 492 494 87
1174 430 1180 437 ’
1446 438 1761 504 GEORGII
1803 437 2065 502 CYPRU
2106 438 2227 503 GP.
2270 438 2798 503 PATRIARCHE
3734 438 3815 504 88

950 570 1047 627 70
1102 571 1332 629 CAPUT
1381 571 1479 630 VI.

412 692 676 770 Iosephus
708 693 976 770 Galesiota
1003 697 1205 751 iterum
1251 696 1567 770 patriarcha
1598 705 1953 770 promovetur
1988 703 2057 757 ab

481 765 788 822 Andronico
811 784 834 831 ;
860 783 924 822 ac
949 771 1183 839 Prusam
1220 765 1378 823 ersul
1423 765 1664 825 mittitur
1694 772 1909 839 Becous,
1944 789 2058 826 rem

483 840 652 911 etiam
678 839 988 893 consulente
1020 838 1251 907 Georgio
1282 840 1500 911 Cyprio.
1542 841 1857 898 Sermonem
1877 844 1924 899 is
1945 845 2057 898 An-

486 910 835 985 tirrheticum
876 911 1071 985 scribit
1103 910 1333 985 contra
1358 910 1526 968 ’Beccz
1565 914 1944 985 blasphemzas,
1999 919 2058 971 ut

488 980 1046 1057 aiebat.‘0rat_ionem
1093 983 1290 1057 Beccus
1338 985 1573 1057 reponit,
1616 980 1740 1057 qu}?
1765 980 2058 1057 perperam

489 1051 1206 1142 εεςτεηεαγξάιξμνρναίίρ
1502 1051 1815 1142 ramum
1846 1051 2053 1142 aer-

488 1124 718 1198 Hujusce
745 1130 1113 1198 assertacum
1136 1127 1317 1198 iBecci
1367 1126 1721 1197 refutatione,
1755 1124 2060 1198 nostrisque

486 1194 1080 1270 animaduersionibus,
1113 1197 1261 1263 Quid
1313 1199 1387 1253 sit
1427 1194 1624 1254 missio
1674 1194 2057 1270 personarum,

489 1270 542 1323 et
569 1268 627 1321 in
651 1282 752 1338 quo
778 1268 1006 1337 prapria
1022 1267 1142 1338 ejus
1162 1270 1305 1323 ratio
1322 1271 1502 1338 posita
1526 1272 1615 1337 sit,
1641 1267 1836 1328 latiore
1862 1287 2061 1329 sermo-

487 1355 560 1393 ne
586 1337 1102 1416 enucleatur.Locus
1118 1337 1727 1416 expenditurhomiliae
1745 1342 1810 1399 de
1840 1343 2063 1416 Spiritu

489 1417 676 1466 sancto
701 1411 802 1464 sub
842 1411 1071 1466 Joannis
1106 1409 1476 1483 Chrysostomi
1501 1415 1739 1469 nomine.

492 1553 538 1607 Ι.
583 1554 787 1624 Capta
828 1551 1215 1625 Pachymeres
1245 1554 1563 1609 narrationi
1621 1554 1924 1624 insistens,
1967 1572 2062 1612 ca-

421 1640 540 1715 pite
567 1642 623 1711 5,
656 1640 743 1697 sic
772 1642 856 1696 ait
904 1656 917 1695 :
968 1642 1220 1711 Ejusdem
1275 1644 1477 1698 mensis
1524 1644 1880 1714 (Decembris
1927 1646 2064 1701 anni

423 1731 583 1802 1282)
611 1746 710 1802 pos
738 1729 885 1786 diem
928 1731 1282 1797 tricesimam,
1312 1732 1413 1788 sub
1443 1747 1745 1804 uesperam,
1778 1736 2067 1806 impositus

423 1821 715 1893 gestatoria
743 1819 1009 1892 Iosephus
1047 1823 1264 1876 tantum
1290 1837 1403 1877 non
1429 1824 1729 1889 exanimis,
1756 1825 1949 1880 multis
1995 1841 2066 1880 u-

2088 574 2141 641 Α
2169 590 2367 645 parum
2395 577 2678 646 promovit.
2711 574 2843 631 Haec
2888 588 3043 630 anno
3074 572 3213 630 1284
3248 572 3643 647 contigerunt,
3673 589 3809 646 pro-

2164 669 2432 719 movente
2461 664 2626 719 Becci
2656 662 3068 736 relegationem
3138 662 3197 718 in
3229 679 3419 719 arcem
3450 663 3640 719 sancti
3671 667 3811 720 Gre-

2166 752 2310 825 gorii
2342 753 2469 823 ipso
2498 752 2705 824 Cyprio
2736 754 2862 824 jam
2895 752 3245 823 patriarcha.
3308 753 3418 807 Sed
3451 751 3573 808 hac
3603 753 3807 809 eadem

2164 840 2354 914 Cyprii
2387 840 2623 907 invidia,
2654 857 2772 913 qua
2810 843 2861 895 is
2922 841 3254 912 patriarcha
3284 841 3552 898 initiatus
3582 842 3810 897 fereba-

2164 935 2264 985 tur
2287 930 2344 985 in
2380 933 2652 998 Becoum,
2680 931 2932 986 movisse
2961 930 3190 986 videtur
3218 931 3433 998 ipsum,
3457 935 3595 987 ante
3624 931 3812 1002 digni-

2163 1023 2345 1075 tatem
2377 1019 2699 1091 indeptam,
2734 1024 2801 1074 ut
2838 1018 3182 1090 eloquentia
3213 1036 3335 1074 sua:
3388 1020 3562 1085 vires,
3593 1021 3812 1091 quibus

2166 1108 2415 1164 nimium
2448 1109 2684 1174 ﬁdebat,
2717 1113 2920 1164 contra
2945 1108 3240 1181 insignem
3265 1108 3565 1174 amulum,
3594 1110 3817 1181 experi-

2165 1202 2329 1252 retur
2356 1196 2416 1251 in
2478 1197 2736 1254 Sermone
2789 1198 3185 1267 Antirrhetico,
3246 1214 3425 1270 quam
3462 1198 3813 1255 memoravi-

2168 1302 2321 1342 mus.

2241 1375 2451 1447 Incipit
2477 1391 2609 1431 vero
2669 1392 2683 1430 :
2735 1373 2844 1427 Οὐκ
2874 1371 3047 1450 ἔγωγε
3102 1376 3384 1447 θαυμάζω,
3442 1372 3698 1453 φιλότης.
3728 1379 3815 1433 Ad

2170 1464 2428 1520 amicum
2461 1480 2654 1521 sermo
2681 1463 2938 1520 directus
2967 1468 3056 1521 est
3086 1481 3101 1519 :
3135 1482 3310 1537 quem
3332 1465 3488 1522 circa
3517 1467 3694 1523 ﬁnem
3723 1483 3818 1522 vo-

2170 1559 2266 1611 cat
2297 1553 2675 1609 Demetrium.
2707 1553 2896 1609 Verba
2923 1558 3064 1609 sunt
3096 1572 3109 1609 :
3141 1553 3315 1607 Ταῦτά
3346 1573 3451 1621 σοι,
3482 1555 3528 1608 ὦ
3558 1552 3685 1631 φίλε
3714 1562 3817 1622 Δη-

2177 1643 2393 1717 μήτριε,
2470 1638 2808 1716 laxabitis-tat
2865 1641 3003 1713 πρὸς
3074 1641 3143 1696 τὰ
3199 1644 3541 1718 προτεθένταο
3606 1643 3816 1720 βραχέα

2178 1733 2296 1804 μὶν,
2343 1735 2441 1786 τοῦ
2495 1734 2686 1803 καιροῦ
2741 1730 3153 1806 κατεπείγοντος
3183 1775 3195 1788 .
3279 1734 3403 1789 Haec
3460 1734 3584 1799 tibi,
3643 1736 3816 1791 amice

2174 1823 2437 1889 Demetri,
2478 1822 2552 1877 ad
2575 1822 2854 1893 proposita
2880 1837 2950 1877 ea:
2977 1829 3214 1893 tempore
3239 1824 3389 1893 facta
3416 1826 3544 1878 sunt
3580 1841 3600 1877 :
3632 1823 3819 1879 brevia

426 1909 1154 2008 trinque-eomitantibus,et
1176 1913 1433 2008 certatim
1455 1912 1888 1969 acclamantibus
1915 1914 2071 1986 faus-
2098 1943 2146 2008 Β
2176 1910 2417 2008 quidem,
2450 1915 2691 2008 tempore
2711 1919 2951 2008 urgente.
2977 1911 3134 1966 Inter
3160 1910 3449 2008 Epistolas:
3477 1912 3583 1968 abs
3610 1913 3818 1986 Cyprio

429 2006 545 2056 tum
570 1997 830 2065 reditum,
853 2014 982 2054 cum
1004 1999 1231 2071 hymnis
1259 2008 1311 2055 et
1333 2000 1618 2071 plausibus
1646 2005 1952 2066 hominum,
2010 2021 2070 2059 u-

429 2091 513 2143 ter
534 2087 992 2144 increbrescentes
1011 2089 1250 2144 tinnitus
1278 2092 1540 2162 campani
1561 2093 1781 2157 zris,in
1802 2093 1947 2149 aedes
1969 2108 2067 2164 pa-

429 2174 763 2232 triarchales
809 2180 1137 2249 reportatur.
1184 2177 1325 2233 Eum
1355 2194 1489 2234 vero
1519 2179 1578 2234 in
1608 2181 1872 2249 ejusdem
1900 2182 2068 2238 lose-

430 2265 533 2337 phi
563 2265 1036 2321 communionem
1062 2265 1275 2338 recepti
1295 2265 1673 2323 ecclesiastici
1701 2269 1830 2333 viri,
1861 2272 2068 2327 mensis

429 2356 690 2411 Januarii
712 2355 905 2427 quinta
931 2354 1031 2409 sub
1060 2370 1334 2426 vesperam
1353 2356 1530 2427 (anno
1563 2358 1722 2430 1283)
1739 2359 2067 2415 imminente

428 2443 768 2515 Theophanio
796 2444 951 2513 festo,
988 2447 1053 2498 ut
1078 2442 1159 2499 ait
1186 2443 1568 2516 Pachymeres
1596 2446 1784 2519 capite
1828 2448 1883 2502 7.

492 2532 628 2588 Sine
679 2548 844 2588 mora
899 2532 1158 2605 synodus
1223 2537 1442 2602 coacta,
1493 2535 1696 2590 eodem
1753 2536 2066 2593 adnotante

424 2621 614 2693 capite
674 2622 731 2688 8,
789 2621 883 2677 cui
934 2634 1179 2693 praesens
1251 2623 1452 2679 aderat
1507 2639 1741 2693 magnus
1799 2626 2067 2696 logotheta

424 2710 803 2782 (Theodorus)
868 2710 1078 2766 Huzala
1138 2728 1157 2765 :
1211 2724 1454 2783 praesens
1519 2714 1749 2784 insuper
1811 2713 2066 2786 Georgius

423 2798 678 2872 Gym-ius.
722 2802 774 2857 et
803 2800 990 2855 rhetor
1020 2800 1307 2855 Holobolus
1337 2817 1356 2854 :
1387 2800 1764 2873 assidebatque
1788 2808 2066 2874 preter-ea

419 2888 719 2944 monachus
772 2887 1090 2944 Theodosius
1137 2888 1535 2960 Saponopulus,
1599 2892 1697 2961 qui
1745 2907 1816 2947 ea:
1867 2892 2064 2948 ordine

413 2979 926 3049 pratonotariorum
977 2978 1329 3049 imperatoris
1383 2981 1444 3033 in
1491 2981 1661 3034 vitam
1705 2983 2066 3038 monasticam

421 3068 736 3122 transierat
764 3082 783 3119 :
813 3066 1024 3137 aliique
1069 3067 1291 3122 demum
1330 3068 1661 3123 assistebant
1689 3069 1940 3138 plurimi.
1974 3073 2061 3128 Ad

421 3154 578 3211 hunc
608 3155 1073 3227 SeponOpulum,
1121 3160 1178 3209 et
1233 3156 1303 3210 ad
1364 3155 1726 3212 Muzalonem
1759 3157 1955 3229 plures
2001 3159 2062 3215 in

418 3243 786 3318 Apographo,
847 3243 1000 3315 quod
1056 3242 1240 3300 habeo
1307 3244 1522 3300 codicis
1582 3245 2061 3318 Lugduno-Bata-

419 3309 615 3389 vensis
644 3309 882 3388 exstant
905 3331 1093 3404 Cyprii
1134 3331 1411 3405 epistola.
1444 3309 1932 3392 ContraVBeccum
1964 3338 2062 3393 de-
2094 3309 2138 3376 δ

419 3421 548 3477 late
578 3420 1001 3487 accusationes,
1046 3425 1102 3477 et
1129 3426 1335 3477 contra
1364 3422 1529 3489 alios,
1563 3424 1885 3496 praecipuos
1932 3443 2067 3483 cum

418 3509 518 3566 illo
553 3510 803 3565 duarum
834 3509 1226 3565 Ecclesiarum
1258 3511 1577 3567 concordiae
1607 3518 1893 3570 auctores.
1928 3516 2066 3572 Bec-

420 3615 525 3655 cus
544 3598 671 3670 ipse
692 3598 752 3653 in
775 3598 1065 3672 synodum
1086 3599 1401 3655 advocatus
1425 3617 1438 3655 :
1469 3600 1805 3674 missusque
1828 3603 2065 3660 demum

421 3688 665 3744 Prusem
696 3688 859 3744 exsul
893 3688 953 3743 in
986 3687 1339 3760 Bithyniam.

494 3777 563 3834 II.
598 3780 707 3832 Per
734 3776 858 3832 hanc
887 3780 1153 3850 tempora
1199 3778 1480 3850 Georgius
1511 3781 1881 3854 Cyprius,aut
1910 3781 2068 3854 prio-

424 3883 486 3922 re
543 3869 771 3921 mutata
826 3867 1137 3933 sententia,
1180 3872 1280 3921 aut
1308 3871 1465 3923 certe
1519 3869 1785 3941 deposita
1832 3870 2070 3927 simula-

425 3956 609 4022 tione,
642 3953 925 4011 catholico
955 3955 1238 4026 dogmati,
1270 3960 1324 4010 et
1357 3957 1699 4027 patriarchae
1758 3963 1935 4016 Becco
1966 3961 2067 4016 ad-

425 4042 1112 4101 versabatur.Memorato
1142 4044 1201 4098 in
1228 4045 1425 4100 codice
1459 4048 2071 4116 Lugduno-Batavensi

422 4132 688 4205 ejusdem
750 4131 934 4187 Sermo
990 4137 1179 4187 exstat
1230 4130 1609 4207 ἀντιῤῥητικὸς
1657 4135 1792 4189 κατὰ
1835 4139 1941 4190 τῶν
1974 4140 2070 4190 τοῦ

356 4290 377 4309 ι
427 4218 630 4273 Βέκκου
710 4212 1101 4296 βλασφημιῶν,
1180 4222 1582 4277 Antirrheticus
1652 4227 1842 4279 contra
1916 4228 2074 4282 Becci

426 4307 961 4381 blasphemias.Haac
992 4309 1292 4364 adduntur
1320 4309 1381 4365 in
1411 4311 1608 4367 codice
1643 4312 2073 4369 Vindobonensi

422 4399 621 4470 verba,
667 4394 942 4458 Ἐκδοθεὶς
998 4396 1105 4470 πρὸ
1158 4401 1255 4451 τοῦ
1312 4399 1480 4475 ψήφῳ
1539 4403 1671 4453 Θεοῦ
1727 4400 1801 4462 εἰς
1849 4401 1939 4455 τὸν
1969 4422 2072 4455 πα-

424 4486 740 4562 τριαρχικὸν
815 4484 1077 4554 ἀνελθεῖν,
1135 4487 1204 4541 ab
1275 4489 1391 4557 ipso
1474 4488 1670 4555 editus,
1748 4492 2075 4561 priusquam

428 4577 685 4633 thronum
706 4576 1374 4645 Constantinopolitanum
1416 4578 1455 4630 7
1470 4578 1508 4631 7
1559 4580 1744 4649 gratia
1768 4580 1867 4634 Dei
1889 4596 2072 4635 ascen-

2178 2000 2441 2056 nondum
2474 1999 2806 2072 patriarcha
2832 1999 3086 2072 scriptas
3101 2001 3352 2056 occurrit
3376 2001 3820 2058 Thessalonicen-

2176 2092 2252 2146 sis
2281 2091 2344 2145 D.
2390 2089 2719 2154 Demetrius,
2752 2089 3009 2160 itemque
3038 2089 3342 2146 monachus
3368 2093 3437 2147 ο.
3487 2091 3818 2148 Demetrius.

2178 2177 2380 2234 Libelli
2410 2177 2704 2234 scribendi
2757 2193 2994 2233 causam
3025 2178 3201 2234 verba
3241 2177 3342 2234 illa
3370 2178 3593 2249 aperire
3620 2180 3822 2237 viden-

2174 2272 2291 2339 tur,
2325 2284 2452 2339 quaa
2484 2266 2763 2339 leguntur
2818 2267 2929 2322 sub
2985 2265 3244 2323 initium.
3275 2264 3385 2321 Οὐκ
3415 2265 3475 2320 ἂν
3507 2264 3703 2329 ἄλλοις
3722 2271 3820 2322 τοῦ

2174 2353 2532 2410 καθάπτεσθαι
2589 2374 2693 2427 μου
2752 2350 2975 2414 δικαίως
3005 2350 3219 2429 παρέξω
3246 2354 3456 2429 καιρόν
3486 2356 3606 2412 Non
3649 2359 3822 2414 etiam

2174 2446 2312 2501 aliis
2366 2462 2456 2501 me
2487 2446 2638 2516 juste
2694 2443 3099 2515 perstringendt
3151 2446 3485 2502 occasionem
3533 2446 3819 2517 praebuere

2173 2534 2322 2606 (ipse
2354 2532 2615 2589 videlicet
2642 2532 2933 2606 Cyprius),

2242 2626 2358 2678 Suo
2388 2622 2447 2677 in
2478 2639 2649 2694 opere
2703 2626 2861 2679 totus
2893 2626 3002 2689 est,
3059 2627 3125 2678 ut
3180 2628 3518 2679 sanctorum
3556 2623 3816 2692 Patrum,

2172 2712 2579 2784 pracipueque
2607 2710 2824 2784 Cyrilli,
2856 2728 2924 2767 ac
2953 2711 3221 2785 Nysseni,
3263 2715 3320 2768 et
3349 2711 3545 2768 Basilii
3579 2717 3820 2769 senten—

2172 2802 2305 2870 tias,
2339 2817 2486 2873 quas
2515 2802 2732 2857 Becous
2765 2802 3115 2872 opponebat,
3139 2816 3279 2856 suas
3308 2799 3566 2858 traheret
3596 2801 3656 2856 in
3687 2819 3821 2874 par-

2172 2894 2262 2945 tes
2310 2907 2323 2945 :
2353 2888 2903 2962 processionemque
2958 2888 3214 2961 Spiritus
3255 2888 3442 2945 sancti
3470 2905 3505 2944 a
3533 2890 3697 2946 Patre
3721 2906 3824 2961 per

2171 2978 2376 3035 Filium
2400 2977 2627 3034 offuciis
2657 2976 2774 3032 illis
2792 2977 3197 3042 attenuuabat,
3229 2994 3380 3049 quas
3404 2994 3439 3033 a
3466 2977 3823 3051 Pachymere

2175 3072 2527 3123 memoratas
2558 3065 2969 3134 narravimus;
3014 3082 3114 3123 eas
3143 3084 3176 3122 a
3206 3066 3476 3123 Patribus
3508 3072 3822 3139 usurpatas

2170 3172 2339 3212 voces
2397 3172 2695 3228 opponens
2731 3198 2745 3222 ,
2805 3154 3124 3230 φανὲρωσιν,
3186 3151 3467 3226 ἀνάδειξιν,
3525 3156 3819 3231 χορηγίαν,

2174 3238 2379 3317 πέμψιν
2410 3246 2507 3297 τοῦ
2560 3241 2871 3314 Πνεύματος
2927 3241 3073 3318 παρὰ
3100 3246 3198 3297 τοῦ
3227 3242 3376 3309 ficii,
3418 3246 3822 3314 manifestatio-

2175 3350 2320 3404 nem,
2347 3334 2728 3399 ostensionem,
2761 3334 3485 3404 praebitionem,missionem
3508 3333 3757 3405 Spiritus
3784 3351 3824 3391 a

2175 3425 2341 3480 Filio.

2247 3512 2340 3568 ΙΙΙ.
2372 3511 2482 3567 Diu
2512 3510 2632 3567 haec
2660 3512 2948 3567 Joannem
2979 3515 3220 3567 Beccum
3249 3509 3425 3566 latuit
3477 3510 3685 3583 opella.
3745 3510 3821 3568 Ut

2178 3600 2291 3657 sibi
2322 3599 2599 3667 innotuit,
2632 3616 2760 3656 eam
2808 3599 3079 3656 refutavit
3122 3600 3387 3656 oratione
3416 3616 3542 3672 quas
3570 3604 3729 3656 temo
3770 3601 3821 3655 ll

2178 3690 2412 3747 Graecia
2441 3688 2766 3746 Orthon
2822 3693 3065 3761 prostat,
3100 3687 3556 3760 inscribiturque
3584 3688 3827 3745 secunda

2176 3781 2236 3834 in
2278 3779 2499 3833 Tomum
2527 3776 2719 3849 Cyprii
2747 3780 2801 3833 et
2848 3792 3015 3832 novas
3070 3777 3313 3847 ejusdem
3340 3777 3594 3833 hereses.
3636 3775 3823 3833 Theo-

2179 3868 2411 3934 dorum,
2444 3866 2536 3923 cui
2567 3866 2743 3922 etiam
2788 3866 2980 3938 prima
3008 3869 3346 3937 nuncupata
3373 3864 3590 3938 legitur
3617 3865 3823 3938 oratio,

2180 3955 2263 4011 sic
2294 3956 2568 4011 admonet
2596 3955 2815 4011 Becous
2873 3971 3036 4010 num.
3080 3955 3105 4009 1
3159 3971 3173 4010 :
3234 3955 3367 4023 Quae
3391 3956 3549 4027 prius
3577 3970 3826 4011 occurre-

2178 4052 2330 4111 runt,
2362 4043 2473 4099 illa
2509 4044 2667 4114 prius
2698 4043 2783 4113 (in
2835 4041 3114 4110 oratione,
3146 4058 3275 4114 quo
3332 4041 3524 4115 prima
3552 4058 3826 4099 numera-

2180 4133 2321 4204 tur),
2353 4134 2788 4205 oppugnavimus
2844 4150 2863 4185 :
2912 4147 3037 4203 quae
3062 4147 3197 4187 vero
3225 4131 3459 4187 secundo
3487 4133 3547 4187 in
3581 4131 3678 4188 18
3725 4147 3825 4188 no-

2179 4225 2353 4276 stram
2383 4222 2757 4291 cognitionem
2808 4223 3095 4286 venerunt,
3149 4221 3252 4275 hac
3276 4222 3568 4291 posteriori
3614 4222 3830 4276 contra-

2179 4310 2420 4365 dictione
2448 4311 2747 4377 reiicimus.
2781 4309 2851 4365 Et
2878 4308 3035 4364 intra
3067 4324 3080 4363 :
3112 4311 3254 4378 Quae
3289 4324 3414 4363 vero
3469 4310 3649 4380 ipse...
3678 4324 3829 4365 noua

2180 4396 2389 4454 eructat
2418 4398 2694 4468 dogmata,
2724 4415 2763 4453 a
2791 4399 2888 4453 Dei
2932 4398 3177 4453 Ecclesia
3228 4413 3462 4468 prorsus
3515 4399 3723 4465 aliena,
3754 4414 3829 4454 ea:

2181 4490 2431 4545 oratione
2460 4487 2878 4559 (Antirrhetica
2898 4486 3217 4553 scilicet,de
3248 4502 3364 4558 qua
3395 4502 3551 4543 nunc
3572 4487 3828 4559 agimus)

2182 4593 2349 4648 quam
2367 4576 2471 4633 ille
2489 4578 2704 4648 primus
2724 4578 2886 4632 nobis
2904 4577 3289 4632 contradicens
3306 4577 3829 4648 concinnavit,prz-

428 4664 595 4721 deret.
672 4684 695 4714 ι
769 4664 1292 4720 Animadversione
1348 4664 1526 4735 digna
1598 4671 1737 4722 sunt
1810 4672 2075 4740 Gregoraa
2106 4679 2153 4743 Ι)
2183 4675 2424 4721 secantes
2461 4668 2524 4721 in
2554 4666 2795 4722 medium
2824 4664 3173 4721 adducemus.

426 4753 605 4809 verba
632 4753 781 4810 libro
802 4771 879 4820 vr,
902 4752 1090 4826 capite
1125 4757 1183 4820 2,
1222 4770 1386 4808 num.
1419 4758 1490 4808 2:
1526 4754 1662 4810 Cum
1697 4754 1850 4811 velut
1879 4759 1939 4811 in
1971 4757 2074 4812 hu-

426 4841 762 4898 midioribus
819 4843 985 4913 lignis
1041 4857 1250 4897 vermes
1305 4850 1631 4913 nascuntur,
1691 4847 1771 4899 ita
1815 4848 1983 4901 etiam
2010 4848 2073 4901 in

428 4930 732 4987 ambitiosis
784 4932 1029 5001 ingeniis
1087 4931 1464 4988 mutationis
1516 4935 1571 4987 et
1605 4932 1834 4990 invidiae
1861 4936 2077 4989 stimuli

428 5018 601 5088 uulgo
630 5021 880 5075 existant
910 5023 1102 5076 contra
1159 5020 1398 5092 ejusdem
1451 5023 1787 5092 professores
1817 5027 1973 5093 artis,
2014 5027 2077 5079 in

429 5124 492 5164 eo
515 5108 828 5181 prmertim
853 5124 1067 5179 genere
1102 5126 1157 5163 in
1217 5126 1320 5179 quo
1348 5112 1594 5165 maxime
1634 5111 1918 5167 elaborant
1946 5130 1965 5167 :
1996 5114 2079 5169 sic

432 5197 769 5270 Grasgorium
808 5198 1178 5269 patriarcham
1220 5199 1453 5270 angebat
1501 5200 1691 5256 vivida
1739 5201 1839 5255 illa
1867 5204 2078 5272 ingenii

430 5296 487 5343 et
521 5286 803 5356 facundiae
829 5289 931 5355 vis,
973 5302 1091 5358 qua
1120 5285 1181 5341 in
1221 5291 1380 5342 Becco
1408 5291 1527 5342 erat
1559 5305 1600 5355 ;:
1633 5290 1790 5361 eique
1818 5289 1965 5345 haud
1993 5293 2077 5361 fe-

428 5376 661 5433 rendum
685 5375 990 5442 uidebatur,
1023 5377 1076 5430 si
1097 5375 1244 5430 solus
1273 5377 1392 5447 ipse
1418 5377 1707 5449 (Cyprius)
1748 5380 1892 5434 inter
1919 5381 2077 5435 illius

429 5473 614 5523 atatis
646 5464 853 5521 Graecos
891 5464 1139 5531 celebris,
1198 5467 1251 5518 et
1306 5466 1452 5518 inter
1497 5466 1839 5536 patriarchas
1869 5484 2079 5539 quoque

431 5554 671 5611 eruditos
701 5554 967 5609 celebrem
1022 5569 1080 5608 se
1127 5555 1247 5623 fore
1273 5568 1514 5623 sperans,
1557 5553 1720 5611 illius
1751 5555 1960 5627 (Becci)
2016 5560 2077 5611 in

432 5644 897 5715 disputationibus
952 5642 1261 5713 eloquentia
1304 5646 1611 5712 superatus,
1673 5647 1822 5700 tanto
1874 5645 2078 5702 honore

432 5733 806 5805 fraudaretur.
853 5736 978 5803 Qua
1023 5732 1087 5787 de
1137 5746 1313 5787 causa
1360 5731 1755 5802 relegationem
1797 5736 1917 5805 ejus
1965 5752 2074 5792 non

2254 4758 2315 4813 In
2350 4757 2458 4811 hac
2489 4756 2653 4811 Becci
2687 4755 2949 4811 oratione
2976 4771 3046 4810 ea
3073 4754 3313 4809 omnino
3344 4753 3676 4809 refutantur
3700 4769 3831 4825 quas

2184 4846 2429 4917 Cyprius
2460 4844 2637 4901 habet
2666 4845 2726 4899 in
2781 4844 3036 4899 Sermone
3072 4843 3464 4910 Antirrhetico,
3498 4842 3701 4898 eodem
3731 4858 3830 4898 as-

2185 4934 2508 4989 sertionum
2530 4933 2720 5005 ipsius
2733 4932 2924 5005 Cyprii
2945 4936 3242 4987 asservato
3260 4929 3831 5001 ordine,eisdemqus

2184 5023 2374 5078 verbis
2404 5022 2735 5094 exscriptis,
2764 5038 2897 5093 quae
2936 5020 3174 5092 pradict
3214 5020 3275 5074 in
3323 5034 3592 5076 sermone
3619 5018 3832 5091 legun—

2182 5117 2300 5166 tur.
2336 5112 2556 5166 Tomus
2586 5110 2705 5176 ille,
2731 5126 2905 5183 quem
2938 5109 3273 5164 Andronico
3300 5109 3563 5180 Augusto
3585 5107 3834 5178 jubente

2185 5201 2512 5256 coniectum
2541 5217 2575 5255 a
2594 5200 2799 5274 Cyprio
2828 5199 2983 5254 infra
3007 5197 3401 5264 narrabimus,
3432 5197 3622 5253 sancti
3651 5196 3832 5253 Joan-

2186 5288 2278 5344 nis
2310 5289 2650 5345 Damasceni
2680 5288 3035 5355 testimonia,
3061 5302 3187 5359 quae
3209 5285 3427 5341 Beccus
3456 5289 3829 5358 opposuerat,

2186 5394 2505 5449 eorumque
2534 5377 2999 5434 conciliationem
3052 5375 3307 5431 maxime
3338 5374 3641 5446 spectabat
3672 5391 3686 5431 :
3715 5391 3836 5447 qua

2186 5468 2257 5521 de
2287 5485 2348 5521 re
2377 5466 2525 5522 nihil
2585 5468 2839 5523 occurrit
2893 5465 3131 5522 omnino
3188 5464 3247 5517 in
3289 5462 3548 5519 Sermone
3576 5463 3835 5520 Atirrhe-

2184 5557 2312 5621 tico,
2339 5570 2528 5627 neque
2557 5555 2617 5611 in
2648 5555 2791 5611 locis
2820 5572 2854 5610 a
2902 5559 3080 5609 Becco
3131 5552 3440 5623 decerptis,
3482 5568 3548 5608 ac
3574 5553 3834 5609 secunda

2186 5644 2243 5698 in
2280 5643 2378 5701 illa
2406 5644 2666 5701 oratione
2696 5645 2980 5700 refutatis.
3009 5641 3154 5698 Hinc
3197 5640 3382 5697 evinci
3424 5641 3673 5708 videtur,
3704 5657 3836 5714 per-

2187 5748 2385 5805 peram
2416 5732 2755 5806 praedictam
2812 5730 3056 5789 inscribi
3113 5729 3432 5787 orationem
3490 5731 3553 5784 in
3612 5731 3834 5787 Tomusn
