4094 6464
278 453 352 516 89
1508 455 1721 520 VITA.
1753 485 1830 501 —
1857 454 2374 519 DISSERTATIO
2417 455 2466 520 Ι.
3607 447 3689 512 90

289 589 489 662 Cyprii.
518 591 648 643 Hoc
679 603 1020 660 anonymus
1049 587 1337 662 interpres
1369 589 1541 660 cujus
1574 590 1774 646 Latina
1803 605 1929 645 ver-
1958 589 2014 656 Α
2042 589 2115 644 ab
2166 589 2461 662 utroque).
2514 609 2542 640 »
2589 588 2802 645 Eadem
2855 586 3147 644 habentur
3195 583 3256 640 in
3304 581 3596 657 Opusculo
3640 583 3688 638 1’

291 679 374 734 sio
403 678 674 750 Lugduno
706 678 1065 734 Batavorum
1097 680 1169 734 ad
1201 697 1304 734 nos
1352 679 1705 735 transmissa
1734 683 1844 748 est,
1876 677 1926 734 si

291 768 553 832 novisset,
604 764 949 820 nitidiorem
998 767 1199 838 utique
1229 767 1504 822 Sermonis
1552 767 1929 837 Antirrhetici,

287 853 607 909 subsidium
663 852 882 908 Allatio
913 860 1246 925 praestante,
1283 856 1545 911 Latinam
1594 857 1933 928 interpreta-

282 944 490 998 tionem
523 943 1020 998 adornasset.Sed
1052 944 1229 1000 etiam
1251 945 1629 1001 doctissimus
1659 945 1931 1013 Allatius,

282 1032 613 1087 Sermonem
657 1032 821 1087 hunc
852 1033 903 1088 si
939 1034 1258 1104 expendere
1289 1034 1476 1090 eidem
1527 1034 1806 1103 licuisset,
1839 1034 1930 1089 di-

275 1119 574 1192 ligentiore
606 1120 751 1176 crisi
800 1122 873 1177 de
900 1121 1138 1177 secunda
1163 1121 1466 1194 illa,quam
1498 1123 1755 1194 vulgavit
1800 1140 1928 1180 ora-

275 1212 437 1274 tione,
462 1209 830 1278 judicasset.

339 1297 429 1352 IV.
491 1297 737 1370 Georgii
793 1299 987 1370 Cyprii
1043 1305 1266 1356 asserta
1321 1301 1546 1373 profero
1617 1301 1926 1374 praecipua,

269 1405 393 1459 qua
425 1386 732 1442 habentur
763 1388 823 1442 in
875 1388 1138 1446 Sermone
1163 1390 1548 1459 Antirrhetzco,
1578 1408 1711 1447 cum
1765 1391 1930 1446 Becci

271 1476 763 1532 refutationibus.
797 1476 898 1532 His
928 1479 1459 1535 animadversiones
1488 1481 1659 1547 addo,
1685 1497 1752 1535 ex
1779 1479 1930 1535 Tho-

272 1583 374 1621 mas
403 1565 732 1636 Aquinatis
759 1565 1025 1622 doctrina
1055 1565 1402 1640 plerumque
1433 1570 1791 1640 desumptas.

337 1655 417 1722 ('1)
445 1654 701 1725 Spiritus
747 1660 989 1722 sanctus,
1021 1672 1146 1711 cum
1192 1657 1392 1712 dicitur
1418 1675 1492 1714 ex
1540 1660 1776 1714 essentia
1818 1663 1928 1714 Pa-

272 1746 389 1807 tris,
421 1753 576 1799 recte
621 1746 827 1815 pieque
856 1754 910 1800 et
953 1761 1026 1800 ea:
1065 1749 1302 1802 essentia
1351 1748 1484 1803 Filii
1525 1749 1740 1804 dicetur
1770 1768 1788 1803 :
1817 1765 1932 1803 una

272 1835 546 1905 siquidm
596 1837 698 1902 est,
732 1843 786 1889 et
810 1836 898 1889 uti
925 1837 1178 1902 essentia,
1211 1836 1434 1892 nullam
1476 1836 1803 1893 divisionem
1831 1837 1928 1892 ad-

273 1925 460 2025 mittit.
493 1927 565 1978 Et
619 1924 773 2028 (μιίίιί
801 1939 916 1978 una
941 1928 1042 1994 est,
1074 1925 1171 1996 qui
1214 1941 1285 1980 ea:
1314 1927 1548 1981 essentia
1591 1928 1779 1982 Patris
1807 1927 1928 1999 Spi-
1961 1963 2009 2028 Β

274 2012 408 2067 ritus
458 2027 584 2066 esse
627 2011 976 2083 afﬁrmatur,
1013 2022 1064 2069 et
1111 2031 1182 2069 ea:
1224 2017 1453 2070 essentia
1498 2017 1630 2070 Filii
1673 2018 1932 2072 exsistere

274 2103 562 2155 asseritur.
594 2105 719 2158 Non
737 2111 1027 2173 propterea
1058 2106 1239 2159 tamen
1268 2105 1512 2175 Spiritus
1539 2121 1610 2161 ea:
1656 2106 1934 2177 hypostasi

275 2191 400 2245 Filii
444 2193 557 2245 erit
582 2207 605 2250 ;
645 2190 774 2245 licet
821 2196 1194 2248 asseveranter
1240 2209 1312 2248 ex
1357 2196 1623 2260 essentia,
1672 2203 1723 2249 et
1769 2195 1932 2267 hypo-

273 2281 403 2334 stasi
437 2280 637 2334 Patris
681 2279 919 2336 dicatur.
953 2303 980 2330 «
1037 2281 1222 2354 Magis
1272 2298 1407 2355 ergo
1457 2283 1619 2354 pium
1667 2289 1840 2350 esset,
1874 2287 1931 2339 te

268 2368 463 2438 judice
489 2368 696 2439 (verba
728 2373 866 2423 sunt
909 2369 1119 2441 Becci),
1152 2369 1201 2425 si
1232 2375 1290 2426 et
1319 2387 1388 2427 ea:
1415 2388 1518 2427 sua
1547 2373 1723 2443 ipsius
1750 2387 1930 2428 essen-

276 2459 349 2512 tia
378 2456 642 2528 Spiritus
692 2457 1003 2513 diceretur.
1037 2459 1098 2513 Id
1133 2460 1285 2514 enim
1319 2460 1368 2516 si
1399 2477 1528 2516 vere
1568 2463 1929 2518 demonstre-

278 2553 386 2616 tur,
417 2563 556 2601 vere
608 2546 863 2601 auditori
908 2547 1200 2616 suadebit,
1234 2548 1456 2605 nullam
1489 2551 1560 2606 ob
1611 2550 1788 2607 aliam
1837 2568 1928 2607 ra-

278 2635 515 2705 tionem,
579 2634 684 2690 sed
751 2637 1160 2692 tantummodo
1217 2639 1280 2693 ob
1349 2641 1618 2694 unitatem
1688 2641 1931 2695 essentia:

275 2726 456 2778 Patris
483 2732 538 2778 et
564 2725 794 2792 Filii,ex
826 2723 1138 2796 utriusque
1155 2726 1409 2783 essentia
1432 2727 1714 2799 Spiritum
1741 2729 1924 2784 dici...

273 2813 459 2876 Quare
488 2830 629 2868 vero
675 2813 877 2879 dicito,
911 2831 1131 2885 quaeso,
1164 2817 1318 2887 quod
1350 2832 1419 2872 ea:
1444 2817 1685 2872 essentia
1716 2819 1924 2886 Patris,

271 2913 317 2957 et
341 2919 414 2958 ezr
443 2903 736 2973 hypostasi
762 2901 924 2957 illius
954 2903 1169 2958 dicitur
1193 2903 1221 2957 ?
1240 2905 1402 2968 Quod
1434 2921 1569 2962 vero
1597 2922 1667 2961 ex
1694 2910 1928 2964 essentia

268 2993 402 3046 Filii
442 3009 519 3046 ex
571 2993 857 3062 hypostasi
885 2992 1045 3047 illius
1088 3009 1202 3048 non
1227 2994 1483 3049 dicetur?
1515 3016 1536 3045 ι
1574 2995 1784 3050 Nicseni
1817 3000 1925 3051 Pa-

267 3085 403 3143 tres,
428 3079 503 3133 de
534 3078 683 3132 Filio
715 3079 1026 3133 adversum
1057 3080 1301 3136 Arianos
1331 3087 1927 3156 agentes,utrumque

267 3171 691 3239 expresserunt
743 3168 798 3221 in
833 3167 1131 3239 Symbolo,
1166 3168 1376 3224 Filium
1407 3187 1520 3225 esse
1549 3187 1618 3226 ea:
1645 3177 1836 3240 Patre,
1869 3177 1927 3228 et

267 3273 334 3311 es:
374 3257 696 3310 substantia
746 3257 930 3311 Patris
959 3274 979 3309 :
1009 3273 1075 3312 ac
1109 3273 1248 3313 sane
1297 3258 1398 3329 qui
1452 3260 1708 3329 primum
1759 3262 1920 3334 dicit,

2043 683 2244 734 contra
2275 679 2604 735 Graecorum
2637 694 2882 734 errores.

2112 768 2189 840 (2)
2218 771 2368 824 Licet
2399 769 2502 838 (ait
2552 767 2816 840 Cyprius)
2848 767 3093 822 divinam
3116 765 3457 838 hypostasim
3484 763 3684 819 dividi-

2041 875 2160 912 mus
2189 858 2257 912 ab
2302 859 2537 912 essentia
2583 865 2639 912 at
2667 874 2777 912 non
2831 872 3056 925 carnea,
3086 868 3379 925 crassaque
3417 854 3690 909 divisione

2040 949 2330 1002 essentiam
2359 949 2426 1002 ab
2459 946 2736 1018 hypostasi
2760 949 3080 1017 partimur;
3110 960 3282 1015 neque
3311 943 3476 999 alteri
3502 942 3570 998 ab
3597 942 3686 997 αι·-

2039 1039 2150 1091 tero
2180 1036 2423 1108 sejuncto
2449 1037 2736 1107 propriam
2763 1035 3079 1090 exhibemus
3106 1033 3500 1090 exsislentiam.
3527 1035 3684 1087 Tan-

2039 1124 2310 1180 tummodo
2339 1141 2404 1179 ea
2430 1125 2547 1180 sola
2574 1125 2789 1179 ratione
2806 1125 3166 1194 sejungimus,
3188 1136 3312 1194 quae
3338 1120 3554 1192 sejungi
3578 1137 3683 1174 na-

2041 1217 2167 1268 tura
2209 1230 2311 1268 sua
2361 1217 2490 1284 apta
2533 1229 2645 1268 non
2681 1217 2828 1268 sunt.
2880 1212 2966 1267 Ita
2995 1227 3152 1267 sane.
3185 1214 3258 1265 At
3301 1209 3351 1264 si
3397 1209 3519 1264 haec
3568 1225 3683 1264 non

2040 1301 2214 1356 fuerit
2245 1301 2356 1356 nisi
2387 1318 2491 1373 per
2517 1301 2927 1373 cogitationem
2951 1299 3287 1368 distinctio;
3320 1321 3348 1348 ‹‹
3384 1298 3682 1364 Quomodo

2039 1407 2175 1463 ergo
2217 1406 2562 1462 progressus
2611 1389 2865 1461 Spiritus
2917 1387 3105 1444 sancti
3147 1403 3216 1443 ex
3265 1386 3518 1442 essentia
3556 1385 3683 1441 Filii

2037 1479 2232 1546 fuerit,
2266 1481 2314 1535 si
2345 1497 2415 1534 ex
2467 1479 2721 1535 essentia
2770 1479 2991 1550 absque
3037 1475 3336 1549 hypostasi
3384 1475 3682 1548 progredi-

2038 1569 2184 1624 tur?
2219 1590 2247 1619 ››
2279 1570 2532 1624 Persona
2576 1585 2850 1640 namque,
2886 1572 2987 1622 aut
3016 1565 3350 1639 hypostasis
3379 1564 3506 1620 Filii
3539 1563 3683 1620 nihil

2039 1659 2196 1714 aliud
2229 1663 2334 1723 est,
2370 1675 2548 1729 quam
2598 1657 2853 1714 essentia
2903 1657 3234 1712 subsistens
3278 1654 3337 1710 in
3389 1654 3554 1720 Filio,
3583 1657 3685 1708 aut

2039 1746 2339 1802 filiationis
2387 1749 2653 1818 respectu
2701 1747 2902 1801 affecta
2935 1762 2947 1800 :
2980 1761 3106 1817 quae
3157 1744 3357 1799 filiatio
3406 1759 3508 1814 per
3545 1741 3685 1798 acti-

2037 1851 2168 1890 vam
2218 1835 2598 1907 spirationem
2647 1834 2894 1889 refertur
2943 1833 3014 1889 ad
3062 1831 3343 1904 Spiritum
3387 1834 3676 1886 sanetum.

2038 1923 2183 1979 Vide
2213 1929 2388 1996 caput
2415 1925 2471 1988 5,
2505 1939 2668 1978 num.
2703 1924 2736 1978 3
2766 1923 2864 1995 (7).

2109 2013 2186 2084 (3)
2218 2013 2367 2082 Quod
2411 2015 2462 2068 si
2507 2029 2732 2068 causam
2782 2014 2843 2068 in
2886 2013 3181 2067 essentiam
3220 2012 3449 2082 referas,
3482 2012 3532 2065 et
3572 2024 3683 2065 non

2040 2105 2097 2157 in
2147 2103 2530 2174 hyposlasim;
2558 2101 2819 2173 quomodo
2871 2103 3032 2156 Pater
3063 2103 3245 2172 potius
3293 2098 3525 2154 duorum
3551 2113 3681 2153 cau-

2038 2207 2101 2247 sa
2147 2193 2270 2257 erit,
2303 2199 2354 2247 et
2401 2207 2517 2247 non
2561 2195 2731 2246 etiam
2761 2192 2880 2262 ipsa
2924 2194 3113 2245 mutuo
3161 2190 3250 2244 sui
3296 2188 3471 2259 ipsius
3518 2202 3685 2243 causa

2039 2283 2218 2350 erunt,
2250 2284 2301 2336 et
2348 2281 2550 2348 Patris,
2582 2296 2708 2335 cum
2751 2295 2926 2334 unum
2967 2294 3114 2350 seque
3158 2279 3272 2332 sint
3314 2291 3544 2348 prorsus
3590 2292 3683 2331 se-

2038 2370 2278 2424 cundum
2323 2371 2616 2425 essentiam
2649 2372 2674 2423 ?
2721 2391 2748 2418 ‹‹
2801 2368 2904 2424 Hic
2951 2367 3209 2438 primum
3263 2365 3516 2421 dicimus
3566 2383 3579 2421 :
3632 2363 3684 2420 si

2039 2475 2275 2514 causam
2308 2458 2366 2513 in
2416 2457 2732 2514 essentiam
2781 2457 2915 2530 quis
2944 2473 3060 2511 non
3112 2455 3352 2522 deferat,
3386 2454 3681 2510 undenam

2039 2547 2275 2603 aliunde
2303 2563 2505 2603 eorum
2537 2563 2664 2619 quae
2696 2563 2764 2603 ex
2792 2563 2970 2602 causa
2999 2549 3155 2611 sunt,
3179 2560 3313 2600 cum
3345 2560 3522 2600 causa
3551 2559 3681 2599 con-

2039 2635 2424 2693 substantiale
2472 2635 2886 2708 colligetur?...
2936 2632 3109 2689 Nulla
3158 2634 3313 2705 cogit
3361 2631 3679 2689 necessitas

2039 2731 2273 2799 propter
2301 2727 2604 2782 essentiam
2624 2728 2684 2780 in
2711 2725 2962 2781 omnibus
2981 2723 3218 2779 similem
3245 2722 3454 2778 horum
3473 2722 3678 2791 trium,

2039 2832 2412 2872 communem
2444 2817 2633 2871 facere
2662 2815 2835 2871 etiam
2858 2814 3114 2870 causatis
3143 2817 3395 2885 paternas
3424 2811 3680 2868 essentia

2036 2905 2452 2961 fecunditatem
2514 2921 2526 2958 :
2579 2921 2711 2960 cum
2763 2919 3146 2975 personarum
3197 2901 3579 2973 proprietates
3623 2903 3682 2956 et

2034 2993 2328 3050 secundum
2373 2993 2662 3048 essentiam
2693 2990 2941 3065 singulis
2970 2991 3164 3048 inesse
3210 2990 3544 3060 creduntur,
3575 2989 3678 3045 80

2035 3083 2085 3138 si
2126 3081 2355 3138 nullum
2405 3081 2464 3136 in
2516 3081 2635 3136 illis
2685 3081 2974 3146 accidens,
3008 3097 3195 3151 neque
3239 3079 3454 3135 deforis
3504 3078 3679 3134 adve—

2036 3172 2219 3227 niens.
2254 3177 2310 3226 et
2357 3170 2621 3226 essentia
2655 3186 2756 3243 per
2802 3169 3000 3225 omnia
3030 3168 3220 3224 simile
3263 3185 3378 3223 non
3412 3167 3679 3240 deperdi-

2033 3266 2144 3316 tur.
2184 3284 2206 3312 ι
2245 3261 2385 3315 Rem
2437 3264 2679 3315 sanctus
2727 3259 2984 3315 Thomas
3031 3245 3277 3313 miriﬁce
3325 3256 3578 3312 illustrat
3606 3255 3678 3310 iis

271 3345 407 3399 dicit
434 3350 496 3400 et
545 3346 822 3411 alterum,
856 3349 912 3400 et
943 3361 974 3400 e
1002 3361 1299 3402 converso.
1333 3346 1450 3402 Cur
1494 3364 1631 3420 ergo
1680 3365 1795 3404 non
1827 3333 1921 3405 ea-
1953 3333 1994 3399 C
2033 3349 2077 3419 Ι,
2109 3349 2245 3404 dist.
2296 3366 2375 3416 x1,
2425 3349 2746 3419 quaestione
2776 3349 2823 3415 l,
2876 3352 2984 3402 art.
3018 3348 3052 3402 3
3087 3364 3099 3402 :
3133 3369 3160 3396 «
3195 3346 3384 3413 Pater,
3430 3350 3488 3400 et
3536 3343 3678 3400 Filio

273 3433 402 3488 dem
436 3432 660 3488 militet
713 3432 784 3488 de
812 3433 1032 3504 Spiritu
1065 3438 1266 3490 sancto
1295 3436 1466 3502 ratio,
1499 3452 1672 3508 quem
1723 3437 1923 3494 Patres

272 3524 483 3578 docent
509 3538 630 3577 esse
672 3537 743 3576 ea:
769 3522 913 3578 Filio
944 3527 1000 3577 et
1023 3539 1126 3594 per
1172 3525 1402 3596 Filium,
1435 3531 1493 3579 et
1523 3539 1650 3581 esse
1681 3542 1752 3582 ea:
1797 3527 1921 3582 sub-

271 3615 480 3667 stantia
510 3609 602 3666 vel
633 3613 870 3666 essentia
905 3612 1000 3666 19
1030 3613 1208 3667 Filii?
1227 3613 1288 3669 Id
1316 3613 1376 3668 in
1409 3613 1550 3670 Filio
1583 3617 1924 3672 asserebant

272 3717 379 3755 una
429 3716 574 3756 voce.
622 3700 840 3772 Patres,
905 3705 971 3756 ut
1023 3701 1235 3756 Filium
1289 3703 1660 3759 ostenderent
1718 3721 1923 3761 verum

272 3788 482 3852 Deum,
514 3788 765 3843 minime
796 3806 830 3844 a
862 3793 976 3844 Deo
1026 3790 1243 3845 factum
1275 3807 1342 3846 ex
1372 3808 1488 3846 non
1537 3793 1871 3849 extantibus
1905 3812 1918 3850 :

267 3877 320 3930 id
352 3877 534 3932 etiam
566 3877 643 3932 de
695 3877 917 3949 Spiritu
959 3882 1162 3934 sancto
1210 3879 1325 3934 dici
1369 3885 1616 3951 oportet,
1651 3887 1718 3936 ut
1766 3899 1920 3939 unus

267 3981 396 4020 cum
429 3970 610 4021 Patre
660 3971 717 4021 et
747 3966 893 4022 Filio
925 3966 1080 4022 Deus
1126 3971 1440 4024 asseratur.
1474 3969 1551 4024 Eo
1593 3969 1682 4026 vel
1731 3972 1919 4027 maxi-

271 4071 358 4110 me
387 4055 660 4121 demum,
693 4056 848 4126 quod
882 4072 974 4111 res
1005 4072 1125 4111 una
1152 4061 1258 4123 est,
1290 4062 1345 4112 et
1389 4057 1831 4129 simplicissima
1859 4060 1920 4116 in

272 4142 456 4209 Patre,
491 4149 552 4197 et
599 4142 663 4196 in
694 4141 839 4198 Filio
877 4146 1132 4210 essentia,
1165 4150 1222 4200 et
1265 4147 1573 4218 hypostasis
1603 4165 1621 4202 :
1653 4152 1718 4203 ut
1771 4149 1920 4204 nihil

268 4231 340 4285 sit
369 4230 534 4286 aliud
579 4245 838 4302 persona,
883 4248 1064 4302 quam
1108 4236 1341 4289 essentia
1388 4235 1686 4291 subsistens
1713 4254 1734 4298 ;
1766 4239 1922 4296 unde

268 4336 332 4374 ex
378 4321 642 4376 essentia
698 4336 814 4376 non
871 4323 1064 4392 potest
1115 4338 1245 4378 esse
1290 4338 1540 4394 persona
1605 4327 1917 4398 quaepiam,

271 4409 407 4478 quin
461 4409 541 4464 sit
589 4425 663 4464 ex
712 4409 916 4464 eadem
972 4426 1242 4481 persona,
1297 4413 1466 4483 cujus
1509 4417 1598 4469 est
1643 4416 1916 4470 essentia.

274 4497 524 4552 Sanctus
576 4496 858 4562 Thomas,
909 4496 1056 4552 libro
1105 4515 1181 4568 ιν,
1234 4498 1433 4555 Contra
1476 4505 1681 4572 gentes,
1732 4503 1919 4574 capite

269 4586 357 4654 2t,
389 4603 555 4641 num.
598 4586 658 4652 3,
687 4586 839 4641 hanc
890 4585 1104 4642 refellit
1132 4587 1461 4644 Grecorum
1509 4590 1917 4662 objectionem,

2032 3437 2261 3509 spirant
2291 3435 2566 3510 spiritum
2590 3440 2882 3502 sanctum,
2915 3435 2974 3490 in
3007 3439 3294 3508 quantum
3325 3438 3464 3490 sunt
3493 3449 3677 3488 unum

2031 3525 2089 3579 in
2130 3525 2376 3596 potentia
2427 3526 2715 3595 spirativa.
2750 3523 3012 3579 Potentia
3041 3527 3235 3579 autem
3281 3521 3561 3594 spirativa
3591 3520 3680 3577 di-

2032 3614 2109 3668 cit
2138 3613 2363 3685 aliquid
2391 3614 2632 3668 medium
2662 3615 2813 3668 inter
2841 3615 3135 3668 essentiam
3163 3615 3221 3667 et
3246 3612 3631 3683 proprietatem
3658 3628 3678 3667 :

2031 3719 2098 3758 eo
2129 3704 2284 3774 quod
2315 3701 2456 3757 dicit
2485 3703 2781 3757 essentiam
2808 3704 2908 3756 sub
2947 3702 3158 3757 ratione
3183 3701 3557 3772 proprietatis.
3588 3700 3680 3754 Sic

2031 3792 2187 3847 enim
2220 3797 2386 3846 actus
2439 3790 2756 3846 notionalis
2805 3790 2914 3862 (vel
2955 3790 3271 3860 generatio,
3303 3789 3390 3844 vel
3439 3789 3679 3862 spiratio

2031 3880 2238 3952 activa)
2269 3881 2339 3936 ab
2371 3882 2605 3936 essentia
2655 3879 2954 3952 egreditur
2985 3897 2998 3934 :
3034 3896 3150 3936 non
3202 3879 3354 3934 sicut
3383 3879 3456 3934 ab
3486 3882 3679 3947 agente

2029 3969 2208 4042 (quod
2242 3969 2404 4041 agit),
2439 3969 2538 4025 sed
2579 3968 2733 4023 sicut
2762 3968 2833 4024 ab
2865 3985 2950 4037 eo,
2985 3985 3090 4039 quo
3130 3969 3335 4038 agitur.
3370 3967 3677 4023 Generatio

2030 4059 2186 4113 enim
2220 4074 2335 4112 non
2387 4057 2685 4130 egreditur
2732 4058 2803 4112 ab
2849 4059 3123 4124 essentia,
3157 4057 3214 4111 in
3266 4061 3554 4130 quantum
3586 4059 3678 4110 est

2029 4147 2302 4216 essentia,
2337 4147 2438 4202 sed
2471 4146 2527 4200 in
2563 4149 2849 4217 quantum
2882 4151 2972 4202 est
3010 4146 3350 4219 paternitas.
3383 4146 3454 4201 Et
3481 4145 3530 4200 si
3562 4145 3678 4200 ista

2029 4235 2165 4306 duo,
2199 4234 2420 4290 scilicet
2472 4234 2728 4290 essentia
2776 4238 2833 4289 et
2886 4235 3230 4306 paternitas,
3263 4233 3565 4289 differrent
3613 4233 3674 4288 in

2029 4323 2262 4392 divinis,
2295 4323 2667 4394 egrederetur
2713 4323 2786 4378 ab
2833 4327 3080 4396 utroque
3125 4321 3459 4396 generatio;
3493 4322 3594 4378 sed
3645 4339 3678 4376 ει

2027 4412 2380 4484 paternitate
2405 4411 2762 4479 immediate,
2785 4414 2843 4467 et
2872 4411 2943 4466 ab
2973 4411 3228 4468 essentia
3248 4411 3401 4466 sicut
3431 4427 3465 4466 a
3485 4410 3673 4481 primo

2029 4501 2336 4574 principio.
2392 4501 2668 4556 Similiter
2717 4499 2866 4571 dico,
2899 4501 3053 4572 quod
3100 4502 3333 4573 spiratio
3379 4499 3675 4571 egreditur

2028 4591 2099 4646 ab
2128 4592 2388 4655 essentia,
2421 4607 2536 4644 non
2569 4589 2723 4646 sicut
2761 4607 2794 4645 a
2821 4590 3085 4660 spirante,
3118 4589 3219 4645 sed
3268 4588 3421 4644 sicut
3453 4606 3484 4644 a
3511 4590 3672 4660 prin-
3774 4623 3781 4630 -

271 4674 624 4767 inquiens
645 4697 676 4724 α
705 4675 952 4767 Joannis
974 4765 980 4767 Δ
1000 4675 1143 4767 XVI,
1176 4677 1317 4733 dicit
1363 4677 1546 4734 Filius
1577 4680 1646 4735 de
1697 4680 1918 4753 Spiritu
1949 4701 1996 4767 D
2026 4681 2167 4752 cipio
2197 4681 2532 4752 spirationis
2565 4696 2585 4733 :
2612 4679 2671 4733 in
2706 4683 2993 4750 quantum
3043 4678 3219 4734 habet
3247 4678 3534 4734 rationem
3566 4676 3670 4767 ali-

275 4769 469 4821 saacto
505 4782 520 4817 :
553 4764 658 4820 Ille
701 4780 791 4818 me
835 4765 1192 4834 clariﬁeabit,
1218 4768 1359 4838 quia
1402 4767 1468 4822 de
1506 4783 1625 4824 meo
1670 4771 1919 4840 accipiet,

274 4863 323 4906 et
344 4852 721 4908 muntiabit
772 4852 941 4908 vobis.
976 4853 1102 4912 Non
1133 4859 1327 4910 autem
1359 4860 1553 4926 potest
1599 4857 1735 4923 dici,
1769 4859 1924 4929 quod

277 4943 518 5014 accipiat
563 4942 622 4997 id
671 4941 814 5012 quod
856 4945 936 4996 est
982 4943 1133 5015 Filii,
1166 4960 1280 4998 non
1328 4948 1526 5000 tamen
1564 4962 1598 5000 a
1641 4947 1782 5005 Filio
1810 4965 1829 5000 :
1863 4951 1928 5003 ut

279 5037 415 5101 pata
444 5031 495 5087 si
547 5031 804 5101 dicatur,
835 5031 994 5103 quod
1027 5032 1272 5104 accipiat
1320 5035 1611 5090 essentiam
1656 5035 1922 5104 divinam,

276 5135 399 5191 qua
431 5123 526 5176 est
554 5119 710 5187 Filii,
741 5135 776 5174 α
805 5123 996 5175 Patre.
1027 5120 1174 5176 Nam
1205 5121 1482 5178 subditur
1513 5139 1526 5176 :
1561 5121 1756 5178 Omnia
1786 5141 1928 5194 qua-

276 5225 485 5280 mque
511 5209 689 5264 habet
711 5209 900 5277 Pater,
933 5225 1054 5264 mea
1083 5217 1210 5265 sunt
1241 5229 1262 5265 .’
1287 5215 1575 5283 propterea
1603 5212 1725 5268 dixi
1751 5216 1924 5282 vobis,

276 5303 394 5371 quia
419 5299 488 5355 de
535 5314 658 5354 meo
699 5299 952 5368 accipiet.
987 5298 1048 5353 Si
1097 5298 1254 5355 enim
1305 5299 1523 5367 omnia,
1558 5317 1685 5372 quae
1733 5302 1924 5359 Patris

272 5396 422 5458 sunt,
455 5395 512 5445 et
547 5387 679 5444 Filii
712 5393 872 5453 sunt,
908 5392 1135 5458 oportet
1167 5390 1321 5460 quod
1352 5389 1669 5445 auctoritas
1714 5391 1922 5457 Patris,

271 5479 588 5534 secundum
643 5492 823 5547 quam
867 5480 956 5531 est
1006 5476 1356 5547 principium
1408 5478 1662 5550 Spiritus
1711 5480 1919 5544 sancti,

273 5567 334 5620 sit
364 5574 418 5624 et
449 5566 608 5623 Filii.
647 5564 816 5621 Sicut
868 5581 1009 5637 ergo
1040 5571 1098 5621 et
1142 5567 1398 5639 Spiritus
1422 5572 1663 5624 sanctus
1713 5568 1922 5641 accipit

271 5654 326 5711 de
349 5674 415 5714 eo
442 5657 607 5728 quod
661 5659 751 5710 est
795 5652 1011 5721 Patris,
1043 5670 1078 5708 a
1107 5655 1274 5712 Patre
1309 5673 1321 5710 :
1354 5656 1438 5712 ita
1479 5656 1692 5728 accipit
1742 5657 1813 5713 de
1854 5674 1919 5713 eo

271 5748 400 5814 qncd
443 5753 535 5804 est
581 5742 744 5812 Filii,
776 5759 813 5799 ι
853 5741 1001 5798 Filio
1049 5743 1325 5814 (divinam
1377 5744 1598 5802 scilicet
1649 5749 1916 5804 naturam

2029 4771 2198 4839 cujus
2241 4767 2516 4836 notionis,
2550 4784 2677 4838 quae
2727 4771 2815 4822 est
2861 4767 3192 4822 communis
3223 4767 3379 4823 Patri
3421 4772 3478 4825 et
3509 4766 3672 4834 Filio,

2037 4875 2164 4930 qua
2190 4857 2403 4911 dicitur
2432 4858 2738 4912 communis
2765 4857 3019 4928 spiratio.
3055 4856 3123 4911 Et
3153 4857 3236 4912 ita
3267 4858 3544 4929 spirativa
3574 4873 3676 4928 po-

2034 4947 2222 5002 tentia
2251 4946 2396 5000 dicit
2438 4945 2754 5000 essentiam
2799 4945 2908 5000 sub
2938 4946 3162 5000 ratione
3193 4945 3326 5000 talis
3358 4947 3677 5018 proprieta-

2033 5035 2130 5090 tis.
2166 5035 2392 5096 Etideo
2422 5033 2574 5101 dico,
2609 5033 2764 5104 quod
2797 5033 3056 5105 procedit
3087 5034 3342 5106 Spiritus
3373 5039 3612 5090 sanctus
3642 5051 3678 5091 a

2034 5123 2221 5193 Patre,
2253 5129 2310 5179 et
2338 5122 2482 5178 Filio
2507 5137 2521 5178 :
2554 5121 2614 5176 in
2646 5126 2932 5192 quantum
2956 5127 3095 5178 sunt
3123 5139 3300 5179 unum
3330 5125 3390 5178 in
3419 5126 3674 5195 essentia,

2032 5221 2083 5269 et
2112 5215 2170 5268 in
2200 5215 2398 5284 aliqua
2426 5212 2665 5277 notione,
2694 5209 2915 5266 scilicet
2946 5212 3244 5266 communi
3276 5212 3613 5283 spiratione.
3642 5233 3671 5263 »

2035 5305 2120 5358 Ita
2149 5301 2368 5357 scilicet
2413 5301 2628 5354 Bcccus
2679 5297 2804 5354 loco
2837 5299 3012 5356 citato
3044 5317 3166 5357 rem
3216 5302 3364 5357 hanc
3393 5300 3676 5373 intellige-

2031 5392 2150 5458 bat,
2183 5390 2640 5461 exponebatque.

2105 5481 2181 5553 (4)
2215 5480 2389 5536 Multa
2440 5485 2565 5532 sunt
2609 5477 2782 5549 illius,
2817 5494 2887 5534 ea:
2932 5481 3122 5551 aliqua
3168 5481 3546 5551 signiﬁcata...
3596 5481 3670 5535 si-

2029 5571 2255 5641 gniﬁcat
2302 5569 2451 5624 enim
2499 5567 2558 5622 id
2604 5567 2744 5637 quod
2789 5583 2858 5623 ex
2885 5569 3070 5642 aliquo
3115 5569 3378 5637 subsistit,
3409 5577 3460 5625 et
3497 5585 3672 5626 essen-

2031 5661 2165 5715 tiam
2208 5658 2630 5728 consequitur...
2662 5657 2823 5712 Notat
2871 5659 3034 5714 etiam
3082 5675 3151 5714 ea:
3199 5658 3672 5715 Consubstantiali

2029 5747 2548 5819 manifestationem,
2582 5749 2632 5802 et
2679 5748 2842 5818 quasi
2884 5757 3239 5804 ostenszonem
3268 5767 3289 5804 .·
3318 5764 3426 5822 qua
3454 5751 3673 5806 ratione
