4094 6446
427 431 498 494 91
1461 445 1776 508 GEORGII
1816 447 2069 510 CYPRI]

2181 448 2240 510 P.
2288 450 2813 514 PATRIARCHIE
3744 459 3819 520 92

426 567 682 640 dicimus,
738 571 1027 630 Dominum
1076 580 1335 634 naturam
1386 597 1457 635 ea:
1484 585 1640 638 nobis
1690 589 2064 658 assumpsisse,
2098 581 2338 647 Adent,
2391 584 2675 657 quidquid
2726 602 2795 641 ex
2845 590 3016 642 Ραινε
3062 603 3159 649 Der
3208 588 3414 644 Filium
3463 588 3699 659 dieitur,
3748 609 3820 648 ϐω

427 668 524 716 aut
548 661 712 718 nobis
760 667 1298 724 consubstantialem.
1333 670 1536 728 Veram
1585 675 1882 733 enimvero
1924 678 2066 748 quid

426 765 495 805 ea:
522 751 703 822 aliquo
732 757 1075 811 essentialem
1108 759 1522 828 productionem
1550 768 1732 836 aptius
1763 783 2066 838 repracsen-

425 841 565 929 tabit
615 843 1026 912 manifestabit,
1075 849 1385 920 ostendet),
1429 852 1540 907 nisi
1589 853 1731 909 illud
1790 858 2064 929 (nempe),

428 927 530 982 hoc
558 930 693 999 quid
727 947 795 986 ex
826 932 930 988 hoc
982 936 1322 993 naturaliter
1369 942 1666 1008 exsistere,
1698 949 1755 999 et
1785 927 2066 1000 essentia-

426 1015 604 1072 liter?
653 1018 927 1076 Przeterea
972 1028 1071 1078 aut
1117 1041 1430 1084 commune
1478 1036 1566 1085 est
1616 1034 1768 1087 Patri
1817 1038 1873 1088 et
1903 1034 2064 1101 Filio,

428 1107 786 1162 manifestari
818 1118 870 1165 et
901 1113 1129 1168 ostendi
1175 1131 1247 1170 ex
1277 1123 1529 1189 utroque
1583 1122 1863 1192 Spiritum
1898 1141 2064 1177 sanc-

426 1200 553 1250 tum
581 1215 592 1262 ;
626 1213 730 1252 cur
760 1216 872 1254 non
905 1202 1082 1256 etiam
1116 1206 1350 1276 utrique
1381 1224 1691 1265 commune
1723 1213 1912 1276 fuerit,
1939 1213 2067 1284 Spi-

425 1281 603 1339 ritum
635 1292 901 1343 sanctum
935 1307 999 1345 ex
1030 1298 1276 1365 utroque
1307 1297 1707 1369 subsistere,et
1745 1303 2020 1356 exsistere
2041 1301 2069 1355 ?

423 1375 537 1428 Aut
567 1374 923 1430 subsistendi
958 1382 1013 1433 et
1040 1381 1322 1437 existendi
1370 1385 1660 1440 notionem
1694 1388 1740 1441 si
1771 1387 1960 1442 solum
1995 1389 2062 1442 ad

427 1461 652 1517 Patrem
685 1465 938 1533 referas;
975 1484 1079 1522 cur
1127 1471 1302 1526 etiam
1353 1475 1692 1530 ostendendi
1743 1481 1799 1530 et
1829 1477 2069 1532 manife-

426 1552 618 1606 standi
650 1554 943 1610 notionem
997 1557 1099 1612 soli
1138 1560 1276 1616 Filio
1329 1580 1442 1617 non
1475 1564 1709 1619 addicas
1735 1565 1762 1618 ?
1809 1567 1916 1620 Sed
1949 1583 2066 1620 non

427 1642 774 1697 concedes...
817 1645 1070 1717 Denique
1100 1665 1167 1702 ex
1200 1655 1394 1706 nostra
1419 1659 1626 1708 natura
1657 1656 1807 1709 facta
1843 1655 2067 1709 homini

425 1731 841 1794 manilestatio.
873 1739 929 1788 et
975 1739 1231 1793 ostensio
1263 1757 1501 1810 prorsus
1534 1743 1727 1799 innuit
1775 1744 1934 1799 illius
1972 1761 2066 1798 ex-

427 1817 753 1876 sistentiam
797 1825 1120 1880 secundum
1156 1827 1470 1886 hominem.
1504 1832 1631 1886 Hec
1680 1833 1876 1904 itaque
1908 1835 1954 1887 si
1989 1835 2070 1888 ita

2175 689 2285 729 uno
2317 675 2420 729 Deo
2468 692 2615 741 esse,
2649 681 2704 730 et
2754 677 2887 731 dici.
2924 699 2951 725 »
2984 677 3180 732 Virtus
3228 679 3524 750 spirativa,
3573 698 3699 752 quae
3731 688 3822 738 est

2177 763 2236 817 in
2269 763 2504 832 Patre,a
2538 766 2704 821 Patre
2735 766 3206 822 communicatur
3238 767 3400 836 Filio,
3426 785 3671 825 manens
3704 788 3821 827 una

2175 857 2231 907 et
2260 854 2461 908 eadem
2494 853 2552 908 in
2585 859 2852 927 utroque.

2249 944 2325 1012 (7)
2356 942 2456 997 Sed
2496 960 2564 998 ea:
2592 945 2736 1000 Filio
2790 944 3026 1015 Spiritus
3053 946 3368 1016 procedens,
3397 963 3467 1002 ea:
3512 949 3680 1004 Patre
3710 965 3819 1005 non

2174 1031 2518 1101 procederet:
2548 1033 2640 1087 sed
2658 1036 2838 1104 potius
2864 1043 3238 1104 generaretur,
3255 1039 3306 1090 si
3334 1041 3390 1090 et
3410 1037 3600 1102 Filius,
3624 1055 3695 1092 ea:
3716 1056 3820 1109 quo

2175 1121 2439 1190 Spiritus,
2465 1137 2534 1176 ea:
2561 1123 2735 1177 Patre
2754 1131 3071 1192 generatur.
3096 1124 3362 1179 Nondum
3389 1124 3645 1197 intelligo
3674 1127 3817 1198 quid

2177 1209 2246 1263 ad
2275 1209 2574 1264 veritatem
2608 1211 2717 1266 ista
2766 1212 2996 1266 faciant.
3031 1213 3176 1276 Quid
3230 1213 3384 1267 enim
3431 1213 3677 1286 impedit
3708 1233 3816 1270 nos

2177 1303 2377 1353 contra
2406 1305 2762 1371 opponentes
2806 1302 2995 1357 dicere
3026 1321 3037 1356 :
3075 1303 3132 1357 Si
3163 1319 3259 1373 per
3297 1304 3511 1359 Filium
3559 1305 3823 1375 procedit

2176 1387 2429 1458 Spiritus
2461 1394 2719 1457 sanctus,
2753 1407 2866 1445 non
2898 1408 2963 1445 ex
2995 1395 3162 1447 Patre
3195 1392 3546 1463 procederet,
3581 1395 3680 1448 sed
3715 1412 3822 1466 po-

2176 1477 2293 1531 tius
2323 1480 2740 1548 generaretur?
2773 1502 2798 1527 ››
2835 1479 3268 1551 Difﬁcultatem,
3304 1482 3351 1536 si
3383 1499 3499 1553 qua
3527 1488 3634 1550 est,
3669 1483 3816 1539 Tho-

2179 1582 2304 1620 mas
2335 1565 2585 1634 exhibet,
2614 1571 2838 1639 {quassL
2875 1570 2959 1638 10,
2992 1569 3061 1624 de
3110 1571 3386 1639 potentia,
3419 1575 3525 1626 art.
3561 1573 3614 1638 4,
3649 1589 3815 1628 num.

2175 1655 2229 1708 2.
2261 1656 2326 1710 Si
2355 1656 2528 1711 Filius
2571 1661 2649 1710 est
2694 1658 3033 1728 principium
3081 1658 3321 1729 Spiritus
3348 1662 3545 1727 sancti,
3579 1665 3676 1714 aut
3723 1661 3821 1716 hoc

2177 1743 2335 1797 habet
2363 1762 2398 1798 a
2433 1760 2509 1808 se,
2542 1753 2638 1799 aut
2684 1745 2758 1799 ab
2787 1747 2918 1800 alio.
2951 1748 2989 1801 Α
3037 1763 3093 1800 se
3140 1763 3250 1802 non
3291 1747 3503 1802 habet:
3532 1766 3640 1804 non
3673 1751 3818 1804 enim

2177 1831 2277 1888 82
2309 1833 2466 1898 Filio,
2501 1835 2560 1888 in
2587 1843 2853 1904 quantum
2893 1834 3072 1890 Filius
3101 1840 3199 1898 est,
3229 1839 3480 1892 convenit
3527 1853 3643 1892 esse
3668 1841 3822 1909 prin-

429 1925 491 1963 se
525 1908 774 1977 habent;
809 1913 986 1968 etiam
1037 1932 1105 1970 ex
1138 1916 1278 1972 Filio
1307 1918 1558 1989 Spiritus
1591 1921 1980 1976 manifestatio
2012 1927 2068 1978 et
2099 1954 2144 2018 B
2174 1923 2402 1992 cipium,
2433 1922 2522 1976 sed
2550 1925 2729 1991 magis
2757 1941 2791 1978 a
2818 1926 3119 1994 principio.
3153 1924 3213 1980 Si
3255 1935 3438 1981 autem
3467 1925 3628 1981 habet
3656 1908 3689 1982 a
3720 1929 3823 1983 Pa-

427 1997 682 2053 ostensio
714 2004 1153 2071 repraesentabit
1181 2008 1308 2076 ejus
1335 2024 1401 2063 ex
1435 2009 1576 2064 Filio
1607 2012 2065 2066 exsistentiam.»

425 2083 732 2155 Superiora
764 2089 948 2159 capite
981 2109 1142 2147 num.
1176 2095 1208 2146 3
1240 2095 1340 2165 (1),
1374 2097 1657 2152 nonnulla
1685 2098 1918 2154 Patrum
1952 2105 2065 2155 tes-

425 2173 673 2229 timonia
700 2175 1110 2248 indicavimus,
1144 2182 1356 2252 quibus
1405 2186 1742 2242 Divinarum
1800 2205 2068 2258 persona-

426 2279 558 2317 rum
600 2266 996 2323 emanationes
1042 2271 1410 2340 appellantur
1461 2275 1810 2347 e/fulgentia',
1843 2279 2065 2348 explen-

424 2351 728 2418 descentiaz,
782 2371 989 2426 nempe
1047 2363 1400 2428 ostensiones,
1465 2368 1521 2417 et
1567 2367 2064 2438 manifestationes.

425 2439 570 2496 Hinc
617 2443 1100 2514 frequentissimae
1149 2449 1242 2504 8|
1299 2455 1538 2506 Patrum
1588 2454 1905 2518 sententiae,
1939 2472 2064 2526 qua:

423 2533 553 2585 tum
580 2531 857 2600 Verbum,
890 2538 1016 2589 tum
1051 2537 1331 2609 Spiritum
1365 2547 1633 2597 sanctum
1665 2549 1871 2598 vocant
1899 2544 2069 2599 lumi-

2173 2013 2274 2074 tre,
2308 2015 2513 2081 oportet
2542 2011 2681 2082 quod
2719 2013 2816 2067 hoc
2844 2013 2998 2067 modo
3045 2017 3115 2068 sit
3163 2016 3519 2085 principium,
3547 2017 3685 2070 sicut
3717 2018 3821 2071 Pa-

2176 2107 2273 2154 ter.
2306 2101 2470 2154 Pater
2494 2104 2684 2156 'autem
2714 2107 2797 2156 est
2838 2103 3182 2173 principium
3213 2120 3310 2174 per
3357 2108 3771 2173 generationem
3807 2124 3818 2161 :

2176 2203 2304 2256 ergo
2333 2190 2505 2243 Filius
2534 2191 2638 2244 erit
2662 2192 3001 2261 principium
3051 2192 3288 2263 Spiritus
3315 2196 3489 2248 sancti
3532 2211 3632 2264 per
3660 2211 3823 2262 gene-

2176 2279 2469 2332 rationem.
2503 2279 2813 2349 Egregium
2857 2281 3050 2351 accipe
3081 2281 3314 2337 Thomas
3366 2299 3713 2353 responsum
3747 2285 3820 2340 ad

2175 2367 2228 2418 2.
2260 2389 2288 2415 ‹‹
2320 2366 2663 2435 Dicendum,
2687 2371 2840 2438 quod
2877 2369 3056 2424 Filius
3077 2369 3186 2425 hoc
3210 2370 3386 2426 habet
3413 2389 3446 2426 a
3475 2372 3824 2444 Patre,quod

2177 2471 2245 2510 ex
2277 2471 2339 2508 se
2368 2456 2647 2526 Spiritum
2701 2462 2970 2512 sanctum
3022 2459 3250 2514 emittat
3283 2478 3294 2514 :
3331 2461 3485 2515 unde
3533 2465 3590 2516 et
3620 2463 3824 2517 eodem

2177 2543 2348 2598 modo
2380 2545 2646 2599 convenit
2677 2544 2746 2611 si,
2781 2547 2931 2600 sicut
2961 2551 3015 2601 et
3046 2547 3220 2601 Patri.
3251 2548 3361 2603 Sed
3393 2549 3560 2604 Pater
3589 2567 3703 2604 non
3736 2556 3825 2606 est

424 2635 519 2685 na,
553 2619 860 2691 imagines,
887 2623 1099 2694 sigilla,
1127 2626 1510 2696 characteres,
1537 2647 1602 2686 ac
1634 2632 1844 2688 facies:
1881 2633 2068 2689 Patris
2171 2634 2524 2704 principium
2579 2633 2786 2689 divinae
2834 2652 3093 2706 personis
3127 2652 3233 2692 uno
3283 2640 3686 2705 tantummodo,
3718 2641 3818 2695 sed

423 2707 628 2779 utique
662 2707 894 2778 Filium,
927 2716 984 2767 et
1031 2713 1159 2769 Filii
1191 2717 1471 2787 Spiritum
1507 2726 1797 2788 sanctum,
1830 2722 2068 2778 Germa-

424 2813 567 2851 num
599 2797 858 2854 declarat
888 2817 1128 2858 sensum
1160 2811 1400 2861 sanctus
1428 2808 1681 2866 Thomas
1713 2811 1770 2865 in
1802 2812 2068 2882 Opuscu-

423 2883 480 2940 lo
509 2885 557 2952 I,
592 2892 793 2943 contra
822 2907 1046 2947 errores
1077 2893 1427 2952 Graecorum.

495 3019 571 3090 (5)
615 3021 698 3075 Ea:
751 3027 908 3093 patre
956 3025 1202 3096 Cyrillus
1247 3031 1462 3098 scribit,
1495 3033 1769 3102 Spiritum
1814 3035 2071 3106 progredi

421 3107 596 3162 veluti
633 3123 701 3163 ea:
737 3126 846 3178 ore,
881 3120 934 3168 et
960 3113 1114 3185 fonte
1168 3118 1353 3172 Patre.
1389 3119 1520 3176 Haec
1569 3138 1704 3176 vero
1748 3128 1912 3189 sunt,
1941 3141 2068 3195 quas

424 3195 676 3266 Spiritus
729 3202 911 3255 sancti
974 3206 1404 3274 processionem
1456 3210 1634 3265 etiam
1684 3229 1716 3267 a
1772 3212 1912 3268 Filio
1963 3213 2066 3268 de-

424 3289 770 3374 monstrant.
823 3308 844 3336 «
882 3291 1108 3347 Etenim
1142 3295 1188 3348 si
1225 3295 1325 3365 qui
1379 3313 1446 3352 ex
1477 3315 1574 3354 ore
1606 3301 1791 3356 Patris
1840 3319 2066 3374 progre-

424 3372 581 3428 ditur
609 3374 884 3447 Spiritus,
917 3384 973 3434 et
1026 3381 1194 3437 Pater
1223 3400 1287 3439 os
1317 3386 1393 3440 sit
1425 3403 1436 3440 :
1471 3403 1538 3442 ex
1584 3389 1750 3444 Patre
1781 3372 2063 3446 exisist—en-

426 3461 567 3516 tiam
600 3461 796 3530 habet,
829 3478 1093 3536 apertum
1144 3480 1426 3541 remanet,
1459 3477 1737 3547 Spiritum
1771 3486 2067 3544 sanctum,

427 3550 526 3620 qui
560 3551 800 3621 Spiritus
839 3558 938 3610 ori
980 3558 1080 3612 Dei
1109 3559 1343 3628 dicitur,
1375 3581 1441 3618 ex
1491 3566 1633 3620 Filio
1665 3584 1792 3623 esse
1840 3574 1897 3623 et
1925 3571 2068 3625 exsi-

427 3638 702 3694 stentiam
736 3641 948 3697 habere
982 3687 992 3698 .
1025 3689 1036 3699 .
1076 3688 1087 3700 .
1119 3647 1174 3701 Si
1199 3665 1332 3704 vero
1354 3652 1494 3722 quia
1525 3654 1651 3708 fons
1671 3657 1799 3725 fons
1829 3657 2068 3728 Spiritus

427 3730 516 3780 est
545 3729 732 3798 Pater,
779 3736 1083 3803 propterea
1113 3751 1180 3790 ex
1213 3739 1380 3794 Patre
1428 3741 1675 3810 Spiritus
1720 3750 1810 3799 est
1843 3763 1855 3800 :
1890 3763 2070 3817 quare

430 3830 545 3905 non
577 3819 633 3869 et
663 3833 696 3871 a
737 3817 897 3886 Filio,
931 3837 1062 3877 cum
1107 3826 1321 3880 easdem
1373 3828 1680 3901 Scriptum
1712 3833 2069 3905 (Patresque)

427 3903 636 3991 [antem
683 3906 945 3975 ejusdem
997 3911 1248 3982 Spiritus
1295 3917 1498 3972 Filium
1545 3903 1986 3991 depraedicantt’
2041 3903 2068 3972 ›’›

430 3990 644 4046 Praesto
674 3998 812 4048 sunt
841 3997 1030 4067 Cyrilli
1060 4016 1093 4054 a
1123 4002 1326 4073 Cyprio
1372 4003 1592 4061 laudati
1624 3990 1979 4066 testimonia.
2016 4012 2070 4067 Is

431 4079 585 4134 enim
615 4079 764 4137 libro
805 4083 865 4138 in
895 4086 1136 4144 Joannis
1188 4093 1551 4164 evangelium
1592 4099 1662 4152 ad
1714 4099 1947 4171 septimi
1976 4117 2068 4155 ca-

431 4166 569 4260 pitis
591 4185 821 4226 comma
838 4173 927 4240 38,
950 4175 1244 4233 Christum
1268 4197 1396 4236 esse
1415 4185 1628 4252 fontem
1649 4166 1833 4257 docet,
1866 4193 1922 4243 et
1950 4189 2074 4260 Spi-

433 4255 610 4346 ritum
635 4266 902 4316 sanctum
929 4280 1135 4334 aquam
1160 4267 1605 4341 interpretatur:
1629 4255 1899 4346 idque’ad
1923 4255 2073 4346 ejus-

432 4344 564 4400 dem
597 4348 784 4403 sancti
815 4351 1067 4422 Spiritus
1105 4365 1369 4412 naturam
1400 4344 1766 4417 referendum
1796 4344 2072 4432 esse,_ad-

435 4437 598 4490 notat
628 4437 859 4510 dialogo
898 4457 995 4509 v11,
1029 4444 1099 4498 de
1129 4451 1333 4501 sancta
1362 4448 1642 4505 Trinitate
1681 4453 1834 4508 circa
1876 4455 2076 4512 linem.

434 4521 599 4614 Alios
613 4534 917 4582 enumerat
935 4533 1137 4587 Patres
1159 4534 1427 4590 Petavius
1449 4537 1594 4594 libro
1616 4556 1718 4606 vn,
1734 4558 1856 4612 cap.
1875 4544 1926 4608 lt,
1952 4543 2078 4614 qui-

336 4609 338 4611 ’
437 4611 548 4666 bus
566 4613 603 4666 ii
628 4619 969 4673 accensendi
995 4623 1524 4695 sunt,qui8piritus
1546 4630 1729 4684 sancti
1754 4633 2074 4701 processio-

436 4717 570 4793 nem
605 4718 638 4756 a
667 4703 834 4760 Patre
863 4712 920 4762 et
948 4725 980 4763 a
1012 4709 1156 4766 Filio
1187 4713 1378 4769 verbis
1408 4715 1723 4786 declarant,
1757 4736 1884 4790 qua
1911 4738 2073 4793 aquae

436 4789 507 4844 de
539 4791 694 4879 fonte
710 4797 1017 4879 manantis
1037 4801 1401 4870 eruptionem
1423 4804 1718 4861 exhibent:
1744 4789 2074 4879 cujusmodi

435 4883 574 4932 sunt
602 4874 938 4954 ἀναϐλύζειν,
967 4893 1312 4962 προχεῖσθαι,
1347 4893 1612 4965 προϊέναι,
1635 4901 1924 4962 scaturire,
1945 4915 2075 4970 pro-

431 4967 623 5035 fundi,
641 4971 878 5040 prodire.
900 4976 1489 5053 Alias,plurimasque
1511 4986 1664 5056 apud
1689 4967 1958 5043 eumdem
1978 4993 2078 5044 Pe-

437 5056 680 5125 tavium,
706 5061 892 5132 capite
916 5065 970 5130 5,
995 5070 1314 5126 sententias
1337 5073 1595 5144 consule,
1623 5076 1788 5146 queis
1803 5077 1956 5144 odor,
1980 5095 2075 5133 va-

432 5160 534 5215 por
561 5151 621 5235 et
647 5149 893 5218 qualitas
924 5154 1236 5212 substantiae
1264 5161 1402 5216 Filii
1429 5162 1640 5217 dicitur
1666 5165 1918 5235 Spiritus
1941 5184 2075 5222 san-

437 5238 586 5304 ctus,
610 5234 868 5308 itemque
895 5242 1083 5309 ﬂatus,
1105 5255 1158 5299 et
1187 5245 1390 5304 halitus
1420 5254 1530 5306 oris
1553 5273 1571 5319 ,-
1596 5269 1661 5308 ac
1691 5234 1926 5309 demum
1954 5272 2077 5323 ope-

433 5326 589 5416 ratzo
608 5325 879 5395 ejusdem.
914 5334 1106 5402 Longe
1151 5340 1317 5390 antea
1357 5338 1477 5394 haec
1525 5342 1687 5412 vidit,
1722 5347 1777 5397 et
1806 5346 2078 5416 expendit

433 5413 632 5467 omnia
660 5420 898 5471 sanctus
931 5419 1183 5477 Thomas
1213 5423 1271 5477 in
1303 5426 1594 5497 Opusculo
1611 5436 1810 5486 contra
1827 5413 2073 5489 Grzecos.

507 5547 581 5618 (6)
614 5549 731 5602 Non
777 5557 857 5604 est
900 5558 1236 5625 propositum
1283 5561 1540 5630 Nysscno,
1589 5569 1812 5620 Patrem
1856 5584 2075 5637 proces-

435 5636 588 5691 sione
623 5637 862 5709 Spiritus
911 5644 1152 5714 spoliare
1213 5665 1232 5701 :
1289 5650 1545 5719 spoliaret
1591 5670 1738 5721 vero,
1771 5671 1816 5709 si
1857 5636 1984 5712 eam
2017 5661 2077 5713 in

437 5725 646 5780 Filium
688 5729 1021 5788 immutaret.
1057 5733 1228 5791 Nulla
1276 5735 1467 5793 locum
1500 5739 1675 5796 habet
1723 5743 2073 5818 immutatio,

435 5831 560 5886 quas
591 5816 668 5874 sit
696 5834 800 5890 per
819 5820 1198 5882 divisionem:
1233 5826 1544 5899 Scripturae
1565 5848 1819 5904 namque
1840 5816 2077 5906 persae?

2178 2721 2409 2775 duobus
2445 2738 2456 2774 :
2493 2721 2712 2776 scilicet
2743 2739 2844 2794 per
2885 2727 3308 2794 generationem,
3343 2731 3399 2780 et
3443 2730 3820 2799 spirationem.

2179 2809 2338 2865 Unde
2371 2827 2483 2864 non
2536 2815 2727 2882 potest
2779 2812 3068 2881 concludi,
3099 2816 3253 2886 quod
3285 2817 3458 2871 Filius
3507 2817 3583 2872 sit
3611 2820 3824 2888 princi-

2172 2915 2332 2970 pium
2360 2900 2599 2970 Spiritus
2627 2902 2806 2956 sancti
2848 2918 2948 2974 per
2973 2906 3384 2973 generationem
3415 2922 3433 2958 :
3461 2906 3559 2961 sed
3601 2911 3690 2962 est
3720 2906 3825 2962 fal-

2176 2987 2324 3043 lacia
2371 2990 2826 3060 consequentis;
2866 2996 2923 3046 et
2970 2993 3259 3065 praecipue
3306 3011 3439 3049 cum
3489 3012 3594 3050 nec
3643 2996 3819 3052 etiam

2179 3075 2345 3132 Pater
2374 3076 2449 3132 sit
2479 3077 2832 3150 principium
2862 3080 3112 3152 Spiritus
3143 3083 3329 3137 sancti
3362 3097 3466 3154 per
3493 3085 3817 3155 generatio-

2178 3182 2333 3220 nem.
2367 3189 2394 3216 ι)

2248 3254 2321 3325 (8)
2352 3256 2582 3326 Propter
2632 3258 2918 3311 nominum
2968 3262 3423 3316 constructionem
3472 3263 3662 3328 solam,
3695 3279 3820 3334 qua

2097 3322 2138 3387 (ἶ
2172 3322 2293 3414 post
2306 3322 2533 3398 Filium
2574 3345 3002 3416 appellationem
3048 3347 3286 3420 Spiritus
3335 3348 3545 3422 affert;
3575 3361 3627 3407 et
3651 3322 3822 3424 prop-

2176 3441 2260 3487 ter
2307 3433 2568 3488 relativus
2614 3436 3038 3507 appellationes,
3086 3440 3273 3493 Patris
3319 3442 3371 3493 et
3416 3441 3568 3507 Filii,
3601 3442 3822 3496 nullum

2176 3521 2415 3576 medium
2472 3523 2614 3578 inter
2658 3539 2769 3579 sese
2815 3525 3163 3582 admittentes
3193 3547 3211 3582 .·
3259 3531 3548 3599 contiguus
3591 3531 3819 3602 (Filius)

2176 3617 2227 3666 et
2255 3627 2354 3682 per
2381 3614 2700 3684 contiguum
2731 3613 2964 3684 (Filium
2995 3616 3244 3687 Spiritus
3284 3620 3543 3690 sanctus)
3570 3637 3602 3673 a
3631 3623 3818 3675 sancto

2179 3700 2460 3772 (Nysseno
2493 3701 2551 3755 in
2589 3702 2844 3773 Epistola
2891 3705 2960 3759 ad
3009 3704 3338 3777 Ablavium)
3386 3707 3563 3763 dictus
3590 3713 3669 3763 est
3703 3750 3715 3761 .
3753 3749 3766 3762 .
3805 3749 3818 3762 .

2177 3806 2288 3843 non
2334 3799 2556 3861 pr0pter
2611 3795 3046 3862 consequentiam
3109 3797 3473 3852 exsistentim.
3534 3802 3608 3850 At
3661 3798 3819 3852 enim

2183 3878 2477 3950 Nyssenus
2505 3878 2646 3935 talia
2687 3882 2957 3937 sanciens
2988 3883 3239 3953 (divinas
3294 3902 3501 3957 nempe
3540 3903 3819 3957 personas

2181 3967 2342 4022 nulla
2372 3985 2433 4023 re
2461 3968 2575 4023 alia
2625 3970 2856 4026 dill‘erre
2897 3971 3164 4042 invicem,
3200 3974 3313 4028 nisi
3358 3976 3580 4030 razione
3630 3993 3818 4031 causa

2181 4057 2301 4111 sive
2360 4057 2650 4128 principii,
2709 4064 2766 4113 et
2820 4060 2950 4130 ejus
3011 4061 3166 4132 quod
3221 4078 3290 4117 ex
3349 4063 3634 4135 principio
3683 4068 3818 4132 est;

2181 4162 2247 4200 ac
2303 4163 2509 4201 rursus
2584 4148 2712 4216 ejus
2791 4149 2943 4219 quod
3004 4151 3264 4221 proxime
3341 4155 3428 4207 est
3485 4169 3554 4208 ex
3609 4153 3822 4225 primo,

2181 4239 2237 4289 et
2322 4235 2448 4305 ejus
2515 4236 2667 4306 quod
2744 4241 2831 4292 est
2919 4254 3022 4308 per
3101 4238 3246 4294 illud
3325 4242 3479 4312 quod
3566 4241 3827 4313 proxime

2182 4328 2272 4378 est
2337 4340 2369 4378 a
2453 4324 2705 4396 primo),
2793 4326 3054 4397 adeoque
3122 4332 3371 4384 Patrem
3439 4347 3474 4385 a
3540 4330 3676 4386 Filio
3744 4331 3830 4387 di-

2183 4413 2386 4468 videns
2443 4430 2607 4468 causa
2663 4415 2788 4486 (seu
2853 4417 3078 4472 ratione
3135 4434 3344 4488 causas,
3392 4422 3448 4474 et
3493 4419 3622 4490 ejus
3669 4421 3826 4491 quod

2184 4507 2273 4557 est
2320 4519 2354 4557 a
2400 4503 2598 4572 causa)
2645 4518 2657 4557 :
2711 4502 2921 4558 Filium
2972 4505 3246 4577 deinceps
3301 4523 3334 4561 a
3381 4507 3622 4578 Spiritu,
3669 4510 3826 4579 quod

2183 4592 2434 4661 contigue
2478 4590 2623 4662 ipse,
2666 4608 2764 4663 per
2809 4593 2952 4647 illud
3001 4594 3141 4666 quod
3185 4597 3508 4666 contiguum
3545 4603 3626 4652 est
3675 4598 3826 4668 iste;

2109 4687 2152 4750 Β
2186 4679 2494 4734 manifeste
2550 4681 2913 4737 demonstrat
2965 4685 3301 4740 exsistentiae
3364 4688 3826 4759 consequentiam,

2186 4786 2300 4824 non
2345 4767 2529 4824 solam
2580 4771 2885 4825 nominum
2936 4773 3450 4830 constructionem.
3500 4795 3530 4825 »
3579 4776 3830 4848 Nysseni

2183 4858 2359 4913 verba
2375 4858 2705 4923 expendens
2727 4861 2990 4931 Aquinas
3009 4863 3068 4916 in
3089 4862 3383 4934 Opusculo
3405 4865 3426 4919 Ι
3446 4869 3647 4920 contra
3672 4865 3829 4920 Grie-

2185 4964 2281 5002 cos
2319 4963 2330 5000 :
2369 4951 2529 5002 Patet
2557 4963 2710 5020 ergo,
2742 4949 2841 5020 ait,
2874 4951 3014 5019 quod
3058 4968 3156 5017 per
3181 4954 3421 5023 primam
3457 4953 3832 5026 differentiam

2185 5036 2420 5107 Spiritus
2465 5043 2712 5103 sanctus,
2743 5046 2798 5093 et
2836 5040 3010 5093 Filius
3067 5057 3098 5094 α
3148 5045 3319 5095 Patre
3361 5041 3780 5111 distinguuntur
3810 5063 3829 5098 :

2179 5141 2283 5197 per
2310 5124 2607 5180 secundam
2646 5134 2824 5182 autem
2875 5127 3236 5200 distinguitur
3266 5129 3501 5202 Spiritus
3549 5136 3766 5187 sanctus
3795 5149 3832 5189 a

2184 5215 2362 5275 Filio;
2389 5216 2522 5285 quia
2550 5217 2758 5271 scilicet
2809 5217 2984 5272 Filius
3037 5235 3068 5272 a
3098 5219 3266 5274 Patre
3306 5220 3552 5290 procedit
3578 5237 3688 5276 non
3726 5238 3833 5293 per

2184 5303 2456 5373 Spiritum
2484 5312 2750 5372 sanctum,
2784 5306 2874 5360 sed
2923 5306 3161 5378 Spiritus
3203 5313 3424 5364 sanctus
3451 5325 3548 5381 per
3598 5310 3828 5366 Filium.

2185 5391 2349 5448 Ullus
2387 5409 2520 5447 vero
2571 5410 2642 5447 ne
2689 5394 2907 5467 irrepat
2954 5412 3132 5465 error,
3184 5414 3298 5468 prae
3329 5398 3513 5454 oculis
3559 5399 3832 5455 habenda

2185 5481 2448 5552 ejusdem
2481 5483 2720 5538 Thomas
2771 5484 3033 5539 doctrina
3075 5486 3132 5540 in
3166 5487 3209 5556 Ι,
3245 5486 3380 5542 dist.
3415 5489 3499 5557 12,
3533 5493 3738 5559 quaest.
3774 5491 3829 5559 1,

2186 5570 2349 5624 artic.
2381 5571 2414 5623 3
2447 5588 2459 5624 :
2497 5593 2524 5620 «
2558 5571 2901 5642 Dicendum,
2934 5574 3089 5644 quod
3121 5591 3294 5630 omne
3335 5577 3594 5633 medium
3629 5577 3830 5650 aliquo

2185 5659 2358 5713 modo
2389 5659 2772 5731 distinguitur
2801 5661 2872 5716 ab
2903 5661 3017 5730 his,
3051 5661 3206 5719 inter
3235 5681 3361 5736 quae
3393 5666 3655 5721 medium
3685 5667 3830 5721 dici-

2185 5751 2299 5802 tur.
2331 5752 2473 5802 Cum
2524 5751 2719 5805 autem
2749 5748 2808 5804 in
2839 5750 3150 5822 Spiratione
3197 5752 3364 5809 Pater
3391 5758 3448 5809 et
3501 5753 3680 5810 Filius
3711 5755 3835 5812 sint

2183 5836 2287 5894 duo
2316 5838 2604 5909 spirantes,
2634 5838 2694 5895 in
2744 5843 3035 5910 quantum
3088 5846 3227 5899 sunt
3256 5858 3435 5900 unum
3478 5844 3542 5900 in
3582 5846 3832 5916 potentia
