4094 6480
343 469 425 532 93
1574 469 1788 534 VITA.
1821 499 1901 514 —
1925 467 2450 531 DISSERTATIO
2493 468 2541 531 Ι.
3682 465 3758 528 94

357 606 618 678 spirativa
642 625 664 670 ,ο
702 620 1028 676 possumus
1058 603 1222 677 loqui
1269 606 1340 660 de
1367 613 1493 661 actu
1543 607 1872 676 spiratioms
1901 619 2003 676 per
2030 605 2083 670 Α
2117 605 2348 677 quiens,
2382 605 2651 677 Spiritum
2681 612 2934 661 sanctam
2979 619 3092 662 esse
3133 603 3433 675 imaginem
3473 603 3674 670 Patris,
3709 607 3761 658 et

361 696 851 768 comparationem
882 696 962 752 ad
1011 699 1160 765 ipsos
1211 699 1523 767 spirantes:
1558 695 1644 750 vel
1674 695 1743 751 ad
1789 695 1998 766 princi-

353 789 506 858 pium
533 787 808 856 spirandi,
841 786 995 841 sicut
1021 785 1294 840 virtutem
1343 786 1512 856 cujus
1542 784 1618 839 sit
1648 785 1907 857 spiratio.
1943 783 2002 839 Si

357 883 543 930 autem
578 875 1025 930 consideremus
1063 875 1241 946 ipsum
1263 875 1615 946 principium,
1649 873 1869 928 scilicet
1898 890 2000 945 po-

352 965 590 1019 tentiam
621 965 991 1035 spirativam,
1043 981 1177 1019 cum
1221 963 1280 1018 in
1327 963 1436 1020 hoc
1467 981 1581 1018 non
1608 962 2003 1034 distiguantur

350 1053 516 1107 Pater
545 1057 601 1107 et
632 1053 858 1109 Filius:
921 1070 1037 1108 non
1098 1057 1287 1124 potest
1343 1053 1451 1108 dici
1514 1052 1753 1124 spiratio
1811 1068 2002 1106 essea

348 1143 512 1197 Patre
544 1141 846 1196 mediante
876 1141 1037 1197 Filio.
1090 1143 1150 1198 Si
1199 1147 1391 1197 autem
1442 1141 1880 1197 consideremus
1910 1143 2002 1210 ip-

341 1248 427 1286 sas
455 1233 765 1301 spirantes,
803 1233 902 1302 qui
953 1231 1210 1286 distincti
1258 1237 1415 1298 sunt,
1450 1235 1506 1286 et
1536 1231 1859 1286 secundum
1890 1231 1999 1286 hoc

340 1321 608 1392 praebent
665 1321 770 1375 83
831 1321 1204 1392 suppositum
1256 1320 1594 1392 spirationi:
1656 1320 1738 1375 sic
1786 1324 1873 1375 est
1919 1321 2001 1376 ibi

339 1409 630 1473 mediatio,
693 1411 1023 1464 secundum
1082 1411 1234 1480 quod
1294 1414 1381 1465 est
1438 1409 1517 1464 ibi
1565 1410 1692 1464 ordo
1742 1418 2000 1472 natura;

338 1498 478 1569 quia
511 1497 702 1553 Filius
735 1505 825 1554 est
855 1516 922 1552 ex
953 1500 1137 1564 Patre,
1169 1503 1227 1554 et
1273 1499 1524 1570 Spiritus
1551 1502 1790 1554 sanctus
1821 1497 1999 1553 simul

338 1604 374 1641 a
428 1586 598 1642 Patre
631 1591 688 1641 et
716 1605 750 1642 a
808 1587 1026 1642 Filio.»
1068 1588 1183 1642 Cur
1231 1604 1360 1642 vero
1410 1588 1729 1659 Nyssenus,
1770 1604 1873 1642 cur
1902 1587 1999 1642 alii

338 1677 550 1731 Patres
627 1677 998 1748 frequentius
1061 1677 1332 1743 dixerint,
1399 1677 1680 1748 Spiritum
1732 1681 1999 1732 sanctum

340 1781 472 1820 esse
533 1783 568 1820 a
628 1767 799 1821 Patre
851 1783 949 1836 per
1003 1767 1210 1821 Filium
1262 1783 1360 1837 per
1413 1782 1539 1822 eum
1598 1768 1698 1837 qui
1745 1768 2002 1838 proxime

340 1858 419 1910 est
450 1871 484 1908 a
513 1856 705 1924 primo
728 1855 757 1908 ‘l
784 1854 1088 1911 Rationem
1121 1871 1270 1926 saepe
1301 1854 1516 1910 dictam
1547 1855 1711 1910 affert
1737 1855 1999 1926 Aquinas

341 1943 567 2035 ibidem
603 1943 678 1998 ad
710 1945 736 1997 1
765 1959 778 1997 :
810 1967 839 1992 ‹‹
896 1944 1006 1998 Per
1053 1942 1180 2035 hoc,
1240 1942 1532 2035 inquiens,
1593 1943 1747 2014 quod
1789 1943 2000 2035 dicitur
2031 1970 2080 2035 B

343 2032 607 2103 Spiritus
655 2036 898 2087 sanctus
958 2032 1268 2102 procedere
1324 2048 1358 2086 a
1407 2033 1568 2089 Patre
1621 2049 1720 2102 per
1769 2034 1998 2102 Filium,

346 2121 713 2192 designatur,
748 2123 1055 2177 auctoritas
1085 2123 1146 2176 in
1193 2126 1358 2176 Patre
1389 2126 1632 2193 respectu
1660 2123 1832 2177 Filii:
1865 2123 2004 2193 quia

347 2210 526 2264 Filius
560 2210 745 2264 habet
775 2227 808 2263 a
839 2210 1023 2276 Patre,
1061 2210 1214 2280 quod
1266 2209 1549 2281 Spiritum
1583 2215 1850 2265 sanctum
1882 2211 2002 2282 spi-

345 2304 448 2354 ret.
483 2300 566 2354 Ex
625 2299 735 2353 hoc
767 2303 963 2353 autem
1021 2315 1138 2353 non
1184 2299 1420 2370 ponitur
1473 2299 1734 2354 mediatio
1781 2298 1998 2371 aliqua,

345 2388 459 2442 nisi
518 2404 594 2443 ex
647 2393 812 2459 parte
877 2388 1342 2459 suppositorum,
1403 2387 1501 2458 qui
1559 2386 2004 2459 distinguuntur

344 2493 446 2548 per
473 2477 609 2546 hoc,
645 2477 802 2548 quod
853 2493 1027 2531 unum
1060 2479 1141 2531 est
1190 2476 1263 2532 ab
1293 2478 1404 2531 alio
1425 2495 1444 2532 :
1491 2476 1712 2531 ratione
1744 2478 1912 2549 cujus
1940 2477 2000 2532 in

347 2583 462 2621 uno
496 2571 587 2621 est
620 2566 939 2622 auctoritas
971 2571 1236 2637 respectu
1271 2565 1530 2622 alterius.
1567 2589 1595 2615 ››

414 2657 493 2725 (9)
525 2655 635 2710 Sed
664 2660 774 2710 esto
795 2674 814 2709 :
845 2672 954 2710 non
1013 2657 1388 2711 exsistentiam
1444 2658 1618 2727 ipsam
1664 2655 1757 2710 sed
1779 2673 1883 2726 per
1910 2658 1998 2710 Fi-

346 2745 486 2798 lium
561 2744 814 2816 Spiritus
888 2745 1266 2800 emicationem
1335 2747 1452 2799 sive
1521 2745 1866 2816 effulsionem
1941 2748 2003 2800 in

343 2833 648 2888 dictionem
678 2837 797 2904 {per
843 2833 982 2888 illud
1012 2833 1151 2903 quod
1198 2835 1449 2904 contigue
1492 2835 1591 2905 est)
1630 2833 1812 2889 doceat
1840 2835 2000 2906 (Gre-

343 2922 545 2994 gorius
579 2922 925 2994 Nyssenus).
973 2923 1090 2995 Ego
1139 2938 1272 2977 vero
1319 2923 1680 2994 e/fulsionem,
1714 2923 1833 2977 sive
1863 2925 2001 2977 emi-

341 3013 626 3066 cationcm
658 3010 911 3082 Spiritus
939 3027 1009 3065 ex
1056 3014 1222 3065 Patre
1244 3027 1347 3081 per
1399 3012 1621 3076 Filium,
1656 3011 1818 3066 fateri
1851 3028 2002 3066 nun-

341 3117 530 3170 quam
562 3099 829 3171 eti‘gerim
860 3118 874 3166 ;
905 3100 1222 3154 dummodo
1243 3098 1343 3154 illa
1385 3099 1704 3154 naturalem
1734 3101 2000 3155 exsisten-

344 3192 488 3243 tiam
547 3193 714 3243 notet
748 3231 762 3241 .
797 3230 808 3240 .
845 3229 858 3242 .
899 3188 958 3243 Si
1005 3205 1139 3243 vero
1190 3188 1479 3260 (Cyprius)
1534 3190 1886 3258 voluntatem,
1945 3193 2003 3244 et

342 3279 653 3334 consilium
701 3275 1006 3349 intelligat,
1059 3279 1554 3348 quemadmodum
1593 3280 1999 3350 suppeditatzo-

343 3385 460 3434 nes,
495 3368 807 3431 missiones,
836 3341 1104 3436 ddtiones,
1157 3371 1212 3422 et
1241 3367 1526 3438 quidquid
1568 3341 1724 3422 aliud
1756 3369 1829 3423 ad
1861 3384 1995 3422 con-
2030 3341 2072 3407 C

345 3456 680 3511 vellendam
749 3455 1148 3511 exsistentiam
1214 3457 1286 3510 ab
1361 3457 1563 3511 eodem
1621 3456 1999 3528 producitur;

347 3550 685 3616 sequantur
741 3543 825 3610 hi,
897 3544 1114 3615 quibus
1189 3544 1308 3600 hinc
1380 3544 1725 3616 complacita
1781 3549 2000 3600 sunt.»

343 3635 476 3689 Jam
539 3650 695 3705 saepe
756 3634 1162 3699 adnotantum,
1231 3633 1559 3688 divinarum
1618 3651 2000 3706 personarum

345 3720 776 3789 emanationes,
863 3721 1066 3792 utique
1150 3721 1220 3774 ad
1312 3722 1730 3790 exsistendum,
1811 3722 2000 3778 vocari

343 3811 683 3880 eﬂutsiones,
765 3813 819 3863 et
893 3810 1260 3865 emicationes.
1338 3810 1471 3872 Quae
1553 3828 1806 3882 namque
1871 3829 2000 3883 per-

343 3915 490 3954 sona
522 3898 806 3968 procedit,
860 3915 1168 3969 personam
1231 3899 1520 3969 exprimit,
1565 3916 1629 3955 ac
1663 3900 2002 3957 manifestat

345 4005 377 4042 a
407 4004 528 4058 qua
559 3987 841 4059 procedit.
893 3987 1013 4050 Quo
1061 4003 1238 4042 sensu
1287 3988 1538 4060 Spiritus
1589 3994 1830 4045 sanctus
1857 3991 2000 4046 dici-

348 4083 442 4132 tur
472 4079 661 4144 imago
689 4076 847 4132 Filii.
881 4098 908 4124 ‹‹
932 4075 1174 4131 Constat
1202 4081 1396 4132 autem
1422 4077 1619 4148 (verba
1649 4082 1787 4133 sunt
1810 4079 1998 4135 sancti

348 4166 586 4220 Thomas
620 4165 682 4218 in
715 4163 996 4236 opusculo
1027 4165 1245 4237 citato),
1281 4167 1435 4238 quod
1469 4166 1661 4240 imago
1695 4168 2002 4223 deducitur

347 4256 416 4310 ab
448 4271 518 4310 eo
549 4255 723 4326 cujus
755 4259 844 4310 est
890 4255 1105 4325 imago.
1159 4256 1237 4309 Ex
1285 4255 1394 4310 hoc
1439 4271 1594 4328 ergo,
1630 4258 1784 4327 quod
1817 4257 1999 4328 Spiri-

347 4351 438 4399 tus
473 4349 721 4398 sanctus
750 4348 837 4398 est
886 4345 1071 4413 imago
1120 4345 1279 4411 Filii,
1332 4344 1600 4417 sequitur
1630 4347 1785 4417 quod
1819 4346 1998 4418 Spiri-

351 4441 442 4488 tus
473 4439 716 4488 sanctus
770 4433 910 4488 sita
966 4432 1130 4487 Filio.
1186 4433 1388 4489 Posset
1440 4437 1634 4488 autem
1667 4434 1878 4506 aliquis
1911 4436 1997 4490 di-

351 4537 474 4576 cere
501 4540 514 4577 :
549 4521 707 4592 quod
740 4525 830 4576 est
857 4521 1050 4593 imago
1083 4521 1233 4587 Filii,
1263 4522 1319 4575 in
1343 4526 1628 4593 quantum
1654 4524 2002 4578 assimilutur

350 4610 490 4665 Filio
523 4609 825 4665 secundum
853 4611 1090 4681 aliquem
1120 4611 1397 4682 affectum,
1445 4627 1619 4681 quem
1654 4611 1809 4678 facit,
1844 4612 1998 4667 sicut

2110 696 2245 750 Filii
2270 697 2401 757 :ita
2429 696 2570 768 quod
2626 697 2926 767 imaginem
2976 696 3126 752 nihil
3178 695 3333 751 aliud
3387 695 3758 763 intelligatur,

2110 784 2212 840 84
2239 802 2405 857 quam
2435 787 2700 842 exsistens
2727 787 2792 841 ab
2823 787 2957 854 alio,
2988 793 3041 841 et
3067 786 3182 857 ejus
3211 784 3635 840 similitudinem
3661 800 3754 854 ge-

2108 891 2254 930 rens.
2318 877 2382 931 Si
2422 883 2602 930 autem
2653 893 2756 947 per
2810 877 3110 946 imaginem
3162 875 3514 944 intelligatur
3541 873 3756 946 aliquid

2107 967 2370 1021 assistens
2397 965 2466 1019 ab
2495 966 2689 1034 altera,
2750 972 2800 1020 et
2829 981 2898 1020 ex
2951 967 3072 1035 ipsa
3113 979 3235 1021 sum
3285 965 3515 1034 originis
3542 965 3756 1019 ratione

2108 1054 2312 1109 habens
2343 1053 2483 1125 quod
2512 1054 2946 1109 similitudinem
2976 1057 3133 1124 gerat
3177 1055 3294 1125 ejus
3322 1070 3359 1108 a
3390 1069 3491 1124 quo
3520 1053 3750 1120 exsistit,

2108 1145 2168 1198 in
2197 1147 2462 1214 quantum
2490 1144 2557 1198 ab
2587 1144 2777 1213 altero,
2809 1147 2870 1198 ut
2890 1145 3065 1198 Filius
3083 1145 3327 1215 genitus,
3358 1144 3505 1198 velut
3535 1142 3755 1198 verbum

2107 1241 2461 1304 conceptum:
2513 1236 2570 1288 et
2621 1235 2701 1288 sic
2751 1234 2897 1288 solus
2948 1232 3128 1287 Filius
3173 1233 3376 1288 dicitur
3423 1234 3602 1302 imago
3637 1273 3650 1285 .
3688 1273 3700 1285 .
3737 1274 3750 1286 .

2105 1321 2209 1376 Sed
2239 1323 2337 1376 hoc
2366 1323 2426 1375 in
2461 1320 2675 1392 Spiritu
2704 1323 2801 1377 Dei
2830 1323 3153 1392 veriﬁcatur
3181 1330 3406 1394 propter
3431 1321 3639 1378 diuinae
3666 1338 3753 1376 es-

2105 1413 2302 1466 sentia?
2330 1411 2617 1475 unitatem,
2659 1420 2710 1466 et
2765 1412 3218 1482 simplicitatem:
3267 1427 3336 1465 ex
3385 1427 3489 1482 qua
3520 1413 3752 1482 oportet,

2107 1499 2250 1570 quod
2281 1499 2542 1570 quidquid
2567 1502 2646 1554 est
2681 1501 2741 1553 in
2772 1501 2896 1566 Deo,
2927 1501 3000 1555 sit
3047 1501 3201 1554 Deus.
3243 1499 3417 1570 Atqui
3446 1515 3578 1554 vero
3610 1498 3754 1553 satis

2108 1592 2211 1652 est,
2233 1587 2706 1660 qualemcunque
2724 1588 3005 1643 rationem
3022 1588 3297 1660 imaginis
3329 1587 3755 1644 accommodari

2109 1676 2353 1748 Spiritui
2387 1681 2589 1732 sancto
2622 1694 2735 1732 non
2788 1694 2976 1749 posse,
3030 1677 3141 1732 nisi
3168 1678 3240 1732 ab
3271 1676 3369 1732 illo
3400 1681 3669 1732 naturam
3699 1679 3756 1731 et

2107 1765 2512 1820 exsistentiam
2547 1766 2814 1837 accipiat,
2847 1768 3016 1837 cujus
3048 1767 3239 1838 imago
3272 1766 3505 1822 dicitur.

2179 1855 2290 1924 (10)
2322 1854 2451 1909 lich
2501 1859 2640 1910 sunt
2684 1855 2974 1926 praecipua
3023 1855 3082 1910 in
3134 1856 3498 1911 Antirrhetico
3527 1853 3755 1927 Georgii

2110 1941 2302 2015 Cyprii
2353 1943 2611 2000 Sermone
2663 1949 2905 2015 asserta,
2960 1961 3084 2016 quae
3112 1945 3367 2000 Joannes
3413 1945 3629 2000 Beccus
3655 1961 3757 2015 pa-

2109 2031 2384 2100 triarcha,
2418 2050 2527 2088 sua
2571 2033 2628 2088 in
2661 2033 2921 2089 oratione
2969 2033 3144 2089 citata
3169 2032 3460 2104 expendit,
3494 2047 3559 2088 ao
3589 2031 3756 2088 refel-

2110 2120 2196 2176 lit.
2231 2123 2454 2177 Addere
2485 2122 2599 2178 alia
2621 2121 2906 2177 nonnulla
2927 2122 3084 2188 licet,
3119 2139 3244 2194 quae
3264 2121 3482 2177 ibidem
3511 2120 3756 2193 Cyprius

2112 2210 2370 2266 disserit.
2409 2209 2558 2265 Illud
2591 2211 2846 2282 primum
2889 2212 3154 2283 profero:
3189 2211 3342 2282 quod
3376 2227 3407 2264 a
3437 2213 3604 2266 Patre
3627 2226 3754 2280 per-

2108 2300 2284 2373 fectus
2334 2300 2579 2370 procedit
2632 2300 2871 2371 Spiritus
2919 2305 3158 2355 sanctus.
3220 2299 3331 2354 Cur
3375 2298 3514 2354 addi
3563 2299 3756 2354 debeat

2109 2391 2277 2444 etiam
2304 2389 2478 2444 Filius
2497 2393 2523 2444 .9
2550 2389 2709 2444 Hanc
2733 2388 2945 2461 saapius
2971 2388 3298 2460 oppositam
3331 2387 3560 2460 egregie
3582 2386 3755 2443 solvit

2111 2477 2515 2533 difﬁcultatem
2545 2479 2821 2534 Thomas.
2855 2479 2943 2533 Sic
2982 2477 3062 2534 ait
3109 2478 3167 2533 in
3203 2478 3223 2532 Ι
3254 2477 3390 2533 dist.
3425 2478 3510 2532 11.
3545 2481 3750 2548 quiest.

2113 2569 2162 2623 1.
2199 2571 2310 2623 art.
2371 2569 2500 2622 lad
2549 2568 2619 2621 9:
2660 2589 2686 2616 «
2747 2568 3062 2623 Dicendum
3116 2567 3270 2639 quod
3317 2568 3481 2622 Pater
3517 2569 3754 2638 perfecte

2109 2659 2286 2728 spirat
2314 2656 2582 2728 Spiritum
2612 2665 2880 2712 sanctum.
2926 2657 3036 2712 Sed
3069 2655 3208 2728 quia
3254 2655 3448 2711 omnis
3477 2655 3752 2727 perfectio

2112 2744 2296 2800 Patris
2329 2745 2798 2801 communicatur
2826 2745 2992 2808 Filio,
3041 2761 3166 2816 quae
3198 2760 3307 2799 non
3337 2752 3605 2815 repugnat
3631 2759 3754 2802 suae

2103 2836 2432 2906 praprietali
2477 2840 2634 2904 (cum
2685 2835 2832 2890 ratio
2876 2834 3042 2890 nulla
3087 2834 3414 2905 distinguat
3449 2833 3601 2888 inter
3630 2849 3748 2900 eos,

2109 2925 2224 2978 nisi
2247 2925 2478 2994 originis
2510 2923 2751 2994 relatio),
2786 2927 3030 2995 oportet,
3064 2923 3217 2993 quod
3251 2923 3404 2977 sicut
3428 2922 3748 2978 communi.

2111 3015 2201 3068 cat
2231 3013 2340 3066 sibi
2374 3011 2787 3084 perfectionem
2836 3011 3182 3080 divinitatis,
3231 3010 3316 3066 ita
3362 3011 3538 3066 etiam
3564 3013 3752 3082 perfe-

2109 3103 2341 3157 ctionem
2363 3101 2644 3172 spirandi.
2672 3101 2834 3156 Unde
2865 3117 2980 3155 non
3024 3104 3113 3155 est
3137 3107 3359 3170 propter
3386 3101 3752 3170 imperfectio-

2107 3206 2232 3245 nem
2314 3190 2522 3255 Patris,
2603 3190 2755 3260 quod
2826 3187 3006 3244 Filius
3086 3188 3304 3259 spiret:
3360 3187 3462 3242 sed
3537 3196 3755 3259 propter

2108 3279 2496 3350 perfectionem
2547 3279 2697 3346 Filii,
2751 3277 2850 3349 qui
2899 3278 3074 3333 habet
3119 3280 3303 3332 totam
3343 3275 3753 3348 perfectionem

2110 3367 2366 3422 Patris.»
2390 3367 2555 3422 Paria
2578 3371 2739 3432 sunt,
2767 3385 2892 3439 quae
2913 3367 3205 3422 habentur
3224 3369 3426 3438 quaast.
3454 3367 3539 3435 10,
3567 3365 3639 3421 de
3659 3382 3756 3437 po-

2110 3455 2313 3526 tentia,
2351 3460 2457 3510 art.
2492 3458 2523 3510 4
2556 3457 2625 3511 ad
2655 3458 2745 3511 20.
2780 3461 2835 3512 et
2864 3457 2905 3512 Ι.
2930 3461 2995 3510 Ρ.
3030 3459 3235 3528 quiest.
3267 3456 3321 3526 3,
3356 3459 3461 3510 art.
3532 3455 3568 3508 2
3597 3455 3668 3510 ad
3697 3457 3752 3508 6.

2183 3546 2267 3615 (11
2278 3550 2299 3612 )
2328 3544 2680 3616 Multiplices
2711 3545 2948 3599 Patrum
3001 3544 3344 3611 locutiones,
3376 3542 3592 3615 quibus
3623 3559 3754 3614 pro-

2113 3634 2298 3689 cessio
2330 3633 2581 3706 Spiritus
2614 3633 2798 3689 sancti
2829 3634 3192 3704 exprimitur,
3235 3633 3314 3688 ita
3343 3631 3563 3704 passim
3586 3631 3758 3703 jubet

2111 3723 2354 3794 Cyprius
2403 3723 2890 3794 interpretendas,
2944 3726 3006 3778 ut
3060 3721 3312 3793 Spiritus
3359 3721 3597 3792 quidem
3628 3737 3755 3775 con-

2107 3812 2560 3868 substantialitas
2593 3812 2677 3867 uti
2711 3828 2842 3866 cum
2868 3812 3057 3878 Patre,
3097 3811 3180 3866 ita
3210 3826 3344 3865 cum
3377 3809 3517 3864 Filio
3547 3807 3759 3864 intelli-

2109 3906 2298 3974 gatur,
2333 3903 2432 3957 sed
2464 3919 2583 3956 una
2610 3917 2680 3956 ex
2709 3905 2873 3956 Patre
2903 3903 3100 3970 origo:
3135 3916 3250 3971 quo
3291 3903 3458 3971 pacto
3489 3899 3604 3954 duo
3636 3898 3755 3952 fra-

2109 3995 2226 4046 tres
2260 3990 2536 4046 dicuntur
2566 3989 3116 4056 consubstantiales,
3167 4004 3418 4060 quorum
3445 3991 3640 4043 tamen
3674 3986 3758 4041 al-

2113 4084 2196 4134 ter
2226 4080 2297 4134 ab
2329 4078 2510 4135 altero
2541 4095 2656 4134 non
2701 4078 2904 4133 oritur.
2956 4077 3247 4141 Quinimo.
3297 4074 3494 4132 Basilii
3525 4080 3758 4130 senten-

2109 4169 2190 4224 tia
2214 4168 2446 4224 videtur
2477 4169 2533 4223 in
2567 4167 2812 4240 epistola
2841 4168 2930 4237 52,
2978 4167 3049 4222 ad
3089 4164 3406 4222 Canonicas
3440 4181 3454 4221 :
3508 4180 3619 4220 non
3647 4165 3761 4219 dici

2109 4258 2616 4324 consubstantialia,
2649 4270 2772 4328 quae
2815 4257 3056 4326 fratrum
3104 4257 3249 4310 inter
3276 4270 3332 4309 se
3362 4255 3631 4309 rationem
3659 4251 3758 4307 ha-

2112 4349 2255 4413 bent,
2287 4354 2347 4401 ut
2397 4346 2623 4418 quidam
2678 4345 3045 4406 existimant;
3103 4343 3194 4398 sed
3222 4359 3349 4397 cum
3403 4357 3591 4406 causa,
3624 4349 3676 4396 et
3702 4341 3760 4396 id

2110 4435 2250 4506 quod
2303 4452 2376 4490 ea:
2430 4450 2597 4490 causa
2653 4433 3029 4489 exsistentiam
3100 4432 3282 4497 habet,
3336 4429 3579 4499 eiusdem
3633 4435 3762 4486 sunt

2109 4532 2345 4590 naturae,
2379 4523 2870 4579 consubstantialza
2895 4522 3030 4577 dici.
3064 4522 3128 4575 In
3166 4519 3460 4590 hujusque
3492 4518 3760 4572 testimo-

2111 4612 2191 4668 nii
2224 4630 2398 4668 sensu
2431 4613 2754 4668 enarranda
2785 4609 3038 4682 theologi
3064 4625 3180 4663 non
3204 4608 3575 4663 conveniunt.
3593 4610 3758 4662 Peta-

354 4704 406 4753 et
437 4697 657 4754 Filius:
691 4699 778 4754 vel
811 4699 952 4770 quia
983 4703 1060 4753 est
1102 4716 1134 4752 a
1179 4701 1364 4764 Patre,
1415 4701 1557 4754 sicut
1585 4708 1635 4755 et
1663 4701 1856 4756 Filius.
1889 4702 2000 4757 Sed
2035 4710 2078 4774 ι)
2107 4701 2236 4756 vius
2266 4701 2366 4756 lib.
2401 4718 2503 4768 vn,
2559 4717 2685 4772 cap.
2746 4700 2798 4766 4,
2847 4715 3009 4753 num.
3073 4699 3157 4764 12,
3209 4697 3292 4752 ita
3348 4695 3548 4751 Basilii
3581 4695 3759 4750 verba

355 4788 459 4844 hoc
510 4787 847 4844 excluditur
905 4805 1005 4859 per
1061 4789 1434 4845 auctoritates
1495 4792 1852 4858 sanctorum,
1899 4791 1998 4860 qui

356 4877 635 4949 Spiritum
669 4881 942 4932 sanctum
965 4877 1168 4932 dicunt
1187 4876 1514 4933 naturalem
1543 4878 1677 4933 Filii
1703 4879 2003 4947 imaginem

352 4981 477 5019 esse.
515 4964 637 5019 Non
673 4965 828 5019 enim
879 4969 1074 5036 potest
1130 4963 1241 5019 dici
1301 4965 1484 5035 imago
1529 4965 1824 5020 naturalis.
1871 4964 2000 5019 Filii

351 5053 601 5125 Spiritus
634 5057 896 5118 sanctus,
929 5052 1042 5108 nisi
1091 5053 1149 5107 in
1182 5058 1467 5124 quantum
1508 5054 1806 5108 secundum
1833 5062 1997 5109 natu-

349 5159 469 5197 ram
507 5141 648 5197 Filio
681 5141 1064 5208 assimilatur,
1119 5142 1409 5214 accipiens
1458 5159 1492 5197 a
1533 5141 1674 5198 Filio
1704 5147 1998 5199 naturam.

350 5231 591 5302 Semper
620 5231 778 5286 enim
812 5235 1040 5302 Oportet
1070 5232 1226 5301 quod
1259 5231 1444 5286 forma
1490 5230 1765 5303 imaginis
1798 5249 1999 5302 prove-

349 5321 467 5375 niat
496 5337 531 5375 a
564 5321 755 5375 forma
783 5321 910 5390 ejus
961 5320 1132 5390 cujus
1179 5325 1266 5376 est
1318 5320 1531 5392 imago.
1567 5343 1595 5369 »
1625 5320 1864 5376 Veteres
1893 5321 1998 5376 Pa-

343 5414 480 5473 tres,
540 5408 644 5480 qui
723 5409 1007 5480 Spiritum
1081 5413 1349 5464 sanctum
1426 5421 1633 5464 vocant
1703 5411 1995 5464 sinceram.

341 5500 782 5562 emetirsimam,
811 5498 1129 5553 naturalem
1157 5499 1310 5564 Filii,
1344 5498 1602 5570 itemque
1638 5500 1832 5554 Patris
1857 5499 1997 5553 ima-

341 5592 542 5656 ginem,
632 5587 1092 5654 similitudinem,
1181 5589 1654 5654 assimilationem,
1740 5591 2000 5643 recenset

341 5683 573 5733 sanctus
608 5677 876 5732 Thomas
909 5675 1127 5731 ibidem
1177 5677 1366 5747 capite
1405 5677 1484 5745 10,
1518 5693 1632 5748 quo
1665 5677 1838 5732 etiam
1872 5676 1996 5732 loco

339 5781 686 5836 germanum
719 5763 989 5821 declarat
1035 5780 1274 5822 sensum
1307 5782 1318 5820 :
1370 5768 1664 5822 Possumus
1704 5765 1901 5838 dicere,
1937 5767 1996 5824 in

2109 4789 2357 4861 explicat
2382 4807 2394 4845 :
2430 4797 2494 4845 ut
2514 4789 2676 4844 illum
2702 4805 2768 4844 ea
2789 4787 3018 4860 proprie
3039 4785 3536 4842 consubstantialia
3567 4784 3760 4840 dicere

2115 4879 2427 4945 existimet,
2461 4895 2584 4948 quae
2616 4877 2862 4949 originis
2892 4873 3624 4946 habitudinejunguntur;
3659 4889 3760 4928 cm-

2113 4971 2237 5023 tera
2268 4984 2400 5022 vero
2433 4967 2628 5022 minus
2675 4965 2930 5037 proprio,
2982 4968 3046 5018 ut
3074 4964 3188 5018 duo
3220 4965 3448 5019 fratres.
3491 4961 3758 5018 Monachi

2108 5055 2300 5112 Sancti
2358 5055 2567 5125 Mauri,
2625 5055 2685 5110 in
2740 5053 3080 5108 Praefatione
3135 5052 3206 5108 ad
3260 5056 3446 5107 totum
3492 5051 3588 5119 III,
3621 5053 3668 5119 §.
3699 5052 3756 5117 5,

2109 5162 2274 5200 num.
2311 5146 2361 5212 1,
2394 5147 2626 5216 putant,
2659 5143 2766 5197 hoc
2799 5145 3068 5197 sanctum
3107 5141 3334 5196 Patrem
3366 5156 3480 5194 non
3511 5139 3758 5196 iuﬁciari

2109 5233 2254 5299 loco,
2290 5233 2445 5305 quod
2504 5231 2642 5287 alibi
2703 5235 3016 5298 asseverat,
3075 5230 3322 5286 homines
3369 5246 3482 5286 esse
3533 5230 3678 5285 inter
3702 5245 3758 5285 se

2109 5322 2638 5378 consubstantiales:
2699 5321 2797 5376 sed
2859 5337 2958 5375 eos
3032 5325 3262 5375 tantum
3313 5317 3594 5385 refellere,
3655 5317 3757 5389 qui

2107 5412 2588 5467 consubstantialis
2634 5411 2916 5465 notionem
2975 5410 3148 5465 rebus
3207 5409 3356 5464 inter
3409 5423 3470 5462 se
3503 5408 3758 5463 fraterna

2107 5501 2452 5572 cognatione
2476 5500 2701 5569 junctis
2743 5499 2838 5556 85
2900 5499 2984 5553 ita
3037 5497 3263 5570 proprie
3314 5497 3656 5564 attribuant,
3691 5500 3757 5550 ut

2107 5589 2319 5645 divinis
2352 5588 2535 5660 aptari
2567 5606 2682 5645 non
2716 5593 2930 5662 posset.
2958 5588 3212 5659 Utroque
3234 5604 3410 5643 sensu
3442 5585 3750 5658 permisso,

2107 5679 2386 5734 invictum
2419 5682 2530 5733 stat
2561 5678 2888 5751 argumenti
2930 5677 3180 5748 pondus.
3232 5674 3477 5731 Consule
3506 5691 3632 5747 quas
3663 5673 3752 5729 la-

2106 5768 2227 5824 tius
2257 5767 2474 5823 ibidem
2508 5767 2898 5835 disseruntur,
2931 5769 2958 5834 §
2987 5767 3039 5833 4,
3077 5783 3239 5821 num.
3271 5765 3322 5819 3.
