4094 6478
379 449 457 511 08
1410 451 1727 516 GEORGII
1773 450 2010 515 CYPRI

2132 452 2200 514 P.
2245 450 2777 516 PATBIARCHE
3709 450 3788 514 96

452 581 530 654 (2)
561 582 687 639 Alia
715 575 954 641 demum
982 588 1070 642 est
1098 587 1523 659 argumentatio
1554 587 1902 660 Cyprii,quae
1929 604 2020 642 vo-
2049 588 2101 654 Α
2132 585 2314 653 istud,
2347 587 2690 658 donumque
2738 589 2998 642 creatum
3042 585 3342 643 communi
3376 584 3617 659 quidem
3650 603 3790 660 Ope-

381 673 547 732 cibus
575 673 867 730 innititur.
895 680 1107 731 Docent
1129 677 1438 747 Scriptura
1465 678 1568 747 (ait
1588 677 1710 745 ille)
1736 677 2020 748 Spiritum

382 768 651 818 sanctum
679 764 966 834 procedere
991 783 1024 818 a
1047 767 1209 821 Patre
1233 785 1252 820 :
1274 783 1307 820 a
1330 766 1470 822 Filio
1490 783 1643 833 vero,
1676 773 1776 822 aut
1805 783 1907 838 per
1931 766 2019 820 Fi-

378 849 525 907 lium
554 855 778 922 spirari,
811 869 1086 921 emanare,
1115 856 1358 924 efﬂuere,
1406 855 1692 927 profundi,
1725 855 2021 926 explendi:-

378 956 542 1004 scere,
584 942 792 996 docent
839 943 1055 998 Patres.
1116 944 1406 998 Nimirum
1461 945 1531 998 ad
1587 945 1714 1015 ejus
1745 949 2018 998 aeternam

377 1028 684 1100 originem,
715 1030 797 1084 ait
826 1030 942 1095 ille,
974 1033 1226 1101 pertinet
1275 1033 1567 1104 processio
1593 1049 1606 1088 :
1640 1031 2019 1104 temporalem

378 1118 718 1174 missionem
750 1120 878 1190 ejus
907 1120 1169 1176 indicant
1197 1120 1320 1176 alias
1359 1138 1547 1176 voces.
1583 1126 1654 1175 At
1681 1121 2017 1191 hujusmodi

377 1206 551 1262 etiam
594 1208 834 1263 vocibus
883 1213 1157 1264 (sternam
1204 1227 1270 1264 ac
1318 1209 1762 1266 substantialem
1813 1210 2018 1278 exponi

379 1295 660 1366 originem
717 1296 972 1367 Spiritus
1029 1298 1238 1362 sancti,
1286 1314 1414 1368 qua:
1466 1299 1735 1369 processio
1784 1298 2015 1364 dicitur,

377 1384 587 1440 evincit
618 1391 858 1441 sanctus
887 1385 1163 1441 Thomas.
1187 1387 1326 1458 Ejus
1355 1387 1550 1458 accipe
1579 1387 1752 1441 verba
1782 1385 1839 1440 in
1871 1402 2018 1456 opu—

377 1472 539 1528 sculo
566 1475 586 1528 Ι
612 1491 626 1528 :
661 1497 690 1523 «
722 1475 801 1529 Ex
833 1475 1148 1545 praemissis
1180 1476 1464 1546 (vocibus)
1495 1476 1568 1530 de
1585 1477 1917 1530 necessitate
1941 1491 2021 1530 se-

375 1564 583 1633 quitur,
617 1564 771 1633 quod
805 1563 1056 1634 Spiritus
1085 1569 1323 1619 sanctus
1350 1565 1602 1635 procedat
1630 1582 1663 1619 a
1693 1566 1849 1619 Filio.
1874 1563 2017 1618 Ver-

376 1651 518 1706 bum
545 1653 700 1707 enim
731 1654 1094 1724 processionis
1136 1653 1285 1709 inter
1313 1653 1531 1721 omnia,
1583 1670 1708 1724 quae
1738 1654 1810 1708 ad
1841 1653 2015 1724 origi-

376 1757 508 1796 nem
541 1742 850 1812 pertinent,
891 1743 1077 1813 magis
1107 1742 1397 1798 invenitur
1437 1759 1566 1797 esse
1596 1759 1926 1810 commune,
1961 1746 2019 1798 et

374 1829 573 1884 minus
631 1830 870 1884 modum
927 1831 1173 1902 originis
1248 1831 1658 1886 determinare.
1719 1831 2014 1902 Quidquid

372 1918 530 1973 enim
559 1934 879 1991 quocunque
906 1920 1060 1974 modo
1089 1925 1179 1975 est
1201 1920 1272 1975 ab
1307 1919 1502 1992 aliquo
1530 1921 1854 1975 secundum
1885 1936 2016 1976 con-

376 2012 608 2063 suetum
641 2009 877 2064 modum
899 2008 1172 2080 loquendi
1202 2009 1273 2064 ab
1296 2009 1422 2080 ipso
1445 2009 1736 2080 procedere
1765 2008 2012 2064 dicitur:

375 2096 496 2153 sive
528 2097 606 2153 sit
637 2098 706 2153 ab
729 2113 794 2152 eo
824 2099 1185 2164 naturaliter,
1212 2098 1363 2153 sicut
1384 2098 1584 2154 Petrus
1613 2097 1824 2154 dicitur
1854 2116 1888 2153 a
1909 2115 2014 2153 suo

376 2190 547 2262 Patre
603 2189 994 2258 processisse:
1045 2203 1147 2243 seu
1203 2203 1501 2255 emanasse,
1536 2187 1689 2242 sicut
1719 2189 2016 2259 spiramen

374 2276 634 2346 procedit
654 2293 686 2330 a
705 2277 962 2348 spirante
989 2294 1002 2330 :
1027 2294 1129 2332 seu
1150 2279 1450 2346 efﬂuxisse,
1473 2276 1625 2332 sicut
1648 2276 1861 2332 ﬂuvius
1884 2293 2015 2348 pro-

373 2364 526 2420 cedit
555 2381 589 2419 a
619 2365 810 2420 fonte:
846 2366 966 2421 sive
1013 2367 1406 2433 artificialiter,
1458 2367 1612 2421 sicut
1641 2367 1850 2421 domus
1884 2382 2015 2437 pro-

375 2452 526 2508 cedit
552 2454 623 2509 ab
656 2454 908 2509 artiﬁce:
945 2471 1046 2509 seu
1079 2456 1329 2510 localiter
1367 2460 1618 2523 tantum,
1654 2454 1804 2510 sicut
1832 2469 2014 2524 spon-

373 2557 477 2596 sus
508 2541 721 2597 dicitur
752 2543 822 2597 de
844 2541 1099 2598 thalamo
1123 2544 1459 2614 procedens.
1483 2544 1606 2598 Non
1629 2549 1820 2598 autem
1845 2542 2015 2614 quid-

375 2630 517 2699 quid
545 2639 624 2685 est
650 2632 717 2685 ab
755 2633 868 2687 alio
924 2648 1241 2705 quocunque
1294 2633 1472 2702 modo,
1523 2635 1713 2704 potest
1760 2632 1871 2686 dici
1900 2633 2016 2703 spi-

373 2720 515 2785 rari,
547 2719 634 2775 vel
663 2723 939 2790 generari,
971 2719 1061 2775 vel
1108 2723 1296 2790 ﬂuere,
1341 2721 1429 2776 vel
1461 2723 1650 2776 mitti:
1698 2725 1755 2776 et
1785 2724 2018 2792 propter

377 2807 486 2862 hoc
514 2809 755 2864 verbum
808 2811 1166 2881 processionis
1221 2810 1396 2866 etiam
1446 2809 1653 2882 origini
1685 2810 2014 2864 divinarum

375 2911 754 2966 personarum
789 2902 876 2953 est
906 2899 1094 2970 magis
1136 2899 1619 2966 accommodum;
1653 2899 1791 2970 quia
1821 2897 2018 2953 divina

376 3001 479 3056 per
505 2985 704 3041 omnia
734 2986 969 3055 melius,
1022 3004 1196 3058 quam
1248 3005 1349 3060 per
1396 2987 1671 3060 specialia
1699 2987 2014 3059 designan-

373 3078 489 3128 tur.
522 3077 601 3129 Ex
629 3091 976 3146 quocunque
1005 3093 1140 3148 ergo
1169 3093 1371 3132 eorum
1419 3093 1546 3148 qua;
1578 3082 1718 3132 sunt
1741 3081 2012 3132 ostensa:

375 3161 594 3218 scilicet
623 3165 777 3235 quod
819 3164 1070 3236 Spiritus
1118 3171 1357 3221 sanctus
1402 3168 1621 3222 exsistit
1669 3184 1704 3220 a
1732 3167 1894 3230 Filio,
1925 3165 2014 3221 vel

373 3252 518 3321 ﬂuit,
541 3251 627 3307 vel
648 3255 914 3324 spiratur,
935 3253 1024 3310 vel
1047 3264 1308 3322 emanat;
1330 3257 1402 3310 de
1425 3255 1766 3311 necessitate
1789 3253 2017 3309 conclu-

2131 676 2356 731 ratione
2404 678 2581 732 efﬁcit
2638 675 3014 731 anctissima
3067 675 3363 732 Trinitas:
3405 677 3506 731 sed
3537 678 3666 747 ejus
3697 693 3788 732 ra-

2129 765 2285 819 tione
2330 765 2642 835 specialem
2675 765 3042 836 prmsentiam
3094 765 3316 820 obtinet
3346 781 3616 831 persona,
3660 783 3786 837 qua:

2131 853 2382 908 mittitur
2407 871 2419 907 :
2447 871 2497 907 v.
2525 871 2611 924 gr.
2635 870 2881 925 persona
2902 855 3034 908 Filii
3067 853 3434 909 humanitate
3455 859 3785 928 assumpta,

2129 947 2186 998 et
2217 959 2468 1014 persona
2498 943 2738 1014 Spiritus
2767 946 2949 998 sancti
2977 943 3035 997 in
3066 944 3261 998 anima
3282 959 3384 1014 per
3413 943 3686 1013 gratiam,
3721 948 3788 999 ut

2130 1031 2301 1102 paulo
2333 1031 2523 1086 fusius
2580 1033 2732 1086 infra
2762 1032 3094 1087 dicendum.
3156 1031 3314 1086 Hanc
3348 1032 3664 1086 missionem
3695 1049 3783 1087 re-

2129 1121 2278 1175 ferre
2319 1124 2506 1175 totam
2538 1121 2608 1174 ad
2658 1136 2805 1192 opus
2863 1126 3188 1185 externum,
3220 1136 3314 1175 res
3362 1125 3451 1176 est
3481 1120 3786 1176 absurdis-

2128 1209 2316 1265 sima:
2355 1225 2488 1264 cum
2522 1225 2697 1264 sacra;
2723 1209 3030 1280 Scriptura:
3061 1209 3283 1281 passim
3310 1214 3367 1264 et
3394 1210 3600 1264 Filium
3629 1209 3787 1264 mitti

2128 1298 2451 1365 doceant,et
2483 1298 2752 1368 Spiritum
2780 1301 3056 1352 sanctum.
3099 1299 3399 1362 Quatenus
3429 1312 3566 1368 ergo
3597 1297 3786 1352 missio

2128 1385 2381 1440 refertur
2409 1386 2481 1440 ad
2509 1401 2798 1456 personam
2857 1385 3136 1454 divinam,
3196 1401 3264 1439 ea
3293 1389 3383 1440 est
3439 1390 3654 1440 interna
3683 1403 3695 1442 :
3732 1388 3790 1439 et

2127 1478 2416 1544 quatenus
2445 1474 2515 1528 ad
2540 1473 2793 1529 exterius
2827 1491 2975 1545 Opus
3025 1474 3290 1540 refertur,
3325 1473 3666 1544 temporalis
3699 1473 3788 1527 di-

2126 1563 2313 1630 citur;
2348 1562 2500 1617 unde
2532 1563 2725 1617 futuro
2758 1567 3016 1634 tempore
3045 1562 3278 1617 dicebat
3308 1561 3611 1618 Christus:
3653 1561 3783 1634 Spi-

2125 1651 2305 1706 ritum
2338 1657 2607 1707 sanctum
2656 1653 2870 1706 mittam
2932 1651 3100 1706 vobis.
3165 1651 3328 1706 Prior
3374 1649 3473 1706 illa
3503 1651 3786 1706 missionis

2125 1741 2512 1796 consideratio
2549 1757 2662 1796 non
2694 1747 2783 1795 est
2804 1742 3120 1811 imperium,
3145 1739 3437 1811 quomodo
3469 1740 3616 1794 servi
3654 1741 3786 1794 mit-

2126 1835 2334 1885 tuntur
2365 1847 2397 1883 a
2441 1829 2731 1896 dominis;
2795 1846 2908 1884 non
2958 1833 3047 1885 est
3105 1828 3423 1893 consilium,
3457 1833 3558 1883 aut
3587 1827 3781 1884 simile

2125 1917 2451 1990 quidpiam,
2481 1919 2774 1989 quomodo
2804 1918 3003 1988 aegroti
3038 1917 3356 1972 mittuntur
3385 1933 3420 1971 a
3449 1916 3673 1972 medico
3706 1917 3776 1972 ad

2126 2007 2473 2062 sumendam
2503 2007 2876 2072 medicinam,
2924 2011 3024 2061 aut
3073 2006 3363 2078 quomodo
3394 2022 3429 2060 a
3458 2004 3777 2076 sapientio-

2125 2094 2288 2151 ribus
2320 2095 2636 2150 mittuntur
2679 2096 2750 2149 ad
2805 2095 3106 2151 lectionem
3139 2095 3238 2166 qui
3273 2095 3627 2149 edocentur:
3661 2093 3774 2150 erit.

2125 2201 2260 2257 ergo
2291 2183 2574 2239 naturalis
2601 2185 2903 2255 productio,
2955 2185 3248 2256 quomodo
3280 2184 3517 2238 arbores
3544 2182 3774 2238 mittere

2123 2273 2400 2328 dicuntur
2455 2274 2703 2342 radices,
2756 2273 3020 2329 emittere
3072 2273 3261 2328 flores.
3321 2277 3439 2328 Hoc
3489 2289 3668 2327 sensu
3701 2271 3774 2327 ab

2123 2368 2334 2417 aeterno
2365 2362 2568 2426 Filius,
2600 2363 2790 2432 quoad
2835 2363 2962 2432 ejus
3004 2360 3486 2426 incarnationem,
3518 2361 3776 2416 mittitur

2125 2467 2158 2507 α
2186 2451 2374 2518 Patre,
2409 2451 2548 2522 quia
2587 2452 2658 2506 ab
2705 2456 2918 2506 interno
2953 2451 3235 2517 nascitur,
3282 2454 3550 2506 naturam
3583 2450 3775 2505 homi-

2125 2539 2217 2594 nis
2246 2545 2504 2610 tempore
2534 2545 2753 2595 statuto
2785 2556 3096 2595 assumens
3121 2558 3133 2592 :
3161 2544 3220 2593 et
3248 2556 3283 2594 a
3317 2539 3484 2594 Patre
3515 2537 3776 2610 Filioque

2126 2628 2278 2684 mitti
2301 2629 2579 2700 Spiritum
2605 2634 2876 2684 sanctum
2896 2628 3039 2684 nihil
3062 2628 3221 2684 aliud
3245 2633 3352 2695 est,
3376 2645 3553 2699 quam
3576 2627 3770 2700 ipsum

2125 2717 2197 2773 ab
2233 2722 2480 2789 utroque
2525 2719 2856 2789 procedere,
2913 2724 3216 2773 externum
3269 2717 3504 2788 aliquod
3535 2733 3682 2787 opus
3713 2716 3774 2772 in

2125 2811 2387 2878 tempore
2415 2807 2783 2863 efﬁcientem.
2819 2807 2941 2863 Uno
2985 2808 3179 2875 verbo,
3207 2809 3396 2862 missio
3428 2805 3572 2861 nihil
3612 2804 3772 2861 aliud

2125 2900 2232 2960 est,
2265 2913 2442 2967 quam
2473 2901 2690 2951 aeterna
2721 2897 3049 2968 productio,
3072 2895 3644 2966 communicatioque
3676 2911 3774 2950 na-

2125 2991 2304 3041 turas:
2339 2985 2399 3040 in
2431 3002 2548 3056 qua
2573 2985 2713 3040 illud
2747 2990 2855 3051 est,
2889 2991 2953 3040 ut
2975 2986 3034 3042 in
3065 2991 3326 3058 tempore
3354 3001 3502 3056 opus
3534 2984 3773 3056 aliquod

2124 3079 2426 3130 externum
2460 3076 2917 3146 appareat,quod
2970 3091 3227 3146 personas
3262 3075 3453 3130 missa:
3485 3079 3768 3145 tanquam

2127 3164 2414 3235 peculiare
2445 3163 2776 3220 ascribitur.
2801 3164 3137 3220 Doctissimi
3167 3163 3379 3218 Petavii
3401 3164 3576 3218 verba
3607 3179 3775 3218 usur-

2126 3270 2354 3324 pamus.
2387 3257 2518 3307 Haec
2568 3253 2769 3324 utique
2821 3269 2955 3308 vera
3002 3268 3066 3306 ac
3117 3251 3348 3323 propria
3377 3256 3465 3306 est
3492 3253 3775 3306 missimus

375 3339 552 3406 ditur,
601 3341 755 3412 quod
813 3342 1065 3413 Spiritus
1122 3348 1362 3398 sanctus
1403 3361 1437 3399 a
1483 3343 1625 3399 Filio
1674 3343 1951 3415 procedit.
1987 3363 2017 3391 ››
2048 3326 2091 3392 C
2129 3343 2305 3409 notio,
2357 3359 2474 3413 qua
2505 3341 2618 3398 soli
2651 3342 2856 3411 Filius,
2898 3345 2955 3396 et
3002 3341 3258 3411 Spiritus
3286 3345 3527 3396 sanctus
3559 3339 3774 3397 divinis

372 3428 591 3500 Nempe
618 3433 742 3485 tum
760 3433 1120 3500 processionis
1141 3449 1267 3499 vox,
1299 3436 1425 3487 tum
1448 3431 1571 3487 alios
1593 3449 1760 3488 voces
1788 3449 2012 3487 emana-

370 3519 558 3587 tionis,
613 3520 953 3589 spirationis,
1011 3523 1272 3591 e/ﬂuams,
1343 3523 1703 3591 pro/usionis,
1761 3521 2012 3591 exsplen-

369 3607 682 3677 descentiiz,
713 3607 1052 3679 similesque
1076 3609 1357 3681 originem
1379 3609 1713 3681 signiﬁcant
1741 3609 2010 3681 alicujus,

373 3696 527 3766 quod
563 3695 1097 3767 procedit,emanat,
1131 3699 1407 3770 spiratur,
1433 3698 1638 3765 efﬂuit,
1670 3698 2009 3770 exsplende-

372 3783 484 3839 scit
507 3802 518 3838 :
544 3789 602 3838 at
621 3801 790 3841 voces
810 3785 934 3841 istae
956 3785 1305 3858 posteriores
1321 3788 1560 3842 modum
1580 3788 1890 3858 quemdam
1905 3787 2015 3842 ori-

370 3872 525 3944 ginis
555 3873 1006 3930 determinatum
1028 3875 1322 3942 exhibent,
1346 3876 1808 3931 communiorem
1830 3876 2012 3947 signi-

372 3961 508 4016 ﬁcat
519 3978 626 4017 vox
641 3963 798 4033 prior
818 3964 1580 4036 processionis,quacunque
1601 3965 1900 4036 contingat
1919 3981 2012 4020 ra-

370 4050 729 4123 tione.0rigo
750 4052 1004 4123 Spiritus
1017 4053 1202 4108 sancti
1219 4053 1767 4125 propriorcertoque
1780 4053 2014 4109 nomine

372 4143 550 4209 caret,
582 4141 915 4210 cujusmodi
947 4145 1036 4196 est
1078 4143 1453 4210 generationis
1492 4140 1861 4208 vocabulum,
1897 4157 2013 4212 quo

373 4229 499 4284 Filii
531 4229 813 4301 originem
845 4231 1139 4302 appellant
1171 4247 1344 4285 sacrae
1373 4231 1698 4302 Scriptum.
1725 4231 1865 4284 Hinc
1885 4247 2013 4286 eam

373 4317 705 4390 Scriptum.
759 4319 1070 4390 Patresque
1124 4320 1360 4375 vocibus
1418 4320 1597 4376 variis
1647 4319 2013 4375 circumscri-

374 4407 558 4463 bunt:
593 4424 719 4479 quas
752 4409 990 4464 demum
1011 4408 1068 4463 id
1092 4424 1404 4463 commune
1422 4409 1772 4464 vocabulum
1797 4425 2014 4480 proces-

373 4498 564 4564 sionis,
599 4498 671 4552 ad
703 4498 988 4569 originem
1021 4497 1079 4552 in
1111 4497 1324 4553 divinis
1353 4496 1752 4569 explicandam
1784 4497 2016 4569 aptissi-

373 4603 560 4653 mum,
613 4588 978 4659 rediguntur.
1038 4587 1184 4641 Hinc
1242 4603 1374 4642 vero
1423 4603 1554 4641 cum
1606 4586 1824 4658 passim
1862 4587 2013 4642 Scri-

2123 3431 2181 3486 in
2215 3430 2462 3502 eloquiis
2506 3432 2662 3486 missi
2689 3447 2800 3486 esse
2847 3429 3156 3486 dicuntur:
3192 3447 3258 3485 ac
3308 3432 3471 3486 Pater
3499 3445 3774 3500 nusquam

2124 3519 2330 3589 legitur
2351 3522 2575 3585 missus,
2610 3524 2673 3574 ut
2700 3520 2781 3574 ait
2835 3518 3219 3589 Augustinus,
3264 3517 3412 3573 libro
3463 3536 3525 3583 ιι,
3557 3521 3631 3574 De
3655 3520 3772 3572 Tri-

2120 3611 2314 3675 nitate,
2348 3608 2534 3679 capite
2561 3610 2614 3662 5.
2666 3608 2810 3664 Hinc
2868 3607 3192 3663 beatissimi
3241 3606 3490 3678 Cryllus,
3523 3611 3580 3662 et
3611 3605 3773 3662 Basi-

2121 3697 2236 3752 lius
2268 3696 2645 3769 temporalem
2678 3697 2930 3769 Spiritus
2961 3697 3145 3752 sancti
3180 3696 3518 3752 missionem
3555 3695 3774 3751 edisse-

2121 3790 2278 3852 runt,
2311 3785 2491 3840 veluti
2521 3801 2590 3841 ex
2619 3789 2834 3840 aeterna
2879 3786 3246 3857 processione
3290 3788 3770 3857 consequentem.

2121 3875 2218 3929 Ait
2253 3875 2361 3930 iste
2391 3875 2490 3930 lib.
2549 3892 2638 3941 ιιι,
2695 3875 2963 3930 Adversus
3019 3876 3372 3940 Eunomium,
3405 3891 3568 3930 num.
3606 3875 3672 3928 1:
3711 3874 3775 3930 Ut

2121 3964 2217 4036 qui
2246 3963 2545 4034 (Spiritus)
2596 3979 2709 4019 esse
2752 3964 2828 4020 ab
2859 3964 2956 4020 illo
3002 3964 3237 4036 (nempe
3269 3962 3435 4031 Filio)
3471 3962 3687 4029 habeat,
3717 3965 3774 4016 et

2122 4052 2189 4107 ab
2246 4055 2359 4123 ipso
2415 4054 2681 4123 accipiat:
2741 4056 2792 4108 et
2847 4055 3145 4108 annuntiat
3193 4052 3369 4108 nobis.
3431 4051 3527 4106 Ait
3583 4048 3682 4105 ille
3712 4049 3772 4104 in

2124 4140 2411 4206 Thesauro,
2442 4157 2573 4213 pag.
2625 4142 2765 4196 358:
2801 4142 2882 4195 Ex
2923 4143 3038 4213 ipso
3086 4141 3269 4212 (Filio)
3313 4140 3646 4196 naturaliter
3675 4155 3771 4194 ea:-

2121 4233 2314 4286 sistens
2342 4229 2636 4302 (Spiritus)
2667 4234 2718 4285 et
2746 4232 2807 4285 in
2835 4239 3151 4286 creaturam
3178 4231 3245 4286 ab
3277 4232 3393 4302 ipso
3423 4232 3640 4285 missus.

2195 4319 2288 4375 81
2327 4319 2489 4382 Quod
2523 4319 2569 4375 si
2598 4321 2836 4376 demum
2885 4319 3153 4376 exteriori
3207 4318 3579 4375 solummodo
3610 4318 3773 4390 operi

2124 4408 2282 4463 notio
2338 4409 2616 4464 missionis
2673 4408 2978 4480 alligetur:
3033 4406 3124 4464 vel
3175 4408 3224 4463 si
3269 4408 3329 4463 in
3385 4407 3665 4462 missione
3714 4406 3774 4461 id

2124 4513 2307 4552 unum
2339 4497 2762 4565 consideretur,
2790 4498 2945 4568 quod
2977 4502 3065 4552 est
3092 4513 3220 4553 esse
3251 4495 3605 4568 principium
3642 4495 3779 4550 eﬂ'e-

2124 4589 2272 4656 ctus,
2309 4587 2481 4656 cuius
2513 4585 2735 4641 ratione
2784 4602 3033 4658 persona
3089 4585 3286 4657 aliqua
3333 4584 3484 4640 mitti
3515 4583 3770 4652 dicitur;

375 4681 558 4746 ptura:
593 4676 904 4748 Patresque
934 4676 1197 4742 doceant,
1241 4674 1523 4746 Spiritum
1555 4680 1826 4730 sanctum
1870 4675 2017 4731 acci-
2048 4687 2095 4752 D
2126 4675 2246 4730 haec
2276 4674 2480 4746 utique
2513 4675 2768 4746 primum
2801 4674 3143 4746 impropria,
3169 4691 3235 4730 ac
3266 4672 3442 4728 nimis
3474 4671 3588 4728 late
3618 4688 3777 4727 sum-

378 4779 512 4836 pere
542 4765 612 4819 de
641 4765 804 4832 Filio,
836 4770 894 4820 et
922 4765 1159 4835 aPatre,
1193 4763 1473 4835 Filioque,
1505 4763 1624 4818 sive
1667 4781 1768 4836 per
1806 4764 2016 4820 Filium

378 4868 671 4923 emanare,
703 4853 937 4924 spirari,
970 4853 1274 4926 proﬂuere,
1325 4853 1617 4924 profundi,
1647 4853 2018 4924 exsplendes-

377 4958 505 4997 cere
527 4959 541 5010 ;
574 4941 674 4997 86
696 4958 765 4996 ea:
782 4943 867 4997 his
889 4943 954 4996 de
971 4945 1291 4998 necessitate
1310 4941 1739 4998 concludendum
1755 4941 2020 5012 Aquinas

377 5032 672 5097 admonet,
703 5031 844 5103 quod
872 5031 1112 5102 Spiritus
1140 5035 1360 5087 sanctus
1391 5048 1424 5086 a
1454 5032 1602 5088 Filio
1632 5031 1892 5102 procedit.

446 5119 516 5175 V.
549 5121 659 5176 Sed
690 5119 774 5176 vel
808 5121 934 5191 ipsa
975 5121 1212 5175 demum
1243 5120 1549 5192 temporali
1581 5121 1846 5191 ejusdem
1880 5119 2020 5176 mis-

378 5208 560 5276 sione,
611 5227 727 5281 qua
776 5209 1022 5263 nimium
1080 5209 1403 5264 abutuntur
1449 5209 1651 5274 Graeci,
1699 5213 1914 5264 (eterna
1955 5226 2020 5264 ac

376 5298 785 5355 substantialis
815 5300 995 5370 origo,
1029 5314 1129 5353 seu
1165 5299 1455 5370 processio
1486 5299 1742 5370 Spiritus
1773 5299 1957 5354 sancti
1987 5316 2020 5354 a

377 5389 544 5444 Patre
572 5393 630 5443 et
659 5405 691 5442 a
727 5387 889 5451 Filio,
921 5387 1008 5443 vel
1040 5403 1141 5458 per
1179 5388 1388 5442 Filium
1437 5389 1783 5443 ostenditur.
1817 5388 1878 5442 In
1913 5388 2019 5442 hac

375 5477 687 5548 temporali
721 5475 1000 5531 missione
1038 5491 1327 5547 personam
1373 5475 1686 5548 distingue,
1719 5493 1844 5547 quas
1869 5478 2020 5531 mitti

377 5567 592 5621 dicitur
620 5584 631 5620 :
657 5583 720 5620 ac
754 5565 1094 5632 terminum,
1136 5565 1256 5619 sive
1286 5581 1454 5635 Opus,
1491 5566 1828 5638 donumque
1859 5581 2016 5620 crea-

377 5659 529 5721 tum,
586 5655 756 5724 cujus
806 5654 1030 5708 ratione
1076 5655 1250 5708 missa
1315 5669 1562 5723 persona
1609 5670 1743 5709 novo
1787 5653 2021 5725 quodam

376 5743 534 5804 modo
563 5745 625 5799 in
674 5745 749 5800 iis
802 5744 998 5815 incipit
1053 5757 1187 5813 esse,
1233 5741 1304 5797 ad
1365 5757 1512 5812 quos
1556 5741 1824 5802 mittitur.
1860 5743 2019 5815 Opus

2129 4769 2228 4836 pta
2255 4766 2537 4819 missionis
2569 4764 2716 4818 ratio
2746 4769 2870 4820 est:
2906 4780 2971 4818 ac
3003 4763 3212 4820 deinde
3260 4761 3555 4834 propriam
3587 4760 3772 4828 illam,

2128 4870 2306 4925 quam
2363 4851 2818 4921 enucleavimus,
2879 4852 3022 4907 satis
3082 4852 3346 4919 indicat;
3392 4867 3526 4906 cum
3576 4850 3635 4905 in
3667 4849 3774 4906 hac

2129 4943 2304 4998 etiam
2337 4943 2616 4997 missione
2668 4941 2987 5013 impropria
3034 4957 3324 5013 nusquam
3365 4940 3532 4995 Pater
3561 4938 3776 5010 legitur

2131 5032 2370 5098 missus,
2435 5030 2600 5086 missi
2657 5047 2789 5085 vero
2847 5031 3122 5086 dicuntur
3180 5029 3360 5086 Filius
3420 5033 3475 5084 et
3522 5028 3775 5101 Spiritus

2129 5126 2386 5176 sanctus.
2421 5122 2536 5176 Cur
2565 5137 2699 5176 vero
2721 5121 2748 5176 ‘I
2780 5121 2925 5184 Quia
2955 5121 3124 5176 Pater
3155 5137 3187 5175 a
3214 5120 3374 5175 nullo
3413 5123 3523 5186 est,
3557 5118 3628 5173 ab
3661 5116 3774 5173 alio

2131 5209 2312 5264 Filius
2343 5214 2401 5264 et
2447 5209 2697 5280 Spiritus
2746 5213 2984 5264 sanctus
3034 5209 3376 5280 procedunt.
3429 5207 3552 5270 Quo
3596 5221 3773 5260 sensu

2131 5297 2334 5363 Filius,
2366 5314 2500 5353 cum
2541 5314 2776 5354 carnem
2827 5297 3167 5368 assumpsit,
3220 5313 3334 5352 non
3368 5313 3401 5352 a
3430 5295 3597 5351 Patre
3627 5292 3774 5360 solo,

2129 5389 2228 5443 sed
2260 5386 2435 5442 etiam
2471 5403 2505 5442 a
2552 5387 2770 5458 Spiritu
2821 5390 3022 5442 sancto
3073 5385 3289 5441 missus
3333 5384 3585 5452 dicitur;
3617 5381 3773 5454 quod

2129 5476 2221 5531 hic
2254 5493 2371 5531 una
2400 5492 2533 5531 cum
2569 5476 2755 5541 Patre,
2786 5476 2903 5531 imo
2933 5480 2990 5530 et
3022 5492 3154 5530 cum
3187 5475 3670 5544 Filic,externum
3701 5471 3771 5525 il-

2128 5565 2228 5619 lud
2259 5582 2406 5636 opus
2456 5565 2807 5620 elaboravit:
2855 5582 2920 5621 ao
2977 5567 3281 5635 casteroqui
3315 5564 3494 5619 Filius
3525 5567 3614 5618 est
3645 5577 3772 5633 per-

2128 5670 2272 5709 sona
2303 5655 2642 5725 procedens.
2675 5656 2798 5719 Quo
2829 5655 3005 5708 etiam
3045 5670 3220 5709 sensu
3267 5670 3383 5708 non
3434 5651 3773 5707 dubitavere

2128 5741 2326 5801 Patres
2356 5742 2437 5799 ita
2469 5742 2650 5814 loqui,
2682 5747 2748 5800 ut
2779 5741 2960 5799 Filius
2989 5759 3023 5799 a
3053 5741 3267 5814 seipso,
3303 5746 3361 5799 et
3387 5741 3563 5798 etiam
3592 5741 3772 5813 Spiri-
