4094 6444
277 435 350 493 97

1524 428 1735 490 VITA.
1768 461 1844 471 —
1875 426 2396 488 DISSERTATID
2438 425 2486 486 Ι.

3621 431 3699 493 98

285 571 382 620 tus
405 566 652 618 sanctus
683 575 719 614 a
749 557 952 630 seipso
985 557 1270 613 mittatus.
1305 562 1376 612 At
1431 561 1747 616 missionem
1805 557 1949 615 acci-
1976 559 2032 626 Α
2061 557 2412 624 subsistens,
2445 574 2512 613 ac
2542 556 2792 628 Spiritus
2814 574 3082 630 persona,
3142 575 3268 631 quae
3351 559 3696 618 Trinitatem

294 653 505 726 pientes
535 649 721 706 ϐπερὶ
757 665 863 720 pro
914 646 1040 703 sola
1095 647 1381 703 donorum
1431 647 1766 720 largitione,
1825 648 1944 702 sive

298 759 393 815 pro
451 739 572 795 sola
629 738 831 810 operis
894 736 1119 791 externi
1177 736 1507 807 efficientia,
1540 738 1789 793 eludunt
1818 737 1945 792 sine

295 831 462 885 dubio
495 828 859 898 Scripturas;
893 842 1022 896 quis
1055 826 1272 896 passim
1308 825 1540 893 docent,
1573 825 1805 892 Filium,
1835 825 1943 880 hoc

292 924 372 974 est
398 933 694 990 personam
714 915 881 981 Filii,
915 914 1069 968 mitti
1103 930 1135 967 a
1165 917 1330 968 Patre
1357 929 1369 968 :
1403 919 1458 967 et
1488 914 1772 985 Spiritum
1803 930 1942 968 san-

292 1015 465 1076 ctum,
492 1007 602 1062 hoc
637 1010 728 1060 est
759 1019 1055 1075 personam
1075 1004 1214 1074 ejus,
1272 1019 1306 1057 a
1365 1007 1534 1057 Patre
1594 1003 1770 1067 mitti,
1827 1006 1884 1057 et
1912 1019 1947 1056 a

291 1097 446 1158 Filio,
497 1095 672 1149 Ratio
735 1097 1019 1165 praeterea
1073 1090 1229 1145 haud
1279 1107 1540 1162 unquam
1596 1091 1945 1146 conveniens

287 1202 345 1241 ac
376 1183 567 1240 solida
599 1186 820 1255 praesto
852 1180 971 1235 illis
994 1179 1192 1248 fuerit,
1232 1195 1350 1250 qua
1379 1180 1692 1246 declarent,
1753 1196 1856 1234 cur
1884 1179 1944 1232 in

285 1274 504 1328 divinis
538 1271 800 1342 eloquiis
835 1284 900 1323 ac
929 1273 1051 1322 tota
1080 1267 1317 1322 Patrum
1346 1267 1679 1335 traditione,
1712 1267 1946 1322 nonnisi

286 1379 536 1435 persona
567 1360 918 1433 procedens,
952 1358 1025 1412 ab
1056 1357 1192 1423 alia,
1227 1357 1376 1412 mitti
1407 1357 1784 1413 enuntietur?
1820 1359 1946 1412 Haec

286 1453 448 1508 docet
505 1451 714 1506 omnia
776 1447 1062 1502 latiss1me
1125 1444 1430 1516 Dionysius
1500 1447 1788 1512 Petavius,
1875 1445 1948 1500 li-

285 1542 384 1596 bro
426 1557 556 1605 vin,
583 1541 660 1594 De
693 1539 979 1605 Trinitate,
995 1550 1060 1589 ac
1089 1533 1246 1590 brevi
1278 1534 1566 1590 sententia
1595 1535 1854 1606 Aquinas
1887 1536 1947 1590 in

286 1630 474 1702 prima
514 1633 712 1682 Sumat
738 1624 1055 1695 theoogicaa
1091 1628 1278 1694 parte,
1328 1627 1536 1693 queat.
1597 1625 1685 1693 44,
1746 1629 1854 1679 art.
1889 1626 1943 1678 8.

355 1717 709 1774 Missionem
731 1713 894 1768 illam
925 1712 1260 1766 divinarum
1291 1727 1674 1782 personarum
1716 1714 1948 1784 proprie

287 1809 501 1864 dictam
539 1805 622 1860 ita
652 1805 894 1859 demum
926 1801 1144 1870 accipe,
1177 1816 1242 1855 ac
1265 1799 1739 1872 intellige.Rebus
1757 1801 1946 1857 omni-

287 1897 397 1950 bus
427 1897 612 1960 inest,
660 1897 718 1948 et
760 1891 929 1947 adest
981 1889 1191 1944 intime
1247 1887 1399 1944 Deus
1424 1905 1524 1960 per
1551 1892 1864 1958 essentiam,
1895 1896 1949 1944 et

287 1986 673 2058 prmsentiam,
707 1998 772 2036 ac
796 1980 1135 2052 potentiam;
1170 1977 1346 2048 idque
1379 1976 1554 2034 habet
1612 1995 1646 2034 ιι
1704 1985 1814 2034 Deo
1847 1995 1950 2051 pa-

289 2081 372 2130 tre
400 2079 559 2128 Deus
585 2071 790 2135 Filius,
823 2074 878 2124 et
909 2067 1085 2122 habet
1107 2083 1140 2120 a
1169 2066 1336 2122 Patre
1354 2070 1409 2122 et
1431 2066 1571 2122 Filio
1602 2073 1753 2123 Deus
1774 2068 1952 2140 Spiri-

293 2169 385 2217 tus
414 2166 686 2218 sanctus.
722 2159 828 2213 Per
849 2155 1274 2211 charismatum
1305 2153 1708 2226 elargitionem
1765 2173 1950 2213 novus

295 2249 602 2321 consurgit
620 2246 802 2302 veluti
827 2245 1145 2317 presentius
1168 2243 1500 2315 modus,qui
1524 2245 1714 2316 magis
1730 2247 1954 2300 minus-

295 2358 403 2412 que
420 2335 700 2410 specialis
721 2339 811 2390 est
825 2350 926 2404 pro
944 2332 1062 2386 dati
1075 2330 1449 2387 charismatis
1464 2333 1787 2404 praesentia.
1806 2333 1952 2388 Hinc

295 2429 548 2500 Spiritus
611 2428 877 2488 sanctus,
927 2439 960 2475 a
991 2421 1160 2476 Patre
1191 2425 1248 2475 et
1279 2438 1314 2476 a
1356 2420 1496 2476 Filio
1529 2421 1769 2493 missus,
1804 2439 1952 2478 novo

293 2518 464 2573 modo
495 2515 747 2570 absolute
760 2520 812 2567 et
828 2510 1360 2581 simpliciterinesss
1382 2510 1597 2565 dicitur
1615 2517 1672 2566 et
1689 2512 1952 2567 habitare

293 2609 345 2660 in
377 2607 452 2660 iis
483 2605 589 2677 qui
622 2601 826 2675 gratia:
859 2598 1283 2655 sanctiﬁcantis
1305 2598 1604 2655 charisma
1624 2600 1946 2672 accipiunt:

292 2694 588 2766 sedgetiam
605 2707 757 2746 novo
770 2689 968 2760 aliquo
987 2688 1161 2744 modo
1178 2704 1278 2758 per
1306 2688 1480 2743 fidem
1501 2694 1589 2743 est
1611 2689 1666 2742 in
1683 2689 1952 2745 ﬁdelibus

293 2781 729 2854 peccatoribus,
764 2785 821 2834 et
843 2794 944 2849 per
975 2776 1343 2832 dilectionem
1396 2777 1456 2831 in
1515 2777 1952 2848 paenitentibus,

293 2871 596 2927 secundum
633 2868 790 2940 quid,
825 2872 891 2922 ut
924 2866 1224 2936 inquiunt,
1254 2873 1305 2920 et
1353 2867 1681 2937 imperfecte.
1739 2866 1953 2922 Verum

293 2962 593 3017 enimvero
623 2974 762 3013 cum
792 2956 920 3028 ipso
966 2954 1188 3026 Spiritu
1248 2959 1471 3023 sancto,
1530 2956 1631 3026 qui
1681 2955 1952 3024 mittitur,

294 3064 677 3106 communem
718 3046 936 3100 habent
965 3043 1135 3098 Pater
1174 3043 1350 3098 etiam
1407 3048 1464 3098 et
1509 3043 1690 3100 Filius
1746 3061 1955 3101 novam

299 3143 491 3210 ipsam
525 3135 930 3208 prasentiam,
961 3138 1019 3188 et
1051 3132 1533 3188 inhabitationem
1566 3133 1790 3189 ratione
1818 3134 1955 3189 doni

301 3227 594 3296 concessi,
628 3225 785 3296 quod
818 3222 994 3277 simul
1023 3221 1094 3276 ad
1123 3225 1282 3276 extra
1310 3226 1433 3276 tota
1481 3228 1754 3294 operatur
1818 3241 1952 3279 san-

1977 1929 2026 1994 B

2053 645 2322 717 complet.
2361 687 2374 700 .
2411 689 2424 699 .
2469 645 2694 701 Etenim
2724 646 3017 702 Christum
3047 650 3301 704 eumdem
3348 666 3412 706 se
3479 650 3696 707 missu-

2053 752 2183 789 rum
2243 734 2384 788 dicit
2413 751 2543 790 esse
2593 737 2894 803 Spiritum,
2954 739 3050 808 qui
3109 755 3143 791 a
3202 743 3365 793 Patre
3406 739 3685 809 procedit:

2053 840 2242 894 neque
2271 823 2451 878 alium
2484 839 2546 878 se
2577 824 2900 878 missurum
2933 825 3168 896 quidem
3201 827 3303 894 ait,
3338 827 3520 884 alium
3553 845 3688 884 vero

2053 917 2224 966 Patre
2270 928 2398 968 esse
2448 913 2792 968 missurum.
2854 914 2990 968 Cum
3044 916 3211 981 enim,
3237 917 3454 987 inquit,
3484 920 3698 972 venerit

2052 1001 2394 1066 Paracletus,
2447 1017 2608 1070 quem
2659 1017 2752 1072 ego
2806 1003 3023 1056 mittam
3058 1005 3208 1058 vobis
3272 1021 3306 1058 a
3359 1010 3522 1061 Patre
3573 1006 3696 1076 Spi-

2053 1092 2225 1144 ritum
2253 1091 2497 1144 veritatis
2518 1092 2614 1159 qui
2641 1107 2673 1143 a
2700 1091 2864 1144 Patre
2896 1091 3157 1160 procedit.
3210 1092 3328 1147 Hoc
3359 1098 3550 1148 autem
3611 1093 3699 1150 vel

2053 1179 2423 1251 grammatici
2452 1177 2563 1249 ipsi
2595 1178 2677 1232 ita
2703 1181 3106 1250 conceperint:
3137 1197 3261 1236 cum
3289 1186 3500 1239 venerit
3521 1189 3697 1240 Para-

2054 1269 2244 1337 ctetus,
2277 1269 2373 1338 qui
2399 1284 2434 1321 a
2463 1269 2628 1321 Patre
2653 1267 2916 1338 procedit,
2939 1285 3096 1339 quem
3139 1286 3235 1339 ego
3264 1274 3483 1327 mittam
3510 1274 3699 1336 vobis;

2055 1360 2122 1412 ut
2146 1356 2521 1428 perspicuum
2551 1357 2646 1422 sit,
2681 1357 2951 1411 eumdem
2983 1358 3176 1428 ipsum
3209 1359 3400 1416 abillo
3449 1362 3699 1419 missum

2055 1444 2147 1510 iri,
2180 1443 2282 1515 qui
2309 1460 2343 1498 a
2372 1443 2539 1499 Patre
2570 1445 2849 1514 procedit.
2883 1445 2942 1500 Si
2975 1445 3152 1517 igitur
3207 1464 3456 1517 persona
3517 1451 3699 1522 Spiri-

2055 1539 2152 1587 tus
2182 1531 2370 1586 sancti
2397 1535 2618 1586 aPatre
2651 1533 2927 1603 procedit,
2964 1534 3113 1590 hanc
3148 1541 3206 1590 et
3257 1536 3437 1593 Filius
3496 1539 3697 1596 mittit.

2057 1621 2218 1687 Quod
2251 1621 2300 1675 si
2329 1621 2574 1690 gratiam
2602 1622 2828 1676 minime
2851 1624 3230 1679 subsistentem
3263 1624 3445 1682 Filius
3471 1627 3654 1684 mittit
3677 1646 3690 1684 :

2057 1710 2232 1765 etiam
2265 1725 2299 1763 a
2330 1708 2494 1763 Patre
2524 1725 2638 1763 non
2670 1709 2944 1779 Spiritus,
2975 1712 3075 1766 sed
3107 1714 3296 1783 gratia
3344 1716 3632 1786 procedet.
3666 1739 3693 1766 ››

2057 1802 2187 1852 Haec
2217 1796 2481 1852 Bessario
2527 1795 3023 1853 luculentissima.
3061 1800 3256 1856 Robur
3283 1802 3376 1858 his
3407 1805 3566 1875 ajicit
3595 1803 3698 1860 Pe-
3793 1863 3796 1866 ,

2057 1888 2249 1942 tavius
2278 1887 2348 1941 de
2380 1885 2754 1941 sanctissima
2784 1887 3086 1954 Trinitate,
3119 1889 3242 1945 loco
3276 1891 3473 1958 citato,
3506 1896 3696 1966 cap.5,

2057 1992 2222 2031 num.
2260 1976 2359 2028 19:
2395 1976 2489 2030 Est
2517 1976 2665 2030 enim
2687 1975 3158 2046 absurdissimum,
3193 1980 3490 2052 inquiens,
3531 1999 3702 2038 unam

2058 2065 2297 2136 Spiritus
2345 2080 2526 2119 vocem
2557 2063 2744 2118 eadem
2791 2065 2851 2118 in
2887 2067 3156 2122 sententia
3169 2070 3247 2122 sic
3265 2070 3518 2141 ambigue
3541 2088 3700 2128 usur-

2054 2154 2207 2225 pari,
2238 2156 2299 2207 ut
2328 2153 2496 2207 alteri
2513 2151 2710 2222 juncta
2733 2153 2889 2208 verbo
2914 2170 3205 2224 personam
3259 2159 3435 2228 ipsam
3481 2162 3697 2231 signiﬁ-

2057 2247 2178 2298 cet:
2225 2242 2298 2297 ad
2352 2242 2600 2296 alterum
2645 2243 2836 2308 relata,
2871 2243 3194 2313 qualitatem
3222 2251 3277 2300 et
3299 2251 3567 2320 gratiam;
3603 2251 3703 2306 hoc

2056 2333 2276 2403 proprie
2320 2333 2487 2385 simul
2542 2340 2854 2402 usurpetur,
2913 2348 2978 2386 ac
3025 2336 3244 2404 tropice.
3277 2337 3417 2391 Nam
3435 2354 3562 2392 cum
3601 2356 3703 2395 no-

2057 2437 2183 2476 men
2210 2422 2387 2492 ipsius
2416 2421 2660 2490 Spiritus
2697 2421 2873 2475 sancti
2901 2424 3129 2492 proprie
3157 2440 3223 2478 ac
3246 2441 3347 2495 per
3372 2443 3431 2480 se
3449 2427 3700 2483 divinam

2059 2513 2180 2582 ejus
2208 2509 2574 2565 substantiam
2597 2525 2992 2582 personamque
3019 2512 3320 2584 signiﬁcet,
3352 2531 3452 2570 nec
3475 2519 3538 2572 in
3578 2518 3702 2588 ple-

2061 2602 2244 2669 risque
2305 2599 2436 2653 locis
2491 2599 2657 2652 aliter
2709 2599 3060 2670 interpretari
3130 2602 3330 2658 liceat:
3375 2604 3436 2658 in
3464 2607 3701 2662 caeteris.

2061 2705 2178 2760 quae
2209 2689 2340 2743 bene
2365 2687 2538 2742 multa
2561 2690 2688 2741 sunt
2718 2687 2815 2742 ubi
2842 2687 3098 2759 diffundi,
3130 2691 3212 2746 vel
3240 2691 3311 2746 ad
3339 2709 3438 2748 nos
3495 2697 3699 2764 venire,

2061 2783 2226 2849 atque
2252 2779 2313 2831 in
2340 2777 2494 2831 nobis
2524 2775 2780 2832 habitare
2807 2777 3012 2832 dicitur
3034 2779 3178 2834 idem
3198 2779 3301 2835 ille
3318 2782 3562 2852 Spiritus
3579 2800 3705 2839 san-

2061 2875 2173 2922 ctus
2203 2866 2435 2936 ﬁgurate
2455 2868 2508 2919 et
2537 2867 2838 2936 impropris
2867 2868 3014 2921 sumi
3040 2872 3342 2937 putare,res
3359 2880 3439 2926 est
3460 2873 3706 2942 periculi

2059 2958 2264 3028 plena;
2295 2971 2365 3010 ne
2391 2955 2532 3026 quod
2578 2957 2639 3009 in
2692 2956 2817 3009 istis
2873 2955 3178 3026 Scriptura;
3215 2961 3545 3016 testimoniis
3594 2967 3706 3018 tute

2063 3047 2164 3100 tibi
2187 3046 2529 3116 permiseris,
2561 3045 2704 3099 idem
2750 3045 2811 3098 in
2854 3044 2986 3099 aliis
3015 3045 3231 3101 concedi
3283 3063 3378 3103 sno
3433 3049 3540 3104 stbi
3575 3053 3705 3122 jure

2061 3135 2336 3207 postulent
2381 3135 2645 3190 haeretici.
2701 3132 2803 3188 Sed
2853 3135 2914 3187 in
2979 3150 3111 3205 una,
3168 3137 3573 3211 continentique
3601 3140 3701 3195 89

2062 3225 2354 3290 sententia,
2409 3240 2576 3294 quam
2627 3238 2696 3277 ex
2741 3223 2966 3278 Joannis
3022 3225 3313 3293 Evangelia
3350 3226 3696 3284 doctissimus

299 3318 574 3372 ctissima
604 3313 882 3368 Trinitas.
914 3314 987 3366 At
1020 3325 1254 3365 rursum
1284 3310 1345 3364 in
1377 3311 1654 3382 pradicta
1705 3329 1949 3384 praeser-
1985 3296 2029 3363 Ο
2065 3316 2314 3369 Bessario
2367 3316 2550 3384 refert,
2605 3312 2804 3382 species
2860 3320 2937 3366 est
2966 3313 3241 3378 absurdi,
3276 3319 3705 3388 argumentique

297 3406 400 3460 tim
423 3421 530 3476 per
561 3402 812 3474 gratiam
843 3398 1309 3455 sanctificantem
1332 3399 1950 3472 inhabitationejustis

299 3497 354 3549 in
386 3492 739 3549 hominibus
771 3488 1075 3561 quidpiam
1107 3487 1282 3542 etiam
1314 3487 1581 3555 inveniri,
1625 3491 1781 3561 quod
1812 3508 1950 3562 pro-

299 3583 493 3654 prium
525 3582 608 3636 sit
641 3595 898 3651 persona:
947 3576 1198 3647 Spiritus
1243 3576 1452 3645 sancti,
1485 3577 1659 3632 veluti
1680 3579 1950 3649 specialis

300 3672 570 3744 quaedam
604 3666 947 3724 substantiae
988 3668 1118 3737 ejus
1179 3665 1435 3720 animam
1486 3667 1634 3736 justi
1689 3668 1950 3740 applica-

298 3763 399 3820 tio.
432 3757 805 3831 frequentius
834 3755 934 3811 88
955 3755 1167 3810 docent
1192 3754 1508 3826 gtheologi;
1564 3772 1630 3810 ac
1686 3755 1950 3814 luculen-

301 3851 529 3904 tissime
558 3848 860 3902 disserunt
890 3843 1118 3915 Sylvius
1149 3843 1209 3898 in
1240 3843 1496 3899 Primam
1519 3850 1742 3916 partem
1766 3849 1952 3904 sancti

302 3939 536 3994 Thomas
567 3943 628 3991 et
658 3935 922 3989 Petavius
954 3934 1077 3988 loco
1108 3935 1304 3987 citato.

372 4028 534 4083 Hanc
565 4024 909 4079 missionem
942 4023 1175 4094 proprie
1205 4021 1442 4089 dictam,
1474 4021 1532 4077 in
1564 4040 1748 4096 eaque
1803 4043 1953 4099 pm-

305 4118 474 4188 cipno
507 4113 684 4169 modo
707 4110 1234 4183 comprenhensam
1265 4110 1471 4166 divinae
1503 4127 1782 4184 personae,
1826 4133 1952 4186 quae

306 4205 582 4266 mittitur,
613 4199 1054 4272 productionem
1071 4205 1172 4254 aut
1192 4200 1626 4270 processionem
1644 4203 1716 4258 ab
1748 4203 1953 4274 altera,

304 4290 684 4350 validissimis
715 4289 1080 4360 argumentis
1111 4292 1278 4344 aetate
1300 4305 1409 4344 sua
1430 4295 1632 4345 contra
1653 4308 1792 4348 suos
1821 4310 1956 4366 gen-

305 4383 434 4437 tiles
467 4380 749 4436 tuebatur
771 4377 1028 4432 Joannes
1059 4375 1690 4450 Beccus,pluribusque
1717 4384 1954 4438 Patrum

304 4468 664 4527 testimoniis
706 4467 1012 4521 conﬁrmat
1037 4465 1096 4519 in
1119 4467 1468 4537 Epigrapliis,
1501 4468 1619 4522 sive
1639 4469 1953 4541 Sententiis,

306 4563 486 4632 capite
529 4559 587 4624 8,
649 4572 747 4612 eos
803 4556 1007 4627 utique
1064 4553 1354 4622 refellens,
1409 4555 1510 4628 qui
1549 4573 1672 4612 cum
1699 4559 1955 4616 audirent

2059 3404 2291 3474 ﬁrmitas
2319 3403 2514 3473 major.
2560 3401 2704 3456 Hinc
2763 3417 2894 3456 vero
2951 3402 3396 3472 exposcentibus
3457 3405 3694 3472 Grecis,

2060 3493 2294 3548 abinam
2323 3492 2758 3562 Scripturarum
2781 3489 3063 3545 habeatur
3083 3491 3339 3561 Spiritus
3362 3494 3549 3549 sancti
3573 3512 3700 3566 pro-

2060 3583 2246 3638 cessio
2277 3599 2311 3636 a
2339 3579 2502 3646 Filio,
2530 3578 2729 3650 reponi
2779 3583 2905 3632 tuto
2962 3579 3149 3648 debet,
3195 3579 3345 3635 hanc
3375 3597 3474 3638 eos
3505 3586 3700 3656 expri-

2061 3689 2217 3728 mere
2246 3671 2372 3725 sine
2401 3667 2578 3722 dubio
2605 3666 2782 3732 locos,
2813 3667 2914 3738 qui
2946 3668 3153 3722 docent
3173 3685 3209 3724 a
3228 3669 3370 3724 Filio
3415 3672 3696 3743 Spiritum

2060 3761 2339 3832 accipere,
2370 3759 2684 3828 ipsumque
2715 3772 2749 3811 a
2780 3755 2921 3811 Filio
2953 3757 3124 3826 mitti,
3150 3762 3206 3813 et
3231 3759 3376 3814 dari.
3410 3761 3553 3817 Vide
3603 3779 3699 3819 ca-

2061 3855 2168 3924 put
2197 3850 2249 3915 9,
2283 3863 2447 3902 num.
2477 3847 2510 3900 8
2539 3844 2672 3916 (10).

2129 3940 2224 3994 Vl.
2260 3942 2472 3992 Locum
2505 3935 2692 4006 primo
2723 3933 3022 3989 difficilem
3055 3941 3314 4005 aspectu,
3354 3955 3529 4010 quem
3587 3943 3698 4000 sub

2059 4027 2304 4087 Joannis
2333 4023 2728 4095 Chrysostomi
2759 4023 2994 4078 nomine
3031 4025 3282 4080 alterunt
3327 4027 3527 4097 Greci,
3581 4031 3700 4088 vel-

2063 4120 2144 4176 uti
2178 4118 2508 4172 commento
2540 4128 2646 4167 suo
2669 4127 3012 4180 consonum,
3046 4114 3116 4167 ad
3141 4129 3382 4170 examen
3409 4122 3702 4188 postremo

2061 4221 2264 4264 vocare
2295 4203 2485 4258 liceat.
2520 4200 2786 4255 Sumitur
2815 4217 2882 4256 ex
2915 4201 3157 4257 homilia
3188 4205 3442 4273 quadam
3475 4207 3546 4262 de
3581 4209 3702 4280 Spi-

2062 4301 2183 4353 ritu
2209 4302 2415 4357 sancto,
2447 4307 2572 4362 quae
2602 4290 2662 4344 in
2693 4289 2946 4345 editione
2969 4291 3282 4346 Parisionsi
3307 4293 3703 4353 Monfauconii

2064 4388 2305 4459 prostat,
2338 4385 2496 4436 tomo
2530 4378 2626 4448 Ill,
2661 4378 2808 4434 inter
2838 4378 3056 4449 spuria.
3082 4381 3175 4434 Ait
3199 4385 3400 4436 auctor
3429 4399 3594 4439 num.
3627 4387 3700 4442 7:

2065 4499 2092 4526 ‹‹
2125 4476 2200 4529 De
2235 4487 2352 4526 meo
2382 4470 2648 4540 accipiet:
2681 4483 2748 4522 ex
2796 4467 2869 4522 iis
2927 4483 3053 4537 quas
3108 4469 3252 4522 mihi
3313 4472 3706 4542 suppeditavit

2065 4564 2170 4619 soli
2204 4559 2426 4616 homini
2450 4556 2768 4624 Dominico,
2831 4562 3024 4612 sumet
3077 4556 3190 4612 sibi
3248 4559 3348 4628 qui
3376 4560 3571 4632 :dedit,
3602 4563 3704 4634 qui

308 4650 594 4719 Spiritum,
653 4653 907 4700 sanctum
967 4661 1038 4698 ea:
1083 4644 1223 4698 Filio
1271 4647 1443 4699 etiam
1491 4661 1754 4703 emanare
1793 4653 1955 4720 atque
1983 4667 2032 4730 D
2063 4652 2222 4708 venit
2249 4664 2422 4720 super
2455 4663 2566 4712 me,
2599 4650 2655 4700 et
2683 4645 2901 4700 mansit
2923 4644 2982 4698 in
3015 4661 3126 4715 me,
3159 4646 3259 4718 qui
3293 4648 3456 4703 unxit
3483 4653 3704 4722 me,qui

305 4741 540 4808 prodire,
573 4751 686 4791 non
732 4733 982 4788 divinam
1037 4733 1272 4803 Spiritus
1323 4738 1585 4789 naturam
1634 4753 1704 4792 ea:
1759 4737 1952 4793 divina
2059 4737 2442 4802 sanctificavit
2465 4751 2576 4804 me,
2610 4735 2708 4805 qui
2740 4732 2905 4788 duxit
2930 4750 3022 4789 me
3042 4733 3102 4788 in
3132 4735 3448 4805 desertum,
3481 4739 3582 4810 qui
3613 4756 3703 4797 re-

309 4827 608 4880 sabstantia
653 4831 962 4893 naturaque
1006 4822 1140 4876 Filii
1194 4823 1335 4877 oriri
1390 4827 1550 4893 atque
1589 4840 1852 4881 emanare
1873 4828 1956 4881 in-

309 4917 448 4971 sulse
475 4913 800 4982 garriebant
824 4929 838 4966 :
870 4911 961 4966 sed
989 4913 1244 4982 spiritate
1288 4911 1547 4967 'uoddam
1570 4914 1774 4968 donum
1797 4916 1949 4970 illius

307 5007 408 5075 qui
431 5003 590 5072 digni
616 5009 761 5070 sunt,
793 5004 1170 5072 supervenire.
1201 5000 1524 5056 Adversum
1566 5000 1687 5056 haec
1743 5002 1949 5074 dispu-

307 5094 444 5147 tavit
473 5091 713 5162 quidem
747 5094 948 5160 postea
977 5089 1290 5160 Gregorius
1318 5087 1616 5145 Palamas:
1651 5092 1752 5146 sed
1796 5092 1952 5149 hunc

307 5181 575 5237 Bessario
607 5178 721 5233 late
755 5177 1027 5233 refutavit
1079 5178 1138 5231 in
1191 5179 1411 5249 synodo
1454 5178 1784 5235 Florentina
1829 5199 1952 5238 ses-

308 5271 510 5325 sionne
543 5270 635 5337 23,
669 5267 864 5339 capite
893 5269 945 5321 8.
980 5266 1191 5331 Pauca,
1232 5283 1415 5336 eaque
1456 5267 1687 5340 egregia
1737 5287 1803 5324 ac
1861 5271 1953 5325 di-

306 5358 656 5420 sertissima,
688 5356 954 5428 decerpe.
995 5377 1022 5404 ‹‹
1071 5356 1218 5421 Quid
1251 5361 1312 5411 tu
1367 5362 1589 5414 tantem
1650 5357 1954 5432 intelligis,

308 5463 434 5502 cum
489 5445 666 5501 audis
725 5462 759 5500 a
802 5447 940 5500 Filio
989 5444 1261 5516 Spiritum
1317 5447 1514 5502 mitti?
1572 5448 1954 5519 Perspicuum

309 5542 388 5592 est
412 5537 598 5601 enim,
633 5538 692 5590 te
722 5533 808 5590 vel
834 5534 1085 5589 invitum
1101 5551 1397 5606 personam
1421 5537 1575 5591 illius
1597 5536 1953 5610 intelligere:

309 5642 486 5700 neque
519 5624 680 5682 enim
710 5639 822 5679 non
853 5623 1156 5679 subsistens
1184 5627 1374 5697 gratia
1406 5624 1661 5682 mittitur
1684 5669 1696 5681 .
1743 5669 1754 5683 .
1801 5667 1815 5695 ,
1847 5628 1956 5684 Sed

309 5714 407 5775 hoc
461 5715 686 5796 ipsum,
749 5712 894 5791 quod
953 5715 1214 5790 mittitur,
1274 5714 1474 5774 divina
1529 5718 1737 5774 natura
1767 5720 1875 5794 est,
1901 5721 1960 5779 et

2065 4832 2231 4889 duxit
2261 4844 2352 4882 me
2408 4826 2683 4880 victorem
2719 4864 2731 4876 .
2765 4865 2777 4877 .
2815 4864 2827 4876 .
2862 4823 2936 4878 De
2973 4839 3092 4877 meo
3119 4826 3370 4896 accipiet,
3402 4834 3455 4882 et
3479 4843 3703 4884 annun-

2059 4921 2221 4982 tiabit
2244 4919 2412 4973 vobis.
2448 4914 2521 4969 Ut
2577 4912 2866 4977 ostendat,
2899 4913 3054 4981 quod
3091 4929 3204 4967 non
3239 4914 3424 4969 sancti
3453 4915 3706 4988 Spiritus

2061 5008 2418 5067 mentionem
2451 5001 2668 5067 fecerit,
2699 5001 2799 5055 sed
2834 5001 3122 5056 donorum
3155 5002 3318 5072 ejus;
3390 5011 3704 5077 postquam

2064 5099 2238 5156 dixit:
2273 5097 2342 5149 De
2375 5108 2490 5148 meo
2519 5091 2770 5159 accipiet.
2823 5089 3063 5159 adjicit:
3126 5089 3323 5147 Omnia
3372 5109 3708 5167 quaecunque

2062 5189 2219 5243 habet
2250 5186 2586 5251 Pater,mea,
2619 5181 2782 5245 sunt;
2817 5179 3008 5249 accepi
3040 5196 3107 5234 ea
3137 5180 3206 5235 de
3237 5182 3456 5252 Spiritu
3481 5193 3705 5242 sancto.

2064 5277 2374 5345 Propterea
2405 5269 2545 5334 dixi,
2595 5268 2669 5322 De
2724 5283 2843 5322 meo
2897 5270 3166 5339 accipiet:
3229 5271 3506 5341 quoniam
3555 5274 3708 5332 Deus

2064 5378 2300 5420 carnem
2332 5356 2716 5414 sanctiiicavit
2746 5356 2967 5427 Spiritu
2999 5364 3296 5430 sancto,et
3319 5360 3515 5416 emisit
3547 5363 3710 5420 Pater

2065 5455 2285 5509 donum
2317 5447 2570 5520 Spiritus
2596 5445 2656 5500 in
2708 5461 2939 5502 carnem
2997 5447 3229 5504 Christi.
3293 5449 3456 5506 Venit
3513 5458 3707 5512 autem

2065 5541 2272 5616 gratia,
2302 5543 2359 5594 et
2409 5535 2606 5593 omnia
2634 5535 2786 5592 dona
2820 5535 3033 5592 indidit
3085 5537 3334 5598 Christo.
3384 5566 3412 5594 «
3445 5543 3535 5595 En
3583 5559 3707 5599 vero

2067 5628 2365 5704 (inquiunt
2423 5625 2644 5698 Graeci).
2721 5625 3086 5697 Chrysostomi
3156 5636 3456 5695 auctoritas
3513 5643 3706 5699 aperte

2066 5720 2479 5788 commonstrat,
2518 5719 2818 5776 secundum
2866 5717 3269 5780 humanitatem
3317 5724 3544 5784 Domini
3571 5722 3704 5806 dici,
