4094 6448
415 416 493 478 99
1450 412 1767 475 GEORGII
1811 412 2077 475 CYPBII
2121 414 2238 475 CP.
2286 413 2819 476 PATRIABCHAS

3698 413 3813 471 100

413 564 484 604 ea:
510 549 625 619 ipso
645 546 886 618 accipere
915 543 1180 617 Spiritum
1201 547 1468 615 sanctum,
1498 547 1656 616 quasi
1684 545 1874 601 divina
1903 545 2061 600 illius
2088 547 2143 614 Α
2175 561 2426 617 quorum
2488 544 2660 600 homo
2692 545 3032 601 Dominicus
3059 544 3230 600 Jesus
3262 542 3529 600 Christus
3556 544 3812 616 repletus

414 652 541 692 caro
580 635 1017 706 conceptaculum
1070 632 1308 704 Spiritus
1349 635 1559 703 factum
1623 642 1779 701 esset,
1837 643 2054 707 propter

411 725 738 797 spirituatia
775 723 955 779 dona:
1011 722 1246 794 adeoque
1322 724 1501 778 sancti
1554 723 1798 795 Spiritus
1854 740 2054 779 nomen

411 829 523 870 non
551 813 622 868 ad
651 811 1002 868 indicandam
1025 810 1261 881 Spiritus
1316 812 1499 868 sancti
1543 819 1832 879 naturam,
1861 812 1954 866 sed
1984 811 2054 866 ad

412 901 712 959 indicanda
789 900 1107 972 spiritantia
1158 900 1302 955 dona
1359 902 1557 971 accipi,
1618 901 1677 955 in
1736 917 2054 972 quocunque

408 992 820 1063 Scripturarnm
874 990 989 1045 loco
1043 991 1358 1045 inveniatur
1390 988 1626 1059 Spiritus
1654 1006 1940 1060 emanans,
1972 991 2053 1060 ef-

407 1080 601 1150 ﬂuens,
631 1082 681 1135 et
707 1078 1001 1151 prosiliens
1027 1094 1097 1134 ea:
1124 1078 1284 1132 Filio.

482 1170 636 1225 Inter
663 1184 839 1239 opera
869 1167 1073 1239 spuria
1110 1164 1412 1222 homiliam
1460 1165 1611 1221 hanc
1669 1165 2053 1238 ablegandam

401 1258 615 1331 jubent
642 1257 853 1313 Fronto
885 1262 1148 1326 Ducaeus,
1186 1253 1457 1321 Savilius,
1517 1254 1803 1321 Petavius,
1863 1255 2053 1311 Mont-

407 1347 750 1403 fauconius:
801 1346 931 1417 ejus
987 1344 1142 1400 enim
1197 1349 1398 1400 auctor
1454 1346 1591 1399 totus
1643 1346 1905 1413 strigosus
1949 1348 2052 1410 est,

407 1444 720 1505 coarcteque
746 1433 970 1489 dicendi
994 1449 1187 1504 genere
1214 1435 1431 1501 utitur;
1465 1442 1526 1488 ut
1563 1434 1752 1488 nullus
1806 1450 2052 1506 unquam

407 1528 552 1581 visus
606 1526 680 1580 sit
734 1521 1058 1593 Chrystomo
1111 1522 1444 1578 absimilior.
1511 1522 1844 1578 Genuinum
1869 1524 2051 1578 fetum

407 1613 634 1686 putavit
660 1611 901 1669 Photius
947 1610 1007 1666 in
1058 1610 1389 1667 Bibliotheca
1437 1611 1637 1667 codice
1679 1612 1803 1678 277,
1866 1628 2052 1683 neque

408 1703 654 1759 dubium
686 1701 864 1758 movit
894 1701 1110 1757 Beccus
1142 1700 1328 1773 capite
1356 1701 1444 1768 11,
1501 1701 1571 1756 de
1603 1700 1822 1772 Spiritu
1853 1706 2051 1757 sancto

407 1792 563 1864 apud
610 1790 887 1846 Allatium
946 1790 1005 1845 in
1056 1789 1266 1846 Gracia
1325 1789 1577 1857 orthoxa,
1632 1795 1795 1845 tomo
1824 1789 1865 1844 Ι.
1898 1790 2047 1845 Num

405 1897 543 1980 ergo
572 1881 897 1978 Graecorum
947 1882 1277 1980 commento
1335 1877 1523 1934 faveat
1577 1878 2048 1980 Cpqsostomus,
2082 1914 2129 1980 Β

404 1968 501 2025 vel
527 1968 798 2041 quisquis
827 1968 956 2037 ejus
984 1966 1239 2022 homilia;
1276 1972 1476 2023 auctor
1511 1966 1646 2023 est?
1703 1968 1823 2023 lmo
1880 1966 2051 2040 plura

406 2057 620 2129 reperit
648 2057 707 2112 in
739 2072 807 2112 ea
836 2056 1072 2126 Beccus,
1106 2072 1232 2127 quas
1270 2055 1671 2111 adversantur.
1730 2062 1813 2111 Ac
1860 2058 2050 2128 prima

407 2145 662 2203 auctoris
682 2145 946 2201 doctrina
972 2144 1223 2200 occurrit
1244 2145 1314 2200 de
1332 2146 1508 2200 sancti
1536 2144 1772 2215 Spiritus
1802 2146 2046 2201 nomini-

405 2236 524 2302 bus,
557 2250 805 2308 quorum
844 2233 957 2289 alia
982 2233 1234 2305 Spiritus
1262 2233 1447 2289 sancti
1497 2238 1766 2289 naturam
1824 2233 2046 2307 signiti-

402 2328 559 2394 cant,
585 2328 642 2380 et
664 2322 779 2379 alia
808 2323 1071 2378 indicant
1099 2323 1253 2378 dona
1273 2323 1423 2393 ejus,
1456 2339 1584 2394 quas
1637 2323 1888 2394 Spiritus
1943 2340 2046 2395 ap-

404 2413 718 2487 pellantur.
752 2412 1085 2467 Doctrinam
1115 2411 1265 2467 hanc
1285 2410 1456 2483 longe
1477 2411 1707 2482 lateque
1730 2416 2045 2484 pertracta-

406 2508 529 2559 tam
542 2502 634 2558 his
646 2501 991 2573 compendio
1013 2500 1233 2573 colligit
1251 2501 1546 2568 verbis,nu
1561 2516 1639 2555 m.
1654 2502 1690 2555 5
1714 2519 1726 2556 ;
1761 2524 1788 2551 ‹‹
1832 2501 2048 2573 Repeto

408 2591 587 2665 igitur
614 2593 842 2647 nomina
872 2590 1177 2663 ineﬁabztis
1197 2594 1446 2645 natura:
1481 2590 1585 2644 90
1607 2590 1889 2661 Spiritum
1920 2607 2050 2645 san-

409 2685 591 2749 ctum,
625 2679 906 2753 Spiritum
939 2678 1057 2750 Dei,
1089 2678 1371 2750 Spiritum
1403 2679 1502 2750 qui
1525 2694 1595 2733 ex
1625 2679 2046 2751 Deo,Spiritum

406 2770 657 2825 Domini.
691 2768 971 2841 Spiritum
1004 2767 1212 2833 Patris,
1235 2766 1518 2839 Spiritum
1550 2766 1703 2835 Filii,
1760 2768 2045 2839 Spiritum

409 2859 646 2927 Christi,
671 2857 950 2931 Spiritum
971 2856 1070 2928 qui
1101 2856 1367 2912 excitavit
1395 2856 1712 2927 Christum,
1764 2858 2044 2929 Spiritum

406 2949 561 3016 vitae,
590 2947 874 3019 Spiritum
903 2945 1186 3002 veritatis.
1223 2946 1359 3001 Dein
1408 2946 1593 3001 dona:
1653 2945 1905 3017 Spiritus
1933 2948 2044 3002 vir-

405 3036 571 3093 tutis.
628 3036 876 3109 Spiritus
931 3034 1256 3100 charitatis,
1315 3034 1568 3106 Spiritus
1624 3036 2043 3108 temperantia,

406 3126 659 3200 Spiritus
688 3124 1114 3197 promissionis,
1144 3122 1396 3195 Spiritus
1425 3123 1866 3195 ﬁdel,Spiritus,
1896 3142 2046 3181 reve-

401 3215 661 3286 lationis,
692 3213 945 3288 Spiritus
993 3212 1327 3285 adoptionis
1381 3212 1635 3268 ﬁliorum
1695 3214 1814 3268 Dei.
1852 3236 1879 3263 »
1918 3216 2042 3269 Haec

401 3304 517 3374 ille,
550 3285 675 3376 quae
703 3285 1214 3359 accuratissimum
1248 3306 1312 3356 ut
1328 3302 1397 3357 ad
1416 3318 1657 3357 examen
1687 3302 2041 3374 redigamus,
2073 3285 2117 3352 C

399 3392 565 3449 locus
588 3410 703 3448 non
734 3396 840 3447 est.
864 3391 1133 3446 Jamvero
1153 3389 1384 3445 ubinam
1409 3393 1535 3444 sunt
1547 3391 1636 3445 illi
1652 3391 1756 3461 (ait
1779 3390 2037 3463 Beccus),

400 3484 497 3553 qui
522 3480 854 3539 contendunt
878 3495 989 3535 non
1016 3481 1278 3534 naturam
1304 3480 1484 3535 sancti
1511 3481 1756 3550 Spiritus
1785 3479 2045 3536 denotari

397 3571 491 3627 sed
545 3587 758 3643 semper
810 3569 1135 3641 spiritualia
1183 3567 1345 3636 dona,
1386 3571 1447 3623 in
1493 3584 1813 3640 quacunque
1867 3585 2043 3627 sacrae

399 3660 702 3731 Scriptura?
725 3661 883 3730 parte
910 3659 1211 3727 reperitur,
1271 3656 1543 3728 Spiritum
1596 3663 1845 3712 sanctum
1900 3675 2038 3727 esse,

397 3764 679 3813 emanare,
709 3752 763 3804 et
791 3745 1000 3818 e/fundi
1027 3762 1098 3801 ea:
1126 3746 1288 3801 Filio.
1349 3746 1533 3801 Dubio
1589 3746 1791 3817 procul
1845 3764 2041 3804 nomen

398 3836 702 3910 ine/fabitis
726 3840 947 3891 natura:
978 3840 1224 3907 usurpat
1254 3834 1670 3904 Christus,sive
1702 3851 1837 3890 cum
1858 3837 2036 3904 dicit;

399 3926 536 3981 Cum
562 3927 771 3982 venerit
808 3926 903 3980 itte
933 3924 1175 3994 Spiritus
1226 3925 1493 3979 veritatis.
1527 3965 1539 3978 .
1579 3965 1591 3977 .
1652 3925 1747 3980 ille
1804 3941 1889 3980 me
1933 3927 2041 3981 cta-

394 4014 634 4085 riﬁcabit
662 4013 840 4086 quide
866 4028 984 4068 meo
1022 4014 1279 4084 accipiet,
1329 4020 1379 4067 et
1425 4013 1791 4069 annuntiabit
1822 4016 2036 4070 vobis...

396 4104 456 4160 Si
510 4120 622 4161 non
672 4103 877 4171 abiero,
938 4102 1278 4168 Paracletus,
1331 4116 1443 4157 non
1498 4103 1676 4157 veniet
1722 4102 1793 4158 ad
1826 4119 1913 4160 vos
1943 4122 1961 4158 :
1989 4107 2041 4161 si

396 4201 583 4249 autem
611 4193 817 4259 abiero,
851 4192 1064 4246 mittam
1092 4206 1217 4245 eum
1254 4190 1326 4245 ad
1370 4206 1480 4245 vos.
1517 4233 1530 4245 .
1568 4233 1580 4245 .
1643 4192 1777 4247 Cum
1832 4196 2039 4248 venerit

394 4283 742 4350 Paracletus,
777 4297 938 4354 quem
966 4295 1063 4349 ego
1090 4282 1308 4335 mittam
1327 4280 1475 4335 vobis
1504 4297 1537 4334 a
1557 4281 1752 4349 Patre,
1772 4280 2040 4352 Spiritum

395 4374 662 4442 veritatis,
694 4373 793 4443 qui
820 4388 855 4426 a
901 4371 1067 4425 Patre
1108 4369 1393 4441 procedit;
1424 4369 1731 4425 siveetiam
1755 4387 1887 4425 cum
1917 4371 2036 4425 ait:

393 4462 637 4533 Accipite
691 4460 960 4532 Spiritum
1012 4466 1300 4517 sanctum:
1353 4457 1472 4513 sive
1511 4474 1645 4513 cum
1672 4458 1836 4529 paria
1876 4459 2040 4515 etl‘ert

396 4548 613 4607 Paulus
633 4547 966 4621 Apostolus.
1003 4546 1253 4603 Charitas
1282 4548 1387 4603 Dei
1414 4545 1621 4620 diffusa
1657 4550 1739 4603 est
1767 4548 1828 4602 in
1855 4548 2035 4604 cordi-

2162 638 2306 698 erat,
2338 650 2403 689 ac
2434 633 2505 688 de
2535 634 2748 704 quibus
2778 633 3027 705 Spiritus
3074 638 3313 688 sanctus
3357 631 3669 703 accipiens,
3725 632 3811 686 di-

2161 721 2368 777 tribuit
2451 721 2695 777 caeteris.
2768 721 2891 778 Imo
2949 722 3125 777 verba
3175 726 3515 776 sanctorum
3575 720 3811 776 Patrum

2161 810 2375 865 chorus
2405 810 2476 865 de
2506 816 2714 866 natura
2742 810 2940 866 divina
2972 810 3275 877 intellexit,
3304 826 3482 882 quam
3537 809 3749 881 accipit
3778 826 3813 865 a

2161 897 2304 954 Filio
2335 899 2589 970 Spiritus
2619 904 2881 964 sanctus,
2916 900 3027 971 ipsi
3059 905 3115 954 et
3143 898 3316 965 Patri,
3362 915 3396 953 a
3428 898 3645 969 quibus
3678 914 3808 970 pro-

2161 987 2335 1058 cedit,
2369 989 2629 1059 aequalis.
2659 988 2878 1044 Locum
2911 988 3124 1043 habeat
3162 1004 3296 1044 vero
3326 986 3583 1043 homilia:
3611 992 3808 1043 aucto-

2161 1076 2654 1149 risinterpretatio
2682 1094 2838 1149 :quaa
2870 1084 2995 1132 tum
3017 1076 3205 1149 primo
3220 1074 3813 1132 minimimeexcludit

2161 1165 2411 1237 Spiritus
2442 1166 2628 1221 sancti
2678 1183 2938 1237 persona:
2981 1165 3319 1221 missionem
3352 1183 3387 1221 a
3442 1164 3624 1221 Filio:
3683 1169 3808 1220 tum

2160 1253 2338 1309 etiam
2372 1255 2619 1311 missum
2649 1255 2931 1327 Spiritum
2963 1260 3232 1311 sanctum
3255 1254 3567 1327 distinguit
3586 1270 3620 1309 a
3638 1252 3808 1309 donis

2162 1359 2290 1414 quin
2320 1343 2788 1417 suppeditantur.
2823 1348 2954 1399 Haec
3012 1349 3246 1416 praestat
3300 1344 3499 1398 omnia
3549 1342 3808 1399 Joannes

2163 1431 2381 1487 Beccus
2411 1432 2535 1489 loco
2568 1434 2765 1489 citato.
2797 1432 3152 1506 Compendio
3191 1431 3433 1488 collecta
3476 1431 3596 1487 hinc
3640 1436 3802 1488 sunt.

2161 1526 2244 1576 Ac
2274 1522 2328 1575 1ο
2356 1539 2422 1577 eo
2454 1522 2513 1577 in
2543 1522 2668 1579 loco
2698 1523 2954 1594 Spiritus
2984 1527 3224 1578 sanctus
3255 1521 3352 1578 ille
3373 1526 3483 1586 est,
3514 1521 3615 1593 qui
3647 1521 3800 1576 acci-

2162 1609 2245 1682 pit
2270 1627 2282 1665 :
2316 1627 2505 1683 neque
2535 1616 2654 1667 tam
2685 1612 2941 1667 absurda
2964 1610 3023 1665 in
3052 1612 3250 1667 Jesum
3272 1609 3569 1666 Christum
3597 1610 3805 1666 cadere

2161 1697 2374 1754 locutio
2434 1704 2646 1771 potest,
2704 1705 2769 1756 ut
2795 1700 2860 1756 de
2890 1716 3007 1756 meo
3030 1698 3227 1770 (dicat)
3274 1701 3473 1771 accipit
3506 1700 3802 1771 spirituale

2158 1788 2364 1842 donum
2411 1790 2472 1843 2o
2530 1788 2660 1844 Vim
2719 1790 3008 1845 faciebant
3064 1789 3122 1843 in
3196 1805 3264 1844 ea
3317 1788 3496 1856 vocis,
3573 1790 3807 1860 accipiet

2158 1875 2335 1931 veluti
2367 1877 2621 1934 exilitate
2652 1878 2901 1934 haeretici
2929 1895 2942 1934 :
2974 1894 3042 1934 ac
3068 1878 3117 1933 si
3148 1876 3397 1949 Spiritus
3453 1882 3697 1934 sanctus
3726 1878 3798 1935 de

2157 1964 2328 2020 donis
2357 1966 2570 2021 Christi
2603 1971 2989 2037 mutuarctur,
3021 1984 3149 2038 quae
3180 1965 3316 2021 alite
3356 1966 3760 2038 suppeditaret
3788 1984 3802 2034 ;

2158 2070 2274 2108 non
2305 2056 2460 2111 enim
2484 2055 2605 2111 haec
2633 2056 2823 2111 ell‘erri
2856 2056 2927 2111 de
2975 2071 3224 2127 persona
3280 2054 3477 2111 divina
3534 2061 3800 2127 possunt,

2159 2150 2205 2202 θ
2225 2146 2253 2198 1
2289 2146 2348 2199 3ο
2376 2145 2591 2201 Verum
2623 2145 2863 2201 basilice
2884 2144 3167 2200 falluntur
3187 2143 3271 2199 illi
3298 2162 3311 2199 :
3353 2145 3604 2215 Spiritus
3631 2162 3797 2200 nam-

2157 2256 2269 2311 que
2300 2240 2559 2301 sanctus,
2584 2234 2683 2306 qui
2713 2236 2784 2289 de
2812 2233 3027 2290 Christi
3084 2232 3252 2289 donis
3307 2232 3538 2305 accipit,
3581 2231 3678 2288 ille
3706 2239 3797 2289 est

2157 2329 2257 2401 qui
2288 2325 2653 2383 Dominicum
2685 2322 2983 2379 hominem
3036 2324 3219 2388 unxit,
3276 2323 3653 2393 sanctiﬁcavit,
3713 2322 3801 2379 fe—

2156 2418 2351 2490 citque
2406 2411 2583 2470 veluti
2640 2410 3118 2483 conceptaculum
3188 2411 3453 2466 omnium
3509 2412 3796 2468 donorum

2158 2523 2408 2580 quorum
2435 2503 2707 2559 homines
2737 2505 2937 2557 essent
2964 2500 3363 2573 participem0
3390 2500 3523 2556 Jam
3554 2517 3686 2557 vero
3716 2501 3799 2556 ita

2157 2598 2308 2653 dona
2337 2611 2445 2650 sua
2468 2591 2804 2665 plenissime
2833 2590 3058 2646 homini
3084 2588 3383 2645 Dominico
3415 2589 3577 2645 dedit
3624 2589 3800 2661 Spiri—

2156 2692 2253 2743 tus
2300 2689 2558 2752 sanctus,
2618 2686 2683 2737 ut
2733 2680 2907 2736 etiam
2958 2682 3071 2751 ipse
3118 2680 3332 2734 venerit
3374 2695 3539 2751 super
3564 2696 3713 2748 eum,
3748 2682 3801 2734 et

2153 2776 2417 2831 manserit
2473 2774 2531 2827 in
2590 2786 2687 2827 eo:
2749 2769 3007 2840 adeoque
3065 2767 3190 2840 pari
3250 2767 3473 2823 ratione
3522 2768 3592 2823 de
3628 2768 3802 2825 donis

2154 2863 2365 2919 Christi
2395 2876 2706 2917 assumens
2736 2857 2987 2929 Spiritus
3014 2863 3277 2924 sanctus,
3326 2873 3392 2912 ac
3450 2873 3519 2912 ea
3577 2857 3802 2913 ceteris

2154 2952 2533 3019 distribuens,
2556 2952 2753 3004 venire
2782 2963 2959 3019 super
2987 2963 3085 3002 eos
3115 2945 3399 3001 dicendus
3419 2950 3529 3014 est,
3553 2950 3611 3001 et
3634 2947 3694 3001 in
3716 2945 3799 3002 eis

2155 3056 2411 3107 manere,
2471 3039 2543 3094 ad
2601 3053 2747 3109 quos
2804 3036 3083 3090 nimirum
3115 3052 3148 3090 a
3180 3034 3344 3090 Patre
3374 3035 3647 3104 mittitur,
3679 3040 3737 3090 et
3765 3051 3799 3091 a

2154 3131 2317 3187 Filio.
2344 3125 2721 3184 Luculentius
2754 3124 2959 3197 exponi
2990 3125 3178 3179 missio
3209 3124 3449 3195 Spiritus
3474 3126 3650 3180 sancti
3680 3140 3797 3180 non

2155 3224 2399 3293 poterat,
2423 3233 2599 3289 quam
2629 3214 2862 3287 proprie
2891 3213 3107 3269 dictam
3158 3211 3581 3285 appellavimus

2226 3308 2489 3378 Pbotius,
2524 3306 2701 3360 citato
2723 3303 2921 3358 codice
2949 3302 3076 3371 277,
3126 3302 3374 3373 dignum
3436 3302 3796 3357 animadver-

2153 3399 2315 3454 sione
2337 3399 2396 3452 in
2426 3396 2535 3451 hac
2557 3393 2801 3449 homilia
2831 3396 3028 3447 censet
3060 3408 3072 3444 :
3104 3413 3132 3441 «
3160 3390 3321 3453 Quod
3344 3390 3797 3463 Chrysostomus

2153 3486 2676 3543 dicit:missionem
2733 3496 2921 3552 neque
2978 3478 3212 3549 Filium,
3272 3496 3459 3551 neque
3515 3479 3798 3551 Spiritum

2150 3582 2418 3633 sanctum
2452 3575 2740 3630 minorem
2762 3572 2946 3627 facere
2969 3574 3173 3626 Patre:
3208 3570 3363 3643 quod
3393 3575 3449 3625 et
3473 3571 3597 3643 ipse
3629 3575 3799 3627 Pater

2152 3667 2419 3721 mittatur
2476 3681 2511 3719 a
2565 3662 2809 3734 Spiritu,
2861 3666 2917 3715 et
2973 3677 3007 3715 a
3053 3659 3216 3716 Filio.
3287 3659 3436 3714 Dicit
3486 3660 3577 3715 his
3608 3659 3798 3716 verbis

2148 3759 2231 3824 (τι.
2293 3756 2380 3825 12)
2408 3772 2419 3809 :
2449 3755 2514 3810 Si
2558 3753 2663 3807 tibi
2716 3749 3012 3814 ostendero,
3070 3750 3331 3818 factorem
3390 3749 3517 3805 caeli
3544 3757 3596 3804 et
3634 3753 3797 3805 terra

2147 3848 2376 3898 missum
2430 3858 2540 3898 esse
2595 3858 2628 3896 a
2685 3840 2915 3912 Spiritu,
2965 3847 3018 3893 et
3049 3840 3209 3905 Filio,
3242 3839 3377 3909 quid
3403 3840 3593 3908 facies,
3623 3844 3729 3893 etc.
3766 3861 3795 3888 ››

2150 3937 2366 3987 Docum
2424 3929 2643 3987 scilicet
2698 3928 2991 3983 adnotavit
3049 3927 3308 3997 Pbotius,
3350 3943 3463 3998 quo
3495 3944 3602 3982 suo
3633 3944 3795 3982 com-

2149 4026 2346 4077 mento
2380 4020 2630 4076 colorem
2662 4018 2918 4073 adderet.
2951 4016 3209 4087 Dionysii
3240 4015 3453 4071 Petavii
3488 4015 3796 4071 verissima

2148 4109 2468 4166 admonitio
2499 4112 2588 4164 est
2619 4106 2768 4162 libro
2798 4123 2919 4168 vm,
2962 4106 3036 4161 De
3089 4106 3438 4160 sanctissima
3506 4107 3793 4172 Trinitate,

2147 4199 2334 4272 capite
2368 4200 2417 4265 1,
2450 4214 2613 4253 num.
2668 4197 2827 4251 14η
2886 4195 3026 4251 Mitti
3081 4198 3309 4250 Patrem
3347 4194 3407 4249 in
3467 4194 3786 4266 Scripturis

2150 4304 2464 4360 nusquam,
2500 4285 2800 4341 rarissime
2830 4288 3031 4339 autem
3062 4284 3123 4339 in
3154 4287 3491 4339 sanctorum
3551 4283 3793 4339 Patrum

2146 4377 2315 4433 libris
2336 4375 2568 4448 legitur,
2595 4375 2646 4430 si
2678 4378 2873 4428 tamen
2904 4371 3119 4444 legitur
3150 4388 3163 4426 :
3198 4371 3315 4428 imo
3342 4388 3474 4427 vero
3508 4370 3661 4426 mitti
3692 4387 3792 4427 ne-

2146 4471 2288 4538 gant
2306 4464 2597 4536 expressis
2626 4478 2691 4517 ac
2721 4460 2958 4517 disertis
2987 4460 3180 4516 verbis
3233 4461 3457 4533 antiqui
3513 4460 3796 4533 theologi.

2146 4555 2309 4611 Unde
2339 4552 2498 4609 nullo
2522 4551 2716 4619 modo,
2751 4567 2815 4605 ac
2858 4566 2929 4604 ne
2981 4549 3296 4622 improprie
3355 4549 3590 4622 quidem
3622 4565 3798 4605 usur-

397 4639 495 4695 bus
524 4640 724 4695 nostris
751 4654 849 4710 per
877 4637 1153 4709 Spiritum
1181 4644 1451 4706 sanctum,
1488 4638 1584 4707 qui
1621 4636 1778 4692 datus
1809 4642 1890 4693 est
1938 4655 2036 4695 no-
2067 4653 2112 4718 D
2145 4642 2269 4714 pari
2298 4642 2493 4709 debet,
2524 4642 2759 4696 Patrem
2806 4656 2842 4695 a
2898 4641 3098 4710 seipso,
3156 4636 3251 4694 vel
3305 4638 3375 4693 ab
3434 4638 3547 4693 alio
3603 4637 3796 4701 mitti;

398 4730 481 4784 bis
522 4770 534 4783 .
572 4770 584 4783 .
623 4770 636 4782 .
674 4770 687 4783 .
720 4728 966 4785 Membra
993 4725 2040 4797 vestratemptumsuntSpiritussancti

395 4834 557 4889 quem
584 4816 789 4873 habetis
818 4818 879 4871 in
935 4816 1101 4873 vobis.
1153 4815 1468 4871 Inetfabilis
1525 4818 1750 4871 natura;
1803 4818 2040 4873 numina

393 4906 781 4963 adhibentur:
816 4908 1075 4977 adeoque
1121 4906 1284 4975 juxta
1341 4907 1597 4959 mentem
1656 4905 1910 4960 auctoris
1967 4907 2038 4962 de

394 4994 523 5052 sola
549 5013 667 5051 non
698 4995 889 5067 agitur
918 4995 976 5049 in
1009 4993 1100 5050 his
1122 4993 1266 5050 locis
1286 4993 1594 5065 largitione
1617 4992 2035 5065 donorum,sed

392 5084 522 5157 ipsa
543 5086 614 5140 de
643 5100 894 5157 persona
919 5084 1175 5155 Spiritus
1199 5083 1404 5139 sancti.

464 5174 749 5247 Spiritum
778 5176 1048 5229 sanctum
1068 5171 1465 5228 Macedoniani
1498 5171 1783 5243 putabant
1805 5172 2033 5229 inferio-

393 5280 516 5320 rem
547 5262 712 5334 Filio,
742 5266 1050 5335 propterea
1080 5261 1233 5333 quod
1258 5261 1473 5316 divinis
1519 5260 1579 5315 in
1610 5260 1857 5332 eloquiis
1887 5262 2031 5317 dici-

391 5358 490 5409 tur
518 5371 552 5409 a
574 5368 629 5408 se
660 5354 779 5423 ipso
805 5367 916 5407 non
943 5351 1109 5424 loqui,
1154 5357 1208 5405 et
1262 5367 1506 5422 accipere
1559 5350 1626 5406 de
1677 5350 1793 5420 ﬁlio
1825 5376 1840 5419 ;
1873 5352 2029 5424 quod

392 5446 808 5514 argumentum
867 5439 1080 5495 retellit
1126 5438 1377 5494 homilia:
1407 5443 1610 5495 auctor
1638 5439 1830 5495 verbis
1855 5456 2028 5512 supe-

392 5531 514 5587 rius
545 5529 764 5585 relatis.
816 5528 1171 5584 Peculiarem
1202 5528 1419 5582 invehit
1448 5528 1983 5600 interpretationem
2010 5547 2024 5584 :

391 5620 518 5678 loco
548 5621 608 5674 in
636 5618 759 5686 illo,
791 5617 1083 5689 inquiens,
1118 5633 1233 5672 non
1266 5618 1389 5672 lieri
1422 5619 1778 5674 mentionem
1831 5619 1896 5674 de
1923 5636 2025 5674 na-

2147 4736 2553 4805 quantumque
2609 4728 2968 4785 extrinsecus
3027 4728 3137 4783 sub
3180 4726 3436 4800 imagine
3489 4726 3707 4800 aliqua,
3737 4731 3797 4783 et

2148 4820 2339 4893 specie
2395 4818 2628 4874 videndi
2686 4818 2779 4873 sui
2851 4815 3076 4888 copiam
3136 4815 3355 4887 fecerit,
3434 4817 3590 4886 quod
3643 4816 3792 4871 inter

2144 4908 2443 4980 theologos
2468 4907 2823 4978 disputatur.
2859 4927 2886 4956 »
2904 4910 3061 4961 Hanc
3090 4921 3224 4964 vero
3244 4904 3600 4960 locutionem
3622 4922 3794 4960 usur-

2144 5000 2300 5070 pavit
2328 4997 2506 5068 hujus
2537 5000 2738 5050 auctor
2769 4993 3045 5061 homiliee,
3078 4993 3179 5065 qui
3201 5010 3315 5049 non
3340 4998 3430 5049 est
3452 4993 3793 5066 Chrysosto-

2146 5105 2298 5143 mus.
2331 5087 2410 5141 De
2441 5084 2723 5140 missione
2742 5083 3004 5139 omnimo
3027 5083 3349 5156 imprOpria
3370 5083 3792 5155 intelligendus

2140 5182 2265 5234 est:
2300 5191 2488 5247 neque
2519 5172 2706 5229 ullum
2736 5173 2981 5245 proprias
3011 5172 3141 5228 Filii
3180 5178 3239 5229 et
3294 5173 3550 5245 Spiritus
3605 5171 3797 5228 sancti

2140 5264 2435 5331 missioni,
2468 5264 2765 5335 bujusque
2792 5279 2862 5317 ex
2888 5266 3055 5318 Patre
3084 5262 3345 5334 Filioque
3376 5265 3602 5317 aeternas
3651 5277 3794 5333 pro—

2138 5352 2387 5411 cessioni
2420 5353 2480 5406 in
2510 5351 2641 5423 ipsa
2668 5351 2795 5419 ejus
2827 5350 3109 5407 missione
3137 5349 3573 5423 comprehensae
3606 5351 3705 5406 det
3718 5350 3796 5405 ri-

2139 5447 2401 5499 mentum
2431 5442 2741 5512 irrogatur.
2773 5439 2953 5494 Addit
2982 5438 3248 5495 Petavius
3279 5439 3501 5495 ibidem
3542 5438 3800 5511 egregie,

2137 5538 2193 5588 et
2216 5548 2367 5598 vere,
2401 5546 2509 5586 sua
2530 5528 2798 5585 Photium
2822 5528 3095 5600 opinione
3114 5528 3329 5584 falsum
3352 5545 3481 5585 esse
3503 5545 3516 5583 :
3542 5527 3795 5584 acilium

2132 5621 2399 5695 factorem
2428 5619 2554 5674 οωιί
2571 5622 2625 5672 et
2656 5624 2836 5686 terrae,
2872 5619 2971 5690 qui
2996 5620 3199 5674 missus
3260 5619 3493 5686 dicitur,
3553 5634 3667 5673 non
3699 5617 3791 5672 in-

389 5714 520 5778 tura
567 5724 733 5783 quam
788 5707 1030 5784 Spiritus
1084 5714 1305 5766 nanctus
1343 5706 1615 5779 accipiat;
1648 5707 1751 5765 sed
1773 5706 1840 5765 de
1866 5707 2027 5768 donis
2132 5709 2316 5783 telligi
2344 5708 2593 5778 Patrem,
2617 5707 2718 5765 sed
2750 5707 2953 5781 utique
2982 5706 3217 5781 Filium,
3242 5707 3557 5783 ipsumque
3578 5721 3789 5777 secun-
