4094 6446
272 421 380 480 101

1506 419 1714 480 VITA.
1749 453 1824 463 —
1855 417 2375 482 DISSERTATIO
2422 422 2468 479 l.

3570 424 3684 484 102

281 553 420 606 dum
451 550 776 617 carnem,id
809 553 900 605 est
930 549 1249 605 Christum.
1285 549 1570 606 Ceterum
1601 556 1802 607 auctor
1830 550 1929 606 ille
1960 554 2015 621 Α
2042 550 2432 606 triarchalem.
2491 551 2594 605 93
2652 551 3067 606 Caeremoniam
3123 568 3358 608 omnem
3408 552 3683 611 laudatus

289 642 582 696 adversum
641 639 1064 694 Macedonianos
1111 641 1339 712 agebat,
1373 657 1624 711 quorum
1658 646 1782 696 erat
1828 642 1935 697 im-

295 731 452 802 pium
485 732 910 798 commentum,
967 728 1250 799 Spiritum
1309 734 1576 784 sanctum
1635 731 1836 785 donari
1868 748 1934 786 ac

292 817 436 873 mitti
496 834 527 871 a
575 817 770 886 Patre,
825 816 1008 871 veluti
1067 833 1133 871 eo
1183 817 1489 872 minorem.
1523 818 1684 881 Quod
1717 819 1841 890 ipse
1873 825 1936 874 ut

288 910 693 978 argumentum
739 905 1008 973 solveret,
1049 907 1368 962 missionem
1415 908 1696 978 admittit,
1728 909 1786 964 in
1819 925 1936 979 qua

289 993 653 1058 missum,vel
677 995 969 1050 emissum
996 994 1240 1049 inferius
1262 1000 1350 1050 est
1378 997 1645 1051 mittente
1670 1013 1683 1051 :
1709 1000 1765 1053 et
1786 996 1936 1051 hanc

285 1086 348 1139 ad
382 1083 643 1155 Spiritus
676 1083 869 1138 sancti
901 1084 1054 1138 dona
1084 1085 1398 1154 refert,non
1433 1086 1503 1141 ad
1533 1086 1721 1156 ipsam
1749 1086 1938 1142 sancti

285 1174 533 1246 Spiritus
591 1188 933 1244 personam.
980 1177 1103 1228 Non
1156 1181 1276 1228 erat
1317 1189 1382 1229 eo
1427 1173 1558 1246 loci,
1601 1179 1666 1230 ut
1718 1175 1939 1230 ratione

280 1263 412 1318 doni
437 1261 562 1316 dati
585 1261 855 1316 divinam
880 1277 1114 1333 quoque
1135 1278 1442 1334 personam
1466 1263 1720 1336 Spiritus
1751 1263 1938 1319 sancti

275 1352 419 1417 dari,
454 1356 515 1405 et
547 1350 709 1404 mitti
741 1350 996 1416 doceret,
1027 1355 1311 1421 tanquam
1369 1368 1402 1406 a
1451 1353 1635 1421 Patre,
1669 1370 1735 1408 ac
1764 1355 1940 1409 etiam

275 1458 308 1496 a
337 1439 508 1509 Filio,
572 1440 697 1494 sive
730 1454 834 1510 per
866 1439 1079 1494 Filium
1138 1441 1564 1511 procedentem,
1608 1443 1810 1514 utique
1840 1459 1943 1514 per

275 1531 478 1584 omnia
511 1527 828 1600 aqualem.

843 1680 946 1735 92
989 1679 1228 1736 CAPUT
1269 1681 1390 1736 Vll.

279 1787 508 1842 Nartem
529 1786 658 1859 70bit
675 1786 942 1856 Iosephus
958 1787 1290 1856 patriarcha
1318 1805 1339 1849 ,·
1367 1788 1462 1842 cui
1478 1788 1755 1859 sufﬁcitur
1784 1789 1942 1844 Geor-

343 1875 471 1929 gius
507 1858 766 1930 Cyprius,
801 1860 862 1912 in
904 1860 1240 1928 professione
1265 1862 1563 1914 monastica
1593 1875 1772 1917 sacrae
1794 1861 1941 1915 ordi-

344 1926 572 1984 nationi
588 1926 891 2000 praemissa
905 1926 1132 1984 uocatus
1154 1930 1462 1999 Gregorius.
1484 1932 1732 2000 Synodus
1748 1933 1944 1987 habita
1975 1926 2021 1991 Β

347 2004 408 2056 in
436 2001 794 2064 Blachernis,
826 2010 879 2054 et
908 2001 1025 2073 alia-
1055 2001 1363 2073 Adramytiz
1397 2005 1456 2056 in
1499 2001 1681 2058 Μωεία
1730 2004 1936 2058 Asiati-

345 2090 406 2126 ca
440 2091 459 2126 :
493 2073 886 2128 Chronotaxis.
923 2071 1275 2141 Colloquiuni
1297 2089 1422 2128 cum
1464 2077 1652 2139 Becco,
1682 2082 1733 2130 et
1759 2076 1940 2142 sociis,

354 2151 532 2217 Prusa
560 2215 570 2217 Α
595 2145 882 2212 revocatis,
944 2143 1009 2217 de
1058 2146 1407 2217 processione
1437 2145 1674 2217 Spiritus
1704 2149 1884 2201 sancti
1925 2164 1944 2200 :

353 2215 493 2287 quod
527 2215 854 2289 illustratur
881 2215 1484 2289 animaduersionibus;
1509 2222 1708 2273 Beccus
1739 2219 1854 2289 ipse
1884 2220 1945 2272 in

358 2303 545 2342 arcem
573 2288 759 2341 sancti
779 2288 1036 2356 Gregorii
1062 2287 1354 2357 relegatus.

359 2420 402 2475 1.
457 2419 721 2475 Labente
773 2436 927 2474 anno
984 2420 1141 2488 1283,
1169 2421 1288 2475 vita
1333 2421 1624 2492 migravit,
1680 2421 1865 2477 morbo
1895 2428 1948 2476 et

297 2510 452 2564 senio
481 2518 841 2578 consumptus
859 2507 1154 2579 Josephus
1175 2508 1526 2580 patriarcha,
1548 2525 1730 2564 mense
1757 2510 1947 2564 Martio

298 2600 547 2665 ineunte,
583 2600 651 2650 ut
680 2595 763 2650 ait
793 2595 1175 2667 Pachymeres
1230 2596 1289 2650 in
1345 2597 1694 2665 Andronico,
1727 2597 1875 2654 libro
1905 2616 1944 2667 ι,

297 2686 484 2758 capite
529 2686 622 2740 13.
655 2685 845 2756 Caput
889 2685 1059 2756 erigit
1112 2686 1460 2741 Arseniorum
1510 2687 1680 2742 factio
1733 2703 1746 2742 :
1808 2703 1947 2758 age-

295 2775 515 2845 batque
576 2779 783 2828 contra
836 2775 1160 2844 Josephitas.
1221 2775 1464 2830 Mediam
1517 2775 1670 2830 viam
1719 2775 1947 2845 ingredi

295 2863 626 2920 constitens
685 2862 1080 2930 Andronicus,
1150 2865 1229 2918 ita
1286 2872 1344 2918 ut
1393 2881 1565 2936 neque
1621 2867 1948 2921 Arsenianos

295 2955 646 3008 contristaret
677 2951 965 3021 (historici
995 2953 1171 3007 verba
1201 2958 1338 3007 sunt
1368 2954 1553 3025 capite
1587 2955 1696 3026 Ui),
1728 2960 1778 3010 et
1805 2957 1950 3011 Iose-

292 3045 476 3113 phitas
507 3051 697 3097 tamen
753 3042 1206 3112 amplecteretur;
1238 3041 1407 3111 eligit
1463 3045 1522 3098 in
1577 3045 1954 3115 patriarcham

296 3132 599 3185 oriundum
655 3146 686 3186 e
735 3131 907 3201 Cypro
939 3130 1249 3201 Georgium,
1285 3134 1465 3186 virum
1493 3132 1754 3188 doctrinis
1783 3133 1949 3188 innu-

295 3223 512 3289 tritum,
545 3237 580 3274 a
619 3220 943 3290 patriarcha
962 3221 1185 3291 Josepno
1217 3220 1553 3288 ordinatum,
1574 3229 1624 3276 et
1649 3229 1800 3292 prato
1829 3239 1953 3294 apo-

297 3311 601 3365 stolarium
631 3311 687 3362 in
719 3310 840 3364 sede
868 3310 1158 3364 Palatina.

370 3419 391 3446 ι
429 3398 579 3453 Rem
612 3397 976 3470 Nicephorus
1019 3399 1303 3470 Gregoras
1335 3399 1429 3456 his
1459 3401 1652 3457 verbi
1685 3405 1943 3467 enarrat,

300 3488 400 3544 lib.
421 3487 706 3558 v1,capite
739 3488 788 3551 1,
814 3503 977 3541 num.
999 3489 1035 3541 5
1058 3493 1071 3541 ε
1103 3510 1131 3538 ‹‹
1155 3493 1289 3544 Erat
1312 3495 1507 3546 autem
1538 3497 1678 3545 tunc
1701 3491 1950 3559 insignis

297 3579 383 3632 vir
412 3576 696 3632 facundia
722 3593 788 3631 ex
817 3577 1175 3648 imperatorii
1206 3577 1340 3633 cleri
1375 3579 1636 3652 collegio,
1670 3580 1951 3652 Gcorgius

302 3669 551 3738 Cyprius
589 3703 607 3720 .
658 3708 670 3719 .
718 3708 729 3719 .
765 3665 949 3733 Hunc,
985 3682 1115 3720 cum
1151 3683 1264 3722 non
1296 3668 1376 3723 ita
1408 3669 1631 3740 pridem
1666 3669 1952 3724 monasti-

305 3772 435 3810 cam
470 3756 746 3809 habitum
779 3755 1088 3819 induisset,
1122 3755 1177 3809 in
1211 3756 1406 3812 animo
1438 3757 1707 3826 habebat,
1740 3763 1797 3813 et
1829 3763 1951 3814 stu-

305 3845 477 3900 debat
507 3845 830 3915 imperator
857 3846 922 3898 ad
943 3844 1399 3915 patriarchicum
1432 3846 1643 3902 solium
1675 3848 1912 3903 evehere
1937 3864 1950 3903 :

306 3951 339 3986 a
390 3933 633 3988 nemine
691 3938 887 3987 tamen
947 3949 1149 3988 eorum
1203 3935 1300 4006 qui
1361 3937 1674 4008 participes
1707 3937 1957 3992 fuissent

307 4023 644 4093 dogmaticz
673 4023 929 4076 novitatis
959 4022 1059 4092 (ita
1097 4023 1310 4094 dogma
1340 4024 1690 4080 catholicum
1723 4025 1792 4081 de
1822 4043 1956 4097 pro-

307 4111 572 4165 ccssione
629 4110 877 4181 Spiritus
925 4112 1132 4167 sancti.
1193 4111 1520 4183 initamque
1570 4113 1957 4170 Ecclesiarum

309 4201 592 4254 unionem
655 4204 822 4254 vocat
872 4217 884 4254 :
920 4201 1019 4254 sed
1066 4201 1137 4254 ab
1168 4201 1383 4273 aliquo,
1435 4203 1534 4274 qui
1559 4221 1768 4274 purum
1803 4221 1864 4260 se
1893 4204 1960 4260 ab

309 4288 535 4342 illorum
565 4291 948 4344 communione
975 4295 1504 4359 servasset,manus
1536 4291 1586 4348 ei
1617 4293 1839 4365 imponi
1861 4311 1959 4348 vo-

314 4376 515 4432 lebat.
563 4419 576 4430 .
623 4420 636 4432 .
683 4382 784 4432 Est
824 4383 1020 4432 tamen
1071 4380 1142 4433 ab
1193 4379 1540 4451 imperatore
1588 4386 1720 4453 post
1767 4383 1963 4438 debita

318 4465 594 4538 suffragia
625 4472 684 4521 et
714 4466 1056 4522 testimonia
1083 4467 1424 4540 designatus
1455 4486 1467 4523 :
1502 4474 1558 4524 et
1582 4471 1856 4540 pastorale
1872 4487 1965 4543 pe-

317 4555 440 4609 dum
471 4555 533 4609 in
563 4555 942 4626 imperatorio
997 4562 1274 4628 suggestu
1331 4573 1477 4614 more
1534 4561 1706 4614 veteri
1733 4560 1802 4614 ab
1837 4559 1964 4632 ipso

2044 641 2366 712 Lequienus
2398 640 2600 695 recitat
2629 657 2696 695 ex
2726 640 2968 712 Georgio
3017 641 3323 711 Pbrantza,
3357 648 3412 698 et
3441 643 3681 709 Codino,

2043 746 2108 784 ac
2138 730 2407 784 Simeone
2437 728 2964 784 Thessalonicensi.

2115 823 2287 872 Sacra
2307 817 2470 872 nulla
2490 817 2730 888 Cyprius
2755 817 3020 873 initiatus
3044 820 3232 874 fuerat
3251 823 3687 879 consecratione

2045 912 2251 978 praeter
2297 923 2423 962 eam
2475 924 2590 977 qua
2639 906 2948 961 initiantur
2978 909 3240 964 lectores.
3276 910 3498 966 Accidit
3528 929 3682 982 vero,

2047 995 2299 1066 Gregora
2325 999 2492 1060 teste,
2537 993 2676 1048 ibid.
2738 1012 2900 1050 num.
2958 997 3013 1063 6,
3066 998 3328 1069 Mozylem
3355 1003 3683 1073 episcopum,

2046 1083 2301 1154 itemque
2356 1085 2664 1155 episcopum
2701 1084 3001 1139 Debrorum
3058 1085 3117 1140 in
3151 1087 3505 1158 Macedonia,
3540 1091 3688 1146 Con-

2047 1172 2484 1244 stantinopolim
2517 1173 2856 1227 adventasse
2882 1191 2894 1228 :
2921 1173 3161 1240 Quorum
3187 1185 3417 1248 uterque
3441 1180 3691 1234 animum

2048 1276 2260 1332 semper
2287 1262 2533 1316 alienum
2563 1260 2755 1316 habuit
2773 1278 2805 1315 a
2826 1265 3207 1319 communione
3224 1281 3413 1321 eorum
3442 1270 3538 1338 qui
3557 1269 3689 1338 dog-

2046 1351 2247 1405 naticis
2276 1350 2609 1405 novitatibus
2639 1352 2845 1420 seipsos
2901 1360 3088 1421 sponte
3144 1355 3505 1424 subjecerant.
3559 1357 3692 1428 Epi-

2049 1455 2294 1510 seopum
2327 1439 2579 1510 Dozylem
2602 1455 2673 1493 ex
2703 1438 2953 1494 Occiduis
2990 1443 3248 1512 partibus
3274 1449 3439 1500 vocat
3468 1445 3693 1520 Pachy-

2052 1544 2261 1595 meres,
2342 1527 2530 1600 capite
2596 1529 2684 1594 Ui,
2741 1528 2962 1583 scilicet
3027 1534 3368 1604 episcopum
3444 1535 3690 1592 fortasse

2050 1618 2268 1672 Acheloi
2295 1617 2405 1672 sub
2467 1617 2758 1688 Naupacto
2813 1619 3140 1690 metropoli,
3201 1624 3562 1692 conjectante
3593 1625 3691 1680 Le-

2053 1706 2286 1778 quieno,
2319 1711 2476 1761 tomo
2510 1706 2644 1773 II,in
2676 1707 2973 1776 provincia
2999 1708 3211 1764 veteris
3233 1710 3410 1782 Epiri,
3431 1714 3690 1769 num.l3.

2052 1796 2211 1850 Idem
2270 1795 2467 1865 itaque
2540 1795 2845 1866 Mosi/lenus
2917 1795 3202 1868 (Gregoras
3257 1801 3448 1856 verbis
3518 1806 3692 1876 utor),

2054 1885 2276 1940 hortatu
2310 1883 2564 1954 Gregorii
2595 1883 3143 1954 Cyprii,Germanum
3167 1889 3491 1945 monachum
3517 1909 3696 1963 quem-

2051 1974 2178 2029 dam
2208 1977 2506 2044 inaugurat
2534 1975 3015 2044 metropolitanum
3065 1978 3365 2033 Heracltea:
3397 1980 3645 2039 Thracii?
3673 2003 3693 2039 :

2055 2063 2142 2118 hic
2170 2065 2318 2117 enim
2366 2064 2590 2132 antiquo
2639 2062 2928 2132 privilegio
2971 2067 3077 2135 jus
3129 2065 3290 2121 habet
3343 2071 3697 2127 consecrandi

2056 2152 2718 2222 Constantinopolitanum
2745 2153 3136 2221 patriarcham.
3170 2159 3226 2209 Is
3257 2172 3391 2228 ergo
3438 2175 3467 2212 e
3498 2159 3698 2216 lectore

2052 2243 2229 2313 primo
2258 2241 2549 2295 diaconum
2603 2249 2652 2295 et
2707 2241 3058 2312 sacerdotem,
3088 2253 3211 2314 post
3239 2254 3289 2300 et
3315 2249 3695 2314 patriarcham

2054 2331 2386 2386 consecravit
2431 2330 2716 2400 Cyprium,
2767 2329 2978 2385 duobus
3016 2331 3138 2386 illis
3167 2337 3451 2406 episcopis,
3511 2338 3694 2410 Mony-

2056 2420 2197 2490 leno,
2251 2427 2301 2473 et
2334 2418 2602 2484 Debreno,
2649 2418 3013 2490 adjutoribus.
3048 2426 3120 2476 De
3150 2423 3389 2494 antiquo
3422 2427 3697 2494 praedicto

2056 2507 2455 2563 Heracleensis
2480 2507 2734 2578 episcopi
2755 2509 2888 2578 jure
2926 2509 3162 2565 disserit
3192 2511 3543 2584 Lequienus,
3575 2516 3699 2572 loco

2057 2598 2253 2661 citato,
2286 2613 2412 2668 cap.
2447 2597 2501 2662 4,
2534 2613 2695 2650 num.
2729 2597 2780 2650 4.

2133 2685 2561 2757 Diligentiorem
2623 2684 3024 2758 Paschymeris
3055 2688 3358 2746 historiam
3391 2693 3574 2749 refero
3631 2711 3700 2750 ex

2059 2775 2260 2830 eodem
2297 2779 2502 2844 quarto
2533 2773 2757 2828 decimo
2814 2775 3021 2846 capite.
3074 2781 3152 2832 Ac
3211 2780 3398 2849 primo
3421 2784 3698 2854 episcopus

2060 2865 2310 2940 Cosyles.‘
2331 2878 2512 2918 mense
2570 2863 2762 2918 Martio
2809 2865 2968 2931 (anni
3003 2866 3179 2938 1283),
3233 2869 3490 2941 Cyprium
3523 2875 3696 2929 intra-

2060 2954 2212 3008 ducit
2257 2969 2383 3007 cum
2425 2954 2618 3022 paucis
2666 2954 2728 3006 in
2776 2956 3191 3023 monasterium,
3241 2974 3274 3012 a
3325 2959 3618 3017 Prodromo
3648 2970 3702 3018 et

2059 3045 2223 3098 Petra
2252 3042 2596 3096 nominatum
2627 3059 2644 3094 :
2676 3041 2771 3095 ubi
2800 3045 3068 3098 consuetis
3117 3050 3461 3102 caeremoniis
3507 3067 3697 3106 mona-

2061 3132 2226 3186 chum
2270 3146 2338 3185 ex
2368 3131 2505 3185 laico
2535 3131 2796 3199 instituit,
2828 3147 3060 3204 moxque
3107 3133 3396 3191 diaconum
3433 3154 3464 3191 e
3506 3139 3700 3195 lectore

2061 3219 2299 3276 ordinat.
2347 3219 2408 3272 In
2442 3235 2508 3273 ea
2555 3219 2888 3275 monasticae
2947 3222 3325 3291 professionis
3355 3229 3700 3286 caremonia

1981 3290 2023 3356 C
2061 3314 2328 3364 vocatum
2359 3307 2539 3362 fuisse
2561 3308 2900 3380 Gregorium
2935 3290 3172 3366 adnotat
3202 3312 3357 3368 idem
3388 3315 3700 3389 Pachyme-

2059 3415 2171 3465 res,
2205 3397 2392 3469 capite
2418 3398 2489 3450 22
2547 3415 2560 3452 :
2618 3397 2835 3468 Cyprio,
2870 3399 3162 3469 inquiens,
3214 3417 3284 3457 ex
3314 3401 3546 3477 Georgio
3577 3423 3698 3462 mu-

2059 3492 2253 3554 tatum,
2288 3503 2409 3541 cum
2457 3481 2855 3559 professionem
2909 3490 2964 3542 in
3015 3494 3422 3560 praeparatione
3451 3498 3698 3566 patriar-

2058 3579 2251 3633 chatus
2307 3578 2605 3631 assumeret
2659 3579 3040 3646 monasticam,
3091 3596 3286 3636 nomen
3335 3581 3583 3652 Gregorii
3611 3587 3697 3640 in-

2060 3665 2289 3720 sederat.
2367 3665 2516 3718 Tum
2597 3681 2727 3719 vero
2801 3665 2872 3719 ab
2944 3667 3294 3739 imperatore
3371 3673 3702 3730 declaratus

2061 3754 2412 3828 patriarcha,
2444 3754 2580 3808 dato
2637 3753 2720 3808 illi
2764 3756 2906 3826 pede
2945 3758 3240 3828 pastorali.
3273 3763 3529 3832 Denique
3561 3765 3705 3820 Ger-

2063 3842 2669 3914 manus,metropolita
2701 3843 3117 3917 Heracleensis,
3153 3849 3325 3920 paulo
3355 3859 3527 3908 antea
3556 3855 3706 3909 ordi-

2066 3939 2260 4000 natus,
2321 3934 2564 3988 initiavit
2620 3932 2814 4003 ipsum
2873 3937 3172 3992 sacerdotio
3231 3956 3243 3994 :
3304 3945 3354 3994 et
3401 3944 3461 3995 in
3508 3943 3707 3999 celebri

2068 4024 2384 4077 Palmarum
2438 4025 2595 4092 festo,
2653 4029 2977 4091 cooperante
3031 4029 3274 4084 antistite
3335 4031 3584 4101 (.‘ozyleb,
3647 4037 3706 4088 et

2067 4110 2346 4167 antistite.
2393 4110 2664 4166 Delorum
2720 4113 3095 4182 patriarcham
3150 4117 3445 4176 ordinavit.
3509 4124 3706 4178 Annus

2067 4201 2207 4256 l283
2238 4200 2552 4271 insignitus
2600 4202 2870 4256 currebat
2913 4205 3066 4272 cyclo
3112 4207 3245 4261 solis
3287 4209 3340 4274 4,
3390 4209 3575 4265 littera
3604 4212 3706 4267 Do-

2068 4290 2322 4345 minicali
2350 4289 2407 4355 C,
2431 4295 2487 4344 et
2505 4306 2669 4345 aureo
2689 4307 2915 4347 numero
2940 4294 3024 4347 11.
3051 4293 3196 4350 Hinc
3228 4313 3460 4353 sacrum
3483 4300 3709 4356 Pascha

2071 4380 2274 4435 incidit
2302 4379 2361 4433 in
2395 4378 2540 4434 diem
2570 4379 2636 4434 l8
2667 4380 2872 4451 Aprilis
2926 4401 2945 4436 :
3000 4385 3050 4438 et
3074 4385 3398 4441 Palinurum
3427 4388 3711 4446 Dominica

2073 4469 2342 4523 illuxerat
2366 4468 2454 4523 die
2482 4468 2771 4524 undecima
2801 4471 3066 4540 ejusdem
3099 4475 3336 4530 mensis.

2142 4557 2212 4611 ll.
2273 4558 2429 4612 Feria
2470 4558 2711 4613 secunda
2760 4559 3112 4616 hebdomadis
3157 4580 3322 4634 quam
3365 4568 3710 4636 Διακαιντςσι-

320 4645 579 4715 principe
611 4651 944 4717 porrectum
977 4645 1212 4717 accepit.
1251 4651 1500 4719 Eratque
1551 4665 1618 4702 ex
1673 4664 1738 4704 eo
1795 4665 1964 4704 occu-
1997 4661 2042 4726 D
2077 4667 2198 4718 μον,
2235 4647 2680 4702 Diacamesimam
2709 4652 2917 4715 vocant,
2950 4653 3138 4705 statim
3167 4656 3437 4723 sequentis
3458 4656 3709 4711 ’Δναστά-

322 4741 488 4803 patus
522 4735 577 4788 in
612 4733 1100 4798 administrandis
1127 4736 1302 4790 rebus
1333 4753 1456 4807 qua:
1474 4736 1583 4792 etsi
1615 4738 1684 4792 ad
1720 4737 1964 4809 patriar-

323 4822 480 4878 chale
541 4839 760 4878 munus
809 4825 1188 4895 pertinerent,
1238 4825 1560 4881 sacerdotio
1593 4833 1788 4881 tamen
1847 4843 1962 4882 non

325 4913 681 4983 indigebant.
719 4936 746 4960 υ
780 4912 1043 4968 Veterem
1077 4913 1380 4984 praefatum
1435 4931 1679 4983 morem,
1713 4932 1827 4986 quo
1859 4933 1963 4987 pa-

319 5001 581 5056 triarcha:
612 5001 1240 5073 Constantinopolitani
1271 5004 1342 5058 ab
1364 5003 1812 5074 imperatoribus
1839 5021 1966 5076 pro-

324 5092 724 5159 movebantur,
769 5089 1223 5163 diligentissimc
1275 5093 1510 5164 exponit
1541 5093 1874 5164 Lequienus
1905 5093 1966 5148 in

324 5181 546 5236 Oriente
574 5197 748 5245 sacro,
787 5186 946 5236 tomo
980 5183 1031 5248 1,
1057 5181 1241 5253 capite
1274 5183 1359 5247 17,
1384 5199 1418 5237 a
1449 5199 1610 5236 num.
1642 5183 1696 5236 7.
1729 5182 1966 5237 Decreto

319 5270 743 5344 designationis
775 5270 1037 5332 recitato,
1068 5271 1139 5324 ad
1171 5269 1363 5342 ipsum
1395 5271 1786 5344 patriarcham
1820 5271 1967 5326 desi-

319 5369 558 5430 gnatum
595 5361 989 5416 mittebantur
1029 5358 1295 5431 pallium,
1330 5376 1395 5415 ac
1426 5359 1598 5415 theca
1628 5365 1965 5416 sanctorum

320 5451 572 5524 reliquiis
603 5450 782 5524 plena
815 5448 964 5505 collo
997 5449 1401 5520 appendenda.
1452 5450 1602 5504 Tum
1635 5450 1759 5520 ipse
1789 5450 1964 5504 bacu-

318 5539 425 5597 lum
457 5539 826 5615 pastoralem
863 5554 1309 5610 aureum,quem
1341 5537 1523 5609 lapilli
1555 5544 1610 5593 et
1640 5539 1966 5611 margarita

314 5634 651 5700 omabant,e
683 5629 972 5686 manibus
1000 5627 1366 5700 imperatoris
1393 5627 1713 5702 accipiebat
1745 5644 1758 5684 :
1793 5629 1966 5685 duce-

309 5720 584 5802 batur-que
617 5721 879 5779 domum
913 5715 1162 5775 solemni
1201 5734 1415 5793 pompa
1442 5717 1502 5776 in
1529 5717 1833 5776 basilicam
1865 5735 1966 5793 pa-

2077 4755 2256 4806 σιμον,
2307 4736 2452 4790 diem
2483 4737 2895 4806 Resurectionis,
2937 4740 3190 4796 edictum
3249 4741 3550 4814 imperiale
3580 4764 3710 4818 pro-

2075 4825 2389 4896 mulgatur.
2433 4826 2871 4880 Hebdomadam
2926 4827 3202 4900 intellige,
3235 4847 3360 4902 quas
3399 4833 3552 4889 diem
3602 4835 3710 4890 Pa-

2074 4913 2291 4968 schatis
2309 4913 2797 4984 subsequitur,sic
2814 4913 3164 4986 appellatam
3187 4919 3258 4974 ob
3282 4922 3714 4980 renovationem

2074 5003 2303 5075 generis
2336 5001 2578 5056 humani
2612 5018 2713 5072 per
2763 5002 2978 5058 Christi
3032 5009 3533 5066 resurrectionem.
3568 5012 3716 5068 Vide

2077 5089 2344 5146 Carolum
2375 5090 2760 5162 Ducangium.
2787 5093 2864 5146 Eo
2897 5092 3063 5163 plura
3089 5095 3372 5166 imperiali
3396 5101 3714 5157 constitue-

2076 5180 2290 5234 bantur
2319 5180 2568 5234 decreto.
2600 5181 2867 5251 Synodus
2899 5182 3071 5237 etiam
3103 5189 3547 5257 convocabatur,
3569 5194 3715 5246 teste

2077 5268 2447 5340 Pachymere,
2487 5268 2672 5339 capite
2725 5270 2811 5338 17,
2864 5271 2922 5326 in
2971 5273 3298 5330 Blachernis
3346 5277 3712 5335 celebranda.

2075 5358 2177 5412 94
2201 5357 2452 5427 Deiparie
2477 5356 2644 5412 titulo
2678 5375 2844 5415 sacra
2867 5367 2990 5416 erat
3011 5361 3506 5422 Blachernarnum
3537 5369 3710 5425 aedes.

2073 5446 2261 5503 Situm
2291 5447 2417 5516 ejus
2449 5446 2696 5518 inquirit
2725 5465 2790 5504 ac
2821 5451 3026 5506 statuit
3069 5454 3397 5528 Ducangius
3427 5456 3487 5511 in
3531 5458 3709 5513 Cons-

2077 5535 2423 5607 tantinopoli
2448 5536 2794 5607 Christiana,
2826 5539 2974 5596 libro
3005 5558 3077 5608 ιν,
3110 5545 3140 5616 §
3169 5547 3223 5610 2,
3259 5561 3399 5600 num
3432 5545 3485 5601 6.
3512 5549 3573 5600 In
3606 5544 3714 5602 hac

2076 5625 2296 5699 synodo
2326 5625 2511 5700 gradu
2570 5626 2776 5700 dejecti
2806 5629 3120 5701 antistites,
3155 5633 3253 5705 qui
3288 5634 3489 5692 unioni
3522 5633 3711 5696 Eccle-

2076 5714 2297 5774 siarum
2328 5722 2760 5776 consenserant.
