  <div class='ocr_page' id='page_1' title='image "/cluster/home/n/w/nwhite01/storage/ocr_20150623/142/mdp.39015078384792/059.png"; bbox 0 0 4094 6440; ppageno 0'>
   <div class='ocr_carea' id='block_1_1' title="bbox 462 422 579 484">
    <p class='ocr_par' dir='ltr' id='par_1_1' title="bbox 462 422 579 484">
     <span class='ocr_line' id='line_1_1' title="bbox 462 422 579 484; baseline -0.017 0"><span class='ocrx_word' id='word_1_1' title='bbox 462 422 579 484; x_wconf 82' lang='grc'>103</span> 
     </span>
    </p>
   </div>
   <div class='ocr_carea' id='block_1_2' title="bbox 459 637 2098 714">
    <p class='ocr_par' dir='ltr' id='par_1_2' title="bbox 459 637 2098 714">
     <span class='ocr_line' id='line_1_2' title="bbox 459 637 2098 714; baseline -0.005 -14"><span class='ocrx_word' id='word_1_2' title='bbox 459 647 548 700; x_wconf 90' lang='lat' dir='ltr'><strong>nis</strong></span> <span class='ocrx_word' id='word_1_3' title='bbox 577 651 761 714; x_wconf 81' lang='lat' dir='ltr'><strong>guttas</strong></span> <span class='ocrx_word' id='word_1_4' title='bbox 787 659 818 698; x_wconf 87' lang='lat' dir='ltr'><strong>e</strong></span> <span class='ocrx_word' id='word_1_5' title='bbox 843 642 972 696; x_wconf 70' lang='lat' dir='ltr'><strong>caelo</strong></span> <span class='ocrx_word' id='word_1_6' title='bbox 1021 639 1322 695; x_wconf 83' lang='lat' dir='ltr'><strong>destillasse</strong></span> <span class='ocrx_word' id='word_1_7' title='bbox 1380 637 1645 709; x_wconf 91' lang='lat' dir='ltr'><strong>perhibet</strong></span> <span class='ocrx_word' id='word_1_8' title='bbox 1696 637 2098 708; x_wconf 89' lang='lat' dir='ltr'><strong>Pachymeres,</strong></span> 
     </span>
    </p>
   </div>
   <div class='ocr_carea' id='block_1_3' title="bbox 461 727 2096 806">
    <p class='ocr_par' dir='ltr' id='par_1_3' title="bbox 461 727 2096 806">
     <span class='ocr_line' id='line_1_3' title="bbox 461 727 2096 806; baseline -0.006 -16"><span class='ocrx_word' id='word_1_9' title='bbox 461 735 648 806; x_wconf 81' lang='lat' dir='ltr'><strong>capite</strong></span> <span class='ocrx_word' id='word_1_10' title='bbox 704 732 793 786; x_wconf 78' lang='grc'>48.</span> <span class='ocrx_word' id='word_1_11' title='bbox 853 732 915 784; x_wconf 85' lang='lat' dir='ltr'><strong>in</strong></span> <span class='ocrx_word' id='word_1_12' title='bbox 983 729 1273 784; x_wconf 84' lang='lat' dir='ltr'><strong>Orientem</strong></span> <span class='ocrx_word' id='word_1_13' title='bbox 1334 727 1721 798; x_wconf 83' lang='lat' dir='ltr'><strong>proficiscitur</strong></span> <span class='ocrx_word' id='word_1_14' title='bbox 1775 732 2096 797; x_wconf 88' lang='lat' dir='ltr'><strong>Augustus,</strong></span> 
     </span>
    </p>
   </div>
   <div class='ocr_carea' id='block_1_4' title="bbox 459 816 2100 886">
    <p class='ocr_par' dir='ltr' id='par_1_4' title="bbox 459 816 2100 886">
     <span class='ocr_line' id='line_1_4' title="bbox 459 816 2100 886; baseline -0.005 -9"><span class='ocrx_word' id='word_1_15' title='bbox 459 826 652 878; x_wconf 89' lang='lat' dir='ltr'><strong>motas</strong></span> <span class='ocrx_word' id='word_1_16' title='bbox 680 821 752 875; x_wconf 93' lang='lat' dir='ltr'><strong>ab</strong></span> <span class='ocrx_word' id='word_1_17' title='bbox 784 818 1118 874; x_wconf 87' lang='lat' dir='ltr'><strong>Arsanianis</strong></span> <span class='ocrx_word' id='word_1_18' title='bbox 1149 817 1355 871; x_wconf 90' lang='lat' dir='ltr'><strong>turbas</strong></span> <span class='ocrx_word' id='word_1_19' title='bbox 1397 816 1852 886; x_wconf 88' lang='lat' dir='ltr'><strong>compositurus.</strong></span> <span class='ocrx_word' id='word_1_20' title='bbox 1884 816 2100 870; x_wconf 81' lang='lat' dir='ltr'><strong>Conve-</strong></span> 
     </span>
    </p>
   </div>
   <div class='ocr_carea' id='block_1_5' title="bbox 459 903 2102 976">
    <p class='ocr_par' dir='ltr' id='par_1_5' title="bbox 459 903 2102 976">
     <span class='ocr_line' id='line_1_5' title="bbox 459 903 2102 976; baseline -0.005 -11"><span class='ocrx_word' id='word_1_21' title='bbox 459 926 595 966; x_wconf 93' lang='lat' dir='ltr'><strong>nere</strong></span> <span class='ocrx_word' id='word_1_22' title='bbox 651 923 852 964; x_wconf 89' lang='lat' dir='ltr'><strong>omnes</strong></span> <span class='ocrx_word' id='word_1_23' title='bbox 909 906 1230 976; x_wconf 87' lang='lat' dir='ltr'><strong>Adramytii</strong></span> <span class='ocrx_word' id='word_1_24' title='bbox 1284 905 1345 960; x_wconf 88' lang='lat' dir='ltr'><strong>in</strong></span> <span class='ocrx_word' id='word_1_25' title='bbox 1407 904 1611 958; x_wconf 77' lang='lat' dir='ltr'><strong>Mcesia</strong></span> <span class='ocrx_word' id='word_1_26' title='bbox 1675 903 1947 973; x_wconf 82' lang='lat' dir='ltr'><strong>Asiatica,</strong></span> <span class='ocrx_word' id='word_1_27' title='bbox 2004 903 2102 957; x_wconf 90' lang='lat' dir='ltr'><strong>ubi</strong></span> 
     </span>
    </p>
   </div>
   <div class='ocr_carea' id='block_1_6' title="bbox 457 992 2100 1062">
    <p class='ocr_par' dir='ltr' id='par_1_6' title="bbox 457 992 2100 1062">
     <span class='ocr_line' id='line_1_6' title="bbox 457 992 2100 1062; baseline -0.005 -7"><span class='ocrx_word' id='word_1_28' title='bbox 457 999 672 1054; x_wconf 84' lang='lat' dir='ltr'><strong>cunctis</strong></span> <span class='ocrx_word' id='word_1_29' title='bbox 701 996 772 1051; x_wconf 86' lang='lat' dir='ltr'><strong>ad</strong></span> <span class='ocrx_word' id='word_1_30' title='bbox 801 998 1005 1051; x_wconf 85' lang='lat' dir='ltr'><strong>victum</strong></span> <span class='ocrx_word' id='word_1_31' title='bbox 1033 996 1091 1049; x_wconf 90' lang='lat' dir='ltr'><strong>in</strong></span> <span class='ocrx_word' id='word_1_32' title='bbox 1124 997 1292 1050; x_wconf 87' lang='lat' dir='ltr'><strong>totam</strong></span> <span class='ocrx_word' id='word_1_33' title='bbox 1324 993 1562 1048; x_wconf 79' lang='lat' dir='ltr'><strong>hiemem</strong></span> <span class='ocrx_word' id='word_1_34' title='bbox 1589 995 1916 1062; x_wconf 87' lang='lat' dir='ltr'><strong>necessaria,</strong></span> <span class='ocrx_word' id='word_1_35' title='bbox 1947 992 2100 1060; x_wconf 87' lang='lat' dir='ltr'><strong>large</strong></span> 
     </span>
    </p>
   </div>
   <div class='ocr_carea' id='block_1_7' title="bbox 456 1081 2094 1160">
    <p class='ocr_par' dir='ltr' id='par_1_7' title="bbox 456 1081 2094 1160">
     <span class='ocr_line' id='line_1_7' title="bbox 456 1081 2094 1160; baseline -0.005 -17"><span class='ocrx_word' id='word_1_36' title='bbox 456 1090 760 1160; x_wconf 76' lang='lat' dir='ltr'><strong>imperator</strong></span> <span class='ocrx_word' id='word_1_37' title='bbox 814 1085 1127 1157; x_wconf 74' lang='lat' dir='ltr'><strong>providerat</strong></span> <span class='ocrx_word' id='word_1_38' title='bbox 1184 1089 1248 1137; x_wconf 89' lang='lat' dir='ltr'><strong>ut</strong></span> <span class='ocrx_word' id='word_1_39' title='bbox 1277 1083 1358 1137; x_wconf 88' lang='lat' dir='ltr'><strong>ait</strong></span> <span class='ocrx_word' id='word_1_40' title='bbox 1409 1081 1811 1153; x_wconf 89' lang='lat' dir='ltr'><strong>Pachymeres,</strong></span> <span class='ocrx_word' id='word_1_41' title='bbox 1843 1098 1969 1152; x_wconf 91' lang='lat' dir='ltr'><strong>cap.</strong></span> <span class='ocrx_word' id='word_1_42' title='bbox 2004 1081 2094 1135; x_wconf 88' lang='grc'><strong>21.</strong></span> 
     </span>
    </p>
   </div>
   <div class='ocr_carea' id='block_1_8' title="bbox 454 1169 2097 1249">
    <p class='ocr_par' dir='ltr' id='par_1_8' title="bbox 454 1169 2097 1249">
     <span class='ocr_line' id='line_1_8' title="bbox 454 1169 2097 1249; baseline -0.005 -16"><span class='ocrx_word' id='word_1_43' title='bbox 454 1177 722 1249; x_wconf 91' lang='lat' dir='ltr'><strong>Synodus</strong></span> <span class='ocrx_word' id='word_1_44' title='bbox 771 1174 970 1229; x_wconf 88' lang='lat' dir='ltr'><strong>habita</strong></span> <span class='ocrx_word' id='word_1_45' title='bbox 997 1174 1108 1228; x_wconf 92' lang='lat' dir='ltr'><strong>hoc</strong></span> <span class='ocrx_word' id='word_1_46' title='bbox 1157 1173 1215 1226; x_wconf 92' lang='lat' dir='ltr'><strong>in</strong></span> <span class='ocrx_word' id='word_1_47' title='bbox 1262 1170 1409 1238; x_wconf 93' lang='lat' dir='ltr'><strong>loco,</strong></span> <span class='ocrx_word' id='word_1_48' title='bbox 1444 1170 1736 1226; x_wconf 78' lang='lat' dir='ltr'><strong>assidente</strong></span> <span class='ocrx_word' id='word_1_49' title='bbox 1768 1169 2097 1242; x_wconf 91' lang='lat' dir='ltr'><strong>patriarcha</strong></span> 
     </span>
    </p>
   </div>
   <div class='ocr_carea' id='block_1_9' title="bbox 453 1259 2097 1337">
    <p class='ocr_par' dir='ltr' id='par_1_9' title="bbox 453 1259 2097 1337">
     <span class='ocr_line' id='line_1_9' title="bbox 453 1259 2097 1337; baseline -0.004 -18"><span class='ocrx_word' id='word_1_50' title='bbox 453 1264 678 1337; x_wconf 89' lang='lat' dir='ltr'><strong>Cyprio.</strong></span> <span class='ocrx_word' id='word_1_51' title='bbox 737 1264 907 1318; x_wconf 89' lang='lat' dir='ltr'><strong>Statis</strong></span> <span class='ocrx_word' id='word_1_52' title='bbox 937 1263 1127 1334; x_wconf 91' lang='lat' dir='ltr'><strong>quavis</strong></span> <span class='ocrx_word' id='word_1_53' title='bbox 1182 1259 1510 1315; x_wconf 86' lang='lat' dir='ltr'><strong>hebdomade</strong></span> <span class='ocrx_word' id='word_1_54' title='bbox 1563 1259 1772 1324; x_wconf 86' lang='lat' dir='ltr'><strong>diebus,</strong></span> <span class='ocrx_word' id='word_1_55' title='bbox 1801 1274 1902 1329; x_wconf 90' lang='lat' dir='ltr'><strong>per</strong></span> <span class='ocrx_word' id='word_1_56' title='bbox 1931 1261 2097 1312; x_wconf 88' lang='lat' dir='ltr'><strong>totam</strong></span> 
     </span>
    </p>
   </div>
   <div class='ocr_carea' id='block_1_10' title="bbox 454 1347 2095 1422">
    <p class='ocr_par' dir='ltr' id='par_1_10' title="bbox 454 1347 2095 1422">
     <span class='ocr_line' id='line_1_10' title="bbox 454 1347 2095 1422; baseline -0.005 -13"><span class='ocrx_word' id='word_1_57' title='bbox 454 1354 946 1422; x_wconf 81' lang='lat' dir='ltr'><strong>Quadragesimam</strong></span> <span class='ocrx_word' id='word_1_58' title='bbox 992 1351 1353 1421; x_wconf 68' lang='lat' dir='ltr'><strong>perseveravit</strong></span> <span class='ocrx_word' id='word_1_59' title='bbox 1417 1348 1756 1420; x_wconf 77' lang='lat' dir='ltr'><strong>imperator.</strong></span> <span class='ocrx_word' id='word_1_60' title='bbox 1835 1347 2095 1402; x_wconf 88' lang='lat' dir='ltr'><strong>Conven-</strong></span> 
     </span>
    </p>
   </div>
   <div class='ocr_carea' id='block_1_11' title="bbox 449 1435 2090 1510">
    <p class='ocr_par' dir='ltr' id='par_1_11' title="bbox 449 1435 2090 1510">
     <span class='ocr_line' id='line_1_11' title="bbox 449 1435 2090 1510; baseline -0.005 -11"><span class='ocrx_word' id='word_1_61' title='bbox 449 1444 637 1499; x_wconf 88' lang='lat' dir='ltr'><strong>tiones</strong></span> <span class='ocrx_word' id='word_1_62' title='bbox 669 1442 841 1497; x_wconf 87' lang='lat' dir='ltr'><strong>etiam</strong></span> <span class='ocrx_word' id='word_1_63' title='bbox 866 1456 999 1496; x_wconf 93' lang='lat' dir='ltr'><strong>cum</strong></span> <span class='ocrx_word' id='word_1_64' title='bbox 1031 1439 1319 1510; x_wconf 83' lang='lat' dir='ltr'><strong>episcopis</strong></span> <span class='ocrx_word' id='word_1_65' title='bbox 1351 1453 1452 1509; x_wconf 91' lang='lat' dir='ltr'><strong>per</strong></span> <span class='ocrx_word' id='word_1_66' title='bbox 1479 1437 1675 1509; x_wconf 82' lang='lat' dir='ltr'><strong>ignem</strong></span> <span class='ocrx_word' id='word_1_67' title='bbox 1708 1435 1920 1491; x_wconf 63' lang='lat' dir='ltr'><strong>habitae</strong></span> <span class='ocrx_word' id='word_1_68' title='bbox 1956 1435 2090 1491; x_wconf 88' lang='lat' dir='ltr'><strong>Sab-</strong></span> 
     </span>
    </p>
   </div>
   <div class='ocr_carea' id='block_1_12' title="bbox 452 1527 2093 1600">
    <p class='ocr_par' dir='ltr' id='par_1_12' title="bbox 452 1527 2093 1600">
     <span class='ocr_line' id='line_1_12' title="bbox 452 1527 2093 1600; baseline -0.004 -14"><span class='ocrx_word' id='word_1_69' title='bbox 452 1533 572 1587; x_wconf 85' lang='lat' dir='ltr'><strong>balo</strong></span> <span class='ocrx_word' id='word_1_70' title='bbox 601 1528 1037 1600; x_wconf 72' lang='lat' dir='ltr'><strong>sancto,Pascha9</strong></span> <span class='ocrx_word' id='word_1_71' title='bbox 1056 1529 1266 1599; x_wconf 79' lang='lat' dir='ltr'><strong>vigilia.</strong></span> <span class='ocrx_word' id='word_1_72' title='bbox 1295 1527 1460 1582; x_wconf 81' lang='lat' dir='ltr'><strong>Hunc</strong></span> <span class='ocrx_word' id='word_1_73' title='bbox 1483 1542 1796 1598; x_wconf 87' lang='lat' dir='ltr'><strong>possumus</strong></span> <span class='ocrx_word' id='word_1_74' title='bbox 1822 1529 2093 1580; x_wconf 85' lang='lat' dir='ltr'><strong>numerat</strong></span> 
     </span>
    </p>
   </div>
   <div class='ocr_carea' id='block_1_13' title="bbox 452 1613 2090 1686">
    <p class='ocr_par' dir='ltr' id='par_1_13' title="bbox 452 1613 2090 1686">
     <span class='ocr_line' id='line_1_13' title="bbox 452 1613 2090 1686; baseline -0.005 -9"><span class='ocrx_word' id='word_1_75' title='bbox 452 1637 674 1676; x_wconf 89' lang='lat' dir='ltr'><strong>annum</strong></span> <span class='ocrx_word' id='word_1_76' title='bbox 704 1620 842 1675; x_wconf 78' lang='lat' dir='ltr'>i283</span> <span class='ocrx_word' id='word_1_77' title='bbox 871 1643 886 1685; x_wconf 89' lang='lat'><strong>;</strong></span> <span class='ocrx_word' id='word_1_78' title='bbox 921 1618 1020 1672; x_wconf 90' lang='lat' dir='ltr'><strong>sed</strong></span> <span class='ocrx_word' id='word_1_79' title='bbox 1053 1631 1274 1672; x_wconf 90' lang='lat' dir='ltr'><strong>annum</strong></span> <span class='ocrx_word' id='word_1_80' title='bbox 1323 1615 1724 1686; x_wconf 83' lang='lat' dir='ltr'><strong>insequentem</strong></span> <span class='ocrx_word' id='word_1_81' title='bbox 1761 1615 1896 1667; x_wconf 79' lang='grc'>1284</span> <span class='ocrx_word' id='word_1_82' title='bbox 1927 1613 2090 1668; x_wconf 86' lang='lat' dir='ltr'><strong>evin-</strong></span> 
     </span>
    </p>
   </div>
   <div class='ocr_carea' id='block_1_14' title="bbox 450 1701 2092 1776">
    <p class='ocr_par' dir='ltr' id='par_1_14' title="bbox 450 1701 2092 1776">
     <span class='ocr_line' id='line_1_14' title="bbox 450 1701 2092 1776; baseline -0.005 -11"><span class='ocrx_word' id='word_1_83' title='bbox 450 1715 593 1766; x_wconf 85' lang='lat' dir='ltr'><strong>cunt</strong></span> <span class='ocrx_word' id='word_1_84' title='bbox 625 1711 946 1764; x_wconf 88' lang='lat' dir='ltr'><strong>memorata</strong></span> <span class='ocrx_word' id='word_1_85' title='bbox 974 1706 1145 1774; x_wconf 87' lang='lat' dir='ltr'><strong>facta,</strong></span> <span class='ocrx_word' id='word_1_86' title='bbox 1165 1722 1291 1776; x_wconf 67' lang='lat' dir='ltr'><strong>quae</strong></span> <span class='ocrx_word' id='word_1_87' title='bbox 1323 1703 1657 1758; x_wconf 89' lang='lat' dir='ltr'><strong>acciderunt</strong></span> <span class='ocrx_word' id='word_1_88' title='bbox 1683 1705 1824 1772; x_wconf 79' lang='lat' dir='ltr'><strong>feria</strong></span> <span class='ocrx_word' id='word_1_89' title='bbox 1854 1701 2092 1756; x_wconf 87' lang='lat' dir='ltr'><strong>secunda</strong></span> 
     </span>
    </p>
   </div>
   <div class='ocr_carea' id='block_1_15' title="bbox 450 1791 2089 1868">
    <p class='ocr_par' dir='ltr' id='par_1_15' title="bbox 450 1791 2089 1868">
     <span class='ocr_line' id='line_1_15' title="bbox 450 1791 2089 1868; baseline -0.006 -14"><span class='ocrx_word' id='word_1_90' title='bbox 450 1797 800 1855; x_wconf 66' lang='lat' dir='ltr'><strong>hebdomadas</strong></span> <span class='ocrx_word' id='word_1_91' title='bbox 874 1793 1154 1868; x_wconf 80' lang='lat' dir='ltr'><strong>paschalis</strong></span> <span class='ocrx_word' id='word_1_92' title='bbox 1213 1793 1350 1848; x_wconf 88' lang='lat' dir='ltr'><strong>anni</strong></span> <span class='ocrx_word' id='word_1_93' title='bbox 1418 1791 1640 1847; x_wconf 83' lang='lat' dir='ltr'><strong>scilicet</strong></span> <span class='ocrx_word' id='word_1_94' title='bbox 1694 1792 1853 1852; x_wconf 77' lang='lat'>1283,</span> <span class='ocrx_word' id='word_1_95' title='bbox 1912 1796 2089 1863; x_wconf 64' lang='lat' dir='ltr'><strong>guttae</strong></span> 
     </span>
    </p>
   </div>
   <div class='ocr_carea' id='block_1_16' title="bbox 449 1881 2091 1960">
    <p class='ocr_par' dir='ltr' id='par_1_16' title="bbox 449 1881 2091 1960">
     <span class='ocr_line' id='line_1_16' title="bbox 449 1881 2091 1960; baseline -0.007 -15"><span class='ocrx_word' id='word_1_96' title='bbox 449 1886 757 1960; x_wconf 86' lang='lat' dir='ltr'><strong>sanguinis</strong></span> <span class='ocrx_word' id='word_1_97' title='bbox 801 1902 831 1941; x_wconf 91' lang='lat' dir='ltr'><strong>e</strong></span> <span class='ocrx_word' id='word_1_98' title='bbox 887 1883 1028 1940; x_wconf 71' lang='lat' dir='ltr'><strong>caalo</strong></span> <span class='ocrx_word' id='word_1_99' title='bbox 1088 1883 1425 1938; x_wconf 88' lang='lat' dir='ltr'><strong>decidentes</strong></span> <span class='ocrx_word' id='word_1_100' title='bbox 1454 1896 1640 1936; x_wconf 89' lang='lat' dir='ltr'><strong>mense</strong></span> <span class='ocrx_word' id='word_1_101' title='bbox 1697 1881 1857 1946; x_wconf 80' lang='lat' dir='ltr'><strong>Maio,</strong></span> <span class='ocrx_word' id='word_1_102' title='bbox 1891 1885 2091 1934; x_wconf 79' lang='lat' dir='ltr'><strong>exacta</strong></span> 
     </span>
    </p>
   </div>
   <div class='ocr_carea' id='block_1_17' title="bbox 447 1968 2085 2047">
    <p class='ocr_par' dir='ltr' id='par_1_17' title="bbox 447 1968 2085 2047">
     <span class='ocr_line' id='line_1_17' title="bbox 447 1968 2085 2047; baseline -0.005 -16"><span class='ocrx_word' id='word_1_103' title='bbox 447 1976 769 2047; x_wconf 86' lang='lat' dir='ltr'><strong>Adramytii</strong></span> <span class='ocrx_word' id='word_1_104' title='bbox 819 1975 988 2029; x_wconf 89' lang='lat' dir='ltr'><strong>hiems</strong></span> <span class='ocrx_word' id='word_1_105' title='bbox 1036 1975 1170 2037; x_wconf 85' lang='lat' dir='ltr'><strong>tota,</strong></span> <span class='ocrx_word' id='word_1_106' title='bbox 1223 1971 1420 2042; x_wconf 89' lang='lat' dir='ltr'><strong>ibique</strong></span> <span class='ocrx_word' id='word_1_107' title='bbox 1467 1969 1665 2041; x_wconf 86' lang='lat' dir='ltr'><strong>plures</strong></span> <span class='ocrx_word' id='word_1_108' title='bbox 1716 1968 1902 2023; x_wconf 91' lang='lat' dir='ltr'><strong>habiti</strong></span> <span class='ocrx_word' id='word_1_109' title='bbox 1952 1985 2085 2023; x_wconf 92' lang='lat' dir='ltr'><strong>cum</strong></span> 
     </span>
    </p>
   </div>
   <div class='ocr_carea' id='block_1_18' title="bbox 447 2057 2084 2137">
    <p class='ocr_par' dir='ltr' id='par_1_18' title="bbox 447 2057 2084 2137">
     <span class='ocr_line' id='line_1_18' title="bbox 447 2057 2084 2137; baseline -0.005 -17"><span class='ocrx_word' id='word_1_110' title='bbox 447 2063 736 2137; x_wconf 85' lang='lat' dir='ltr'><strong>episcopis</strong></span> <span class='ocrx_word' id='word_1_111' title='bbox 812 2065 1130 2117; x_wconf 88' lang='lat' dir='ltr'><strong>conventus</strong></span> <span class='ocrx_word' id='word_1_112' title='bbox 1184 2076 1282 2131; x_wconf 88' lang='lat' dir='ltr'><strong>per</strong></span> <span class='ocrx_word' id='word_1_113' title='bbox 1349 2064 1517 2114; x_wconf 89' lang='lat' dir='ltr'><strong>totam</strong></span> <span class='ocrx_word' id='word_1_114' title='bbox 1575 2057 2084 2129; x_wconf 84' lang='lat' dir='ltr'><strong>Quadragesimam.</strong></span> 
     </span>
    </p>
   </div>
   <div class='ocr_carea' id='block_1_19' title="bbox 444 2145 2090 2221">
    <p class='ocr_par' dir='ltr' id='par_1_19' title="bbox 444 2145 2090 2221">
     <span class='ocr_line' id='line_1_19' title="bbox 444 2145 2090 2221; baseline -0.006 -12"><span class='ocrx_word' id='word_1_115' title='bbox 444 2151 857 2209; x_wconf 85' lang='lat' dir='ltr'><strong>Conventionis</strong></span> <span class='ocrx_word' id='word_1_116' title='bbox 886 2166 1022 2221; x_wconf 90' lang='lat' dir='ltr'><strong>ergo</strong></span> <span class='ocrx_word' id='word_1_117' title='bbox 1055 2153 1288 2220; x_wconf 92' lang='lat' dir='ltr'><strong>pactum</strong></span> <span class='ocrx_word' id='word_1_118' title='bbox 1312 2147 1382 2203; x_wconf 91' lang='lat' dir='ltr'><strong>de</strong></span> <span class='ocrx_word' id='word_1_119' title='bbox 1404 2147 1624 2202; x_wconf 91' lang='lat' dir='ltr'><strong>chartis</strong></span> <span class='ocrx_word' id='word_1_120' title='bbox 1652 2146 1708 2200; x_wconf 91' lang='lat' dir='ltr'><strong>in</strong></span> <span class='ocrx_word' id='word_1_121' title='bbox 1736 2145 1930 2216; x_wconf 83' lang='lat' dir='ltr'><strong>ignem</strong></span> <span class='ocrx_word' id='word_1_122' title='bbox 1962 2146 2090 2215; x_wconf 89' lang='lat' dir='ltr'><strong>inji-</strong></span> 
     </span>
    </p>
   </div>
   <div class='ocr_carea' id='block_1_20' title="bbox 443 2235 2086 2310">
    <p class='ocr_par' dir='ltr' id='par_1_20' title="bbox 443 2235 2086 2310">
     <span class='ocr_line' id='line_1_20' title="bbox 443 2235 2086 2310; baseline -0.005 -12"><span class='ocrx_word' id='word_1_123' title='bbox 443 2241 665 2298; x_wconf 89' lang='lat' dir='ltr'><strong>ciendis</strong></span> <span class='ocrx_word' id='word_1_124' title='bbox 715 2241 786 2296; x_wconf 88' lang='lat' dir='ltr'><strong>ad</strong></span> <span class='ocrx_word' id='word_1_125' title='bbox 845 2238 1326 2310; x_wconf 86' lang='lat' dir='ltr'><strong>experimentum,</strong></span> <span class='ocrx_word' id='word_1_126' title='bbox 1386 2235 1596 2291; x_wconf 89' lang='lat' dir='ltr'><strong>accidit</strong></span> <span class='ocrx_word' id='word_1_127' title='bbox 1641 2235 1876 2289; x_wconf 87' lang='lat' dir='ltr'><strong>Sabbato</strong></span> <span class='ocrx_word' id='word_1_128' title='bbox 1903 2239 2086 2290; x_wconf 77' lang='lat' dir='ltr'><strong>sancto</strong></span> 
     </span>
    </p>
   </div>
   <div class='ocr_carea' id='block_1_21' title="bbox 444 2324 2087 2396">
    <p class='ocr_par' dir='ltr' id='par_1_21' title="bbox 444 2324 2087 2396">
     <span class='ocr_line' id='line_1_21' title="bbox 444 2324 2087 2396; baseline -0.004 -11"><span class='ocrx_word' id='word_1_129' title='bbox 444 2330 581 2385; x_wconf 88' lang='lat' dir='ltr'><strong>anni</strong></span> <span class='ocrx_word' id='word_1_130' title='bbox 613 2329 772 2385; x_wconf 78' lang='grc'>4284.</span> <span class='ocrx_word' id='word_1_131' title='bbox 804 2327 1161 2383; x_wconf 83' lang='lat' dir='ltr'><strong>Numerabat</strong></span> <span class='ocrx_word' id='word_1_132' title='bbox 1190 2325 1283 2381; x_wconf 88' lang='lat' dir='ltr'><strong>hic</strong></span> <span class='ocrx_word' id='word_1_133' title='bbox 1317 2341 1509 2381; x_wconf 90' lang='lat' dir='ltr'><strong>annus</strong></span> <span class='ocrx_word' id='word_1_134' title='bbox 1537 2325 1757 2396; x_wconf 88' lang='lat' dir='ltr'><strong>cyclum</strong></span> <span class='ocrx_word' id='word_1_135' title='bbox 1785 2324 1915 2378; x_wconf 89' lang='lat' dir='ltr'><strong>solis</strong></span> <span class='ocrx_word' id='word_1_136' title='bbox 1941 2325 1994 2389; x_wconf 89' lang='grc'><strong>5,</strong></span> <span class='ocrx_word' id='word_1_137' title='bbox 2029 2328 2087 2378; x_wconf 89' lang='lat' dir='ltr'><strong>et</strong></span> 
     </span>
    </p>
   </div>
   <div class='ocr_carea' id='block_1_22' title="bbox 443 2413 2081 2480">
    <p class='ocr_par' dir='ltr' id='par_1_22' title="bbox 443 2413 2081 2480">
     <span class='ocr_line' id='line_1_22' title="bbox 443 2413 2081 2480; baseline -0.006 -6"><span class='ocrx_word' id='word_1_138' title='bbox 443 2421 680 2476; x_wconf 88' lang='lat' dir='ltr'><strong>lttteram</strong></span> <span class='ocrx_word' id='word_1_139' title='bbox 707 2417 1103 2474; x_wconf 88' lang='lat' dir='ltr'><strong>Dominicalem</strong></span> <span class='ocrx_word' id='word_1_140' title='bbox 1147 2419 1238 2468; x_wconf 86' lang='lat' dir='ltr'><strong>BA</strong></span> <span class='ocrx_word' id='word_1_141' title='bbox 1289 2419 1347 2469; x_wconf 90' lang='lat' dir='ltr'><strong>et</strong></span> <span class='ocrx_word' id='word_1_142' title='bbox 1397 2429 1625 2468; x_wconf 75' lang='lat' dir='ltr'><strong>aureum</strong></span> <span class='ocrx_word' id='word_1_143' title='bbox 1671 2427 1962 2468; x_wconf 83' lang='lat' dir='ltr'><strong>numerum</strong></span> <span class='ocrx_word' id='word_1_144' title='bbox 1995 2413 2081 2480; x_wconf 81' lang='lat' dir='ltr'><strong>i2,</strong></span> 
     </span>
    </p>
   </div>
   <div class='ocr_carea' id='block_1_23' title="bbox 443 2500 2084 2580">
    <p class='ocr_par' dir='ltr' id='par_1_23' title="bbox 443 2500 2084 2580">
     <span class='ocr_line' id='line_1_23' title="bbox 443 2500 2084 2580; baseline -0.005 -16"><span class='ocrx_word' id='word_1_145' title='bbox 443 2509 657 2580; x_wconf 90' lang='lat' dir='ltr'><strong>quibus</strong></span> <span class='ocrx_word' id='word_1_146' title='bbox 688 2506 910 2562; x_wconf 91' lang='lat' dir='ltr'><strong>Pascha</strong></span> <span class='ocrx_word' id='word_1_147' title='bbox 938 2522 999 2559; x_wconf 79' lang='lat' dir='ltr'><strong>in</strong></span> <span class='ocrx_word' id='word_1_148' title='bbox 1027 2504 1172 2559; x_wconf 90' lang='lat' dir='ltr'><strong>diem</strong></span> <span class='ocrx_word' id='word_1_149' title='bbox 1202 2505 1236 2557; x_wconf 99' lang='lat'><strong>9</strong></span> <span class='ocrx_word' id='word_1_150' title='bbox 1264 2504 1466 2574; x_wconf 81' lang='lat' dir='ltr'><strong>Aprilis</strong></span> <span class='ocrx_word' id='word_1_151' title='bbox 1497 2502 1793 2558; x_wconf 84' lang='lat' dir='ltr'><strong>confertur</strong></span> <span class='ocrx_word' id='word_1_152' title='bbox 1828 2519 1840 2555; x_wconf 93' lang='lat'>:</span> <span class='ocrx_word' id='word_1_153' title='bbox 1874 2500 2084 2571; x_wconf 90' lang='lat' dir='ltr'><strong>dieque</strong></span> 
     </span>
    </p>
   </div>
   <div class='ocr_carea' id='block_1_24' title="bbox 442 2593 1791 2669">
    <p class='ocr_par' dir='ltr' id='par_1_24' title="bbox 442 2593 1791 2669">
     <span class='ocr_line' id='line_1_24' title="bbox 442 2593 1791 2669; baseline -0.005 -17"><span class='ocrx_word' id='word_1_154' title='bbox 442 2597 798 2669; x_wconf 66' lang='lat' dir='ltr'><strong>praecedente</strong></span> <span class='ocrx_word' id='word_1_155' title='bbox 828 2601 1028 2650; x_wconf 90' lang='lat' dir='ltr'><strong>octava</strong></span> <span class='ocrx_word' id='word_1_156' title='bbox 1056 2593 1165 2648; x_wconf 91' lang='lat' dir='ltr'><strong>fuit</strong></span> <span class='ocrx_word' id='word_1_157' title='bbox 1194 2593 1492 2648; x_wconf 87' lang='lat' dir='ltr'><strong>Sabbatum</strong></span> <span class='ocrx_word' id='word_1_158' title='bbox 1521 2602 1791 2648; x_wconf 86' lang='lat' dir='ltr'><strong>sanctum.</strong></span> 
     </span>
    </p>
   </div>
   <div class='ocr_carea' id='block_1_25' title="bbox 512 2682 2082 2758">
    <p class='ocr_par' dir='ltr' id='par_1_25' title="bbox 512 2682 2082 2758">
     <span class='ocr_line' id='line_1_25' title="bbox 512 2682 2082 2758; baseline 0 -17"><span class='ocrx_word' id='word_1_159' title='bbox 512 2687 648 2750; x_wconf 69' lang='lat' dir='ltr'><strong>Qua:</strong></span> <span class='ocrx_word' id='word_1_160' title='bbox 707 2686 977 2756; x_wconf 88' lang='lat' dir='ltr'><strong>deinceps</strong></span> <span class='ocrx_word' id='word_1_161' title='bbox 1033 2682 1368 2737; x_wconf 90' lang='lat' dir='ltr'><strong>acciderunt</strong></span> <span class='ocrx_word' id='word_1_162' title='bbox 1422 2682 1580 2736; x_wconf 90' lang='lat' dir='ltr'><strong>varia</strong></span> <span class='ocrx_word' id='word_1_163' title='bbox 1635 2700 1701 2738; x_wconf 88' lang='lat' dir='ltr'><strong>ao</strong></span> <span class='ocrx_word' id='word_1_164' title='bbox 1732 2685 2082 2758; x_wconf 87' lang='lat' dir='ltr'><strong>multiplicia</strong></span> 
     </span>
    </p>
   </div>
   <div class='ocr_carea' id='block_1_26' title="bbox 440 2770 2079 2847">
    <p class='ocr_par' dir='ltr' id='par_1_26' title="bbox 440 2770 2079 2847">
     <span class='ocr_line' id='line_1_26' title="bbox 440 2770 2079 2847; baseline -0.001 -17"><span class='ocrx_word' id='word_1_165' title='bbox 440 2773 628 2847; x_wconf 90' lang='lat' dir='ltr'><strong>pergit</strong></span> <span class='ocrx_word' id='word_1_166' title='bbox 657 2789 893 2829; x_wconf 88' lang='lat' dir='ltr'><strong>narrare</strong></span> <span class='ocrx_word' id='word_1_167' title='bbox 943 2770 1341 2842; x_wconf 90' lang='lat' dir='ltr'><strong>Pachymeres.</strong></span> <span class='ocrx_word' id='word_1_168' title='bbox 1367 2771 1736 2828; x_wconf 81' lang='lat' dir='ltr'><strong>Andronicus</strong></span> <span class='ocrx_word' id='word_1_169' title='bbox 1776 2774 1913 2828; x_wconf 91' lang='lat' dir='ltr'><strong>olim</strong></span> <span class='ocrx_word' id='word_1_170' title='bbox 1947 2776 2079 2830; x_wconf 89' lang='lat' dir='ltr'><strong>Sar-</strong></span> 
     </span>
    </p>
   </div>
   <div class='ocr_carea' id='block_1_27' title="bbox 439 2859 2077 2934">
    <p class='ocr_par' dir='ltr' id='par_1_27' title="bbox 439 2859 2077 2934">
     <span class='ocr_line' id='line_1_27' title="bbox 439 2859 2077 2934; baseline -0.001 -15"><span class='ocrx_word' id='word_1_171' title='bbox 439 2863 640 2920; x_wconf 90' lang='lat' dir='ltr'><strong>densis</strong></span> <span class='ocrx_word' id='word_1_172' title='bbox 687 2862 994 2934; x_wconf 88' lang='lat' dir='ltr'><strong>episc0pus</strong></span> <span class='ocrx_word' id='word_1_173' title='bbox 1043 2859 1598 2930; x_wconf 88' lang='lat' dir='ltr'><strong>ignominiosissime</strong></span> <span class='ocrx_word' id='word_1_174' title='bbox 1619 2861 1869 2931; x_wconf 86' lang='lat' dir='ltr'><strong>ejicitur,</strong></span> <span class='ocrx_word' id='word_1_175' title='bbox 1902 2862 2077 2918; x_wconf 90' lang='lat' dir='ltr'><strong>veluti</strong></span> 
     </span>
    </p>
   </div>
   <div class='ocr_carea' id='block_1_28' title="bbox 437 2949 2076 3019">
    <p class='ocr_par' dir='ltr' id='par_1_28' title="bbox 437 2949 2076 3019">
     <span class='ocr_line' id='line_1_28' title="bbox 437 2949 2076 3019; baseline -0.001 -10"><span class='ocrx_word' id='word_1_176' title='bbox 437 2970 573 3009; x_wconf 90' lang='lat' dir='ltr'><strong>reus</strong></span> <span class='ocrx_word' id='word_1_177' title='bbox 602 2951 752 3006; x_wconf 66' lang='lat' dir='ltr'><strong>lassae</strong></span> <span class='ocrx_word' id='word_1_178' title='bbox 783 2949 1105 3019; x_wconf 86' lang='lat' dir='ltr'><strong>majestatis</strong></span> <span class='ocrx_word' id='word_1_179' title='bbox 1137 2949 1349 3019; x_wconf 91' lang='lat' dir='ltr'><strong>(capite</strong></span> <span class='ocrx_word' id='word_1_180' title='bbox 1392 2949 1482 3017; x_wconf 90' lang='lat'>23)</span> <span class='ocrx_word' id='word_1_181' title='bbox 1509 2966 1521 3014; x_wconf 91' lang='lat'><strong>;</strong></span> <span class='ocrx_word' id='word_1_182' title='bbox 1555 2949 1842 3016; x_wconf 79' lang='lat' dir='ltr'><strong>Cataniza,</strong></span> <span class='ocrx_word' id='word_1_183' title='bbox 1875 2969 2076 3007; x_wconf 85' lang='lat' dir='ltr'><strong>mona-</strong></span> 
     </span>
    </p>
   </div>
   <div class='ocr_carea' id='block_1_29' title="bbox 437 3037 2075 3110">
    <p class='ocr_par' dir='ltr' id='par_1_29' title="bbox 437 3037 2075 3110">
     <span class='ocr_line' id='line_1_29' title="bbox 437 3037 2075 3110; baseline -0.001 -13"><span class='ocrx_word' id='word_1_184' title='bbox 437 3042 582 3098; x_wconf 88' lang='lat' dir='ltr'><strong>chus</strong></span> <span class='ocrx_word' id='word_1_185' title='bbox 611 3058 680 3096; x_wconf 90' lang='lat' dir='ltr'><strong>ex</strong></span> <span class='ocrx_word' id='word_1_186' title='bbox 706 3040 928 3096; x_wconf 87' lang='lat' dir='ltr'><strong>latrone</strong></span> <span class='ocrx_word' id='word_1_187' title='bbox 975 3038 1181 3103; x_wconf 89' lang='lat' dir='ltr'><strong>factus,</strong></span> <span class='ocrx_word' id='word_1_188' title='bbox 1233 3037 1415 3091; x_wconf 88' lang='lat' dir='ltr'><strong>Prusa</strong></span> <span class='ocrx_word' id='word_1_189' title='bbox 1446 3038 1593 3108; x_wconf 82' lang='lat' dir='ltr'><strong>fugit</strong></span> <span class='ocrx_word' id='word_1_190' title='bbox 1619 3038 1831 3109; x_wconf 83' lang='lat' dir='ltr'><strong>(capite</strong></span> <span class='ocrx_word' id='word_1_191' title='bbox 1859 3042 1982 3110; x_wconf 61' lang='lat' dir='ltr'><strong>2t);</strong></span> <span class='ocrx_word' id='word_1_192' title='bbox 2017 3041 2075 3095; x_wconf 90' lang='lat' dir='ltr'><strong>in</strong></span> 
     </span>
    </p>
   </div>
   <div class='ocr_carea' id='block_1_30' title="bbox 437 3127 2076 3196">
    <p class='ocr_par' dir='ltr' id='par_1_30' title="bbox 437 3127 2076 3196">
     <span class='ocr_line' id='line_1_30' title="bbox 437 3127 2076 3196; baseline -0.002 -8"><span class='ocrx_word' id='word_1_193' title='bbox 437 3132 710 3188; x_wconf 89' lang='lat' dir='ltr'><strong>occiduos</strong></span> <span class='ocrx_word' id='word_1_194' title='bbox 737 3134 960 3184; x_wconf 89' lang='lat' dir='ltr'><strong>tractus</strong></span> <span class='ocrx_word' id='word_1_195' title='bbox 991 3127 1064 3182; x_wconf 91' lang='lat' dir='ltr'><strong>ab</strong></span> <span class='ocrx_word' id='word_1_196' title='bbox 1113 3127 1458 3196; x_wconf 88' lang='lat' dir='ltr'><strong>imperatore</strong></span> <span class='ocrx_word' id='word_1_197' title='bbox 1518 3127 1776 3182; x_wconf 87' lang='lat' dir='ltr'><strong>mittitur</strong></span> <span class='ocrx_word' id='word_1_198' title='bbox 1823 3130 2076 3184; x_wconf 89' lang='lat' dir='ltr'><strong>Tarcha-</strong></span> 
     </span>
    </p>
   </div>
   <div class='ocr_carea' id='block_1_31' title="bbox 437 3216 2071 3291">
    <p class='ocr_par' dir='ltr' id='par_1_31' title="bbox 437 3216 2071 3291">
     <span class='ocr_line' id='line_1_31' title="bbox 437 3216 2071 3291; baseline -0.001 -15"><span class='ocrx_word' id='word_1_199' title='bbox 437 3222 599 3277; x_wconf 89' lang='lat' dir='ltr'><strong>niota</strong></span> <span class='ocrx_word' id='word_1_200' title='bbox 656 3216 1136 3291; x_wconf 86' lang='lat' dir='ltr'><strong>protovestiarius</strong></span> <span class='ocrx_word' id='word_1_201' title='bbox 1193 3231 1325 3269; x_wconf 92' lang='lat' dir='ltr'><strong>cum</strong></span> <span class='ocrx_word' id='word_1_202' title='bbox 1380 3216 1632 3270; x_wconf 86' lang='lat' dir='ltr'><strong>exercitu</strong></span> <span class='ocrx_word' id='word_1_203' title='bbox 1673 3217 1880 3288; x_wconf 89' lang='lat' dir='ltr'><strong>(capite</strong></span> <span class='ocrx_word' id='word_1_204' title='bbox 1932 3220 2071 3290; x_wconf 87' lang='lat'>25);</span> 
     </span>
    </p>
   </div>
   <div class='ocr_carea' id='block_1_32' title="bbox 437 3284 2146 3376">
    <p class='ocr_par' dir='ltr' id='par_1_32' title="bbox 437 3284 2146 3376">
     <span class='ocr_line' id='line_1_32' title="bbox 437 3284 2146 3376; baseline -0.003 -10"><span class='ocrx_word' id='word_1_205' title='bbox 437 3284 674 3366; x_wconf 45' lang='lat' dir='ltr'><strong>classis-</strong></span> <span class='ocrx_word' id='word_1_206' title='bbox 708 3309 969 3363; x_wconf 80' lang='lat' dir='ltr'><strong>Romana</strong></span> <span class='ocrx_word' id='word_1_207' title='bbox 1030 3305 1366 3376; x_wconf 89' lang='lat' dir='ltr'><strong>negligitur,</strong></span> <span class='ocrx_word' id='word_1_208' title='bbox 1425 3321 1490 3358; x_wconf 92' lang='lat' dir='ltr'><strong>ac</strong></span> <span class='ocrx_word' id='word_1_209' title='bbox 1539 3284 1780 3360; x_wconf 37' lang='lat' dir='ltr'><strong>sensim‘</strong></span> <span class='ocrx_word' id='word_1_210' title='bbox 1808 3284 2074 3362; x_wconf 84' lang='lat' dir='ltr'><strong>aboletur</strong></span> <span class='ocrx_word' id='word_1_211' title='bbox 2105 3284 2146 3349; x_wconf 77' lang='lat' dir='ltr'><strong><em>C</em></strong></span> 
     </span>
    </p>
   </div>
   <div class='ocr_carea' id='block_1_33' title="bbox 435 3393 2074 3472">
    <p class='ocr_par' dir='ltr' id='par_1_33' title="bbox 435 3393 2074 3472">
     <span class='ocr_line' id='line_1_33' title="bbox 435 3393 2074 3472; baseline -0.002 -17"><span class='ocrx_word' id='word_1_212' title='bbox 435 3400 646 3472; x_wconf 88' lang='lat' dir='ltr'><strong>(capite</strong></span> <span class='ocrx_word' id='word_1_213' title='bbox 675 3399 805 3469; x_wconf 86' lang='lat'>26);</span> <span class='ocrx_word' id='word_1_214' title='bbox 840 3393 1142 3450; x_wconf 89' lang='lat' dir='ltr'><strong>Mlchaelis</strong></span> <span class='ocrx_word' id='word_1_215' title='bbox 1173 3393 1476 3465; x_wconf 87' lang='lat' dir='ltr'><strong>principis,</strong></span> <span class='ocrx_word' id='word_1_216' title='bbox 1529 3393 1629 3447; x_wconf 82' lang='lat' dir='ltr'><strong>ﬁlii</strong></span> <span class='ocrx_word' id='word_1_217' title='bbox 1688 3394 1931 3452; x_wconf 84' lang='lat' dir='ltr'><strong>Joannis</strong></span> <span class='ocrx_word' id='word_1_218' title='bbox 1989 3414 2074 3452; x_wconf 89' lang='lat' dir='ltr'><strong>se-</strong></span> 
     </span>
    </p>
   </div>
   <div class='ocr_carea' id='block_1_34' title="bbox 434 3483 2072 3557">
    <p class='ocr_par' dir='ltr' id='par_1_34' title="bbox 434 3483 2072 3557">
     <span class='ocr_line' id='line_1_34' title="bbox 434 3483 2072 3557; baseline -0.001 -13"><span class='ocrx_word' id='word_1_219' title='bbox 434 3485 852 3544; x_wconf 87' lang='lat' dir='ltr'><strong>bastocratoris</strong></span> <span class='ocrx_word' id='word_1_220' title='bbox 899 3484 1049 3538; x_wconf 80' lang='lat' dir='ltr'><strong>aedes</strong></span> <span class='ocrx_word' id='word_1_221' title='bbox 1100 3483 1348 3537; x_wconf 62' lang='lat' dir='ltr'><strong>incensa:</strong></span> <span class='ocrx_word' id='word_1_222' title='bbox 1399 3484 1610 3554; x_wconf 89' lang='lat' dir='ltr'><strong>(capite</strong></span> <span class='ocrx_word' id='word_1_223' title='bbox 1652 3485 1763 3554; x_wconf 86' lang='lat'><strong>27).</strong></span> <span class='ocrx_word' id='word_1_224' title='bbox 1815 3485 2072 3557; x_wconf 87' lang='lat' dir='ltr'><strong>Tempus</strong></span> 
     </span>
    </p>
   </div>
   <div class='ocr_carea' id='block_1_35' title="bbox 431 3572 2072 3633">
    <p class='ocr_par' dir='ltr' id='par_1_35' title="bbox 431 3572 2072 3633">
     <span class='ocr_line' id='line_1_35' title="bbox 431 3572 2072 3633; baseline -0.002 0"><span class='ocrx_word' id='word_1_225' title='bbox 431 3582 590 3633; x_wconf 85' lang='lat' dir='ltr'><strong>notat</strong></span> <span class='ocrx_word' id='word_1_226' title='bbox 623 3573 938 3630; x_wconf 89' lang='lat' dir='ltr'><strong>historicus</strong></span> <span class='ocrx_word' id='word_1_227' title='bbox 971 3589 982 3627; x_wconf 94' lang='lat'>:</span> <span class='ocrx_word' id='word_1_228' title='bbox 1019 3577 1153 3628; x_wconf 53' lang='lat' dir='ltr'><strong>Hac</strong></span> <span class='ocrx_word' id='word_1_229' title='bbox 1180 3574 1330 3626; x_wconf 87' lang='lat' dir='ltr'><strong>circa</strong></span> <span class='ocrx_word' id='word_1_230' title='bbox 1355 3572 1660 3627; x_wconf 85' lang='lat' dir='ltr'><strong>Decembris</strong></span> <span class='ocrx_word' id='word_1_231' title='bbox 1688 3573 1928 3628; x_wconf 86' lang='lat' dir='ltr'><strong>medium</strong></span> <span class='ocrx_word' id='word_1_232' title='bbox 1947 3585 2072 3630; x_wconf 88' lang='lat' dir='ltr'><strong>acta</strong></span> 
     </span>
    </p>
   </div>
   <div class='ocr_carea' id='block_1_36' title="bbox 427 3661 2066 3732">
    <p class='ocr_par' dir='ltr' id='par_1_36' title="bbox 427 3661 2066 3732">
     <span class='ocr_line' id='line_1_36' title="bbox 427 3661 2066 3732; baseline -0.002 -11"><span class='ocrx_word' id='word_1_233' title='bbox 427 3669 574 3721; x_wconf 86' lang='lat' dir='ltr'><strong>sunt.</strong></span> <span class='ocrx_word' id='word_1_234' title='bbox 609 3666 729 3729; x_wconf 87' lang='lat' dir='ltr'><strong>Quo</strong></span> <span class='ocrx_word' id='word_1_235' title='bbox 758 3678 891 3718; x_wconf 90' lang='lat' dir='ltr'><strong>vero</strong></span> <span class='ocrx_word' id='word_1_236' title='bbox 923 3661 975 3716; x_wconf 93' lang='lat' dir='ltr'><strong>id</strong></span> <span class='ocrx_word' id='word_1_237' title='bbox 1024 3661 1301 3715; x_wconf 90' lang='lat' dir='ltr'><strong>acciderit</strong></span> <span class='ocrx_word' id='word_1_238' title='bbox 1330 3677 1503 3730; x_wconf 91' lang='lat' dir='ltr'><strong>anno,</strong></span> <span class='ocrx_word' id='word_1_239' title='bbox 1556 3661 1820 3732; x_wconf 89' lang='lat' dir='ltr'><strong>ignotum</strong></span> <span class='ocrx_word' id='word_1_240' title='bbox 1874 3663 2016 3717; x_wconf 90' lang='lat' dir='ltr'><strong>mihi</strong></span> <span class='ocrx_word' id='word_1_241' title='bbox 2053 3682 2066 3730; x_wconf 87' lang='lat'><strong>;</strong></span> 
     </span>
    </p>
   </div>
   <div class='ocr_carea' id='block_1_37' title="bbox 426 3748 2068 3824">
    <p class='ocr_par' dir='ltr' id='par_1_37' title="bbox 426 3748 2068 3824">
     <span class='ocr_line' id='line_1_37' title="bbox 426 3748 2068 3824; baseline -0.001 -16"><span class='ocrx_word' id='word_1_242' title='bbox 426 3753 606 3809; x_wconf 88' lang='lat' dir='ltr'><strong>simul</strong></span> <span class='ocrx_word' id='word_1_243' title='bbox 635 3752 789 3808; x_wconf 91' lang='lat' dir='ltr'><strong>enim</strong></span> <span class='ocrx_word' id='word_1_244' title='bbox 821 3749 1041 3821; x_wconf 86' lang='lat' dir='ltr'><strong>colligit</strong></span> <span class='ocrx_word' id='word_1_245' title='bbox 1062 3748 1441 3822; x_wconf 88' lang='lat' dir='ltr'><strong>Pachymeres</strong></span> <span class='ocrx_word' id='word_1_246' title='bbox 1476 3766 1670 3804; x_wconf 89' lang='lat' dir='ltr'><strong>rerum</strong></span> <span class='ocrx_word' id='word_1_247' title='bbox 1701 3758 1940 3807; x_wconf 80' lang='lat' dir='ltr'><strong>eventus</strong></span> <span class='ocrx_word' id='word_1_248' title='bbox 1967 3753 2068 3824; x_wconf 93' lang='lat' dir='ltr'><strong>qui</strong></span> 
     </span>
    </p>
   </div>
   <div class='ocr_carea' id='block_1_38' title="bbox 427 3839 1393 3915">
    <p class='ocr_par' dir='ltr' id='par_1_38' title="bbox 427 3839 1393 3915">
     <span class='ocr_line' id='line_1_38' title="bbox 427 3839 1393 3915; baseline -0.006 -17"><span class='ocrx_word' id='word_1_249' title='bbox 427 3859 531 3915; x_wconf 90' lang='lat' dir='ltr'><strong>per</strong></span> <span class='ocrx_word' id='word_1_250' title='bbox 559 3845 827 3912; x_wconf 89' lang='lat' dir='ltr'><strong>tempora</strong></span> <span class='ocrx_word' id='word_1_251' title='bbox 851 3839 1009 3894; x_wconf 88' lang='lat' dir='ltr'><strong>varia</strong></span> <span class='ocrx_word' id='word_1_252' title='bbox 1038 3839 1393 3893; x_wconf 89' lang='lat' dir='ltr'><strong>acciderunt.</strong></span> 
     </span>
    </p>
   </div>
   <div class='ocr_carea' id='block_1_39' title="bbox 498 3927 2069 4001">
    <p class='ocr_par' dir='ltr' id='par_1_39' title="bbox 498 3927 2069 4001">
     <span class='ocr_line' id='line_1_39' title="bbox 498 3927 2069 4001; baseline 0.001 -17"><span class='ocrx_word' id='word_1_253' title='bbox 498 3931 846 4001; x_wconf 88' lang='lat' dir='ltr'><strong>Insequente</strong></span> <span class='ocrx_word' id='word_1_254' title='bbox 875 3927 1148 3982; x_wconf 89' lang='lat' dir='ltr'><strong>vicesimo</strong></span> <span class='ocrx_word' id='word_1_255' title='bbox 1173 3931 1372 3982; x_wconf 85' lang='lat' dir='ltr'><strong>octavo</strong></span> <span class='ocrx_word' id='word_1_256' title='bbox 1397 3927 1585 3999; x_wconf 89' lang='lat' dir='ltr'><strong>capite</strong></span> <span class='ocrx_word' id='word_1_257' title='bbox 1607 3928 1842 3984; x_wconf 87' lang='lat' dir='ltr'><strong>disserit</strong></span> <span class='ocrx_word' id='word_1_258' title='bbox 1871 3929 1966 3986; x_wconf 91' lang='lat' dir='ltr'><strong>ille</strong></span> <span class='ocrx_word' id='word_1_259' title='bbox 1997 3931 2069 3987; x_wconf 84' lang='lat' dir='ltr'><strong>de</strong></span> 
     </span>
    </p>
   </div>
   <div class='ocr_carea' id='block_1_40' title="bbox 421 4016 2066 4092">
    <p class='ocr_par' dir='ltr' id='par_1_40' title="bbox 421 4016 2066 4092">
     <span class='ocr_line' id='line_1_40' title="bbox 421 4016 2066 4092; baseline -0.001 -18"><span class='ocrx_word' id='word_1_260' title='bbox 421 4035 569 4092; x_wconf 86' lang='lat' dir='ltr'><strong>pane</strong></span> <span class='ocrx_word' id='word_1_261' title='bbox 596 4021 920 4084; x_wconf 84' lang='lat' dir='ltr'><strong>consecrato,</strong></span> <span class='ocrx_word' id='word_1_262' title='bbox 955 4016 1052 4088; x_wconf 91' lang='lat' dir='ltr'><strong>qui</strong></span> <span class='ocrx_word' id='word_1_263' title='bbox 1084 4019 1394 4086; x_wconf 82' lang='lat' dir='ltr'><strong>corruptus</strong></span> <span class='ocrx_word' id='word_1_264' title='bbox 1425 4017 1483 4071; x_wconf 90' lang='lat' dir='ltr'><strong>in</strong></span> <span class='ocrx_word' id='word_1_265' title='bbox 1534 4033 1700 4072; x_wconf 87' lang='lat' dir='ltr'><strong>sacra</strong></span> <span class='ocrx_word' id='word_1_266' title='bbox 1745 4019 1951 4090; x_wconf 84' lang='lat' dir='ltr'><strong>pyxide</strong></span> <span class='ocrx_word' id='word_1_267' title='bbox 1979 4036 2066 4074; x_wconf 90' lang='lat' dir='ltr'><strong>re-</strong></span> 
     </span>
    </p>
   </div>
   <div class='ocr_carea' id='block_1_41' title="bbox 426 4105 2062 4182">
    <p class='ocr_par' dir='ltr' id='par_1_41' title="bbox 426 4105 2062 4182">
     <span class='ocr_line' id='line_1_41' title="bbox 426 4105 2062 4182; baseline -0.001 -17"><span class='ocrx_word' id='word_1_268' title='bbox 426 4113 630 4182; x_wconf 90' lang='lat' dir='ltr'><strong>pertus</strong></span> <span class='ocrx_word' id='word_1_269' title='bbox 661 4114 747 4163; x_wconf 87' lang='lat' dir='ltr'><strong>est</strong></span> <span class='ocrx_word' id='word_1_270' title='bbox 797 4107 855 4160; x_wconf 92' lang='lat' dir='ltr'><strong>in</strong></span> <span class='ocrx_word' id='word_1_271' title='bbox 886 4108 1094 4176; x_wconf 81' lang='lat' dir='ltr'><strong>Magna</strong></span> <span class='ocrx_word' id='word_1_272' title='bbox 1127 4105 1378 4160; x_wconf 88' lang='lat' dir='ltr'><strong>Ecclesia</strong></span> <span class='ocrx_word' id='word_1_273' title='bbox 1403 4107 2062 4177; x_wconf 86' lang='lat' dir='ltr'><strong>Constantinopolitana.</strong></span> 
     </span>
    </p>
   </div>
   <div class='ocr_carea' id='block_1_42' title="bbox 426 4193 2067 4269">
    <p class='ocr_par' dir='ltr' id='par_1_42' title="bbox 426 4193 2067 4269">
     <span class='ocr_line' id='line_1_42' title="bbox 426 4193 2067 4269; baseline 0 -18"><span class='ocrx_word' id='word_1_274' title='bbox 426 4202 556 4253; x_wconf 60' lang='lat' dir='ltr'><strong>Haec</strong></span> <span class='ocrx_word' id='word_1_275' title='bbox 587 4197 776 4269; x_wconf 92' lang='lat' dir='ltr'><strong>prima</strong></span> <span class='ocrx_word' id='word_1_276' title='bbox 833 4199 973 4249; x_wconf 91' lang='lat' dir='ltr'><strong>sunt</strong></span> <span class='ocrx_word' id='word_1_277' title='bbox 1026 4193 1235 4265; x_wconf 88' lang='lat' dir='ltr'><strong>capitis</strong></span> <span class='ocrx_word' id='word_1_278' title='bbox 1264 4194 1438 4248; x_wconf 90' lang='lat' dir='ltr'><strong>verba</strong></span> <span class='ocrx_word' id='word_1_279' title='bbox 1471 4211 1484 4248; x_wconf 90' lang='lat'><strong>:</strong></span> <span class='ocrx_word' id='word_1_280' title='bbox 1520 4199 1638 4249; x_wconf 84' lang='lat' dir='ltr'><strong>Hoc</strong></span> <span class='ocrx_word' id='word_1_281' title='bbox 1686 4212 1870 4265; x_wconf 88' lang='lat' dir='ltr'><strong>porro,</strong></span> <span class='ocrx_word' id='word_1_282' title='bbox 1903 4205 1960 4251; x_wconf 90' lang='lat' dir='ltr'><strong>ut</strong></span> <span class='ocrx_word' id='word_1_283' title='bbox 1999 4197 2067 4251; x_wconf 89' lang='lat' dir='ltr'><strong>ad</strong></span> 
     </span>
    </p>
   </div>
   <div class='ocr_carea' id='block_1_43' title="bbox 423 4284 2065 4355">
    <p class='ocr_par' dir='ltr' id='par_1_43' title="bbox 423 4284 2065 4355">
     <span class='ocr_line' id='line_1_43' title="bbox 423 4284 2065 4355; baseline -0.002 -12"><span class='ocrx_word' id='word_1_284' title='bbox 423 4289 739 4342; x_wconf 88' lang='lat' dir='ltr'><strong>intermissa</strong></span> <span class='ocrx_word' id='word_1_285' title='bbox 784 4300 870 4338; x_wconf 91' lang='lat' dir='ltr'><strong>me</strong></span> <span class='ocrx_word' id='word_1_286' title='bbox 924 4285 1210 4353; x_wconf 80' lang='lat' dir='ltr'><strong>referam,</strong></span> <span class='ocrx_word' id='word_1_287' title='bbox 1266 4286 1522 4352; x_wconf 87' lang='lat' dir='ltr'><strong>tempore.</strong></span> <span class='ocrx_word' id='word_1_288' title='bbox 1595 4284 1850 4355; x_wconf 91' lang='lat' dir='ltr'><strong>Tempus</strong></span> <span class='ocrx_word' id='word_1_289' title='bbox 1908 4285 2065 4340; x_wconf 90' lang='lat' dir='ltr'><strong>istud</strong></span> 
     </span>
    </p>
   </div>
   <div class='ocr_carea' id='block_1_44' title="bbox 425 4371 2067 4432">
    <p class='ocr_par' dir='ltr' id='par_1_44' title="bbox 425 4371 2067 4432">
     <span class='ocr_line' id='line_1_44' title="bbox 425 4371 2067 4432; baseline -0.002 0"><span class='ocrx_word' id='word_1_290' title='bbox 425 4377 630 4432; x_wconf 88' lang='lat' dir='ltr'><strong>sistere</strong></span> <span class='ocrx_word' id='word_1_291' title='bbox 671 4376 828 4428; x_wconf 85' lang='lat' dir='ltr'><strong>intra</strong></span> <span class='ocrx_word' id='word_1_292' title='bbox 884 4387 1106 4427; x_wconf 91' lang='lat' dir='ltr'><strong>annum</strong></span> <span class='ocrx_word' id='word_1_293' title='bbox 1166 4371 1303 4424; x_wconf 72' lang='lat'>1284</span> <span class='ocrx_word' id='word_1_294' title='bbox 1365 4371 1561 4426; x_wconf 87' lang='lat' dir='ltr'><strong>nullus</strong></span> <span class='ocrx_word' id='word_1_295' title='bbox 1617 4372 1841 4428; x_wconf 89' lang='lat' dir='ltr'><strong>dubito.</strong></span> <span class='ocrx_word' id='word_1_296' title='bbox 1875 4372 2067 4428; x_wconf 89' lang='lat' dir='ltr'><strong>Verba</strong></span> 
     </span>
    </p>
   </div>
   <div class='ocr_carea' id='block_1_45' title="bbox 425 4461 2063 4533">
    <p class='ocr_par' dir='ltr' id='par_1_45' title="bbox 425 4461 2063 4533">
     <span class='ocr_line' id='line_1_45' title="bbox 425 4461 2063 4533; baseline -0.002 -12"><span class='ocrx_word' id='word_1_297' title='bbox 425 4465 973 4533; x_wconf 79' lang='lat' dir='ltr'><strong>animadverte,quae</strong></span> <span class='ocrx_word' id='word_1_298' title='bbox 1001 4465 1364 4531; x_wconf 89' lang='lat' dir='ltr'><strong>sequuntur:</strong></span> <span class='ocrx_word' id='word_1_299' title='bbox 1406 4483 1425 4508; x_wconf 78' lang='grc' dir='ltr'><strong>ι</strong></span> <span class='ocrx_word' id='word_1_300' title='bbox 1462 4462 1744 4516; x_wconf 87' lang='lat' dir='ltr'><strong>Dominica</strong></span> <span class='ocrx_word' id='word_1_301' title='bbox 1773 4461 2063 4529; x_wconf 75' lang='lat' dir='ltr'><strong>illexerat,</strong></span> 
     </span>
    </p>
   </div>
   <div class='ocr_carea' id='block_1_46' title="bbox 425 4549 2064 4626">
    <p class='ocr_par' dir='ltr' id='par_1_46' title="bbox 425 4549 2064 4626">
     <span class='ocr_line' id='line_1_46' title="bbox 425 4549 2064 4626; baseline -0.003 -17"><span class='ocrx_word' id='word_1_302' title='bbox 425 4555 658 4626; x_wconf 89' lang='lat' dir='ltr'><strong>proprio</strong></span> <span class='ocrx_word' id='word_1_303' title='bbox 687 4551 966 4608; x_wconf 85' lang='lat' dir='ltr'><strong>vocabulo</strong></span> <span class='ocrx_word' id='word_1_304' title='bbox 998 4549 1156 4604; x_wconf 86' lang='lat' dir='ltr'><strong>dicta</strong></span> <span class='ocrx_word' id='word_1_305' title='bbox 1175 4550 1397 4622; x_wconf 73' lang='grc' dir='ltr'><strong>Τυρινῆς</strong></span> <span class='ocrx_word' id='word_1_306' title='bbox 1428 4551 1648 4621; x_wconf 86' lang='lat' dir='ltr'><strong>Tyrine,</strong></span> <span class='ocrx_word' id='word_1_307' title='bbox 1680 4567 1713 4605; x_wconf 91' lang='lat' dir='ltr'><strong>a</strong></span> <span class='ocrx_word' id='word_1_308' title='bbox 1743 4553 1894 4607; x_wconf 88' lang='lat' dir='ltr'><strong>casei</strong></span> <span class='ocrx_word' id='word_1_309' title='bbox 1925 4557 2064 4608; x_wconf 89' lang='lat' dir='ltr'><strong>tunc</strong></span> 
     </span>
    </p>
   </div>
   <div class='ocr_carea' id='block_1_47' title="bbox 1485 414 2839 478">
    <p class='ocr_par' dir='ltr' id='par_1_47' title="bbox 1485 414 2839 478">
     <span class='ocr_line' id='line_1_47' title="bbox 1485 414 2839 478; baseline 0 0"><span class='ocrx_word' id='word_1_310' title='bbox 1485 414 1801 478; x_wconf 79' lang='lat' dir='ltr'><strong>GEORGII</strong></span> <span class='ocrx_word' id='word_1_311' title='bbox 1844 415 2106 477; x_wconf 80' lang='lat' dir='ltr'><strong>CYPRll</strong></span> <span class='ocrx_word' id='word_1_312' title='bbox 2151 415 2267 475; x_wconf 80' lang='grc' dir='ltr'><strong>ΟΡ.</strong></span> <span class='ocrx_word' id='word_1_313' title='bbox 2317 415 2839 478; x_wconf 74' lang='lat' dir='ltr'><strong>PATRIARCH/E</strong></span> 
     </span>
    </p>
   </div>
   <div class='ocr_carea' id='block_1_48' title="bbox 533 548 3659 623">
    <p class='ocr_par' dir='ltr' id='par_1_48' title="bbox 533 548 3659 623">
     <span class='ocr_line' id='line_1_48' title="bbox 533 548 3659 623; baseline -0.001 -13"><span class='ocrx_word' id='word_1_314' title='bbox 533 558 764 610; x_wconf 86' lang='lat' dir='ltr'><strong>Ineunte</strong></span> <span class='ocrx_word' id='word_1_315' title='bbox 817 566 1000 609; x_wconf 88' lang='lat' dir='ltr'><strong>mense</strong></span> <span class='ocrx_word' id='word_1_316' title='bbox 1028 550 1168 606; x_wconf 82' lang='lat' dir='ltr'><strong>Maio</strong></span> <span class='ocrx_word' id='word_1_317' title='bbox 1221 549 1485 620; x_wconf 88' lang='lat' dir='ltr'><strong>ejusdem</strong></span> <span class='ocrx_word' id='word_1_318' title='bbox 1519 548 1655 604; x_wconf 86' lang='lat' dir='ltr'><strong>anni</strong></span> <span class='ocrx_word' id='word_1_319' title='bbox 1684 549 1844 614; x_wconf 71' lang='grc'>4283,</span> <span class='ocrx_word' id='word_1_320' title='bbox 1875 549 2100 618; x_wconf 86' lang='lat' dir='ltr'><strong>sangui-</strong></span> <span class='ocrx_word' id='word_1_321' title='bbox 2130 550 2183 615; x_wconf 77' lang='grc' dir='ltr'><strong>Α</strong></span> <span class='ocrx_word' id='word_1_322' title='bbox 2214 549 2841 622; x_wconf 81' lang='lat' dir='ltr'><strong>majoris)supervenit.</strong></span> <span class='ocrx_word' id='word_1_323' title='bbox 2881 595 2891 605; x_wconf 93' lang='lat'><strong>.</strong></span> <span class='ocrx_word' id='word_1_324' title='bbox 2931 595 2941 606; x_wconf 94' lang='lat'><strong>.</strong></span> <span class='ocrx_word' id='word_1_325' title='bbox 2971 553 3220 623; x_wconf 79' lang='lat' dir='ltr'><strong>plerique</strong></span> <span class='ocrx_word' id='word_1_326' title='bbox 3242 552 3562 610; x_wconf 85' lang='lat' dir='ltr'><strong>clericorum</strong></span> <span class='ocrx_word' id='word_1_327' title='bbox 3597 596 3608 608; x_wconf 93' lang='lat'><strong>.</strong></span> <span class='ocrx_word' id='word_1_328' title='bbox 3647 597 3659 608; x_wconf 94' lang='lat'><strong>.</strong></span> 
     </span>
    </p>
   </div>
   <div class='ocr_carea' id='block_1_49' title="bbox 3741 423 3852 484">
    <p class='ocr_par' dir='ltr' id='par_1_49' title="bbox 3741 423 3852 484">
     <span class='ocr_line' id='line_1_49' title="bbox 3741 423 3852 484; baseline 0.036 -4"><span class='ocrx_word' id='word_1_329' title='bbox 3741 423 3852 484; x_wconf 70' lang='grc'><strong>104</strong></span> 
     </span>
    </p>
   </div>
   <div class='ocr_carea' id='block_1_50' title="bbox 3699 571 3851 612">
    <p class='ocr_par' dir='ltr' id='par_1_50' title="bbox 3699 571 3851 612">
     <span class='ocr_line' id='line_1_50' title="bbox 3699 571 3851 612; baseline 0.026 -4"><span class='ocrx_word' id='word_1_330' title='bbox 3699 571 3851 612; x_wconf 76' lang='grc' dir='ltr'><strong>,ηοη</strong></span> 
     </span>
    </p>
   </div>
   <div class='ocr_carea' id='block_1_51' title="bbox 2208 641 3853 715">
    <p class='ocr_par' dir='ltr' id='par_1_51' title="bbox 2208 641 3853 715">
     <span class='ocr_line' id='line_1_51' title="bbox 2208 641 3853 715; baseline 0.006 -25"><span class='ocrx_word' id='word_1_331' title='bbox 2208 641 2398 694; x_wconf 81' lang='lat' dir='ltr'><strong>statim</strong></span> <span class='ocrx_word' id='word_1_332' title='bbox 2453 641 2707 711; x_wconf 74' lang='lat' dir='ltr'><strong>expedire</strong></span> <span class='ocrx_word' id='word_1_333' title='bbox 2759 645 2964 696; x_wconf 87' lang='lat' dir='ltr'><strong>certum</strong></span> <span class='ocrx_word' id='word_1_334' title='bbox 3015 657 3314 710; x_wconf 81' lang='lat' dir='ltr'><strong>assensum,</strong></span> <span class='ocrx_word' id='word_1_335' title='bbox 3358 642 3488 714; x_wconf 89' lang='lat' dir='ltr'><strong>quid</strong></span> <span class='ocrx_word' id='word_1_336' title='bbox 3535 643 3607 698; x_wconf 90' lang='lat' dir='ltr'><strong>ad</strong></span> <span class='ocrx_word' id='word_1_337' title='bbox 3645 645 3853 715; x_wconf 84' lang='lat' dir='ltr'><strong>placita</strong></span> 
     </span>
    </p>
   </div>
   <div class='ocr_carea' id='block_1_52' title="bbox 2209 727 3851 802">
    <p class='ocr_par' dir='ltr' id='par_1_52' title="bbox 2209 727 3851 802">
     <span class='ocr_line' id='line_1_52' title="bbox 2209 727 3851 802; baseline 0.005 -22"><span class='ocrx_word' id='word_1_338' title='bbox 2209 727 2461 797; x_wconf 53' lang='lat' dir='ltr'><strong>quadam</strong></span> <span class='ocrx_word' id='word_1_339' title='bbox 2507 730 2857 802; x_wconf 73' lang='lat' dir='ltr'><strong>exigebatur,</strong></span> <span class='ocrx_word' id='word_1_340' title='bbox 2909 731 3128 786; x_wconf 87' lang='lat' dir='ltr'><strong>valuere</strong></span> <span class='ocrx_word' id='word_1_341' title='bbox 3166 749 3184 783; x_wconf 83' lang='lat'><strong><em>:</em></strong></span> <span class='ocrx_word' id='word_1_342' title='bbox 3232 733 3455 802; x_wconf 79' lang='lat' dir='ltr'><strong>quidam</strong></span> <span class='ocrx_word' id='word_1_343' title='bbox 3498 734 3666 786; x_wconf 89' lang='lat' dir='ltr'><strong>etiam</strong></span> <span class='ocrx_word' id='word_1_344' title='bbox 3704 735 3851 789; x_wconf 80' lang='lat' dir='ltr'><strong>clare</strong></span> 
     </span>
    </p>
   </div>
   <div class='ocr_carea' id='block_1_53' title="bbox 2207 818 3851 889">
    <p class='ocr_par' dir='ltr' id='par_1_53' title="bbox 2207 818 3851 889">
     <span class='ocr_line' id='line_1_53' title="bbox 2207 818 3851 889; baseline 0.004 -20"><span class='ocrx_word' id='word_1_345' title='bbox 2207 821 2557 882; x_wconf 80' lang='lat' dir='ltr'><strong>recusarunt,</strong></span> <span class='ocrx_word' id='word_1_346' title='bbox 2590 826 2650 872; x_wconf 88' lang='lat' dir='ltr'><strong>ut</strong></span> <span class='ocrx_word' id='word_1_347' title='bbox 2695 821 2755 872; x_wconf 88' lang='lat' dir='ltr'><strong>in</strong></span> <span class='ocrx_word' id='word_1_348' title='bbox 2788 818 2875 872; x_wconf 89' lang='lat' dir='ltr'><strong>his</strong></span> <span class='ocrx_word' id='word_1_349' title='bbox 2923 819 3376 874; x_wconf 79' lang='lat' dir='ltr'><strong>altercationibus</strong></span> <span class='ocrx_word' id='word_1_350' title='bbox 3421 819 3555 875; x_wconf 90' lang='lat' dir='ltr'><strong>hora</strong></span> <span class='ocrx_word' id='word_1_351' title='bbox 3605 822 3851 889; x_wconf 86' lang='lat' dir='ltr'><strong>legitima</strong></span> 
     </span>
    </p>
   </div>
   <div class='ocr_carea' id='block_1_54' title="bbox 2206 907 3846 979">
    <p class='ocr_par' dir='ltr' id='par_1_54' title="bbox 2206 907 3846 979">
     <span class='ocr_line' id='line_1_54' title="bbox 2206 907 3846 979; baseline 0.004 -21"><span class='ocrx_word' id='word_1_352' title='bbox 2206 907 2378 972; x_wconf 85' lang='lat' dir='ltr'><strong>sacri,</strong></span> <span class='ocrx_word' id='word_1_353' title='bbox 2435 922 2503 961; x_wconf 75' lang='lat' dir='ltr'><strong>ex</strong></span> <span class='ocrx_word' id='word_1_354' title='bbox 2542 908 3015 978; x_wconf 74' lang='lat' dir='ltr'><strong>prsesanctiﬁcatis</strong></span> <span class='ocrx_word' id='word_1_355' title='bbox 3073 907 3182 963; x_wconf 90' lang='lat' dir='ltr'><strong>tali</strong></span> <span class='ocrx_word' id='word_1_356' title='bbox 3231 908 3318 963; x_wconf 89' lang='lat' dir='ltr'><strong>die</strong></span> <span class='ocrx_word' id='word_1_357' title='bbox 3363 910 3632 964; x_wconf 88' lang='lat' dir='ltr'><strong>celebrari</strong></span> <span class='ocrx_word' id='word_1_358' title='bbox 3675 911 3846 979; x_wconf 83' lang='lat' dir='ltr'><strong>soliti,</strong></span> 
     </span>
    </p>
   </div>
   <div class='ocr_carea' id='block_1_55' title="bbox 2203 981 3848 1070">
    <p class='ocr_par' dir='ltr' id='par_1_55' title="bbox 2203 981 3848 1070">
     <span class='ocr_line' id='line_1_55' title="bbox 2203 981 3848 1070; baseline 0.005 -23"><span class='ocrx_word' id='word_1_359' title='bbox 2203 981 2561 1065; x_wconf 66' lang='lat' dir='ltr'><strong>praeterierit.</strong></span> <span class='ocrx_word' id='word_1_360' title='bbox 2597 996 2725 1051; x_wconf 76' lang='lat' dir='ltr'><strong>Hiec</strong></span> <span class='ocrx_word' id='word_1_361' title='bbox 2756 1013 2908 1051; x_wconf 88' lang='lat' dir='ltr'><strong>anno</strong></span> <span class='ocrx_word' id='word_1_362' title='bbox 2933 997 3071 1050; x_wconf 87' lang='lat'>1283</span> <span class='ocrx_word' id='word_1_363' title='bbox 3100 998 3438 1053; x_wconf 89' lang='lat' dir='ltr'><strong>acciderunt</strong></span> <span class='ocrx_word' id='word_1_364' title='bbox 3469 998 3612 1054; x_wconf 89' lang='lat' dir='ltr'><strong>feria</strong></span> <span class='ocrx_word' id='word_1_365' title='bbox 3639 1004 3848 1070; x_wconf 90' lang='lat' dir='ltr'><strong>quarta</strong></span> 
     </span>
    </p>
   </div>
   <div class='ocr_carea' id='block_1_56' title="bbox 2205 1083 3846 1157">
    <p class='ocr_par' dir='ltr' id='par_1_56' title="bbox 2205 1083 3846 1157">
     <span class='ocr_line' id='line_1_56' title="bbox 2205 1083 3846 1157; baseline 0.003 -19"><span class='ocrx_word' id='word_1_366' title='bbox 2205 1083 2584 1139; x_wconf 64' lang='lat' dir='ltr'><strong>hebdomade</strong></span> <span class='ocrx_word' id='word_1_367' title='bbox 2609 1085 2848 1155; x_wconf 80' lang='lat' dir='ltr'><strong>majoris</strong></span> <span class='ocrx_word' id='word_1_368' title='bbox 2879 1089 3010 1140; x_wconf 91' lang='lat' dir='ltr'><strong>ante</strong></span> <span class='ocrx_word' id='word_1_369' title='bbox 3035 1085 3274 1141; x_wconf 84' lang='lat' dir='ltr'><strong>Pascha.</strong></span> <span class='ocrx_word' id='word_1_370' title='bbox 3300 1086 3500 1157; x_wconf 88' lang='lat' dir='ltr'><strong>Itaque</strong></span> <span class='ocrx_word' id='word_1_371' title='bbox 3523 1088 3592 1142; x_wconf 88' lang='lat' dir='ltr'><strong>ad</strong></span> <span class='ocrx_word' id='word_1_372' title='bbox 3625 1103 3846 1143; x_wconf 87' lang='lat' dir='ltr'><strong>annum</strong></span> 
     </span>
    </p>
   </div>
   <div class='ocr_carea' id='block_1_57' title="bbox 2204 1171 3847 1248">
    <p class='ocr_par' dir='ltr' id='par_1_57' title="bbox 2204 1171 3847 1248">
     <span class='ocr_line' id='line_1_57' title="bbox 2204 1171 3847 1248; baseline 0.003 -22"><span class='ocrx_word' id='word_1_373' title='bbox 2204 1171 2610 1243; x_wconf 88' lang='lat' dir='ltr'><strong>insequentem</strong></span> <span class='ocrx_word' id='word_1_374' title='bbox 2645 1175 2781 1228; x_wconf 61' lang='lat'>1284</span> <span class='ocrx_word' id='word_1_375' title='bbox 2829 1175 3078 1245; x_wconf 89' lang='lat' dir='ltr'><strong>pertinet</strong></span> <span class='ocrx_word' id='word_1_376' title='bbox 3129 1175 3415 1230; x_wconf 88' lang='lat' dir='ltr'><strong>Dominica</strong></span> <span class='ocrx_word' id='word_1_377' title='bbox 3465 1176 3680 1248; x_wconf 80' lang='lat' dir='ltr'><strong>Tyriae,</strong></span> <span class='ocrx_word' id='word_1_378' title='bbox 3713 1193 3847 1231; x_wconf 92' lang='lat' dir='ltr'><strong>cum</strong></span> 
     </span>
    </p>
   </div>
   <div class='ocr_carea' id='block_1_58' title="bbox 2205 1261 3847 1334">
    <p class='ocr_par' dir='ltr' id='par_1_58' title="bbox 2205 1261 3847 1334">
     <span class='ocr_line' id='line_1_58' title="bbox 2205 1261 3847 1334; baseline 0.004 -20"><span class='ocrx_word' id='word_1_379' title='bbox 2205 1277 2369 1316; x_wconf 90' lang='lat' dir='ltr'><strong>sacer</strong></span> <span class='ocrx_word' id='word_1_380' title='bbox 2403 1261 2570 1333; x_wconf 91' lang='lat' dir='ltr'><strong>panis</strong></span> <span class='ocrx_word' id='word_1_381' title='bbox 2601 1262 2659 1316; x_wconf 91' lang='lat' dir='ltr'><strong>in</strong></span> <span class='ocrx_word' id='word_1_382' title='bbox 2708 1263 2914 1334; x_wconf 84' lang='lat' dir='ltr'><strong>pyxide</strong></span> <span class='ocrx_word' id='word_1_383' title='bbox 2940 1268 3252 1334; x_wconf 90' lang='lat' dir='ltr'><strong>corruptus</strong></span> <span class='ocrx_word' id='word_1_384' title='bbox 3286 1268 3548 1334; x_wconf 89' lang='lat' dir='ltr'><strong>repertus</strong></span> <span class='ocrx_word' id='word_1_385' title='bbox 3579 1269 3685 1319; x_wconf 90' lang='lat' dir='ltr'><strong>est.</strong></span> <span class='ocrx_word' id='word_1_386' title='bbox 3719 1265 3847 1320; x_wconf 66' lang='lat' dir='ltr'><strong>Hoc</strong></span> 
     </span>
    </p>
   </div>
   <div class='ocr_carea' id='block_1_59' title="bbox 2203 1350 3847 1423">
    <p class='ocr_par' dir='ltr' id='par_1_59' title="bbox 2203 1350 3847 1423">
     <span class='ocr_line' id='line_1_59' title="bbox 2203 1350 3847 1423; baseline 0.004 -19"><span class='ocrx_word' id='word_1_387' title='bbox 2203 1350 2404 1405; x_wconf 91' lang='lat' dir='ltr'><strong>eadem</strong></span> <span class='ocrx_word' id='word_1_388' title='bbox 2454 1355 2562 1420; x_wconf 86' lang='lat' dir='ltr'><strong>est,</strong></span> <span class='ocrx_word' id='word_1_389' title='bbox 2593 1367 2770 1422; x_wconf 91' lang='lat' dir='ltr'><strong>quam</strong></span> <span class='ocrx_word' id='word_1_390' title='bbox 2823 1368 2929 1407; x_wconf 92' lang='lat' dir='ltr'><strong>nos</strong></span> <span class='ocrx_word' id='word_1_391' title='bbox 2971 1353 3314 1407; x_wconf 89' lang='lat' dir='ltr'><strong>Dominicam</strong></span> <span class='ocrx_word' id='word_1_392' title='bbox 3363 1353 3847 1423; x_wconf 63' lang='lat' dir='ltr'><strong>Quinquagesima’</strong></span> 
     </span>
    </p>
   </div>
   <div class='ocr_carea' id='block_1_60' title="bbox 2201 1439 3842 1514">
    <p class='ocr_par' dir='ltr' id='par_1_60' title="bbox 2201 1439 3842 1514">
     <span class='ocr_line' id='line_1_60' title="bbox 2201 1439 3842 1514; baseline 0.003 -22"><span class='ocrx_word' id='word_1_393' title='bbox 2201 1455 2478 1494; x_wconf 90' lang='lat' dir='ltr'><strong>vocamus</strong></span> <span class='ocrx_word' id='word_1_394' title='bbox 2510 1454 2523 1492; x_wconf 88' lang='lat'>:</span> <span class='ocrx_word' id='word_1_395' title='bbox 2559 1455 2624 1494; x_wconf 91' lang='lat' dir='ltr'><strong>ac</strong></span> <span class='ocrx_word' id='word_1_396' title='bbox 2656 1439 2842 1509; x_wconf 85' lang='lat' dir='ltr'><strong>prima</strong></span> <span class='ocrx_word' id='word_1_397' title='bbox 2864 1441 3075 1511; x_wconf 90' lang='lat' dir='ltr'><strong>jejunii</strong></span> <span class='ocrx_word' id='word_1_398' title='bbox 3126 1440 3656 1512; x_wconf 89' lang='lat' dir='ltr'><strong>quadragesimalis</strong></span> <span class='ocrx_word' id='word_1_399' title='bbox 3689 1443 3842 1514; x_wconf 91' lang='lat' dir='ltr'><strong>apud</strong></span> 
     </span>
    </p>
   </div>
   <div class='ocr_carea' id='block_1_61' title="bbox 2201 1526 3842 1602">
    <p class='ocr_par' dir='ltr' id='par_1_61' title="bbox 2201 1526 3842 1602">
     <span class='ocr_line' id='line_1_61' title="bbox 2201 1526 3842 1602; baseline 0.003 -21"><span class='ocrx_word' id='word_1_400' title='bbox 2201 1526 2427 1582; x_wconf 61' lang='lat' dir='ltr'><strong>Graecos</strong></span> <span class='ocrx_word' id='word_1_401' title='bbox 2471 1527 2856 1583; x_wconf 82' lang='lat' dir='ltr'><strong>hebdomade.</strong></span> <span class='ocrx_word' id='word_1_402' title='bbox 2889 1531 3242 1584; x_wconf 87' lang='lat' dir='ltr'><strong>Consuetum</strong></span> <span class='ocrx_word' id='word_1_403' title='bbox 3293 1535 3417 1585; x_wconf 92' lang='lat' dir='ltr'><strong>erat</strong></span> <span class='ocrx_word' id='word_1_404' title='bbox 3445 1547 3637 1602; x_wconf 90' lang='lat' dir='ltr'><strong>porro,</strong></span> <span class='ocrx_word' id='word_1_405' title='bbox 3671 1535 3754 1586; x_wconf 86' lang='lat' dir='ltr'><strong>tot</strong></span> <span class='ocrx_word' id='word_1_406' title='bbox 3785 1532 3842 1586; x_wconf 89' lang='lat' dir='ltr'><strong>in</strong></span> 
     </span>
    </p>
   </div>
   <div class='ocr_carea' id='block_1_62' title="bbox 2200 1614 3842 1692">
    <p class='ocr_par' dir='ltr' id='par_1_62' title="bbox 2200 1614 3842 1692">
     <span class='ocr_line' id='line_1_62' title="bbox 2200 1614 3842 1692; baseline 0.003 -22"><span class='ocrx_word' id='word_1_407' title='bbox 2200 1614 2501 1670; x_wconf 89' lang='lat' dir='ltr'><strong>Dominica</strong></span> <span class='ocrx_word' id='word_1_408' title='bbox 2534 1617 2728 1686; x_wconf 75' lang='lat' dir='ltr'><strong>Tyriae</strong></span> <span class='ocrx_word' id='word_1_409' title='bbox 2774 1618 3093 1673; x_wconf 86' lang='lat' dir='ltr'><strong>consecrari</strong></span> <span class='ocrx_word' id='word_1_410' title='bbox 3142 1619 3485 1687; x_wconf 88' lang='lat' dir='ltr'><strong>oblationes,</strong></span> <span class='ocrx_word' id='word_1_411' title='bbox 3521 1624 3665 1691; x_wconf 90' lang='lat' dir='ltr'><strong>quot</strong></span> <span class='ocrx_word' id='word_1_412' title='bbox 3696 1637 3842 1692; x_wconf 89' lang='lat' dir='ltr'><strong>opus</strong></span> 
     </span>
    </p>
   </div>
   <div class='ocr_carea' id='block_1_63' title="bbox 2199 1706 3842 1776">
    <p class='ocr_par' dir='ltr' id='par_1_63' title="bbox 2199 1706 3842 1776">
     <span class='ocr_line' id='line_1_63' title="bbox 2199 1706 3842 1776; baseline 0.004 -19"><span class='ocrx_word' id='word_1_413' title='bbox 2199 1708 2383 1772; x_wconf 90' lang='lat' dir='ltr'><strong>erant,</strong></span> <span class='ocrx_word' id='word_1_414' title='bbox 2443 1709 2507 1758; x_wconf 90' lang='lat' dir='ltr'><strong>ut</strong></span> <span class='ocrx_word' id='word_1_415' title='bbox 2563 1706 2946 1776; x_wconf 89' lang='lat' dir='ltr'><strong>sequentibus</strong></span> <span class='ocrx_word' id='word_1_416' title='bbox 3004 1706 3377 1761; x_wconf 58' lang='lat' dir='ltr'><strong>hebdomadas</strong></span> <span class='ocrx_word' id='word_1_417' title='bbox 3428 1707 3635 1763; x_wconf 90' lang='lat' dir='ltr'><strong>diebus</strong></span> <span class='ocrx_word' id='word_1_418' title='bbox 3665 1710 3842 1764; x_wconf 63' lang='lat' dir='ltr'><strong>missa</strong></span> 
     </span>
    </p>
   </div>
   <div class='ocr_carea' id='block_1_64' title="bbox 2192 1794 3840 1869">
    <p class='ocr_par' dir='ltr' id='par_1_64' title="bbox 2192 1794 3840 1869">
     <span class='ocr_line' id='line_1_64' title="bbox 2192 1794 3840 1869; baseline 0.005 -25"><span class='ocrx_word' id='word_1_419' title='bbox 2192 1794 2777 1862; x_wconf 63' lang='lat' dir='ltr'><strong>prwsanctiﬁcatorum</strong></span> <span class='ocrx_word' id='word_1_420' title='bbox 2816 1794 3267 1850; x_wconf 88' lang='lat' dir='ltr'><strong>celebrarentur.</strong></span> <span class='ocrx_word' id='word_1_421' title='bbox 3301 1796 3476 1850; x_wconf 90' lang='lat' dir='ltr'><strong>Sacer</strong></span> <span class='ocrx_word' id='word_1_422' title='bbox 3505 1813 3610 1869; x_wconf 90' lang='lat' dir='ltr'><strong>ego</strong></span> <span class='ocrx_word' id='word_1_423' title='bbox 3650 1800 3840 1868; x_wconf 88' lang='lat' dir='ltr'><strong>panis,</strong></span> 
     </span>
    </p>
   </div>
   <div class='ocr_carea' id='block_1_65' title="bbox 2199 1881 3843 1955">
    <p class='ocr_par' dir='ltr' id='par_1_65' title="bbox 2199 1881 3843 1955">
     <span class='ocr_line' id='line_1_65' title="bbox 2199 1881 3843 1955; baseline 0.005 -21"><span class='ocrx_word' id='word_1_424' title='bbox 2199 1881 2297 1952; x_wconf 92' lang='lat' dir='ltr'><strong>qui</strong></span> <span class='ocrx_word' id='word_1_425' title='bbox 2329 1887 2638 1953; x_wconf 86' lang='lat' dir='ltr'><strong>corruptus</strong></span> <span class='ocrx_word' id='word_1_426' title='bbox 2668 1882 2727 1936; x_wconf 90' lang='lat' dir='ltr'><strong>in</strong></span> <span class='ocrx_word' id='word_1_427' title='bbox 2761 1883 2965 1954; x_wconf 79' lang='lat' dir='ltr'><strong>pyxide</strong></span> <span class='ocrx_word' id='word_1_428' title='bbox 3017 1889 3280 1955; x_wconf 90' lang='lat' dir='ltr'><strong>repertus</strong></span> <span class='ocrx_word' id='word_1_429' title='bbox 3313 1884 3441 1952; x_wconf 90' lang='lat' dir='ltr'><strong>fuit,</strong></span> <span class='ocrx_word' id='word_1_430' title='bbox 3480 1902 3595 1939; x_wconf 91' lang='lat' dir='ltr'><strong>una</strong></span> <span class='ocrx_word' id='word_1_431' title='bbox 3625 1902 3694 1941; x_wconf 89' lang='lat' dir='ltr'><strong>ex</strong></span> <span class='ocrx_word' id='word_1_432' title='bbox 3729 1885 3843 1942; x_wconf 88' lang='lat' dir='ltr'><strong>illis</strong></span> 
     </span>
    </p>
   </div>
   <div class='ocr_carea' id='block_1_66' title="bbox 2197 1970 3840 2046">
    <p class='ocr_par' dir='ltr' id='par_1_66' title="bbox 2197 1970 3840 2046">
     <span class='ocr_line' id='line_1_66' title="bbox 2197 1970 3840 2046; baseline 0.003 -22"><span class='ocrx_word' id='word_1_433' title='bbox 2197 1970 2589 2026; x_wconf 88' lang='lat' dir='ltr'><strong>oblationibus</strong></span> <span class='ocrx_word' id='word_1_434' title='bbox 2622 1972 2985 2041; x_wconf 91' lang='lat' dir='ltr'><strong>credebatur,</strong></span> <span class='ocrx_word' id='word_1_435' title='bbox 3017 1989 3144 2044; x_wconf 70' lang='lat' dir='ltr'><strong>quae</strong></span> <span class='ocrx_word' id='word_1_436' title='bbox 3188 1989 3341 2029; x_wconf 91' lang='lat' dir='ltr'><strong>anno</strong></span> <span class='ocrx_word' id='word_1_437' title='bbox 3373 1974 3670 2046; x_wconf 88' lang='lat' dir='ltr'><strong>superiore</strong></span> <span class='ocrx_word' id='word_1_438' title='bbox 3703 1976 3840 2029; x_wconf 91' lang='lat'>1283</span> 
     </span>
    </p>
   </div>
   <div class='ocr_carea' id='block_1_67' title="bbox 2199 2058 3842 2134">
    <p class='ocr_par' dir='ltr' id='par_1_67' title="bbox 2199 2058 3842 2134">
     <span class='ocr_line' id='line_1_67' title="bbox 2199 2058 3842 2134; baseline 0.005 -22"><span class='ocrx_word' id='word_1_439' title='bbox 2199 2058 2257 2113; x_wconf 91' lang='lat' dir='ltr'><strong>in</strong></span> <span class='ocrx_word' id='word_1_440' title='bbox 2307 2058 2513 2130; x_wconf 80' lang='lat' dir='ltr'><strong>pyxide</strong></span> <span class='ocrx_word' id='word_1_441' title='bbox 2563 2059 2762 2115; x_wconf 91' lang='lat' dir='ltr'><strong>relicta</strong></span> <span class='ocrx_word' id='word_1_442' title='bbox 2807 2061 3014 2129; x_wconf 84' lang='lat' dir='ltr'><strong>fuerat,</strong></span> <span class='ocrx_word' id='word_1_443' title='bbox 3058 2063 3204 2130; x_wconf 78' lang='lat' dir='ltr'><strong>[cria</strong></span> <span class='ocrx_word' id='word_1_444' title='bbox 3253 2066 3450 2134; x_wconf 84' lang='lat' dir='ltr'><strong>quarta</strong></span> <span class='ocrx_word' id='word_1_445' title='bbox 3499 2062 3842 2120; x_wconf 61' lang='lat' dir='ltr'><strong>hebdomadas</strong></span> 
     </span>
    </p>
   </div>
   <div class='ocr_carea' id='block_1_68' title="bbox 2198 2149 3838 2224">
    <p class='ocr_par' dir='ltr' id='par_1_68' title="bbox 2198 2149 3838 2224">
     <span class='ocr_line' id='line_1_68' title="bbox 2198 2149 3838 2224; baseline 0.005 -24"><span class='ocrx_word' id='word_1_446' title='bbox 2198 2149 2443 2217; x_wconf 82' lang='lat' dir='ltr'><strong>majoris,</strong></span> <span class='ocrx_word' id='word_1_447' title='bbox 2501 2150 3116 2220; x_wconf 58' lang='lat' dir='ltr'><strong>praesanctificatorum</strong></span> <span class='ocrx_word' id='word_1_448' title='bbox 3175 2150 3358 2207; x_wconf 89' lang='lat' dir='ltr'><strong>missa</strong></span> <span class='ocrx_word' id='word_1_449' title='bbox 3425 2153 3838 2224; x_wconf 60' lang='lat' dir='ltr'><strong>prmtermissa.</strong></span> 
     </span>
    </p>
   </div>
   <div class='ocr_carea' id='block_1_69' title="bbox 2195 2237 3840 2298">
    <p class='ocr_par' dir='ltr' id='par_1_69' title="bbox 2195 2237 3840 2298">
     <span class='ocr_line' id='line_1_69' title="bbox 2195 2237 3840 2298; baseline 0.005 -8"><span class='ocrx_word' id='word_1_450' title='bbox 2195 2239 2430 2292; x_wconf 71' lang='lat' dir='ltr'><strong>Sacrum</strong></span> <span class='ocrx_word' id='word_1_451' title='bbox 2477 2237 2751 2293; x_wconf 89' lang='lat' dir='ltr'><strong>incidisse</strong></span> <span class='ocrx_word' id='word_1_452' title='bbox 2805 2239 3026 2294; x_wconf 83' lang='lat' dir='ltr'><strong>Pascha</strong></span> <span class='ocrx_word' id='word_1_453' title='bbox 3057 2256 3209 2294; x_wconf 90' lang='lat' dir='ltr'><strong>anno</strong></span> <span class='ocrx_word' id='word_1_454' title='bbox 3243 2241 3377 2294; x_wconf 78' lang='grc'>1284</span> <span class='ocrx_word' id='word_1_455' title='bbox 3429 2241 3840 2298; x_wconf 90' lang='lat' dir='ltr'><strong>adnotavimus</strong></span> 
     </span>
    </p>
   </div>
   <div class='ocr_carea' id='block_1_70' title="bbox 2195 2326 3839 2401">
    <p class='ocr_par' dir='ltr' id='par_1_70' title="bbox 2195 2326 3839 2401">
     <span class='ocr_line' id='line_1_70' title="bbox 2195 2326 3839 2401; baseline 0.005 -23"><span class='ocrx_word' id='word_1_456' title='bbox 2195 2326 2254 2379; x_wconf 91' lang='lat' dir='ltr'><strong>in</strong></span> <span class='ocrx_word' id='word_1_457' title='bbox 2287 2326 2440 2381; x_wconf 89' lang='lat' dir='ltr'><strong>diem</strong></span> <span class='ocrx_word' id='word_1_458' title='bbox 2471 2328 2505 2380; x_wconf 90' lang='lat'>9</span> <span class='ocrx_word' id='word_1_459' title='bbox 2551 2327 2799 2398; x_wconf 91' lang='lat' dir='ltr'><strong>Aprilis:</strong></span> <span class='ocrx_word' id='word_1_460' title='bbox 2835 2329 2990 2383; x_wconf 90' lang='lat' dir='ltr'><strong>unde</strong></span> <span class='ocrx_word' id='word_1_461' title='bbox 3020 2329 3304 2384; x_wconf 88' lang='lat' dir='ltr'><strong>Dominica</strong></span> <span class='ocrx_word' id='word_1_462' title='bbox 3342 2331 3538 2401; x_wconf 86' lang='lat' dir='ltr'><strong>Tyrine</strong></span> <span class='ocrx_word' id='word_1_463' title='bbox 3567 2331 3839 2386; x_wconf 86' lang='lat' dir='ltr'><strong>illuxerat</strong></span> 
     </span>
    </p>
   </div>
   <div class='ocr_carea' id='block_1_71' title="bbox 2192 2414 3761 2480">
    <p class='ocr_par' dir='ltr' id='par_1_71' title="bbox 2192 2414 3761 2480">
     <span class='ocr_line' id='line_1_71' title="bbox 2192 2414 3761 2480; baseline 0.003 -12"><span class='ocrx_word' id='word_1_464' title='bbox 2192 2414 2284 2469; x_wconf 86' lang='lat' dir='ltr'><strong>die</strong></span> <span class='ocrx_word' id='word_1_465' title='bbox 2311 2416 2380 2468; x_wconf 88' lang='lat'>20</span> <span class='ocrx_word' id='word_1_466' title='bbox 2411 2415 2724 2480; x_wconf 78' lang='lat' dir='ltr'><strong>Februarii,</strong></span> <span class='ocrx_word' id='word_1_467' title='bbox 2753 2420 3022 2471; x_wconf 87' lang='lat' dir='ltr'><strong>currente</strong></span> <span class='ocrx_word' id='word_1_468' title='bbox 3054 2415 3247 2472; x_wconf 90' lang='lat' dir='ltr'><strong>littera</strong></span> <span class='ocrx_word' id='word_1_469' title='bbox 3281 2417 3622 2473; x_wconf 90' lang='lat' dir='ltr'><strong>Dominicali</strong></span> <span class='ocrx_word' id='word_1_470' title='bbox 3653 2419 3761 2474; x_wconf 92' lang='lat' dir='ltr'><strong>BA.</strong></span> 
     </span>
    </p>
   </div>
   <div class='ocr_carea' id='block_1_72' title="bbox 2264 2505 3833 2578">
    <p class='ocr_par' dir='ltr' id='par_1_72' title="bbox 2264 2505 3833 2578">
     <span class='ocr_line' id='line_1_72' title="bbox 2264 2505 3833 2578; baseline 0.003 -18"><span class='ocrx_word' id='word_1_471' title='bbox 2264 2507 2332 2560; x_wconf 87' lang='grc' dir='ltr'>1η</span> <span class='ocrx_word' id='word_1_472' title='bbox 2361 2505 2550 2559; x_wconf 86' lang='lat' dir='ltr'><strong>urbem</strong></span> <span class='ocrx_word' id='word_1_473' title='bbox 2578 2505 3186 2576; x_wconf 89' lang='lat' dir='ltr'><strong>(Constantinopolim)</strong></span> <span class='ocrx_word' id='word_1_474' title='bbox 3218 2522 3465 2562; x_wconf 76' lang='lat' dir='ltr'><strong>reversus</strong></span> <span class='ocrx_word' id='word_1_475' title='bbox 3516 2510 3833 2578; x_wconf 84' lang='lat' dir='ltr'><strong>imperator,</strong></span> 
     </span>
    </p>
   </div>
   <div class='ocr_carea' id='block_1_73' title="bbox 2191 2593 3834 2668">
    <p class='ocr_par' dir='ltr' id='par_1_73' title="bbox 2191 2593 3834 2668">
     <span class='ocr_line' id='line_1_73' title="bbox 2191 2593 3834 2668; baseline 0.003 -22"><span class='ocrx_word' id='word_1_476' title='bbox 2191 2595 2513 2663; x_wconf 85' lang='lat' dir='ltr'><strong>neutiquam</strong></span> <span class='ocrx_word' id='word_1_477' title='bbox 2560 2593 2927 2648; x_wconf 86' lang='lat' dir='ltr'><strong>indormiebat</strong></span> <span class='ocrx_word' id='word_1_478' title='bbox 2975 2595 3078 2664; x_wconf 87' lang='lat' dir='ltr'><strong>(ait</strong></span> <span class='ocrx_word' id='word_1_479' title='bbox 3127 2593 3461 2660; x_wconf 90' lang='lat' dir='ltr'><strong>historicus,</strong></span> <span class='ocrx_word' id='word_1_480' title='bbox 3495 2597 3680 2668; x_wconf 90' lang='lat' dir='ltr'><strong>capite</strong></span> <span class='ocrx_word' id='word_1_481' title='bbox 3719 2599 3834 2666; x_wconf 90' lang='lat'><strong>30),</strong></span> 
     </span>
    </p>
   </div>
   <div class='ocr_carea' id='block_1_74' title="bbox 2191 2682 3834 2755">
    <p class='ocr_par' dir='ltr' id='par_1_74' title="bbox 2191 2682 3834 2755">
     <span class='ocr_line' id='line_1_74' title="bbox 2191 2682 3834 2755; baseline 0.004 -20"><span class='ocrx_word' id='word_1_482' title='bbox 2191 2685 2412 2749; x_wconf 88' lang='lat' dir='ltr'><strong>negotio</strong></span> <span class='ocrx_word' id='word_1_483' title='bbox 2461 2682 2935 2737; x_wconf 84' lang='lat' dir='ltr'><strong>conciliandorum</strong></span> <span class='ocrx_word' id='word_1_484' title='bbox 2983 2683 3257 2750; x_wconf 68' lang='lat' dir='ltr'><strong>Ecclesiae,</strong></span> <span class='ocrx_word' id='word_1_485' title='bbox 3286 2687 3385 2755; x_wconf 85' lang='lat' dir='ltr'><strong>qui</strong></span> <span class='ocrx_word' id='word_1_486' title='bbox 3428 2700 3485 2739; x_wconf 92' lang='lat' dir='ltr'><strong>se</strong></span> <span class='ocrx_word' id='word_1_487' title='bbox 3513 2685 3582 2740; x_wconf 91' lang='lat' dir='ltr'><strong>ab</strong></span> <span class='ocrx_word' id='word_1_488' title='bbox 3629 2702 3693 2740; x_wconf 90' lang='lat' dir='ltr'><strong>ea</strong></span> <span class='ocrx_word' id='word_1_489' title='bbox 3718 2685 3834 2741; x_wconf 86' lang='lat' dir='ltr'><strong>dis-</strong></span> 
     </span>
    </p>
   </div>
   <div class='ocr_carea' id='block_1_75' title="bbox 2188 2771 3836 2846">
    <p class='ocr_par' dir='ltr' id='par_1_75' title="bbox 2188 2771 3836 2846">
     <span class='ocr_line' id='line_1_75' title="bbox 2188 2771 3836 2846; baseline 0.004 -22"><span class='ocrx_word' id='word_1_490' title='bbox 2188 2772 2454 2826; x_wconf 85' lang='lat' dir='ltr'><strong>ciderant.</strong></span> <span class='ocrx_word' id='word_1_491' title='bbox 2489 2772 2669 2842; x_wconf 82' lang='lat' dir='ltr'><strong>Signa</strong></span> <span class='ocrx_word' id='word_1_492' title='bbox 2699 2772 2853 2826; x_wconf 86' lang='lat' dir='ltr'><strong>edita</strong></span> <span class='ocrx_word' id='word_1_493' title='bbox 2891 2776 3028 2826; x_wconf 88' lang='lat' dir='ltr'><strong>sunt</strong></span> <span class='ocrx_word' id='word_1_494' title='bbox 3054 2771 3231 2843; x_wconf 82' lang='lat' dir='ltr'><strong>varia,</strong></span> <span class='ocrx_word' id='word_1_495' title='bbox 3266 2773 3484 2844; x_wconf 88' lang='lat' dir='ltr'><strong>quibus</strong></span> <span class='ocrx_word' id='word_1_496' title='bbox 3517 2774 3836 2846; x_wconf 84' lang='lat' dir='ltr'><strong>imperator</strong></span> 
     </span>
    </p>
   </div>
   <div class='ocr_carea' id='block_1_76' title="bbox 2188 2860 3831 2934">
    <p class='ocr_par' dir='ltr' id='par_1_76' title="bbox 2188 2860 3831 2934">
     <span class='ocr_line' id='line_1_76' title="bbox 2188 2860 3831 2934; baseline 0.003 -20"><span class='ocrx_word' id='word_1_497' title='bbox 2188 2865 2491 2930; x_wconf 90' lang='lat' dir='ltr'><strong>permotus</strong></span> <span class='ocrx_word' id='word_1_498' title='bbox 2522 2860 2925 2915; x_wconf 87' lang='lat' dir='ltr'><strong>vehementius</strong></span> <span class='ocrx_word' id='word_1_499' title='bbox 2957 2863 3412 2933; x_wconf 85' lang='lat' dir='ltr'><strong>Arsenianorum,</strong></span> <span class='ocrx_word' id='word_1_500' title='bbox 3445 2867 3502 2917; x_wconf 91' lang='lat' dir='ltr'><strong>et</strong></span> <span class='ocrx_word' id='word_1_501' title='bbox 3529 2863 3831 2934; x_wconf 85' lang='lat' dir='ltr'><strong>Josephita-</strong></span> 
     </span>
    </p>
   </div>
   <div class='ocr_carea' id='block_1_77' title="bbox 2187 2950 3830 3020">
    <p class='ocr_par' dir='ltr' id='par_1_77' title="bbox 2187 2950 3830 3020">
     <span class='ocr_line' id='line_1_77' title="bbox 2187 2950 3830 3020; baseline 0.003 -18"><span class='ocrx_word' id='word_1_502' title='bbox 2187 2965 2315 3002; x_wconf 89' lang='lat' dir='ltr'><strong>rum</strong></span> <span class='ocrx_word' id='word_1_503' title='bbox 2347 2966 2544 3020; x_wconf 90' lang='lat' dir='ltr'><strong>pacem</strong></span> <span class='ocrx_word' id='word_1_504' title='bbox 2571 2950 2831 3020; x_wconf 88' lang='lat' dir='ltr'><strong>urgebat.</strong></span> <span class='ocrx_word' id='word_1_505' title='bbox 2854 2950 2981 3004; x_wconf 88' lang='lat' dir='ltr'><strong>Jam</strong></span> <span class='ocrx_word' id='word_1_506' title='bbox 3013 2966 3144 3005; x_wconf 89' lang='lat' dir='ltr'><strong>vero</strong></span> <span class='ocrx_word' id='word_1_507' title='bbox 3175 2951 3398 3006; x_wconf 89' lang='lat' dir='ltr'><strong>cineres</strong></span> <span class='ocrx_word' id='word_1_508' title='bbox 3417 2953 3668 3019; x_wconf 91' lang='lat' dir='ltr'><strong>Arsenii,</strong></span> <span class='ocrx_word' id='word_1_509' title='bbox 3689 2951 3830 3008; x_wconf 92' lang='lat' dir='ltr'><strong>olim</strong></span> 
     </span>
    </p>
   </div>
   <div class='ocr_carea' id='block_1_78' title="bbox 2187 3037 3827 3112">
    <p class='ocr_par' dir='ltr' id='par_1_78' title="bbox 2187 3037 3827 3112">
     <span class='ocr_line' id='line_1_78' title="bbox 2187 3037 3827 3112; baseline 0.002 -21"><span class='ocrx_word' id='word_1_510' title='bbox 2187 3037 2548 3109; x_wconf 65' lang='lat' dir='ltr'><strong>patriarchae,</strong></span> <span class='ocrx_word' id='word_1_511' title='bbox 2585 3039 2803 3109; x_wconf 90' lang='lat' dir='ltr'><strong>regiam</strong></span> <span class='ocrx_word' id='word_1_512' title='bbox 2836 3039 2892 3092; x_wconf 91' lang='lat' dir='ltr'><strong>in</strong></span> <span class='ocrx_word' id='word_1_513' title='bbox 2927 3039 3130 3093; x_wconf 92' lang='lat' dir='ltr'><strong>urbem</strong></span> <span class='ocrx_word' id='word_1_514' title='bbox 3162 3039 3429 3095; x_wconf 87' lang='lat' dir='ltr'><strong>translati</strong></span> <span class='ocrx_word' id='word_1_515' title='bbox 3459 3041 3672 3111; x_wconf 89' lang='lat' dir='ltr'><strong>(capite</strong></span> <span class='ocrx_word' id='word_1_516' title='bbox 3700 3041 3827 3112; x_wconf 87' lang='lat'>31);</span> 
     </span>
    </p>
   </div>
   <div class='ocr_carea' id='block_1_79' title="bbox 2186 3126 3828 3201">
    <p class='ocr_par' dir='ltr' id='par_1_79' title="bbox 2186 3126 3828 3201">
     <span class='ocr_line' id='line_1_79' title="bbox 2186 3126 3828 3201; baseline 0.002 -21"><span class='ocrx_word' id='word_1_517' title='bbox 2186 3126 2441 3181; x_wconf 91' lang='lat' dir='ltr'><strong>cladium</strong></span> <span class='ocrx_word' id='word_1_518' title='bbox 2499 3129 2672 3181; x_wconf 86' lang='lat' dir='ltr'><strong>etiam</strong></span> <span class='ocrx_word' id='word_1_519' title='bbox 2729 3127 3195 3183; x_wconf 89' lang='lat' dir='ltr'><strong>Christianorum</strong></span> <span class='ocrx_word' id='word_1_520' title='bbox 3255 3129 3492 3184; x_wconf 92' lang='lat' dir='ltr'><strong>initium</strong></span> <span class='ocrx_word' id='word_1_521' title='bbox 3544 3131 3600 3183; x_wconf 93' lang='lat' dir='ltr'><strong>in</strong></span> <span class='ocrx_word' id='word_1_522' title='bbox 3663 3130 3828 3201; x_wconf 90' lang='lat' dir='ltr'><strong>Syria</strong></span> 
     </span>
    </p>
   </div>
   <div class='ocr_carea' id='block_1_80' title="bbox 2185 3216 3825 3290">
    <p class='ocr_par' dir='ltr' id='par_1_80' title="bbox 2185 3216 3825 3290">
     <span class='ocr_line' id='line_1_80' title="bbox 2185 3216 3825 3290; baseline 0.002 -20"><span class='ocrx_word' id='word_1_523' title='bbox 2185 3216 2391 3287; x_wconf 84' lang='lat' dir='ltr'><strong>(capite</strong></span> <span class='ocrx_word' id='word_1_524' title='bbox 2435 3217 2567 3287; x_wconf 85' lang='lat'>32);</span> <span class='ocrx_word' id='word_1_525' title='bbox 2616 3221 2844 3288; x_wconf 91' lang='lat' dir='ltr'><strong>captam</strong></span> <span class='ocrx_word' id='word_1_526' title='bbox 2899 3217 3199 3288; x_wconf 86' lang='lat' dir='ltr'><strong>Tripolim,</strong></span> <span class='ocrx_word' id='word_1_527' title='bbox 3247 3223 3594 3290; x_wconf 89' lang='lat' dir='ltr'><strong>captamque</strong></span> <span class='ocrx_word' id='word_1_528' title='bbox 3641 3218 3825 3274; x_wconf 61' lang='lat' dir='ltr'><strong>Ptole-</strong></span> 
     </span>
    </p>
   </div>
   <div class='ocr_carea' id='block_1_81' title="bbox 2186 3305 3828 3376">
    <p class='ocr_par' dir='ltr' id='par_1_81' title="bbox 2186 3305 3828 3376">
     <span class='ocr_line' id='line_1_81' title="bbox 2186 3305 3828 3376; baseline 0.002 -18"><span class='ocrx_word' id='word_1_529' title='bbox 2186 3307 2439 3360; x_wconf 91' lang='lat' dir='ltr'><strong>maidem</strong></span> <span class='ocrx_word' id='word_1_530' title='bbox 2480 3305 2652 3360; x_wconf 81' lang='lat' dir='ltr'><strong>refert</strong></span> <span class='ocrx_word' id='word_1_531' title='bbox 2700 3305 3105 3376; x_wconf 81' lang='lat' dir='ltr'><strong>Pachymeres,</strong></span> <span class='ocrx_word' id='word_1_532' title='bbox 3137 3307 3508 3376; x_wconf 91' lang='lat' dir='ltr'><strong>sequentium</strong></span> <span class='ocrx_word' id='word_1_533' title='bbox 3559 3307 3828 3362; x_wconf 86' lang='lat' dir='ltr'><strong>videlicet</strong></span> 
     </span>
    </p>
   </div>
   <div class='ocr_carea' id='block_1_82' title="bbox 2182 3395 3822 3466">
    <p class='ocr_par' dir='ltr' id='par_1_82' title="bbox 2182 3395 3822 3466">
     <span class='ocr_line' id='line_1_82' title="bbox 2182 3395 3822 3466; baseline 0 -16"><span class='ocrx_word' id='word_1_534' title='bbox 2182 3412 2467 3450; x_wconf 89' lang='lat' dir='ltr'><strong>annorum</strong></span> <span class='ocrx_word' id='word_1_535' title='bbox 2530 3400 2877 3465; x_wconf 68' lang='lat' dir='ltr'><strong>praeverteris</strong></span> <span class='ocrx_word' id='word_1_536' title='bbox 2933 3395 3145 3450; x_wconf 89' lang='lat' dir='ltr'><strong>clades.</strong></span> <span class='ocrx_word' id='word_1_537' title='bbox 3193 3399 3267 3450; x_wconf 88' lang='lat' dir='ltr'><strong>At</strong></span> <span class='ocrx_word' id='word_1_538' title='bbox 3312 3396 3533 3450; x_wconf 89' lang='lat' dir='ltr'><strong>Marino</strong></span> <span class='ocrx_word' id='word_1_539' title='bbox 3580 3400 3822 3466; x_wconf 88' lang='lat' dir='ltr'><strong>Sanuto,</strong></span> 
     </span>
    </p>
   </div>
   <div class='ocr_carea' id='block_1_83' title="bbox 2179 3481 3819 3556">
    <p class='ocr_par' dir='ltr' id='par_1_83' title="bbox 2179 3481 3819 3556">
     <span class='ocr_line' id='line_1_83' title="bbox 2179 3481 3819 3556; baseline 0.001 -18"><span class='ocrx_word' id='word_1_540' title='bbox 2179 3483 2333 3539; x_wconf 92' lang='lat' dir='ltr'><strong>dicto</strong></span> <span class='ocrx_word' id='word_1_541' title='bbox 2387 3485 2644 3547; x_wconf 87' lang='lat' dir='ltr'><strong>Torsello,</strong></span> <span class='ocrx_word' id='word_1_542' title='bbox 2693 3488 2840 3537; x_wconf 88' lang='lat' dir='ltr'><strong>teste</strong></span> <span class='ocrx_word' id='word_1_543' title='bbox 2884 3481 3031 3539; x_wconf 90' lang='lat' dir='ltr'><strong>libro</strong></span> <span class='ocrx_word' id='word_1_544' title='bbox 3085 3501 3166 3552; x_wconf 88' lang='grc' dir='ltr'>ιιι,</span> <span class='ocrx_word' id='word_1_545' title='bbox 3209 3490 3372 3556; x_wconf 89' lang='lat' dir='ltr'><strong>parte</strong></span> <span class='ocrx_word' id='word_1_546' title='bbox 3420 3502 3517 3554; x_wconf 84' lang='lat' dir='ltr'><strong>xu,</strong></span> <span class='ocrx_word' id='word_1_547' title='bbox 3569 3502 3694 3556; x_wconf 91' lang='lat' dir='ltr'><strong>cap.</strong></span> <span class='ocrx_word' id='word_1_548' title='bbox 3731 3487 3819 3554; x_wconf 88' lang='lat'>19,</span> 
     </span>
    </p>
   </div>
   <div class='ocr_carea' id='block_1_84' title="bbox 2179 3572 3820 3644">
    <p class='ocr_par' dir='ltr' id='par_1_84' title="bbox 2179 3572 3820 3644">
     <span class='ocr_line' id='line_1_84' title="bbox 2179 3572 3820 3644; baseline 0 -17"><span class='ocrx_word' id='word_1_549' title='bbox 2179 3573 2472 3628; x_wconf 89' lang='lat' dir='ltr'><strong>obsidium</strong></span> <span class='ocrx_word' id='word_1_550' title='bbox 2534 3573 2708 3628; x_wconf 88' lang='lat' dir='ltr'><strong>castri</strong></span> <span class='ocrx_word' id='word_1_551' title='bbox 2767 3572 2977 3642; x_wconf 81' lang='lat' dir='ltr'><strong>Margat</strong></span> <span class='ocrx_word' id='word_1_552' title='bbox 3035 3573 3146 3627; x_wconf 89' lang='lat' dir='ltr'><strong>sub</strong></span> <span class='ocrx_word' id='word_1_553' title='bbox 3205 3573 3458 3628; x_wconf 90' lang='lat' dir='ltr'><strong>Soldano</strong></span> <span class='ocrx_word' id='word_1_554' title='bbox 3507 3573 3820 3644; x_wconf 88' lang='lat' dir='ltr'><strong>Babylonio</strong></span> 
     </span>
    </p>
   </div>
   <div class='ocr_carea' id='block_1_85' title="bbox 2179 3661 3820 3734">
    <p class='ocr_par' dir='ltr' id='par_1_85' title="bbox 2179 3661 3820 3734">
     <span class='ocr_line' id='line_1_85' title="bbox 2179 3661 3820 3734; baseline 0.001 -17"><span class='ocrx_word' id='word_1_555' title='bbox 2179 3663 2390 3717; x_wconf 85' lang='lat' dir='ltr'><strong>accidit</strong></span> <span class='ocrx_word' id='word_1_556' title='bbox 2422 3679 2574 3718; x_wconf 87' lang='lat' dir='ltr'><strong>anno</strong></span> <span class='ocrx_word' id='word_1_557' title='bbox 2608 3662 2766 3727; x_wconf 87' lang='lat'>1285,</span> <span class='ocrx_word' id='word_1_558' title='bbox 2799 3661 2892 3716; x_wconf 90' lang='lat' dir='ltr'><strong>die</strong></span> <span class='ocrx_word' id='word_1_559' title='bbox 2937 3663 3007 3714; x_wconf 89' lang='lat'>27</span> <span class='ocrx_word' id='word_1_560' title='bbox 3036 3661 3272 3734; x_wconf 80' lang='lat' dir='ltr'><strong>Aprilis,</strong></span> <span class='ocrx_word' id='word_1_561' title='bbox 3305 3663 3549 3734; x_wconf 84' lang='lat' dir='ltr'><strong>eiusque</strong></span> <span class='ocrx_word' id='word_1_562' title='bbox 3580 3663 3820 3718; x_wconf 88' lang='lat' dir='ltr'><strong>amissio</strong></span> 
     </span>
    </p>
   </div>
   <div class='ocr_carea' id='block_1_86' title="bbox 2178 3751 3822 3822">
    <p class='ocr_par' dir='ltr' id='par_1_86' title="bbox 2178 3751 3822 3822">
     <span class='ocr_line' id='line_1_86' title="bbox 2178 3751 3822 3822; baseline 0.001 -16"><span class='ocrx_word' id='word_1_563' title='bbox 2178 3757 2311 3822; x_wconf 92' lang='lat' dir='ltr'><strong>post</strong></span> <span class='ocrx_word' id='word_1_564' title='bbox 2341 3767 2622 3806; x_wconf 91' lang='lat' dir='ltr'><strong>mensem.</strong></span> <span class='ocrx_word' id='word_1_565' title='bbox 2660 3751 2916 3820; x_wconf 88' lang='lat' dir='ltr'><strong>Denique</strong></span> <span class='ocrx_word' id='word_1_566' title='bbox 2954 3751 3219 3806; x_wconf 68' lang='lat' dir='ltr'><strong>secundae</strong></span> <span class='ocrx_word' id='word_1_567' title='bbox 3252 3752 3324 3806; x_wconf 90' lang='lat' dir='ltr'><strong>ab</strong></span> <span class='ocrx_word' id='word_1_568' title='bbox 3354 3751 3703 3822; x_wconf 88' lang='lat' dir='ltr'><strong>imperatore</strong></span> <span class='ocrx_word' id='word_1_569' title='bbox 3733 3767 3822 3807; x_wconf 88' lang='lat' dir='ltr'><strong>ce-</strong></span> 
     </span>
    </p>
   </div>
   <div class='ocr_carea' id='block_1_87' title="bbox 2178 3840 3821 3910">
    <p class='ocr_par' dir='ltr' id='par_1_87' title="bbox 2178 3840 3821 3910">
     <span class='ocr_line' id='line_1_87' title="bbox 2178 3840 3821 3910; baseline 0.002 -16"><span class='ocrx_word' id='word_1_570' title='bbox 2178 3841 2480 3895; x_wconf 88' lang='lat' dir='ltr'><strong>lebrantur</strong></span> <span class='ocrx_word' id='word_1_571' title='bbox 2509 3840 2722 3910; x_wconf 74' lang='lat' dir='ltr'><strong>nuptiae</strong></span> <span class='ocrx_word' id='word_1_572' title='bbox 2747 3856 2880 3894; x_wconf 90' lang='lat' dir='ltr'><strong>cum</strong></span> <span class='ocrx_word' id='word_1_573' title='bbox 2914 3844 3097 3903; x_wconf 90' lang='lat' dir='ltr'><strong>Irene,</strong></span> <span class='ocrx_word' id='word_1_574' title='bbox 3127 3840 3248 3896; x_wconf 82' lang='lat' dir='ltr'><strong>filia</strong></span> <span class='ocrx_word' id='word_1_575' title='bbox 3280 3840 3634 3897; x_wconf 87' lang='lat' dir='ltr'><strong>marchionis</strong></span> <span class='ocrx_word' id='word_1_576' title='bbox 3662 3841 3821 3897; x_wconf 86' lang='lat' dir='ltr'><strong>Mon-</strong></span> 
     </span>
    </p>
   </div>
   <div class='ocr_carea' id='block_1_88' title="bbox 2177 3929 2835 4000">
    <p class='ocr_par' dir='ltr' id='par_1_88' title="bbox 2177 3929 2835 4000">
     <span class='ocr_line' id='line_1_88' title="bbox 2177 3929 2835 4000; baseline 0.003 -17"><span class='ocrx_word' id='word_1_577' title='bbox 2177 3929 2454 3984; x_wconf 88' lang='lat' dir='ltr'><strong>tisferrati</strong></span> <span class='ocrx_word' id='word_1_578' title='bbox 2483 3929 2692 4000; x_wconf 90' lang='lat' dir='ltr'><strong>(capite</strong></span> <span class='ocrx_word' id='word_1_579' title='bbox 2722 3930 2835 3998; x_wconf 90' lang='lat'><strong>33).</strong></span> 
     </span>
    </p>
   </div>
   <div class='ocr_carea' id='block_1_89' title="bbox 2247 4017 3824 4074">
    <p class='ocr_par' dir='ltr' id='par_1_89' title="bbox 2247 4017 3824 4074">
     <span class='ocr_line' id='line_1_89' title="bbox 2247 4017 3824 4074; baseline 0.001 -3"><span class='ocrx_word' id='word_1_580' title='bbox 2247 4017 2349 4071; x_wconf 78' lang='lat'>96</span> <span class='ocrx_word' id='word_1_581' title='bbox 2381 4017 2531 4071; x_wconf 90' lang='lat' dir='ltr'><strong>Tum</strong></span> <span class='ocrx_word' id='word_1_582' title='bbox 2562 4033 2694 4071; x_wconf 88' lang='lat' dir='ltr'><strong>vero</strong></span> <span class='ocrx_word' id='word_1_583' title='bbox 2721 4021 2990 4071; x_wconf 90' lang='lat' dir='ltr'><strong>evocatus</strong></span> <span class='ocrx_word' id='word_1_584' title='bbox 3022 4033 3052 4071; x_wconf 92' lang='lat' dir='ltr'><strong>e</strong></span> <span class='ocrx_word' id='word_1_585' title='bbox 3106 4017 3289 4072; x_wconf 89' lang='lat' dir='ltr'><strong>Prusa</strong></span> <span class='ocrx_word' id='word_1_586' title='bbox 3315 4017 3572 4072; x_wconf 89' lang='lat' dir='ltr'><strong>Joannes</strong></span> <span class='ocrx_word' id='word_1_587' title='bbox 3605 4019 3824 4074; x_wconf 89' lang='lat' dir='ltr'><strong>Beccus</strong></span> 
     </span>
    </p>
   </div>
   <div class='ocr_carea' id='block_1_90' title="bbox 2177 4105 3822 4178">
    <p class='ocr_par' dir='ltr' id='par_1_90' title="bbox 2177 4105 3822 4178">
     <span class='ocr_line' id='line_1_90' title="bbox 2177 4105 3822 4178; baseline 0.002 -20"><span class='ocrx_word' id='word_1_588' title='bbox 2177 4121 2307 4158; x_wconf 89' lang='lat' dir='ltr'><strong>cum</strong></span> <span class='ocrx_word' id='word_1_589' title='bbox 2364 4105 2559 4172; x_wconf 89' lang='lat' dir='ltr'><strong>sociis,</strong></span> <span class='ocrx_word' id='word_1_590' title='bbox 2613 4105 2989 4160; x_wconf 88' lang='lat' dir='ltr'><strong>Constantino</strong></span> <span class='ocrx_word' id='word_1_591' title='bbox 3042 4105 3414 4173; x_wconf 88' lang='lat' dir='ltr'><strong>Meliteniote,</strong></span> <span class='ocrx_word' id='word_1_592' title='bbox 3475 4112 3530 4160; x_wconf 91' lang='lat' dir='ltr'><strong>et</strong></span> <span class='ocrx_word' id='word_1_593' title='bbox 3577 4106 3822 4178; x_wconf 88' lang='lat' dir='ltr'><strong>Georgio</strong></span> 
     </span>
    </p>
   </div>
   <div class='ocr_carea' id='block_1_91' title="bbox 2176 4192 3821 4264">
    <p class='ocr_par' dir='ltr' id='par_1_91' title="bbox 2176 4192 3821 4264">
     <span class='ocr_line' id='line_1_91' title="bbox 2176 4192 3821 4264; baseline 0.001 -16"><span class='ocrx_word' id='word_1_594' title='bbox 2176 4192 2508 4264; x_wconf 88' lang='lat' dir='ltr'><strong>Metochita,</strong></span> <span class='ocrx_word' id='word_1_595' title='bbox 2570 4192 3018 4257; x_wconf 88' lang='lat' dir='ltr'><strong>archidiaconis,</strong></span> <span class='ocrx_word' id='word_1_596' title='bbox 3066 4198 3130 4247; x_wconf 93' lang='lat' dir='ltr'><strong>ut</strong></span> <span class='ocrx_word' id='word_1_597' title='bbox 3189 4195 3318 4248; x_wconf 83' lang='lat' dir='ltr'><strong>fidei</strong></span> <span class='ocrx_word' id='word_1_598' title='bbox 3369 4211 3487 4250; x_wconf 69' lang='lat' dir='ltr'><strong>suis</strong></span> <span class='ocrx_word' id='word_1_599' title='bbox 3537 4195 3821 4251; x_wconf 85' lang='lat' dir='ltr'><strong>rationem</strong></span> 
     </span>
    </p>
   </div>
   <div class='ocr_carea' id='block_1_92' title="bbox 2176 4281 3819 4356">
    <p class='ocr_par' dir='ltr' id='par_1_92' title="bbox 2176 4281 3819 4356">
     <span class='ocr_line' id='line_1_92' title="bbox 2176 4281 3819 4356; baseline 0.003 -21"><span class='ocrx_word' id='word_1_600' title='bbox 2176 4282 2502 4337; x_wconf 89' lang='lat' dir='ltr'><strong>redderent.</strong></span> <span class='ocrx_word' id='word_1_601' title='bbox 2555 4281 2842 4336; x_wconf 89' lang='lat' dir='ltr'><strong>Indictum</strong></span> <span class='ocrx_word' id='word_1_602' title='bbox 2894 4298 3028 4353; x_wconf 91' lang='lat' dir='ltr'><strong>ergo</strong></span> <span class='ocrx_word' id='word_1_603' title='bbox 3075 4281 3429 4354; x_wconf 93' lang='lat' dir='ltr'><strong>colloquium</strong></span> <span class='ocrx_word' id='word_1_604' title='bbox 3479 4284 3537 4338; x_wconf 92' lang='lat' dir='ltr'><strong>in</strong></span> <span class='ocrx_word' id='word_1_605' title='bbox 3601 4287 3819 4356; x_wconf 85' lang='lat' dir='ltr'><strong>synodo</strong></span> 
     </span>
    </p>
   </div>
   <div class='ocr_carea' id='block_1_93' title="bbox 2175 4369 3822 4441">
    <p class='ocr_par' dir='ltr' id='par_1_93' title="bbox 2175 4369 3822 4441">
     <span class='ocr_line' id='line_1_93' title="bbox 2175 4369 3822 4441; baseline 0.001 -16"><span class='ocrx_word' id='word_1_606' title='bbox 2175 4369 2724 4432; x_wconf 89' lang='lat' dir='ltr'><strong>ecclesiasticorum,</strong></span> <span class='ocrx_word' id='word_1_607' title='bbox 2757 4387 2883 4441; x_wconf 67' lang='lat' dir='ltr'><strong>quae</strong></span> <span class='ocrx_word' id='word_1_608' title='bbox 2935 4369 3136 4425; x_wconf 87' lang='lat' dir='ltr'><strong>habita</strong></span> <span class='ocrx_word' id='word_1_609' title='bbox 3179 4377 3270 4426; x_wconf 90' lang='lat' dir='ltr'><strong>est</strong></span> <span class='ocrx_word' id='word_1_610' title='bbox 3297 4371 3356 4426; x_wconf 91' lang='lat' dir='ltr'><strong>in</strong></span> <span class='ocrx_word' id='word_1_611' title='bbox 3409 4373 3669 4427; x_wconf 87' lang='lat' dir='ltr'><strong>Triclinio</strong></span> <span class='ocrx_word' id='word_1_612' title='bbox 3697 4374 3822 4428; x_wconf 80' lang='lat' dir='ltr'><strong>Ale-</strong></span> 
     </span>
    </p>
   </div>
   <div class='ocr_carea' id='block_1_94' title="bbox 2172 4458 3824 4530">
    <p class='ocr_par' dir='ltr' id='par_1_94' title="bbox 2172 4458 3824 4530">
     <span class='ocr_line' id='line_1_94' title="bbox 2172 4458 3824 4530; baseline 0.002 -16"><span class='ocrx_word' id='word_1_613' title='bbox 2172 4461 2358 4514; x_wconf 74' lang='lat' dir='ltr'><strong>xiaco.</strong></span> <span class='ocrx_word' id='word_1_614' title='bbox 2417 4458 2620 4514; x_wconf 83' lang='lat' dir='ltr'><strong>Aderat</strong></span> <span class='ocrx_word' id='word_1_615' title='bbox 2665 4458 2985 4529; x_wconf 77' lang='lat' dir='ltr'><strong>patriarcha</strong></span> <span class='ocrx_word' id='word_1_616' title='bbox 3043 4460 3352 4530; x_wconf 82' lang='lat' dir='ltr'><strong>Gregorius.</strong></span> <span class='ocrx_word' id='word_1_617' title='bbox 3405 4462 3824 4517; x_wconf 66' lang='lat' dir='ltr'><strong>Alexandrinus</strong></span> 
     </span>
    </p>
   </div>
   <div class='ocr_carea' id='block_1_95' title="bbox 2178 4547 3824 4618">
    <p class='ocr_par' dir='ltr' id='par_1_95' title="bbox 2178 4547 3824 4618">
     <span class='ocr_line' id='line_1_95' title="bbox 2178 4547 3824 4618; baseline 0.004 -18"><span class='ocrx_word' id='word_1_618' title='bbox 2178 4563 2384 4617; x_wconf 89' lang='lat' dir='ltr'><strong>quoque</strong></span> <span class='ocrx_word' id='word_1_619' title='bbox 2439 4547 2789 4612; x_wconf 82' lang='lat' dir='ltr'><strong>Athanasius,</strong></span> <span class='ocrx_word' id='word_1_620' title='bbox 2847 4547 2998 4618; x_wconf 81' lang='lat' dir='ltr'><strong>quod</strong></span> <span class='ocrx_word' id='word_1_621' title='bbox 3053 4549 3195 4617; x_wconf 82' lang='lat' dir='ltr'><strong>forte</strong></span> <span class='ocrx_word' id='word_1_622' title='bbox 3238 4553 3370 4603; x_wconf 82' lang='lat' dir='ltr'><strong>tunc</strong></span> <span class='ocrx_word' id='word_1_623' title='bbox 3414 4554 3711 4618; x_wconf 70' lang='lat' dir='ltr'><strong>aegrotans,</strong></span> <span class='ocrx_word' id='word_1_624' title='bbox 3759 4549 3824 4606; x_wconf 87' lang='lat' dir='ltr'><strong>de</strong></span> 
     </span>
    </p>
   </div>
   <div class='ocr_carea' id='block_1_96' title="bbox 427 4635 3823 4718">
    <p class='ocr_par' dir='ltr' id='par_1_96' title="bbox 427 4635 3823 4718">
     <span class='ocr_line' id='line_1_96' title="bbox 427 4635 3823 4718; baseline -0.002 -20"><span class='ocrx_word' id='word_1_625' title='bbox 427 4643 616 4698; x_wconf 91' lang='lat' dir='ltr'><strong>adhuc</strong></span> <span class='ocrx_word' id='word_1_626' title='bbox 658 4659 766 4696; x_wconf 88' lang='lat' dir='ltr'><strong>usu</strong></span> <span class='ocrx_word' id='word_1_627' title='bbox 800 4639 1084 4712; x_wconf 91' lang='lat' dir='ltr'><strong>permisso</strong></span> <span class='ocrx_word' id='word_1_628' title='bbox 1114 4655 1126 4692; x_wconf 92' lang='lat'><strong>:</strong></span> <span class='ocrx_word' id='word_1_629' title='bbox 1152 4654 1268 4708; x_wconf 89' lang='lat' dir='ltr'><strong>qua</strong></span> <span class='ocrx_word' id='word_1_630' title='bbox 1311 4638 1458 4693; x_wconf 91' lang='lat' dir='ltr'><strong>ritus</strong></span> <span class='ocrx_word' id='word_1_631' title='bbox 1480 4644 1794 4694; x_wconf 90' lang='lat' dir='ltr'><strong>consuetus</strong></span> <span class='ocrx_word' id='word_1_632' title='bbox 1825 4643 2068 4695; x_wconf 88' lang='lat' dir='ltr'><strong>vocabat</strong></span> <span class='ocrx_word' id='word_1_633' title='bbox 2098 4653 2143 4718; x_wconf 76' lang='grc' dir='ltr'><strong>Ι)</strong></span> <span class='ocrx_word' id='word_1_634' title='bbox 2172 4635 2428 4689; x_wconf 87' lang='lat' dir='ltr'><strong>cumbens</strong></span> <span class='ocrx_word' id='word_1_635' title='bbox 2461 4637 2520 4688; x_wconf 87' lang='lat' dir='ltr'><strong>in</strong></span> <span class='ocrx_word' id='word_1_636' title='bbox 2560 4635 2751 4689; x_wconf 85' lang='lat' dir='ltr'><strong>lectulo</strong></span> <span class='ocrx_word' id='word_1_637' title='bbox 2789 4643 3064 4705; x_wconf 84' lang='lat' dir='ltr'><strong>portatur.</strong></span> <span class='ocrx_word' id='word_1_638' title='bbox 3102 4636 3242 4691; x_wconf 88' lang='lat' dir='ltr'><strong>Ordo</strong></span> <span class='ocrx_word' id='word_1_639' title='bbox 3275 4639 3558 4693; x_wconf 87' lang='lat' dir='ltr'><strong>universus</strong></span> <span class='ocrx_word' id='word_1_640' title='bbox 3591 4639 3823 4692; x_wconf 88' lang='lat' dir='ltr'><strong>antisti-</strong></span> 
     </span>
    </p>
   </div>
   <div class='ocr_carea' id='block_1_97' title="bbox 425 4727 2070 4800">
    <p class='ocr_par' dir='ltr' id='par_1_97' title="bbox 425 4727 2070 4800">
     <span class='ocr_line' id='line_1_97' title="bbox 425 4727 2070 4800; baseline 0 -14"><span class='ocrx_word' id='word_1_641' title='bbox 425 4731 783 4786; x_wconf 87' lang='lat' dir='ltr'><strong>sacerdotem</strong></span> <span class='ocrx_word' id='word_1_642' title='bbox 815 4729 914 4784; x_wconf 75' lang='lat'>95</span> <span class='ocrx_word' id='word_1_643' title='bbox 947 4729 1018 4783; x_wconf 91' lang='lat' dir='ltr'><strong>ad</strong></span> <span class='ocrx_word' id='word_1_644' title='bbox 1047 4727 1456 4799; x_wconf 71' lang='lat' dir='ltr'><strong>praeparandas</strong></span> <span class='ocrx_word' id='word_1_645' title='bbox 1485 4727 1544 4781; x_wconf 91' lang='lat' dir='ltr'><strong>in</strong></span> <span class='ocrx_word' id='word_1_646' title='bbox 1578 4744 1737 4782; x_wconf 81' lang='lat' dir='ltr'><strong>sacra</strong></span> <span class='ocrx_word' id='word_1_647' title='bbox 1769 4730 1974 4800; x_wconf 82' lang='lat' dir='ltr'><strong>pyxide</strong></span> <span class='ocrx_word' id='word_1_648' title='bbox 1997 4739 2070 4786; x_wconf 88' lang='lat' dir='ltr'><strong>tot</strong></span> 
     </span>
    </p>
   </div>
   <div class='ocr_carea' id='block_1_98' title="bbox 425 4815 2064 4887">
    <p class='ocr_par' dir='ltr' id='par_1_98' title="bbox 425 4815 2064 4887">
     <span class='ocr_line' id='line_1_98' title="bbox 425 4815 2064 4887; baseline 0 -14"><span class='ocrx_word' id='word_1_649' title='bbox 425 4819 720 4875; x_wconf 86' lang='lat' dir='ltr'><strong>oblationes</strong></span> <span class='ocrx_word' id='word_1_650' title='bbox 771 4815 1090 4872; x_wconf 81' lang='lat' dir='ltr'><strong>consecrati</strong></span> <span class='ocrx_word' id='word_1_651' title='bbox 1149 4815 1338 4887; x_wconf 90' lang='lat' dir='ltr'><strong>panis,</strong></span> <span class='ocrx_word' id='word_1_652' title='bbox 1391 4821 1533 4886; x_wconf 90' lang='lat' dir='ltr'><strong>quot</strong></span> <span class='ocrx_word' id='word_1_653' title='bbox 1585 4817 1651 4870; x_wconf 85' lang='lat' dir='ltr'><strong>ad</strong></span> <span class='ocrx_word' id='word_1_654' title='bbox 1688 4816 2064 4873; x_wconf 88' lang='lat' dir='ltr'><strong>celebrandas</strong></span> 
     </span>
    </p>
   </div>
   <div class='ocr_carea' id='block_1_99' title="bbox 416 4904 2064 4980">
    <p class='ocr_par' dir='ltr' id='par_1_99' title="bbox 416 4904 2064 4980">
     <span class='ocr_line' id='line_1_99' title="bbox 416 4904 2064 4980; baseline 0 -17"><span class='ocrx_word' id='word_1_655' title='bbox 416 4909 586 4980; x_wconf 85' lang='lat' dir='ltr'><strong>juxta</strong></span> <span class='ocrx_word' id='word_1_656' title='bbox 616 4923 835 4962; x_wconf 87' lang='lat' dir='ltr'><strong>morem</strong></span> <span class='ocrx_word' id='word_1_657' title='bbox 867 4906 1150 4961; x_wconf 89' lang='lat' dir='ltr'><strong>instantes</strong></span> <span class='ocrx_word' id='word_1_658' title='bbox 1203 4904 1469 4976; x_wconf 88' lang='lat' dir='ltr'><strong>liturgias</strong></span> <span class='ocrx_word' id='word_1_659' title='bbox 1497 4922 1566 4960; x_wconf 73' lang='lat' dir='ltr'><strong>ea:</strong></span> <span class='ocrx_word' id='word_1_660' title='bbox 1586 4908 2064 4977; x_wconf 73' lang='lat' dir='ltr'><strong>praesanctiﬁcatis</strong></span> 
     </span>
    </p>
   </div>
   <div class='ocr_carea' id='block_1_100' title="bbox 425 4994 2066 5067">
    <p class='ocr_par' dir='ltr' id='par_1_100' title="bbox 425 4994 2066 5067">
     <span class='ocr_line' id='line_1_100' title="bbox 425 4994 2066 5067; baseline -0.001 -15"><span class='ocrx_word' id='word_1_661' title='bbox 425 4996 752 5067; x_wconf 88' lang='lat' dir='ltr'><strong>oportebat.</strong></span> <span class='ocrx_word' id='word_1_662' title='bbox 779 4994 884 5050; x_wconf 92' lang='lat' dir='ltr'><strong>Ubi</strong></span> <span class='ocrx_word' id='word_1_663' title='bbox 916 5011 1050 5065; x_wconf 82' lang='lat' dir='ltr'><strong>ergo</strong></span> <span class='ocrx_word' id='word_1_664' title='bbox 1079 4999 1184 5063; x_wconf 90' lang='lat' dir='ltr'><strong>est,</strong></span> <span class='ocrx_word' id='word_1_665' title='bbox 1212 4994 1500 5048; x_wconf 90' lang='lat' dir='ltr'><strong>incruenti</strong></span> <span class='ocrx_word' id='word_1_666' title='bbox 1535 4994 1800 5049; x_wconf 84' lang='lat' dir='ltr'><strong>sacrificii</strong></span> <span class='ocrx_word' id='word_1_667' title='bbox 1836 5001 2066 5066; x_wconf 89' lang='lat' dir='ltr'><strong>peracta</strong></span> 
     </span>
    </p>
   </div>
   <div class='ocr_carea' id='block_1_101' title="bbox 425 5082 2065 5154">
    <p class='ocr_par' dir='ltr' id='par_1_101' title="bbox 425 5082 2065 5154">
     <span class='ocr_line' id='line_1_101' title="bbox 425 5082 2065 5154; baseline 0 -14"><span class='ocrx_word' id='word_1_668' title='bbox 425 5085 744 5152; x_wconf 88' lang='lat' dir='ltr'><strong>functione,</strong></span> <span class='ocrx_word' id='word_1_669' title='bbox 790 5089 989 5154; x_wconf 89' lang='lat' dir='ltr'><strong>aperta</strong></span> <span class='ocrx_word' id='word_1_670' title='bbox 1045 5083 1210 5154; x_wconf 84' lang='lat' dir='ltr'><strong>pyxis</strong></span> <span class='ocrx_word' id='word_1_671' title='bbox 1260 5083 1331 5137; x_wconf 90' lang='lat' dir='ltr'><strong>ad</strong></span> <span class='ocrx_word' id='word_1_672' title='bbox 1364 5082 1730 5138; x_wconf 90' lang='lat' dir='ltr'><strong>collocandos</strong></span> <span class='ocrx_word' id='word_1_673' title='bbox 1759 5083 1909 5139; x_wconf 90' lang='lat' dir='ltr'><strong>intra</strong></span> <span class='ocrx_word' id='word_1_674' title='bbox 1937 5102 2065 5141; x_wconf 87' lang='lat' dir='ltr'><strong>eam</strong></span> 
     </span>
    </p>
   </div>
   <div class='ocr_carea' id='block_1_102' title="bbox 425 5172 2066 5246">
    <p class='ocr_par' dir='ltr' id='par_1_102' title="bbox 425 5172 2066 5246">
     <span class='ocr_line' id='line_1_102' title="bbox 425 5172 2066 5246; baseline -0.001 -16"><span class='ocrx_word' id='word_1_675' title='bbox 425 5177 794 5230; x_wconf 90' lang='lat' dir='ltr'><strong>consecratos</strong></span> <span class='ocrx_word' id='word_1_676' title='bbox 827 5189 1024 5243; x_wconf 90' lang='lat' dir='ltr'><strong>panes,</strong></span> <span class='ocrx_word' id='word_1_677' title='bbox 1061 5172 1288 5226; x_wconf 86' lang='lat' dir='ltr'><strong>inventa</strong></span> <span class='ocrx_word' id='word_1_678' title='bbox 1319 5173 1478 5226; x_wconf 88' lang='lat' dir='ltr'><strong>intus</strong></span> <span class='ocrx_word' id='word_1_679' title='bbox 1510 5172 1780 5243; x_wconf 88' lang='lat' dir='ltr'><strong>apparuit</strong></span> <span class='ocrx_word' id='word_1_680' title='bbox 1823 5190 1889 5228; x_wconf 83' lang='lat' dir='ltr'><strong>ex</strong></span> <span class='ocrx_word' id='word_1_681' title='bbox 1923 5193 2066 5246; x_wconf 66' lang='lat' dir='ltr'><strong>prie-</strong></span> 
     </span>
    </p>
   </div>
   <div class='ocr_carea' id='block_1_103' title="bbox 426 5260 2066 5334">
    <p class='ocr_par' dir='ltr' id='par_1_103' title="bbox 426 5260 2066 5334">
     <span class='ocr_line' id='line_1_103' title="bbox 426 5260 2066 5334; baseline -0.001 -14"><span class='ocrx_word' id='word_1_682' title='bbox 426 5261 808 5320; x_wconf 82' lang='lat' dir='ltr'><strong>sanctiﬁcatis</strong></span> <span class='ocrx_word' id='word_1_683' title='bbox 839 5260 1076 5330; x_wconf 89' lang='lat' dir='ltr'><strong>oblatio,</strong></span> <span class='ocrx_word' id='word_1_684' title='bbox 1111 5277 1287 5330; x_wconf 88' lang='lat' dir='ltr'><strong>quam</strong></span> <span class='ocrx_word' id='word_1_685' title='bbox 1320 5262 1451 5332; x_wconf 91' lang='lat' dir='ltr'><strong>quis</strong></span> <span class='ocrx_word' id='word_1_686' title='bbox 1483 5262 1718 5316; x_wconf 89' lang='lat' dir='ltr'><strong>intuens</strong></span> <span class='ocrx_word' id='word_1_687' title='bbox 1747 5264 2066 5334; x_wconf 89' lang='lat' dir='ltr'><strong>suspicare-</strong></span> 
     </span>
    </p>
   </div>
   <div class='ocr_carea' id='block_1_104' title="bbox 424 5348 2067 5422">
    <p class='ocr_par' dir='ltr' id='par_1_104' title="bbox 424 5348 2067 5422">
     <span class='ocr_line' id='line_1_104' title="bbox 424 5348 2067 5422; baseline 0.002 -16"><span class='ocrx_word' id='word_1_688' title='bbox 424 5355 522 5406; x_wconf 89' lang='lat' dir='ltr'><strong>tur</strong></span> <span class='ocrx_word' id='word_1_689' title='bbox 551 5367 729 5406; x_wconf 90' lang='lat' dir='ltr'><strong>unam</strong></span> <span class='ocrx_word' id='word_1_690' title='bbox 763 5367 832 5406; x_wconf 90' lang='lat' dir='ltr'><strong>ex</strong></span> <span class='ocrx_word' id='word_1_691' title='bbox 862 5348 932 5404; x_wconf 90' lang='lat' dir='ltr'><strong>iis</strong></span> <span class='ocrx_word' id='word_1_692' title='bbox 966 5365 1114 5413; x_wconf 89' lang='lat' dir='ltr'><strong>esse,</strong></span> <span class='ocrx_word' id='word_1_693' title='bbox 1147 5365 1273 5419; x_wconf 64' lang='lat' dir='ltr'><strong>quas</strong></span> <span class='ocrx_word' id='word_1_694' title='bbox 1295 5351 1436 5410; x_wconf 77' lang='lat' dir='ltr'><strong>feria</strong></span> <span class='ocrx_word' id='word_1_695' title='bbox 1465 5359 1662 5422; x_wconf 88' lang='lat' dir='ltr'><strong>quarta</strong></span> <span class='ocrx_word' id='word_1_696' title='bbox 1717 5351 2067 5409; x_wconf 65' lang='lat' dir='ltr'><strong>hebdomadas</strong></span> 
     </span>
    </p>
   </div>
   <div class='ocr_carea' id='block_1_105' title="bbox 424 5437 2068 5510">
    <p class='ocr_par' dir='ltr' id='par_1_105' title="bbox 424 5437 2068 5510">
     <span class='ocr_line' id='line_1_105' title="bbox 424 5437 2068 5510; baseline -0.001 -14"><span class='ocrx_word' id='word_1_697' title='bbox 424 5440 652 5510; x_wconf 87' lang='lat' dir='ltr'><strong>majoris</strong></span> <span class='ocrx_word' id='word_1_698' title='bbox 683 5455 816 5494; x_wconf 90' lang='lat' dir='ltr'><strong>cum</strong></span> <span class='ocrx_word' id='word_1_699' title='bbox 840 5437 1031 5493; x_wconf 79' lang='lat' dir='ltr'><strong>offerri</strong></span> <span class='ocrx_word' id='word_1_700' title='bbox 1059 5437 1382 5503; x_wconf 89' lang='lat' dir='ltr'><strong>debuisset,</strong></span> <span class='ocrx_word' id='word_1_701' title='bbox 1399 5437 1594 5493; x_wconf 89' lang='lat' dir='ltr'><strong>oblata</strong></span> <span class='ocrx_word' id='word_1_702' title='bbox 1614 5439 1859 5494; x_wconf 90' lang='lat' dir='ltr'><strong>minime</strong></span> <span class='ocrx_word' id='word_1_703' title='bbox 1878 5440 2068 5495; x_wconf 87' lang='lat' dir='ltr'><strong>fuerat</strong></span> 
     </span>
    </p>
   </div>
   <div class='ocr_carea' id='block_1_106' title="bbox 426 5526 2062 5597">
    <p class='ocr_par' dir='ltr' id='par_1_106' title="bbox 426 5526 2062 5597">
     <span class='ocr_line' id='line_1_106' title="bbox 426 5526 2062 5597; baseline 0.001 -14"><span class='ocrx_word' id='word_1_704' title='bbox 426 5534 490 5584; x_wconf 90' lang='lat' dir='ltr'><strong>ut</strong></span> <span class='ocrx_word' id='word_1_705' title='bbox 520 5529 841 5583; x_wconf 89' lang='lat' dir='ltr'><strong>indicatum</strong></span> <span class='ocrx_word' id='word_1_706' title='bbox 874 5533 962 5580; x_wconf 87' lang='lat' dir='ltr'><strong>est</strong></span> <span class='ocrx_word' id='word_1_707' title='bbox 1015 5526 1308 5597; x_wconf 90' lang='lat' dir='ltr'><strong>superius,</strong></span> <span class='ocrx_word' id='word_1_708' title='bbox 1339 5533 1557 5596; x_wconf 83' lang='lat' dir='ltr'><strong>propter</strong></span> <span class='ocrx_word' id='word_1_709' title='bbox 1596 5545 1866 5583; x_wconf 84' lang='lat' dir='ltr'><strong>recessum</strong></span> <span class='ocrx_word' id='word_1_710' title='bbox 1895 5529 2062 5585; x_wconf 81' lang='lat' dir='ltr'><strong>eccle-</strong></span> 
     </span>
    </p>
   </div>
   <div class='ocr_carea' id='block_1_107' title="bbox 424 5616 2063 5688">
    <p class='ocr_par' dir='ltr' id='par_1_107' title="bbox 424 5616 2063 5688">
     <span class='ocr_line' id='line_1_107' title="bbox 424 5616 2063 5688; baseline -0.001 -15"><span class='ocrx_word' id='word_1_711' title='bbox 424 5619 776 5673; x_wconf 87' lang='lat' dir='ltr'><strong>siasticorum</strong></span> <span class='ocrx_word' id='word_1_712' title='bbox 826 5632 898 5672; x_wconf 75' lang='lat' dir='ltr'><strong>ex</strong></span> <span class='ocrx_word' id='word_1_713' title='bbox 944 5617 1186 5670; x_wconf 82' lang='lat' dir='ltr'><strong>ecclesia.</strong></span> <span class='ocrx_word' id='word_1_714' title='bbox 1245 5616 1524 5685; x_wconf 88' lang='lat' dir='ltr'><strong>Superius</strong></span> <span class='ocrx_word' id='word_1_715' title='bbox 1575 5623 1750 5688; x_wconf 89' lang='lat' dir='ltr'><strong>caput</strong></span> <span class='ocrx_word' id='word_1_716' title='bbox 1810 5619 1876 5672; x_wconf 89' lang='grc'><strong>15</strong></span> <span class='ocrx_word' id='word_1_717' title='bbox 1915 5618 2063 5672; x_wconf 83' lang='lat' dir='ltr'><strong>indi-</strong></span> 
     </span>
    </p>
   </div>
   <div class='ocr_carea' id='block_1_108' title="bbox 425 5703 2062 5780">
    <p class='ocr_par' dir='ltr' id='par_1_108' title="bbox 425 5703 2062 5780">
     <span class='ocr_line' id='line_1_108' title="bbox 425 5703 2062 5780; baseline -0.001 -18"><span class='ocrx_word' id='word_1_718' title='bbox 425 5706 719 5772; x_wconf 85' lang='lat' dir='ltr'><strong>catur,uhi</strong></span> <span class='ocrx_word' id='word_1_719' title='bbox 741 5705 811 5760; x_wconf 92' lang='lat' dir='ltr'><strong>de</strong></span> <span class='ocrx_word' id='word_1_720' title='bbox 839 5704 1290 5776; x_wconf 89' lang='lat' dir='ltr'><strong>inauguratione</strong></span> <span class='ocrx_word' id='word_1_721' title='bbox 1319 5703 1506 5774; x_wconf 87' lang='lat' dir='ltr'><strong>Cyprii</strong></span> <span class='ocrx_word' id='word_1_722' title='bbox 1540 5705 1912 5775; x_wconf 74' lang='lat' dir='ltr'><strong>partriarchie</strong></span> <span class='ocrx_word' id='word_1_723' title='bbox 1941 5707 2062 5780; x_wconf 89' lang='lat' dir='ltr'><strong>agi-</strong></span> 
     </span>
    </p>
   </div>
   <div class='ocr_carea' id='block_1_109' title="bbox 424 5791 2064 5870">
    <p class='ocr_par' dir='ltr' id='par_1_109' title="bbox 424 5791 2064 5870">
     <span class='ocr_line' id='line_1_109' title="bbox 424 5791 2064 5870; baseline -0.001 -13"><span class='ocrx_word' id='word_1_724' title='bbox 424 5798 544 5862; x_wconf 84' lang='lat' dir='ltr'><strong>tur.</strong></span> <span class='ocrx_word' id='word_1_725' title='bbox 573 5795 704 5856; x_wconf 64' lang='lat' dir='ltr'><strong>Hac</strong></span> <span class='ocrx_word' id='word_1_726' title='bbox 731 5793 813 5853; x_wconf 89' lang='lat' dir='ltr'><strong>ibi</strong></span> <span class='ocrx_word' id='word_1_727' title='bbox 834 5793 1125 5852; x_wconf 87' lang='lat' dir='ltr'><strong>habentur</strong></span> <span class='ocrx_word' id='word_1_728' title='bbox 1157 5809 1170 5852; x_wconf 87' lang='lat'><strong>:</strong></span> <span class='ocrx_word' id='word_1_729' title='bbox 1209 5793 1273 5855; x_wconf 86' lang='lat' dir='ltr'><strong>Ut</strong></span> <span class='ocrx_word' id='word_1_730' title='bbox 1299 5799 1498 5866; x_wconf 86' lang='lat' dir='ltr'><strong>quarta</strong></span> <span class='ocrx_word' id='word_1_731' title='bbox 1519 5791 1634 5850; x_wconf 84' lang='lat' dir='ltr'><strong>dies</strong></span> <span class='ocrx_word' id='word_1_732' title='bbox 1656 5791 2064 5870; x_wconf 64' lang='lat' dir='ltr'><strong>(hebdomadis</strong></span> 
     </span>
    </p>
   </div>
   <div class='ocr_carea' id='block_1_110' title="bbox 2175 4724 3822 4798">
    <p class='ocr_par' dir='ltr' id='par_1_110' title="bbox 2175 4724 3822 4798">
     <span class='ocr_line' id='line_1_110' title="bbox 2175 4724 3822 4798; baseline 0.003 -20"><span class='ocrx_word' id='word_1_733' title='bbox 2175 4728 2292 4779; x_wconf 87' lang='lat' dir='ltr'><strong>tum</strong></span> <span class='ocrx_word' id='word_1_734' title='bbox 2321 4725 2572 4778; x_wconf 81' lang='lat' dir='ltr'><strong>convenit</strong></span> <span class='ocrx_word' id='word_1_735' title='bbox 2605 4740 2616 4777; x_wconf 91' lang='lat'>:</span> <span class='ocrx_word' id='word_1_736' title='bbox 2650 4739 2747 4778; x_wconf 88' lang='lat' dir='ltr'><strong>nec</strong></span> <span class='ocrx_word' id='word_1_737' title='bbox 2797 4724 2982 4779; x_wconf 86' lang='lat' dir='ltr'><strong>clerici</strong></span> <span class='ocrx_word' id='word_1_738' title='bbox 3011 4724 3221 4792; x_wconf 87' lang='lat' dir='ltr'><strong>desunt,</strong></span> <span class='ocrx_word' id='word_1_739' title='bbox 3254 4742 3354 4781; x_wconf 87' lang='lat' dir='ltr'><strong>nec</strong></span> <span class='ocrx_word' id='word_1_740' title='bbox 3406 4728 3658 4798; x_wconf 85' lang='lat' dir='ltr'><strong>plerique</strong></span> <span class='ocrx_word' id='word_1_741' title='bbox 3705 4743 3822 4783; x_wconf 89' lang='lat' dir='ltr'><strong>mo-</strong></span> 
     </span>
    </p>
   </div>
   <div class='ocr_carea' id='block_1_111' title="bbox 2174 4813 3826 4888">
    <p class='ocr_par' dir='ltr' id='par_1_111' title="bbox 2174 4813 3826 4888">
     <span class='ocr_line' id='line_1_111' title="bbox 2174 4813 3826 4888; baseline 0.002 -20"><span class='ocrx_word' id='word_1_742' title='bbox 2174 4813 2498 4879; x_wconf 89' lang='lat' dir='ltr'><strong>nachorum,</strong></span> <span class='ocrx_word' id='word_1_743' title='bbox 2530 4829 2629 4868; x_wconf 86' lang='lat' dir='ltr'><strong>nec</strong></span> <span class='ocrx_word' id='word_1_744' title='bbox 2679 4814 2943 4868; x_wconf 83' lang='lat' dir='ltr'><strong>laicorum</strong></span> <span class='ocrx_word' id='word_1_745' title='bbox 2989 4816 3188 4885; x_wconf 90' lang='lat' dir='ltr'><strong>quique</strong></span> <span class='ocrx_word' id='word_1_746' title='bbox 3237 4815 3533 4870; x_wconf 81' lang='lat' dir='ltr'><strong>lectissimi.</strong></span> <span class='ocrx_word' id='word_1_747' title='bbox 3567 4817 3660 4870; x_wconf 87' lang='lat' dir='ltr'><strong>His</strong></span> <span class='ocrx_word' id='word_1_748' title='bbox 3683 4833 3826 4888; x_wconf 75' lang='lat' dir='ltr'><strong>prse-</strong></span> 
     </span>
    </p>
   </div>
   <div class='ocr_carea' id='block_1_112' title="bbox 2172 4903 3820 4976">
    <p class='ocr_par' dir='ltr' id='par_1_112' title="bbox 2172 4903 3820 4976">
     <span class='ocr_line' id='line_1_112' title="bbox 2172 4903 3820 4976; baseline 0.001 -18"><span class='ocrx_word' id='word_1_749' title='bbox 2172 4904 2388 4959; x_wconf 86' lang='lat' dir='ltr'><strong>sidebat</strong></span> <span class='ocrx_word' id='word_1_750' title='bbox 2418 4904 2734 4972; x_wconf 85' lang='lat' dir='ltr'><strong>imperator,</strong></span> <span class='ocrx_word' id='word_1_751' title='bbox 2767 4905 2974 4957; x_wconf 85' lang='lat' dir='ltr'><strong>circum</strong></span> <span class='ocrx_word' id='word_1_752' title='bbox 3007 4920 3062 4959; x_wconf 87' lang='lat' dir='ltr'><strong>se</strong></span> <span class='ocrx_word' id='word_1_753' title='bbox 3111 4903 3312 4959; x_wconf 80' lang='lat' dir='ltr'><strong>habens</strong></span> <span class='ocrx_word' id='word_1_754' title='bbox 3338 4914 3671 4960; x_wconf 90' lang='lat' dir='ltr'><strong>summatum</strong></span> <span class='ocrx_word' id='word_1_755' title='bbox 3697 4906 3820 4976; x_wconf 84' lang='lat' dir='ltr'><strong>pri-</strong></span> 
     </span>
    </p>
   </div>
   <div class='ocr_carea' id='block_1_113' title="bbox 2173 4992 3820 5065">
    <p class='ocr_par' dir='ltr' id='par_1_113' title="bbox 2173 4992 3820 5065">
     <span class='ocr_line' id='line_1_113' title="bbox 2173 4992 3820 5065; baseline 0.001 -19"><span class='ocrx_word' id='word_1_756' title='bbox 2173 5008 2367 5048; x_wconf 87' lang='lat' dir='ltr'><strong>mores.</strong></span> <span class='ocrx_word' id='word_1_757' title='bbox 2402 4996 2467 5046; x_wconf 85' lang='lat' dir='ltr'><strong>In</strong></span> <span class='ocrx_word' id='word_1_758' title='bbox 2492 4992 2689 5062; x_wconf 89' lang='lat' dir='ltr'><strong>primis</strong></span> <span class='ocrx_word' id='word_1_759' title='bbox 2718 4994 2990 5047; x_wconf 86' lang='lat' dir='ltr'><strong>eminebat</strong></span> <span class='ocrx_word' id='word_1_760' title='bbox 3042 4993 3307 5060; x_wconf 87' lang='lat' dir='ltr'><strong>logotheta</strong></span> <span class='ocrx_word' id='word_1_761' title='bbox 3338 4993 3626 5065; x_wconf 86' lang='lat' dir='ltr'><strong>(Muzalo).</strong></span> <span class='ocrx_word' id='word_1_762' title='bbox 3664 4998 3820 5048; x_wconf 84' lang='lat' dir='ltr'><strong>Hanc</strong></span> 
     </span>
    </p>
   </div>
   <div class='ocr_carea' id='block_1_114' title="bbox 2175 5081 3814 5149">
    <p class='ocr_par' dir='ltr' id='par_1_114' title="bbox 2175 5081 3814 5149">
     <span class='ocr_line' id='line_1_114' title="bbox 2175 5081 3814 5149; baseline 0.001 -13"><span class='ocrx_word' id='word_1_763' title='bbox 2175 5083 2464 5149; x_wconf 87' lang='lat' dir='ltr'><strong>synodum</strong></span> <span class='ocrx_word' id='word_1_764' title='bbox 2484 5081 2552 5134; x_wconf 92' lang='lat' dir='ltr'><strong>ad</strong></span> <span class='ocrx_word' id='word_1_765' title='bbox 2574 5081 2708 5134; x_wconf 92' lang='lat' dir='ltr'><strong>anni</strong></span> <span class='ocrx_word' id='word_1_766' title='bbox 2731 5081 2868 5134; x_wconf 71' lang='grc'>1284</span> <span class='ocrx_word' id='word_1_767' title='bbox 2900 5081 3119 5135; x_wconf 88' lang='lat' dir='ltr'><strong>Maium</strong></span> <span class='ocrx_word' id='word_1_768' title='bbox 3149 5099 3429 5149; x_wconf 90' lang='lat' dir='ltr'><strong>mensem,</strong></span> <span class='ocrx_word' id='word_1_769' title='bbox 3455 5087 3554 5137; x_wconf 92' lang='lat' dir='ltr'><strong>aut</strong></span> <span class='ocrx_word' id='word_1_770' title='bbox 3575 5083 3814 5138; x_wconf 90' lang='lat' dir='ltr'><strong>Junium</strong></span> 
     </span>
    </p>
   </div>
   <div class='ocr_carea' id='block_1_115' title="bbox 2176 5170 3820 5240">
    <p class='ocr_par' dir='ltr' id='par_1_115' title="bbox 2176 5170 3820 5240">
     <span class='ocr_line' id='line_1_115' title="bbox 2176 5170 3820 5240; baseline 0.001 -16"><span class='ocrx_word' id='word_1_771' title='bbox 2176 5172 2349 5225; x_wconf 81' lang='lat' dir='ltr'><strong>refert</strong></span> <span class='ocrx_word' id='word_1_772' title='bbox 2394 5170 2692 5224; x_wconf 88' lang='lat' dir='ltr'><strong>Possinus.</strong></span> <span class='ocrx_word' id='word_1_773' title='bbox 2729 5174 3136 5240; x_wconf 88' lang='lat' dir='ltr'><strong>lnsequentem</strong></span> <span class='ocrx_word' id='word_1_774' title='bbox 3186 5171 3443 5227; x_wconf 90' lang='lat' dir='ltr'><strong>indicare</strong></span> <span class='ocrx_word' id='word_1_775' title='bbox 3492 5188 3711 5226; x_wconf 89' lang='lat' dir='ltr'><strong>annum</strong></span> <span class='ocrx_word' id='word_1_776' title='bbox 3741 5171 3820 5226; x_wconf 88' lang='lat' dir='ltr'><strong>vi-</strong></span> 
     </span>
    </p>
   </div>
   <div class='ocr_carea' id='block_1_116' title="bbox 2175 5258 3818 5331">
    <p class='ocr_par' dir='ltr' id='par_1_116' title="bbox 2175 5258 3818 5331">
     <span class='ocr_line' id='line_1_116' title="bbox 2175 5258 3818 5331; baseline 0.001 -17"><span class='ocrx_word' id='word_1_777' title='bbox 2175 5260 2404 5329; x_wconf 89' lang='lat' dir='ltr'><strong>dentur,</strong></span> <span class='ocrx_word' id='word_1_778' title='bbox 2439 5277 2563 5330; x_wconf 69' lang='lat' dir='ltr'><strong>quis</strong></span> <span class='ocrx_word' id='word_1_779' title='bbox 2594 5258 2755 5314; x_wconf 84' lang='lat' dir='ltr'><strong>varia</strong></span> <span class='ocrx_word' id='word_1_780' title='bbox 2787 5275 2980 5315; x_wconf 90' lang='lat' dir='ltr'><strong>rerum</strong></span> <span class='ocrx_word' id='word_1_781' title='bbox 3015 5259 3359 5331; x_wconf 89' lang='lat' dir='ltr'><strong>interposita</strong></span> <span class='ocrx_word' id='word_1_782' title='bbox 3390 5265 3675 5317; x_wconf 84' lang='lat' dir='ltr'><strong>memorat</strong></span> <span class='ocrx_word' id='word_1_783' title='bbox 3707 5265 3818 5316; x_wconf 90' lang='lat' dir='ltr'><strong>Pa-</strong></span> 
     </span>
    </p>
   </div>
   <div class='ocr_carea' id='block_1_117' title="bbox 2176 5349 2732 5421">
    <p class='ocr_par' dir='ltr' id='par_1_117' title="bbox 2176 5349 2732 5421">
     <span class='ocr_line' id='line_1_117' title="bbox 2176 5349 2732 5421; baseline -0.005 -16"><span class='ocrx_word' id='word_1_784' title='bbox 2176 5349 2476 5421; x_wconf 87' lang='lat' dir='ltr'><strong>chymeres</strong></span> <span class='ocrx_word' id='word_1_785' title='bbox 2509 5352 2732 5404; x_wconf 89' lang='lat' dir='ltr'><strong>eventa.</strong></span> 
     </span>
    </p>
   </div>
   <div class='ocr_carea' id='block_1_118' title="bbox 2249 5437 3816 5511">
    <p class='ocr_par' dir='ltr' id='par_1_118' title="bbox 2249 5437 3816 5511">
     <span class='ocr_line' id='line_1_118' title="bbox 2249 5437 3816 5511; baseline 0.003 -19"><span class='ocrx_word' id='word_1_786' title='bbox 2249 5437 2340 5492; x_wconf 87' lang='lat' dir='ltr'><strong>lII.</strong></span> <span class='ocrx_word' id='word_1_787' title='bbox 2375 5437 2669 5508; x_wconf 60' lang='lat' dir='ltr'><strong>Praecipua</strong></span> <span class='ocrx_word' id='word_1_788' title='bbox 2717 5437 2990 5509; x_wconf 92' lang='lat' dir='ltr'><strong>colloquii</strong></span> <span class='ocrx_word' id='word_1_789' title='bbox 3041 5439 3232 5510; x_wconf 89' lang='lat' dir='ltr'><strong>capita</strong></span> <span class='ocrx_word' id='word_1_790' title='bbox 3279 5439 3482 5508; x_wconf 86' lang='lat' dir='ltr'><strong>refero,</strong></span> <span class='ocrx_word' id='word_1_791' title='bbox 3515 5457 3643 5511; x_wconf 66' lang='lat' dir='ltr'><strong>qua</strong></span> <span class='ocrx_word' id='word_1_792' title='bbox 3687 5455 3816 5511; x_wconf 88' lang='lat' dir='ltr'><strong>pro-</strong></span> 
     </span>
    </p>
   </div>
   <div class='ocr_carea' id='block_1_119' title="bbox 2173 5527 3818 5601">
    <p class='ocr_par' dir='ltr' id='par_1_119' title="bbox 2173 5527 3818 5601">
     <span class='ocr_line' id='line_1_119' title="bbox 2173 5527 3818 5601; baseline 0.001 -19"><span class='ocrx_word' id='word_1_793' title='bbox 2173 5530 2428 5583; x_wconf 87' lang='lat' dir='ltr'><strong>cessionis</strong></span> <span class='ocrx_word' id='word_1_794' title='bbox 2460 5527 2673 5597; x_wconf 85' lang='lat' dir='ltr'><strong>dogma</strong></span> <span class='ocrx_word' id='word_1_795' title='bbox 2721 5532 3004 5597; x_wconf 88' lang='lat' dir='ltr'><strong>spectant,</strong></span> <span class='ocrx_word' id='word_1_796' title='bbox 3036 5545 3104 5582; x_wconf 83' lang='lat' dir='ltr'><strong>ex</strong></span> <span class='ocrx_word' id='word_1_797' title='bbox 3132 5529 3397 5599; x_wconf 86' lang='lat' dir='ltr'><strong>ejusdem</strong></span> <span class='ocrx_word' id='word_1_798' title='bbox 3445 5528 3818 5601; x_wconf 87' lang='lat' dir='ltr'><strong>Pachymeris</strong></span> 
     </span>
    </p>
   </div>
   <div class='ocr_carea' id='block_1_120' title="bbox 2174 5615 3818 5690">
    <p class='ocr_par' dir='ltr' id='par_1_120' title="bbox 2174 5615 3818 5690">
     <span class='ocr_line' id='line_1_120' title="bbox 2174 5615 3818 5690; baseline 0.001 -18"><span class='ocrx_word' id='word_1_799' title='bbox 2174 5615 2432 5688; x_wconf 91' lang='lat' dir='ltr'><strong>capitulo</strong></span> <span class='ocrx_word' id='word_1_800' title='bbox 2464 5617 2534 5669; x_wconf 78' lang='lat'><strong>35</strong></span> <span class='ocrx_word' id='word_1_801' title='bbox 2562 5616 2662 5686; x_wconf 85' lang='lat'><strong>(1).</strong></span> <span class='ocrx_word' id='word_1_802' title='bbox 2686 5615 2962 5687; x_wconf 90' lang='lat' dir='ltr'><strong>Gregorio</strong></span> <span class='ocrx_word' id='word_1_803' title='bbox 2985 5617 3346 5686; x_wconf 70' lang='lat' dir='ltr'><strong>patriarchae,</strong></span> <span class='ocrx_word' id='word_1_804' title='bbox 3371 5620 3507 5690; x_wconf 91' lang='lat' dir='ltr'><strong>quid</strong></span> <span class='ocrx_word' id='word_1_805' title='bbox 3536 5620 3818 5675; x_wconf 80' lang='lat' dir='ltr'><strong>sentirent</strong></span> 
     </span>
    </p>
   </div>
   <div class='ocr_carea' id='block_1_121' title="bbox 2173 5704 3813 5780">
    <p class='ocr_par' dir='ltr' id='par_1_121' title="bbox 2173 5704 3813 5780">
     <span class='ocr_line' id='line_1_121' title="bbox 2173 5704 3813 5780; baseline 0 -19"><span class='ocrx_word' id='word_1_806' title='bbox 2173 5705 2237 5761; x_wconf 87' lang='lat' dir='ltr'><strong>de</strong></span> <span class='ocrx_word' id='word_1_807' title='bbox 2282 5704 2534 5774; x_wconf 84' lang='lat' dir='ltr'><strong>dogmate</strong></span> <span class='ocrx_word' id='word_1_808' title='bbox 2589 5705 2952 5774; x_wconf 86' lang='lat' dir='ltr'><strong>percontanti</strong></span> <span class='ocrx_word' id='word_1_809' title='bbox 3003 5706 3386 5763; x_wconf 87' lang='lat' dir='ltr'><strong>archidiaconi</strong></span> <span class='ocrx_word' id='word_1_810' title='bbox 3441 5723 3751 5780; x_wconf 88' lang='lat' dir='ltr'><strong>reposuere</strong></span> <span class='ocrx_word' id='word_1_811' title='bbox 3798 5723 3813 5761; x_wconf 87' lang='lat'><strong>:</strong></span> 
     </span>
    </p>
   </div>
   <div class='ocr_carea' id='block_1_122' title="bbox 2181 5791 3817 5872">
    <p class='ocr_par' dir='ltr' id='par_1_122' title="bbox 2181 5791 3817 5872">
     <span class='ocr_line' id='line_1_122' title="bbox 2181 5791 3817 5872; baseline 0.002 -21"><span class='ocrx_word' id='word_1_812' title='bbox 2181 5813 2203 5844; x_wconf 74' lang='grc' dir='ltr'><strong>ι</strong></span> <span class='ocrx_word' id='word_1_813' title='bbox 2238 5793 2584 5868; x_wconf 81' lang='lat' dir='ltr'><strong>Reperimus</strong></span> <span class='ocrx_word' id='word_1_814' title='bbox 2615 5791 2674 5849; x_wconf 90' lang='lat' dir='ltr'><strong>in</strong></span> <span class='ocrx_word' id='word_1_815' title='bbox 2707 5792 2940 5868; x_wconf 89' lang='lat' dir='ltr'><strong>scriptis</strong></span> <span class='ocrx_word' id='word_1_816' title='bbox 2962 5793 3336 5867; x_wconf 89' lang='lat' dir='ltr'><strong>authenticis,</strong></span> <span class='ocrx_word' id='word_1_817' title='bbox 3368 5795 3654 5872; x_wconf 86' lang='lat' dir='ltr'><strong>Spiritum</strong></span> <span class='ocrx_word' id='word_1_818' title='bbox 3679 5811 3817 5854; x_wconf 83' lang='lat' dir='ltr'><strong>san-</strong></span> 
     </span>
    </p>
   </div>
  </div>
