4094 6448
204 419 314 481 105

1432 415 1644 481 νιΤΑ.
1674 446 1753 461 -
1781 416 2301 487 DlSSERTATlO
2340 420 2388 485 Ι.

3487 420 3603 479 106

205 556 359 609 dum
442 546 887 626 χορηγούμενον,
967 544 1269 620 διδόμενον,
1347 544 1843 621 ἆποστελλόμενον,

1986 549 2177 607 [ebant
2232 551 2663 611 archidiaconi:
2729 553 2874 621 Quid
2926 552 2997 611 ad
3044 568 3143 609 nos
3198 554 3308 609 ista
3360 552 3607 622 dirigis!

214 638 610 715 προερχόμενον
668 636 730 691 ἐκ
784 636 1000 712 Ματρὸς
1061 634 1132 691 δι’
1184 636 1333 704 fio-3,
1386 638 1647 709 praeberi,
1705 636 1851 708 dari,

215 732 384 791 mitti.
408 728 625 801 prodire
659 743 732 784 ea:
778 728 947 783 Patre
979 742 1085 799 per
1132 727 1336 782 Filium
1357 744 1377 781 :
1408 726 1705 781 interdum
1734 730 1793 782 et
1823 742 1858 781 a

218 818 558 892 quibusdam
603 816 848 872 Patrum
896 815 1033 883 dici,
1083 812 1508 888 ἐκπορευόμενον
1546 814 1855 886 procedere,

218 909 307 963 Ait
336 912 525 963 autem
555 911 616 963 et
646 905 721 960 de
770 904 938 961 Patre
986 920 1237 977 magnus
1263 903 1518 960 Joannes
1548 903 1857 959 Damasce-

216 1012 323 1052 nus
365 1011 492 1052 esse
541 993 743 1060 illum,
790 985 1071 1066 προϐολὲα
1115 987 1203 1044 διὰ
1252 989 1422 1064 λόγου
1471 989 1857 1068 ἐκφαντορικοῦ

210 1082 542 1155 live-Sparse,
599 1082 989 1154 productorem
1042 1097 1142 1153 per
1215 1081 1443 1136 Verbum
1497 1080 1861 1135 enuntiatorii

205 1173 463 1244 Spiritus.
490 1176 554 1225 In
588 1186 733 1226 voce
765 1174 963 1225 autem
1003 1169 1347 1241 productoris
1377 1168 1671 1225 notionem
1700 1169 1861 1240 prin-

383 1260 563 1316 activi
620 1264 751 1331 (seu
818 1275 1033 1326 causae,
1089 1261 1169 1328 τῷ
1223 1256 1405 1328 αἰτίῳ)
1462 1256 1858 1331 agnoscimus.

201 1350 434 1407 Causam
465 1349 656 1422 igitur
686 1364 805 1403 non
835 1347 1089 1403 dicimus
1119 1346 1329 1402 Filium
1368 1346 1428 1402 in
1458 1362 1569 1402 sua
1596 1362 1667 1401 ex
1698 1346 1862 1402 Patre

195 1438 575 1514 processione
606 1436 800 1494 sancti
842 1435 1135 1509 Spiritus:
1186 1452 1253 1491 ac
1283 1451 1471 1508 neque
1500 1450 1822 1491 concausam
1840 1450 1860 1495 ,-

196 1529 293 1602 qni
323 1526 915 1584 anathematizamus
962 1527 1020 1579 et
1064 1523 1363 1593 reiicimus
1394 1523 1478 1579 sic
1501 1522 1858 1594 loquentem.

196 1618 301 1674 Sed
361 1620 611 1672 Patrem
665 1630 897 1669 causam
950 1628 1048 1683 per
1092 1611 1311 1669 Filium
1368 1611 1554 1667 sancti
1613 1610 1864 1682 Spiritus

201 1707 453 1763 dicimus
479 1722 495 1759 :
532 1701 1020 1776 quandoquidem
1048 1700 1327 1757 vocabulo
1356 1693 1687 1775 προϐολεὺς,
1710 1700 1867 1771 prin-

198 1797 333 1868 cipii
358 1796 540 1851 activi
567 1794 702 1864 (seu
733 1794 947 1859 causa)
998 1789 1359 1861 significatus
1410 1789 1630 1845 subest.
1666 1809 1695 1835 ι»
1727 1792 1862 1843 Per-

202 1886 396 1958 spicue
429 1886 623 1955 patet,
657 1879 903 1953 perinde
949 1895 1077 1935 esse
1120 1880 1353 1934 Patrem
1377 1894 1477 1951 per
1518 1878 1725 1933 Ftlium
1753 1892 1866 1932 esse

200 1990 421 2030 causam
448 1972 721 2044 Spiritus
746 1969 945 2038 sancti,
975 1984 1041 2023 ac
1070 1971 1326 2035 Patrem,
1355 1973 1414 2022 et
1442 1966 1655 2022 Filium
1686 1982 1864 2021 unam

202 2080 321 2119 esse
347 2061 641 2133 ejusdem
667 2074 934 2126 causam,
954 2058 1030 2113 oh
1058 2073 1236 2113 unam
1260 2055 1539 2129 spirantis
1567 2056 1864 2122 virtutem,

202 2168 371 2224 quam
404 2154 594 2206 Pater
650 2148 834 2203 habet
880 2164 914 2202 a
968 2162 1051 2213 se,
1083 2163 1118 2202 a
1172 2150 1342 2201 Patre
1371 2144 1866 2202 communicatam

202 2240 397 2296 Filius.
429 2238 591 2293 Vide
624 2239 808 2308 caput
836 2236 892 2301 5,
927 2251 1092 2290 num.
1123 2235 1178 2302 3,
1211 2234 1311 2307 (2),
1343 2239 1401 2291 et
1430 2250 1573 2290 num
1605 2234 1663 2288 4.

264 2333 341 2401 (2)
386 2325 635 2383 Muzalo
682 2339 938 2396 magnus
985 2322 1280 2397 logotheta
1309 2322 1612 2393 inferebat,
1655 2320 1870 2378 Filium

204 2422 257 2473 in
298 2418 671 2490 processione
728 2429 799 2467 ea:
855 2415 1018 2467 Patre
1090 2427 1309 2468 causam
1370 2413 1548 2467 sancti
1604 2411 1867 2482 Spiritus.

207 2508 322 2563 Non
367 2508 457 2562 ita
505 2520 650 2560 esse
710 2501 946 2556 aiebant
972 2499 1417 2556 archiediaconi.
1474 2500 1665 2555 Annon
1696 2500 1867 2562 enim,

206 2596 438 2669 exempli
483 2593 711 2665 gratia,
758 2589 1039 2645 dicimus:
1084 2589 1250 2644 Pater
1294 2592 1370 2644 est
1407 2589 1680 2660 perfectus
1708 2588 1867 2654 Deus,

210 2687 377 2741 Pilius
406 2686 553 2740 item
577 2681 870 2754 perfectus
923 2679 1075 2744 Deus,
1126 2677 1369 2749 Spiritus
1415 2693 1625 2748 quoque
1652 2684 1874 2731 sanctus

212 2784 255 2830 et
279 2776 392 2846 ipse
406 2776 707 2845 perfectus
738 2773 903 2824 Deus.
939 2768 1096 2824 Unde
1137 2769 1261 2838 quis
1286 2783 1402 2821 non
1430 2765 1575 2821 videt
1603 2780 1875 2837 apparere

214 2860 587 2933 inferendam,
649 2873 820 2930 quam
877 2857 1203 2927 respuimus,
1264 2854 1488 2912 deorum
1540 2855 1872 2909 trinitatem.

215 2949 294 3005 0b
319 2949 628 3005 unitatem
680 2944 1033 3013 Divinitatis,
1084 2960 1210 3012 quas
1259 2943 1413 2999 inest
1454 2943 1656 2999 eadem
1684 2941 1875 2998 tribus

218 3039 271 3094 in
298 3036 604 3110 personis,
636 3039 762 3088 tres
792 3048 1054 3106 personas
1079 3034 1218 3089 sunt
1246 3048 1401 3086 unus
1433 3035 1618 3087 Deus:
1652 3047 1719 3086 ac
1748 3026 1874 3102 pari

220 3128 387 3181 etiam
436 3123 682 3182 ratione
733 3122 807 3179 ob
832 3121 1115 3178 unitatem
1145 3120 1421 3192 spirantis
1443 3119 1692 3186 virtutis,
1747 3135 1875 3190 qua

216 3232 249 3271 ι
273 3231 335 3271 se
362 3218 458 3269 est
485 3212 551 3268 in
586 3211 783 3277 Patre,
815 3215 874 3266 et
921 3214 1009 3265 est
1039 3210 1240 3265 eadem
1279 3208 1340 3264 in
1370 3207 1515 3263 Filio
1545 3206 1875 3263 communi-

1895 1921 1941 1985 B

1962 640 2230 694 Joannem
2258 644 2663 696 Damascenum
2713 643 2935 698 incesse.
2989 640 3138 710 Quod
3164 643 3214 697 si
3241 643 3385 696 tanti
3414 642 3610 697 Patris

1962 730 2287 783 sententiam
2316 731 2521 785 erroris
2565 730 2875 801 suspicione
2904 729 3248 787 liberandam
3274 743 3456 784 censes
3489 770 3503 784 .
3539 771 3553 784 .
3593 770 3606 783 .

1963 831 2063 870 cur
2116 832 2213 873 nos
2297 815 2564 874 lum-escas
2630 818 3008 874 accusamur?
3060 818 3228 875 Paria
3285 818 3612 874 docuerunt

1965 903 2282 976 Nysaeuus,
2314 905 2564 977 Cyrillus
2591 906 3038 963 Alexandrinus.
3063 906 3351 963 Maximus
3380 906 3611 964 confes-

1967 1009 2082 1049 sor.
2114 992 2414 1065 Nyssenus
2442 994 2502 1050 in
2552 995 2812 1067 Epistula
2857 995 2929 1051 ad
2958 993 3266 1051 Ablavium
3297 995 3483 1065 docet,
3512 997 3610 1050 Fi-

1968 1083 2106 1136 lium
2133 1098 2203 1137 ea:
2225 1083 2390 1138 Patre
2420 1082 2736 1157 προσεχώς,
2758 1082 3123 1140 continenter
3142 1088 3201 1139 et
3220 1084 3348 1139 sine
3376 1083 3568 1140 medio
3591 1100 3605 1137 :

1969 1170 2253 1243 Spiritum
2280 1187 2414 1228 vero
2447 1177 2717 1228 sanctum
2759 1188 2862 1245 per
2888 1173 3111 1245 Filium,
3143 1173 3240 1244 qui
3267 1172 3612 1228 continenter

1968 1267 2048 1313 est
2066 1273 2137 1314 ex
2154 1264 2341 1315 Patre.
2361 1258 2558 1331 Cyrilli
2580 1260 2757 1315 verba
2776 1264 2915 1317 sunt
2936 1259 3084 1315 libro
3118 1277 3137 1314 ι
3155 1260 3230 1315 De
3250 1260 3572 1317 adcretione
3589 1278 3609 1316 .-

1970 1345 2428 1404 Substanliatiter
2473 1364 2544 1405 ea:
2588 1352 2837 1420 utroque,
2885 1348 3161 1404 nimirum
3206 1364 3276 1405 ex
3319 1353 3487 1406 Patre
3507 1364 3612 1421 per

1969 1436 2175 1491 Filium
2200 1438 2425 1507 proﬂuit
2453 1436 2710 1509 Spiritus.
2742 1436 3005 1508 Denique
3049 1441 3290 1494 sanctus
3319 1437 3609 1495 Maximus

1971 1522 2032 1578 in
2063 1522 2323 1595 Epistola
2350 1524 2422 1579 ad
2443 1524 2730 1581 Marinum
2762 1542 2775 1581 :
2807 1526 2917 1581 Per
2933 1525 3138 1581 Filium
3158 1524 3346 1597 prodit
3374 1525 3613 1597 Spiritus

1970 1615 2191 1668 sanctus
2245 1628 2315 1668 ex
2343 1618 2536 1669 Patre.
2586 1613 2758 1670 Nulla
2808 1630 2941 1670 vero
2988 1613 3216 1670 laborat
3245 1614 3464 1669 invidia
3493 1613 3612 1670 sive

1972 1699 2303 1773 praepositio
2332 1717 2422 1768 ex,
2473 1702 2593 1759 sive
2638 1701 2969 1775 praepositio
3011 1718 3127 1773 per.
3179 1702 3403 1759 Iudicat
3432 1703 3612 1774 prior.

1972 1804 2060 1856 ex,
2092 1789 2535 1859 productionem
2556 1789 2808 1861 Spiritus
2830 1790 3038 1862 sancti,
3067 1807 3193 1862 quae
3222 1790 3479 1864 aequalis,
3495 1791 3613 1848 imo

1973 1893 2092 1933 una
2120 1882 2176 1932 et
2204 1878 2409 1933 eadem
2431 1882 2523 1935 est
2553 1878 2614 1934 in
2644 1882 2816 1935 Patre
2848 1878 3127 1952 Filioque.
3152 1880 3377 1936 Iudicat
3406 1879 3609 1937 altera.

1972 1982 2094 2038 per,
2126 1982 2242 2021 non
2301 1967 2566 2024 ordinem
2621 1968 2682 2023 in
2739 1967 2971 2038 virtute,
3029 1971 3131 2024 aut
3177 1967 3510 2036 efﬁcientia,
3541 1969 3614 2025 ob

1974 2054 2239 2125 ejusdem
2265 2054 2326 2110 in
2357 2056 2525 2112 Patre
2575 2060 2634 2112 et
2661 2055 2805 2112 Filio
2858 2056 3181 2125 unitatem;
3214 2058 3315 2114 sed
3346 2057 3612 2117 ordinem

1976 2143 2129 2199 inter
2157 2159 2439 2215 personas
2469 2144 2673 2211 Patris,
2704 2149 2762 2202 et
2803 2144 2955 2214 Filii,
2985 2148 3083 2217 qui
3109 2145 3360 2203 distincti
3384 2150 3535 2214 sunt,
3565 2153 3618 2201 et

1971 2230 2225 2304 praebent
2295 2233 2643 2303 suppositum
2706 2234 3038 2303 spirationi:
3098 2236 3177 2291 ita
3225 2236 3428 2293 scilicet
3478 2234 3620 2305 quod

1978 2320 2156 2376 Filius
2183 2320 2344 2375 habet
2373 2337 2406 2376 a
2432 2322 2615 2389 Patre,
2648 2323 2789 2395 quod
2838 2323 3010 2396 spiret
3038 2322 3316 2397 Spiritum
3342 2327 3617 2379 sanctum.

1978 2407 2227 2464 Consule
2256 2413 2524 2466 sanctum
2556 2411 2842 2467 Thomam
2890 2412 2949 2466 in
2978 2416 3003 2466 Ι
3051 2412 3187 2468 dist.
3229 2413 3318 2477 42,
3351 2412 3617 2483 quaesti.

1979 2497 2142 2553 artic.
2176 2498 2229 2564 3,
2263 2502 2320 2554 et
2348 2515 2368 2552 1
2396 2515 2453 2570 p.
2488 2503 2691 2572 quaest.
2724 2501 2814 2569 36,
2848 2505 2954 2556 art.
2986 2503 3041 2555 2.
3083 2500 3182 2557 Vel
3211 2501 3387 2557 etiam
3416 2501 3619 2558 eadem

1980 2586 2081 2642 98
2112 2586 2418 2658 particula,
2460 2604 2578 2659 per,
2629 2588 2822 2645 clarus
2866 2590 3296 2660 quodammodo
3325 2589 3620 2663 exprimit,

1981 2674 2243 2746 spirandi
2272 2674 2568 2747 virtutem,
2589 2692 2715 2748 quae
2735 2676 2908 2747 inest,
2941 2676 3095 2733 Patri
3116 2694 3294 2734 unam
3326 2678 3624 2734 eamdem-

1983 2779 2096 2834 que
2126 2762 2268 2818 Filio
2299 2763 2719 2820 communicari
2748 2783 2784 2821 a
2810 2769 3000 2823 Patre.

2053 2851 2129 2922 (5)
2199 2851 2556 2908 Catholicam
2625 2853 2949 2911 doctrinam
3018 2857 3340 2928 exponebat
3404 2856 3621 2912 Beccus

1983 2938 2244 3012 exemplo
2276 2940 2544 2997 Patribus
2573 2941 2848 2998 familiari
2881 2944 3029 3012 solis,
3061 2945 3228 3011 radii,
3259 2953 3312 3001 et
3341 2945 3501 3013 lucis,
3532 2944 3626 3000 vel

1984 3029 2177 3100 oculis,
2206 3030 2395 3100 fontis,
2425 3046 2580 3101 aqua
2604 3035 2654 3086 et
2669 3032 2845 3100 ﬂuvii.
2882 3031 3145 3105 Namque
3172 3033 3467 3106 splendor,
3499 3034 3621 3090 sive

1984 3114 2084 3170 lux
2112 3121 2199 3172 est
2228 3133 2262 3172 a
2288 3119 2411 3173 sole
2441 3135 2543 3190 per
2589 3118 2855 3175 radium:
2907 3125 2965 3176 et
3011 3121 3221 3176 fluvius
3252 3138 3355 3195 per
3382 3138 3624 3194 aquam,

1985 3204 2105 3261 sive
2135 3206 2324 3261 rivum
2353 3210 2442 3263 est
2469 3224 2504 3262 a
2551 3207 2727 3264 fonte.
2772 3208 2987 3265 Datum
3026 3209 3498 3267 calumniabatur
3528 3228 3626 3267 ex-

220 3310 340 3359 cata
367 3320 405 3358 a
434 3303 640 3358 Patre.
672 3299 845 3354 Pater
872 3303 927 3354 et
960 3296 1142 3354 Filius
1180 3299 1276 3353 υτ
1312 3314 1431 3353 una
1460 3300 1597 3353 sunt
1628 3296 1878 3367 Spiritus
1907 3288 1951 3352 C
1990 3292 2338 3366 positionem
2364 3294 2676 3368 Gregorius
2694 3297 3026 3368 patriarcha
3053 3315 3067 3353 :
3098 3314 3162 3355 ac
3193 3298 3246 3355 si
3274 3300 3490 3355 Beccus
3518 3314 3631 3356 non

223 3394 398 3448 sancti
428 3405 641 3447 causa.
675 3387 926 3443 Consule
956 3385 1111 3441 dicta
1140 3402 1384 3442 numero
1418 3387 1448 3441 4
1479 3386 1674 3441 citato.

290 3482 361 3550 {3)
391 3478 693 3551 Georgius
712 3475 1185 3547 Monschampar,
1207 3477 1305 3545 qui
1332 3483 1461 3529 tunc
1485 3477 1605 3529 erat
1625 3473 1883 3530 Ecclesiae

225 3569 656 3643 chartaphylaz,
688 3565 959 3637 spurium
992 3568 1051 3619 et
1099 3563 1540 3635 supposititium
1567 3578 1694 3618 esse
1724 3562 1880 3617 afﬁr-

226 3660 395 3714 mavit
443 3657 701 3713 allatum
755 3654 1077 3709 Damasceni
1121 3652 1511 3707 testimonium.
1554 3650 1881 3706 Moscham-

228 3750 345 3818 pari
373 3746 738 3803 adversatus
766 3748 854 3798 est
881 3757 1134 3815 magnus
1160 3739 1454 3814 logotheta
1482 3756 1495 3793 :
1521 3741 1630 3796 Hoc
1656 3740 1879 3809 dictum,

232 3836 517 3907 inquiens,
552 3852 591 3888 a
638 3837 693 3889 te
741 3834 996 3904 rejectum
1036 3834 1099 3886 ut
1145 3829 1546 3902 apocryphum,
1598 3828 1796 3885 diserte
1821 3843 1885 3883 ac

233 3925 448 3993 syllabis
484 3920 718 3978 totidem
776 3927 956 3975 exstat
1008 3920 1069 3973 in
1121 3934 1282 3973 sacra
1334 3917 1677 3989 Hoplotheca,
1723 3916 1884 3986 libro,

232 4022 285 4066 at
330 4015 467 4081 scis,
530 4010 884 4065 auctoritatis
937 4008 1092 4062 omni
1145 4008 1456 4077 exceptione
1508 4005 1755 4077 majoris,
1786 4003 1884 4059 ad-

226 4101 406 4170 juncto
434 4101 623 4157 etiam
680 4098 837 4153 clare
884 4097 1106 4151 nomine
1154 4096 1346 4164 magni
1390 4094 1742 4161 Damasceni,
1771 4094 1888 4165 ejus

238 4189 494 4245 actoris.
527 4187 695 4257 Opus
726 4184 884 4241 istud
935 4184 1009 4239 ab
1053 4182 1383 4239 Andronico
1422 4181 1723 4239 Camatero
1749 4198 1884 4238 con-

236 4277 537 4333 cinnatum
570 4275 781 4339 fuisse,
805 4273 933 4344 jam
965 4270 1393 4329 adnotavimus.

302 4368 377 4437 (4)
407 4388 437 4415 κ
489 4364 760 4420 Admitte
820 4360 1135 4433 (logotheta
1191 4360 1414 4416 Muzalo
1472 4359 1687 4433 inquit)
1727 4359 1888 4416 testi-

238 4455 502 4510 monium
531 4471 545 4507 :
578 4461 639 4507 et
668 4450 857 4506 sancti
888 4465 1017 4505 esse
1058 4464 1191 4505 vere
1237 4448 1581 4505 Damasceni
1613 4465 1887 4521 agnosco.

239 4542 521 4599 Ceterum
572 4557 693 4596 non
742 4538 1052 4607 assentiar,
1111 4538 1385 4610 Spiritum
1436 4554 1536 4610 per
1590 4537 1815 4595 Verbum
1841 4541 1891 4593 et

241 4632 439 4686 Filiam
465 4631 751 4701 originem
795 4644 866 4683 ex
908 4628 1076 4683 Patre
1126 4626 1359 4683 trahere.
1408 4627 1464 4681 Si
1509 4628 1665 4683 enim
1692 4627 1891 4682 dicens
1923 4650 1968 4716 Ι)

245 4718 523 4775 audacius
552 4718 845 4790 loquerer,
869 4731 1047 4788 quam
1070 4715 1119 4770 si
1144 4714 1242 4787 qui
1266 4716 1597 4771 afﬁrmant:
1632 4732 1700 4771 ex
1728 4716 1894 4771 Patre

243 4811 293 4860 et
317 4808 460 4864 Filio
478 4808 736 4862 sanctum
754 4804 1047 4878 procedere
1063 4803 1353 4875 Spiritum.
1377 4805 1662 4870 Quoniam
1694 4804 1753 4859 in
1784 4804 1893 4859 hoc

248 4894 587 4952 Latinorum
620 4895 776 4950 dicto
809 4892 1143 4949 communio
1165 4891 1591 4966 praepositionis
1615 4910 1707 4961 ex,
1741 4892 1895 4965 pari-

246 4989 333 5039 ter
346 4985 637 5058 adaptatis
660 4981 819 5038 Patri
837 4981 1118 5054 Filioque,
1132 4982 1201 5036 ad
1222 4980 1610 5053 aequalitatem
1629 4980 1898 5054 hyposta-

249 5088 377 5129 sum
408 5074 566 5129 inter
595 5088 659 5129 se
680 5071 1055 5127 astruendam
1084 5069 1275 5144 magis
1295 5071 1614 5142 quadrans,
1642 5070 1896 5125 audaciae

250 5160 523 5218 invidiam
555 5161 671 5216 nisi
695 5159 867 5232 plane
896 5158 1089 5229 diluit,
1115 5157 1377 5214 emollire
1399 5162 1551 5213 certe
1573 5155 1895 5230 plurimum

254 5256 449 5319 potest.
504 5254 574 5305 In
620 5247 736 5303 alia
786 5264 920 5303 vero
967 5245 1280 5316 sententia,
1331 5246 1472 5301 dum
1522 5245 1777 5318 Spiritus
1826 5262 1900 5301 ea:

260 5336 410 5396 Patre
432 5355 543 5413 per
568 5337 784 5394 Filium
808 5337 1092 5393 asseritur
1113 5335 1440 5407 procedere,
1466 5333 1565 5390 illa
1594 5334 1899 5391 diversitas

264 5430 728 5501 prepositionum
780 5424 1110 5498 emphasim
1162 5423 1355 5480 nescio
1403 5440 1582 5496 quam
1616 5423 1898 5480 absonam

267 5515 580 5575 tiﬂerentic
614 5514 912 5571 immiscet
943 5554 957 5569 .
992 5555 1006 5568 .
1044 5554 1057 5567 .
1109 5512 1267 5569 velut
1312 5512 1715 5580 subindicans,
1748 5512 1901 5568 aliud

272 5618 359 5661 me
379 5607 565 5665 sancti
612 5604 866 5676 Spiritus
903 5602 1252 5674 principium
1299 5602 1544 5657 activum
1570 5601 1816 5672 Patrem,
1849 5609 1901 5658 et

274 5693 407 5754 Iliad
431 5695 695 5773 ejusdem
722 5693 1073 5763 principium
1113 5693 1356 5747 activum
1382 5691 1613 5750 Filium.
1649 5711 1677 5741 »
1709 5690 1900 5765 Repo-

512 5825 789 5889 PATIOL.
840 5817 955 5883 Ge.
1000 5815 1230 5881 CXLII.

1987 3383 2357 3453 conﬁteretur,
2429 3385 2704 3454 Spiritum
2772 3395 3023 3444 sanctum
3095 3390 3419 3445 continuum
3473 3388 3635 3444 Patri

1988 3487 2123 3542 esse,
2168 3474 2309 3528 sicut
2354 3476 2407 3528 et
2447 3475 2695 3537 Filium;
2751 3475 2893 3547 quin
2949 3475 3068 3531 imo
3116 3477 3366 3546 doceret,
3423 3478 3633 3532 Filium

1989 3561 2216 3632 quidem
2244 3563 2565 3618 continuum
2615 3566 2790 3632 Patri,
2836 3563 3109 3637 Spiritum
3150 3582 3276 3622 vero
3305 3567 3469 3622 locati
3497 3583 3633 3638 qua-

1988 3648 2117 3705 dam
2166 3652 2510 3722 separatione
2580 3651 2804 3708 distare.
2881 3653 3247 3710 Calumniam
3310 3654 3637 3726 depellebat

1990 3738 2244 3795 Beccus:
2279 3762 2307 3789 «
2339 3739 2650 3814 Gregorius
2698 3741 3016 3813 Nyssenus,
3061 3743 3353 3816 inquiens,
3388 3744 3459 3800 de
3492 3743 3630 3800 Filio

1991 3826 2227 3900 quidem
2256 3828 2355 3893 ait,
2384 3844 2498 3884 esse
2526 3830 2687 3884 illum
2716 3833 2974 3885 continue
3001 3847 3070 3886 ea:
3100 3833 3281 3900 Patre,
3314 3833 3386 3888 de
3413 3832 3635 3904 Spiritu

1989 3931 2147 3985 vero,
2177 3931 2293 3970 esse
2317 3932 2419 3987 per
2461 3933 2606 3985 eum,
2641 3920 2737 3990 qui
2783 3921 3041 3975 continue
3088 3936 3161 3975 ea:
3204 3922 3368 3977 Patre
3393 3926 3491 3976 est.
3523 3921 3638 3978 Vos

1990 4019 2127 4059 vero
2182 4005 2377 4060 locales
2435 4005 2740 4076 distantias,
2812 4012 2915 4062 aut
2979 4008 3171 4081 spatia
3226 4010 3641 4082 interjicientes

1992 4095 2346 4164 temporum,
2378 4093 2805 4150 absurditatem
2850 4096 3089 4151 omnino
3120 4097 3417 4155 inducitis.
3450 4099 3645 4155 Enim-

1992 4196 2127 4235 vero
2156 4182 2422 4253 generari
2468 4182 2677 4238 Filium
2724 4199 2797 4239 ex
2843 4185 3032 4252 Patre,
3082 4202 3216 4241 cum
3258 4186 3449 4243 solum
3477 4186 3642 4244 audi-

1996 4272 2113 4336 tur,
2145 4270 2361 4341 prazbet
2391 4271 2587 4327 animo
2615 4274 2800 4329 nescio
2829 4289 2996 4344 quam
3034 4277 3268 4346 speciem
3296 4278 3455 4347 quasi
3480 4278 3639 4348 efﬂu-

1995 4373 2121 4428 xus,
2154 4357 2355 4413 localis
2386 4359 2736 4431 egressionis
2785 4362 3126 4418 distantiam
3180 4363 3500 4420 inferentis.
3529 4366 3641 4421 Sed

1998 4446 2309 4519 corrigitur
2337 4447 2700 4520 imaginatio,
2749 4466 2884 4505 cum
2930 4452 3201 4507 additur:
3247 4453 3522 4509 indivulse
3549 4457 3639 4509 in-

1999 4536 2361 4607 distincteque
2389 4540 2682 4609 generari;
2713 4555 2846 4595 vere
2891 4540 2976 4595 sic
3003 4557 3074 4597 ea:
3112 4542 3274 4596 Patre
3300 4542 3642 4614 signiﬁcans

1999 4640 2127 4680 esse
2158 4623 2392 4697 Filium,
2427 4629 2492 4680 ut
2520 4625 2697 4681 simul
2728 4626 2789 4682 in
2811 4630 2979 4684 Patre
3031 4629 3127 4685 sit.
3159 4629 3252 4685 Sic
3280 4636 3339 4686 et
3369 4631 3515 4686 mihi
3547 4648 3642 4688 ra-

1999 4712 2263 4769 tiocinari
2295 4713 2366 4768 de
2395 4713 2616 4786 Spiritu
2643 4716 2797 4771 licet.
2831 4719 2947 4772 Aut
2974 4719 3168 4789 potius
3199 4720 3270 4774 ad
3301 4719 3642 4776 similitudi-

2005 4819 2139 4857 nem
2171 4803 2442 4874 superius
2470 4803 2784 4860 adductam
2832 4806 3115 4862 referatur
3142 4824 3333 4864 sermo
3359 4826 3373 4864 :
3406 4809 3648 4865 radium-

2004 4907 2107 4962 que
2135 4892 2389 4948 dicimus
2418 4909 2491 4948 ea:
2516 4894 2651 4964 sole,
2700 4898 2755 4949 et
2814 4898 3006 4951 tamen
3060 4897 3389 4953 abscissum
3431 4916 3500 4955 ex
3526 4900 3647 4956 sole

2004 4980 2307 5053 quidpiam
2366 4997 2480 5036 non
2535 4982 2940 5039 existimamus
2995 4990 3085 5041 est
3136 4986 3384 5042 radium.
3442 4989 3649 5045 Lumen

2005 5069 2180 5125 etiam
2212 5069 2464 5125 dicimus
2497 5086 2597 5141 per
2643 5072 2869 5127 radium
2896 5089 2965 5128 ex
2991 5075 3121 5142 sole,
3154 5080 3212 5131 et
3236 5076 3649 5134 mediationem

2004 5157 2410 5231 intelligimus,
2473 5163 2530 5214 et
2581 5160 2907 5216 continuari
2963 5161 3166 5221 lumen
3213 5165 3321 5220 soli
3369 5183 3472 5238 per
3498 5166 3648 5223 radii

2006 5248 2440 5316 mediationem,
2495 5266 2611 5305 non
2666 5267 2969 5325 negamus,
3004 5276 3033 5304 »
3079 5254 3467 5313 Praemonerat
3512 5275 3646 5315 vero

2006 5335 2381 5393 doctissimus
2434 5337 2688 5395 Beccus:
2722 5341 2900 5397 Rudes
2950 5346 3138 5417 utique
3179 5360 3292 5402 esse
3332 5346 3646 5418 hujusmodi

2007 5426 2274 5493 imagines
2316 5427 2720 5496 processionum
2766 5429 2933 5487 beata
2987 5433 3290 5502 Trinitatis,
3343 5451 3463 5507 quae
3493 5437 3647 5493 nullo

2002 5516 2164 5587 pingi
2190 5514 2487 5571 simulacro
2515 5517 2740 5580 valent;
2788 5529 2842 5575 et
2894 5519 3093 5577 harum
3136 5523 3319 5595 efﬁgie
3342 5527 3650 5596 formarum

2006 5603 2237 5675 speciem
2278 5602 2485 5662 divinae
2535 5606 2747 5664 Triadis
2802 5610 3104 5684 insinuari,
3158 5612 3343 5686 quoad
3388 5614 3511 5671 licet
3539 5613 3650 5673 hu-

2005 5706 2171 5748 mano
2203 5694 2405 5765 captui.

3333 5834 3371 5893 4
