4094 6468
150 465 250 528 109

1361 461 1570 522 VlTA.
1606 491 1685 506 —
1712 458 2235 521 DISSEBTATIO
2279 461 2327 520 Ι.

3427 467 3543 526 110

150 597 479 653 Damasceni
508 596 686 651 elIato
710 593 834 664 illo,
886 611 1036 667 quos
1095 594 1146 648 is
1176 593 1428 665 negabat
1486 608 1548 647 se
1605 590 1797 646 dicere
1825 591 1878 658 Α
1911 590 2147 661 quidem
2178 590 2499 663 intelligere
2530 609 2644 648 non
2667 555 2828 648 valeo
2858 594 3106 665 (reponit
3135 595 3394 668 Beccus),
3427 614 3545 668 qua

160 688 417 762 Spiritum
460 703 525 741 ea:
581 686 769 740 Filio:
844 683 1296 754 querebantque
1353 679 1794 753 expositionem,

161 795 268 851 qua
302 775 515 847 reliqua
541 774 749 846 priora
767 773 946 828 verba
978 771 1326 841 emollirent,
1364 773 1421 826 et
1467 770 1530 824 in
1557 783 1796 824 concor-

163 867 308 921 diam
337 865 698 920 reducerent.
736 863 942 932 Itaque
975 859 1249 930 Gregorio
1297 858 1506 931 Cyprio
1559 857 1798 912 deman-

165 956 286 1010 data
313 952 628 1025 provincia,
664 952 891 1006 Tomum
921 949 1214 1005 scribendi
1245 948 1355 1003 hac
1384 948 1454 1002 de
1485 963 1565 1001 re.

222 1041 487 1113 Imposito
519 1055 776 1095 munere
808 1039 1048 1093 functus
1079 1042 1168 1092 est
1196 1035 1462 1108 Cyprius,
1489 1032 1799 1104 aditusque

162 1133 344 1194 Tantus,
378 1131 436 1185 in
469 1129 739 1184 Ecclesia
767 1143 963 1184 coram
999 1125 1310 1198 palamque
1340 1124 1547 1180 lectus.
1590 1123 1653 1176 Id
1705 1137 1799 1176 ac-

154 1220 346 1275 cihisse
373 1218 668 1274 Possinus
713 1221 884 1289 putat
943 1233 1095 1271 anno
1154 1213 1364 1269 Christi
1418 1214 1572 1268 1288.
1630 1211 1802 1266 Vetat

147 1308 301 1372 nihil,
335 1306 664 1379 quominus
697 1305 760 1360 id
791 1302 1068 1360 acciderit
1108 1319 1259 1358 anno
1312 1301 1612 1373 superiore
1639 1299 1797 1364 1287,

141 1396 219 1452 vel
250 1397 424 1452 etiam
458 1395 856 1468 praecedente.
889 1393 1024 1457 Qua
1055 1391 1225 1463 plura
1258 1391 1328 1444 ab
1384 1389 1588 1461 Cyprio
1644 1387 1801 1442 edita

140 1493 269 1542 sunt
299 1484 678 1557 apologetica
708 1483 952 1554 scripta,
979 1497 1107 1552 quae
1141 1497 1276 1535 mox
1300 1477 1798 1545 enumerabimus,

140 1575 190 1629 id
216 1588 532 1646 exposcere
561 1571 1055 1626 videntur.Tomo
1073 1567 1221 1623 lecto
1244 1569 1553 1638 imperator
1579 1565 1802 1619 rubrica

142 1665 462 1733 subscripsit,
499 1660 712 1716 deinde
741 1659 1094 1730 patriarcha,
1128 1665 1245 1711 tum
1294 1655 1490 1711 ordine
1530 1652 1802 1725 praesules

145 1750 528 1807 Ecclesiastici
560 1749 675 1804 viri
708 1749 872 1803 fuere
901 1746 1123 1818 plures,
1155 1744 1254 1816 qui
1301 1741 1801 1814 subscriptionem

150 1846 321 1913 aperte
349 1842 688 1912 negarunt.

202 1930 266 1986 II.
297 1930 567 1985 Causam
599 1928 842 1982 enarrat
891 1923 1274 1995 Pachymeres
1323 1921 1574 1976 ibidem:
1609 1941 1636 1970 «
1669 1921 1806 1975 Erat

148 2019 284 2074 enim
315 2019 480 2072 inter
513 2015 636 2070 alia
670 2015 729 2069 in
764 2015 940 2078 Tomo,
975 2011 1075 2083 qui
1113 2007 1574 2066 subscribendus
1599 2009 1801 2063 obtru-

147 2108 400 2172 debatur,
434 2104 728 2176 quaedam
750 2099 1034 2173 expositio
1066 2097 1367 2154 sententiis
1395 2097 1558 2168 prius
1590 2113 1803 2152 memo-

147 2203 265 2251 ratae
294 2195 412 2250 divi
467 2192 860 2256 Damasceni,
922 2189 1008 2244 sic
1063 2205 1125 2244 se
1182 2187 1441 2242 habens:
1496 2185 1558 2240 Si
1613 2201 1804 2241 veroa

143 2301 337 2341 sum
393 2283 679 2352 Theologo
738 2285 1074 2337 Damasceno
1104 2277 1408 2348 reperiatur
1436 2274 1614 2329 dictus
1640 2275 1806 2330 Pater

146 2383 300 2429 amicti
328 2375 596 2444 Spiritus
629 2366 723 2421 διὰ
751 2366 934 2441 Λόγου
980 2359 1308 2440 προϐολεὺς,
1361 2363 1654 2432 productor
1704 2379 1805 2434 per

149 2464 357 2518 Verbum
389 2481 410 2517 :
476 2460 637 2514 haud
692 2459 859 2529 plane
916 2457 1020 2510 ista
1071 2455 1267 2510 locutio
1324 2451 1642 2523 signiﬁcare
1689 2453 1806 2506 vult

149 2556 306 2606 aucti
363 2552 627 2622 Spiritus
689 2545 767 2606 εἷς
801 2566 854 2597 αι
882 2541 944 2597 τὸ
981 2538 1220 2617 πρόοδον
1291 2542 1694 2612 processionem
1744 2542 1807 2596 in

148 2643 534 2700 (nuntiam;
598 2637 707 2693 sed
741 2633 818 2694 εἷς
896 2629 1141 2709 ἕκφανσιν
1178 2626 1372 2700 ἀίδιον,
1424 2631 1484 2683 in
1537 2637 1807 2686 aeternam

152 2727 713 2800 aptendescentiam.
776 2723 893 2779 Hoc
951 2726 1142 2778 autem
1170 2719 1308 2791 quid
1339 2717 1450 2774 sibi
1484 2717 1674 2784 vellet,
1707 2736 1807 2774 ne-

151 2835 434 2890 quaquam
473 2833 544 2873 se
576 2830 788 2887 capere
811 2813 1078 2868 aiebant:
1129 2808 1582 2882 quaerebantque
1639 2825 1806 2864 mon-

147 2909 303 2962 strari
357 2906 484 2962 sibi
553 2902 879 2959 discrimen
944 2899 1304 2973 processionis
1360 2900 1416 2952 et
1461 2901 1681 2953 {eterna
1713 2915 1808 2953 eac-

143 2996 579 3067 ptendeseentiae
607 3011 621 3060 ;
652 2997 718 3046 nt
747 2992 831 3046 sic
870 3006 1073 3046 earum
1116 3005 1324 3044 vocum
1383 2991 1629 3046 alteram
1661 2988 1809 3058 abji-

155 3093 349 3152 eerent,
384 3084 654 3140 alteram
691 3079 1198 3152 amplecterentur.
1231 3079 1396 3136 Nunc
1453 3079 1610 3135 enim
1640 3077 1811 3149 plane

153 3191 421 3246 apparere
452 3171 613 3244 ipsis
643 3171 759 3224 ista
787 3167 1067 3223 vocabula
1097 3176 1298 3223 mutuo
1357 3166 1810 3241 aequipollentia,

151 3281 245 3317 nec
269 3263 408 3335 plus
444 3262 732 3316 minusve
765 3257 1096 3329 signiﬁcare
1141 3258 1464 3330 quidquam
1514 3257 1810 3329 processio-

1907 679 2126 733 ratione
2179 679 2523 750 e/fulsionem
2578 682 2637 736 in
2693 689 2957 736 xternum
3017 683 3268 755 Spiritus
3325 703 3358 739 a
3409 702 3545 756 puro

1903 784 2190 838 progressu
2218 770 2288 824 ad
2314 787 2426 825 esse
2455 771 2797 844 distinguat.
2828 777 2881 827 2.
2915 773 3226 845 Gregorius
3247 775 3546 846 Nyssenus

1905 857 2153 912 duarum
2187 875 2568 928 personarum
2597 877 2790 931 causa,
2826 879 2928 918 seu
2972 863 3244 935 principii
3273 863 3548 919 differen-

1904 944 2047 1000 tiam
2073 946 2398 1018 declarans,
2432 966 2547 1004 non
2581 949 2756 1005 aliam
2787 967 2920 1006 esse
2955 951 3234 1019 decernit,
3268 953 3382 1008 nisi
3408 955 3549 1008 hanc

1905 1036 2124 1105 quidem
2152 1038 2427 1105 contigue,
2486 1039 2665 1094 aliam
2693 1055 2816 1095 vero
2841 1056 2940 1112 per
2969 1041 3112 1096 illud
3136 1042 3276 1113 quod
3304 1059 3337 1096 α
3363 1045 3546 1114 primo

1907 1126 2160 1193 contigue
2213 1129 2288 1180 est
2314 1143 2328 1180 :
2389 1127 2544 1182 unde
2573 1143 2688 1182 non
2719 1129 2904 1199 capio,
2937 1146 3208 1200 quaenam
3237 1129 3350 1186 alia
3378 1131 3456 1186 sit
3484 1131 3545 1186 in

1907 1217 2186 1268 aeternum
2219 1230 2321 1285 per
2353 1213 2564 1270 Filium
2593 1216 2840 1288 Spiritus
2860 1217 3110 1290 eﬁ'ulsio,
3128 1219 3240 1274 nisi
3261 1219 3448 1291 ipsius
3478 1235 3548 1275 ex

1908 1301 2073 1356 Patre
2129 1316 2232 1373 per
2287 1301 2499 1358 Filium
2556 1303 2883 1376 hypostasis
2938 1323 3302 1379 progressus.
3362 1309 3414 1363 3.
3455 1312 3545 1363 An

1908 1390 2082 1445 fuerit
2137 1390 2503 1462 Unigenitus,
2553 1393 2775 1464 hujusce
2828 1394 3073 1466 Spiritus
3117 1397 3423 1468 effulsionis
3443 1413 3546 1468 per

1907 1481 2108 1550 ipsum,
2139 1495 2208 1533 ex
2237 1483 2404 1535 Patre
2433 1482 2779 1538 administer
2801 1483 2829 1538 ?
2861 1485 2911 1537 4.
2961 1485 3121 1547 Quod
3183 1486 3232 1540 si
3300 1485 3548 1558 Spiritus

1907 1569 2244 1623 naturaliter
2273 1585 2375 1640 per
2405 1569 2617 1626 Filium
2649 1571 2905 1645 effulget,
2937 1573 3094 1628 idem
3126 1574 3302 1630 fuerit
3331 1574 3542 1640 dicere,

1911 1674 1976 1712 ac
2007 1657 2267 1728 procedit
2297 1659 2419 1729 ipse
2449 1675 2549 1730 per
2576 1659 2808 1716 Filium.
2841 1683 2870 1711 »
2905 1662 3032 1718 Haec
3064 1666 3123 1718 et
3172 1661 3286 1719 alia
3341 1679 3550 1736 quam-

1910 1746 2080 1818 plura
2108 1746 2320 1802 Beccus
2349 1749 2692 1819 opponebat.

1984 1835 2185 1906 Inepta
2240 1839 2361 1891 erat
2417 1836 2530 1892 alia
2565 1838 2756 1910 Cyprii
2785 1840 3095 1909 sententia,
3128 1857 3255 1912 qua;
3287 1857 3452 1896 num.
3485 1841 3552 1895 10

1912 1924 2195 1980 habetur:
2253 1925 2354 1980 sed
2405 1943 2507 1998 per
2563 1928 2792 1996 Filium,
2852 1937 2904 1985 et
2950 1945 3021 1984 ea;
3091 1930 3232 1986 Filio
3289 1931 3552 2006 φυσικῶς-

1913 2010 2172 2087 ὑπάρχειν
2231 2014 2574 2071 naturaliter
2625 2018 2919 2072 exsistere:
2969 2034 3079 2073 non
3132 2035 3256 2074 vero
3312 2035 3408 2090 per
3461 2019 3552 2073 Fi-

1915 2101 2074 2169 lium,
2130 2107 2182 2158 et
2237 2119 2305 2157 ea:
2362 2103 2501 2159 Filio
2559 2103 2632 2164 εἰς
2691 2101 2912 2180 ὕπαρξιν
2969 2101 3114 2181 ἔχειν
3171 2108 3554 2164 exsistentiam

1912 2191 2133 2262 habere,
2165 2193 2261 2262 qui
2318 2191 2375 2247 id
2402 2196 2827 2250 enuntiaverunt
2855 2197 3072 2264 Patres,
3110 2199 3248 2267 fassi
3275 2199 3419 2251 sunt.
3447 2219 3475 2247 «
3508 2196 3551 2250 Ο

1909 2285 2184 2354 argutum
2213 2279 2356 2336 talia
2383 2283 2769 2338 asserentium
2799 2301 3043 2340 acumen
3069 2284 3151 2340 l...
3177 2286 3294 2357 Ego
3316 2285 3416 2356 qui
3437 2303 3551 2341 non

1910 2371 1992 2425 ita
2017 2373 2284 2425 curiosus
2316 2387 2468 2437 sum,
2518 2372 2617 2426 sed
2674 2371 2836 2427 rudis
2891 2373 3202 2444 bebesque,
3264 2373 3410 2429 illud
3465 2391 3556 2430 ex-

1913 2461 2050 2514 Fitio
2075 2460 2410 2514 naturaliter
2440 2459 2710 2530 Spiritum
2755 2463 3032 2532 exsistere,
3083 2479 3182 2534 pro
3241 2465 3555 2520 exsistentia

1912 2565 1982 2604 ea:
2012 2549 2154 2603 Filio
2183 2565 2458 2604 assumo:
2492 2553 2548 2603 et
2604 2550 3072 2622 praepositionem
3128 2568 3218 2617 ex,
3259 2551 3384 2608 loco
3411 2570 3554 2624 prea-

1915 2636 2220 2709 positionis
2244 2654 2362 2709 per,
2397 2640 2461 2692 ut
2481 2638 2718 2710 scriptis
2742 2639 3019 2695 mandata
3040 2641 3278 2696 traditio
3306 2641 3555 2713 intonat,

1916 2725 1980 2781 de
2008 2727 2148 2782 Filio
2179 2743 2410 2798 semper
2439 2726 2732 2798 accipiens
2759 2746 2772 2794 ;
2815 2745 2932 2784 non
2961 2729 3096 2784 duas
3141 2747 3333 2785 causas
3377 2731 3556 2802 Spiri-

1916 2821 2020 2885 tus,
2054 2815 2154 2870 sed
2182 2817 2404 2870 Patrem
2458 2831 2690 2872 causam
2731 2833 2834 2888 per
2887 2818 3094 2872 Filium
3151 2819 3490 2890 depraedico.
3527 2841 3556 2869 »

1920 2905 2046 2958 Haec
2074 2919 2206 2958 vero
2229 2919 2568 2976 germanam
2600 2904 2898 2960 continent
2924 2905 3035 2961 loci
3083 2904 3320 2963 alterius
3373 2907 3555 2964 inter-

1918 2992 2324 3064 pretationem,
2349 2993 2447 3047 ubi
2478 2993 2874 3050 Damascenus
2906 2995 3006 3062 ait,
3058 3011 3114 3050 se
3171 2995 3440 3066 Spiritum
3489 3013 3557 3052 ea:

1916 3081 2062 3137 Filio
2092 3097 2200 3136 non
2229 3081 2442 3136 dicere:
2467 3081 2747 3137 nimirum
2776 3082 2954 3138 veluti
2984 3100 3052 3138 ex
3080 3100 3256 3140 causa
3304 3102 3337 3139 a
3394 3085 3556 3142 Patre

1919 3169 2212 3225 distincta.
2247 3172 2378 3224 Haec
2407 3169 2478 3224 de
2507 3185 2567 3224 re
2594 3169 2930 3242 diligentius
2958 3171 3129 3227 infra.

1989 3260 2134 3314 Cum
2191 3257 2309 3312 haec
2340 3257 2588 3313 fortasse
2637 3275 2755 3329 prie
2794 3258 2977 3314 oculis
3017 3259 3257 3315 haberet
3290 3260 3555 3317 doctissi-

157 3369 276 3406 aem
303 3356 360 3407 in
393 3351 772 3412 exstantiam,
805 3363 981 3418 quam
1011 3348 1404 3417 processionem
1431 3348 1491 3402 in
1547 3350 1810 3401 aeternam
1840 3319 1883 3385 (ἶ
1923 3363 2054 3402 mus
2086 3345 2430 3402 Franciscus
2462 3345 2868 3417 Combefisius,
2918 3347 3283 3420 frequentius
3317 3350 3558 3406 adnotat

161 3440 726 3512 upiendescentiam.
760 3458 788 3485 ››

221 3530 670 3593 Animadverte,
733 3525 929 3579 minus
973 3528 1301 3580 accuratam
1333 3523 1661 3594 falsamque
1682 3523 1809 3594 jam

163 3619 349 3688 Cyprio
393 3619 593 3674 visam
655 3630 786 3670 esse
831 3629 1032 3668 eorum
1085 3611 1650 3683 interpretationem,
1709 3612 1809 3683 qui

167 3710 558 3774 reensionem
596 3705 783 3758 sancti
835 3701 1070 3773 Spiritus
1100 3718 1135 3756 a
1162 3705 1326 3756 Patre
1352 3717 1449 3772 per
1475 3702 1679 3758 Filium
1710 3705 1812 3754 aut

172 3797 568 3868 intelligebant
630 3791 986 3862 temporalem
1031 3791 1294 3846 donorum
1340 3794 1393 3845 et
1423 3791 1811 3846 charismatum

175 3888 570 3950 incessionem,
633 3885 738 3935 aut
790 3885 941 3935 certe
984 3881 1354 3951 processionis
1385 3879 1581 3935 activa:
1610 3881 1810 3932 transi-

175 3983 268 4026 ιω
318 3991 419 4046 per
480 3972 749 4032 Verbum,
803 3967 978 4024 veluti
1039 3968 1320 4038 medium,
1378 3967 1505 4022 sine
1536 3967 1656 4022 ulla
1684 3968 1811 4037 ejus

174 4063 484 4118 efﬁcientia.
519 4058 840 4130 Perspicua
869 4057 1088 4112 scilicet
1115 4056 1458 4112 Damasceni
1481 4073 1546 4112 ac
1577 4056 1810 4112 Patrum

177 4166 319 4207 necs
340 4157 498 4221 erat,
534 4153 820 4204 aeternam
853 4162 981 4201 esse
1036 4144 1285 4217 Spiritus
1341 4144 1528 4200 sancti
1586 4159 1813 4216 proces-

175 4238 394 4308 sissem,
447 4256 573 4310 qua
635 4236 854 4291 dicitur
873 4252 907 4290 a
935 4237 1100 4290 Patre
1122 4251 1225 4307 per
1251 4234 1478 4290 verbum
1498 4233 1808 4305 procedere.

175 4330 390 4386 Patebat
415 4329 627 4395 etiam,
664 4324 816 4380 hanc
842 4325 1240 4396 processionem
1265 4341 1368 4396 per
1401 4323 1635 4380 Verbum
1665 4323 1811 4378 satis

175 4421 410 4474 πλείω
447 4415 630 4472 Verbi
664 4413 1036 4469 efficientiam
1068 4429 1205 4486 erga
1237 4414 1519 4486 Spiritum
1541 4415 1809 4468 sanctum

171 4522 329 4576 quam
351 4503 861 4576 interpretabatur
888 4501 1132 4573 Cyprius
1171 4519 1286 4558 non
1334 4501 1404 4556 ad
1457 4502 1809 4570 exstantium,

169 4597 260 4650 sed
307 4596 376 4650 ad
425 4603 706 4652 ¢uernam
757 4589 1330 4658 explendescentiam;
1387 4606 1522 4645 cum
1554 4593 1810 4645 attamen

169 4699 356 4739 revera
411 4682 680 4755 Spiritus
737 4678 923 4734 sancti
951 4682 1161 4735 aeterna
1202 4679 1680 4750 explendescentia
1730 4676 1814 4731 nil

173 4772 319 4826 aliud
351 4773 522 4838 foret,
555 4785 737 4842 quam
767 4770 886 4839 ejus
913 4769 1193 4823 exstantia
1222 4785 1255 4823 a
1287 4769 1449 4824 Patre
1477 4783 1580 4838 per
1604 4765 1814 4821 Filium

241 4862 388 4918 102
420 4860 518 4917 IlI.
553 4860 780 4914 Tomus
811 4856 1013 4912 incidit
1043 4857 1101 4911 in
1129 4873 1340 4912 manus
1377 4856 1539 4911 Becci
1587 4871 1816 4910 carcere

181 4951 379 5006 rietenti
437 4950 627 5007 Multa
685 4946 789 5002 ille
845 4945 1049 5000 eodem
1097 4944 1155 4999 in
1186 4945 1365 5000 Tomo
1395 4943 1814 5015 reprehendebat

183 5041 373 5094 'ser‘nis
430 5045 568 5093 utor
624 5034 1018 5106 Pachymeris,
1074 5049 1200 5104 cap.
1255 5036 1335 5099 2),
1379 5033 1473 5088 sed
1499 5033 1815 5104 praesertim

185 5131 444 5183 amabat
497 5126 897 5198 expositionem
951 5124 1013 5176 in
1067 5136 1126 5176 eo
1209 5122 1474 5178 traditam
1525 5123 1814 5177 sententiae

190 5216 513 5272 immani.
548 5215 789 5270 Prostat
845 5212 905 5266 in
961 5215 1121 5266 tomo
1155 5210 1201 5265 ΙΙ
1233 5210 1466 5267 Graecia
1495 5210 1818 5267 orthodoxa:

312 5309 489 5362 oratio
516 5306 711 5376 prima
740 5303 804 5356 in
867 5302 1089 5355 Tomum
1122 5300 1330 5370 Cyprii,
1366 5305 1419 5354 et
1446 5315 1612 5355 novas
1667 5315 1814 5371 ejus-

201 5407 282 5446 ιρι
309 5397 559 5452 haereses.
624 5391 852 5446 Novam
901 5388 1097 5460 Cyprii
1120 5387 1654 5460 interpretationem
1685 5405 1818 5458 pro-

200 5483 302 5548 ;ris
323 5485 516 5541 verbis
549 5482 907 5538 aﬁ'ertnum.
939 5479 993 5532 5.
1027 5477 1177 5531 Licet
1204 5478 1352 5531 enim
1371 5477 1820 5548 apudnonnullos

199 5587 359 5630 suae:
405 5592 512 5648 per
569 5571 803 5628 Filium
840 5564 1138 5638 procedere
1221 5564 1489 5636 Spiritum
1571 5572 1821 5621 sanctum

207 5670 428 5720 meatur
447 5682 468 5726 ;
501 5662 685 5717 dictio
717 5657 865 5720 haec,
896 5656 959 5709 in
981 5657 1248 5708 mternam
1294 5655 1654 5726 eﬂutsionem,
1713 5670 1822 5710 non

209 5759 256 5804 st
296 5771 390 5814 ωε
433 5769 606 5832 pure,
673 5745 969 5822 signiﬁcat
1014 5758 1433 5820 progressum.»
1467 5743 1538 5800 Et
1565 5743 1822 5820 primum

1917 3436 1979 3490 in
2011 3434 2192 3491 altera
2212 3440 2375 3506 parte
2399 3434 3288 3507 NovissimiAuctarii,Joannem
3309 3438 3556 3494 Beccum

1918 3526 2174 3582 haeresim
2201 3525 2594 3579 Palamiticam
2623 3524 2955 3580 damnasse.
2999 3527 3275 3582 Insanum
3333 3525 3558 3583 scilicet

1918 3612 2162 3669 invaluit
2192 3612 2484 3680 delirium,
2528 3629 2641 3684 quo
2672 3630 2706 3668 a
2735 3613 2930 3668 divina
2959 3616 3213 3670 essentia
3240 3615 3559 3689 distingue-

1920 3703 2091 3758 batur
2116 3706 2333 3758 aaterna
2370 3701 2471 3756 Dei
2505 3701 2675 3772 actio,
2711 3718 2777 3758 ac
2809 3703 3229 3775 sempiternum
3261 3706 3554 3776 quoddam

1918 3791 2117 3847 lumen
2140 3791 2438 3846 divinum:
2475 3808 2540 3845 ac
2570 3791 2728 3845 istud
2781 3792 3075 3848 mentibus
3130 3795 3337 3850 creatis
3394 3809 3552 3850 com“

1921 3879 2205 3935 municari
2236 3880 2554 3947 dicebatur,
2579 3879 2707 3951 ipsa
2737 3879 2970 3950 penitus
3017 3881 3552 3939 incommunicabili

1919 3969 2193 4040 essentia,
2225 3985 2290 4023 ac
2321 3967 2620 4022 invisibili.
2651 3972 2782 4023 Haec
2799 3968 3032 4024 videtur
3051 3987 3178 4026 esse
3199 3971 3300 4027 illa
3328 3973 3552 4044 exsplen

1917 4059 2206 4122 descentia,
2237 4057 2296 4110 in
2329 4071 2505 4127 quam
2536 4055 2779 4126 Cyprius
2807 4058 3073 4112 tradebat
3103 4075 3171 4114 ex
3220 4064 3387 4116 Patre
3417 4077 3548 4133 pro-

1920 4147 2119 4202 cedere
2148 4145 2432 4218 Spiritum
2466 4149 2735 4200 sanctum
2766 4161 2868 4216 per
2897 4147 3050 4201 108
3093 4147 3325 4218 Filium,
3355 4165 3465 4205 non
3494 4153 3556 4205 in

1919 4235 2271 4291 exstantium.
2296 4237 2416 4288 Hoc
2448 4233 2630 4306 igitur
2667 4219 2917 4306 impium
2976 4235 3223 4291 Palamze
3283 4238 3493 4310 dogma
3522 4257 3557 4294 a

1917 4325 2140 4381 Joanne
2171 4323 2348 4378 Becco
2380 4323 2724 4378 damnatum
2755 4323 2815 4378 in
2849 4325 3002 4379 Tomo
3032 4326 3284 4395 quodam,
3319 4327 3559 4382 adnotat

1918 4412 2193 4468 laudatus
2253 4411 2615 4467 Conbefisius
2671 4411 2730 4465 in
2788 4411 3301 4470 Observationibus
3333 4415 3404 4470 ad
3435 4415 3556 4471 Ma-

1923 4501 2109 4557 nuelis
2165 4499 2376 4556 Calecaa
2433 4500 2648 4556 librum
2706 4502 2779 4555 De
2825 4503 3061 4557 essentia
3111 4511 3162 4558 et
3214 4505 3557 4575 operatione.

1920 4589 2222 4645 Michaelis
2253 4587 2529 4659 Lequieni
2558 4588 2925 4645 verissimam
2960 4591 3136 4646 aﬂ'ero
3184 4591 3557 4648 animadver-

1844 4688 1892 4752 D
1923 4679 2145 4734 sionem
2176 4678 2236 4733 in
2264 4677 2675 4733 dissertatione
2707 4679 2732 4732 1
2771 4679 3200 4750 Damascenica,
3261 4698 3424 4744 num.
3463 4683 3558 4750 50,

1923 4767 2171 4822 Palamie
2203 4767 2439 4838 quidem
2471 4766 2765 4838 praaivisse
2793 4768 3086 4839 Cyprium,
3133 4770 3563 4842 erraticumque

1924 4855 2136 4926 dogma
2183 4853 2254 4908 ab
2308 4853 2419 4908 isto
2478 4853 2913 4925 preformatum
2967 4854 3249 4912 refulasse
3293 4858 3560 4915 Beccum.

1922 4949 2190 4998 caeterum
2232 4944 2494 4998 Joannem
2547 4943 2708 4996 illum
2751 4944 3126 5012 patriarcham
3177 4947 3565 5005 Constantino-

1918 5033 2253 5103 politanum,
2287 5031 2386 5101 qui
2418 5030 2760 5102 Gregorium
2794 5031 3094 5088 Palamam
3126 5034 3351 5105 primus
3393 5037 3562 5092 dam-

1924 5119 2102 5186 navit,
2127 5124 2228 5174 aut
2255 5120 2618 5191 Sozopotitam
2649 5119 2828 5174 fuisse
2871 5121 3024 5176 circa
3072 5139 3292 5179 annum
3349 5123 3562 5180 Christi

1927 5209 2084 5276 1294,
2127 5225 2199 5263 au
2231 5211 2383 5263 certe
2415 5207 2620 5280 Ctycyn
2645 5208 2799 5264 circa
2827 5226 3050 5264 annum
3085 5213 3240 5268 1316.

2001 5299 2060 5352 In
2118 5297 2270 5352 hanc
2326 5297 2748 5352 absurditatem
2808 5297 3084 5356 incidisse
3114 5301 3408 5373 Cyprium,
3434 5303 3560 5375 jam

1928 5385 2100 5441 allata
2129 5384 2317 5456 ipsius
2348 5386 2417 5439 ad
2437 5384 2628 5440 locum
2652 5387 2987 5443 Damasceni
3009 5389 3403 5462 interpretatio
3423 5392 3568 5448 satis

1929 5474 2158 5530 evincit.
2179 5473 2413 5529 Accedit
2441 5473 2600 5529 aliud
2631 5474 2816 5546 ipsius
2844 5476 3064 5532 dictum
3114 5479 3172 5532 in
3229 5496 3334 5534 suo
3363 5481 3570 5538 Tomo.

1930 5564 2083 5636 quod
2137 5562 2272 5618 inde
2327 5567 2624 5634 sumptum
2676 5581 2709 5618 a
2740 5564 2918 5621 Becco
2947 5567 3194 5622 refertur
3222 5567 3279 5622 in
3310 5570 3568 5624 oratione

1931 5651 2107 5708 citata
2163 5667 2327 5706 num.
2393 5652 2456 5705 14
2488 5667 2499 5706 :
2534 5674 2562 5700 «
2622 5651 2776 5707 Nihil
2831 5654 2962 5710 novi
2993 5659 3100 5721 est,
3134 5671 3321 5729 neque
3350 5657 3422 5712 ab
3454 5675 3564 5715 usu

1929 5740 2359 5815 Scripturarum
2390 5739 2668 5814 alienum,
2707 5743 2758 5799 si
2787 5744 3041 5818 spiritale
3059 5744 3262 5802 donum
3279 5747 3566 5822 aequivoce
