4094 6486
541 478 656 537 ιιι

1556 474 1872 536 GEORGII
1916 473 2180 535 CYPRII
2224 472 2344 533 GP.
2394 474 2927 537 PATRIARCHIE

3807 474 3909 535 112

542 610 785 683 Spiritus
833 612 1055 664 sanctus
1106 611 1376 663 vocetur:
1436 610 1493 663 et
1550 610 1692 663 actio
1721 607 2036 679 aliquando
2067 606 2178 662 sibi
2210 608 2263 674 Α
2294 606 2458 662 becio
2488 606 2810 664 recensitus
2839 607 2988 664 libro
3018 607 3653 674 vCommentariorum,
3686 607 3785 663 sub
3811 606 3910 663 hoc

537 715 743 755 nomen
771 698 989 772 agentis
1019 695 1339 753 admiscere
1361 695 1702 765 videtur,uti
1735 696 1876 752 solis
1907 695 2182 768 splendor

542 792 602 845 et
656 787 854 843 lumen
914 801 1312 857 saepenumero
1332 784 1492 841 solis.
1524 806 1552 835 »
1585 784 1807 850 Quibus
1838 784 2041 856 utique
2059 798 2178 839 ver-

536 877 629 933 bis
649 876 755 949 (ait
773 875 1102 947 Lequienus
1127 873 1252 930 loco
1273 874 1469 945 citato)
1500 874 1871 946 signiﬁcabat
1901 878 2177 928 aeternam

538 964 639 1020 Dei
670 964 978 1029 actionem,
1012 979 1138 1035 quat
1169 962 1434 1035 personis
1482 962 1674 1017 tribus
1705 961 2038 1017 communis
2067 966 2174 1029 est,

536 1052 818 1125 Spiritum
858 1055 1128 1108 sanctum
1159 1051 1511 1123 quandoque
1527 1050 1720 1106 vocari
1747 1067 1761 1105 :
1785 1055 1842 1105 et
1861 1050 2012 1105 hanc
2030 1065 2178 1106 sem-

538 1139 748 1213 piterni
796 1138 1038 1196 luminis
1105 1138 1498 1205 efﬁcientiam,
1565 1138 1757 1194 tribus
1805 1154 2174 1195 communem

533 1228 823 1301 personis,
846 1229 1036 1301 ipsam
1065 1228 1178 1283 dici
1209 1227 1643 1300 processionem
1666 1227 1918 1299 Spiritus
1949 1244 1983 1283 a
2014 1228 2175 1283 Patre

535 1333 640 1391 per
690 1317 925 1374 Filium.
979 1316 1150 1372 Aliud
1206 1316 1359 1372 idem
1413 1315 1739 1388 Lequienus
1760 1315 2174 1388 Fragmentum

537 1422 696 1479 operi
752 1424 787 1463 a
842 1405 1050 1479 Cyprio
1106 1405 1349 1462 confecti
1405 1405 1624 1461 ibidem
1680 1404 1881 1460 aﬂ‘ert:
1944 1420 2173 1478 nempe,

533 1496 733 1552 divina
758 1498 962 1567 gratia,
1002 1495 1444 1567 eﬁutgentiaque,
1495 1502 1547 1549 et
1602 1496 1847 1566 operatio
1903 1490 2171 1555 συναῗδιός

534 1581 647 1637 ἐστι
673 1587 754 1655 τῷ
783 1584 889 1654 ι’ἱῷ
918 1591 1189 1641 coaeterna
1234 1583 1376 1638 Filio
1438 1587 1562 1637 est:
1602 1586 1653 1638 et
1698 1598 1770 1638 ex
1801 1584 1916 1654 ipso
1946 1585 2177 1638 scaturit

531 1675 683 1731 velut
709 1676 874 1730 etiam
891 1689 964 1730 eo:
990 1677 1176 1743 Patre,
1206 1677 1257 1727 et
1286 1674 1514 1743 ipsemet
1542 1673 1852 1728 Paracleto.
1901 1671 2175 1729 Enormia

532 1765 887 1832 commenta,
919 1777 1047 1833 qua:
1075 1760 1365 1816 cudebant
1394 1758 1596 1829 Graeci,
1649 1758 1886 1815 Patrum
1917 1760 2174 1817 auctori-

529 1850 646 1907 tale
674 1850 879 1922 pressi,
910 1848 1249 1921 diligentius
1268 1848 1421 1903 infra
1448 1847 1918 1920 explanabimus.

2292 695 2500 751 titulo:
2535 696 2595 751 '0
2658 695 2839 767 Τόμος
2896 697 2994 764 τῆς
3057 695 3206 771 ἁγίας
3266 691 3512 766 συνόδου,
3573 693 3696 763 ἤτοι
3750 692 3906 765 στήλη

2290 780 2623 857 ὀρθοδοείας,
2685 787 2873 842 Tomus
2927 786 3242 858 synodicus,
3302 787 3415 841 sive
3469 785 3724 841 columna
3748 789 3908 841 ortho-

2285 873 2487 931 doziae.
2541 874 2784 946 Incipit:
2818 876 2985 948 ’Ἐσχε
3045 874 3138 945 μὲν
3188 875 3223 942 ἡ
3277 868 3618 945 ἐπισυμὸἆσι
3673 873 3769 948 πρὸ
3823 894 3906 945 μι-

2283 966 2416 1033 κροῦ
2471 964 2684 1036 ταραχή
2747 982 2803 1016 τε
2860 962 2950 1016 καὶ
2998 960 3134 1031 ζάλη
3160 966 3228 1035 τῇ
3260 961 3575 1033 Ἐκκλησίᾳ.
3608 964 3777 1019 Habet
3803 965 3912 1035 qui-

2284 1050 2403 1107 dem
2460 1054 2721 1120 turbatio,
2772 1060 2824 1107 et
2864 1053 3104 1123 procella
3134 1052 3385 1108 Ecclesia:
3414 1054 3806 1124 superveniens.
3829 1054 3906 1108 Ab

2284 1139 2376 1195 his
2400 1138 2576 1194 etiam
2599 1139 2801 1211 incipit
2820 1139 3013 1196 verbis
3041 1141 3199 1212 Opus
3245 1156 3279 1195 a
3308 1140 3589 1197 Banderio
3638 1141 3909 1213 integrum

2284 1228 2478 1283 Graece
2507 1227 2727 1283 editum
2756 1228 2813 1284 in
2845 1229 3006 1285 Notis
3029 1230 3101 1285 ad
3124 1230 3339 1285 librum
3391 1246 3492 1284 vm
3532 1231 3913 1301 Antiquitatum

2281 1317 2741 1389 Constantinopol.
2775 1317 2930 1390 quod
2960 1318 3299 1374 inscribitur
3321 1319 3599 1380 ε”Εκθεσις
3625 1320 3720 1371 τοῦ
3743 1317 3910 1390 Τόμου

2280 1410 2380 1473 τῆς
2409 1404 2641 1465 πίστεως
2671 1406 2806 1459 κατὰ
2830 1408 2928 1460 τοῦ
2985 1405 3203 1477 Βὲκκου,
3253 1410 3536 1481 Expositio
3567 1408 3714 1464 Tomi
3732 1408 3793 1464 de
3816 1409 3915 1479 ﬁde

2280 1502 2474 1550 contra
2502 1495 2752 1549 Beccum.
2797 1495 3004 1553 Nostro
3051 1495 3292 1552 domum
3323 1500 3550 1568 prostat
3605 1497 3732 1552 sine
3754 1495 3912 1552 titulo

2280 1583 2340 1637 in
2372 1582 2706 1655 apograpbo
2733 1582 2949 1638 codicis
2972 1584 3814 1656 Lugduno-Batavensis,num.
3852 1585 3909 1639 9.

2354 1671 2427 1727 Ut
2454 1676 2520 1725 ut
2550 1671 2836 1727 intactum
2868 1670 3195 1744 relinquere
3226 1673 3445 1728 Tomum
3482 1689 3646 1729 suum
3681 1673 3914 1729 voluerit

2284 1759 2631 1830 patriarcha,
2689 1759 3050 1833 apologotica
3099 1765 3295 1817 tamen
3346 1761 3567 1833 scripta
3596 1760 3770 1817 edidit
3796 1778 3906 1817 non

2282 1865 2482 1920 pauca.
2539 1848 2858 1905 Adversum
2916 1851 3098 1905 Marci
3142 1849 3405 1906 monachi
3434 1866 3603 1922 opus,
3626 1854 3684 1906 et
3711 1854 3912 1920 errata,

603 1938 847 1995 Joannis
872 1938 1034 1994 Becci
1064 1938 1502 2040 Commentarius
1533 1952 1638 2006 per
1686 1937 1878 1992 urbem
1909 1937 2171 1994 Constan-
2205 1974 2253 2040 Β
2284 1954 2410 2009 qua:
2468 1937 2579 2010 ipsi
2653 1938 3101 2011 et‘ﬁngebantur,
3185 1939 3421 2012 scripsit
3495 1939 3903 2011 Confessionem,

533 2028 820 2100 tinopolim
874 2042 1095 2098 serpens
1150 2025 1541 2098 (Paobymeris
1594 2026 1786 2082 verbis
1828 2033 1960 2084 utor
1987 2028 2176 2101 capite

534 2116 713 2172 citato
740 2116 817 2187 2),
874 2115 1067 2187 cupide
1122 2115 1287 2171 lectus
1333 2131 1371 2170 a
1396 2116 1651 2185 plurimis
1678 2122 1802 2173 est:
1830 2123 1881 2174 et
1903 2118 2178 2189 plerisque

532 2206 785 2261 aculeum
812 2204 1019 2274 inﬁxit.
1054 2205 1141 2259 Ad
1172 2203 1359 2276 ipsius
1386 2204 1546 2259 Tomi
1590 2207 2019 2262 accusationem
2050 2208 2176 2263 ani-

536 2309 701 2349 mum
760 2292 1112 2366 appulerunt
1162 2296 1447 2365 episcopus
1490 2295 2067 2366 Quinquecclesiensis,
2120 2301 2178 2353 et

535 2383 798 2454 Georgius
826 2381 1213 2454 Mosehampar,
1246 2382 1347 2454 qui
1378 2386 1633 2439 cesserat
1660 2384 1851 2440 ofﬁcio
1879 2386 2171 2441 excharto—

524 2471 812 2544 phylacis,
846 2471 1203 2543 quibusdam
1234 2471 1675 2527 ottensiunculis
1718 2473 1844 2544 jam
1876 2489 1910 2528 a
1965 2474 2174 2547 Cyprio

532 2576 794 2617 aversus.
829 2559 1234 2615 Accusationes
1262 2558 1320 2614 in
1359 2559 1527 2616 Tomi
1557 2559 1902 2627 doctrinam,
1931 2580 1964 2616 a
1994 2563 2173 2619 Becco

528 2648 820 2721 expositae,
853 2648 1254 2720 praetermissae
1277 2653 1436 2714 sunt,
1469 2664 1541 2703 nc
1573 2665 1706 2704 cum
1742 2650 1921 2705 Becco
1955 2652 2175 2708 sentire

529 2737 882 2794 viderentur.
916 2736 1105 2793 Aliam
1137 2738 1317 2809 igitur
1368 2737 1516 2792 inire
1565 2738 1717 2793 viam
1773 2740 2175 2812 excogitarunt

533 2826 919 2900 impugnandi
1002 2826 1189 2893 Tomi,
1256 2842 1433 2898 quam
1518 2827 1692 2883 refert
1767 2828 2171 2901 Pachymeres,

533 2916 726 2985 capite
779 2917 814 2971 3
863 2933 876 2972 :
938 2937 967 2966 ‹‹
999 2915 1313 2987 Culpantes
1349 2914 1638 2984 videlicet,
1674 2918 1826 2988 quod
1885 2935 2019 2974 cum
2066 2937 2174 2975 vox

532 2998 835 3080 προϐολεὺς
860 3004 1169 3077 productor,
1187 3004 1419 3078 preprie
1440 3011 1824 3077 usurparetur
1842 3023 1876 3061 a
1904 3007 2175 3065 Patribus

533 3095 605 3150 ad
638 3093 1089 3167 signiﬁcandum
1117 3094 1451 3165 principium
1497 3096 1734 3149 activum
1762 3091 1955 3162 a'l'ttov,
1989 3097 2172 3169 Spiri-

530 3187 629 3238 tus
659 3183 866 3250 sancti,
899 3183 1052 3239 sicut
1079 3200 1188 3238 vox
1216 3182 1437 3239 Genitor
1473 3184 1544 3239 ab
1590 3184 1800 3241 iisdem
1868 3187 2176 3244 adhibetur

533 3272 607 3328 ad
631 3271 1057 3344 designaudum
1117 3270 1469 3343 principium
1529 3273 1806 3340 activum,
1859 3274 1983 3327 ι’ἱοῦ
2036 3278 2167 3332 uni-

2284 2028 2542 2099 itemque
2600 2027 2926 2097 Apologiam
2957 2042 3057 2096 pro
3107 2028 3281 2095 Tomo,
3331 2043 3398 2084 ac
3426 2028 3602 2084 etiam
3629 2028 3914 2100 Epistulam

2284 2114 2353 2170 ad
2382 2117 2765 2187 imperatorem
2812 2115 3218 2184 Andronicum;
3250 2133 3378 2189 quae
3418 2116 3613 2172 Graece
3634 2116 3793 2172 edite:
3821 2133 3914 2172 ex-

2284 2208 2445 2260 stant
2492 2204 2645 2275 apud
2705 2203 3062 2260 Bandurium
3128 2204 3256 2260 loco
3292 2205 3487 2261 citato.
3522 2210 3659 2261 Post
3687 2206 3912 2262 abdica-

2286 2309 2417 2348 nem
2450 2291 2878 2364 patriarchatus
2909 2310 2944 2347 a
2970 2294 3244 2365 Gregorio
3275 2293 3509 2361 factam,
3568 2310 3739 2366 quam
3770 2294 3919 2349 inse-

2284 2381 2483 2454 quenti
2514 2381 2703 2453 capite
2731 2382 3159 2451 enarrabimus,
3227 2383 3390 2438 irrito
3410 2388 3621 2438 conatu
3656 2384 3796 2438 Tomi
3840 2384 3913 2438 ab

2282 2487 2348 2526 eo
2379 2469 2620 2526 confecti
2646 2471 2924 2525 correctio
2953 2474 3176 2526 tentata
3196 2470 3466 2527 est.Hanc
3496 2471 3555 2526 in
3586 2488 3709 2528 rem
3738 2474 3918 2527 cretus

2282 2560 2479 2633 plures
2508 2563 2758 2624 coactos,
2781 2560 2955 2615 refert
2984 2559 3388 2632 Pachymeres,
3440 2560 3627 2632 capite
3687 2562 3769 2631 11,
3815 2561 3917 2615 sed

2280 2649 2554 2705 continuis
2582 2648 2797 2703 dierum
2824 2649 3126 2703 multorum
3154 2650 3627 2717 altercationibus,
3673 2650 3733 2704 in
3784 2649 3915 2704 nul-

2282 2738 2400 2792 lum
2427 2737 2708 2792 concordis
2735 2737 2807 2792 de
2838 2738 3008 2792 istius
3034 2737 3230 2808 scripti
3258 2740 3589 2793 correctione
3642 2739 3917 2794 sententiae

2281 2826 2655 2882 desinentibus
2735 2825 2919 2894 ﬁnem,
2966 2825 3187 2881 tandem
3259 2828 3567 2882 convenisse
3606 2842 3808 2898 omnes,
3854 2835 3922 2883 ut

2282 2916 2507 2971 omnino
2529 2914 2813 2971 tolleretur
2840 2917 3120 2971 enarratio
3143 2915 3250 2970 loci
3277 2916 3598 2971 Damasceni
3613 2933 3636 2978 ;
3679 2924 3921 2988 praesta-

2284 3005 2451 3059 bilius
2470 3002 2723 3058 ducentes
2750 3004 3121 3074 inezpositum
3162 3002 3415 3075 relinqui
3468 3004 3617 3061 Ἰθῦ
3678 3005 3926 3060 testimo-

2280 3093 2437 3147 nium
2456 3092 2620 3159 illud,
2653 3108 2818 3163 quam
2846 3108 2909 3148 eo
2937 3091 3250 3164 exponendo
3281 3093 3486 3149 adduci
3505 3094 3564 3147 in
3591 3093 3922 3163 periculum,

2282 3181 2409 3253 Ipse
2437 3197 2569 3237 vero
2599 3180 2912 3252 Gregorius
2942 3198 3047 3236 sua
3085 3180 3145 3236 in
3206 3182 3483 3253 Apologia,
3544 3197 3750 3237 novam
3790 3199 3931 3252 quo-

2282 3269 2553 3325 rumdam
2583 3269 2902 3325 insectatus
2932 3273 3021 3325 est
3049 3269 3719 3342 interpretationem,qui
3751 3270 3811 3325 in
3856 3287 3930 3327 eo

538 3359 718 3433 geniti
758 3328 985 3427 Verbi;
1042 3328 1237 3414 tamen
1271 3328 1521 3432 scriptor
1549 3362 1738 3433 Tomi,
1768 3328 1925 3420 vocis
1957 3328 2171 3439 «9364-
2203 3328 2246 3394 Ο
2286 3358 2627 3414 Damasceni
2646 3358 2821 3428 dicto,
2851 3328 3247 3429 Manifestantis
3273 3358 3512 3430 Spiritus
3539 3328 3655 3430 per;
3686 3360 3929 3415 Verbum

541 3446 665 3509 λεὺς
698 3448 1094 3521 signiﬁcatum
1122 3447 1417 3505 retulisset
1445 3450 1516 3504 ad
1548 3452 1857 3522 simplicem
1893 3454 2172 3525 explenda-

533 3539 817 3608 scentiam,
841 3553 955 3592 non
993 3538 1340 3593 l04autem
1372 3538 1443 3593 ad
1474 3542 1875 3597 emanatin
1919 3543 2174 3615 Spiritus

536 3626 720 3682 sancti
749 3642 780 3681 e
808 3642 943 3681 vero
975 3625 1258 3698 principio
1290 3627 1494 3682 activo.
1528 3628 1712 3691 Quam
1738 3631 2167 3688 emanationem

532 3714 811 3772 vocabulo
832 3716 1195 3786 processionis
1225 3715 1575 3788 exprimens,
1603 3720 1660 3772 et
1680 3721 2075 3788 processionem
2101 3723 2172 3777 ab

532 3803 1000 3874 explendescentia
1030 3802 1421 3876 distinguens,
1447 3804 1604 3860 haud
1658 3806 1834 3862 dubie
1889 3809 2174 3865 adimeret

534 3892 659 3948 voci
687 3892 980 3961 productor
1018 3892 1312 3949 notionem
1343 3893 1455 3966 ipsi
1485 3893 1766 3950 tributam
1814 3912 1848 3951 a
1876 3897 2171 3966 Patribus,

531 3982 893 4038 emanationis
945 3983 1152 4037 scilicet
1199 3987 1264 4036 ut
1318 3998 1349 4037 e
1406 3982 1959 4055 principio:activo;
2016 3988 2169 4059 quod

530 4069 679 4125 nihil
709 4070 906 4125 minus
936 4082 1064 4126 esse
1093 4069 1539 4140 contendebant,
1572 4088 1750 4143 quam
1792 4073 2171 4131 defectionem

535 4175 569 4214 a
597 4159 711 4216 ﬁde
741 4157 1034 4215 catholicas
1063 4159 1361 4229 doctrinas,
1394 4180 1422 4209 ››

604 4247 735 4303 Haec
774 4251 840 4303 ut
867 4247 1105 4303 haeresis
1134 4247 1340 4320 Cyprio
1369 4247 1745 4317 tribueretur,
1779 4267 1982 4308 ansam
2013 4253 2176 4309 dedit

531 4336 766 4394 libellus
794 4336 1103 4407 cujusdam
1133 4335 1310 4391 Marci
1342 4337 1635 4408 monachi,
1670 4338 1728 4392 in
1752 4355 1866 4410 quo
1897 4342 2171 4397 tradeba-

533 4429 652 4492 tur,
690 4430 751 4481 ut
780 4425 861 4481 ait
891 4424 1289 4497 Pacbymeres.
1317 4425 1507 4496 capite
1538 4427 1764 4496 4,etiam
1791 4429 2175 4501 clariusquam

533 4516 595 4570 in
624 4523 763 4570 tome
791 4514 1141 4585 parriarcha'e,
1174 4512 1515 4569 damnabilis
1561 4515 1662 4570 illa
1691 4519 1962 4574 restrictio
1991 4521 2172 4575 notio-

531 4606 621 4659 nis
651 4606 711 4659 in
738 4618 879 4671 voce,
907 4602 1239 4675 productor;
1269 4619 1376 4673 qua
1400 4603 1667 4675 principii
1690 4607 1859 4661 activi
1883 4607 2172 4678 signiﬁca-

2276 3447 2572 3519 productor
2617 3449 2802 3514 Pater,
2858 3448 3033 3503 verba
3087 3447 3187 3503 illa
3236 3445 3327 3500 σὺν
3400 3445 3594 3521 Λόγου,
3653 3443 3724 3500 δι’
3770 3447 3927 3515 Υἱοῦ,

2276 3552 2376 3608 per
2436 3537 2666 3592 Verbum
2715 3552 2818 3608 per
2866 3538 3069 3591 Filium
3118 3536 3202 3592 ita
3231 3536 3620 3609 accipiebant,
3647 3552 3714 3593 ac
3744 3535 3794 3592 si
3825 3554 3934 3609 pe-

2280 3625 2446 3679 rinde
2503 3625 2667 3695 foret,
2723 3640 2788 3679 ac
2820 3622 2910 3676 σὺν
2937 3627 3017 3694 τῷ
3050 3623 3231 3697 Λόγω,
3262 3641 3388 3680 cum
3434 3624 3616 3694 Verbo,
3644 3622 3777 3696 μετὰ
3826 3630 3935 3679 τοῦ

2280 3713 2430 3779 Υἱοῦ,
2460 3730 2585 3768 cum
2630 3714 2796 3781 Filio,
2827 3708 2939 3784 ἅμα
2966 3716 3044 3783 τῷ
3073 3712 3199 3783 Υίῷ,
3231 3730 3345 3769 una
3417 3729 3541 3769 cum
3604 3714 3766 3770 Filio.
3827 3714 3936 3769 Ni-

2280 3802 2498 3858 mirum
2521 3807 2726 3874 praeter
2754 3802 2915 3857 Becci
2945 3801 3383 3874 expositionem,
3416 3819 3543 3873 quae
3588 3802 3931 3860 Latinorum

2279 3892 2492 3964 dogma
2542 3891 2727 3955 oﬁ'ert,
2768 3890 2882 3946 alia
2928 3890 3209 3946 sincerior
3237 3889 3398 3945 nulla
3428 3891 3756 3946 occurebat.
3792 3891 3932 3948 Haec

2278 3981 2481 4036 eadem
2534 3979 2844 4052 diligenter
2909 3980 3184 4035 adnotata
3212 3978 3451 4035 consule
3479 3978 3634 4051 apud
3685 3978 3933 4035 Bandu-

2279 4070 2455 4136 rium,
2489 4067 2590 4141 qui
2623 4084 2684 4124 se
2704 4085 2737 4123 a
2766 4067 3043 4125 Michaele
3073 4066 3364 4140 Lequieno
3394 4067 3664 4123 edoctum
3715 4067 3935 4140 fuisse,

2280 4158 2526 4214 candide
2557 4158 2793 4213 fatetur.

2349 4251 2417 4302 ν.
2477 4245 2855 4318 Diligentiore
2913 4262 3053 4302 cura
3103 4245 3354 4319 insignis
3382 4244 3549 4301 locus
3577 4243 3676 4300 ille
3705 4248 3935 4301 Dama-

2280 4335 2439 4392 sceni
2469 4334 2854 4390 illustrandus
2883 4339 2991 4403 est,
3025 4350 3201 4407 quem
3234 4338 3407 4390 Becco
3437 4332 3784 4407 opposuisse
3819 4334 3935 4389 ad-

2278 4424 2586 4489 versarios,
2663 4424 3037 4479 adnotantem
3101 4422 3510 4496 Pacbymerem
3561 4421 3937 4494 audivimus,

2280 4531 2444 4569 num.
2504 4514 2555 4567 1.
2612 4512 2847 4584 Legitur
2900 4528 3033 4568 vero
3077 4511 3225 4567 libro
3276 4530 3295 4567 1
3347 4513 3417 4567 De
3462 4510 3939 4581 ﬁdeorthodoxa,

2280 4603 2467 4675 capite
2493 4604 2547 4668 8,
2606 4602 2665 4656 in
2725 4602 2876 4657 fine:
2909 4624 2938 4652 «
2987 4600 3141 4656 Scire
3170 4616 3357 4673 operte
3385 4601 3636 4672 pretium
3668 4604 3780 4666 est,
3816 4616 3939 4657 nos

534 4700 620 4747 tus
667 4695 857 4747 contra
914 4694 1267 4763 manifestam
1322 4693 1548 4747 Patrum
1597 4695 1973 4749 auctoritatem
2008 4696 2075 4750 ab
2103 4712 2171 4752 ea
2198 4697 2245 4763 D
2277 4691 2502 4746 Patrem
2533 4707 2602 4745 ea:
2620 4692 2804 4761 aliqua
2833 4705 2948 4746 esse
2977 4707 3091 4745 non
3134 4690 3347 4759 dicere,
3382 4690 3483 4745 sed
3542 4690 3739 4760 ipsum
3791 4690 3953 4745 Filii

528 4779 858 4835 excluditur.
913 4779 1072 4853 Opus
1130 4779 1310 4850 istud,
1374 4784 1438 4834 ut
1494 4779 1899 4837 elucubratum
1956 4783 2163 4853 fuerat,

531 4867 791 4924 oblatum
822 4869 1095 4941 Gregorio
1126 4867 1466 4940 patriarcha
1508 4868 1653 4923 fuit:
1684 4872 1796 4941 Qui
1818 4888 2164 4943 percurrens,

530 4959 593 5011 ut
644 4964 870 5013 cetera:
923 4957 1129 5014 solebat
1191 4956 1451 5029 discipuli
1500 4959 1963 5027 scriptiuncutas:
2013 4977 2166 5033 quae-

531 5045 659 5101 dam
716 5047 776 5100 in
805 5047 908 5100 hac
950 5061 1157 5118 quoque
1192 5047 1303 5101 sibi
1344 5049 1528 5103 minus
1552 5047 1806 5118 probata,
1831 5066 2001 5105 manu
2033 5067 2170 5122 pro-

524 5135 657 5205 pria
712 5136 966 5190 correxit.
1023 5143 1074 5190 et
1126 5136 1205 5190 sic
1233 5135 1572 5190 emendatam
1599 5135 1856 5207 reddidit,
1886 5138 2029 5193 Hinc
2060 5139 2169 5194 im-

533 5223 668 5296 pius
715 5239 893 5294 error,
951 5240 1016 5278 eo
1073 5222 1134 5277 in
1198 5228 1367 5280 Marci
1422 5240 1594 5297 opere
1652 5232 1937 5298 repertus,
1992 5228 2167 5283 etiam

530 5312 803 5385 Gregorio
834 5311 1250 5367 ascribebatur.

604 5401 692 5459 IV.
725 5401 872 5456 Hinc
901 5398 1125 5457 stimuli
1182 5401 1545 5457 addebantur
1574 5403 1937 5475 patriarchas,
1961 5408 2027 5459 ut
2055 5407 2171 5476 ipse

528 5492 851 5560 corrigeret,
910 5489 1051 5560 quod
1105 5490 1165 5543 in
1213 5492 1376 5545 Tomo
1428 5508 1522 5546 suo
1552 5493 1835 5548 emendari
1852 5508 1983 5565 Opus
2010 5501 2165 5549 esset.

529 5578 686 5635 Nihil
718 5595 845 5634 esse
875 5578 934 5632 in
966 5578 1148 5633 Tomo
1177 5576 1463 5644 vitiatum,
1490 5581 1642 5650 quod
1674 5581 1919 5653 spongia
1943 5581 2167 5653 indige-

530 5680 640 5737 ret,
698 5667 991 5739 praefracte
1044 5665 1432 5722 contendebat
1502 5666 1621 5723 ille.
1681 5669 1930 5725 Domum
1987 5668 2167 5725 istum

533 5757 766 5827 exhibet
793 5756 973 5814 codex
999 5754 1467 5815 Viudobonensis
1494 5755 1618 5830 249,
1651 5773 1813 5815 num.
1844 5757 1898 5831 3,
1939 5774 1973 5815 a
1996 5756 2169 5818 Lam-

2272 4783 2483 4853 patrem
2531 4779 2914 4853 appellamus.
2968 4778 3179 4834 Filium
3236 4778 3375 4834 item
3414 4794 3513 4834 nec
3539 4794 3791 4845 causam,
3826 4795 3955 4834 nec

2276 4873 2505 4924 Patrem
2537 4869 2809 4935 dicimus,
2842 4884 3043 4924 verum
3082 4868 3297 4941 potius,
3332 4883 3466 4923 eum
3497 4883 3567 4923 ex
3593 4870 3764 4923 Patre
3794 4882 3952 4935 esse,

2277 4974 2344 5015 ac
2371 4960 2562 5015 Patris
2609 4959 2813 5014 Filium
2867 4973 2997 5013 esse.
3049 4958 3292 5029 Denique
3345 4956 3612 5028 Spiritum
3666 4959 3951 5011 sanetum

2276 5065 2346 5104 ex
2373 5050 2540 5104 Patre
2593 5064 2723 5115 esse,
2780 5050 2832 5102 et
2870 5048 3055 5103 Patris
3109 5046 3376 5118 Spiritum
3415 5045 3841 5101 nominamus:
3881 5049 3963 5101 at

2276 5154 2409 5192 vero
2435 5153 2569 5192 eum
2601 5136 2830 5191 ethlio
2860 5151 2971 5191 esse
3027 5151 3143 5190 non
3200 5135 3474 5201 dicimus,
3531 5134 3669 5189 Filii
3718 5137 3947 5189 tamen

2277 5224 2551 5299 Spiritum
2569 5223 3143 5290 vocitamus....Quin
3165 5228 3374 5279 etcum
3405 5222 3559 5279 nobis
3574 5238 3673 5293 per
3699 5221 3952 5278 Filium

2279 5314 2652 5370 manifestum
2709 5328 2858 5378 esse,
2918 5317 2975 5368 et
3038 5311 3324 5384 impertiri
3372 5311 3788 5383 proﬁtemur...
3824 5309 3968 5365 Pe-

2277 5403 2444 5458 rinde
2474 5407 2539 5457 ut
2566 5419 2635 5457 ex
2665 5401 2786 5457 sole
2808 5401 3043 5474 quidem
3073 5408 3163 5457 est
3182 5416 3317 5456 cum
3341 5400 3694 5468 radius,tum
3728 5396 3961 5470 splen-

2278 5491 2419 5558 dor;
2452 5490 2577 5562 ipse
2598 5490 2753 5546 enim
2786 5489 2916 5545 fons
2947 5494 3036 5545 est
3079 5488 3244 5557 radii,
3306 5493 3363 5545 et
3418 5486 3795 5560 splendoris:
3831 5503 3971 5558 per

2277 5579 2505 5634 radium
2554 5583 2751 5635 autem
2808 5577 2976 5632 nobis
3032 5578 3309 5648 splendor
3365 5575 3874 5640 communicatur,
3924 5598 3969 5627 »δ

2276 5668 2486 5724 Eodem
2517 5667 2781 5740 exemplo
2812 5671 3033 5723 veteres
3075 5670 3295 5734 Patres,
3329 5681 3396 5721 ac
3450 5664 3743 5721 Joannem
3794 5663 3975 5720 Beo-

2276 5773 2432 5835 cum,
2464 5757 2728 5835 aliosque
2755 5756 2815 5814 in
2853 5754 3138 5815 catholico
3190 5756 3466 5830 dogmate
3522 5752 3741 5826 socios,
3776 5768 3967 5816 usos
