4094 6476
274 62 675 93 I—I-u‘v"

216 503 320 567 ιιι

1438 502 1650 568 VITA.
1681 534 1759 550 --—
1788 500 2312 567 DISSERTATIO
2357 501 2406 565 Ῑ.

3508 498 3624 560 M4

220 651 361 703 esse,
387 640 451 692 nt
482 633 777 708 Spiritum
809 639 1094 693 sanctum
1125 636 1598 693 substantialiter
1648 652 1713 692 ac
1753 636 1856 707 hy-

1973 635 2085 690 Sed
2115 635 2319 690 eadem
2367 634 2544 690 etiam
2575 648 2732 702 voce,
2762 636 2864 701 τῆς
2912 627 3087 694 αἰτίας
3124 636 3621 706 προκαταρκτικῆς,

224 724 483 798 postatice
509 741 541 779 a
567 723 745 780 Patre
801 740 911 797 per
940 723 1179 792 Filium,
1207 726 1296 781 vel
1326 743 1360 781 a
1392 726 1553 781 Patre
1601 724 1864 797 Filioque

222 814 509 886 procedere
531 813 1081 885 ostenderentjam
1100 813 1467 885 frequentius
1497 814 1862 869 adnotatum.

224 903 320 959 Sed
349 901 488 958 illud
522 901 707 957 etiam
744 902 1093 974 exemplum
1140 902 1480 958 adhibuisse
1510 904 1733 958 Graecos
1763 902 1864 958 ad-

220 996 514 1052 versantes,
544 990 812 1045 dubium
861 990 1098 1046 nullum
1131 1007 1143 1045 :
1179 991 1496 1063 ipsumque
1525 1007 1729 1046 eorum
1761 1007 1862 1046 no-

216 1080 353 1136 mine
378 1084 621 1135 sanctus
642 1078 922 1135 Thomas
944 1080 1188 1151 opponit
1207 1081 1484 1151 quaestJO
1506 1081 1579 1137 De
1593 1082 1862 1151 potentia,

212 1174 307 1225 art.
339 1170 392 1235 αἱ,
422 1184 599 1225 num.
659 1170 739 1221 22
775 1185 790 1223 :
826 1170 1004 1224 Filius
1029 1176 1109 1224 est
1133 1170 1326 1224 radius
1370 1170 1590 1238 Patris;
1625 1169 1865 1241 Spiritus

204 1262 367 1313 autem
412 1266 641 1313 sanctus
669 1262 758 1312 est
803 1258 1086 1329 splendor.
1120 1258 1384 1329 Splendor
1410 1261 1598 1314 autem
1624 1274 1730 1313 non
1784 1267 1864 1315 est

199 1365 230 1401 α
252 1347 407 1403 radio
426 1366 447 1402 :
478 1364 613 1418 ergo
662 1362 772 1402 nec
803 1347 1050 1418 Spiritus
1092 1357 1311 1403 sanctus
1340 1366 1374 1403 a
1402 1349 1561 1403 Filio.
1612 1347 1862 1403 Solutio-

189 1453 307 1492 nem
356 1436 560 1508 accipe
593 1438 675 1491 ad
728 1438 808 1491 22
842 1454 856 1490 :
890 1437 1208 1501 Dicendum,
1256 1435 1396 1508 quod
1432 1436 1691 1508 splendor
1718 1445 1796 1492 est
1821 1454 1862 1493 a

188 1525 341 1581 radio
358 1545 383 1589 ;
410 1542 543 1579 cum
574 1525 739 1580 nihil
796 1523 962 1580 aliud
990 1526 1080 1594 sit,
1111 1541 1274 1597 quam
1310 1527 1677 1581 reverberatio
1706 1526 1863 1581 radii

192 1614 251 1668 ad
291 1630 487 1685 corpus
538 1615 798 1670 clarum.
850 1618 1054 1686 Itaque
1115 1614 1368 1686 splendor
1417 1632 1532 1670 non
1582 1615 1774 1670 solum
1825 1632 1860 1669 a

190 1703 334 1758 radio
366 1703 583 1773 habet,
621 1702 791 1775 quod
828 1702 1001 1759 nobis
1032 1705 1496 1759 communicatur
1527 1722 1540 1759 :
1573 1703 1675 1759 sed
1708 1721 1741 1758 a
1769 1720 1859 1759 ra-

191 1790 269 1847 dio
293 1791 478 1847 habet
510 1792 573 1847 id
625 1808 898 1863 quoque,
933 1792 1085 1863 quod
1119 1797 1226 1848 est.
1261 1792 1549 1856 Quoniam
1597 1807 1731 1847 vero
1763 1810 1855 1848 ra-

189 1879 256 1934 dii
279 1881 497 1947 virtus,
533 1897 665 1952 qua
696 1878 986 1952 splendor
1036 1878 1306 1947 efﬁcitur,
1342 1897 1374 1935 a
1403 1880 1524 1936 sole
1555 1881 1852 1952 provenit;

1972 723 2190 779 Beccus
2238 722 2454 794 aliique
2502 722 2686 779 Graeci
2714 721 2805 777 usi
2837 726 2999 788 sunt,
3032 721 3183 777 facta
3230 720 3416 795 Patris
3456 737 3620 777 com-

1972 812 2273 884 paratione
2320 813 2392 867 ad
2432 811 2716 884 Spiritum
2766 814 3034 866 sanctum
3071 827 3084 866 :
3118 814 3183 866 ut
3209 808 3268 864 id
3318 809 3621 882 signiﬁca-

1974 905 2103 956 rent
2132 917 2340 969 unum,
2366 902 2592 956 Patrem
2625 916 2754 955 esse
2785 899 3071 971 originem
3101 916 3168 955 ac
3193 898 3475 968 fontem,a
3503 916 3617 972 quo

1974 1006 2103 1045 esse
2133 1006 2304 1045 omne
2336 988 2573 1061 proﬂuit
2602 994 2723 1044 tam
2754 989 3281 1060 increatum,quam
3316 993 3577 1045 creatum
3602 1005 3614 1044 :

1974 1094 2040 1134 ac
2071 1077 2277 1134 Filium
2321 1078 2536 1135 habere
2567 1095 2601 1134 a
2630 1078 2822 1145 Patre,
2854 1082 2918 1132 ut
2946 1077 3129 1149 spiret
3174 1076 3456 1149 Spiritum
3483 1092 3618 1134 san-

1974 1170 2154 1222 ctum.

2043 1256 2297 1333 Mentem
2345 1272 2514 1312 suam
2560 1254 2868 1328 perspicue
2929 1260 3321 1311 Damascenus
3368 1252 3620 1311 declarat

1970 1342 2096 1399 loco
2128 1345 2301 1401 citato
2336 1362 2348 1399 :
2385 1347 2550 1400 Pater
2576 1360 2732 1400 mens
2786 1350 2886 1415 est,
2917 1344 3158 1400 rationis
3185 1344 3428 1417 abyssus,
3466 1344 3620 1400 Verbi

1969 1435 2201 1503 genitor,
2264 1450 2328 1488 ac
2404 1450 2500 1505 per
2559 1434 2786 1490 Verbum
2858 1426 3164 1507 προϐολεὺς
3232 1431 3618 1509 ἐκφαντορικοῢ

1969 1519 2307 1593 ΙΙνεύματος,
2338 1524 2755 1595 manifestantis
2804 1523 3044 1594 Spiritus
3085 1520 3400 1594 productor.
3436 1521 3617 1578 Filius

1969 1615 2059 1667 est
2102 1614 2339 1683 perfecta
2368 1628 2606 1683 persona
2648 1628 2717 1668 ea:
2766 1614 3008 1683 perfecta
3055 1627 3315 1683 persona,
3357 1611 3617 1682 quomodo

1968 1701 2083 1770 ipse
2126 1703 2298 1768 novit,
2341 1700 2651 1772 diciturque
2698 1701 2890 1757 Filius.
2939 1701 3014 1757 Ac
3054 1709 3330 1773 postremo
3375 1701 3617 1773 Spiritus

1963 1797 2206 1857 sanctus,
2237 1791 2426 1845 Patris
2470 1792 2716 1861 potentia
2745 1796 2800 1846 et
2857 1791 3170 1845 divinitatis
3218 1790 3494 1846 recondita
3521 1790 3617 1845 de-

1962 1878 2204 1945 clarans,
2275 1875 2636 1954 ἑκφαντορικὴ
2715 1881 2813 1931 τοῦ
2890 1876 3118 1955 κρυφίου
3187 1884 3288 1946 τῆς
3362 1877 3617 1946 θεότητος

182 1967 301 2024 ideo
353 1973 417 2025 et
476 1968 803 2041 splendor,
835 1976 889 2023 et
953 1966 1150 2023 radius
1210 1985 1244 2023 a
1297 1968 1439 2034 sole,
1479 1973 1762 2041 tanquam
1821 1987 1854 2025 a

1969 1961 2213 2038 δύναμις,
2252 1983 2322 2022 ea:
2371 1972 2534 2023 Patre
2575 1983 2677 2038 per
2722 1968 2951 2035 Filium
2975 1967 3269 2039 procedens
3299 1965 3357 2021 ἐκ
3404 1967 3615 2042 ΙΙατρὸς

184 2059 441 2130 principe
489 2074 566 2113 ac
618 2057 917 2130 primaria
980 2073 1177 2127 causa,
1227 2057 1513 2128 proﬁcisci
1562 2057 1854 2113 dicuntur.

184 2146 419 2203 Ratione
478 2146 621 2219 pari
657 2147 713 2201 si
764 2161 860 2201 res
889 2145 1116 2200 divinas
1147 2145 1381 2201 modulo
1411 2150 1610 2202 nostro
1662 2147 1858 2203 metiri

180 2233 356 2305 liceat,
406 2234 694 2308 Spiritus
742 2238 1011 2300 sanctus,
1060 2235 1297 2289 tametsi
1329 2251 1362 2289 a
1393 2233 1535 2290 Filio
1583 2236 1860 2311 procedat

184 2325 433 2397 spirante
465 2326 712 2397 ipsum,
746 2320 1026 2395 peculiari
1058 2327 1256 2379 tamen
1289 2323 1510 2379 ratione
1550 2325 1858 2395 procedere

184 2414 387 2469 dicitur
440 2431 479 2469 a
509 2418 725 2479 Patre,
758 2411 900 2483 quia
931 2428 964 2467 a
1012 2411 1181 2467 Patre
1228 2412 1498 2467 virtutem
1550 2412 1726 2468 habet
1775 2414 1859 2467 Fi-

180 2500 306 2569 lius,
345 2520 474 2575 qua
524 2502 731 2574 spirat
780 2500 1067 2572 Spiritum
1121 2505 1409 2556 sanctum.
1443 2500 1589 2556 Hinc
1635 2501 1859 2557 ratione

186 2592 391 2664 duplici
440 2589 755 2647 catholico
787 2590 944 2644 ιθθ
972 2588 1088 2644 dici
1118 2605 1295 2645 sensu
1328 2593 1541 2662 potest,
1572 2590 1856 2662 Spiritum

182 2688 448 2737 sanctum
496 2696 622 2735 non
653 2695 772 2735 esse
818 2695 887 2735 ex
915 2679 1058 2734 Filio
1089 2699 1108 2734 :
1141 2695 1206 2735 ac
1246 2678 1435 2751 primo
1466 2697 1581 2735 non
1633 2696 1759 2736 esse
1790 2696 1859 2736 ex

185 2768 292 2837 illo,
340 2775 653 2842 tanquam
691 2785 729 2823 a
759 2784 959 2833 causa,
995 2784 1124 2841 quae
1170 2768 1349 2824 habet
1389 2786 1422 2824 a
1468 2784 1531 2824 se
1577 2768 1855 2824 virtutem

182 2859 443 2931 spirandi
481 2875 499 2913 :
537 2858 766 2914 deinde
796 2874 915 2912 non
945 2872 1074 2913 esse
1104 2873 1172 2912 ex
1200 2856 1320 2925 illo,
1341 2862 1623 2929 tanquam
1656 2876 1690 2913 a
1718 2874 1856 2913 cau-

186 2964 264 3013 sa,
290 2952 396 3003 aut
446 2962 789 3011 concausa,
831 2945 1116 3001 distincta
1145 2960 1179 2999 a
1210 2946 1393 3001 Patre.
1427 2948 1627 3017 Itaque
1675 2946 1858 3018 Spiri-

184 3041 274 3091 ms
320 3041 586 3092 sanctus
617 3050 744 3089 non
790 3033 984 3089 solum
1034 3035 1328 3105 temporali
1362 3036 1621 3091 missione
1650 3052 1684 3090 a
1715 3034 1857 3091 Filio

187 3132 239 3179 et
276 3141 383 3196 per
433 3124 665 3179 Filium
721 3122 1155 3190 manifestatur,
1207 3123 1576 3196 donaturque
1623 3124 1794 3180 nobis
1840 3143 1853 3180 :

182 3229 379 3271 verum
411 3213 603 3269 etiam
635 3221 876 3282 aeterna,
911 3228 975 3266 ac
1020 3211 1382 3269 substantiali
1421 3214 1731 3277 emissione,
1765 3224 1866 3271 aut

180 3305 522 3372 pmoessione
577 3319 614 3357 a
660 3299 835 3356 Patre
881 3305 972 3356 est
1016 3299 1296 3373 Filioque,
1345 3306 1445 3357 aut
1474 3319 1508 3357 a
1543 3302 1709 3358 Patre
1752 3318 1857 3375 per

254 3480 361 3535 Cur
408 3496 558 3537 vero
606 3483 1017 3535 Damascenus
1065 3495 1245 3534 unam
1292 3477 1421 3534 Filii
1479 3479 1854 3535 efﬁcientiam

184 3569 435 3639 proterat
495 3568 564 3623 in
629 3566 945 3639 temporali
1002 3567 1191 3622 sancti
1250 3565 1506 3639 Spiritus
1555 3567 1855 3636 missione,

190 3673 359 3714 nam
386 3673 495 3729 per
523 3656 755 3713 Filium
786 3671 1124 3711 memorans
1170 3657 1671 3726 mani/estationem
1699 3656 1748 3727 ej
1761 3673 1857 3712 us-

194 3744 314 3801 (hm
342 3763 411 3802 ac
460 3747 772 3803 donorum
815 3744 1301 3799 concessionem?
1331 3745 1454 3800 lmo
1501 3761 1637 3800 cum
1683 3745 1856 3816 Spiri-

196 3838 303 3887 tus
327 3836 461 3890 Filii
483 3836 793 3908 proprium
823 3831 1100 3905 appellat,
1129 3832 1272 3888 satis
1303 3832 1526 3888 indicat
1573 3838 1856 3890 aeternam

196 3922 475 3994 originem
509 3922 650 3993 ejus
680 3936 753 3975 ex
782 3919 924 3976 Filio
955 3920 1147 3992 quoad
1178 3922 1700 3977 exstantiam.Cum
1725 3937 1856 3977 vero

198 4010 628 4082 expressionem
678 4009 947 4080 ejusdem
987 4008 1242 4081 Spiritus
1294 4008 1463 4065 nobis
1493 4026 1595 4081 per
1642 4009 1855 4066 Filium

199 4100 554 4156 manifestati
610 4097 971 4154 mentionem
1025 4098 1259 4171 ingerit,
1290 4102 1744 4169 procatarcticam
1790 4116 1856 4155 ac

198 4189 617 4253 mrdialem
676 4186 841 4242 illam
898 4187 1174 4243 virtutem
1232 4188 1554 4260 spectabat,
1615 4204 1740 4260 quae
1794 4188 1855 4243 in

198 4278 470 4347 iper-ibus
529 4276 607 4331 ad
666 4280 831 4331 extra
901 4275 1182 4348 peculiari
1242 4277 1415 4333 modo
1472 4277 1651 4332 tribui
1710 4276 1854 4333 Filio

194 4366 355 4422 celet.
416 4365 543 4421 Hac
605 4365 681 4420 de
728 4380 792 4419 re
836 4364 963 4437 ipse
1013 4369 1410 4422 Damascenus
1459 4365 1581 4438 agit
1639 4364 1853 4423 ibidem

196 4454 377 4526 capite
428 4455 499 4509 12
527 4453 592 4509 in
647 4452 795 4507 Edit.
846 4452 1124 4524 Lequieni
1157 4454 1265 4509 sub
1313 4453 1483 4510 titulo
1529 4455 1605 4510 De
1650 4454 1855 4510 divinis

193 4544 539 4598 mnibus.
574 4540 675 4598 Ait
703 4540 862 4597 enim
897 4560 910 4597 :
941 4543 1019 4597 Ne
1045 4543 1220 4597 multa
1249 4543 1451 4613 dicam,
1484 4559 1595 4598 non
1635 4546 1711 4599 est
1739 4544 1854 4599 alia

190 4634 346 4687 Patri
402 4633 576 4697 ratio,
632 4631 933 4701 sapientia,
988 4633 1257 4702 potentia,
1338 4632 1594 4688 voluntas
1648 4640 1854 4702 praeter

1971 2053 2065 2126 μὲν
2119 2052 2187 2108 δι’
2242 2055 2368 2108 1⁸⁸ιοῦ
2429 2053 2854 2130 ἐκπορευομένη.
2904 2097 2916 2110 .
2970 2098 2984 2112 .
3043 2073 3145 2127 quo
3198 2057 3260 2127 ﬁt
3313 2058 3499 2128 etiam,
3558 2062 3620 2112 ut

1966 2143 2205 2215 Spiritus
2254 2147 2474 2201 sanctus
2543 2147 2795 2201 omnium
2846 2146 3148 2202 creationis
3211 2154 3620 2203 consummalor

1966 2234 2115 2289 107
2170 2234 2416 2289 exsistat.
2448 2232 2856 2289 Animadverte
2888 2250 2902 2288 :
2939 2236 2989 2288 1.
3023 2235 3087 2288 In
3120 2233 3233 2304 ,his
3265 2235 3356 2308 agi
3401 2235 3615 2302 verbis,

1967 2339 2092 2394 quae
2125 2322 2568 2394 exscripsimus,
2593 2323 2664 2378 de
2697 2327 2904 2378 mutuo
2935 2340 3317 2395 personarum
3349 2328 3617 2396 respectu

1965 2412 2036 2467 ad
2087 2412 2254 2467 intra.
2309 2412 2364 2465 2.
2407 2412 2683 2483 Adeoque
2729 2428 3092 2484 consequens
3140 2429 3288 2480 esse,
3338 2414 3618 2470 substan-

1965 2498 2165 2557 tialem
2198 2517 2264 2556 ac
2284 2500 2736 2572 lhypostaticam
2767 2500 3015 2573 Spiritus
3048 2500 3233 2557 sancti
3279 2502 3617 2573 productio-

1966 2604 2102 2644 nem
2132 2587 2255 2644 illis
2304 2590 2550 2661 exprimi
2579 2589 2794 2657 verbis,
2832 2591 2999 2645 Pater
3020 2606 3124 2662 per
3173 2591 3406 2647 Verbum
3435 2591 3616 2664 Spiri-

1963 2679 2051 2733 tus
2074 2677 2392 2748 productor,
2426 2694 2492 2732 ac
2540 2676 2655 2733 illis
2705 2678 2904 2747 etiam,
2943 2694 3014 2734 ex
3064 2682 3227 2735 Patre
3265 2696 3367 2752 per
3408 2681 3619 2736 Filium

1958 2766 2273 2838 procedens.
2326 2767 2378 2821 3.
2426 2766 2637 2822 Verbis
2710 2766 2850 2833 illis,
2901 2764 3286 2844 ἐκφαντορικοῦ
3354 2768 3615 2841 Spiritus,

1965 2872 2071 2912 seu
2120 2852 2509 2932 ἐκφαντορικῆς
2560 2856 2780 2911 virtutis
2828 2860 2929 2910 aut
2950 2858 3231 2927 potentis,
3278 2856 3618 2914 manifesta-

1964 2949 2183 3000 tionem
2239 2944 2410 3000 nobis
2461 2945 2697 3012 factam,
2730 2944 3134 3016 donorumque
3182 2946 3619 3003 concessionem

1967 3049 2082 3088 non
2133 3032 2453 3105 signiﬁcari
2496 3048 2510 3088 :
2562 3033 2664 3087 sed
2714 3032 2918 3104 utique
2969 3032 3318 3090 exstantium
3365 3034 3616 3106 Spiritus

1966 3121 2178 3188 sancti,
2209 3122 2308 3193 qui
2360 3121 2532 3176 sicuti
2580 3121 2841 3193 procedit
2871 3139 2905 3176 a
2933 3126 3100 3178 Patre
3131 3138 3234 3193 per
3274 3122 3507 3191 Filium,
3536 3123 3621 3179 ita

1965 3209 2246 3266 latentem
2313 3209 2678 3266 divinitatem
2730 3210 2942 3282 Patris,
2991 3227 3169 3282 quam
3222 3211 3294 3268 ab
3342 3211 3471 3284 ipso
3517 3228 3621 3285 per

1968 3300 2178 3355 Filium
2256 3298 2488 3371 accipit,
2551 3300 2907 3366 manifestat,
2979 3299 3273 3371 exprimit,
3330 3301 3617 3370 enuntiat,

1967 3392 2363 3460 repraesentat.
2398 3389 2452 3443 4.
2488 3388 2567 3443 Ex
2590 3387 2695 3443 hac
2717 3388 2956 3444 demum
2977 3387 3352 3445 substantiali
3372 3390 3445 3445 ad
3466 3390 3620 3447 intra

1967 3478 2441 3533 manifestatione
2510 3477 2686 3533 aliam
2745 3478 2916 3549 sequi
2971 3478 3031 3533 in
3106 3478 3417 3552 temporali
3473 3479 3612 3535 Mis-

1968 3567 2131 3622 sione
2189 3567 2403 3622 factam
2439 3582 2451 3621 :
2487 3567 2642 3622 unde
2699 3582 2767 3622 ex
2824 3583 2912 3636 eo,
2973 3568 3128 3639 quod
3187 3572 3429 3625 sanctus
3485 3569 3616 3642 Spi-

1967 3655 2117 3710 ritus
2166 3656 2409 3726 potentia
2466 3655 2540 3709 sit
2586 3671 2620 3709 a
2681 3656 2844 3709 Patre
2894 3670 2994 3726 per
3036 3656 3251 3712 Filium
3304 3657 3614 3728 procedens,

1970 3742 2196 3799 latentis
2224 3743 2537 3799 divinitatis
2583 3744 2703 3812 eius
2740 3745 3104 3812 enuntiativa,
3137 3743 3359 3818 colligit
3406 3746 3617 3804 Dama-

1966 3849 2199 3899 scenus,
2253 3833 2448 3904 ipsum
2508 3833 2580 3887 ad
2640 3836 2803 3888 extra
2857 3849 2971 3889 esse
3025 3835 3273 3889 omnium
3324 3837 3618 3893 creationis

1965 3926 2473 3978 consummatorem.

2037 4011 2292 4065 Mentem
2341 4009 2492 4064 hanc
2522 4026 2693 4065 suam
2742 4008 2856 4065 alia
2886 4009 3266 4083 patefaciunt,
3301 4027 3426 4083 qua
3475 4012 3615 4068 sub-

1958 4099 2296 4171 junguntur
2349 4096 2572 4153 verba:
2614 4101 2781 4153 Pater
2828 4100 2953 4170 fons
3004 4102 3101 4167 est,
3154 4106 3206 4156 et
3261 4101 3456 4156 auctor
3500 4108 3618 4157 tum

1962 4188 2123 4253 Filii,
2152 4189 2272 4241 tum
2302 4186 2540 4258 Spiritus
2583 4188 2762 4241 sancti
2792 4205 2811 4241 :
2840 4188 3011 4244 solius
3038 4191 3223 4243 tamen
3253 4189 3388 4244 Filii
3433 4194 3610 4261 pater,

1962 4284 2016 4331 et
2044 4277 2285 4347 Spiritus
2333 4276 2511 4330 sancti
2557 4268 2888 4346 προϐολεὺς,
2934 4276 3243 4346 productor.
3291 4278 3469 4332 Filius
3512 4294 3612 4332 au-

1963 4373 2069 4421 tem
2096 4368 2172 4420 est
2220 4364 2396 4420 Filius
2421 4364 2624 4435 patris,
2652 4368 2704 4419 et
2753 4380 2824 4419 ex
2877 4369 3067 4421 Patre.
3099 4366 3342 4436 Spiritus
3390 4373 3610 4422 sanctus

1961 4457 2042 4508 est
2070 4453 2310 4525 Spiritus
2362 4454 2573 4520 Patris,
2606 4460 2667 4508 ut
2694 4469 2789 4523 qui
2817 4468 2886 4508 ex
2914 4454 3079 4509 Patre
3112 4453 3432 4525 procedat...
3467 4455 3613 4523 Quin

1960 4543 2095 4598 Fiiii
2117 4558 2328 4614 quoque
2380 4541 2624 4613 Spiritus
2652 4541 2875 4608 dicitur,
2906 4559 3017 4599 non
3061 4543 3210 4598 velut
3236 4560 3309 4598 ex
3335 4545 3471 4614 ipso,
3505 4541 3612 4617 οὐχ

1961 4631 2035 4690 ὡς
2092 4629 2142 4700 ἐξ
2202 4629 2389 4697 αὐτοῦ,
2430 4630 2520 4686 sed
2571 4646 2673 4703 per
2730 4632 2912 4702 ipsum
2960 4648 3031 4687 ex:
3083 4634 3249 4687 Patre
3296 4632 3607 4703 procedens,

445 4722 549 4794 qui
574 4720 697 4776 sola
726 4728 809 4774 est
834 4720 1020 4774 Patris
1040 4721 1314 4792 potentia,
1346 4720 1380 4788 ἡ
1412 4720 1849 4794 προκαταρκτικὴ

1969 4716 2085 4772 ἄλλ’
2138 4718 2212 4779 ὡς
2274 4715 2343 4771 δι’
2402 4716 2566 4771 αὐτοῦ
2627 4715 2688 4771 ἐκ
2738 4722 2835 4770 τοῦ
2893 4718 3103 4793 Ιίατρὸς
3162 4716 3611 4794 ἐκπορευόμενον.

190 4810 291 4875 τίς
327 4813 435 4862 τῶν
488 4809 708 4862 πάντων
762 4807 1058 4876 ποιήσεως,
1094 4824 1281 4864 rerum
1327 4810 1573 4865 omnium
1620 4811 1851 4866 creatio-

192 4902 279 4953 ω
321 4897 714 4970 primm-diutis
744 4898 940 4953 virtus.
976 4898 1101 4963 Qua
1125 4896 1272 4953 inita
1317 4898 1751 4971 comparatione
1779 4899 1849 4954 ad

196 5003 285 5042 res
328 4994 577 5054 creatas,
614 4986 837 5042 dicitur
864 4986 1122 5057 Spiritus
1172 4993 1416 5043 sanctus
1464 4986 1705 5052 ibidem,
1738 5002 1851 5042 cm-

196 5079 343 5131 niua
386 5075 697 5132 vestiariis
759 5079 1183 5140 consummator,
1232 5070 1633 5149 τελεσιουργόν.
1687 5078 1855 5130 Pater

202 5180 343 5230 me,
376 5165 653 5221 bonitatis
695 5164 861 5219 totius
886 5165 1030 5234 fons,
1062 5167 1119 5218 et
1143 5164 1345 5220 occulti
1387 5165 1447 5218 in
1474 5179 1532 5219 se
1563 5163 1689 5219 boni
1729 5179 1852 5219 sca-

202 5258 381 5328 tlripo.
412 5252 779 5326 Hujusmodi
812 5268 1201 5325 personarum
1232 5251 1677 5324 appellationes,
1710 5253 1849 5307 dum

205 5343 261 5398 ad
290 5361 376 5400 res
422 5347 663 5401 creatas
709 5342 853 5414 ipsas
906 5346 1346 5413 comparantur,
1374 5340 1520 5397 alias
1566 5341 1751 5409 aﬁ‘ert,
1784 5357 1851 5397 ac

206 5434 351 5489 modo
381 5434 651 5507 quodam
684 5431 918 5487 diverso
947 5433 1194 5486 sanctus
1226 5429 1478 5486 Basilius
1505 5429 1564 5484 in
1596 5429 1746 5485 libro
1775 5432 1852 5486 De

212 5520 383 5591 Spiritu
408 5526 637 5589 saneto,
675 5519 873 5592 capite
904 5519 993 5585 16,
1029 5518 1267 5574 num.38
1302 5535 1313 5573 :
1346 5520 1409 5574 In
1440 5520 1636 5575 horum
1665 5523 1850 5575 autem

212 5616 457 5682 ratione,
508 5608 828 5685 inquiens,
875 5609 1061 5680 cogita
1113 5607 1606 5682 προκαταρκτικὴν,
1633 5609 1847 5679 prima-

214 5702 317 5757 νέαι
342 5720 595 5769 unum,
632 5700 873 5757 Patrem
891 5717 911 5752 .'
937 5692 1846 5772 31;pzoupymﬁvmondilricem,Fi-

217 5786 781 5860 tm;nlz:wtzxz‘;v,
818 5787 1230 5861 perfeclricem,
1260 5786 1531 5862 Spiritum
1575 5791 1845 5843 sanctum.

1964 4807 2121 4863 Solus
2171 4808 2318 4863 enim
2370 4809 2537 4862 Pater
2589 4802 2780 4874 αἴτιος,
2839 4822 3008 4862 causa
3061 4814 3113 4862 et
3165 4815 3374 4864 auctor.
3435 4806 3609 4865 Solus

1960 4912 2171 4968 nempe
2204 4900 2372 4951 Pater
2418 4912 2599 4951 causa
2627 4894 2729 4951 illa
2756 4898 2866 4963 est,
2897 4911 2967 4950 ex
2995 4911 3112 4967 qua
3139 4912 3250 4953 esse
3291 4912 3447 4954 omne
3474 4913 3608 4968 pro-

1961 4986 2092 5041 ﬂuit
2137 4989 2257 5041 tam
2309 4984 2655 5052 increatum,
2690 4999 2868 5055 quam
2916 4988 3199 5041 creatum.
3231 4984 3393 5041 Hanc
3437 4986 3609 5057 juxta

1961 5074 2259 5130 notionem
2293 5090 2409 5129 non
2441 5071 2703 5144 procedit
2732 5072 2904 5127 veluti
2929 5088 2999 5128 ex
3026 5074 3167 5130 Filio
3196 5073 3450 5147 Spiritus
3479 5090 3610 5132 san-

1961 5169 2113 5235 ctus,
2145 5179 2277 5217 cum
2311 5179 2344 5217 a
2372 5165 2540 5217 Patre
2598 5160 2810 5216 habeat
2859 5159 3005 5233 ipse,
3037 5165 3103 5218 ut
3134 5161 3417 5235 Spiritum
3470 5179 3606 5219 san-

1961 5257 2122 5307 ctum
2191 5251 2395 5323 spiret,
2443 5250 2544 5306 sed
2593 5266 2663 5305 ea:
2708 5251 2870 5305 Patre
2918 5251 3172 5322 procedit
3209 5266 3314 5326 per
3373 5250 3606 5323 Filium,

1962 5341 2101 5415 quia
2130 5340 2275 5397 Filio
2300 5341 2595 5406 virtutem,
2632 5355 2809 5411 quam
2840 5344 3009 5396 Pater
3058 5340 3256 5407 habet,
3287 5341 3412 5414 ipse
3440 5342 3610 5397 Pater

1962 5430 2380 5496 communicat,
2401 5445 2467 5484 ac
2497 5427 2678 5483 Filius
2708 5445 2812 5499 per
2838 5426 2989 5483 hanc
3019 5430 3607 5487 communicationem

1960 5536 2076 5575 non
2109 5523 2198 5574 est
2228 5516 2416 5573 sancti
2448 5516 2700 5590 Spiritus
2730 5533 2912 5574 causa
2939 5517 3222 5575 distincta
3249 5535 3283 5575 a
3313 5518 3606 5588 Patre,sed

1961 5625 2079 5664 una
2109 5624 2286 5663 causa
2315 5624 2448 5663 cum
2478 5610 2666 5662 Patre.

2033 5698 2330 5770 Insignem
2377 5696 2572 5752 locum
2614 5696 2794 5751 istum
2838 5696 3203 5765 Damasceni,
3234 5696 3413 5753 veluti
3460 5714 3599 5771 spu-

1961 5786 2137 5852 rium,
2185 5785 2386 5858 rejecit
2429 5783 2679 5858 Gorgius
2728 5784 3139 5858 Moschampar
3184 5785 3600 5860 chartophylax
