4094 6440
549 484 662 548 115

1567 494 1882 558 GEORGII
1929 493 2189 556 CYPRII
2236 492 2353 555 ΟΡ.
2398 492 2924 555 ΡΛΊἮΙΛΒΟΗλΕ

3817 491 3926 552 116

545 621 607 676 in
640 621 929 694 colloquio
959 623 1029 679 de
1059 640 1173 696 quo
1220 625 1446 699 egimus
1477 629 1666 700 sapite
1695 631 1749 696 7,
1785 646 1948 683 num.
1984 629 2059 683 ΙΙΙ
2089 628 2186 698 (3).
2220 629 2274 694 Α
2303 628 2488 682 dorem
2535 644 2695 683 suum
2725 630 3032 684 naturalem
3076 625 3385 699 explicans.
3419 624 3500 680 Ex
3546 628 3714 680 Patre
3762 625 3935 681 oritur

551 709 854 766 Sincerum
904 712 1092 782 illum,
1124 732 1188 770 ac
1235 732 1580 788 germanum
1613 719 1899 789 probabat
1943 734 2197 789 magnus

547 795 845 871 logotheta
883 803 1103 858 Muzalo
1150 805 1493 861 auctoritate
1525 807 1840 862 Andronici
1887 806 2197 871 Camatet‘i,

551 888 651 959 qui
684 888 976 961 integrum
1011 909 1128 947 suae
1162 894 1490 950 inseruerat
1519 895 1900 967 lloplothecar.
1925 900 2036 949 Cur
2065 911 2198 950 vero

557 977 880 1047 abjudicari
915 997 947 1034 a
976 987 1176 1037 sancto
1227 988 1581 1039 Damasceno
1614 985 1789 1039 veluti
1834 989 2072 1056 parente
2102 984 2199 1038 de-

554 1065 705 1135 beat,
740 1084 873 1122 cum
931 1087 1128 1140 parem
1185 1073 1566 1144 eamdemque
1609 1074 1932 1128 doctrinam
1992 1073 2202 1128 habeat

556 1154 616 1209 in
653 1155 782 1212 aliis
831 1159 1010 1214 dubio
1059 1161 1260 1232 procul
1311 1163 1581 1232 genuinis
1613 1163 2020 1234 operibus?ln
2071 1162 2198 1214 Dia-

555 1244 686 1316 logo
717 1254 920 1302 contra
967 1249 1336 1318 Manichaeos,
1371 1269 1533 1305 num.
1566 1254 1621 1320 5,
1655 1251 1737 1305 sic
1788 1251 1961 1306 habet
1994 1269 2005 1304 :
2043 1257 2204 1306 Pater

557 1350 768 1406 semper
817 1338 1050 1392 Verbum
1097 1355 1254 1393 suum
1301 1357 1370 1395 ea:
1414 1357 1470 1395 se
1517 1342 1781 1410 genitum,
1831 1338 1919 1391 καὶ
1978 1335 2066 1391 διὰ
2107 1342 2202 1390 τοῦ

561 1421 737 1496 Λόγου
796 1423 958 1477 αὐτοῦ
1018 1425 1067 1494 ἐξ
1126 1426 1288 1480 αὐτοῦ
1340 1427 1402 1481 τὸ
1439 1430 1654 1498 ΙΙνεῦμα
1703 1427 1865 1480 αὐτοῦ
1922 1426 2205 1501 ἐκπορευό-

567 1532 745 1583 μενον,
795 1519 846 1568 et
889 1533 988 1586 per
1045 1518 1282 1572 Verbum
1326 1535 1487 1572 suum
1529 1519 1802 1590 Spiritum
1848 1535 2008 1572 suum
2056 1535 2124 1573 ex
2152 1533 2207 1570 se

559 1604 940 1672 procedentem
990 1605 1200 1662 habuit.
1255 1608 1544 1678 [nsipiens
1592 1611 1738 1672 esto,
1768 1606 1867 1677 qui
1917 1612 2083 1676 neget
2114 1606 2205 1660 his

564 1709 898 1764 expressam
946 1695 1136 1750 verbis
1185 1700 1480 1761 aeternam,
1531 1713 1596 1750 ac
1646 1695 2120 1759 substantialem,
2152 1700 2209 1749 et

567 1781 988 1852 hypostaticam
1022 1785 1210 1839 sancti
1241 1784 1491 1855 Spiritus
1522 1801 1624 1855 per
1652 1783 1862 1838 Filium
1894 1783 2211 1856 processio-

568 1885 702 1924 nem
751 1887 818 1925 ex
868 1871 1050 1926 Patre.
1103 1875 1164 1927 In
1214 1871 1471 1944 Epistola
1518 1873 1588 1927 ad
1636 1873 1952 1928 Jordanem
2021 1872 2208 1927 archi-

573 1959 926 2015 mandritam
983 1961 1054 2016 de
1106 1961 1321 2033 hymno
1373 1961 1653 2031 Trisagio,
1703 1961 1855 2015 108
1906 1978 2069 2016 num.
2117 1963 2186 2013 28

573 2049 654 2103 ait
685 2065 698 2102 :
736 2051 816 2104 Ea:
845 2055 1013 2106 Patre
1053 2051 1325 2121 siquidem
1350 2068 1452 2122 per
1497 2052 1706 2105 Filium
1735 2055 1786 2106 et
1823 2051 2049 2106 Verbum
2086 2065 2189 2121 pro

572 2139 782 2206 cedens,
814 2156 922 2194 non
955 2144 1133 2195 tamen
1164 2141 1449 2211 ﬁliationis
1477 2140 1651 2195 modo.
1688 2139 2035 2209 llujusmodi
2065 2155 2212 2210 opus

573 2244 688 2283 non
735 2233 860 2284 erat
887 2230 1242 2301 exceptione,
1275 2230 1324 2284 si
1377 2229 1498 2286 haec
1540 2245 1641 2300 per
1688 2229 1895 2283 Filium
1937 2229 2211 2300 processio

572 2317 641 2371 ad
690 2317 1029 2373 missionem
1077 2319 1455 2390 temporalem
1504 2319 1910 2388 donorumque
1958 2317 2212 2388 largitio-

570 2423 702 2461 nem
735 2407 1036 2462 ret‘erenda
1064 2413 1235 2463 esset.

637 2495 941 2550 Difﬁcilior
969 2497 1197 2552 videtur
1225 2497 1488 2567 ejusdem
1526 2495 1864 2551 Damasceni
1901 2495 2062 2550 locus
2093 2494 2209 2563 ille,

566 2583 665 2654 qui
697 2583 947 2639 habetur
975 2584 1216 2641 homilia
1245 2586 1302 2640 in
1335 2586 1654 2641 Sabbatum
1683 2585 2207 2650 sanctum,num.li:

566 2673 804 2743 Spiritus
849 2683 1070 2729 sanctus
1133 2681 1252 2741 Dei,
1299 2684 1349 2732 et
1399 2677 1602 2742 Patris,
1660 2683 1927 2746 tanquam
1981 2689 2050 2728 ea:
2097 2675 2212 2743 ipso

564 2763 852 2832 procedens
886 2780 897 2817 :
927 2766 1022 2834 qui
1067 2773 1118 2819 et
1149 2766 1291 2820 Filii
1317 2765 1538 2835 dicitur,
1571 2768 1628 2818 ut
1677 2767 1774 2834 qui
1798 2780 1898 2835 per
1925 2779 2054 2818 eum
2099 2779 2213 2816 ma-

565 2853 878 2922 nifestetur,
908 2859 959 2908 et
999 2857 1199 2910 creatis
1249 2856 1408 2909 rebus
1451 2856 1825 2926 impertiatur,
1858 2851 1983 2904 ἀλλ’
2031 2849 2128 2903 οὐκ
2160 2849 2209 2918 ἐξ

569 2938 734 2993 αὐτοῦ
786 2938 911 3016 ἕχον
959 2943 1058 3008 τὴν
1101 2941 1342 3016 ὕπαρξιν,
1388 2961 1496 2997 non
1547 2948 1726 2998 tamen
1777 2959 1846 2996 ex
1893 2943 2008 3010 ipso
2060 2942 2210 2994 exsi-

567 3032 826 3085 stentiam
855 3033 1078 3087 habens.
1115 3033 1375 3088 Similem
1401 3034 1527 3103 jam
1558 3032 1942 3103 expendimus
1973 3034 2210 3085 senten-

569 3118 710 3173 tiam
743 3120 890 3189 ejus,
922 3137 989 3174 ex
1038 3125 1238 3176 octavo
1270 3123 1458 3193 capite
1497 3121 1666 3191 primi
1699 3121 1832 3175 libri
1865 3121 1938 3174 De
1985 3119 2088 3188 ﬁde
2118 3135 2206 3173 or-

568 3206 824 3279 thodoxa,
858 3209 1372 3281 depromptam.Ac
1402 3210 1588 3282 primo
1619 3209 1857 3281 quidem
1892 3210 1962 3264 ad
2001 3206 2207 3262 Filium

567 3296 847 3368 peculiari
903 3299 1155 3368 quadam
1189 3300 1409 3354 ratione
1453 3298 1830 3368 temporalem
1862 3297 2047 3353 sancti
2077 3295 2204 3367 Spi-

568 3384 714 3439 ritus
759 3385 1098 3441 missionem
1150 3388 1324 3441 refert
1370 3388 1788 3454 Damascenus,
1835 3392 1898 3440 ut
1945 3387 2206 3440 virtutem
2234 3369 2276 3435 C

565 3475 1035 3543 procatarcticam
1063 3475 1121 3528 in
1154 3476 1356 3531 eadem
1391 3476 1670 3531 missione
1705 3475 1842 3530 Filio
1874 3479 2206 3546 competen-

568 3567 686 3616 tem
718 3561 988 3618 declaret.
1018 3564 1199 3635 Negat
1229 3563 1326 3618 ille
1355 3563 1584 3632 deinde,
1615 3564 1898 3635 Spiritum
1939 3568 2207 3618 sanctum

569 3665 639 3704 ex
668 3652 806 3705 Filio
835 3653 1211 3706 exsistentiam
1241 3653 1440 3708 habere
1470 3671 1488 3707 :
1521 3658 1579 3708 at
1607 3669 1674 3707 ea
1705 3651 1872 3724 plura
1901 3651 2026 3706 loca
2079 3651 2212 3705 sub-

571 3738 950 3811 intelligenda
979 3749 1136 3808 sunt,
1170 3741 1384 3812 quibus
1410 3741 1604 3813 ipsum
1650 3741 2018 3813 apertissime
2047 3741 2213 3795 docet

570 3843 639 3882 ea:
671 3833 832 3883 Patre
875 3830 1161 3900 procedere
1189 3847 1284 3900 per
1330 3831 1553 3895 Filium,
1603 3830 1787 3902 Negat
1829 3846 1980 3896 vero,
2034 3829 2212 3900 Spiri-

571 3919 689 3970 tum
715 3933 785 3971 εχ
821 3919 965 3972 Filio
1011 3919 1387 3974 exsistentiam
1429 3919 1647 3988 habere,
1680 3919 1817 3989 quia
1867 3918 2047 3973 Filius
2096 3935 2212 3973 non

573 4008 658 4058 est
709 4020 886 4060 causa
914 4023 946 4059 a
981 4006 1141 4060 Patre
1187 4005 1497 4072 distincta;
1530 4011 1586 4060 et
1624 4005 1760 4076 quia
1811 4004 1992 4060 Filius
2040 4005 2215 4060 habet

573 4109 606 4147 a
635 4097 822 4164 Patre,
857 4098 921 4148 ut
966 4094 1246 4165 Spiritum
1280 4102 1550 4150 sanctum
1593 4095 1792 4166 spiret.
1823 4094 2064 4148 Additur
2111 4111 2214 4165 po-

572 4185 789 4237 strema
829 4183 974 4237 ratio
1028 4200 1095 4238 ex
1142 4200 1332 4239 errore
1380 4183 1696 4255 Apollinari
1746 4183 2216 4254 Arianorumque

571 4271 901 4343 desumpta,
957 4272 1055 4344 qui
1114 4271 1365 4343 Spiritus
1414 4273 1598 4327 sancti
1667 4272 2106 4343 productionem
2155 4272 2215 4326 in

573 4359 784 4416 Filium
816 4361 1139 4433 praesertim
1164 4361 1988 4430 refundebantzdicebantque
2018 4361 2214 4431 ipsum

568 4450 712 4505 Filio
757 4453 1049 4516 minorem,
1081 4455 1280 4521 utpote
1327 4467 1394 4505 ex
1427 4449 1568 4505 Filio
1618 4454 2006 4522 procreatum,
2040 4449 2213 4505 sicuti

569 4542 627 4592 et
656 4537 863 4594 Filium
914 4539 1201 4594 minorem
1247 4543 1436 4606 Patre,
1472 4543 1672 4609 utpote
1717 4543 1917 4592 natum
1968 4554 2036 4592 ex
2064 4537 2212 4606 ipso.

568 4627 654 4680 Ab
686 4627 792 4684 hac
842 4628 1144 4700 impietate
1176 4631 1446 4682 caventes
1493 4625 1672 4681 Graeci
1724 4626 1926 4680 media:
1975 4642 2215 4696 praeser-

2307 716 2561 786 Spiritus
2596 735 2608 772 :
2641 718 2741 772 sed
2775 717 2948 772 hocce
2980 717 3041 771 in
3073 717 3199 786 ejus
3232 719 3358 770 ortu
3393 715 3584 770 iocum
3617 715 3791 770 habet
3818 731 3933 769 ma-

2308 805 2603 861 nifestatio
2655 807 2918 876 ejusdem
2966 821 3067 877 per
3118 805 3394 859 Verbum.
3448 803 3642 859 Sancti
3694 804 3935 875 Spiritus

2308 899 2471 949 ortus
2507 895 2654 950 Patri
2686 895 3046 963 attribuitur,
3076 894 3174 966 qui
3207 893 3388 950 totius
3417 892 3659 948 Deitatis
3698 894 3936 948 abscon-

2310 983 2428 1037 dita
2459 984 2750 1055 scaturigo
2782 989 2888 1038 est.
2924 981 3308 1038 Manifestatio
3337 982 3939 1053 ejusdem,eademque

2309 1074 2584 1127 naturalis
2616 1074 2799 1128 instar
2833 1071 3156 1143 splendoris,
3193 1071 3329 1126 Filio
3381 1072 3678 1140 tribuitur,
3713 1071 3845 1142 quia
3873 1087 3941 1125 ex

2311 1162 2475 1216 Patre
2533 1167 2742 1216 natura
2798 1162 2994 1216 divina
3053 1178 3154 1232 per
3215 1161 3423 1215 Filium
3483 1161 3945 1215 communicatur

2312 1250 2552 1322 Spiritui
2583 1256 2802 1305 sancto.

2386 1384 2759 1455 Theologiam
2811 1399 2977 1439 suam
3033 1384 3260 1438 tradere
3327 1383 3724 1437 Damascenus
3773 1384 3949 1454 pergit

2314 1473 2532 1528 ibidem
2568 1492 2579 1528 :
2613 1475 2794 1529 Filius
2840 1473 2910 1526 ad
2942 1478 3161 1528 Patrem
3192 1475 3456 1542 refertur,
3488 1480 3651 1542 atque
3675 1488 3746 1526 ea:
3787 1476 3950 1526 Patre

2313 1566 2409 1626 est,
2443 1565 2574 1633 quia
2623 1572 2787 1616 natus
2817 1569 2895 1616 est
2926 1578 2998 1617 εις
3040 1564 3202 1617 Patre
3227 1579 3244 1615 :
3275 1568 3322 1616 et
3355 1562 3505 1615 109
3551 1560 3793 1633 Spiritus
3820 1577 3949 1615 san-

2314 1660 2427 1705 ctus
2457 1653 2534 1706 ad
2561 1653 2789 1706 Patrem
2819 1654 3075 1720 refertur,
3102 1655 3264 1722 atque
3293 1655 3370 1705 est
3398 1665 3470 1704 ea:
3503 1652 3680 1714 Patre,
3718 1653 3840 1721 quia
3866 1661 3953 1704 est

2316 1757 2388 1794 ex
2417 1741 2532 1809 illo,
2564 1757 2670 1795 non
2718 1742 3001 1810 ﬁliationis
3033 1756 3199 1803 more,
3248 1739 3339 1794 sed
3383 1741 3759 1806 processionis.
3793 1741 3953 1794 Item-

2317 1845 2420 1898 que
2448 1838 2663 1883 sanctus
2709 1830 2948 1900 Spiritus
2977 1836 3056 1883 est
3100 1828 3266 1894 Filii,
3297 1827 3388 1883 sed
3429 1845 3539 1883 non
3585 1836 3664 1882 est
3693 1844 3766 1883 ea:
3793 1829 3952 1883 Filio.

2326 1921 2414 1974 Est
2442 1922 2627 1972 tamen
2675 1918 2744 1972 ad
2773 1920 2998 1982 Filium,
3032 1919 3161 1987 quia
3209 1925 3428 1972 emanat
3451 1933 3549 1982 per
3592 1917 3774 1984 illum,
3806 1920 3851 1971 et
3882 1933 3957 1971 ex

2197 2005 2209 2027 ’
2240 2000 2289 2064 B
2321 2009 2418 2061 illo
2450 2025 2468 2061 :
2497 2023 2558 2060 ac
2610 2023 2715 2062 non
2750 2011 2827 2060 est
2871 2022 2942 2060 ea:
2972 2007 3128 2066 Filio.
3162 2008 3290 2075 quia
3340 2008 3502 2060 Pater
3530 2023 3642 2060 una
3670 2014 3750 2060 est
3791 2022 3957 2061 causa

2320 2104 2436 2151 tum
2467 2096 2615 2166 Filii,
2649 2105 2766 2150 tum
2794 2096 3034 2166 Spiritus
3064 2097 3261 2150 sancti.
3295 2095 3422 2149 Hazc
3454 2100 3748 2166 postrema
3786 2095 3961 2150 verba

2320 2201 2562 2240 sensum
2612 2184 2907 2239 declarant
2938 2184 3119 2239 totius
3166 2183 3489 2239 sententiae.
3525 2184 3691 2239 Pater
3718 2201 3830 2238 una
3866 2189 3963 2239 est

2321 2291 2498 2329 causa
2542 2279 2668 2328 tum
2701 2273 2849 2338 Filii,
2883 2279 3010 2328 tum
3067 2272 3321 2344 Spiritus
3352 2273 3538 2328 sancti
3575 2290 3587 2327 :
3618 2289 3687 2327 ea
3737 2273 3959 2329 ratione

2320 2363 2475 2433 quod
2508 2362 2566 2416 in
2599 2365 2788 2427 Patre,
2821 2359 2995 2415 veluti
3029 2359 3087 2414 in
3124 2361 3298 2427 fonte,
3333 2359 3432 2430 qui
3464 2377 3578 2415 non
3610 2364 3700 2414 est
3727 2377 3793 2415 ex
3821 2359 3959 2430 alio,

2318 2451 2504 2505 virtus
2560 2449 2846 2521 reperitur
2901 2449 3180 2520 spirativa
3253 2449 3500 2519 Spiritus
3559 2448 3766 2504 sancti.
3826 2449 3958 2504 Haec

2321 2541 2520 2610 utique
2572 2555 2689 2594 una
2736 2543 2790 2592 et
2838 2539 3040 2593 eadem
3091 2537 3232 2592 Filio
3280 2538 3456 2592 etiam
3510 2537 3660 2592 inest
3705 2554 3717 2591 :
3772 2539 3866 2592 sed
3927 2556 3963 2592 a

2318 2630 2486 2684 Patre
2539 2627 2987 2683 communicata.
3033 2626 3178 2681 Hinc
3226 2626 3477 2696 Spiritus
3508 2630 3747 2680 sanctus
3790 2643 3963 2682 suam

2319 2718 2494 2773 habet
2524 2716 2872 2772 exstantiam
2912 2733 2978 2769 ex
3013 2716 3483 2785 Patre.tanquam
3517 2730 3585 2769 ex
3616 2715 3812 2770 fonte:
3843 2733 3964 2786 quo

2317 2823 2446 2862 eam
2505 2806 2676 2860 modo
2736 2822 2849 2859 non
2908 2804 3084 2858 habet
3138 2821 3206 2858 ex
3263 2802 3424 2858 Filio.
3456 2806 3528 2858 At
3583 2804 3858 2874 quoniam
3899 2804 3966 2860 in

2321 2895 2459 2950 Filio
2492 2893 2769 2966 spirativa
2798 2893 2985 2948 virtus
3017 2893 3169 2947 inest
3198 2910 3231 2947 a
3261 2893 3427 2948 Patre
3480 2894 3915 2948 communicata
3950 2913 3964 2950 :

2317 2986 2445 3040 ideo
2471 3001 2566 3055 per
2615 2985 2838 3053 Filium,
2872 2987 2922 3038 et
2952 2999 3024 3038 ea:
3053 2983 3191 3037 Filio
3240 2981 3491 3052 Spiritus
3533 2987 3771 3037 sanctus
3815 3000 3976 3038 ema-

2315 3091 2452 3128 nare
2481 3073 2716 3139 dicitur,
2749 3089 2863 3127 non
2894 3072 3113 3126 dicitur
3140 3087 3292 3132 esse;
3329 3070 3562 3126 tametsi
3596 3070 3695 3126 illa
3725 3087 3969 3126 emana-

2315 3163 2394 3219 tio
2419 3163 2581 3219 sitad
2623 3162 2976 3217 exstantium.
3007 3165 3128 3227 Quo
3171 3160 3348 3215 etiam
3391 3175 3565 3215 sensu
3607 3177 3721 3216 non
3769 3161 3967 3231 inepte

2316 3252 2430 3307 dici
2487 3257 2697 3324 potest,
2732 3249 3125 3322 splendorem,
3158 3253 3259 3303 aut
3296 3250 3537 3304 ﬂuvium
3565 3266 3679 3304 non
3734 3265 3862 3304 esse
3891 3267 3968 3306 ex

2316 3342 2498 3408 radio,
2551 3346 2651 3395 aut
2689 3340 2828 3407 rivo,
2875 3340 2974 3394 sed
3027 3355 3153 3393 esse
3201 3337 3572 3410 splendorem
3621 3355 3688 3393 ex
3738 3337 3858 3393 sole
3907 3347 3972 3395 et

2321 3431 2563 3485 ﬂuvium
2620 3445 2688 3483 ex
2746 3430 2902 3483 fonte
2954 3445 2966 3482 :
3018 3443 3083 3482 ac
3142 3426 3530 3481 nihilominus
3588 3425 3963 3498 splendorem

2320 3533 2593 3575 emanare
2642 3534 2742 3589 per
2780 3516 3033 3580 radium,
3084 3524 3138 3570 et
3185 3515 3358 3570 etiam
3407 3531 3476 3569 ex
3521 3516 3720 3583 radio;
3752 3521 3809 3571 et
3857 3517 3965 3571 ﬂu-

2320 3608 2481 3661 vium
2540 3621 2813 3662 emanare
2869 3620 2970 3676 per
3025 3603 3240 3669 rivum,
3283 3607 3338 3657 et
3411 3603 3586 3659 etiam
3644 3620 3714 3658 ex
3769 3604 3890 3658 rivo
3946 3627 3964 3676 ;

2323 3697 2464 3752 solis
2494 3712 2557 3749 ac
2616 3694 2792 3748 fontis
2822 3695 3032 3748 virtute
3065 3693 3226 3747 radio
3258 3709 3323 3747 ac
3353 3691 3473 3747 rivo
3511 3692 3973 3750 communicata.

2324 3785 2450 3839 Haec
2482 3783 2646 3837 aﬂ‘ert
2693 3782 2906 3836 ibidem
2949 3781 3345 3836 Damascenus
3394 3781 3677 3852 exempla,
3713 3799 3977 3853 quorum

2324 3872 2636 3928 discrimen
2699 3871 3020 3924 maximum
3079 3886 3112 3924 a
3169 3871 3416 3940 Spiritus
3473 3871 3658 3926 sancti
3727 3888 3978 3928 emana-

2322 3963 2478 4016 tione
2526 3959 2782 4015 sumitur
2811 3977 2842 4014 a
2888 3958 3171 4030 principio
3221 3959 3429 4024 activo,
3461 3960 3615 4030 quod
3665 3977 3850 4014 unum
3901 3979 3980 4018 ex

2325 4049 2491 4104 Patre
2538 4047 3006 4102 communicatur
3057 4046 3191 4100 Filio
3228 4063 3240 4100 ι
3275 4047 3568 4101 diversum
3614 4052 3703 4102 est
3751 4049 3807 4101 in
3845 4047 3980 4105 sole

2323 4143 2379 4193 et
2409 4137 2591 4203 radio,
2624 4135 2683 4190 in
2734 4136 2890 4191 fonte
2920 4140 2978 4190 et
3007 4135 3146 4189 rivo.
3181 4135 3322 4188 Rem
3354 4133 3503 4189 hanc
3545 4134 3722 4206 igitur
3751 4137 3823 4190 ab
3857 4136 3979 4191 hu-

2325 4242 2498 4281 mano
2550 4229 2721 4296 captu
2775 4221 3116 4295 longissime
3186 4221 3456 4288 alienam,
3505 4224 3696 4278 verbis
3760 4225 3981 4296 utique

2325 4315 2594 4381 diversis,
2643 4329 2762 4368 una
2789 4316 2983 4368 tamen
3016 4311 3326 4381 sententia,
3356 4318 3751 4384 exposuerunt
3782 4313 3986 4370 Eccle-

2325 4405 2424 4459 siae
2459 4403 2674 4458 Patres.

2395 4537 2488 4592 Vl.
2527 4537 2784 4592 Primum
2817 4535 3165 4590 Damasceni
3195 4535 3619 4606 testimonium,
3651 4537 3806 4608 quod
3840 4538 3990 4594 hac-

2325 4632 2495 4682 tenus
2554 4643 2656 4698 pro
2709 4624 2858 4680 virili
2919 4623 3361 4692 illustravimus,
3423 4625 3576 4680 inter
3634 4627 3987 4686 Graecorum

571 4715 677 4772 tim
712 4717 895 4773 aetatis
927 4717 1212 4782 doctores,
1244 4717 1324 4771 ita
1355 4715 1647 4786 negabant
1675 4731 1747 4769 ea:
1777 4715 1918 4768 Filio
1949 4715 2216 4784 Spiritum
2249 4733 2294 4796 ι)
2326 4715 2681 4784 objectiones
2710 4715 2876 4769 aﬂ‘ert
2897 4717 3135 4768 sanctus
3155 4713 3412 4769 Thomas
3443 4714 3500 4768 in
3533 4715 3988 4776 Sententiarum

572 4807 856 4872 exsistere,
903 4810 968 4860 ut
1011 4805 1182 4860 illum
1230 4809 1423 4858 tamen
1469 4820 1568 4874 per
1614 4803 1817 4857 Filium
1859 4803 2154 4874 procedere
2183 4822 2217 4857 a

571 4897 736 4949 Patre
786 4893 1260 4949 constantissime
1314 4893 1606 4946 docerent.
1670 4891 1999 4945 Genuinum
2060 4891 2216 4946 hunc

571 4999 810 5038 sensum
843 4999 994 5048 esse,
1027 4982 1239 5037 evincit
1267 4980 1532 5052 ejusdem
1565 4979 1905 5034 Damasceni
1936 4981 2217 5051 Expositio

572 5072 722 5142 ﬁdei,
757 5087 932 5142 quam
964 5087 1033 5125 ex
1061 5070 1305 5124 Arabico
1352 5085 1578 5124 versam
1612 5068 1858 5123 Michael
1890 5071 2216 5139 Lequienus

571 5177 679 5216 sua
706 5159 939 5214 exhibet
986 5159 1044 5212 in
1093 5159 1366 5213 editione.
1413 5159 1538 5212 llzsc
1589 5158 1898 5224 habentur,
1933 5175 2099 5223 num,
2130 5162 2211 5216 2:

567 5251 733 5304 Pater
777 5248 975 5318 absque
1018 5249 1294 5318 principio
1340 5256 1463 5301 est:
1495 5251 1545 5301 et
1587 5247 1763 5302 Filius
1802 5251 1880 5302 est
1930 5264 2001 5302 ea:
2049 5253 2215 5303 Patre

564 5354 661 5409 per
709 5338 1032 5406 ﬁlialionem
1081 5354 1099 5390 :
1149 5344 1199 5390 et
1247 5336 1486 5406 Spiritus
1539 5345 1755 5390 sanctus
1804 5345 1882 5391 est
1930 5353 2002 5391 ea:
2046 5341 2214 5392 Patre

560 5443 660 5498 per
691 5424 923 5490 Filium,
973 5440 1080 5479 non
1107 5440 1202 5494 per
1253 5425 1598 5493 ﬁliationem,
1657 5425 1751 5479 sed
1779 5442 1874 5496 per
1914 5428 2209 5495 processio-

564 5531 708 5569 nem.
759 5512 1144 5584 Aptissimum
1197 5512 1525 5583 exemplum
1575 5518 1682 5583 est,
1717 5515 1871 5584 quod
1926 5514 2205 5567 additur:

571 5603 798 5658 Verbum
825 5602 1080 5672 gignitur
1107 5602 1174 5654 ab
1220 5601 1507 5654 intellectu
1534 5619 1552 5654 :
1584 5602 1683 5656 sed
1717 5603 1892 5657 etiam
1923 5603 1989 5656 ab
2037 5601 2209 5656 intel-

569 5693 708 5747 lectu
736 5693 915 5746 oritur
963 5691 1222 5761 Spiritus,
1250 5705 1344 5758 qui
1375 5691 1760 5758 manifestatur
1805 5708 1906 5762 per
1958 5691 2202 5762 Verbum,

569 5781 717 5854 quod
745 5788 961 5837 emanat
989 5797 1060 5835 ea:
1107 5775 1430 5836 abscondita
1477 5779 1807 5849 scaturigine
1843 5797 1963 5851 sua,
2013 5778 2206 5851 spten-

2327 4805 2776 4870 Commentario,
2811 4803 2871 4857 in
2923 4801 3354 4868 Quaestionibus
3385 4803 3718 4875 disputatis,
3751 4811 3810 4861 et
3860 4810 3991 4879 pri-

2326 4912 2422 4949 ma
2455 4898 2618 4966 parte
2665 4893 2919 4948 Summae
2950 4891 3331 4962 Theologicaa.
3379 4892 3526 4947 Loco
3574 4894 3784 4965 priore,
3819 4897 3992 4952 scili-

2327 4989 2414 5038 cet
2445 4985 2500 5038 in
2537 5000 2574 5053 1,
2608 4983 2742 5037 dist.
2776 4999 2852 5045 x1,
2907 4985 3110 5052 quaest.
3147 4983 3196 5049 1,
3247 4986 3356 5036 art.
3393 4983 3442 5047 1,
3476 4981 3584 5037 hac
3637 4984 3827 5038 utitur
3880 5004 3986 5042 so-

2324 5071 2543 5126 lutione
2593 5071 2662 5125 ad
2695 5072 2728 5123 3
2762 5087 2772 5123 :
2810 5095 2834 5118 ‹‹
2871 5069 3214 5136 Dicendum,
3261 5069 3415 5140 quod
3462 5069 3865 5128 Damascenus
3919 5077 3990 5132 in

2325 5161 2430 5216 hac
2462 5165 2626 5232 parte
2677 5176 2789 5214 non
2823 5159 3080 5213 creditur
3113 5175 3125 5212 :
3160 5159 3297 5228 quia
3343 5158 3560 5214 dicitur
3591 5161 3773 5216 fuisse
3817 5166 3995 5218 tem-

2325 5267 2461 5320 pore
2493 5249 2613 5314 illo,
2648 5266 2764 5320 quo
2790 5247 3007 5319 incepit
3035 5248 3429 5303 controversia
3459 5265 3635 5320 super
3663 5249 3773 5305 hac
3808 5267 3996 5322 quae-

2322 5339 2508 5392 stione
2559 5338 2710 5392 inter
2740 5341 2967 5391 Graecos
3017 5342 3074 5390 et
3113 5335 3366 5391 Latinos.
3401 5338 3621 5393 Tamen
3655 5355 3771 5394 non
3798 5347 4000 5413 negat.

2321 5429 2461 5497 quin
2493 5429 2561 5481 sit
2583 5445 2654 5481 ac
2699 5427 2860 5491 Filio,
2911 5425 3010 5480 sed
3061 5424 3202 5479 dicit
3230 5442 3292 5480 se
3323 5442 3435 5480 non
3468 5429 3782 5484 concedere
3834 5433 4000 5500 quod

2317 5517 2384 5570 sit
2412 5534 2445 5569 a
2477 5518 2633 5582 Filio,
2681 5517 2818 5586 quia
2849 5515 3038 5568 adhuc
3070 5513 3223 5584 apud
3257 5530 3354 5568 eos
3385 5515 3441 5568 in
3475 5515 3652 5572 dubio
3701 5519 3995 5576 verteba-

2318 5610 2435 5659 tur.
2488 5628 2514 5653 ››
2559 5607 2704 5658 Ante
2752 5603 2945 5658 saeculi
2997 5602 3230 5672 septimi
3280 5603 3502 5658 exitum
3555 5610 3730 5660 natus
3781 5607 3993 5665 fertur

2317 5693 2735 5760 Damascenus,
2766 5692 3059 5762 vitamque
3089 5708 3257 5746 suam
3305 5691 3460 5748 ultra
3489 5710 3710 5750 annum
3742 5695 3987 5754 Christi

2314 5783 2418 5836 754
2468 5782 2676 5854 agebat
2708 5799 2720 5836 ;
2755 5798 2869 5852 quo
2899 5786 3160 5852 tempore
3187 5779 3435 5852 Spiritus
3483 5783 3670 5838 sancti
3723 5801 3986 5857 proces-
