4094 6476
235 492 340 554 H7

1458 493 1666 560 VlTA.
1699 521 1782 542 —
1808 489 2328 557 DISSERTATIO
2371 493 2417 557 Ι.

3520 494 3638 561 H8

242 628 458 684 sionem
488 644 522 684 α
547 627 719 685 Patre
752 628 1022 703 Filioque
1065 647 1100 687 a
1129 629 1351 687 Latinis
1397 632 1680 686 assertam
1713 627 1876 683 incu-
1906 625 1962 693 Α
1993 643 2105 698 que
2138 645 2150 682 :
2186 629 2243 682 vi
2270 629 2579 700 verborum,
2613 628 2827 702 quibus
2879 645 3025 687 usus
3071 632 3161 686 est
3210 627 3632 700 Damascenus,

247 717 447 773 nabant
470 719 1061 792 insequebanturque
1094 720 1479 776 Iconomachi.

313 805 436 861 Alia
459 812 542 862 est
572 808 820 863 Thomas
852 808 1093 880 solutio,
1150 814 1352 881 quaest.
1389 809 1473 877 10,
1506 810 1583 863 De
1627 809 1886 880 potentia,

249 898 350 947 art.
383 895 433 960 4,
483 896 574 951 ad.
604 898 678 950 24
723 914 737 950 ;
802 919 830 943 ‹‹
863 897 1188 952 Dicendum
1239 898 1394 969 quod
1447 897 1658 970 positio
1697 897 1887 951 Nesto-

246 984 519 1038 rimorum
549 986 684 1056 fuit,
705 986 867 1057 quod
900 985 1145 1057 Spiritus
1177 995 1395 1042 sanctus
1421 1003 1532 1042 non
1559 987 1629 1040 sit
1668 1001 1701 1040 a
1723 985 1882 1039 Filio.

244 1072 400 1132 Unde
447 1076 506 1129 in
564 1075 834 1145 quodam
887 1074 1164 1146 Symbolo
1212 1075 1691 1131 Nestorianorum
1745 1090 1884 1128 con—

239 1167 500 1221 demnato
552 1164 614 1217 in
659 1166 854 1234 prima
914 1163 1191 1234 Ephesina
1237 1164 1438 1235 synodo
1487 1163 1704 1218 dicitur
1750 1162 1880 1217 sic:

230 1256 496 1323 Spiritum
548 1256 812 1308 sanctum
883 1254 1038 1308 110
1106 1269 1279 1324 neque
1331 1255 1544 1309 Filium
1598 1254 1880 1323 putamus,

226 1361 391 1414 neque
414 1359 518 1414 per
545 1344 591 1396 F
589 1343 764 1396 ilium
793 1344 1084 1397 essentiam
1110 1344 1396 1414 accepisse.
1441 1343 1681 1414 Propter
1727 1341 1880 1412 quod

226 1431 470 1505 Cyr-illus
530 1441 732 1486 contra
795 1433 1109 1486 Nestorium
1164 1434 1224 1486 in
1299 1432 1548 1503 Epistola
1615 1429 1883 1501 praedicta

221 1521 528 1594 (Synodica
588 1521 666 1575 ad
725 1520 1086 1587 Nestorium,
1150 1538 1184 1575 a
1258 1519 1485 1575 Thoma
1562 1523 1884 1574 memorata

217 1611 424 1680 ad13),
489 1609 703 1681 posuit
762 1609 1049 1680 Spiritum
1109 1613 1378 1664 sanctum
1437 1624 1566 1664 esse
1619 1625 1653 1662 a
1712 1607 1878 1662 Filio.

221 1700 576 1755 Theodoretus
605 1715 748 1753 vero
798 1697 859 1752 in
908 1698 1162 1769 quadam
1207 1697 1464 1769 Epistola
1493 1698 1564 1752 ad
1595 1697 1879 1752 Joannem

219 1787 656 1844 Antiochenum
691 1788 776 1842 sic
808 1786 952 1842 dicit
981 1805 1000 1840 :
1027 1786 1270 1858 Spiritus
1298 1795 1518 1842 sanctus
1545 1802 1656 1841 non
1685 1794 1763 1841 est
1813 1801 1883 1840 ex

221 1878 372 1944 Filio,
432 1880 540 1932 aut
603 1892 713 1947 per
785 1877 992 1930 Filium
1048 1876 1248 1930 habens
1299 1876 1656 1930 substantiam
1712 1893 1731 1929 :
1789 1874 1882 1929 sed

217 1964 510 2038 recedens
571 1964 799 2035 quidem
845 1981 879 2018 a
935 1969 1123 2030 Patre,
1159 1962 1398 2034 Spiritus
1454 1981 1583 2018 vero
1619 1963 1773 2026 Filii,
1821 1978 1880 2017 eo
1909 1998 1955 2063 B

222 2055 352 2126 quod
402 2063 456 2109 et
498 2055 557 2109 ei
604 2053 1100 2109 consubstantialis
1129 2054 1202 2108 sit
1225 2054 1561 2108 nomina-tus.
1596 2052 1725 2106 Hac
1773 2069 1879 2106 au-

229 2146 339 2197 tem
369 2143 559 2198 verba
591 2141 1002 2197 Theodoratus
1029 2141 1342 2212 praedictus
1371 2141 1621 2212 imponit
1649 2139 1878 2212 Cyrillo,

226 2238 507 2303 tanquam
564 2231 642 2285 ab
685 2247 752 2284 eo
802 2229 958 2284 dicta
1000 2229 1119 2284 sint
1164 2229 1224 2285 in
1271 2229 1536 2301 epistola,
1583 2245 1759 2301 quam
1807 2228 1878 2284 ad

224 2321 511 2376 Joannem
545 2318 984 2374 Antiochenum
1014 2318 1286 2390 scripsit;
1318 2318 1453 2374 licet
1497 2319 1559 2373 in
1607 2317 1709 2373 illa
1759 2318 1878 2390 epi-

227 2409 366 2465 stola
415 2409 534 2464 hoc
595 2425 716 2463 non
769 2407 1017 2479 legatur,
1051 2409 1154 2462 sed
1208 2407 1423 2463 dicitur
1468 2408 1594 2464 sic:
1644 2407 1881 2478 Spiritus

222 2499 310 2554 Dei
334 2500 522 2570 patris
551 2496 804 2568 procedit
833 2496 1054 2568 quidem
1082 2513 1152 2551 ex
1198 2499 1312 2568 ipso
1351 2514 1369 2552 :
1408 2501 1490 2552 est
1537 2501 1717 2552 autem
1744 2505 1794 2551 et
1845 2513 1879 2550 a

219 2589 383 2657 Filio,
417 2604 536 2643 non
572 2589 800 2642 alienus
844 2586 1141 2641 secundum
1196 2588 1359 2640 unius
1411 2586 1666 2642 essentise
1714 2586 1879 2641 ratio-

221 2693 353 2732 nem.
385 2679 558 2732 Hanc
612 2680 815 2732 autem
847 2674 1197 2731 Theodoreti
1248 2675 1598 2731 sententiam
1643 2679 1878 2744 secutus

221 2772 298 2821 est
337 2767 742 2838 postmodum
801 2765 1223 2835 Damascenus,
1283 2764 1550 2836 quamvis
1606 2765 1880 2835 dogmata

221 2857 484 2926 ejusdem
530 2853 892 2910 Theodoreti
942 2854 1060 2909 sint
1107 2852 1165 2908 in
1219 2853 1425 2924 quinta
1473 2854 1692 2925 synodo
1742 2869 1876 2908 con-

221 2944 521 2999 demnata.
561 2942 731 2998 Unde
762 2941 823 2996 in
856 2929 966 2995 hoc
997 2957 1114 2996 non
1145 2944 1234 2996 est
1262 2941 1539 2996 standum
1580 2940 1878 2997 sententiae

223 3031 606 3089 Damasceni.
642 3053 673 3080 υ

283 3121 562 3192 Denique
618 3121 643 3175 Ι
702 3122 878 3190 part.,
941 3121 1144 3190 quiest.
1207 3118 1297 3184 36,
1353 3123 1462 3174 art.
1519 3119 1574 3189 2,
1635 3119 1705 3174 ad
1762 3120 1795 3172 3
1863 3134 1876 3172 :

227 3230 250 3257 ι
279 3210 646 3279 Dicendum,
684 3208 840 3279 quod
872 3206 1151 3279 Spiritum
1202 3212 1468 3262 sanctum
1519 3225 1633 3263 non
1681 3223 1879 3279 proce-

224 3299 349 3354 dere
379 3315 417 3353 a
449 3297 625 3365 Filio,
661 3298 854 3369 primo
887 3296 998 3351 fuit
1028 3295 1435 3351 aNestorianis
1456 3296 1878 3364 introductum,

1999 715 2241 772 minime
2271 719 2458 773 sancti
2487 719 2736 791 Spiritus
2765 719 3036 792 denegari
3055 721 3451 792 processionem
3469 723 3638 777 etiam

1997 822 2031 860 a
2059 807 2220 862 Filio.

2068 897 2216 950 111
2261 896 2380 952 VII.
2415 901 2648 964 Caetera,
2679 915 2806 969 quae
2836 897 2980 953 locis
3010 897 3204 954 allatis
3235 899 3315 954 ait
3349 898 3467 967 ille,
3499 898 3636 955 illu-

1996 985 2235 1040 stranda
2279 989 2436 1041 sunt.
2469 987 2741 1057 Adnotat,
2787 988 3034 1058 posuisse
3080 985 3443 1055 Nestorianos,
3495 989 3636 1060 quod

1994 1074 2235 1144 Spiritus
2255 1079 2472 1129 sanctus
2498 1092 2611 1131 non
2637 1078 2712 1130 sit
2737 1093 2771 1131 a
2807 1078 2947 1132 Filio
2981 1094 2993 1130 :
3045 1077 3102 1131 id
3153 1076 3268 1149 legi
3308 1078 3367 1132 in
3395 1079 3632 1150 quodam

1991 1163 2439 1220 Nestorianorum
2466 1165 2757 1236 symbolo:
2810 1181 2876 1220 ac
2924 1166 3082 1220 istud
3129 1168 3191 1221 in
3237 1167 3520 1238 Ephesina
3546 1184 3634 1238 sy-

1990 1252 2128 1308 nodo
2157 1252 2570 1309 condemnatum
2599 1270 2728 1309 esse.
2768 1254 3270 1324 Nestorianorum,
3304 1258 3459 1327 quod
3508 1273 3629 1312 me—

1993 1345 2273 1409 moratur,
2327 1342 2667 1414 Symbolum
2716 1343 2958 1415 protulit
3005 1344 3310 1415 Ephesinis
3360 1345 3629 1400 Patribus

1994 1427 2274 1485 Charisius
2291 1431 2592 1501 presbyter,
2626 1435 2684 1486 et
2729 1431 3142 1504 Philadelphiaa
3188 1449 3524 1489 ceconomus
3568 1435 3629 1490 in

1991 1517 2166 1589 Lydia
2202 1536 2214 1572 :
2247 1517 2578 1591 legiturque
2609 1520 2837 1576 actione
2857 1522 2890 1574 6
2922 1521 3222 1592 Ephesinze
3254 1523 3458 1594 synodi
3480 1540 3631 1579 cecu-

1989 1607 2228 1661 menicze
2277 1624 2429 1662 anno
2463 1608 2555 1662 431
2618 1608 2941 1677 celebratae,
2992 1609 3102 1664 sub
3149 1610 3318 1666 titulo
3366 1612 3630 1684 Exempli

1987 1697 2342 1766 expositionis
2386 1697 2630 1768 Symboli
2678 1697 2981 1768 depravati.
3033 1699 3162 1754 Haec
3209 1699 3290 1754 ibi
3337 1700 3628 1756 habentur

1986 1784 2204 1839 verba:
2239 1785 2340 1840 Sed
2380 1786 2679 1858 (Spiritum
2730 1790 3022 1856 sanctum)
3069 1803 3167 1843 nec
3214 1789 3420 1845 Fili-um
3463 1793 3625 1861 puta-

1985 1888 2109 1927 mus
2136 1889 2312 1946 neque
2357 1891 2453 1945 per
2499 1877 2711 1930 Filium
2742 1893 2897 1930 suam
2935 1877 3370 1946 subsistentiam,
3401 1875 3622 1952 ὕπαρξιν

1987 1960 2294 2017 habentem.
2328 1963 2529 2018 Tribui
2579 1965 2920 2036 Symbolum
2967 1965 3122 2020 istud
3172 1966 3457 2034 Nestorio,
3491 1971 3626 2024 tan-

1989 2066 2168 2121 quam
2202 2053 2443 2116 auctori,
2475 2053 2546 2108 ab
2578 2052 2873 2124 aliquibus
2917 2053 3131 2110 assolet
3161 2071 3174 2109 :
3217 2055 3409 2110 verius
3439 2056 3625 2113 Theo-

1989 2140 2129 2194 doro
2147 2143 2555 2211 Mopsuesteno
2578 2143 2647 2197 ab
2667 2141 2825 2209 aliis;
2852 2144 3005 2214 quod
3028 2147 3282 2199 attanem
3298 2144 3624 2200 Nestoriaui

1989 2233 2090 2283 aut
2117 2229 2477 2285 instruendis
2508 2231 2567 2285 in
2597 2231 2731 2296 ﬁde,
2765 2235 2864 2286 aut
2894 2232 2964 2286 ad
2995 2233 3170 2288 ﬁdem
3201 2235 3625 2291 revertentibus

1985 2319 2315 2373 tradebant.
2348 2323 2557 2374 Contra
2586 2319 2928 2391 Symbolum
2955 2321 3012 2375 in
3045 2321 3336 2393 Ephesina
3367 2339 3624 2378 cacume-

1987 2407 2117 2462 nica
2148 2408 2367 2479 synodo
2398 2407 2580 2463 latum
2611 2408 2702 2463 his
2738 2410 2928 2465 verbis
2979 2411 3274 2466 decretum
3322 2415 3433 2477 est,
3465 2415 3618 2484 quod

1988 2495 2215 2552 actione
2261 2497 2438 2552 citata
2484 2501 2752 2569 prostat:
2808 2521 2835 2548 ‹‹
2878 2499 3064 2554 Simili
3114 2502 3281 2555 etiam
3329 2501 3486 2557 modo
3533 2519 3634 2573 qui

1985 2584 2207 2641 inventi
2254 2586 2469 2641 fuerint
2514 2585 2600 2641 vel
2649 2588 2928 2658 episcopi,
2957 2587 3045 2644 vel
3090 2589 3303 2655 clerici,
3347 2590 3434 2645 vel
3484 2590 3619 2646 laici

1988 2674 2110 2729 sive
2142 2675 2347 2730 docere
2376 2692 2442 2730 ea
2471 2691 2598 2746 quae
2631 2676 3006 2732 continentur
3049 2678 3108 2732 in
3159 2678 3356 2735 oblata
3386 2680 3630 2752 Expositi

1986 2763 2143 2818 tione
2174 2780 2206 2818 a
2235 2763 2497 2818 Charisio
2530 2763 2866 2836 presbytero
2899 2767 2970 2821 De
3017 2768 3299 2835 Unigeniti
3344 2769 3485 2825 Filii
3532 2771 3630 2825 Dei

1987 2853 2387 2918 Incarnalione,
2447 2852 2566 2907 sive
2625 2853 2906 2909 scelerata
2952 2859 3009 2910 et
3056 2871 3325 2927 perversa
3381 2857 3631 2914 Nestorii

1989 2942 2282 3013 dogmata,
2315 2957 2438 3012 quae
2470 2945 2528 2996 et
2556 2942 2816 2998 subnexa
2846 2947 3002 3011 sunt,
3037 2944 3378 3016 subjaceant
3398 2950 3630 3002 senten-

1987 3029 2082 3084 tiae
2135 3034 2352 3085 sanctas
2406 3029 2586 3101 hujus
2642 3035 2699 3086 et
2755 3032 3103 3088 universalis
3154 3033 3380 3106 synodi.
3436 3058 3458 3087 ι
3517 3041 3627 3091 etc.

1987 3122 2174 3174 Hocce
2221 3119 2452 3174 decreto
2500 3119 2807 3176 damnatos
2856 3121 3118 3192 Aquinas
3170 3123 3474 3195 intellexit,
3527 3125 3630 3196 qui

1988 3213 2270 3278 negarent
2319 3207 2686 3278 per.Filium
2740 3225 2900 3264 suam
2957 3210 3154 3266 habere
3221 3213 3630 3269 subsistentiam

1990 3295 2256 3367 Spiritum
2285 3305 2554 3353 sanctum.
2591 3298 2749 3353 Idem
2801 3303 3045 3354 consent
3072 3299 3483 3370 Bellarminus,
3519 3303 3629 3359 Leo

223 3393 284 3443 ut
308 3394 474 3459 patet
505 3388 573 3442 in
606 3361 870 3457 quodam
901 3384 1166 3458 symbolo
1197 3385 1676 3441 Nestorianorum
1707 3361 1877 3441 dam;
1909 3361 1951 3428 C
1990 3361 2255 3453 A-llatius,
2289 3386 2626 3452 Garnerius,
2655 3387 2945 3442 Petavius.

223 3483 352 3532 nato
382 3477 448 3530 in
481 3475 792 3547 Ephesina
823 3475 1064 3546 synodo.
1093 3474 1164 3529 Et
1201 3474 1358 3529 hunc
1410 3491 1663 3530 errorem
1706 3476 1876 3530 secu—

221 3571 311 3620 tus
356 3565 472 3620 fuit
525 3563 938 3618 Theodoretus
967 3563 1368 3632 Nestorianus,
1401 3567 1459 3618 et
1506 3561 1703 3634 plures
1747 3567 1879 3634 post

223 3655 438 3724 ipsum,
495 3654 659 3708 inter
717 3668 867 3724 quos
932 3651 1042 3706 fuit
1095 3652 1490 3707 Damascenus
1543 3669 1555 3706 :
1613 3653 1765 3706 unde
1817 3652 1878 3707 in

224 3742 327 3798 hoc
382 3743 520 3813 ejus
571 3740 877 3797 sententia?
931 3757 1046 3795 non
1106 3743 1194 3795 est
1247 3741 1544 3796 standum.
1605 3740 1880 3804 Quamvis

229 3849 261 3885 ι
311 3831 682 3903 quibusdam
759 3829 1034 3884 dicatur:
1098 3829 1252 3900 quod
1302 3834 1700 3885 Damascenus
1728 3830 1882 3885 sicut

232 3937 338 3975 non
425 3919 751 3976 conﬁtetur
820 3919 1093 3989 Spiritum
1165 3926 1413 3974 sanctum
1482 3933 1591 3972 non
1661 3934 1776 3974 esse
1846 3936 1880 3973 a

231 4011 382 4076 Filio,
416 4010 504 4064 ita
557 4008 740 4063 etiam
799 4024 915 4062 non
966 4013 1138 4080 negat
1185 4024 1256 4063 ex
1306 4009 1364 4063 vi
1417 4008 1643 4063 illorum
1691 4009 1879 4064 verbo-

231 4117 369 4153 rem.
405 4120 435 4148 Ι)

296 4187 496 4242 Minus
527 4201 741 4256 equus
782 4185 841 4239 in
873 4185 1298 4241 Damascenum
1345 4186 1575 4241 videtur
1603 4185 1876 4257 Aquinas.

227 4275 670 4341 Animadverte,
699 4273 880 4328 vitam
913 4273 1192 4345 Aquinati
1225 4290 1290 4329 eo
1328 4278 1590 4344 tempore
1622 4273 1878 4344 ducenti,

229 4381 340 4435 quo
395 4363 688 4436 pleraque
752 4367 1088 4418 sanctorum
1148 4363 1384 4418 Patrum
1437 4362 1660 4435 scripta
1690 4363 1881 4418 adhuc

229 4451 509 4518 latebant,
552 4467 663 4506 nec
722 4451 938 4520 videre,
997 4468 1103 4507 nec
1163 4452 1500 4525 diligentius
1559 4452 1882 4524 expendere

231 4541 578 4597 Damasceni
632 4540 973 4596 testimonia
1027 4540 1283 4608 licuisse,
1345 4541 1560 4614 quibus
1624 4557 1883 4596 emanare

233 4631 486 4703 Spiritus
529 4634 781 4686 sanctus
813 4630 1027 4684 dicitur
1068 4646 1171 4700 per
1219 4631 1422 4685 Filium
1478 4635 1526 4685 et
1579 4645 1650 4685 ex
1686 4631 1831 4685 Filio
1863 4647 1881 4684 :

2057 3475 2235 3546 Atqui
2267 3475 2479 3530 decreti
2520 3475 2696 3531 verba
2743 3476 3049 3533 damnatos
3098 3478 3360 3534 indicant
3406 3497 3630 3537 errores

1987 3563 2052 3619 de
2087 3565 2372 3634 Unigeniti
2417 3565 2554 3619 Filii
2595 3565 2699 3620 Dei
2744 3567 3148 3632 Inearnatione,
3190 3584 3304 3622 non
3353 3567 3522 3626 alios.
3555 3570 3631 3625 Eo

1987 3653 2163 3708 etiam
2220 3656 2480 3724 tempore
2537 3651 2808 3724 vigebant
2864 3659 3194 3710 commenta
3244 3657 3514 3712 Eunomii
3575 3662 3633 3714 et

1978 3740 2332 3813 'Apollinarii
2366 3759 2379 3795 :
2413 3757 2666 3811 quorum
2697 3741 2806 3795 iste
2837 3743 3058 3813 gradus
3085 3743 3144 3798 in
3176 3743 3460 3801 Trinitate
3509 3749 3632 3802 sta-

1987 3834 2160 3885 tuens
2190 3831 2393 3884 Filium
2421 3831 2692 3886 minorem
2721 3832 2894 3885 Patre
2923 3835 3127 3904 utpote
3173 3849 3242 3888 ex
3285 3833 3398 3889 isto
3430 3839 3632 3891 natum

1989 3918 2314 3984 effutiebat,
2343 3922 2400 3973 et
2430 3918 2698 3989 Spiritum
2739 3923 2990 3974 sanetum
3036 3922 3310 3977 minorem
3336 3923 3507 3992 Filio,
3539 3929 3630 3980 ut-

1989 4012 2120 4080 pote
2145 4024 2213 4062 ex
2243 4007 2356 4062 isto
2387 4011 2489 4062 aut
2537 4023 2641 4079 per
2683 4007 2861 4063 istum
2892 4021 3259 4080 procreatum,
3294 4016 3358 4066 ut
3404 4012 3632 4084 inquie-

1989 4097 2089 4152 bat
2122 4113 2133 4149 :
2168 4112 2234 4152 ac
2262 4095 2358 4151 ille
2409 4096 2678 4168 Spiritum
2733 4099 3015 4168 auferebat
3063 4116 3097 4154 a
3150 4103 3336 4167 Patre,
3371 4102 3633 4173 uniceque

1990 4185 2263 4240 tribuebat
2298 4185 2607 4253 Unigenito,
2637 4189 2768 4240 tum
2798 4185 3018 4257 ipsum,
3069 4204 3203 4243 cum
3234 4188 3445 4244 Filium
3493 4190 3632 4259 reji-

1989 4273 2146 4330 ciens
2179 4273 2328 4328 inter
2357 4278 2678 4339 creaturas,
2706 4278 2866 4330 teste-
2901 4275 3110 4332 Basilio
3155 4276 3305 4332 libro
3335 4295 3377 4332 Π
3429 4278 3631 4334 Contra

1988 4364 2341 4427 Eunomium,
2401 4379 2563 4417 num.
2592 4363 2680 4416 34.
2734 4362 2876 4418 Hinc
2931 4381 3064 4420 vero
3121 4367 3193 4420 de
3236 4367 3632 4437 propositione

1988 4451 2108 4520 illa,
2142 4451 2411 4522 Spiritum
2439 4459 2693 4506 sanctum
2723 4451 2924 4507 habere
2947 4469 3058 4524 per
3093 4454 3299 4508 Filium
3328 4455 3628 4510 subsisten-

1989 4541 2125 4595 tiam
2156 4544 2426 4611 negante,
2458 4539 2632 4595 silent
2679 4540 2953 4611 Ephesini
3002 4541 3252 4597 Patres:
3303 4543 3403 4613 qui
3452 4544 3632 4615 probe

1991 4633 2289 4696 noverant,
2320 4628 2590 4701 Symbolo
2621 4627 2799 4683 inseri
2831 4629 3093 4700 potuisse
3122 4632 3192 4685 ad
3224 4647 3464 4687 sensum
3495 4631 3630 4703 reji-

235 4736 298 4774 ac
353 4722 519 4775 Pater
572 4718 875 4790 productor
929 4719 1058 4789 ejus
1107 4735 1212 4790 per
1267 4720 1513 4785 Filium,
1573 4720 1960 4794 ipsumqueD
1993 4717 2261 4773 ciendum
2292 4717 2562 4772 Eunomii
2595 4721 2650 4772 et
2679 4716 3045 4787 Apollinarii.

237 4826 444 4879 semper
474 4809 685 4863 habere
715 4823 777 4862 se
817 4807 962 4878 apud
999 4824 1076 4878 se,
1103 4824 1200 4879 per
1229 4809 1433 4863 Filium
1479 4825 1549 4862 ex
1595 4823 1650 4862 se
1694 4823 1884 4879 proce-

239 4898 468 4952 dentem.
527 4897 674 4952 Tam
733 4894 1041 4952 luculenta:
1099 4897 1398 4952 sententis:
1472 4895 1746 4968 nuspiam
1821 4895 1878 4949 in

237 4987 517 5057 Operibus
547 4985 787 5040 Thomas
835 4989 1167 5040 memoratae
1211 4985 1586 5041 inveniuntur
1625 5001 1637 5038 :
1698 5000 1880 5054 eoque

237 5073 510 5146 Opnscnli
559 5076 769 5129 contra
814 5089 1043 5129 errores
1071 5074 1399 5130 Graecorum
1433 5073 1491 5127 in
1541 5072 1748 5145 capite,
1781 5071 1880 5126 ubi

239 5168 612 5220 moneantur
640 5165 842 5217 Patres
889 5162 988 5234 qui
1037 5162 1320 5234 Spiritum
1372 5168 1642 5218 sanctum
1688 5161 1882 5216 dixere

242 5269 271 5304 ι
317 5255 482 5308 Patre
523 5251 821 5324 procedere
863 5267 964 5322 per
999 5251 1225 5320 Filium,
1260 5251 1582 5307 afferuntur
1632 5251 1881 5322 Cyrillus

239 5341 662 5407 Alexandrinus,
741 5341 982 5396 Basilius
1076 5344 1132 5394 et
1219 5341 1510 5410 Gregorius
1581 5340 1878 5411 Nyssenus,

239 5430 590 5489 Damasceno
624 5429 1040 5503 praetermisso.
1073 5429 1239 5484 Haud
1271 5430 1488 5485 mirum
1519 5428 1694 5484 fuerit
1721 5444 1878 5498 ergo,

241 5523 482 5589 ejusdem
513 5519 875 5577 Damasceni
905 5516 1256 5587 doctrinam,
1290 5535 1418 5589 quae
1458 5517 1589 5573 aliis
1635 5517 1880 5588 quibus-

241 5609 350 5666 dam
397 5613 456 5667 in
520 5610 676 5668 locis
727 5608 927 5664 minus
976 5611 1245 5663 accurate
1289 5607 1439 5663 tradi
1485 5607 1731 5673 videtur,
1781 5622 1880 5660 su-

242 5711 470 5771 mmm
526 5701 728 5757 fuisse
787 5696 1086 5770 Aquinati.
1155 5697 1261 5752 Pro
1338 5714 1403 5752 eo
1476 5700 1696 5765 tamen,
1768 5710 1881 5765 quo

241 5790 462 5858 gellebat
505 5792 649 5866 ipse
709 5785 935 5860 ingenii
1001 5785 1289 5854 acumine,
1341 5785 1505 5856 vidit,
1538 5784 1874 5841 admonuit-

2063 4805 2687 4876 Constantinopolitani
2723 4805 2934 4870 Patres,
2970 4806 3069 4876 qui
3100 4824 3351 4863 errorem
3379 4808 3630 4880 impium

1992 4913 2144 4950 anno
2173 4897 2270 4950 381
2315 4895 2754 4962 damnaverant,
2797 4893 2986 4950 satius
3034 4895 3294 4952 habuere
3345 4896 3628 4968 Spiritum

1988 4987 2257 5039 sanctum
2291 4982 2532 5037 deﬁnire
2576 4997 2645 5036 ea:
2675 4986 2844 5037 Patre
2868 4983 3243 5053 procedentem
3290 5001 3303 5041 :
3365 4986 3628 5057 adeoque

1987 5089 2185 5128 verum
2249 5071 2434 5126 Deum
2485 5071 2706 5141 docere,
2751 5072 3248 5142 quemadmodum
3310 5074 3629 5129 docuerant

1988 5161 2204 5217 Nicaani
2236 5164 2451 5230 Patres,
2483 5159 2693 5214 Filium
2725 5176 2854 5215 esse
2876 5177 3078 5216 verum
3113 5161 3298 5216 Deum
3347 5179 3414 5218 ac
3467 5162 3625 5218 Patri

1989 5248 2568 5319 consubstantialem,
2621 5252 2822 5320 utpote
2872 5253 3073 5306 natum
3126 5251 3510 5324 genitumque
3557 5267 3628 5307 ex

1988 5340 2174 5394 Patre.
2209 5339 2334 5395 Non
2367 5336 2559 5392 solum
2615 5353 2687 5391 ex
2718 5342 2881 5392 Patre
2903 5338 3304 5409 procedentem,
3335 5344 3401 5396 ut
3445 5340 3625 5411 Spiri-

1988 5432 2116 5483 tum
2148 5431 2415 5483 sanctum
2443 5426 2816 5481 ostenderent
2844 5443 3047 5482 verum
3082 5429 3284 5496 Deum,
3316 5430 3416 5484 sed
3448 5428 3627 5484 etiam

1969 5533 2057 5586 ex
2084 5517 2229 5572 Filio
2261 5533 2326 5570 ac
2346 5531 2448 5585 per
2475 5515 2697 5577 Filium,
2731 5519 2833 5570 aut
2862 5533 3136 5588 expressa
3181 5517 3494 5586 locutione,
3527 5521 3630 5573 aut

1989 5605 2178 5661 verbis
2236 5605 2388 5660 112
2465 5603 2998 5675 aaquipollentibus,
3077 5605 3342 5661 Ecclesiae
3427 5607 3631 5661 Patres

1990 5695 2124 5749 data
2155 5692 2476 5760 occasione,
2507 5691 2789 5748 catholico
2839 5710 3012 5749 sensu
3059 5693 3233 5764 longe
3283 5694 3508 5750 diverso
3558 5694 3630 5749 ab

1990 5783 2350 5839 Eunomiano
2399 5787 2454 5837 et
2507 5780 3002 5854 Apollinaristico,
3054 5783 3340 5838 docebant
3381 5800 3393 5838 :
3449 5782 3626 5852 idque
