4094 6438
467 465 582 528 119

470 598 767 656 Dominum
821 614 931 655 non
985 600 1043 654 in
1101 603 1306 656 incerto
1354 601 1662 672 reliquisse,
1723 602 2103 672 proﬁtebatur
2131 598 2185 663 Α
2213 599 2360 652 enim
2411 599 2680 669 Spiritum
2737 605 2789 655 et
2844 601 2943 655 Dei
2996 598 3310 671 appellavit,
3351 606 3402 655 et
3450 597 3672 655 Christi.
3734 605 3856 657 Non

472 688 754 756 Hilarius,
783 689 884 744 lib.
915 706 1015 744 vm
1063 691 1136 745 De
1183 691 1461 761 Trinitate,
1505 708 1668 761 num,
1715 692 1804 745 20.
1854 690 2107 746 Anatha-

473 778 751 832 matismo
781 795 932 832 nono
982 778 1134 833 inter
1182 779 1347 845 alios,
1381 796 1529 851 quos
1577 797 1644 834 ex
1691 780 1934 834 concilio
1987 779 2109 834 Ale-

473 868 779 934 xandrino,
813 884 965 922 anno
997 868 1119 931 430,
1156 869 1224 923 ad
1257 869 1540 924 Joannem
1591 869 1831 923 miserat
1862 868 2110 941 Cyrillus

474 955 922 1011 Alexandrinus.
957 957 1242 1027 Spiritum
1274 963 1542 1012 sanctum
1568 959 1808 1012 docebat
1825 961 2113 1029 proprium

473 1045 606 1101 Filii
634 1061 762 1099 esse.
795 1045 993 1116 Carpit
1040 1047 1157 1100 haec
1206 1047 1381 1101 verba
1438 1047 1833 1102 Theodoretus
1882 1049 1938 1101 in
2001 1048 2107 1103 Re-

477 1133 864 1204 prehensione
911 1134 1220 1189 duodecim
1270 1135 1469 1206 Cyrilli
1519 1135 1976 1205 anathematum,
2009 1152 2110 1191 seu

475 1221 533 1275 in
565 1221 826 1291 Epistola
855 1223 926 1276 ad
959 1223 1244 1277 Joannem
1279 1223 1701 1278 Antiochenum
1733 1224 2069 1296 episcopum
2097 1242 2109 1279 :

481 1330 508 1359 «
542 1312 843 1378 Proprium
872 1315 1055 1364 autem
1085 1313 1217 1365 Filii
1247 1313 1530 1382 Spiritum.
1567 1313 1856 1384 inquiens,
1891 1315 1939 1368 si
1985 1315 2114 1385 qui-

477 1399 609 1453 dem
659 1404 722 1452 ut
775 1399 1017 1470 ejusdem
1072 1415 1195 1454 cum
1250 1417 1312 1455 eo
1370 1404 1584 1455 natura;
1632 1406 1688 1456 et
1716 1417 1784 1456 ea:
1811 1404 1973 1456 Patre
1996 1419 2117 1474 pro-

476 1487 748 1542 cedentem
795 1487 961 1555 dixit,
1001 1487 1177 1542 simul
1232 1490 1656 1559 conﬁtebimur,
1713 1495 1768 1544 et
1837 1496 2116 1561 tanquam

480 1576 638 1648 piam
671 1575 1065 1647 suscipiemus
1093 1579 1374 1632 voeemfi
1405 1595 1534 1633 vero
1557 1585 1835 1650 tanquam
1867 1595 1937 1634 ea:
1957 1581 2114 1649 Filio,

483 1670 582 1720 aut
618 1680 715 1734 per
743 1665 956 1720 Filium
1001 1666 1400 1721 exsistentiam
1446 1666 1672 1736 habeat,
1725 1667 1832 1722 hoc
1885 1673 1947 1722 ut
1993 1668 2117 1722 bla-

483 1755 794 1825 sphemum
845 1758 901 1808 et
931 1754 1176 1826 impium
1212 1755 1563 1826 rejiciemus.
1601 1779 1628 1805 »
1661 1757 1898 1813 Errasse
1927 1757 2118 1813 Theo-

482 1844 770 1909 doretum,
807 1843 1047 1899 adnotat
1095 1849 1335 1900 sanctus
1375 1844 1651 1914 Thomas,
1698 1862 1762 1900 ac
1809 1846 1917 1900 viri
1965 1847 2116 1902 docti

483 1930 856 1986 consentiunt
887 1949 1034 2003 quos
1063 1931 1450 1987 laudavimus.

553 2020 977 2076 Theodoretum
1007 2021 1368 2076 arbitrantur
1425 2021 1542 2089 alii,
1576 2038 1678 2093 pro
1709 2028 1852 2078 aestu
1885 2040 1998 2095 quo
2039 2023 2121 2077 la-

483 2109 727 2163 borabat
748 2108 1026 2180 Cyrillum
1049 2109 1343 2180 carpendi,
1366 2110 1559 2182 Cyrilli
1581 2111 1750 2166 dictis
1772 2111 2125 2182 imposuisse

485 2200 889 2253 Eunomianum
945 2203 1004 2253 ot
1060 2199 1568 2270 Apollinaristicum
1634 2216 1894 2254 sensum.
1928 2201 2126 2271 Neque

488 2286 680 2342 solum
738 2288 912 2341 verba
989 2287 1465 2342 anathematismi
1539 2288 1864 2355 vellicabat,
1923 2305 2125 2344 verum

482 2375 659 2431 etiam
724 2375 986 2446 ejusdem
1045 2376 1516 2431 anathematismi
1547 2376 2032 2448 explanationem,
2066 2379 2124 2432 in

486 2465 708 2533 synodo
741 2465 1031 2536 Ephesina
1076 2466 1510 2536 pronuntiatam
1546 2482 1558 2520 :
1610 2467 1724 2520 Etsi
1773 2469 2126 2538 unigenitum

485 2554 583 2608 Dei
618 2553 863 2618 Verbum,
895 2553 1192 2623 inquiens,
1232 2555 1386 2609 homo
1416 2557 1621 2624 factum
1649 2564 1744 2624 est,
1793 2557 1994 2610 mansit
2039 2560 2121 2609 ta-

484 2657 612 2697 men
669 2643 829 2708 Deus,
877 2643 1062 2696 omnia
1115 2651 1316 2710 praeter
1359 2644 1533 2697 solum
1570 2644 1960 2710 paternitatem
2001 2660 2125 2698 cum

485 2735 658 2788 Patre
704 2733 1017 2786 communia
1065 2731 1303 2786 habens:
1338 2732 1687 2804 Spritumque
1737 2741 2006 2801 sanctum,
2030 2735 2127 2803 qui

483 2837 556 2875 ex
586 2822 701 2890 ipso
728 2827 828 2884 est,
863 2822 1072 2890 ipsique
1109 2822 1474 2875 essentialiter
1524 2823 1680 2886 inest,
1711 2824 1995 2892 proprium
2024 2822 2122 2874 ha-

487 2909 633 2964 bens.
694 2912 823 2963 Haec
869 2909 928 2963 in
988 2924 1055 2964 ea
1106 2909 1351 2964 docebat
1407 2909 1821 2981 Explanatione
1878 2909 2123 2980 Cyrillus

484 3003 685 3052 contra
737 2997 1117 3053 Orientalium
1150 2999 1376 3070 objecta
1431 3016 1443 3052 :
1507 2998 1722 3068 quibus
1782 2999 2121 3053 hmreticum

484 3103 722 3142 sensum
756 3086 1074 3158 afﬁngebat
1095 3087 1498 3142 Theodoretus
1520 3088 1768 3142 nimium
1801 3088 2120 3142 subiratus.

486 3177 629 3231 Rem
687 3175 766 3230 ita
823 3191 970 3243 esse,
1011 3193 1078 3232 ex
1128 3177 1254 3247 ipso
1284 3176 1645 3231 Theodoreto
1676 3177 2037 3231 addiscimus
2064 3177 2122 3231 in

486 3264 744 3336 Epistola
774 3266 845 3320 ad
888 3265 1245 3319 monasteria
1291 3287 1318 3313 ‹‹
1355 3264 1725 3335 Blasphemat
1753 3266 2119 3336 (inquiente),

487 3327 549 3409 et
573 3359 842 3408 sanctum
875 3353 1158 3425 Spiritum
1201 3369 1308 3408 non
1360 3369 1426 3408 ea:
1474 3327 1632 3409 Patre
1679 3327 1874 3424 ipsum
1925 3327 2122 3425 prece;
2155 3327 2196 3396 Ο

485 3443 619 3497 dere
675 3443 876 3497 dicens
933 3443 1257 3497 secundum
1316 3441 1543 3496 Domini
1593 3458 1838 3496 vocem:
1899 3443 1997 3498 sed
2055 3460 2127 3498 ex

483 3533 626 3586 Filio
646 3547 772 3586 esse.
827 3532 938 3586 Iste
984 3546 1116 3585 vero
1165 3531 1499 3602 Apollinarii
1545 3531 1836 3585 seminum
1899 3532 2124 3587 fructus

483 3624 571 3674 est
625 3636 636 3674 :
697 3620 1051 3690 propinquat
1105 3633 1237 3674 vero
1296 3619 1635 3674 Mancedonii
1699 3621 1778 3690 (et
1834 3619 2124 3690 Eunomii)

485 3708 753 3780 malignae
784 3708 1046 3762 culturas.
1072 3729 1099 3757 »
1125 3709 1527 3763 Eunomianam
1546 3724 1681 3778 ergo
1707 3713 1763 3763 et
1793 3710 2126 3780 Apollinari-

482 3799 682 3851 sticum
731 3812 973 3851 sensum
1020 3796 1231 3868 Cyrillo
1282 3797 1616 3867 imponebat
1662 3796 2054 3852 Theodoretus
2107 3816 2119 3853 :

485 3885 802 3956 ipsumque
833 3885 941 3939 hoc
969 3884 1140 3940 titulo
1170 3886 1476 3951 refutabat,
1511 3901 1576 3939 ac
1616 3885 1665 3939 si
1699 3889 1965 3940 sanctum
1994 3886 2121 3958 Spi-

491 3975 669 4028 ritum
724 3989 792 4028 ea:
835 3974 975 4028 Filio
1017 3989 1132 4028 esse
1160 3973 1472 4037 docuisset,
1504 3990 1613 4028 non
1643 3975 1809 4027 etiam
1838 3990 1906 4029 ex
1934 3979 2121 4030 Patre.

487 4061 758 4131 Iniquam
812 4078 1119 4116 censuram
1172 4061 1344 4116 verba
1388 4060 1563 4115 allata
1605 4060 1850 4125 elidunt,
1912 4063 2124 4130 quibus

484 4149 642 4205 idem
673 4150 927 4221 Spiritus
956 4152 1139 4204 omnia
1173 4150 1390 4204 dicitur
1428 4159 1630 4220 praeter
1665 4151 1838 4205 solum
1884 4154 2125 4220 paterni-

487 4242 653 4294 tatem
681 4255 808 4293 cum
835 4240 1003 4293 Patre
1040 4240 1351 4293 communia
1401 4238 1605 4293 habere
1635 4255 1648 4292 :
1704 4255 1768 4293 ac
1815 4238 2125 4294 innumera

490 4331 629 4383 sunt
677 4328 736 4382 in
779 4327 1043 4398 ejusdem
1101 4325 1295 4398 Cyrilli
1335 4326 1607 4398 operibus
1664 4327 1998 4382 testimonia
2053 4329 2124 4382 de

487 4417 700 4488 Spiritu
737 4420 938 4472 sancto
970 4433 1003 4470 a
1032 4417 1198 4470 Patre
1231 4415 1591 4486 procedente.

558 4505 714 4560 Intra
769 4505 988 4560 limites
1043 4505 1186 4560 istos
1217 4520 1331 4558 non
1388 4503 1619 4558 stetisse
1675 4504 2121 4575 Theodoretum,

487 4595 588 4650 sed
634 4593 885 4666 Spiritus
935 4593 1363 4664 processionem
1413 4607 1483 4647 ex
1528 4593 1685 4661 Filio,
1737 4593 1857 4648 sive
1905 4610 2000 4662 per
2027 4597 2122 4650 Fi-

1481 468 1800 532 GEORGII
1842 464 2104 528 CYPRII
2149 461 2266 524 GP.
2314 465 2840 530 PATRIARCHE

3743 464 3857 528 120

2218 687 2380 756 quod,
2415 695 2473 741 ut
2523 689 2704 743 volent
2749 691 2991 744 haretici
3019 689 3361 754 exsecrandi,
3395 705 3468 744 ea:
3497 691 3599 744 Deo
3635 706 3736 761 per
3765 691 3856 745 Fi-

2220 776 2360 829 lium
2389 782 2605 831 creatus
2642 780 2713 833 sit
2738 796 2750 832 :
2782 778 2872 834 sed
2903 781 3033 849 quia
3071 786 3150 832 est
3195 779 3438 850 ejusdem
3465 794 3590 833 eum
3619 779 3782 834 Patre
3807 788 3857 834 et

2220 865 2362 920 Filio
2411 865 2734 922 substantiae
2769 885 2780 921 :
2826 884 2894 922 ex
2939 869 3102 921 Patre
3147 866 3365 937 quidem
3411 867 3649 937 procedit
3696 869 3859 939 juxta

2219 954 2588 1021 evangelicum
2643 955 2968 1020 doctrinam,
3031 960 3152 1026 ejus
3197 960 3380 1009 autem
3425 958 3606 1025 gratia
3652 958 3724 1010 iis
3767 958 3861 1028 qui

2222 1042 2383 1111 digni
2412 1047 2536 1096 sunt
2566 1060 2666 1113 per
2695 1045 2970 1098 Christum
3000 1044 3404 1115 suppeditatur.
3438 1045 3560 1107 Quo
3592 1043 3716 1098 loco
3750 1046 3861 1099 mi-

2225 1147 2334 1185 nus
2391 1136 2656 1186 accurate
2716 1133 3098 1188 disserentem
3152 1133 3402 1188 fatemur
3431 1133 3855 1189 Theodoretum

2224 1237 2326 1291 pro
2361 1221 2638 1291 temporis
2669 1221 3020 1288 conditione,
3055 1238 3169 1292 quo
3211 1222 3284 1277 de
3325 1221 3577 1293 Spiritus
3625 1239 3858 1293 proces-

2225 1307 2386 1363 sione
2447 1325 2560 1364 non
2620 1311 2899 1381 agebatur
2951 1327 2961 1364 :
3024 1326 3208 1380 eoque
3267 1311 3554 1382 praecipue
3611 1317 3862 1366 mentem

2225 1414 2390 1452 suam
2426 1397 2704 1453 direxisse
2763 1398 2933 1468 plane
3002 1404 3248 1463 constat,
3295 1405 3358 1454 ut
3414 1400 3696 1471 Spiritum
3732 1417 3863 1456 san-

2226 1491 2385 1541 ctum
2421 1494 2657 1559 negaret
2687 1506 2718 1542 a
2749 1491 2887 1544 Filio
2924 1491 3157 1558 factum,
3205 1493 3307 1544 aut
3355 1506 3458 1561 per
3505 1489 3713 1544 Filium
3763 1490 3865 1545 ha-

2228 1576 2361 1630 bere
2394 1578 2792 1632 exsistentiam
2820 1579 2990 1647 juxta
3019 1579 3435 1634 exsecrandam
3469 1579 3736 1634 haeresim
3761 1579 3871 1634 Eu-

2227 1665 2431 1732 nontii,
2492 1666 2831 1732 Macedonii,
2892 1665 3254 1738 Apollinarii,
3303 1667 3569 1738 Spiritum
3620 1677 3868 1721 sanctum

2226 1757 2541 1808 creaturam
2591 1760 2882 1820 creaturae,
2915 1755 3012 1810 hoc
3057 1764 3134 1810 est
3170 1757 3236 1809 ab
3286 1757 3401 1826 ipso
3447 1754 3593 1811 Filio
3622 1761 3870 1811 creatum

2227 1845 2544 1912 volentium,
2579 1848 2641 1898 ut
2689 1844 2769 1898 ait
2813 1843 3195 1915 Augustinus,
3223 1843 3369 1899 libro
3420 1845 3495 1900 De
3547 1845 3868 1912 haresibus,

2153 1967 2200 2031 B
2231 1931 2289 1985 in
2321 1933 2564 1986 Arionis.

2307 2019 2434 2074 Alia
2466 2020 2700 2075 demum
2743 2020 3095 2076 Theodoreti
3131 2022 3454 2076 atteruntur
3480 2022 3655 2077 verba
3680 2023 3738 2076 in
3769 2023 3876 2077 Ex-

2238 2108 2525 2178 positione
2577 2110 2776 2181 primaa
2806 2110 2876 2164 ad
2909 2110 3238 2164 Corinthios
3269 2109 3557 2182 Epistolis,
3592 2111 3778 2182 capite
3807 2128 3868 2166 ιι.

2238 2198 2266 2265 ᾖ
2301 2199 2366 2250 12
2402 2214 2414 2250 :
2449 2199 2545 2252 Dei
2572 2213 2768 2252 nomen
2800 2200 2856 2252 in
2887 2214 3085 2253 nomen
3112 2200 3301 2253 Patris
3340 2207 3645 2255 commutat
3673 2199 3741 2253 ad
3772 2214 3874 2254 ea:-

2233 2286 2555 2341 cludendam
2604 2289 2999 2357 processionem
3055 2305 3090 2342 a
3135 2289 3274 2342 Filio
3324 2305 3336 2342 :
3398 2288 3487 2342 sed
3517 2289 3650 2359 ipse,
3707 2291 3803 2359 qui
3839 2305 3874 2343 a

2238 2377 2398 2429 Patre
2422 2374 2681 2446 procedit,
2715 2375 2950 2446 Spiritus
2979 2377 3192 2430 occulta
3224 2378 3484 2446 mysteria
3528 2391 3627 2431 nos
3671 2375 3871 2431 docuit.

2233 2466 2364 2518 Hinc
2397 2480 2510 2517 non
2544 2463 2836 2518 habentur
2865 2465 3037 2519 verba
3068 2464 3126 2518 in
3177 2464 3429 2519 editione
3460 2465 3741 2534 Garnerii,
3774 2465 3874 2518 ubi

2235 2552 2317 2606 sic
2344 2551 2638 2620 legimus:
2697 2553 2943 2607 Ostendit
2990 2553 3260 2625 Spiritum
3302 2561 3555 2608 sanctum
3598 2567 3710 2608 non
3757 2567 3878 2608 esse

2234 2655 2417 2694 rerum
2443 2649 2752 2694 creatarum
2793 2650 3044 2712 partem:
3095 2642 3184 2696 sed
3231 2658 3390 2695 suam
3444 2641 3641 2696 habere
3696 2659 3726 2695 a
3773 2643 3879 2697 Deo

2233 2729 2652 2783 substantiam...
2691 2730 2794 2784 Sed
2845 2731 2978 2801 ipse,
3007 2731 3105 2801 qui
3163 2747 3196 2784 a
3251 2731 3413 2784 Patre
3468 2730 3732 2802 procedit,
3765 2735 3873 2786 etc.

2231 2817 2657 2871 Theodoretum
2691 2833 2826 2888 ergo
2858 2823 3053 2890 aperte
3075 2818 3329 2890 Spiritus
3347 2819 3781 2889 processionem
3806 2820 3879 2874 ab

2234 2911 2481 2976 utroque
2513 2922 2778 2977 negasse,
2812 2908 3071 2961 nondum
3099 2911 3345 2962 constat.

2309 2997 2468 3048 llunc
2518 2995 2768 3065 denique
2817 2995 3114 3066 redarguit
3166 2996 3444 3066 Aquinas,
3489 3011 3554 3051 ac
3605 2997 3654 3051 si
3699 2995 3873 3051 verba

2233 3084 2497 3154 quaedam
2530 3083 2739 3154 Cyrillo
2772 3085 3078 3149 efﬁnxerit,
3111 3083 3286 3138 veluti
3335 3085 3407 3139 ab
3454 3083 3582 3154 ipso
3631 3085 3872 3155 scripta,

2232 3187 2363 3226 cum
2396 3171 2510 3225 alia
2539 3173 2835 3242 scripserit
2881 3171 3052 3243 longe
3100 3171 3346 3228 diversa.
3397 3173 3459 3227 In
3491 3171 3751 3244 Epistola
3795 3173 3868 3227 ad

2231 3261 2515 3316 Joannem
2563 3260 2991 3314 Antiochenum
3039 3260 3437 3316 Theodoretus
3476 3261 3574 3327 ait,
3609 3278 3672 3316 se
3698 3262 3871 3332 perle-

2233 3351 2372 3420 gisse
2409 3351 2756 3420 Egyptiacas
2788 3349 3020 3412 litteras,
3057 3365 3090 3402 a
3130 3348 3341 3420 Cyrillo
3391 3349 3597 3404 datas:
3651 3349 3710 3404 in
3753 3349 3875 3405 eis-

2235 3455 2345 3508 que
2406 3439 2629 3494 dictum
2680 3437 2947 3503 inveniri,
3010 3437 3279 3509 Spiritum
3333 3446 3583 3493 sanctum
3637 3454 3748 3493 non
3805 3454 3877 3495 ea:

2234 3529 2394 3593 Filio,
2426 3535 2520 3582 aut
2547 3544 2648 3598 per
2677 3528 2881 3581 Filium
2910 3529 3242 3582 exstantium
3270 3527 3508 3594 habere;
3555 3529 3652 3583 sed
3699 3545 3735 3581 α
3765 3533 3876 3584 Ρα-

2234 3625 2314 3672 tre
2357 3615 2665 3686 procedere.
2695 3615 3088 3687 prapriumque
3133 3618 3267 3671 Filii
3322 3616 3452 3685 dici,
3494 3619 3623 3688 quia
3647 3617 3875 3672 consub-

2232 3706 2506 3761 stantiatis
2537 3709 2634 3761 est.
2683 3705 2783 3759 His
2837 3705 3099 3774 ejusdem
3149 3705 3345 3776 Cyrilli
3383 3705 3443 3760 in
3486 3705 3744 3777 Epistola
3800 3708 3876 3762 ad

2230 3793 2516 3848 Joannem
2575 3810 2676 3864 per
2734 3792 2977 3847 Paulum
3011 3794 3228 3848 Emesa
3278 3793 3616 3864 episcopum
3667 3794 3876 3862 missa,

2233 3882 2394 3954 paria
2423 3899 2537 3936 non
2587 3886 2748 3948 sunt,
2793 3898 2921 3952 qua;
2967 3881 3141 3936 verba
3184 3881 3506 3953 leguntur:
3561 3886 3683 3937 Non
3724 3885 3877 3938 enim

2234 3973 2422 4026 Patres
2468 3972 2571 4042 ipsi
2621 3969 2790 4025 locuti
2835 3978 2963 4024 sunt
3008 3969 3223 4040 (inquit
3251 3969 3390 4041 ille),
3438 3971 3529 4026 sed
3557 3972 3672 4042 ipse
3700 3971 3880 4041 Spiri-

2233 4068 2316 4114 tus
2368 4061 2484 4124 Dei,
2542 4068 2591 4114 et
2637 4061 2841 4113 Patris.
2897 4060 3003 4126 Qui
3055 4059 3297 4130 procedit
3345 4060 3566 4129 quidem
3612 4075 3682 4114 ea:
3709 4063 3873 4132 ipso:

2230 4163 2331 4202 nec
2360 4148 2423 4202 ob
2458 4147 2516 4202 id
2546 4156 2724 4202 tamen
2774 4147 3073 4202 secundum
3122 4149 3372 4204 essentia.0
3417 4148 3686 4203 rationem
3733 4149 3877 4205 alie-

2231 4253 2336 4291 nus
2365 4243 2446 4291 est
2479 4254 2513 4291 a
2541 4237 2702 4291 Filio.
2738 4236 3048 4290 Fatebatur
3079 4235 3348 4307 Cyrillus,
3402 4238 3710 4308 procedere
3739 4237 3876 4310 Spi-

2235 4326 2411 4380 ritum
2444 4343 2478 4380 a
2507 4330 2710 4380 Patre:
2745 4325 2960 4380 diserte
2984 4341 3096 4380 non
3128 4325 3413 4396 expressit
3443 4327 3878 4396 processionem

2233 4414 2358 4482 ejus
2392 4430 2424 4468 a
2463 4413 2604 4469 Filio
2639 4431 2650 4467 :
2683 4414 2782 4467 sed
2810 4413 3004 4484 ipsum
3036 4417 3231 4467 tamen
3263 4414 3566 4484 proﬁtetur
3593 4430 3703 4470 non
3734 4417 3882 4471 alie-

2230 4519 2364 4556 num
2395 4520 2428 4556 a
2457 4503 2616 4557 Filio.
2652 4502 2781 4557 Haec
2831 4502 2910 4556 ita
2965 4501 3248 4556 referebat
3276 4501 3698 4573 Theodoretus,
3731 4521 3795 4560 ac
3828 4506 3882 4560 si

2232 4591 2498 4662 Cyrillus,
2552 4595 2616 4645 ut
2661 4591 2835 4644 iniret
2878 4589 3127 4660 denique
3177 4605 3402 4660 pacem,
3453 4593 3608 4646 114
3638 4599 3883 4663 negaret

487 4683 626 4737 tium
656 4685 894 4737 omnino
928 4697 1191 4754 negasse,
1226 4681 1333 4735 viri
1385 4681 1537 4735 dooti
1577 4681 1846 4753 colligam
1886 4682 1996 4736 sibi
2044 4685 2124 4737 vi-
2159 4693 2200 4756 ι’)
2234 4679 2664 4750 processionem
2711 4679 2962 4750 Spiritus
3009 4695 3085 4731 ea:
3129 4679 3268 4732 Filio
3315 4683 3418 4732 aut
3473 4695 3570 4750 per
3615 4681 3825 4736 Filium
3861 4698 3876 4736 :

486 4772 699 4826 dentur
741 4789 807 4826 ex
852 4773 1056 4827 eodem
1085 4773 1146 4826 in
1177 4769 1434 4842 Epistola
1464 4771 1535 4824 ad
1572 4771 1925 4826 monasteria
1956 4772 2120 4826 testi-

490 4861 706 4924 monio,
741 4861 895 4931 quod
936 4861 1018 4914 ita
1057 4861 1112 4913 in
1157 4859 1452 4931 aliquibus
1494 4858 1790 4914 codicibus
1839 4860 2121 4932 scriptum

489 4947 743 5019 legitur:
783 4948 1129 5019 Blasphemat
1175 4953 1226 5002 et
1274 4949 1333 5002 in
1381 4947 1649 5018 Spiritum
1696 4952 1964 5018 sanctum,
1997 4950 2127 5004 dum

489 5052 596 5090 non
627 5052 695 5090 ex
722 5038 885 5090 Patre
913 5038 1023 5090 solo
1053 5037 1214 5090 illum
1262 5038 1454 5090 usserit
1499 5035 1799 5106 procedere.
1854 5037 1964 5090 Sed
2014 5038 2127 5092 ista

493 5128 648 5178 caret
678 5122 1028 5192 exclusione,
1060 5124 1191 5188 solo,
1222 5123 1420 5177 eadem
1453 5122 1700 5193 epistola
1729 5140 1761 5177 a
1799 5125 1951 5178 na
1984 5125 2124 5179 Gar-

495 5212 653 5266 nerio
684 5212 911 5283 vulgata
942 5213 1000 5264 in
1029 5212 1300 5266 Auctario
1351 5211 1419 5264 ad
1470 5212 1685 5265 librum
1737 5211 2121 5284 Epistolarum

492 5301 856 5371 Theodoreti,
907 5305 962 5354 et
1009 5300 1272 5370 ejusdem
1322 5300 1713 5371 fragmentum
1761 5300 2014 5372 epistola:
2065 5303 2122 5358 in

491 5391 711 5459 synodo
738 5408 770 5446 v
802 5389 1160 5444 oecumenica
1191 5387 1497 5443 collatione
1527 5390 1580 5442 5.

560 5481 770 5533 Contra
820 5479 996 5532 ﬁdem
1054 5476 1242 5548 ipsius
1293 5477 1635 5532 Theodoreti
1687 5479 1896 5549 opponi
1945 5479 2120 5534 etiam

486 5569 661 5622 verba
720 5567 925 5633 solent,
963 5583 1091 5637 qua
1141 5565 1428 5619 habentur
1467 5565 1527 5619 in
1572 5567 1941 5638 Expositione
1988 5569 2120 5640 Epi-

492 5657 649 5712 stola:
701 5657 768 5710 ad
823 5656 1137 5721 Romanos,
1183 5671 1309 5725 cap.
1360 5654 1412 5721 8,
1463 5671 1624 5709 num.
1663 5657 1718 5709 11
1758 5674 1769 5710 :
1805 5661 1998 5713 Docuit
2026 5674 2124 5713 nos

493 5748 546 5802 in
608 5748 690 5801 his
741 5747 912 5802 verbis
970 5761 1137 5799 unam
1185 5742 1494 5798 divinitatis
1539 5752 1795 5800 naturam
1830 5763 1842 5800 :
1877 5752 2122 5803 sanctum

2233 4769 2386 4838 quod
2421 4766 2678 4838 intelligo
2699 4768 2870 4836 juxta
2900 4765 3194 4834 delirium,
3227 4767 3379 4838 quod
3409 4767 3519 4838 ipsi
3545 4769 3875 4838 efﬂuxerat,

2234 4857 2304 4911 ab
2339 4855 2644 4922 Eunomio,
2679 4861 2736 4910 et
2766 4855 3122 4921 Macedonio,
3155 4859 3212 4910 et
3239 4854 3594 4926 Apollinario
3645 4860 3876 4930 excogi-

2235 4949 2444 4998 tatum.
2476 4945 2632 4998 Hanc
2663 4944 2816 4998 inter
2845 4959 2943 4998 eos
2976 4959 3152 4998 unam
3187 4943 3464 5015 agitatam
3497 4945 3678 5002 fuisse
3735 4963 3877 5002 con-

2234 5032 2595 5098 troversiam,
2657 5049 2772 5087 non
2832 5032 3027 5098 aliam,
3078 5031 3569 5088 verisimillimum
3609 5040 3717 5090 est.
3751 5039 3880 5101 Quo

2235 5121 2618 5176 nihilominus
2650 5121 2914 5176 hmretico
2975 5136 3174 5185 sensu,
3208 5138 3383 5192 quem
3425 5138 3592 5178 voces
3631 5140 3732 5194 per
3779 5127 3882 5180 Fi-

2234 5212 2375 5265 lium
2407 5212 2658 5280 objicere
2688 5211 2868 5265 menti
2901 5214 3167 5281 poterant
3196 5227 3314 5264 non
3368 5210 3655 5278 obstante,
3688 5227 3884 5285 neque

2233 5301 2498 5354 obstante
2531 5299 2680 5354 facta
2727 5298 2933 5371 Cyrillo
2984 5298 3431 5369 reprehensione
3479 5316 3582 5372 per
3611 5300 3881 5358 Theodo-

2233 5393 2442 5450 retum,
2476 5388 2756 5458 Spiritum
2791 5391 3058 5442 sanctum
3090 5386 3350 5442 conﬁteri
3397 5390 3575 5444 Graeci
3621 5391 3882 5448 maxime

2234 5476 2429 5530 Patres
2463 5481 2856 5547 perrexerunt,
2889 5492 2958 5530 ea:
2987 5476 3149 5529 Patre
3173 5475 3465 5545 procedere
3489 5493 3592 5548 per
3619 5479 3822 5534 Filium
3861 5497 3876 5536 :

2232 5565 2727 5637 quemadmodum
2760 5565 2934 5619 etiam
2969 5563 3156 5618 Latini
3189 5581 3257 5619 ea:
3287 5569 3451 5620 Patre
3472 5565 3685 5636 ipsum,
3719 5573 3777 5623 et
3805 5583 3883 5624 ex

2231 5655 2369 5709 Filio
2396 5655 2774 5725 procedentem
2817 5653 3121 5708 docebant.
3150 5652 3360 5708 Vocem
3402 5671 3506 5726 per
3553 5655 3880 5714 adhibuere

2233 5745 2513 5808 Graeci,ut
2543 5742 2832 5815 spirativaa
2865 5741 3098 5797 virtutis
3130 5741 3346 5814 unitas,
3372 5759 3499 5814 quae
3531 5743 3687 5801 Patri
3718 5745 3879 5804 inest
