4094 6458
294 495 399 556 {Si

1514 499 1726 564 VITA.
1761 532 1839 548 —
1865 500 2388 564 DlSSERTATIO
2427 501 2478 564 I.

3574 490 3692 554 122

293 645 329 686 a
354 645 440 697 se,
467 633 522 686 et
551 628 697 686 Filio
728 630 1223 688 communicatae
1247 633 1432 700 Patre,
1458 635 1718 706 adeoque
1743 635 1939 691 unitas
1966 635 2023 701 Α
2052 635 2173 692 solo
2199 653 2212 702 ;
2273 636 2321 691 si
2368 637 2438 692 ab
2490 635 2588 692 illo
2638 650 2753 691 non
2805 631 3094 706 acciperet
3141 628 3344 698 Filius,
3395 631 3460 685 ut
3489 627 3560 684 ab
3589 625 3689 683 illo

297 718 555 791 principii
594 723 699 774 aut
744 736 962 786 causas,
994 722 1244 778 maxime
1295 724 1700 779 innotesceret.
1736 723 1799 779 In
1829 742 1942 779 usu

297 808 718 878 prapositionis
751 825 823 863 ex
854 809 1047 864 Latini
1081 815 1386 878 steterunt,
1423 830 1524 884 pro
1551 817 1707 868 certo
1729 813 1944 868 haben-

295 901 377 951 tes
410 915 423 950 ε
456 896 606 967 quod
638 896 782 951 sicut
815 899 981 953 Pater
1027 907 1080 954 et
1127 899 1300 956 Filius
1328 917 1472 955 unus
1501 910 1579 956 est
1603 903 1764 968 Deus,
1795 906 1845 957 et
1874 900 1943 956 ad

296 995 604 1040 creaturam
633 987 883 1042 relative
911 1003 1057 1042 unus
1105 997 1333 1054 creator,
1365 998 1418 1044 et
1463 1007 1607 1045 unus
1649 992 1940 1058 Dominus,

294 1077 374 1142 {ut
400 1076 480 1128 ait
508 1076 915 1146 Augustinus,
949 1077 1099 1132 libro
1143 1093 1176 1130 ν
1226 1079 1296 1134 De
1347 1080 1626 1149 Trinitate,
1670 1096 1796 1150 cap.
1832 1079 1943 1150 14.)

291 1167 368 1218 sic
395 1162 649 1219 relative
677 1164 750 1219 ad
781 1167 1056 1236 Spiritum
1087 1174 1332 1221 sanctum
1363 1183 1536 1222 unum
1561 1169 1899 1239 principium
1926 1188 1938 1224 :

289 1251 354 1306 ad
407 1256 731 1307 παίων-ατη
790 1270 914 1309 vero
967 1258 1152 1320 Pater,
1209 1264 1260 1310 et
1316 1256 1513 1327 Filius)
1587 1268 1639 1312 et
1705 1257 1943 1328 Spiritus

285 1357 454 1394 unum
479 1343 869 1413 principium,
899 1344 1044 1398 sicut
1091 1359 1234 1399 unus
1280 1347 1531 1411 Greater,
1563 1353 1614 1400 et
1659 1362 1801 1400 unus
1840 1348 1941 1401 Do-

283 1429 488 1484 mima.

352 1517 504 1572 VIII.
541 1517 748 1589 Operae
781 1518 1158 1590 dispendium
1210 1537 1324 1575 non
1370 1522 1564 1590 fuerit,
1597 1522 1942 1579 catholicam

279 1607 574 1678 integram
610 1607 967 1674 doctrinam,
1004 1610 1158 1680 quod
1186 1611 1467 1666 tributam
1499 1611 1557 1666 in
1590 1617 1782 1682 partes
1811 1612 1944 1668 hac-

277 1698 452 1749 tenus
506 1693 982 1766 explanavimus,
1017 1699 1360 1769 compendio
1412 1699 1590 1754 simul
1637 1700 1940 1756 collectam

278 1787 585 1853 postremo
617 1782 749 1839 loco
787 1784 1076 1841 exhibere.
1123 1786 1186 1842 In
1231 1786 1391 1842 lucro
1441 1789 1634 1856 fuerit,
1686 1789 1736 1844 si
1779 1806 1940 1844 sum-

280 1887 438 1926 mam
469 1872 634 1926 hanc
693 1872 939 1942 objectis
996 1874 1071 1930 iis
1142 1877 1652 1933 accommodemus
1727 1878 1942 1948 quibus

276 1960 592 2058 victoriam
620 1961 811 2018 altera
839 1962 1034 2064 saeculi
1065 1964 1202 2019 noni
1250 1970 1409 2036 parte
1457 1971 1658 2066 contra
1701 1967 1938 2023 Latinos
1970 2001 2018 2066 Β

279 2049 465 2104 nimia
528 2051 902 2121 przeﬁdentia
945 2053 1056 2108 sibi
1115 2053 1359 2109 Photius
1416 2053 1817 2125 pollicebatur.
1877 2056 1940 2111 Id

276 2154 407 2192 vero
439 2155 586 2194 cum
619 2141 809 2211 egerit
838 2139 1302 2197 luculentissima
1330 2143 1585 2199 Joannes
1633 2145 1850 2200 Beccus
1882 2145 1940 2198 in

275 2227 546 2282 oratione
573 2228 651 2283 de
700 2229 916 2284 unione
961 2229 1376 2298 Ecclesiarum,
1412 2249 1444 2286 a
1493 2249 1658 2287 num.
1690 2233 1780 2299 36,
1814 2235 1942 2304 ejus

273 2317 451 2371 verba
532 2317 1045 2389 refutationesque
1102 2320 1286 2375 satius
1361 2321 1535 2376 fuerit
1593 2321 1938 2378 exscribere-

279 2404 336 2459 ld
373 2406 436 2475 (1)
474 2405 734 2476 opponit
793 2405 891 2461 ille
946 2407 1006 2461 in
1064 2407 1308 2477 epistola
1334 2412 1388 2479 2,
1430 2408 1488 2465 in
1546 2409 1796 2466 editione
1852 2411 1945 2466 Ri-

279 2492 484 2548 chandi
511 2493 864 2549 Montacutii
904 2512 916 2549 :
949 2495 1011 2550 Si
1037 2495 1277 2568 simplex
1306 2496 1544 2568 Spiritus
1573 2505 1666 2569 est,
1717 2514 1786 2554 ex
1829 2501 1940 2554 Pa-

277 2586 356 2637 tre
387 2598 523 2638 vero
573 2587 628 2638 et
675 2584 822 2638 Filio
867 2585 1149 2653 procedit;
1179 2587 1400 2641 omnino
1447 2586 1507 2641 hi
1555 2603 1667 2642 una
1709 2604 1946 2659 persona

278 2671 722 2742 reputabuntur,
761 2672 996 2744 indeque
1031 2677 1325 2730 contractio
1354 2675 1694 2744 Sabeltiana,
1724 2684 1820 2732 aut
1845 2694 1940 2749 po-

277 2763 384 2814 tius
416 2759 942 2817 Semi-Sabelliana
971 2763 1369 2820 introducetur.
1426 2787 1455 2813 α
1498 2765 1728 2821 Scimus
1784 2783 1942 2822 com-

278 2849 444 2904 muni
481 2851 788 2905 sententia
818 2855 1027 2907 nostras
1059 2851 1346 2921 Ecclesiae,
1397 2853 1648 2925 (reponit
1686 2855 1942 2927 Beccus),

282 2938 394 2992 dici
425 2938 706 3009 Spritnm
736 2954 806 2994 ex
849 2939 1014 2996 Patre
1059 2945 1118 2995 et
1163 2941 1302 2997 Filio
1346 2942 1620 3013 progredi,
1659 2945 1941 3016 profundi,

279 3029 588 3098 provenire
623 3043 635 3079 :
673 3030 730 3081 et
774 3027 932 3083 illius
981 3029 1416 3101 simplicitatem
1439 3033 1784 3099 conservari,
1820 3032 1947 3089 nul-

285 3114 535 3186 lamque
598 3116 738 3170 inde
780 3116 967 3172 Patris
1015 3123 1072 3174 et
1121 3117 1245 3174 Filii
1293 3120 1747 3176 contractionem
1806 3122 1946 3178 insi-

282 3205 480 3259 nuari.
544 3205 768 3275 Aperta
818 3205 938 3261 haec
993 3211 1084 3262 est
1139 3208 1578 3274 demonstratio,
1627 3211 1782 3282 quod
1839 3210 1944 3267 tibi

284 3293 626 3349 absurdum
658 3293 892 3349 videtur
919 3311 1034 3351 non
1084 3297 1274 3368 sequi,
1324 3297 1374 3352 si
1423 3313 1493 3352 ex
1532 3300 1700 3354 Patre
1728 3304 1780 3356 et
1804 3300 1942 3356 Filio

2052 741 2284 797 quoque
2311 725 2646 796 procederet
2676 723 2930 795 Spiritus
2959 724 3216 778 sanctus.

2121 815 2198 885 (4)
2256 814 2317 868 Si
2367 814 2615 884 producit
2673 813 2942 884 Spiritum
2997 812 3186 875 Pater,
3241 807 3497 879 producit
3557 822 3686 863 vero

2051 902 2214 957 illum
2243 906 2293 957 et
2320 903 2494 958 Filius
2514 919 2534 962 :
2590 904 2696 958 erit
2749 903 2916 956 Pater
2963 903 3015 954 et
3067 899 3352 969 contiguus
3397 895 3690 967 productor

2051 991 2308 1063 Spiritus,
2352 999 2402 1047 et
2447 993 2777 1062 longinquus
2822 997 3042 1061 prapter
3089 988 3243 1043 illius
3291 1003 3360 1041 ea:
3392 987 3530 1041 Filio
3557 1002 3686 1056 pro-

2050 1080 2375 1136 ductionem.
2410 1103 2437 1129 «
2471 1083 2557 1135 An
2590 1080 2649 1136 in
2681 1079 2809 1134 aliis
2841 1093 3093 1149 quoque,
3128 1092 3252 1147 quae
3283 1079 3386 1130 tua
3435 1073 3690 1130 Ecclesia

2051 1171 2244 1241 palam
2276 1167 2628 1224 conﬁtetur?
2658 1168 2805 1223 Nam
2838 1167 2885 1221 si
2919 1165 3223 1237 contiguas
3252 1168 3309 1219 et
3337 1163 3688 1235 longinquas

2050 1258 2456 1330 productiones
2507 1257 2810 1328 conﬁngit,
2844 1255 2983 1328 quia
3027 1255 3268 1310 Latinus
3311 1253 3472 1318 dicit,
3505 1251 3683 1324 Spiri-

2051 1352 2174 1402 tum
2214 1364 2282 1402 ex
2328 1347 2496 1402 Patre
2552 1351 2606 1402 et
2638 1345 2780 1402 Filio
2811 1343 3051 1417 produci
3085 1361 3097 1398 :
3141 1344 3268 1413 jam
3299 1341 3403 1396 tibi
3434 1357 3688 1397 commo-

2051 1437 2191 1490 dum
2225 1435 2417 1503 fuerit,
2460 1439 2516 1491 et
2563 1434 2884 1506 contiguas,
2919 1438 2977 1488 et
3021 1431 3368 1504 longinquas
3413 1431 3688 1502 profusio-

2048 1541 2163 1588 nes,
2197 1527 2530 1589 emissiones,
2545 1529 2595 1579 et
2620 1523 3082 1596 suppeditationes
3111 1519 3497 1587 comminisci,
3531 1520 3687 1591 quod

2051 1613 2165 1668 ista
2193 1613 2391 1668 omnia
2417 1629 2486 1669 ex
2515 1614 2684 1668 Patre
2734 1616 2792 1667 et
2823 1611 2965 1666 Filio
2996 1612 3349 1666 asseruntur.
3383 1631 3410 1658 »
3462 1607 3524 1664 In
3560 1624 3689 1681 pro-

2049 1702 2310 1758 cessione
2341 1701 2593 1774 Spiritus
2625 1700 2814 1756 sancti
2843 1701 2916 1756 ab
2947 1703 3216 1771 utroque,
3257 1697 3417 1753 nulla
3445 1701 3535 1754 est
3570 1696 3685 1752 vir-

2049 1791 2190 1846 tutis
2223 1790 2518 1857 mediatio,
2552 1791 2652 1846 sed
2684 1788 3144 1862 suppositorum.

2121 1880 2193 1950 (5)
2226 1879 2287 1934 Si
2313 1896 2383 1935 ex
2428 1885 2594 1935 Patre
2633 1881 2900 1951 processio
2930 1879 3171 1948 Spiritus
3215 1878 3399 1933 sancti
3440 1875 3689 1949 perfecta

2047 1977 2128 2025 est
2160 1984 2174 2022 :
2205 1984 2612 2040 supervacanea
2641 1969 2816 2037 igitur
2856 1984 2926 2022 ex
2963 1968 3126 2022 Filio.
3179 1988 3207 2016 «
3253 1965 3399 2031 Quid
3447 1981 3688 2036 respon-

2051 2057 2214 2113 debis
2245 2057 2760 2129 interrogantibus,
2803 2058 2852 2112 si
2893 2073 2960 2112 ex
3000 2056 3164 2110 Patre
3203 2054 3453 2126 Spiritus
3502 2053 3690 2110 sancti

2049 2146 2415 2217 suppeditatio
2442 2145 2698 2218 perfecta
2722 2149 2810 2200 est
2838 2163 2851 2213 ;
2880 2160 3309 2215 supervacanea
3353 2142 3536 2215 igitur
3581 2141 3691 2197 erit

2051 2251 2118 2289 ex
2150 2234 2310 2290 Filio.
2343 2239 2739 2290 Verumtatem
2774 2238 2831 2289 et
2869 2232 3182 2304 perfectam
3234 2247 3361 2287 esse
3409 2247 3476 2286 ex
3521 2234 3691 2286 Patre

2045 2322 2304 2394 Spiritus
2318 2324 2504 2381 sancti
2523 2322 3075 2394 suppeditationem,
3090 2324 3146 2376 et
3167 2319 3551 2375 nihilominus
3572 2336 3688 2374 non

2054 2429 2547 2484 supervacaneam
2624 2427 2693 2466 ex
2748 2411 2913 2475 Filio,
2972 2414 3208 2482 propter
3279 2408 3688 2480 perfectionem

2052 2518 2228 2573 quam
2259 2519 2329 2557 ex
2359 2506 2527 2557 Patre
2554 2499 2752 2567 habet,
2802 2499 3195 2556 indubitatum
3227 2503 3332 2554 est.
3365 2519 3392 2548 ››
3429 2499 3692 2554 Perfecta

2052 2595 2160 2657 est,
2193 2595 2250 2646 et
2299 2589 2722 2662 perfectissima
2763 2587 3054 2660 processio
3111 2587 3358 2660 Spiritus
3415 2578 3601 2643 sancti
3655 2603 3691 2642 a

2051 2679 2220 2734 Patre
2256 2697 2268 2734 :
2301 2679 2401 2734 sed
2433 2695 2620 2748 usque
2652 2677 2794 2733 adeo
2823 2676 2959 2732 inde
2999 2692 3115 2731 non
3163 2675 3553 2746 abjudicanda
3602 2677 3691 2731 est

2053 2773 2110 2823 et
2137 2767 2430 2839 processio
2461 2766 2724 2837 ejusdem
2764 2783 2798 2821 a
2830 2763 2994 2833 Filio,
3029 2767 3092 2819 ut
3139 2762 3272 2818 inde
3329 2763 3521 2834 potius
3551 2779 3687 2818 con-

2052 2857 2336 2913 ﬁrmetur.
2387 2856 2533 2911 Nam
2582 2871 2648 2909 ex
2694 2853 3028 2925 Scripturis,
3051 2857 3110 2908 et
3148 2869 3217 2908 ex
3262 2851 3473 2908 Graecis
3503 2851 3688 2908 Patri-

2053 2946 2185 3011 bus,
2232 2945 2430 3001 omnia
2478 2944 2662 2999 Patris
2713 2941 3050 2998 communia
3106 2940 3248 2997 Filio
3290 2945 3449 3009 sunt,
3483 2944 3692 3012 praeter

2053 3033 2421 3106 privilegium
2471 3032 2738 3106 ingeniti,
2776 3036 2831 3088 et
2877 3030 3192 3103 generandi
3239 3029 3390 3084 Filii.
3442 3031 3514 3085 At
3556 3047 3688 3102 pro-‘

2055 3123 2238 3178 cessio
2270 3123 2524 3195 Spiritus
2555 3120 2740 3177 sancti
2772 3125 2829 3176 et
2864 3120 2935 3176 ab
2980 3118 3240 3190 ingenito
3291 3117 3502 3184 differt,
3549 3123 3608 3174 et
3657 3135 3692 3176 a

2055 3210 2180 3266 Filii
2211 3209 2602 3283 generatione.
2653 3209 2797 3264 Filio
2845 3224 2980 3281 ergo
3029 3207 3360 3263 communis
3404 3221 3533 3263 esse
3588 3207 3688 3262 de-

2052 3299 2200 3355 buit.
2239 3308 2446 3355 Annon
2503 3302 2657 3354 esset
2714 3297 2967 3369 perfecta
3019 3295 3234 3351 oreatio
3291 3293 3468 3362 orbis,
3501 3310 3626 3365 quae
3657 3312 3691 3351 ο,

285 3382 543 3438 Romani
572 3384 868 3453 procedere
911 3362 1222 3440 tradant-ia
1255 3362 1462 3453 ‘Pater,
1510 3393 1567 3442 et
1615 3387 1816 3458 Filius,
1847 3393 1942 3445 ta-
1975 3362 2018 3428 (ἶ
2055 3388 2224 3444 Patre
2254 3387 2376 3444 solo
2407 3362 2914 3459 proﬁcisceretur?
2944 3385 3124 3440 Eccur
3159 3399 3295 3456 ergo
3326 3362 3606 3438 tribuitur
3633 3387 3692 3439 et

281 3472 458 3526 metsi
513 3472 650 3525 duae
704 3487 989 3543 personas,
1041 3490 1160 3528 una
1209 3474 1515 3546 potiuntur
1561 3475 1773 3532 virtute
1821 3477 1940 3549 spis

282 3559 452 3614 randi
479 3577 493 3613 ε
531 3560 696 3615 unde
727 3577 914 3616 unum
945 3565 1082 3616 sunt
1112 3563 1365 3634 Spiritus
1396 3565 1585 3619 sancti
1628 3564 1942 3636 simplicis-

282 3647 416 3702 simi
448 3646 842 3719 principium.
877 3651 998 3714 Quo
1029 3650 1204 3705 etiam
1235 3652 1410 3706 modo
1444 3655 1631 3718 Pater,
1653 3656 1709 3708 et
1743 3653 1940 3724 Filius,

284 3741 338 3790 st
365 3736 640 3808 Spiritus
672 3742 910 3792 sanctus
945 3755 1128 3793 unum
1152 3743 1292 3794 sunt
1309 3741 1595 3811 cujusque
1613 3741 1852 3797 eli'ectus
1869 3743 1942 3798 ad

281 3829 443 3879 extra
473 3824 842 3896 principium
894 3826 968 3881 ob
1019 3827 1308 3883 unitatem
1368 3828 1600 3884 virtutis
1648 3834 1706 3884 et
1735 3835 1942 3902 poten-

287 3921 394 3966 ne.

344 4004 424 4072 (2)
483 4002 552 4057 Si
604 4017 678 4056 ex
735 4006 921 4065 Patre,
962 4011 1015 4058 et
1065 4004 1208 4059 Filio
1254 4006 1498 4077 procedit
1529 4006 1764 4078 Spiritus
1812 4025 1940 4063 san-

284 4095 399 4145 ctas
433 4109 452 4143 :
485 4090 701 4162 duplex
729 4093 948 4146 omnino
980 4095 1107 4160 erit,
1137 4101 1193 4148 et
1222 4097 1564 4165 compositus.
1609 4118 1636 4146 ‹‹
1671 4096 1815 4160 Quid
1849 4097 1942 4154 hic

281 4179 386 4248 sis,
419 4178 506 4234 mi
539 4178 727 4233 homo
749 4177 847 4232 ἱ)...
907 4179 1149 4236 Etiamsi
1211 4183 1358 4238 115
1422 4182 1520 4238 ille
1569 4199 1636 4238 ex
1667 4184 1855 4253 Patre,
1885 4190 1942 4241 et

286 4267 430 4322 Filio
491 4267 747 4322 exsistat
807 4268 1169 4340 naturaliter,
1199 4275 1255 4324 et
1311 4271 1722 4337 essentialiter,
1772 4277 1829 4328 et
1878 4275 1940 4330 iu

283 4355 620 4427 hypostasi,
675 4355 970 4427 propriam
1050 4361 1243 4413 tamen
1318 4359 1750 4428 simplicitatem
1824 4378 1937 4418 non

282 4443 526 4498 amittit.
561 4465 592 4492 ιι
629 4443 734 4498 Est
760 4443 917 4499 enim
951 4445 1341 4501 essentialiter
1370 4447 1617 4518 simplex
1649 4467 1662 4504 :
1697 4466 1763 4504 ao
1791 4466 1935 4521 prte-

286 4540 444 4588 terea
473 4548 548 4587 ex
567 4531 805 4588 duabus
838 4533 1122 4604 personis,
1147 4550 1271 4605 quae
1305 4536 1538 4591 nonnisi
1571 4554 1751 4592 unum
1786 4539 1938 4610 prin-

288 4620 511 4690 cipium
541 4625 709 4686 sunt,
742 4619 989 4692 simplex
1027 4622 1155 4692 ejus
1187 4621 1516 4696 hypostaeis
1547 4626 1824 4695 procedit.

2055 3476 2219 3546 Filio,
2260 3479 2318 3532 et
2346 3475 2590 3548 Spiritui
2620 3478 2819 3531 sancto
2838 3474 2866 3528 ‘t
2894 3474 3111 3545 Nempe
3142 3470 3473 3528 communis
3501 3470 3691 3528 tribus

2053 3564 2267 3620 divinis
2298 3563 2712 3637 hypostasibus
2744 3566 2882 3618 sunt
2909 3561 3107 3618 omnia
3138 3564 3345 3632 praeter
3373 3559 3688 3632 paternita-

2051 3656 2194 3722 tem,
2226 3657 2284 3709 et
2312 3653 2652 3708 ﬁliationem
2684 3669 2801 3724 qua
2849 3669 2882 3707 a
2912 3652 3080 3707 Patre
3108 3654 3198 3706 est
3228 3648 3430 3714 Filius,
3461 3653 3519 3704 et
3564 3665 3692 3722 pro-

2052 3741 2373 3798 cessionem
2406 3742 2559 3797 116
2586 3757 2703 3812 qua
2731 3739 2987 3812 Spiritus
3019 3742 3256 3795 sanctus
3300 3755 3335 3794 a
3382 3741 3551 3794 Patre
3577 3741 3688 3804 est,

2051 3835 2108 3886 et
2138 3846 2172 3885 a
2203 3830 2346 3886 Filio
2374 3855 2389 3896 ς
2419 3830 2520 3901 qui
2549 3828 2886 3886 communia
2913 3828 3112 3884 omnia
3141 3841 3274 3883 cum
3301 3827 3468 3884 Patre
3514 3825 3691 3882 habet

2051 3922 2259 3989 printer
2287 3919 2716 3990 paternitatem.

2123 4009 2198 4080 (6)
2231 4007 2294 4063 Si
2312 4008 2567 4079 producit
2596 4006 2812 4078 quidem
2843 4014 2893 4062 et
2921 4005 3111 4072 Filius,
3146 4004 3389 4076 Spiritus
3415 4017 3540 4058 vero
3564 4019 3690 4075 pro-

2048 4098 2301 4152 ductione
2329 4096 2626 4158 viduatur;
2679 4097 2945 4152 tenuioris
2989 4102 3124 4150 esset
3174 4094 3480 4164 facultatis,
3524 4109 3690 4164 quam

2047 4187 2242 4240 Filius.
2277 4209 2303 4234 «
2337 4185 2446 4240 Sed
2480 4201 2667 4256 neque
2696 4185 2948 4257 Spiritus
2978 4183 3179 4249 mittit,
3219 4199 3286 4238 ao
3316 4180 3560 4238 effundit
3588 4185 3690 4238 aut

2049 4274 2306 4346 seipsum
2321 4318 2334 4339 ,
2359 4277 2459 4329 aut
2481 4271 2660 4328 alium
2679 4273 2984 4345 Spiritum,
3003 4269 3495 4343 quemadmodum
3515 4267 3690 4340 Spiri-

2047 4366 2173 4416 tum
2208 4363 2438 4417 mittere
2472 4379 2536 4416 ac
2565 4362 2861 4417 effundere
2907 4360 3126 4416 dicitur
3151 4357 3352 4414 Filius.
3383 4357 3507 4411 Erit
3550 4371 3687 4427 ergo

2046 4450 2143 4505 ille
2174 4455 2478 4522 propterea
2506 4449 2786 4505 tenuioris
2817 4447 3129 4512 facultatis,
3155 4463 3222 4502 ac
3250 4445 3432 4502 Filius
3450 4444 3478 4499 Τ
3505 4461 3533 4495 s
3563 4443 3685 4500 Uno

2043 4538 2241 4607 verbo,
2272 4543 2393 4594 tota
2443 4538 2640 4593 divina
2687 4537 3015 4593 fecunditas
3064 4537 3136 4593 ad
3195 4535 3349 4590 intra
3397 4532 3684 4605 quodam-

2048 4629 2220 4683 modo
2254 4627 2315 4682 in
2347 4627 2565 4697 Spiritu
2601 4631 2801 4682 sancto
2832 4625 3116 4697 expletur.
3168 4622 3505 4679 Missionem
3551 4638 3684 4677 vero

351 4709 430 4779 (3}
465 4710 532 4763 Si
557 4709 636 4764 ad
662 4708 772 4764 duo
798 4711 1076 4782 principia
1121 4713 1363 4781 refertur
1385 4713 1624 4785 Spiritus
1668 4724 1888 4770 sanctus
1917 4733 1935 4770 :
1967 4728 2014 4794 Ι)
2045 4733 2079 4771 a
2107 4717 2285 4771 Becco
2317 4718 2697 4770 memoratam
2728 4713 2986 4785 intellige
3016 4711 3246 4785 proprie
3274 4711 3510 4766 dictam.

289 4795 384 4850 ubi
439 4799 555 4852 erit
610 4798 950 4854 tantumdem
1002 4799 1323 4856 decantatus
1363 4817 1507 4856 unus
1547 4803 1892 4875 principatus
1913 4807 1938 4856 .'

289 4887 412 4939 aM
473 4885 579 4940 ubi
647 4884 829 4941 Italus
882 4887 1357 4958 deprehenditur,
1413 4889 1527 4944 duo
1575 4907 1842 4946 asserens
1873 4891 1932 4948 in

289 4972 458 5029 beata
487 4973 702 5029 Triade
730 4975 1019 5047 principia
1041 4975 1068 5030 ?
1119 4976 1177 5031 ld
1230 4994 1344 5033 non
1377 4979 1712 5043 ostendens,
1741 4979 1932 5051 palam

287 5059 613 5118 iuuotescis
670 5063 803 5119 odio
859 5069 914 5120 et
971 5081 1085 5120 non
1141 5065 1382 5122 veritate
1457 5067 1810 5124 ratiocinans
1874 5073 1933 5125 et

284 5149 662 5206 concludens.
697 5173 727 5199 κ
776 5151 921 5214 Quid
972 5153 1176 5225 utique
1238 5154 1746 5221 inconsideratius,
1795 5174 1928 5213 cum

281 5238 473 5309 palam
505 5239 701 5296 Latini
738 5240 932 5297 Patres
962 5243 1364 5312 proﬁteantur,
1414 5261 1448 5298 a
1495 5245 1664 5300 Patre
1703 5261 1837 5316 esse,
1879 5251 1930 5302 et

279 5343 374 5383 sae
429 5331 633 5384 mia
660 5328 859 5385 habere
885 5330 1140 5386 Filium:
1191 5336 1246 5387 et
1293 5332 1400 5387 hoc
1442 5333 1640 5404 ipsum
1682 5350 1716 5388 a
1762 5338 1928 5390 Patre

279 5419 558 5492 accipere,
595 5423 664 5472 ut
714 5417 789 5472 ab
834 5433 901 5474 eo
957 5417 1197 5490 perinde
1243 5436 1310 5475 ac
1353 5437 1386 5474 a
1437 5420 1621 5490 Patre,
1653 5422 1928 5492 procedat

276 5506 524 5578 Spiritus
577 5511 849 5562 sanctus.
897 5507 1047 5562 Tum
1105 5511 1353 5579 primum
1408 5510 1764 5581 principium,
1799 5515 1924 5566 tum

271 5599 440 5664 prima
471 5611 669 5663 causa,
702 5600 832 5650 tum
875 5595 1182 5652 Monarcha
1231 5613 1348 5653 non
1399 5602 1552 5653 esset
1577 5599 1740 5654 Pater
1769 5601 1922 5672 apud

270 5685 515 5756 Latinos,
553 5687 612 5744 si
664 5685 744 5741 ab
795 5683 895 5740 illo
944 5702 1060 5740 non
1107 5687 1443 5758 procederet
1488 5686 1712 5765 Filius;
1760 5690 1810 5744 si
1850 5691 1922 5745 ab

269 5774 352 5833 illo
381 5795 499 5834 non
533 5773 892 5850 procederet
937 5774 1188 5846 Spiritus
1235 5779 1495 5845 sanctus,
1545 5777 1646 5834 sed
1695 5794 1728 5833 a
1776 5777 1920 5834 Filio

2116 4805 2190 4876 (7)
2221 4804 2284 4859 Si
2335 4803 2576 4859 eamdem
2631 4803 2870 4874 Spiritus
2915 4802 3322 4873 productionem
3370 4798 3528 4855 habet
3583 4799 3681 4854 Fi-

2043 4893 2174 4964 lius,
2206 4901 2366 4964 atque
2394 4895 2596 4954 Pater;
2625 4893 2937 4947 communis
2963 4891 3156 4947 horum
3177 4890 3350 4949 fuerit
3370 4888 3678 4960 productio-

2041 4983 2131 5035 nis
2174 4983 2500 5052 proprietas.
2536 4983 2599 5035 Et
2643 4981 2910 5052 quomodo
2950 4995 3234 5034 commune
3276 4979 3384 5034 erit
3431 4977 3678 5048 praprieo

2042 5072 2174 5125 tas?
2202 5092 2228 5118 «
2263 5070 2380 5140 Ego
2410 5085 2580 5140 porro
2620 5068 2748 5122 dico
2782 5086 2794 5122 :
2849 5083 3105 5139 quanam
3152 5067 3378 5122 ratione
3427 5065 3679 5120 maxime

2041 5157 2364 5213 absurdum
2424 5157 2531 5212 tibi
2582 5157 2830 5221 videtur,
2888 5173 3017 5212 esse
3073 5155 3308 5227 aliquod
3366 5167 3677 5210 commune

2039 5246 2192 5302 Patri
2223 5250 2280 5301 et
2309 5245 2470 5311 Filio,
2505 5245 2736 5317 proprie
2767 5245 2826 5300 in
2856 5245 3000 5318 ipsis
3030 5244 3170 5302 solis
3218 5244 3675 5310 consideratam,

2038 5336 2193 5408 quod
2224 5351 2336 5390 non
2370 5335 2446 5389 sit
2477 5350 2787 5390 commune
2816 5333 3106 5406 Spiritui?
3133 5334 3234 5390 Est
3265 5333 3481 5389 etenim
3521 5347 3672 5386 com-

2037 5441 2214 5480 mune
2242 5423 2396 5478 Patri
2426 5429 2483 5478 et
2514 5422 2676 5491 Filio,
2709 5424 2864 5495 quod
2907 5423 3148 5496 Spiritui
3196 5437 3505 5479 commune
3555 5437 3671 5476 non

2035 5518 2142 5569 est.
2180 5513 2246 5567 Et
2277 5512 2428 5584 quod
2463 5527 2578 5567 non
2609 5512 2806 5581 unius,
2840 5514 2939 5569 sed
2988 5513 3235 5568 duarum
3285 5526 3668 5584 personarum

2033 5602 2142 5657 hoc
2171 5605 2261 5656 est
2289 5617 2600 5656 commune
2628 5601 2845 5657 dicitur
2882 5607 2939 5656 et
2967 5606 3054 5656 est
3083 5617 3098 5658 :
3145 5601 3300 5672 quod
3352 5615 3484 5656 vero
3527 5615 3667 5671 pro-

2032 5691 2155 5762 prie
2185 5690 2243 5744 in
2275 5689 2391 5745 illis
2423 5689 2847 5757 consideratur,
2883 5695 2938 5746 et
2971 5689 3130 5746 illius
3161 5689 3450 5761 particeps
3481 5687 3667 5760 Spiri-

2030 5784 2126 5835 tus
2157 5795 2270 5834 non
2302 5783 2410 5847 est,
2444 5778 2656 5835 dicitur
2683 5795 2885 5835 eorum
2936 5779 3282 5850 proprietas,
3313 5783 3378 5836 ut
3422 5793 3489 5835 eo
3540 5775 3661 5833 dis-
