4094 6458
404 460 520 522 123

1416 468 1728 533 GEORGII
1773 467 2032 532 CYPRII
2076 466 2192 531 CP.
2240 470 2774 536 PATRIARCHJE

3676 471 3789 534 124

401 595 707 669 tinguatur
763 599 1016 672 Spiritus
1070 602 1142 659 ab
1192 603 1374 663 illis...
1407 605 1704 678 Nyssenus
1730 606 1788 662 in
1819 606 2037 662 Oratio-
2065 605 2118 671 Α
2148 605 2264 660 tiva
2295 622 2407 660 non
2439 607 2576 674 sint,
2611 607 2709 662 sed
2742 604 3031 662 absoluta.
3062 607 3134 661 At
3175 603 3404 678 spirari,
3437 607 3495 662 et
3542 605 3790 677 spirare,

403 701 538 741 nem
596 687 957 745 Dominicam
1017 693 1320 750 manifeste
1368 694 1425 749 id
1457 700 1743 752 astruet...
1771 699 1952 748 κοινοῦ
1982 691 2038 748 δὲ

405 770 557 836 ὄντος
588 781 666 847 τῷ
694 778 819 847 Υἱῷ,
852 777 938 832 καὶ
976 784 1053 850 τῷ
1096 780 1390 854 Πνεύματι,
1449 802 1574 840 cum
1628 801 1913 841 commune
1966 787 2039 840 sit

404 866 575 931 Filio,
607 870 658 922 et
686 867 924 938 Spiritui
950 875 1134 926 sancto
1183 889 1294 927 non
1335 890 1445 929 esse
1495 875 1694 945 absque
1740 880 1881 940 ortu,
1913 891 2040 928 rur-

395 971 489 1009 sus
516 963 594 1009 est
637 957 802 1023 facile
858 956 1254 1028 differentiam,
1283 978 1403 1032 quae
1461 961 1510 1014 ἐν
1559 967 1673 1022 τοῖς
1729 959 2036 1034 ἰδιώμασιν,

391 1046 450 1098 in
479 1059 666 1099 eorum
696 1048 1128 1118 proprietatibus
1171 1059 1266 1114 est,
1309 1054 1572 1122 reperire.
1624 1053 1865 1107 Adverte
1914 1052 2036 1107 ani-

399 1149 562 1187 mum
593 1134 663 1188 ad
696 1133 803 1190 hoc
833 1136 1086 1209 theologi
1121 1139 1305 1195 Patris
1355 1141 1777 1208 testimonium,
1810 1146 1866 1196 et
1909 1158 2040 1197 con-

390 1220 584 1277 sidera
627 1239 638 1277 :
691 1226 985 1294 quomodo
1038 1231 1444 1295 proprietatem
1501 1231 1750 1286 duarum
1811 1235 2036 1285 tantum

392 1327 776 1382 personarum
830 1316 1078 1384 vocavit,
1124 1334 1191 1372 ex
1231 1335 1409 1373 causa
1454 1336 1551 1374 eas
1605 1336 1750 1389 esse,
1797 1326 1853 1374 et
1901 1337 2038 1391 quo-

401 1401 574 1455 modo
607 1405 1058 1473 repraesentavit,
1088 1422 1375 1462 commune
1399 1425 1527 1463 esse
1558 1408 1764 1463 iisdem
1809 1409 2038 1464 duabus

403 1490 690 1560 personis,
725 1491 946 1563 absque
975 1498 1106 1548 ortu
1141 1511 1252 1549 non
1288 1497 1462 1551 esse?
1494 1520 1514 1547 ι

477 1578 552 1648 (8)
583 1578 642 1632 Si
669 1595 737 1633 ea:
759 1597 872 1635 una
899 1598 1060 1637 causa
1096 1585 1258 1638 Patre
1303 1587 1477 1640 Filius
1515 1591 1567 1640 et
1614 1585 1855 1657 Spiritus
1901 1603 2036 1642 san-

402 1674 520 1721 ctus
570 1675 904 1724 manarunt
965 1689 978 1724 :
1053 1673 1305 1742 producit
1364 1678 1546 1730 autem
1613 1692 1807 1730 rursus
1864 1677 2038 1730 Filius

400 1754 699 1826 Spiritum,
730 1759 998 1829 producet
1027 1765 1076 1816 et
1128 1761 1370 1832 Spiritus
1416 1763 1647 1818 Filium.
1699 1766 1864 1819 Pares
1892 1767 2039 1818 enim

399 1842 670 1914 dignitate
712 1853 961 1917 utrosque
1005 1849 1197 1904 eduxit
1242 1856 1424 1906 Pater.
1473 1874 1500 1901 «
1549 1854 1620 1906 At
1663 1853 2036 1907 manifestum

403 1936 535 2040 est;
572 1950 686 2033 non
733 1951 900 2004 pares
947 1937 1226 2009 dignitate
1275 1944 1503 1994 tantum
1534 1941 1773 2012 produci
1805 1939 2036 2008 Filium,
2068 1976 2115 2040 B

403 2025 462 2075 et
503 2022 782 2093 Spiritum
839 2041 906 2080 ex
965 2027 1132 2082 Patre
1192 2046 1204 2081 :
1267 2030 1368 2084 sed
1425 2035 1482 2084 et
1535 2046 1700 2100 pares
1758 2029 2037 2102 dignitate

405 2109 646 2180 effundi,
704 2129 871 2183 pares
945 2114 1225 2187 dignitate
1284 2119 1601 2190 provenire,
1661 2135 1828 2190 pares
1893 2135 2035 2189 quo-

406 2214 518 2268 que
557 2200 836 2272 dignitate
891 2205 1161 2260 emicare.
1216 2208 1285 2262 Et
1339 2224 1407 2262 ex
1460 2208 1600 2263 Filio
1656 2209 1892 2279 quidem
1951 2208 2037 2262 ef-

403 2287 591 2355 fundi,
653 2291 750 2361 qui
809 2292 931 2363 pari
989 2294 1270 2366 dignitate
1343 2312 1412 2351 ex
1489 2297 1653 2352 Patre
1725 2296 2040 2352 effunditur

405 2377 699 2449 Spiritus;
758 2385 814 2435 et
861 2398 928 2436 ex
979 2383 1122 2438 Filio
1171 2385 1466 2457 effulgere,
1507 2387 1606 2457 qui
1664 2387 1787 2458 pari
1847 2386 2037 2458 digni-

405 2469 523 2520 tate
580 2483 712 2524 cum
745 2486 810 2524 eo
842 2488 909 2526 ex
957 2476 1124 2528 Patre
1172 2474 1428 2546 effulget,
1479 2474 1733 2531 Ecclesia
1779 2477 2035 2530 fatetur:

405 2571 594 2627 neque
623 2561 816 2612 tamen
874 2560 1152 2627 admittit,
1186 2562 1424 2633 effundi,
1458 2563 1758 2636 provenire
1790 2569 1846 2619 et
1874 2563 2038 2620 efful-

408 2661 542 2716 gere
573 2649 628 2700 et
669 2663 735 2701 ex
765 2648 983 2719 Spiritu
1030 2650 1264 2715 Filium,
1298 2653 1450 2723 quod
1503 2653 1704 2708 eadem
1759 2654 2041 2726 dignitate

411 2733 582 2788 ambo
613 2750 680 2789 ex
707 2739 875 2791 Patre
907 2737 1042 2793 sint.
1079 2762 1101 2791 ι
1139 2741 1287 2804 Quid
1333 2745 1606 2812 praeterea
1649 2742 1851 2798 Photio
1894 2743 2038 2797 infe-

407 2821 558 2877 stius
581 2822 608 2876 ‘t
639 2824 770 2880 Ideo
802 2827 958 2881 enim
992 2845 1106 2883 non
1138 2835 1328 2900 potest
1362 2847 1490 2885 esse
1523 2830 1702 2887 Filius
1742 2849 1774 2886 a
1821 2832 2040 2903 Spiritu

406 2916 633 2977 sancto,
661 2914 798 2984 quia
851 2916 1100 2988 Spiritus
1157 2924 1396 2974 sanctus
1453 2937 1487 2974 a
1543 2919 1684 2976 Filio
1714 2926 1848 2976 est:
1892 2922 1975 2976 uti
2011 2938 2040 2976 a

409 2998 552 3054 Filio
604 3001 732 3057 ideo
781 3021 896 3058 non
951 3010 1143 3076 potest
1183 3023 1312 3063 esse
1359 3010 1546 3078 Pater,
1580 3009 1716 3080 quia
1775 3009 1954 3065 Filius
2009 3027 2044 3064 a

407 3087 574 3144 Patre
612 3094 717 3145 est.
768 3092 826 3146 Si
858 3097 1052 3148 autem
1106 3111 1174 3150 ex
1222 3096 1460 3152 adverso
1505 3097 1756 3168 Spiritus
1805 3103 2042 3154 sanctus

409 3193 524 3232 non
559 3181 888 3249 procederet
936 3199 969 3236 a
996 3183 1156 3251 Filio,
1189 3186 1326 3255 quid
1381 3187 1528 3240 117
1588 3187 1937 3257 prohiberet,
1971 3205 2043 3243 ne

414 3282 448 3320 a
476 3266 691 3338 Spiritu
745 3275 946 3326 sancto
991 3272 1326 3344 gigneretur
1365 3273 1594 3329 Filius?
1646 3276 1854 3330 Omnia
1885 3275 2041 3330 enim

2146 695 2491 766 spiratorem
2523 713 2650 752 esse
2680 701 2736 751 ct
2762 696 3042 769 Spiritum
3077 712 3179 752 seu
3202 696 3514 767 spiratum,
3549 695 3792 752 relativa

2147 788 2306 851 sunt,
2342 801 2455 840 non
2489 785 2775 840 absoluta.

2217 875 2329 945 (10)
2356 875 2651 945 Egreditur
2693 893 2728 930 a
2775 876 2919 931 Filio
2949 877 3210 946 Spiritus.
3263 876 3368 930 Hoc
3423 874 3568 930 unde
3620 874 3788 946 fando

2144 963 2359 1037 factum
2393 967 2648 1035 accepisti
2676 969 2700 1017 .9
2727 966 2766 1018 Α
2800 965 3130 1037 quibusnam
3157 965 3476 1035 Evangelii:
3503 965 3644 1019 hanc
3694 981 3788 1020 vo-

2148 1068 2262 1106 cem
2294 1053 2516 1108 habes?
2555 1053 2854 1125 Cujusnam
2894 1054 3092 1126 synodi
3130 1053 3516 1125 blasphemum
3547 1054 3644 1109 hoc
3671 1069 3788 1108 ver-

2148 1141 2320 1195 bum?
2373 1141 2498 1196 Hszc
2547 1142 2722 1197 etiam
2777 1144 2966 1197 furore
3016 1143 3269 1214 percitus
3303 1141 3542 1196 Pbotius
3573 1141 3788 1197 aiebat.

2150 1230 2384 1285 Latinos
2414 1230 2570 1285 solos
2623 1231 2900 1302 impetere
2948 1247 3009 1286 se
3057 1230 3418 1286 simulabat:
3473 1236 3534 1286 at
3581 1230 3788 1286 iisdem

2148 1319 2515 1390 argumentis
2548 1318 2871 1375 lacessebat
2918 1324 2974 1374 et
3020 1324 3244 1375 Graecos
3278 1336 3502 1389 omnes,
3535 1335 3789 1391 quorum

2148 1408 2501 1463 adduximus
2531 1409 2883 1464 testimonia.
2919 1409 3227 1464 Afﬁrmant
3273 1408 3356 1462 illi
3406 1425 3567 1478 sane,
3609 1409 3792 1477 Spiri-

2145 1499 2261 1551 tum
2289 1501 2539 1551 sanctum
2567 1513 2600 1551 a
2628 1499 2788 1552 Fitlio
2825 1499 3093 1568 accipere,
3125 1514 3159 1552 a
3186 1497 3326 1552 Filio
3354 1498 3527 1562 mitti,
3571 1514 3604 1550 a
3641 1497 3781 1551 Filio

2146 1587 2327 1650 exire,
2360 1602 2393 1639 a
2425 1587 2566 1640 Filio
2597 1585 2739 1640 dari.
2795 1586 2925 1641 Haec
2975 1603 3089 1641 non
3138 1586 3291 1641 idem
3342 1602 3470 1641 esse
3517 1585 3791 1655 inquiunt

2145 1673 2251 1742 illi,
2285 1691 2415 1730 aca
2449 1673 2598 1729 Filio
2627 1675 2928 1744 procedere.
2984 1673 3159 1744 Atqui
3208 1678 3398 1729 totum
3457 1674 3564 1730 hoc
3621 1678 3711 1729 est
3758 1692 3793 1728 a

2147 1764 2283 1817 Filio
2334 1763 2644 1832 procedere,
2678 1767 2743 1817 ut
2799 1764 2880 1817 ait
2924 1762 3370 1830 Thomassinus,
3427 1763 3503 1817 De
3556 1764 3786 1817 sanctis-

2145 1852 2286 1906 sima
2316 1852 2595 1918 Trinitate,
2625 1850 2814 1922 capite
2844 1853 2932 1918 31,
2983 1868 3125 1906 num
3175 1852 3229 1906 9.
3280 1851 3352 1906 Ut
3401 1851 3555 1907 enim
3607 1850 3787 1907 Filius

2144 1939 2412 1995 nascendo
2439 1957 2472 1994 a
2502 1939 2665 1994 Patre
2697 1940 2777 1994 ita
2807 1939 3061 2011 Spiritus
3090 1956 3124 1994 a
3165 1940 3332 1994 Patre
3378 1943 3436 1994 et
3485 1939 3626 1995 Filio
3664 1956 3790 2010 pro-

2144 2028 2362 2083 cedento
2417 2028 2648 2099 accipit,
2707 2027 2982 2097 mittitur,
3043 2028 3178 2093 exit,
3235 2029 3426 2083 datur.
3463 2032 3578 2083 Nec
3626 2027 3782 2084 enim

2145 2122 2366 2188 postea,
2401 2118 2500 2172 sed
2532 2117 2728 2172 statim
2777 2117 3066 2187 nascendo,
3115 2116 3204 2172 vel
3246 2116 3586 2188 procedento,
3629 2117 3784 2172 acci-

2145 2206 2232 2277 pit
2260 2206 2548 2277 quidquid
2609 2206 2840 2278 accipit,
2893 2210 2951 2261 et
3008 2205 3184 2261 habet
3239 2205 3528 2278 quidquid
3585 2205 3782 2271 habet,

2147 2294 2348 2359 Filius,
2381 2299 2438 2350 et
2460 2294 2709 2366 Spiritus
2741 2299 3002 2361 sanctus,
3062 2312 3096 2350 a
3147 2295 3301 2350 fonte
3348 2311 3466 2350 sua:
3519 2293 3784 2366 originis.

2145 2384 2382 2438 Frustra
2438 2388 2526 2438 est
2583 2399 2720 2455 ergo
2777 2383 3038 2453 Pbotius,
3072 2383 3170 2438 ubi
3229 2388 3395 2456 rogat
3452 2383 3671 2454 quibus
3714 2383 3786 2436 ab

2145 2470 2474 2544 Evangeliis
2531 2471 2874 2537 habeamus,
2924 2472 3079 2542 quod
3143 2471 3388 2542 Spiritus
3440 2472 3694 2542 procedat
3757 2487 3791 2523 a

2144 2560 2408 2617 Filio.Ab
2441 2558 2556 2616 illis
2590 2560 2746 2616 enim
2779 2560 2836 2614 id
2869 2560 3225 2628 habemus,a
3253 2560 3470 2632 quibus
3501 2559 3790 2614 habemus

2146 2649 2300 2704 118
2333 2648 2487 2720 quod
2520 2648 2591 2703 ab
2623 2649 2750 2719 ipso
2789 2649 3015 2704 Christo
3063 2650 3134 2704 de
3181 2648 3400 2720 Spiritu
3450 2653 3654 2703 sancto
3703 2647 3792 2701 di-

2147 2741 2305 2792 ctum
2335 2741 2418 2792 est
2454 2755 2465 2792 :
2507 2738 2604 2792 Ille
2633 2736 2699 2792 de
2746 2753 2862 2792 meo
2908 2738 3160 2809 accipiet.
3196 2737 3321 2792 Non
3372 2735 3583 2808 accipit
3611 2734 3792 2803 enim,

2147 2826 2260 2882 nisi
2291 2825 2626 2896 procedendo
2655 2843 2668 2879 :
2697 2830 2761 2880 ut
2792 2825 2971 2880 Filius
3001 2843 3035 2880 a
3064 2826 3231 2881 Patre
3261 2841 3376 2880 non
3407 2824 3648 2896 accipit,
3680 2824 3794 2880 nisi

2146 2915 2444 2970 nascendo.
2479 2915 2642 2970 Unde
2671 2918 2726 2970 et
2769 2918 2944 2970 Pater
2973 2913 3135 2970 solus
3179 2931 3213 2968 a
3256 2911 3414 2968 nullo
3472 2913 3796 2984 quidquam

2149 3004 2380 3077 accipit,
2411 3005 2549 3075 quia
2579 3021 2613 3059 a
2644 3003 2803 3059 nullo
2835 3007 2922 3059 est
2955 3020 2967 3057 :
3003 3020 3036 3058 a
3083 3002 3241 3058 nullo
3298 3002 3571 3071 mittitur,
3599 3001 3738 3073 quia
3763 3017 3798 3057 a

2151 3092 2311 3148 nullo
2336 3092 2616 3159 nascitur,
2650 3109 2684 3147 a
2734 3091 2891 3146 nullo
2946 3091 3223 3162 procedit.
3254 3091 3513 3146 Joannes
3554 3089 3793 3160 Beccus,

2150 3183 2209 3236 in
2240 3182 2499 3237 oratione
2530 3180 2691 3236 citita
2719 3197 2881 3235 num.
2914 3181 2982 3233 57
3033 3179 3341 3251 Epiphanii
3392 3178 3795 3234 testimonium

2154 3271 2341 3339 affert,
2373 3270 2551 3326 verba
2599 3268 2700 3324 illa
2738 3268 3052 3340 Evangelii,
3111 3269 3208 3324 Ille
3261 3267 3325 3324 de
3378 3284 3495 3323 meo
3546 3269 3795 3338 accipiet,

410 3356 601 3410 Patris
631 3359 969 3413 communia
998 3365 1138 3415 sunt
1165 3361 1408 3433 Spiritui
1438 3368 1639 3419 sancto
1689 3369 1898 3436 praeter
1925 3365 2042 3420 vim
2073 3345 2116 3411 C
2155 3360 2357 3415 eodem
2417 3359 2588 3413 modo
2643 3357 3083 3430 interpretantis
3113 3357 3173 3411 in
3223 3357 3497 3413 Ancorato
3527 3374 3545 3411 :
3577 3356 3640 3411 Si
3668 3371 3801 3411 vero

405 3442 567 3499 illam
599 3444 809 3516 ipsam,
835 3463 952 3518 qua
973 3448 1224 3520 Spiritus
1255 3455 1493 3506 sanctus
1524 3469 1558 3506 a
1580 3452 1744 3507 Patre
1768 3453 2041 3525 procedit.

480 3533 556 3604 (9)
590 3533 650 3588 Si
677 3538 991 3591 communis
1040 3545 1116 3592 est
1156 3541 1316 3594 Patri
1359 3545 1408 3595 et
1453 3541 1593 3596 Filio
1639 3544 1819 3598 sancti
1864 3543 2046 3609 Spiri-

409 3629 497 3676 tus
525 3621 827 3692 productio,
862 3627 1052 3696 utique
1082 3627 1239 3682 illius
1285 3645 1491 3701 quoque
1539 3630 1785 3701 Spiritus
1829 3635 2048 3686 sanctus

410 3711 684 3782 particeps
730 3714 852 3768 erit.
891 3714 1088 3770 Omnia
1134 3718 1432 3788 siquidem,
1465 3734 1590 3790 quae
1633 3724 1763 3774 sunt
1806 3737 2047 3776 commu-

410 3800 511 3854 nia
539 3800 724 3854 Patris
752 3804 804 3855 et
834 3802 985 3871 Filii,
1016 3805 1206 3860 eadem
1243 3808 1410 3861 etiam
1455 3809 1771 3878 referuntur
1816 3809 1886 3864 ad
1916 3811 2046 3881 Spi-

412 3890 587 3943 ritum
614 3898 882 3946 sanctum.
913 3894 1052 3948 Hinc
1099 3897 1209 3950 erit
1257 3896 1352 3951 ille
1396 3913 1561 3952 causa
1606 3898 1791 3966 simul,
1842 3902 1893 3953 et
1928 3899 2049 3970 eﬂe-

409 3980 546 4031 ctus.
581 3997 609 4026 »
654 3976 974 4050 Propositio
1001 3981 1121 4037 haec
1158 4000 1170 4036 :
1219 3983 1434 4052 Omnia,
1467 4001 1592 4057 quae
1635 3996 1763 4042 sunt
1807 4003 2048 4043 commu-

411 4065 512 4119 nia
561 4065 750 4120 Patris
804 4070 854 4122 et
911 4069 1062 4137 Filii,
1113 4075 1278 4126 erunt
1333 4076 1498 4128 etiam
1555 4078 1868 4131 communia
1923 4093 2051 4132 cum

413 4153 631 4223 Spiritu
659 4157 864 4227 sancto,
896 4157 1117 4214 nullius
1148 4164 1238 4214 est
1284 4177 1482 4217 eorum
1517 4167 1778 4231 Patrum,
1828 4165 1926 4236 qui
1961 4182 2051 4221 res

412 4241 770 4315 theologicae
802 4250 1020 4302 nostras
1049 4248 1314 4304 Ecclesiae
1345 4250 1776 4308 tradiderunt...
1828 4254 1933 4318 Qui
1967 4262 2051 4309 at-

416 4331 638 4386 tentius
698 4333 921 4390 divinas
977 4335 1306 4409 Scripturas
1351 4341 1677 4408 enucleant,
1728 4348 2054 4414 agnoscunt

415 4421 679 4491 quaedam
705 4422 883 4479 insita
913 4426 1250 4483 communia
1272 4427 1423 4483 Patri
1450 4434 1506 4484 et
1532 4429 1696 4498 Filio,
1717 4434 2056 4488 communia

414 4513 470 4563 et
498 4509 778 4580 Spiritui:
813 4512 967 4568 bona
1020 4514 1303 4570 duntaxat
1360 4533 1485 4588 quae
1540 4519 1882 4575 naturaliter
1937 4521 2054 4577 illis

415 4597 638 4666 insunt,
693 4604 759 4655 ut
798 4603 1038 4673 justitia,
1090 4604 1327 4671 bonitas,
1376 4608 1643 4678 sapienta,
1695 4614 1751 4663 et
1817 4609 2050 4666 similia.

2156 3450 2399 3504 Christus
2445 3463 2513 3503 eo:
2559 3449 2723 3502 Patre
2749 3446 3017 3514 creditur,
3047 3446 3187 3502 Deus
3216 3461 3286 3500 ea:
3313 3447 3439 3512 Deo,
3473 3453 3524 3500 et
3555 3445 3801 3516 Spiritus

2155 3555 2224 3594 ex
2264 3538 2477 3592 Christo
2507 3533 2566 3589 ἐκ
2601 3539 2697 3588 τοῦ
2728 3538 2980 3606 Χριστοῦ,
3025 3542 3122 3590 aut
3167 3550 3237 3589 ea:
3291 3534 3539 3604 utrisque
3584 3532 3620 3601 ἢ
3672 3533 3799 3608 παρ’

2155 3625 2500 3702 ἀμφοτέρων,
2538 3633 2597 3680 ut
2645 3623 2889 3680 Christus
2935 3623 3086 3691 dicit,
3113 3625 3209 3694 qui
3257 3639 3293 3678 a
3337 3625 3496 3694 patre
3521 3621 3796 3694 lprocedit,

2155 3725 2206 3772 et
2232 3718 2322 3772 hic
2357 3731 2426 3771 ex
2452 3731 2568 3770 meo
2599 3715 2827 3786 accipiet
2852 3711 2940 3766 καὶ
2985 3712 3143 3771 οὗτος
3194 3709 3252 3764 ἐκ
3299 3714 3397 3764 τοῦ
3443 3711 3568 3764 rios
3623 3708 3796 3784 λήψε-

2154 3825 2242 3857 ται
2271 3805 2493 3875 (seu)e:c
2524 3804 2664 3857 Filio
2701 3803 2958 3873 accipiet.
3002 3800 3215 3856 Caetera
3261 3800 3500 3856 demum
3546 3800 3801 3872 Scriptu-

2157 3911 2355 3950 rarum
2415 3896 2471 3947 et
2519 3891 2756 3946 Patrum
2810 3890 2987 3945 verba
3039 3891 3189 3945 mitti
3217 3887 3503 3960 Spiritum
3551 3904 3584 3942 a
3632 3887 3796 3956 Filio,

2157 3983 2299 4050 dari,
2331 3980 2557 4054 effundi,
2589 3979 2952 4052 suppeditari,
2988 3979 3061 4033 ad
3091 3977 3217 4033 sola
3246 3978 3400 4033 dona
3429 3981 3619 4032 creata
3644 3993 3801 4032 coar-

2159 4072 2323 4138 ctari,
2356 4075 2412 4125 et
2440 4070 2512 4125 ad
2542 4069 2730 4140 ipsam
2765 4084 2878 4124 non
2909 4067 3139 4122 extendi
3165 4066 3352 4122 sancti
3384 4064 3636 4137 Spiritus
3668 4083 3798 4138 per-

2159 4176 2388 4227 sonam,
2421 4159 2748 4214 absurdum
2781 4161 2868 4213 est
2889 4173 2955 4211 ac
3009 4156 3309 4210 insanum.
3340 4154 3483 4209 Vide
3523 4158 3699 4226 caput
3737 4156 3795 4226 6,

2161 4267 2324 4306 num.
2357 4248 2430 4303 ιν
2460 4248 2592 4319 (12).

2231 4341 2344 4411 (11)
2373 4336 2561 4409 Pergit
2609 4333 2859 4406 denique
2908 4332 3147 4390 Pbotius
3205 4333 3264 4387 in
3316 4332 3474 4388 hunc
3509 4333 3800 4388 modum:

2163 4428 2450 4502 Quidnam
2481 4425 2736 4497 Spiritui,
2779 4437 2982 4495 quaeso,
3034 4422 3245 4478 accedet
3291 4421 3361 4477 ab
3406 4422 3510 4477 illa
3554 4421 3619 4476 de
3665 4422 3806 4479 Filio

2157 4517 2496 4590 processione
2519 4532 2538 4575 ,·
2595 4530 2720 4569 cum
2770 4514 3041 4584 processio
3097 4517 3325 4583 paterna
3388 4509 3460 4566 ad
3514 4512 3807 4566 essentiam

2162 4607 2448 4678 sufﬁciat?
2478 4602 2649 4672 Quid,
2683 4601 2731 4656 si
2783 4617 3047 4673 rogemus
3093 4598 3364 4655 Photium
3407 4598 3806 4669 (Thomassini

417 4693 758 4758 Agnoscunt
785 4690 959 4746 etiam
988 4691 1123 4762 alia,
1157 4710 1282 4764 quae
1305 4695 1650 4752 naturaliter
1671 4697 1875 4753 insunt
1899 4699 2053 4754 Patri
2085 4709 2132 4772 D
2161 4695 2336 4750 verba
2364 4692 2520 4763 sunt)
2547 4709 2560 4759 ;
2594 4690 2736 4761 quid
2795 4690 3032 4745 accedat
3089 4692 3368 4744 creaturas
3424 4705 3459 4742 ει
3513 4687 3806 4744 creatione

385 4857 393 4861 _
421 4781 477 4831 et
508 4775 669 4845 Filio,
703 4783 760 4833 et
793 4797 908 4835 non
938 4781 1142 4837 insunt
1172 4783 1414 4855 Spiritui
1446 4803 1460 4841 :
1507 4802 1621 4841 non
1673 4788 1826 4858 quod
1873 4789 2052 4860 Spiri-

422 4868 520 4920 tus
551 4882 665 4920 non
704 4867 780 4922 sit
808 4869 1067 4938 ejusdem
1118 4876 1358 4943 naturae,
1410 4879 1582 4945 atque
1633 4875 1817 4941 Pater,
1867 4881 1922 4930 et
1967 4876 2058 4931 Fi-

421 4953 536 5009 lius
569 4971 582 5009 :
620 4956 718 5010 sed
752 4959 903 5027 quod
935 4959 1229 5016 naturales
1262 4963 1453 5019 Patris
1484 4968 1549 5018 ut
1579 4964 1788 5032 Patris,
1819 4969 1876 5020 et
1930 4965 2060 5021 Filii

425 5049 490 5099 ut
516 5042 643 5099 Filii
676 5047 1198 5117 proprietates,non
1224 5051 1345 5106 sint
1374 5068 1718 5109 communes
1743 5054 2058 5126 Spiritui...

418 5137 619 5205 Itaque
649 5134 931 5206 Spiritum
973 5155 1089 5193 una
1138 5139 1318 5195 simul
1373 5141 1572 5197 haberi
1629 5159 1662 5196 a
1709 5143 1876 5199 Patre
1925 5149 1980 5199 et
2028 5160 2062 5198 ο.

419 5223 580 5292 Filio,
632 5225 894 5280 naturale
952 5231 1039 5282 est
1085 5229 1304 5283 bonum
1351 5229 1536 5287 Patris
1585 5236 1641 5287 et
1670 5231 1819 5298 Filii,
1853 5233 1951 5288 sed
1996 5237 2061 5288 ut

417 5312 740 5383 proprietas
798 5316 1134 5370 eorumdem
1197 5318 1498 5375 naturalis.
1537 5320 1660 5378 Non
1719 5321 1848 5376 ideo
1901 5338 2057 5393 ergo,

423 5400 562 5472 quia
617 5402 1012 5458 communicat
1088 5405 1266 5461 Filius
1344 5424 1477 5462 cum
1537 5409 1722 5479 Patre,
1784 5411 1940 5481 quod
1993 5426 2062 5466 ex

423 5489 690 5561 utrisque
727 5491 974 5563 Spiritus
1024 5493 1121 5560 sit,
1153 5497 1609 5552 communicabit
1655 5515 1786 5554 cum
1836 5499 2059 5555 eisdem

424 5580 699 5652 Spiritus,
733 5585 796 5635 ut
822 5586 878 5636 et
908 5583 1032 5654 ipse
1063 5581 1139 5637 sit
1181 5599 1248 5638 ex
1297 5600 1356 5638 se
1403 5584 1548 5656 ipso.
1585 5609 1612 5636 ››
1643 5587 1899 5643 Rursum
1928 5587 2057 5643 ideo

420 5685 533 5725 esse
559 5671 747 5742 Deum,
781 5672 1003 5744 Regem,
1051 5681 1101 5728 et
1128 5675 1462 5743 Creatorem,
1499 5692 1625 5747 quae
1670 5676 1908 5733 Photius
1957 5677 2055 5732 ad-

420 5759 598 5830 ducit,
632 5761 968 5818 communia
995 5765 1134 5818 sunt
1175 5763 1365 5820 tribus
1408 5764 1695 5837 personis,
1723 5767 1876 5838 quod
1908 5771 2054 5823 rela-

2164 4801 2263 4856 per
2297 4781 2528 4851 Filium,
2560 4784 2616 4835 et
2639 4779 2922 4851 Spiritum
2963 4781 3257 4843 sanctum,
3295 4793 3429 4832 cum
3461 4777 3673 4832 creatio
3703 4793 3808 4848 per

2165 4875 2396 4929 Patrem
2452 4868 2682 4925 abunde
2739 4867 2935 4924 esset?
2970 4869 3055 4922 An
3112 4865 3282 4935 dicet,
3338 4865 3537 4920 omnia
3591 4865 3807 4922 divinis

2168 4959 2580 5035 hypostasibus
2637 4973 2767 5013 esse
2815 4955 3152 5012 communia
3207 4958 3413 5026 praeter
3470 4955 3804 5022 relationes,

2169 5051 2384 5124 quibus
2417 5048 2539 5105 alite
2571 5045 2644 5100 ab
2673 5047 2789 5105 illis
2819 5043 3312 5117 distinguuntur?
3351 5043 3721 5115 Reponemus
3753 5047 3812 5100 et

2169 5157 2298 5207 nos,
2328 5140 2528 5194 omnia
2555 5155 2624 5195 ex
2648 5135 2964 5209 Scripturis
2995 5137 3052 5188 et
3100 5132 3318 5188 sanctis
3369 5131 3636 5188 Patribus
3680 5149 3811 5189 esse

2168 5228 2350 5295 Patri,
2383 5227 2642 5300 Filioque
2671 5222 3010 5282 communia
3057 5225 3266 5293 praeter
3313 5220 3721 5291 paternitatem
3753 5225 3812 5276 et

2168 5318 2530 5387 ﬁliationem,
2563 5335 2678 5391 qua
2719 5319 2887 5371 Pater
2929 5330 2963 5368 a
3005 5310 3150 5368 Filio
3197 5309 3626 5382 distinguitur:
3674 5310 3814 5382 quia

2168 5425 2340 5463 nemo
2391 5407 2503 5462 sibi
2558 5411 2751 5474 Pater,
2791 5418 2962 5459 nemo
3017 5399 3128 5456 sibi
3186 5398 3368 5455 Filius
3417 5416 3544 5455 esse
3601 5403 3812 5471 potest.

2168 5495 2387 5552 Exinde
2436 5495 2739 5568 perspicue
2788 5490 3100 5562 colligitur,
3132 5487 3250 5542 vim
3283 5489 3640 5560 producendi
3673 5489 3808 5560 Spi-

2167 5585 2314 5640 ritus
2344 5585 2529 5640 sancti
2559 5601 2688 5640 esse
2719 5581 2874 5638 Patri
2910 5578 3169 5649 Filioque
3209 5593 3620 5646 communem;
3671 5594 3804 5634 cum

2165 5691 2234 5730 ea
2263 5673 2407 5728 nihil
2438 5675 2657 5746 spectet
2684 5672 2754 5727 ad
2785 5667 3190 5742 paternitatem
3221 5669 3278 5720 et
3305 5665 3804 5723 ﬁliationemﬂzec

2168 5763 2288 5821 ille.
2320 5763 2533 5819 Eadem
2557 5779 2711 5830 vero,
2744 5777 2872 5831 quae
2902 5755 3192 5830 praecipua
3223 5753 3412 5812 Photii
3455 5760 3802 5829 argumenta
