4094 6474
128 56 783 83 ,ήΤβτ-

368 502 481 564 ηε

1591 500 1803 566 νιΤΑ.
1837 530 1918 549 --
1944 497 2466 563 DISSERTATIO
2509 497 2558 563 Ι.

3652 493 3772 560 126

373 633 688 692 vanissima
737 634 1148 707 refutavimus,
1181 635 1241 692 in
1282 637 1410 709 ejus
1441 635 1616 692 etiam
1663 634 1911 708 epistola
1937 632 2019 690 le-
2049 635 2105 701 Α
2206 636 2267 691 In
2299 636 2642 708 Hodegorum
2686 635 3083 693 monasterium
3132 632 3417 692 secessit:
3467 649 3657 706 neque
3685 639 3772 690 ta-

379 729 589 797 guntur
606 725 683 780 ad
701 726 1182 799 archiepiscopum
1200 726 1619 799 Aquileiensem,
1639 725 1843 781 Latine
1868 723 2026 780 edita

378 813 523 885 apud
574 813 918 883 Baronium,
953 816 1025 870 ad
1077 831 1298 870 annum
1327 816 1456 883 883,
1487 831 1650 871 num.
1681 816 1735 887 5,
1766 818 1823 869 et
1869 813 2024 886 apud

377 901 792 959 Combelisium
808 903 1018 960 Latine
1039 908 1097 959 et
1116 903 1308 959 Graece
1330 904 1388 959 in
1421 905 1680 960 Auctario
1708 904 2021 959 novissimo.

918 993 1076 1048 119
1115 993 1347 1048 CAPUT
1388 993 1480 1048 IX.

373 1082 670 1163 Gregorius
736 1080 977 1164 Cyprius
987 1083 1339 1207 dpatriarcha
1384 1082 1584 1160 sgcedit
1640 1084 1702 1138 in
1747 1089 2023 1138 monaste-

439 1169 612 1206 rium.
640 1153 721 1207 De
749 1153 983 1225 αὺάψαη
1024 1171 1057 1208 a
1102 1154 1370 1222 dignitate
1395 1158 1707 1225 pertractat,
1739 1153 2025 1210 dummodo

438 1225 825 1297 testimonium
852 1224 920 1280 de
944 1240 1048 1280 sua
1093 1195 1426 1281 ori'hodoxid
1444 1195 1707 1297 accipiat:
1738 1227 1849 1280 Hac
1875 1225 1941 1280 de
1968 1241 2026 1281 re

438 1295 675 1365 epistola
708 1296 778 1351 ab
806 1297 923 1366 ipso
941 1298 1169 1368 scripta,
1193 1312 1342 1351 nunc
1361 1295 1610 1368 primum
1632 1296 1817 1354 Graece
1843 1304 1894 1352 et
1920 1298 2024 1352 La-

439 1368 567 1450 tine
595 1368 751 1450 edita
782 1386 800 1420 :
829 1367 1177 1450 ejusdemque
1222 1367 1373 1424 Νοιε
1406 1369 2025 1450 ementem-Pollicita-

439 1440 539 1500 tio,
570 1455 607 1493 a
660 1439 894 1507 Georgio
937 1440 1348 1510 Moschampare
1390 1446 1546 1510 facta.
1593 1441 1749 1495 datis
1804 1440 2026 1509 litteris,

438 1523 573 1580 quae
588 1526 757 1583 nunc
775 1513 1020 1583 primum
1046 1512 1248 1566 Latine
1264 1511 1553 1583 prodeunt.
1575 1511 1770 1583 Sedem
1796 1511 2028 1583 Cyprius

434 1581 879 1651 patriarchalem
905 1581 1159 1648 dimittit,
1189 1584 1387 1653 scripto
1419 1582 1608 1638 libello
1637 1581 2024 1649 abdicationis,

439 1668 605 1725 quem
631 1653 940 1724 multiplici
964 1669 1036 1709 ea:
1061 1654 1238 1725 capite
1264 1654 1615 1724 reprehendit
1644 1653 2026 1725 Pachymeres.

436 1723 784 1797 Athanasius
802 1723 1108 1780 monachus
1125 1723 1165 1780 ’e
1187 1729 1371 1781 monte
1400 1729 1557 1782 Gano
1577 1723 1807 1797 eligitur
1838 1744 1857 1779 :
1885 1741 2031 1781 mor-

439 1798 553 1849 tem
583 1795 702 1852 obit
728 1797 1049 1867 Gregorius.

442 1883 488 1938 Ι.
523 1883 843 1957 Gregorius
891 1885 1141 1958 Cyprius
1185 1884 1539 1958 patriarcha,
1570 1902 1703 1941 cum
1755 1885 1814 1941 id
1843 1901 2030 1942 emen-

367 1971 510 2028 dare
539 1989 651 2028 suo
681 1973 743 2028 in
774 1973 955 2030 Tomo
993 1978 1286 2041 recusaret,
1318 1973 1459 2046 quod
1483 1975 1670 2046 palam
1701 1990 1913 2031 errasse
1938 1974 2030 2032 de-
2061 2003 2108 2067 B

366 2061 681 2134 prehensus
704 2064 900 2133 {esset
939 2079 1004 2119 ac
1049 2080 1154 2119 sua
1196 2065 1507 2136 pertinacia
1558 2064 1738 2120 labem
1779 2065 2034 2120 inureret

368 2151 653 2220 Ecclesiae,
708 2152 1031 2208 multorum
1096 2152 1277 2208 subiit
1339 2152 1823 2225 indignationem.
1881 2152 2030 2220 Quin

370 2240 497 2296 imo
530 2241 620 2296 his
647 2240 714 2297 de
742 2243 925 2298 causis
952 2241 1166 2313 (verbis
1196 2245 1328 2297 utor
1353 2240 1747 2314 Pachymeris,
1777 2242 1928 2299 libro
1965 2261 2030 2313 ιι,

369 2330 432 2385 in
460 2330 824 2399 Andronico,
871 2331 1062 2404 capite
1111 2334 1189 2400 v),
1219 2332 1601 2403 refrigescebat
1650 2331 1849 2388 ardens
1874 2334 2031 2404 prius

368 2420 735 2490 imperatoris
759 2419 821 2474 in
858 2436 984 2475 eum
1027 2421 1273 2492 affectus.
1303 2420 1492 2491 Hujus
1522 2420 1697 2476 etiam
1745 2438 1913 2477 suasu
1939 2421 2031 2478 in-

368 2508 593 2563 ductus
620 2507 1058 2564 Alexandrinus
1100 2508 1453 2582 patriarcha,
1485 2518 1673 2566 auctor
1696 2512 1808 2582 fuit
1838 2510 2030 2582 Grego-

370 2599 459 2652 rio
487 2597 893 2667 patriarchalis
928 2597 1219 2669 dignitatis
1245 2599 1393 2654 ultro
1443 2598 1781 2656 abdicandw.
1818 2599 2030 2656 Datum

370 2685 697 2742 consilium
743 2702 893 2760 aegre
939 2686 1079 2742 tulit
1111 2705 1123 2743 :
1156 2691 1216 2743 at
1259 2691 1481 2757 fractus
1527 2690 1735 2755 animo,
1762 2688 2034 2762 rebusque

367 2776 492 2831 suis
521 2774 805 2847 difﬁdens,
834 2778 925 2846 (ut
970 2792 1208 2831 narrare
1237 2775 1425 2848 pergit
1473 2775 1811 2846 historicus,
1843 2779 2030 2850 capite

370 2865 430 2936 6)
457 2865 710 2935 quadam
734 2864 825 2921 die
868 2866 1176 2931 Dominica,
1209 2866 1444 2921 homilia
1471 2866 1544 2921 ad
1583 2867 1851 2938 populum
1877 2883 2032 2938 pero-

372 2956 526 3023 rata,
558 2954 766 3010 multos
810 2954 1182 3010 insurrexisse
1226 2953 1520 3010 adversum
1545 2970 1661 3010 sese
1705 2963 2031 3026 conquestus

371 3046 456 3099 est
486 3064 506 3098 :
538 3042 959 3115 indicavitque,
996 3059 1054 3098 se
1081 3043 1218 3099 velle
1260 3043 1475 3121 cedere.
1510 3043 1838 3114 Audiverat,
1869 3045 2031 3102 Arse-

374 3134 583 3189 nianos
617 3133 858 3201 iactare,
880 3148 1073 3204 pacem
1100 3133 1245 3204 ipsos
1269 3134 1650 3204 amplexuros,
1684 3132 1974 3203 Gregorius
2002 3151 2032 3191 e

370 3223 561 3277 medio
588 3222 642 3275 si
676 3225 1027 3277 amoveretur
1055 3238 1075 3275 :
1106 3221 1263 3277 unde
1293 3237 1324 3276 e
1354 3236 1417 3276 re
1463 3238 1570 3277 sua
1622 3221 1871 3291 censuit,
1904 3227 2028 3278 tan-

366 3313 549 3382 tisper
574 3310 844 3379 secedere,
868 3312 1059 3366 animo
1086 3309 1358 3366 duntaxat
1380 3309 1732 3382 explorandi,
1760 3311 1892 3382 quid
1916 3314 2030 3368 sint

367 3401 583 3464 acturi,
633 3398 1129 3470 Denuntiavitque
1176 3398 1393 3471 palam,
1450 3401 1564 3455 nisi
1606 3402 1895 3472 promissis
1941 3402 2033 3457 illi

365 3489 651 3556 steterint,
681 3497 736 3544 et
780 3488 1088 3545 Ecclesium
1132 3488 1356 3543 turbare
1401 3488 1688 3557 desierint,
1721 3488 2031 3546 rediturum

365 3593 445 3646 se,
477 3581 531 3634 et
561 3576 787 3649 quidem
812 3578 1041 3646 iratum,
1074 3579 1129 3631 et
1155 3577 1409 3633 ultorem.

2133 742 2265 782 men
2294 728 2671 798 [unctionibus
2712 728 2922 782 cunctis
2946 725 3342 799 patriarchalis
3371 724 3678 796 dignitatis,
3706 726 3773 780 ut

2132 813 2306 869 ﬁdem
2335 814 2643 870 videbatur
2688 814 2940 884 dedisse,
2972 814 3293 871 abstinebat.
3328 815 3470 882 Quin
3497 821 3551 869 et
3575 829 3770 869 conve-

2130 904 2409 959 nientibus
2438 904 2508 959 ad
2537 920 2660 960 eum
2692 906 2869 976 partis
2898 920 3016 976 ejus
3060 903 3422 972 antistitibus,
3452 910 3505 959 et
3531 904 3770 971 clericis,

2129 992 2328 1063 synodi
2366 994 2805 1060 celebrabantur,
2835 1001 2885 1050 et
2904 994 3119 1067 judicia
3174 993 3569 1049 exercebantur
3596 1010 3616 1048 :
3643 992 3773 1048 adeo

2132 1090 2192 1136 ut
2216 1083 2490 1153 paulatim
2539 1088 2710 1138 totam
2757 1083 2986 1157 Cyprius
3032 1084 3292 1139 Ecclesiae
3333 1082 3771 1138 administratio-

2130 1188 2255 1228 nem
2284 1173 2567 1243 reciperet.
2613 1171 3173 1244 Constantinopolim
3222 1172 3629 1228 adventaverat
3672 1171 3774 1243 Cy-

2133 1259 2302 1316 rillus
2332 1276 2402 1316 ex
2424 1260 2559 1334 Tyri
2589 1261 2927 1334 episcopatu
2967 1261 3039 1316 ad
3069 1260 3489 1317 Antiochenam
3521 1259 3773 1332 patriar-

2133 1349 2359 1405 chalem
2388 1350 2584 1405 sedem
2614 1355 2866 1406 evectus.
2900 1350 2962 1405 In
3015 1350 3218 1405 eodem
3248 1349 3616 1421 Hodegorum
3648 1364 3772 1404 mo-

2135 1438 2387 1495 nasterio
2419 1438 2799 1495 diversorium
2851 1437 3067 1512 hospiti
3125 1437 3359 1511 praesuli
3406 1436 3771 1510 assignatum

2134 1532 2223 1583 est
2252 1548 2270 1582 .-
2300 1544 2369 1584 ex
2399 1545 2513 1601 quo
2559 1529 2813 1584 recedens
2843 1527 3129 1599 Gregorius
3157 1529 3219 1582 in
3248 1528 3546 1594 hospitium
3584 1527 3775 1583 sancti

2135 1617 2302 1672 Pauli
2328 1619 2388 1672 in
2437 1622 2602 1673 Latro
2650 1618 3080 1689 transmigrauit.
3115 1617 3195 1672 De
3224 1616 3349 1673 loco
3389 1615 3510 1687 agit
3547 1620 3773 1671 Ducan-

2135 1705 2267 1777 gius
2295 1705 2355 1761 in
2397 1707 2861 1778 Constantinopoli
2890 1706 3226 1774 Christiana,
3260 1705 3408 1761 libro
3439 1723 3513 1773 IV,
3546 1707 3684 1760 sect.
3715 1703 3772 1772 5,

2138 1812 2304 1851 num.
2329 1797 2420 1851 22.

2209 1884 2279 1939 II.
2313 1883 2497 1940 Hocce
2526 1882 2586 1940 in
2634 1883 2760 1940 loco
2789 1887 2949 1940 totus
2995 1883 3371 1939 incumbebat
3398 1882 3775 1954 (Pacbymere

2138 1977 2288 2029 teste
2316 1989 2442 2045 cap.
2474 1975 2549 2042 7).
2582 1974 2736 2031 I20
2765 1975 2828 2028 in
2853 1971 3252 2045 scriptitandas
3271 1972 3670 2044 confutationes
3691 1987 3778 2026 ac-

2138 2064 2501 2131 cusationum,
2533 2077 2655 2135 quae
2689 2064 2843 2119 Tomo
2870 2079 2907 2118 a
2934 2078 2991 2118 se
3017 2061 3157 2118 edito
3181 2061 3612 2117 intentabantur.
3644 2063 3777 2115 Haec

2140 2167 2248 2208 nos
2276 2153 2404 2222 ejus
2430 2167 2606 2225 opera
2651 2150 3054 2207 recensuimus
3096 2167 3221 2223 cap.
3253 2152 3309 2217 8,
3339 2166 3503 2206 num.
3534 2151 3589 2206 4.
3620 2153 3779 2205 Inter

2140 2240 2260 2296 haec
2289 2241 2564 2313 scrupulo
2594 2241 2917 2314 angebatur
2963 2240 3297 2314 imperator,
3331 2257 3406 2296 an
3444 2256 3603 2296 sacra
3631 2254 3775 2313 quae,

2138 2331 2405 2397 adiuncta
2456 2330 2704 2400 Gregorii
2739 2331 3086 2402 patriarchae
3107 2330 3344 2402 publica
3382 2344 3777 2385 commemora-

2137 2422 2306 2487 tione,
2337 2419 2762 2488 celebrarentur,
2794 2419 2903 2475 sibi
2936 2418 3009 2475 ad
3052 2416 3777 2490 sanctiﬁcationem'prodes-

2137 2518 2278 2565 sent.
2309 2508 2454 2564 Hinc
2501 2524 2701 2564 nomen
2746 2510 2864 2577 eius
2901 2509 2960 2564 in
3007 2507 3324 2581 Synaxibus
3368 2508 3587 2563 silentio
3625 2522 3777 2578 pres-

2135 2615 2257 2654 sum
2303 2600 2400 2654 est.
2441 2601 2575 2653 Haec
2622 2597 2799 2653 habet
2842 2596 3227 2669 Pachymeres
3274 2596 3461 2668 capite
3504 2597 3561 2664 6,
3590 2594 3780 2668 pergit

2137 2704 2251 2759 que
2275 2703 2511 2743 narrare
2542 2687 2728 2759 capite
2747 2685 3078 2758 insequenti
3106 2702 3121 2741 :
3154 2684 3390 2757 petiisse
3412 2685 3775 2757 Gregorium,

2136 2776 2265 2833 dari
2310 2777 2419 2833 sibi
2462 2777 2531 2832 ab
2578 2776 2954 2832 anstistitibus
3000 2779 3053 2832 et
3099 2776 3333 2846 Augusto
3382 2774 3774 2841 testimonium,

2137 2868 2289 2923 omni
2334 2866 2689 2922 auctoritatis
2736 2864 2996 2935 ﬁrmitate
3041 2864 3111 2919 ad
3155 2863 3316 2933 ﬁdem
3351 2864 3571 2935 plenam
3588 2863 3776 2919 muni-

2138 2958 2276 3023 tum,
2306 2971 2413 3028 quo
2442 2954 2533 3010 illi
2572 2954 2958 3025 proﬁterentur
3001 2952 3164 3023 plane
3190 2967 3252 3007 se
3275 2953 3616 3023 comperisse,
3650 2950 3778 3007 Gre-

2136 3046 2363 3118 gorium
2387 3042 2765 3114 patriarcham
2792 3039 2941 3096 haud
2966 3056 3209 3112 unquam
3229 3041 3287 3095 in
3318 3040 3566 3109 dogmate
3594 3039 3779 3095 ortho-

2138 3132 2276 3189 doxa
2313 3133 2578 3188 titubasse
2608 3148 2628 3189 :
2658 3146 2825 3202 eoque
2865 3137 3099 3201 accepto,
3130 3145 3186 3186 se
3234 3129 3475 3185 vicissim
3521 3128 3781 3184 daturum

2136 3224 2245 3279 rite
2272 3222 2634 3294 conscriptam
2660 3220 2848 3276 throni
2872 3221 3158 3275 cesionem.

2214 3311 2310 3367 ΠΙ.
2358 3309 2822 3383 Pachymeriante
2872 3308 3140 3365 Historiae
3190 3306 3452 3382 apprime
3499 3310 3781 3363 consonat

2142 3401 2406 3472 ejusdem
2437 3398 2627 3472 Cyprii
2650 3398 2881 3471 epistola
2910 3397 2981 3453 ad
3012 3398 3255 3454 amicum
3282 3397 3439 3466 data,
3469 3412 3594 3466 quae
3624 3412 3781 3453 nunc

2140 3490 2397 3562 primum
2445 3505 2514 3544 ex
2558 3491 2755 3544 nostro
2812 3485 3147 3560 apographo
3200 3484 3417 3542 codicis
3476 3484 3775 3557 Lugduno.

2138 3577 2479 3636 Batavensis
2504 3577 2565 3633 in
2589 3577 2780 3633 lucem
2810 3576 3026 3649 prodit,
3059 3573 3252 3632 Grece
3281 3590 3347 3630 ac
3377 3573 3622 3630 Latine.-

1530 3664 1753 3737 Georgii
1777 3666 1970 3739 Cyprii
1995 3669 2228 3741 epistola
2257 3669 2328 3724 ad
2357 3669 2621 3724 amicum.

442 3757 561 3808 Τῶν
612 3750 790 3830 φίλων
846 3750 984 3806 τινί.
1045 3750 1286 3807 Δέσποτα
1337 3752 1654 3825 τιμιώτατε,
1701 3752 1888 3824 ἐπειδὴ
1937 3757 2028 3811 ἆσ-

370 3841 565 3919 φαλῶς
596 3845 800 3917 γνῶναι
857 3846 1055 3911 ζητεῖς,
1112 3841 1188 3904 ὡς
1236 3837 1352 3917 ἔχει
1398 3842 1624 3917 γνώμης
1668 3842 1792 3917 περὶ
1828 3844 1891 3898 τὸ
1920 3866 2023 3900 πα-

366 3936 689 4007 τριαρχεῖον
744 3932 780 3999 ἡ
843 3929 1134 4006 μετριότης
1192 3932 1376 4002 ἡμῶν,
1434 3934 1594 3985 τοῦτο
1656 3926 1886 4006 βεϐαίως
1931 3931 2023 3988 ἓσο

366 4018 553 4082 εἰδώς·
611 4019 699 4074 δτι
753 4018 842 4073 καὶ
897 4021 998 4088 τήν
1042 4019 1222 4095 ἀρχὴν
1265 4018 1365 4073 οὐκ
1408 4015 1594 4082 ἄλλως
1634 4017 1896 4095 ἐδεξάμην
1926 4043 2025 4077 πα-

366 4110 643 4185 τριάρχης
672 4107 939 4183 γενέσθαι,
993 4106 1075 4162 ὅτι
1130 4109 1205 4182 μή
1254 4106 1337 4162 ἐπ’
1366 4105 1548 4163 ἐλπίδι
1595 4114 1694 4163 τοῦ
1725 4109 2020 4185 εἰρηνεύειν

366 4200 459 4253 τὸν
500 4202 604 4251 τοῦ
661 4201 798 4252 Θεοῦ
846 4195 1000 4268 λαὸν,
1028 4196 1117 4252 καὶ
1171 4199 1240 4251 τὰ
1289 4198 1468 4272 μακρά
1517 4197 1606 4252 καὶ
1654 4198 1880 4254 ποικίλα
1922 4207 2024 4270 τῆς

367 4284 698 4357 Ἐκκλησίάς
754 4282 1023 4341 σκάνδαλα
1067 4284 1367 4349 παύσασθαι
1404 4329 1418 4342 .
1467 4286 1567 4340 Καὶ
1616 4283 1682 4357 δὴ
1730 4286 1805 4349 ὡς
1855 4287 2021 4363 γέγο-

368 4398 452 4445 να,
506 4374 597 4431 ἐπὶ
646 4372 828 4448 τούτῳ
875 4375 968 4429 καὶ
1020 4374 1172 4447 μόνῳ
1217 4376 1319 4443 τὴν
1368 4379 1540 4429 πᾶσαν
1588 4374 1824 4448 ἐμαυτοῦ
1873 4376 2020 4448 εἰσῆ-

368 4486 465 4539 γον
518 4461 764 4536 σπουδήν
796 4507 812 4520 .
869 4469 954 4525 Ὡς
1010 4460 1069 4518 δὲ
1122 4456 1411 4539 προϊόντος
1457 4468 1554 4519 τοῦ
1611 4464 1816 4540 χρόνου
1866 4464 2017 4522 οὐδὲν

369 4552 535 4610 πλέον
594 4554 671 4616 εἰς
730 4553 954 4629 εἰρήνην
1009 4552 1101 4607 καὶ
1155 4554 1246 4608 τὸν
1297 4552 1534 4628 ἀρχῆθεν
1587 4553 1787 4609 σκοπὸν
1834 4554 2021 4631 ἑώρων

367 4644 699 4720 γινόμενον,
759 4638 1121 4715 διενοησάμην
1177 4641 1427 4711 ἐκστῆναι
1482 4645 1579 4696 τοῦ
1636 4641 1829 4718 θρόνου
1862 4690 1876 4715 ,
1929 4644 2020 4700 καὶ

372 4731 528 4805 ἄλλῳ
582 4735 777 4787 τοῦτον
836 4736 1275 4806 παραχωρῆσαι,
1329 4728 1422 4785 ἵνα
1482 4731 1558 4804 μὴ
1612 4728 1710 4804 ἐμὲ
1751 4732 2017 4810 πρόφασιν

374 4818 536 4897 ἔχῃὴ
583 4827 686 4891 τῆς
739 4818 1090 4891 Έκκλησίας,
1138 4816 1279 4895 ῇπέρ
1326 4838 1466 4880 τινες
1521 4817 1733 4895 ἔλεγον,
1778 4824 2017 4899 ταραχὴ,

372 4911 459 4965 καὶ
513 4912 581 4965 τὰ
625 4913 859 4987 Χριστοῦ
915 4902 1161 4981 πρόϐατα
1198 4915 1299 4979 τῆς
1351 4906 1493 4970 θείας
1546 4906 1790 4981 ποίμνης
1848 4910 2018 4965 ἀποσ-

372 4999 552 5075 κέρτᾷν
583 5042 598 5055 .
655 5001 812 5063 Ὅθεν
895 4997 987 5052 καὶ
1063 4995 1245 5073 ὥσπερ
1318 4998 1817 5072 προοιμιαζόμενος
1853 5044 1867 5069 ,
1928 5000 2019 5055 καὶ

2205 3758 2448 3814 Cuidam
2501 3756 2861 3813 amicorum.
2917 3754 3162 3811 Domine
3218 3752 3731 3810 honorabilissime
3763 3797 3778 3822 ,

2134 3845 2613 3919 quandoquidem
2656 3848 2811 3901 certo
2852 3859 3198 3917 cognoscere
3246 3842 3479 3915 quaeris,
3510 3859 3777 3915 quasnam

2134 3935 2210 3992 sit
2241 3940 2454 3992 1108th
2495 3932 2914 3989 mediocritatis
2960 3932 3114 3988 circa
3154 3932 3613 4005 patriarchatum
3645 3948 3776 3988 sen-

2132 4024 2329 4090 tentia,
2361 4023 2420 4079 id
2473 4028 2629 4079 certo
2676 4022 2830 4078 scias
2885 4039 2898 4077 :
2946 4021 3103 4093 quod
3132 4020 3307 4077 etiam
3355 4021 3428 4076 ab
3482 4019 3647 4075 initio
3707 4023 3772 4076 ut

2131 4113 2463 4186 patriarcha
2492 4112 2711 4181 fierem,
2743 4128 2862 4167 non
2898 4110 3068 4166 aliter
3113 4108 3472 4177 admiserim,
3504 4108 3619 4165 nisi
3666 4125 3771 4181 spe

2132 4202 2421 4258 adductus
2468 4217 2671 4273 pacem
2720 4199 2998 4256 afferendi
3045 4198 3260 4271 populo
3305 4197 3428 4267 Dei,
3468 4201 3526 4253 et
3576 4197 3769 4270 longis

2128 4290 2422 4362 variisque
2453 4289 2718 4346 Ecclesiae
2763 4286 3056 4345 scandulis
3103 4287 3281 4342 ﬁnem
3309 4285 3668 4358 imponendi.
3699 4286 3771 4341 Et

2130 4380 2369 4452 quidem
2424 4382 2490 4435 ut
2537 4379 2727 4435 factus
2776 4393 2931 4446 sum,
2962 4377 3047 4432 ita
3094 4375 3154 4431 in
3202 4375 3311 4431 hoc
3360 4373 3482 4431 solo
3532 4389 3767 4430 omnem

2128 4467 2372 4525 adhibui
2404 4467 2789 4540 diligentiam.
2823 4466 2897 4522 Ut
2926 4468 3121 4522 autem
3142 4480 3455 4537 progressu
3486 4462 3768 4535 temporis

2127 4556 2275 4612 nihil
2305 4558 2375 4612 ad
2425 4572 2646 4627 pacem,
2678 4560 2737 4612 et
2764 4556 2835 4612 ad
2888 4569 3133 4627 scopum
3165 4553 3236 4609 ab
3288 4551 3456 4608 initio
3504 4550 3767 4624 proposi-

2130 4650 2256 4702 tum
2287 4663 2382 4702 me
2407 4646 2684 4716 proficere
2708 4644 3000 4715 viderem;
3030 4641 3275 4715 cogitavi
3303 4641 3514 4698 throno
3544 4641 3766 4709 cedere,

2129 4735 2443 4807 ipsumque
2471 4733 2568 4790 alii
2612 4732 2968 4806 permittere,
2999 4747 3072 4787 ne
3113 4746 3206 4786 me
3251 4728 3519 4786 Ecclesiae
3565 4730 3766 4786 turba-

2130 4824 2232 4892 tio,
2266 4827 2333 4880 ut
2380 4823 2614 4880 aiebant
2660 4838 2772 4878 non
2785 4820 2950 4887 nulli,
2979 4835 3219 4876 causam
3248 4819 3508 4888 haberet,
3548 4822 3604 4874 et
3633 4835 3768 4875 oves

2129 4912 2346 4970 Christi
2376 4912 2450 4968 ab
2481 4910 2617 4968 ovili
2648 4911 2844 4966 divino
2890 4909 3242 4966 recederent.
3275 4911 3635 4980 Quapropter
3662 4906 3770 4963 ini-

2128 5005 2277 5057 tium
2321 5000 2501 5058 veluti
2549 5000 2786 5067 faciens,
2819 5015 2884 5054 ac
2932 4998 3147 5071 pignus
3193 4997 3455 5070 perfectae
3486 4996 3768 5053 cessionis

371 5083 652 5164 ὰᾷραὄῶνα
709 5088 786 5149 ὡς
832 5086 952 5142 ἀντὶ
998 5093 1098 5156 τῆς
1161 5084 1372 5149 τελείας
1422 5085 1561 5159 ἐμῆς
1609 5086 2021 5164 ὑποχωρήσεως

2137 5093 2248 5162 iam
2298 5091 2465 5158 dans,
2496 5090 2569 5145 de
2607 5086 3096 5162 patriarchalibus
3141 5087 3366 5142 aedibus
3415 5085 3769 5141 descenden-

370 5180 433 5233 τὰ
475 5177 611 5240 τέως
665 5174 873 5247 διδοὺς,
902 5179 1012 5230 τῶν
1061 5179 1472 5252 πατριαρχικῶν
1530 5177 1771 5247 κατήειν,
1833 5174 1907 5239 εἷ¹ς
1963 5199 2023 5233 τε

369 5267 464 5335 τήν
500 5271 610 5322 τῶν
651 5262 901 5341 Ὀἃηγῶν
958 5265 1130 5337 μονήν
1169 5265 1573 5334 κατεσκήνωσα,
1619 5265 1719 5333 τὴν
1770 5269 1877 5320 τῶν
1924 5267 2019 5344 ἆρ-

368 5356 593 5433 χιερὲων
652 5354 744 5410 καὶ
801 5359 909 5410 τῶν
971 5350 1156 5408 ἄλλων
1210 5350 1462 5431 ἀδελφῶν
1509 5350 2018 5431 σκανδαλιζομὲνων

366 5448 703 5521 curvamentum
738 5440 1099 5519 ἐκδεχόμενος
1127 5486 1146 5511 ,
1171 5439 1245 5496 ’ἔν’
1316 5441 1392 5503 ὡς
1468 5439 1862 5516 εὐπρεπέστατα
1931 5445 2024 5508 καὶ

364 5535 796 5611 εἷρηνικώτατα,
839 5531 930 5586 καὶ
992 5531 1067 5593 ὡς
1124 5528 1281 5608 φίλον
1348 5533 1483 5602 Θεῷ,
1539 5534 1609 5604 τῇ
1664 5527 1733 5585 δι’
1791 5531 2013 5610 εἰρήνην

362 5626 592 5701 ἐμαυτοῦ
648 5620 909 5698 προθέσει
944 5663 959 5690 ,
1006 5618 1218 5675 ἐκείνων
1297 5616 1665 5682 συνελθόντων
1698 5665 1713 5690 ,
1774 5619 2018 5695 ἐπιθήσω

361 5718 417 5771 τὸ
444 5717 637 5790 πέρας.
696 5707 862 5769 Ἀλλ’
912 5708 965 5764 ἐν
1012 5708 1257 5783 τοσούτῳ
1304 5708 1595 5779 ἀνέστησαν
1656 5709 1870 5785 οἷ’τινες,
1926 5714 2016 5769 καὶ

363 5805 652 5878 ἀνέστησαν
706 5796 956 5877 θρασέως
1008 5797 1097 5853 καὶ
1153 5799 1372 5872 ἀμαθῶς
1424 5799 1559 5853 κατά
1613 5804 1714 5869 τῆς
1765 5797 1903 5875 ἐμῆς
1932 5801 2015 5858 εὖ..

2132 5179 2226 5247 do,
2258 5180 2318 5234 in
2366 5179 2737 5251 Hodegorum
2797 5175 3150 5233 monasterio
3196 5174 3619 5232 habitationem
3670 5190 3769 5247 po-

2130 5269 2244 5340 sui,
2276 5267 2606 5325 antistitum
2638 5271 2696 5323 et
2724 5265 2972 5323 aliorum
3002 5266 3152 5322 I21
3186 5265 3456 5332 fratrum,
3475 5263 3575 5337 qui
3605 5279 3768 5319 scan-

2132 5356 2329 5414 dalum
2363 5357 2522 5429 passi
2568 5360 2726 5427 sunt,
2757 5354 3267 5427 congregationem
3303 5356 3669 5426 exspectans,
3703 5355 3769 5408 ut

2132 5463 2308 5519 quam
2355 5445 2784 5513 decentissime,
2815 5450 2873 5502 et
2916 5443 3308 5518 pacatissime,
3341 5447 3399 5499 et
3448 5442 3621 5499 sicuti
3651 5441 3768 5499 Deo

2131 5540 2365 5610 gratum
2411 5540 2519 5607 est,
2547 5535 2684 5591 huic
2732 5552 2874 5591 mea
2920 5538 3158 5607 propter
3186 5549 3388 5606 pacem
3435 5530 3765 5600 intentioni,

2132 5624 2613 5682 convenientibus
2660 5623 2799 5693 illis,
2834 5639 3075 5680 manum
3127 5622 3395 5680 ultimam
3443 5621 3765 5694 imponam.

2129 5715 2239 5772 Sed
2283 5714 2517 5771 interim
2561 5713 3003 5772 insurrexerunt
3049 5712 3314 5784 quidam,
3344 5715 3403 5768 et
3447 5710 3770 5767 insurrexe-

2134 5807 2274 5861 runt
2329 5804 2602 5862 audacter
2656 5807 2714 5861 et
2762 5802 3030 5876 imperite
3087 5804 3288 5858 contra
3343 5814 3535 5858 meam
3581 5798 3765 5872 pieta-
