4094 6440
375 450 495 515 12⁸7

378 591 498 644 tem
544 596 842 650 moventes
886 591 1150 668 linguam
1201 613 1214 652 :

377 681 435 735 et
487 680 620 735 vani
675 697 970 740 sermones
1026 701 1225 741 eorum
1279 704 1407 743 mea
1462 690 1789 744 secessione
1837 690 2012 744 veluti

377 769 862 826 confirmarentur
935 773 1430 848 (quandoquidem
1508 778 1707 833 multis
1782 780 2016 834 videbar

377 857 544 928 quasi
594 860 909 926 convictus,
939 867 992 918 et
1041 866 1276 936 propria
1304 867 1658 924 conscientia
1697 869 2013 939 reprehen-

376 961 500 1014 sus,
532 946 740 1002 throno
773 951 1015 1023 cedere),
1050 970 1140 1009 me
1174 955 1366 1026 ipsum
1401 973 1433 1011 a
1455 957 1609 1012 dicto
1640 957 1864 1012 inhibui
1891 976 2014 1029 pro-

376 1035 585 1106 posito,
619 1053 683 1092 ac
733 1054 938 1095 rursus
983 1042 1373 1114 principatum
1424 1044 1598 1100 veluti
1631 1047 1703 1100 de
1746 1063 1889 1100 novo
1921 1063 2011 1102 as-

375 1125 623 1195 sumpsi.
653 1125 848 1197 Neque
878 1134 1028 1184 certe
1059 1130 1330 1202 litigiosa,
1365 1151 1492 1189 mea
1523 1134 1697 1189 veluti
1729 1136 2011 1206 poeniten-

375 1210 457 1265 tia
489 1213 719 1279 ductus,
748 1218 970 1272 tantam
1001 1217 1442 1288 sublimitatem,
1477 1228 1532 1276 et
1559 1223 1754 1293 gloriae
1785 1224 2009 1294 magni-

375 1300 636 1356 tudinem
690 1320 802 1358 non
853 1306 1084 1361 dimitto
1119 1325 1130 1362 :
1165 1310 1264 1363 sed
1314 1309 1487 1365 veluti
1520 1328 1619 1382 pro
1669 1329 1807 1368 mea
1849 1319 2011 1367 stans

379 1389 612 1460 pietatis
635 1393 895 1461 nomine,
920 1397 1090 1466 cujus
1120 1399 1446 1468 subjectum
1470 1417 1617 1472 opus
1645 1405 1763 1456 tam
1800 1418 2010 1472 purum

377 1478 434 1532 in
483 1495 597 1547 me,
645 1481 832 1551 gratia
889 1483 1120 1554 Christi,
1172 1492 1229 1540 et
1282 1488 1681 1558 incorruptum
1727 1495 2008 1556 servatur,

377 1583 552 1637 quam
587 1568 644 1622 in
677 1569 921 1626 oculatis
945 1573 1116 1628 etiam
1149 1576 1417 1640 testibus,
1443 1593 1509 1632 ac
1542 1578 1843 1648 discipulis
1872 1579 2011 1634 Jesu

377 1655 589 1710 Christi
623 1658 724 1713 Dei
756 1663 812 1714 et
844 1660 1156 1719 Salvatoris
1187 1665 1388 1720 nostri.
1423 1670 1692 1721 Attamen
1725 1668 2011 1739 hodieque

377 1760 584 1800 rursus
633 1763 733 1817 pro
781 1765 941 1819 pace,
974 1755 1030 1804 et
1078 1751 1389 1808 multorum
1445 1754 1654 1825 salute,
1688 1755 1735 1810 si
1785 1773 1882 1810 eos
1913 1757 2011 1827 qui

375 1838 578 1889 contra
609 1852 796 1892 meam
839 1839 1239 1896 orthodoxiam
1292 1844 1556 1914 garriunt
1600 1845 2010 1914 injustissima,

376 1922 682 1993 paeniteret
711 1926 782 1980 de
813 1925 972 1982 hisce
1022 1931 1403 1987 mendacibus
1434 1933 1924 2003 accusationibus,
1959 1941 2012 1988 et

373 2009 496 2067 hac
525 2015 635 2066 tua)
667 2015 868 2084 pietati
899 2017 1171 2088 scribere,
1203 2024 1260 2074 et
1309 2021 1470 2075 fateri
1504 2022 1789 2077 voluerint
1821 2041 1833 2078 :
1869 2022 2011 2077 nihil

375 2099 530 2155 ultra
571 2103 904 2172 requiritur,
941 2109 1124 2162 Verus
1172 2113 1261 2163 est
1294 2125 1505 2178 sermo,
1537 2115 1593 2165 et
1643 2111 2011 2166 mendacium

377 2204 492 2244 non
522 2193 610 2244 est
639 2192 698 2245 in
745 2209 829 2247 eo.
862 2194 1037 2258 Nihil,
1088 2196 1350 2268 inquam,
1383 2198 1534 2253 ultra
1579 2200 1917 2271 requiritur,
1950 2205 2014 2254 ut

375 2294 481 2350 ego
511 2281 822 2336 ascendam
869 2285 1065 2339 statim
1097 2287 1167 2340 ad
1219 2287 1501 2360 templum
1536 2289 1635 2344 Dei
1669 2289 2011 2354 maximum,

375 2372 433 2422 et
477 2369 754 2440 populum
800 2389 902 2442 pro
933 2375 1209 2430 concione
1257 2382 1660 2444 convocatum,
1697 2380 1806 2433 Deo
1855 2394 2012 2433 com-

376 2457 670 2525 mendem,
701 2463 876 2528 atque
920 2462 1252 2519 facultatem
1285 2465 1493 2520 faciam
1527 2467 1677 2522 I22
1708 2467 1888 2521 alium
1919 2485 2014 2523 vo-

376 2546 546 2600 candi
579 2547 648 2601 ad
673 2548 972 2617 thronum,
997 2552 1054 2606 in
1087 2569 1269 2624 eoque
1290 2555 1680 2610 constituendi
1706 2575 1718 2620 ;
1751 2558 1850 2625 qui
1880 2574 2012 2612 cum

377 2634 592 2690 auxilio
637 2636 736 2692 Dei
771 2640 1040 2708 pacificos
1089 2641 1218 2697 illos
1267 2659 1404 2715 erga
1437 2645 1531 2698 Dei
1585 2644 1898 2701 Ecclesiam
1931 2646 2013 2701 fa-

377 2721 512 2790 ciat,
545 2729 603 2780 et
633 2725 878 2784 invicem
929 2733 1260 2787 concordes.
1293 2732 1387 2788 Sic
1417 2733 1596 2804 igitur
1638 2735 1879 2790 intentio
1912 2752 2015 2790 no-

380 2815 502 2866 stra
531 2818 637 2880 est,
671 2814 727 2870 id
759 2833 964 2873 rursus
1005 2819 1251 2875 faciendi
1278 2839 1291 2887 ;
1324 2822 1372 2877 si
1404 2823 1503 2894 qui
1538 2822 1682 2878 falso
1709 2841 1815 2879 nos
1845 2842 2015 2880 accu-

380 2909 656 2958 saverunt
721 2904 987 2962 homines
1045 2908 1493 2979 postulationem
1553 2917 1832 2982 nostram,
1887 2930 2017 2984 quas

371 2990 705 3061 justissima
731 2998 838 3060 est,
861 2995 1156 3068 simulque
1184 2998 1479 3068 facillima,
1505 3001 1824 3072 adimplere
1855 3003 2015 3074 prius

379 3077 707 3136 voluerunt.
758 3083 943 3139 Aliter
996 3085 1358 3158 impossibile
1408 3094 1496 3144 est
1553 3089 1906 3160 permittere,
1953 3096 2017 3146 ut

382 3167 477 3222 alii
512 3170 777 3226 Ecclesiae
811 3173 1064 3244 praesint.
1098 3177 1344 3232 Maxime
1374 3178 1552 3244 enim,
1585 3183 1641 3234 et
1672 3180 1861 3236 modis
1891 3197 2014 3236 om-

382 3256 555 3314 nibus
584 3259 792 3327 enitar,
825 3278 889 3316 ac
921 3263 1260 3333 prohibebo,
1295 3281 1366 3321 ne
1396 3267 1712 3338 quispiam,
1747 3285 1840 3323 me
1869 3269 2014 3323 invi-

382 3349 461 3411 to,
493 3346 770 3404 thronum
805 3366 1087 3422 occupare
1119 3354 1350 3409 audeat.

1393 461 1707 526 GEORGII
1750 458 2016 524 CYPHII
2059 459 2178 522 ΟΡ.
2224 460 2753 525 ΡΑΤΒῙΑΗΟΗᾹΞ

1267 598 1519 671 indeque
1566 617 1637 655 ne
1680 589 2332 665 mendaceg,A686£iac
2391 593 2638 667 γλῶτταν
2693 597 2990 664 κινοῦντες,
3043 593 3225 648 Ἔνθεν
3282 614 3365 649 τοι
3425 590 3516 649 καὶ
3572 593 3648 657 ὡς
3707 595 3767 651 ἂν

3651 464 3768 527 128

2128 685 2202 754 μή
2236 685 2288 737 οἱ
2313 682 2522 756 ψευδεῖς
2571 683 2743 738 αὐτῶν
2796 685 2883 738 καὶ
2944 683 3159 755 μάταιοι
3218 683 3372 759 λόγοι
3422 688 3490 756 τῇ
3542 683 3646 758 ἐμῇ
3679 686 3767 760 βε-

2124 765 2427 826 ϐαιωθῶσιν
2463 773 2836 849 ὑποχωρήσει,
2883 773 2917 840 ἦ
2949 773 3049 847 γὰρ
3095 772 3152 827 av
3196 770 3341 843 ἔδοξε
3384 778 3499 834 τοῖς
3528 771 3764 836 πολλοῖς

2123 862 2196 922 ὡς
2250 861 2626 934 ἁλισκόμενος,
2675 863 2762 916 καὶ
2817 863 2918 916 ὑπὸ
2965 867 3060 916 τοῦ
3109 859 3412 924 συνειδότος
3462 860 3767 937 ἐλεγχόμε-

2122 971 2235 1018 νος,
2262 953 2350 1004 καὶ
2385 952 2486 1005 ὑπὸ
2533 956 2628 1005 τοῦ
2676 949 2979 1012 συνειδότος
3033 950 3416 1025 ἐλεγχόμενος,
3446 956 3544 1004 τοῦ
3573 951 3765 1026 θρόνου

2122 1039 2485 1111 ἐξιστάμενος,
2546 1039 2773 1115 ἐπέσχον
2820 1039 3048 1112 ἐμαυτὸν
3115 1046 3216 1108 τῆς
3275 1039 3569 1114 εἰρημένης
3629 1060 3763 1114 προ-

2121 1129 2337 1198 θέσεως,
2371 1129 2458 1182 καὶ
2507 1136 2608 1197 τῆς
2657 1129 2838 1202 ἀρχῆς
2891 1126 3036 1189 αὖθις
3089 1128 3162 1189 ὠς
3213 1127 3272 1182 ἐκ
3321 1127 3442 1182 νέου
3474 1123 3764 1182 ἀντελαόό-

2126 1240 2253 1289 μην.
2287 1218 2359 1272 Οὐ
2413 1219 2506 1290 μὲν
2559 1218 2649 1272 οῦν
2693 1219 2991 1293 ἐριστικῶς,
3048 1215 3160 1272 οὐδ’
3210 1218 3283 1277 ὡς
3327 1215 3631 1290 μετάμελον
3666 1215 3762 1271 λα-

2123 1302 2254 1378 θὼν,

2121 1390 2416 1467 ϐαλοῦμαι·
2454 1396 2578 1451 ἀλλ’
2618 1398 2693 1458 ὡς
2746 1397 3032 1468 ἱστάμενος
3085 1397 3215 1470 ὑπὲρ
3257 1400 3352 1449 τοῦ
3403 1403 3500 1463 τῆς
3532 1395 3765 1466 ἐμαυτοῦ

2122 1481 2388 1547 εὐσεϐείας
2462 1486 2729 1557 ὀνόματος
2781 1533 2794 1556 ,
2847 1486 2907 1538 οὗ
2978 1485 3040 1539 τὸ
3109 1485 3461 1555 ὑποκείμενον
3541 1490 3768 1558 πρᾶγμα

2123 1575 2294 1635 οὕτως
2353 1575 2639 1650 ἀκραιφνὲς
2692 1574 2742 1628 ἐν
2798 1575 2942 1646 ἐμοὶ,
3000 1579 3068 1647 τῇ
3127 1579 3360 1649 Χριστοῦ
3417 1573 3626 1648 χάριτι,
3676 1574 3763 1626 καὶ

2309 1309 2384 1378 μὴ
2435 1312 2687 1361 τοσοῦτον
2741 1307 2873 1380 ὕψος
2928 1307 3014 1361 καὶ
3069 1304 3226 1378 δόξης
3288 1306 3572 1381 μεγαλεῖον
3635 1305 3766 1360 ἀπο-

2122 1662 2387 1717 ἆνόθωτον
2449 1665 2693 1732 σώζεται,
2755 1663 2877 1716 ὅσον
2936 1663 3022 1717 καὶ
3084 1662 3134 1718 ἐν
3185 1669 3301 1723 τοῖς
3356 1661 3644 1722 αὖτόπταις
3676 1662 3763 1714 καὶ

2126 1754 2388 1823 μαθηταῖς
2463 1754 2641 1820 Ἰησοῦ
2699 1757 2928 1826 Χριστοῦ
2984 1757 3079 1805 τοῦ
3164 1756 3296 1805 Θεοῦ
3353 1750 3440 1804 καὶ
3500 1757 3763 1824 Σωτῆρος

2121 1845 2300 1913 ἡμῶν.
2351 1839 2509 1908 Ιιλήν
2556 1841 2642 1894 καὶ
2695 1844 2934 1915 σήμερον
2982 1843 3134 1902 αῦθις
3185 1841 3406 1915 εἰρήνης
3445 1836 3641 1910 ἓνικεν,
3674 1839 3765 1892 καὶ

2043 1962 2090 2027 Β
2118 1938 2217 1998 τῆς
2251 1935 2356 1984 τῶν
2389 1928 2615 1984 πολλῶν
2666 1930 2954 2004 σωτηρίας,
3007 1929 3094 1984 ἐὰν
3141 1930 3191 1983 οἱ
3234 1931 3331 1996 τῆς
3371 1928 3507 2001 ἐμῆς
3543 1925 3767 2002 ὀρθοδα-

2121 2019 2234 2089 ξίας
2292 2016 2596 2073 ἀδικώτατα
2659 2019 3003 2080 κατειπόντες
3040 2062 3053 2086 ,
3118 2015 3416 2089 μετάμελοι
3496 2018 3582 2071 ἐπὶ
3647 2017 3771 2071 ταύ-

2119 2129 2238 2169 ταις
2276 2109 2515 2182 γένοιντο
2558 2113 2674 2167 ταῖς
2710 2105 2926 2179 ψευδέσι
2968 2107 3339 2181 κατηγορίαις,
3391 2107 3480 2160 καὶ
3521 2107 3589 2159 τα
3638 2105 3772 2160 αὐτά

2119 2201 2187 2269 τῇ
2340 2191 2578 2250 εὖσεϐεέα
2624 2200 2821 2271 γράψαι
2871 2197 2960 2249 καὶ
3014 2194 3422 2270 ἀνομολογῆσαι
3472 2193 3767 2266 θελήσωσι,

2123 2285 2273 2340 οὐδὲν
2310 2284 2548 2340 λείπεται
2584 2285 2815 2357 (ἀληθὴς
2859 2283 2914 2339 δὲ
2960 2285 2987 2338 ὁ
3036 2283 3224 2360 λόγος,
3268 2285 3356 2338 καὶ
3389 2282 3584 2354 ψεῦδος
3617 2281 3769 2338 οὐδὲν

2124 2375 2175 2430 ἐν
2207 2375 2392 2446 αὐτῷ),
2427 2373 2577 2429 οὐδὲν
2637 2374 2898 2444 λείπεται,
2953 2376 3026 2446 μή
3084 2375 3283 2428 ἀνιέναι
3336 2373 3526 2428 αὐτίκα
3577 2373 3653 2434 εἷς
3681 2375 3769 2428 τὸν

2127 2466 2373 2540 μέγιστον
2430 2470 2527 2518 τοῦ
2583 2469 2714 2518 Θεοῦ
2770 2464 2939 2532 ναὸν,
2998 2463 3085 2517 καὶ
3142 2463 3233 2517 τὸν
3290 2461 3418 2517 λαὸν
3475 2460 3766 2532 ἐκκλησία-

2122 2574 2285 2607 σαντα
2329 2558 2407 2623 τῷ
2457 2553 2636 2627 Κυρίῳ
2685 2552 3054 2627 παρατιθέναι,
3109 2552 3196 2605 καὶ
3247 2550 3417 2606 ἄλλον
3470 2550 3635 2606 εἰπεῖν
3693 2551 3769 2611 είς

2122 2642 2212 2696 τὸν
2257 2642 2443 2718 θρόνον
2498 2641 2934 2716 προσκαλεῖσθαι,
2992 2641 3081 2695 καὶ
3141 2635 3503 2711 ἀναϐιϐάζειν,
3564 2641 3623 2702 ’ὀς
3675 2641 3766 2694 σὺν

2125 2731 2406 2805 ἐπικουρία
2473 2736 2604 2785 Θεοῦ
2664 2729 2967 2806 εἰρηνικοὺς
3024 2728 3220 2790 αὐτοὺς
3284 2729 3416 2783 εἶναι
3471 2731 3603 2804 πρὸς
3669 2731 3768 2798 τὴν

2123 2820 2444 2889 Ἐκκλησίαν
2494 2822 2757 2889 ποιήσει,
2805 2820 2893 2873 καὶ
2940 2821 3073 2892 πρὸς
3124 2817 3406 2888 ἀλλήλους
3454 2813 3774 2890 συμϐαίνον-

2123 2932 2231 2978 τες,
2293 2910 2436 2964 οῧτω
2491 2908 2670 2963 τοίνυν
2732 2905 2932 2982 ἔχομεν
2977 2907 3204 2982 γνώμης
3258 2906 3349 2961 καὶ
3407 2905 3556 2968 αὖθις
3605 2908 3772 2982 πρατ-

2122 3021 2231 3056 τειν
2269 3043 2282 3067 ,
2340 3000 2426 3054 ἐὰν
2507 2999 2564 3052 οί
2619 2995 2792 3071 ψευδῆ
2867 2995 3302 3072 κατηγορηκότες
3359 2997 3517 3068 ἡμῶν
3580 2993 3771 3071 ἄνδρες

2124 3088 2325 3162 τούμὸν
2358 3085 2587 3159 αἶ’τημα,
2643 3086 2778 3161 ὅπερ
2830 3086 2918 3140 καὶ
2978 3083 3315 3139 δικαιότατον
3375 3087 3488 3157 ἅμα
3542 3085 3629 3139 καὶ
3682 3085 3776 3160 ῥᾷ-

2126 3180 2245 3233 στὸν
2289 3177 2446 3247 ἐστιν,
2499 3177 2807 3249 ἐκπληροῃν
2857 3173 3158 3243 ἐθελήσωσι
3204 3173 3463 3250 πρότερον
3490 3217 3500 3229 .
3548 3172 3772 3236 Ἄλλως

2128 3266 2186 3323 δὲ
2251 3273 2649 3341 παραχωρῆσαι
2726 3268 2824 3333 τῆς
2903 3261 3226 3333 Ἐκκλησίας
3301 3261 3486 3338 ἄρχειν
3571 3262 3773 3338 ὲτέροις

2129 3355 2413 3413 ἀδύνατον.
2455 3354 2704 3410 Μάλιστα
2757 3355 2850 3426 μὲν
2901 3351 2992 3408 οὖν
3038 3353 3126 3408 καὶ
3175 3358 3302 3408 πᾶσι
3349 3352 3573 3429 τρόποις
3605 3352 3776 3425 ἐμπο-

381 3428 472 3486 δὸν
501 3436 790 3507 στήσομαι,
819 3437 908 3491 καὶ
941 3435 1286 3508 διακωλύσω,
1320 3437 1472 3503 εἷ’τις
1504 3443 1724 3505 ἄκοντος
1758 3442 1892 3516 ἐμοῦ
1916 3450 2013 3500 τοῦ
2043 3445 2236 3522 θρόνου
2263 3441 2530 3514 ἐπιπηδᾷν
2559 3441 2932 3512 ἐθελήσειεν...

452 3523 647 3581 Mense
677 3526 849 3593 Maio,
881 3529 1194 3586 indictione
1235 3534 1512 3600 secunda,
1544 3551 1696 3590 anno
1724 3535 1884 3603 6799,
1918 3553 2014 3608 pa-

379 3611 635 3668 triarcha
664 3615 939 3672 dominus
968 3620 1290 3691 Gregorius.

2195 3534 2339 3602 Μηνὶ
2398 3531 2623 3604 Μαΐῳ...
2683 3533 2761 3607 νβ’
2797 3577 2810 3601 ,
2891 3532 2942 3585 ὲν
3003 3528 3108 3586 ἔτει
3166 3531 3356 3608 ,ςψίιζλ
3424 3531 3771 3605 πατριάρχης

2121 3627 2285 3699 κῦρος
2317 3620 2635 3697 Γρηγόριοςι

451 3793 644 3847 Graeca
673 3793 848 3850 verba
897 3795 1016 3864 illa,
1059 3794 1138 3859 εἵς
1163 3818 1222 3851 τε
1267 3800 1365 3867 τήν
1395 3804 1501 3853 τῶν
1542 3797 1784 3875 Ὀδηγῶν
1821 3802 2017 3874 μονὴν,

381 3894 514 3934 cum
547 3897 872 3954 anonymus
904 3885 1002 3941 ille
1049 3886 1354 3960 interpres,
1382 3891 1553 3962 cujus
1602 3890 1806 3947 Latina
1834 3897 2021 3947 trans-

379 3966 521 4023 latio
573 3985 704 4026 cum
763 3971 956 4030 Greco
1007 3980 1162 4032 textu
1205 3977 1477 4034 Venetias
1523 3981 1868 4036 transmissa
1912 3980 2021 4036 fuit

383 4057 666 4129 Lugduno
724 4060 1092 4131 Batavorum,
1145 4067 1396 4136 verterit,
1458 4074 1522 4122 ut
1577 4068 1636 4123 in
1683 4069 2016 4141 apographo

383 4151 581 4203 nostro
630 4148 902 4222 legimus,
944 4153 1329 4210 habitationem
1373 4157 1571 4212 ducum
1617 4160 1738 4224 viae,
1767 4157 2016 4214 celeber-

382 4234 596 4291 rimum
657 4236 1356 4311 Constantidopolitanum
1431 4245 1730 4317 ignorasse
1788 4247 2018 4301 videtur

383 4325 507 4396 ipse
566 4326 905 4396 Hodegorum
958 4335 1349 4388 monasterium
1405 4335 1658 4405 Deiparae
1712 4351 1944 4390 sacrum
1999 4353 2012 4391 :

381 4412 463 4468 ita
508 4413 753 4482 dietum,
787 4433 856 4471 ex
903 4433 968 4473 eo
1021 4421 1177 4489 quod
1209 4420 1586 4491 imperatores
1632 4423 2017 4494 Graeci,expe-

382 4502 662 4559 ditionem
693 4507 1022 4578 suscepturi
1072 4508 1130 4563 in
1162 4507 1379 4577 hostes,
1408 4511 1670 4566 eamdem
1721 4511 1883 4582 prius
1913 4512 2012 4566 de-

380 4592 603 4663 precari
633 4594 937 4666 Deiparam
977 4604 1443 4667 consuescerent,
1478 4606 1542 4654 ut
1570 4604 1723 4655 esset
1760 4599 1878 4656 illis
1907 4603 2016 4657 via?

381 4697 575 4746 comes,
614 4682 700 4738 vel
749 4685 940 4754 potius
987 4686 1226 4741 ductrix.
1276 4687 1639 4759 Ducangium
1689 4688 1928 4744 consule
1956 4688 2017 4743 in

379 4771 847 4844 Constantinopoli
874 4774 1208 4841 Christiana,
1240 4775 1340 4831 lib.
1374 4794 1450 4846 1v,
1483 4783 1624 4832 sect.
1657 4779 1710 4846 2,
1737 4794 1898 4832 num.
1922 4779 2014 4832 24.

379 4857 524 4914 Hinc
554 4875 720 4914 sacra
748 4859 849 4917 illa
878 4863 1028 4918 aedes
1058 4864 1360 4920 dicebatur
1402 4867 1598 4934 etiam,
1631 4867 1882 4938 Deiparae
1911 4868 2016 4922 Ho-

376 4947 644 5018 degetr‘ise.

449 5044 656 5093 Annus
684 5039 824 5093 6799
853 5045 939 5095 est
971 5059 1161 5097 annus
1209 5043 1421 5099 Christi
1451 5045 1606 5100 1291.
1642 5045 1869 5099 Litterae
1905 5043 2014 5099 illas

378 5125 478 5196 νβ’,
514 5143 710 5182 vocem
743 5127 801 5183 in
844 5146 953 5183 ms.
996 5131 1264 5187 mutilam
1315 5133 1606 5200 exhibent,
1636 5151 1765 5204 quas
1797 5134 2015 5198 scripta

379 5215 595 5270 fuissse
643 5217 890 5282 videtur,
938 5214 1039 5272 ἶνδ.
1096 5219 1160 5292 β’,
1195 5220 1282 5275 vel
1337 5217 1627 5277 ἶνδικτιῶν.
1683 5222 1748 5294 β’,
1781 5222 1889 5276 hoc
1930 5229 2018 5277 est

376 5299 733 5365 Ἰνδικτιῶνος
788 5304 856 5378 β’,
911 5308 1222 5364 indictionis
1268 5311 1538 5368 secundat.
1586 5311 1713 5366 Haec
1761 5328 1893 5366 vero
1941 5328 2018 5366 se-

374 5393 554 5448 cunda
593 5392 834 5450 indictio
883 5412 1000 5450 non
1041 5400 1306 5453 convenit
1336 5417 1486 5455 anno
1535 5399 2016 5470 Constantinopo-

375 5481 560 5537 litano
597 5484 759 5552 6799,
793 5485 890 5555 qui
924 5484 1146 5541 divisus
1198 5503 1298 5558 per
1331 5489 1396 5542 15
1444 5490 1633 5544 reddit
1663 5490 2017 5545 indictionem

375 5574 648 5640 quartam,
683 5589 798 5642 qua
843 5574 1016 5629 etiam
1060 5573 1376 5646 insignitus
1435 5579 1779 5647 procedebat
1827 5595 2017 5633 annus

373 5660 631 5732 vulgaris
677 5661 889 5718 Christi
943 5664 1098 5717 1291.
1130 5666 1360 5719 Annum
1411 5682 1547 5737 ergo
1592 5667 1648 5720 in
1696 5667 1889 5722 codice
1919 5685 2016 5723 ex-

373 5766 642 5826 pressum
663 5751 806 5808 6799
839 5751 922 5809 ita
952 5752 1197 5826 corrige,
1229 5751 1403 5830 σψιιξ,
1431 5753 1592 5825 6797,
1616 5755 1825 5813 Christi
1857 5757 2014 5826 1289,

2128 3803 2222 3858 cui
2252 3801 2489 3857 secunda
2517 3798 2784 3856 convenit
2811 3799 3065 3855 indictio.
3097 3797 3230 3854 Jam
3277 3796 3504 3870 collige,
3537 3795 3770 3852 labente

2131 3892 2284 3947 Maio
2314 3889 2579 3961 ejusdem
2611 3891 2755 3944 anni
2785 3888 2926 3943 4289
2955 3886 3152 3943 sedem
3196 3885 3389 3941 adhuc
3422 3883 3775 3958 patriarcha-

2128 3982 2243 4036 lem
2273 3979 2536 4035 tenuisse
2565 3977 2931 4049 Gregorium.

2200 4070 2294 4124 IV.
2328 4066 2790 4138 Disceptabatur,
2825 4080 2965 4120 num
2998 4064 3153 4136 quod
3206 4061 3537 4136 patriarcha
3566 4066 3769 4134 postu-

2127 4156 2303 4224 labat,
2339 4155 2714 4211 scribendum
2766 4153 2912 4209 foret
2960 4152 3363 4208 testimonium
3409 4152 3480 4206 de
3511 4153 3635 4221 ejus
3683 4167 3774 4206 or-

2124 4246 2419 4302 thodoxia.
2462 4243 2816 4298 Canonicum
2857 4241 3150 4313 judicium
3193 4241 3258 4297 de
3303 4241 3454 4298 ιαι
3502 4257 3689 4306 causa,
3719 4243 3775 4296 et

2124 4335 2228 4406 ﬁde
2279 4335 2534 4406 Gregorii
2579 4333 2652 4387 ab
2701 4335 2962 4402 Augusto
3012 4330 3200 4386 liberis
3239 4331 3442 4402 synodi
3484 4330 3773 4401 suffragiis

2125 4424 2313 4495 primo
2337 4421 2714 4495 permissum,
2741 4425 2868 4476 tum
2901 4435 3256 4490 suspensum
3280 4419 3773 4490 denegatumque,

2125 4513 2298 4568 refert
2337 4511 2723 4582 Pacbymeres
2769 4510 2955 4580 capite
3000 4510 3055 4562 7.
3089 4509 3230 4578 Ejus
3273 4523 3408 4579 ergo
3455 4506 3773 4580 postulatio

2126 4601 2184 4657 in
2217 4600 2696 4656 deliberationem
2745 4602 2966 4653 vocata.
3011 4599 3324 4668 Ephesinus
3371 4603 3425 4652 et
3473 4597 3774 4668 Cyzicenus

2048 4663 2094 4726 D
2126 4690 2415 4746 antistites
2471 4705 2582 4744 non
2653 4687 2996 4742 sustinebant
3049 4663 3346 4757 (-Historici
3403 4663 3579 4741 verba
3629 4691 3772 4741 sunt

2126 4779 2316 4851 capite
2345 4780 2421 4848 8),
2455 4778 2730 4834 declarari
2757 4793 2882 4833 eum
2927 4775 3291 4831 orthodoxam
3321 4793 3341 4830 :
3370 4775 3509 4847 quod
3539 4775 3596 4830 id
3625 4775 3770 4831 nihil

2123 4868 2310 4920 minus
2361 4880 2476 4920 esse
2519 4864 2786 4930 dicerent,
2833 4880 2998 4934 quam
3042 4865 3370 4934 conﬁrmare
3421 4865 3480 4918 in
3529 4865 3770 4936 patriar-

2125 4955 2278 5010 chali
2333 4952 2555 5020 throno,
2612 4968 2772 5026 quem
2821 4951 3091 5023 dejectum
3136 4953 3265 5008 inde
3311 4968 3496 5008 omnes
3547 4951 3770 5007 vellent.

2127 5045 2258 5111 Quis
2307 5045 2457 5098 enim
2503 5058 2613 5097 non
2660 5042 2886 5109 videret,
2917 5043 3086 5097 simul
3136 5047 3375 5112 purgata
3403 5049 3541 5096 esset
3585 5055 3774 5111 prava?

2124 5132 2382 5187 doctrinae
2432 5132 2602 5197 Iabes,
2637 5146 2760 5202 quae
2807 5130 2929 5186 sola
2973 5131 3318 5203 allegaretur
3366 5133 3508 5185 ratio
3558 5129 3774 5200 deposi-

2126 5223 2289 5276 tionis
2319 5223 2478 5292 ejus;
2505 5223 2866 5291 perstilurum
2915 5221 3078 5276 illum
3126 5237 3290 5290 quam
3331 5221 3529 5290 optimo
3550 5220 3678 5290 jure
3708 5219 3769 5272 in

2124 5309 2330 5364 dudum
2380 5314 2604 5378 accepta
2659 5313 2964 5380 potestate?
3020 5309 3269 5364 Favebat
3326 5324 3461 5378 pars
3518 5306 3701 5364 altera
3755 5324 3767 5362 :

2127 5399 2267 5467 Quid
2296 5400 2445 5454 enim
2490 5398 2636 5454 mali
2680 5408 2821 5454 esset
2851 5397 3213 5470 (inquiebat),
3261 5397 3540 5454 consolari
3580 5396 3778 5468 Grego-

2125 5489 2296 5555 rium,
2353 5488 2531 5543 dando
2566 5489 2654 5542 illi
2705 5487 2846 5558 quod
2892 5488 3130 5558 petebat,
3179 5488 3601 5548 testimonium;
3651 5502 3776 5542 cum

2125 5579 2260 5633 satis
2307 5586 2597 5645 constaret,
2643 5593 2754 5633 non
2807 5586 2924 5633 tam
2969 5592 3039 5632 ex
3087 5577 3203 5648 ejus
3253 5577 3408 5632 Temo
3455 5575 3776 5632 scandalum

2126 5668 2424 5724 multorum
2472 5672 2676 5738 ortum,
2710 5683 2876 5739 quam
2921 5682 2990 5722 ea:
3017 5668 3218 5737 scripto
3270 5664 3438 5720 Marci
3486 5665 3771 5720 monachi.

2126 5757 2254 5814 Haec
2285 5757 2475 5814 fuerat
2523 5756 2718 5828 opinio
2760 5755 3019 5828 episcopi
3066 5754 3568 5827 Philadelphiensis
3617 5753 3776 5812 Theo-
