4094 6482
351 482 455 543 139

1563 477 1777 540 Vl'l‘A.
1811 507 1888 522 —
1916 472 2434 537 DISSRTATIO
2477 472 2534 539 Ιδ

3625 476 3747 536 130

359 611 497 687 imi,
527 613 629 685 qui
660 611 1049 670 oﬂensionem
1097 627 1331 668 omnem
1382 626 1451 666 ex
1502 609 1625 667 solo
1655 609 1833 666 Marci
1866 624 1991 664 mo-

2127 604 2540 662 V'indobonensi
2596 602 2976 660 inscribitur:
3037 602 3385 683 Ἀνακήρυξις
3433 609 3531 676 τῆς
3590 607 3741 664 εὐσε-

364 705 523 760 nacbi
544 704 694 758 libro
723 706 1027 775 protexere
1065 701 1293 772 maluit,
1343 716 1521 773 quam
1551 699 1747 772 ipsum
1779 699 1995 770 Grego-

368 793 505 849 rium
532 807 688 848 nocte
738 807 907 846 reum
955 789 1244 846 haereseos
1290 790 1351 845 in
1400 794 1560 845 temo
1605 788 1830 844 tradite
1861 802 1996 844 cum

368 883 576 938 Joanne
630 880 814 936 Becco
887 896 1075 951 agere,
1128 895 1194 935 ac
1267 878 1454 934 fateri.
1511 876 1656 933 Vide
1711 881 1887 948 caput
1939 878 1996 947 8,

366 988 515 1027 num.
547 972 601 1025 4.

2103 698 2248 763 ϐείας
2277 701 2440 757 αὐτοῦ
2488 703 2634 778 παρὰ
2659 706 2767 756 τῶν
2815 701 3206 778 ὑποσχομένων
3248 703 3411 776 αὐτῷ.
3448 707 3510 763 In
3542 714 3740 767 nostro

2108 792 2439 866 apographo
2489 791 2707 848 codicis
2762 792 3398 865 Lugdono-Batavensis
3448 795 3740 871 legimus:

2102 883 2200 934 τοῦ
2267 880 2632 954 Μοσχάμπερ,
2712 881 3148 953 Monscamperis.
3222 883 3477 955 Epistola
3534 904 3741 961 nempe

2106 975 2214 1037 est,
2275 984 2450 1039 quam
2508 968 2579 1023 ad
2640 967 3030 1040 patriarcham
3088 971 3415 1028 transmisit
3461 973 3743 1049 Georgius

426 1020 729 1131 Ehedlepti
761 1058 979 1131 opinio,
1014 1074 1081 1113 ac
1110 1056 1279 1113 factio
1310 1056 1628 1129 praevaluit.
1664 1056 1748 1111 Ad
1783 1020 1999 1129 Grego-
2106 1020 2579 1128 McQSEHQEpn-I

360 1152 503 1206 rium
536 1164 674 1205 mox
697 1145 947 1219 epistola
977 1147 1134 1214 data,
1166 1162 1283 1218 qua
1320 1145 1589 1218 Diploma
1618 1144 1998 1217 promittitur,

358 1239 501 1311 quod
534 1239 661 1309 ipse
703 1235 1119 1310 postulaverat,
1170 1234 1492 1290 dummodo
1533 1234 1766 1289 ﬁrmam
1798 1233 2004 1289 reddat

353 1328 423 1384 de
460 1326 792 1382 abdicando
841 1323 1241 1397 patriarchatu
1288 1322 1639 1380 cautionem.
1695 1323 1759 1377 ln
1805 1321 2001 1378 codice

2108 1162 2237 1202 eam
2304 1147 2377 1201 ad
2418 1144 2936 1218 Pachymerianam
2981 1145 3295 1204 Historiam
3353 1152 3743 1224 supplendam

2114 1234 2434 1291 lambecius
2462 1239 2519 1290 et
2548 1234 2813 1290 Oudinus
2837 1251 2849 1290 :
2888 1234 3153 1292 Latinam
3182 1254 3291 1295 nos
3314 1240 3588 1300 addimus
3623 1260 3746 1302 ver-

2111 1339 2357 1379 sionem.

1706 1429 2122 1501 Moschamperis
2159 1430 2402 1503 epistola.

416 1519 742 1595 Εὐλογητὸς
818 1520 848 1573 ὁ
906 1520 1035 1580 Θεὸς
1106 1521 1264 1591 ἡμῶν
1291 1564 1305 1589 ,
1364 1515 1449 1572 ὅτι
1513 1514 1773 1573 οὐδέποτε
1829 1518 1999 1587 κακὴν

348 1608 629 1682 ὑπόληψιν
660 1605 888 1684 εἴχομεν
942 1606 1067 1683 περὶ
1115 1610 1211 1661 τοῦ
1255 1604 1516 1661 δεσπότου
1561 1608 1720 1679 ἡμῶν
1760 1610 1856 1661 τοῦ
1898 1627 2004 1660 πα-

346 1699 620 1773 τριάρχου
677 1699 848 1770 πυροῦ
906 1694 1209 1771 Γρηγορίου
1249 1739 1263 1764 ,
1322 1694 1397 1757 ὡς
1450 1690 1561 1749 ἔστι
1624 1693 1952 1773 βλάσφημος
1984 1742 2000 1767 ,

348 1786 591 1862 καθάπερ
637 1784 802 1839 τοῦτό
842 1804 982 1846 τινες
1016 1787 1125 1838 τῶν
1175 1783 1433 1857 ἀμυήτων
1485 1777 1791 1838 ὑπέλαϐον.
1845 1780 2003 1839 Ἀλλ’

355 1872 783 1950 ὀρθοδοξότατον
827 1876 1018 1928 τοῦτον
1068 1873 1430 1948 γινώσκομεν,
1474 1872 1563 1928 καὶ
1604 1867 2001 1927 εὐσεϐέστατον.

2180 1518 2530 1575 Benedictus
2570 1522 2720 1574 Deus
2768 1523 2983 1592 noster,
3033 1521 3309 1593 quoniam
3342 1526 3558 1585 malam
3587 1547 3744 1587 nun-

2111 1625 2288 1680 quam
2342 1608 2412 1663 de
2465 1606 2703 1663 domino
2733 1613 2930 1664 nostro
2983 1609 3312 1680 patriarcha
3340 1615 3575 1673 domino
3604 1623 3744 1676 Gre-

2112 1696 2274 1770 gorio
2305 1695 2698 1769 suspicionem
2728 1696 3081 1762 habuimus;
3114 1715 3182 1754 ac
3211 1699 3259 1755 si
3289 1707 3445 1758 esset
3475 1706 3745 1782 blasphe-

2113 1802 2247 1840 mus
2275 1785 2772 1856 quemadmodum
2813 1785 3052 1856 quidam
3096 1802 3165 1842 ex
3193 1805 3309 1845 non
3342 1791 3584 1852 initiatis
3615 1800 3743 1870 opi-

2114 1873 2233 1930 nati
2264 1878 2421 1930 sunt.
2455 1874 2655 1945 Ipsum
2677 1874 3048 1945 agnoscimus
3072 1877 3321 1934 maxime
3340 1881 3747 1959 orthodoxam,

353 1965 532 2021 Ιόνω
604 1957 842 2036 δεόμεθα
872 2009 888 2035 ,
944 1962 1035 2017 τὸν
1108 1962 1497 2037 πατριαρχικὸν
1578 1963 2004 2037 παραιτήσασθαι

2127 1967 2175 2019 3t
2226 1962 2582 2034 piissimum.
2642 1961 3021 2019 Solummodo
3067 1981 3398 2038 exoramus,
3448 1976 3509 2027 ut
3540 1957 3749 2046 patria;

350 2054 545 2129 θρᾶνον
605 2049 699 2107 διὰ
748 2052 850 2120 τήν
910 2055 1016 2105 τῶν
1068 2049 1364 2125 ἀνθρώπων
1410 2050 1654 2126 εἰρήνην,
1698 2051 1795 2104 Καὶ
1848 2047 2007 2119 ἐπειδὴ

2127 2050 2343 2106 chalem
2375 2050 2652 2106 thronum
2682 2050 2940 2106 dimittat
2970 2057 3204 2124 propter
3232 2058 3496 2115 omnium
3526 2078 3749 2133 pacem.

350 2145 475 2219 παρ’
504 2145 675 2214 ἡμῶν
726 2144 878 2210 ζητεῖ
914 2140 1013 2209 τὴν
1056 2146 1160 2208 τῆς
1210 2133 1477 2201 εὐσεϐείας
1524 2139 1688 2194 αὐτοῦ
1736 2139 2006 2214 ἀνακήρυ-

354 2234 428 2303 ξιν
486 2230 761 2307 ἔγγραφον
822 2229 1119 2302 γενέσθαι,
1168 2227 1257 2282 καὶ
1334 2227 1526 2283 αὐτίκα
1592 2227 1867 2284 κατανεύει
1916 2230 2008 2283 τὸν

359 2321 553 2397 θρόνον
614 2319 1095 2394 παραιτήσασθαι,
1158 2321 1423 2391 ζητοῦμεν
1498 2317 1588 2372 καὶ
1654 2320 1816 2392 ἡμεῖς
1890 2338 2011 2373 τινα

359 2409 657 2488 decumam:
707 2412 926 2483 πρῶτον
986 2405 1294 2483 (πρότερον)
1348 2405 1591 2481 γενέσθαι
1647 2408 1774 2482 παρ’
1823 2406 2007 2464 αὐτοῦ.

357 2500 455 2555 Καὶ
518 2497 569 2553 εἰ
623 2502 789 2552 τοῦτο
843 2496 1056 2571 γὲνοιτο
1089 2541 1103 2566 ,
1163 2494 1353 2549 αὐτίκα
1420 2496 1508 2550 καὶ
1576 2498 1740 2569 ἡμεῖς
1814 2497 2011 2558 πάντες

356 2589 577 2661 ἕτοιμοι
629 2585 684 2642 ἐν
736 2584 964 2656 ὀνόματι
1004 2588 1103 2639 τοῦ
1152 2588 1404 2661 Χριστοῦ,
1452 2584 1541 2639 καὶ
1588 2584 1866 2663 ἐγγράφως
1921 2586 2011 2641 καὶ

360 2677 645 2755 ἀγράφως,
705 2672 985 2750 παρῥησίᾳ
1029 2693 1090 2728 τε
1138 2672 1227 2727 καὶ
1275 2669 1406 2746 ἰδίᾳ,
1456 2677 1644 2728 τοῦτον
1696 2673 1875 2749 ὥσπερ
1922 2675 2011 2731 καὶ

356 2766 449 2821 τὸν
510 2762 729 2819 ἅπαντα
773 2762 973 2839 χρόνον
1021 2764 1086 2831 ἦν
1119 2806 1134 2831 ,
1175 2756 1547 2817 εὐσεϐέστατον
1594 2762 1875 2840 κηρύττειν
1922 2766 2012 2820 καὶ

363 2850 791 2928 ὀρθοδοξότατον
827 2896 844 2922 ,
903 2849 1134 2923 ἑπτιμᾷν
1194 2846 1252 2904 δὲ
1305 2849 1394 2905 καὶ
1450 2854 1567 2913 τοῖς
1625 2851 1871 2931 ἀφρόνως
1925 2852 2014 2908 καὶ

364 2943 595 3015 ἀμαθῶς
623 2940 742 2996 κατ’
772 2937 939 2994 αὐτοῦ
969 2937 1213 3013 λέγουσι.

434 3082 840 3156 Compellatus
869 3099 1004 3156 ergo
1034 3082 1346 3156 Gregorius
1374 3100 1409 3139 a
1451 3086 1639 3141 missis
1666 3086 1734 3141 ab
1764 3088 2016 3158 impera-

362 3181 484 3232 tore
510 3174 589 3231 ad
615 3173 718 3230 hac
768 3175 955 3244 ipsum
1008 3172 1074 3228 de
1122 3175 1392 3244 promisso
1444 3174 1811 3231 abdicationis
1840 3177 2018 3233 dando

365 3265 570 3337 (verba
600 3267 745 3319 sunt
772 3260 1145 3333 Pacbymeris
1175 3261 1363 3334 capite
1404 3263 1482 3331 8),
1515 3264 1611 3318 ille
1638 3264 1709 3319 ad
1736 3264 1793 3320 id
1819 3268 2018 3338 scripto

365 3351 790 3425 concipiendum
816 3351 973 3406 haud
999 3358 1299 3422 promptus,
1348 3352 1501 3408 omni
1539 3354 1829 3409 verborum
1867 3371 2015 3411 asse-

2114 2140 2184 2195 Et
2212 2139 2488 2211 quoniam
2541 2156 2575 2194 a
2629 2140 2799 2195 nobis
2855 2140 3062 2210 quierit
3105 2143 3174 2198 de
3221 2160 3324 2200 sua
3371 2148 3584 2218 pietate
3608 2156 3749 2210 scri-

2116 2233 2282 2301 ptum
2316 2227 2438 2284 ﬁeri
2485 2228 2858 2299 praeconium,
2910 2245 2977 2284 ac
3006 2231 3204 2287 statim
3236 2237 3444 2293 annuit
3472 2240 3750 2300 thronum

2116 2317 2445 2372 dimittere:
2503 2333 2609 2372 nos
2652 2317 2807 2372 124
2857 2316 3033 2372 etiam
3090 2322 3424 2396 quaerimus,
3484 2345 3749 2389 securam

2118 2405 2282 2478 prius
2311 2405 2384 2459 ab
2414 2421 2480 2460 eo
2523 2404 2648 2459 dari
2695 2405 3025 2461 cautionem
3071 2407 3349 2480 aliquam.
3396 2414 3555 2478 Quod
3587 2420 3635 2475 si
3669 2422 3752 2477 fa-

2121 2499 2279 2549 ctum
2312 2493 2504 2561 fuerit,
2538 2493 2732 2549 statim
2760 2510 2865 2549 nos
2890 2495 3065 2551 etiam
3096 2514 3297 2557 omnes
3322 2506 3510 2574 parati
3531 2510 3750 2568 erimus

2118 2583 2178 2640 in
2210 2582 2418 2639 Christi
2452 2582 2708 2649 nomine,
2758 2584 2976 2655 scripto
3005 2589 3063 2641 et
3094 2604 3209 2644 non
3256 2592 3490 2664 scripto,
3524 2599 3755 2669 publice

2122 2676 2179 2727 et
2207 2671 2498 2744 privatim,
2528 2671 2724 2743 ipsum
2757 2671 2911 2728 sicut
2951 2676 3109 2730 omni
3148 2680 3409 2751 tempore
3437 2690 3580 2755 erat,
3614 2689 3755 2760 piis-

2123 2761 2339 2817 simum
2371 2760 2679 2828 celebrare,
2711 2763 2770 2816 et
2798 2761 3046 2819 maxime
3075 2765 3459 2828 orthodoxam
3485 2790 3498 2829 :
3541 2791 3759 2851 eosque

2121 2849 2348 2993 punire,
2382 2849 2481 2921 qui
2514 2849 2913 2922 imprudenter
2941 2855 2997 2907 et
3025 2852 3292 2926 imperite
3320 2865 3525 2920 contra
3561 2849 3756 2938 ipsum

2147 2942 2466 2993 oauuntur.
3726 2970 3727 2973 η

2147 2942 2466 3010 oquuntur.
3726 2970 3727 2973 η

2123 3080 2464 3154 principalis
2503 3082 2809 3137 sacerdotii
2854 3083 3216 3156 dignitatem,
3257 3105 3372 3147 non
3412 3110 3543 3151 mea
3572 3097 3758 3170 ipsius

2123 3174 2538 3243 promoverunt
2584 3171 2796 3239 studia,
2848 3188 2953 3228 nec
3001 3190 3265 3233 meorum
3313 3182 3760 3258 suﬂ‘ragationes

2124 3258 2483 3315 amicorum:
2538 3260 2639 3315 sed
2692 3261 3023 3333 conscendi,
3075 3268 3139 3318 ut
3186 3265 3339 3324 Deus
3387 3271 3549 3330 solus
3579 3279 3756 3336 novit.

2123 3352 2441 3419 Postquam
2473 3355 2670 3404 autem
2708 3354 2799 3405 est
2826 3349 2935 3405 hoc
2984 3351 3221 3423 factum,
3254 3361 3429 3430 atque
3459 3356 3577 3425 ἔτος
3604 3359 3758 3421 ἕκτον

366 3420 678 3507 mdia“,
707 3454 902 3496 comm
950 3420 1060 3495 ηερ
1107 3420 1488 3511 εδηβντηαυίισ.
1529 3457 1639 3497 mm
1682 3444 1845 3514 prius
1872 3446 2017 3515 ipso,
2047 3420 2089 3487 C
2125 3433 2234 3528 ἤδη
2267 3434 2541 3511 καὶπρὸς,
2573 3454 2781 3493 annum
2820 3439 2943 3509 jam
2986 3420 3280 3501 sextumet
3324 3420 3465 3518 quod
3492 3420 3766 3528 excurrit,

367 3532 613 3589 edim-os
638 3531 925 3600 scriptum,
976 3544 1080 3600 quo
1104 3528 1214 3584 sibi
1239 3529 1407 3585 decus
1432 3530 1769 3603 incorruptae
1798 3531 1860 3586 in
1882 3532 2020 3605 dog-

368 3625 517 3678 πιιιι
542 3619 678 3691 ﬁdei
719 3624 1043 3686 assererent,
1074 3633 1240 3688 quam
1282 3619 1400 3687 ipse
1439 3620 1687 3675 vicissim
1730 3623 1841 3676 rite
1887 3637 2018 3678 con-

372 3712 645 3782 scriptum
688 3706 1058 3762 abdicationis
1101 3707 1508 3777 patriarchatus
1557 3708 1806 3764 libellum
1843 3710 2017 3767 daret.

368 3801 567 3854 Castus
609 3795 770 3867 apud
820 3794 1096 3865 Magnum
1144 3794 1423 3865 palatium
1472 3801 1726 3864 coactus,
1752 3803 2023 3870 praesente

372 3890 729 3960 inmoratam,
759 3889 1029 3956 praesente
1068 3885 1332 3940 universo
1379 3890 1595 3954 senatu,
1627 3887 1770 3943 clero
1799 3890 2024 3962 insuper

370 3986 423 4033 et
470 3974 762 4032 monachis
814 3972 1196 4044 praesentibus.
1246 3972 1462 4029 Aderat
1503 3973 1631 4045 ipse
1685 3976 2019 4049 Gregorius.

371 4067 521 4122 Tum
551 4080 691 4121 vero
718 4060 1071 4133 Theoleptus
1100 4061 1337 4118 nomine
1376 4063 1638 4119 omnium
1670 4064 2017 4122 declaravit:

376 4159 549 4226 Quem
604 4153 856 4209 viderent
923 4165 1108 4206 coram
1180 4150 1370 4206 adesse
1433 4152 1838 4222 patriarcham,
1898 4170 2024 4210 eum

374 4246 541 4316 picae
570 4242 919 4311 inculpatum
963 4238 1106 4295 circa
1153 4237 1341 4310 ﬁdem,
1387 4243 1438 4294 et
1482 4239 1841 4297 orthodoxam
1868 4258 1980 4298 esse
2005 4260 2024 4298 :

379 4331 653 4405 quidquid
705 4336 890 4385 autem
943 4329 1096 4384 circa
1166 4344 1295 4383 eum
1361 4329 1670 4398 oﬂ’ensionis
1725 4333 2027 4388 exstitisset

380 4422 643 4493 publica,
672 4422 986 4489 menteque
1010 4433 1084 4472 ea:
1110 4418 1215 4472 hac
1240 4416 1317 4472 ab
1369 4418 1467 4473 illo
1491 4420 1825 4486 secessionis,
1855 4424 2023 4477 totum

384 4527 495 4568 esse
521 4507 918 4581 imputandum
944 4508 1352 4563 Commentario
1400 4506 1586 4578 Marci,
1619 4510 1716 4580 qui
1756 4510 2024 4580 procella-

387 4616 516 4655 rum
537 4615 608 4655 ea
634 4597 915 4654 occasione
944 4596 1336 4652 concitatarum
1370 4597 1541 4651 unica
1577 4598 1749 4668 origo,
1782 4601 1834 4653 et
1860 4615 2029 4655 causa

387 4688 661 4760 panaria
714 4686 929 4756 fuisset.
992 4684 1159 4752 Quem
1213 4685 1688 4741 Commentarium
1740 4702 1866 4742 cum
1907 4689 2030 4760 jam

2127 3527 2189 3582 in
2218 3526 2327 3582 hoc
2366 3543 2500 3582 sum
2547 3543 2711 3582 sacro
2760 3526 3083 3585 ministerio
3121 3538 3423 3607 versatus;
3469 3543 3668 3601 omnia
3695 3526 3763 3605 eo

2127 3632 2258 3671 mea
2288 3614 2442 3670 facta
2483 3614 2757 3704 dictaque
2809 3615 3000 3682 retuli,
3052 3623 3117 3674 ut
3162 3624 3503 3684 scandalum
3535 3648 3762 3704 passos,

2128 3704 2313 3794 etab
2368 3703 2623 3794 Ecclesia
2688 3703 2948 3760 divulsos
3015 3707 3087 3763 ad
3147 3726 3345 3781 pacem
3403 3703 3763 3794 reducerem,

2126 3792 2355 3865 ipsique
2384 3792 2634 3849 unirem.
2668 3793 2817 3850 125
2870 3794 2978 3850 Sed
3028 3798 3287 3856 studium
3338 3802 3447 3860 hoc
3476 3823 3674 3866 meum
3703 3792 3765 3871 in

2129 3881 2500 3948 contrariam,
2544 3898 2610 3937 ac
2665 3898 2771 3955 ego
2825 3883 3139 3957 volueram,
3196 3896 3418 3961 partem
3464 3904 3766 3972 acceptum

2128 3975 2254 4026 est:
2287 3970 2368 4025 ita
2393 3974 2459 4025 ut
2511 3969 2693 4042 aliqui
2738 3970 3077 4043 clamarent,
3130 3992 3431 4050 nunquam
3462 3969 3767 4044 successu.

2129 4076 2256 4115 ram
2283 4059 2457 4115 istam
2487 4063 2744 4132 optatam
2794 4077 3016 4132 pacem,
3070 4064 3183 4121 nisi
3224 4083 3328 4141 ego
3370 4075 3766 4145 patriarchatu

2130 4148 2328 4203 relicto
2358 4164 2389 4203 e
2425 4147 2615 4203 medio
2674 4147 2915 4203 abirem.
2973 4150 3098 4208 Non
3156 4157 3412 4214 sustinui
3461 4161 3677 4222 haerere
3706 4165 3767 4223 in

2131 4237 2277 4302 loco,
2310 4236 2394 4292 sic
2440 4237 2818 4293 commissam
2868 4237 3095 4296 infestis
3147 4244 3496 4307 factionibus
3527 4268 3771 4313 cernens

2131 4324 2445 4381 Ecclesiam
2474 4342 2487 4380 :
2523 4324 2620 4380 sed
2671 4325 2985 4397 optabilius
3014 4327 3071 4384 id
3108 4331 3347 4402 ducens,
3381 4337 3561 4395 malui
3591 4342 3768 4399 fende-

2132 4419 2288 4470 ratos
2325 4414 2590 4470 Ecclesiae
2633 4419 2691 4470 et
2741 4414 2986 4473 invicem
3038 4418 3230 4476 videre
3278 4422 3427 4494 illos,
3478 4428 3579 4499 qui
3608 4431 3771 4501 prius

2134 4503 2336 4560 offensi
2370 4503 2752 4569 dissidebant,
2792 4521 2968 4575 quam
2999 4513 3257 4578 perstare
3298 4512 3355 4568 in
3382 4518 3770 4589 possessione,

2134 4592 2500 4663 gaudereque
2529 4591 2744 4648 honore
2786 4596 2905 4648 tam
2956 4593 3202 4652 illustris
3242 4599 3623 4675 principatus.
3660 4608 3772 4663 Ita-

2138 4697 2250 4753 que
2276 4680 2347 4735 ad
2395 4683 2818 4752 assequendam
2867 4681 3075 4745 horum
3124 4685 3387 4757 ipsorum
3436 4691 3496 4747 in
3525 4693 3640 4751 Deo
3670 4713 3774 4769 pa-

388 4778 575 4849 palam
603 4779 723 4847 ipse
764 4773 1086 4845 patriarcha
1136 4772 1423 4843 rejecisset,
1473 4774 1687 4829 nullam
1735 4783 1942 4832 restare
1968 4777 2033 4834 de
2059 4788 2108 4852 D
2138 4785 2285 4835 cem,
2316 4775 2371 4824 et
2399 4769 2707 4826 animabus
2740 4770 3072 4826 nocentium
3107 4776 3492 4835 cessationem
3523 4785 3776 4841 scanda-

396 4870 537 4921 recta
606 4866 727 4935 ejus
799 4861 907 4931 ﬁde
978 4861 1349 4934 inoffensaque
1424 4862 1672 4918 doctrina
1736 4862 2034 4922 dubitandi

399 4955 704 5009 rationem:
779 4964 949 5022 quare
1024 4949 1189 5004 illum
1258 4964 1446 5006 omnes
1522 4966 1626 5022 pro
1700 4955 1843 5008 recte
1906 4970 2033 5009 sen-

400 5045 578 5113 tiente,
633 5040 909 5113 planeque
953 5037 1259 5095 orthodoxa
1313 5054 1372 5094 se
1427 5038 1632 5094 habere
1675 5046 1727 5095 et
1767 5041 2031 5111 proﬁteri.

402 5130 486 5187 Ita
507 5129 732 5187 scilicet
761 5127 834 5184 iis
877 5125 1164 5183 illudebat
1207 5125 1579 5199 Theoleptus,
1612 5128 1713 5200 qui
1743 5127 1910 5185 illudi
1939 5146 2035 5187 vo-

403 5218 612 5276 labant.

464 5308 531 5366 V.
565 5307 799 5365 Gratias
828 5307 1114 5379 Augusto,
1135 5307 1191 5359 et
1222 5304 1491 5361 universo
1519 5305 1694 5362 ccetui
1726 5305 2037 5380 Gregorius

404 5399 538 5471 egit.
564 5396 748 5466 Abiit,
794 5392 1151 5466 scripsitque
1204 5391 1569 5449 abdicationis
1617 5394 1888 5461 libellum,
1936 5395 2034 5467 qui

402 5492 590 5544 nostro
645 5485 711 5540 in
770 5483 969 5539 codice
1021 5480 1628 5553 Lugdune-Batavensi
1685 5488 2034 5539 asservatur.

400 5574 569 5632 Mart
614 5573 794 5630 illum
852 5575 1045 5626 Graece
1098 5568 1496 5643 Pachymeres,
1550 5572 1738 5644 capite
1784 5572 1838 5641 9,
1870 5572 2039 5645 cujus

402 5663 595 5722 Latina
614 5662 818 5720 versio
857 5676 896 5715 a
936 5658 1177 5716 Possino
1225 5659 1523 5729 adornata,
1564 5659 1685 5717 haec
1729 5664 1853 5718 est:
1888 5683 1917 5712 «
1950 5660 2042 5717 Me

400 5753 453 5815 in
474 5754 761 5815 thronum
819 5746 1291 5825 patriarchalem,
1340 5752 1399 5807 et
1452 5748 1513 5807 in
1558 5748 1710 5809 hanc
1753 5749 2039 5810 excolam

2139 4858 2349 4924 lorum,
2384 4857 2702 4913 cessionem
2749 4858 2893 4913 facio
2938 4859 3152 4932 throni,
3186 4868 3242 4918 et
3282 4867 3643 4942 principatus
3674 4890 3775 4945 pa-

2140 4945 2487 5015 triarchalis,
2546 4947 2991 5019 dignitatisque,
3043 4966 3157 5005 non
3205 4957 3400 5011 tamen
3443 4962 3777 5018 sacerdotii.

2140 5036 2286 5091 Nam
2329 5035 2459 5104 hoc,
2519 5036 2831 5091 miserante
2880 5053 2972 5091 me
3029 5036 3163 5106 Deo,
3216 5045 3455 5101 servabo
3503 5049 3649 5105 mihi
3676 5067 3780 5122 per

2142 5127 2428 5211 quantum
2459 5129 2725 5211 superest
2752 5121 2884 5178 vitae
2922 5125 3199 5195 spatium.
3229 5132 3510 5196 Quoniam
3544 5121 3781 5211 propter

2144 5207 2327 5264 solam
2376 5206 2696 5263 multorum
2743 5226 2944 5281 pacem
2994 5218 3051 5268 et
3096 5215 3305 5275 horum
3358 5206 3780 5284 reconciliatio-

2145 5314 2280 5355 nem
2337 5312 2471 5353 cum
2522 5296 2794 5364 Ecclesia,
2847 5299 2992 5357 facio
3042 5304 3215 5363 talem
3264 5312 3626 5370 cessionem:
3674 5334 3781 5374 nec

2146 5387 2290 5442 mihi
2336 5402 2470 5442 sum
2513 5388 2782 5443 conscius
2831 5389 3036 5449 fecisse
3088 5397 3434 5471 quidquam,
3487 5405 3642 5474 quod
3687 5423 3782 5464 me

2146 5480 2337 5532 arceat
2364 5476 2710 5532 sacerdotio.
2761 5477 3040 5541 Quocirca
3088 5484 3159 5539 de
3206 5486 3430 5560 reliquo
3460 5489 3614 5563 licet,
3645 5510 3781 5552 cum

2146 5565 2247 5622 Dei
2268 5564 2630 5638 beneplacito
2669 5564 2851 5621 alium
2876 5568 3011 5642 eligi
3041 5574 3457 5646 patriarcham,
3489 5580 3591 5651 qui
3622 5582 3780 5641 thro-

2147 5670 2290 5711 num
2332 5654 2393 5710 in
2442 5654 2596 5711 hunc
2642 5653 3111 5730 patriarchicum,
3162 5667 3219 5719 et
3263 5666 3652 5740 principatum
3684 5689 3783 5729 sa-

2148 5743 2387 5805 cerdotii
2441 5743 2757 5806 cvehatur:
2812 5746 2913 5821 qui
2982 5749 3101 5809 Deo
3165 5753 3495 5829 adjuvante,
3553 5763 3619 5818 ut
3672 5761 3782 5825 rite
