4094 6444
363 395 473 452 431

1370 389 1685 472 GEORGII
1729 387 1993 450 CYPRII
2037 389 2156 452 ΟΡ.
2203 394 2734 458 ΡΑΤΒΙΑΒΟΗᾹΞ

3636 399 3750 460 432

355 527 528 597 juxta
575 539 825 580 canones
873 522 1172 579 ordinatus
1215 521 1566 594 patriarcha,
1609 526 1666 576 et
1695 520 1992 592 legitimus
2019 525 2073 590 Α
2103 526 2180 578 De
2211 528 2478 598 utroque,
2517 531 2708 585 Sancti
2754 527 2984 586 Andreae
3040 528 3405 598 monasterio,
3458 546 3523 584 ac
3561 529 3750 586 vicino

363 614 734 670 sacerdotum
781 613 1072 684 princeps,
1119 611 1443 682 disjunctas
1493 610 1754 665 Ecclesiae
1801 615 1995 681 partes

362 703 622 775 redigere
653 702 712 756 in
745 718 927 757 unum
957 717 1022 756 ac
1062 706 1466 772 coagmentare
1498 701 1728 771 poterit.
1761 699 1998 754 Eveniat

360 792 420 848 id
450 793 699 856 utinam,
728 789 1198 846 miserationibus
1243 789 1439 861 magni
1469 789 1570 844 Dei
1595 793 1651 844 et
1679 787 1996 843 Salvatoris

363 880 546 936 nostri
575 881 713 936 Jesu
742 878 953 934 Christi
984 877 1221 948 exorati,
1257 877 1583 950 purissima:
1608 877 1861 932 Domina:
1893 893 1995 932 no-

364 973 495 1025 strae
523 966 778 1040 Virginis
807 972 864 1022 et
888 966 984 1022 Dei
1016 967 1244 1034 Matris,
1276 982 1341 1021 ac
1373 966 1636 1022 omnium
1663 969 1995 1021 sanctorum

364 1057 654 1130 precibus.
690 1078 718 1106 »

432 1180 686 1236 Libellus
735 1184 858 1236 erat
905 1179 1139 1251 propria
1184 1177 1523 1252 patriarchae
1574 1195 1749 1234 manu
1793 1194 1987 1233 exara-

359 1276 495 1327 tus:
529 1269 691 1326 nulla
717 1285 851 1325 vero
879 1269 1135 1341 ﬁrmatus
1180 1270 1574 1340 subscriptione
1614 1269 1752 1339 ejus.
1785 1267 1844 1323 Id
1878 1266 1994 1338 pri-

358 1376 522 1416 mum
565 1363 675 1426 est,
727 1361 878 1430 quod
927 1358 1144 1414 ibidem
1193 1357 1562 1430 reprehendit
1591 1357 1992 1427 Pachymeres.

354 1451 496 1502 Cum
555 1451 832 1518 praterea
905 1447 1052 1501 nihil
1122 1447 1318 1518 alleget
1375 1447 1537 1502 aliud
1589 1446 1840 1517 Cyprius,
1897 1462 1998 1500 cur

354 1537 652 1594 cedendum
677 1537 788 1592 loco
834 1538 1079 1608 putaret,
1139 1537 1250 1590 nisi
1294 1552 1444 1608 spem
1489 1535 1848 1591 conciliand?
1894 1537 1996 1589 isto

358 1626 514 1682 modo
543 1625 928 1680 dissidentium
954 1626 1107 1696 pacis
1137 1625 1273 1695 (alia
1307 1624 1777 1697 reprehensionis
1807 1623 1998 1695 capita

362 1715 556 1787 prodit
611 1714 972 1785 historicus),
1023 1715 1365 1784 relinquebat
1411 1715 1517 1768 sibi
1564 1718 1738 1768 astute
1777 1717 1881 1784 jus
1927 1712 1998 1768 ad

360 1804 538 1860 sedem
567 1805 864 1874 integrum,
894 1806 944 1858 si
989 1803 1148 1875 (quod
1185 1806 1407 1859 omnino
1450 1805 1706 1874 futurum
1735 1803 1996 1874 opinaba-

357 1898 496 1962 tur),
525 1901 644 1964 post
686 1909 845 1948 suum
875 1892 1167 1948 discessum
1211 1895 1512 1948 certamina
1547 1894 1852 1962 factionum
1890 1909 1998 1948 non
2028 1899 2076 1964 Β

356 1983 704 2052 quievissent.
737 1981 941 2050 Quidni
965 1983 1137 2048 enim,
1169 1983 1268 2052 qui
1295 1981 1493 2037 diserte
1538 1983 1814 2053 professus
1842 1990 1992 2050 esset,

356 2072 518 2142 culpa
539 2071 782 2141 privari,
813 2071 1122 2141 legitimum
1172 2071 1284 2126 sibi
1326 2075 1510 2142 patere
1545 2070 1616 2126 ad
1642 2072 1820 2126 sedem
1848 2070 1994 2125 redi-

359 2164 476 2214 tum
498 2159 886 2215 contenderet?
942 2164 1016 2213 At
1067 2159 1399 2230 imperator,
1444 2164 1502 2214 et
1552 2159 1801 2216 maxime
1855 2163 1995 2213 tunc

359 2254 571 2304 cuncta
635 2248 888 2303 miscens
955 2249 1330 2320 Theoleptus,
1389 2247 1771 2304 abdicationis
1825 2247 1994 2303 libel-

357 2337 504 2405 lum,
540 2337 730 2410 qualis
769 2341 893 2392 erat
920 2353 1190 2408 cumque,
1243 2353 1346 2410 pro
1372 2337 1870 2393 sufﬁcientissimo
1900 2354 1995 2392 ac-

361 2443 582 2498 cepere.

428 2542 615 2598 Verba
644 2541 743 2596 illa
797 2541 1312 2596 animadvertenda
1362 2546 1522 2609 sunt,
1553 2536 1669 2600 ἔτος
1701 2536 1852 2593 ἕκτον
1882 2537 1988 2610 ἠδη

353 2629 443 2683 καὶ
500 2629 662 2704 πρὸς,
717 2646 930 2685 annum
978 2631 1102 2701 jam
1157 2641 1378 2685 sextum
1432 2639 1482 2685 et
1539 2631 1682 2702 quod
1727 2632 1992 2686 excurrit.

355 2719 812 2774 Patriarchalem
862 2719 1204 2790 Gregorium
1261 2719 1672 2774 conscendisse
1718 2719 1996 2774 thronum

359 2825 510 2864 anno
540 2808 697 2878 4283,
747 2823 946 2863 mense
997 2807 1209 2877 Martio,
1255 2808 1669 2880 initiatumque
1700 2825 1866 2864 sacra
1905 2825 1996 2864 or-

362 2897 660 2952 dinatione
702 2897 901 2952 eodem
952 2914 1124 2964 anno,
1185 2897 1392 2968 dieque
1437 2898 1729 2952 undecima
1771 2899 1996 2968 Aprilis,

361 2985 687 3040 Palmarum
715 2986 997 3040 Dominica
1026 2985 1434 3040 adnotavimus
1463 2986 1651 3057 capite
1673 2987 1726 3055 7,
1753 3003 1912 3043 num.
1943 2986 1994 3041 4.

359 3074 552 3129 Sextus
580 3091 714 3146 ergo
755 3074 911 3129 sedis
953 3075 1081 3144 ejus
1131 3090 1309 3129 annus
1359 3073 1851 3145 complementum
1897 3075 1998 3130 ha-

358 3163 486 3218 buit
517 3163 741 3235 Martio,
795 3169 894 3218 aut
940 3161 1126 3234 Aprili
1171 3177 1370 3218 mense
1419 3163 1554 3217 anni
1600 3164 1756 3217 4289.
1796 3163 1998 3218 Adhuc

361 3253 514 3308 I26
562 3269 743 3324 supra
794 3259 1006 3306 sextum
1064 3268 1283 3306 annum
1339 3259 1657 3307 excurrente
1713 3257 1990 3323 tempore,
2027 3265 2069 3330 ρ
2106 3277 2193 3342 42,
2227 3277 2314 3343 43,

363 3341 498 3395 sede
547 3357 656 3396 sua
708 3339 1037 3411 potiebatur
1082 3341 1429 3412 Gregorius;
1475 3341 1788 3412 ipsumque
1815 3358 1998 3398 mense

360 3428 499 3484 Maio
528 3429 791 3497 eiusdem
822 3430 960 3483 anni
987 3428 1126 3483 4289
1156 3429 1226 3483 de
1256 3445 1363 3484 sua
1398 3429 1758 3485 abdicatione
1789 3435 1996 3486 tracta-

361 3523 489 3572 tum
520 3517 817 3586 habuisse,
850 3517 1208 3573 certissimos
1239 3534 1346 3572 nos
1376 3518 1568 3572 reddit
1605 3519 1732 3589 ejus
1789 3519 2000 3591 episto-

355 3605 433 3673 la,
469 3622 646 3678 quam
678 3623 839 3660 num.
873 3607 907 3660 3
937 3606 1376 3677 descripsimus.
1400 3607 1599 3678 Itaque
1630 3613 1731 3663 aut
1759 3609 1999 3663 cadente

355 3695 561 3750 eodem
593 3711 792 3749 mense
838 3694 999 3761 Maio,
1058 3699 1160 3750 aut
1213 3695 1449 3751 ineunte
1497 3713 1598 3752 seu
1639 3695 1867 3752 labente
1893 3701 1996 3754 Ju-

351 3785 448 3838 nio
497 3784 685 3854 potuit
736 3783 1119 3838 abdicationis
1181 3783 1444 3840 libellum
1492 3785 1724 3840 dedisse
1778 3785 1998 3858 Grego-

358 3872 505 3926 rius.
556 3872 760 3927 Petrus
815 3871 1113 3941 Possinus,
1165 3871 1312 3928 libro
1372 3891 1433 3928 Ill
1483 3873 1889 3946 chronologico
1939 3877 1996 3928 in

362 3959 900 4028 Observationibus,
949 3962 1138 4032 capite
1187 3962 1240 4032 2,
1292 3979 1453 4018 num.
1501 3964 1556 4029 5,
1608 3963 1845 4018 calculis
1872 3963 1997 4018 suis

362 4049 647 4105 institutis
676 4050 792 4104 ait:
849 4049 1254 4106 Abdicationem
1308 4053 1424 4122 ejus
1480 4054 1539 4106 in
1589 4069 1795 4107 annum
1842 4052 1997 4106 Chri-

356 4139 429 4194 sti
479 4139 635 4203 1289,
682 4147 802 4210 post
857 4138 1096 4193 medium
1144 4139 1387 4210 Aprilem
1440 4141 1686 4214 conferri
1734 4143 1996 4211 oportere.

355 4226 477 4282 lmo
510 4242 709 4283 mense
739 4227 964 4299 integro
1022 4227 1221 4299 Aprili,
1279 4243 1345 4283 ac
1390 4230 1535 4284 Maii
1586 4234 1766 4299 parte,
1799 4229 1996 4284 sedem

357 4317 618 4371 tenuisse
689 4315 854 4371 illum
925 4315 1396 4388 patriarchalem,
1474 4317 1684 4372 evincit
1746 4316 2000 4388 Epistola

359 4421 522 4463 num.
553 4406 588 4460 3
619 4405 925 4477 descripta.
962 4428 990 4454 «
1041 4405 1334 4460 Ponamus
1385 4421 1520 4478 ergo
1550 4404 1684 4460 licet
1713 4405 2000 4477 (sequitur

363 4492 688 4564 Possinus),
718 4493 1142 4549 abdicationem
1194 4493 1406 4564 Cyprii,
1459 4499 1516 4549 et
1544 4510 1840 4550 secessum
1871 4495 1999 4565 ejus

359 4582 421 4637 in
455 4583 874 4639 monasterium
921 4582 1212 4650 Aristinze,
1265 4597 1462 4638 mense
1513 4583 1664 4637 Maio
1695 4587 1796 4638 aut
1823 4582 1998 4638 Junio

357 4671 494 4726 anni
528 4673 699 4727 modo
757 4671 1061 4727 memorati
1113 4689 1147 4726 a
1194 4671 1426 4726 Christo
1480 4677 1614 4726 nato
1666 4672 1810 4726 4289
1852 4673 1998 4727 acci-

358 4761 534 4816 disse.
599 4784 620 4809 ι
682 4761 744 4815 Id
803 4762 1063 4816 accidere
1121 4761 1404 4832 potuisse,
1465 4760 1667 4832 inquio
1719 4777 1860 4834 ego:
1896 4777 1995 4816 ne-

353 4867 466 4921 que
526 4854 721 4904 tamen
800 4849 1187 4922 posteriorum
1264 4849 1442 4904 alium
1522 4866 1781 4905 mensem
1843 4854 1996 4906 certo

353 4938 516 5009 rejici
550 4953 739 5010 posse,
790 4939 932 4993 satis
990 4939 1355 5010 patefacient,
1414 4956 1542 5011 qua
1596 4955 1728 4993 mox
1753 4938 1999 4994 dicenda

363 5031 521 5083 sunt

431 5143 524 5197 VI.
559 5141 774 5198 Libello
805 5142 1186 5199 abdicationis
1227 5144 1383 5211 dato,
1432 5159 1488 5198 se
1517 5142 1727 5198 abdidit
1755 5144 2000 5214 Cyprius

362 5234 424 5286 in
474 5234 924 5288 monasteriolum
977 5233 1257 5298 Aristinae,
1303 5235 1622 5302 contiguum
1670 5235 1999 5289 monasterio

364 5321 553 5375 Sancti
601 5321 834 5377 Andreae
880 5322 942 5375 in
993 5322 1163 5390 Crisi,
1212 5323 1476 5376 viciniam
1521 5323 1580 5376 in
1636 5323 1766 5376 tatis
1795 5321 2002 5376 delectu

358 5412 465 5466 toci
490 5426 726 5483 sequens
773 5410 1207 5482 protovestiariae
1262 5411 1562 5479 Raulzenae,
1618 5412 1678 5466 in
1721 5427 1784 5465 eo
1813 5411 2004 5466 Sancti

359 5500 592 5555 Andreae
646 5500 974 5555 monasterio
1023 5498 1304 5567 degentis:
1349 5517 1382 5553 a
1430 5517 1537 5570 qua
1580 5498 1866 5570 Gregorin
1915 5500 2001 5554 be-

360 5591 530 5660 nigne
555 5591 862 5659 fovebatur,
925 5589 1078 5659 large
1131 5587 1195 5642 de
1250 5605 1347 5644 suo
1394 5589 1845 5644 subministrante
1881 5605 2004 5659 quae

368 5679 463 5739 illi
485 5694 619 5753 opus
647 5687 823 5740 erant.
870 5677 1000 5735 Haec
1047 5675 1431 5752 Pachymeres
1479 5681 1676 5734 narrat
1703 5677 1888 5754 capite
1913 5677 2000 5738 40.

2103 618 2492 671 monasteriolo
2523 619 2802 684 Aristinw,
2852 620 2973 690 agit
3027 619 3358 691 Ducangius
3392 619 3451 673 in
3485 621 3748 674 Constan-

2104 704 2333 773 tinopoli
2366 705 2697 776 Christiana,
2730 705 2876 762 libro
2904 724 2980 770 ιν,
3015 711 3155 762 sect.
3204 709 3259 776 5,
3291 724 3453 762 num.
3484 708 3539 775 5,
3571 713 3627 763 et
3658 724 3746 763 se-

2104 790 2294 847 ctione
2316 793 2370 859 7,
2404 811 2565 849 num.
2622 797 2675 849 8.
2729 796 2814 850 Ad
2865 796 3191 852 Raulaenam
3217 799 3749 868 protovestiarissam

2104 877 2381 950 pluresin
2413 882 2608 938 codice
2652 889 2848 940 nostro
2896 889 3127 939 exstant
3155 902 3188 939 a
3217 884 3486 958 Gregorio
3536 886 3746 959 Cyprio

2104 967 2250 1022 datae
2279 970 2562 1040 Epistolz.

2183 1058 2282 1114 His
2370 1061 2680 1116 defunctus
2739 1062 2918 1131 curis,
2981 1061 3160 1118 semel
3218 1079 3284 1117 ac
3331 1064 3563 1133 iterum,
3620 1061 3750 1134 plu~

2104 1147 2336 1218 riesque
2365 1156 2682 1205 conventus
2729 1150 3023 1206 indicebat
3065 1151 3406 1222 imperator,
3439 1151 3498 1206 in
3533 1150 3748 1222 quibus

2104 1235 2424 1293 multorum
2466 1243 2711 1296 conatus
2758 1240 3057 1294 adhibitus
3114 1245 3226 1306 est,
3274 1239 3436 1295 irrito
3487 1245 3638 1311 voto,
3674 1239 3745 1295 ad

2102 1327 2516 1382 correctionem
2545 1328 2706 1383 Tomi
2756 1346 2790 1384 a
2831 1329 3102 1401 Gregorio
3153 1329 3313 1384 editi.
3377 1329 3535 1384 Dicta
3565 1328 3750 1384 recole

2102 1414 2289 1484 capite
2318 1416 2635 1485 superiore,
2687 1433 2850 1472 num.
2885 1419 2935 1474 4.
2980 1417 3278 1473 Factiones
3309 1418 3365 1472 in
3399 1418 3548 1472 duas
3580 1424 3754 1472 Arse-

2105 1501 2261 1555 niani
2321 1503 2554 1558 discissi
2615 1506 3166 1560 tumultuabantur:
3234 1521 3557 1576 eorumque
3611 1522 3747 1560 con-

2104 1591 2300 1645 cordia
2326 1593 2546 1661 synodis
2582 1595 2962 1664 frequentibus
3010 1595 3250 1650 collectis
3282 1595 3744 1666 procurabatur:

2107 1700 2135 1728 «
2167 1679 2468 1736 lnstabant
2498 1681 2601 1750 illi,
2637 1687 2701 1737 ut
2728 1682 3042 1739 declaratio
3084 1684 3264 1754 fieret,
3289 1683 3609 1756 Josephum
3644 1699 3748 1738 nec

2104 1785 2306 1824 verum
2377 1769 2703 1841 legitimum
2783 1771 2963 1826 fuisse
3038 1771 3454 1844 patriarcham,
3545 1773 3744 1828 Postu-

2105 1857 2304 1912 labant
2359 1864 2656 1930 praeterea,
2717 1860 2983 1916 damnari
3037 1862 3249 1934 dogma
3298 1861 3588 1929 Ecclesiae,
3634 1877 3746 1933 quo

2105 1950 2343 2002 sanctus
2397 1947 2649 2019 Spiritus
2708 1965 2777 2004 ea:
2830 1951 2994 2005 Patre
3045 1966 3146 2022 per
3199 1951 3403 2005 Filium
3454 1950 3749 2022 procedere

2103 2034 2448 2090 afﬁrmatur.
2485 2059 2511 2084 ››
2577 2036 2702 2092 Alia
2757 2038 3030 2108 petebant
3073 2039 3264 2110 plura,
3307 2038 3746 2111 perplexitatem

2102 2123 2562 2180 inextricabilem
2587 2127 2971 2197 praeferentia,
2997 2143 3409 2198 summamque
3441 2127 3752 2183 difﬁculta-

2103 2215 2239 2266 tem.
2275 2212 2512 2268 Dimissi
2561 2215 2875 2285 rejectique
2922 2221 3080 2271 sunt.
3126 2216 3206 2271 De
3240 2216 3371 2271 novi
3404 2216 3747 2288 patriarchae

2102 2300 2379 2356 electione
2425 2303 2723 2372 agebatur.
2773 2305 2916 2359 Tres
2965 2304 3378 2360 communibus
3429 2303 3595 2359 electi
3627 2305 3748 2360 suf-

2103 2389 2328 2462 fragiis,
2359 2406 2608 2461 quorum
2649 2409 2804 2448 unus
2850 2393 3073 2448 caeteris
3125 2393 3510 2465 praeferretur.
3545 2396 3750 2467 Augu-

2103 2483 2192 2533 sto
2249 2477 2514 2550 placebat
2581 2481 2962 2552 Athanasius,
3045 2483 3367 2537 monachus
3446 2483 3502 2536 in
3557 2481 3750 2537 Monte

2104 2567 2286 2633 Gano,
2341 2567 2440 2638 qui
2499 2572 2638 2622 tunc
2695 2569 3099 2625 diversabatur
3155 2570 3570 2642 Constinopoli.
3627 2576 3747 2624 An-

2105 2656 2232 2709 nuit
2261 2655 2359 2710 ille
2406 2657 2886 2730 vocationemque
2933 2658 3191 2713 admisit.
3246 2658 3420 2714 Varia
3449 2675 3656 2731 sparsa
3687 2659 3747 2714 in

2103 2742 2335 2814 vulgus,
2366 2759 2491 2815 quae
2523 2745 2660 2800 hinc
2688 2745 2745 2800 in
2795 2746 3150 2818 vituperium
3201 2747 3272 2802 de
3311 2746 3461 2819 ipso,
3494 2747 3654 2802 illinc
3687 2747 3747 2802 in

2104 2831 2339 2887 laudem
2389 2833 2751 2890 dicebantur.
2813 2835 2940 2890 Haec
2998 2835 3194 2891 omnia
3251 2836 3433 2891 serior
3475 2853 3748 2908 expensa.

2104 2923 2392 2976 Promotus
2436 2921 2532 2976 ille
2580 2923 2830 2994 denique
2876 2925 3024 2980 I21
3078 2925 3149 2978 ab
3197 2924 3525 2980 Andronico
3561 2927 3620 2980 in
3646 2941 3750 2996 pa-

2107 3011 2378 3077 triarcha,
2409 3027 2463 3066 se
2489 3011 2648 3082 pedes
2676 3015 2909 3068 contulit
2949 3013 3019 3067 ad
3063 3013 3316 3068 divinum
3365 3014 3627 3085 templum
3654 3015 3753 3070 die

2105 3098 2318 3154 decima
2365 3109 2561 3170 quarta
2613 3101 2899 3157 Octobris:
2949 3119 3013 3157 ac
3057 3104 3222 3174 paulo
3270 3108 3387 3175 post
3417 3113 3492 3158 est
3519 3103 3748 3158 ordina-

2106 3192 2210 3242 tus.
2246 3189 2374 3243 Iliso
2422 3194 2620 3244 narrat
2666 3191 2863 3245 omnia
2915 3191 3293 3263 Pachymeres
3343 3193 3749 3264 capitibus“,

2349 3277 2414 3332 44
2445 3283 2503 3332 et
2547 3280 2631 3331 45.
2682 3282 2744 3334 In
2796 3278 2887 3333 his
2937 3278 3415 3336 altercationibus
3463 3281 3750 3352 disquisi-

2105 3365 2478 3436 tionibusque
2549 3367 2820 3423 Possinus
2896 3366 3020 3423 loco
3094 3368 3270 3424 citato
3325 3369 3584 3437 adnotat,
3643 3369 3750 3426 duo

2109 3463 2282 3509 tresve
2313 3471 2521 3510 menses
2567 3457 2740 3525 fluere
2789 3456 3078 3512 debuisse.
3130 3457 3251 3511 Viri
3300 3457 3453 3513 docti
3485 3458 3752 3514 animad-

2105 3543 2428 3598 versionem
2477 3543 2788 3599 admittere
2836 3543 3042 3600 liceat:
3089 3561 3205 3616 qua
3249 3549 3444 3600 tamen
3478 3547 3534 3601 id
3567 3547 3750 3602 conﬁ-

2107 3631 2260 3685 citur
2307 3632 2566 3699 omnino,
2619 3632 2808 3704 Cyprii
2853 3633 3110 3705 Gregorii
3162 3635 3584 3690 abdicationem
3627 3652 3746 3692 non

2105 3719 2187 3775 ita
2212 3737 2346 3774 cum
2379 3720 2529 3775 Maio
2563 3721 2760 3776 Mense
2807 3728 2907 3777 aut
2951 3722 3126 3777 Junio
3175 3722 3387 3795 illigari
3418 3725 3648 3794 debere,
3681 3728 3747 3780 ut

2107 3810 2178 3864 ad
2205 3808 2399 3880 ipsum
2420 3809 2664 3864 Junium
2686 3810 3176 3876 desinentem,aut
3200 3812 3498 3868 ineuntem
3517 3813 3743 3869 Julium

2106 3897 2305 3952 referri
2337 3915 2452 3952 non
2500 3903 2694 3970 queat.
2747 3899 3146 3955 Abdicationis
3197 3917 3457 3956 mensem
3503 3902 3745 3958 delinire

2106 3992 2300 4042 tamen
2327 4004 2442 4042 non
2475 3985 2630 4042 licet.

2177 4075 2409 4131 Diutius
2437 4075 2624 4132 vivere
2671 4077 2874 4149 Cyprio
2924 4078 3124 4134 datum
3157 4095 3270 4134 non
3305 4084 3433 4135 est:
3467 4083 3750 4151 Languere

2104 4181 2340 4235 namque
2393 4165 2607 4220 dierum
2661 4167 2961 4221 multorum
3016 4167 3331 4235 exhaustus,
3382 4168 3573 4224 verbis
3616 4176 3748 4225 utor

2106 4253 2477 4326 Pacbymeris
2551 4255 2739 4325 capite
2812 4256 2899 4322 17,
2965 4264 3016 4311 et
3087 4259 3147 4311 ut
3226 4257 3448 4328 quidam
3504 4258 3747 4329 aiebant,

2106 4342 2441 4414 aegritudine
2468 4344 2646 4398 animi
2689 4347 2982 4414 confectus,
3043 4346 3186 4416 quod
3239 4363 3309 4400 ea:
3352 4347 3490 4402 otim
3518 4351 3629 4401 tam
3655 4347 3751 4404 ho-

2104 4434 2320 4498 norato,
2367 4436 2482 4487 tnm
2524 4448 2584 4486 se
2634 4432 2792 4488 hodie
2847 4437 3222 4505 contMptum
3267 4440 3556 4496 cerneret;
3581 4437 3751 4507 paulo

2105 4525 2225 4589 post
2266 4522 2449 4575 vivere
2500 4521 2684 4575 desiit.
2742 4522 3042 4579 Inﬁrmam
3092 4539 3445 4596 gravemque
3493 4525 3582 4580 sui
3616 4542 3747 4580 cor-

2030 4632 2076 4696 D
2107 4608 2265 4680 poris
2295 4608 2698 4665 habitudinem
2745 4613 2994 4666 testatur
3042 4612 3166 4684 ipse
3195 4612 3253 4668 in
3283 4613 3416 4668 Vita
3446 4630 3573 4670 sua.
3602 4613 3751 4670 Vide

2110 4701 2309 4756 notam
2341 4699 2430 4752 3'3.

2764 4789 2992 4844 CAPUT
3031 4789 3096 4844 Χ.

2107 4897 2327 4950 Error-es
2371 4892 2682 4967 Graecorum
2737 4897 2884 4949 varii
2902 4895 2966 4950 de
2988 4897 3330 4966 processione
3359 4898 3596 4967 Spiritus
3623 4914 3750 4952 san-

2176 4967 2250 5020 cti
2307 4965 2897 5038 simulcolliguntur:
2952 4965 3017 5020 ac
3066 4969 3268 5038 primo,
3319 4965 3589 5038 Spiritum
3616 4985 3751 5023 san-

2177 5045 2322 5092 ctum
2347 5053 2445 5107 per
2472 5037 2676 5091 Filium
2717 5053 2826 5092 non
2871 5037 3155 5108 procedere
3201 5054 3270 5093 ea:
3307 5037 3486 5095 Patre.
3520 5041 3752 5096 Aiebunt

2178 5109 2302 5175 alii,
2360 5109 2419 5162 in
2491 5109 2733 5176 ejusdem
2764 5109 3004 5178 Spiritus
3058 5112 3402 5181 processione
3465 5127 3534 5165 ex
3588 5113 3752 5168 Patre

2178 5181 2596 5234 instrumentale
2624 5181 3000 5235 ministerium
3042 5181 3286 5251 praebere
3324 5182 3556 5238 Filium.
3593 5185 3748 5239 Prae-

2178 5252 2438 5325 positioni
2471 5266 2596 5325 per,
2646 5253 2879 5325 originis
2909 5251 3180 5322 ordinem,
3255 5267 3576 5325 acqomnem
3629 5253 3751 5325 efﬁ-

2178 5324 2440 5376 cientiam
2469 5322 2689 5392 quidam
2744 5322 3087 5391 dcnegantes,
3164 5322 3449 5393 procedere
3505 5322 3754 5380 sanctum

2181 5393 2455 5465 Spiritum
2473 5409 2569 5463 per
2593 5395 2818 5458 Filium,
2863 5394 3088 5465 perinde
3108 5464 3115 5465 ί
3137 5411 3253 5449 esse
3301 5395 3661 5464 affirmabant
3689 5411 3754 5451 ac

2177 5464 2467 5534 procedere
2495 5481 2622 5519 cum
2676 5465 2816 5519 Filio
2841 5464 3117 5537 Gabriel
3163 5465 3394 5522 Severus
3445 5469 3748 5537 refutatur.

2181 5537 2549 5604 Efficientiam
2577 5538 2871 5605 Gregorius
2904 5536 3138 5607 Cyprius
3164 5536 3547 5608 praepositioni
3592 5541 3752 5594 resti-

2181 5615 2360 5673 tuens,
2387 5623 2508 5662 eam
2546 5608 2906 5680 referebatad
2935 5609 3228 5678 quamdam
3286 5609 3528 5680 Spiritus
3571 5612 3754 5665 sancti

2180 5680 2450 5737 xternam
2474 5677 3055 5753 exsplendescentiam,
3104 5696 3138 5736 a
3171 5677 3376 5740 Deitate
3403 5680 3749 5741 distinctam.
