4094 6476
299 452 400 512 133

1529 451 1738 513 VITA.
1769 482 1846 492 —
1877 447 2396 511 DlSSERTATIO
2439 451 2487 512 Ι.

3586 452 3700 512 134

365 585 722 655 Frequentior
751 598 912 639 error
940 587 1038 648 est,
1069 583 1347 654 Spiritum
1383 585 1644 655 sanctum
1683 581 1827 637 sumi
1852 596 1950 652 pro
1980 581 2036 647 Α
2065 579 2239 636 homo
2271 597 2402 636 cum
2461 586 2634 649 esset,
2689 583 2921 638 nonnisi
2970 598 3208 639 erroneo
3265 583 3458 655 aliquo
3520 599 3696 641 sensu

374 654 668 725 largitione
724 655 1024 727 temporali
1075 655 1377 712 donorum:
1426 658 1478 709 et
1536 654 1676 709 hanc
1732 669 1856 727 esse,
1882 669 1950 706 ex

377 728 530 791 Filio,
560 733 609 782 et
636 742 744 798 per
769 726 1002 794 Filium,
1035 728 1197 782 sicuti
1225 744 1260 781 a
1288 728 1476 794 Patre,
1509 742 1573 780 ac
1609 727 1724 796 ipso
1781 726 1950 779 etiam

381 799 581 868 Spiritu
607 802 821 853 sancto.
857 801 987 853 Acta
1014 799 1287 854 nonnulla
1315 799 1377 852 in
1412 798 1731 854 Florentino
1785 812 1947 867 syno-

381 869 460 938 do,
492 886 554 926 ac
575 871 868 926 Decretum
895 871 1140 925 unionis.

380 1031 425 1084 1.
479 1028 890 1085 Dissertationi
952 1033 1182 1095 nostrai,
1256 1028 1470 1100 partim
1527 1027 1835 1098 historicas,
1884 1043 1950 1082 ac

313 1117 511 1190 partim
544 1117 912 1189 dogmatice,
945 1117 1124 1173 simul
1155 1115 1411 1173 collectis
1442 1116 1772 1172 Graecorum
1797 1132 1953 1171 com-

2061 669 2257 738 dogma
2285 670 2428 724 illud
2471 670 2729 726 Ecclesiae
2781 672 3158 745 intelligebat.
3207 673 3372 728 Hunc
3426 675 3697 745 patefacit

2055 758 2311 814 Joannes
2341 764 2576 830 Beccus,
2606 759 2757 816 libro
2792 779 2867 827 1v,
2909 761 2980 816 ad
3035 763 3496 833 Constantinum,
3530 781 3588 818 n.
3621 766 3692 819 3:

2061 870 2088 898 ‹‹
2150 847 2481 904 Adversarii
2533 866 2704 920 posse
2759 850 3053 920 inquiunt,
3112 856 3168 906 et
3221 853 3468 919 exFilio,
3498 857 3555 908 et
3595 870 3697 925 per

2057 935 2268 991 Filium
2334 937 2770 1008 processionem
2855 939 2990 1005 dici,
3073 944 3248 1010 atque
3329 941 3696 997 existentiam

2059 1026 2312 1096 Spiritus
2342 1026 2592 1097 sancti);
2627 1028 2726 1081 sed
2758 1043 2824 1082 eo
2881 1027 3212 1098 signiﬁcatu
3267 1028 3402 1081 κατᾶ
3455 1028 3517 1082 τὸ
3577 1026 3697 1099 διή-

2057 1133 2167 1166 κειν
2202 1110 2290 1166 διὰ
2319 1117 2416 1166 τοῦ
2441 1113 2590 1179 Tios,
2622 1115 2790 1186 quasi
2817 1120 3158 1186 pertranseat
3185 1134 3284 1188 per
3325 1119 3547 1175 Filium.
3579 1121 3697 1178 Hu-

310 1207 510 1262 mentis
565 1207 640 1261 de
695 1206 922 1278 Spiritu
966 1207 1152 1262 sancti
1209 1205 1599 1277 processione,
1661 1221 1729 1260 ac
1770 1204 1948 1260 veluti
2054 1204 2221 1271 jusce
2251 1203 2406 1258 enim
2437 1220 2669 1275 quoque
2699 1204 2972 1260 dictionis
3001 1205 3343 1263 formatores
3389 1213 3545 1279 sunt,
3578 1226 3693 1267 non

306 1296 410 1351 sub
431 1312 545 1352 uno
585 1294 1022 1366 repraesentatis
1047 1293 1286 1364 intuitu,
1339 1293 1514 1349 ﬁnem
1565 1293 1947 1365 imponimus,

303 1385 820 1440 Animadversione
887 1383 1303 1457 dignissimum
1355 1385 1575 1438 occurit
1630 1383 1952 1439 Arseniano—

302 1490 419 1527 ram
449 1471 821 1545 postulatum
853 1471 1023 1538 illud,
1053 1472 1206 1542 quod
1239 1471 1392 1527 inter
1449 1471 1566 1527 alia
1620 1471 1798 1526 refert
1842 1472 1947 1526 Pa-

303 1561 606 1632 chymeres
637 1559 791 1615 libro
817 1578 880 1622 η.
913 1577 1068 1632 saepe
1124 1559 1296 1615 citato
1354 1560 1414 1614 in
1473 1560 1804 1615 Andronico
1855 1576 1948 1615 ca-

301 1650 414 1720 pite
471 1649 581 1704 l2:
643 1648 880 1710 Ἀθετεῖν
941 1643 998 1700 δὲ
1053 1646 1142 1700 καὶ
1213 1644 1392 1721 δόγμα
1445 1653 1546 1715 τῆς
1606 1645 1948 1717 Ἐκκλησίας,

305 1737 454 1794 128
510 1735 575 1789 τό
631 1732 719 1789 διὰ
775 1739 873 1789 τοῦ
931 1735 1058 1789 Υἱοῦ
1117 1734 1176 1788 ἐκ
1242 1735 1459 1811 ΙΙατρὸς
1549 1733 1946 1810 ἐκπορεύεσθαιι

305 1828 522 1882 aboleri
579 1826 779 1895 dogma
834 1826 1106 1895 Ecclesiae,
1169 1842 1271 1896 quo
1323 1829 1544 1881 sanctus
1593 1826 1832 1896 Spiritus
1885 1842 1954 1880 ex

304 1921 470 1972 Patre
496 1915 800 1987 procedere
822 1931 924 1986 per
949 1915 1156 1969 Filium
1177 1914 1522 2014 affirmatur.
1547 1915 1703 1970 Adeo
1733 1913 1956 1970 scilicet
1982 1949 2029 2014 B

307 2020 502 2060 vocem
589 2020 664 2058 ex
771 2007 828 2058 et
925 2019 1026 2074 per
1090 2000 1521 2075 aaquipollentia
1592 2003 1953 2057 vexabantur

307 2093 483 2149 (Ξτεαί
516 2093 916 2160 adversantes,
952 2095 1019 2146 ut
1074 2091 1502 2163 processionem
1535 2091 1787 2163 Spiritus
1815 2108 1950 2146 san-

310 2183 398 2248 cti,
461 2199 538 2238 ne
594 2186 944 2253 cogerentur
1000 2197 1073 2236 ex
1143 2182 1282 2237 Filio
1361 2180 1548 2248 fateri,
1635 2181 1811 2236 etiam
1854 2197 1956 2252 per

307 2273 509 2326 Filium
557 2270 954 2326 audacissime
1018 2269 1265 2325 inﬁciati
1321 2273 1459 2324 sunt
1515 2269 1779 2340 ipsorum
1837 2286 1953 2325 non

310 2360 499 2433 pauci.

369 2450 603 2506 Novum
627 2465 746 2504 non
776 2453 900 2504 erat
927 2452 1326 2504 commentum
1359 2447 1429 2502 ab
1486 2448 1806 2503 Arsenianis
1858 2463 1955 2502 ex-

307 2539 656 2612 cogitatum,
690 2539 789 2594 sed
805 2539 932 2609 jam
963 2537 1185 2592 dudum
1217 2536 1288 2591 ab
1330 2537 1667 2592 errantibus
1725 2553 1954 2593 cusum.

307 2628 439 2684 Rem
501 2627 678 2682 docet
753 2626 1112 2698 Nicephorus
1195 2623 1519 2680 Blemmida
1582 2625 1642 2678 in
1700 2624 1958 2680 oratione

304 2717 497 2773 oblata
552 2715 863 2771 Theodoro
923 2715 1094 2770 Ducas
1145 2714 1400 2781 Lascari,
1470 2713 1571 2784 qui
1629 2713 1958 2769 Graecorum

300 2805 622 2878 imperium
654 2820 810 2859 anno
842 2804 981 2857 1255
1009 2803 1333 2874 assumpsit
1383 2802 1584 2857 Nicteae
1645 2802 1706 2857 in
1758 2803 1960 2875 Bithy—

300 2897 415 2950 nia.
448 2898 698 2949 Pmstat
722 2909 790 2948 ea
821 2893 973 2964 apud
1005 2892 1282 2947 Allatium
1314 2893 1370 2946 in
1396 2892 1603 2947 ercia
1632 2892 1956 2948 orthodoxa.

298 2991 461 3039 tomo
495 2985 540 3039 Ι.
578 2984 709 3037 llzec
748 2981 927 3037 habet
980 2980 1108 3046 ille,
1167 2997 1332 3036 num.
1359 2984 1430 3036 2:
1467 3002 1496 3031 «
1527 2980 1722 3054 Καιρὸς
1781 2977 1840 3033 δὲ
1897 2979 1958 3033 οὐ

296 3071 498 3142 πολὺς,
566 3088 687 3127 non
756 3071 856 3125 diu
903 3075 1012 3137 est,
1065 3087 1132 3125 ex
1162 3086 1276 3142 quo
1308 3068 1575 3124 nonnulli
1604 3070 1848 3125 ridicule
1879 3069 1961 3124 di-

297 3179 456 3232 cam,
487 3178 568 3216 an
601 3160 965 3216 misserrime
996 3159 1203 3227 aﬂ'ecti,
1237 3159 1378 3214 dum
1416 3158 1629 3214 vellent
1650 3159 1962 3230 penitusex

301 3254 443 3307 Filio
465 3249 698 3317 tollere,
733 3265 850 3304 una
879 3265 1013 3304 cum
1043 3265 1110 3304 eo
1150 3247 1516 3304 sustulerunt
1570 3263 1668 3319 per
1716 3249 1956 3303 Filium:

305 3345 359 3395 et
388 3344 704 3395 tantorum
737 3337 972 3393 Patrum
997 3337 1368 3404 documenta,
1420 3337 1470 3392 si
1501 3353 1618 3409 qua
1674 3337 1959 3408 captionis

313 3429 575 3484 dabatur
603 3443 772 3490 ausa,
805 3430 1203 3498 perverterunt
1227 3427 1322 3497 (ad
1351 3423 1734 3497 temporalem
1787 3425 1963 3497 largi-

306 3519 527 3574 tionem
573 3515 1001 3571 charismatum
1031 3516 1231 3571 eedem
1263 3515 1634 3586 referentes);
1685 3515 1776 3570 sin
1833 3533 1966 3572 vero

305 3607 469 3664 nulla
499 3604 846 3678 apparebat,
875 3608 1003 3659 tum
1033 3604 1154 3672 illa,
1189 3621 1314 3676 quae
1375 3619 1510 3659 cum
1569 3602 1772 3659 multis
1834 3604 1966 3661 aliis

307 3712 422 3752 non
454 3694 848 3751 convenirent
868 3697 992 3757 (aut
1017 3709 1131 3748 non
1163 3691 1469 3749 convenire
1514 3691 1660 3764 ipsis
1690 3693 1966 3749 videban-

309 3789 449 3855 tur),
483 3785 843 3854 rejecerunt.
877 3804 905 3831 »

375 3872 751 3945 Bejiciebant
779 3887 914 3943 ergo
943 3887 1010 3927 ea
1037 3871 1275 3926 Patrum
1335 3871 1701 3926 documenta.
1750 3870 1808 3926 in
1843 3871 1968 3944 qui-

311 3963 418 4018 bus
482 3963 560 4016 ab
622 3967 858 4024 aeterna,
916 3977 981 4014 ac
1040 3958 1434 4030 substantiali,
1500 3963 1558 4013 et
1603 3959 1968 4031 hypostatica

309 4051 498 4106 sancti
531 4049 794 4121 Spiritus
827 4048 1190 4118 processione
1223 4047 1381 4103 nullo
1413 4047 1608 4103 divelli
1658 4050 1830 4104 modo
1863 4067 1964 4122 po-

309 4143 501 4195 terant
579 4153 754 4192 voces
811 4131 897 4188 διὰ
948 4135 1076 4189 Υίοῦ
1125 4153 1228 4208 per
1285 4136 1522 4192 Filium.
1557 4136 1967 4193 Commentum

311 4228 489 4299 istud,
540 4224 714 4282 Becci
742 4230 797 4280 et
851 4225 1038 4298 Cyprii
1087 4224 1572 4297 patriarcharum,
1646 4226 1964 4282 Andronici

311 4317 554 4389 Augusti
610 4320 892 4386 tempore,
946 4314 1352 4370 instaurarunt
1387 4315 1705 4386 Arseniani,
1762 4320 1962 4387 postu-

309 4407 497 4461 lantes
530 4410 598 4459 ut
628 4404 870 4476 Spiritus
897 4405 1077 4458 sancti
1103 4420 1176 4458 ex
1204 4404 1375 4458 Patre
1401 4405 1675 4473 processio
1720 4421 1822 4474 per
1871 4406 1960 4459 Ft-

313 4494 450 4547 lium
491 4492 866 4548 aboleretur:
926 4508 1103 4562 quam
1136 4490 1356 4547 scilicet
1386 4491 1696 4563 perspicua
1727 4493 1962 4548 Patrum

315 4581 580 4638 Ecclesia:
622 4581 831 4636 Graecae
873 4581 1209 4637 testimonia
1260 4581 1516 4647 firmant,
1569 4583 1799 4637 Joannis
1851 4583 1961 4638 Da-

2059 1293 2214 1365 quod
2242 1292 2422 1348 Filius
2451 1309 2574 1348 cum
2603 1295 2776 1348 Patre
2802 1295 3032 1349 uniatur
3060 1296 3120 1349 in
3159 1294 3336 1352 Causa
3385 1297 3696 1369 Spiritus...

2059 1383 2159 1437 sed
2193 1381 2401 1437 Filium
2433 1398 2467 1436 a
2500 1381 2662 1437 Patre
2688 1389 3043 1454 separantes,
3092 1385 3240 1440 I29
3301 1401 3373 1440 ne
3431 1387 3700 1446 videlicet

2057 1470 2243 1538 Pater,
2303 1471 2354 1523 et
2405 1468 2580 1522 Filius
2625 1473 2966 1540 reputentur
3026 1470 3152 1527 duae
3216 1488 3404 1530 causae
3434 1473 3694 1546 Spiritus,

2060 1557 2215 1628 quod
2243 1555 2440 1612 nullus
2466 1573 2725 1628 unquam
2757 1558 2986 1629 pietatis
3015 1575 3208 1615 sermo
3259 1562 3533 1631 admisit;
3571 1583 3697 1621 ma-

2061 1646 2251 1701 litiose
2275 1644 2473 1714 nimis,
2515 1650 2569 1701 et
2594 1646 2910 1702 admodum
2937 1647 3113 1720 impie
3151 1649 3279 1719 hoc,
3333 1657 3695 1728 pertransire,

2060 1734 2452 1800 eiformantes,
2484 1735 2541 1788 in
2575 1735 2972 1791 Arianismum
3010 1736 3269 1794 infelices
3326 1741 3690 1814 pracipitan-

2058 1827 2191 1878 tur:
2253 1825 2341 1894 (ac
2383 1823 2457 1890 si)
2511 1825 2691 1880 Filius
2745 1841 2843 1895 per
2892 1825 3022 1895 hoc,
3075 1830 3439 1898 pertransire,
3491 1833 3692 1888 existi-

2060 1917 2252 1967 metur
2306 1911 2364 1966 in
2413 1913 2779 1983 processione
2859 1913 3130 1986 Spiritus,
3201 1917 3526 1975 administer
3580 1924 3694 1978 Pa-

2058 2003 2181 2067 tris,
2238 2008 2336 2055 aut
2383 2002 2816 2057 instrumentum
2880 2004 3076 2059 servile
3156 2005 3308 2071 (sine
3385 2025 3520 2064 vera
3569 2011 3699 2067 effi-

2061 2089 2315 2159 cientia).

2131 2177 2195 2232 In
2226 2178 2375 2232 hanc
2439 2179 2730 2249 quomodo
2787 2179 2966 2235 Graeci
3025 2181 3398 2241 adversantes
3444 2187 3700 2262 prolapsi

2061 2266 2276 2322 fuerint
2304 2266 2685 2339 impietatem,
2719 2268 3055 2341 diligentius
3084 2271 3352 2342 explanat
3389 2275 3604 2333 Beccus
3638 2280 3698 2334 in

2064 2357 2420 2411 Testamento.
2465 2357 2951 2428 Interpretatione
2998 2359 3224 2416 Possini
3281 2367 3696 2439 praetermissa,

2064 2444 2353 2518 pressiore
2381 2445 2686 2517 magisque
2714 2445 2950 2503 litterali
2983 2455 3115 2504 utor
3141 2466 3210 2505 ea
3238 2467 3414 2522 quam
3447 2454 3518 2510 ab
3549 2455 3700 2512 Alla-

2065 2533 2144 2589 tio
2166 2534 2506 2588 adornatam
2539 2535 2713 2589 retert
2742 2535 3073 2607 Raynaldus
3133 2539 3204 2592 ad
3256 2557 3479 2597 annum
3535 2545 3698 2614 1285,

2067 2639 2131 2677 ac
2160 2622 2285 2694 ipse
2313 2620 2561 2677 Allatius
2591 2622 2848 2694 vulgavit
2887 2623 3034 2681 libro
3069 2644 3109 2680 ιι
3139 2628 3212 2683 De
3262 2634 3530 2702 perpetua
3567 2651 3700 2690 con-

2064 2713 2311 2766 sensione
2355 2712 2610 2768 Ecclesiae
2665 2711 3024 2769 Occidentalis
3070 2719 3123 2770 et
3179 2717 3478 2775 Orientalis
3525 2727 3705 2796 capite

2068 2801 2154 2866 15,
2190 2817 2351 2854 num.
2384 2801 2438 2864 8,
2498 2805 2554 2855 et
2609 2805 2766 2856 torno
2797 2803 2819 2856 Ι
2879 2802 3111 2860 Graecia
3157 2807 3522 2866 Orthodoxw:
3557 2835 3584 2862 «
3613 2813 3704 2868 Illi

2069 2889 2303 2961 quippe,
2339 2890 2438 2961 qui
2470 2907 2503 2944 a
2532 2890 2965 2962 Scripturarum
3005 2894 3268 2950 examine
3317 2905 3708 2969 angustantur

2068 2984 2357 3049 coguntur
2395 2993 2495 3047 per
2546 2979 2757 3034 Filium
2793 2983 3194 3050 proccssionem
3249 2985 3541 3045 alfirmare
3596 2995 3704 3045 Pa-

2067 3072 2381 3122 trum'esse
2413 3067 2799 3123 sententiam:
2851 3086 2954 3125 nec
3011 3076 3161 3126 recte
3219 3072 3278 3128 in
3333 3080 3709 3146 processionis

2070 3154 2380 3227 ὁμωνυμίᾳ,
2438 3157 2789 3228 homonymia
2852 3159 3237 3228 ambulantes,
3301 3180 3334 3218 a
3389 3165 3710 3238 Scripturis

2069 3245 2291 3314 arctati,
2335 3247 2733 3317 liypostaticam
2786 3249 2968 3303 Patris
3032 3253 3419 3321 proprietatem
3477 3256 3716 3312 edicunt

2075 3334 2196 3398 (seu
2224 3334 2539 3407 declarant)
2567 3339 2964 3406 processionem
2995 3337 3149 3409 (curn
3209 3340 3345 3397 talis
3397 3359 3464 3398 ea
3519 3349 3716 3402 tamen

2076 3439 2192 3477 non
2215 3423 2330 3494 sit).
2389 3428 2593 3496 Itaque
2647 3441 2716 3480 ex
2770 3427 2881 3482 solo
2919 3427 3083 3483 Patre
3113 3429 3501 3488 inverecunde
3532 3434 3711 3491 nimis

2076 3517 2425 3579 asserentes,
2461 3513 2730 3584 Spiritum
2760 3509 2904 3588 ἔχειν
2936 3517 3035 3584 τὴν
3065 3514 3304 3593 ὕπαρξιν,
3337 3523 3712 3580 exsistentiam

2075 3601 2289 3669 dabere,
2325 3603 2482 3657 omni
2512 3605 2846 3660 necessaria:
2888 3605 3406 3666 demonstrationis
3461 3612 3516 3666 vi
3580 3630 3714 3668 con-

2074 3695 2164 3746 tra
2194 3692 2369 3762 ipsam
2393 3695 2786 3762 processionem
2816 3694 3014 3765 (quam
3034 3699 3341 3770 cateroqui
3370 3716 3470 3772 per
3512 3703 3714 3758 Filium

2075 3779 2376 3850 fatentur).
2444 3781 2912 3854 redarguuntur;
2967 3800 3100 3840 cum
3155 3786 3308 3842 idem
3378 3789 3455 3845 sit
3506 3790 3715 3847 dicere.

2075 3871 2470 3939 exsistentiam,
2531 3887 2728 3941 quam,
2781 3876 2845 3926 ut
2901 3872 3012 3944 ipsi
3071 3874 3254 3943 aiunt,
3312 3893 3383 3932 ex
3407 3879 3521 3934 solo
3551 3881 3716 3935 Patre

2074 3957 2241 4012 habet
2259 3960 2496 4029 Spiritus
2538 3963 2780 4028 sanctus,
2843 3959 3140 4035 ὀργανικῶς
3197 3960 3384 4033 διῆκον
3443 3963 3531 4026 διὰ
3586 3968 3714 4021 Υῖοῦ

2075 4047 2569 4103 instrumentaliter
2598 4051 2839 4104 transire
2863 4066 2965 4120 per
3001 4052 3225 4118 Filium,
3259 4061 3338 4109 Ac
3397 4055 3572 4111 etiam
3625 4074 3716 4112 re-

2075 4135 2462 4208 darguuntur)
2515 4137 2708 4192 verbis
2764 4141 2994 4194 tantum
3052 4142 3226 4197 nudis
3264 4147 3546 4216 prapriam
3574 4147 3708 4201 Filii

2073 4224 2424 4280 constituere
2456 4226 2737 4297 Spiritum
2768 4233 3061 4297 sanctum,
3093 4247 3153 4285 re
3174 4235 3369 4287 tamen
3400 4251 3533 4290 vera
3563 4236 3711 4290 alic-

2071 4331 2205 4368 num
2233 4315 2298 4369 ab
2329 4315 2478 4384 ipso:
2512 4331 2644 4370 cum
2675 4315 2835 4371 nulla
2864 4318 3039 4373 fuerit
3088 4319 3257 4386 ratio,
3290 4337 3420 4392 quae
3463 4323 3709 4380 suadere

2071 4402 2276 4472 valeat,
2333 4406 2620 4475 proprium
2666 4421 2780 4460 esse
2825 4407 2961 4462 Filii
3011 4407 3149 4479 quod
3207 4426 3276 4464 ex
3303 4411 3419 4481 ipso
3467 4420 3704 4484 nonest,

2071 4495 2168 4547 aut
2225 4509 2321 4563 per
2374 4495 2556 4564 ipsum
2618 4496 2902 4566 propriam
2953 4499 3329 4553 exsistenliam
3391 4515 3501 4556 non
3546 4500 3707 4557 liabet

2072 4585 2200 4652 (nec
2254 4581 2409 4637 enim
2494 4583 2884 4640 instrumento
2944 4586 3224 4641 tribuitur
3293 4587 3552 4658 effectus,
3602 4591 3704 4646 sed

315 4673 579 4739 masceni,
614 4670 801 4726 sancti
843 4671 1074 4726 Maximi
1128 4671 1420 4740 martyris,
1481 4671 1691 4725 Tarasii
1717 4673 1965 4741 patriar-
1993 4676 2040 4740 D
2071 4670 2304 4742 causae).
2364 4670 2493 4726 Haec
2545 4671 2740 4744 itaque
2797 4673 2911 4728 duo
2967 4675 3223 4730 absurda
3252 4692 3317 4731 ac
3339 4675 3522 4748 impia
3551 4678 3708 4735 dicta

316 4761 427 4817 die
453 4760 1076 4829 Constantinopolitani,
1128 4757 1375 4829 Gregorii
1437 4759 1797 4825 Nazianzeni,
1846 4763 1952 4832 Cy-

320 4850 431 4902 riltz
491 4849 885 4917 Alexandrini,
955 4850 1193 4904 auctoris
1243 4849 1591 4918 refutationis
1651 4849 1962 4920 hypocrisis

321 4937 540 5005 lelctii,
572 4945 628 4994 et
651 4939 884 4993 Eusebii
912 4938 1323 4994 Samosatensis.
1361 4938 1557 4992 Patres
1578 4937 1743 5007 istos,
1765 4954 1968 5010 quam-

321 5025 586 5096 piurimis
613 5026 1027 5098 praetermissis
1058 5025 1234 5092 alliis,
1268 5027 1404 5081 data
1434 5043 1502 5081 ex
1547 5026 1802 5082 Historia
1857 5027 1965 5083 Pa-

325 5113 606 5186 chymeris
666 5115 1006 5182 occasione,
1081 5113 1481 5185 superioribus
1558 5115 1616 5168 in
1677 5115 1965 5187 capitibus

323 5203 710 5271 laudavimus,
744 5219 1063 5275 eorumque
1094 5202 1414 5258 sententias
1470 5203 1851 5276 exposuimus
1907 5208 1966 5260 et

322 5293 764 5348 vindicavimus.

389 5381 452 5437 ll.
529 5382 897 5438 Postulatum
955 5381 1384 5437 Arsenianorum
1437 5380 1690 5436 referens
1743 5380 1961 5454 Pachy-

323 5485 518 5538 rneres,
555 5470 690 5526 illos
722 5469 802 5525 ait
827 5469 1186 5543 postulasse,
1219 5475 1282 5524 ut
1307 5471 1515 5538 Dogma
1544 5470 1798 5525 Ecclesia:
1828 5470 1964 5526 abo-

323 5557 547 5616 lex-stur.
585 5561 691 5616 Pro
716 5559 970 5629 dogmate
1000 5558 1186 5630 igitur
1225 5560 1454 5614 Eclesiae
1512 5557 1766 5614 habebat
1822 5576 1962 5614 san-

327 5647 390 5703 cti
419 5651 676 5724 Spiritus
715 5647 1157 5722 processionem
1208 5646 1290 5704 ita
1345 5645 1722 5714 intellectam,
1783 5652 1848 5703 ut
1892 5665 1963 5705 ex

331 5741 472 5797 Putre
497 5738 825 5799 Procederet
854 5737 982 5811 ipse
1019 5751 1121 5810 per
1147 5737 1369 5794 Filium.
1426 5738 1498 5794 At
1550 5737 1961 5798 schismaticus

2063 4761 2290 4834 (sunt):
2349 4761 2769 4816 Instrumentali
2833 4763 2990 4816 Patri
3045 4765 3419 4820 ministerium
3456 4767 3590 4822 Filii
3642 4768 3706 4822 in

2063 4850 2407 4920 processione
2443 4849 2702 4919 Spiritus,
2761 4849 3042 4923 Ὀργανική
3113 4850 3376 4925 ὑπηρεσία
3422 4858 3518 4907 τοῦ
3578 4855 3705 4908 Υἱοῦ

2071 4941 2151 5009 τῷ
2206 4935 2400 5007 Ιιατρί,
2460 4944 2514 4992 et
2570 4939 2807 5008 Spiritus
2872 4956 2903 4994 a
2963 4941 3106 4996 Filio
3160 4942 3492 4999 alienatio.»
3559 4945 3709 5001 Sunt

2075 5027 2231 5083 enim
2259 5027 2471 5082 Ariana
2503 5032 2851 5082 commenta.

2143 5120 2310 5170 Hunc
2340 5115 2400 5170 in
2429 5131 2682 5170 errorem
2715 5115 3031 5188 impegisse
3061 5117 3404 5191 Gregorium
3434 5121 3704 5193 Cyprium

2074 5205 2173 5276 qui
2238 5204 2581 5259 Damasceni
2640 5208 2860 5259 textum
2909 5208 3198 5276 quomodo
3247 5208 3479 5265 eludere
3535 5227 3706 5266 cona-

2072 5293 2263 5360 batur,
2298 5291 2496 5348 nullus
2526 5293 2749 5348 dubito.
2782 5295 2918 5364 Ejus
2949 5295 3103 5350 enim
3153 5297 3324 5353 verba
3356 5297 3491 5355 illa:
3541 5300 3706 5355 Pater

2070 5387 2151 5438 est
2176 5399 2275 5454 per
2329 5382 2552 5436 verbum
2603 5383 2904 5453 produc-tor
2933 5383 3169 5456 Spiritus
3197 5388 3565 5444 enuntiatorii
3608 5393 3705 5445 aut

2073 5472 2496 5542 manifestantis,
2555 5470 2635 5526 ita
2691 5473 3012 5543 exponebat
3070 5475 3130 5529 in
3179 5478 3376 5542 tomo;
3414 5480 3477 5531 ut
3508 5477 3704 5534 Patres

2070 5559 2373 5616 docuerint
2404 5559 2671 5630 Spiritum
2688 5577 2790 5634 per
2817 5561 3096 5634 Filium,et
3123 5566 3344 5620 exFilio
3373 5567 3707 5623 naturaliter

2068 5650 2360 5717 exsistere;
2456 5663 2567 5704 non
2645 5651 2774 5706 item
2817 5666 2916 5722 per
2982 5652 3207 5718 Filium,
3275 5656 3325 5708 et
3411 5668 3480 5707 ex
3559 5654 3701 5710 Filio

2068 5738 2449 5797 exsistentiam
2503 5737 2717 5797 habere.
2777 5739 3056 5814 Negabat,
3111 5741 3394 5816 Spiritum
3431 5746 3698 5804 sanctum
