4094 6458
437 427 556 487 135

1461 420 1777 482 GEORGII
1821 418 2082 482 CYPRII
2126 418 2244 480 GP.
2293 420 2814 481 ΡΑΤΒΙΑΗΟΗᾸΞ

3709 420 3822 480 136

433 576 538 634 per
567 557 798 624 Filium,
831 559 889 611 et
917 571 987 611 ex
1017 554 1156 610 Filio
1215 556 1593 610 exsistentiam
1649 557 1870 622 habere,
1931 552 2067 625 quia
2097 552 2153 620 Α
2183 552 2503 608 maximum
2533 572 2545 620 ;
2580 553 2802 608 scilicet
2840 554 3045 608 Filium
3101 569 3311 624 quoque
3352 553 3657 625 procedere.
3694 555 3820 611 Ete-

431 649 656 707 nullam
687 649 746 702 in
780 646 920 702 Filio
950 645 1067 700 vim
1100 644 1392 699 fatebatur
1421 643 1669 699 activam
1709 645 1781 698 ad
1837 647 2066 698 exstan-

428 739 574 793 tiam
604 735 853 808 Spiritus
882 733 1068 788 sancti
1095 748 1107 787 :
1142 731 1240 787 sed
1274 731 1430 787 hunc
1453 737 1651 787 tamen
1685 748 1752 786 ex
1786 731 1923 785 Filio
1953 745 2067 786 esse

428 833 486 882 et
509 842 610 899 per
635 825 837 880 Filium
874 821 1084 887 aiebat,
1115 821 1254 892 quia
1314 821 1490 876 Filius
1523 821 1677 876 ιω
1707 820 2064 875 instrumen-

429 915 544 971 tale
572 913 864 986 quoddam
900 911 958 965 in
989 910 1251 981 ejusdem
1276 910 1644 981 processione
1670 909 2064 963 ministerium

429 1003 681 1076 praebere
710 1001 1046 1065 dicebatur;
1079 1015 1143 1054 ac
1173 999 1220 1054 si
1262 1016 1361 1069 per
1381 999 1576 1070 ipsnm
1596 998 1780 1053 virtus
1793 997 2072 1067 spirativa‘

426 1094 614 1148 Patris
670 1089 962 1146 transiret.
1020 1091 1139 1144 Hoc
1197 1087 1339 1142 illud
1398 1088 1654 1143 Ecclesiae
1689 1087 1906 1157 dogma,
1947 1087 2064 1140 imo

426 1183 824 1238 commentum
856 1177 1147 1247 iniquum,
1182 1175 1325 1231 mihi
1358 1176 1608 1241 videtur,
1641 1175 1797 1246 quod
1850 1173 2062 1245 Pachy-

426 1284 612 1326 meres
643 1268 702 1322 in
753 1267 1095 1339 processione
1147 1269 1359 1322 aeterna
1403 1280 1470 1320 ac
1497 1264 1844 1319 substantiali
1877 1261 2062 1318 sancti

422 1357 674 1428 Spiritus
698 1372 797 1426 per
822 1355 1033 1411 Filium
1056 1370 1191 1409 cum
1222 1351 1350 1408 aliis
1382 1352 1595 1408 Graecis
1625 1353 1870 1408 fortasse
1909 1355 2062 1406 tene-

423 1447 559 1504 bat:
593 1445 750 1501 unde
775 1443 1112 1500 Arsenianis
1143 1442 1450 1497 adversum
1495 1441 1709 1512 praebet
1760 1456 1906 1505 sese,
1939 1439 2059 1511 qui,

423 1534 850 1606 processionem
879 1533 1005 1602 ejus
1035 1547 1107 1586 ea:
1136 1532 1300 1586 Patre
1329 1546 1432 1598 per
1463 1531 1672 1584 Filium
1714 1528 2058 1584 abolendam

426 1622 878 1696 postulaverant.
910 1620 974 1676 In
1005 1620 1113 1676 hac
1158 1618 1360 1674 haeresi
1422 1634 1536 1673 non
1594 1618 1760 1672 stetit
1816 1617 2062 1688 Cyprius

425 1711 772 1784 Gregorius:
807 1709 1098 1780 aliamque
1128 1708 1511 1779 excogitatam
1535 1708 1606 1761 ab
1652 1723 1740 1774 eo,
1794 1710 1857 1760 ut
1916 1721 2058 1776 quo-

423 1801 596 1857 modo
648 1799 1049 1856 testimonium
1135 1796 1470 1852 Damasceni
1520 1801 1846 1867 exponeret,
1905 1793 2057 1849 suis-

421 1904 534 1960 que
563 1889 762 1944 fucum
793 1888 1022 1950 faceret,
1056 1886 1278 1940 dictum
1303 1885 1430 1953 jam
1461 1889 1569 1952 est,
1602 1889 1658 1940 et
1690 1883 1882 1939 adhuc
1909 1882 2062 1937 infra

424 1978 757 2034 dicendum.

496 2066 635 2122 Utut
662 2081 794 2121 vero
827 2064 1174 2133 homonymia
1202 2067 1281 2116 stt
1306 2065 1363 2116 in
1393 2060 1671 2116 vocabulo
1708 2059 2057 2129 procedendi,

424 2154 850 2226 similibusque,
884 2167 989 2208 nec
1017 2151 1217 2207 eadem
1251 2151 1481 2206 notione
1512 2154 1787 2222 perpetuo
1826 2166 2060 2204 suman-

419 2246 518 2298 tur
546 2243 683 2311 illa;
740 2241 1074 2311 ubicunque
1130 2244 1326 2295 tamen
1373 2239 1443 2292 de
1499 2238 1708 2308 Spiritu
1765 2237 2057 2303 dicuntur,

421 2333 655 2403 quando
685 2331 755 2387 ad
783 2332 987 2386 Filium
1016 2327 1170 2383 idem
1201 2327 1452 2399 Spiritus
1504 2329 1757 2396 refertur,
1819 2326 2058 2380 minime

420 2420 756 2493 signiﬁcant
783 2418 966 2488 aliud,
996 2432 1172 2488 quam
1203 2432 1336 2471 cum
1368 2416 1493 2487 ipse
1520 2417 1594 2470 ad
1641 2417 1860 2470 Patrem
1915 2430 2059 2468 com-

415 2513 675 2581 paratur.
700 2508 926 2563 Etenim
949 2507 1222 2578 pleraque
1250 2505 1628 2574 antiquorum
1652 2504 1888 2558 Patrum
1920 2502 2057 2557 alle-

423 2597 690 2670 gavimus
711 2595 1065 2664 testimonia,
1098 2610 1163 2649 ac
1195 2592 1378 2648 multo
1411 2592 1578 2664 plura
1616 2598 1822 2664 praesto
1874 2591 2061 2646 forent

421 2686 482 2741 in
513 2685 730 2756 quibus
785 2698 1124 2755 expressum
1180 2686 1291 2746 est,
1354 2681 1624 2751 Spiritum
1670 2686 1920 2735 sanctum
1947 2695 2058 2734 esse

421 2792 454 2830 α
484 2775 648 2845 Filio,
703 2777 760 2830 et
807 2772 1026 2843 prodire
1069 2786 1170 2841 per
1224 2771 1401 2841 ipsum
1427 2795 1440 2836 ;
1471 2769 1557 2823 vel
1589 2769 1655 2824 ab
1684 2777 1912 2840 utroque
1940 2783 2059 2839 pro-

419 2863 604 2920 cedere
658 2865 834 2918 Patre
884 2865 933 2916 et
991 2860 1129 2915 Filio
1148 2876 1168 2920 ,·
1210 2858 1298 2913 vel
1328 2858 1764 2913 substantialiter
1782 2857 2058 2911 exa'nbo-

422 2954 518 3007 bus
537 2967 668 3022 esse,
722 2950 778 3005 id
818 2954 894 3006 est
951 2965 1019 3004 ea:
1073 2949 1244 3004 Patre
1297 2963 1394 3017 per
1430 2947 1633 3000 Filium
1652 2945 1925 3018 pro/undi
1970 2949 2060 3000 Pe-

419 3041 640 3096 tavium
697 3038 934 3095 consule
990 3036 1137 3092 libro
1189 3053 1266 3090 vn
1318 3036 1393 3090 De
1458 3036 1741 3100 Trinitate,
1783 3035 1970 3106 capite
1994 3035 2057 3087 18

420 3129 834 3276 nulﬁisandem
864 3217 1057 3281 verba,
1089 3230 1192 3285 per
1236 3215 1472 3279 Filium,
1533 3214 1602 3268 ad
1658 3217 1930 3267 aeternam
1991 3227 2056 3266 ac

2176 643 2297 696 nim
2330 642 2376 695 si
2409 659 2533 696 cum
2567 643 2714 698 Filio
2768 643 3025 713 procedit
3081 642 3333 713 Spiritus
3375 647 3640 709 sanctus,
3698 643 3820 698 fieri

2174 732 2397 801 nequit,
2424 735 2487 784 ut
2519 730 2696 785 Filius
2729 746 2956 801 quoque
3007 731 3323 802 procedens
3372 748 3485 786 non
3509 731 3608 799 sit,
3641 736 3698 786 et
3727 732 3819 786 di-

2174 825 2379 874 catur:
2411 818 2585 873 veluti
2619 820 2665 873 si
2726 821 2857 890 quis
2907 821 3110 874 Filium
3159 823 3414 890 generari
3441 837 3567 875 cum
3603 821 3818 892 Spiritu

2174 908 2408 962 diceret.
2442 908 2714 978 Spiritum
2744 910 2925 978 ipsum
2950 910 3221 981 generari
3247 914 3305 964 et
3336 909 3583 980 intelligi
3617 915 3672 964 et
3705 910 3816 965 dici

2173 997 2560 1052 conﬁrmaret.
2596 1019 2623 1044 ››
2683 996 2813 1051 Vim
2883 997 3350 1068 praepositionem
3405 998 3667 1052 duarum
3729 993 3817 1050 διὰ

2170 1100 2286 1154 per,
2319 1090 2375 1139 et
2405 1081 2453 1154 ἐξ
2486 1086 2572 1139 vel
2631 1083 2680 1136 ἐν
2736 1101 2807 1140 ex
2862 1085 3227 1156 amplissime
3257 1085 3514 1142 declarat
3545 1086 3814 1142 Petavius

2172 1174 2345 1230 citato
2376 1173 2524 1228 libro
2553 1191 2652 1240 vn,
2689 1176 2874 1245 capite
2907 1177 2994 1228 17.
3027 1191 3061 1230 a
3091 1191 3254 1230 num.
3284 1175 3343 1234 2.

2243 1263 2320 1316 Ad
2383 1262 2537 1316 hunc
2567 1263 2748 1334 redigi
2807 1263 2998 1318 locum
3062 1267 3250 1334 potest
3307 1263 3596 1319 Gabrielis
3625 1264 3814 1320 Severi

2170 1349 2697 1422 Philadelphiensis
2726 1351 2997 1422 objectio,
3021 1368 3148 1423 qua:
3180 1352 3674 1423 praetermittenda
3696 1370 3809 1409 non

2168 1444 2278 1494 est.
2340 1463 2367 1488 «
2401 1440 2460 1494 Si
2489 1455 2588 1510 per
2618 1439 2949 1511 praepositio
2999 1440 3236 1512 (inquit)
3292 1441 3555 1496 eamdem
3611 1442 3728 1496 vim
3759 1446 3816 1498 et

2170 1527 2606 1599 signiﬁcantum
2641 1529 2880 1584 haberet
2936 1529 2993 1583 in
3029 1529 3241 1584 divinis
3292 1531 3577 1601 personis,
3637 1547 3812 1602 quam

2169 1615 2342 1671 habet
2371 1633 2457 1680 ex,
2492 1617 2782 1672 diceretur
2811 1617 3067 1688 Spiritus
3127 1624 3369 1672 sanctus
3411 1634 3508 1689 per
3566 1625 3810 1684 Patrem,

2168 1708 2226 1758 et
2254 1719 2324 1758 ex
2351 1706 2489 1759 Filio
2519 1706 2860 1774 procedere:
2895 1706 2993 1760 sed
3027 1705 3135 1760 hoc
3166 1723 3468 1776 nunquam
3513 1708 3808 1778 apparuit,

2169 1809 2356 1864 neque
2389 1793 2670 1848 auditum
2702 1798 2810 1859 est,
2845 1809 3032 1866 neque
3063 1811 3098 1849 a
3127 1794 3322 1849 divina
3349 1795 3670 1866 Scriptura,
3720 1812 3814 1852 ne-

2170 1897 2284 1952 que
2318 1899 2352 1936 a
2381 1882 2608 1955 sanctis
2638 1883 2932 1938 Patribus.
2974 1883 3282 1954 Propterea
3311 1900 3426 1954 per,
3485 1884 3811 1956 prepositio

2172 1970 2228 2024 in
2254 1971 2470 2026 divinis
2493 1971 2756 2041 personis
2775 1988 2888 2026 non
2912 1971 3086 2026 habet
3106 1972 3376 2028 eumdem
3399 1972 3810 2044 signiﬁcatum,

2169 2063 2227 2114 et
2257 2059 2408 2114 vires
2441 2076 2586 2130 quas
2619 2059 2799 2115 habet
2831 2061 3141 2132 praeposito
3161 2077 3266 2127 ex;
3325 2062 3428 2116 sed
3485 2078 3700 2133 magna
3727 2067 3814 2118 est

2170 2164 2368 2202 mrum
2399 2148 2743 2216 diil‘erentia,
2781 2172 2808 2197 ››
2854 2151 2933 2204 Ex
2988 2150 3243 2221 Josepho
3303 2150 3529 2206 Brienio
3587 2152 3812 2208 desum-

2170 2247 2266 2307 pla
2297 2237 2416 2291 haec
2447 2243 2584 2292 sunt
2633 2238 2689 2292 in
2747 2237 3007 2292 oratione
3040 2239 3104 2290 10
3133 2239 3203 2292 de
3260 2240 3560 2296 Trinitate.
3623 2246 3812 2296 Lucu-

2172 2324 2502 2380 lentissime
2561 2326 2944 2396 objectionem
3005 2326 3272 2381 convellit
3331 2328 3441 2383 Leo
3473 2328 3722 2385 Allatius
3753 2329 3808 2384 in

2185 2413 2451 2468 Vindiciis
2477 2415 2769 2485 Ephesius?
2797 2414 3010 2486 synodi,
3051 2415 3237 2486 capite
3262 2417 3352 2470 64.

2241 2503 2368 2557 Haec
2421 2504 2646 2573 profero
2698 2521 2902 2575 pauca.
2962 2510 3043 2558 Ac
3100 2504 3288 2575 primo
3345 2506 3809 2578 prmpositionem

2164 2608 2262 2662 per
2288 2591 2479 2646 locum
2515 2593 2727 2647 habere
2759 2593 2815 2646 in
2850 2593 3015 2647 Patre
3042 2598 3100 2647 et
3161 2593 3321 2658 Filio,
3380 2611 3445 2649 ac
3505 2595 3810 2667 utriusque

2167 2679 2282 2734 vim
2310 2680 2579 2744 activam,
2641 2686 2743 2734 aut
2781 2681 3153 2736 efﬁcientiam
3187 2682 3533 2754 signiﬁcare,
3588 2685 3809 2740 caeteris

2169 2767 2428 2838 antiquis
2475 2768 2744 2823 Patribus
2794 2767 3090 2823 brevitatis
3120 2785 3295 2824 causa
3324 2771 3584 2838 omissis,
3628 2773 3809 2828 diser-

2169 2857 2396 2911 tissime
2447 2856 2613 2910 docet
2674 2855 2917 2928 Cyrillus
3003 2857 3442 2924 Alexandrinus,
3504 2860 3698 2916 libroi
3750 2862 3807 2916 in

2167 2945 2409 3001 Joannis
2438 2945 2830 3016 Evangelium.
2865 2947 3054 3016 capite
3083 2963 3154 3014 v;
3201 2949 3273 3002 ad
3330 2947 3428 3002 illa
3456 2950 3650 3020 verba,
3685 2950 3807 3005 0m-

2168 3037 2265 3089 nia
2315 3051 2414 3105 per
2461 3037 2663 3105 ipsum,
2733 3030 2801 3086 δι’
2875 3033 3037 3087 αὐτοῦ
3089 3038 3235 3105 facta
3315 3046 3460 3107 sunt,
3546 3037 3629 3092 sic
3686 3038 3804 3094 ait:

2172 3151 2198 3173 ιι
2230 3123 2388 3186 Quod
2422 3124 2470 3177 si
2518 3123 2848 3178 existiment
2895 3123 3041 3179 illud
3073 3120 3143 3176 δι’
3173 3124 3233 3177 οὗ
3287 3143 3388 3196 per
3433 3143 3592 3198 quem
3620 3129 3691 3182 de
3719 3130 3808 3184 Fi-

2171 3213 2248 3266 lio
2279 3212 2523 3281 dictum,
2557 3213 2946 3267 substantiam
2979 3213 3107 3282 ejus
3130 3214 3201 3268 de
3221 3213 3547 3285 aequalitate
3590 3220 3645 3270 et
3703 3233 3804 3272 na-

423 3306 868 3364 substantialem
919 3303 1100 3359 sancti
1147 3302 1398 3373 Spiritus
1457 3302 1770 3356 referentes
1827 3318 2056 3372 proces-
2088 3284 2130 3351 C
2171 3300 2344 3355 turali
2377 3300 2761 3355 similitudine
2792 3318 2925 3356 cum
2960 3302 3121 3356 Patre
3151 3284 3397 3372 dejicere
3418 3321 3438 3364 ;
3471 3305 3551 3359 ita
3608 3309 3671 3359 ut
3699 3307 3806 3360 mi-

422 3397 668 3466 sionem,
695 3396 778 3450 ita
805 3391 1103 3448 nonnullis
1153 3407 1221 3446 ea
1251 3390 1576 3462 intelligere
1632 3389 1851 3461 placuit
1907 3406 1971 3444 ac
2001 3389 2051 3444 si

420 3486 574 3541 idem
629 3485 989 3548 denotarent,
1041 3485 1212 3551 atque
1241 3481 1429 3548 simul,
1462 3496 1562 3534 seu
1593 3496 1703 3533 una
1731 3479 1899 3533 simul
1927 3495 2052 3533 cum

420 3576 586 3630 Filio.
637 3571 981 3627 Errantibus
1043 3568 1201 3623 hisce
1259 3568 1502 3639 Cyprius
1560 3568 1682 3638 ipse
1739 3566 2051 3638 Gregorius

419 3661 693 3733 opposuit
749 3677 875 3715 sese
906 3658 963 3712 in
1002 3657 1277 3729 Apologia,
1313 3671 1489 3726 quam
1521 3655 1924 3710 recensuimus
1955 3671 2049 3709 ca-

420 3751 539 3823 pite
567 3751 621 3813 8,
654 3765 815 3803 num.
846 3747 898 3802 4.
925 3745 1455 3815 interpretationem
1500 3744 1712 3798 evincit
1753 3760 2051 3798 commen-

419 3839 607 3894 titiam
655 3838 906 3892 Joannes
964 3835 1180 3889 Beccus
1224 3832 1369 3887 libro
1398 3849 1470 3899 ιν,
1503 3832 1573 3886 ad
1607 3831 2048 3886 Constantinum

420 3943 582 3983 num.
616 3927 668 3981 4.
701 3947 729 3975 ‹‹
783 3924 1043 3994 Namque
1103 3922 1151 3976 si
1176 3938 1276 3992 per
1307 3923 1514 3975 Filium
1543 3922 1846 3992 procedere
1873 3920 2051 3992 Spiri-

417 4021 546 4072 tum
597 4019 885 4080 sanctum,
919 4011 1072 4067 idem
1129 4011 1204 4066 sit
1258 4027 1324 4065 ac
1377 4011 1542 4064 simul
1595 4025 1722 4066 cum
1750 4011 1886 4064 Filio
1920 4027 2050 4080 pro-

419 4105 618 4161 cedere
647 4103 840 4174 ipsum
873 4119 906 4156 a
938 4102 1132 4166 Patre;
1164 4117 1280 4171 qua
1319 4101 1538 4154 ratione
1595 4099 1654 4152 in
1715 4097 1872 4152 illius
1920 4115 2050 4169 pro-

419 4192 684 4249 cessione
714 4190 894 4246 Filius
929 4194 1118 4260 partes
1166 4188 1342 4243 habet
1365 4187 1412 4241 ?.
1451 4231 1463 4242 .
1500 4230 1512 4242 .
1574 4188 1847 4250 Quisnam
1909 4187 2050 4240 artis

417 4280 810 4355 grammaticae
843 4277 1071 4334 curiosa
1114 4276 1408 4348 indagatio
1466 4275 1823 4347 (firmaverit)
1850 4291 2050 4330 earum

418 4369 897 4443 praepositionum
926 4365 1495 4436 transumptionem?
1541 4363 1774 4421 Nullum
1808 4364 2052 4433 hujusce

414 4459 498 4513 rei
530 4459 680 4530 apud
709 4458 967 4530 profanos
998 4453 1237 4526 reperiri
1296 4453 1504 4524 poterit
1560 4469 1821 4524 unquam
1867 4469 2052 4507 exem-

417 4547 616 4620 plum:
650 4547 749 4604 sed
781 4561 886 4600 nec
914 4543 1068 4616 apud
1098 4559 1222 4609 nos,
1272 4541 1371 4613 qui
1422 4541 1762 4596 diviniorem
1795 4541 2050 4612 philoso-

2161 3391 2332 3444 nister
2363 3389 2438 3442 sit
2487 3389 2701 3460 potius,
2759 3407 2937 3460 quam
2995 3400 3242 3446 creator:
3288 3392 3391 3446 .'ad
3449 3409 3512 3448 se
3569 3395 3809 3450 redeant

2162 3479 2372 3542 insani,
2406 3483 2463 3532 et
2495 3477 2553 3531 in
2586 3478 2841 3532 medium
2903 3480 3184 3550 prodeant
3213 3481 3382 3536 nobis
3441 3483 3799 3554 responsuri,

2161 3566 2442 3636 quidnam
2476 3566 2546 3620 de
2565 3567 2681 3637 ipso
2709 3568 2874 3621 Patre
2921 3568 3157 3623 tandem
3215 3569 3526 3641 cogitaturi
3588 3572 3803 3643 simus,

2161 3661 2218 3708 et
2251 3671 2565 3725 quemnam
2599 3655 2791 3726 ipsum
2823 3655 3214 3725 suspicaturi;
3247 3673 3381 3712 cum
3412 3663 3604 3728 pateat
3635 3661 3811 3716 verba

2162 3742 2280 3808 illa,
2312 3758 2410 3812 per
2439 3759 2617 3812 quem,
2652 3742 2762 3813 ipsi
2787 3743 2961 3797 etiam
2992 3744 3190 3814 (Patri)
3217 3762 3250 3799 a
3281 3746 3583 3818 Scriptura
3612 3748 3810 3804 divina

2160 3830 2610 3885 accommodari.
2667 3831 2862 3886 Fidelis
2917 3834 3068 3886 enim
3094 3833 3234 3888 Deus
3288 3834 3502 3907 (inquit
3531 3840 3553 3888 Ι
3584 3839 3707 3892 Cor.
3745 3837 3807 3906 ι).

2161 3915 2228 3972 δι’
2261 3918 2343 3988 οὗ,
2399 3936 2497 3989 per
2545 3936 2704 3990 quem
2732 3923 2904 3975 vocati
2926 3923 3042 3975 istis
3075 3924 3134 3976 in
3159 3923 3472 3978 societatem
3502 3924 3638 3979 Filii
3669 3927 3806 3997 ejus.

2161 4009 2227 4063 Et
2256 4009 2349 4080 (ad
2413 4009 2618 4079 Ephes.
2654 4010 2715 4074 ι.)
2747 4005 2834 4060 διὰ
2893 4007 3202 4080 θελήματος
3234 4015 3388 4081 Θεοῦ,
3433 4029 3535 4084 per
3553 4015 3808 4069 volunta-

2159 4107 2267 4152 tem
2292 4100 2424 4168 ejus.
2489 4103 2554 4150 Et
2611 4099 2699 4167 (ad
2734 4098 2920 4152 Gala't.
2956 4104 3030 4169 ιν)
3088 4102 3273 4170 Itaque
3284 4101 3406 4170 jam
3437 4118 3545 4157 non
3580 4108 3660 4158 est
3688 4119 3809 4158 ser-

2159 4187 2391 4248 vus.sed
2420 4186 2607 4254 ﬁlius:
2638 4187 2779 4257 quod
2832 4189 2881 4241 si
2936 4188 3106 4257 ﬁlius,
3163 4193 3217 4243 et
3268 4188 3445 4246 haeres
3497 4185 3584 4243 διὰ
3642 4194 3802 4263 Θεοῦ,

2156 4291 2253 4346 per
2282 4277 2468 4330 Deum.
2494 4275 2704 4330 Omnia
2733 4275 2951 4347 quippe
3004 4275 3121 4330 haec
3176 4277 3511 4333 referuntur
3569 4280 3639 4334 ad
3675 4297 3806 4352 per-

2159 4380 2364 4418 sonam
2425 4363 2524 4419 Dei
2583 4381 2648 4418 ac
2708 4365 2930 4418 Patris:
2983 4381 3172 4436 neque
3203 4382 3344 4422 sane
3374 4383 3439 4422 eo
3500 4367 3806 4424 dementiae

2160 4453 2472 4523 quisquam
2530 4453 2770 4514 venerit.
2830 4458 2893 4507 ut
2964 4456 3396 4510 ministrateonis
3453 4473 3685 4511 nomen.
3748 4462 3808 4513 et

2159 4557 2279 4596 rem
2311 4542 2484 4596 etiam
2517 4542 2587 4596 de
2617 4542 2746 4612 ipsa
2778 4544 2877 4596 Dei
2906 4551 2957 4597 et
2987 4546 3170 4598 Patris
3224 4545 3525 4614 majestate
3566 4562 3809 4602 consen-

419 4636 616 4709 phiam
649 4636 914 4703 colimus,
946 4631 1100 4688 ullus
1131 4635 1221 4687 est
1250 4630 1349 4701 qui
1382 4629 1507 4685 loco
1533 4629 1712 4696 illius,
1746 4646 1886 4700 cum,
1915 4647 2052 4701 prze-
2083 4651 2127 4714 D
2162 4634 2330 4714 tance
2360 4630 2470 4684 dici
2503 4630 2679 4697 velit;
2715 4648 2777 4685 ex
2810 4646 2874 4685 eo
2907 4633 3060 4702 quod
3091 4631 3265 4687 etiam
3292 4631 3578 4704 illud,per
3622 4650 3808 4707 quem,

418 4725 762 4796 positionem
827 4737 928 4794 per
1007 4720 1189 4791 accipi
1265 4719 1493 4785 tradat;
1553 4718 2050 4789 quemadmodum
2084 4713 2109 4714 ᾗ
2159 4713 2228 4769 δι’
2259 4714 2340 4785 οὗ,
2402 4719 2471 4774 de
2501 4719 2627 4789 ipso
2678 4719 2898 4774 dictum
2929 4725 3051 4776 est:
3093 4744 3111 4769 α

417 4812 470 4882 (e
501 4815 722 4880 contra)
751 4827 820 4866 ex
847 4814 904 4865 et
943 4826 1040 4880 per
1093 4809 1245 4879 apud
1306 4806 1606 4874 Basiliam,
1666 4806 1964 4877 Cyrillum,
1996 4811 2052 4862 et

417 4900 759 4971 Gregorium
807 4898 1154 4970 Nyssenum,
1185 4913 1428 4968 magnos
1458 4896 1694 4967 quidem
1721 4896 1893 4962 viros,
1926 4913 2048 4950 mu-

417 4993 582 5043 tuam
615 4987 788 5042 unius
823 5003 922 5057 pro
947 4986 1060 5040 alia
1090 4987 1480 5056 acceptionem
1517 4984 1791 5040 invenies.
1828 4987 1882 5039 Id
1917 5001 2047 5040 vero

419 5077 804 5133 concedatur:
854 5075 933 5145 (in
991 5073 1342 5129 catholicum
1405 5075 1619 5145 dogma
1667 5073 2049 5128 nihilominus

419 5163 731 5220 concedere
787 5163 1144 5218 adversarios
1202 5162 1478 5234 oportet),
1534 5161 1798 5232 Namque
1850 5161 2044 5231 dictio,

416 5253 720 5308 Productor
747 5268 842 5322 per
877 5251 1121 5322 Verbum,
1159 5253 1326 5320 cujus
1373 5249 1603 5305 divinus
1652 5249 2048 5305 Damascenus

418 5345 619 5396 auctor
648 5343 758 5407 est,
786 5355 1003 5394 causam
1034 5339 1141 5394 hac
1188 5339 1410 5394 ratione
1466 5354 1592 5395 cum
1637 5339 1775 5393 Filio
1823 5343 2049 5394 Patrem

416 5427 790 5500 comprobat:
870 5432 1128 5498 adeoque
1213 5427 1669 5498 comprobaverit
1750 5430 1957 5492 Patris,
1997 5437 2050 5483 et

413 5519 548 5573 Filii
577 5518 834 5573 unionem
857 5517 917 5570 in
943 5532 1110 5570 causa
1139 5515 1392 5586 Spiritus.
1421 5516 1560 5570 Hinc
1590 5532 1721 5570 vero
1752 5515 2050 5586 (praedicta

417 5608 564 5662 131
603 5623 715 5661 non
749 5605 1006 5659 admissa
1038 5605 1244 5669 Patris,
1276 5609 1332 5658 et
1365 5604 1491 5659 Filii
1542 5605 1752 5660 unione
1784 5605 1839 5658 in
1873 5622 2048 5660 causa

417 5694 669 5770 Spiritus
718 5693 948 5766 sancti),
1007 5693 1328 5753 absurdum
1390 5697 1728 5766 sequeretur
1781 5694 2044 5751 omnium

3170 4723 3321 4776 Vides
3346 4724 3682 4793 particulam
3704 4740 3808 4795 per

2160 4807 2357 4882 (verba
2411 4813 2550 4862 sunt
2607 4807 2844 4879 Allatii),
2902 4809 3007 4864 Deo
3051 4811 3220 4877 patri,
3250 4815 3302 4866 et
3325 4827 3434 4866 non
3465 4816 3678 4867 tantum
3707 4815 3806 4868 Fi-

2159 4896 2231 4950 lio
2283 4897 2645 4952 attributam:
2735 4913 2906 4969 neque
2963 4897 3078 4953 ideo
3135 4916 3169 4952 a
3225 4901 3478 4955 naturali
3533 4901 3805 4968 dignitate

2156 4986 2373 5039 Patrem
2404 4985 2668 5040 decidere.
2703 4986 3032 5042 Dicet132
3083 4986 3329 5052 Severus,
3390 4989 3506 5045 haec
3560 4989 3624 5044 de
3679 5005 3805 5060 ope-

2157 5073 2462 5128 rationibus
2493 5073 2560 5128 ad
2594 5078 2750 5130 extra
2779 5077 3152 5144 pronuntiari.
3189 5076 3328 5143 Quid
3378 5081 3494 5131 tum
3519 5076 3546 5130 ‘t
3595 5081 3806 5147 Ergone

2156 5166 2275 5217 tum
2306 5168 2468 5217 Pater
2495 5165 2721 5228 amittit,
2754 5167 2816 5217 ut
2839 5165 2890 5218 si
2916 5166 3101 5234 prima
3155 5174 3209 5220 et
3265 5166 3465 5236 absque
3524 5167 3804 5238 principio

2154 5266 2322 5304 causa
2353 5267 2558 5314 rerum,
2591 5249 2720 5305 adeo
2741 5254 2799 5304 ut
2828 5267 2937 5305 non
2963 5252 3127 5321 possit
3154 5252 3219 5306 de
3248 5251 3348 5307 illo
3398 5252 3694 5323 sfﬁrmari,
3727 5268 3800 5307 ex

2160 5342 2288 5408 Deo,
2316 5343 2366 5393 et
2386 5356 2456 5394 ea:
2481 5344 2646 5394 Patre
2669 5339 2920 5394 ‘tMinime
2956 5343 3221 5408 gentium.
3273 5345 3414 5397 Nam
3471 5344 3634 5396 etiam
3682 5346 3802 5396 tum

2156 5429 2246 5482 illi
2266 5445 2374 5482 non
2408 5431 2587 5483 minus
2615 5430 2864 5484 convenit
2886 5431 3223 5501 prwpositio,
3267 5447 3355 5486 ex.
3388 5429 3531 5485 Illud
3586 5438 3803 5485 tantum

2153 5517 2512 5582 concluditur,
2569 5519 2626 5572 in
2685 5517 2890 5573 divinis
2949 5521 3210 5589 personis
3296 5519 3540 5574 eumdem
3596 5519 3805 5576 habere

2154 5607 2544 5676 significatum,
2603 5615 2654 5662 et
2707 5607 2890 5663 eadem
2940 5608 3067 5674 vim,
3128 5609 3317 5664 ambas
3371 5610 3528 5665 hasce
3585 5625 3794 5686 praepo-

2154 5697 2373 5752 sitiones
2404 5711 2473 5751 ex
2502 5700 2555 5752 et
2582 5712 2702 5768 per.
