4094 6474
202 441 312 500 13Ἷ

1452 437 1662 501 VlTA.
1695 471 1772 482 —
1801 436 2316 500 DlSSEttTATIO
2361 437 2410 499 Ι.

3519 438 3632 498 138

274 563 477 630 Quid?
505 564 667 634 quod
700 565 775 620 de
807 564 939 636 ipsa
967 562 1217 636 Cyrillus
1246 567 1479 632 aeterna,
1509 579 1574 618 ac
1600 562 1872 618 substan-
1904 561 1957 627 Α
1988 570 2036 616 et
2089 565 2226 619 actio
2281 563 2578 634 aliquando
2644 564 2754 618 sibi
2808 578 3003 618 nomen
3069 563 3276 631 agentis
3341 559 3636 615 adsciscere

209 652 335 707 tiali
382 668 562 725 agens
614 652 1016 725 processione,
1067 652 1346 725 Spiritum
1397 659 1667 709 sanctum
1717 667 1879 724 aeque

217 758 316 813 per
368 743 612 807 Patrem,
665 758 879 814 perque
925 742 1136 798 Filium
1181 741 1520 814 procedere,
1563 757 1668 795 nos
1716 741 1882 794 docet

223 831 287 886 de
315 836 457 886 recta
485 831 588 899 ﬁde
621 831 703 886 ad
731 833 984 900 reginas,
1010 835 1167 886 tomo
1199 830 1268 895 V,
1297 835 1455 902 parte
1485 847 1547 895 II,
1581 846 1712 901 pag.
1738 831 1875 884 172:

227 943 254 967 «τ
288 921 416 992 Ipsa
461 921 779 976 vivificatio
826 919 1166 991 (inquiens),
1210 920 1299 975 vel
1343 918 1719 974 exsuscitatio
1768 934 1882 971 non

225 1010 294 1062 ad
355 1010 545 1081 ipsam
603 1010 875 1081 corporis
942 1014 1242 1074 naturam,
1302 1009 1436 1063 licet
1495 1007 1638 1062 illud
1695 1006 1883 1060 Verbo

225 1113 291 1152 ex
333 1101 445 1152 Deo
489 1098 694 1170 genito
749 1097 1056 1169 proprium
1104 1097 1404 1166 exstiterit,
1438 1097 1537 1152 sed
1589 1096 1782 1168 potius
1812 1094 1884 1149 ad

224 1202 556 1256 supremam
607 1185 776 1241 illam
827 1187 1126 1253 virtutem,
1160 1186 1268 1240 hoc
1299 1190 1388 1241 est
1435 1202 1564 1240 eam
1613 1190 1885 1240 naturam

211 1291 346 1362 jure
399 1274 610 1330 merito
669 1275 980 1330 referenda
1034 1279 1142 1337 est,
1186 1291 1313 1347 quae
1370 1291 1604 1330 omnem
1663 1273 1888 1330 excedit

217 1368 569 1431 creaturam,
621 1363 779 1419 sicut
837 1364 897 1418 in
957 1379 1207 1435 persona
1262 1363 1360 1418 Dei
1418 1363 1624 1431 Patris,
1657 1379 1726 1418 ex
1773 1378 1887 1433 quo

215 1452 448 1528 πέφηνεν
490 1453 697 1524 prodit
758 1451 942 1508 Filius
997 1468 1102 1523 per
1158 1452 1354 1508 omnia
1401 1451 1488 1506 illi
1539 1450 1800 1524 aqualis,
1831 1454 1889 1504 et

215 1539 747 1596 consubstantialis
793 1557 809 1595 :
872 1537 1089 1614 Πρόεισι
1141 1536 1198 1593 δὲ
1245 1535 1312 1592 δι’
1361 1541 1588 1616 ἀμφοῖν,
1644 1538 1888 1611 procedit

214 1634 394 1685 autem
439 1647 550 1702 per
599 1634 864 1703 utrosque
893 1635 950 1685 et
980 1630 1241 1686 vivilicus
1273 1645 1507 1702 quoque
1555 1629 1830 1701 Spiritus.
1859 1650 1883 1676 ι)

220 1721 533 1791 Perspicue
580 1723 771 1792 patet,
816 1718 1287 1792 praepositionem
1331 1735 1431 1790 per
1478 1719 1888 1775 accommoda-

222 1813 334 1862 tam
367 1808 552 1876 Patri,
587 1808 869 1863 eumdem
904 1807 1119 1863 habere
1150 1808 1545 1880 significatum
1577 1824 1713 1862 cum
1744 1823 1888 1879 prae-

227 1897 511 1993 positione
559 1913 634 1952 ea:
665 1915 684 1951 :
719 1896 1111 1993 eamdemque
1155 1895 1387 1993 in_l_oco
1437 1895 1630 1967 Cyrilli
1677 1895 1891 1952 habere
1919 1927 1967 1993 Β

229 1985 630 2057 signiﬁcatum
666 1986 1177 2040 accommodatam
1211 1985 1376 2042 Filio.

292 2076 406 2130 Cur
436 2089 580 2148 ergo
609 2091 730 2129 non
774 2073 968 2129 dixere
1014 2073 1213 2130 Patres
1260 2091 1358 2146 per
1401 2075 1622 2130 Patrem
1653 2090 1722 2130 ea:
1750 2073 1892 2128 Filio

230 2163 549 2233 Spiritum?
604 2162 690 2217 Ne
731 2161 957 2217 scilicet
1005 2163 1214 2218 medius
1259 2165 1425 2218 Pater
1478 2163 1628 2218 inter
1682 2161 1892 2218 Filium

231 2251 678 2322 intelligeretur,
729 2255 787 2305 et
831 2249 1109 2322 Spiritum
1161 2256 1432 2307 sanctum
1467 2269 1478 2307 :
1514 2252 1892 2323 quemadmo-

231 2340 362 2394 dum
411 2341 572 2395 inter
623 2340 855 2395 Patrem
914 2344 971 2394 et
1015 2338 1293 2411 Spiritum
1344 2345 1616 2396 sanctum
1675 2340 1891 2396 medius

236 2435 312 2482 est
337 2429 560 2489 Filius;
589 2428 750 2484 unde
793 2443 892 2498 per
936 2429 1115 2499 ipsum
1165 2429 1476 2499 procedere
1506 2446 1577 2484 ex
1604 2430 1772 2484 Patre
1801 2429 1894 2483 di-

239 2517 378 2571 citur
428 2515 700 2588 Spiritus
758 2521 1022 2572 sanctus.
1083 2517 1380 2590 Insignem
1439 2517 1627 2574 recole
1683 2517 1895 2574 doctri-

245 2621 363 2660 nam
415 2605 690 2677 Gregorii
731 2605 977 2677 Nysseni
1031 2606 1092 2662 in
1142 2606 1398 2678 Epistola
1445 2607 1518 2662 ad
1564 2606 1894 2672 Ablavium,

246 2694 419 2766 capite
447 2696 506 2762 5,
556 2710 726 2748 num.
779 2693 853 2748 ΙΙΙ
904 2695 979 2765 (5)
1028 2694 1387 2750 illustratam
1433 2711 1447 2750 :
1499 2696 1778 2751 nimirum
1835 2695 1895 2750 in

241 2782 346 2838 Deo
387 2785 555 2838 aliud
597 2798 713 2838 esse
759 2799 1002 2849 causam,
1031 2787 1084 2839 et
1112 2783 1269 2838 aliud
1297 2800 1368 2839 ea:
1394 2800 1559 2840 causa
1589 2803 1608 2838 :
1638 2788 1688 2841 et
1730 2785 1789 2839 in
1837 2800 1896 2840 eo

238 2872 367 2941 quod
396 2888 470 2926 ex
497 2887 689 2941 causa,
723 2870 883 2926 aliud
912 2887 1026 2926 esse
1065 2873 1208 2926 citra
1239 2872 1486 2928 medium
1513 2891 1586 2928 ex
1608 2875 1814 2945 primo,
1847 2877 1899 2928 et

235 2961 384 3014 alim!
414 2976 536 3016 esse
559 2976 666 3032 per
713 2959 770 3013 id
817 2959 956 3030 quod
1003 2961 1148 3016 citra
1197 2961 1438 3017 medium
1478 2979 1548 3017 ex
1589 2965 1770 3034 primo
1796 2970 1895 3018 est.

235 3049 387 3105 Adde
420 3049 617 3104 sancti
659 3047 896 3103 Thomas
929 3049 1142 3120 saepius
1175 3055 1496 3107 memorata
1525 3051 1894 3123 documenta,

237 3139 520 3194 tradentis
549 3136 799 3192 :Habito
831 3142 1094 3208 respectu
1130 3139 1201 3194 ad
1232 3138 1586 3211 principium
1618 3140 1894 3209 activum,

238 3227 346 3283 sive
409 3228 487 3282 ad
549 3227 827 3281 virtutem
888 3226 1183 3298 spirandi,
1243 3229 1558 3284 immediate
1612 3228 1896 3300 Spiritum

1989 651 2222 722 videtur,
2268 656 2327 707 ut
2373 651 2509 708 solis
2563 652 2822 724 splendor
2876 659 2972 706 aut
3027 651 3210 706 lumen
3264 665 3636 720 saepenumero

1988 741 2144 796 solis.

2064 830 2315 900 Impium
2356 832 2513 886 istud
2563 834 2959 886 commentum
3009 828 3089 883 nil
3137 845 3264 884 esse
3315 828 3496 893 aliud,
3525 826 3638 882 nisi

1993 919 2419 990 praeformatam
2469 920 2727 991 Gregorii
2781 920 3023 974 Palamze
3072 918 3362 982 hseresim,
3396 919 3636 972 adnota-

1990 1007 2183 1061 vimus
2212 1007 2387 1062 citato
2418 1008 2605 1078 capite
2647 1008 2700 1072 8,
2737 1024 2899 1062 num.
2931 1009 2967 1060 2
2995 1011 3051 1061 et
3078 1008 3130 1060 3.
3168 1007 3308 1061 Hinc
3339 1023 3496 1060 novze
3530 1005 3640 1059 haz-

1992 1112 2187 1150 reseos
2219 1095 2491 1168 Cyprium
2542 1113 2705 1151 reum
2752 1097 3009 1151 Joannes
3043 1097 3256 1150 Beccus
3305 1095 3636 1150 accusabat.

1993 1184 2123 1256 Ipse
2170 1184 2552 1258 Pachymeres
2606 1185 2839 1240 nomine
2888 1201 2994 1239 suo
3041 1183 3406 1254 aliorumque
3455 1183 3641 1238 schis-

1995 1273 2341 1328 maticorum
2372 1273 2582 1344 aiebat,
2615 1290 2984 1345 nequaquam
3025 1290 3087 1328 se
3129 1289 3328 1344 capere
3358 1273 3499 1344 quid
3531 1271 3643 1327 sibi

1993 1361 2162 1418 vellet
2209 1362 2498 1434 Cyprius:
2535 1363 2965 1434 quaerebatque,
3019 1364 3318 1417 monstrari
3371 1362 3478 1417 sibi
3529 1361 3641 1416 dis-

1994 1453 2202 1506 crimen
2261 1453 2622 1523 processionis
2646 1492 2661 1518 ,
2719 1467 2786 1506 ac
2847 1455 3070 1507 aeternae
3126 1449 3640 1521 explendescentise.

1995 1540 2207 1595 Notum
2265 1541 2499 1612 quippe,
2559 1545 3040 1612 compertumque
3097 1545 3255 1610 erat,
3315 1539 3645 1595 divinarum

1997 1645 2379 1701 personarum
2436 1632 2806 1686 emanationes
2862 1629 2936 1684 ad
2989 1631 3322 1684 exstantiam
3375 1629 3646 1700 frequen-

1998 1717 2116 1773 tius
2145 1717 2423 1789 appellari
2455 1735 2489 1773 a
2517 1718 2790 1773 Patribus
2829 1717 3377 1790 exsplendescentias,
3411 1721 3468 1772 et
3495 1717 3650 1788 efful-

1997 1809 2202 1867 siones;
2233 1811 2434 1879 utpote
2466 1807 2680 1879 quibus
2712 1807 2909 1862 divina
2937 1811 3149 1862 natura
3193 1824 3227 1861 a
3272 1806 3436 1861 Patre
3466 1805 3523 1860 in
3557 1806 3648 1861 Fi-

1999 1893 2166 1966 lium,
2199 1901 2256 1951 et
2284 1913 2317 1951 a
2348 1897 2511 1952 Patre
2552 1896 2814 1968 Filioque
2865 1900 3216 1968 propagetur
3261 1894 3320 1950 in
3364 1895 3648 1966 Spiritum

2001 1988 2290 2040 sanctum.

2070 2073 2140 2128 V.
2172 2073 2416 2130 Joannis
2461 2073 2625 2128 Becci
2682 2073 2945 2129 videlicet
3001 2073 3500 2144 disputationibus
3555 2072 3648 2126 ni-

2002 2161 2189 2217 mium
2236 2179 2476 2233 pressus
2529 2162 2970 2234 exagitatusque
3020 2161 3331 2234 Gregorius
3383 2161 3648 2233 Cyprius,

2002 2267 2177 2306 novas
2244 2251 2492 2305 cudebat
2555 2250 2834 2318 hereses,
2895 2249 3145 2306 alienam
3203 2267 3236 2304 a
3291 2249 3653 2304 confessione

2004 2339 2270 2395 catholici
2300 2339 2590 2411 dogmatis
2621 2344 2877 2395 mentem
2916 2354 3125 2410 gerens
3165 2337 3648 2410 pertinacissime.

2003 2429 2115 2484 Sed
2147 2433 2280 2483 ante
2317 2427 2438 2483 haec
2486 2430 2804 2483 certamina
2851 2427 3150 2483 communi
3181 2427 3512 2483 Graecorum
3561 2443 3649 2482 er-

2005 2517 2121 2573 rori
2171 2517 2500 2572 adhaerebat
2548 2516 2664 2584 ille,
2697 2517 2886 2572 sancti
2916 2517 3170 2588 Spiritus
3219 2515 3650 2588 processionem

2005 2624 2045 2662 a
2104 2607 2264 2672 Filio,
2299 2611 2399 2661 aut
2447 2623 2549 2678 per
2607 2607 2812 2661 Filium
2866 2607 3122 2661 referens
3177 2605 3248 2661 ad
3309 2604 3652 2660 missionem

2004 2695 2407 2768 temporalem,
2435 2712 2613 2767 quam
2639 2699 2841 2766 putam
2875 2711 3202 2766 puramque
3235 2695 3520 2749 donorum
3553 2695 3655 2747 aut

2006 2785 2424 2840 charismatum
2457 2783 2824 2856 largitionem
2854 2783 3237 2855 intelligebat.
3273 2785 3335 2838 In
3365 2799 3430 2838 eo
3461 2784 3654 2837 Antir-

2004 2875 2208 2929 rhetico
2235 2882 2426 2929 contra
2454 2875 2682 2928 Beccum
2709 2888 2979 2946 sermone,
3014 2889 3187 2943 quem
3219 2889 3252 2926 a
3280 2870 3485 2944 Cyprio
3518 2871 3656 2926 scri-

2006 2967 2170 3034 ptum
2222 2961 2402 3018 fuisse
2430 2966 2563 3017 ante
2595 2962 2892 3033 indeptum
2925 2961 3352 3033 patriarchatus
3400 2959 3654 3031 dignita-

2006 3057 2146 3123 tem,
2179 3052 2366 3123 capite
2393 3052 2448 3107 6.
2481 3067 2645 3107 num.
2676 3051 2731 3118 2,
2784 3050 3211 3115 adnotavimus,
3243 3053 3401 3104 totus
3450 3053 3556 3113 est,
3591 3052 3656 3102 ut

2005 3140 2255 3213 Spiritus
2288 3140 2719 3211 processionem
2771 3158 2804 3194 a
2855 3137 3018 3204 Filio,
3049 3138 3138 3194 vel
3186 3153 3288 3210 per
3335 3137 3542 3192 Filium
3592 3137 3652 3192 in

2005 3229 2270 3300 ejusdem
2315 3227 2620 3301 temporali
2669 3229 3128 3299 mani/estatione,
3157 3228 3476 3296 ostensione,
3505 3240 3653 3296 prte-

237 3321 507 3370 sanctum
541 3329 659 3368 esse
686 3330 720 3367 a
748 3314 910 3369 Patre
926 3297 990 3368 et
1018 3331 1052 3368 a
1080 3315 1240 3380 Filio,
1272 3314 1360 3370 vel
1405 3332 1509 3387 per
1552 3297 1848 3388 utrumque
1876 3335 1896 3370 :
1927 3297 1970 3364 (ἶ
2009 3297 2234 3385 bitione,
2267 3334 2333 3373 ac
2361 3297 2621 3373 missione
2668 3297 3012 3384 constituat;
3052 3333 3118 3371 ac
3169 3315 3421 3388 Spiritus
3468 3313 3654 3369 sancti

237 3404 558 3475 habitoque
619 3407 885 3474 respectu
934 3403 1006 3458 ad
1057 3403 1360 3476 supposita
1415 3405 1551 3473 duo,
1604 3407 1787 3460 Patris
1843 3409 1899 3460 et

239 3493 384 3557 Filii,
419 3492 649 3563 quibus
697 3507 813 3546 una
865 3493 1017 3547 inest
1063 3491 1323 3564 spirandi
1373 3493 1577 3561 virtus,
1607 3494 1897 3550 mediatio-

245 3598 358 3636 um
385 3582 591 3637 locum
627 3579 859 3650 habere,
882 3597 1000 3652 qua
1043 3581 1292 3652 Spiritus
1323 3587 1561 3640 sanctus
1591 3585 1899 3655 procedere

247 3671 476 3736 dicitur,
510 3686 634 3725 non
681 3685 752 3724 ex
798 3670 938 3725 Filio
974 3674 1025 3725 et
1061 3671 1248 3741 Patre,
1281 3687 1471 3743 neque
1525 3689 1624 3744 per
1673 3675 1899 3729 Patrem

249 3761 476 3827 critic;
531 3758 638 3815 sed
687 3775 721 3812 a
772 3763 936 3814 Patre
979 3775 1082 3830 per
1106 3761 1329 3829 Filium,
1361 3759 1449 3817 vel
1495 3778 1530 3817 a
1569 3766 1728 3834 patre
1772 3766 1824 3819 et
1866 3780 1901 3818 a

255 3849 401 3904 Filio.

311 3937 400 3992 iV.
435 3937 505 3992 In
539 3951 609 3991 eo
641 3951 756 3990 non
806 3935 966 3991 stetit
1013 3952 1205 3992 errore
1259 3937 1575 4010 Gregorius
1630 3939 1897 4012 Cyprius,

256 4042 352 4095 quo
397 4026 661 4098 Spiritus
721 4025 904 4080 sancti
955 4028 1357 4095 processionem
1408 4045 1510 4099 per
1562 4030 1768 4084 Filium
1827 4031 1898 4084 ad

255 4116 507 4184 ejusdem
563 4113 706 4168 Filii
757 4116 1130 4170 ministerium
1187 4116 1618 4187 quodammodo
1675 4118 1900 4173 instru-

253 4203 497 4259 mentale
521 4202 831 4258 referebat.
861 4204 1089 4258 Invecta
1117 4208 1393 4276 praeterea
1413 4207 1676 4277 ejusdem
1710 4207 1899 4263 sancti

255 4292 500 4363 Spiritus
540 4308 644 4363 per
693 4290 902 4346 Filium
960 4293 1347 4364 processione,
1400 4311 1514 4350 non
1563 4295 1636 4351 ad
1681 4300 1899 4352 exstan-

253 4385 392 4448 tim,
447 4380 553 4437 sed
605 4381 682 4435 ad
726 4383 997 4436 eternam
1050 4383 1623 4454 exsplendescentiam,
1674 4390 1902 4442 sancto-

251 4488 372 4526 rum
428 4471 698 4538 Patrum,
753 4469 1122 4541 maximeque
1176 4471 1418 4527 Joannis
1476 4474 1630 4528 188
1687 4474 1901 4530 Dama-

248 4561 400 4615 κεΒί
461 4559 809 4615 testimonia
855 4559 1366 4632 interpretabatur,
1395 4566 1496 4617 aut
1535 4562 1728 4634 potius
1776 4580 1901 4620 cor-

2007 3424 2219 3462 nomen
2253 3423 2354 3478 pro
2383 3406 2520 3462 dono
2551 3406 2746 3477 eﬂ‘uso,
2773 3423 2874 3478 pro
2915 3407 3101 3476 gratia
3146 3405 3368 3475 donata,
3395 3419 3496 3476 pro
3524 3419 3654 3475 ope-

2005 3498 2224 3551 ratione
2261 3497 2334 3551 ad
2381 3499 2556 3562 extra,
2591 3511 2716 3565 qua:
2765 3494 3146 3550 sanctissimae
3178 3492 3446 3550 Trinitati
3497 3507 3654 3546 com-

2009 3585 2213 3641 munia
2243 3588 2402 3656 sunt,
2434 3584 2839 3656 accipiendum
2873 3584 3135 3639 suadeat.

2080 3673 2333 3745 Hujusce
2389 3672 2592 3728 levitas
2647 3672 3166 3744 interpretationis,
3199 3689 3264 3727 ac
3321 3670 3566 3738 falsitas,
3599 3673 3657 3727 et

2009 3763 2344 3820 absurditas
2373 3761 2461 3818 vel
2511 3762 2625 3833 ipsi
2678 3761 3077 3818 innotescebat
3124 3760 3397 3832 Gregorio
3427 3759 3653 3832 Cyprio,

2009 3853 2110 3925 qui
2133 3852 2295 3908 Becci
2319 3850 2814 3924 disputationibus
2836 3854 3183 3918 coarctatus,
3201 3850 3273 3904 ab
3295 3866 3361 3905 ea
3383 3849 3647 3906 recessit:

2010 3957 2305 4013 novasque
2350 3940 2598 3995 haereses
2640 3939 2917 3995 inducere
2943 3943 3176 3995 coactus
3204 3944 3313 4006 est,
3344 3939 3432 3994 vel
3484 3941 3654 3994 mini-

2008 4033 2165 4086 sterii
2216 4030 2674 4096 instrumentalis,
2707 4029 2861 4100 quod
2912 4029 2972 4082 in
3019 4033 3232 4084 aeterna
3287 4029 3655 4100 processione

2009 4123 2242 4192 praestet
2273 4119 2454 4174 Filius
2479 4137 2491 4174 :
2527 4119 2612 4174 vel
2641 4127 2862 4175 aeterna
2890 4118 3178 4186 cuiusdam
3224 4118 3659 4189 exsplendescen-

2008 4211 2124 4276 tiae,
2185 4225 2217 4263 a
2271 4207 2584 4264 Divinitate
2641 4207 2949 4274 distinctae,
3006 4208 3160 4262 134
3217 4224 3342 4278 quae
3403 4224 3436 4262 a
3491 4206 3654 4274 Filio,

2011 4297 2163 4353 sicut
2214 4314 2248 4352 a
2293 4298 2479 4364 Patre,
2522 4302 2578 4352 et
2631 4313 2664 4351 a
2720 4295 2938 4368 Spiritu
2997 4299 3219 4363 sancto,
3279 4297 3660 4368 producatur.

2012 4387 2236 4442 Primos
2269 4386 2530 4457 ejusdem
2570 4384 3062 4456 interpretationis
3106 4388 3368 4440 auctores
3403 4385 3658 4440 diximus

2011 4475 2442 4542 Monothelita,
2473 4475 2573 4546 qui
2621 4475 2891 4545 Spiritum
2933 4483 3181 4529 sanctum
3227 4490 3295 4529 ex
3337 4480 3503 4530 Patre
3532 4490 3659 4546 pro-

2010 4564 2290 4622 cedentem
2337 4563 2589 4632 aiebant,
2638 4567 2689 4618 et
2728 4580 2831 4634 per
2877 4564 3081 4618 Filium
3128 4564 3435 4628 micantem,
3467 4564 3662 4618 videli-

247 4650 578 4721 rumpebat.
613 4646 807 4702 Verba
843 4648 972 4718 ejus
1019 4663 1089 4703 ex
1137 4653 1290 4705 tomo
1320 4651 1588 4708 dedimus
1636 4653 1824 4724 capite
1848 4655 1904 4723 8;
1938 4661 1985 4725 D
2014 4658 2096 4709 cet
2138 4653 2468 4710 hominibus.
2504 4652 2671 4707 Paria
2717 4652 2892 4707 verba
2942 4656 3256 4707 occurrunt
3300 4651 3360 4706 in
3410 4652 3663 4724 genuina

245 4753 409 4792 num.
461 4740 522 4791 2.
587 4736 656 4792 Si
712 4752 862 4803 vero,
913 4736 1254 4808 inquientis,
1309 4755 1344 4793 a
1395 4756 1609 4796 summo
1665 4742 1910 4810 theologo

243 4827 583 4882 Damasceno
627 4827 946 4896 reperiatur
972 4825 1149 4881 dictus
1199 4831 1366 4883 Pater
1407 4823 1496 4881 διὰ
1543 4827 1722 4902 Λόγου
1771 4849 1906 4904 προ-

247 4908 472 4984 ἂλεῦς,
530 4913 835 4985 productor
888 4931 988 4985 per
1048 4915 1312 4977 Verbum;
1371 4916 1516 4972 haud
1580 4919 1750 4990 plane
1805 4921 1915 4976 ista

251 5006 446 5059 locutio
487 5004 814 5073 signiﬁcare
859 5005 974 5058 vult
1020 5007 1203 5059 sancti
1250 5005 1486 5077 Spiritus
1535 5005 1609 5067 εἷς
1666 5007 1728 5060 τὸ
1782 5009 1912 5062 εἶναι

251 5089 509 5161 23,593.07,
551 5094 952 5162 processionem
999 5092 1059 5146 in
1102 5094 1434 5146 exstantium
1463 5111 1481 5146 :
1511 5094 1606 5150 sed
1636 5092 1710 5153 εἰς
1741 5090 1912 5147 ἀέδιον

627 5183 689 5234 in
756 5183 1023 5234 aeternam
1103 5181 1671 5251 exsplendescentiam.
1758 5184 1918 5239 Hanc

253 5273 468 5327 scilicet
531 5269 886 5341 excogitavit
949 5276 1215 5326 acernam
1278 5272 1828 5342 explendescentiam,
1887 5291 1921 5328 a

257 5360 470 5417 DeEtate
533 5359 881 5414 distinctam
933 5375 947 5413 :
999 5359 1416 5430 eamdemque,
1484 5362 1715 5417 tametsi
1775 5363 1922 5417 foret

263 5451 432 5506 tribus
486 5448 717 5504 divinis
764 5447 1032 5518 personis
1074 5449 1424 5513 communis,
1459 5450 1694 5505 nomine
1741 5451 1920 5523 Spiri-

267 5551 343 5592 Ias
372 5540 563 5596 sancti
600 5535 945 5609 appellabat
979 5554 992 5591 :
1027 5537 1303 5604 Quoniam
1346 5539 1491 5593 nihil
1522 5540 1649 5593 novi
1677 5542 1780 5602 est,
1809 5539 1921 5609 (in-

273 5633 497 5701 quas),
553 5641 741 5700 neque
793 5625 864 5679 ab
922 5641 1029 5679 usu
1077 5624 1496 5696 Scripturarum
1550 5628 1822 5694 alienum,
1872 5629 1926 5684 si

255 5178 406 5254 ἔξω.
417 5202 501 5233 τιν
527 5226 543 5245 ν

277 5722 498 5786 φνάαιε
526 5719 743 5777 donum
792 5716 1073 5787 zquivoce
1118 5714 1358 5786 Spiritus
1403 5721 1626 5774 sanctus
1671 5721 1928 5784 vocetur;

565 5847 845 5912 Panos.
898 5843 1014 5907 Gn.
1065 5841 1299 5906 CXLII.

2020 4740 2279 4813 Gregorii
2327 4739 2810 4796 Neocaesariensis
2859 4739 3015 4794 brevi
3066 4739 3434 4810 Expositione
3479 4738 3662 4794 ﬁdei:

2021 4832 2168 4887 Unus
2195 4830 2434 4901 Spiritus
2480 4832 2718 4896 sanctus,
2752 4844 2820 4882 ex
2864 4828 2968 4882 Deo
3018 4829 3367 4882 existentiam
3414 4827 3615 4882 habens
3646 4845 3665 4879 :

2023 4914 2110 4970 καί
2160 4912 2248 4969 διὰ
2305 4915 2431 4968 Υἱοῦ
2490 4914 2751 4992 πεφηνὸς,
2811 4910 3022 4982 δηλαδὴ
3073 4920 3190 4975 τοῖς
3251 4915 3578 4990 ἀνθρώποις,
3618 4918 3672 4971 et

2024 5009 2120 5078 qui
2160 5023 2259 5078 per
2296 5007 2499 5060 Fili-um
2549 5007 2828 5076 apparuit,
2852 5004 3058 5059 scilicet
3103 5005 3437 5060 hominibus.
3475 5003 3670 5059 Falsa-

2025 5101 2150 5150 tum
2189 5095 2377 5150 locum
2411 5111 2514 5165 pro
2563 5097 2718 5148 certo
2749 5092 2924 5146 habet
2977 5093 3299 5164 Lequienus
3347 5093 3407 5148 in
3457 5092 3671 5148 disser-

2026 5184 2243 5240 tatione
2292 5182 2709 5238 Damascenica
2740 5199 2778 5248 1,
2812 5197 2973 5235 num.
3009 5182 3094 5251 48,
3142 5183 3384 5253 adjectis
3435 5181 3673 5237 vocibus

2027 5273 2168 5341 illis,
2216 5273 2424 5328 scilicet
2481 5271 2808 5325 hominibus.
2859 5270 3104 5326 Ruﬁnus
3161 5271 3220 5325 in
3280 5289 3386 5326 sua
3440 5268 3675 5325 Eusebii

2032 5361 2238 5416 Latina
2266 5358 2664 5424 translatione,
2698 5358 2844 5412 libro
2885 5376 2983 5424 vn,
3018 5360 3202 5430 capite
3248 5362 3335 5428 ‘25,
3389 5361 3676 5430 integram

2031 5450 2191 5504 illam
2246 5448 2678 5520 Expositionem
2738 5447 2910 5502 refert
2968 5449 3093 5503 sine
3152 5450 3545 5504 additamento
3581 5464 3593 5501 :
3630 5453 3680 5502 et

2033 5541 2130 5611 qui
2181 5555 2280 5610 per
2334 5539 2537 5592 Filium
2585 5539 2861 5608 apparuit.
2915 5538 3156 5592 Perinde
3205 5543 3313 5605 est,
3361 5543 3534 5608 atque
3582 5551 3682 5604 per

2032 5628 2236 5683 Filium
2277 5627 2538 5699 procedit,
2569 5626 2746 5681 veluti
2797 5623 2952 5678 εἰκὼν
2983 5629 3078 5678 τοῦ
3120 5626 3265 5696 Υἱοῦ,
3300 5629 3480 5698 imago
3525 5626 3678 5693 Filii,

2033 5722 2099 5774 ut
2121 5715 2340 5774 ibidem
2379 5715 2461 5773 ait
2495 5715 2992 5789 Thaumaturgus,
3025 5715 3084 5774 in
3118 5731 3234 5791 qua
3261 5711 3685 5788 exsplendescit

3325 5844 3360 5906 5
