4094 6446
537 406 655 466 139

1561 387 1875 451 GEORGII
1918 382 2184 447 CYPRII
2229 384 2346 445 ΟΡ.
2391 381 2918 445 ΡΑΤΒΙΑΒΟΗΛΕ

3820 375 3928 437 MO

535 533 747 600 Filius;
780 528 1274 604 quemadmodum
1317 529 1375 581 et
1420 522 1598 579 Filius
1625 525 1716 578 est
1744 521 1935 592 imago
1964 517 2175 588 Patris,
2206 521 2262 587 Α
2289 532 2415 573 rem
2460 517 2750 587 ignarum,
2783 518 2887 572 aut
2943 529 3187 570 manum
3245 509 3742 583 interpolatricem
3791 509 3930 565 satis

536 639 667 695 quas
707 625 938 676 Patrem
987 617 1375 689 repraesentat.
1408 611 1552 667 Hinc
1580 609 1885 667 verissime
1936 607 2181 670 dictum,

538 711 752 768 Filium
782 726 885 782 per
903 704 1358 779 generationem,
1380 706 1436 757 et
1466 699 1750 773 Spiritum
1782 702 2051 753 sanctum
2082 710 2187 765 per

537 780 969 873 processionem
996 788 1743 867 apparere,e.rsplendescere,
1765 785 2044 857 e/Tulgere,
2073 780 2186 838 sal-

537 906 610 945 va
631 886 908 961 imaginis
934 883 1157 941 ratione
1186 882 1247 937 in
1271 880 1416 936 Filio
1449 877 1701 951 propria,
1726 875 1924 931 minus
1954 870 2188 945 propria

537 976 598 1033 in
626 976 846 1049 Spiritu
876 976 1099 1032 sancto.

610 1065 670 1122 In
703 1064 813 1121 hoc
849 1066 1076 1120 vetusto
1123 1056 1637 1117 Monothelitarum
1687 1067 1879 1110 errore
1925 1048 2189 1106 versaba-

537 1159 634 1212 tur
672 1152 929 1210 Photius.
964 1151 1165 1222 Ipsum
1215 1143 1460 1203 Michael
1506 1138 1841 1199 Cerularius
1883 1135 2187 1209 amplexus

535 1248 678 1301 est:
727 1242 896 1314 eique
954 1236 1319 1311 frequentius
1375 1233 1621 1289 inhaeret
1675 1225 2185 1286 schismaticornm

534 1331 728 1390 factio.
775 1312 1076 1402 Iluplicem
1133 1325 1314 1398 igitur
1367 1321 1731 1392 distinguere
1760 1314 1943 1373 Graeci
1999 1312 2189 1402 solent

530 1422 715 1480 sancti
741 1420 979 1491 Spiritus
1021 1416 1444 1488 processionem,
1468 1414 1536 1465 ut
1561 1406 1809 1465 Allatius
1838 1402 2099 1461 declarat
2127 1401 2185 1456 in

539 1509 803 1567 Vindiciis
841 1506 1132 1579 Ephesius?
1171 1499 1388 1574 synodi,
1418 1496 1606 1569 capite
1635 1496 1724 1563 47,
1757 1492 2002 1549 alteram
2048 1505 2186 1545 sem-

533 1600 829 1671 piternam,
872 1599 930 1650 et
975 1592 1218 1648 alteram
1269 1586 1677 1659 temporariam,
1711 1591 1762 1639 et
1800 1584 2026 1653 prapter
2068 1593 2187 1642 nos,

535 1669 587 1746 et
638 1686 708 1742 ad
765 1686 905 1740 hanc
954 1682 1040 1737 vel
1098 1678 1263 1735 illam
1312 1678 1642 1731 creaturam.
1705 1669 1987 1742 Inquiunt
2031 1682 2185 1733 vero,

534 1775 830 1835 secundum
849 1773 1096 1845 primum
1130 1781 1481 1841 progressum
1526 1779 1674 1830 eum,
1722 1760 1931 1815 scilicet
1960 1772 2064 1826 quo
2089 1770 2186 1809 ea:-

2294 606 2568 678 produnt.
2618 604 3037 676 Cujuscunque
3090 616 3225 657 vero
3284 601 3460 656 fuerit
3512 598 3814 671 scriptoris
3867 612 3934 654 ea

2292 696 2498 762 oratio,
2531 694 2732 765 utique
2759 694 2937 749 verba
2973 691 3095 758 illa,
3125 707 3196 745 ea:
3224 690 3335 746 solo
3363 691 3549 758 Patre,
3581 703 3821 744 causam
3848 688 3934 741 in-

2294 784 2487 839 dicare
2517 786 2782 856 possunt,
2805 797 2983 853 quam
3008 780 3189 836 Graeci
3210 782 3421 836 vocant
3442 776 3933 852 προκαταρκτικήνς

2292 878 2351 929 et
2379 888 2618 929 causam
2656 872 2835 927 etiam
2888 868 3115 937 Filium,
3150 884 3329 924 unam
3376 868 3762 939 eamdemque
3805 881 3935 921 cum

2292 966 2484 1032 Patre,
2541 977 2655 1017 non
2713 959 3046 1016 excludunt.
3092 958 3206 1013 Sed
3260 956 3360 1012 illa
3413 956 3654 1013 demum
3710 969 3938 1028 quoque

2291 1052 2488 1119 verba,
2520 1051 2617 1121 qui
2640 1064 2739 1121 per
2769 1049 2973 1104 Filium
3002 1048 3284 1119 apparuit,
3314 1044 3663 1102 exstantiam
3692 1042 3941 1117 Spiritus

2296 1138 2482 1195 sancti
2511 1156 2546 1194 a
2575 1137 2738 1207 Filio,
2770 1135 2858 1193 vel
2910 1152 3014 1208 per
3059 1134 3272 1191 Filium
3321 1136 3448 1191 sine
3494 1133 3673 1189 dubio
3720 1131 3939 1205 signiﬁ-

2295 1233 2459 1297 cant;
2493 1244 2627 1284 cum
2656 1227 2715 1282 in
2746 1226 2958 1282 divinis
2983 1239 3276 1296 apparere,
3307 1224 3764 1296 ensplendescere,
3791 1221 3946 1293 θῆαι-

2294 1334 2421 1387 gere
2464 1316 2705 1389 perinde
2749 1315 2888 1384 sint,
2920 1330 2986 1370 ac
3037 1312 3251 1369 Filium
3280 1312 3549 1385 generari
3595 1327 3630 1366 a
3679 1311 3857 1379 Patre,
3888 1312 3945 1365 et

2295 1406 2581 1479 Spiritum
2612 1408 2885 1461 sanctum
2914 1419 2949 1459 a
2977 1403 3143 1459 Patre
3177 1401 3434 1474 Filioque
3472 1400 3798 1473 procedere.

2367 1495 2661 1568 Insignem
2692 1494 2842 1549 addo
2866 1491 3174 1564 Aquinatis
3202 1490 3767 1547 animadversionem
3791 1505 3805 1543 :
3829 1503 3946 1560 qua

2297 1585 2505 1641 divinae
2552 1583 2866 1655 Scriptum
2910 1580 3213 1637 silentium
3261 1579 3627 1652 expenditur,
3662 1594 3697 1634 a
3732 1576 3946 1633 Graecis

2297 1675 2549 1745 denique
2576 1673 2890 1743 objectum.
2915 1670 3009 1725 Sic
3038 1675 3197 1725 enim
3227 1669 3309 1724 ait
3336 1667 3433 1724 ille
3464 1685 3482 1723 ι
3513 1683 3594 1739 p.,
3625 1670 3828 1738 quaest.
3850 1666 3945 1733 36,

2297 1769 2406 1819 art.
2428 1765 2484 1830 2,
2507 1763 2579 1818 ad
2614 1763 2637 1816 1
2669 1779 2719 1817 :«
2742 1761 2822 1815 De
2851 1760 2968 1816 Deo
2999 1760 3191 1814 dicere
3223 1774 3337 1814 non
3368 1757 3674 1822 debemus,
3700 1756 3851 1827 quod
3886 1753 3949 1810 in

416 1844 421 1851 ’
533 1839 1114 1931 sistendum-Spiritus
1132 1839 1326 1918 liabet,
1359 1850 1671 1924 procedere
1702 1846 1899 1918 ipsum
1947 1858 2017 1898 ex
2062 1839 2180 1897 solo

2298 1868 2464 1908 sacra
2502 1850 2802 1921 Scriptura
2847 1865 2961 1905 non
3010 1847 3323 1915 invenitur,
3355 1846 3446 1902 vel
3496 1862 3599 1916 per
3644 1845 3827 1910 verba,
3856 1848 3951 1904 vel

537 1904 840 1921 .-.πη-η.
877 1904 986 1931 η...
1007 1904 1111 1913 --.η
1141 1904 1326 1918 --_---,
1359 1904 1455 1924 τη
1478 1904 1487 1906 ἡ
1514 1904 1519 1905 ,
1726 1904 1740 1918 _

537 1954 702 2010 Patre
742 1969 757 2006 :
798 1947 1125 2007 secundum
1178 1943 1450 2011 alterum,
1507 1935 2024 1994 communicativum
2080 1931 2180 1985 sci-

2294 1959 2391 2015 per
2417 1957 2655 1996 sensum.
2686 1939 2842 1994 Licet
2878 1941 3075 1993 autem
3102 1953 3205 2008 per
3244 1935 3407 1991 verba
3450 1951 3567 1991 non
3618 1933 3952 1989 inveniatur

534 2043 679 2113 licet,
737 2056 853 2097 non
882 2036 1075 2096 solum
1104 2051 1174 2091 ex
1216 2036 1386 2089 Patre
1414 2028 1531 2086 dici
1559 2025 1842 2099 Spiritum
1893 2023 2186 2087 sanctum,

533 2133 637 2190 sed
662 2108 845 2187 etiam
900 2144 969 2184 ex
1022 2125 1151 2198 ipso
1208 2121 1372 2178 Filio.
1404 2119 1474 2174 Et
1522 2117 1691 2172 aiunt
1741 2111 2016 2183 denique,
2047 2108 2189 2163 hanc

532 2218 1049 2278 communicativam
1106 2213 1353 2281 gratiam
1402 2223 1519 2262 non
1574 2209 1790 2260 tantum
1841 2213 2187 2256 communem

529 2325 647 2368 esse
689 2309 904 2376 Patris,
933 2309 985 2362 et
1032 2303 1185 2373 Filii,
1235 2299 1325 2356 sed
1377 2297 1553 2369 ipsius
1598 2295 1772 2349 etiam
1817 2290 2055 2361 Spiritus
2086 2304 2105 2341 :
2133 2293 2186 2341 et

520 2402 689 2474 juxta
716 2399 880 2455 illam
925 2394 1037 2450 dici
1081 2402 1202 2449 tum
1229 2406 1302 2445 ea:
1341 2389 1505 2442 Patre
1530 2384 1681 2439 mitti
1726 2379 2007 2453 Spiritum
2052 2392 2185 2432 san-

529 2473 680 2547 ctum
728 2492 781 2546 et
807 2504 850 2546 a
893 2484 1053 2552 Filio,
1084 2490 1201 2537 tum
1248 2481 1430 2551 ipsum
1477 2473 1754 2546 Spiritum
1809 2475 2061 2524 sanctum
2113 2480 2186 2518 ea:

528 2596 588 2636 se
651 2580 768 2651 ipso
834 2575 1041 2631 venire.
1094 2571 1335 2626 Patrum
1399 2560 1786 2627 testimoniis,
1844 2572 1975 2628 quae
2035 2554 2183 2609 bene

532 2643 720 2725 multa
772 2661 1209 2736 congessimus,
1256 2656 1545 2727 repugnat
1610 2664 1791 2706 error.
1842 2643 2184 2716 [nsipientia

533 2772 768 2829 quoque
810 2734 1002 2819 fuerit,
1033 2753 1121 2805 tot
1171 2744 1440 2802 Ecclesiae
1487 2744 1751 2805 Patrum,
1799 2734 2179 2806 scriptorum-

532 2821 647 2919 que
670 2821 998 2901 clarissima
1014 2838 1210 2905 verba,
1237 2851 1303 2891 ac
1333 2832 1684 2888 documenta
1710 2821 2181 2881 luculentissima

534 2910 664 3009 quas
693 2934 967 3007 Spiritum
1000 2929 1256 2984 sanctum
1282 2921 1542 2996 progredi
1584 2935 1619 2973 a
1661 2916 1802 2971 Filio
1847 2910 2177 3009 enuntiarit,

533 2997 780 3099 figurate
827 3024 1060 3079 tantum
1100 3031 1169 3072 ac
1214 3009 1531 3085 improprie
1574 3003 1897 3076 intelligere
1934 2997 2176 3056 omnia:

531 3097 646 3189 quo
694 3119 894 3169 tamen
940 3123 1119 3165 sensu
1168 3100 1509 3173 accipienda
1554 3097 1770 3161 forent,
1802 3106 1937 3147 cum
1985 3102 2183 3143 revera

531 3178 597 3262 ac
624 3200 855 3276 proprie
882 3195 1118 3255 nonnisi
1155 3195 1348 3248 creata
1386 3189 1541 3243 dona
1567 3189 1624 3240 et
1652 3181 2010 3238 charismata
2039 3178 2178 3243 sint,

2295 2032 2355 2086 in
2378 2036 2556 2085 Sacra
2593 2027 2913 2100 Scriptura,
2946 2024 3103 2097 quod
3150 2024 3406 2097 Spiritus
3432 2020 3677 2095 procedit
3703 2038 3745 2078 a
3772 2020 3951 2083 Filio;

2294 2120 2586 2175 invenitur
2611 2122 2807 2173 tamen
2837 2119 3126 2188 quantum
3164 2114 3236 2169 ad
3280 2128 3520 2180 sensum,
3552 2115 3611 2167 et
3661 2109 3953 2184 praecipue

2297 2209 2395 2265 ubi
2417 2208 2562 2263 dicit
2582 2205 2763 2263 Filius
2781 2205 2949 2261 Joan.
2973 2221 3067 2259 xv1
3088 2204 3161 2259 de
3190 2201 3415 2275 Spiritu
3436 2204 3638 2257 sancto
3658 2199 3905 2271 loquens
3931 2215 3946 2253 :

2293 2299 2396 2355 Ille
2422 2314 2514 2354 me
2541 2295 2890 2364 clariﬁcabit,
2920 2295 3052 2365 quia
3092 2291 3159 2348 de
3196 2306 3316 2347 meo
3364 2292 3613 2359 accipiet.
3645 2286 3951 2360 Regulari-

2292 2392 2382 2444 ter
2409 2387 2586 2443 etiam
2620 2386 2680 2440 in
2732 2399 2898 2439 sacra
2947 2380 3251 2454 Scriptura
3294 2379 3619 2436 tenendum
3648 2381 3759 2445 est,
3789 2376 3954 2449 quod

2292 2477 2350 2532 id
2381 2477 2536 2547 quod
2564 2475 2631 2530 de
2659 2477 2828 2530 Patre
2873 2471 3101 2538 dicitur,
3133 2472 3362 2543 oportet
3406 2468 3472 2525 de
3516 2467 3658 2524 Filio
3686 2466 3953 2537 intelligi,

2290 2564 2519 2621 etiamsi
2546 2563 2709 2619 dictio
2727 2561 3012 2618 exclusiva
3036 2558 3317 2624 addatur;
3344 2555 3459 2613 nisi
3489 2554 3685 2612 solum
3714 2554 3773 2609 in
3803 2552 3955 2621 illis,

2286 2670 2349 2725 in
2380 2653 2596 2726 quibus
2636 2652 2802 2708 Pater
2832 2654 2891 2706 et
2922 2648 3106 2705 Filius
3152 2646 3476 2704 secundum
3525 2642 3821 2717 oppositas
3851 2659 3950 2698 re-

2288 2744 2535 2800 lationes
2552 2741 3018 2813 distinguuntur.
3033 2738 3179 2794 Cum
3199 2737 3359 2792 enim
3380 2733 3663 2791 Dominus
3678 2730 3880 2788 Matth.
3905 2748 3951 2786 ιι

2287 2833 2430 2889 dicit
2461 2849 2475 2886 :
2506 2832 2669 2888 Nemo
2710 2830 2861 2886 novit
2886 2828 3114 2893 Filium,
3134 2827 3250 2882 nisi
3294 2826 3484 2893 Pater,
3517 2838 3635 2879 non
3684 2819 3950 2877 excludi-

2290 2926 2402 2989 tur,
2436 2921 2581 2994 quin
2610 2920 2784 2975 Filius
2814 2918 3076 2989 seipsum
3107 2918 3441 2987 cognoscat.
3469 2912 3565 2968 Sic
3594 2910 3775 2984 igitur
3803 2925 3953 2966 cum

2287 3008 2684 3081 dicitur,quod
2705 3008 2946 3079 Spiritus
2964 3011 3180 3060 sanctus
3201 3020 3236 3059 a
3254 3004 3419 3059 Patre
3430 2999 3700 3073 procedit,
3713 2996 3955 3054 etiamsi

2288 3098 2620 3166 adderetur,
2661 3097 2817 3168 quod
2853 3094 3007 3151 180
3046 3110 3083 3148 a
3124 3093 3238 3149 solo
3284 3094 3458 3147 Patre
3496 3088 3792 3161 procedit:
3823 3102 3955 3143 non

2287 3187 2615 3245 excluditur
2643 3186 2777 3242 inde
2808 3186 3005 3240 Filius.
3033 3182 3179 3247 Quia
3207 3184 3494 3253 quantum
3525 3179 3598 3235 ad
3627 3177 3758 3245 hoc,
3784 3176 3956 3247 quod

530 3264 657 3367 qm;a
710 3264 946 3348 ιίοωίηθ
993 3283 1172 3340 sane“
1219 3280 1458 3351 δρίνίίω
1505 3277 1714 3367 PFB“?
1759 3270 1846 3325 {35
1889 3281 2063 3367 {mlle
2090 3264 2180 3319 in‘
2213 3275 2256 3342 C
2295 3281 2384 3334 est
2409 3292 2520 3333 esse
2542 3276 2883 3348 principium
2911 3273 3154 3344 Spiritus
3181 3271 3379 3335 sancti,
3413 3284 3530 3324 non
3568 3268 3958 3340 opponuntur

531 3357 771 3456 signita,
800 3395 835 3434 a
861 3377 1004 3433 Filio
1029 3370 1485 3446 progrediantur,
1516 3361 1814 3433 simulque
1840 3375 1875 3414 a
1903 3357 2092 3422 Patre,
2118 3369 2185 3410 ac

535 3472 664 3545 ipso
695 3468 873 3526 etiam
903 3463 1145 3537 Spiritu.

604 3561 670 3616 In
714 3530 1265 3618 concertationibus,
1298 3560 1447 3618 quas
1495 3556 1630 3598 cum
1681 3543 1860 3594 Becco
1906 3538 1965 3590 et
2013 3530 2186 3589 sociis

534 3650 791 3707 habuere
819 3645 947 3717 ejus
976 3640 1163 3698 aetatis
1197 3633 1401 3704 Graeci,
1432 3628 1838 3689 testimonium
1868 3621 2055 3717 saupti
2085 3621 2187 3692 Cy-

534 3738 654 3796 rilli
706 3712 999 3806 obiectum
1049 3729 1249 3799 video,
1306 3722 1488 3781 veluti
1545 3722 1851 3790 sumptum
1903 3712 2186 3806 18_5_ex

534 3831 663 3901 ejus
700 3800 947 3883 oratione
990 3820 1057 3876 de
1100 3816 1450 3873 sanctissima
1497 3808 1688 3866 Triade
1719 3825 1739 3901 :_
1769 3820 1884 3877 quo
1932 3800 2184 3874 Spiritus

536 3895 777 3976 sanctus
824 3909 1112 3985 procedere
1158 3905 1373 3962 dicitur
1402 3918 1474 3958 ex
1502 3902 1688 3966 Patre,
1720 3895 1818 3951 hoc
1861 3896 1940 3949 est
1985 3904 2187 3985 θέε-οδ-

527 4008 715 4065 sentia
775 3978 958 4059 Patris
1013 4018 1030 4053 :
1102 4013 1215 4053 non
1275 3991 1664 4068 generatione,
1735 3978 2185 4057 quemadmodum

534 4098 713 4155 Filius
741 4112 761 4150 :
790 4092 884 4150 sed
922 4088 1288 4162 processione,
1317 4091 1377 4137 ut
1420 4080 1626 4136 dictum
1657 4082 1752 4143 est,
1782 4089 1854 4129 ea:
1908 4070 2038 4162 solo
2072 4072 2181 4124 Pa-

534 4192 636 4259 tre,
679 4184 846 4241 veluti
889 4158 957 4236 at)
1004 4192 1096 4234 ore
1106 4194 1130 4241 ,°
1156 4174 1249 4230 sed
1295 4173 1393 4244 qui
1447 4166 1755 4239 comparuit
1806 4177 1903 4234 per
1952 4158 2180 4225 Filium,

472 4324 488 4343 .
533 4251 852 4346 locutusque
882 4284 960 4326 est
1002 4269 1064 4323 in
1109 4263 1378 4321 universis
1426 4260 1625 4315 sanctis
1649 4252 1928 4325 apostolis,
1959 4251 2009 4304 et
2052 4263 2179 4318 pro-

523 4368 702 4440 phetis
730 4340 1165 4421 :-nihilominus,
1196 4353 1281 4407 uti
1323 4351 1468 4420 dixi,
1498 4363 1570 4404 ex
1614 4344 1853 4401 essentia
1899 4340 2083 4395 Patris
2131 4340 2181 4392 et

527 4430 662 4514 IFilii
714 4454 968 4516 existens,
1022 4449 1072 4502 et
1121 4442 1358 4513 eiusdem
1413 4454 1537 4495 cum
1590 4438 1754 4491 Patre
1806 4435 1858 4489 et
1909 4430 2051 4485 Filio
2103 4441 2182 4481 es-

526 4547 738 4603 sentia.
768 4543 929 4598 Hanc
970 4533 1166 4609 Cyrilli
1215 4528 1569 4587 sententiam
1610 4519 2059 4595 diligentissime
2089 4534 2180 4573 ex-

2297 3367 2484 3436 Pater,
2516 3370 2574 3421 et
2605 3364 2822 3421 Filius:
2856 3363 2957 3419 sed
2992 3360 3183 3417 solum
3210 3362 3501 3432 quantum
3531 3356 3605 3413 ad
3634 3356 3763 3423 hoc,
3787 3354 3960 3425 quod

2294 3455 2383 3511 hic
2426 3460 2505 3511 est
2550 3457 2737 3524 Pater,
2785 3456 2838 3508 et
2881 3452 2979 3506 ille
3023 3450 3225 3507 Filius.
3255 3470 3284 3498 »
3322 3445 3622 3517 Ampliora
3676 3443 3963 3516 superius

2286 3545 2413 3615 jam
2447 3543 2738 3600 dedimus.

2362 3633 2459 3689 VI.
2491 3634 2725 3689 Errores
2753 3629 2918 3696 varii,
2950 3644 3097 3700 quos
3125 3625 3330 3682 media:
3362 3623 3549 3679 sitatis
3578 3621 3762 3678 Graeci
3790 3620 3964 3679 circa

2292 3723 2478 3779 sancti
2527 3720 2782 3794 Spiritus
2820 3715 3250 3790 processionem
3298 3731 3335 3769 a
3378 3713 3540 3783 Filio,
3573 3709 3661 3767 vel
3707 3725 3808 3783 per
3852 3711 3963 3766 Fi-

2294 3813 2434 3867 lium
2472 3809 2892 3883 excogitarunt,
2923 3810 3151 3862 Graecos
3182 3803 3360 3860 etiam
3409 3802 3510 3857 aevi
3559 3800 3847 3872 sequioris
3881 3818 3963 3857 ac

2292 3904 2550 3957 recentes
2590 3900 2893 3954 traxerunt
2938 3894 3000 3949 in
3051 3896 3268 3965 partes.
3299 3890 3486 3946 Locus
3535 3891 3625 3944 est
3671 3886 3963 3960 insignis,

2290 3989 2445 4045 inter
2479 3990 2622 4044 Acta
2676 3985 2883 4059 synodi
2934 3982 3274 4038 Florentinm
3321 3977 3769 4042 Graeco-Latina,
3821 3993 3964 4033 ses-

2290 4079 2454 4135 sione
2479 4078 2570 4132 22.
2606 4074 2805 4133 Basilii
2834 4078 3058 4128 textum
3099 4088 3169 4127 ex
3214 4066 3462 4124 bomilia
3507 4067 3579 4121 de
3626 4064 3958 4138 baptismo,

2289 4168 2409 4223 sive
2437 4168 2509 4223 de
2548 4166 2768 4237 Spiritu
2823 4166 3026 4219 sancto
3083 4158 3312 4231 legebat
3370 4156 3600 4212 Marcus
3654 4153 3962 4225 Ephesius

2290 4258 2399 4313 hoc
2427 4256 2600 4312 modo
2633 4272 2646 4309 :
2679 4256 2798 4310 Non
2852 4253 3003 4309 enim
3062 4250 3359 4319 accipimus
3403 4263 3437 4301 a
3487 4243 3699 4316 Spiritu
3729 4242 3959 4315 aliqua,

2290 4342 2469 4419 ὥσπερ
2521 4343 2666 4419 παρὰ
2718 4345 2815 4396 τοῦ
2866 4340 2993 4393 Υἱοῦ
3039 4338 3102 4391 τὸ
3155 4338 3392 4408 Πνεῦμα,
3427 4330 3887 4407 quemadmodum
3917 4351 3965 4391 α

2288 4438 2423 4493 Filio
2452 4434 2739 4505 Spiritum.
2773 4430 2985 4487 Vocem
3016 4430 3236 4499 Πνεῦμα
3287 4425 3347 4480 in
3399 4427 3555 4478 recto
3601 4438 3742 4477 casu
3793 4421 3963 4477 acci-

2287 4525 2563 4599 piendam
2610 4520 2997 4577 contendebat
3024 4519 3262 4573 Joannes
3291 4514 3355 4570 de
3385 4514 3558 4569 Monte
3586 4509 3776 4580 Nigro,
3812 4527 3965 4583 pro-

765 4632 874 4688 Leo
927 4598 1176 4682 Allatius
1204 4621 1264 4675 in
1302 4617 1559 4709 νὶηιὶὶοξίδ
1616 4611 1903 4709 Ερῆἐιξίηᾶε
2202 4642 2250 4707 D
2286 4598 2487 4671 vincia;
2545 4610 2905 4669 Lombardia
2965 4605 3273 4679 praefectus
3315 4601 3540 4659 ordinis
3596 4598 3966 4656 Praedicato-

527 4697 716 4796 capite
742 4722 833 4792 65,
863 4721 1114 4774 Joannes
1151 4713 1367 4767 Beccus
1397 4710 1455 4762 et
1483 4701 1901 4759 Constantinus
1949 4697 2172 4754 Melite-

526 4788 687 4869 niota
715 4788 1031 4883 genuinam
1079 4805 1304 4859 exstare
1331 4793 1525 4870 Cyrilli
1576 4792 1900 4850 Orationem
1942 4794 2008 4843 de
2053 4788 2168 4841 Tri-

1875 4895 1889 4934 :
1951 4893 2172 4950 proque

523 5096 665 5139 sane
717 5072 1180 5148 repugnantibus
1238 5066 1410 5123 dictis
1466 5062 1727 5119 confecta
1781 5061 1888 5114 est.
1946 5055 2170 5111 Dicitur

522 5183 731 5239 nempe
758 5146 1007 5235 Spiritus
1037 5164 1275 5216 sanctus
1306 5173 1377 5212 ea:
1417 5156 1646 5210 essentia
1675 5150 1882 5213 Patris,
1913 5146 2169 5217 itemque

521 5277 591 5317 ea:
620 5257 854 5313 essentia
893 5253 1023 5307 Filii
1070 5259 1336 5306 exsistens
1367 5266 1386 5301 :
1420 5243 1711 5316 quomodo
1762 5256 1897 5311 ergo
1946 5253 2015 5291 es:
2057 5236 2168 5291 solo

522 5353 687 5406 Patre
720 5343 1010 5419 procedit?
1054 5343 1235 5395 \erha
1283 5338 1399 5405 illa,
1434 5341 1493 5389 ut
1521 5334 1726 5388 dictum
1766 5338 1861 5397 est,
1890 5328 1974 5380 uti
2020 5325 2164 5392 disci,

523 5438 826 5513 quidpiam
858 5433 1137 5499 indicant,
1170 5428 1323 5498 quod
1367 5425 1638 5496 superius
1668 5422 1912 5483 dictum,
1947 5419 2169 5486 repetat

521 5505 771 5586 auctor:
822 5528 882 5580 at
927 5518 1073 5577 nihil
1119 5514 1459 5588 hujusmodi
1506 5513 1566 5568 in
1615 5527 1681 5567 eo
1731 5509 1857 5563 loco
1906 5505 2164 5576 apparet.

519 5619 753 5678 Dixerat
793 5614 979 5688 prius,
1007 5607 1299 5684 procedere
1341 5603 1626 5677 Spiritum
1655 5617 1690 5656 a
1719 5605 1884 5656 Patre
1913 5614 1933 5650 :
1959 5592 2169 5666 repetit

515 5726 652 5771 vero
681 5723 752 5766 ea:
789 5684 900 5763 solo
944 5704 1128 5772 Patre,
1157 5696 1326 5756 veluti
1352 5693 1420 5752 ab
1446 5708 1567 5762 ore;
1597 5706 1727 5763 quas
1773 5690 1877 5745 aut
1921 5684 2166 5757 scripto-

2282 4722 2452 4770 rum,
2511 4704 2828 4775 ipsumque
2891 4701 3114 4753 textum
3184 4695 3267 4749 ita
3319 4691 3521 4747 Latine
3573 4688 3962 4760 vertendum,

2281 4790 2739 4868 quemadmodum
2767 4806 2802 4843 a
2830 4787 2970 4843 Filio
3013 4786 3279 4857 Spiritus.
3312 4782 3394 4838 De
3437 4780 3695 4853 genuina
3737 4779 3971 4838 Latina

2277 4884 2542 4941 versione
2581 4878 2911 4937 accuratius
2960 4890 3131 4948 agere
3178 4871 3591 4946 praetermitto;
3626 4885 3762 4924 cum
3811 4885 3967 4926 eam

2277 4971 2583 5029 homiliam
2614 4970 2767 5024 inter
2808 4982 2983 5038 opera
3024 4964 3169 5019 falso
3201 4961 3455 5034 ascripta
3504 4957 3717 5015 Basilio
3750 4957 3971 5015 novis-

2280 5063 2467 5119 simus
2496 5059 2688 5115 editor
2715 5054 2988 5111 Julianus
3019 5050 3263 5109 Garnier
3292 5047 3712 5106 amandaverit.

2348 5155 2618 5214 Sensum,
2658 5162 2773 5218 quo
2804 5149 3027 5199 textum
3076 5138 3439 5211 intelligebat
3468 5135 3773 5209 Ephesius,
3806 5133 3969 5189 vali-

2277 5239 2423 5296 diori
2459 5236 2694 5293 brachio
2726 5239 2787 5289 ut
2820 5232 3082 5303 rejiceret
3113 5229 3267 5284 idem
3295 5228 3574 5294 Joannes,
3599 5223 3912 5297 quaerebat
3945 5241 3967 5280 :

2276 5330 2358 5385 An
2395 5328 2665 5398 Spiritum
2713 5323 3005 5394 ipsummet
3047 5322 3292 5373 sanctum
3332 5315 3645 5372 hominibus
3688 5329 3971 5368 commu-

2275 5418 2467 5474 nicari
2496 5417 2782 5473 assereret.
2816 5430 2890 5466 an
2936 5410 3080 5465 dona
3108 5408 3373 5463 duntaxat
3408 5406 3580 5477 ipsius
3601 5406 3626 5454 ἵ
3673 5402 3969 5473 chone-

2275 5510 2376 5565 bat
2433 5508 2662 5562 Marcus
2710 5520 2724 5558 :
2770 5503 2924 5557 Dona
2975 5497 3218 5565 concedi,
3250 5510 3375 5567 quae
3426 5510 3528 5567 per
3580 5492 3981 5549 subsistentia

2274 5614 2389 5653 non
2435 5596 2565 5663 sint,
2612 5592 2786 5649 veluti
2813 5587 3021 5659 Filius,
3053 5595 3104 5642 et
3131 5586 3371 5659 Spiritus
3404 5602 3424 5639 :
3452 5582 3716 5640 Instabat
3757 5579 3973 5638 Joan—

2274 5703 2377 5744 nes
2410 5702 2423 5741 :
2456 5686 2599 5742 Num
2624 5682 2863 5755 Spiritus
2900 5680 3022 5751 iste,
3056 5678 3152 5757 qui
3191 5675 3361 5734 datur
3387 5689 3423 5730 a
3448 5672 3613 5747 Filio,
3641 5678 3979 5733 creatam:
