4094 6492
241 462 330 526 Nl
1465 463 1672 524 VlTA.
1706 495 1783 504 —
1813 460 2327 524 DISSERTATIO
2370 463 2419 522 Ι.

3521 464 3634 522 HS

243 596 317 660 sit,
337 611 400 648 an
432 603 736 655 creatura;
770 610 919 650 num
942 596 1119 652 etiam
1152 597 1302 652 dona
1330 597 1482 667 ejus,
1505 601 1562 650 et
1583 595 1871 667 operatio-
1904 600 1957 665 Α
1988 595 2058 648 ad
2109 595 2372 650 eamdem
2407 593 2848 666 intelligentiam
2881 594 3298 666 aspicientibus
3358 595 3633 650 omnibus

247 697 336 737 nos
358 683 472 738 sint
492 689 706 753 creata,
740 700 818 738 an
853 683 980 756 ipse
1010 689 1235 741 creator
1255 685 1512 756 Spiritus
1530 684 1557 738 ‘?
1589 683 1877 740 Conticuit

250 771 528 842 Ephesius.
563 774 715 827 Tum
745 789 885 828 vero
937 775 1234 845 imperator
1261 776 1486 840 veritus,
1519 790 1584 829 ne
1613 772 1687 833 εἰς
1734 770 1873 826 ἄλλο

253 855 405 930 δόγμα
444 863 504 914 in
545 860 700 916 aliud
750 861 951 932 dogma
995 878 1175 916 sermo
1223 860 1575 930 deliberetur,
1610 861 1874 932 (scilicet)

247 952 297 1002 in
324 951 654 1019 quasdam
702 949 833 1023 περὶ
879 955 1118 1018 κτιστοῦ,
1149 950 1238 1003 καὶ
1286 949 1558 1018 ἀκτίστου,
1591 951 1655 1006 de
1696 958 1874 1006 creato

247 1047 290 1092 et
327 1039 578 1104 ini—recto,
599 1041 782 1108 jussit
840 1039 983 1095 hanc
1029 1041 1458 1111 disputationem
1504 1041 1704 1096 omitti.
1763 1040 1873 1094 Ve-

244 1126 451 1182 rissime
501 1127 810 1183 Michaelis
861 1128 1138 1200 Lequieni
1193 1129 1620 1185 animadversio
1668 1133 1757 1184 est
1813 1129 1873 1183 in

239 1214 490 1285 Paqulia
531 1222 744 1270 contra
798 1216 1062 1271 schisma
1108 1217 1435 1272 Graecorum
1487 1217 1697 1272 saeculo
1746 1235 1871 1284 xm,

233 1320 344 1374 cap.
373 1305 425 1366 3,
471 1320 641 1359 num.
675 1305 770 1369 l2,
802 1309 859 1360 et
890 1321 1015 1378 cap.
1051 1307 1104 1372 4,
1140 1323 1300 1361 num.
1333 1308 1422 1373 20,
1457 1307 1514 1360 in
1557 1323 1681 1362 eam
1715 1307 1871 1362 Grae-

231 1407 312 1445 cos
340 1393 514 1446 etiam
549 1398 827 1448 recentes
859 1393 1087 1465 aliquos
1124 1396 1335 1449 abiisse
1365 1396 1557 1467 Cyprii
1589 1396 1870 1467 Gregorii,

227 1497 280 1534 ac
305 1487 506 1551 postea
536 1481 812 1554 Gregorii
841 1482 1091 1537 Palamaa
1111 1484 1535 1539 absurditatem
1567 1485 1636 1538 de
1662 1489 1875 1540 mlerna

221 1573 360 1625 extra
403 1571 580 1625 Deam
630 1572 1158 1642 exsplendescentia,
1193 1573 1312 1627 sive
1351 1573 1422 1627 de
1470 1575 1699 1628 Lumine
1741 1589 1872 1644 quo-

223 1657 328 1712 dam
355 1661 728 1730 sempiterno,
765 1677 801 1714 a
829 1661 1029 1715 divina
1059 1661 1310 1716 essentia
1355 1662 1630 1717 distincto
1664 1679 1676 1714 :
1719 1663 1871 1733 quod

224 1750 442 1816 Spiritus
493 1750 691 1803 sancti
740 1748 977 1804 nomine
1026 1749 1406 1821 appellantes,
1440 1750 1595 1806 istud
1646 1751 1869 1822 utique,

229 1853 320 1890 non
369 1836 576 1909 ipsam
642 1837 834 1892 sancti
893 1838 1142 1908 Spiritus
1199 1855 1530 1909 personam,
1581 1839 1870 1910 proﬁcisci

227 1940 253 1975 α
279 1924 438 1989 Filio,
473 1930 583 1979 aut
610 1941 716 1995 per
743 1924 949 1980 Filium
999 1924 1251 1991 aiebant,
1285 1931 1557 1981 aeternam
1602 1927 1866 1998 ejusdem

225 2011 454 2083 Spiritus
487 2014 962 2084 processionem,
996 2030 1172 2084 quam
1204 2015 1487 2070 docebant
1516 2015 1736 2086 Patres,
1770 2018 1869 2071 ab-

227 2101 561 2156 surdissimo
615 2107 958 2156 commento
1007 2101 1328 2158 eludentes.
1379 2103 1507 2159 Alio
1559 2110 1869 2173 steterunt,

225 2205 278 2243 ac
325 2190 666 2260 persistunt
723 2190 1091 2262 frequentius
1145 2192 1205 2245 in
1265 2209 1458 2249 errore
1514 2194 1715 2264 Graeci,
1767 2195 1867 2266 qui

225 2279 557 2350 temporalia
590 2278 787 2334 sancti
818 2279 1071 2350 Spiritus
1114 2281 1265 2336 dona
1295 2282 1512 2352 pariter
1540 2282 1871 2354 insigniunt

227 2368 390 2436 ipsius
434 2367 630 2422 divini
683 2367 940 2439 Spiritus
989 2369 1246 2440 nomine,
1279 2375 1338 2425 et
1383 2370 1536 2426 hanc
1577 2372 1866 2427 donorum

225 2455 591 2527 temporalem
654 2455 1028 2528 largitionem
1099 2457 1559 2530 intelligendam,
1621 2460 1867 2532 ﬁgurate

229 2545 426 2599 scilicet
471 2562 544 2600 ac
595 2544 944 2616 improprie,
979 2549 1373 2616 processionem
1421 2547 1799 2615 arbitrantur,
1834 2567 1868 2604 a

233 2631 474 2689 Pluribus
509 2639 805 2705 perpetuo
830 2634 1132 2705 traditam,
1163 2635 1403 2706 Spiritus
1429 2646 1607 2692 sancti
1638 2655 1678 2693 α
1703 2639 1865 2704 Filio,

229 2723 327 2775 sive
373 2740 478 2793 per
529 2724 767 2776 Filium.
830 2721 1139 2778 Silentium
1191 2726 1340 2780 137
1392 2741 1529 2797 ergo
1586 2726 1870 2798 imposuit

218 2813 433 2867 Greene
487 2813 838 2884 imperator.
872 2813 1122 2868 Cavebat
1162 2813 1340 2878 enim,
1375 2831 1447 2870 ne
1495 2816 1659 2871 novis
1699 2815 1868 2872 dissi-

211 2901 312 2955 diis
367 2902 722 2958 differretur
782 2901 940 2967 unio,
973 2907 1074 2957 aut
1121 2903 1502 2974 impediretur
1546 2922 1558 2959 :
1609 2922 1752 2961 neve
1807 2906 1867 2960 in

204 2989 676 3061 disputationem
712 2990 891 3045 Marci
920 2991 1154 3063 Ephesii
1187 2993 1504 3064 advocatis,
1539 2994 1731 3066 palam
1765 2995 1866 3050 ﬁe-

208 3086 307 3144 ret,
351 3080 717 3151 Ephesium,
769 3080 1217 3152 compluresque
1265 3099 1296 3136 e
1327 3083 1452 3138 suis
1495 3084 1566 3138 ad
1612 3084 1869 3139 absurda

203 3173 542 3224 commenta
592 3167 840 3223 rediisse
891 3167 1200 3239 utriusque
1246 3168 1524 3240 Gregorii,
1573 3170 1761 3242 Cyprii
1811 3178 1868 3226 et

197 3257 476 3311 Palamaan

1901 1972 1949 2037 B

1986 683 2096 737 sub
2129 684 2371 738 diversis
2394 683 2692 740 vocabulis
2726 702 2739 738 :
2772 683 3206 755 Grmciquidem
3225 687 3630 749 asserucrunt,

1985 773 2140 841 quod
2183 772 2236 826 id
2291 773 2444 843 quod
2489 773 2693 828 dicunt
2747 772 3008 844 Spiritum
3059 775 3310 826 sanctum
3354 788 3423 826 ex
3469 776 3634 827 Patre

1982 859 2288 928 procedere,
2320 877 2436 915 non
2484 861 2591 915 hac
2637 866 2830 916 mente
2874 861 3178 931 proferunt
3222 865 3287 914 ut
3331 861 3632 916 excludant

1982 949 2193 1004 Filium
2225 966 2236 1001 :
2271 950 2372 1004 sed
2404 949 2543 1019 quia
2573 949 2657 1005 eis
2697 950 3022 1015 videbatur,
3056 952 3121 1002 ut
3169 949 3356 1015 aiunt,
3391 949 3629 1004 Latinos

1984 1053 2244 1091 asserere
2277 1037 2560 1108 Spiritum
2590 1054 2660 1092 ea:
2691 1043 2860 1092 Patre
2889 1041 2941 1092 et
2972 1037 3109 1092 Filio
3139 1039 3471 1108 procedere,
3502 1042 3629 1092 tan-

1984 1142 2160 1196 quam
2189 1142 2257 1180 ea:
2286 1126 2489 1182 duobus
2516 1128 2838 1198 principiis,
2873 1130 2923 1180 et
2951 1127 3162 1180 duabus
3191 1126 3586 1197 spirationibus
3610 1145 3633 1190 ,-

1983 1214 2111 1268 ideo
2142 1215 2554 1269 abstinuerunt
2575 1232 2608 1269 a
2637 1215 2904 1280 dicendo,
2928 1215 3081 1286 quod
3114 1215 3365 1285 Spiritus
3387 1220 3629 1271 sanctus

1983 1318 2055 1355 ea:
2082 1307 2254 1356 Patre
2281 1304 2539 1373 procedat
2567 1309 2615 1357 el
2646 1305 2805 1358 Filio.
2844 1304 3030 1357 Latini
3073 1320 3204 1358 vero
3237 1304 3627 1370 afﬁrmarunt,

1983 1408 2096 1446 non
2131 1408 2191 1446 se
2222 1392 2331 1446 hac
2380 1398 2571 1447 mente
2605 1393 2815 1458 dicere,
2848 1393 3116 1463 Spiritum
3144 1402 3394 1447 sanctum
3423 1410 3491 1448 ea:
3517 1395 3628 1448 Pa-

1982 1484 2063 1534 tre
2093 1481 2353 1552 Filioque.
2389 1481 2697 1551 procedere,
2739 1487 2802 1534 ut
2853 1482 3146 1536 excludant
3194 1483 3432 1551 Patrem,
3486 1483 3626 1553 quin

1983 1568 2060 1622 sit
2085 1571 2208 1638 fons
2246 1586 2312 1623 ac
2357 1570 2693 1640 principium
2742 1571 2906 1625 totius
2955 1571 3194 1637 deitatis,
3231 1571 3359 1624 Filii
3411 1571 3630 1626 scilicet

1982 1674 2048 1712 ac
2097 1658 2350 1729 Spiritus
2400 1658 2586 1713 sancti
2641 1675 2653 1712 :
2707 1664 2807 1714 aut
2859 1660 3010 1730 quod
3070 1659 3149 1725 id,
3206 1660 3344 1730 quod
3390 1659 3628 1730 Spiritus

1979 1751 2198 1801 sanctus
2225 1747 2467 1818 procedit
2496 1764 2564 1801 ea:
2595 1749 2752 1817 Filio,
2784 1749 2963 1804 Filius
2992 1766 3025 1802 α
3057 1749 3218 1802 Patre
3247 1765 3356 1803 non
3385 1749 3579 1804 habeat
3605 1767 3624 1802 :

1980 1834 2101 1890 sive
2131 1836 2284 1906 quod
2315 1836 2418 1890 duo
2444 1846 2652 1906 ponant
2685 1853 2795 1892 esse
2819 1838 3116 1908 principia,
3148 1854 3246 1892 seu
3281 1838 3416 1891 duas
3443 1840 3624 1907 spira-

1981 1925 2152 1979 tiones
2182 1942 2200 1978 :
2233 1925 2333 1979 sed
2359 1942 2540 1980 unum
2571 1930 2804 1980 tantum
2823 1930 3228 1981 asserantesse
3248 1927 3622 1998 principium,

1981 2012 2333 2084 unicumque
2365 2014 2740 2084 spirationem
2774 2015 3024 2086 Spiritus
3057 2015 3260 2080 sancti,
3289 2020 3457 2086 prout
3489 2015 3623 2070 hac-

1980 2108 2150 2157 tenus
2199 2107 2596 2158 asscruerunt.
2631 2104 2698 2157 Et
2727 2120 2860 2157 cum
2910 2121 2978 2157 ex
3008 2103 3100 2158 his
3143 2104 3420 2168 omnibus
3471 2122 3624 2159 unus

1981 2196 2037 2245 et
2066 2191 2220 2246 idem
2253 2190 2516 2246 eliciatur
2544 2192 2803 2246 veritatis
2833 2207 3067 2255 sensus,
3093 2192 3331 2248 tandem
3362 2193 3419 2246 in
3452 2193 3627 2248 inira-

1981 2280 2258 2350 scriptam
2294 2284 2575 2349 sanctam,
2599 2285 2654 2335 et
2689 2281 2798 2335 Deo
2831 2280 3165 2348 amabilem,
3190 2283 3391 2336 eodem
3424 2298 3622 2349 sensu,

1978 2369 2302 2440 eademque
2330 2373 2543 2434 mente,
2577 2368 2852 2425 unionem
2904 2369 3261 2424 unanimiter
3307 2371 3624 2426 concorda-

1980 2461 2137 2523 runt,
2185 2461 2242 2511 et
2287 2462 2732 2512 consenserunt.
2769 2459 2830 2511 In
2888 2458 3126 2513 nomine
3174 2458 3354 2529 igitur
3408 2464 3624 2514 sanctae

1978 2545 2302 2611 Trinitatis,
2335 2546 2545 2612 Patris,
2581 2551 2636 2601 et
2685 2545 2828 2615 Filii,
2861 2550 2917 2600 et
2972 2547 3226 2618 Spiritus
3276 2548 3481 2616 sancti,
3515 2547 3624 2602 hoc

1980 2649 2145 2689 sacro
2176 2634 2492 2689 universali
2516 2635 2875 2706 approbante
2901 2634 3165 2705 concilio,
3191 2635 3524 2704 deﬁnimus,
3558 2643 3624 2692 ut

1979 2722 2098 2777 haec
2131 2724 2262 2778 ﬁdei
2293 2725 2504 2778 veritas
2549 2725 2620 2778 ab
2669 2723 2944 2778 omnibus
2976 2724 3323 2780 Christianis
3354 2727 3623 2781 credatur

1979 2816 2035 2866 et
2081 2811 2457 2883 suscipiatur,
2492 2812 2692 2883 sicque
2741 2828 2943 2868 omnes
2992 2814 3415 2883 proﬁteantur:
3466 2816 3620 2886 quod

1977 2900 2231 2973 Spiritus
2270 2906 2507 2957 sanctus
2553 2918 2626 2956 ex
2666 2903 2830 2957 Patre
2856 2911 2908 2957 et
2950 2902 3094 2958 Filio
3140 2905 3478 2958 zelemalitm'
3505 2913 3622 2966 est;

1975 2998 2026 3045 et
2055 2991 2343 3045 essentiam
2378 3007 2556 3056 suam,
2588 3007 2855 3060 suumque
2881 3007 2994 3046 esse
3042 2993 3340 3046 subsistens
3369 2993 3528 3047 habet
3555 3010 3625 3048 ex

1975 3081 2140 3134 Palre
2165 3080 2332 3134 simul
2361 3086 2412 3135 et
2455 3081 2592 3134 Filio
2614 3097 2634 3141 ;
2665 3085 2721 3135 et
2750 3097 2822 3134 ea:
2865 3089 3094 3151 utroque
3134 3082 3470 3136 aeternaliler
3496 3085 3621 3137 tan-

1975 3185 2142 3239 quam
2170 3169 2238 3223 ab
2266 3184 2375 3223 uno
2412 3168 2708 3240 principio,
2741 3173 2793 3224 et
2816 3172 2980 3225 unica
3010 3171 3316 3241 spiratione
3358 3171 3620 3242 procedit.

1976 3257 2346 3313 Declarantes
2378 3258 2531 3328 quod
2574 3256 2656 3323 id,
2690 3259 2845 3330 quod
2893 3259 3078 3313 sancti
3113 3259 3375 3314 doctores
3424 3263 3481 3315 et
3511 3264 3621 3315 Pa-

265 3344 696 3400 Deﬁnitiouem
751 3345 1008 3416 synodus
1061 3345 1395 3402 Florentino
1446 3349 1698 3420 denique
1727 3348 1866 3404 tulit
1896 3343 1938 3409 C
1976 3349 2095 3401 tres
2144 3346 2297 3402 188
2347 3346 2570 3410 dicunt,
2611 3363 2681 3401 ea:
2730 3349 2895 3402 Patre
2936 3363 3036 3418 per
3084 3349 3294 3402 Filium
3335 3349 3625 3419 procedere

201 3435 459 3490 sessione
487 3435 586 3503 25,
631 3449 754 3505 qua
781 3433 934 3488 inter
981 3439 1292 3506 utramque
1336 3435 1676 3504 Ecclesium,
1711 3438 1863 3494 Occi-

201 3521 476 3578 ὼιιιειεηι
533 3527 596 3578 et
671 3522 1032 3589 Orientalem,
1090 3525 1398 3580 concordia
1474 3530 1695 3581 statuta
1750 3531 1856 3582 est.

205 3610 569 3668 Catholicam
601 3611 678 3667 de
727 3613 918 3666 sancti
948 3611 1198 3684 Spiritus
1247 3616 1620 3685 processione
1649 3615 1864 3688 dogma

213 3699 515 3757 bisverbis
565 3700 922 3756 enuntiatur
962 3719 976 3755 :
1033 3722 1056 3751 ι
1105 3701 1524 3759 Convenientes
1576 3703 1764 3759 Latini
1809 3710 1865 3760 et

221 3788 374 3845 Grati
405 3791 473 3846 in
506 3790 630 3846 hac
661 3794 1035 3846 sacrosancta
1074 3791 1432 3848 aecumenioa
1461 3793 1703 3865 synodo,
1738 3811 1860 3849 ma-

223 3893 308 3946 gae
345 3879 549 3936 studio
607 3878 860 3933 invicem
907 3879 998 3935 usi
1028 3884 1186 3946 sunt,
1221 3885 1286 3935 ut
1336 3882 1487 3938 inter
1525 3882 1639 3937 alia
1684 3884 1859 3938 etiam

223 3968 474 4025 cuculus
508 3968 614 4024 ille
667 3968 736 4023 de
786 3967 976 4024 divina
1024 3969 1262 4041 Spiritus
1301 3974 1477 4026 sancti
1521 3975 1863 4042 processione

223 4068 424 4114 animo
457 4075 604 4114 cum
640 4056 952 4129 diligentia
979 4063 1036 4113 et
1067 4059 1308 4114 assidua
1337 4059 1716 4131 inquisitione
1746 4062 1861 4116 dis-

223 4152 505 4203 meretur.
563 4144 827 4202 Prolatis
886 4162 1020 4202 vero
1097 4148 1451 4204 testimoniis
1509 4166 1576 4204 ex
1649 4150 1862 4206 divinis

223 4229 524 4308 Scriptor-is,
563 4236 974 4309 plurimisque
1026 4237 1467 4292 auctoritatibus
1515 4243 1859 4294 sanctorum

219 4320 486 4382 dictorum
533 4325 918 4383 Orientalium
948 4329 1004 4380 et
1054 4325 1481 4382 Occidentalium
1511 4344 1530 4381 :
1562 4327 1860 4398 aliquibus

221 4415 422 4479 quidem
458 4435 530 4472 ea:
551 4420 758 4484 Palre,
791 4421 842 4470 et
872 4415 1016 4469 Filio
1038 4432 1057 4468 :
1092 4415 1444 4486 quibusdam
1492 4432 1626 4471 vero
1656 4433 1725 4472 ex
1749 4419 1860 4471 Pa-

211 4504 386 4576 ὲημν
427 4508 653 4562 Filium
702 4505 1030 4578 procedere
1078 4503 1406 4562 dicentibus
1455 4505 1759 4578 Spiritum.
1793 4507 1862 4564 Et

1974 3435 2260 3506 Spiritum
2293 3439 2583 3500 sanctum,
2617 3436 2688 3490 ad
2721 3434 2868 3491 hanc
2899 3435 3342 3508 intelligentiam
3381 3439 3570 3493 tendit
3601 3457 3614 3494 :

1978 3529 2042 3579 ut
2083 3541 2185 3596 per
2235 3524 2346 3580 hoc
2399 3523 2780 3596 signiﬁcetur,
2813 3526 3018 3580 Filium
3067 3543 3300 3598 quoque
3348 3543 3476 3583 esse
3525 3545 3615 3584 se-

1973 3614 2232 3669 cundum
2266 3613 2493 3668 Graecos
2539 3613 2775 3685 quidem
2824 3631 3063 3685 causam,
3097 3617 3422 3671 secundum
3464 3617 3614 3672 Lati-

1975 3720 2082 3758 nos
2111 3719 2242 3758 vero
2283 3703 2622 3773 principium
2671 3703 3063 3758 subsistentia
3104 3705 3357 3775 Spiritus
3404 3708 3609 3778 sancti,

1973 3793 2125 3848 sicut
2153 3795 2208 3847 et
2263 3794 2506 3846 Patrem.
2542 3793 2611 3846 Et
2675 3792 2953 3863 quoniam
3012 3795 3208 3848 omnia
3264 3812 3390 3866 quae
3437 3798 3618 3853 Patris

1975 3885 2134 3948 sunt,
2167 3886 2332 3936 Pater
2360 3880 2487 3952 ipse
2537 3883 2820 3951 uniqenito
2849 3881 2998 3937 Filio
3045 3899 3151 3937 suo
3198 3883 3488 3955 gignendo
3519 3887 3617 3941 de-

1973 3970 2078 4040 dit,
2112 3975 2317 4042 praeter
2347 3986 2462 4024 esse
2490 3971 2711 4024 Patrem
2745 3988 2763 4024 :
2793 3969 2902 4026 hoc
2947 3971 3163 4042 ipsum,
3193 3974 3347 4042 quod
3380 3974 3618 4045 Spiritus

1971 4065 2195 4116 sanctus
2219 4058 2462 4130 procedit
2490 4074 2560 4113 ere
2594 4059 2754 4125 Filio,
2780 4060 2904 4130 ipse
2935 4060 3114 4114 Filius
3140 4076 3175 4114 a
3201 4062 3366 4117 Patre
3385 4069 3620 4119 aeterna-

1970 4149 2104 4204 ]iter
2132 4148 2326 4216 habet,
2360 4164 2393 4201 a
2421 4163 2536 4218 quo
2567 4147 2744 4202 etiam
2793 4149 3141 4204 :eternaliter
3181 4151 3414 4221 genitus
3445 4157 3552 4207 est.
3584 4175 3614 4202 »

1975 4235 2328 4308 Multiplices
2375 4251 2618 4302 errores,
2653 4236 2869 4307 quibus
2915 4237 3258 4294 laborabant
3307 4240 3507 4307 Graeci,
3541 4241 3618 4296 si-

1975 4327 2154 4382 lentio
2197 4325 2383 4397 pressi
2436 4329 2574 4380 sunt
2605 4342 2618 4378 :
2652 4327 2802 4397 quod
2837 4331 2926 4381 est
2967 4343 3100 4382 vero
3134 4329 3346 4400 dogma
3393 4330 3527 4385 ﬁdei
3557 4331 3621 4386 de

1971 4417 2216 4488 Spiritus
2244 4415 2419 4488 sancti
2445 4419 2660 4470 aeterna
2676 4416 3035 4486 processione,
3058 4417 3354 4475 erroribus
3383 4419 3615 4479 cunctis

1972 4507 2304 4575 adversum,
2337 4504 2692 4563 mcumenioa
2721 4506 2985 4577 synodus
3016 4505 3298 4564 deﬁnivit.
