4094 6490
560 414 674 475 M3

1583 416 1898 482 GEORGII
1943 416 2205 481 CYPRII
2247 418 2363 481 CP.
2408 418 2943 483 PATRIARCHJE

3820 420 3945 481 λιιι

1517 715 2337 811 DISSERTATIO
2417 716 2997 813 SECUNDA

1732 924 2145 989 HISTORICA
2186 925 2289 987 ET
2331 924 2785 987 DOGMATICA

830 1107 919 1168 De
951 1105 1271 1170 additione
1306 1109 1489 1184 vocis,
1519 1107 1815 1190 Filioque,
1848 1111 1927 1172 ad
1957 1111 2329 1190 Symbolum
2361 1130 2375 1169 :
2412 1111 2614 1191 deque
2652 1128 2811 1172 vano
2848 1109 2995 1173 inde
3034 1117 3283 1190 sumpto
3313 1112 3675 1174 Graecorum

1917 1208 2227 1271 scissionis
2253 1216 2585 1289 praetextu.

1121 1501 1273 1556 189
1313 1502 1542 1558 CAPUT
1583 1507 1623 1558 l.

555 1591 788 1664 Joannis
812 1591 967 1664 βασιτὸ
978 1590 1307 1664 patriarchae
1325 1591 1909 1663 Constantinopolitani
1919 1592 2197 1664 judicium

623 1663 694 1735 de
720 1660 1009 1735 additione
1032 1663 1190 1735 vocis,
1226 1685 1253 1711 «
1282 1664 1546 1735 Filioque,
1578 1685 1606 1713 ››
1636 1660 1966 1735 εζτρεηάίῑιὶν
2004 1673 2196 1718 contra

625 1731 921 1803 Georgium
980 1733 1394 1803 Pachymerem.
1426 1731 1777 1803 'Hujusmo'di
1824 1737 2196 1791 additamenta

623 1802 977 1888 uindicantur
1005 1802 1265 1888 exemplo
1312 1802 1579 1888 Symboli,
1631 1808 1798 1888 quod.
1830 1808 2195 1888 apostolqrum

622 1875 848 1943 dicitur,
897 1880 1122 1945 eratque
1167 1875 1228 1931 in
1260 1875 1363 1931 usu
1410 1880 1469 1932 in
1522 1875 1824 1934 Occidentis
1862 1875 1922 1933 'et
1954 1878 2195 1934 Orientis

627 1948 901 2003 Ecclesiis.
931 1948 1201 2020 __Itemque
1272 1947 1521 2020 Symboli
1590 1949 2191 2020 Constantinopolitani,

657 2020 764 2074 uod
799 2022 876 2074 est
922 2017 1209 2073 Niccenum
1254 2017 1637 2075 additionibus
1680 2031 1921 2089 auctum,
1939 2017 2020 2076 'ab
2065 2022 2195 2074 aliis

662 2090 874 2145 ‘cclesiis
901 2105 1004 2145 usu
1031 2094 1323 2162 receptum,
1354 2107 1465 2147 non
1494 2093 1561 2146 ab
1591 2093 1745 2149 aliis.

620 2232 665 2285 Ι.
700 2230 1034 2288 Florentina
1062 2233 1320 2304 synodus
1364 2233 1719 2289 cecumenica
1751 2234 1809 2289 in
1861 2234 2092 2289 decreto
2123 2251 2189 2289 u-

549 2319 762 2387 nionis,
796 2320 1110 2377 constituto
1141 2321 1326 2376 sancti
1356 2321 1607 2393 Spiritus
1632 2338 1703 2403 ex
1734 2322 1898 2378 Patre
1931 2322 2191 2393 Filioque

546 2409 938 2480 processionis
968 2409 1259 2481 dogmate,
1290 2409 1442 2465 hanc
1474 2410 1714 2481 subjicit
1744 2410 2141 2467 definitionem
2173 2428 2185 2465 :

543 2498 848 2567 Deﬁnimus
874 2498 1123 2569 insuper,
1168 2500 1589 2570 explicationem
1618 2500 1907 2556 verborum
1937 2500 2187 2569 illorum,

548 2585 828 2657 Filioque,
868 2588 1117 2642 veritatis
1161 2586 1513 2645 declarandae
1557 2604 1745 2658 causa,
1777 2592 1827 2644 et
1874 2589 2191 2642 imminente

543 2683 672 2731 tunc
711 2677 1044 2742 necessitate,
1078 2676 1234 2732 licite
1262 2693 1327 2731 ac
1355 2677 1759 2734 rationabiliter
1780 2680 1949 2748 fuisse
1976 2679 2191 2749 apposi-

545 2768 677 2818 tam.
710 2764 860 2819 Voce
891 2763 1010 2831 illa,
1041 2764 1312 2836 Filioque,
1340 2765 1565 2821 nullam
1598 2765 1829 2838 proprie
1859 2766 1916 2821 in
1951 2766 2190 2837 Symbo-

542 2851 667 2908 lum
715 2852 1425 2941 Constantinopolitanum
1471 2854 1758 2911 invectam
1808 2854 1991 2910 fuisse
2023 2854 2186 2909 addi-
2217 2876 2265 2941 B

539 2941 780 3009 tionem,
816 2940 1127 2997 Florentini
1158 2942 1354 2998 Patres
1404 2943 1613 2999 docent
1645 2961 1658 2998 :
1692 2961 1757 2999 ac
1789 2960 1967 2999 unam
2001 2943 2057 2998 in
2089 2959 2183 2999 ea-

539 3031 693 3102 dem,
726 3047 906 3103 quam
937 3031 1190 3088 dicimus
1222 3032 1603 3101 additionem,
1637 3032 1920 3088 contineri
1949 3032 2183 3105 aptissi-

538 3137 697 3175 mam
754 3119 1239 3192 verissimamque
1296 3121 1712 3193 expositionem
1764 3121 2018 3190 articuli,
2069 3137 2182 3194 quo

537 3210 771 3264 credere
795 3208 1081 3279 Spiritum
1110 3214 1379 3264 sanctum
1410 3210 1753 3281 proﬁtemur
1776 3227 1846 3266 ea:
1864 3211 2029 3267 Patre
2057 3227 2185 3281 pro-

538 3297 832 3353 cedentem.
886 3297 1124 3353 Latinos
1170 3297 1352 3369 culpas
1400 3299 1474 3354 ob
1505 3298 1659 3354 istud
1714 3299 2181 3355 additamentum

539 3403 669 3442 reos
726 3401 917 3458 agere,
978 3384 1187 3441 saeculo
1244 3391 1443 3442 octavo
1504 3387 1824 3455 desinente,
1884 3394 2184 3460 cceperunt

540 3474 721 3531 Graeci
753 3491 823 3530 ex
852 3474 1370 3531 Iconomachorum
1402 3480 1558 3532 secta
1588 3493 1601 3530 :
1636 3493 1704 3532 ex
1734 3493 1918 3549 eoque
1953 3478 2183 3533 scissio-

543 3563 636 3619 nis
714 3567 1080 3635 pratextum,
1143 3564 1343 3637 utique
1408 3565 1814 3634 vanissimum,
1877 3582 2182 3639 sumpsere

542 3651 902 3707 schismatici
930 3652 1251 3724 aequiores.

607 3740 894 3796 Joannem
953 3742 1222 3809 Beccum,
1280 3758 1455 3813 quem
1528 3748 1835 3799 strenuum
1912 3743 2180 3799 catholici

537 3829 829 3901 dogmatis
862 3828 1149 3885 vindicem
1199 3831 1484 3903 superiori
1511 3832 1766 3889 vidimus
1814 3834 1874 3888 in
1905 3834 2179 3889 disserta-

533 3917 710 3989 tione,
767 3917 947 3973 veluti
1005 3919 1290 3991 praedictas
1339 3920 1653 3976 additionis
1702 3922 2176 3993 reprehensorem

532 4006 767 4063 exhibet
808 4006 1090 4079 Georgius
1148 4006 1526 4079 Pachymeres
1583 4009 1762 4065 semel
1824 4027 1890 4065 ac
1939 4010 2174 4066 iterum.

531 4095 627 4151 Sic
656 4096 811 4151 enim
844 4096 924 4151 ait
952 4095 1010 4149 in
1042 4094 1321 4151 Michaele
1372 4097 1705 4170 Palasologo,
1740 4099 1887 4154 libro
1928 4116 1985 4167 ν,
2017 4099 2174 4171 capi-

528 4188 585 4241 te
620 4186 682 4239 16
713 4202 725 4240 :
764 4205 785 4234 ι
820 4184 977 4239 Inter
1013 4182 1132 4239 haec
1174 4186 1391 4242 Beccus
1420 4185 1585 4243 lectis
1633 4188 1800 4243 libris
1830 4188 2174 4244 observabat

529 4273 737 4342 multa,
797 4291 925 4346 quae
1000 4274 1443 4330 conventionem
1521 4275 1908 4332 Ecclesiarum
1986 4277 2170 4333 multo

528 4380 703 4435 quam
755 4366 1006 4435 putarat,
1042 4362 1457 4434 expeditiorem
1505 4365 1878 4421 ostenderent
1910 4382 1922 4420 :
1958 4366 2173 4437 quippe

527 4467 662 4507 cum
693 4452 838 4526 inde.
857 4456 1170 4517 constaret,
1191 4467 1486 4506 summam
1520 4453 1759 4508 demum
1782 4454 2001 4525 peccati
2024 4454 2174 4509 Lati-

528 4558 738 4597 norum
770 4541 831 4597 in
877 4540 1245 4595 additamenta
1292 4541 1453 4596 verbi
1486 4542 1664 4597 unius
1713 4543 1783 4597 ad
1829 4543 2170 4615 Symbolum

527 4630 860 4686 consistere.
898 4652 926 4679 ››
957 4629 1186 4685 Possini
1234 4629 1355 4684 haec
1401 4631 1588 4686 versit)
1619 4636 1726 4687 est.
1761 4633 1977 4688 Textus
2016 4634 2170 4690 Grae-

527 4734 630 4775 cus
689 4719 865 4775 habet
923 4736 935 4774 :
997 4718 1087 4779 Ὡς
1148 4714 1317 4790 μηδὲν
1376 4717 1543 4771 πλέον
1608 4717 2001 4791 τολμησάντων
2059 4724 2167 4775 τῶν

525 4804 746 4860 Ἰταλῶν
798 4804 948 4877 ἴσως,
998 4807 1035 4875 ἢ
1082 4807 1145 4861 τὸ
1195 4805 1281 4860 ἐπὶ
1337 4810 1418 4878 τῷ
1467 4802 1746 4879 Συμϐόλῳ
1794 4810 2102 4884 προσθεῖναι
2153 4836 2168 4879 ς

521 4896 675 4951 Nihil
699 4897 938 4968 amplius
965 4912 1157 4953 causas
1181 4898 1336 4952 140
1354 4898 1529 4969 fuisse
1560 4899 1800 4969 Latinos,
1819 4916 1985 4970 quam
2004 4899 2169 4956 adde-

520 5001 581 5041 re
608 4985 690 5042 ad
718 4984 1051 5056 Symbolum,
1084 5002 1429 5055 cognoscens.
1465 4986 1737 5043 Audacius
1761 4987 1981 5043 crimen
2010 4988 2169 5044 incu-

520 5079 703 5130 satur.
736 5074 1012 5130 Graviora
1040 5079 1198 5146 sunt,
1232 5092 1360 5147 qua:
1391 5076 1549 5131 idem
1582 5075 1962 5148 Pachymeres
1991 5076 2169 5134 habet

516 5163 580 5218 in
611 5162 941 5217 Andronico
970 5162 1118 5218 libro
1149 5180 1189 5231 ι,
1221 5163 1406 5235 capite
1434 5164 1469 5217 9
1495 5182 1508 5219 :
1545 5186 1573 5214 α
1608 5164 1891 5221 Studebat
1919 5182 2165 5237 persua-

515 5253 650 5307 dere
677 5250 962 5323 (Beccus),
995 5250 1185 5305 solum
1218 5268 1281 5307 se
1328 5251 1583 5308 voluisse
1612 5269 1862 5325 purgare
1892 5254 2112 5310 crimen
2147 5272 2161 5310 :

515 5357 631 5396 non
660 5338 805 5393 illud
836 5340 1136 5410 proprium
1160 5340 1522 5410 Latinorum,
1544 5342 1601 5396 in
1622 5343 1777 5415 quod
1809 5342 1970 5414 ipsos
1997 5344 2163 5399 addi-

510 5430 670 5484 tione
696 5426 768 5482 ad
789 5426 1131 5497 Symbolum
1150 5428 1454 5499 prolapsos
1485 5429 1799 5501 fatebatur,
1821 5431 2163 5503 gravissime

2221 1510 2274 1575 Α
2309 1522 2382 1574 μα
2408 1502 2614 1555 κεῖσθαι
2643 1500 2706 1555 τὸ
2741 1502 3013 1576 μέγιστον.
3048 1503 3133 1558 Ita
3178 1501 3442 1558 locutum
3490 1503 3673 1560 fuisse
3701 1504 3951 1562 Beocum

2306 1591 2366 1646 in
2398 1591 2951 1663 Disceptationibus,
2984 1608 3111 1663 quae
3143 1608 3249 1647 suo
3278 1596 3538 1663 tempore
3568 1610 3701 1649 cum
3737 1594 3955 1650 Graecis

2303 1681 2749 1736 adversantibus
2793 1680 3004 1736 habita
3056 1685 3215 1746 sunt,
3245 1681 3458 1737 adduci
3507 1682 3787 1739 Possinus
3833 1701 3949 1739 non

2304 1773 2495 1840 potest
2539 1769 2600 1824 in
2647 1769 2832 1833 Notis,
2866 1775 2932 1824 ut
2975 1769 3139 1825 facile
3186 1769 3384 1825 credat
3438 1786 3452 1825 :
3498 1775 3802 1844 putatque,
3849 1771 3957 1827 ali-

2303 1873 2482 1928 quam
2514 1857 2758 1913 fortasse
2790 1858 2847 1913 in
2879 1862 3024 1913 aestu
3074 1858 3491 1929 disputationis
3538 1876 3641 1931 pro
3672 1860 3953 1932 dogmate

2301 1947 2757 2017 concessionem,
2792 1952 2857 2002 ut
2888 1946 3012 2003 ﬁeri
3054 1950 3221 2019 solet,
3252 1947 3598 2016 admissam,
3630 1947 3763 2020 plus
3784 1950 3956 2020 justo

2301 2034 2718 2106 ampliﬁcatam
2749 2037 2950 2092 referri
2982 2036 3088 2092 abs
3118 2034 3494 2093 scbismatico
3524 2036 3824 2094 historico.

2373 2132 2699 2189 Genuinam
2729 2133 2855 2189 suis
2885 2134 2945 2190 in
2967 2133 3244 2206 operibus
3270 2138 3527 2191 mentem
3561 2152 3729 2192 suam
3762 2136 3959 2208 aperit

2302 2222 2533 2278 Beccus.
2566 2221 2628 2277 In
2677 2222 2935 2279 oratione
2962 2226 3019 2289 2,
3053 2223 3125 2279 de
3173 2222 3396 2295 injusta
3441 2224 3534 2280 sui
3586 2224 3961 2297 depositione

2299 2310 2454 2381 apud
2486 2309 2767 2366 Allatium
2798 2310 2858 2366 in
2891 2312 3111 2369 Graecia
3137 2312 3639 2381 orthodoxa,tomo
3669 2312 3741 2378 ll,
3773 2314 3962 2370 refert

2299 2398 2451 2453 Petri
2499 2399 2843 2456 Antiocheni
2892 2400 3233 2473 patriarchae
3279 2417 3349 2457 ex
3402 2402 3532 2473 ejus
3582 2402 3828 2474 epistola
3871 2405 3959 2460 ad

2298 2486 2636 2544 Michaelem
2665 2487 3051 2555 Cerularium,
3082 2506 3260 2561 quam
3311 2489 3598 2561 integram
3639 2491 3795 2564 typis
3820 2492 3962 2547 vul-

2298 2576 2454 2648 gavit
2499 2577 3027 2645 Cotelerius,verba
3056 2577 3188 2635 illa:
3211 2578 3274 2634 Si
3300 2580 3361 2634 in
3389 2578 3671 2636 additione
3700 2580 3966 2653 Symboli

2294 2667 2651 2737 corrigantur
2682 2667 2893 2734 Latini,
2933 2666 3080 2723 nihil
3102 2671 3372 2739 praeterea
3409 2669 3816 2740 postulaverim.
3848 2672 3965 2725 Ait

2296 2770 2428 2809 vero
2449 2754 2668 2811 Beccus
2690 2755 2927 2822 ibidem,
2953 2772 3117 2811 num.
3142 2757 3173 2811 4
3206 2772 3219 2810 :
3254 2779 3283 2806 «
3308 2756 3423 2829 Ego
3453 2757 3625 2829 plane
3653 2773 3787 2814 eum
3805 2758 3966 2830 (Pe-

2296 2847 2450 2899 trum
2498 2844 2969 2916 Antiochenum),
3016 2845 3171 2917 quod
3225 2844 3512 2902 videbatur
3557 2849 3619 2902 in
3663 2846 3965 2905 additione

2292 2931 2576 3002 delictum,
2626 2932 2779 2988 facili
2833 2934 3062 3006 negotio
3111 2932 3515 3006 neglecturum
3562 2936 3857 3005 existimo,
3898 2938 3962 2994 si

2292 3020 2382 3076 vel
2412 3021 2691 3093 pusillum
2722 3021 2885 3094 pacis
2913 3022 3265 3095 spiritumin
3295 3039 3382 3093 eo,
3402 3024 3473 3079 ad
3506 3039 3681 3096 quem
3712 3024 3967 3084 litteras

2292 3109 2469 3165 dabat
2500 3109 2860 3179 (Michaelem
2890 3110 3272 3183 Cerularium)
3297 3111 3582 3168 contineri
3613 3115 3968 3185 prospexis-

2293 3202 2456 3254 set.»
2503 3197 2761 3254 Nimium
2812 3200 2957 3255 irato
3005 3199 3298 3256 Cerulario
3347 3200 3658 3274 indulgens
3704 3206 3966 3274 Petrus,

2291 3287 2694 3360 corrigendam
2771 3289 3129 3361 proponebat
3208 3288 3467 3362 Symboli
3550 3290 3963 3362 additionem,

2292 3391 2469 3447 quam
2498 3375 2624 3448 ipse
2654 3376 2821 3432 facile
2850 3376 3219 3450 neglexisset,
3251 3382 3400 3434 teste
3428 3378 3627 3435 Becco.

2363 3475 2428 3528 In
2458 3473 2736 3546 Apologia
2764 3475 2855 3530 sui
2899 3474 3087 3546 ipsius
3114 3478 3387 3545 veterem,
3418 3492 3546 3548 quin
3595 3477 3787 3534 medio
3828 3480 3971 3537 cir-

2291 3563 2432 3619 citer
2461 3562 2671 3618 saeculo
2703 3568 2909 3635 quarto
2931 3568 3059 3619 orta
3087 3567 3195 3634 est,
3221 3564 3679 3622 controversiam
3710 3583 3971 3626 memo-

2292 3657 2379 3706 rat
2406 3651 2472 3707 de
2500 3669 2635 3721 una,
2657 3653 2743 3707 vel
2771 3652 2945 3708 tribus
2966 3654 3027 3707 in
3054 3652 3159 3708 Deo
3183 3653 3583 3724 hyspotasibus,
3601 3671 3670 3711 ea
3693 3656 3973 3715 domum

2290 3740 2511 3796 ratione
2535 3741 2942 3814 compositam,
2974 3741 3129 3812 quod
3161 3741 3473 3798 dissidium
3524 3748 3679 3801 esset
3710 3744 3781 3802 de
3811 3762 3982 3804 ver-

2288 3829 2401 3895 bis,
2433 3846 2550 3884 non
2587 3831 2657 3885 de
2692 3828 2934 3885 veritate
2971 3830 3255 3904 mysterii.
3283 3832 3464 3887 Hocce
3493 3831 3710 3890 Beccus
3737 3850 3978 3893 exem-

2287 3917 2382 3989 plo
2412 3917 2616 3985 utitur,
2649 3923 2706 3973 et
2750 3922 2831 3973 ait
2886 3935 3052 3974 num.
3086 3919 3119 3973 4
3170 3935 3183 3975 :
3236 3941 3265 3969 «
3297 3919 3415 3992 Ego
3447 3920 3685 3992 quidem
3728 3923 3988 3994 opinor

2287 4023 2404 4061 non
2442 4023 2570 4063 esse
2618 4006 2886 4079 pluribus
2945 4024 3094 4079 opus
3120 4008 3192 4063 ad
3241 4008 3791 4079 demonstrandum,
3828 4030 3983 4073 nos

2287 4112 2401 4150 non
2434 4098 2606 4166 male,
2638 4097 2738 4152 sed
2768 4101 2893 4152 tuto
2926 4096 3198 4153 Romanis
3231 4097 3497 4153 Ecclesiae
3528 4098 3975 4163 defensionem

2283 4185 2632 4257 suscepisse,
2664 4187 2726 4239 in
2768 4184 3099 4241 dictionibus
3145 4186 3598 4258 discrepantiam
3631 4188 3986 4263 negligeu-

2284 4278 2390 4340 tes,
2410 4278 2467 4328 et
2497 4274 2841 4345 arripientes
2868 4290 2995 4346 quas
3017 4273 3076 4329 in
3103 4275 3395 4331 sententia
3414 4281 3503 4331 est
3531 4278 3947 4340 concordiam
3964 4326 3985 4353 ,

2283 4367 2518 4433 propter
2564 4378 2786 4435 pacem.
2836 4382 2865 4416 ι
2915 4362 3044 4418 Haac
3088 4379 3222 4419 vero
3272 4364 3374 4436 qui
3420 4364 3632 4434 aiebat,
3683 4366 3987 4433 minime

2279 4454 2589 4507 maximum
2617 4452 2675 4507 in
2692 4451 3007 4521 additioue,
3037 4452 3303 4524 Filioque,
3324 4468 3495 4508 nosse
3516 4451 3800 4509 delictum
3825 4472 3935 4529 po
3949 4492 3982 4501 -

2279 4544 2448 4612 terat,
2482 4540 2636 4612 quod
2683 4539 2859 4596 veluti
2907 4540 2980 4596 ab
3022 4542 3226 4597 eodem
3278 4545 3457 4597 Becco
3506 4540 3989 4615 reprehensum

2281 4634 2480 4684 narrat
2508 4629 2911 4701 Pachymeres.
2958 4628 3368 4685 Luculentiora
3395 4634 3554 4698 sunt,
3590 4648 3719 4703 qua:
3752 4636 3983 4706 paulo

2280 4717 2431 4772 infra
2458 4717 2730 4774 disserit:
2757 4739 2787 4767 ‹‹
2817 4718 2933 4773 Nos
2963 4717 3139 4774 etiam
3170 4735 3304 4773 cum
3329 4722 3596 4775 tutamur
3626 4721 3995 4785 Romanam

2278 4806 2593 4875 Ecclesium,
2626 4806 2994 4863 tantumdem
3023 4811 3308 4879 tutamur,
3342 4813 3407 4863 ut
3435 4824 3534 4864 eos
3564 4809 3667 4881 qui
3699 4826 3733 4864 a
3762 4814 3991 4883 prin-

2278 4894 2427 4967 cipio
2458 4896 2530 4950 ad
2563 4895 2685 4951 haec
2725 4912 2913 4968 usque
2940 4900 3207 4968 tempora
3235 4896 3294 4951 in
3324 4896 3456 4966 ﬁdei
3482 4896 3743 4970 Symbolo
3776 4906 4000 4961 reci-

2276 4987 2423 5051 tant,
2456 5001 2526 5040 ex
2570 4986 2742 5041 Patre
2786 4986 3002 5042 Filium
3028 4984 3340 5056 procedere,
3377 4991 3706 5056 μεταστῆσαι
3746 4990 3997 5052 addu-

2275 5089 2466 5129 camus
2494 5077 2560 5129 ut
2589 5074 2853 5141 recitent,
2886 5090 2956 5130 ex
2984 5075 3148 5129 Patre
3177 5074 3422 5146 Filioque
3446 5076 3737 5147 procedere
3784 5118 3797 5132 .
3868 5124 3892 5136 -
3975 5130 3996 5144 ,

2275 5179 2391 5217 non
2429 5161 2695 5231 dictioni,
2726 5162 2825 5219 sed
2858 5163 3159 5220 sententia:
3206 5166 3394 5219 totum
3428 5164 3728 5238 negotium
3760 5174 4002 5239 pacis

2272 5250 2662 5324 indulgentes.
2698 5274 2727 5302 »

2344 5342 2491 5395 141
2528 5340 2673 5396 Hinc
2702 5341 2830 5397 sine
2860 5340 3037 5396 dubio
3069 5340 3308 5406 factum,
3336 5346 3403 5397 ut
3430 5342 3491 5398 in
3522 5343 3744 5415 synodo
3776 5344 4012 5427 Lug-

2272 5429 2523 5485 dunensi
2573 5430 2951 5497 mcumenica,
2998 5446 3152 5484 anno
3186 5431 3324 5485 1274
3353 5431 3663 5499 celebrata,
3697 5432 4015 5504 nullius

511 5516 805 5590 peccando
845 5518 1048 5570 contra
1092 5515 1512 5588 disciplinam;
1549 5534 1678 5573 non
1727 5522 1924 5573 tamen
1972 5536 2007 5573 a
2048 5520 2162 5576 fide
2269 5517 2499 5573 vinculo
2552 5518 2817 5574 criminis
2870 5517 3161 5589 propriam
3214 5520 3537 5594 constringi
3584 5527 4021 5593 censuerint

511 5602 854 5662 aberrando.
889 5624 917 5652 »
948 5603 1012 5659 In
1040 5602 1234 5659 Graeco
1255 5608 1413 5659 textu
1442 5604 1693 5677 legimus
1721 5623 1734 5661 :
1765 5602 1925 5660 Ἀλλ’
1955 5602 2045 5659 οὗν
2076 5609 2156 5677 τῷ
2186 5610 2234 5676 D
2265 5607 2682 5663 conscientiam
2713 5606 3041 5663 Germanus
3072 5605 3443 5679 imperatoris
3477 5607 3778 5666 Michaelis
3814 5615 4017 5680 Pa-

510 5691 785 5769 τολμῆσαι
816 5695 1128 5766 προσθεῖναι
1175 5694 1255 5766 τῷ
1304 5685 1581 5768 Συμϐόλῳ
1609 5693 1707 5763 τήν
1757 5692 1897 5770 λέξιν
1943 5688 2144 5775 ἔγκλη..

2256 5695 2813 5770 lasologilegatus,ac
2833 5694 3061 5769 pridem
3079 5695 3677 5769 patriarcbaConstan
3689 5697 4024 5789 tinoPo-
