4094 6454
233 501 340 564 MS

1439 502 1650 565 VITA.
1687 534 1764 546 -—
1802 501 2322 567 DlSSERTATlO
2363 503 2440 565 II.

3523 504 3639 567 146

232 634 548 707 leos,qnive
575 632 669 691 alii
688 650 828 690 cum
850 633 984 706 ipso
1016 639 1186 690 erant
1206 634 1885 707 Graeciantistitesﬁym-
1913 638 1968 702 Α
1996 636 2278 693 dexteram
2323 639 2528 692 Patris.
2577 637 2706 692 Inde
2773 640 3033 692 venturus
3072 635 3332 708 judicare
3392 638 3542 694 vivos
3587 645 3638 696 et

237 725 432 781 bolum
463 724 575 780 alta
596 741 755 793 voce,
780 721 970 780 semel
1002 741 1070 779 ac
1101 725 1542 794 iterum,coram
1575 724 1886 796 palamque

241 815 541 870 recitantes
571 816 722 868 inter
757 813 1086 868 missarum
1111 813 1399 870 solemnia
1427 831 1563 869 cum
1595 813 1712 869 illis
1737 813 1886 869 voci-

236 904 361 966 bus,
392 905 490 973 qui
513 920 544 957 α
570 904 737 958 Patre
767 904 1030 973 Filioque
1079 903 1348 974 procedit.
1379 905 1632 974 Hujusce
1658 903 1884 958 addita-

236 995 403 1047 menti
437 992 746 1046 historiam
783 997 998 1057 texere,
1033 994 1415 1064 ejusdemque
1459 993 1532 1048 ab
1565 993 1722 1048 omni
1753 991 1882 1047 labe

231 1082 656 1136 immunitatem
690 1081 1124 1148 demonstrare,
1157 1098 1488 1152 vanumque
1520 1082 1653 1137 inde
1686 1098 1883 1151 sump-

227 1176 345 1225 tum
376 1170 680 1226 scissionis
732 1175 1083 1242 praetextum
1117 1172 1375 1226 evincere
1403 1188 1587 1242 operm
1629 1172 1878 1243 pretium

219 1267 319 1324 est,
352 1259 773 1331 chronologica
805 1277 1003 1315 rerum
1037 1261 1185 1316 serie
1217 1260 1662 1332 diligentissime
1693 1277 1876 1316 serva-

215 1353 290 1404 ta.
322 1350 557 1404 Laudati
612 1349 788 1405 Becci
843 1352 1200 1404 sententiam
1249 1349 1540 1422 praemitto
1575 1366 1588 1403 :
1625 1373 1652 1400 «
1701 1349 1876 1405 Caete-

213 1455 335 1493 rum
367 1439 592 1494 interea
626 1439 754 1494 scio
788 1437 1140 1510 (inquientis
1173 1441 1431 1495 oratione
1458 1441 1514 1504 2,
1548 1440 1618 1494 de
1658 1440 1879 1509 injusta

215 1528 297 1582 sui
346 1527 729 1599 depositione
778 1545 946 1583 num.
978 1528 1034 1600 6)
1081 1527 1394 1584 nonnullos
1441 1529 1779 1584 additioncm
1817 1531 1878 1584 in

218 1616 466 1688 Symbolo
512 1617 712 1689 culpae
742 1617 1058 1673 obnoxiam
1087 1618 1307 1686 facere;
1341 1635 1456 1673 non
1489 1619 1644 1689 quod
1690 1618 1874 1689 pieta-

219 1707 284 1762 tis
324 1707 658 1778 puritatem
710 1705 1106 1762 commaculet
1159 1725 1172 1762 :
1223 1708 1321 1762 sed
1373 1708 1526 1779 quod
1578 1711 1875 1779 utcunque

222 1796 352 1850 facta
382 1797 484 1862 sit,
519 1812 772 1865 gravem
829 1797 1056 1868 peperit
1083 1800 1142 1851 et
1169 1795 1557 1868 periculosam
1606 1797 1876 1852 offensio-

224 1901 356 1940 nem.
387 1886 458 1940 Et
490 1885 546 1940 si
580 1885 728 1956 quis
759 1884 940 1941 altius
969 1885 1377 1956 curiosiusque
1408 1902 1500 1941 res
1532 1885 1870 1957 perpendet,

1996 736 2252 783 mortuos.
2301 730 2373 782 Et
2420 729 2477 781 in
2527 728 2797 798 Spiritum
2841 734 3110 791 sanctum,
3159 731 3407 782 sanctam
3451 730 3634 784 Eccle-

1992 818 2152 882 siam,
2200 819 2574 873 remissionem
2629 825 2992 888 peccatorum,
3041 817 3226 870 carnis
3283 822 3636 874 resurrectio-

1991 924 2140 961 nem.

2063 995 2370 1052 Nonnullis
2402 999 2568 1050 aucto
2616 995 3028 1051 additamentis
3055 996 3328 1052 utebatur
3356 995 3630 1068 Symbolo

1989 1084 2244 1140 Ecclesia
2276 1085 2662 1155 Aquileiensis.
2717 1085 2965 1140 Posteris
2996 1085 3142 1140 illud
3175 1086 3423 1141 servavit
3470 1086 3630 1140 Ruﬁ-

1990 1191 2102 1229 nus
2134 1173 2193 1228 in
2243 1175 2504 1244 ejusdem
2552 1173 2806 1245 Symboli
2855 1175 3244 1245 Expositione.
3284 1198 3304 1224 α
3348 1175 3526 1230 Credo
3568 1175 3628 1231 in

1988 1264 2171 1318 Deum
2204 1264 2428 1318 Patrem
2462 1263 2942 1334 omnipotentem,
2976 1265 3392 1331 invisibilem,et
3423 1265 3628 1335 impas-

1985 1353 2220 1408 sibilem.
2272 1353 2338 1406 Et
2386 1352 2444 1406 in
2500 1352 2793 1407 Christum
2840 1351 3067 1417 Jesum,
3120 1352 3358 1408 unicum
3416 1352 3628 1408 Filium

1986 1441 2134 1511 ejus,
2167 1440 2481 1495 Dominum
2513 1445 2798 1495 nostrum.
2835 1440 2942 1505 Qui
2975 1445 3146 1496 natus
3174 1445 3263 1496 est
3293 1442 3362 1496 de
3410 1442 3625 1512 Spiritu

1985 1534 2185 1586 sancto
2237 1546 2306 1584 ex
2355 1529 2537 1584 Maria
2582 1528 2835 1600 Virgine.
2893 1529 3211 1585 Cruciﬁxus
3265 1530 3375 1586 sub
3424 1529 3626 1586 Pontio

1986 1618 2189 1688 Pilato,
2223 1623 2280 1673 et
2327 1616 2613 1690 sepultus,
2645 1617 2916 1672 descendit
2946 1619 3004 1672 in
3036 1620 3283 1689 inferna.
3313 1619 3506 1674 Tertia
3536 1619 3628 1674 die

1984 1707 2299 1764 resurrexit
2327 1725 2360 1762 a
2397 1707 2666 1762 mortuis.
2701 1707 2975 1762 Ascendit
3005 1708 3063 1762 in
3115 1707 3310 1775 caelos,
3346 1708 3508 1763 sedet
3554 1709 3626 1764 ad

1984 1797 2278 1852 dexteram
2313 1795 2519 1850 Patris.
2556 1796 2693 1851 lnde
2738 1799 3022 1852 venturus
3048 1801 3136 1852 est
3158 1797 3425 1867 judicare
3465 1798 3626 1852 vivos

1982 1890 2039 1940 et
2085 1890 2366 1941 mortuos.
2420 1886 2490 1940 Et
2537 1884 2596 1938 in
2647 1884 2932 1957 Spiritum
2982 1889 3246 1941 sanctum
3301 1912 3314 1954 ;
3363 1890 3626 1941 sanctam

223 1975 549 2030 additionem
579 1975 738 2029 hanc
757 1991 1062 2046 nunquam
1087 1973 1421 2030 offensionis
1442 1990 1680 2029 causam
1703 1974 1874 2046 origi-
1903 2005 1952 2070 B
1981 1974 2317 2044 Ecclesiam,
2352 1973 2758 2029 remissionem
2793 1977 3164 2045 peccatorum
3194 1993 3207 2041 ;
3242 1975 3406 2043 huius
3436 1975 3628 2030 carnis

224 2079 456 2135 namque
490 2063 690 2119 fuisse
712 2081 725 2118 :
746 2063 851 2118 sed
881 2063 1035 2118 inter
1065 2062 1230 2133 alias,
1263 2067 1435 2134 atque
1465 2062 1612 2117 alias
1637 2078 1705 2117 ex
1734 2066 1878 2117 tem-

223 2170 340 2224 pore
368 2153 741 2208 varietatum
797 2157 974 2223 atque
1003 2156 1314 2207 eventuum
1345 2168 1556 2207 causas
1608 2151 1874 2206 offensio-

227 2259 369 2306 nam,
400 2241 517 2298 alio
581 2248 770 2313 atque
833 2240 946 2296 alio
1003 2245 1284 2312 tempore,
1335 2245 1391 2296 et
1446 2239 1621 2295 variis
1680 2255 1874 2294 rerum

233 2333 477 2386 cursibus
537 2337 600 2387 et
659 2329 1212 2402 perturbationibus
1243 2334 1465 2400 enatas,
1497 2331 1638 2384 hanc
1665 2345 1874 2400 quoque

238 2420 564 2489 unianimem,
627 2417 818 2473 veluti
898 2418 1219 2474 simultatis
1294 2419 1584 2484 abortum,
1657 2422 1876 2473 temere

242 2510 524 2578 prejectam
562 2506 846 2579 reperiet.
880 2529 906 2558 ιο
944 2507 1086 2562 Rem
1116 2506 1308 2578 ipsam
1339 2507 1667 2579 aggredior.

297 2598 352 2654 Il.
380 2598 720 2653 Commune
770 2596 919 2651 illud
954 2597 1207 2652 occurrit
1253 2596 1617 2670 Symbolum,
1650 2595 1873 2652 dictum

240 2687 604 2756 apostolorum,
639 2701 763 2756 quo
796 2700 913 2738 uno
943 2687 1077 2739 ante
1107 2684 1392 2756 synodum
1423 2683 1715 2739 Nicaenam
1746 2688 1869 2738 ute-

231 2773 378 2830 batur
422 2774 728 2830 catholica
779 2773 1038 2828 Ecclesia
1066 2773 1126 2828 in
1179 2773 1486 2830 Occidente
1532 2777 1589 2829 et
1637 2775 1870 2830 Oriente

225 2864 635 2920 Intemeratum
691 2861 870 2930 illud,
900 2866 965 2916 ut
1022 2863 1094 2917 ab
1126 2861 1293 2917 initio
1339 2863 1572 2934 prodiit,
1607 2880 1672 2919 ac
1703 2862 1866 2918 nulla

221 2953 437 3009 tametsi
489 2957 727 3008 rectam
762 2951 935 3006 fidem
967 2950 1292 3022 explicante
1339 2956 1574 3008 auctum
1610 2969 1766 3020 voce,
1800 2952 1870 3007 ad

223 3042 414 3097 secula
444 3041 629 3113 plura
659 3039 910 3096 servavit
940 3043 1202 3096 Romana
1237 3039 1514 3096 Ecclesia.
1549 3041 1700 3097 Illud
1732 3045 1821 3097 est
1854 3058 1867 3095 :

223 3131 370 3187 Credo
399 3133 464 3186 in
495 3131 680 3186 Deum
730 3131 950 3185 Patrem
1005 3130 1444 3201 omnipotentem.
1478 3133 1552 3186 Et
1601 3133 1659 3185 in
1712 3132 1868 3185 Chri-

215 3225 344 3274 stum
368 3222 585 3286 Jesum,
613 3221 845 3274 unicum
876 3219 1088 3274 Filium
1118 3219 1560 3288 ejus,Dominum
1588 3229 1864 3275 nostrum.

220 3309 312 3375 Qui
335 3318 502 3364 natus
555 3316 644 3363 est
672 3307 740 3362 de
788 3307 1002 3376 Spiritu
1054 3315 1241 3362 sancto
1270 3323 1342 3362 ea:
1389 3308 1572 3364 Maria
1623 3310 1864 3381 Virgine.

223 3397 511 3468 οἷν-κείω
542 3398 650 3452 sub
697 3399 894 3452 Pontio
925 3397 1131 3463 Pilato,
1159 3405 1212 3452 et
1250 3398 1517 3468 sepultus.
1553 3376 1731 3453 Tertid
1779 3398 1870 3453 die

1988 3411 2144 3449 mum

223 3489 514 3543 resurrexit
558 3504 597 3540 a
645 3488 899 3542 mortuis.
952 3486 1209 3541 Ascendit
1259 3488 1319 3540 in
1368 3486 1550 3551 caelos,
1601 3487 1743 3543 sedet
1795 3489 1874 3543 ad

225 3574 516 3642 dexteram,
553 3577 768 3630 Patris.
803 3574 934 3630 Inde
961 3583 1218 3630 venturus
1246 3581 1330 3629 est
1352 3575 1608 3647 judicare
1634 3578 1801 3640 vivos,
1823 3580 1876 3632 et

231 3674 462 3720 aeratos.
513 3666 584 3719 Et
639 3665 704 3718 in
753 3663 1026 3735 Spiritum
1079 3667 1348 3735 sanctum,
1401 3667 1651 3720 sanctam
1698 3666 1874 3720 Eccle-

239 3756 374 3820 siam,
415 3755 827 3809 remissionem
868 3761 1239 3824 peccatorum,
1289 3756 1472 3808 carnis
1518 3757 1871 3810 resurrectio-

238 3857 350 3896 ιιιξι.
373 3843 524 3898 Cum
557 3841 843 3914 Symbolo
875 3840 1136 3897 Ecclesia
1167 3841 1565 3914 Aquileiensis
1595 3847 1651 3898 et
1675 3843 1872 3899 Orien-

375 3931 691 3988 communi
752 3935 1157 4002 comparatum
1217 3948 1252 3986 a
1310 3931 1520 3987 Ruﬁno
1600 3923 1872 3988 dabimus

241 4017 361 4074 2:51
385 4037 528 4076 cum
561 4018 1202 4075 animadversionibus.

297 4107 410 4163 Pari
451 4105 721 4164 formula
753 4107 1068 4162 utebantur
1097 4107 1220 4163 aliae
1270 4107 1331 4162 in
1361 4108 1532 4164 Italia
1585 4108 1868 4164 Ecclesiae.

235 4195 688 4253 .‘mnatensem
739 4196 957 4268 profert
984 4200 1190 4252 Petrus
1237 4196 1627 4270 Chrysologus
1658 4197 1718 4252 in
1753 4213 1872 4252 ser-

237 4287 492 4342 meznihns
525 4301 680 4358 quos
712 4283 920 4339 habuit
947 4285 1005 4340 in
1037 4285 1377 4358 Symbolum
1419 4286 1815 4358 apostolorum
1854 4303 1866 4340 :

227 4375 379 4430 Credo
426 4379 492 4430 in
530 4376 702 4430 Deum
730 4375 957 4428 Patrum
999 4375 1443 4445 omnipotentem.
1473 4376 1540 4430 Et
1585 4377 1646 4430 in
1690 4377 1875 4432 Iesum

229 4461 515 4529 aruum,
547 4464 759 4518 Filium
821 4464 939 4534 ejus
982 4465 1229 4532 unicum,
1282 4464 1576 4519 Dominum
1627 4467 1876 4519 nostrum

219 4552 328 4618 Qud
353 4562 522 4607 natus
571 4560 656 4607 est
685 4551 750 4606 de
799 4552 1015 4622 Spiritu
1059 4559 1244 4607 sancto
1293 4568 1366 4607 ea:
1409 4553 1584 4608 Maria
1635 4555 1870 4623 Virgine.

218 4641 326 4706 Qui
367 4642 468 4696 sub
519 4642 724 4695 Pontio
767 4641 949 4696 Pilato
1015 4642 1314 4712 cruciﬁxus
1358 4650 1455 4708 est,
1511 4652 1562 4697 et
1609 4643 1871 4713 sepultus.

1985 2063 2489 2120 resurrectionem.
2549 2086 2576 2113 ››
2635 2063 2985 2118 Addimenta
3052 2063 3449 2136 Aquileiensia
3512 2064 3628 2119 tria

1985 2156 2203 2226 patent.
2260 2152 2454 2206 Ruﬁni
2504 2152 3038 2208 animadversiones
3094 2153 3308 2225 accipe.
3362 2153 3457 2208 Ait
3508 2153 3626 2225 pri-

1984 2257 2148 2296 mum
2182 2258 2194 2295 :
2227 2240 2479 2307 Additur,
2512 2242 2849 2296 inuisibilem
2879 2250 2932 2296 et
2963 2243 3377 2312 impassibilem.
3403 2241 3627 2314 Quippe

1983 2330 2266 2385 sciendum
2318 2337 2419 2396 est,
2453 2329 2600 2400 apud
2650 2345 2745 2384 nos
2776 2332 2853 2400 (et
2902 2330 3244 2400 Orientales)
3273 2331 3468 2386 addita
3515 2347 3628 2386 esse

1983 2417 2147 2471 verba
2194 2417 2315 2481 illa,
2351 2416 2610 2472 haereseos
2656 2433 2822 2472 causa
2869 2417 3098 2473 Sabellii
3129 2435 3141 2472 :
3180 2420 3337 2474 illius
3364 2427 3624 2490 pro/ecta,

1983 2521 2104 2576 qum
2134 2522 2168 2559 a
2195 2507 2394 2560 nostris
2446 2507 2862 2576 Patripassiana
2890 2506 3138 2574 dicitur;
3169 2507 3226 2561 id
3271 2511 3347 2563 est
3375 2525 3494 2579 quae
3519 2509 3627 2562 Pa-

1984 2598 2123 2649 trem
2153 2596 2339 2665 ipsum
2385 2595 2469 2649 vel
2497 2610 2570 2649 ex
2620 2596 2841 2666 Virgine
2868 2604 3061 2650 natum
3088 2596 3239 2665 dicit,
3267 2605 3318 2652 et
3356 2597 3628 2652 visibilem

1979 2686 2209 2755 factum,
2255 2685 2338 2738 vel
2363 2700 2589 2756 passum
2644 2685 2891 2755 afﬁrmat
2915 2686 2975 2738 in
3021 2701 3204 2740 carne.
3239 2687 3301 2742 Ut
3330 2702 3454 2757 ergo
3503 2686 3632 2741 talis

1980 2773 2369 2827 excluderetur
2419 2774 2672 2844 impietas
2720 2773 2786 2827 de
2814 2778 2996 2838 Patre,
3030 2775 3281 2829 vident-ur
3327 2774 3444 2831 haec
3480 2774 3634 2830 addi-

1980 2863 2122 2917 disse
2149 2864 2384 2932 majores
2420 2881 2438 2916 :
2469 2866 2519 2916 et
2551 2862 2886 2917 inuisibilem
2913 2864 3156 2930 Patrem,
3182 2873 3347 2935 atque
3375 2865 3631 2934 impassi-

1983 2952 2145 3007 bilem
2189 2951 2423 3006 dixisse.
2456 2950 2584 3006 Alia
2625 2955 2716 3005 est
2745 2950 3068 3006 doctissimi
3101 2951 3208 3005 viri
3257 2953 3630 3008 animadver-

1980 3041 2068 3097 sio
2127 3058 2140 3096 :
2194 3042 2254 3096 In
2312 3041 2571 3097 Ecclesiae
2625 3041 2881 3095 Romanis
2948 3040 3204 3111 Symbolo
3259 3057 3370 3096 non
3441 3042 3634 3098 haberi

1979 3131 2227 3186 additum
2259 3148 2270 3185 :
2304 3131 2585 3185 Descendit
2614 3131 2686 3184 ad
2742 3131 2986 3200 inferna,
3017 3131 3114 3185 sed
3142 3147 3318 3201 neque
3345 3131 3406 3185 in
3437 3130 3629 3186 Orien-

1979 3220 2046 3274 tis
2076 3218 2330 3273 Ecclesiis
2360 3217 2551 3272 haberi
2579 3217 2725 3273 hunc
2760 3234 3069 3273 sermonem
3087 3237 3104 3272 :
3127 3219 3235 3273 vim
3259 3221 3440 3273 tamen
3470 3219 3630 3274 verbi

1977 3306 2160 3361 videri
2187 3321 2299 3361 esse
2338 3307 2397 3361 in
2425 3321 2505 3372 eo,
2538 3305 2682 3376 quod
2709 3307 2953 3376 sepultus
2982 3305 3206 3361 dicitur.
3241 3307 3498 3361 Adnotat
3529 3306 3627 3360 de-

2209 3411 2221 3450 :
2279 3393 2424 3449 Satis
2481 3397 2648 3448 cauta
2705 3398 2755 3450 et
2810 3395 3037 3466 pro-vida
3108 3395 3408 3463 adiectione
3461 3394 3628 3465 ﬁdem

1978 3485 2227 3555 Symboti
2255 3483 2326 3538 ab
2374 3481 2631 3537 Ecclesia
2660 3482 3014 3554 Aquileiensi
3075 3483 3292 3544 doceri;
3322 3498 3447 3554 quae
3478 3486 3540 3538 in
3566 3499 3628 3539 eo

1981 3573 2126 3644 quod
2155 3589 2188 3626 a
2216 3573 2428 3628 caeteris
2481 3571 2738 3639 traditur,
2775 3571 2970 3626 Carnis
3014 3574 3483 3639 resurrectionem,
3516 3589 3626 3629 uno

1981 3660 2164 3716 addito
2207 3662 2538 3732 pronomine
2588 3660 2770 3715 tradit
2799 3679 2817 3714 :
2845 3661 3018 3730 Hujus
3045 3661 3238 3717 carnis
3274 3664 3628 3717 resurrectio-

1980 3767 2124 3806 nem.
2167 3749 2336 3804 Hisce
2385 3749 2576 3804 tribus
2628 3749 2700 3804 de
2751 3749 3105 3805 addimentis
3153 3749 3438 3821 ampliora
3485 3750 3628 3805 scri-

1982 3841 2211 3911 psimus
2259 3839 2318 3894 in
2370 3837 2585 3893 nostris
2640 3837 3028 3908 Aquileiensis
3077 3837 3364 3910 Ecclesiae,
3415 3839 3626 3893 Monu-

1982 3928 2220 3993 mentis,
2253 3944 2380 3998 cap.
2410 3944 2511 3991 v11,
2544 3943 2708 3980 num.
2742 3927 2792 3980 4.

2056 4018 2118 4072 In
2141 4016 2342 4072 eadem
2367 4014 3008 4088 SymboliExpositione
3029 4016 3132 4071 abs
3155 4016 3362 4071 Ruﬁno
3386 4017 3629 4072 adorna-

1982 4114 2060 4176 ta,
2097 4122 2222 4177 quaa
2254 4110 2477 4175 prostat
2505 4103 2658 4159 inter
2686 4120 2860 4175 opera
2890 4103 3077 4159 sancti
3108 4106 3402 4176 Cypriani,
3436 4124 3470 4161 a
3500 4106 3626 4162 Ste-

1983 4195 2176 4268 phano
2230 4193 2549 4262 Baluzio,et
2580 4210 2695 4247 uno
2726 4210 2794 4248 ex
2823 4193 3126 4248 monachis
3158 4195 3626 4268 congregationis

1983 4283 2176 4339 Sancti
2198 4281 2384 4338 Mauri
2406 4281 2580 4352 edita,
2615 4281 2725 4337 alio
2749 4281 2974 4337 diverso
2997 4283 3170 4337 verba
3199 4284 3463 4354 quaedam
3487 4283 3626 4338 effe-

1986 4377 2194 4427 runtur
2217 4370 2876 4441 modo:videlicet,Credo
2899 4373 2958 4425 in
2984 4373 3270 4427 DeoPatre
3285 4373 3630 4443 omnipoten-

1983 4470 2032 4518 te
2064 4462 2214 4517 143
2245 4469 2298 4516 et
2325 4463 2386 4516 in
2428 4460 2640 4515 Christo
2670 4462 2817 4524 Jesu,
2849 4461 3009 4515 unico
3058 4461 3199 4515 Filio
3229 4460 3366 4530 ejus,
3398 4461 3631 4516 Domino

1982 4555 2164 4606 nostro
2193 4569 2212 4605 :
2241 4553 2288 4605 et
2320 4552 2381 4604 in
2426 4551 2640 4620 Spiritu
2665 4553 2876 4604 sancto.
2906 4550 2990 4604 Ad
3040 4565 3108 4604 ea
3155 4549 3331 4604 verba
3363 4566 3376 4604 :
3410 4549 3473 4604 In
3524 4551 3631 4605 Deo

1983 4641 2148 4694 Patre
2206 4640 2590 4709 omnipotente,
2644 4642 2783 4692 nota
2847 4637 3184 4710 appingitur
3233 4655 3246 4693 :
3297 4659 3327 4688 ‹‹
3377 4639 3470 4693 Sic
3514 4642 3634 4694 tres

215 4730 396 4784 Tertia
441 4731 542 4785 die
571 4732 885 4785 resurrexit
911 4747 946 4785 a
983 4732 1234 4786 mortuis.
1280 4730 1532 4786 Ascendit
1585 4733 1644 4786 in
1689 4732 1870 4802 ccelos,
1907 4749 1952 4813 Ι)
1984 4729 2126 4784 Mss.
2173 4727 2401 4783 codices
2449 4744 2583 4781 cum
2616 4725 3011 4796 (cditionibus)
3043 4725 3352 4796 Rembolti,
3385 4726 3636 4791 Erasmi,

215 4818 364 4873 κρέα
390 4836 424 4873 a
457 4819 750 4874 dexteram
802 4820 1002 4874 Patris.
1029 4819 1174 4875 Inde
1226 4823 1486 4874 venturus
1515 4826 1591 4875 est
1619 4821 1878 4891 judicare

219 4923 385 4972 tua,
419 4907 579 4963 142
613 4910 669 4962 et
708 4916 966 4964 mortuos.
999 4907 1169 4965 Credo
1199 4910 1257 4962 in
1287 4909 1556 4979 Spiritum
1605 4917 1878 4976 sanctum,

223 5007 477 5049 metam
530 4996 845 5067 Ecclesiam,
878 5005 928 5052 et
952 4998 1339 5054 remissionem
1362 5005 1726 5069 peccatorum,
1758 5013 1880 5051 car-

221 5087 314 5137 nis
339 5087 824 5152 resurrectionem,
859 5088 1025 5141 vitam
1051 5091 1343 5144 atemam.
1370 5090 1703 5141 Postremae
1734 5085 1882 5140 duas

220 5188 388 5228 vaces
446 5173 760 5243 adiunctas
807 5174 985 5230 vides.
1040 5175 1210 5230 Hisce
1277 5175 1568 5230 minutam
1619 5173 1882 5229 Ecclesiae

224 5277 339 5316 una
369 5261 700 5319 famulam
724 5263 958 5320 exhibet
993 5264 1287 5320 Maximus
1312 5265 1662 5320 Taurinensis
1685 5265 1886 5335 episco-

233 5368 326 5421 γυ
351 5352 614 5409 Homilia
650 5352 708 5406 in
745 5353 1058 5410 traditione
1089 5352 1348 5426 Symboli
1384 5371 1397 5421 ;
1427 5369 1638 5425 nempe
1671 5369 1683 5406 :
1721 5351 1886 5408 Credo

239 5457 292 5491 ut
319 5441 482 5497 Deum
533 5446 763 5497 Patrem
794 5443 1242 5514 omnipotentem.
1275 5444 1342 5497 Et
1391 5443 1451 5496 in
1495 5443 1680 5498 Jesum
1729 5440 1886 5495 Chri-

245 5539 386 5594 ειη,
413 5533 630 5587 Filium
683 5532 804 5602 ejus
852 5533 1098 5598 unicum,
1131 5530 1423 5586 Dominum
1470 5535 1737 5585 nostrum.
1775 5531 1891 5600 Qui

253 5629 382 5674 ναις
408 5630 487 5677 est
539 5623 611 5677 de
641 5620 857 5694 Spiritu
905 5627 1102 5675 sancto
1132 5635 1205 5675 ea:
1251 5620 1426 5674 Maria
1477 5619 1724 5690 Virgine.
1779 5618 1886 5673 Sub

263 5705 416 5764 Pastis
461 5711 660 5767 Pilato
689 5709 1009 5781 cruciﬁxus
1054 5711 1151 5774 est,
1179 5715 1228 5764 et
1275 5709 1539 5780 sepultus.
1573 5709 1752 5763 Tertia
1802 5707 1890 5762 die

261 5803 528 5858 ἀιπετίε
571 5820 607 5858 a
645 5801 916 5860 mortuis.
971 5795 1224 5854 Ascendit
1274 5800 1333 5854 in
1377 5799 1595 5866 calum,
1625 5797 1770 5854 sedet
1820 5797 1890 5851 ad

1985 4821 2041 4872 et
2071 4817 2295 4872 Morelii
2331 4833 2344 4870 :
2379 4821 2435 4870 et
2482 4818 2565 4870 sic
2614 4815 2675 4869 in
2729 4816 3110 4886 sequentibus
3159 4814 3442 4885 articulis,
3475 4822 3526 4870 et
3577 4818 3638 4871 in

1987 4908 2114 4963 Jesu
2147 4905 2380 4972 Christo,
2413 4908 2522 4960 etc.
2557 4904 2848 4959 Pamelius
2879 4903 2970 4959 his
3001 4904 3060 4958 in
3095 4903 3238 4959 locis
3267 4909 3636 4960 accusativum

1989 4995 2206 5068 posuit,
2240 5000 2365 5050 tum
2415 4993 2552 5065 quia
2591 4993 2675 5048 sic
2722 4992 2942 5048 invenit
2995 4994 3054 5047 in
3102 4993 3436 5061 Frobeiana,
3470 4998 3526 5050 et
3574 4994 3634 5048 in

1991 5084 2122 5141 aliis
2177 5084 2406 5138 duabus
2447 5081 2692 5137 vetustis
2738 5081 3139 5137 cditionibus:
3190 5087 3315 5136 tum
3367 5083 3504 5154 quia
3551 5083 3636 5138 sic

1992 5173 2209 5228 habent
2257 5171 2368 5225 tria
2415 5171 2567 5241 apud
2627 5169 3042 5241 Hieronymum
3093 5171 3386 5244 Symbola,
3437 5176 3495 5226 et
3551 5171 3635 5227 sic

1990 5260 2117 5332 ipse
2147 5258 2532 5330 Hieronymus
2559 5259 2617 5312 in
2650 5256 2887 5330 Dialogo
2910 5258 3188 5313 adversus
3218 5257 3636 5326 Luciferianos,

1994 5366 2110 5404 uno
2140 5348 2264 5404 loco
2321 5352 2554 5418 excepto
2587 5362 2600 5402 :
2634 5347 2718 5401 sic
2769 5346 2945 5402 etiam
2976 5346 3193 5418 ubique
3243 5348 3634 5418 Augustinus.

1992 5439 2209 5495 Verum
2255 5435 2493 5492 Pamelii
2527 5435 2782 5490 rationes
2833 5437 3079 5508 probant
3119 5435 3263 5491 illud
3311 5436 3547 5508 quidem
3579 5436 3638 5490 in

1994 5528 2284 5601 plerisque
2329 5524 2620 5598 Symbolis
2671 5524 2783 5580 dici
2835 5524 3040 5590 solere,
3094 5525 3268 5581 Credo
3317 5529 3378 5579 in
3418 5526 3588 5580 Deum
3621 5543 3640 5579 :

1996 5623 2054 5673 at
2084 5615 2326 5671 minimc
2373 5614 2639 5686 probant,
2673 5615 2756 5669 sic
2805 5615 2980 5669 etiam
3035 5614 3324 5670 exstitisse
3362 5615 3423 5668 in
3473 5615 3642 5686 Sym-

1996 5705 2128 5761 bolo
2157 5703 2422 5759 Ecclesiae
2462 5702 2867 5774 Aquileiensis.
2905 5703 3054 5768 Quin
3085 5704 3262 5757 etiam
3293 5719 3408 5774 quo
3455 5702 3642 5758 usita-

1998 5797 2111 5851 tior
2141 5797 2265 5850 erat
2294 5793 2634 5850 accusativus
2675 5793 2734 5848 in
2765 5791 3076 5865 Symbolis,
3109 5807 3175 5848 eo
3205 5791 3402 5848 minus
3433 5791 3640 5862 proba-
