4094 6448
517 504 632 563 M7
1535 495 1854 559 GEORGII
1899 493 2163 557 CYPRlI
2204 491 2324 554 GP.
2367 491 2899 555 PATRIABCHE
3801 488 3917 551 148

516 635 634 692 bile
692 636 782 690 est
835 630 1102 688 librarios
1156 629 1245 687 vel
1302 630 1551 697 incuria,
1595 629 1684 686 vel
1742 629 1814 686 de
1868 627 2160 684 industria
2190 631 2241 694 Α
2271 626 2475 681 eodem
2524 625 2798 698 Symbolo
2847 640 2963 697 quo
3007 628 3065 679 et
3108 640 3216 680 nos
3279 623 3596 696 baptizare,
3646 622 3918 680 eumdem

518 724 824 782 ablativum
868 723 926 777 in
974 721 1084 776 hoc
1133 719 1406 792 Symbolo
1464 719 1749 791 posuisse.
1801 718 1867 773 At
1919 716 2163 772 minime
2270 730 2441 770 nosse
2497 715 2668 770 Deum
2721 715 2959 781 Patrem,
3009 712 3281 769 eumdem
3338 713 3544 768 Filium
3614 711 3915 781 Christum,

522 812 740 869 mirum
772 811 844 876 si,
871 826 1005 865 cum
1056 809 1377 881 reperirent
1405 807 1741 873 ablativum,
1776 807 2024 862 novitate
2077 806 2163 861 of-
2270 803 2542 858 eumdem
2595 803 2865 874 Spiritum
2909 810 3268 864 sanctum...;
3302 800 3449 857 sciat
3494 800 3766 874 quisquis
3811 801 3919 857 hoc

521 898 691 963 fensi,
742 897 1136 953 accusativum
1177 896 1547 951 inseruerint.
1579 896 1968 960 Quamobrem
2013 894 2164 950 codi-
2272 892 2683 963 opponendum
2738 896 2924 963 putat,
2976 891 3232 964 primum
3282 907 3398 947 non
3446 906 3577 947 esse
3624 892 3813 960 nobis,
3863 895 3923 946 et

523 1005 639 1053 ces,
672 987 733 1042 in
785 986 1002 1058 quibus
1052 985 1281 1056 legitur,
1333 983 1503 1039 Credo
1550 986 1614 1039 in
1660 986 1787 1051 Deo,
1835 988 1967 1053 etc.,
2002 988 2058 1039 et
2104 985 2166 1039 in
2273 980 2666 1036 schismaticis
2698 998 2877 1036 unam
2906 979 3164 1053 Symboli
3197 979 3622 1051 legem,neque
3650 981 3919 1036 eamdem

527 1078 759 1142 Christo,
808 1080 942 1144 etc.,
974 1078 1029 1129 et
1078 1076 1139 1130 in
1182 1073 1396 1146 Spiritu
1440 1082 1645 1142 sancto,
1703 1074 1976 1129 videntur
2022 1072 2165 1128 mihi
2274 1068 2812 1142 interrogationem.
2848 1069 2993 1126 Nam
3042 1085 3176 1125 cum
3226 1068 3448 1138 dicunt,
3490 1069 3682 1125 Credis
3729 1058 3943 1125 remis?

528 1164 857 1222 accuratius
908 1162 1394 1218 consuetudinem
1458 1162 1726 1218 Ecclesiae
1772 1161 2167 1234 Aquileiensis
2275 1160 2483 1214 sionem
2523 1163 2894 1230 peccatorum,
2925 1162 2978 1214 el
3020 1161 3191 1215 vitam
3236 1163 3627 1230 sternamper
3678 1162 3927 1214 sanctum

530 1254 798 1320 retinere,
856 1268 1033 1322 quam
1088 1250 1191 1322 qui
1245 1253 1619 1307 accusativum
1674 1255 1979 1323 usurpant.
2038 1250 2169 1305 Haec
2277 1248 2593 1317 Ecclesium,
2639 1248 3006 1303 mentiuntur
3048 1247 3108 1302 in
3166 1246 3639 1319 interrogatione,
3690 1247 3928 1319 quando

533 1349 728 1399 autem
759 1339 1022 1413 Symboli
1051 1340 1471 1412 pronuntiandi
1502 1339 1647 1395 ratio
1696 1356 1811 1394 non
1841 1338 2071 1394 videtur
2098 1338 2169 1392 ab
2280 1353 2394 1393 non
2447 1337 2703 1393 habeant
2752 1335 3094 1394 Ecclesium.
3129 1359 3152 1387 ι
3191 1336 3403 1392 Eadem
3451 1336 3660 1391 scribit
3696 1336 3757 1391 in
3805 1337 3931 1409 epi-

527 1433 638 1488 hac
685 1429 943 1486 Ecclesia
991 1430 1173 1485 ascita
1222 1428 1347 1485 sine
1400 1428 1639 1486 consilio
1689 1428 1915 1484 fuisse:
1957 1428 2056 1483 sed
2108 1431 2174 1482 ut
2280 1426 2429 1481 stola
2465 1427 2537 1480 7O
2566 1425 2659 1482 his
2710 1425 2904 1482 verbis
2938 1444 2951 1482 :
2983 1426 3123 1481 Nam
3158 1441 3284 1482 cum
3333 1424 3590 1490 dicimus,
3624 1425 3819 1481 Credis
3872 1426 3932 1480 in

528 1520 708 1576 trium
740 1533 1123 1590 personarum
1163 1516 1491 1572 divinarum
1522 1516 1734 1572 clarior
1760 1520 1916 1572 esset
1963 1515 2171 1571 distin-
2279 1515 2456 1571 vitam
2528 1518 2809 1582 aeternam,
2866 1518 2916 1570 et
2972 1516 3351 1571 remissionem
3421 1517 3772 1580 peccatorum
3840 1530 3941 1586 per

530 1609 644 1665 ctio
685 1607 757 1663 ab
802 1605 1063 1661 articulis
1112 1605 1516 1677 sequentibus,
1564 1607 1812 1661 sanctum
1859 1606 2171 1673 Ecclesium,
2280 1612 2528 1659 sanctam
2574 1604 2938 1661 Ecclesium...
2974 1603 3285 1659 Additione
3329 1604 3466 1660 vita
3491 1607 3717 1660 atteram
3765 1618 3936 1659 care-

530 1701 638 1754 etc.
693 1718 723 1747 »
772 1699 1005 1763 Vereor,
1056 1711 1127 1750 ne
1175 1711 1354 1765 quam
1400 1694 1622 1751 invehit
1686 1694 2174 1766 diligentissimus
2281 1692 2384 1747 bat
2413 1688 2754 1763 Symbolum
2790 1695 3112 1748 Romanum.
3140 1691 3284 1747 Hinc
3315 1691 3563 1748 Ruﬁnus
3597 1691 3698 1756 ait,
3730 1707 3942 1748 sermo-

531 1787 860 1855 adnotator,
893 1782 1150 1856 Symboli
1194 1783 1607 1853 pronuntiandi
1640 1783 1786 1837 ratio
1817 1784 1876 1837 in
1917 1781 2175 1838 Ecclesia
2284 1798 2428 1847 nem,
2478 1783 2577 1851 qui
2622 1783 3087 1837 Resurrectionem
3144 1784 3334 1837 carnis
3393 1783 3746 1853 pronuntiat,
3791 1797 3943 1837 sum-

530 1873 890 1947 Aquileiensi
956 1888 1218 1944 unquam
1276 1872 1543 1943 viguerit.
1604 1872 1919 1927 Clariorem
1993 1874 2172 1926 trium
2281 1888 2433 1927 mum
2472 1872 2639 1927 totius
2683 1872 3035 1940 perfectionis
3080 1872 3361 1926 succincta
3411 1870 3673 1926 brevitate
3716 1870 3944 1926 conclu-

534 1979 915 2036 personarum
965 1961 1296 2016 divinarum
1337 1960 1771 2016 distinctionem
1803 1961 1875 2016 ab
1923 1959 2056 2015 aliis
2084 1977 2175 2015 ar-
2208 1994 2255 2059 B
2282 1960 2426 2017 dere.
2483 1960 2676 2032 Ipsius
2722 1975 2855 2015 vero
2904 1959 3331 2015 Resurrectionis
3381 1957 3687 2015 clariorem
3740 1958 3941 2015 verbis

536 2051 735 2109 ticulis
782 2050 898 2106 alio
950 2067 1020 2106 ex
1073 2050 1262 2121 capite
1309 2049 1557 2105 Ruﬁnus
1610 2049 1866 2104 desumit
1933 2048 2175 2119 ibidem,
2209 2047 2254 2059 “’
2287 2048 2427 2117 illis,
2491 2050 2625 2106 Vita
2700 2055 2941 2115 eterna,
2992 2047 3413 2120 expositionem
3496 2047 3710 2113 afferri,
3768 2047 3943 2104 docet

538 2157 702 2197 num.
746 2141 817 2195 36
851 2164 865 2197 :
901 2162 921 2189 ιο
958 2139 1216 2195 Sanctum
1265 2139 1582 2207 Ecclesium,
1631 2140 2005 2194 remissionem
2050 2155 2178 2209 pec-
2286 2139 2650 2211 Augustinus
2696 2138 2757 2192 in
2806 2153 3096 2205 sermone,
3140 2153 3243 2193 seu
3291 2135 3441 2191 libro
3489 2153 3507 2192 ι
3556 2137 3632 2192 De
3678 2136 3937 2209 Symbolo

530 2239 797 2295 catorum,
849 2228 1015 2295 huius
1059 2228 1242 2284 carnis
1289 2228 1764 2283 resurrectionem.
1812 2227 1937 2281 Non
1987 2225 2175 2282 dixit:
2290 2228 2359 2283 ad
2398 2227 2834 2291 cutachumenos,
2880 2242 3044 2281 num.
3078 2227 3147 2281 16
3177 2242 3191 2281 :
3224 2226 3300 2281 Ne
3344 2227 3530 2281 carnis
3575 2228 3939 2281 resurrectio-

536 2321 601 2375 In
628 2322 880 2373 sanctam
919 2316 1232 2385 Ecclesium,
1266 2332 1372 2371 nec
1420 2318 1482 2370 in
1509 2316 1887 2371 remissionem
1930 2321 2180 2383 peccato-
2286 2333 2413 2373 nem
2463 2320 2731 2389 futuram,
2805 2315 3095 2385 inquiens,
3160 2318 3313 2385 putet
3363 2315 3594 2386 aliquis,
3673 2314 3941 2386 quomodo

540 2423 688 2478 rum,
720 2422 825 2461 nec
870 2408 931 2461 in
959 2407 1148 2460 carnis
1195 2406 1667 2460 resurrectionem.
1701 2403 1761 2459 Si
1800 2404 1956 2459 enim
2012 2403 2181 2459 addi-
2290 2407 2489 2461 Luzuri
2508 2424 2531 2470 ;
2558 2408 2618 2460 ut
2663 2404 2902 2458 sciamus
2940 2418 3053 2459 non
3093 2402 3174 2459 sic
3216 2417 3351 2470 esse,
3397 2400 3644 2457 additum
3682 2403 3792 2471 fuit
3819 2420 3839 2456 :
3874 2404 3941 2459 In

540 2497 725 2552 disset
754 2498 810 2550 in
856 2493 1351 2566 praepositionem,
1383 2510 1500 2548 una
1545 2494 1868 2565 eademque
1898 2494 1984 2549 vis
2032 2493 2180 2550 tuis-
2288 2496 2458 2550 vitam
2511 2501 2800 2550 aeternam.
2851 2492 2975 2556 Quo
3022 2490 3149 2547 loco
3195 2490 3592 2547 animadverte
3660 2493 3947 2564 pmposi-

540 2588 628 2639 set
659 2598 793 2639 cum
824 2581 1244 2654 superioribus.
1277 2581 1442 2635 Nunc
1474 2585 1669 2636 autem
1704 2581 1761 2635 in
1793 2580 1911 2635 illis
1941 2582 2177 2653 quidem
2287 2583 2531 2650 tionem,
2560 2584 2641 2648 in,
2677 2580 2974 2652 aliquibus
3019 2579 3078 2634 in
3125 2578 3399 2636 Ecclesiis
3441 2579 3685 2652 perinde
3721 2579 3945 2636 divinis

535 2670 858 2738 vocabulis,
911 2670 1010 2725 ubi
1058 2671 1129 2725 de
1158 2669 1459 2725 divinitate
1508 2670 1653 2725 ﬁdes
1696 2671 2002 2726 ordinatur
2051 2689 2063 2727 :
2116 2673 2181 2727 in
2281 2671 2555 2745 personis
2587 2670 2844 2739 afﬁxam,
2877 2685 2943 2725 ac
2972 2667 3197 2725 caeteris
3227 2667 3512 2724 articulis.

536 2765 650 2817 Deo
679 2762 844 2816 Patre
888 2758 1121 2825 dicitur,
1152 2762 1209 2814 et
1236 2759 1295 2813 in
1346 2760 1475 2814 Iesu
1507 2758 1722 2815 Christo
1769 2760 1909 2814 Filio
1957 2760 2094 2831 ejus,
2124 2764 2182 2816 et
2364 2761 2657 2831 [ntegrum
2730 2758 3053 2830 Africanum
3097 2755 3466 2829 Symbolum,
3514 2756 3782 2829 pluribus
3828 2773 3950 2814 au-

535 2853 597 2905 in
621 2850 837 2921 Spiritu
876 2851 1100 2913 sancto;
1130 2847 1191 2903 in
1242 2848 1465 2902 caeteris
1494 2864 1629 2903 vero
1678 2848 1758 2903 ibi
1808 2865 1921 2903 non
1971 2850 2042 2903 de
2090 2850 2180 2904 di-
2289 2854 2450 2904 ctum
2498 2848 2758 2915 vocibus,
2808 2847 2964 2920 quod
3010 2863 3117 2902 suo
3166 2846 3399 2919 vigebat
3445 2850 3728 2918 tempore,
3777 2846 3945 2903 idem

532 2938 795 3003 vinitate,
827 2938 929 2992 sed
961 2937 1033 2991 de
1079 2935 1361 2991 creaturis
1391 2952 1459 2991 ac
1491 2935 1781 3007 mysteriis
1830 2952 2023 2991 sermo
2069 2942 2177 3002 est,
2288 2938 2654 3010 Augustinus
2711 2937 2930 3008 profert
2985 2935 3045 2990 in
3113 2950 3383 2991 sermone
3434 2936 3562 3005 212,
3621 2951 3689 2990 ac
3744 2934 3947 2992 tribus

533 3028 595 3082 in
619 3025 950 3098 praepositio
998 3042 1113 3080 non
1152 3025 1409 3096 additur,
1445 3030 1510 3079 ut
1555 3024 1782 3081 dicatur
1828 3027 1889 3080 in
1935 3034 2180 3081 sanctam
2289 3025 2732 3098 insequentibus
2778 3041 2927 3098 quos
2975 3023 3183 3080 habuit
3210 3026 3271 3078 in
3309 3023 3620 3080 Traditions
3669 3023 3945 3096 Symbeli,

534 3117 854 3180 Ecclesium,
887 3115 988 3170 sed
1035 3117 1284 3169 sanctam
1311 3115 1607 3168 Ecclesium
1649 3115 1998 3170 credendam
2029 3132 2177 3183 esse,
2289 3116 2546 3187 itemque
2590 3113 2740 3170 libro
2788 3118 2868 3171 De
2910 3113 3016 3183 ﬁde
3060 3118 3117 3168 et
3145 3112 3418 3185 Symbolo,
3451 3129 3519 3168 ac
3569 3124 3834 3169 sermone
3868 3114 3952 3169 de

538 3222 652 3261 non
684 3209 749 3260 ut
778 3206 839 3260 in
875 3205 1069 3272 Deum,
1097 3203 1199 3258 sed
1231 3207 1297 3257 ut
1343 3201 1660 3258 Ecclesium
1697 3204 1807 3259 Deo
1859 3219 2180 3276 congrega-
2287 3203 2561 3278 Symbolo
2607 3204 2677 3259 ad
2726 3202 3198 3258 catechumenos.
3249 3200 3399 3257 Illud
3450 3204 3541 3258 est
3587 3217 3602 3257 :
3654 3200 3826 3257 Credo
3878 3203 3953 3257 in

537 3299 656 3349 tam
694 3311 707 3349 :
739 3297 799 3349 et
828 3294 1200 3348 remissionem
1246 3300 1589 3363 peccatorum
1631 3292 1979 3348 credendam
2028 3309 2178 3359 esse,
2222 3356 2254 3363 _
2291 3295 2462 3350 Deum
2516 3294 2736 3348 Patrem
2805 3292 3253 3363 omnipotentem.
3309 3291 3377 3346 Et
3427 3292 3490 3345 in
3541 3290 3721 3347 Iesum
3778 3290 3953 3347 Chri-

539 3398 656 3437 non
689 3383 749 3436 in
788 3383 1162 3438 remissionem
1208 3385 1547 3451 peccatorum
1576 3399 1595 3434 :
1627 3385 1684 3435 et
1728 3384 2182 3438 resurrectionem
2212 3356 2257 3424 (ἶ
2297 3391 2462 3453 stum,
2495 3382 2702 3438 Filium
2739 3381 2857 3453 ejus
2910 3381 3161 3450 unicum,
3195 3380 3491 3435 Dominum
3533 3381 3801 3434 nodrum.
3833 3379 3958 3447 Qui

538 3472 744 3541 carnis,
798 3486 913 3526 non
962 3472 1020 3525 in
1069 3471 1521 3525 resurrectionem
1564 3472 1770 3524 carnis.
1824 3471 1937 3526 Hac
1988 3471 2181 3543 itaque
2289 3478 2583 3542 conceptus
2622 3478 2700 3525 est
2740 3468 2807 3524 de
2852 3469 3065 3540 Spiritu
3135 3474 3347 3535 sancto,
3397 3469 3569 3522 natus
3616 3482 3689 3521 ex
3766 3464 3957 3521 lar-ia

541 3558 967 3631 praepositionis
1012 3558 1237 3630 syllaba
1265 3560 1498 3614 Creator
1527 3575 1560 3614 a
1589 3559 1873 3615 creaturis
1924 3561 2181 3615 secerni-
2296 3562 2538 3632 Virgine.
2581 3560 2782 3615 Passus
2824 3557 2974 3614 145
3008 3559 3086 3612 est
3131 3557 3230 3612 sub
3270 3556 3469 3612 Pontio
3509 3555 3714 3620 Pilato,
3761 3569 3956 3611 erua-

542 3652 659 3715 tur,
691 3652 749 3703 et
786 3646 982 3702 divina
1029 3651 1377 3718 separantur
1407 3647 1479 3702 ab
1529 3647 1872 3704 humanis.»
1910 3649 2035 3704 Haec
2086 3666 2182 3719 po-
2289 3650 2455 3720 ﬁxus,
2505 3656 2771 3713 mortuus,
2817 3656 2869 3702 et
2908 3646 3167 3718 sepultus.
3222 3646 3397 3701 Tertia
3438 3643 3528 3699 die
3575 3643 3887 3700 resurrean’t
3915 3660 3959 3699 α

539 3736 773 3792 tissima
803 3736 997 3791 Ruﬁni
1027 3735 1196 3803 ratio,
1220 3752 1398 3807 quam
1428 3735 1614 3792 solam
1645 3736 2179 3808 aﬁertipseJocum
2290 3739 2542 3794 mortuis.
2603 3736 2858 3792 Ascendit
2907 3738 2970 3790 in
3023 3735 3242 3802 caelum,
3301 3732 3445 3790 sedet
3498 3733 3577 3790 ad
3652 3732 3962 3789 dexteram

541 3824 735 3894 habet,
767 3822 1002 3879 tametsi
1047 3826 1264 3879 Divinas
1309 3838 1581 3896 personae,
1633 3826 1961 3882 accusativo
2009 3844 2180 3883 usur-
2290 3828 2499 3882 Patris.
2565 3825 2694 3881 Inde
2738 3832 3000 3880 venturus
3036 3823 3302 3895 judicare
3364 3823 3537 3889 vicos,
3582 3823 3634 3877 et
3678 3827 3954 3877 mortuos.

544 3918 678 3986 pato
710 3929 871 3978 casu,
903 3912 1373 3984 pronuntientur.
2292 3918 2357 3972 Et
2425 3917 2488 3971 in
2569 3915 2843 3987 Spiritum
2932 3920 3202 3977 sanctum,
3277 3919 3532 3967 sanctam
3620 3909 3957 3982 Ecclesium,

616 4004 774 4057 144
830 4001 1069 4056 Interim
1131 4002 1526 4058 additamenta
1602 4004 1950 4076 Aquileiensa
2006 4006 2183 4077 (quod
2293 4005 2686 4062 Remissionem
2759 4011 3137 4073 peccatorum,
3195 4002 3393 4057 Carnis
3471 4000 3958 4067 resurrectionem,

546 4092 618 4148 ad
648 4107 772 4146 rem
802 4097 1064 4146 nostram
1097 4092 1349 4147 maxime
1379 4093 1648 4163 pertinet)
1672 4093 1986 4165 postulavit
2014 4110 2185 4150 nemo
2300 4096 2476 4151 Vitam
2518 4104 2804 4149 aeternam.
2841 4113 2870 4142 »
2903 4090 3172 4163 Quinque
3223 4090 3460 4161 adjecta
3489 4102 3661 4144 voces
3704 4100 3963 4144 enume-

548 4181 619 4236 de
649 4179 912 4235 crimine.
960 4180 1143 4236 Litem
1170 4182 1474 4236 adversum
1507 4197 1576 4236 ea
1604 4187 1910 4238 moverunt
1938 4182 2184 4251 nullam,
2295 4186 2520 4238 rantur.

546 4286 673 4342 quas
721 4268 845 4324 aliis
897 4268 1161 4324 Ecclesiae
1210 4286 1325 4324 non
1377 4270 1579 4325 eadem
1637 4270 2121 4342 amplexabantur
2170 4291 2182 4327 :
2363 4271 2631 4326 Veterem
2666 4270 3100 4343 Hispanicarum
3129 4265 3517 4323 Ecclesiarum
3544 4262 3966 4338 Symbolifor-

546 4374 736 4430 neque
784 4357 913 4430 ipsa
966 4358 1205 4413 demum
1252 4357 1506 4413 Ecclesia
1573 4358 1853 4423 Romana,
1904 4361 2074 4431 cujus
2124 4378 2188 4417 se
2296 4359 2541 4426 mulam,
2575 4375 2751 4432 quam
2784 4358 3039 4428 majores
3083 4356 3469 4421 tradiderant,
3501 4353 3748 4411 recitant
3783 4354 3967 4410 Ethe-

543 4446 937 4519 Aquileiensis
986 4446 1367 4518 proﬁtebatur
1430 4446 1631 4516 ﬁliam,
1680 4448 1996 4517 rejicienda
2043 4467 2185 4521 prae-
2293 4465 2417 4504 rius
2438 4448 2748 4520 episcopus
2772 4444 3137 4515 Uxamensis,
3162 4448 3219 4500 et
3239 4448 3435 4500 Beatus
3473 4443 3777 4516 presbyter
3795 4443 3972 4515 ejus,

545 4535 798 4607 scripsit.
834 4534 950 4589 Cur
981 4535 1138 4590 enim
1187 4534 1384 4589 unitas
1411 4534 1680 4590 violanda
1711 4536 1872 4606 foret,
1906 4553 2039 4593 cum
2072 4556 2189 4593 una
2296 4536 2441 4592 libro
2474 4555 2512 4602 ι,
2544 4536 2812 4593 Adversus
2850 4534 3186 4605 Elipandum
3222 4532 3730 4605 archiepiscopum
3778 4532 3971 4589 Tole-

544 4623 865 4696 eademque
895 4629 1051 4679 esset
1084 4623 1227 4678 ﬁdes
1257 4622 1542 4691 omnium,
1576 4624 1683 4679 etsi
1717 4641 1844 4679 eam
1876 4624 1971 4680 alii
2012 4631 2188 4698 atque
2297 4631 2529 4693 tanum,
2580 4642 2734 4681 anno
2779 4623 2994 4679 Christi
3034 4624 3144 4678 785
3191 4623 3494 4678 confecto:
3546 4644 3574 4671 «
3622 4622 3971 4692 Surgamus

545 4710 642 4766 alii
670 4712 872 4783 paucis
922 4717 1022 4767 aut
1066 4712 1335 4784 pluribus
1383 4712 1621 4769 vocibus
1668 4714 1985 4769 efferrent?
2015 4716 2191 4771 Erant
2224 4728 2267 4791 ι)
2300 4729 2435 4785 ergo
2468 4730 2601 4769 cum
2654 4712 2799 4785 ipsis
2832 4711 3132 4784 apostolis,
3165 4715 3225 4766 et
3262 4711 3399 4766 ﬁdei
3449 4713 3659 4766 nostra;
3700 4709 3971 4781 Symbo-

546 4799 760 4871 quippe
809 4800 1085 4857 clariores
1129 4802 1414 4857 duntaxat
1458 4802 1788 4857 communis
1839 4807 2010 4859 rectae
2055 4805 2189 4860 ﬁdei
2300 4803 2447 4869 lum,
2477 4803 2632 4874 quod
2663 4801 3033 4858 tradiderunt
3060 4799 3233 4856 nobis
3256 4799 3416 4855 brevi
3455 4797 3825 4870 compendio,
3860 4816 3971 4858 ne-

546 4886 1005 4958 declarationes;
1038 4906 1169 4962 quae
1220 4890 1563 4946 necessariae
1608 4889 1822 4946 alicubi
1871 4891 2007 4947 visae
2061 4893 2189 4949 fue-
2300 4893 2574 4947 citemus.
2615 4892 2795 4947 Credo
2845 4890 2905 4946 in
2953 4889 3139 4945 Deum
3186 4887 3416 4944 Patrem
3464 4887 3974 4959 omnipotentem.

545 4980 699 5043 rant,
731 4980 795 5031 ut
841 4979 1139 5034 communi
1173 4979 1447 5051 Symbolo
1487 4980 1903 5046 insererentur,
1938 4982 2010 5036 ad
2059 4998 2188 5037 sur-
2300 4982 2369 5037 Et
2391 4980 2451 5036 in
2482 4981 2683 5036 Jesum
2717 4979 3037 5046 Christum,
3072 4976 3282 5032 Filium
3310 4976 3442 5047 ejus
3473 4975 3974 5047 unicum,Deum,

547 5068 749 5137 gentes
796 5082 900 5138 pro
946 5070 1206 5138 tempore
1254 5067 1504 5123 haereses
1552 5066 1753 5138 procul
1800 5068 2118 5140 abigendas
2157 5088 2191 5126 a
2299 5075 2355 5125 et
2385 5069 2695 5124 Dominum
2748 5070 3037 5123 nostrum.
3087 5064 3194 5129 Qui
3244 5069 3419 5121 natus
3466 5067 3557 5121 est
3602 5064 3674 5120 de
3725 5063 3977 5135 Spiritu

547 5157 744 5209 mente
793 5154 1287 5211 Cbristiﬁdelium.
1332 5157 1545 5212 Eodem
1580 5156 1636 5210 in
1690 5156 1968 5229 Africana
1996 5158 2185 5215 Eccle-
2298 5162 2501 5214 sancto
2532 5174 2602 5213 ex
2631 5156 2810 5212 Maria
2842 5155 3094 5227 Virgine.
3125 5155 3327 5209 Passus
3356 5152 3467 5208 sub
3496 5151 3701 5209 Pontio
3735 5151 3975 5227 Pilato,

547 5242 638 5298 sia
666 5243 910 5298 consilio
939 5243 1324 5315 simpliciores
1369 5244 1626 5316 viguisse
1655 5246 1932 5317 primum,
1966 5249 2189 5303 auctio-
2296 5246 2631 5311 cruciﬁxus,
2662 5249 2718 5300 et
2747 5242 3036 5315 sepultus.
3071 5241 3359 5298 Descendit
3385 5240 3456 5298 ad
3750 5241 3982 5303 Tertia.

548 5347 758 5401 resque
804 5336 1005 5403 postea
1052 5333 1109 5386 in
1161 5349 1271 5389 usu
1322 5332 1542 5404 positas
1592 5350 1721 5389 esse
1776 5334 2185 5406 Symbolorum
2296 5334 2387 5390 die
2418 5334 2734 5391 resurrexit
2779 5336 2995 5389 vivusa
3023 5330 3295 5388 mortuis.
3325 5330 3603 5388 Ascendit
3629 5330 3701 5386 ad
3746 5330 3974 5404 caelos,

545 5418 849 5487 formulas,
902 5420 1260 5477 addiscimus
1289 5438 1359 5477 ex
1406 5422 1687 5494 Cypriano
1734 5428 1791 5479 et
1834 5424 2182 5496 Augustino.
2295 5425 2457 5479 sedet
2500 5425 2571 5479 ad
2624 5425 2920 5479 dexteram
2970 5422 3069 5477 Dei
3113 5419 3304 5477 Patris
3351 5421 3754 5492 omnipotentis.
3805 5419 3979 5481 Inde

543 5507 640 5564 Ille
669 5508 730 5563 in
777 5508 1023 5579 epistola
1061 5510 1132 5565 ad
1181 5510 1480 5581 Magnum,
1511 5512 1581 5564 69
1629 5512 1687 5566 in
1735 5512 1987 5568 editione
2036 5514 2181 5569 Oxo-
2292 5517 2573 5567 venturus
2620 5517 2710 5568 est
2739 5511 3001 5583 iudicare
3029 5508 3210 5577 vivos,
3242 5512 3300 5564 et
3348 5512 3633 5565 mortuos.
3666 5507 3853 5565 Credo
3890 5510 3973 5569 in

539 5596 748 5659 niensi,
801 5602 860 5651 et
893 5598 1060 5665 juxta
1103 5598 1423 5653 Pamelium
1473 5602 1564 5662 76,
1618 5599 1740 5656 haec
1790 5601 2010 5657 habet:
2047 5625 2073 5652 «
2123 5602 2178 5657 Si
2292 5601 2575 5672 Spiritum
2607 5606 2900 5671 sanctum,
2935 5601 3199 5654 sanctam
3242 5597 3557 5654 Ecclesiam
3585 5596 3971 5673 catlwiicam,

541 5684 752 5756 aliquis
789 5685 925 5741 illud
975 5687 1236 5759 opponit,
1270 5690 1328 5742 et
1358 5688 1512 5742 dicat
1544 5705 1554 5741 :
1589 5689 1863 5745 Eamdem
1913 5690 2177 5747 Novatia-
2290 5690 2694 5746 remissionem
2744 5690 2994 5746 omnium
3019 5689 3411 5759 peccatorum,
3443 5687 3638 5745 carnis
3675 5702 3969 5745 resurre-

540 5790 684 5831 num
717 5774 901 5847 legem
937 5780 1151 5848 tenere,
1184 5793 1362 5849 quam
1392 5775 1647 5832 Ecclesia
1676 5778 1957 5836 cotholica
1997 5785 2176 5847 tenet,
2287 5780 2562 5849 ctionem,
2612 5788 2663 5837 et
2709 5782 2881 5836 vitam
2942 5785 3229 5835 aeternam.
3280 5779 3484 5835 Amen.
3536 5798 3566 5827 »
3615 5775 3963 5839 Ecclesia!)
