4094 6480
241 507 346 569 119

1440 510 1651 572 VITA.
1686 542 1764 553 —-
1792 506 2312 572 DISSERTATIO
2354 511 2432 572 ΙΙ.

3530 511 3647 573 150

245 640 493 697 instituit
517 640 684 697 Iesus
715 640 1014 708 Christus,
1049 642 1210 698 omni
1230 647 1522 715 patentem
1543 642 1786 709 nationi,
1817 642 1887 695 ad
1921 644 1974 707 Α
2004 641 2122 696 lam
2153 644 2446 699 existimat
2502 660 2630 699 eam
2685 643 2938 700 Jacobus
2994 641 3265 700 Usserius
3311 643 3372 698 in
3421 645 3642 700 Disser-

249 733 438 786 omnia
458 737 720 802 tempora
751 734 1187 803 protensamet
1201 734 1271 787 ad
1307 733 1506 788 omnia
1537 731 1695 788 loca:
1731 730 1886 785 unde

246 837 345 874 vox
393 821 650 875 catholica
705 820 1045 891 simplicem
1103 821 1360 877 continet
1416 821 1884 894 explicationem.

1998 731 2216 787 tatione
2263 733 2334 788 de
2381 733 2689 806 Symbolis,
2748 750 2927 804 quam
2977 733 3356 788 Constantino
3388 733 3640 806 impera-

1994 821 2104 876 tori
2137 822 2476 877 obtulerunt
2523 822 2713 888 Arius,
2763 827 2820 876 et
2869 822 3142 886 Euzoius,
3193 822 3495 894 presbyter
3521 822 3638 894 ille,

245 915 430 963 Carent
457 925 525 964 ea
552 909 924 980 antiquiores
947 909 1247 965 formulae:
1275 910 1654 981 additumque
1685 912 1888 979 postea
1997 926 2061 963 ac
2093 910 2201 965 iste
2230 910 2512 966 diaconus
2559 911 2823 982 ejusdem
2879 911 3168 966 Ecclesiae.
3201 911 3483 967 Referunt
3512 929 3641 968 eam

243 999 426 1062 fuisse,
459 998 605 1053 satis
661 997 892 1052 iudicat
949 999 1317 1071 Augustinus
1374 998 1524 1054 libro
1583 1000 1656 1054 De
1702 997 1807 1067 ﬁde
1836 1001 1887 1051 et

240 1088 512 1158 Symbolo:
591 1087 865 1142 Sanctam
936 1089 1254 1159 Ecclesiam,
1323 1088 1620 1160 inquiens,
1696 1089 1887 1157 utique

235 1177 566 1231 catholicum.

285 1265 410 1320 Hac
469 1266 532 1320 in
592 1265 917 1320 Occidente
994 1264 1251 1329 innocue
1307 1265 1722 1338 usurpabatur,
1781 1268 1884 1319 aut

226 1354 556 1426 simplicior,
590 1358 700 1409 aut
746 1354 978 1410 auctior
1019 1353 1276 1427 Symboli
1331 1354 1734 1427 apostolorum
1762 1353 1881 1408 for-

223 1443 386 1499 mula.
425 1444 532 1499 Par
584 1446 718 1498 erat
773 1443 1166 1499 Ecclesiarum
1216 1443 1456 1499 Orientis
1495 1444 1877 1499 consuetudo.

221 1535 368 1599 Quod
397 1533 482 1588 ibi
514 1533 899 1604 frequentius
931 1533 991 1587 in
1040 1549 1153 1587 usu
1194 1537 1318 1588 erat
1363 1532 1728 1605 Symbolum,
1761 1533 1877 1587 Ru-

225 1621 359 1676 ﬁnus
390 1621 642 1677 exhibet
671 1621 804 1676 loco
853 1621 1033 1676 citato
1060 1637 1073 1675 :
1112 1642 1142 1671 «
1181 1621 1362 1676 Credo
1393 1622 1454 1676 in
1487 1638 1661 1676 unum
1689 1621 1876 1676 Deum

227 1715 434 1766 Patrem
470 1711 975 1780 omnipotentem.
1007 1711 1079 1766 Et
1123 1710 1184 1765 in
1213 1727 1385 1766 unum
1428 1711 1741 1765 Dominum
1772 1725 1874 1764 no-

230 1805 392 1854 strum
422 1800 646 1856 Jesum
681 1800 1006 1864 Christum,
1056 1798 1297 1854 unicum
1347 1797 1537 1854 filium
1585 1800 1733 1870 ejus.
1767 1797 1875 1862 Qui

227 1894 374 1943 natus
403 1893 500 1944 est
532 1889 610 1944 de
641 1887 871 1959 Spiritu
905 1892 1104 1943 sancto
1133 1904 1202 1943 ex
1233 1888 1416 1943 Maria
1445 1887 1700 1960 Virgine.
1733 1886 1872 1941 Cru-

1996 999 2281 1070 Socrates,
2313 999 2461 1055 libro
2521 1018 2561 1066 ι,
2597 1000 2784 1071 capite
2827 1001 2919 1065 26,
2977 1005 3035 1055 et
3082 1001 3458 1068 Sonmeuus,
3492 1001 3640 1057 libro

1997 1105 2056 1154 ιι,
2093 1089 2280 1159 capite
2307 1090 2396 1142 27.
2428 1111 2456 1138 ‹‹
2506 1091 2808 1144 Credimus
2853 1089 2913 1143 in
2961 1105 3146 1144 unum
3179 1089 3362 1144 Deum
3410 1090 3640 1146 Patrem

1994 1179 2474 1248 omnipotentem.
2507 1178 2578 1232 Et
2623 1178 2682 1232 in
2731 1177 3044 1233 Dominum
3077 1177 3279 1233 Jesum
3313 1177 3634 1249 Christum,

1991 1265 2202 1320 Filium
2234 1267 2383 1337 ejus,
2417 1268 2514 1337 qui
2562 1283 2632 1322 ea:
2669 1283 2728 1322 eo
2773 1266 2962 1339 [actus
3013 1269 3090 1321 est
3137 1265 3238 1335 (al.
3271 1268 3484 1335 genitus
3514 1271 3636 1336 est),

1989 1363 2118 1410 ante
2147 1357 2332 1411 omnia
2360 1356 2580 1426 saecula,
2632 1357 2808 1410 Deum
2848 1356 3100 1422 Verbum,
3133 1371 3233 1426 per
3261 1371 3421 1427 quem
3449 1358 3639 1413 omnia

1987 1448 2135 1516 facta
2159 1450 2305 1516 sunt,
2337 1463 2456 1517 quae
2486 1448 2546 1500 in
2575 1446 2706 1501 caelo
2736 1449 2792 1500 et
2820 1461 2946 1517 quae
2988 1447 3049 1500 in
3079 1454 3245 1500 terra.
3281 1447 3386 1513 Qui
3413 1447 3634 1502 descen-

1987 1534 2072 1588 dit
2094 1543 2145 1588 et
2174 1536 2494 1590 incarnatus
2522 1539 2622 1589 est.
2673 1534 2781 1598 Qui
2830 1551 3041 1606 passus
3072 1538 3182 1604 est,
3234 1539 3291 1589 et
3322 1536 3641 1592 resurrexit

1987 1627 2044 1678 et
2074 1622 2337 1678 ascendit
2383 1623 2453 1678 ad
2514 1622 2708 1693 caelos,
2743 1627 2801 1678 et
2851 1623 3065 1678 iterum
3112 1626 3394 1678 venturus
3441 1628 3530 1679 est
3572 1628 3637 1680 ut

1976 1711 2205 1783 judicet
2234 1712 2393 1768 vivos
2422 1715 2478 1767 et
2507 1716 2788 1768 mortuos.
2821 1713 2891 1766 Et
2931 1712 2991 1766 in
3023 1711 3305 1784 Spiritum
3337 1716 3628 1768 sanctum.

1984 1805 2049 1855 In
2082 1800 2275 1856 carnis
2318 1801 2823 1867 resurrectionem,
2876 1806 2936 1856 et
2974 1801 3033 1856 in
3063 1801 3242 1855 vitam
3271 1801 3498 1857 venturi
3529 1819 3631 1858 sm-

1983 1889 2118 1945 culi.
2152 1891 2219 1944 Et
2250 1889 2308 1944 in
2361 1907 2540 1945 unam
2589 1889 2936 1946 catholicam
2998 1889 3094 1945 Dei
3125 1889 3465 1961 Ecclesiam,
3498 1907 3625 1962 qua:

228 1977 409 2032 ciﬁxus
440 1977 562 2032 sub
615 1976 844 2075 Pontio.
877 1975 1080 2041 Pilato,
1133 1980 1190 2031 et
1230 1974 1514 2078 sepultus.
1559 1975 1750 2031 Tertia
1779 1975 1872 2030 die
1901 2013 1950 2078 B
1981 1996 2016 2034 a
2045 1978 2252 2050 primis
2302 1978 2641 2034 cardinibus
2690 1979 2760 2033 ad
2811 1977 3054 2033 ultimos
3103 1994 3290 2050 usque
3335 1983 3626 2036 terrarum

226 2066 530 2122 rasum-exit
558 2082 596 2120 a
627 2063 900 2120 morluis.
950 2064 1227 2120 Ascendit
1275 2064 1336 2119 in
1378 2063 1572 2131 oculos,
1605 2065 1768 2120 sedet
1799 2066 1869 2120 ad
1901 2063 1949 2078 "
1980 2067 2127 2122 ﬁnes
2159 2067 2495 2138 porrigitur.
2553 2090 2578 2115 »
2627 2067 2836 2122 Nullus
2877 2083 2982 2139 ego
3031 2067 3440 2138 dubitaverim,
3474 2068 3627 2124 hanc

228 2155 506 2211 dexteram
535 2155 761 2210 Patris.
797 2154 936 2209 Inde
964 2158 1246 2209 venturus
1276 2159 1364 2208 est
1389 2153 1657 2224 judicare
1685 2153 1866 2210 vivos.

229 2252 271 2298 et
295 2251 582 2299 mortuos.
619 2243 694 2298 Et
721 2243 785 2297 in
828 2243 1110 2314 Spiritum
1141 2246 1432 2312 sanctum,
1465 2247 1728 2298 sanctam
1762 2244 1871 2298 Ec-

231 2331 464 2398 clesiam,
517 2332 942 2388 remissionem
993 2335 1386 2403 peccatorum,
1438 2332 1632 2387 carnis
1674 2349 1870 2388 resur-

232 2425 546 2478 rectionem.
603 2443 633 2471 ι)
691 2421 889 2476 Ruﬁni
935 2421 1512 2476 adnimadversiones
1566 2421 1781 2493 accipe.
1818 2422 1868 2477 4.

467 2512 742 2567 Ecclesiae
791 2512 908 2581 fere
953 2526 1140 2565 omnes
1186 2511 1264 2566 ita
1310 2509 1572 2566 tradunt:
1618 2531 1647 2560 ‹‹
1700 2511 1872 2567 Credo

234 2603 276 2654 £1
298 2617 394 2655 suo
440 2601 560 2657 Deo
614 2601 792 2654 Patre
835 2599 1272 2670 omnipotente.»
1319 2600 1386 2653 Et
1420 2615 1646 2654 rursum
1692 2601 1754 2654 in
1790 2616 1871 2655 se-

231 2692 382 2760 quenti
437 2705 721 2754 sermone,
763 2709 785 2739 α
839 2690 907 2743 Et
959 2688 1021 2742 in
1073 2690 1205 2744 Jesu
1259 2687 1472 2745 Christo
1527 2689 1690 2744 unico
1733 2690 1872 2746 Filio

225 2781 316 2848 €sz
342 2781 588 2835 Domino
618 2787 834 2843 nostro,
875 2799 907 2826 »
955 2778 1037 2831 ita
1078 2778 1171 2832 illi
1196 2777 1466 2832 tradunt:
1518 2799 1546 2827 ‹‹
1579 2779 1641 2832 Et
1674 2780 1734 2833 in
1763 2794 1872 2834 uno

219 2868 430 2922 bonum
487 2875 688 2922 nostra
741 2867 868 2921 Iesu
943 2865 1157 2921 Christo
1209 2868 1372 2921 unico
1446 2867 1587 2921 Filio
1642 2868 1778 2938 ejus.
1842 2890 1870 2917 »

221 2958 378 3012 Cum
430 2957 653 3011 scilicet
711 2956 902 3024 Deum,
983 2960 1038 3010 et
1111 2971 1287 3009 unum
1367 2955 1520 3010 146
1571 2957 1873 3010 Dominum

217 3047 502 3102 secundum
530 3047 924 3100 auctoritatem
941 3044 1109 3098 Pauli
1134 3046 1370 3115 apostoli
1390 3045 1710 3115 proﬁtentes
1733 3063 1752 3099 :
1781 3044 1872 3099 sed

216 3139 271 3190 de
295 3137 392 3190 hoc
417 3137 484 3190 in
532 3134 888 3205 sequentibus
939 3133 1069 3188 locis
1115 3143 1433 3204 repetemus.
1484 3134 1539 3186 2.
1576 3134 1870 3189 Sciemlum

215 3241 328 3279 sane
353 3229 459 3294 est,
494 3223 648 3294 quod
673 3224 735 3276 in
768 3220 1038 3278 Ecclesiae
1066 3222 1322 3278 Romanae
1349 3221 1605 3293 Symbolo
1634 3238 1744 3277 non
1778 3222 1871 3277 ha-

220 3314 356 3367 betur
381 3313 668 3376 additum,
731 3311 1012 3366 Descendit
1058 3311 1128 3365 ad
1176 3313 1394 3382 inferna
1417 3327 1438 3372 ;
1489 3332 1517 3359 «
1565 3311 1657 3366 sed
1699 3327 1871 3384 neque

1982 2155 2114 2210 ﬁdei
2143 2155 2455 2211 formulam
2484 2156 2557 2211 ab
2588 2156 2720 2211 Ario
2766 2157 3116 2212 instructam
3141 2173 3154 2210 :
3207 2158 3279 2212 ab
3310 2173 3496 2229 eoque
3525 2158 3626 2213 Ni-

1981 2245 2122 2299 caani
2153 2244 2428 2317 Symboli,
2464 2246 2619 2316 quod
2646 2246 2772 2316 jam
2802 2245 3024 2300 editum
3078 2246 3288 2316 fuerat,
3321 2251 3626 2319 assumpta

1983 2335 2250 2406 quaedam
2282 2334 2698 2402 additamenta,
2727 2351 2842 2389 non
2866 2335 3065 2390 omnia
3086 2335 3285 2407 fuisse,
3310 2351 3438 2407 quae
3468 2335 3622 2392 scili-

1983 2426 2071 2477 cet
2099 2422 2366 2478 hteresim
2399 2424 2526 2493 ejus
2557 2423 2773 2478 clarius
2806 2423 3212 2495 proﬂigabunt.

2052 2514 2202 2567 147
2237 2510 2528 2568 Orientale
2567 2527 2876 2567 commune
2922 2512 3254 2567 adhibitum
3283 2512 3342 2568 in
3375 2513 3633 2571 Ecclesia

1981 2601 2486 2670 Hierosolymitana
2539 2600 2899 2673 Symbolum,
2957 2601 3148 2673 colligi
3205 2618 3378 2674 posse
3418 2619 3488 2657 ex
3519 2603 3634 2659 Ru-

1983 2689 2098 2744 ﬁno
2149 2690 2399 2758 videtur,
2452 2690 2551 2761 qui
2597 2705 2733 2744 cum
2762 2691 2960 2746 sedem
2991 2691 3262 2746 habuerit
3304 2695 3392 2747 tot
3421 2709 3629 2762 annos,

1981 2777 2404 2850 discrepantias
2463 2778 2668 2849 utique
2722 2779 3061 2834 adnotasset
3091 2780 3138 2834 si
3199 2796 3328 2850 quae
3360 2780 3629 2836 fuissent.

1978 2867 2158 2923 Nemo
2189 2868 2393 2934 nescit,
2425 2867 2746 2939 Liturgiam
2778 2868 2980 2923 Jacobi
3018 2868 3213 2924 fratris
3243 2868 3496 2936 Domini,
3528 2870 3630 2941 qui

1981 2957 2298 3012 Ecclesiam
2352 2956 2514 3011 illam
2566 2956 3016 3025 administravit,
3068 2957 3385 3029 genuinam
3417 2959 3490 3014 ad
3525 2975 3631 3014 nos

1980 3062 2094 3100 non
2127 3045 2477 3116 pervenisse.
2507 3047 2578 3099 At
2599 3044 3036 3115 supposititium
3061 3049 3270 3112 totum,
3304 3049 3362 3100 et
3391 3046 3630 3102 omnino

1981 3135 2248 3206 spurium
2281 3135 2462 3189 fetum
2495 3149 2643 3201 esse,
2675 3134 2830 3205 quod
2861 3134 2970 3188 sub
3007 3134 3208 3189 Jacobi
3239 3133 3410 3190 titulo
3443 3135 3630 3190 fertur

1979 3223 2318 3295 liturgicum
2350 3239 2518 3296 Opus,
2553 3223 2915 3278 contendunt
2943 3239 3082 3278 sane
3114 3223 3472 3295 heterodoxi,
3514 3226 3626 3279 mi-

1979 3312 2135 3368 nime
2165 3313 2430 3383 probant,
2466 3317 2529 3367 ut
2559 3313 2639 3368 ait
2677 3311 2962 3367 Eusebius
3013 3312 3434 3379 Renaudotius,
3465 3316 3624 3368 temo

217 3403 266 3452 in
289 3400 535 3455 Orientis
570 3399 825 3454 Ecclesiae
851 3397 1104 3468 Symbolo
1151 3398 1378 3452 habetur
1417 3396 1506 3452 hic
1532 3414 1726 3453 sermo.
1761 3400 1866 3454 Ba-
1897 3385 1940 3451 C
1977 3401 2002 3457 Ι
2031 3402 2443 3474 Liturgiarum,
2497 3401 2556 3456 in
2605 3401 3025 3457 Dissertatione
3068 3401 3257 3472 capite
3294 3403 3340 3456 4.
3372 3401 3625 3473 interpo-

215 3487 428 3544 lnziana
457 3488 703 3543 utimur
743 3486 1013 3541 editione.
1068 3485 1476 3542 Animadverte
1522 3488 1699 3542 verba
1727 3487 1862 3542 illa:

220 3577 368 3632 Credo
397 3581 456 3632 in
487 3593 610 3632 uno
660 3577 764 3630 Deo
809 3577 976 3630 Patre
1024 3578 1412 3647 omnipotente,
1443 3576 1700 3647 itemque
1727 3577 1861 3632 illa:

217 3671 256 3720 et
279 3670 332 3721 in
355 3671 494 3724 Jesu
553 3666 778 3720 Christo
815 3667 978 3720 unico
1032 3666 1172 3720 Filio
1209 3667 1366 3720 eius:
1413 3682 1540 3736 quae
1573 3666 1640 3720 ab
1671 3667 1865 3721 Orien-

223 3757 534 3812 tisEcctesis
583 3759 705 3825 fere
755 3755 1009 3810 omnibus
1057 3754 1207 3808 tradi
1259 3753 1556 3809 dicuntur.
1589 3755 1720 3810 Jam
1747 3754 1862 3810 col-

227 3848 335 3916 ego,
383 3845 643 3901 modum
705 3842 874 3897 illum
922 3843 1290 3907 enuntiandi,
1350 3843 1399 3898 si
1455 3844 1708 3915 viguerit
1749 3861 1863 3899 un-

227 3949 395 4002 quam,
418 3948 745 4006 perperam
768 3932 842 3986 ab
865 3931 1208 3987 adnotatore
1230 3932 1449 3986 dictum
1477 3933 1658 3988 fuisse
1681 3934 1867 3989 Eccle-

225 4025 302 4078 τελε
328 4023 713 4096 Aquileiensis
755 4019 1127 4093 peculiarem.
1173 4019 1392 4093 Colligo
1420 4021 1648 4088 deinde,
1679 4022 1862 4077 verio-

226 4127 321 4167 rem
363 4113 696 4168 lectionem
752 4126 903 4178 esse,
955 4111 1017 4165 in
1074 4111 1243 4166 Deum
1295 4112 1540 4177 Patrem,
1592 4113 1655 4166 in
1681 4113 1863 4168 Jesum

225 4200 497 4268 Christian,
530 4203 599 4255 in
642 4199 915 4271 Spiritum
963 4208 1212 4255 sanctum
1234 4217 1252 4254 :
1303 4217 1435 4255 cum
1467 4201 1662 4256 Graeca
1688 4201 1862 4273 Sym-

225 4288 330 4345 hota
359 4291 625 4346 habeant
672 4286 752 4348 εἰς
799 4287 948 4356 Θεὸν,
994 4286 1072 4348 εἰς
1113 4287 1339 4361 Χριστὸν
1393 4288 1620 4360 Ἰησοῦν,
1673 4288 1747 4349 εἰς
1797 4289 1860 4342 τὸ

221 4378 350 4449 ὴῑσν
385 4381 636 4449 Πνεῦμα.

271 4468 388 4524 Non
420 4467 734 4532 omnibus,
775 4465 876 4520 sed
924 4467 1040 4536 fere
1086 4467 1338 4522 omnibus
1389 4465 1638 4523 Orientis
1667 4467 1859 4523 Eccle-

209 4556 304 4610 τῆς
333 4557 486 4613 hanc
517 4555 714 4611 fuisse
741 4570 1115 4610 communem
1145 4555 1404 4628 Symboli
1437 4556 1706 4622 formam,
1740 4557 1857 4612 Ru-

209 4645 352 4699 ﬁnus
400 4646 598 4701 docet.
646 4643 1066 4698 Additamento
1110 4646 1279 4698 unius
1323 4647 1480 4699 caret
1525 4644 1645 4710 illa,
1680 4662 1856 4716 quam

1975 3490 2091 3545 lata
2121 3490 2330 3544 dixerit
2359 3490 2615 3562 prudens
2646 3503 2837 3560 nemo,
2871 3505 2996 3560 qua
3048 3489 3306 3562 Symboli
3336 3490 3513 3548 verba
3542 3490 3624 3546 ibi

1976 3581 2322 3634 traduntur:
2358 3595 2586 3650 nempe,
2640 3579 2804 3634 Credo
2855 3581 2914 3633 in
2963 3596 3137 3634 unum
3182 3584 3361 3634 Deum
3403 3582 3624 3636 Patrem

1974 3670 2419 3739 omnipotentem,
2461 3671 2720 3738 factorem
2767 3669 2891 3721 caeli
2936 3673 2988 3722 et
3035 3675 3218 3724 terrae.
3267 3669 3331 3721 Et
3361 3670 3422 3723 in
3449 3685 3625 3724 unum

1974 3758 2269 3813 Dominum
2294 3761 2489 3813 Jesum
2541 3755 2814 3811 Christum
2874 3758 3079 3811 Filium
3129 3758 3248 3811 Dei.
3295 3759 3364 3812 Et
3406 3759 3626 3830 reliqua

1969 3847 2221 3918 Symboli
2246 3847 2400 3916 ﬁdei.
2430 3845 2779 3910 Dolendum,
2812 3846 2932 3900 haec
2982 3845 3287 3901 excidisse.
3322 3847 3456 3910 Quae
3487 3864 3623 3903 vero

1974 3937 2209 4006 fuerint,
2260 3934 2434 4007 paulo
2486 3934 2756 4006 superius
2804 3934 3175 3990 indicantur:
3211 3957 3239 3985 «
3287 3935 3504 3991 Deinde
3541 3936 3624 3991 le-

1972 4030 2191 4097 guntur
2220 4024 2519 4079 fusissime
2548 4023 2783 4079 oracula
2800 4027 2973 4078 Sacra
2990 4022 3214 4079 Veteris
3237 4025 3618 4080 Testamenti.

1971 4119 2027 4170 et
2074 4113 2532 4186 Prophetarum:
2580 4116 2636 4166 et
2682 4113 2816 4166 Filii
2865 4113 2961 4167 Dei
3005 4113 3330 4168 Incarnatio
3376 4113 3617 4169 demon-

1972 4208 2212 4271 stratur,
2263 4202 2468 4269 Passio,
2533 4203 2873 4256 Resurrectio
2940 4217 3009 4256 eo:
3054 4202 3310 4269 mortuis,
3358 4202 3621 4258 Ascensus

1970 4295 2031 4347 in
2074 4293 2292 4360 cazlum,
2351 4291 2617 4347 secundus
2671 4299 2936 4362 praeterea
2989 4291 3263 4346 adventus
3317 4291 3437 4360 ejus
3483 4307 3617 4346 cum

1969 4381 2237 4454 gloria.»
2299 4381 2364 4435 In
2414 4380 2505 4435 his
2563 4379 2855 4435 Orientale
2914 4379 3258 4451 Symbolum
3303 4395 3616 4436 commune

1969 4487 2140 4526 nemo
2172 4486 2287 4524 non
2318 4469 2492 4524 videt.

2041 4558 2530 4629 Hierosolymitana
2578 4557 2753 4612 aliam
2800 4557 3028 4628 profero
3065 4556 3404 4623 formulam,
3436 4574 3616 4628 quam

1967 4667 2033 4704 ex
2065 4647 2257 4721 Cyrilli
2307 4646 2811 4718 Hierosolymitani
2864 4645 3269 4702 catechesibus
3314 4645 3615 4704 collectam

207 4731 352 4790 Iulio
375 4735 648 4790 Romano
669 4731 935 4802 pontiﬁci
985 4732 1197 4788 obtulit
1225 4733 1508 4788 Marcellus
1530 4737 1856 4803 Ancyranus
1886 4757 1930 4820 Β
1965 4739 2250 4793 Antonius
2318 4737 2682 4807 Augustinus
2755 4737 2961 4790 Tuttée
3016 4735 3265 4804 subjecit
3321 4735 3616 4792 Catechesi

209 4824 354 4892 apud
412 4821 835 4896 Epiphaniam,
895 4821 1098 4877 haeresi
1153 4823 1243 4892 72,
1305 4839 1446 4877 num
1489 4824 1559 4876 3:
1597 4823 1765 4878 Credo
1794 4827 1856 4878 in

1965 4827 2219 4898 quintae:
2255 4826 2541 4882 Credimus
2570 4826 2632 4879 in
2662 4841 2835 4879 unum
2886 4826 3074 4893 Deum,
3106 4825 3328 4878 Patrem
3370 4827 3614 4897 omnipo-

211 4911 370 4966 Dem
397 4913 845 4983 omnipotentem.
894 4915 964 4967 Et
1011 4912 1072 4964 in
1123 4910 1397 4967 Christum
1445 4913 1649 4978 Jesum,
1684 4915 1861 4983 ipsius
1969 4920 2191 4981 tentem,
2223 4919 2484 4986 factorem
2520 4914 2646 4970 ειειί
2694 4922 2745 4968 et
2789 4916 2975 4983 terrm,
3028 4912 3340 4968 visibilium
3367 4916 3616 4970 omnium

209 5000 404 5054 Filiam
454 5001 828 5070 unigenitum,
888 5000 1180 5055 Dominum
1224 5003 1490 5068 nostr-um,
1521 5002 1770 5069 genitum
1798 5001 1862 5056 de
1969 5009 2021 5060 et
2048 5006 2433 5060 invisibilium.
2468 5006 2543 5058 Et
2589 5005 2648 5057 in
2683 5020 2857 5057 unum
2903 5003 3198 5058 Dominum
3236 5006 3426 5058 Jesum
3456 5003 3612 5060 Chri-

209 5088 412 5159 εφίηἰιι
452 5093 665 5154 sancto,
720 5095 772 5142 et
821 5088 996 5142 Μανία
1054 5088 1288 5159 Virgine,
1349 5090 1458 5157 Qui
1510 5089 1607 5144 sub
1661 5091 1859 5146 Pontio
1967 5099 2129 5160 stum,
2155 5094 2356 5148 Filium
2387 5094 2485 5147 Dei
2528 5093 2914 5160 unigenitum:
2962 5094 3058 5162 qui
3103 5108 3172 5147 ea:
3209 5093 3373 5146 Patre
3401 5094 3614 5163 genitus

210 5177 376 5234 Pilato
413 5178 727 5246 cruciﬁxus
773 5181 874 5244 est,
921 5185 973 5231 et
1017 5177 1284 5248 sepultus.
1340 5180 1406 5232 Et
1453 5180 1616 5233 tertia
1661 5179 1747 5234 die
1771 5196 1856 5234 re-
1966 5191 2045 5238 est
2071 5183 2208 5238 Deus
2237 5199 2396 5238 verus
2439 5185 2574 5237 ante
2615 5183 2802 5236 omnia
2846 5182 3064 5247 sucula,
3108 5197 3209 5252 per
3238 5197 3393 5253 quem
3424 5183 3613 5237 omnia

211 5271 503 5323 media
563 5267 818 5321 mortuis.
868 5266 1118 5322 Ascendit
1176 5267 1232 5320 in
1262 5267 1474 5333 caelum,
1508 5275 1565 5321 et
1589 5267 1740 5322 sedet
1785 5269 1857 5323 ad
1963 5273 2112 5342 facta
2140 5274 2286 5326 sunt.
2342 5272 2449 5338 Qui
2502 5272 2562 5325 in
2608 5286 2774 5325 carne
2822 5272 3064 5339 advenit,
3117 5272 3168 5326 el
3214 5270 3612 5328 inhumanatus

215 5356 481 5413 dederam
526 5358 742 5411 Patris.
794 5354 943 5411 Unde
986 5359 1244 5410 venturus
1288 5358 1364 5410 est
1402 5355 1657 5426 yudicare
1689 5358 1852 5424 vivos,
1962 5365 2062 5432 est,
2093 5378 2162 5416 ex
2194 5361 2409 5432 Virgine
2456 5363 2505 5415 et
2553 5360 2767 5430 Spiritu
2816 5368 3021 5415 sancto.
3083 5361 3408 5429 Cruciﬁxus,
3441 5365 3497 5415 et
3524 5377 3611 5417 se-

216 5450 525 5504 ctam-tuor.
561 5447 631 5502 Et
675 5445 741 5499 in
778 5445 1051 5515 Spiritum
1096 5453 1370 5512 sanctum,
1402 5447 1652 5500 sanctam
1681 5447 1856 5501 Eccle-
1962 5452 2168 5522 pultus.
2204 5450 2526 5506 Resurrexit
2570 5451 2737 5504 tertia
2781 5447 2888 5504 die.
2931 5452 2998 5506 Et
3043 5451 3286 5506 ascendit
3333 5452 3393 5505 in
3431 5450 3607 5506 cwlos.

223 5537 352 5602 nan,
409 5536 802 5593 remissionem
849 5536 1213 5603 peccatorum,
1259 5536 1446 5589 carnis
1493 5538 1849 5590 resurrectio-
1961 5544 2014 5595 et
2042 5540 2339 5595 consedita
2368 5539 2580 5593 dextris
2630 5541 2835 5594 Patris.
2869 5541 2935 5594 Et
2984 5549 3245 5595 venturus
3275 5543 3354 5595 est
3397 5541 3460 5594 in
3489 5540 3610 5610 glo-

224 5640 332 5698 Ial,
361 5632 532 5683 vitam
560 5634 868 5683 almam.
893 5623 1028 5686 Quae
1070 5629 1365 5694 postrema
1386 5624 1500 5679 duo
1527 5625 1706 5679 verba
1736 5641 1849 5680 non
1959 5630 2048 5683 ria
2068 5629 2324 5700 judicare
2347 5628 2514 5694 vivos,
2547 5630 2600 5681 et
2645 5639 2886 5683 mortuos
2905 5647 2923 5683 :
2972 5631 3126 5701 cujus
3165 5630 3325 5697 regni
3351 5643 3460 5682 non
3505 5629 3614 5684 erit

229 5725 466 5786 Imm
494 5718 560 5772 in
590 5709 881 5771 Orientali
917 5711 1215 5767 communi
1246 5711 1540 5784 Symbolo.
1959 5718 2106 5787 ﬁnis.
2140 5719 2203 5772 Et
2260 5719 2318 5772 in
2376 5733 2549 5772 unum
2602 5724 2855 5772 sanctum
2909 5718 3181 5790 Spiritum
3231 5717 3605 5788 Paraclelum,

281 5807 444 5865 Veluti
492 5802 864 5880 peculiarem
912 5799 1308 5859 Alexandrinae
1343 5802 1595 5859 Ecclesia
1626 5801 1845 5857 tormu-
1959 5809 2056 5877 qui
2085 5808 2294 5862 locutus
2323 5810 2400 5862 est
2446 5807 2507 5860 in
2554 5806 2850 5877 prophetis.
2900 5809 2977 5861 Et
3017 5808 3078 5861 in
3131 5823 3305 5862 unum
3336 5806 3605 5878 baptisma
