4094 6468
433 466 543 527 151
1454 470 1770 534 GEORGII
1814 470 2076 535 CYPRII
2119 470 2238 534 GP.
2281 470 2810 537 PATRIARCIIE
3709 476 3827 538 152

427 598 787 675 paenitentiae,
815 601 877 657 in
899 602 1275 658 remissionem
1316 613 1682 674 peccatorum.
1715 606 1780 660 Et
1808 607 1869 661 in
1897 621 2068 661 unam
2096 611 2149 679 Α
2188 606 2692 671 Quemadmodum
2765 624 2898 664 vero
2952 608 3209 679 adjectae
3254 606 3595 680 hujusmodi
3658 623 3828 665 voces

432 696 678 748 sanctam
703 690 1035 747 catholicam
1067 693 1385 749 Ecclesium.
1430 696 1496 749 Et
1522 696 1584 749 in
1611 697 1796 751 carnis
1825 712 2068 751 resurre-
2180 695 2441 765 admisit,
2475 696 2556 750 ita
2578 712 2775 752 vocem
2812 698 3000 767 Unius,
3051 712 3179 769 qua:
3207 695 3498 770 Symbolis
3526 695 3831 753 Orientalis

432 784 686 847 ctionem,
717 785 767 835 et
795 782 857 835 in
883 782 1051 836 vitam
1090 789 1377 839 aternam.
1419 783 1725 856 Sumpmm
1757 784 2069 841 formulam
2181 785 2417 856 propria
2444 788 2589 851 erat,
2623 801 2740 841 non
2787 786 3001 857 adjecit
3051 802 3336 859 unquam.
3372 787 3485 841 Bac
3514 786 3586 842 de
3618 802 3679 841 re
3708 785 3837 858 agit

434 870 607 926 istam
662 873 826 941 putat
881 869 1202 926 Casimirus
1251 871 1536 939 Oudinus,
1597 874 1672 929 De
1719 874 2073 944 scriptoribus
2184 871 2435 944 Vigilius
2480 873 2797 945 Tapsensis
2843 875 2904 930 in
2958 875 3255 948 Byzacena
3294 875 3499 931 Africae
3533 875 3835 948 provincia

435 960 834 1027 ecclesiasticis,
891 963 1047 1015 tomo
1080 961 1122 1025 Ι,
1156 978 1225 1015 ea:
1279 962 1556 1033 Symbolo,
1604 964 1749 1033 quod
1796 980 1941 1019 anno
1970 965 2068 1019 381

2183 960 2514 1033 episcopus,
2569 963 2765 1018 saeculi
2812 963 2955 1020 sexti
3009 965 3279 1036 scriptor,
3328 962 3478 1020 libro
3531 980 3587 1020 xv
3634 963 3837 1021 Contra

436 1048 765 1120 adoptarunt
795 1049 1394 1121 Constantinopolitani
1435 1053 1643 1107 Patres.
1692 1052 1837 1108 Hinc
1865 1051 2075 1126 Cyrillo
2183 1051 2520 1122 Eutychem:
2557 1052 2656 1107 ubi
2682 1054 2865 1108 nescio
2891 1054 3049 1125 cuius
3077 1053 3469 1110 temeritatem
3512 1053 3833 1126 castigans,

437 1136 960 1209 Hierosolymitano
1008 1138 1341 1210 suppositas
1373 1139 1548 1196 infert
1584 1141 1941 1198 Catecheses.
1975 1141 2075 1197 Vel

440 1243 559 1281 una
586 1226 833 1297 hujusce
862 1226 1121 1299 Symboli
1156 1244 1291 1283 cum
1314 1228 1568 1298 Nicmno,
1592 1235 1651 1285 et
1669 1231 2077 1286 Constantino-

441 1313 719 1387 politano,
769 1316 841 1370 de
891 1316 1108 1388 quibus
1156 1316 1308 1373 infra
1355 1318 1666 1390 agendum,
1724 1320 2079 1392 comparatio

440 1403 906 1460 luculentissime
955 1405 1186 1472 evincit,
1238 1406 1546 1462 formulam
1592 1408 1927 1479 pradictam
1965 1408 2080 1465 dici

440 1497 691 1548 veterem
751 1509 943 1565 posse,
993 1510 1120 1565 quae
1172 1495 1231 1548 in
1280 1494 1534 1551 Ecclesia
1586 1496 2084 1569 Hierosolymitana

445 1586 570 1637 erat
616 1582 673 1635 in
726 1598 859 1652 usu,
910 1582 1264 1653 quibusdam
1310 1584 1500 1640 verbis
1539 1601 1607 1641 ex
1650 1586 1879 1643 Niceno
1916 1588 2081 1660 Sym-

447 1670 581 1726 bolo
614 1671 942 1743 desumptis
971 1673 1552 1729 auctam.Laudatum
1575 1675 1855 1732 editorem
1876 1676 2086 1733 doctis-

450 1760 668 1816 simum
701 1759 958 1816 consule.

522 1848 676 1904 148
708 1849 943 1905 Unitate
986 1850 1373 1906 Ecclesiarum
1414 1851 1652 1920 intacta,
1685 1853 1933 1927 singulis
1964 1856 2086 1913 his-

2187 1139 2288 1212 qui
2317 1155 2522 1213 capere
2569 1157 2638 1197 ca
2686 1142 2864 1198 verba
2909 1142 3097 1198 sancti
3150 1141 3358 1199 Leonis
3387 1142 3460 1198 ad
3491 1141 3831 1198 Flavianum

2188 1244 2370 1285 ausus
2426 1230 2632 1295 fuerat,
2691 1230 2963 1287 Fidetium
3001 1233 3335 1288 universitas
3389 1233 3679 1304 profitetur
3713 1248 3835 1288 cre-

2189 1319 2321 1376 dere
2379 1320 2440 1373 in
2487 1320 2642 1375 I49
2704 1324 2876 1376 Deum
2930 1325 3152 1377 Patrem
3199 1322 3647 1393 omnipotentem,
3696 1322 3840 1377 etin

2188 1408 2371 1464 Iesum
2401 1408 2680 1464 Christum
2708 1410 2916 1466 Filium
2963 1413 3084 1482 ejus
3133 1412 3361 1466 unicum
3407 1412 3706 1467 Dominum
3732 1427 3837 1467 no-

2191 1505 2386 1565 strum,
2443 1512 2514 1552 ea
2563 1497 2804 1565 ratione,
2866 1498 3004 1570 quia
3060 1515 3176 1556 non
3243 1498 3489 1554 dixerit:
3550 1501 3613 1554 In
3662 1515 3842 1554 unum

2193 1587 2386 1652 Deum,
2436 1590 2528 1640 et:
2584 1588 2647 1642 In
2691 1602 2864 1642 unum
2908 1587 3092 1643 Iesum
3141 1586 3463 1650 Christum;
3496 1587 3581 1643 sic
3623 1586 3840 1643 habet:

2191 1674 2298 1731 Sed
2354 1675 2552 1743 Rom,
2623 1679 2677 1730 et
2729 1684 3025 1747 antequam
3094 1677 3317 1734 Nicaeae
3368 1676 3606 1749 synodus
3647 1692 3840 1733 conoe-

2193 1765 2361 1831 niret,
2420 1781 2455 1818 a
2509 1765 2844 1836 temporibus
2911 1766 3276 1838 apostolorum
3328 1782 3504 1839 usque
3556 1782 3724 1833 nunc,
3783 1768 3841 1820 et

2195 1855 2295 1909 sub
2327 1854 2494 1909 beate
2547 1856 2827 1910 memoriae
2875 1854 3227 1911 Caelestino...
3287 1855 3365 1911 ita
3402 1855 3654 1926 ﬁdelibus
3683 1853 3850 1927 Sym-

452 1954 536 2039 ce,
568 1954 888 2044 earumque
934 1939 1279 2044 praesidibus
1318 1940 1406 2040 fas
1452 1947 1578 2044 erat
1624 1959 1728 2043 pro
1756 1948 2086 2044 temporum
2118 1978 2168 2044 B
2200 1943 2413 2044 boelum
2463 1942 2730 2044 traditur.
2775 1943 2905 1999 Sive
2962 1944 3359 2044 paucioribus:
3417 1943 3557 2044 sive.
3576 1942 3847 2016 pluribus

455 2028 931 2094 circumstantiis,
990 2033 1092 2084 aut
1139 2030 1379 2100 majoris
1430 2030 1830 2103 explicationis
1883 2034 2089 2106 gratia,

458 2121 560 2173 aut
588 2122 949 2190 emergentes
1000 2122 1237 2191 propter
1283 2119 1552 2187 hereses,
1601 2122 1840 2178 vocibus
1884 2140 2095 2195 augere

458 2206 812 2279 quibusdam
835 2207 1177 2280 Symbolum
1200 2208 1617 2280 apostolorum,
1644 2212 1799 2281 quod
1821 2212 1895 2268 ab
1924 2211 2095 2268 initio

461 2300 826 2368 acceperant.
875 2298 937 2352 In
970 2314 1097 2352 eam
1145 2297 1395 2369 denique
1443 2298 1754 2355 formulam
1784 2300 2095 2357 deventum

460 2392 570 2454 est,
602 2403 730 2458 quae
775 2385 1062 2457 hodieque
1101 2386 1272 2458 viget.
1324 2390 1617 2460 Integram
1666 2405 1794 2444 eam
1824 2390 2099 2446 exhibent

460 2492 761 2535 sermones
788 2475 913 2541 240,
945 2475 1044 2529 241
1092 2479 1149 2531 et
1174 2475 1299 2542 242,
1349 2476 1449 2547 qui
1480 2480 1745 2548 prostant
1772 2477 1831 2533 in
1862 2482 2098 2552 Δρρθιι-

462 2568 589 2623 dice
619 2566 690 2621 ad
721 2564 1007 2637 genuinos
1054 2563 1362 2635 Augustini
1410 2580 1710 2621 sermones
1755 2566 1814 2621 in
1846 2568 2100 2624 editione

458 2654 877 2710 monachorum
910 2652 1096 2708 sancti
1127 2652 1313 2707 Mauri
1342 2669 1355 2708 :
1391 2654 1567 2710 Credo
1596 2656 1657 2709 in
1677 2656 1847 2711 Deum
1877 2658 2101 2712 Patrem

448 2733 902 2815 omnipotentem,
934 2748 1237 2797 creatorem
1266 2743 1392 2798 caeli
1430 2753 1483 2799 et
1514 2748 1698 2802 terrae.
1730 2745 1796 2800 Et
1823 2747 1882 2801 in
1908 2751 2101 2804 Iesum

460 2833 736 2890 Christum
781 2831 983 2886 Filium
1030 2847 1148 2899 eius
1193 2832 1440 2903 unicum,
1491 2833 1785 2889 Dominum
1828 2840 2097 2891 nostrum.

458 2924 571 2993 Qui
597 2922 881 2992 conceptus
910 2926 988 2975 est
1015 2919 1082 2974 de
1129 2918 1341 2991 Spiritu
1385 2925 1592 2991 sancto,
1637 2925 1802 2979 natus
1830 2939 1900 2980 ea:
1928 2926 2102 2980 Maria

466 3012 699 3083 Virgine.
733 3013 934 3065 Passus
974 3009 1073 3063 sub
1118 3010 1322 3065 Pontio
1349 3010 1552 3077 Pilato,
1602 3013 1921 3083 cruciﬁxus,
1951 3030 2102 3070 mor-

457 3104 604 3166 tuus,
636 3107 687 3154 et
726 3098 993 3170 sepultus.
1054 3097 1335 3154 Descendit
1388 3099 1458 3153 ad
1512 3099 1759 3173 inferna,
1818 3103 1990 3158 tertia
2013 3103 2105 3159 die

462 3188 771 3245 resurrexit
814 3202 852 3241 a
877 3187 1132 3241 mortuis.
1183 3186 1437 3241 Ascendit
1482 3188 1555 3243 ad
1606 3189 1787 3256 caelos,
1844 3190 1989 3246 sedet
2034 3192 2105 3247 ad

464 3279 750 3334 dexteram
808 3276 901 3330 Dei
958 3275 1141 3329 Patris
1197 3277 1600 3346 omnipotentis.
1659 3277 1790 3333 Inde
1844 3283 2106 3337 venturus

467 3372 543 3424 est
581 3366 841 3438 judicare
898 3364 1061 3432 vivos,
1110 3367 1163 3417 et
1203 3371 1463 3420 mortuos.
1514 3363 1680 3421 Credo
1725 3368 1786 3421 in
1830 3370 2107 3437 Spiritum

468 3460 737 3521 sanctum,
785 3461 1030 3509 sanctam
1075 3453 1377 3509 Ecclesium
1419 3454 1760 3525 catholicam,
1793 3462 2107 3515 sanctorum

467 3547 925 3614 communionem,
968 3544 1342 3598 remissionem
1394 3552 1755 3615 peccatorum,
1803 3549 1987 3603 carnis
2013 3566 2105 3604 re-

469 3636 890 3697 surrectionem,
933 3634 1105 3686 vitam
1157 3639 1444 3687 aeternam.
1494 3633 1579 3686 Ab
1625 3635 1953 3706 Augustino
1983 3637 2107 3693 Ser-

471 3739 656 3780 mones
682 3737 769 3777 eos
811 3720 1150 3791 abjudicant
1193 3718 1414 3774 laudati
1464 3721 1750 3778 editores:
1784 3729 2107 3781 auctorem-

473 3829 586 3884 que
614 3810 933 3881 conjiciunt
960 3807 1150 3875 illum,
1191 3808 1291 3879 qui
1335 3825 1633 3865 sermones
1662 3812 1910 3868 confecit
1937 3816 2109 3870 Euse-

475 3902 566 3957 bzo
594 3900 844 3955 Emiseno
874 3897 1230 3970 suppositos,
1262 3901 1363 3952 aut
1394 3898 1696 3955 Caesarium
1721 3901 2108 3973 Arelatensem,

475 3996 578 4047 aut
605 3987 935 4044 Eucherium
971 3986 1403 4057 Lugdunensem,
1453 3991 1555 4043 aut
1583 3990 1843 4045 Faustum
1886 3993 2110 4061 Regien-

474 4095 604 4134 sem.
636 4075 831 4131 Vitam
887 4075 1136 4146 agebant
1182 4073 1267 4128 illi
1311 4076 1514 4146 quinto
1562 4076 1830 4134 Ecclesiae
1860 4081 2108 4138 saaculo:

476 4167 633 4223 unde
664 4164 951 4238 prsidii-tm
999 4162 1254 4234 Symboli
1302 4163 1563 4219 formulas
1612 4171 1752 4222 tetas
1780 4167 2110 4227 innotescit.

549 4258 960 4311 Intemeratam
994 4251 1301 4323 pristinam
1347 4251 1667 4309 breviorem
1700 4256 1946 4313 formam
1978 4259 2114 4314 reti-

477 4346 651 4401 nebat
698 4343 939 4399 Ecclesia
985 4342 1246 4396 Romana.
1293 4339 1733 4414 Dignissimam,
1779 4349 1837 4400 et
1878 4346 2116 4404 honoris

477 4452 543 4491 ac
592 4431 850 4488 veritatis
900 4428 1153 4502 plenam,
1202 4429 1393 4484 reddit
1444 4429 1730 4487 rationem
1779 4433 2025 4490 Ruﬁnus
2056 4436 2115 4491 in

478 4539 588 4579 sua
628 4519 1037 4594 Expositione;
1099 4516 1561 4573 CommOnendum
1611 4524 1742 4589 puto
1799 4520 2116 4597 (inquiens)

478 4610 617 4682 quod
659 4611 723 4664 in
766 4608 1002 4664 diversis
1047 4605 1302 4662 Ecclesiis
1347 4605 1541 4677 aliqua
1588 4608 1650 4661 in
1691 4607 1779 4664 his
1817 4611 2119 4684 (Symboli)

2201 2031 2440 2088 vocibus
2494 2032 2834 2088 recitaretur
2879 2032 3273 2105 apostolorum
3324 2032 3688 2106 Symbolum,
3732 2048 3850 2105 pax

2202 2120 2592 2177 Ecclesiarum
2622 2121 2849 2195 integra
2896 2139 3128 2195 semper
3182 2122 3528 2194 permansit,
3562 2137 3629 2177 ac
3657 2120 3852 2178 invio-

2204 2208 2323 2265 lata
2350 2209 2410 2265 in
2440 2209 2748 2267 Occidente
2777 2216 2835 2267 et
2863 2210 3114 2268 Oriente.

2276 2298 2371 2354 ΙΙΙ.
2396 2298 2625 2355 Niceno
2656 2299 2791 2355 ﬁdei
2830 2300 3105 2373 Symbolo
3150 2299 3538 2367 conﬁciundo,
3571 2299 3728 2371 quod
3758 2301 3854 2353 est

2204 2387 2577 2460 apostolorum
2603 2388 2942 2461 Symbolum,
2992 2388 3259 2462 pluribus
3309 2390 3381 2445 ad
3426 2393 3643 2445 rectam
3674 2388 3852 2443 ﬁdem

2207 2475 2565 2533 luculentius
2612 2477 3022 2534 illustrandam
3074 2478 3471 2550 tuendamque
3525 2476 3854 2550 aptissimis

2207 2570 2448 2621 auctum
2476 2566 2738 2634 vocibus,
2780 2567 2991 2623 dedere
3037 2582 3241 2623 ansam
3289 2567 3559 2633 haereses,
3593 2582 3719 2637 quae
3748 2564 3855 2619 tri-

2207 2654 2320 2710 bus
2350 2654 2557 2726 primis
2586 2654 2853 2711 Ecclesia
2894 2654 3124 2712 seculis
3151 2658 3527 2712 emerserant.
3560 2655 3671 2710 Eas
3701 2670 3853 2710 enu-

2209 2747 2397 2799 merat
2442 2741 2709 2799 Gelasius
2763 2744 3077 2816 Cyzicenus
3134 2743 3193 2799 in
3248 2743 3544 2800 volumine
3571 2746 3853 2799 Actorum

2209 2831 2437 2888 concilii
2466 2832 2701 2901 Niceni,
2735 2832 2883 2888 libro
2915 2850 2977 2905 ιι,
3009 2833 3198 2905 capite
3219 2834 3310 2888 26.
3350 2854 3378 2886 α
3405 2832 3536 2888 Haec
3564 2834 3657 2888 est
3686 2831 3856 2897 ﬁdes,

2209 2920 2505 2994 inquiens,
2538 2937 2717 2993 quam
2777 2925 3172 2994 exposuerunt
3222 2921 3421 2977 Nicen
3450 2920 3639 2976 sancti
3669 2918 3859 2975 nostri

2211 3009 2408 3066 Patres
2436 3008 2739 3066 orthodoxi
2771 3009 3063 3084 episcOpi:
3098 3010 3356 3083 primum
3387 3008 3626 3082 quidem
3657 3007 3858 3064 adver-

2212 3116 2313 3155 sus
2343 3099 2539 3154 Arium
2566 3098 3092 3171 blasphemantem,
3124 3103 3182 3154 et
3225 3099 3511 3155 dicentem
3543 3101 3860 3153 creaturam

2210 3189 2413 3243 Filium
2443 3187 2577 3244 Dei:
2626 3191 2685 3243 et
2731 3192 2935 3244 contra
2980 3187 3301 3255 Sabellium,
3351 3190 3409 3243 et
3448 3187 3769 3251 Photinum,
3800 3188 3861 3241 et

2212 3277 2455 3333 Paulum
2500 3277 2934 3345 Samosatenum,
2979 3280 3037 3334 et
3081 3276 3465 3345 Manicheum,
3516 3280 3575 3332 et
3616 3275 3858 3330 Valenti-

2134 3346 2177 3415 C
2212 3382 2372 3432 num,
2403 3369 2462 3420 et
2504 3365 2849 3436 Marcionem,
2893 3369 2950 3420 et
2990 3365 3267 3421 adversus
3308 3380 3543 3420 omnem
3587 3361 3859 3419 haeresim

2216 3471 2341 3528 quae
2372 3458 2501 3509 orta
2523 3458 2612 3509 est
2642 3453 2701 3509 in
2755 3451 3038 3510 catholica
3089 3458 3147 3509 et
3172 3451 3492 3525 apostolica
3518 3450 3795 3507 Ecclesia.
3830 3472 3864 3500 »

2215 3542 2549 3599 Formulam
2579 3542 2875 3614 accipere:
2911 3542 3196 3599 Credimus
3225 3543 3288 3597 in
3322 3557 3500 3597 unum
3526 3542 3717 3609 Deum,
3750 3540 3864 3595 Pa-

2214 3638 2359 3687 trem
2386 3632 2833 3703 omnipotentem,
2882 3633 3132 3687 omnium
3168 3630 3473 3687 visibilium
3519 3633 3571 3685 et
3598 3627 3865 3685 invisibi-

2216 3722 2356 3778 tium
2382 3720 2672 3791 factorem.
2704 3721 2768 3775 Et
2810 3720 2873 3776 in
2924 3736 3098 3775 unum
3154 3720 3447 3776 Dominum
3489 3720 3675 3775 Iesum
3704 3717 3866 3773 Chri-

2215 3818 2359 3866 stum
2386 3810 2595 3865 Filium
2643 3809 2758 3878 Dei,
2805 3825 2875 3864 ea:
2924 3810 3092 3865 Patre
3145 3812 3366 3879 natum,
3411 3808 3775 3879 unigenitum,
3806 3805 3869 3860 id

2216 3903 2295 3956 est
2321 3914 2393 3954 ea:
2420 3898 2725 3954 substantia
2780 3899 3004 3953 Patris:
3059 3899 3229 3954 Deum
3284 3896 3350 3953 de
3405 3897 3531 3964 Deo,
3588 3895 3774 3951 lumen
3799 3893 3870 3950 de

2220 3989 2450 4053 lumine,
2482 3988 2654 4042 Deum
2708 4003 2899 4043 verum
2953 3987 3019 4043 de
3068 3988 3174 4043 Deo
3227 4002 3373 4057 vero,
3432 3985 3708 4059 genitum,
3752 3998 3870 4039 non

2216 4078 2453 4149 factum,
2511 4075 3035 4131 consubstantialem
3090 4076 3265 4143 Patri,
3320 4090 3423 4146 per
3477 4088 3635 4145 quem
3679 4073 3871 4127 omnia

2220 4167 2374 4241 facta
2392 4168 2517 4220 sunt
2545 4173 2658 4221 tam
2686 4179 2811 4236 quae
2838 4167 2901 4220 in
2926 4165 3079 4235 ccelo,
3126 4180 3294 4236 quam
3322 4179 3443 4237 quae
3471 4164 3535 4218 in
3563 4165 3729 4217 terra.
3764 4161 3875 4229 Qui

2217 4263 2443 4329 propter
2496 4270 2598 4311 nos
2648 4253 2916 4321 homines,
2975 4258 3029 4310 et
3076 4261 3304 4326 propter
3345 4260 3588 4308 nostram
3636 4250 3873 4306 salutem

2223 4344 2517 4414 descendit,
2546 4347 2599 4399 et
2630 4345 2952 4398 incarnatus
2997 4353 3100 4414 est,
3147 4347 3201 4398 et
3246 4343 3401 4398 homo
3428 4342 3606 4411 factus
3634 4342 3731 4395 est.
3765 4339 3881 4408 Qui

2222 4449 2416 4505 passus
2444 4436 2542 4502 est,
2587 4436 2641 4487 et
2685 4432 2987 4487 resurrexit
3041 4434 3205 4487 tertia
3260 4431 3373 4487 die.
3439 4431 3505 4484 Et
3529 4429 3781 4485 ascendit
3805 4426 3879 4483 ad

2226 4521 2413 4578 ccelos.
2442 4523 2508 4577 Et
2538 4524 2739 4577 iterum
2770 4526 3032 4577 venturus
3060 4525 3139 4577 est
3155 4520 3420 4592 judicare
3448 4519 3616 4585 vivos,
3647 4524 3701 4573 et
3725 4531 3876 4572 mor-

2231 4616 2369 4667 tuos.
2401 4613 2464 4665 Et
2495 4612 2555 4665 in
2612 4611 2886 4680 Spiritum
2936 4618 3206 4665 sanctum.
3262 4606 3491 4679 Reliqui
3542 4603 3879 4662 subintelli-

478 4700 657 4755 verbis
696 4698 1008 4753 invenietur
1053 4695 1307 4765 adjecta:
1355 4694 1415 4749 in
1460 4695 1701 4751 Ecclesia
1746 4705 1926 4753 tamen
1972 4703 2128 4757 urbis
2155 4718 2201 4782 D
2234 4705 2455 4773 guntur
2495 4698 2750 4755 articuli.
2801 4698 2992 4754 Verba
3036 4697 3154 4765 illa,
3215 4695 3501 4753 Descendit
3543 4694 3614 4750 ad
3650 4696 3879 4766 inferos,

480 4791 657 4844 Roma
713 4788 809 4842 hoc
858 4801 969 4840 non
1034 4783 1461 4855 deprehenditur
1530 4787 1759 4855 factum.
1823 4788 1972 4854 Quod
2025 4807 2121 4861 ego
2162 4781 2179 4782 7’
2230 4806 2346 4845 non
2378 4788 2701 4843 habentur:
2754 4787 2970 4857 quibus
3020 4802 3089 4842 ea
3133 4789 3302 4841 astate
3348 4782 3623 4840 carebant
3664 4781 3882 4837 Roma-

479 4881 765 4949 propterea
792 4890 905 4931 esse
932 4875 1198 4939 arbitror,
1229 4873 1370 4944 quod
1392 4890 1565 4945 neque
1591 4874 1821 4931 haeresis
1852 4878 1966 4932 ulla
1995 4878 2124 4936 illic
2231 4894 2372 4934 num
2406 4877 2605 4943 etiam,
2636 4881 2694 4931 et
2720 4874 3011 4931 Orientale
3040 4874 3405 4948 Symbolum.
3450 4871 3725 4944 Vulgaris
3754 4886 3882 4926 tera

480 4967 712 5037 sumpsit
764 4963 1095 5019 exordium:
1151 4966 1203 5018 et
1248 4979 1364 5019 mos
1421 4964 1502 5018 ibi
1556 4969 1808 5020 servatur
1834 4969 2119 5038 antiquus,

481 5072 571 5111 eos
602 5055 699 5125 qui
737 5054 978 5123 gratiam
1025 5053 1280 5123 baptismi
1325 5055 1632 5124 suscepturi
1675 5057 1819 5121 sunt,
1871 5056 2120 5128 publice,

481 5143 541 5199 id
567 5151 646 5198 est
675 5141 921 5210 ﬁdelium
946 5142 1151 5211 populo
1196 5141 1470 5207 audiente,
1515 5141 1835 5212 Symbolum
1862 5146 2083 5203 reddere
2099 5165 2120 5211 ;

484 5236 537 5288 et
586 5232 670 5287 uti
725 5230 1081 5302 adjectionem
1131 5232 1298 5285 unius
1365 5230 1561 5285 saltem
1611 5235 1878 5289 sermonis
1933 5250 2122 5291 eorum

484 5322 581 5392 qui
607 5327 1005 5391 praeesserunt
1046 5319 1107 5373 in
1151 5318 1278 5388 ﬁde,
1310 5335 1419 5375 non
1465 5320 1706 5375 admittit
1760 5322 2002 5378 auditus.
2039 5326 2125 5379 Ita

486 5425 696 5480 nempe
726 5407 917 5462 Ruﬁni
948 5410 1115 5462 astate
1145 5424 1179 5462 a
1200 5407 1445 5479 pristina
1465 5425 1578 5463 non
1613 5416 1927 5466 recesserat
1958 5411 2123 5467 disci-

485 5498 645 5570 plina
694 5497 956 5551 Romana
1014 5494 1301 5563 Ecclesia;
1364 5512 1493 5567 quas
1548 5500 1741 5553 tamen
1800 5515 1917 5553 aevo
1969 5501 2123 5555 inse-

485 5592 719 5659 quenle.
782 5589 1137 5657 postremam
1186 5584 1518 5650 formulam,
1578 5602 1753 5656 quam
1812 5588 2123 5662 descripsi-

487 5693 618 5730 mus
654 5676 805 5745 apud
859 5673 1002 5729 alias
1052 5671 1340 5728 Ecclesiae
1380 5674 1504 5743 jam
1557 5674 1872 5747 vulgatam,
1913 5681 1969 5733 et
1996 5678 2128 5751 ipsa

484 5765 719 5821 demum
783 5762 1107 5835 amplexata
1161 5765 1269 5818 est.
1328 5762 1449 5825 Quo
1503 5767 1780 5835 tempore,
1836 5763 2122 5838 ignotum.

2231 4982 2383 5023 anno
2416 4965 2520 5019 325
2549 4965 2794 5038 Nycaana
2824 4964 3085 5036 synodus
3114 4962 3404 5019 celebrata
3432 4964 3541 5017 est.

2298 5053 2627 5110 Peculiares
2658 5070 2806 5126 quas
2859 5053 3148 5109 hactenus
3190 5052 3620 5124 usurpaverant
3670 5048 3731 5103 in
3760 5046 3885 5104 col-

2228 5143 2445 5199 latione
2502 5143 2805 5213 baptismi,
2864 5142 3224 5212 reliquerunt
3272 5137 3533 5209 Symboli
3594 5135 3888 5194 formulas

2230 5233 2495 5289 Ecclesiae
2545 5234 2762 5304 plures,
2815 5232 3101 5289 Nicxnam
3151 5230 3518 5302 adoptantes.
3572 5226 3756 5283 Voces
3787 5242 3888 5282 so-

2229 5321 2534 5376 lummodo
2557 5336 2772 5392 paucas
2794 5323 3134 5392 receperunt
3158 5317 3306 5386 aliae,
3333 5317 3551 5390 quibus
3572 5314 3881 5388 proprium

2232 5426 2441 5465 auxere
2481 5408 2861 5482 Symbolum:
2925 5409 3043 5464 imo
3091 5406 3366 5480 Symbolo
3422 5405 3653 5461 Niceno
3685 5404 3888 5476 plures

2233 5498 2516 5554 dictiones
2547 5498 2899 5554 addiderunt
2928 5496 3053 5553 alias
3086 5515 3099 5552 :
3154 5497 3397 5569 aliaque
3427 5496 3664 5551 demum
3695 5493 3754 5548 in
3785 5509 3887 5549 ve-

2231 5592 2394 5643 tusta
2422 5604 2531 5643 sua
2559 5586 2812 5644 formula
2851 5590 3196 5642 manserunt
3220 5604 3233 5655 ;
3285 5584 3463 5641 simul
3492 5584 3775 5639 Nicaenam
3802 5579 3896 5652 ﬁ-

2233 5678 2365 5733 dem
2393 5677 2585 5748 corde,
2618 5685 2793 5732 elore
2845 5674 3186 5748 proﬁtentes
3234 5688 3459 5730 omnes.
3505 5670 3893 5745 Apostolorum

2235 5765 2555 5837 Symbolum
2596 5764 2658 5821 in
2705 5763 3060 5837 baptismate
3106 5763 3476 5821 retinuerunt
3528 5763 3774 5818 Romana
3830 5775 3864 5816 e
