4094 6468
282 484 398 548 153

1498 495 1708 558 VITA.
1741 525 1820 544 —
1846 495 2364 561 DISSERTATIO
2404 497 2477 561 Il.

3575 489 3693 554 154

292 618 618 676 Occidentis
648 621 947 680 Ecclesia.
980 625 1238 682 Vocibus
1286 627 1639 700 quibusdam
1688 629 1939 685 Nicaenis
1968 631 2023 696 Α
2053 636 2289 703 propter
2309 636 2570 688 nostram
2602 630 2852 688 salutem
2876 627 3177 685 descendit
3209 629 3278 684 de
3311 626 3492 699 oculis,
3516 631 3573 683 et
3600 625 3695 682 in-

301 709 456 764 anxit
500 709 638 764 illud
690 711 950 768 Ecclesia
998 717 1525 789 Hierosolymitana,
1558 723 1623 773 ut
1670 718 1942 791 superius

303 815 457 854 num.
503 800 538 853 2
583 800 1021 859 adnotavimus.
1056 804 1405 876 Hujusmodi
1456 824 1582 864 esse
1634 812 1800 879 puto,
1827 825 1941 879 quo

301 888 544 943 Ecclesia
587 891 935 947 Antiochena
985 895 1176 950 medio
1247 897 1387 953 £50
1446 897 1675 952 circiter
1729 897 1941 953 saeculo

302 978 498 1048 quinto
527 979 722 1034 adhuc
769 982 1065 1037 utebatur.
1102 983 1245 1039 Illud
1297 986 1463 1041 affert
1511 987 1824 1042 Cassianus
1870 986 1940 1041 li-

300 1067 394 1122 bro
423 1084 479 1122 τι
507 1069 584 1122 De
613 1069 1020 1127 lncarnatione
1046 1073 1284 1139 Domini,
1313 1075 1499 1146 capite
1529 1077 1582 1142 3,
1619 1077 1716 1130 ubi
1747 1077 1942 1131 Nesto-

297 1155 361 1210 rii
391 1156 662 1212 heresim
699 1159 918 1214 refellit
951 1177 964 1214 :
1024 1182 1050 1214 α
1082 1162 1245 1217 Nunc
1293 1165 1362 1218 ad
1412 1164 1589 1220 ﬁdem
1619 1166 1944 1221 Antiocheni

296 1244 558 1316 Symboli,
591 1246 891 1316 inquiens,
922 1251 1317 1323 virtutemque
1344 1253 1649 1311 veniamus
1683 1273 1696 1310 :
1738 1255 1796 1310 in
1827 1273 1942 1326 qua

296 1351 421 1389 cum
472 1335 603 1406 ipse
651 1337 1005 1410 (Nestorius)
1055 1339 1379 1413 baptizatus
1428 1344 1505 1399 sit
1557 1360 1621 1399 ac
1680 1349 1938 1412 renatus,

296 1423 413 1478 suis
461 1440 599 1479 eum
651 1427 1121 1498 professionibus
1170 1430 1402 1503 argui...
1445 1438 1692 1505 oportet.
1726 1436 1942 1492 Textus

295 1527 447 1585 ergo,
480 1529 551 1568 ac
584 1514 734 1570 ﬁdes
763 1516 1111 1573 Antiocheni
1142 1519 1399 1592 Symboli
1431 1521 1552 1578 haec
1591 1530 1677 1578 est
1707 1542 1720 1579 :
1778 1523 1942 1581 Credo

295 1602 350 1656 in
379 1619 560 1657 unum
603 1607 654 1658 et
693 1605 872 1660 solum
906 1622 1092 1661 verum
1119 1609 1309 1676 Deum,
1341 1616 1565 1668 Patrem
1593 1615 1941 1686 omnipotene-

291 1694 416 1757 tem,
461 1697 774 1748 creatorem
821 1698 1068 1750 omnium
1112 1698 1420 1754 visibilium
1472 1709 1524 1756 et
1573 1702 1944 1758 invisibilium

292 1789 698 1836 creaturarum.
733 1783 800 1836 Et
849 1786 906 1838 in
956 1786 1249 1841 Dominum
1286 1797 1531 1845 nostrum
1559 1795 1752 1848 Jesum
1785 1792 1943 1846 Chri-

293 1873 450 1934 stum,
483 1871 694 1925 Filium
725 1873 841 1941 eius
886 1875 1252 1946 unigenitum,
1285 1882 1338 1933 et
1378 1882 1808 1951 primogenitum
1855 1886 1939 1937 to-

296 1962 402 2013 tius
429 1969 725 2031 creaturx,
758 1978 828 2016 ex
875 1979 937 2019 eo
985 1969 1180 2020 natum
1226 1976 1353 2023 ante
1398 1972 1588 2026 omnia
1633 1973 1858 2039 saecula,
1889 1977 1940 2028 et
1971 2003 2019 2068 B

298 2065 398 2104 non
447 2052 684 2120 factum,
715 2051 887 2106 Deum
938 2069 1131 2109 verum
1175 2072 1244 2112 ex
1289 2057 1399 2113 Deo
1443 2075 1586 2130 vero,
1621 2059 1941 2116 homousion

297 2139 469 2201 Patri,
499 2155 603 2208 per
644 2156 809 2211 quem
855 2146 906 2196 et
945 2144 1149 2199 saecula
1179 2149 1562 2218 compaginata
1590 2157 1718 2203 sunt
1744 2153 1795 2204 et
1821 2165 1942 2204 om-

298 2231 385 2281 nia
412 2229 586 2297 facta.
626 2229 734 2297 Qui
757 2241 981 2301 prapter
1005 2249 1102 2288 nos
1133 2236 1297 2301 venit,
1330 2245 1383 2291 et
1424 2242 1586 2293 natus
1613 2242 1693 2293 est
1721 2255 1790 2294 ex
1819 2240 1934 2294 Ma-

299 2331 374 2367 rza
413 2316 659 2385 Virgine.
689 2317 757 2371 Et
803 2321 1101 2390 cruciﬁxus
1147 2323 1246 2376 sub
1287 2325 1484 2380 Pontio
1512 2327 1713 2390 Pilato,
1743 2336 1796 2382 et
1849 2345 1939 2383 se-

294 2402 508 2474 pultus.
540 2406 612 2459 Et
642 2408 810 2461 tertia
837 2408 929 2462 die
956 2415 1265 2466 resurrexit
1292 2413 1589 2469 secundum
1609 2415 1938 2486 Scripturas.

299 2493 356 2547 Et
379 2495 442 2547 in
472 2495 639 2549 caelos
669 2497 927 2552 ascendit.
961 2502 1036 2553 Et
1065 2501 1265 2555 iterum
1294 2505 1470 2558 veniet
1485 2503 1742 2574 judicare
1769 2508 1937 2573 vivos,

297 2588 344 2636 et
368 2593 639 2639 mortuos.
674 2587 749 2640 Et
777 2587 1010 2658 reliqua.
1036 2610 1065 2637 »
1096 2589 1350 2660 Hujusce
1382 2593 1642 2648 formulae
1673 2599 1940 2651 auctores

297 2672 582 2743 perquirit
605 2672 861 2729 Alardus
892 2675 1127 2732 Gazseus
1158 2677 1216 2732 in
1247 2679 1431 2735 Notis.
1455 2680 1580 2736 Non
1613 2681 1788 2738 aliam
1821 2684 1938 2739 ori-

294 2761 489 2832 ginem
523 2762 657 2833 ejus
686 2762 1110 2834 existimamus,
1146 2767 1259 2823 nisi
1301 2785 1476 2840 quam
1527 2771 1937 2830 indicavimus.

295 2848 531 2906 Similes
580 2850 709 2906 alia
757 2853 815 2908 in
865 2853 994 2910 aliis
1041 2855 1314 2928 vigebant
1365 2858 1633 2916 Ecclesiis
1677 2861 1940 2918 formulae

293 2938 734 3011 Symbolcrum.

363 3028 552 3084 Fuere
586 3029 859 3086 nonnulli
887 3031 949 3087 in
978 3034 1296 3091 Sardicensi
1323 3039 1570 3104 concilio,
1603 3040 1755 3111 quod
1789 3058 1940 3096 anno

290 3117 396 3172 3t?
428 3117 798 3174 celebratum
833 3120 1166 3196 chronologi
1204 3125 1567 3198 frequentius
1612 3129 1894 3186 adnotant
1924 3148 1938 3186 :

294 3207 394 3278 qui
425 3207 694 3278 Symbolo
721 3211 950 3268 Νίσονηο
982 3212 1282 3284 quidpiam
1315 3215 1490 3287 adjici
1518 3221 1782 3289 oportere
1811 3235 1943 3274 con-

293 3297 635 3352 tendebant.
670 3297 813 3353 Rem
865 3306 1078 3372 narrat,
1119 3302 1533 3376 decretumque
1582 3307 1786 3378 synodi
1837 3309 1943 3362 ad-

290 3401 554 3452 versum,
590 3387 761 3442 aﬂ'ert
788 3393 1026 3445 sanctus
1052 3370 1407 3448 Athanasius
1437 3370 1514 3448 -in
1565 3370 1784 3466 svnodo
1814 3397 1945 3451 Ale-
1979 3370 2021 3436 CI

289 3475 585 3530 undi-ina
633 3491 788 3531 anno
824 3477 950 3546 362,
1004 3500 1031 3528 «
1061 3481 1334 3545 Quamvis
1366 3484 1504 3538 certi
1535 3483 1821 3554 homines,
1854 3486 1943 3542 in-

292 3566 530 3636 quiens,
594 3564 883 3621 nonnulla
941 3567 1109 3638 quasi
1168 3585 1295 3640 quae
1362 3571 1650 3642 deessent,
1713 3573 1942 3630 Niczeno

292 3653 543 3710 concilio
577 3654 867 3710 ascribere
906 3655 1116 3712 vellent
1145 3658 1370 3730 (utique
1400 3661 1737 3734 orthodoxa)
1768 3663 1944 3735 idque

291 3744 507 3799 acriter
536 3744 998 3813 contenderent;
1047 3750 1250 3802 sancta
1290 3752 1482 3804 tamen
1525 3751 1783 3821 synodus
1816 3768 1943 3823 quae

293 3831 553 3886 Serdica
575 3833 868 3900 convenit,
891 3832 1128 3907 indigne
1160 3835 1217 3890 id
1250 3836 1407 3904 tulit,
1432 3839 1774 3912 decretoque
1805 3857 1944 3896 san-

293 3921 427 3975 civit
461 3938 475 3974 :
531 3923 616 3976 Ne
659 3921 793 3992 quid
838 3923 1069 3978 ulterius
1109 3924 1173 3980 de
1215 3925 1332 3995 ﬁde
1357 3927 1704 3996 scriberetur,
1737 3933 1789 3985 et
1832 3946 1946 3986 sese

291 4013 577 4064 contentos
604 4025 720 4064 esse
745 4012 978 4067 Nicena
1009 4011 1124 4080 ﬁde
1153 4013 1568 4070 declaraverunt
1586 4033 1608 4077 ;
1638 4021 1700 4072 ut
1727 4019 1820 4073 cui
1861 4021 1946 4074 ni-

294 4098 381 4152 hil
407 4098 641 4167 deesset,
673 4106 723 4154 et
753 4114 880 4171 quae
902 4101 1071 4171 plena
1095 4104 1320 4172 pietatis
1346 4113 1514 4166 esset;
1563 4122 1740 4178 neque
1784 4107 1943 4162 eden-

293 4187 418 4243 dam
447 4203 565 4244 esse
593 4187 770 4242 aliam
791 4189 1189 4261 professionem
1209 4191 1360 4261 ﬁdei,
1383 4207 1454 4247 ne
1482 4193 1582 4248 illa
1611 4210 1728 4265 qux
1747 4195 1946 4253 Nicaeae

291 4280 502 4349 scripta
532 4285 634 4344 est,
668 4279 986 4349 imperfecta
1013 4279 1366 4343 crederetur;
1411 4298 1546 4338 neve
1590 4282 1712 4339 illis
1740 4287 1945 4342 occasio

293 4365 614 4438 hujusmodi
669 4367 1131 4439 suppeditaretur,
1182 4373 1278 4440 qui
1325 4385 1702 4442 saepenumero
1755 4375 1947 4430 volunt

293 4456 356 4511 de
380 4458 490 4527 ﬁde
515 4456 753 4526 deﬁnire
781 4461 832 4511 et
859 4457 1119 4512 scribere.
1155 4480 1184 4507 »

364 4548 449 4601 An
483 4546 608 4601 haec
637 4546 811 4602 nobis
830 4551 1125 4619 opponant
1153 4547 1332 4604 (ἓνωοὶ
1364 4549 1425 4604 in
1456 4550 1793 4622 praesidium
1825 4569 1943 4607 suae

301 4649 484 4690 causa
538 4635 854 4690 adversum
902 4651 1125 4704 vocem,
1163 4638 1432 4709 Filioque,
1465 4638 1738 4710 Symbolo
1786 4640 1943 4710 adje-

2052 724 2326 776 carnatus
2375 726 2464 777 est
2515 723 2584 776 de
2633 719 2850 792 Spiritu
2897 722 3100 775 sancto
3131 735 3198 773 ex
3225 717 3405 773 Maria
3431 715 3688 788 Virgine,

2051 813 2108 864 et
2137 809 2310 865 homo
2344 811 2531 866 factus
2561 814 2667 866 est.
2698 809 3021 866 Crucifixus
3042 808 3217 863 etiam
3249 824 3350 878 pro
3381 805 3550 861 nobis
3580 805 3691 861 sub

2052 899 2254 954 Pontio
2284 900 2488 969 Pilato,
2522 916 2756 972 passus,
2788 905 2845 953 et
2893 896 3158 969 sepultus
3197 902 3304 953 est.
3336 897 3403 951 Et
3433 911 3687 950 resurre-

2050 988 2134 1042 xit
2163 989 2335 1044 tertia
2365 989 2455 1044 die
2484 991 2783 1045 secundum
2833 988 3168 1059 Scripturas.
3203 991 3271 1042 Et
3318 985 3582 1042 ascendit
3629 984 3688 1038 in

2051 1077 2282 1149 ccelum,
2317 1080 2480 1134 sedet
2522 1080 2592 1134 ad
2643 1080 2937 1134 dexteram
2981 1077 3182 1149 patris.
3215 1078 3284 1131 Et
3313 1076 3523 1131 iterum
3552 1091 3689 1130 ven-

2049 1171 2219 1223 turus
2273 1171 2360 1222 est
2413 1185 2544 1222 cum
2589 1167 2774 1240 gloria
2803 1167 3071 1237 judicare
3099 1165 3258 1221 vivos
3300 1168 3354 1220 et
3404 1168 3689 1231 mortuos,

2051 1257 2222 1328 cujus
2246 1257 2406 1328 regni
2431 1273 2546 1312 non
2577 1257 2685 1311 erit
2714 1255 2865 1311 ﬁnis.
2894 1257 2963 1310 Et
2992 1255 3050 1309 in
3083 1254 3365 1326 Spiritum
3397 1257 3689 1322 sanctum,

2050 1347 2361 1417 Dominum,
2393 1350 2448 1402 et
2484 1348 2899 1416 viviﬁcantem:
2957 1346 3052 1417 qui
3095 1361 3164 1400 ex
3209 1350 3374 1400 Patre
3418 1344 3686 1414 procedit,

2051 1437 2152 1507 qui
2177 1452 2302 1490 cum
2334 1437 2496 1491 Patre
2527 1443 2576 1490 et
2606 1436 2743 1490 Filio
2771 1434 2937 1489 simul
2969 1435 3242 1490 adoratur
3269 1441 3322 1488 et
3363 1430 3688 1503 conglorifi-

2050 1529 2230 1593 catur,
2265 1528 2362 1598 qui
2407 1527 2614 1581 locutus
2661 1529 2738 1580 est
2781 1541 2886 1597 per
2922 1525 3232 1596 prophetas.
3266 1523 3334 1577 Et
3380 1522 3439 1576 in
3484 1538 3686 1586 unam,

2053 1619 2336 1680 sanctam,
2388 1613 2754 1680 catholicam,
2806 1617 2862 1668 et
2917 1611 3298 1684 apostolicam
3347 1609 3684 1665 Ecclesiam.

2053 1701 2412 1757 Conﬁtemur
2437 1719 2621 1757 unum
2647 1702 2940 1773 baptisma
2967 1701 3027 1756 in
3058 1699 3462 1755 remissionem
3496 1713 3690 1769 pecca-

2050 1795 2266 1847 torum.
2284 1793 2350 1847 Et
2371 1795 2772 1863 exspectamus
2795 1789 3278 1846 resurrectionem
3301 1791 3686 1852 mortuorum,

2052 1885 2107 1937 et
2135 1880 2310 1935 vitam
2336 1880 2514 1935 futuri
2539 1879 2969 1935 saeculimHanc
2999 1894 3132 1934 vero
3163 1876 3296 1932 licet
3325 1874 3687 1931 additamen-

2051 1970 2128 2026 tis
2160 1975 2412 2035 auctam,
2442 1974 2609 2024 vocat
2647 1967 3032 2024 nihilominus
3081 1964 3440 2038 Epiphanius
3474 1980 3487 2018 :
3534 1963 3691 2018 Fidei

2048 2059 2353 2132 lor-mulam
2389 2075 2422 2114 a
2460 2060 2659 2114 sanctis
2690 2056 2949 2129 apostolis
2980 2055 3242 2110 traditam
3290 2058 3343 2108 et
3390 2054 3450 2107 in
3493 2053 3688 2108 Eccle—

2049 2149 2133 2203 sia
2177 2150 2238 2202 in
2281 2151 2470 2202 sancta
2507 2147 2640 2202 urbe
2669 2147 2740 2202 ab
2771 2147 3019 2201 omnibus
3048 2147 3250 2199 sanctis
3277 2143 3559 2214 episcopis,
3594 2143 3690 2213 qui

2049 2253 2218 2309 supra
2240 2240 2498 2292 trecentos
2526 2240 2575 2291 et
2604 2236 2785 2291 decem
2803 2236 3046 2306 fuerunt.
3071 2233 3354 2303 (Nicaenos
3384 2229 3688 2299 videlicet),

2050 2328 2454 2396 praescriptum.
2491 2324 2701 2391 Quidni
2750 2324 3042 2395 apostolica
3091 2325 3141 2378 et
3186 2323 3419 2378 Nicaena
3447 2319 3693 2374 dicenda

2051 2415 2216 2479 foret,
2239 2431 2371 2469 cum
2403 2431 2570 2469 voces
2598 2415 2902 2479 duntaxat,
2925 2412 3139 2483 quibus
3159 2409 3470 2466 enucleate:
3502 2407 3690 2479 magis

2051 2503 2280 2559 articuli
2329 2503 2717 2571 declarantur,
2766 2503 3022 2574 adjectae
3072 2501 3315 2555 all‘erat?
3365 2499 3688 2568 Argumen-

2049 2599 2174 2649 tum
2230 2592 2366 2648 hinc
2413 2591 2657 2658 elicitur,
2691 2593 2842 2663 quod
2876 2594 3102 2646 Graecos
3140 2589 3391 2662 jugulat,
3426 2587 3690 2657 favetque

2050 2683 2330 2738 Romanis
2362 2686 2419 2738 et
2455 2681 2943 2738 Occidentalibus.

2119 2772 2324 2827 Adhuc
2347 2770 2521 2826 aliam
2544 2770 2732 2842 magis
2755 2769 3034 2842 prolixam
3066 2769 3284 2823 ibidem
3304 2765 3496 2835 refert,
3521 2780 3685 2820 num.

2052 2863 2173 2917 121.
2205 2859 2380 2916 Verbi
2409 2859 2588 2915 divini
2620 2858 2963 2929 incarnatio,
2996 2875 3062 2914 ac
3092 2856 3343 2929 Spiritus
3374 2855 3560 2911 sancti
3600 2853 3687 2908 di-

2051 2951 2262 3006 vinitas
2291 2948 2674 3006 luculenb’ore
2721 2963 2989 3003 sermone
3035 2949 3425 3018 exponuntur.
3457 2942 3686 2999 Caeteris

2051 3037 2482 3112 praetermissis,
2514 3053 2640 3108 quae
2662 3037 2862 3093 eadem
2889 3039 3028 3091 sunt
3057 3036 3117 3091 in
3140 3033 3413 3108 Symbolo
3433 3033 3684 3098 Niczeno,

2052 3129 2172 3184 haec
2203 3128 2429 3200 profero
2463 3145 2476 3182 :
2528 3127 2590 3180 Et
2620 3125 2776 3181 homo
2803 3127 2980 3196 factus
3009 3131 3087 3179 est
3114 3142 3133 3178 :
3185 3123 3246 3178 id
3281 3131 3360 3179 est
3392 3123 3692 3194 perfectum

2053 3218 2343 3288 assumpsit
2390 3215 2682 3282 hominem,
2737 3215 3004 3279 animam,
3053 3229 3267 3285 corpus,
3327 3213 3580 3276 mentem,
3641 3212 3694 3264 et

2053 3305 2316 3378 quidquid
2344 3304 2501 3361 aliud
2529 3309 2684 3360 homo
2714 3308 2815 3368 est,
2846 3306 3063 3374 excepto
3088 3307 3308 3373 peccato
3340 3317 3358 3353 :
3395 3317 3506 3356 non
3548 3315 3576 3354 e
3617 3301 3696 3353 vi-

2049 3394 2162 3450 rili
2190 3398 2331 3461 satu,
2362 3410 2462 3448 nec
2491 3395 2570 3448 ita
2607 3397 2666 3448 ut
2709 3395 2770 3448 in
2809 3393 3028 3448 homine
3056 3392 3322 3446 duntaxat
3353 3390 3570 3454 inesset,
3602 3387 3694 3442 sed

2052 3485 2113 3541 in
2167 3487 2408 3554 seipsum
2467 3484 2703 3554 efﬁctam
2768 3482 2929 3536 illam
2990 3497 3212 3536 carnem
3265 3478 3584 3547 transtulit,
3645 3483 3698 3530 et

2050 3573 2109 3628 in
2140 3589 2311 3627 unam
2348 3588 2414 3626 ac
2458 3575 2703 3626 sanctam
2731 3571 3171 3640 singularitatem
3198 3569 3484 3640 conjunxit
3512 3583 3532 3619 .°
3583 3581 3695 3620 non

2051 3662 2120 3717 ad
2167 3678 2290 3716 eum
2334 3660 2553 3716 modum
2603 3676 2706 3731 quo
2751 3659 3032 3730 praphetis
3060 3660 3348 3730 aspiravit,
3380 3665 3431 3712 et
3475 3658 3536 3710 in
3578 3655 3694 3709 illis

2051 3753 2267 3807 locutus
2295 3754 2392 3818 est,
2425 3750 2705 3821 effecitque
2752 3749 3056 3820 quidpiam,
3089 3747 3181 3803 sed
3224 3747 3379 3802 homo
3425 3747 3695 3817 perfectus

2052 3857 2166 3897 esse
2214 3841 2384 3895 voluit
2417 3857 2437 3894 :
2490 3839 2715 3895 Verbum
2742 3840 2942 3911 quippe
2982 3852 3108 3892 caro
3134 3839 3342 3908 factum
3371 3838 3490 3901 est,-
3518 3849 3695 3906 neque

2053 3934 2149 3985 aut
2179 3930 2543 3984 mutationem
2571 3928 2749 3982 ullam
2775 3929 2851 3982 est
2880 3933 3187 3998 expertum,
3225 3932 3321 3980 aut
3350 3924 3695 3980 divinitatem

2051 4035 2214 4075 suam
2261 4021 2322 4074 in
2366 4023 2634 4073 naturam
2681 4017 2942 4072 convertit
2990 4017 3250 4082 hominis,
3283 4013 3374 4068 sed
3417 4014 3478 4067 in
3524 4031 3694 4068 unam

2052 4117 2299 4163 sanctam
2330 4107 2714 4178 perfectionem
2741 4105 3188 4175 divinitatemque
3221 4103 3513 4174 copulavit.
3550 4105 3695 4160 Unus

2054 4205 2132 4251 est
2160 4198 2310 4250 enim
2359 4196 2622 4251 Dominus
2666 4196 2817 4250 Iesus
2867 4192 3134 4262 Christus,
3182 4207 3293 4246 non
3344 4191 3494 4246 duo:
3553 4191 3696 4246 idem

2053 4288 2220 4352 Deus,
2247 4286 2392 4339 idem
2421 4284 2704 4352 Dominus,
2737 4282 2984 4352 idemque
3013 4281 3142 4336 Rex.
3171 4281 3282 4350 Qui
3309 4295 3502 4347 passus
3530 4284 3607 4334 est
3634 4281 3694 4335 in

2052 4389 2240 4439 carne,
2267 4381 2318 4428 et
2366 4374 2676 4427 resurrexit
2708 4387 2721 4426 :
2773 4376 2826 4427 et
2870 4371 3063 4424 extum
3103 4385 3228 4424 cum
3256 4368 3441 4423 eodem
3469 4383 3694 4436 corpore

2052 4461 2358 4518 conscendit
2385 4479 2397 4516 :
2449 4468 2500 4516 et
2528 4459 2598 4514 ad
2627 4460 2905 4515 dexteram
2934 4458 3118 4512 Patris
3146 4457 3381 4527 gloriose
3407 4455 3642 4511 consedit
3676 4473 3690 4513 :

2051 4561 2101 4607 et
2129 4567 2254 4607 cum
2284 4549 2468 4606 eodem
2497 4564 2717 4620 corpore
2745 4555 3005 4602 venturus
3037 4553 3112 4600 est
3141 4561 3265 4600 cum
3311 4543 3499 4613 gloria
3533 4545 3691 4614 judi-

2051 4656 2179 4695 eare
2217 4640 2362 4694 vivos
2410 4647 2462 4693 et
2509 4645 2774 4703 mortuos,
2808 4636 2965 4708 cujus
3013 4635 3181 4706 regni
3226 4649 3336 4688 non
3383 4633 3498 4686 erit
3543 4631 3689 4701 ﬁnis.

303 4723 498 4778 ctam?
546 4723 828 4779 Noverint
872 4724 1007 4796 ipsi,
1060 4725 1357 4782 decretum
1407 4725 1552 4782 illud
1605 4728 1948 4784 Sardicense
1978 4738 2024 4803 D
2057 4728 2338 4785 Credimus
2393 4735 2444 4782 et
2491 4728 2552 4781 in
2601 4727 2876 4797 Spiritum
2921 4726 3190 4792 sanctum,
3230 4723 3326 4791 qui
3365 4721 3572 4778 locutus
3619 4728 3694 4776 est

305 4810 729 4881 impedimento
778 4830 894 4868 non
954 4813 1158 4880 fuisse,
1209 4816 1544 4885 quominus.
1577 4816 1636 4871 in
1693 4817 1952 4874 Ecclesia
2059 4818 2212 4890 152
2245 4818 2305 4871 in
2335 4816 2470 4884 lege,
2501 4820 2554 4870 et
2587 4831 2686 4886 per
2724 4813 3010 4885 prophetas
3039 4812 3407 4882 praedicavit:
3459 4809 3535 4865 ad
3578 4812 3694 4866 Jor-

305 4897 580 4956 Orientali
612 4899 893 4973 prolixior
922 4903 1190 4958 ederetur
1223 4903 1474 4959 formula
1502 4905 1560 4960 in
1597 4905 1948 4977 baptismate

305 4990 598 5045 tradenda.
653 4989 875 5046 Profert
921 5007 1050 5046 eam
1109 4991 1475 5064 Epiphanius
1534 4994 1592 5049 in
1649 4997 1946 5064 Ancorato,

303 5095 463 5134 nam.
517 5080 669 5136 12οε
723 5103 752 5129 α
784 5079 1091 5136 Credimus
1144 5081 1204 5136 in
1253 5099 1436 5137 unum
1483 5083 1684 5149 Deum,
1719 5084 1944 5140 Patrem

303 5169 786 5242 omnipotentem,
821 5169 1098 5226 factorem
1131 5169 1257 5226 caali
1303 5176 1361 5226 et
1409 5175 1594 5242 terrai,
1625 5173 1945 5229 visibilium

303 5260 562 5314 omnium
616 5263 676 5314 et
720 5257 1127 5315 invisibilium.
1171 5260 1240 5314 Et
1287 5260 1345 5314 in
1399 5277 1583 5316 unum
1632 5261 1946 5318 Dominum

300 5345 496 5402 Jesum
530 5345 827 5402 Christum
861 5347 1074 5403 Filium
1110 5347 1207 5404 Dei
1241 5349 1632 5422 unigenitum,
1667 5355 1724 5406 et
1751 5367 1819 5406 ex
1845 5351 1947 5407 Pa-

299 5441 382 5492 tre
411 5443 618 5493 natum
667 5442 798 5492 ante
843 5436 1043 5494 omnia
1091 5439 1348 5492 secula:
1402 5440 1549 5496 151
1588 5439 1696 5496 hoc
1746 5445 1831 5495 est
1880 5457 1948 5496 ex

303 5527 482 5580 Patris
516 5525 874 5589 substantia,
908 5524 1108 5582 lumen
1142 5527 1213 5582 de
1257 5526 1500 5598 lumine,
1533 5528 1714 5584 Deum
1745 5545 1945 5584 verum

302 5613 364 5668 de
383 5614 496 5671 Deo
519 5631 679 5679 vero,
703 5616 967 5687 genitum
992 5632 1108 5670 non
1131 5616 1945 5686 factum,consubstantialem

303 5705 469 5772 Patri,
504 5722 610 5778 per
640 5720 820 5776 quem
852 5704 1054 5760 omnia
1082 5705 1235 5760 facta
1262 5710 1424 5773 sunt,
1469 5723 1596 5779 qua:
1643 5706 1787 5762 ccelo
1827 5711 1945 5762 ter-

297 5808 463 5866 nque
494 5794 881 5852 continentur
911 5811 924 5862 ;
958 5793 1082 5868 ξςῠὶ
1132 5798 1366 5869 propter
1411 5812 1517 5852 nos
1567 5795 1858 5866 homines,
1892 5799 1950 5854 et

2055 4907 2256 4961 donem
2284 4905 2577 4974 descendit,
2609 4905 2668 4957 in
2698 4901 2954 4974 apostolis
2983 4901 3190 4956 locutus
3235 4907 3329 4966 est,
3363 4903 3414 4954 et
3459 4901 3518 4954 in
3565 4915 3693 4954 san-

2055 4998 2156 5051 etis
2187 4995 2418 5049 habitat.
2459 4994 2542 5048 Ita
2582 5007 2744 5063 porro
2791 5005 2887 5045 nos
2934 4991 2994 5044 in
3041 4990 3158 5060 ipso
3203 4989 3478 5044 credimus
3507 5004 3527 5041 :
3576 4988 3696 5058 Spi-

2055 5087 2227 5140 ritum
2272 5099 2386 5139 esse
2429 5085 2697 5151 sanctum,
2729 5081 2830 5134 Dei
2877 5079 3170 5150 Spiritum,
3213 5077 3479 5149 Spiritum
3519 5079 3696 5148 perfe-

2059 5177 2225 5244 ctum,
2281 5172 2552 5244 Spiritum
2613 5168 2988 5234 Paracletum,
3046 5169 3370 5236 increatum,
3430 5182 3464 5219 a
3528 5168 3696 5220 Patre

2051 5261 2450 5335 procedentem,
2501 5259 2852 5330 accipientem
2909 5274 2942 5310 a
2995 5254 3169 5311 Filio.
3223 5254 3351 5310 Haec
3401 5258 3696 5326 postrema

2056 5351 2231 5406 verba
2252 5348 2769 5404 animadvertenda
2794 5350 2952 5417 sunt,
2977 5361 3102 5418 qua:
3134 5343 3430 5416 particulae
3454 5343 3696 5413 Filioque

2056 5438 2448 5512 aaquipollent.
2480 5438 2692 5492 Textus
2733 5436 2968 5492 Graccus
3020 5434 3241 5490 habet:
3292 5433 3381 5486 Ἐκ
3421 5429 3518 5485 τού
3565 5430 3694 5484 Υἱοῦ

2056 5521 2490 5600 λαμϐανόμενον,
2536 5525 2626 5580 Al.
2660 5518 3020 5596 λαμϐάνοντα.

2129 5617 2316 5690 Digna
2328 5621 2467 5672 sunt
2480 5616 2648 5671 etiam
2663 5613 3315 5685 animadversione,quaa
3329 5609 3541 5666 ibidem
3557 5627 3694 5682 proe-

2056 5706 2299 5762 miserat
2323 5705 2687 5779 Epiphanius
2707 5705 2881 5760 verba
2907 5721 2918 5758 :
2945 5727 2969 5752 «
2994 5703 3208 5758 Verum
3232 5700 3508 5774 quoniam
3531 5701 3696 5754 aatate

2056 5800 2256 5853 nostra
2303 5794 2426 5851 alias
2475 5798 2608 5870 post
2646 5793 2789 5852 alias
2817 5793 3068 5851 hmreses
3097 5792 3482 5861 emerserunt,
3515 5788 3573 5845 id
3604 5791 3694 5847 est
