4094 6446
349 476 469 538 155

1375 480 1690 544 GEORGII
1733 479 1996 543 CYPRII
2039 480 2153 543 ΟΡ.
2203 483 2726 549 ΡΑἸἮῙΑΗΟΗΕ

3629 482 3744 545 156

349 612 712 684 temporibus
742 613 1130 670 Valentiniani
1163 619 1220 670 et
1255 615 1516 672 Valentis
1546 617 1985 688 imperatorum,
2019 620 2070 681 Α
2106 619 2186 672 tui
2236 623 2435 674 sancto
2486 620 2908 675 resistentium.
2944 640 2971 668 »
3014 617 3165 674 Satis
3194 618 3252 672 id
3284 621 3428 674 erat.
3463 615 3627 673 Fides
3658 621 3745 673 at-

354 718 602 774 quorum
648 705 774 774 jam
823 704 1064 758 decimus
1113 722 1293 761 annus
1350 706 1562 777 agitur,
1615 712 1670 761 et
1727 707 1986 762 Gratiani

351 797 552 858 sextus,
587 809 619 846 a
676 793 1024 848 Diocletiano
1073 810 1208 850 vero
1259 799 1506 866 tyranno
1555 800 1938 864 nonagesimus
1969 817 1987 851 :

355 887 659 953 pr0pterea
690 887 807 937 tam
856 900 976 951 vos,
1013 900 1188 954 quam
1244 902 1348 939 nos
1401 885 1536 956 ipsi,
1582 891 1638 940 et
1684 886 1987 941 orthodoxi

349 987 551 1027 omnes
583 972 837 1043 episcopi
870 980 927 1026 et
956 989 1070 1027 uno
1103 978 1164 1027 ut
1207 976 1380 1028 verbo
1413 976 1601 1029 dicam
1636 981 1756 1029 tota
1789 976 1984 1030 Eccle-

347 1059 434 1115 sia
463 1061 766 1126 catholica,
801 1063 1079 1117 adversus
1111 1064 1463 1134 prodeuntes
1505 1065 1817 1119 identidem
1869 1065 1984 1119 hae-

341 1165 520 1216 reses,
569 1155 1077 1222 consentaneeque
1126 1169 1258 1206 cum
1309 1155 1571 1224 exposita
1623 1154 1796 1226 paulo
1852 1160 1985 1208 ante

340 1244 676 1293 sanctorum
729 1240 963 1294 Patrum
1021 1241 1152 1296 fidei
1207 1242 1480 1308 formula,
1531 1244 1602 1297 iis
1663 1245 1981 1313 praesertim

341 1327 440 1400 qui
471 1330 738 1398 baptismo
767 1329 1036 1385 initiandi
1063 1335 1210 1396 sunt,
1244 1332 1496 1386 dicimus
1538 1337 1601 1386 ut
1649 1333 1756 1388 hoc
1809 1335 1982 1387 modo

346 1417 745 1489 profiteantur,
779 1435 844 1473 ac
892 1419 1089 1473 dicant
1122 1437 1134 1474 :
1187 1421 1511 1488 Credimus,
1545 1427 1654 1476 etc.
1692 1444 1712 1470 ι
1767 1422 1983 1494 Collige

344 1505 460 1560 duo
495 1524 507 1561 :
543 1507 848 1577 praedictas
882 1507 1010 1576 ﬁdei
1037 1509 1303 1577 formulas
1335 1509 1391 1562 in
1425 1526 1536 1563 usu
1568 1510 1749 1564 fuisse
1779 1509 1984 1580 aliqui-

342 1596 454 1650 bus
485 1595 543 1649 in
566 1595 818 1650 Orientis
845 1595 1117 1651 Ecclesiis
1138 1602 1271 1652 ante
1301 1615 1520 1652 annum
1547 1599 1672 1664 373,
1699 1615 1812 1669 quo
1842 1599 1983 1654 deci-

343 1701 463 1739 mus
491 1701 670 1739 annus
701 1684 1090 1740 Valentiniani
1124 1689 1180 1739 et
1208 1687 1486 1754 Valentis,
1520 1692 1575 1741 et
1616 1691 1798 1742 sextus
1846 1690 1983 1742 Gra-

339 1773 482 1828 tiani
517 1773 858 1844 inceperunt
889 1790 901 1828 :
946 1774 1172 1845 sibique
1206 1776 1288 1829 fas
1321 1776 1500 1830 fuisse
1531 1777 1737 1831 Graecae
1770 1777 1980 1848 lingua:

339 1862 537 1918 Patres
603 1863 1004 1929 existimasse,
1073 1865 1364 1919 Nicenam
1432 1866 1691 1937 Symboli
1759 1868 1978 1922 formu-

341 1950 459 2007 lam
490 1951 962 2023 explicatioribus
995 1969 1204 2024 augere
1234 1955 1469 2009 vocibus
1517 1959 1750 2026 propter
1800 1956 1977 2010 haare-
2011 1985 2058 2050 Β

341 2056 434 2095 ses
483 2046 867 2111 emergentes.
922 2046 1035 2096 Cur
1085 2043 1285 2097 eadem
1333 2043 1577 2098 facultas
1625 2061 1726 2114 pro
1782 2061 1976 2099 rerum

338 2129 816 2194 circumstantiis,
832 2135 1308 2203 emergentesque
1329 2137 1562 2204 pr0pter
1578 2133 1845 2204 haereses,
1861 2151 1977 2189 non

341 2219 646 2273 conveniat
673 2219 1001 2274 Occidentis
1035 2219 1303 2276 Ecclesiis
1324 2222 1352 2274 ?

409 2307 739 2362 Emerserat
767 2325 897 2363 vero
944 2308 1180 2364 haeresis
1211 2313 1609 2376 Anoma'orum,
1643 2313 1976 2368 auctoribus

338 2396 500 2450 Aetio
548 2402 603 2450 et
648 2397 956 2461 Eunomio,
989 2399 1089 2469 qui
1135 2399 1495 2455 Theodorcto
1535 2406 1680 2456 teste
1729 2401 1875 2458 libro
1925 2421 1979 2457 ιν

340 2486 747 2542 Raeticarum
774 2487 1126 2555 Fabularum,
1163 2488 1435 2543 dicebant
1469 2506 1481 2544 :
1523 2492 1730 2546 Filium
1759 2491 1980 2562 quidem

342 2575 582 2646 primam
643 2580 957 2631 creaturam
1023 2579 1225 2643 Patris,
1289 2581 1742 2652 praecipuamque
1805 2598 1917 2636 esse
1961 2600 1980 2637 :

344 2663 621 2735 Spiritum
669 2681 794 2719 vero
825 2673 1072 2720 sanctum
1099 2683 1132 2719 a
1163 2667 1306 2720 Filio
1335 2676 1464 2722 ante
1491 2670 1606 2722 alia
1635 2685 1799 2739 Opera
1827 2687 1979 2726 crea-

340 2761 459 2807 tum
488 2769 617 2808 esse.
651 2752 844 2824 Ipsius
871 2753 1134 2808 Eunomii
1162 2756 1335 2810 verba
1365 2762 1502 2811 sunt
1523 2759 1674 2829 apud
1709 2765 1978 2814 sanctum

341 2842 643 2909 Basilium,
666 2841 814 2898 libro
837 2860 898 2911 ιι,
924 2848 1123 2900 contra
1143 2846 1412 2900 eumdem
1438 2845 1796 2914 haereticum,
1814 2865 1976 2904 num.

335 2933 406 2986 33
456 2949 469 2986 :
528 2934 770 3000 Ingeniti
826 2933 1045 3004 quidem
1093 2943 1351 2989 creatura
1397 2937 1572 2990 Filias
1619 2955 1636 2990 .'
1699 2939 1981 3006 Unigeniti

341 3035 460 3074 vero
511 3011 860 3075 Paracletus.
900 3020 1059 3075 Hanc
1110 3027 1276 3077 vocat
1323 3028 1562 3079 sanctus
1613 3026 1980 3096 Augustinus

344 3108 610 3163 heresim
666 3109 1028 3180 Arianorum,
1080 3127 1241 3166 num.
1305 3112 1400 3179 49,
1469 3113 1570 3184 qui
1629 3119 1872 3182 Patrem,
1929 3125 1981 3172 et

341 3199 571 3266 Filium,
629 3206 678 3253 et
734 3198 999 3270 Spiritum
1057 3208 1308 3255 sanetum
1364 3201 1566 3258 nolunt
1617 3219 1728 3258 esse
1789 3207 1977 3276 unius,

341 3287 684 3358 ejusdemque
738 3293 984 3354 natura,
1040 3294 1202 3360 atque
1252 3291 1598 3358 substantiae,
1657 3297 1753 3347 aut
1807 3310 1980 3350 essen-

337 3377 433 3433 tia?
485 3394 503 3429 .-

337 3475 587 3520 sanctum
658 3469 966 3520 creaturam
1039 3471 1342 3536 creaturm,
1421 3470 1519 3526 hoc
1591 3481 1666 3526 est
1729 3474 1795 3527 ab
1863 3476 1980 3545 ipso

337 3555 476 3610 Filio
517 3563 761 3609 creatum
806 3559 1013 3611 volunt.
1047 3560 1437 3625 Macedonius,
1471 3561 1777 3633 episcopus
1831 3565 1979 3620 Con-

341 3642 917 3714 stantinopolitanus,
978 3646 1188 3702 Filium
1255 3650 1768 3708 consubstantialem
1829 3654 1980 3709 Patri

341 3732 612 3803 negabat,
643 3732 896 3788 similem
948 3733 1030 3788 illi
1084 3753 1187 3807 per
1233 3738 1430 3793 omnia
1473 3739 1807 3796 fatebatur:
1856 3745 1979 3814 Spi-

343 3822 512 3875 ritum
564 3836 688 3877 vero
734 3826 987 3877 sanctum
1032 3825 1227 3895 (verba
1277 3832 1417 3882 sunt
1464 3828 1808 3886 Theodoreti
1857 3832 1980 3889 loco

342 3910 564 3980 citato),
594 3913 738 3966 sicut
780 3911 963 3979 Arius,
1003 3917 1056 3968 et
1104 3915 1422 3983 Eunomius,
1458 3917 1830 3989 btasphemare
1857 3939 1981 3992 per-

341 4000 510 4054 sistit.
547 4001 692 4056 Unde
721 4002 819 4072 qui
844 4003 965 4073 ejus
991 4011 1158 4060 sectae
1187 4004 1525 4075 dicebantur,
1557 4009 1982 4067 Pneumatoma-

344 4089 433 4143 chi
457 4090 834 4157 cognominati
861 4099 1010 4148 sunt.

418 4179 690 4234 Heresim
724 4180 964 4235 damnat
992 4181 1280 4239 Damasus
1318 4200 1470 4256 papa
1507 4185 1568 4239 in
1615 4189 1834 4260 synodo
1868 4189 1983 4246 Ro-

349 4283 523 4323 mana
553 4285 705 4324 anno
736 4269 843 4324 379
870 4271 1023 4327 158
1069 4271 1360 4327 celebrata
1391 4290 1404 4327 :
1459 4296 1486 4324 ‹‹
1517 4276 1982 4334 Anathematiza-

348 4374 482 4413 mus
507 4357 732 4426 Arium,
763 4363 938 4430 atque
967 4360 1344 4430 Eunomium,
1376 4364 1474 4434 qui
1505 4365 1627 4435 pari
1660 4366 1983 4439 impietate,

345 4447 479 4502 licet
501 4464 766 4503 sermone
789 4448 1086 4521 dissimili,
1112 4449 1321 4506 Filium
1345 4456 1401 4506 et
1418 4453 1693 4524 Spiritum
1719 4461 1985 4512 sanctum

347 4542 619 4592 asserunt
666 4554 794 4594 esse
837 4543 1155 4594 creaturas.
1196 4541 1770 4599 Anathematizamus
1801 4549 1986 4601 Mace-

349 4627 631 4698 donianos,
665 4628 766 4699 qui
816 4629 886 4682 de
933 4629 1049 4684 Arii
1100 4629 1280 4702 stirpe
1321 4630 1640 4697 venientes,
1675 4651 1788 4689 non
1821 4637 1988 4706 perfi-

348 4716 506 4771 diam
537 4721 928 4784 mutaverunt,
954 4719 1053 4774 sed
1087 4736 1332 4774 nomen.
1361 4764 1372 4775 .
1401 4761 1414 4774 .
1447 4721 1503 4774 Si
1537 4722 1668 4792 quis
1695 4740 1807 4778 non
1834 4724 1986 4780 dixe-
2017 4728 2063 4792 D

353 4807 432 4860 rit
475 4805 742 4876 Spiritum
777 4811 1027 4862 sanctum
1053 4808 1118 4864 de
1145 4809 1310 4864 Patre
1337 4825 1450 4865 esse
1476 4827 1606 4866 vere
1637 4826 1702 4866 ac
1733 4814 1984 4884 proprie,

356 4895 507 4950 sicut
538 4895 747 4950 Filium
780 4898 850 4951 de
881 4897 1076 4953 divina
1107 4899 1455 4966 substantia,
1490 4899 1802 4955 anathema
1832 4903 1909 4956 sit
1931 4943 1943 4956 .
1972 4943 1985 4957 .

356 5028 408 5040 ..
468 4985 527 5040 Si
577 4987 712 5056 quis
759 4985 968 5041 dixerit
1017 4988 1298 5059 Spiritum
1354 4992 1622 5044 sanctum
1675 4991 1983 5060 facturam,

349 5079 450 5129 aut
495 5091 599 5147 per
642 5075 846 5129 Filium
892 5077 1121 5144 factum,
1153 5077 1464 5132 anathema
1504 5078 1598 5132 sit.
1634 5101 1662 5127 »
1712 5079 1986 5136 Haeresim

346 5165 564 5236 pariter
605 5165 962 5219 damnarunt
1011 5166 1333 5222 Orientales
1382 5167 1579 5223 Patres
1611 5184 1763 5223 anno
1792 5171 1890 5224 381
1925 5170 1984 5224 in

349 5254 571 5325 synodo
599 5253 1242 5325 Constantinopolitana
1272 5255 1516 5311 collecti.
1549 5261 1778 5313 Canone
1826 5260 1850 5312 1
1904 5258 1987 5314 sic

347 5343 603 5398 habent:
641 5342 841 5396 Fidem
865 5359 979 5397 non
1003 5343 1331 5398 violandam
1365 5347 1590 5400 Patrum
1618 5351 1986 5404 trecentorum

352 5432 534 5487 decem
585 5436 637 5486 et
683 5440 814 5498 octo,
863 5432 961 5502 qui
1003 5433 1155 5503 apud
1186 5433 1432 5489 Niceam
1467 5435 1746 5508 Bithyniae
1777 5454 1986 5493 conve—

351 5525 613 5575 nerunt:
665 5521 765 5574 sed
823 5537 1055 5575 manere
1101 5537 1228 5575 eam
1282 5522 1530 5593 firmam,
1581 5531 1638 5579 et
1693 5526 1983 5582 stabilem.

350 5610 972 5665 Anathematizandam
1000 5626 1232 5664 omnem
1264 5609 1552 5680 heresim,
1576 5618 1632 5668 et
1661 5615 1989 5686 specialiter

345 5702 833 5768 Eunomianorum,
882 5699 968 5755 vel
1023 5700 1473 5766 Anomianorum,
1525 5705 1581 5755 et
1629 5703 1979 5773 Arianorum,

340 5791 428 5850 vel
482 5792 955 5862 Eudoxianorum,
991 5793 1046 5846 et
1075 5789 1620 5856 Macedonianorum,
1655 5791 1740 5847 vel
1796 5792 1973 5865 Spiri-

558 3377 652 3433 sed
705 3393 824 3432 esse
878 3379 1085 3432 Filium
1140 3388 1468 3449 creaturam,
1530 3381 1804 3452 Spiritum
1855 3357 2028 3440 veroC

2097 711 2293 762 tamen
2343 708 2623 764 catholica
2673 714 2735 764 ut
2783 708 3013 764 facilius
3060 709 3450 764 innotesceret
3491 707 3739 775 cunctis,

2097 814 2161 851 ac
2213 798 2435 853 firmior
2485 799 2700 853 animis
2748 798 3011 853 omnium
3053 797 3380 863 inhaereret,
3412 797 3740 852 consultius

2095 887 2309 940 duxere
2343 887 2538 941 Patres
2587 887 2672 942 illi
2721 886 3368 958 Constantinopolitani,
3403 890 3467 940 ut
3515 887 3736 941 formu-

2095 973 2208 1029 lam
2243 976 2520 1046 Symboli,
2553 979 2779 1032 Nicaeae
2811 976 3201 1048 prolixiorem,
3224 974 3500 1030 Ecclesiis
3533 991 3739 1047 propo-

2095 1071 2299 1119 nerent
2334 1084 2345 1119 :
2396 1082 2642 1137 eamque
2691 1067 3062 1137 adoptarunt,
3097 1082 3224 1136 qua;
3256 1064 3412 1136 prior
3441 1070 3531 1119 est
3559 1079 3735 1135 supe-

2095 1154 2216 1208 rius
2248 1154 2537 1227 descripta
2567 1156 2993 1226 Epiphaniam,-
3026 1154 3241 1209 additis
3279 1153 3456 1208 etiam
3496 1154 3736 1208 vocibus

2094 1243 2229 1309 illis,
2264 1247 2430 1299 Deum
2473 1245 2540 1299 de
2590 1246 2697 1298 lteo
2729 1263 2747 1298 :
2799 1244 2930 1299 aliis
2964 1243 3389 1315 praetermissis,
3425 1258 3653 1313 nempe,
3685 1248 3740 1296 et

2092 1349 2217 1405 qui?
2267 1335 2326 1388 in
2374 1336 2540 1396 cazlis,
2574 1343 2624 1388 et
2671 1349 2797 1405 qua?
2842 1335 2899 1388 in
2950 1338 3098 1388 terra
3118 1350 3138 1394 ,·
3178 1337 3234 1386 et
3265 1330 3381 1385 illis
3413 1331 3610 1398 etiam,
3643 1329 3742 1386 hoc

2090 1428 2188 1488 est,
2218 1440 2287 1477 ex
2331 1425 2634 1478 substantia
2683 1425 2914 1477 Patris:
2970 1439 3095 1494 quin
3144 1421 3203 1475 in
3257 1419 3369 1475 alia
3417 1436 3577 1485 voce,
3610 1436 3737 1475 con-

2090 1513 2490 1578 substantialis,
2529 1511 3132 1583 comprehenduntur.

2163 1603 2379 1656 lterum
2414 1602 2633 1671 regiam
2667 1601 2726 1655 in
2769 1601 3060 1654 civitatem
3093 1615 3244 1654 anno
3272 1597 3604 1669 insequenti
3634 1597 3739 1652 382

2090 1707 2407 1746 convenere
2457 1691 2679 1756 Patres,
2719 1706 2786 1745 ac
2833 1689 3182 1760 Synodicam
3238 1688 3489 1742 Damaso
3540 1688 3737 1757 ponti-

2093 1780 2204 1846 fici,
2240 1780 2580 1850 caeterisque
2610 1779 2941 1834 Occidentis
2971 1777 3262 1849 episcopis
3293 1777 3600 1831 dederunt.
3636 1776 3733 1831 In-

2091 1877 2174 1924 ter
2205 1868 2319 1923 alia
2350 1868 2432 1922 sic
2464 1868 2679 1922 habent
2711 1885 2723 1921 :
2778 1871 2920 1938 Qua
2951 1867 3130 1938 igitur
3158 1864 3234 1919 ad
3278 1864 3441 1934 ﬁdem
3467 1865 3730 1934 attinent,

2089 1975 2262 2030 quam
2292 1967 2476 2028 aperte
2504 1957 2895 2028 praedicamus,
2928 1958 2988 2010 in
3020 1970 3235 2010 summa
3263 1957 3390 2008 sunt
3419 1951 3735 2024 hujusmodi

2088 2048 2238 2117 (qua:
2270 2046 2574 2118 praemissa
2603 2051 2781 2110 sunt).
2812 2047 2888 2100 De
2915 2046 3114 2116 quibus
3145 2043 3385 2114 amplius
3415 2043 3620 2096 animis
3650 2058 3733 2097 ve-

2087 2137 2215 2191 stris
2261 2138 2575 2207 satisfacere
2620 2136 2894 2206 poteritis,
2943 2134 2993 2188 si
3046 2138 3252 2187 tomum
3297 2131 3494 2201 synodi
3537 2132 3729 2186 Antio-

2086 2226 2290 2290 cheam,
2321 2234 2372 2279 et
2421 2241 2545 2280 eum
2591 2226 2688 2294 qui
2737 2225 3008 2293 superiori
3053 2238 3205 2277 anno
3245 2221 3391 2292 (381)
3423 2219 3732 2275 Constanti-

2087 2315 2274 2386 nopoli
2318 2332 2352 2368 a
2399 2313 2600 2383 synodo
2647 2312 2956 2367 universali
3001 2319 3079 2366 est
3114 2311 3323 2375 editus,
3356 2311 3626 2381 inspicere
3654 2309 3736 2363 di-

2087 2405 2359 2474 gnamini.
2396 2405 2496 2460 Ubi
2545 2411 2595 2458 et
2642 2404 2773 2472 ﬁdei
2811 2402 3202 2472 confessionem
3229 2400 3453 2454 uberius
3485 2399 3737 2470 exposui-

2089 2510 2210 2548 mus
2242 2510 2260 2545 :
2305 2502 2356 2547 et
2404 2495 2464 2548 in
2511 2506 2698 2548 recens
2745 2490 3063 2546 adinventas
3105 2489 3339 2546 haereses
3368 2486 3736 2542 anathemati:

2087 2583 2414 2639 sententiam
2439 2582 2881 2652 perscripsimus.
2915 2577 3233 2633 Postremis
3263 2576 3455 2632 verbis
3486 2576 3736 2630 Canones

2090 2672 2276 2729 editos
2308 2670 2647 2741 intelligunt
2679 2685 2692 2722 :
2744 2669 2900 2724 Fidei
2944 2683 3068 2723 vero
3114 2668 3536 2737 confessionem,
3569 2681 3735 2736 quam

2089 2764 2310 2817 uberius
2339 2762 2646 2832 expositam
2678 2757 2861 2823 aiunt,
2894 2756 3156 2811 indicant
3183 2753 3544 2828 Symbolum,
3577 2753 3733 2824 quod

2087 2849 2260 2922 vulgo
2306 2847 2968 2915 Constantinoyrolitanum
3014 2843 3386 2916 appellatur:
3441 2858 3506 2896 ac
3559 2850 3734 2897 tomus

2090 2939 2188 2993 ille
2225 2940 2463 2993 demum
2496 2936 2693 3008 synodi
2716 2934 3068 2989 Antiochense
3089 2931 3427 3005 Symbolum
3470 2931 3732 2985 contine-

2090 3030 2209 3095 bat,
2234 3027 2505 3098 superius
2534 3041 2602 3079 ex
2621 3023 2900 3080 Cassiano
2931 3021 3313 3092 descriptum,
3337 3019 3492 3091 quod
3526 3019 3584 3073 in
3619 3035 3730 3074 usu

2089 3116 2240 3187 apud
2292 3131 2353 3170 se
2405 3115 2659 3186 positum
2706 3112 2776 3166 ad
2817 3111 3106 3183 synodum
3135 3107 3730 3179 Constantinopolita-

2091 3221 2225 3260 nam
2247 3203 2625 3259 transmisere
2643 3202 2842 3257 Patres
2861 3199 3226 3254 Antiocheni.
3253 3198 3313 3253 Id
3339 3213 3472 3252 vero
3493 3197 3732 3252 demum

2090 3293 2391 3366 perspicue
2447 3297 2695 3357 constat,
2747 3291 3032 3345 Nicaenum
3090 3285 3434 3359 Symbolum
3493 3285 3733 3341 vocibus

2089 3383 2465 3454 quibusdam,
2501 3379 2720 3451 synodo
2753 3375 3367 3448 ConstantinOpolitana
3406 3373 3732 3444 approban-

2086 3477 2164 3534 te,
2213 3476 2450 3525 auctum
2501 3469 2682 3523 fuisse
2731 3473 2965 3538 propter
3011 3481 3110 3520 eas
3159 3481 3288 3535 quas
3347 3467 3728 3529 emerserunt,

2085 3561 2552 3615 Eunomianorum
2581 3564 2638 3612 et
2669 3557 3180 3611 Macedionanorum
3214 3555 3484 3618 haereses,
3513 3568 3616 3622 pro
3667 3567 3737 3605 ea

2090 3666 2205 3720 qua
2235 3649 2530 3720 pollebant
2558 3647 2738 3702 Greci
2772 3645 2968 3700 Patres
3008 3646 3312 3716 potestate,
3351 3641 3500 3696 I54
3546 3655 3734 3710 quave

2088 3742 2324 3794 ceteras
2373 3754 2488 3792 non
2535 3735 2811 3801 caruisse,
2845 3749 3034 3805 neque
3076 3747 3270 3787 carere
3315 3730 3375 3784 in
3422 3729 3735 3784 Occidente

2090 3826 2398 3897 Ecclesiae,
2420 3825 2788 3896 maximeque
2811 3823 3158 3892 Romanam,
3180 3818 3526 3876 difﬁtebitur
3557 3833 3727 3873 nemo

2091 3918 2346 3990 sapiens.

2729 4002 2960 4058 CAPUT
3020 4000 3090 4055 ll.

2094 4098 2344 4166 Tempore
2389 4095 2614 4149 Damasi
2656 4106 2835 4166 papae,
2885 4094 2935 4146 et
2983 4089 3192 4166 synodi
3239 4090 3736 4166 constantinopoli-

2162 4163 2332 4236 tanae,
2364 4167 2616 4236 Symbolo
2646 4163 2857 4236 adjecta
2882 4178 2994 4216 non
3022 4163 3131 4236 fuit
3159 4163 3461 4229 particula,
3513 4184 3536 4210 ι
3572 4163 3741 4217 Filio-

2163 4255 2283 4310 que.
2319 4233 2350 4286 '»
2405 4233 2538 4291 Eam
2569 4233 2994 4310 tamenpassim
3021 4233 3232 4310 docent,
3262 4250 3326 4289 ac
3371 4237 3610 4310 tuen_tur_
3636 4237 3736 4310 Ec-

2163 4304 2348 4366 clesiae
2388 4311 2600 4375 Patres,
2656 4304 3000 4362 divinitatem
3043 4304 3279 4375 Spiritus
3327 4308 3506 4361 sancti
3552 4304 3735 4359 vindi-

2165 4390 2371 4436 cantes.
2424 4381 2705 4436 Decretum
2750 4377 2946 4448 synodi
2991 4378 3342 4432 aecumenicae
3397 4375 3683 4448 Ephesinae
3718 4392 3738 4431 :

2201 4469 2268 4508 uo
2296 4467 2454 4508 novw
2482 4451 2730 4524 Symboli
2748 4437 3025 4524 formulae
3049 4451 3326 4524 uetantur.
3363 4437 3537 4512 Vocis,
3592 4467 3613 4495 α
3647 4448 3737 4524 F_i-

2189 4527 2363 4601 ίοραξν
2402 4546 2436 4601 -_
2469 4512 2780 4601 αάἱθςείοῖῑξζ
2813 4535 2934 4601 φρει
2958 4521 3142 4601 Poste.“
3166 4521 3448 4601 [αριαβδτ
3486 4535 3603 4601 νωπ
3641 4521 3737 4574 οδε

2164 4591 2289 4651 stat.
2323 4591 2543 4664 Insigne
2574 4592 2780 4665 Cyritti
2809 4591 3175 4665 Alexandrini
3217 4593 3592 4665 testimonium
3638 4607 3741 4665 βεστ

2205 4662 2454 4721 εηάέετινξ
2491 4662 2632 4723 Haec
2661 4666 2891 4734 pertinet
2947 4662 3196 4734 adjectio,
3244 4662 3334 4718 vel
3391 4662 3609 4718 amissio
3666 4662 3740 4718 ad

2207 4739 2411 4793 cclesize
2440 4737 2793 4807 disciplinam
2825 4754 2842 4788 :
2890 4733 3086 4807 synodi
3113 4733 3563 4788 Chalcedonensis
3591 4737 3734 4790 acta.

2167 4811 2482 4866 Peculiares
2521 4806 2723 4878 aliqua
2769 4807 2903 4873 ﬁdei
2945 4806 3307 4875 confessiones
3355 4807 3536 4860 instar
3577 4808 3736 4876 Sym-

2171 4881 2288 4937 boti
2315 4881 2488 4950 editas,
2519 4885 2571 4934 et
2601 4884 2662 4933 in
2687 4879 2909 4950 synodis
2936 4878 3280 4932 cacumenicis
3307 4878 3640 4948 approbatse.

2167 4987 2210 5042 Ι.
2245 4988 2502 5042 Fuerunt
2550 4985 2733 5040 Latini
2782 4988 2839 5040 et
2887 4983 3064 5040 Graeci
3116 4982 3449 5054 scriptores,
3483 4983 3584 5055 qui
3639 5001 3737 5040 vo-

2097 5093 2243 5147 cem,
2276 5077 2541 5146 Filioque,
2577 5092 2610 5130 a
2657 5074 2907 5129 Damaso
2948 5072 3208 5127 Romano
3239 5072 3530 5143 pontifice,
3562 5077 3620 5127 et
3664 5073 3737 5128 ab

2096 5167 2224 5239 ipso
2253 5165 2854 5236 Constantinopolitano
2882 5163 3088 5235 synodo
3117 5161 3407 5232 adjectum
3439 5160 3736 5234 Symbolo,

2097 5255 2318 5311 scilicet
2366 5254 2985 5323 Constantinopolitano,
3037 5250 3252 5305 dixere.
3308 5250 3418 5305 Leo
3467 5250 3736 5320 Allatius,

2095 5345 2156 5400 in
2188 5361 2358 5416 opere
2387 5345 2664 5400 adversus
2690 5343 3117 5414 Hottingerum,
3142 5339 3328 5410 capite
3355 5340 3448 5407 20,
3482 5339 3739 5396 nonnul-

2097 5438 2184 5490 los
2233 5434 2459 5490 Graecos
2507 5434 2702 5500 refert,
2756 5431 2855 5504 qui
2907 5429 3088 5486 Alexii
3143 5429 3415 5484 Aristoni.
3472 5429 3736 5486 Ecclesiis

2097 5523 2750 5595 Constantinopolitanae
2773 5520 2983 5577 saeculo
3014 5518 3358 5574 duodecimo
3386 5518 3737 5594 chartophy-

2097 5613 2258 5683 lacis,
2292 5613 2634 5668 auctoritate
2666 5611 2844 5676 ducti,
2882 5614 3128 5664 Damaso
3168 5607 3427 5679 pontifici
3458 5609 3736 5680 adjectio-

2098 5719 2230 5758 nem
2289 5702 2636 5757 attribuunt.
2697 5701 2904 5756 Errant
2960 5698 3219 5754 omnino.
3279 5697 3530 5762 Quaestio
3598 5698 3735 5755 facti

2095 5797 2203 5848 est.
2238 5792 2380 5848 Rem
2411 5807 2665 5865 namque
2695 5789 2871 5847 silent
2899 5790 3129 5845 vetusta
3158 5787 3337 5858 hujus
3377 5787 3478 5844 sevi
3522 5802 3734 5845 monu-
