4094 6468
329 520 443 584 15⁸1

1535 519 1744 585 VITA.
1775 550 1854 565 -
1881 513 2400 583 DISSERTATIO
2440 520 2517 583 ῙῙ.

3621 510 3742 574 158

343 658 539 710 menta
583 653 808 710 omnia.
860 654 1031 711 Caret
1095 671 1254 725 voce,
1310 656 1584 727 Filioque,
1641 653 1984 727 Symbolum
2013 653 2069 718 Α
2098 652 2170 707 de
2199 652 2475 725 loquendi
2534 653 2757 711 ratione
2798 651 3134 726 plusculum
3167 647 3452 723 litigare);
3487 646 3600 705 sibi
3651 651 3738 703 ta-

347 744 557 817 ipsnm,
595 744 753 815 quod
811 743 1477 818 Constantinopolitanum
1523 746 1797 815 dicimus,
1855 749 1985 799 tum

352 833 407 887 in
435 830 812 887 conciliorum
846 831 1320 900 Collectionibus,
1352 838 1478 888 tum
1520 833 1592 888 ab
1621 833 1988 905 Ephiphanio

352 924 510 976 antea
538 920 792 975 relatum
827 920 887 976 in
940 921 1203 977 Ancorato
1237 939 1249 975 :
1282 922 1458 993 idque
1507 923 1754 977 traditur
1783 939 1989 990 unum,

352 1011 495 1080 quod
527 1009 886 1065 Eunomiani
929 1011 1238 1079 negabant,
1287 1013 1554 1082 Spiritum
1604 1011 1822 1066 scilicet
1863 1027 1990 1065 sau-

349 1108 486 1153 ctum
504 1099 805 1168 procedere
833 1115 904 1154 ea:
919 1099 1266 1154 Patre.Hanc
1297 1117 1474 1155 unam
1500 1100 1672 1154 ﬁdem
1705 1100 1994 1154 Damasus

352 1203 494 1258 papa
525 1188 840 1258 proposuit
867 1187 930 1241 in
962 1188 1184 1258 synodo
1215 1189 1478 1244 Romana
1508 1207 1660 1245 anno
1691 1191 1817 1259 379,
1850 1190 1994 1244 Ana-

351 1276 548 1342 tliema,
575 1277 784 1331 dicens
804 1277 859 1330 si
883 1279 1009 1348 quis
1037 1294 1152 1332 non
1179 1278 1384 1333 dixerit
1437 1278 1702 1349 Spiritum
1747 1283 1999 1332 sanctum

348 1365 407 1420 de
433 1367 600 1419 Patre
627 1381 744 1421 esse
779 1382 910 1420 vere
937 1383 1008 1421 ac
1033 1369 1258 1438 proprie
1277 1385 1296 1422 :
1315 1368 1572 1439 itemque
1593 1367 1640 1422 si
1655 1369 1776 1437 quis
1794 1367 2001 1423 dixerit

350 1456 618 1526 Spiritum
643 1457 900 1509 sanctum
926 1457 1225 1524 facturam.
1259 1464 1355 1511 aut
1380 1472 1478 1527 per
1533 1456 1744 1512 Filium
1773 1459 1997 1526 factum.

420 1547 574 1598 Inter
603 1543 795 1615 Opera
825 1545 1016 1600 sancti
1049 1544 1381 1616 Hieronymi
1424 1544 1726 1618 vulgatum
1776 1547 2002 1616 prostat

354 1631 590 1686 Damasi
639 1631 988 1702 Symbolum.
1043 1633 1173 1688 Hinc
1221 1633 1304 1688 ibi
1364 1634 1616 1706 legimus
1665 1651 1678 1688 :
1729 1634 2004 1702 Spiritum

349 1729 622 1786 sanctum,
655 1737 769 1776 non
795 1724 1062 1793 genitum,
1111 1739 1286 1794 neque
1329 1725 1683 1796 ingenitum:
1713 1739 1824 1778 non
1851 1740 2002 1778 crea-

356 1815 497 1876 tam,
543 1826 720 1880 neque
766 1812 974 1877 factum
1022 1812 1156 1866 :sed
1201 1811 1264 1866 de
1309 1813 1492 1883 Patre,
1541 1813 1782 1882 Filioque
1824 1827 2006 1884 proce-

357 1898 597 1963 dentem,
647 1902 810 1955 Patri
847 1908 898 1954 et
936 1901 1076 1955 Filio
1131 1905 1488 1966 maternum,
1555 1910 1605 1955 et
1647 1901 2002 1972 coaequalem.

2098 757 2230 796 men
2262 760 2502 815 prorsus
2531 744 2733 811 videri,
2768 743 2919 799 hanc
2949 744 3006 798 in
3041 744 3246 797 incerto
3277 756 3399 795 rem
3439 754 3557 793 non
3606 737 3738 792 reli-

2098 834 2276 902 quisse
2336 836 2656 889 Dominum.
2709 833 2899 888 Verba
2968 833 3145 888 refert
3207 830 3348 886 Jesu
3406 827 3621 883 Christi
3672 843 3741 881 ex

2099 923 2342 991 Joanne,
2394 925 2580 995 capite
2635 925 2722 984 13,
2775 940 2939 987 num,
2988 923 3053 976 12
3087 939 3098 975 :
3130 922 3204 976 De
3243 935 3360 974 meo
3408 919 3656 989 accipiet,
3693 924 3743 972 et

2101 1013 2457 1067 annuntiabit
2486 1015 2658 1067 vobis.
2694 1012 2892 1066 Omnia
2951 1025 3291 1081 quaerunque
3351 1006 3510 1062 habet
3554 1006 3741 1073 Pater,

2102 1118 2224 1156 mea
2277 1105 2407 1155 sunt
2438 1117 2450 1155 ε
2477 1109 2704 1172 proptea
2759 1101 2907 1165 dixi,
2964 1101 3037 1154 De
3092 1115 3211 1153 meo
3268 1098 3516 1167 accipiet,
3562 1103 3612 1150 et
3643 1111 3744 1149 an-

2102 1191 2384 1246 nuntiabit
2431 1191 2598 1244 vobis.
2653 1191 2801 1245 Tum
2855 1205 2988 1243 vero
3044 1187 3607 1258 argumentationem
3657 1182 3746 1236 in-
3816 1196 3820 1200 '

2107 1280 2284 1334 struit
2318 1295 2330 1332 :
2366 1301 2394 1329 «
2427 1284 2474 1333 A
2507 1277 2649 1333 Filio
2682 1279 2862 1350 igitur
2913 1277 3124 1348 accipit
3181 1274 3518 1347 (inquiens),
3565 1271 3751 1344 quiet

2107 1368 2180 1422 ab
2203 1384 2268 1422 eo
2302 1368 2575 1433 mittitur,
2607 1371 2664 1422 et
2698 1384 2731 1422 a
2760 1367 2928 1421 Patre
2975 1365 3255 1438 procedit.
3314 1364 3381 1418 Et
3438 1362 3750 1432 interrogo,

2109 1461 2308 1512 utrum
2339 1456 2396 1510 id
2429 1457 2622 1528 ipsum
2657 1456 2734 1511 sit
2763 1473 2799 1510 a
2826 1456 2966 1512 Filio
2999 1457 3265 1524 accipere,
3320 1452 3474 1522 quod
3523 1468 3557 1506 a
3587 1455 3756 1505 Patre

2108 1546 2413 1618 procedere.
2447 1546 2608 1609 Quod
2643 1545 2692 1600 si
2725 1545 2956 1600 diii'erre
2987 1543 3255 1599 credetur
3305 1543 3456 1596 inter
3513 1541 3757 1610 accipere

2109 1652 2145 1690 a
2175 1636 2339 1700 Filio,
2373 1638 2428 1689 et
2459 1652 2499 1691 α
2530 1637 2694 1690 Patre
2721 1633 3006 1707 procedere
3034 1649 3055 1695 ;
3080 1637 3233 1687 certe
3291 1630 3350 1684 id
3409 1630 3602 1700 ipsum
3665 1631 3754 1681 at-

2113 1740 2224 1796 que
2281 1741 2463 1778 unum
2515 1740 2642 1779 esse
2687 1721 3138 1790 existimabitur,
3205 1737 3238 1775 a
3283 1720 3428 1774 Filio
3485 1718 3752 1788 accipere,

2114 1815 2268 1885 quod
2301 1816 2377 1868 sit
2413 1815 2658 1884 accipere
2685 1829 2718 1866 α
2748 1819 2940 1878 Patre,
2975 1813 3102 1883 Ipse
3149 1810 3304 1865 enim
3354 1808 3508 1865 150
3556 1806 3753 1862 Domi—

2117 1920 2228 1958 nus
2255 1903 2336 1958 ait
2372 1904 2677 1971 :Quoniam
2707 1903 2776 1957 de
2821 1917 2938 1956 meo
2988 1901 3242 1972 accipiet,
3303 1906 3354 1953 et
3399 1896 3757 1952 annuntiabit

357 1987 673 2058 Psrperam
704 1987 764 2042 in
797 1988 1134 2059 praesidium
1166 1988 1350 2044 Alexii
1389 1989 1646 2044 Aristoni
1681 1990 1800 2044 haec
1831 1990 2004 2044 advo-
2038 2017 2086 2081 B
2114 1993 2282 2048 vobis.
2337 1991 2534 2046 Omnia
2578 2007 2912 2062 quacunque
2958 1991 3118 2045 habet
3166 1991 3347 2053 Pater,
3396 2002 3517 2041 mea
3557 1993 3685 2040 sunt
3737 2002 3756 2036 :

358 2081 598 2132 caretur
649 2079 1012 2133 auctoritas:
1065 2078 1258 2150 agitur
1303 2095 1558 2150 namque
1613 2081 1684 2134 de
1734 2080 1889 2134 vocis
1919 2081 2008 2134 Fi-

368 2164 556 2238 lioque
579 2166 977 2222 additamento
1022 2168 1093 2223 ad
1143 2168 1467 2240 Symbolum
1514 2169 2010 2240 ConstantinOpoli-

366 2261 581 2310 tanum.
629 2257 810 2327 Atqui
856 2273 1064 2312 rursus
1112 2258 1263 2312 idem
1313 2258 1631 2329 Symbolum
1687 2257 1903 2330 legitur
1949 2259 2006 2313 in

362 2345 872 2416 Quinquagesima
903 2345 1053 2400 inter
1082 2347 1320 2402 Latinas
1367 2346 1627 2402 Gregorii
1668 2347 2009 2402 Nazianzeni

361 2431 676 2488 Orationes
707 2449 722 2486 :
759 2433 1017 2504 itemque
1048 2450 1314 2489 sermone
1333 2435 1441 2488 235
1463 2436 1611 2491 I55
1638 2434 1787 2489 infer
1807 2435 2013 2505 Augus-

361 2522 615 2576 tinianos
646 2521 705 2575 in
735 2522 1089 2594 Appendice,
1117 2527 1175 2578 et
1206 2523 1264 2577 in
1295 2524 1493 2579 codice
1524 2523 1802 2580 Canonum
1832 2525 2010 2579 Eccle-

359 2612 458 2664 siae
489 2611 775 2671 Romanae,
812 2626 986 2680 quem
1044 2609 1303 2682 vulgavit
1350 2611 1740 2676 Quesnellius.
1793 2616 1856 2666 In
1890 2628 2010 2667 ser-

360 2715 538 2755 mone
569 2698 749 2753 citato
782 2700 932 2770 apud
964 2700 1360 2771 Augustinum
1385 2701 1469 2756 sic
1499 2701 1748 2771 legimus
1781 2719 1793 2756 :
1828 2702 1930 2758 Sed
1948 2703 2015 2758 de

361 2790 534 2843 Patre
561 2786 1030 2859 procedentem,et
1058 2789 1218 2856 Filio,
1246 2791 1425 2845 Patris
1452 2796 1506 2844 et
1553 2791 1687 2845 Filii
1720 2789 2009 2861 Spiritum.

361 2877 494 2932 Hac
529 2875 727 2932 solum
770 2877 1112 2948 posteriora,
1162 2895 1276 2933 non
1336 2879 1526 2949 prima
1579 2880 1755 2935 verba
1798 2880 2015 2935 habent

364 2965 866 3038 quinquagesima
892 2966 1240 3022 Nazianzeni
1269 2967 1475 3022 Latina
1516 2969 1721 3035 oratio,
1753 2973 1810 3024 et
1838 2974 2014 3042 caput

365 3056 728 3110 tricesimum
762 3071 984 3110 nonum
1013 3054 1236 3111 laudati
1268 3057 1504 3112 codicis.
1537 3057 1839 3113 Athanasii
1874 3075 2011 3131 ope—

368 3139 538 3199 ribﬁs
567 3143 710 3198 olim
740 3143 1027 3199 insertum
1059 3145 1362 3214 prostabat
1403 3144 1559 3200 idem
1618 3147 1960 3219 Symbolum
1995 3166 2009 3203 :

367 3232 528 3287 unde
559 3230 840 3302 satisjam
865 3237 1024 3303 patet
1045 3232 1364 3304 genuinum
1379 3233 1495 3288 dici
1513 3234 2011 3306 Damasiopuscu-

366 3319 488 3375 lum
523 3336 641 3375 non
674 3335 864 3392 posse.
897 3320 1403 3392 VigilioTapsensi
1425 3322 1568 3377 illud
1595 3323 1833 3379 attribui
1861 3326 2013 3380 vole-

2113 2085 2396 2152 propterea
2430 2081 2570 2146 dixi,
2603 2085 2686 2136 De
2715 2096 2833 2135 meo
2862 2081 3112 2150 accipiet,
3145 2081 3194 2133 et
3249 2074 3613 2132 annuntiabit
3664 2089 3755 2128 vo-

2121 2171 2217 2225 bis.
2253 2171 2368 2225 Hoc
2395 2171 2548 2241 quod
2582 2169 2823 2240 accipiet
2854 2172 2875 2238 (
2906 2168 3023 2224 sive
3054 2171 3311 2240 potestas
3343 2168 3450 2234 est,
3493 2164 3611 2219 sive
3641 2163 3757 2216 vir-

2117 2263 2236 2326 tus,
2269 2260 2388 2314 sive
2418 2259 2723 2330 doctrina),
2755 2258 2936 2313 Filius
2996 2276 3028 2311 a
3083 2274 3142 2313 se
3194 2252 3574 2326 accipiendum
3629 2266 3759 2307 esse

2120 2346 2264 2401 dixit
2296 2351 2389 2414 ;et
2418 2363 2655 2401 rursum
2709 2346 2817 2401 hoc
2866 2347 3061 2418 ipsum
3113 2345 3421 2417 signiﬁcat,
3479 2342 3757 2412 accipien-

2118 2437 2248 2491 dum
2277 2452 2390 2490 esse
2416 2435 2481 2490 de
2502 2441 2698 2491 Patre.
2730 2435 2874 2491 Cum
2906 2437 3062 2491 enim
3096 2436 3176 2490 ait
3206 2453 3218 2488 :
3254 2434 3454 2489 Omnia
3494 2446 3757 2506 quaecun-

2119 2540 2224 2596 que
2253 2526 2412 2580 habet
2443 2525 2626 2595 Pater,
2681 2540 2782 2579 sua
2829 2540 2942 2579 esse
2979 2542 3001 2586 ;
3033 2529 3089 2579 et
3137 2523 3352 2579 idcirco
3411 2521 3628 2576 dixisse
3675 2535 3757 2586 se,

2118 2613 2184 2667 de
2212 2629 2308 2668 suo
2333 2611 2708 2683 accipiendum
2737 2627 2868 2680 esse,
2903 2612 3070 2666 docet
3097 2609 3297 2679 etiam,
3329 2626 3364 2664 a
3413 2610 3576 2662 Patre
3620 2606 3763 2662 acci-

2116 2701 2340 2773 pienda,
2382 2718 2416 2756 a
2443 2717 2500 2756 se
2521 2705 2705 2756 tamen
2735 2703 2912 2771 accipi
2942 2719 2961 2754 :
2993 2700 3132 2771 quia
3163 2699 3362 2754 omnia
3393 2714 3521 2769 quae
3572 2695 3760 2750 Patris

2120 2794 2278 2858 sunt,
2314 2807 2423 2846 sua
2469 2790 2606 2846 sint.
2662 2812 2691 2840 «
2743 2789 2958 2845 Hilario
3008 2789 3246 2861 perinde
3294 2791 3434 2855 erat,
3481 2785 3760 2858 Spiritum

2121 2884 2390 2935 sanctum
2439 2879 2727 2950 procedere
2777 2895 2817 2934 a
2870 2880 3052 2944 Patre,
3112 2882 3169 2932 et
3225 2878 3466 2947 accipere
3516 2892 3551 2929 a
3601 2874 3758 2940 Filio,

2122 2972 2295 3038 atque
2329 2968 2522 3039 ipsum
2552 2984 2587 3022 ι
2616 2969 2778 3022 Patre
2806 2976 2859 3022 et
2888 2983 2922 3021 a
2967 2967 3112 3021 Filio
3167 2965 3478 3037 procedere.
3537 2963 3617 3018 De
3669 2979 3762 3016 vo-

2123 3056 2288 3111 cibus
2319 3055 2417 3110 lite
2448 3055 2863 3127 praetermissa,
2895 3045 3094 3127 negari
3137 3071 3254 3109 non
3298 3068 3469 3124 posse
3499 3050 3600 3120 ait,
3631 3054 3759 3104 tum

2122 3147 2368 3209 aPatre,
2401 3149 2527 3200 tum
2577 3161 2612 3199 a
2664 3146 2800 3200 Filio
2857 3146 3100 3216 accipere
3155 3142 3437 3214 Spiritum
3492 3142 3760 3195 sanctum

2121 3235 2444 3300 doctrinam,
2467 3237 2743 3301 virtutem,
2784 3237 3120 3306 potestatem,
3169 3232 3430 3302 adeoque
3471 3233 3527 3285 et
3569 3229 3758 3299 ipsam

2124 3323 2704 3393 exsistentiam:quod
2731 3327 2818 3377 est
2837 3322 3031 3394 ipsum
3056 3320 3350 3376 catholicae
3368 3318 3500 3374 ﬁdei
3525 3318 3758 3388 dogma,

366 3411 465 3465 bat
494 3384 824 3464 Cbifﬁ'btius
857 3427 871 3464 :
906 3384 1407 3482 trii)uendumque
1446 3411 1816 3476 Quesnellius
1846 3419 2016 3485 putat
2044 3384 2088 3450 C
2125 3412 2375 3468 dictione
2399 3384 2762 3482 processionis
2783 3384 3108 3482 ex‘ulroque
3138 3425 3499 3482 expressum.

367 3497 781 3553 dissertatione
811 3499 898 3567 14,
931 3499 989 3554 in
1024 3515 1264 3570 Operum
1299 3501 1484 3555 sancti
1514 3502 1719 3557 Leonis
1739 3503 2012 3572 editione,

367 3585 651 3657 Gregorio
682 3586 918 3642 natione
969 3587 1252 3659 Hispano,
1282 3589 1578 3660 provincia
1634 3591 1861 3660 Baetico,
1896 3592 2013 3647 Illi-

371 3675 642 3730 beritano
675 3674 966 3747 episcopo,
1001 3677 1102 3747 qui
1134 3677 1288 3732 circa
1317 3693 1537 3753 annum
1580 3679 1686 3733 370
1737 3679 2012 3738 clarebat.

439 3765 511 3818 II.
570 3763 917 3835 Quanquam
965 3781 1100 3821 vero
1149 3765 1384 3822 Damasi
1444 3781 1628 3839 papa,
1673 3772 1730 3823 et
1785 3770 2016 3825 concilii

369 3852 1004 3925 lbnstantinppolitani
1061 3860 1342 3926 tempore,
1424 3857 1710 3927 particula
1765 3860 2018 3932 Filioque

368 3941 650 4014 Symbolo
694 3941 912 4013 pariter
960 3942 1562 4016 Constantinopolitano
1621 3948 1846 4019 adjecta
1897 3966 2014 4004 non

369 4031 484 4087 tnit
519 4049 534 4098 ;
571 4031 724 4087 hanc
754 4031 1139 4088 nihilominus
1181 4034 1403 4104 passim
1450 4035 1691 4090 tradunt
1747 4035 2014 4092 Ecclesiae

369 4121 595 4186 Patres,
640 4124 747 4175 aut
783 4119 1130 4190 particulam
1189 4122 1379 4193 ipsam
1437 4139 1474 4178 ιι
1526 4125 1688 4191 Filio,
1749 4123 1868 4180 sive
1918 4142 2015 4196 per

367 4211 575 4265 Filium
605 4209 1022 4279 exprimentes,
1055 4214 1157 4265 aut
1184 4210 1617 4282 aquipollentia
1657 4229 1797 4267 sane
1816 4214 2011 4270 verba.

365 4296 833 4370 Equipollentes
864 4297 955 4353 aio
1011 4315 1197 4367 voces,
1260 4316 1387 4371 quae
1444 4299 1504 4354 in
1552 4301 1825 4371 praedicta
1879 4303 2014 4359 ﬁdei

366 4386 648 4451 formula,
698 4387 1104 4459 cujuscunque
1167 4389 1400 4444 tandem
1473 4390 1568 4458 sit,
1642 4400 2010 4447 occurrunt:

364 4478 644 4550 Spir-stum
684 4485 934 4532 sanctum
979 4479 1184 4542 Patris,
1224 4487 1276 4533 et
1334 4477 1480 4533 Filii
1521 4497 1540 4534 :
1590 4478 1846 4550 itemque
1891 4480 2010 4552 illa,

368 4583 493 4637 quo
522 4565 586 4620 in
620 4564 1026 4637 Epiphaniana
1054 4564 1351 4638 prolixiori
1396 4567 1652 4626 secunda
1699 4568 2009 4638 habentur,

368 4672 398 4708 α
441 4659 612 4710 Patre
647 4654 1053 4725 paocedentem,
1103 4655 1459 4726 accipientem
1505 4673 1540 4710 a
1565 4657 1728 4712 Filio.
1780 4657 2011 4713 Prostat

2192 3503 2273 3556 Ad
2309 3501 2620 3573 scriptores
2648 3516 2769 3566 eos,
2801 3500 3154 3571 quibuscum
3198 3497 3358 3552 litem
3407 3497 3477 3552 de
3521 3495 3761 3550 vocibus

2123 3590 2378 3646 Hilarius
2443 3590 2657 3645 habere
2715 3606 2829 3644 non
2895 3589 3039 3658 vult,
3108 3588 3354 3642 fortasse
3419 3584 3764 3657 respiciebat

2129 3681 2401 3747 Rusticus,
2434 3680 2706 3734 Romanis
2744 3677 3012 3733 Ecclesiaa
3065 3677 3368 3742 diaconus,
3401 3674 3461 3729 in
3492 3673 3764 3746 Disputa-

2125 3770 2284 3824 tione
2333 3772 2536 3823 contra
2598 3767 2938 3840 Acephalos,
3006 3766 3196 3820 medio
3262 3764 3492 3820 circiter
3554 3763 3764 3818 saculo

2126 3861 2287 3912 sexto
2319 3856 2581 3928 scripta:
2632 3857 2798 3910 Pater
2844 3856 3055 3923 genuit,
3088 3853 3381 3924 inquiens,
3414 3854 3464 3907 et
3516 3868 3627 3907 non
3684 3866 3767 3921 ge-

2125 3948 2274 4001 nitus
2305 3949 2403 4013 est,
2436 3953 2486 4000 et
2515 3947 2582 3999 ab
2613 3946 2800 4014 aliquo
2829 3945 2940 3999 alio
2968 3959 3075 3999 non
3117 3951 3214 4008 est,
3247 3944 3389 3998 sicut
3413 3957 3484 3997 ex
3529 3957 3591 3997 co
3634 3943 3767 3996 sunt

2125 4037 2247 4090 alii.
2283 4036 2456 4091 Filius
2483 4050 2607 4090 vero
2635 4035 2854 4102 genitus
2883 4037 2978 4102 est,
3010 4037 3060 4088 et
3087 4033 3232 4087 nihil
3274 4033 3766 4102 consempiternum

2122 4126 2328 4195 genuit.
2363 4126 2426 4178 Et
2458 4123 2698 4194 Spiritus
2727 4131 2948 4178 sanctus
2997 4139 3033 4176 α
3087 4123 3250 4176 Patre
3301 4120 3542 4191 procedit
3571 4137 3589 4173 :
3618 4119 3766 4174 nihil

2123 4215 2623 4284 consempiternum
2676 4212 2936 4282 procedit,
2988 4210 3077 4267 vel
3125 4212 3376 4279 genitum
3440 4217 3520 4263 est
3564 4208 3634 4262 ab
3681 4223 3762 4263 eo.

2126 4303 2359 4372 Quidam
2388 4318 2511 4358 vero
2549 4303 2909 4374 Antiquorum
2951 4309 3002 4356 et
3043 4302 3140 4355 hoc
3192 4301 3618 4371 proprietatibus
3663 4298 3764 4352 ad-

2122 4395 2377 4465 jecerunt
2409 4411 2427 4447 :
2472 4394 2602 4464 quia
2656 4401 2798 4448 sicut
2852 4392 3094 4457 Spiritus
3143 4397 3363 4445 sanctus
3419 4405 3544 4444 cum
3601 4389 3765 4443 Patre

2122 4483 2335 4537 Filium
2361 4484 2764 4553 sumpiternum
2819 4497 2928 4535 non
2982 4481 3190 4551 genuit,
3249 4479 3328 4533 sic
3367 4493 3468 4532 nec
3516 4477 3765 4548 procedit

2128 4572 2367 4642 Spiritus
2423 4587 2460 4625 a
2515 4571 2653 4624 Filio
2710 4572 2850 4625 sicut
2907 4586 2947 4624 α
3002 4571 3185 4624 Patre.
3264 4572 3373 4635 Ego
3430 4583 3576 4633 vero,
3635 4567 3767 4637 quia

2124 4660 2368 4732 Spiritus
2412 4660 2625 4729 quidem
2674 4675 2785 4713 non
2829 4660 3020 4727 genuit
3065 4659 3412 4728 sempiterne,
3466 4657 3718 4726 proﬁteor
3750 4673 3763 4710 :
3799 4672 3812 4683 '

371 4745 546 4799 etiam
575 4744 734 4799 inter
763 4747 910 4798 Acta
940 4743 1143 4799 Latina
1173 4745 1377 4816 synodi
1421 4743 1786 4812 Florentium,
1842 4746 2016 4802 colla-
2048 4754 2091 4817 ξ]
2124 4765 2222 4804 nec
2249 4751 2397 4804 enim
2427 4749 2558 4804 duos
2582 4749 2836 4803 diximus
2865 4750 3076 4802 Patres.
3139 4748 3314 4803 Unum
3369 4761 3492 4800 vero
3539 4762 3573 4799 a
3629 4745 3768 4799 Filio

375 4835 528 4890 none
549 4833 641 4902 21,
680 4832 956 4902 Confessio
986 4832 1114 4902 ﬁdei
1140 4832 1446 4899 catholicae,
1479 4850 1604 4904 qua
1664 4852 1698 4888 a
1740 4851 1885 4906 papa
1915 4837 2022 4891 Da-

373 4938 518 4977 maso
545 4924 720 4976 missa
747 4921 958 4976 dicitur
975 4921 1047 4976 ad
1078 4923 1384 4977 Paulinum
1404 4923 1802 4978 Antiochenum
1823 4940 2019 4996 episco-

372 5027 502 5080 pum
529 5028 552 5065 :
584 5010 685 5066 ubi
718 5009 969 5081 Spiritus
997 5015 1238 5066 sanctus
1266 5011 1358 5067 bis
1416 5013 1700 5067 asseritur
1755 5013 1819 5068 de
1847 5016 2017 5070 Patre

374 5100 619 5171 Filioque
645 5099 962 5172 procedens.
1022 5100 1238 5155 Eadem
1293 5104 1383 5176 est
1439 5117 1568 5156 cum
1627 5104 1821 5171 regula
1865 5103 2013 5174 ﬁdei,

375 5205 542 5259 qnam
576 5205 646 5244 ex
681 5189 984 5262 prmcripto
1007 5189 1216 5244 Leonis
1245 5189 1437 5261 Magni
1467 5190 1683 5246 editam
1715 5192 1788 5247 ab
1809 5191 2014 5265 Hispa-

375 5278 460 5332 nis
493 5277 814 5350 episcopis,
845 5267 1037 5348 capite
1062 5283 1343 5349 sequente
1375 5267 1688 5352 dicendum
1724 5285 1832 5345 est,
1868 5299 1924 5336 n.
1959 5284 2012 5338 4.

442 5367 592 5424 Suos
621 5367 695 5422 de
747 5366 1034 5422 Trinitate
1089 5366 1272 5423 libros
1328 5368 1676 5424 conﬁciebat
1744 5369 2016 5440 Hilarius,

377 5454 740 5511 Pictavorum
795 5456 1109 5527 episcopus
1166 5460 1300 5512 ante
1367 5463 1624 5513 exortam
1700 5459 2015 5514 Macedonii

371 5543 670 5611 heresim,
690 5549 760 5599 nt
787 5548 954 5616 putat
982 5548 1194 5601 Petrus
1221 5531 1596 5602 Constantius
1630 5564 1642 5602 :
1672 5547 2018 5620 dicebatque

374 5634 514 5690 libro
547 5652 645 5689 vin
678 5649 824 5689 num
862 5634 956 5698 20,
1017 5649 1080 5690 se
1131 5633 1193 5688 in
1248 5633 1345 5690 hoc
1399 5651 1508 5690 non
1551 5637 1893 5691 calumniari
1947 5638 2016 5692 li-

379 5724 570 5781 bertati
596 5723 1020 5794 intelligentiae,
1049 5727 1242 5778 utrum
1268 5740 1339 5779 ea:
1386 5728 1577 5794 Patre,
1631 5743 1705 5780 an
1761 5742 1832 5780 ea:
1877 5727 2018 5782 Filio

381 5813 640 5884 Spiritum
669 5809 1046 5870 Paracletum
1074 5813 1262 5882 putent
1290 5827 1406 5869 esse
1459 5812 1592 5885 (hoc
1633 5819 1722 5870 est
1765 5813 1919 5871 nolle
1957 5831 2020 5874 se

2132 4839 2321 4894 eodem
2347 4838 2523 4904 modo,
2556 4853 2661 4908 quo
2711 4853 2781 4891 ex
2825 4837 3009 4902 Patre,
3056 4837 3338 4906 procedat,
3384 4851 3499 4888 non
3533 4833 3769 4905 perfecte

2128 4927 2293 4983 habeo
2348 4928 2715 4996 satisfactum.
2776 4925 3015 4995 Antiqui
3063 4924 3170 4989 illi,
3250 4939 3397 4994 quos
3461 4924 3764 4992 memorat,

2122 5015 2498 5088 procedentem
2554 5031 2587 5068 a
2645 5016 2808 5069 Patre
2863 5013 3130 5085 Spiritum
3178 5012 3531 5083 fatebantur,
3589 5027 3764 5082 nega-

2123 5106 2267 5160 bant
2295 5103 2674 5173 procedentem
2707 5119 2740 5156 a-
2767 5103 2925 5166 Filio,
2984 5103 3080 5156 Lis
3107 5105 3229 5157 erat
3284 5101 3355 5156 de
3404 5116 3561 5171 voce,
3622 5116 3766 5171 quo-

2125 5193 2287 5249 niam
2320 5191 2607 5263 Spiritum
2639 5207 2672 5245 a
2702 5192 2847 5246 Filio
2888 5191 3250 5256 accipientem
3274 5190 3604 5245 credebant.
3655 5188 3770 5244 Ru-

2127 5282 2310 5338 sticus
2355 5280 2601 5335 inficiari
2633 5297 2748 5335 non
2781 5281 2978 5345 audet,
3018 5280 3303 5352 Spiritum
3339 5296 3373 5334 a
3404 5280 3540 5334 Filio
3580 5293 3767 5350 proce-

2125 5370 2268 5426 dere.
2321 5376 2552 5440 Anceps
2582 5373 2726 5438 erat,
2787 5386 2928 5423 num
2961 5368 3082 5424 haec
3107 5387 3232 5436 vox,
3266 5385 3391 5440 quae
3445 5367 3506 5422 in
3565 5365 3767 5422 ordine

2127 5460 2198 5515 ad
2230 5459 2457 5513 Patrem
2513 5457 2842 5527 adhibetur,
2903 5459 3174 5530 usurpari
3225 5458 3434 5513 debeat
3476 5457 3534 5510 in
3563 5456 3764 5511 ordine

2127 5549 2196 5603 ad
2231 5547 2464 5602 Filium.
2497 5550 2627 5600 Haec
2680 5547 2867 5617 prima
2905 5547 3136 5602 obscuri
3186 5547 3291 5601 loci
3343 5546 3763 5617 interpretatio,

2127 5636 2350 5692 Rustici
2381 5635 2626 5690 dubium
2653 5636 2828 5691 refert
2859 5636 3038 5692 altera
3084 5638 3151 5691 ad
3201 5635 3592 5707 processionis
3640 5650 3764 5688 mo-

2128 5727 2270 5781 dum
2303 5743 2316 5780 :
2351 5741 2424 5779 an
2456 5725 2657 5780 eodem
2688 5727 2862 5782 modo
2909 5743 2941 5780 a
2994 5725 3133 5780 Filio
3184 5725 3457 5796 procedat
3488 5722 3760 5794 Spiritus,

2129 5815 2629 5888 quemadmodum
2681 5832 2714 5871 a
2758 5817 2942 5872 Patre.
2990 5815 3372 5872 Distinctione
3411 5829 3560 5886 opus
3607 5819 3696 5869 est
3745 5827 3758 5866 :
