4094 6468
301 461 419 527 I59

1325 467 1636 532 GEORGII
1682 464 1944 529 CYPRlI
1987 463 2106 528 GP.
2152 465 2682 530 PATRIARCHAE

3576 464 3694 527 {60

300 600 621 673 eodemque
652 601 824 658 modo
861 603 1121 676 procedit
1167 603 1238 660 ab
1286 607 1535 675 utroque
1581 603 1856 675 Spiritus,
1885 602 1931 656 si
1965 599 2021 665 Α
2053 618 2143 656 me
2192 606 2353 672 parte
2407 602 2742 674 depravato,
2802 617 2928 672 quas
3014 600 3189 657 ﬁdem
3271 599 3692 656 incarnationis

301 691 704 747 consideretur
750 693 1016 764 spirandi
1039 695 1235 761 virtus,
1283 710 1411 765 quae
1435 710 1553 748 una
1581 698 1671 748 est
1702 693 1758 746 in
1785 697 1940 746 utro-

305 796 465 851 que:
526 799 639 836 non
695 784 892 838 eodem
954 785 1126 838 modo
1179 783 1488 854 procedere
1563 783 1676 836 dici
1730 785 1939 852 potest,

305 869 441 942 quia
472 869 600 937 hoc,
635 873 786 943 quod
821 877 909 927 est
939 873 1158 944 spirare
1189 873 1473 944 Spiritum
1515 876 1802 927 sanctum.
1837 876 1941 925 Pa-

304 963 392 1014 ter
423 977 535 1014 non
568 960 740 1016 habet
771 962 842 1015 ab
871 961 1004 1028 alio,
1038 979 1071 1016 a
1102 963 1266 1017 Patre
1313 962 1488 1016 habet
1534 961 1736 1017 Filius.
1771 961 1940 1024 Quae-

307 1065 536 1120 cunque
565 1067 698 1105 vero
728 1050 850 1106 haec
881 1052 1055 1106 fuerit
1084 1053 1323 1106 demum
1383 1051 1721 1119 difﬁcultas,
1773 1050 1944 1104 inane

313 1139 555 1193 dubium
597 1157 770 1194 suum
822 1157 1134 1212 agnoscere
1194 1140 1466 1195 Rusticus
1519 1145 1760 1210 poterat,
1811 1155 1943 1193 cum

307 1228 436 1299 ejus
469 1246 584 1284 aevo
616 1229 957 1301 simpliciter
987 1235 1043 1285 et
1072 1229 1335 1285 absolute
1383 1231 1649 1300 Spiritum
1693 1233 1945 1283 sanctum

314 1318 542 1372 aPatre
570 1322 620 1373 et
677 1321 877 1374 aFilio
939 1319 1232 1390 procedere
1287 1320 1598 1389 scriptores
1655 1319 1944 1386 docerent,

321 1405 679 1470 Gennadius,
712 1407 770 1461 in
825 1410 971 1464 157
1011 1407 1158 1462 libro
1190 1409 1262 1462 De
1318 1408 1666 1478 dogmatibus
1700 1426 1712 1473 ;
1744 1407 1947 1460 Avitus

310 1494 680 1560 Viennensis,
722 1499 794 1552 De
821 1498 1115 1552 divinitate
1147 1496 1393 1568 Spiritus
1444 1499 1624 1552 sancti
1650 1513 1669 1557 ,ο
1699 1495 1946 1568 Fulgen-

307 1583 428 1638 tius
459 1585 516 1640 in
547 1585 695 1640 libro
728 1591 808 1640 De
835 1586 939 1655 ﬁde
970 1605 982 1653 ;
1019 1586 1364 1641 Paschasius
1417 1586 1727 1656 Diaconus,
1760 1584 1905 1640 libro
1928 1601 1946 1637 1

307 1673 382 1727 De
411 1673 620 1743 Spiritu
649 1678 854 1740 sancto,
882 1675 1115 1747 aliique.

380 1762 566 1818 Voces
598 1767 851 1832 easdem,
885 1769 1114 1820 aPatre
1147 1769 1197 1820 et
1253 1782 1286 1819 a
1338 1765 1500 1831 Filio,
1559 1763 1647 1819 vel
1700 1781 1734 1818 a
1787 1766 1949 1818 Patre

308 1864 406 1919 per
435 1850 638 1904 Filium
667 1850 985 1906 adhibuere
1030 1856 1162 1906 ante
1188 1868 1254 1906 ac
1299 1857 1430 1922 post
1478 1852 1766 1922 synodum
1797 1852 1947 1906 Con-

2051 691 2336 764 proponit.
2373 691 2627 762 Hujusce
2656 691 2956 762 depravati
2998 688 3257 762 Symboli
3287 689 3692 745 Nestorianam

2050 781 2468 853 expositionem
2503 780 2680 835 simul
2722 778 2918 835 attulit
2966 778 3284 845 Charisius,
3337 795 3514 851 quam
3561 778 3690 850 plu-

2053 888 2143 926 res
2175 870 2395 940 decepti
2429 870 2918 940 subscripserant.
2944 868 3246 933 Quodnam
3281 869 3428 923 foret
3460 865 3692 922 articuli

2055 961 2125 1015 De
2149 960 2533 1014 incarnatione
2563 959 2714 1015 I58
2756 958 3048 1028 depravati
3099 957 3329 1022 vitium,
3378 973 3446 1012 ex
3488 957 3691 1011 eadem

2054 1049 2244 1120 colligi
2291 1053 2481 1120 potest
2523 1048 2897 1119 expositione,
2953 1047 3031 1101 De
3097 1047 3493 1101 incarnatione
3538 1060 3696 1100 nosse

2053 1143 2281 1210 oportet,
2315 1137 2637 1208 inquiebat,
2675 1138 2968 1192 Dominum
2999 1137 3167 1191 Deum
3218 1136 3444 1190 Verbum
3470 1152 3694 1190 assum-

2049 1230 2218 1299 psisse
2263 1228 2535 1283 hominem
2588 1227 2880 1281 secundum
2944 1230 3204 1279 naturam
3276 1227 3600 1296 perfectum,
3632 1239 3698 1279 ea

2057 1317 2301 1372 humana
2357 1331 2518 1370 carne
2576 1320 2627 1370 et
2685 1317 2875 1368 anima
2933 1315 3198 1369 rationali
3242 1317 3692 1370 consistentem...

2057 1409 2226 1476 Quem
2275 1405 2574 1460 secundum
2628 1409 2874 1459 nostram
2943 1413 3227 1468 naturam,
3295 1403 3555 1474 nobisque
3619 1403 3695 1456 si-

2053 1498 2242 1551 milem
2286 1495 2561 1550 hominem
2624 1496 2990 1561 exsistentem,
3055 1495 3299 1565 Spiritus
3361 1494 3535 1547 sancti
3581 1494 3700 1546 vir-

2058 1595 2171 1642 tute
2201 1587 2261 1638 in
2291 1591 2440 1640 utero
2477 1586 2722 1656 Virginis
2753 1586 3118 1654 formatum...
3155 1582 3538 1654 inexplicabili
3567 1597 3700 1653 quo-

2056 1676 2184 1730 dam
2210 1675 2364 1729 modo
2392 1674 2502 1729 sibi
2527 1674 2887 1744 conjunxit”,
2925 1673 3096 1728 Unum
3139 1674 3310 1743 igitur
3351 1673 3590 1738 Filium,
3649 1678 3702 1725 et

2056 1767 2351 1821 Dominum
2403 1765 2584 1818 Jesum
2641 1762 2940 1832 Christum,
3007 1779 3108 1833 per
3165 1777 3324 1832 quem
3377 1763 3524 1831 facta
3578 1767 3703 1815 sunt

2057 1855 2262 1922 omnia,
2321 1869 2435 1909 esse
2489 1851 2766 1906 dicimus:
2794 1854 2978 1922 primo
3025 1851 3247 1922 quidem
3300 1867 3362 1906 ac
3413 1851 3700 1921 praecipue

311 1939 887 2010 stantinopolitanam
920 1940 1107 1996 Latini
1141 1945 1197 1996 et
1225 1941 1402 1995 Graeci
1426 1941 1755 2012 scriptores,
1789 1941 1947 2011 ejus-
1978 1975 2026 2040 B
2061 1945 2226 2000 Deum
2262 1943 2506 2009 Verbum,
2553 1944 2649 2013 qui
2704 1942 3014 1997 secundum
3056 1941 3344 1996 essentiam
3375 1941 3473 1994 Dei
3518 1941 3702 1996 Filius

310 2028 442 2082 dem
476 2028 727 2099 Spiritus
759 2031 943 2084 sancti
997 2030 1359 2085 divinitatem
1402 2035 1605 2084 contra
1658 2030 1950 2084 Eunomia-

312 2132 408 2171 nos
485 2121 542 2171 et
617 2117 1024 2173 Macedonianos
1087 2119 1470 2185 vindicantes,
1533 2118 1825 2189 Superiori
1893 2117 1952 2171 in

313 2206 718 2261 dissertatione
749 2208 1086 2262 testimonia
1125 2208 1395 2263 dedimus
1425 2224 1489 2262 ac
1521 2207 1954 2262 illustravimus

316 2295 647 2367 Epiphanii,
679 2296 1168 2369 Basilii,Gregorii
1197 2296 1674 2370 Nysseni,Cyrilli
1710 2296 1955 2350 Alexan-

316 2384 490 2441 drini.
553 2385 810 2455 Hujusce
881 2386 1204 2441 sententias
1274 2385 1776 2440 luculentissimas
1824 2401 1954 2457 pro-

316 2473 583 2529 tulimus.
620 2475 758 2529 Eam
795 2475 1038 2546 profero.
1071 2476 1272 2547 quaain
1307 2476 1434 2545 ejus
1452 2474 1699 2529 habetur
1728 2491 1796 2529 ex
1817 2491 1957 2546 syn-

317 2563 427 2617 odo
457 2561 846 2617 Alexandrina
895 2563 1144 2634 epistola
1190 2563 1260 2617 ad
1314 2563 1665 2633 Nestorium,
1701 2563 1755 2617 in
1800 2581 1959 2618 mcu-

317 2651 545 2707 menico
620 2652 868 2723 Ephesio
926 2651 1168 2707 concilio
1227 2651 1474 2707 lecta:«
1549 2653 1826 2717 Quamvis
1899 2653 1958 2707 in

317 2758 426 2796 sua
457 2741 535 2795 sit
565 2741 947 2796 subsistentia
977 2740 1254 2813 Spiritus,
1306 2744 1362 2796 et
1401 2741 1528 2812 ejus
1580 2741 1956 2813 intelligatur,

316 2828 376 2885 in
410 2846 659 2901 persona
689 2829 1032 2902 proprietas,
1057 2832 1228 2901 juxta
1266 2829 1324 2885 id
1358 2830 1513 2901 quod
1565 2830 1817 2900 Spiritus
1849 2834 1957 2897 est,

317 2922 373 2974 et
403 2935 516 2973 non
548 2918 729 2973 Filius
763 2936 775 2972 :
811 2923 1066 2974 attamen
1097 2919 1309 2974 alienus
1356 2935 1463 2974 non
1521 2926 1600 2974 est
1649 2920 1705 2990 (a
1763 2918 1952 2986 Filio).

319 3008 402 3062 Ab
436 3006 534 3063 illo
565 3008 718 3062 enim
751 3007 920 3079 (Filio
969 3008 1107 3063 Jesu
1162 3008 1414 3079 Christo)
1464 3008 1705 3078 Spiritus
1763 3006 1960 3079 appel-

323 3097 480 3151 latus
536 3100 625 3151 est
678 3099 931 3152 veritatis
978 3101 1078 3151 :et
1134 3097 1350 3152 veritas
1399 3096 1666 3151 Christus
1696 3100 1785 3151 est
1817 3113 1830 3149 :
1863 3094 1960 3148 Καὶ

322 3188 608 3259 προχεῖται
668 3185 792 3257 παρ’
849 3183 1032 3255 αὐτοῦ,
1078 3183 1312 3259 καθάπερ
1373 3181 1562 3255 ἀμέλει
1618 3183 1704 3237 καὶ
1757 3183 1814 3237 ἐκ
1866 3187 1962 3237 τοῦ

323 3277 456 3328 Θεοῦ
485 3273 572 3327 καὶ
621 3273 848 3350 Πατρὸς,
901 3277 965 3330 Et
1010 3275 1193 3346 prodit
1231 3290 1332 3346 per
1375 3276 1562 3340 istum,
1613 3274 1960 3346 quemadmo-

324 3363 456 3418 dum
484 3369 628 3419 certe
659 3344 866 3420 (είυύεο
895 3368 945 3419 et
975 3344 1162 3420 Patre.
1197 3344 1244 3413 ni
1263 3364 1449 3418 Motas
1481 3363 1592 3418 hac
1621 3344 1693 3418 de
1727 3379 1787 3417 re
1830 3362 1961 3417 lites
1991 3344 2034 3412 C

323 3471 357 3508 a
385 3453 742 3508 Theodoreto
774 3453 873 3524 qui
907 3453 1158 3508 nimium
1188 3454 1385 3508 animo
1407 3451 1466 3507 in
1499 3451 1773 3525 Cyrillum
1804 3468 1960 3507 com-

327 3546 521 3596 motus
552 3545 695 3612 erat,
728 3542 1193 3596 ennarravimus.

399 3630 492 3685 ill.
519 3631 756 3685 Interim
789 3629 1062 3702 Symbolo
1094 3631 1152 3685 in
1183 3631 1536 3702 baptismate
1567 3630 1963 3686 utebanturin

326 3719 559 3774 Oriente
591 3717 876 3785 Ecclesiae,
933 3718 1185 3791 simplici
1235 3720 1458 3776 Nicaeae
1515 3719 1662 3787 aliae,
1725 3720 1966 3792 aliisque

330 3807 929 3879 Constantinopolitano
961 3814 1016 3863 et
1058 3809 1186 3864 aliae
1229 3809 1460 3865 Niceno
1515 3809 1807 3880 aliquibus
1863 3827 1966 3865 vo-

327 3898 498 3953 cibus
527 3901 716 3952 aucto.
758 3897 1104 3969 [lujusmodi
1155 3898 1337 3954 fuisse
1385 3899 1798 3954 adnotavimus
1840 3901 1970 3956 Hie-

328 3987 795 4058 rosolymitanum
841 3991 1102 4059 tempore
1158 3987 1357 4059 Cyrilli
1433 3987 1970 4060 Hierosolymorum

334 4076 590 4148 episcopi
618 4093 684 4130 ac
715 4076 1134 4144 Antiochenam,
1168 4076 1227 4130 in
1279 4093 1393 4146 quo
1441 4077 1752 4132 Cassianus
1781 4079 1974 4134 aiebat

333 4167 697 4237 baptizatum
732 4165 911 4220 fuisse
940 4165 1273 4220 Nestorium
1316 4166 1375 4220 in
1433 4167 1652 4238 synodo
1681 4167 1974 4238 Ephesius.

335 4255 702 4311 damnatum.
733 4257 821 4309 An
854 4255 1005 4310 hanc
1035 4255 1217 4310 refero
1267 4254 1514 4310 classem
1542 4257 1796 4313 Ecclesiae
1825 4257 1975 4311 Phil-

335 4345 699 4420 adelphiensis
754 4343 1092 4417 Symbolum
1167 4344 1321 4414 quod
1393 4344 1452 4398 in
1523 4346 1725 4400 eadem
1755 4346 1975 4417 synodo

336 4434 629 4506 Ephesina
658 4438 900 4506 prostat,
934 4432 1158 4488 actione
1187 4434 1221 4486 6
1252 4450 1285 4488 a
1332 4433 1592 4489 Charisio
1641 4435 1976 4507 presbytero

339 4523 600 4579 oblatum
632 4539 644 4575 :
678 4522 848 4578 Credo
879 4524 937 4577 in
966 4539 1140 4576 unum
1171 4523 1341 4577 Deum
1373 4527 1596 4577 Patrem
1641 4527 1977 4594 omnipoten-

338 4616 464 4678 tem,
513 4616 823 4668 Creatorem
869 4613 1133 4677 omnium,
1195 4612 1474 4666 visibzlum
1529 4620 1581 4667 et
1636 4613 1982 4668 invisibilum

2059 2037 2110 2088 et
2159 2034 2420 2089 Dominus
2468 2035 2566 2099 est,
2640 2034 2817 2085 mente
2883 2032 3292 2101 concipientes;
3343 2030 3512 2083 simul
3576 2045 3703 2084 vero

2060 2124 2226 2178 etiam
2256 2120 2394 2192 quod
2423 2124 2763 2190 assumptum
2819 2123 2914 2184 est,
2977 2120 3075 2174 hoc
3129 2122 3209 2172 est
3263 2120 3444 2174 Jesum
3500 2135 3533 2172 a
3590 2118 3704 2172 Na-

2063 2211 2272 2274 zareth,
2322 2212 2506 2264 animo
2580 2209 3001 2280 complectentes.
3063 2209 3148 2263 Ita
3225 2207 3448 2262 scilicet
3502 2207 3704 2261 verbo-

2066 2317 2195 2355 rum
2246 2297 2565 2353 involucris
2614 2302 2834 2352 tectum
2880 2297 3230 2369 propinabat
3283 2295 3587 2351 Nestorius
3640 2295 3711 2350 de

2063 2390 2273 2461 duplici
2301 2388 2358 2442 in
2390 2391 2528 2442 Jesu
2559 2386 2619 2440 in
2651 2386 2883 2442 Christo
2899 2403 3137 2458 persona
3160 2386 3409 2458 impium
3431 2401 3708 2440 errorem.

2133 2475 2381 2532 Nestorii
2452 2476 2698 2541 facinus,
2761 2475 2862 2546 qui
2934 2480 3204 2546 corrupto
3279 2474 3710 2546 depravatoque

2065 2565 2338 2639 Symbolo
2389 2566 2706 2638 proposito,
2767 2563 3065 2636 simplices
3111 2562 3310 2620 ﬁdeles
3383 2563 3706 2635 deceperat.

2068 2655 2355 2728 Ephesina
2385 2655 2674 2727 synodus,
2701 2670 2854 2708 anno
2886 2654 2983 2708 421
3011 2652 3320 2720 celebrata,
3352 2653 3710 2709 detestatur:

2067 2744 2316 2816 tulitque
2354 2744 2586 2798 decreta
2631 2742 2691 2797 in
2740 2743 2863 2798 haec
2911 2743 3086 2798 verba
3120 2760 3132 2797 :
3174 2762 3194 2789 ι
3230 2742 3331 2797 His
3364 2742 3543 2815 igitur
3571 2758 3707 2815 per-

2068 2833 2232 2889 lectis
2275 2834 2483 2887 statuit
2532 2836 2736 2888 sancta
2783 2831 3063 2904 synodus,
3115 2833 3352 2887 alteram
3397 2831 3560 2901 ﬁdem
3607 2847 3710 2886 ne-

2069 2923 2212 2978 mini
2244 2921 2417 2978 licere
2447 2922 2723 2994 proferre,
2757 2925 2857 2976 aut
2896 2921 3284 2988 conscribere,
3331 2925 3432 2976 aut
3474 2936 3712 2992 compo-

2070 3028 2225 3078 nere,
2289 3013 2495 3082 praater
2544 3009 2845 3066 deﬁnitam
2904 3027 2938 3065 a
2996 3009 3214 3065 sanctis
3275 3009 3566 3079 Patribus,
3608 3010 3713 3081 qui

2071 3103 2130 3156 in
2154 3103 2337 3156 Nicaea
2367 3116 2502 3155 cum
2529 3098 2751 3170 Spiritu
2801 3103 3004 3154 sancto
3057 3099 3390 3171 congregati
3452 3099 3708 3154 fuerunt.

2070 3191 2177 3255 Qui
2211 3205 2346 3245 vero
2377 3188 2506 3244 ausi
2559 3189 2780 3244 iuerint
2809 3193 2911 3244 aut
2962 3205 3303 3260 compcnere
3357 3187 3521 3259 ﬁdem
3567 3189 3706 3243 alte-

2071 3297 2194 3334 ram
2215 3282 2314 3334 aut
2342 3278 2620 3350 proferre,
2663 3277 2751 3332 vel
2808 3278 3013 3333 offerre
3071 3277 3327 3333 converti
3377 3276 3708 3332 volentibus

2073 3370 2144 3424 ad
2178 3367 2530 3439 agnitionem
2558 3367 2819 3422 veritatis
2851 3385 2864 3434 ;
2892 3366 2999 3421 hos
3046 3367 3286 3438 quidem
3336 3366 3385 3422 si
3433 3366 3552 3421 sint
3597 3365 3716 3437 epi-

2071 3459 2253 3527 scopi,
2285 3461 2386 3512 aut
2415 3456 2630 3522 clerici,
2673 3455 2893 3511 alienos
2936 3471 3066 3511 esse
3116 3455 3187 3510 ab
3239 3455 3602 3528 episcopatu,
3655 3457 3715 3509 et

2072 3547 2313 3604 clericos
2338 3564 2371 3602 a
2400 3545 2673 3601 clericatu
2725 3545 2977 3600 decrevit
3009 3562 3022 3600 :
3056 3545 3105 3600 si
3135 3561 3268 3600 vero
3313 3543 3443 3599 laici
3476 3543 3711 3614 fuerint,

2075 3635 2431 3692 anathemati
2464 3633 2731 3705 subjici.»
2765 3634 2914 3688 Tum
2945 3633 3275 3689 Nestoriani
3323 3632 3572 3706 symboli
3605 3632 3718 3688 for-

2076 3724 2298 3781 mulam
2329 3728 2386 3780 et
2415 3723 2835 3794 expositionem
2866 3722 3126 3778 damnat.

2148 3815 2240 3869 IV.
2304 3813 2674 3880 Prohibente,
2735 3828 2806 3867 ne
2862 3812 3097 3867 alteram
3149 3811 3308 3882 ﬁdem
3361 3810 3561 3867 liceret
3608 3809 3714 3866 ulli

2077 3904 2352 3978 proferre,
2384 3906 2484 3958 aut
2512 3900 2895 3968 conscribere,
2928 3905 3032 3956 aut
3088 3916 3452 3973 componere,
3509 3909 3720 3972 praeter

2078 3994 2360 4064 deﬁnitam
2407 4009 2442 4046 a
2500 3991 2748 4048 Nicaenis
2794 3990 3078 4058 Patribus,
3146 3989 3436 4062 Ephesino
3489 3990 3718 4045 decreto

2079 4081 2300 4138 bellum
2331 4079 2512 4137 Graeci
2544 4082 2727 4150 agunt
2756 4079 3064 4134 adversum
3098 4079 3356 4146 Latinos,
3390 4077 3491 4151 qui
3519 4093 3720 4134 vocem

2079 4173 2328 4243 Filioque
2356 4168 2629 4241 Symbolo
2677 4166 3319 4239 Constantinopolitano
3350 4167 3722 4222 addiderunt.

2083 4262 2344 4333 Pugnam
2373 4262 2651 4330 pugnent,
2687 4273 2864 4328 quam
2895 4256 3098 4312 volunt
3131 4274 3143 4312 :
3176 4256 3510 4312 certissima
3528 4255 3724 4312 clades

2082 4351 2266 4411 instat
2292 4347 2431 4402 illis.
2463 4349 2541 4401 Ac
2571 4346 2758 4417 primo
2787 4345 2994 4400 statuit
3023 4349 3225 4400 sancta
3272 4345 3552 4417 synodus,
3585 4345 3728 4400 alte-

2084 4456 2210 4496 ram
2239 4438 2409 4508 ﬁdem
2439 4436 2657 4491 nemini
2713 4437 2881 4490 licere
2904 4437 3174 4505 proferre,
3222 4443 3319 4490 aut
3365 4436 3727 4503 conscribere,

2085 4531 2184 4585 aut
2209 4542 2547 4598 componere,
2574 4527 2781 4596 praeter
2807 4523 3093 4594 deﬁnitam
3121 4541 3154 4577 a
3197 4525 3402 4578 sanctis
3449 4525 3730 4593 Patribus,

2088 4618 2183 4690 qui
2211 4618 2271 4672 in
2300 4616 2488 4671 Nicaea
2515 4630 2640 4668 cum
2669 4614 2882 4684 Spiritu
2912 4621 3099 4668 sancto
3138 4614 3452 4685 congregati
3479 4614 3728 4683 fuerunt.

338 4703 624 4772 factorem.
655 4702 720 4756 Et
750 4703 807 4755 in
865 4717 1040 4755 unum
1092 4701 1388 4756 Dominum
1442 4702 1622 4757 Jesum
1683 4701 1980 4769 Christum,
2015 4716 2060 4781 D
2094 4708 2293 4778 Itaque
2321 4703 2511 4759 verbis
2558 4707 2729 4757 tenus
2778 4702 2827 4757 si
2874 4701 3222 4769 haereamus,
3275 4717 3462 4774 neque
3489 4701 3726 4774 Symbo-

339 4791 547 4845 Filium
576 4791 694 4861 ejus
731 4792 1098 4861 unigenitum,
1155 4793 1328 4846 Deum
1380 4789 1444 4845 de
1500 4795 1634 4859 Deo,
1686 4791 1873 4846 lumen
1918 4792 1985 4848 de

344 4879 570 4948 lumine,
618 4880 788 4934 Deum
835 4896 1025 4935 verum
1070 4881 1136 4936 de
1177 4882 1281 4936 Deo
1345 4896 1496 4950 vero,
1554 4881 1984 4937 consubstantia-

344 4968 453 5022 lem
507 4968 687 5021 Patri.
750 4968 855 5035 Qui
907 4974 1126 5040 prOpter
1180 4986 1303 5035 nos,
1357 4974 1406 5024 et
1461 4972 1709 5024 nostram
1760 4971 1989 5026 salutem

342 5055 618 5112 descendit
672 5056 736 5111 de
782 5057 952 5128 ralis,
1002 5066 1054 5112 et
1100 5060 1420 5114 incarnatus
1449 5062 1546 5128 est,
1593 5063 1643 5114 et
1693 5075 1762 5114 ex
1789 5069 1990 5116 sancta

351 5147 570 5216 Virgine
597 5153 782 5214 natus,
829 5154 879 5201 et
935 5146 1091 5202 homo
1147 5151 1325 5218 factus
1385 5150 1482 5203 est.
1540 5148 1846 5220 Cruci/itus
1887 5166 1989 5222 pro

344 5235 521 5306 nobis,
550 5243 800 5290 mortuus
847 5244 940 5290 est.
1007 5237 1324 5292 Resurrexit
1372 5239 1534 5293 tertia
1581 5237 1690 5292 die.
1740 5240 1992 5295 Ascendit

346 5325 522 5380 caelos.
578 5327 655 5379 Et
708 5327 917 5379 iterum
973 5333 1232 5380 venturus
1285 5334 1363 5381 est
1410 5327 1668 5398 judicare
1734 5329 1885 5384 vivos
1942 5331 1992 5384 et

347 5422 604 5469 mortuos.
634 5415 709 5468 Et
739 5416 799 5469 in
828 5413 1099 5485 Spiritum
1144 5417 1412 5484 veritatis,
1463 5417 1834 5484 Paracletum,
1882 5423 1989 5474 ,να-

348 5505 430 5559 tri
456 5512 507 5558 et
539 5504 678 5558 Filio
708 5503 1149 5558 substantialem.
1177 5505 1240 5558 Et
1273 5507 1331 5558 in
1373 5509 1625 5560 sanctam
1669 5507 1995 5563 catholicam

350 5593 676 5648 Ecclesium.
728 5593 788 5646 In
837 5595 1179 5647 mortuorum
1225 5595 1702 5649 resurrectionem.
1734 5595 1797 5650 In
1825 5599 1996 5651 vitam

351 5689 636 5738 «aeternam.

428 5771 701 5844 Symbolo
727 5772 958 5828 Niceno
990 5771 1262 5828 utebatur
1288 5769 1693 5839 Nestoriusﬁn
1725 5787 1791 5829 ea
1820 5775 1997 5832 maxi-

2094 4799 2210 4852 lum
2253 4792 2926 4863 Constantinopolitanum
2963 4793 3214 4863 proferre
3260 4789 3509 4847 licuerit.
3565 4790 3731 4846 Haud

2096 4902 2189 4941 me
2219 4883 2379 4938 latet.
2423 4879 2764 4954 Symbolum
2816 4880 2973 4936 idem
3021 4879 3735 4953 Constantinopolitanum

2096 4973 2211 5029 dici
2241 4974 2529 5028 Niczenum
2551 4969 2803 5025 maxime
2823 4973 2957 5042 post
2985 4970 3272 5042 synodum
3303 4968 3735 5025 Chalcedonen-

2098 5079 2221 5118 sem
2253 5061 2623 5118 consuevisse
2659 5075 2672 5115 :
2706 5063 2764 5114 at
2792 5075 2858 5114 eo
2886 5058 2947 5113 in
2996 5058 3285 5132 Ephesino
3336 5059 3566 5115 decreto
3616 5058 3740 5130 agi-

2098 5157 2194 5208 tur
2222 5151 2348 5207 sine
2369 5149 2547 5205 dubio
2570 5149 2642 5205 de
2659 5149 2907 5222 formula
2934 5149 3183 5216 Nicaena,
3201 5165 3320 5220 qua
3340 5153 3406 5204 ut
3435 5164 3740 5204 summum

2099 5239 2394 5312 aliquibus
2445 5238 2684 5294 vocibus
2742 5243 2934 5305 aucta,
2992 5254 3108 5293 non
3167 5237 3440 5293 omnibus
3497 5253 3627 5308 quas
3679 5237 3740 5292 in

2101 5328 2376 5402 Symbolo
2416 5327 3056 5399 Constantinopolitano
3103 5327 3414 5394 habentur,
3472 5325 3742 5383 Ecclesia:

2101 5418 2298 5492 plures
2329 5417 2388 5472 in
2419 5417 2770 5489 baptismate
2797 5420 3134 5473 utebantur.

2174 5508 2237 5562 In
2269 5505 2482 5561 libellis
2515 5524 2547 5561 a
2576 5505 2838 5563 Charisio
2871 5507 3206 5578 presbytero
3254 5503 3745 5577 Philadelphiensi

2103 5595 2333 5662 oblatis,
2386 5597 2727 5668 Symbolum
2783 5597 2934 5652 159
2989 5595 3371 5666 depravatum
3416 5595 3750 5650 contineba-

2102 5690 2218 5757 tur,
2253 5702 2318 5740 ac
2345 5687 2472 5756 ejus
2500 5685 2850 5741 Nestoriana
2876 5684 3185 5758 expositio.
3236 5684 3563 5757 Utrumque
3610 5700 3743 5756 spe-

2105 5775 2238 5833 ciali
2269 5775 2499 5832 decreto
2530 5775 2813 5832 damnant
2842 5774 3117 5847 Ephesini
3156 5775 3376 5832 Patres.
3408 5772 3539 5830 Alia
3566 5772 3745 5832 etiam
