4094 6440
357 412 472 473 161

1570 409 1781 476 VITA.
1811 445 1890 457 —
1917 406 2434 474 DISSERTATIO
2477 406 2556 474 II.

3651 413 3770 479 162

367 544 626 620 Symboli
673 544 935 602 formula
978 545 1236 603 Ecclesiae
1277 544 1778 619 Philadelphiensis
1825 545 2012 603 oonti-
2040 547 2095 613 Α
2125 546 2395 617 epistolis,
2424 548 2508 603 vel
2562 548 2746 617 tomis,
2802 547 2888 602 vel
2916 546 3073 604 libris
3108 550 3511 621 evulgaveram
3540 568 3558 603 :
3585 554 3639 606 et
3662 551 3772 607 soli

373 635 634 703 uehatur,
664 651 801 708 quae
829 650 1022 708 neque
1049 635 1276 693 Nicazna
1326 640 1437 707 est,
1482 651 1672 709 neque
1699 635 2018 693 Constanti-

374 725 713 797 nopolitano,
763 723 975 794 utique
1020 729 1219 781 tamen
1250 741 1529 793 consona,
1575 742 1641 781 ac
1670 723 2020 797 interpolata

372 813 598 869 Nicena
627 811 748 868 dici
779 816 995 885 potest.
1026 817 1117 868 An
1146 828 1283 885 ergo
1312 814 1540 870 decreto
1572 813 1862 886 Ephesino
1883 829 2015 884 pro-

370 902 583 975 scripta
609 901 739 958 haec
769 900 950 958 fuerit
968 901 997 957 ?
1024 901 1151 958 Non
1180 904 1322 959 adeo
1351 903 1543 959 insani
1571 903 1749 959 Graeci
1780 900 2017 965 fuerint,

367 991 467 1063 qui
495 990 555 1045 id
587 989 914 1047 afﬁrment.
949 991 1249 1057 Quomodo
1298 1008 1435 1064 ergo
1458 993 1630 1063 juxta
1659 990 2016 1063 Ephesinum

365 1078 674 1135 decretum
705 1095 818 1135 nec
846 1079 1086 1136 alteram
1115 1096 1150 1135 a
1176 1080 1405 1136 Nicena
1458 1080 1619 1150 ﬁdem
1660 1079 2019 1147 conscribere,

366 1176 416 1224 et
439 1184 792 1240 componere,
824 1184 930 1224 nec
976 1168 1217 1225 alteram
1264 1172 1512 1242 proferre
1540 1168 1759 1225 liceat?
1800 1169 2022 1241 Nempe

366 1273 480 1313 non
509 1274 580 1314 ea
610 1257 912 1331 Ephesino
939 1257 1169 1313 decreto
1193 1256 1705 1332 intelligentia,aut
1731 1257 1817 1314 vis
1846 1257 2019 1328 inest,

369 1363 544 1418 quam
576 1346 697 1402 sibi
727 1347 964 1420 ﬁngunt
992 1346 1193 1402 Graeci.

436 1437 660 1492 Eadem
692 1441 864 1492 aetate
890 1437 1061 1491 varice
1093 1437 1155 1491 in
1209 1435 1484 1492 Ecclesiis
1509 1436 1782 1509 vigebant
1808 1439 2021 1508 formu-

372 1526 441 1583 ιτ
466 1526 743 1597 Symboli,
773 1542 901 1597 quae
932 1526 1127 1581 verbis
1157 1529 1326 1581 tenus
1356 1542 1389 1581 a
1416 1525 1666 1598 simplici
1696 1527 1942 1593 Nicaena,
1966 1529 2026 1580 et

370 1632 402 1670 a
432 1614 751 1687 proxiliore
800 1615 1422 1687 Constantinopolitano
1471 1615 1794 1671 ditl'erebat.
1830 1616 2022 1670 Hiero-

368 1705 765 1777 solymitanam
795 1703 1273 1774 memoravimus,
1304 1709 1361 1759 et
1380 1704 1770 1760 Antiochenam
1800 1720 1815 1758 :
1848 1703 2022 1758 alias-

373 1810 486 1865 que
518 1810 633 1849 usu
665 1798 932 1865 receptas
962 1792 1526 1862 exstitisse,dubium
1568 1793 1820 1847 nullum.
1857 1791 2022 1847 Libe-

2123 634 2275 705 ﬁdei,
2305 650 2429 709 qua
2456 653 2493 692 α
2536 637 2744 692 sanctis
2801 637 3056 693 Patribus
3110 641 3315 695 nostris
3368 640 3568 697 Nicaea
3623 640 3773 696 edita

2122 725 2327 796 fuerat,
2381 727 2709 781 consentire.
2743 726 3026 798 Dogmata
3081 727 3142 783 in
3202 728 3468 800 epistolis
3498 746 3565 785 ac
3594 729 3770 785 tomis

2127 813 2420 869 declarata
2448 830 2482 869 a
2499 814 2713 886 Cyrillo
2734 814 3077 886 rejiciebant
3096 815 3278 884 illi,ac
3306 817 3357 873 si
3380 817 3595 873 Nicmni
3610 818 3773 891 Sym-

2126 901 2245 957 boli
2277 907 2464 959 metas
2510 903 2905 960 transiliisset.
2964 904 3092 959 Alia
3147 905 3209 960 in
3268 907 3465 978 ipsum
3496 905 3618 962 haec
3649 911 3774 962 erat

2130 991 2384 1063 querela.
2415 993 2677 1063 Intelligo
2703 1009 2848 1060 vero,
2880 1000 2932 1049 et
2957 992 3056 1049 hoc
3101 1010 3305 1066 quoque
3331 995 3455 1050 illos
3485 995 3639 1050 nobis
3678 996 3771 1051 ob-

2119 1080 2297 1152 jicere
2323 1098 2341 1135 :
2371 1096 2565 1153 nempe
2588 1081 2729 1153 quod
2754 1081 2884 1152 ﬁdei
2910 1078 3451 1154 expositionem,ﬁ-cot
3477 1076 3768 1155 Σύμϐολον

2128 1167 2334 1238 καινὸν,
2364 1171 2476 1226 sive
2520 1186 2721 1227 novum
2772 1171 3095 1239 Symbolum
3143 1173 3511 1243 receperimus
3546 1188 3568 1233 ,'
3615 1174 3775 1243 quasi

2128 1263 2278 1315 vetus
2322 1259 2487 1327 illud,
2542 1259 3021 1333 venerandumque
3067 1260 3412 1332 (Nicaanum)
3468 1263 3767 1333 aspernati.

2132 1348 2293 1403 Fidei
2324 1346 2748 1419 expositionem
2798 1348 2869 1403 ab
2918 1347 3313 1404 Orientalibus
3361 1348 3771 1405 transmissam

2133 1441 2449 1509 receperat.
2482 1437 2733 1509 Reponit
2761 1436 2858 1492 ille
2890 1453 2904 1493 :
2940 1437 3133 1493 Verum
3176 1437 3429 1505 dicimus,
3472 1454 3569 1494 nos
3595 1455 3775 1511 neque

2130 1543 2331 1582 novam
2358 1527 2488 1597 ﬁdei
2516 1527 2905 1597 expositionem
2933 1526 3000 1581 ab
3030 1526 3151 1582 ullo
3201 1543 3463 1597 exegisse,
3501 1543 3675 1599 neque
3703 1528 3772 1585 ab

2132 1617 2269 1673 aliis
2298 1618 2614 1671 innovatum
2641 1615 3197 1671 udmississe.Novum
3220 1614 3377 1671 aliud
3409 1616 3771 1688 Symbolum,

2133 1710 2235 1761 aut
2261 1704 2603 1773 Symbolum
2646 1704 3061 1760 additamentis
3084 1704 3422 1760 innovotum
3449 1705 3559 1760 sibi
3585 1711 3772 1762 trans-

2133 1795 2407 1862 missum,
2440 1793 2752 1848 inficiatur.
2783 1793 3005 1866 Sufﬁcit
3047 1796 3197 1849 enim
3223 1794 3380 1849 nobis
3407 1794 3597 1850 divina
3626 1794 3772 1850 Scri-

372 1900 507 1939 rum
538 1883 885 1938 earumdem
912 1882 972 1937 in
1001 1881 1271 1938 Ecclesiis
1292 1898 1467 1938 usum
1496 1881 1804 1954 reliquisse
1824 1881 2025 1937 Patres
2055 1919 2102 1984 B
2130 1892 2315 1956 ptura,
2372 1891 2797 1954 sanctorumque
2853 1887 3087 1938 Patrum
3150 1883 3466 1954 prudentia,
3537 1886 3589 1938 et
3646 1882 3777 1941 ﬁdei

368 1972 726 2045 Bphesinos,
757 1988 949 2044 neque
997 1975 1225 2027 vetasse
1254 1971 1397 2044 quin
1451 1971 1594 2044 ipsae
1617 1973 1864 2043 proferri
1887 1987 2023 2042 pos-

372 2064 531 2130 sent,
583 2060 848 2132 synodus
877 2059 1364 2116 Chalcedonensis
1399 2059 1611 2115 evincit
1657 2060 1880 2116 actione
1902 2059 2024 2126 5,in

374 2148 725 2204 deﬁnitione
773 2148 908 2204 ﬁdei
943 2165 957 2203 :
991 2147 1092 2204 ubi
1152 2147 1463 2220 Symbolum
1490 2149 1773 2204 Niccenum
1802 2146 2025 2203 caateris

370 2237 725 2311 prafulgere
771 2237 1004 2306 dicitur,
1065 2237 1510 2311 decerniturque
1556 2237 1770 2294 servari
1817 2237 2025 2292 debere

373 2326 704 2399 Symbolum
753 2326 1433 2399 Constantinopolitanum,
1481 2343 1549 2383 ac
1612 2326 1737 2383 aliis
1784 2327 2024 2382 demum

373 2415 657 2488 legitima
673 2414 1066 2472 Ecclesiarum
1090 2415 1352 2472 formula
1382 2415 2025 2472 conﬁrmantur.Verba

374 2508 519 2561 sunt
551 2521 565 2561 :
602 2527 633 2552 υ
663 2504 1040 2560 Decernimus
1067 2504 1268 2576 igitur,
1299 2504 1569 2573 ordinem,
1609 2509 1666 2561 et
1694 2520 1878 2561 omnes
1903 2508 2022 2577 for-

373 2595 562 2650 mulas
592 2610 725 2667 quas
754 2593 827 2649 de
855 2593 969 2649 ﬁde
996 2596 1139 2649 sunt
1168 2594 1516 2665 constitutas,
1550 2594 1942 2650 custodientes
1968 2598 2027 2650 et

374 2699 506 2751 nos,
524 2686 745 2739 sancte:
764 2682 970 2755 synodi
997 2682 1293 2755 quondam
1314 2699 1378 2738 in
1406 2682 1607 2755 Epheso
1636 2682 1797 2738 facta
1829 2698 1844 2738 :
1872 2697 2021 2755 prae-

372 2774 592 2844 fulgere
622 2771 862 2844 quidem
893 2776 1081 2838 rectss,
1113 2774 1170 2827 et
1197 2771 1593 2828 immaculata:
1622 2770 1759 2828 ﬁdei
1791 2771 2027 2843 exposi-

376 2862 605 2917 tionem
637 2865 975 2916 sanctorum
1006 2863 1066 2915 et
1094 2859 1576 2917 beatissimorum
1628 2864 2024 2917 trecentorum

375 2950 582 3007 decem
613 2953 673 3005 et
700 2952 829 3005 octo
854 2948 1219 3020 Patrum,qui
1240 2950 1301 3004 in
1324 2949 1507 3005 Nicwa
1528 2949 1893 3021 temporibus
1918 2950 2024 3022 pias

376 3040 679 3097 memorie
699 3038 1068 3095 Constantini
1088 3040 1456 3112 imperatoris
1477 3041 1809 3114 congregati
1839 3045 1977 3097 sunt
2009 3057 2023 3096 :

374 3128 605 3184 Servari
633 3130 828 3184 autem
878 3131 937 3183 et
966 3143 1053 3195 ea,
1086 3144 1213 3199 qua
1254 3128 1404 3200 apud
1435 3128 1962 3202 Constantinopolim
1992 3148 2028 3187 a

379 3217 783 3275 sanctissimis
806 3220 1040 3273 centum
1063 3217 1489 3291 quinquaginta
1508 3218 1776 3275 Patribus
1798 3221 2028 3276 decreta

2133 1973 2450 2045 Symbolum
2480 1971 2847 2044 (Nicaenum),
2889 1973 2965 2028 ad
3000 1975 3189 2028 omnia
3218 1978 3369 2027 recta
3396 1972 3652 2044 dogmata
3679 1990 3774 2045 ap-

2132 2071 2183 2119 te
2211 2063 2424 2133 riteque
2451 2062 2864 2117 concinnatum.

2203 2151 2351 2214 Quid
2402 2150 2646 2223 egerint,
2703 2150 2913 2222 quidve
2962 2150 3398 2207 transmiserint
3453 2150 3774 2208 Orientales

2132 2240 2410 2312 episcopi,
2443 2243 2696 2295 enarrat.
2759 2241 2908 2312 Quia
2944 2255 3069 2295 vero
3097 2241 3444 2296 sanctissimi
3474 2241 3776 2297 Orientales

2133 2331 2369 2401 episcopi
2395 2345 2524 2385 cum
2570 2328 2774 2400 Ephesi
2825 2336 3018 2399 essent,
3076 2345 3111 2383 a
3148 2330 3303 2384 nobis
3357 2328 3772 2401 dissentiebant,

2133 2434 2304 2490 eaque
2330 2418 2396 2474 de
2421 2434 2587 2474 causa
2613 2418 2773 2489 quasi
2803 2417 3275 2489 blasphemiarum
3302 2419 3537 2474 Nestorii
3568 2419 3777 2490 laqueis

2134 2509 2342 2564 irretiti
2371 2511 2700 2574 tenerentur,
2749 2508 2989 2577 suspecti
3031 2509 3188 2562 erant
3220 2524 3238 2560 :
3267 2515 3329 2561 ut
3372 2521 3432 2561 eo
3461 2508 3693 2564 crimine
3718 2523 3778 2564 se

2134 2598 2453 2663 liberarent,
2511 2595 2908 2667 inculpataeque
2934 2595 3065 2665 ﬁdei
3092 2595 3436 2651 amatoribus
3461 2612 3561 2668 per
3589 2598 3779 2652 omnia

2132 2686 2528 2757 satisfacerent,
2577 2701 2640 2739 ac
2694 2684 3034 2741 Nestorianee
3084 2685 3387 2754 impietatis
3432 2700 3489 2740 se
3529 2689 3775 2757 expertes

2133 2791 2247 2831 esse
2296 2773 2658 2840 ostenderent,
2713 2770 3037 2841 πεποίηνται
3083 2771 3183 2838 τὴν
3221 2768 3548 2846 ἀπολογίαν,
3579 2774 3773 2843 apolo-

2131 2866 2283 2934 giam
2309 2862 2820 2930 composueruntJn
2848 2877 2917 2917 ea
2936 2864 3155 2917 rectam
3187 2860 3320 2916 ﬁdei
3351 2862 3775 2934 expositionem

2133 2954 2373 3008 dabant.
2406 2953 2470 3007 Et
2499 2952 2555 3006 id
2584 2950 2802 3023 quidem
2838 2948 3140 3006 admodum
3186 2949 3510 3019 prudenter.
3547 2952 3775 3008 Tantum

2134 3044 2304 3110 abest,
2359 3048 2422 3096 ut
2454 3042 2553 3096 hoc
2597 3042 2827 3095 istorum
2871 3041 3080 3110 factum
3124 3039 3322 3111 aliqua
3378 3041 3606 3096 omnino
3644 3044 3776 3097 nota

2134 3135 2231 3186 aut
2276 3129 2700 3202 reprehensione
2751 3127 2985 3197 dignum
3026 3127 3300 3184 videatur.
3344 3128 3491 3199 Quid
3533 3131 3682 3185 enim
3724 3132 3777 3185 si

2134 3217 2249 3288 ipse
2276 3217 2555 3272 Nestorius
2586 3231 2647 3271 eo
2683 3219 2920 3286 tempore
2964 3230 3069 3285 quo
3113 3231 3149 3270 a
3192 3215 3347 3271 nobis
3392 3217 3642 3272 omnibus
3688 3218 3780 3274 illi

379 3311 542 3378 sunt,
575 3307 649 3364 ad
674 3306 1045 3379 exponendas
1075 3289 1312 3379 quidem
1331 3289 1595 3364 haereses
1623 3325 1750 3380 quae
1781 3325 1846 3365 eo
1878 3313 2028 3365 tem-
2058 3289 2102 3356 C
2131 3305 2540 3378 proponebatur
2558 3306 2895 3376 Oportere,ut
2912 3320 3015 3359 sua
3035 3305 3149 3375 ipse
3170 3302 3424 3375 dogmata
3452 3306 3779 3364 condemna-

378 3412 521 3470 pore
548 3394 1044 3469 germinaverant.
1094 3399 1153 3451 et
1205 3395 1276 3451 ad
1308 3395 1812 3453 conﬁrmationem
1869 3398 2024 3469 ejus-

380 3486 516 3542 dem
547 3483 846 3541 catholicaz
875 3489 933 3541 et
958 3483 1291 3556 apostoltcas
1321 3489 1534 3541 nostra:
1557 3486 1713 3541 ﬁdei.
1745 3505 1773 3539 ι

450 3578 585 3629 Hec
626 3578 924 3647 postrema
970 3573 1147 3630 verba
1192 3590 1433 3629 sensum
1472 3574 1771 3630 declarant
1798 3591 2025 3647 germa-

374 3679 521 3719 num
550 3663 768 3719 Decreti
792 3661 1056 3735 Ephesini
1084 3678 1097 3716 :
1131 3661 1527 3733 symbolorum
1559 3663 1781 3719 scilicet
1806 3664 2026 3720 formu-

376 3751 466 3809 las
496 3751 756 3806 maxime
786 3750 1074 3819 damnari,
1134 3750 1193 3805 in
1225 3751 1440 3823 quibus
1471 3751 1774 3825 quidpiam
1804 3754 2027 3808 minua-

375 3849 487 3910 tur,
521 3844 627 3895 aut
652 3842 916 3909 mutetur,
970 3843 1073 3894 aut
1117 3839 1435 3910 adjiciatur,
1485 3840 1642 3912 quod
1690 3858 1726 3897 a
1751 3845 1898 3897 recta
1925 3842 2031 3912 fide

377 3930 633 3984 alienum
662 3931 755 3984 sit.
785 3928 846 3983 Id
894 3927 1127 3983 invictis
1163 3928 1641 3985 demonstrarunt
1668 3930 2031 4003 argumentis

381 4019 441 4074 in
474 4017 703 4090 synodo
738 4015 1070 4073 Florentius
1098 4016 1284 4073 Latini
1342 4018 1628 4075 doctores.
1687 4022 1828 4075 Acta
1857 4025 1915 4076 et
1938 4019 2028 4075 in-

385 4113 575 4164 sertas
605 4104 1039 4178 disputationes
1068 4104 1326 4162 consule.

450 4198 520 4248 V.
555 4194 671 4250 Sed
699 4193 894 4249 omnis
923 4199 990 4249 ut
1016 4195 1208 4267 pravis
1237 4195 1576 4273 hominibus
1606 4214 1752 4254 ansa
1779 4198 2029 4270 eripere-

383 4290 502 4353 tur,
542 4282 1000 4351 minutionibus,
1050 4284 1450 4341 additionibus
1488 4287 2030 4361 mutationibusque

378 4372 725 4446 Symbolum
772 4373 1205 4445 corrumpendi,
1259 4373 1507 4430 inficiari
1564 4375 1770 4445 nolim,
1803 4394 1911 4432 suo
1941 4394 2031 4433 ve-

376 4468 535 4518 tasse
564 4462 799 4517 decreto
830 4461 1151 4534 Bphesinos
1180 4462 1379 4518 Patres
1417 4480 1617 4530 novas,
1650 4482 1777 4536 quae
1808 4465 2029 4539 impos-

379 4554 574 4607 terum
606 4548 1010 4623 symbolorum
1038 4550 1300 4607 formulae
1321 4554 1869 4610 cuderentur.Hunc
1899 4556 2029 4626 ejus

2131 3399 2234 3463 ret,
2268 3396 2670 3466 veritatemque
2726 3393 3158 3465 amplecteretur,
3191 3385 3452 3471 ἔγγραφον
3484 3392 3777 3465 ἐποιήσατο

2132 3484 2231 3551 τὴν
2292 3482 2381 3537 ἐπὶ
2436 3482 2657 3544 τούτοις
2713 3478 3039 3557 ὁμολογίαν,
3089 3484 3355 3554 scriptam
3405 3486 3475 3540 iis
3509 3487 3575 3540 a'e
3619 3486 3781 3542 rebus

2134 3575 2530 3644 confessionem
2547 3571 2883 3628 exhibuisset
2895 3572 3059 3643 (quin
3073 3571 3294 3627 scilicet
3308 3572 3605 3629 Nicaenum
3623 3575 3779 3647 Sym-

2135 3662 2336 3719 bolum
2368 3661 2601 3718 clariori
2631 3661 2830 3733 aliqua
2861 3661 3119 3717 auxisset
3154 3661 3580 3735 explicatione),
3615 3664 3778 3735 quis-

2135 3768 2274 3809 nam
2296 3751 2562 3807 dicturus
2592 3755 2734 3820 erat,
2755 3747 2925 3805 illum
2954 3746 3187 3810 πίστεως
3218 3750 3352 3823 ἡμῖν
3386 3751 3783 3824 καινοτομῆσαι

2138 3833 2437 3912 σύμϐολον,
2465 3856 2663 3895 novum
2691 3838 2822 3909 ﬁdei
2846 3839 3160 3911 symbolum
3187 3841 3345 3895 nobis
3372 3842 3786 3913 conscripsisse?

2140 3929 2280 3998 Quid
2309 3930 2487 3999 igitur
2514 3931 2718 3984 temere
2745 3929 3008 3983 conviciis
3039 3930 3380 3983 insectantur
3411 3932 3785 3986 sanctissimos

2139 4019 2441 4075 Phoenicia:
2496 4018 2785 4089 episcopos,
2837 4032 3024 4072 eorum
3078 4033 3400 4073 consensum
3436 4020 3786 4091 appellantes

2140 4103 2342 4161 ἔκθεσιν
2376 4099 2673 4177 Συμϐόλου
2720 4103 2934 4174 καινὴν,
2965 4121 3161 4161 novam
3196 4106 3445 4178 Symboli
3489 4108 3785 4179 expositio-

2137 4214 2264 4253 nem
2317 4213 2481 4268 quem
2538 4196 2631 4251 illi
2686 4195 2904 4250 utiliter
2952 4198 3006 4249 et
3033 4196 3344 4251 necessario
3372 4197 3688 4264 ediderunt,
3723 4204 3786 4253 ut

2136 4288 2410 4343 nimirum
2436 4302 2495 4341 se
2520 4286 2842 4357 purgarent.

2208 4376 2358 4430 161
2393 4372 2753 4446 Ephesinum
2801 4372 3098 4427 decretum
3149 4372 3315 4427 aﬁ‘ert
3344 4371 3594 4445 Cyrillus
3625 4374 3783 4447 quod

2137 4465 2220 4521 ita
2248 4462 2505 4520 declarat
2564 4479 2576 4516 :
2637 4461 2836 4517 Sancta
2882 4463 3103 4533 quippe,
3135 4459 3431 4534 inquiens,
3464 4470 3516 4518 et
3545 4478 3787 4519 secume-

2137 4555 2274 4610 nica
2320 4552 2564 4617 synodus
2619 4564 2745 4621 quae
2799 4550 3000 4620 Ephesi
3066 4554 3413 4615 convenerat,
3486 4552 3786 4608 necessario

380 4640 595 4696 decreti
628 4655 874 4696 sensum
900 4638 1197 4695 declarare
1229 4642 1481 4713 Cyrillus
1508 4642 1918 4699 Alexandrinus
1946 4644 2026 4699 vi-

2138 4640 2380 4715 providit
2450 4656 2563 4696 non
2637 4642 2887 4710 oportere
2965 4634 3199 4698 πίστεως
3292 4631 3493 4691 ἔκθεσιν
3582 4638 3787 4715 ὲτέραν,

384 4727 552 4785 detur
579 4728 642 4784 in
673 4727 925 4801 epistola
953 4728 1025 4784 ad
1058 4729 1335 4785 Acacium
1368 4729 1817 4788 Melitinensem.
1872 4733 2033 4790 Hanc
2141 4729 2321 4786 aliam
2354 4729 2485 4799 fidei
2538 4728 2932 4799 expositionem
2987 4728 3046 4781 in
3101 4725 3374 4783 Eccleszas
3423 4730 3525 4786 Dei
3582 4730 3791 4799 inferre

387 4817 624 4890 scripsit
653 4816 774 4885 ille,
806 4817 1112 4874 occasione
1139 4818 1277 4874 data
1323 4819 1633 4891 cujusdam
1662 4821 1820 4876 160
1849 4822 2032 4895 expli-

384 4906 617 4963 catioris
656 4905 794 4962 ﬁdei
823 4906 1230 4978 professionis,
1289 4924 1469 4980 quam
1529 4908 1853 4966 Orientales
1909 4910 2030 4983 epi-

386 4995 542 5068 scopi
573 4996 646 5052 ad
676 4995 993 5068 impactum
1016 4994 1328 5053 eluendam
1362 4997 1807 5054 Nestorianismi
1839 4998 2033 5056 labem

388 5089 862 5158 composuerant,
896 5085 1043 5141 Cum
1094 5103 1229 5142 vero
1287 5087 1707 5159 professionem
1767 5089 2035 5145 eamdem

388 5176 607 5230 Decreti
636 5173 900 5247 Ephesini
941 5179 1203 5247 pretextu
1256 5176 1672 5249 redarguerent
1709 5177 2035 5233 Nestoriani

387 5262 676 5336 homines,
710 5264 966 5319 vindicat
994 5280 1125 5319 eam
1174 5264 1447 5337 Cyrillus,
1506 5267 1661 5335 quod
1713 5266 2036 5322 Orientales

383 5351 471 5407 illi
503 5352 679 5409 ﬁdem
710 5369 876 5409 suam
928 5353 1177 5426 professi
1225 5359 1383 5421 sunt,
1438 5354 1585 5410 nihil
1632 5355 1903 5427 Symbolo
1935 5356 2036 5410 ad-

386 5441 609 5513 dentes,
643 5443 745 5499 sed
777 5447 936 5499 extra
980 5443 1301 5516 Symbolum
1349 5446 1739 5501 necessariam
1794 5445 2037 5501 offeren-

384 5535 472 5589 tes
498 5531 985 5588 declarationem.

456 5620 677 5677 Locum
704 5620 1000 5692 integrum
1058 5621 1255 5678 aﬁ‘ero.
1319 5622 1575 5679 Volabant
1626 5624 1777 5679 enim
1804 5622 2037 5694 (Nesto-

388 5709 561 5769 rium
587 5709 866 5769 factionis
895 5709 1192 5785 homines)
1218 5728 1285 5771 ea
1313 5714 1506 5771 omnia
1541 5712 1772 5787 aboleri,
1805 5728 1925 5788 qua
1952 5712 2039 5770 vel

2136 4823 2339 4892 praeter
2393 4834 2515 4873 eam
2567 4832 2693 4888 qua
2734 4819 2859 4887 jam
2914 4815 3220 4871 exstabat:
3262 4833 3427 4887 quam
3481 4818 3790 4874 beatissimi

2141 4910 2336 4963 Patres
2363 4912 2552 4962 nostra
2590 4912 2785 4960 sancto
2833 4904 3046 4975 Spiritu
3077 4904 3244 4959 locuti
3271 4905 3653 4975 deﬁniverant.
3683 4907 3789 4961 Ni-

2144 4998 2313 5067 caeae).
2348 4995 2501 5052 Satis
2531 4994 2898 5049 innotescere
2953 4993 3207 5049 videtur
3262 4994 3346 5050 ita
3386 4996 3666 5069 Cyrillum
3696 4996 3787 5053 in-

2142 5084 2439 5142 tellexisse
2495 5083 2831 5156 Ephesinum
2884 5081 3178 5149 decretum,
3235 5086 3300 5138 ut
3355 5101 3571 5141 novum
3602 5085 3791 5158 impo-

2145 5180 2367 5230 sterum
2399 5190 2513 5229 non
2572 5172 2774 5227 liceret
2814 5170 3155 5243 Symbolum
3212 5173 3402 5240 edere,
3456 5179 3557 5230 aut
3596 5175 3793 5247 ipsum

2144 5264 2442 5319 Nicaenum
2493 5264 2801 5317 iunovarre
2841 5260 3259 5316 additamentis
3291 5266 3528 5318 auctum
3585 5264 3659 5319 At
3706 5263 3798 5318 illi

2147 5361 2328 5409 tamen
2383 5349 2752 5424 (Orientales)
2799 5350 2866 5405 ab
2923 5349 3024 5405 hac
3076 5350 3269 5419 (Nisaei
3346 5351 3605 5424 Symboli
3661 5352 3795 5424 fide)

2146 5442 2440 5498 dissentire
2493 5441 2619 5505 visi,
2651 5448 2703 5495 et
2758 5439 2896 5511 quod
2942 5456 3117 5511 neque
3172 5443 3316 5495 recte
3367 5442 3703 5497 sentirent...
3737 5444 3798 5496 in

2146 5531 2508 5602 suspicionem
2536 5528 2761 5583 adducti
2790 5546 2804 5597 ;
2853 5528 3111 5599 nunquid
3156 5530 3543 5585 taciturnitate
3584 5530 3656 5586 ab
3693 5529 3800 5586 hac

2148 5620 2521 5692 ignominiosa
2548 5624 2687 5675 nota
2714 5633 2774 5675 se
2802 5618 3148 5688 liberassent,
3195 5635 3271 5674 an
3296 5618 3462 5690 plena
3498 5620 3683 5690 potius
3706 5634 3796 5675 sa-

2148 5710 2477 5783 tisfactione,
2561 5723 2780 5786 suaeque
2857 5710 3148 5768 sententiae
3205 5708 3625 5771 declarations!
3659 5706 3794 5778 Qua

2554 5858 2595 5891 α
