4094 6440
373 397 488 456 163

1325 13 2034 23 *με*Ἥῂ
2065 17 2072 19 .

1399 389 1713 452 GEORGII
1757 385 2016 448 CYPRll
2061 377 2179 445 ΟΡ.
2225 383 2751 447 ΡΑΤΗΙΑΗΟΗᾸΞ

3647 393 3762 455 164

374 527 576 597 utique
626 525 972 598 intelligitur
1029 542 1063 580 a
1114 523 1388 596 Symbolo
1437 523 1667 578 Nicena
1710 519 2005 575 distincta.
2038 535 2093 596 Α
2121 517 2266 585 ﬁeri.
2301 519 2528 574 Patrum
2559 525 2760 576 statuta
2817 522 3088 577 valebant.
3148 522 3441 580 Alsteram
3490 524 3598 580 hoc
3637 524 3761 581 loco

371 617 476 684 Qui
507 617 604 671 hoc
654 616 770 670 vult
795 617 975 685 facere
1003 616 1308 686 καινουργεῖ
1337 612 1429 682 μὲν
1479 607 1649 680 οὐδὲν,
1682 609 1852 665 mihil
1884 610 2014 662 novi

370 707 600 761 molitur
649 723 667 758 .'
728 700 850 756 οὐδὲ
906 702 1137 762 πίστεως
1214 699 1414 754 ἔκθεσιν
1491 700 1676 769 ὁρᾶται
1761 716 2011 750 καινοτο-

374 795 511 864 μῶν,
543 809 641 848 nec
666 793 792 862 fidei
824 793 1217 862 expositionem
1248 793 1509 845 innovare
1528 788 1974 860 deprehenditur.

439 881 599 937 Hanc
645 882 856 937 decreti
906 879 1202 950 Ephesini,
1246 896 1312 934 ac
1343 877 1536 950 Cyrilli
1586 877 1799 932 mentis
1831 877 2009 929 inter-

369 970 753 1042 pretationem
787 970 1094 1025 conﬁrmat
1135 975 1259 1024 tum
1317 969 1446 1040 ipsa
1503 965 1883 1022 Orientalium
1915 964 2009 1018 de-

355 1059 610 1115 claratiov
657 1059 917 1130 Epistolis
948 1058 1165 1113 inserta
1195 1058 1440 1112 Joannis
1470 1053 1832 1112 Antiocheni.
1880 1057 2006 1106 tum

360 1148 628 1218 ejusdem
651 1147 894 1202 Joannis
917 1146 1306 1202 disertissima
1325 1144 1633 1199 sententia.
1657 1140 2003 1211 Hujusmodi

349 1236 610 1307 epistolae
689 1242 956 1308 prostant
1015 1238 1166 1290 inter
1240 1251 1413 1306 Opera
1470 1232 1688 1305 Cyrilli,
1738 1237 1878 1285 tom.
1934 1230 2000 1282 V.

351 1330 505 1398 part.
544 1343 602 1391 Il,
636 1330 691 1380 et
741 1330 888 1394 part.
941 1342 994 1378 ιν
1045 1324 1276 1379 concilli
1315 1323 1608 1393 Ephesini,
1641 1322 1826 1391 capite
1858 1321 1927 1372 20
1985 1334 1997 1371 :

341 1437 369 1464 ‹‹
404 1418 484 1470 De
531 1414 768 1485 Virgine
801 1419 998 1468 autem
1046 1413 1144 1467 Dei
1183 1411 1468 1467 Genitrice
1501 1411 1678 1465 Maria
1709 1408 2000 1479 quomodo

351 1502 685 1556 sentiamus
715 1506 772 1556 et
829 1502 1163 1572 loquamur,
1212 1504 1395 1570 deque
1446 1498 1706 1568 ungeniti
1741 1497 1866 1550 Filii
1903 1497 1996 1549 Dei

345 1587 766 1658 incarnatione,
845 1587 1190 1655 necessario,
1250 1585 1350 1639 οὐκ
1408 1584 1458 1637 ἐν
1519 1585 1835 1659 προςῦγίκης
1898 1582 1996 1653 μὲ-

348 1695 448 1750 ρει,
481 1693 592 1732 non
621 1677 980 1731 additamenti
1039 1678 1152 1732 loco
1204 1677 1303 1730 sed
1365 1674 1534 1746 plena
1583 1673 1996 1728 satistactionis

345 1767 536 1820 forma
566 1770 690 1834 (aut
721 1765 1183 1820 conﬁrmationis
1215 1764 1450 1835 specie),
1494 1764 1756 1818 dicemus
1808 1761 1994 1815 brevi-

347 1859 454 1924 ter,
492 1855 645 1909 sicut
675 1856 746 1909 ah
778 1854 945 1908 initio
977 1869 1043 1908 ex
1100 1854 1320 1908 divinia
1375 1852 1585 1907 litteris
1625 1855 1990 1905 sanctorum-

351 1960 465 2015 que
523 1945 760 1998 Patrum
819 1942 1229 1997 traditionibus
1289 1942 1649 1996 hausimus:

346 2030 574 2086 σύνολον
637 2031 1008 2106 προστιθέντες
1066 2035 1134 2102 τῇ
1165 2035 1270 2084 τῶν
1336 2029 1497 2103 ἁγίων
1562 2029 1810 2102 Πατέρων
1887 2032 1993 2079 τῶν

348 2119 399 2174 ἐν
461 2119 654 2191 Νικαίᾳ
711 2119 977 2192 ἐκτεθείσῃ
1033 2119 1230 2175 πίστει.
1282 2120 1436 2175 Nihil
1483 2136 1706 2189 prorsus
1765 2119 1895 2187 ﬁdei
1935 2119 1993 2170 in

345 2213 532 2268 Nicaea
562 2228 596 2265 a
621 2211 895 2266 sanclibus
941 2210 1206 2265 Patribus
1234 2209 1489 2280 exposita:
1521 2211 1832 2278 adjicentes.
1892 2204 1995 2260 Illa

348 2300 530 2366 enim,
565 2304 630 2355 ut
661 2305 832 2354 antea
861 2299 1217 2365 diximus,ad
1250 2315 1482 2354 omnem
1517 2297 1772 2368 pietiatis
1804 2295 1995 2366 cogni-

349 2389 588 2456 tionem,
622 2388 926 2459 omnisque
951 2387 1229 2442 haeretica:
1262 2404 1449 2458 pravae
1481 2385 1754 2442 doctrinas
1788 2385 1991 2455 depul-

348 2479 593 2544 sionem,
626 2477 842 2532 abunde
886 2481 967 2531 sat
1013 2483 1164 2532 est...
1198 2476 1381 2530 Habet
1410 2491 1541 2530 vero
1576 2479 1774 2528 nostra
1807 2475 1992 2543 Expo-

353 2567 489 2623 sitio
513 2568 570 2622 in
603 2566 760 2622 hunc
793 2567 1060 2621 modum:
1099 2566 1434 2635 Conﬁtemur
1455 2566 1629 2634 igitur
1647 2565 1994 2617 Dommicum

345 2661 594 2711 nostrum
643 2660 834 2712 Jesum
891 2654 1169 2710 Christum
1211 2656 1598 2724 unigenituum
1649 2654 1746 2708 Dei
1787 2653 1991 2707 Filium

345 2762 456 2801 esse
516 2745 682 2800 Deum
721 2746 1054 2816 perfectum,
1114 2746 1164 2798 et
1233 2744 1507 2798 hominem
1556 2742 1863 2815 perfectum
1924 2758 1993 2796 ex

347 2835 537 2888 anima
564 2834 834 2888 rationali
885 2837 934 2888 et
962 2847 1184 2904 corpore
1220 2849 1230 2885 :
1263 2835 1393 2886 ante
1443 2832 1642 2885 saecula
1672 2829 1893 2901 quidem
1921 2846 1993 2884 ex

344 2923 509 2976 Patre
536 2921 828 2976 secundum
853 2921 1206 2976 divinitatem
1244 2922 1517 2988 genitum,
1548 2920 1837 2988 postremis
1867 2934 1990 2972 vero

347 3013 687 3079 temporibus
716 3010 961 3065 eumdem
987 3011 1165 3080 ipsum
1202 3013 1424 3080 propter
1469 3013 1719 3062 nostrum
1759 3011 1990 3062 salutem

344 3115 416 3154 ex
472 3100 651 3154 Maria
736 3100 958 3166 Virgine
1029 3097 1327 3153 secundum
1399 3097 1797 3149 humanitatem
1882 3113 1987 3148 na-

347 3193 485 3242 tum.
521 3209 549 3236 »
582 3187 922 3259 Symbolum
964 3203 1098 3258 ergo
1146 3185 1461 3250 Nicznnum,
1515 3185 1632 3238 sive
1686 3185 1985 3254 formulam

2120 607 2251 675 ﬁdei
2303 609 2700 675 expositionem
2753 609 3031 682 intellige,
3089 628 3218 681 quae
3276 612 3352 667 sit
3405 613 3494 669 Vel
3545 631 3760 670 novum

2121 695 2551 766 quodammodo
2581 697 2918 770 Symbolum
2950 717 2983 754 a
3013 700 3239 756 Nicaeae
3270 707 3327 756 et
3354 704 3761 759 Constantino-

2119 784 2375 854 politano
2405 785 2771 854 distinctum,
2803 787 2890 842 vel
2922 805 3050 860 quas
3081 790 3153 844 ad
3211 791 3411 845 eadem
3445 791 3562 846 duo
3589 795 3758 864 Sym-

2119 871 2271 938 bola,
2302 873 2388 928 vel
2427 875 2688 945 ejusdem
2747 877 2996 949 Symboli
3057 878 3206 936 duas
3255 879 3539 936 formulas
3586 882 3756 953 quid-

2119 961 2272 1032 piam
2306 963 2500 1018 addat.
2535 964 2854 1037 Utramque
2877 966 3189 1022 formulam
3213 968 3269 1023 in
3301 969 3504 1026 eadem
3529 970 3758 1027 actione

2116 1049 2420 1120 legendam
2456 1053 2933 1125 praescripserunt
2989 1059 3212 1121 Patres,
3244 1073 3310 1110 ac
3345 1074 3461 1114 una
3488 1059 3755 1115 omnium

2114 1138 2530 1196 acclamatione
2559 1143 3003 1198 conﬁrmarunt.
3037 1149 3108 1198 At
3167 1145 3440 1213 Carosus,
3470 1152 3529 1202 et
3575 1149 3750 1204 Doro-

2114 1227 2307 1295 theus,
2341 1236 2396 1282 et
2427 1229 2522 1283 alii
2574 1231 3045 1287 archimandrita:
3078 1239 3133 1288 et
3164 1235 3455 1302 monachi,
3490 1237 3588 1307 qui
3640 1241 3751 1293 Eu-

2111 1317 2297 1386 tychis
2331 1335 2395 1371 ac
2421 1318 2674 1373 Dioscori
2701 1337 2938 1374 causam
2971 1323 3494 1387 tuebantur,unam
3517 1330 3751 1382 conten-

2110 1406 2326 1460 debant
2358 1408 2622 1462 sufﬁcere
2651 1410 2948 1478 formulam
2970 1412 3200 1466 Nzcwnae
3220 1412 3752 1480 ﬁdei:abnuebant-

2110 1510 2224 1565 qua
2275 1496 2525 1564 Symbolo
2585 1498 3190 1569 ConstantinOpolitano
3249 1501 3634 1571 subscribere,
3695 1509 3750 1560 et

2108 1584 2378 1653 amplecti
2405 1584 2604 1639 Leonis
2632 1586 2938 1655 epistolam
2973 1588 3042 1641 ad
3081 1588 3416 1643 Flavianum
3440 1608 3457 1643 :
3485 1606 3746 1647 omnem-

2106 1687 2218 1742 que
2251 1672 2612 1740 rejiciebant,
2647 1691 2772 1744 qua:
2808 1676 2927 1729 ﬁeri
2959 1676 3028 1730 ad
3063 1676 3358 1732 Nicaenum
3407 1678 3744 1749 Symbolum

2104 1767 2323 1830 posset,
2355 1762 2730 1830 additionem,
2766 1764 2992 1819 decreto
3025 1765 3314 1835 Ephesino
3373 1765 3742 1824 inhaerentes.

2104 1849 2166 1902 In
2199 1865 2399 1904 eorum
2431 1850 2627 1905 libello
2659 1851 2712 1905 S.
2770 1853 2974 1923 synodo
3031 1853 3219 1909 oblato
3260 1855 3482 1911 actione
3541 1858 3592 1926 4,
3625 1857 3744 1914 ἒ]ωο

2156 1901 2165 1902 κ
2209 1901 2255 1903 -_
2661 1901 2712 1905 --
2771 1901 2966 1923 Ἱππ-
3034 1901 3216 1909 πη--
3260 1901 3481 1911 πη---
3551 1901 3592 1926 .,
3625 1901 3743 1914 ...ην

1713 1935 1873 1991 Οὐδὲν
1934 1937 1994 1990 τὸ
2027 1901 2072 1965 Β
2104 1935 2743 1993 habenturzPiissimus
2790 1943 3155 2012 imperator...
3197 1944 3477 2013 palliatus
3520 1951 3598 2000 est
3645 1963 3743 2002 no-

2103 2025 2185 2079 bis
2214 2029 2536 2096 confirmari
2563 2038 2778 2083 tantum
2797 2034 3190 2101 expositionem
3219 2033 3350 2102 ﬁdei
3378 2043 3745 2091 trecentorum

2103 2115 2283 2170 ,κίρνη
2311 2121 2362 2171 et
2389 2122 2502 2172 octo
2524 2119 2788 2172 Patrum:
2812 2123 2862 2172 et
2889 2122 3032 2174 nihil
3063 2120 3227 2176 aliud
3243 2125 3368 2177 ante
3397 2123 3496 2179 hoc
3515 2127 3742 2192 moveri,

2102 2205 2185 2257 ιν.νέ
2213 2206 2400 2274 ﬁeri...
2431 2207 2510 2261 Ad
2568 2209 2922 2275 integriorem
2951 2214 3140 2264 autem
3175 2211 3571 2281 probationem,
3603 2216 3744 2284 quod

2100 2293 2249 2347 nihil
2279 2311 2374 2349 nos
2403 2298 2740 2350 contrarium
2806 2300 2901 2348 τοῦ
2942 2292 3235 2367 Συμϐόλου
3313 2305 3413 2366 τῆς
3498 2300 3728 2364 πίστεως

2102 2380 2360 2452 Symbolo
2389 2384 2518 2452 fidei
2543 2388 2897 2455 sapiamus...
2928 2387 3270 2442 subdidimus
3291 2397 3343 2444 et
3375 2392 3552 2460 ipsum
3582 2392 3741 2464 Sym-

2105 2471 2289 2526 bolum
2308 2489 2328 2532 .'
2359 2481 2409 2527 et
2439 2473 2836 2542 deﬁnitionem,
2869 2491 2992 2546 qua:
3047 2477 3143 2531 hoc
3177 2480 3740 2548 supersignavit,pro-

2105 2558 2281 2614 latum
2309 2578 2348 2616 a
2371 2565 2557 2617 sancta
2582 2572 2633 2618 et
2687 2565 2991 2620 universali
3017 2565 3219 2635 synodo
3273 2582 3400 2638 qua:
3431 2569 3737 2625 Nestorium

2097 2649 2492 2705 condemnavit.
2554 2651 2682 2707 Haec
2733 2670 2968 2708 rursum
3009 2655 3312 2724 judicibus
3374 2662 3433 2711 et
3508 2660 3736 2714 senatui

2100 2739 2359 2808 reposuit
2405 2740 2653 2796 Carosus
2717 2759 2728 2796 :
2806 2743 2992 2796 Fidem
3047 2746 3401 2800 trecentorem
3454 2746 3630 2802 decem
3688 2756 3740 2803 et

2097 2830 2209 2881 octo
2238 2829 2486 2894 Patrum,
2521 2831 2615 2900 qui
2644 2835 3012 2886 convenerunt
3057 2832 3203 2902 apud
3232 2835 3493 2902 Nicaeam,
3540 2839 3601 2890 in.
3629 2853 3738 2906 qua

2097 2919 2147 2968 et
2178 2917 2480 2986 baptizatus
2508 2935 2648 2986 sum,
2682 2922 2812 2974 novi
2843 2937 2855 2974 :
2888 2937 3020 2973 nam
3049 2936 3145 2988 ego
3175 2922 3346 2977 aliam
3365 2923 3530 2992 ﬁdem
3557 2928 3738 2982 nescio

2101 3004 2165 3056 Et
2194 3005 2518 3061 Dorotheus
2544 3023 2557 3062 :
2593 3012 2898 3063 Parmaneo
2929 3011 2988 3062 in
3016 3009 3121 3078 ﬁde
3149 3015 3461 3066 sanctorum
3508 3018 3740 3070 Patrum

2097 3101 2460 3149 trecentorum
2489 3096 2664 3151 decem
2696 3106 2748 3152 et
2780 3106 2912 3159 octo,
2972 3101 3068 3167 qui
3096 3099 3244 3168 apud
3269 3099 3518 3156 Nicaeam
3545 3118 3736 3159 conve-

2096 3185 2379 3253 nerunl,i~n
2406 3201 2514 3254 qua
2547 3187 2853 3256 baptizatus
2886 3188 3038 3242 168
3069 3203 3196 3242 sum
3224 3209 3242 3243 :
3274 3198 3324 3244 et
3354 3191 3412 3244 in
3442 3194 3738 3249 constituto

346 3276 480 3330 ﬁdei
512 3282 759 3347 spectes,
793 3275 913 3330 sive
940 3275 1104 3344 ﬁdem
1133 3275 1322 3346 ipsam
1355 3275 1414 3327 in
1466 3272 1718 3327 formula
1748 3279 1983 3327 conten-
2017 3267 2058 3331 C
2097 3288 2304 3341 eorum,
2338 3277 2435 3344 qui
2461 3275 2605 3343 apud
2631 3275 2904 3344 Ephesum
2935 3279 3243 3333 Nestorium
3271 3279 3628 3336 damnarunt.

345 3365 778 3429 tam,intactum
811 3364 1026 3419 servari
1069 3364 1342 3419 debuisse
1380 3363 1550 3433 juxta
1587 3362 1772 3433 legem
1805 3363 1987 3433 Ephe-

345 3455 559 3520 sinam,
593 3453 867 3508 censebat
897 3451 1166 3524 Cyrillus.
1192 3457 1264 3504 At
1294 3451 1488 3523 ipsum
1529 3450 1984 3506 Alexandrinum

343 3541 664 3596 antistitem
723 3541 1117 3596 animadverte
1174 3541 1329 3595 haud
1383 3540 1617 3594 illicitos
1684 3540 1986 3609 judicasse

340 3629 470 3699 ﬁdei
496 3632 882 3700 confessiones,
929 3635 1031 3684 aut
1057 3632 1422 3700 expositiones
1453 3629 1619 3696 alias,
1653 3645 1684 3681 a
1713 3628 1983 3700 Symbolo

342 3718 572 3774 Niceno
605 3718 928 3783 distinctas,
951 3719 1115 3786 queis
1137 3719 1282 3773 ﬁdes
1313 3719 1441 3789 ipsa
1471 3718 1701 3771 Nicena
1730 3717 1984 3772 luculen-

341 3806 461 3861 tius
492 3811 896 3878 exponeretur.
923 3808 1074 3862 142
1109 3808 1169 3860 ld
1197 3823 1330 3861 vero
1359 3805 1787 3860 validissimum
1819 3822 1985 3876 argu-

341 3901 607 3951 mentum
636 3901 743 3963 est,
779 3912 893 3968 quo
936 3895 1088 3951 infra
1117 3897 1423 3950 adversum
1458 3896 1685 3949 Graecos
1717 3911 1978 3964 agemus.

411 3984 503 4038 Vl.
537 3984 669 4039 Jam
698 4000 830 4038 vero
859 3984 1058 4039 decreti
1078 3985 1346 4055 Ephesini
1375 4000 1584 4038 sensus
1609 3983 1981 4054 fuerit,quem

339 4073 452 4144 ipsi
484 4073 666 4128 Graeci
718 4072 937 4127 volunt.
971 4073 1100 4128 Suis
1146 4075 1381 4128 tandem
1439 4072 1796 4143 praajudiciis
1826 4074 1981 4126 exuti

339 4163 662 4218 concedant
689 4166 746 4217 et
776 4161 1082 4233 ipsi,quod
1115 4162 1312 4232 negari
1350 4160 1508 4216 nullo
1542 4161 1713 4215 modo
1746 4166 1932 4232 potest
1965 4179 1978 4216 :

337 4268 460 4308 rem
530 4251 680 4306 hanc
742 4253 812 4305 ad
845 4252 1222 4306 ecclesiastica:
1251 4251 1558 4321 disciplina:
1617 4257 1792 4321 caput
1847 4265 1980 4321 spe-

335 4347 510 4408 ctare,
545 4357 672 4412 quae
705 4357 807 4412 pro
867 4345 1201 4411 temporum
1257 4340 1736 4405 circumstantiis,
1772 4355 1836 4393 ac
1886 4357 1978 4392 ur-

335 4434 504 4502 gente
536 4431 906 4500 necessitate,
933 4429 1312 4484 variationem
1346 4428 1524 4483 subit.
1569 4429 1804 4499 Insigne
1837 4445 1978 4498 prae-

335 4518 432 4572 bet
460 4519 793 4589 exemplum
822 4518 1060 4589 synodus
1117 4518 1448 4572 arcumenica
1505 4516 1976 4583 Chalcedonensis,

2167 3361 2402 3434 Collige,
2433 3362 2824 3419 Alexandrina
2872 3366 2929 3419 in
2979 3364 3234 3421 Ecclesia
3265 3367 3588 3438 simplicem
3635 3371 3734 3425 Ni-

2095 3465 2309 3506 cx’nam
2363 3453 2661 3520 formulam
2710 3457 2994 3507 retentam
3049 3471 3176 3510 esse
3207 3472 3221 3510 :
3256 3472 3444 3528 neque
3475 3457 3583 3513 hoc
3614 3475 3732 3514 aevo

2092 3539 2418 3610 Symbolum
2460 3543 3133 3611 Constantinopolitanum
3181 3550 3475 3615 receptum
3529 3545 3730 3602 fuisse.

2094 3627 2320 3682 Niceno
2375 3644 2506 3682 vero
2556 3629 2946 3684 abutebantur
2999 3630 3268 3701 Symbolo
3328 3633 3668 3706 Eutychiani
3713 3653 3726 3690 :

2093 3732 2412 3787 eorumque
2441 3717 2640 3772 dolum
2674 3720 2860 3790 aperit
2910 3719 3212 3789 Diogenes,
3271 3721 3456 3792 Cyzici
3505 3722 3727 3794 episco-

2093 3821 2206 3875 pus
2262 3804 2486 3859 actione
2551 3808 2574 3859 1
2637 3807 2901 3875 ejusdem
2966 3809 3168 3879 synodi
3218 3809 3732 3868 Chalcedonensis.

2094 3893 2282 3947 Verba
2331 3894 2458 3963 ejus
2515 3900 2699 3948 sunt:
2737 3919 2762 3942 ‹‹
2796 3896 2985 3950 Dolose
3035 3897 3364 3969 (Entyches)
3423 3900 3738 3972 praeposuit

2091 3983 2365 4051 synodum
2397 3987 2734 4037 sanctorum
2794 3983 3051 4053 Patrum,
3085 4002 3210 4055 qua:
3262 3988 3321 4040 in
3375 3990 3551 4043 Nicea
3591 3989 3740 4046 facta

2093 4076 2199 4124 est.
2255 4072 2495 4140 Accepit
2544 4088 2794 4142 namque
2819 4074 3201 4129 Additamento
3227 4092 3258 4129 a
3289 4076 3508 4131 sanctis
3557 4079 3744 4134 Patri-

2092 4159 2203 4213 bus
2282 4159 2600 4230 (Nicaenis),
2658 4166 2894 4231 propter
2969 4179 3306 4233 perservum
3380 4165 3742 4222 intellectum

2089 4247 2510 4318 Appollinaris,
2543 4255 2600 4304 et
2635 4249 2954 4317 Valentini,
2987 4256 3044 4305 et
3075 4251 3421 4323 Macedonii,
3453 4261 3508 4308 et
3529 4256 3629 4325 qui
3659 4257 3744 4312 eis

2091 4337 2314 4391 similes
2341 4345 2501 4392 sunt.
2537 4339 2602 4392 Et
2629 4339 2877 4393 additum
2907 4345 2995 4394 est
3024 4341 3083 4395 in
3114 4341 3368 4413 Symboto
3402 4350 3740 4401 sanctorum

2090 4429 2332 4480 Patrum
2363 4427 2912 4499 (Constantinopoli)
2947 4446 2960 4484 :
2991 4430 3098 4492 Qui
3159 4431 3481 4498 descendit,
3539 4438 3594 4487 et
3648 4433 3740 4488 in.

2089 4520 2366 4569 carnatus
2415 4515 2597 4570 estde
2633 4518 2849 4587 Spiritu
2906 4526 3090 4573 sancto
3119 4535 3191 4573 ex
3247 4519 3423 4576 Maria
3481 4523 3739 4591 Virgine.

335 4623 462 4677 quae
494 4607 599 4662 abs
629 4606 774 4679 legis
808 4607 1108 4679 Ephesius:
1139 4607 1329 4678 rigore
1359 4605 1484 4661 sine
1505 4605 1684 4660 dubio
1718 4605 1974 4660 recessit.
2007 4633 2056 4699 Β
2093 4604 2205 4657 lloc
2237 4608 2436 4658 autem
2464 4606 2836 4676 praetermisit
2878 4607 3188 4678 Eutyches,
3239 4607 3390 4664 sicut
3440 4609 3741 4680 Apollina-

332 4699 451 4750 Hac
484 4695 554 4750 de
583 4712 643 4750 re
672 4697 965 4767 agendum
997 4695 1144 4750 mihi
1175 4695 1380 4751 latiore
1415 4711 1702 4750 sermone.
1754 4695 1976 4750 Decreti

332 4783 615 4855 Ephesini
638 4787 961 4840 reverentia
992 4785 1172 4855 ducti,
1207 4785 1321 4840 sibi
1353 4784 1809 4855 temporandum
1845 4799 1977 4839 cen-

333 4889 503 4929 suere
549 4872 888 4944 aliquandiu
941 4879 1142 4930 Patres
1194 4873 1700 4930 Chalcedonenses
1731 4874 1802 4928 ab
1862 4873 1982 4929 ulla

333 4962 720 5018 conscribenda
776 4964 1132 5034 Expositione
1182 4980 1308 5035 qua:
1362 4963 1541 5019 ﬁnem
1591 4965 1868 5018 Nicwnam
1927 4967 1984 5018 et

336 5051 969 5122 Contantinopolitanam
1026 5053 1181 5124 quod
1253 5053 1462 5108 attinet
1517 5054 1589 5108 ad
1667 5051 1979 5107 articulum

332 5141 740 5196 Incarnationis
789 5141 928 5197 Filii
984 5141 1103 5213 Dei,
1137 5141 1257 5197 ullo
1311 5143 1484 5198 modo
1525 5141 1688 5196 novis
1737 5141 1980 5212 adjectis

332 5230 573 5285 vocibus
603 5228 944 5299 declararet,
1005 5231 1147 5285 Hinc
1177 5231 1344 5287 initio
1378 5231 1647 5288 actioniis
1687 5233 1977 5300 secundas,

333 5335 486 5374 anno
516 5319 613 5373 451
648 5317 971 5386 celebratas,
1029 5319 1313 5375 Iudicibus
1341 5325 1392 5376 et
1446 5321 1788 5392 amplissimo
1817 5337 1979 5376 sena-

333 5408 423 5463 tui
450 5425 569 5463 una
596 5424 735 5464 voce
765 5413 1153 5480 reposuerunt
1195 5409 1451 5481 episcopi
1504 5426 1517 5465 :
1577 5411 1981 5481 Expositionem

333 5500 569 5554 alterum
596 5499 785 5554 nullus
812 5500 1016 5570 facit...
1074 5501 1136 5553 in
1189 5500 1404 5570 scriptis
1441 5502 1839 5572 expositionem
1867 5516 1980 5556 non

332 5590 590 5661 facimus.
651 5589 860 5658 Regula
914 5592 1015 5658 est,
1045 5605 1164 5660 qux
1213 5589 1483 5661 praedicat
1537 5591 1803 5661 sufﬁcere,
1860 5606 1982 5662 qua:

333 5681 460 5742 sunt
487 5680 757 5753 exposita.
787 5679 998 5751 Regula
1024 5680 1162 5749 vult,
1218 5679 1394 5736 aliam
1448 5682 1844 5754 expositionem
1870 5697 1981 5739 non

2088 4692 2252 4749 rista.
2285 4697 2432 4748 Nam
2481 4694 2656 4750 etiam
2688 4694 3041 4766 Apollinaris
3072 4695 3318 4768 suscipit
3350 4702 3616 4755 sanctam
3648 4716 3743 4772 sy-

2092 4781 2334 4853 nodum,
2366 4799 2492 4854 quaa
2543 4784 2602 4838 in
2660 4783 2851 4839 Nicaaa
2906 4785 3057 4841 facta
3083 4789 3209 4854 est;
3243 4788 3570 4843 secundum
3605 4805 3746 4860 pro-

2090 4859 2279 4940 priam
2311 4874 2748 4943 perversitatem
2801 4872 3134 4946 intelligens
3191 4875 3366 4931 verba
3400 4893 3412 4930 :
3453 4880 3513 4932 et
3541 4859 3750 4949 effugit

2089 4959 2156 5014 de
2185 4961 2402 5032 Spiritu
2429 4966 2625 5018 sancto
2656 4979 2726 5018 ex
2754 4965 2938 5020 Maria
2996 4965 3256 5033 Virgine,
3297 4969 3365 5020 ut
3395 4981 3466 5021 ne
3498 4965 3742 5022 omnino

2091 5051 2366 5108 unionem
2392 5051 2584 5108 carnis
2616 5052 3010 5109 conﬁteretur.
3036 5052 3262 5109 Etenim
3295 5054 3484 5110 sancti
3516 5054 3740 5124 Patres,

2091 5143 2190 5214 qui
2249 5143 2309 5197 in
2367 5143 2557 5198 Nicea
2611 5146 3022 5213 convenerunt,
3071 5143 3225 5214 quod
3271 5145 3591 5199 incarnatus
3638 5148 3738 5215 est,

2091 5231 2382 5288 dixerunt.
2443 5231 2639 5287 Sancti
2691 5236 2885 5288 autem
2946 5236 3166 5299 Patres,
3230 5233 3328 5304 qui
3402 5237 3535 5305 post
3579 5233 3741 5306 ipsos

2090 5322 2348 5389 fuerunt,
2372 5320 2829 5392 explanaverunt
2851 5321 3402 5393 (Constantinopoli)
3433 5322 3692 5378 dicentes
3725 5340 3739 5378 :

2089 5415 2168 5466 De
2217 5410 2424 5482 Spiritu
2473 5415 2664 5466 sancto
2694 5427 2766 5465 ex
2807 5411 2981 5466 Maria
3015 5411 3252 5480 Virgine.
3288 5431 3317 5461 »
3350 5409 3622 5482 Legimus
3679 5410 3742 5468 in

2087 5499 2243 5554 Actis
2297 5518 2309 5556 :
2381 5500 2680 5572 Egyptios
2736 5500 2980 5572 Eutychi
3045 5500 3303 5555 faventes
3380 5501 3670 5557 clamasse
3721 5518 3737 5558 :

2088 5588 2250 5644 Nemo
2291 5590 2519 5659 suscipit
2569 5590 2970 5657 adiectionem,
3017 5605 3182 5645 nemo
3243 5588 3669 5646 diminutionem
3720 5607 3735 5646 :

2088 5679 2217 5748 qu
2246 5681 2307 5735 in
2345 5679 2532 5736 Nicaea
2584 5681 2851 5736 cantitata
2904 5686 3053 5750 sunt,
3096 5684 3336 5738 teneant.
3395 5678 3540 5740 Malo
3597 5677 3734 5739 dolo
