4094 6446
324 376 454 436 165

1545 373 1753 434 VITA.
1801 405 1878 416 —-
1921 369 2446 432 DISSERTATIO
2488 370 2567 432 II.

3634 379 3752 440 166

330 507 583 580 Symboli
639 507 1240 579 Constantinopolitani
1307 505 1710 562 additamenta
1768 501 1989 576 rejicie—
2018 505 2073 572 Α
2099 504 2235 573 ﬁdei
2260 502 2583 573 formulam,
2613 504 2954 575 alteramque
3001 506 3169 560 condi
3199 506 3360 576 ﬁdem
3393 507 3746 577 inhibuisse,

342 597 532 651 bant:
581 601 640 652 at
686 595 834 652 illud
881 613 1017 652 vero
1066 599 1314 664 constat,
1347 595 1609 650 nondum
1656 593 1811 665 apud
1867 593 1996 649 illos

350 685 655 742 formulam
687 684 1397 756 Constantinopolitanam
1428 683 1765 738 invaluisse.

422 774 671 829 Subdola
715 774 971 829 istorum
1018 773 1212 828 indole
1260 772 1512 845 denique
1558 775 1880 844 perspecta,
1910 769 1996 824 illi

349 863 456 934 ipsi
515 863 1026 918 Chalcedonenses
1074 863 1291 927 Patres,
1349 860 1449 932 qui
1499 861 1600 916 diu
1647 862 1999 931 negaverant

347 951 746 1007 definitionem
780 951 964 1006 ullam
1012 953 1258 1008 Nicmnae
1282 949 1548 1020 formulae
1584 954 1636 1005 et
1682 948 1994 1006 Constanti-

345 1041 680 1113 nopolitanae
709 1041 1107 1108 attexendam,
1142 1043 1499 1095 consuerunt
1545 1037 1795 1111 denique
1837 1037 1995 1092 haud

344 1130 422 1185 ita
467 1129 584 1201 legi
631 1129 944 1201 Ephesinis
998 1129 1282 1200 obstringi
1329 1145 1478 1195 sese,
1510 1128 1656 1199 quin
1705 1126 1790 1181 uti
1819 1125 1997 1181 facul-

340 1223 456 1274 tate
486 1223 751 1290 possent,
789 1218 967 1273 ﬁdem
1017 1217 1082 1274 de
1111 1219 1398 1274 incarnato
1449 1216 1620 1272 Verbo
1668 1214 1995 1287 explicandi

344 1307 624 1379 peculiari
685 1307 1032 1378 appendice.
1095 1306 1341 1362 Recitari
1390 1306 1603 1376 jubent
1660 1304 1885 1359 actione
1940 1305 1994 1372 5,

345 1397 530 1468 primo
581 1396 912 1467 Symbolum
959 1396 1262 1462 Nicae-num,
1303 1401 1430 1448 tum
1482 1394 1801 1465 Symbolum
1848 1395 1997 1448 Con-

343 1486 934 1556 stantinopolitanum.
985 1484 1166 1539 Aiunt
1217 1500 1344 1538 vero
1377 1502 1394 1536 :
1445 1481 1729 1553 Su/ﬁceret
1759 1482 1997 1554 quidem

345 1574 413 1629 ad
447 1573 688 1645 plenam
721 1573 1111 1644 cognitionem
1144 1577 1200 1628 et
1229 1573 1731 1628 confirmationem
1765 1572 1999 1642 pietatis

347 1663 455 1719 hoc
487 1664 733 1735 sapiens
761 1667 820 1717 et
866 1662 1122 1718 salutare
1170 1662 1375 1717 divinae
1407 1663 1608 1734 gratiae
1655 1659 1998 1732 Symbolum

345 1753 672 1822 (Nicanum
724 1756 780 1807 et
825 1750 1577 1822 Constantinopolitanum).
1626 1750 1736 1806 Sed
1789 1766 2001 1805 omnem

345 1842 829 1897 machinationem
885 1839 1384 1912 (haereticorum)
1443 1845 1630 1895 contra
1699 1839 1998 1895 veritatem

345 1931 621 1986 claudere
653 1930 858 1986 volens
889 1946 1144 2001 praesens
1177 1945 1327 1984 nunc
1360 1933 1581 1997 sancta,
1615 1933 1682 1984 et:
1703 1944 1918 2000 magna
1945 1931 2001 1983 et

348 2019 702 2076 universalis
750 2019 1078 2090 synodus...
1112 2017 1364 2074 decrevit
1408 2022 1542 2074 ante
1573 2018 1789 2085 omnia,
1824 2017 2000 2072 ﬁdem

349 2111 642 2182 integram
687 2111 746 2164 et
772 2108 1178 2164 intemeratam
1236 2123 1575 2180 permanere
1631 2111 2001 2162 trecentorum

348 2200 532 2254 decem
557 2202 617 2254 et
641 2201 760 2254 octo
805 2203 1124 2253 sanctorum
1167 2199 1412 2252 Petrum.
1445 2197 1760 2252 Conﬁrmat
1787 2195 1999 2251 doctri-

351 2304 511 2355 nam,
542 2304 678 2360 qna:
707 2288 777 2342 de
806 2287 1138 2343 substantia
1182 2286 1433 2359 Spiritus
1464 2285 1650 2342 sancti
1684 2303 1716 2340 a
1742 2285 2002 2341 Patribus

352 2382 575 2432 centum
625 2377 1041 2448 quinquaginta
1087 2384 1290 2447 postea
1336 2375 1704 2447 congregatis
1750 2376 1812 2429 in
1843 2375 2004 2447 regia

352 2467 577 2520 civitate
607 2465 766 2520 164
796 2465 1010 2521 tradita
1050 2468 1138 2520 est
1167 2468 1404 2536 pr0pter
1451 2461 1582 2518 illos
1614 2463 1716 2534 qui
1762 2462 2003 2533 Spiritui

357 2558 562 2609 sancto
613 2553 1024 2626 repugnabant
1064 2569 1076 2606 :
1121 2569 1295 2624 quam
1347 2551 1432 2606 illi
1481 2552 1757 2608 omnibus
1804 2555 2003 2607 notam

353 2642 640 2712 fecerunt,
672 2657 785 2697 non
827 2643 986 2712 quasi
1015 2640 1238 2714 aliquid
1281 2641 1485 2696 deesset
1518 2640 1827 2711 prioribus,
1860 2640 2004 2711 adji-

347 2735 554 2787 cicntes
584 2749 604 2783 :
636 2731 739 2786 sed
789 2746 963 2785 suum
1004 2730 1075 2784 de
1123 2733 1324 2785 sancto
1373 2728 1592 2801 Spiritu
1638 2727 2003 2784 intellectum

349 2821 789 2892 Scripturarum
833 2818 1188 2875 testimoniis
1239 2816 1616 2873 declarantes.
1666 2839 1695 2867 »
1748 2816 2005 2887 Suscipit

350 2910 527 2964 etiam
575 2912 783 2963 contra
837 2907 1172 2964 Nestorium
1227 2911 1304 2962 et'
1340 2905 1660 2978 Eutychem
1718 2905 2004 2977 Epistolas

350 2997 548 3070 Cyrilli
594 3002 653 3052 et
700 2995 910 3052 Leonis
959 2996 1176 3069 Magni.
1227 2994 1448 3062 Quibus
1498 2996 1735 3050 demum
1787 2994 2004 3050 sanctis

347 3086 630 3142 Patribus
686 3086 1011 3152 adhaerens,
1063 3084 1471 3140 Incarnationis
1518 3084 1816 3138 articulum
1865 3083 2002 3137 dili-

348 3175 588 3246 gentius
637 3175 897 3246 exponit,
945 3174 1162 3228 docens
1213 3189 1225 3227 :
1284 3174 1460 3229 Unum
1505 3171 1858 3244 eumdemque
1909 3173 2003 3226 Dei

2105 597 2170 646 ut
2197 591 2341 646 alias
2389 591 2762 659 orthodoxas,
2794 609 2921 663 qua:
2969 592 3030 648 in
3065 594 3337 651 Ecclesiis
3384 599 3747 668 particulari-

2102 682 2215 736 bus
2247 698 2357 735 usu
2387 686 2628 752 receptae
2660 686 2843 751 erant,
2878 699 2991 737 non
3037 684 3317 752 rejecerit.
3351 687 3584 744 Nicaana
3611 690 3751 744 sim-

2104 768 2242 840 plici
2283 769 2559 824 utebatur
2604 770 2979 825 Alexandrina
3026 772 3301 828 Ecclesia.
3335 774 3627 831 Nicesnam
3657 795 3749 834 vo-

2105 858 2268 912 cibus
2309 858 2606 928 aliquibus
2654 864 2882 914 auctam
2931 860 3287 916 adhibebant
3331 865 3666 921 Antiochena
3694 871 3751 923 et

2103 946 2652 1018 Philadelphiensis:
2696 964 2762 1002 ac
2804 949 2863 1002 in
2913 948 3042 1004 aliis
3093 950 3751 1026 ConstantinOpolitanam

2103 1034 2382 1107 viguisse,
2413 1036 2720 1107 perspicue
2767 1035 3064 1109 colligitur
3115 1055 3183 1094 ex
3231 1043 3422 1096 verbis
3474 1042 3748 1116 Diogenis

2102 1123 2362 1194 Cyziceni
2384 1125 2509 1194 jam
2535 1124 2744 1179 allatis.
2773 1127 2913 1180 Hinc
2936 1130 3113 1198 patet,
3138 1129 3451 1185 formulam
3481 1133 3747 1188 eamdem

2107 1211 2772 1284 Constantinopolitanam
2841 1231 2908 1269 ea
2963 1216 3205 1273 minime
3274 1224 3406 1274 ante
3463 1223 3750 1293 synodum

2106 1300 2632 1356 Chalcedonensem
2660 1303 2901 1374 potitam
2937 1305 3116 1360 fuisse
3156 1309 3521 1379 auctoritate,
3545 1317 3609 1365 ut
3630 1312 3757 1383 ipsa

2108 1407 2226 1446 una
2254 1391 2311 1444 in
2363 1390 2694 1462 quibusque
2727 1392 3004 1448 Ecclesiis
3052 1396 3506 1465 particularibus
3551 1401 3609 1454 in
3644 1418 3756 1455 usu

2107 1480 2271 1534 foret.
2305 1480 2454 1534 Tum
2487 1497 2615 1534 vero
2666 1481 2792 1536 sine
2823 1483 2999 1537 dubio
3052 1485 3289 1554 factum,
3326 1494 3388 1541 ut
3430 1489 3752 1545 Orientales

2107 1568 2450 1623 Orthodoxaa
2497 1569 2787 1636 Ecclesiae,
2844 1571 3243 1643 singularibus
3294 1576 3558 1633 formulis
3614 1597 3758 1650 prte-

2104 1657 2416 1723 termissis,
2452 1657 2664 1728 quibus
2689 1659 3001 1715 utebantur
3029 1679 3132 1732 pro
3153 1661 3440 1733 libertate,
3466 1667 3749 1737 paulatim

2111 1747 2770 1815 Constantinopolitanam
2820 1748 3096 1805 adhibere
3143 1754 3421 1823 coeperint
3449 1755 3507 1809 in
3538 1757 3754 1826 baptis-

2110 1835 2283 1890 matis
2313 1834 2657 1903 collatione;
2693 1836 2964 1908 idemque
2994 1839 3332 1910 Symbolum
3365 1843 3750 1900 nihilominus

2107 1923 2167 1976 in
2199 1924 2600 1978 monumentis
2635 1926 2778 1982 165
2817 1925 3230 1984 ecclesiasticis
3260 1931 3540 2002 appellari
3571 1934 3752 1990 Nica-

2107 2027 2244 2065 num
2293 2013 2674 2083 consueverit,
2709 2030 2842 2068 cum
2887 2031 3084 2072 revera
3131 2017 3206 2073 sit
3234 2019 3520 2076 Nzcsenum
3550 2021 3754 2093 aliqui-

2109 2100 2220 2155 bus
2247 2099 2506 2171 vocibus,
2539 2103 2666 2156 tum
2690 2101 2970 2159 claritatis
2992 2121 3188 2177 causa,
3205 2112 3329 2162 tum
3363 2116 3600 2181 propter
3629 2111 3747 2166 hae-

2108 2203 2267 2244 reses
2297 2195 2680 2261 emergentes,
2714 2197 2971 2247 auctum.
3024 2194 3185 2250 Unde
3205 2197 3332 2266 jam
3378 2198 3626 2269 denique
3654 2217 3754 2272 pa-

2111 2281 2213 2344 tet,
2245 2277 2378 2348 legis
2424 2280 2718 2349 Ephesinaz
2764 2280 2941 2352 rigori
2987 2283 3328 2356 derogatum
3376 2287 3578 2357 fuisse,
3629 2306 3746 2361 qua

2109 2365 2270 2435 ﬁdem
2297 2367 2527 2421 atteram
2569 2385 2602 2422 a
2632 2368 2864 2424 Nicaena
2911 2370 3166 2443 simplici
3219 2382 3316 2429 aut
3364 2379 3620 2450 proferri,
3654 2383 3756 2435 aut

2111 2456 2398 2523 conscribi,
2428 2459 2486 2510 et
2514 2459 2767 2529 componi
2792 2459 3119 2516 vetabatur.

2183 2544 2415 2600 Marcus
2469 2545 2753 2616 Ephesius
2822 2547 2881 2602 in
2935 2552 3155 2620 synodo
3237 2553 3580 2624 Florentiae,
3635 2573 3752 2614 ses-

2112 2633 2274 2688 sione
2301 2635 2356 2699 5,
2392 2633 2567 2689 hocce
2596 2633 2760 2700 vidit,
2792 2653 2858 2690 ac
2906 2643 3308 2712 praeocCupare
3337 2650 3748 2716 argumentum

2111 2725 2356 2776 conatus
2385 2727 2474 2776 est
2507 2740 2519 2776 :
2554 2745 2583 2772 «
2616 2723 2915 2780 Statutum
2958 2727 3175 2799 quippe
3204 2731 3316 2785 fuit
3343 2731 3684 2808 (inquiens),
3716 2753 3752 2791 a

2109 2810 2382 2865 Patribus
2427 2811 2757 2882 Ephesinis,
2806 2814 2953 2868 nulli
3002 2816 3275 2889 deinceps
3323 2825 3518 2891 patere
3568 2823 3746 2880 licen-

2108 2898 2250 2953 tiam
2283 2899 2638 2955 immutandi
2667 2902 2873 2973 quovis
2898 2905 3068 2960 modo
3085 2906 3404 2977 Symbolum
3431 2912 3749 2969 Nicaenum:

2110 2989 2266 3058 quod
2326 2988 2480 3043 idem
2535 2995 2623 3044 est
2679 3008 2745 3046 ac
2800 2991 2988 3047 dicere
3049 2995 3754 3069 Constantinopolitanum;

2107 3076 2322 3132 virtute
2351 3078 2507 3132 enim
2557 3079 2890 3135 continetur
2921 3081 2979 3136 in
3011 3081 3128 3150 illo,
3163 3086 3452 3158 amboque
3501 3107 3604 3161 pro
3637 3108 3752 3147 uno

2110 3171 2249 3220 sunt
2297 3166 2578 3221 habita.»
2629 3168 2934 3239 Ephesinis
2985 3173 3142 3227 Actis
3174 3173 3296 3230 haec
3345 3185 3630 3250 repugnat
3670 3181 3754 3235 in-

348 3263 564 3318 Filium
581 3263 876 3318 Dominum
902 3265 1356 3318 nostrumJesum
1374 3261 1672 3330 Christum,
1698 3263 2004 3332 perfectum
2033 3246 2076 3312 C
2114 3256 2469 3326 terpretatio.
2525 3256 2850 3314 Recitatum
2901 3260 3115 3332 quippe
3163 3264 3391 3320 actione
3408 3246 3448 3320 V1
3493 3246 3752 3340 legimus

349 3357 408 3408 in
435 3354 670 3422 Deitate,
701 3359 753 3407 et
778 3351 1027 3407 eumdem
1067 3353 1376 3423 perfectum
1406 3353 1470 3405 in
1501 3351 1867 3416 humanitate,
1893 3354 2000 3404 etc.

351 3444 480 3498 Haec
513 3442 585 3497 ad
618 3441 961 3512 Symbolum
991 3439 1309 3508 Nicanum,
1333 3444 1392 3494 et
1419 3438 2004 3510 Constantinopolita-

346 3548 494 3586 num
511 3529 804 3602 Appendix
827 3547 859 3584 a
882 3529 1156 3584 Patribus
1177 3527 1747 3584 Cbalcedonensibus
1770 3527 2005 3582 condita

344 3619 476 3674 fuit.
511 3618 648 3674 Haec
694 3618 820 3674 sine
849 3617 1028 3673 dubio
1077 3617 1342 3688 quaedam
1374 3620 1464 3672 est
1510 3616 1712 3671 decreti
1740 3617 2006 3687 Ephesini

344 3709 654 3772 relaxatio,
687 3723 813 3778 qua:
846 3707 917 3762 ad
948 3705 1406 3762 ecclesiasticam
1428 3705 1800 3778 disciplinam
1824 3705 2002 3777 perti-

345 3802 462 3852 net.
500 3796 636 3851 Hec
666 3796 904 3851 demum
927 3795 1137 3866 synodi
1159 3794 1654 3850 Chalcedonensis
1683 3796 1893 3867 agendi
1916 3812 2004 3850 ra-

340 3887 422 3942 tio
447 3886 824 3960 importunos
845 3886 1177 3940 Graecorum
1209 3889 1455 3940 conatns
1485 3884 1722 3956 frangit,
1748 3884 1848 3956 qui
1872 3885 2002 3956 legis

341 3975 616 4047 ejusdem
651 3974 931 4045 Ephesium
960 3974 1151 4046 rigore
1181 3976 1382 4028 contra
1412 3973 1649 4027 Latinus
1679 3979 1963 4045 pugnant.

408 4065 710 4119 Adnotare
737 4068 931 4118 tamen
980 4062 1088 4117 hoc
1123 4061 1248 4117 loco
1298 4077 1484 4132 operae
1519 4062 1770 4133 pretium
1805 4063 1998 4130 fuerit,

341 4153 685 4226 praedictam
745 4151 1234 4207 Chalcedonensem
1297 4151 1688 4222 Appendicem,
1739 4149 2001 4221 aliasque

341 4244 612 4298 conditas
647 4241 704 4296 in
738 4241 869 4296 aliis
913 4239 1178 4296 conciliis
1209 4245 1411 4295 contra
1458 4244 1819 4312 emergentes
1850 4257 2001 4296 erro-

341 4349 457 4402 res,
521 4330 721 4386 locum
782 4346 895 4384 non
978 4329 1256 4384 habuisse
1315 4345 1573 4400 unquam
1651 4329 1710 4383 in
1768 4329 2000 4400 publica

342 4421 596 4493 Symboli
667 4419 1266 4490 Constantinopolitani
1340 4418 1698 4485 recitatione,
1759 4417 1880 4473 sive
1937 4418 1997 4472 in

341 4510 722 4581 baptismate,
755 4508 874 4563 sive
907 4507 964 4561 in
1012 4507 1292 4578 Liturgia,
1328 4512 1392 4561 ut
1440 4507 1624 4578 capite
1655 4507 2000 4577 insequente

2111 3345 2393 3399 Nicaenum
2438 3345 2688 3418 simplex
2735 3349 3072 3419 Symbolum.
3106 3352 3392 3424 Synodica
3422 3356 3636 3412 ibidem
3669 3357 3750 3414 le-

2111 3433 2268 3506 gitur
2297 3434 2492 3506 Cyrilli
2535 3436 2781 3506 epistola
2827 3455 2895 3493 ex
2941 3441 3162 3512 synodo
3191 3442 3582 3500 Alexandrina
3611 3448 3751 3503 data

2113 3523 2183 3577 ad
2217 3523 2572 3592 Nestorium,
2603 3526 2702 3580 ubi
2757 3527 3006 3600 simplex
3035 3532 3236 3586 eadem
3270 3538 3492 3604 prostat
3522 3536 3755 3594 Nicaana

2111 3612 2405 3667 formula:
2439 3630 2505 3668 ac
2553 3631 2670 3670 una
2699 3614 2758 3669 in
2810 3617 3042 3673 Patrum
3092 3620 3612 3681 acclamationibus
3649 3629 3759 3682 Ni-

2110 3716 2263 3754 caena
2291 3701 2422 3769 ﬁdes
2469 3708 2848 3772 memoratur,
2881 3710 3130 3778 exposita
3179 3712 3240 3764 in
3280 3715 3534 3768 trecentis
3575 3715 3757 3771 decem

2110 3793 2160 3843 et
2190 3792 2306 3844 octo
2347 3793 2550 3846 sanctis
2594 3793 2871 3848 Patribus.
2922 3800 3141 3852 lterum
3192 3799 3417 3855 actione
3465 3803 3519 3872 6,
3553 3820 3747 3859 coram

2111 3877 2422 3950 palamque
2471 3880 2746 3936 recitatur
2788 3885 3013 3941 Nicazna
3041 3887 3172 3956 ﬁdes
3219 3907 3240 3941 :
3283 3889 3522 3945 affertur
3553 3891 3746 3948 Chari-

2106 3969 2288 4038 siana,
2342 3985 2468 4040 quae
2512 3972 2750 4027 vocibus
2798 3973 3094 4045 aliquibus
3141 3978 3433 4047 adjunctis
3481 3981 3674 4038 diﬂert
3714 4000 3748 4038 a

2110 4055 2380 4112 Nicaena:
2427 4059 2780 4132 additurque
2827 4063 3064 4118 demum
3120 4073 3458 4138 corruptum
3511 4069 3753 4141 Symbo-

2110 4141 2231 4198 lum
2259 4146 2690 4206 Nestorianum.
2722 4154 3332 4224 Constantinopolitana
3357 4157 3758 4214 additamenta

2109 4240 2392 4305 apparent
2439 4235 2694 4292 nullibi:
2747 4240 3165 4312 decretumque
3221 4243 3495 4313 Ephesini
3556 4245 3753 4303 Patres

2110 4325 2326 4388 ferunt,
2382 4341 2496 4396 quo
2545 4327 2941 4396 praescribitur
2971 4331 3205 4384 alteram
3239 4332 3403 4400 ﬁdem
3444 4336 3660 4390 nemini
3690 4336 3756 4390 li-

2107 4428 2226 4467 cere
2252 4413 2530 4486 paoferre,
2565 4420 2660 4470 aut
2702 4419 3057 4486 conscribere,
3090 4431 3185 4474 aut
3241 4437 3573 4491 componere,
3603 4439 3750 4493 prae-

2109 4505 2190 4557 ter
2220 4503 2502 4572 deﬁnitam
2531 4521 2563 4558 α
2592 4509 2794 4560 sanctis
2829 4508 3108 4578 Patribus,
3143 4511 3239 4580 qui
3266 4511 3328 4564 in
3373 4511 3600 4568 Nicaeua
3627 4529 3752 4568 cum

343 4599 652 4663 dicemus;
688 4613 760 4652 ne
791 4595 1072 4668 prolixior
1124 4611 1300 4666 quam
1350 4613 1454 4667 par
1503 4600 1675 4662 esset,
1709 4597 1998 4652 confessio
2030 4615 2077 4680 Β
2110 4591 2326 4663 Spiritu
2371 4598 2555 4649 sancto
2610 4599 2927 4664 congregati
2978 4597 3225 4670 fuerunt.
3261 4599 3491 4654 Lubens
3552 4601 3751 4674 fateor,

343 4688 476 4744 ﬁdei
510 4691 616 4742 aut
649 4686 1017 4758 baptizandis
1067 4685 1409 4755 traderetur,
1443 4689 1545 4740 aut
1591 4684 1883 4757 legeretur
1909 4685 1998 4740 in-

340 4783 429 4831 ter
459 4776 781 4831 Missurum
807 4773 1095 4830 solemnia
1125 4791 1139 4828 :
1175 4790 1309 4828 cum
1339 4775 1566 4829 Nicaena
1597 4774 1744 4844 ﬁdes,
1778 4775 1999 4830 addita-

343 4866 559 4921 mentis
607 4863 1230 4935 Constantinopolim-ms
1289 4867 1480 4930 aucta,
1513 4879 1615 4935 per
1669 4879 1796 4919 sese
1841 4865 1996 4934 sufﬁ-

343 4956 488 5009 ciens
542 4954 616 5009 ad
688 4954 915 5024 plenam
988 4954 1351 5023 cognitionem
1427 4959 1477 5008 et
1530 4951 2000 5022 conﬁrmationem

333 5045 558 5114 pietatis
589 5042 793 5098 habita
823 5057 1055 5114 semper
1082 5045 1255 5097 esset.

412 5133 674 5188 Solutam
699 5146 858 5202 ergo,
878 5129 1311 5201 contritamque
1340 5128 1836 5197 difﬁcultatem,si
1869 5146 1995 5200 quae

339 5222 494 5277 sumi
527 5239 594 5276 ex
624 5221 896 5291 Ephesino
940 5220 1150 5274 decreto
1199 5223 1408 5291 potest,
1442 5236 1611 5274 nemo
1661 5236 1775 5274 non
1805 5219 1998 5274 videat

341 5312 434 5382 qui
469 5312 647 5382 sapit.
684 5309 822 5364 Rem
858 5309 1010 5362 hanc
1044 5308 1295 5363 maxime
1343 5309 1650 5363 conﬁrmat
1675 5307 1995 5378 Symbolum

338 5403 512 5471 ipsum
561 5399 1254 5468 Constantinopolitanum,
1308 5398 1460 5469 quod
1512 5398 1570 5452 in
1621 5413 1992 5452 communem

336 5495 510 5547 totius
542 5488 817 5546 Ecclesiae
869 5503 1043 5542 usum
1101 5486 1332 5542 nonnisi
1377 5487 1636 5558 synodus
1687 5486 1994 5542 Chalcedo-

334 5579 529 5638 nensis
559 5577 830 5635 deduxit.
863 5574 1075 5632 Recole
1121 5575 1393 5648 superius
1442 5576 1597 5632 dicta
1627 5591 1792 5632 num.
1826 5576 1880 5643 4,
1911 5574 1993 5631 ita

2112 4682 2780 4755 Constantinopolitanam
2829 4685 3142 4741 formulam
3191 4687 3305 4742 dici
3353 4704 3523 4760 pesse
3568 4690 3749 4747 Nicae-

2108 4789 2240 4826 nam
2264 4787 2282 4824 :
2317 4777 2378 4827 at
2406 4771 2579 4827 istam
2630 4774 2755 4829 sine
2808 4774 3007 4842 dubio,
3041 4791 3158 4830 non
3203 4776 3364 4833 illam
3420 4795 3536 4849 prae
3567 4780 3752 4836 oculis

2106 4860 2358 4916 habebat
2387 4863 2646 4935 synodus
2696 4863 3004 4934 Ephesina.
3054 4866 3260 4921 Fateor
3299 4868 3500 4936 etiam,
3552 4869 3750 4926 Patres

2107 4950 2431 5021 Ephesinos
2489 4952 2722 5006 decreto
2780 4968 2887 5007 suo
2941 4970 3056 5008 non
3114 4955 3384 5026 rejecisse
3431 4957 3747 5015 formulam

2107 5039 2768 5111 Constantinopolitanam
2801 5082 2815 5107 ,
2907 5040 3166 5113 aliasque
3249 5045 3599 5102 orthodoxas
3685 5047 3745 5104 in

2107 5127 2499 5185 Orientalibus
2528 5129 2800 5185 Ecclesiis
2843 5147 2952 5187 usu
2981 5137 3241 5204 receptas
3275 5151 3288 5189 :
3321 5139 3381 5190 at
3408 5135 3544 5191 inde
3575 5153 3750 5209 argu-

2106 5223 2369 5273 mentum
2401 5219 2657 5273 sumitur
2688 5223 2889 5275 contra
2915 5223 3172 5277 Marcum
3206 5223 3545 5294 Ephesium,
3579 5243 3747 5282 suos-

2107 5324 2218 5379 que
2250 5307 2500 5377 Graecos,
2520 5307 2708 5379 legem
2738 5308 3092 5379 Ephesinam
3113 5314 3230 5365 tam
3263 5311 3446 5383 rigide
3471 5315 3750 5384 interpre-

2103 5401 2314 5462 tantes,
2349 5412 2532 5467 eaque
2561 5398 2887 5452 abutentes.
2921 5399 3020 5453 Aio
3047 5399 3306 5467 demum,
3341 5401 3546 5472 synodi
3578 5401 3745 5457 Chal-

2103 5485 2446 5541 cedonensis
2493 5486 2835 5542 auctoritate
2880 5487 3122 5548 factum,
3156 5493 3222 5543 ut
3257 5489 3580 5560 Symbolum
3611 5489 3745 5546 Con-

2100 5574 2671 5646 stantinopolitanum,
2734 5575 2964 5631 Nicaeno
3023 5577 3434 5648 praetermisso,
3493 5593 3560 5633 ac
3606 5577 3740 5635 aliis

333 5668 592 5728 videlicet
618 5666 902 5743 synodum
926 5664 1258 5737 Ephesinam
1297 5664 1682 5722 conﬁrmasse
1709 5665 1992 5722 Nicaenam
2098 5662 2508 5735 praetermissis
2565 5663 2978 5738 peculiaribus,
3011 5667 3071 5722 in
3118 5681 3491 5724 communem
3561 5683 3737 5727 usum
