4094 6452
387 442 392 448 “
441 423 556 484 167

1460 415 1775 477 GEORGII
1819 411 2078 474 CYPRII
2123 412 2240 472 ΟΡ.
2291 412 2820 475 ΡΑἸἪΙΔΒΕΗιΕ

3721 417 3842 483 168

438 555 702 613 Ecclesiae
733 553 1114 608 deduceretur
1145 567 1158 604 :
1192 549 1344 621 quod
1369 553 1456 605 est
1484 565 1525 604 α
1556 551 1732 619 rigore
1752 547 1884 618 legis
1914 517 2079 618 Ephe-
2107 545 2163 612 Α
2191 549 2446 602 auctum.
2473 548 2588 602 Cur
2607 563 2743 619 ergo
2763 547 3090 617 Ephesinam
3110 547 3283 618 legem
3303 547 3484 604 Graeci
3503 550 3839 609 violarunt?

436 648 580 703 sinas
609 644 893 700 recedere.

506 735 628 789 VII.
674 733 832 788 Hanc
879 729 988 785 sibi
1047 727 1352 783 convenire
1401 725 1806 782 auctoritatem
1866 725 1925 779 in
1987 741 2076 792 eo,

437 825 591 898 quod
621 825 710 878 est
736 818 1114 876 ecclesiasticae
1158 815 1466 887 disciplina
1499 820 1691 888 caput,
1735 814 1941 886 synodi
1975 829 2075 884 po-

434 912 728 980 steriores,
761 913 816 963 et
845 905 1110 962 Ecclesia;
1152 903 1556 976 particulares,
1599 909 1655 958 et
1687 902 2075 957 Ecclesiarum

435 999 727 1056 antistites
757 996 1000 1052 minime
1031 993 1397 1048 dubitarunt.
1424 992 1817 1047 Professiones
1848 991 2076 1062 aliquas

437 1090 568 1145 ﬁdei
619 1087 865 1159 profero,
899 1100 1024 1155 qua:
1075 1085 1262 1137 instar
1314 1081 1558 1152 Symboli
1603 1080 1772 1136 editas
1816 1080 2074 1147 fuerunt,

434 1195 499 1234 ac
526 1177 638 1232 dici
670 1177 916 1246 possunt
945 1171 1262 1244 Symbolum
1301 1168 1458 1224 idem
1511 1169 1814 1235 Nicanum,
1849 1171 1906 1222 et
1937 1167 2073 1222 Con-

429 1265 984 1332 stantinopolitanum
1005 1257 1421 1315 additamentis
1445 1262 1702 1312 auctum.
1725 1254 2073 1326 Hujusmodi

430 1361 518 1413 est
549 1355 825 1426 Expositio
855 1351 1008 1421 ﬁdei,
1042 1347 1312 1420 superius
1363 1345 1618 1410 laudata,
1653 1362 1828 1417 quam
1862 1343 2074 1416 Cyrillo

433 1441 817 1502 Alexandrino
851 1439 1186 1496 obtulerunt
1216 1435 1566 1491 Orientales.
1603 1432 1952 1503 Hujusmodi
1984 1432 2072 1487 di-

431 1535 482 1590 ci
515 1534 684 1588 debet
733 1529 885 1585 166
932 1527 1171 1597 formula
1221 1525 1342 1590 illa,
1376 1541 1500 1595 quas
1530 1523 1589 1578 in
1644 1528 1805 1577 sexta
1853 1520 2071 1594 synodo

429 1621 786 1679 cecumenica
831 1633 982 1672 anno
1029 1616 1134 1670 680
1164 1613 1452 1668 celebrata
1504 1611 1717 1683 legitur
1763 1612 1986 1666 actione
2016 1614 2069 1675 4,

428 1711 487 1766 in
519 1707 764 1782 epistola
790 1707 826 1759 2
870 1703 1162 1773 Agathonis
1207 1715 1390 1772 papa,
1422 1700 1518 1754 his
1567 1699 1758 1754 verbis
1791 1714 1803 1753 :
1839 1697 2070 1752 Creden-

428 1804 506 1856 tes
556 1801 616 1853 in
662 1798 830 1851 Deum
879 1798 1097 1850 Patrem
1141 1793 1585 1860 omnipotentem,
1635 1789 1902 1858 factorem
1948 1786 2071 1840 caeli

429 1900 482 1945 et
512 1892 692 1952 terrae,
727 1889 835 1940 etc.
871 1879 1121 1937 Libellos
1168 1879 1300 1933 ﬁdei
1334 1895 1450 1932 suae
1508 1879 1708 1932 Petrus
1760 1875 2068 1947 episcopus

427 1974 795 2042 Nicomediae,
829 1977 885 2027 et
915 1969 1196 2041 Georgius
1221 1968 1521 2040 presbyter
1547 1967 1871 2020 monachus
1899 1965 2067 2019 obtu-

429 2067 546 2123 lere
595 2064 822 2120 actione
853 2063 938 2116 10.
973 2058 1078 2113 Hic
1125 2074 1258 2113 vero
1309 2073 1508 2112 eorum
1558 2054 1792 2110 libellus
1841 2054 2068 2125 ipsissi-

429 2171 593 2211 mum
649 2156 737 2210 est
809 2149 1124 2223 Symbolum
1181 2145 1865 2215 Constantinopolitanum,
1933 2159 2066 2198 cum

430 2240 844 2300 additamentis
873 2237 1079 2294 hazresi
1111 2233 1558 2290 Monotheliticae
1603 2232 1882 2288 adversis.
1919 2232 2068 2286 Inci-

428 2332 516 2406 pit
546 2350 559 2387 :
596 2330 761 2388 Credo
819 2346 879 2384 in
932 2342 1106 2381 unum
1162 2325 1336 2378 Deum
1363 2323 1592 2376 Patrem
1623 2322 2064 2392 omnipotentem,

425 2426 689 2494 factorem
722 2419 846 2476 cwli
871 2425 923 2472 et
968 2420 1150 2479 terrae,
1183 2416 1292 2467 etc.
1327 2409 1666 2483 Symbolum
1699 2409 1853 2464 istud
1883 2407 2064 2464 recla-

429 2515 624 2566 mante
672 2505 904 2563 nemine
953 2506 1260 2574 suscptum
1309 2505 1443 2554 est:
1495 2498 1611 2554 imo
1673 2498 2066 2554 Constantinus

427 2595 802 2671 (Pogonatus)
837 2594 1120 2666 piissimus
1167 2591 1490 2660 imperator,
1519 2596 1570 2642 et
1615 2597 1865 2642 sanctum
1893 2588 2068 2641 conci-

427 2690 568 2744 lium
595 2687 874 2751 dixerunt,
907 2686 973 2736 ut
991 2679 1104 2752 ipsi
1133 2677 1360 2748 libellos,
1383 2693 1512 2749 quos
1528 2676 1767 2748 polliciti
1791 2679 1921 2731 sunt
1937 2691 2064 2747 pro-

424 2779 571 2850 priae
598 2775 746 2847 ﬁdei,
769 2774 1021 2845 jurantes
1047 2768 1300 2839 offerant.

496 2866 560 2920 In
593 2862 813 2935 synodo
855 2856 1212 2914 oecumenica
1257 2854 1526 2925 septima,
1558 2853 1788 2909 Nicaeus
1814 2853 1881 2920 ll,
1911 2869 2062 2908 anno

423 2955 530 3008 787
580 2951 798 3020 habita,
832 2947 1082 3003 Basilius
1130 2951 1494 3014 Ancyranus,
1528 2947 1584 2998 et
1614 2941 1710 2997 alii
1761 2958 1894 2996 cum
1935 2942 2062 3013 ipso

425 3039 702 3115 episcopi,
761 3033 1279 3093 lconomachorum
1340 3036 1512 3086 antea
1569 3029 1771 3102 polluti
1834 3029 2059 3099 heresi,

426 3132 600 3187 fidem
657 3127 1032 3185 orthodoxam
1095 3121 1438 3194 proﬁtentur
1501 3119 1725 3173 actione
1783 3120 1807 3171 1
1870 3117 2062 3172 oblata

418 3217 690 3292 formula,
723 3233 850 3288 quae
880 3212 1195 3285 Symbolum
1221 3209 1892 3278 Constantinopolitanum
1923 3223 2059 3262 con-

421 3283 584 3374 tinet,
617 3310 675 3360 et
704 3283 819 3360 alia
862 3283 1033 3374 plura
1081 3297 1474 3353 additamenta.
1511 3295 1716 3366 Incipit
1749 3314 1760 3350 :
1798 3295 1980 3364 Credo,
2013 3303 2063 3350 et
2093 3283 2134 3348 C

419 3397 679 3466 conﬁteor
726 3396 783 3448 in
828 3407 1001 3446 unum
1049 3390 1215 3443 Deum
1261 3392 1482 3441 Patrem
1530 3387 1972 3456 omnipotentem,
2004 3395 2054 3440 et

421 3488 479 3541 in
537 3501 710 3539 unum
773 3481 1070 3537 Dominum
1136 3477 1316 3532 Iesum
1364 3474 1656 3538 Christum,
1716 3479 1823 3529 etc.
1883 3474 2056 3529 Pares

418 3580 579 3642 sunt,
610 3589 737 3644 quae
765 3570 1056 3627 habentur
1081 3566 1303 3621 actione
1352 3565 1384 3618 3
1415 3563 1680 3635 formqu
1712 3563 1841 3618 ﬁdei
1875 3581 1909 3617 a
1939 3564 2053 3617 Ta-

416 3663 571 3718 rasio
619 3658 948 3732 patriarcha
1001 3651 1659 3724 Constantinopolitano,
1693 3656 1749 3706 et
1795 3668 1828 3705 a
1871 3652 2054 3706 Theo-

415 3750 556 3804 doro
588 3745 1118 3816 Hierosolymorum
1169 3740 1500 3813 patriarcha
1529 3739 1755 3804 oblatae,
1786 3739 2053 3810 pluribus

414 3835 830 3893 additamentis
873 3833 1169 3900 formulam
1213 3828 1507 3902 vulgatam
1556 3828 2049 3897 Constantinopoli-

412 3931 605 3981 tanam
663 3927 961 3995 augentes.
993 3920 1116 3977 'His
1163 3919 1250 3974 vel
1306 3917 1654 3972 hodiernum
1721 3918 2050 3971 Graecorum

412 4031 587 4070 usum
619 4013 792 4081 addo,
819 4011 997 4082 quiin
1031 4008 1282 4080 episcopi
1309 4005 1743 4060 consecratione
1771 4011 2048 4059 servatur.

410 4106 489 4158 Ac
521 4101 780 4174 primum
835 4100 987 4154 clara
1041 4113 1163 4152 voce
1209 4096 1347 4150 dicit
1379 4095 1501 4165 ipse
1555 4093 1875 4164 Symbolum
1921 4110 2047 4147 san-

411 4201 558 4247 ctum
587 4191 683 4246 hoc
703 4192 866 4261 pacto
898 4207 915 4242 :
947 4186 1118 4242 Credo
1163 4187 1223 4238 in
1257 4200 1431 4238 unum
1459 4184 1680 4238 Patrem
1710 4185 2049 4253 omnipoten-

410 4289 555 4340 tem;
613 4277 833 4334 scilicet
880 4271 1613 4344 ConstantinOpolitanum.
1665 4272 1814 4325 Tum
1871 4271 2050 4325 alium

407 4367 671 4424 libellum
702 4365 837 4421 ﬁdei
874 4365 1060 4419 instar
1087 4361 1337 4434 Symboli
1383 4360 1738 4431 pronuntiat,
1773 4359 1868 4432 qui
1903 4359 2052 4414 inci-

409 4457 495 4528 pit
529 4473 541 4510 :
575 4455 743 4512 Credo
800 4456 857 4509 in
910 4470 1085 4508 unum
1132 4452 1302 4505 Deum
1347 4449 1518 4503 tribus
1554 4451 1801 4519 personis
1844 4449 2052 4503 distin-

408 4551 570 4617 ctum,
616 4551 725 4600 etc.
765 4546 844 4598 Ac
893 4542 1141 4613 denique
1193 4541 1414 4595 tertiam
1459 4539 1846 4609 professionem
1892 4537 2049 4609 legit,

412 4652 537 4706 qua:
581 4633 776 4704 ipsum
828 4627 1536 4700 Constantinopolitanum
1585 4623 1924 4696 Symbolum
1967 4630 2054 4680 est
2081 4647 2128 4712 D

410 4721 834 4792 adjectionibus
866 4718 1132 4790 pluribus
1161 4714 1599 4787 locupletatum.
1634 4712 2052 4784 Euchologium

411 4809 525 4874 adi,
558 4814 613 4863 et
641 4808 896 4880 expende
926 4803 1342 4878 Hujuscemodi
1396 4803 1629 4858 demum
1661 4803 1961 4872 formulam
1991 4802 2050 4856 in

411 4897 772 4953 ordinatione
822 4897 1250 4968 episcoporum,
1283 4909 1347 4947 ac
1392 4892 1636 4946 Romani
1671 4891 1962 4962 pontiﬁcis
1993 4891 2051 4946 in

409 5003 522 5041 usu
553 4983 770 5055 positas
822 4985 1002 5039 fuisse
1035 4986 1230 5048 Romae,
1265 4986 1321 5038 et
1365 4981 1423 5035 in
1457 4981 1758 5046 Occidente,
1789 4980 2054 5035 dicemus

411 5073 584 5142 infra,
618 5077 938 5144 notumque
970 5073 1105 5127 facit
1154 5073 1324 5127 Liber
1355 5070 1602 5125 diurnus
1657 5069 2052 5123 Romanorum

411 5162 754 5234 pontificum
786 5179 821 5215 ιι
848 5160 1121 5216 Garnerio
1155 5159 1446 5232 vulgatus.

484 5250 684 5321 Repeti
739 5255 939 5305 contra
987 5249 1213 5304 Graecos
1260 5246 1657 5319 augmentatio
1706 5250 1912 5317 potest.
1947 5246 2052 5301 De-

413 5345 567 5395 creto
599 5355 703 5394 suo
753 5339 1010 5410 synodus
1060 5338 1350 5409 Ephesina
1378 5341 1551 5402 vetat,
1588 5352 1657 5389 ne
1710 5336 1883 5390 altera
1924 5335 2056 5405 ﬁdes

406 5435 611 5503 prater
653 5429 953 5493 Nicaenam,
1001 5430 1338 5498 proferatur,
1371 5435 1472 5480 aut
1519 5427 1914 5493 conscribatur,
1961 5429 2056 5479 aut

411 5526 786 5589 componatur.
822 5516 996 5587 Atqui
1046 5521 1131 5569 tot
1174 5516 1358 5570 allata
1406 5515 1662 5585 formula:
1717 5512 2054 5585 Symbolum

412 5605 705 5671 exhibent,
738 5605 891 5677 quod
934 5609 1023 5659 est
1071 5604 1321 5659 alterum
1372 5620 1405 5657 a
1434 5603 1653 5659 Nicano
1683 5607 1741 5658 et
1792 5601 2056 5660 Constan-

411 5695 793 5774 tinOpolitano,
843 5693 1198 5752 addimentis
1245 5691 1510 5749 videlicet
1567 5691 1739 5767 longe
1785 5691 2055 5766 pluribus

2185 634 2294 689 Sed
2341 636 2522 690 altera
2569 635 2700 705 ﬁdes
2749 635 2869 702 illa,
2921 653 3100 708 quam
3145 641 3354 694 vocant
3403 637 3678 710 Ephesini
3737 640 3838 698 Pa-

2188 727 2327 790 tres,
2359 723 2447 778 vel
2497 723 2844 796 intelligitur
2889 724 3186 781 catholica
3217 726 3349 782 fidei
3399 727 3642 784 adversa
3691 730 3831 786 doc-

2184 811 2340 865 trina
2373 829 2386 866 :
2420 829 2534 883 quo
2567 813 2769 884 utique
2811 829 2988 869 sensu
3042 814 3205 870 novis
3235 814 3352 869 illis
3400 816 3532 871 fidei
3564 818 3832 875 formulis

2185 899 2426 969 prolatis
2472 906 2529 956 et
2575 902 2939 973 conscriptis,
2977 907 3175 974 utpote
3225 903 3582 970 orthodoxis,
3615 905 3831 963 violata

2185 987 2297 1042 dici
2330 989 2532 1062 nequit
2561 991 2854 1062 Ephesina
2902 991 3010 1046 lex.
3039 994 3147 1046 Sed
3181 1009 3369 1064 neque
3417 994 3638 1061 addita,
3672 997 3822 1051 167

2184 1077 2450 1148 Filioque,
2483 1096 2617 1134 voce
2661 1079 2910 1135 violatur
2939 1080 3085 1152 ipsa.
3119 1079 3218 1136 Vel
3262 1082 3435 1136 altera
3467 1084 3668 1138 eadem
3698 1084 3829 1152 ﬁdes

2183 1164 2529 1236 intelligitur
2563 1168 2693 1235 ﬁdei
2718 1170 2980 1239 formula,
3013 1186 3139 1240 quae
3187 1186 3221 1224 a
3264 1169 3512 1237 Nicena,
3547 1178 3648 1227 aut
3677 1172 3825 1229 Con-

2183 1254 2706 1326 stantinopolitana
2734 1257 2894 1312 nullo
2925 1258 3097 1313 modo
3123 1258 3370 1314 diii‘erat.
3406 1259 3466 1314 Id
3499 1261 3546 1315 si
3580 1268 3826 1317 conten-

2183 1341 2326 1396 dant
2373 1343 2575 1409 Grasci,
2607 1361 2735 1401 sese
2782 1346 3036 1416 primum
3087 1347 3330 1403 crimine
3378 1355 3650 1420 purgent,
3690 1367 3825 1407 cum

2183 1435 2315 1501 post
2354 1431 2702 1503 Ephesinam
2752 1435 3042 1506 synodum
3092 1439 3179 1491 tot
3225 1436 3431 1491 alteras
3478 1436 3827 1508 protulerint

2182 1518 2464 1575 formulas
2498 1538 2510 1574 :
2545 1528 2646 1577 aut
2670 1523 2973 1578 nobiscum
3021 1523 3328 1591 fateantur,
3361 1541 3482 1580 rem
3516 1525 3666 1581 hanc
3698 1543 3823 1598 quas

2181 1607 2253 1661 ad
2301 1609 2716 1664 ecclesiasticam
2763 1611 3114 1681 disciplinam
3166 1611 3433 1683 pertinet,
3467 1614 3824 1670 mutationes

2180 1712 2283 1767 pro
2313 1697 2486 1751 variis
2535 1700 2957 1770 emergentium
3008 1699 3297 1755 haeresum
3338 1701 3818 1769 circumstantiis,

2179 1801 2327 1855 quas
2359 1786 2612 1842 Ecclesia
2643 1805 2744 1858 pro
2774 1805 2881 1844 sua
2912 1790 3253 1844 auctoritate
3286 1790 3581 1862 expendit,
3624 1790 3822 1848 subire

2177 1874 2458 1944 potuisse,
2492 1893 2556 1930 ac
2584 1877 2877 1932 debuisse.

2249 1963 2332 2016 Ad
2365 1964 2608 2034 Spiritus
2635 1969 2815 2020 sancti
2845 1966 3109 2034 originem
3144 1967 3298 2038 quod
3331 1967 3559 2035 attinet,
3592 1968 3817 2041 dignis-

2178 2049 2392 2105 simum
2444 2057 2533 2106 est
2581 2052 3083 2108 animadversione
3137 2055 3628 2128 additamentum,
3661 2059 3818 2130 quod

2178 2139 2236 2193 in
2286 2138 2520 2196 laudato
2567 2142 2821 2212 Symbolo
2869 2143 3164 2198 Tarasiano
3214 2143 3429 2217 legitur
3477 2146 3534 2201 in
3599 2149 3819 2219 synodo

2176 2228 2406 2284 Nicmna
2457 2246 2497 2284 ιι
2547 2231 2906 2286 mcumenica
2948 2231 3173 2286 actione
3201 2232 3282 2287 3:
3325 2234 3392 2287 Et
3441 2235 3501 2288 in
3553 2235 3821 2306 Spiritum

2175 2323 2444 2389 sanetum,
2493 2320 2806 2390 Dominum,
2837 2329 2888 2375 et
2935 2321 3320 2393 viviﬁcantem,
3356 2321 3418 2375 τὸ
3467 2321 3525 2376 ἐκ
3568 2327 3666 2378 τοῦ
3713 2331 3819 2379 Πα-

2174 2405 2298 2477 τρὸς
2329 2402 2396 2459 δι’
2425 2407 2552 2460 Υἱοῦ
2584 2406 3027 2480 ἐκπορευόμενον,
3049 2427 3120 2464 ex
3149 2411 3315 2466 Patre
3332 2428 3434 2482 per
3462 2412 3664 2469 Filium
3689 2432 3815 2486 pro-

2174 2497 2472 2561 cedentem,
2503 2499 2552 2552 et
2583 2499 2829 2552 eumdem
2858 2498 3029 2553 Deum
3053 2515 3164 2554 esse
3192 2503 3245 2553 et
3271 2501 3535 2568 cognosci.
3570 2501 3697 2558 Haec
3726 2509 3818 2560 est

2176 2584 2512 2639 Latinorum
2544 2584 2784 2648 additio,
2813 2587 3058 2656 Filioque
3088 2605 3106 2641 :
3137 2603 3315 2658 quam
3349 2588 3405 2643 in
3445 2591 3816 2660 professioni-

2174 2673 2285 2728 bus
2335 2672 2465 2727 ildei
2515 2677 2676 2728 extra
2723 2674 3066 2744 Symbolum
3099 2675 3811 2749 Constantinopolitanum

2164 2763 2291 2835 jam
2339 2761 2741 2834 exprimebant
2787 2763 3072 2834 superiori
3103 2769 3159 2820 et
3207 2764 3314 2820 hac
3363 2770 3529 2822 aetate
3569 2767 3813 2825 Romani

2172 2851 2496 2923 pontiﬁces,
2531 2855 2594 2905 ut
2623 2850 2774 2906 infra
2802 2851 3136 2907 dicendum.

2807 2939 3036 2996 CAPUT
3078 2941 3170 2996 IlI.

2168 3028 2359 3086 Fidem
2403 3029 2656 3094 alteram,
2696 3043 2820 3098 quae
2865 3029 3070 3085 scilicet
3113 3035 3284 3086 recte
3323 3030 3453 3100 ﬁdei
3499 3032 3814 3092 orthodoxae

2240 3101 2580 3176 adversatur,
2632 3102 2896 3176 proferri,
2957 3110 3052 3156 aut
3099 3103 3366 3176 conscribi
3410 3109 3596 3176 vetant
3650 3121 3811 3176 syno-

2240 3173 2347 3227 dus
2373 3174 2702 3245 aecumenica
2734 3172 3212 3245 Chalcedonensis,
3244 3176 3294 3228 et
3321 3175 3518 3245 synodi
3546 3172 3812 3244 posterio-

2244 3260 2347 3298 res.
2410 3242 3071 3315 Constantinopolitunum
3123 3242 3438 3315 Symbolum
3491 3242 3618 3313 past
3665 3264 3814 3303 eam-

2243 3315 2366 3369 dem
2394 3314 2661 3385 synodum
2688 3314 3174 3386 Chalcedonensem
3197 3318 3404 3386 passim
3435 3320 3618 3373 vocari
3643 3319 3815 3375 Nicae-

2237 3403 2373 3441 num
2401 3385 2694 3459 consuevit.
2723 3385 2867 3459 [llud
2885 3387 3058 3455 fecere
3079 3385 3361 3459 Liturgiae
3376 3391 3593 3458 partem
3623 3393 3811 3446 Eccle-

2235 3459 2340 3514 siae
2369 3456 2676 3533 orthodoxa:
2701 3455 3043 3533 Orientales.
3068 3455 3270 3528 Regula
3291 3455 3426 3533 ﬁdei
3451 3461 3808 3533 expenditur,

2273 3544 2361 3584 ua:
2388 3527 2589 3598 synodo
2626 3528 2895 3585 Toletanae
2927 3546 2943 3582 ι
2971 3527 3167 3600 adsuta
3214 3532 3504 3600 reperitur.
3522 3527 3600 3586 'ln
3627 3527 3810 3590 conci;

2259 3603 2308 3654 io
2336 3601 2660 3655 aecumenico
2673 3601 2966 3672 particula,
2990 3599 3465 3672 Filioque,addita
3492 3619 3600 3658 non
3631 3609 3710 3659 est
3737 3606 3808 3661 ad

2234 3672 2554 3745 Symbolum
2576 3690 2595 3736 ;
2622 3670 2714 3725 sed
2739 3671 2903 3726 illam
2927 3673 3134 3742 passim
3150 3670 3321 3727 extra
3356 3673 3672 3745 Symbolum
3703 3677 3805 3731 ad-

2238 3743 2492 3798 hibebant
2529 3743 2738 3796 Patres.

2235 3836 2472 3886 Decreta
2526 3830 2688 3900 ﬁdem
2735 3831 2970 3886 alteram
3018 3830 3365 3900 inhibentia,
3421 3836 3802 3906 quemadmo-

2162 3921 2302 3975 dum
2345 3919 2633 3990 presina
2681 3921 2958 3991 synodus,
2992 3920 3071 3975 ita
3103 3922 3450 3991 posteriores
3499 3924 3673 3979 etiam
3704 3929 3803 3980 tu-

2161 4010 2276 4066 lere
2308 4008 2512 4081 synodi
2562 4009 2932 4062 mcumenicze
2967 4024 2978 4060 :
3016 4009 3376 4080 alteramque
3427 4010 3602 4066 fidem
3633 4011 3804 4068 intel-

2162 4099 2445 4163 lexerunt,
2480 4114 2608 4168 quas
2648 4098 2780 4152 ﬁdei
2831 4102 2997 4152 recta:
3048 4098 3408 4154 adversatur.
3443 4099 3663 4157 Sensus
3693 4106 3802 4171 est,

2163 4189 2257 4261 qui
2293 4188 2447 4244 vocis
2493 4188 2738 4257 Filioque
2775 4187 3161 4257 adjectionem
3213 4204 3326 4242 non
3379 4187 3657 4255 excludit,
3691 4190 3802 4244 cri-

2162 4294 2390 4349 nenque
2421 4276 2698 4332 amolitur
2725 4275 2946 4331 Latinis
2969 4275 3312 4347 impactum.
3338 4276 3608 4348 Synodus
3647 4294 3801 4333 oscu-

2163 4369 2394 4422 menica
2415 4365 2902 4420 Chalcedonensis
2931 4364 3154 4420 actione
3173 4365 3208 4418 5
3239 4366 3464 4432 statuit,
3489 4365 3805 4437 Symbolum

2161 4458 2441 4512 Nician-um
2497 4470 2836 4526 permanere
2894 4455 3172 4523 integrum
3219 4470 3288 4510 ac
3339 4455 3742 4511 intemeratum
3786 4475 3804 4510 :

2161 4543 2502 4618 Symbolum
2555 4542 3221 4612 Constantinopolitanum
3271 4545 3438 4598 etiam
3477 4543 3807 4612 conﬁrmat;

2162 4633 2438 4704 additque
2468 4630 2846 4703 Appendicem,
2882 4647 2996 4702 qua
3044 4636 3246 4686 contra
3286 4630 3678 4704 Eutychianos
3709 4649 3806 4687 ar—

2162 4721 2408 4776 ticulum
2457 4721 2523 4774 de
2570 4721 2956 4774 incarnatione
3006 4720 3225 4774 Domini
3251 4721 3428 4776 nostri
3469 4723 3607 4776 Jesu
3639 4719 3809 4776 Chri-

2159 4812 2234 4866 sti
2262 4791 2534 4864 declarat.
2567 4807 2717 4862 Tum
2765 4824 2898 4863 vero
2945 4807 3238 4862 decretum
3293 4807 3386 4863 his
3416 4809 3608 4864 verbis
3638 4808 3758 4862 edit
3791 4825 3804 4864 :

2161 4900 2268 4954 His
2297 4898 2468 4966 igitur
2511 4913 2633 4950 cum
2670 4898 2826 4951 omni
2871 4895 3108 4967 undique
3152 4900 3343 4951 exacta
3384 4912 3536 4964 cura,
3568 4899 3621 4952 et
3669 4897 3804 4952 dili-

2161 4988 2343 5058 gentia
2373 5002 2407 5040 a
2448 4987 2604 5040 nobis
2654 4984 2944 5056 dispositis,
2976 4985 3168 5055 deﬁnit
3195 4993 3391 5040 sancta
3421 4994 3474 5040 et
3521 4985 3806 5040 universa-

2163 5075 2232 5129 lis
2287 5074 2524 5147 synodus
2571 5091 2589 5128 :
2633 5073 2873 5128 alteram
2921 5074 3081 5144 ﬁdem
3127 5074 3275 5128 nulli
3323 5073 3491 5129 licere
3539 5076 3804 5146 proferre,

2165 5167 2258 5218 aut
2306 5165 2663 5230 conscribere,
2715 5164 2800 5217 vel
2847 5179 3183 5234 componere,
3239 5163 3389 5218 168
3441 5167 3537 5218 aut
3581 5166 3804 5231 sentire,

2165 5258 2258 5308 aut
2289 5254 2425 5308 alios
2474 5252 2678 5307 docere.
2713 5253 2810 5306 Eos
2857 5257 3059 5318 autem,
3093 5253 3188 5322 qui
3233 5253 3438 5306 audent
3487 5269 3809 5324 componere

2163 5341 2322 5411 ﬁdem
2354 5341 2606 5403 alteram,
2649 5343 2758 5394 etc.
2796 5344 2879 5392 An
2929 5339 3091 5408 ﬁdem
3137 5340 3369 5394 alteram
3401 5339 3481 5394 ita
3512 5339 3808 5395 intellexe-

2165 5430 2285 5484 rint
2333 5435 2527 5484 Patres
2576 5427 3096 5494 Chalcedonenses,
3145 5432 3208 5482 ut
3252 5429 3550 5498 formulam
3599 5445 3809 5499 quam-

2165 5534 2395 5589 cunque
2446 5517 2689 5587 Symboli
2756 5515 3136 5581 inhibuerint,
3193 5533 3319 5588 quas
3379 5535 3412 5572 a
3459 5519 3695 5584 Nicaeae,
3752 5521 3810 5572 et

2167 5605 2784 5676 Constantinopolitano,
2835 5620 2951 5659 una
2992 5602 3191 5670 etiam,
3222 5604 3310 5661 vel
3337 5606 3540 5678 paucis
3568 5605 3808 5661 vocibus

2165 5697 2431 5771 adjectis,
2480 5694 2738 5752 differret
2782 5693 2810 5750 ‘l
2860 5691 3026 5751 Hunc
3096 5694 3371 5768 rejiciunt
3425 5710 3667 5754 sensum
3723 5697 3809 5752 tot
