4094 6490
227 459 313 519 169

226 588 580 662 Symbolorum

233 679 537 734 cecumenica
606 675 936 748 posteriora
1011 676 1254 732 concilia
1310 681 1715 749 susceperunt,
1773 681 1831 733 et

233 769 592 838 approbarunt.
627 771 718 820 An
755 765 838 820 ita
879 766 1010 835 ﬁdes
1040 766 1225 822 altera
1253 765 1509 820 inhibita
1537 764 1827 838 intelliga-

231 860 318 924 tur,
347 861 403 909 ut
434 855 488 909 in
517 858 826 926 posterum
857 870 973 909 non
1001 853 1220 921 liceret,
1255 853 1386 909 aliis
1431 853 1518 908 uti
1547 853 1739 909 verbis
1767 852 1828 908 in

227 943 426 999 articulo
445 941 1001 1010 Incamationis,nisi
1024 959 1150 1014 quae
1173 943 1430 1015 synodus
1451 943 1652 998 eadem
1667 941 1831 997 Chal-

222 1032 518 1087 cedonensis
533 1030 886 1102 usurpavit?
905 1030 1070 1086 Hunc
1083 1030 1255 1085 etiam
1277 1047 1517 1086 sensum
1536 1035 1831 1086 removent

221 1125 511 1175 memorata
537 1119 956 1192 Symbolorum
1001 1117 1284 1174 formulae.
1321 1119 1445 1174 Non
1496 1119 1827 1186 abnuerim,

216 1207 438 1263 inhibere
476 1208 772 1280 synodum
819 1207 1106 1279 potuisse,
1137 1224 1210 1262 ne
1256 1223 1424 1263 voces
1473 1205 1681 1279 aliqua:
1713 1207 1827 1262 mi—

217 1301 514 1362 nnerentur,
532 1303 636 1352 aut
658 1297 1020 1352 adderentur
1036 1294 1189 1363 ullae,
1212 1312 1276 1351 eo
1301 1296 1604 1351 inductam
1637 1295 1828 1352 consi-

215 1385 293 1452 lio,
315 1392 368 1440 ut
393 1402 618 1441 errores
650 1384 855 1458 procul
890 1389 1111 1440 arceret
1140 1401 1362 1452 omnes,
1381 1401 1531 1456 quos
1550 1384 1828 1457 imperiti,

215 1481 295 1528 aut
319 1475 738 1544 imprudentes,
753 1479 856 1529 aut
885 1479 1148 1530 errantes
1170 1473 1459 1544 homines,
1476 1473 1723 1530 addendo
1740 1474 1828 1530 vel

211 1563 488 1629 minuendo,
505 1562 784 1618 invehere
800 1566 1042 1634 possent
1067 1580 1078 1616 :
1107 1567 1164 1616 at
1186 1561 1668 1634 praecipuamjam
1691 1579 1826 1618 con-

213 1655 304 1706 stat
329 1655 579 1707 mentem
611 1652 820 1718 fuisse,
848 1653 1183 1706 minutiones
1214 1655 1271 1706 et
1297 1651 1605 1706 additiones
1634 1655 1830 1708 vetare

215 1740 335 1806 illas,
362 1757 487 1812 quae
515 1745 739 1796 rectam
770 1741 947 1796 fidem
974 1740 1356 1795 orthodoxam
1387 1739 1824 1796 labefactarent.

265 1829 784 1885 Prndentissimum
842 1827 1154 1885 innotescit
1208 1829 1362 1884 idem
1407 1827 1718 1884 consilium
1765 1829 1825 1885 in

214 1919 414 1989 synodis
461 1917 911 1990 posterioribus.
972 1917 1036 1971 In
1089 1916 1441 1973 oecumenica
1488 1934 1566 1983 v1,
1599 1922 1828 1990 prostat

214 2007 404 2062 actione
433 2008 465 2062 4
492 2004 747 2079 epistola
798 2007 823 2059 1
857 2004 1167 2074 Agathonis
1216 2005 1462 2062 Romani
1510 2006 1825 2080 pontiﬁcis,

212 2095 290 2149 ubi
330 2112 441 2150 non
494 2095 673 2166 longe
721 2095 792 2149 ab
823 2093 992 2149 initio
1046 2093 1170 2149 haec
1216 2093 1507 2150 habentur
1539 2111 1551 2150 :
1586 2096 1712 2163 Qum
1741 2111 1826 2152 re-

212 2185 446 2252 gulariter
498 2201 535 2238 a
590 2185 794 2238 sanctis
845 2192 1008 2253 atque
1052 2184 1367 2254 apostolicis
1410 2184 1828 2255 praedecessori-

217 2272 305 2343 bss,
331 2281 379 2327 et
409 2271 817 2328 tenerabilibus
845 2273 1086 2343 quinque
1113 2273 1366 2328 conciliis
1394 2271 1632 2343 deﬁnita
1679 2277 1826 2344 sunt,

219 2377 310 2413 cum
347 2362 703 2433 simplicitate
750 2359 950 2428 cordis,
980 2363 1032 2414 et
1078 2362 1198 2415 sine
1243 2360 1608 2432 ambiguitate
1652 2379 1688 2416 a
1715 2367 1826 2416 Pa-

225 2451 362 2504 tribas
387 2450 608 2505 traditas
651 2449 784 2518 ﬁdei
831 2465 1210 2505 conservamus
1245 2469 1262 2504 :
1292 2466 1486 2518 unum,
1521 2467 1585 2504 ac
1633 2452 1825 2522 preci-

227 2554 354 2607 μιῇ
380 2539 579 2594 bonum
613 2538 814 2593 habere
858 2553 1073 2609 semper
1120 2540 1381 2609 aptantes,
1413 2542 1577 2610 atque
1603 2539 1825 2594 studen-

233 2632 394 2682 tes:ut
439 2629 592 2683 nihil
639 2627 705 2682 de
751 2630 829 2682 eis
873 2643 995 2698 quae
1041 2628 1374 2698 regulariter
1419 2627 1644 2698 deﬁnita
1671 2638 1824 2699 sunt,

227 2718 490 2785 stimulr,
541 2717 693 2771 nihil
739 2720 1006 2782 mutetur,
1035 2716 1120 2771 vel
1164 2719 1469 2786 augeatur;
1498 2717 1591 2772 sed
1641 2716 1827 2772 eadem

221 2806 376 2872 certis,
422 2816 476 2862 et
524 2806 781 2862 sensibus
823 2805 1043 2860 illibata
1090 2805 1484 2861 custodiantur.
1513 2805 1672 2861 Hanc
1700 2805 1826 2877 epi-

211 2894 386 2950 stolam
417 2895 645 2951 ibidem
673 2895 942 2965 sequitur
969 2894 1232 2964 ejusdem
1264 2893 1586 2966 Agathonis
1616 2893 1730 2948 alia
1759 2909 1827 2949 ex

207 2983 400 3051 synodo
425 2982 697 3036 Romana
727 2982 884 3047 data,
917 2981 977 3034 in
1031 2997 1148 3052 qua
1192 2980 1324 3050 fidei
1349 2984 1611 3052 professio
1642 2981 1828 3037 instar

209 3071 432 3141 Symboli
457 3069 762 3138 inseritur,
780 3070 982 3140 utique
999 3069 1272 3140 Symbolo
1302 3070 1553 3141 Nicaeno,
1577 3074 1634 3126 et
1655 3072 1830 3126 Cons-

209 3158 697 3232 tantinopolitano,
731 3175 798 3214 ac
828 3158 1153 3213 deﬁnitioni
1184 3158 1641 3215 Chalcedonensi
1691 3176 1828 3215 con-

210 3262 349 3312 sona,
369 3246 566 3302 verbis
599 3251 792 3303 tamen
823 3246 1092 3318 pluribus
1114 3263 1180 3302 ac
1201 3247 1442 3318 prolixis
1472 3247 1831 3304 additamen-

211 3337 273 3390 τη
296 3335 669 3409 locupletata.

268 3424 569 3494 Synodalis
641 3423 901 3480 deﬁnitio
959 3430 1163 3480 contra
1222 3424 1628 3481 Monothelitas
1679 3425 1834 3480 edita

213 3511 400 3585 legitur
448 3515 679 3570 actione
728 3514 815 3568 18.
870 3513 1214 3585 Symbolum
1259 3516 1572 3581 Nicaenum,
1605 3519 1660 3570 et
1690 3514 1832 3570 Con-

213 3603 749 3675 sastinopolitanum
778 3604 1133 3670 recitantur;
1183 3608 1240 3658 et
1286 3603 1406 3659 haec
1435 3605 1712 3674 sufficere,
1742 3603 1834 3657 in-

219 3694 398 3759 quiunt
426 3698 655 3763 Patres,
685 3691 756 3747 ad
778 3694 1076 3763 perfectam
1121 3692 1429 3748 orthodoxa
1465 3692 1602 3763 ﬁdei
1646 3694 1835 3763 cogni-

221 3785 406 3839 tionem.
431 3781 834 3838 Nihilominus
866 3783 1268 3837 incarnationis
1298 3781 1836 3854 mysterium,quod

225 3872 397 3927 attinet
428 3872 504 3928 ad
538 3871 878 3926 voluntatem
920 3879 973 3926 et
1000 3873 1368 3942 operationem
1394 3872 1455 3926 in
1488 3871 1708 3927 Christo
1737 3870 1837 3924 du-

223 3959 407 4031 ;iieem,
439 3960 675 4032 prolixa
700 3959 1034 4031 Appendice
1082 3957 1397 4014 declarant.
1434 3959 1842 4030 lieﬁniuntque

223 4047 427 4106 c‘emum
470 4067 484 4104 :
549 4050 736 4104 Aliam
784 4048 944 4117 ﬁdem
999 4047 1146 4102 nulli
1201 4048 1366 4103 licere
1419 4050 1688 4119 proferre,
1743 4050 1844 4103 aut

221 4139 554 4203 αἰωνίων-ε,
587 4151 930 4206 componere,
963 4143 1060 4190 aut
1105 4151 1311 4207 sapere,
1343 4137 1426 4191 vel
1468 4137 1637 4191 etiam
1681 4136 1846 4192 aliter

217 4221 398 4281 iacere.
429 4225 626 4281 Aliam
660 4223 882 4279 scilicet
909 4222 1170 4295 intelligo
1200 4223 1397 4291 ﬁdem,
1432 4239 1557 4294 quae
1607 4240 1722 4279 non
1769 4223 1846 4278 sit

217 4319 347 4368 recte
375 4314 704 4370 orthodoxa
731 4312 895 4380 ﬁdes,
928 4311 1031 4367 sed
1077 4311 1398 4367 errantium
1446 4315 1845 4368 commentum

211 4405 478 4470 pradicas
518 4401 852 4459 deﬁnitioni
901 4403 1230 4458 adversum.
1265 4403 1505 4458 Interim
1555 4402 1739 4458 coacti
1786 4402 1846 4457 in

210 4488 304 4546 hac
333 4494 558 4566 synodo
588 4491 790 4547 Patres
821 4490 1048 4547 actione
1077 4492 1109 4545 4
1138 4497 1196 4546 et
1229 4492 1313 4558 10,
1358 4491 1489 4560 ﬁdei
1513 4492 1847 4564 profession-

343 4582 533 4637 instar
563 4579 816 4652 Symboli
861 4579 1071 4645 editas,
1102 4583 1488 4650 susceperunt
1536 4584 1592 4636 et
1638 4595 1849 4652 appro-

1387 458 1596 519 VITA.
1630 490 1706 500 —
1737 457 2256 520 DISSERTATIO
2298 458 2375 518 II.

657 586 925 643 formulis
1001 589 1271 660 superius
1328 589 1618 654 indicate,
1677 605 1824 660 quas
1853 591 1910 658 Α
1941 588 2215 660 deputata,
2247 593 2356 645 etc.
2398 587 2611 660 Synodi
2659 585 3041 658 Ecclesiaeque
3086 587 3398 644 consilium
3450 606 3586 661 per-

3470 459 3586 518 170

1938 678 2138 749 spicue
2158 679 2285 748 jam
2316 677 2476 734 vides
2501 693 2514 732 :
2547 677 2705 748 quod
2735 675 2964 732 obstare
2996 676 3234 746 adjectae
3261 678 3583 751 particula,

1936 766 2204 838 Filioque,
2239 766 2486 821 insanus
2515 770 2641 820 esto
2671 764 2772 836 qui
2806 764 3136 820 contendat.

2008 853 2055 909 Il
2115 855 2177 910 In
2237 871 2410 909 usum
2468 853 2734 909 Ecclesiae
2785 869 3179 920 communem,
3237 854 3583 912 auctoritate

1937 929 2174 1013 synodi.
2225 941 2714 999 Chalcedonensis
2794 941 3186 1010 cacumenicae,
3262 943 3578 1000 deductum

1936 1030 2121 1087 fuisse
2179 1031 2837 1102 Constantinopolitanum
2909 1030 3271 1103 Symbolum,
3329 1032 3577 1088 dubium

1937 1118 2189 1175 nullum.
2239 1120 2447 1176 Recole
2503 1119 2657 1174 dicta
2713 1118 2900 1191 capite
2957 1119 3256 1191 superiore
3315 1138 3478 1177 num.
3519 1123 3574 1178 5.

1934 1208 2482 1264 Animadversiones
2539 1208 2751 1263 addere
2809 1206 3142 1276 nonnullas,
3190 1207 3336 1264 mihi
3383 1209 3575 1265 liceat.

1936 1297 2108 1369 Origo
2139 1298 2384 1369 Symboli
2413 1295 3004 1366 Constantinopolitani
3042 1297 3114 1351 ad
3162 1297 3578 1369 particularem

1937 1385 2194 1457 aliquam
2250 1386 2588 1453 Ecclesiam,
2646 1384 3016 1458 privatosque
3066 1385 3380 1458 scriptores
3435 1386 3579 1442 refe-

1936 1475 2120 1530 renda
2163 1479 2276 1542 est,
2306 1481 2566 1547 tempore
2609 1474 2762 1530 inter
2807 1475 3086 1529 Nicaenam
3107 1475 3357 1546 primam
3403 1492 3579 1548 syno-

1936 1565 2079 1619 dum
2111 1566 2425 1634 mediante,
2457 1581 2524 1620 ac
2562 1564 2714 1619 inter
2735 1565 2982 1635 primam
3012 1564 3577 1634 Constantinopolita-

1933 1669 2087 1708 nam.
2119 1653 2268 1709 Illud
2320 1653 2545 1726 primus
2575 1652 2834 1724 vulgavit
2863 1653 3205 1724 Epiphanius
3238 1670 3250 1707 :
3301 1653 3579 1726 idemque

1938 1741 2250 1813 amplexati
2303 1745 2442 1797 sunt
2486 1745 2703 1796 centum
2729 1745 2783 1796 et
2809 1742 3210 1813 quinquaginta
3232 1744 3441 1813 Patres,
3473 1743 3574 1814 qui

1935 1846 2089 1886 anno
2102 1831 2202 1886 381
2219 1835 2422 1886 contra
2441 1829 2843 1886 Macedonium
2864 1831 3154 1902 synodum
3169 1830 3577 1888 Constantino-

1937 1918 2054 1990 poli
2089 1919 2475 1975 celebrarunt.
2502 1918 2800 1991 Synodum
2822 1918 2998 1973 istam
3019 1917 3349 1991 generalem
3370 1919 3574 1990 fuisse,

1936 2011 2136 2079 utpote
2166 2007 2401 2063 Damasi
2433 2006 2684 2063 summis
2714 2006 3008 2078 pontiﬁcis
3058 2007 3400 2064 auctoritate
3441 2023 3573 2065 coa-

1935 2102 2111 2167 ctam,
2145 2102 2342 2152 censet
2368 2095 2672 2152 Baronius.
2703 2097 2786 2150 Ex
2811 2103 2928 2167 post
2957 2101 3125 2166 facto,
3167 2101 3233 2152 ut
3277 2096 3575 2169 inquiunt,

1936 2184 2124 2240 eidem
2154 2186 2470 2241 accessisse
2498 2183 2703 2254 synodi
2733 2185 3101 2240 incumenicae
3151 2185 3576 2253 auctoritatem,

1937 2273 2299 2329 arbitrantur
2326 2273 2422 2329 alii
2449 2291 2462 2328 :
2494 2273 2581 2329 vel
2611 2278 2858 2329 Damaso
2888 2290 3040 2346 papa
3069 2289 3198 2329 eam
3228 2273 3578 2329 conﬁrman-

1939 2367 2018 2431 te,
2052 2367 2116 2417 ut
2155 2362 2452 2434 aliquibus
2494 2362 2718 2435 placet;
2750 2362 2837 2418 vel
2885 2361 3092 2418 saltem
3141 2363 3324 2418 Leone
3368 2363 3576 2435 Magno

1936 2451 1997 2506 in
2024 2453 2245 2524 synodo
2261 2451 2748 2520 Chalcedonensi;
2771 2456 2872 2507 aut
2892 2458 3044 2508 certe
3065 2453 3187 2524 ipsa
3202 2452 3406 2523 synodo
3426 2452 3577 2524 prio-
3633 2461 3635 2463 ‘

1935 2555 2058 2595 rem
2088 2540 2814 2612 Constantinopolitanam,
2842 2557 2976 2596 cum
3025 2540 3272 2596 decretis
3318 2540 3473 2610 fidei,
3507 2556 3573 2596 ac

1935 2627 2206 2700 Symbolo
2235 2628 2528 2699 praedicto,
2560 2627 2935 2700 suscipiente,
2966 2633 3023 2684 et
3050 2628 3427 2700 approbante.

2006 2717 2069 2771 In
2094 2716 2431 2772 utramlibet
2452 2717 2802 2773 sententiam
2824 2717 3061 2773 disserit
3071 2716 3437 2773 Christianus
3455 2718 3572 2774 Lu-

1934 2821 2046 2877 pus
2084 2809 2242 2860 tomo
2275 2805 2318 2872 Ι,
2349 2805 2408 2860 in
2439 2804 2686 2860 Scholiis
2711 2806 2784 2860 ad
2813 2805 3080 2860 eamdem
3109 2805 3418 2878 synodum,
3442 2821 3567 2878 cap.

1934 2895 1967 2948 4
1991 2912 2004 2961 ;
2038 2897 2095 2949 et
2117 2897 2276 2950 tomo
2297 2893 2363 2961 V,
2389 2893 2449 2948 in
2479 2892 2728 2949 Scholiis
2757 2894 2829 2949 ad
2861 2893 3146 2949 dictatum
3175 2893 3570 2966 GregoriiVIl,

1935 2982 2253 3050 canone21,
2277 2985 2479 3052 quaest.
2495 2982 2548 3035 3.
2575 2980 2922 3036 Litterarum
2951 2982 3402 3052 conﬁrmationis,
3425 2997 3573 3053 quas

1938 3069 2148 3125 diderit
2171 3069 2479 3135 Damasus,
2523 3068 2731 3124 nullibi
2759 3069 3022 3125 mentio:
3075 3071 3177 3126 sed
3223 3085 3411 3141 neque
3454 3067 3576 3124 ulla

1939 3158 2156 3213 mentio
2185 3157 2448 3228 ejusdem
2478 3157 3093 3229 Constantinopolitanae
3121 3159 3348 3230 synodi,
3379 3157 3440 3212 in
3479 3173 3573 3212 ea-

1939 3264 2052 3320 que
2081 3246 2222 3302 editi
2249 3246 2517 3318 Symboli,
2547 3247 2606 3301 in
2638 3247 2997 3302 mcumenica
3027 3247 3246 3320 synodo
3275 3247 3572 3319 Ephesina.

1861 3323 1904 3390 C
1940 3340 2206 3408 Ignotum
2228 3335 2340 3390 sibi
2363 3351 2489 3390 eam
2513 3335 3219 3408 synodum,ignotumque
3235 3335 3576 3408 Symbolum

1939 3424 2134 3480 testati
2167 3429 2303 3479 sunt
2331 3423 2585 3495 episcopi
2607 3423 2666 3478 in
2697 3423 3102 3496 conciliabulo,
3132 3425 3288 3496 quod
3319 3425 3379 3480 in
3401 3442 3580 3482 causa

1939 3513 2276 3586 Eutychetis
2323 3513 2533 3584 Ephesi
2564 3512 2872 3570 celebravit
2898 3513 3227 3570 Dioscorus.
3278 3513 3342 3570 Id
3398 3515 3574 3587 Euty-

1943 3603 2182 3658 chianos
2231 3603 2498 3674 ignorare
2527 3601 2808 3674 potuisse,
2839 3607 3014 3674 negat
3043 3602 3317 3676 Evoptius
3346 3603 3577 3674 Cyzice-

1944 3708 2057 3747 nus
2088 3707 2221 3745 cum
2250 3690 2375 3746 suis
2403 3690 2982 3762 comprovincialibus
3012 3692 3301 3765 episcopis
3348 3693 3409 3748 in
3456 3694 3578 3765 epi-

1947 3779 2115 3850 stola,
2134 3797 2256 3850 quae
2279 3783 2503 3852 prostat
2515 3780 2574 3835 in
2589 3779 2784 3835 codice
2799 3779 3087 3852 encyclico
3111 3798 3124 3836 :
3145 3780 3440 3852 simulque
3461 3798 3581 3838 mo-

1949 3869 2090 3924 dum
2108 3868 2349 3934 indicat,
2374 3884 2490 3940 quo
2516 3870 2773 3941 synodus
2799 3868 2900 3924 illa
2917 3869 3582 3943 Constantinopolitana,

1951 3959 2105 4013 170
2152 3958 2396 4029 ejusque
2426 3957 2758 4029 symbolum
2789 3959 3195 4015 auctoritatem
3223 3960 3586 4016 obtinuerint

1951 4047 2012 4101 in
2060 4045 2333 4102 Ecclesia.
2396 4046 2580 4101 Verba
2625 4050 2810 4103 sunt:
2863 4047 3024 4102 Hanc
3073 4047 3434 4120 synodum...
3470 4064 3586 4120 prae

1951 4135 2212 4192 omnibus
2233 4134 2452 4206 quidem
2474 4137 2680 4191 veritas
2700 4136 3044 4206 conﬁrmavit
3068 4154 3081 4193 :
3104 4138 3423 4211 eademque
3441 4139 3590 4192 tanto

1954 4232 2196 4295 tempore
2226 4224 2396 4280 robur
2423 4226 2646 4296 accepit.
2662 4223 2800 4280 Utut
2821 4224 3058 4280 demum
3084 4242 3211 4282 sese
3231 4242 3325 4282 res
3352 4226 3586 4282 habeat.
3663 4274 3687 4300 ,

1954 4312 2192 4368 Certum
2240 4312 2307 4366 fit
2353 4317 2836 4385 compertumque
2877 4314 3200 4386 Symbolum
3240 4314 3396 4369 idem
3448 4312 3591 4368 Con-

1953 4401 2523 4472 stantinopolitanum,
2557 4401 2790 4458 nonnisi
2819 4406 2951 4474 post
2969 4403 3257 4475 synodum
3277 4401 3591 4458 Chalcedo-

1958 4507 2220 4557 nensem,
2252 4491 2549 4546 communi
2572 4489 2960 4548 Ecclesiarum
2991 4509 3101 4548 usu
3133 4496 3427 4563 receptum
3451 4491 3592 4547 fuis-

1960 4595 2022 4634 se
2055 4596 2067 4633 :
2102 4594 2168 4634 ac
2199 4579 2488 4650 synodum
2521 4581 2718 4651 etiam,
2744 4597 2922 4651 quam
2961 4584 3195 4636 centum
3225 4584 3283 4636 et
3311 4580 3598 4652 quinqua-

206 4666 432 4738 bamnt,
464 4670 619 4725 ισθ
672 4685 802 4740 quae
855 4669 1136 4723 diﬂ‘erunt
1179 4669 1423 4723 vocibus
1473 4686 1504 4723 a
1547 4669 1774 4725 Nicaena
1802 4677 1853 4724 et
1882 4691 1929 4755 D
1961 4668 2123 4740 ginta
2152 4667 2351 4723 Patres
2380 4667 2440 4722 in
2481 4669 2625 4724 urbe
2655 4668 2834 4740 Regia
2863 4686 3014 4724 anno
3061 4669 3162 4724 381
3213 4669 3598 4738 celebrarunt,

211 4755 822 4830 Constantinopolitana
851 4756 987 4812 fidei
1019 4756 1291 4812 formula.

277 4845 813 4916 Hujusmodivaria
842 4845 1121 4917 Symbola,
1158 4862 1283 4917 quae
1334 4845 1480 4901 lecta
1526 4845 1584 4900 in
1635 4845 1855 4918 synodo

213 4929 430 4989 Simia
457 4953 518 5005 ιι,
547 4942 606 4991 et
636 4935 958 5006 approbata
1000 4933 1180 5001 fuere,
1205 4934 1332 5005 jam
1380 4933 1854 4989 memoravimus.

217 5018 366 5076 ﬁdei
391 5024 790 5080 deﬁnitionem
813 5027 1015 5078 contra
1035 5023 1412 5078 Iconomachos
1435 5023 1692 5078 continet
1710 5023 1858 5078 actio

217 5113 494 5180 septima:
528 5112 755 5168 scilicet
783 5109 1111 5184 Symbolum
1143 5109 1814 5182 Constantinopolitanum
1840 5127 1857 5164 :

219 5201 583 5257 anathemata
630 5205 838 5256 contra
879 5201 1150 5266 haereses,
1199 5200 1484 5268 Arianam,
1517 5199 1860 5255 Macedonia-

221 5302 366 5357 eam,
397 5293 801 5356 Nestorianam,
836 5289 1262 5362 Eutychianam,
1280 5295 1338 5345 et
1366 5289 1822 5345 Monotheliticam
1843 5307 1861 5344 :

227 5389 282 5427 Ic
327 5380 562 5436 demum
612 5380 978 5452 Appendicem
1018 5382 1222 5434 contra
1269 5377 1684 5434 lconomachos
1716 5394 1729 5432 :
1763 5378 1865 5432 Eos

231 5478 360 5532 ηδ,
391 5470 666 5542 inquiunt
714 5473 938 5533 Patres,
970 5469 1067 5538 qui
1105 5467 1308 5522 audent
1335 5469 1502 5523 aliter
1531 5483 1738 5538 sapere,
1769 5474 1866 5522 aut

241 5553 422 5620 duae,
451 5562 538 5614 aut
553 5559 860 5615 secundum
881 5557 1136 5612 scelestos
1167 5555 1450 5612 luereticos
1478 5556 1866 5611 ecclesiasticas

248 5645 534 5704 “taliones
577 5665 859 5720 spernere,
895 5655 950 5701 et
978 5647 1274 5700 novitatem
1304 5645 1604 5716 quamlibet
1646 5646 1865 5714 excogi-

251 5733 357 5798 ειη.
387 5740 462 5794 vel
484 5740 756 5812 projicere
783 5735 1012 5807 aliquid
1040 5749 1110 5788 ea:
1137 5733 1222 5789 his
1269 5750 1391 5809 quae
1438 5737 1567 5791 sunt
1611 5733 1869 5792 Ecclesia:

491 5868 746 5930 Ρλτιιοι.
798 5864 916 5926 Gs.
966 5859 1191 5926 CXLII.

1964 4755 2370 4813 connumerari
2402 4756 2557 4813 inter
2585 4758 2972 4814 cecumenicas
3001 4759 3223 4829 passim
3253 4759 3516 4831 coepisse.

2037 4846 2118 4901 Ea
2186 4861 2316 4901 vero
2393 4846 2736 4914 auctoritas,
2793 4862 2860 4901 ac
2932 4847 3253 4902 reverentia
3333 4847 3606 4920 praedicto

1969 4932 2242 5006 Symbolo
2295 4934 2560 5000 accessit,
2615 4939 2681 4989 ut
2737 4933 3000 4990 absolute
3055 4937 3344 4993 Nicamum
3417 4936 3608 4993 vocari

1969 5022 2354 5078 consueverit.
2396 5022 2460 5077 In
2511 5023 2730 5093 synodo
2784 5023 3445 5095 Constantinopolitana,
3479 5042 3606 5097 quae

1971 5127 2122 5166 anno
2159 5111 2284 5178 536,
2319 5111 2428 5166 sub
2460 5111 2629 5166 Mena
2658 5109 2946 5167 celebrata
2991 5112 3120 5183 fuit,
3150 5117 3336 5169 exstat
3383 5115 3607 5170 actione

1968 5201 2004 5254 5
2061 5199 2339 5271 synodica
2394 5198 2634 5254 alterius
2691 5199 3313 5273 Constantinopolitani
3379 5203 3608 5259 concilii

1972 5305 2125 5344 anno
2155 5289 2264 5343 518
2293 5286 2565 5344 celebrati
2616 5288 2862 5360 epistola
2914 5290 2985 5345 ad
3030 5290 3317 5347 Joannem
3364 5292 3607 5363 patriar-

1974 5377 2144 5432 cham
2186 5393 2382 5444 suum,
2416 5377 2516 5430 ubi
2564 5375 2685 5431 haec
2732 5377 3024 5434 habentur
3056 5395 3068 5432 :
3102 5398 3134 5431 α
3165 5379 3419 5436 Tertium
3454 5380 3613 5453 capi-

1973 5464 2165 5520 tulum
2223 5464 2283 5518 in
2340 5463 2616 5536 petitione
2675 5465 3084 5523 continebatur
3138 5473 3205 5523 ut
3259 5485 3362 5541 pro
3407 5470 3616 5542 majori

1975 5555 2409 5625 Scripturarum
2443 5558 2903 5624 auctoramento,
2932 5562 3136 5612 sancta
3175 5561 3232 5612 et
3279 5573 3492 5629 magna
3520 5574 3614 5631 sy-

1977 5643 2166 5698 nodus
2199 5645 2592 5698 trecentorum
2623 5643 2824 5700 decem
2855 5649 2913 5701 et
2953 5649 3080 5702 octo
3100 5645 3339 5702 Patrum
3373 5663 3614 5718 congre-

1976 5735 2246 5806 gatorum
2295 5731 2355 5788 in
2403 5731 2610 5800 Nicaea,
2645 5733 2745 5806 qui
2793 5738 3060 5791 sanctum
3119 5733 3435 5807 Symbolum
3476 5735 3615 5808 ﬁdei

3295 5859 3334 5922 6
