4094 6450
528 456 636 514 1⁸71

1547 442 1861 503 GEORGII
1905 436 2164 501 CYPR‘II
2209 441 2326 501 GP.
2374 440 2905 503 ΡΔΤΒΙΑΒΟΗΑΞ

3802 442 3916 505 1⁵73

524 585 876 641 deﬁnierunt
930 586 988 636 et
1044 576 1459 643 exclamarunt,
1492 577 1561 632 In
1606 589 1713 645 quo
1762 575 2027 645 baptizati
2072 589 2159 627 su-
2190 575 2242 641 Α
2273 572 2493 629 scilicet
2523 572 2878 644 intelligens,
2908 573 3160 645 Spiritus
3206 573 3390 629 sancti
3443 572 3770 630 divinitatis
3808 574 3914 630 ho—

523 691 669 740 mus,
697 687 748 728 et
780 672 1128 741 baptzzamus
1157 684 1175 720 :
1213 672 1269 721 et
1298 681 1424 735 quae
1455 670 1513 718 in
1542 661 2021 733 ConstantinOpoli
2049 663 2158 717 sub

523 762 786 819 Nectario
818 762 1028 814 sancue
1070 753 1362 810 memorias
1411 757 1760 824 congregata
1786 756 1897 816 est,
1928 756 1985 806 et
2016 768 2160 822 prie-

525 851 745 908 dictum
792 850 1062 904 sanctum
1117 842 1437 915 Symbolum
1481 845 1844 897 trecentorum
1891 839 2074 896 decem
2109 848 2161 894 et

522 944 634 997 octo
708 939 937 993 Patrum
1011 933 1374 1003 conﬁrmavit,
1434 932 1803 1002 apponantur
1855 929 1914 984 in
1977 929 2159 985 sacris

522 1025 833 1100 diptychis.
893 1047 922 1076 ››
972 1026 1139 1078 Patet
1182 1018 1524 1092 Symbolum
1571 1016 2162 1089 Constantinopolita-

521 1133 685 1183 num,
732 1114 871 1170 licet
917 1109 1333 1169 additamentis
1388 1113 1650 1173 auctum,
1682 1106 1797 1162 dici
1846 1105 2160 1177 Symbolum

518 1207 829 1271 Nicwnum,
855 1202 915 1257 in
946 1200 1165 1273 synodo
1195 1197 1363 1269 regiae
1405 1197 1571 1252 urbis
1616 1193 2019 1266 conﬁrmatum.
2054 1195 2159 1251 Pa-

519 1295 606 1350 ria
650 1297 810 1363 sunt,
851 1308 978 1363 quis
1026 1286 1297 1344 monachi
1349 1285 1568 1342 ibidem
1617 1284 1884 1340 scribunt
1930 1301 2039 1340 sua
2093 1283 2153 1340 in

520 1381 811 1455 epistola:
869 1379 1138 1442 Petimus,
1188 1374 1541 1446 inquicntes,
1588 1376 1647 1427 ut
1703 1382 1909 1429 sarcias
1964 1373 2162 1445 synodi

518 1487 615 1543 pro
645 1475 881 1543 tempore
903 1473 1244 1537 congregatae
1278 1478 1376 1535 pro
1406 1462 1532 1531 ﬁde,
1558 1464 1838 1533 ponantur
1882 1464 1943 1517 in
1985 1464 2159 1517 sacris

522 1560 678 1616 libris
709 1577 727 1614 :
777 1559 875 1613 hoc
914 1559 1015 1620 est,
1062 1555 1304 1623 Nicaena,
1349 1566 1475 1624 quae
1519 1552 1853 1607 exclamavit
1902 1551 2159 1607 Sanctum

521 1648 838 1721 Symbolum
866 1647 925 1700 in
954 1660 1059 1715 quo
1088 1642 1351 1714 baptimti
1378 1656 1588 1706 sumus,
1620 1646 1670 1695 et
1703 1640 2080 1711 baptizamus:
2108 1642 2159 1695 et

521 1735 1144 1806 Constantinopolitano,
1164 1747 1284 1804 qua
1305 1732 1483 1802 ipsum
1502 1729 1873 1792 continuavit:
1897 1728 2161 1800 Etpre—

519 1828 668 1894 sina,
699 1841 825 1897 quae
856 1821 1125 1878 similiter
1152 1817 1535 1887 conﬁrmavit,
1556 1824 1718 1888 atque
1742 1817 1914 1872 etiam
1943 1816 2160 1872 Chalce-

2269 666 2441 729 stem,
2468 662 2525 717 in
2571 664 2792 734 synodo
2849 662 3496 734 Constantinopolitana
3541 663 3908 719 damnatum.

2270 750 2353 805 Ita
2378 749 2475 807 ille
2505 749 2718 807 saecula
2746 768 2803 806 ιν
2850 751 3258 808 dissertatione
3307 753 3397 820 37,
3439 756 3548 807 art.
3584 752 3637 819 1,
3666 751 3725 807 in
3776 752 3911 808 ﬁne.

2270 838 2509 894 Fallitur
2556 839 2643 894 vir
2689 841 2917 896 doctus.
2967 839 3338 896 Macedonius
3365 844 3475 911 est,
3511 856 3628 895 non
3673 843 3911 912 primus,

2267 928 2368 999 qui
2414 927 2663 1000 Spiritus
2711 929 2897 986 sancti
2944 928 3309 1001 impugnavit
3353 928 3763 986 divinitatem:
3807 930 3911 986 sed

2267 1015 2447 1086 hujus
2477 1018 2733 1074 nominis
2761 1018 3047 1084 secundus,
3082 1018 3459 1074 immediatus
3490 1017 3678 1089 ipsius
3707 1019 3911 1076 Timo-

2266 1105 2385 1161 thei
2433 1122 2767 1177 praecessor,
2818 1105 3111 1162 catholicas
3152 1106 3287 1162 ﬁdei
3333 1106 3395 1162 in
3452 1105 3911 1165 Cbalcedonensi

2267 1194 2513 1250 concilio
2543 1199 2772 1250 statuta:
2821 1195 3178 1266 professione
3224 1193 3439 1252 clarus.
3472 1194 3632 1251 Hanc
3670 1196 3744 1252 ob
3774 1212 3912 1253 cau-

2267 1299 2394 1337 sam
2428 1283 2499 1339 ab
2539 1284 2843 1340 Anastasio
2899 1283 3255 1356 imperatore
3311 1283 3372 1340 in
3428 1283 3698 1341 exsilium
3755 1301 3911 1341 anno

2266 1372 2393 1442 511,
2434 1371 2625 1444 pulso,
2670 1371 2796 1444 ipse
2843 1371 3187 1429 Timotheus
3239 1370 3567 1443 hereticus,
3599 1376 3657 1428 et
3705 1373 3913 1446 synodi

2267 1459 2788 1518 Chalcedonenssis
2818 1460 3213 1533 impugnator,
3245 1460 3525 1518 suﬂectus
3574 1461 3703 1518 fuit.
3738 1462 3914 1519 Plura

2268 1549 2561 1619 pessimus
2590 1550 2709 1621 egit
2736 1549 2933 1615 homo,
2963 1549 3267 1607 Theodoro
3315 1549 3527 1607 lectore
3558 1555 3726 1620 teste,
3772 1567 3909 1609 con-

2266 1644 2357 1693 tra
2386 1639 2581 1710 ipsum
2611 1639 3015 1695 Maccdonium
3050 1656 3063 1695 :
3115 1655 3182 1695 ac
3235 1638 3388 1696 inter
3431 1639 3547 1697 alia
3591 1640 3913 1711 Symbolum

2270 1726 2394 1783 fidei
2442 1735 2815 1783 trecentorum
2858 1732 2911 1783 et
2950 1727 3243 1784 octodecim
3289 1728 3523 1785 Patrum
3561 1728 3909 1801 (Nicenum)

2266 1826 2325 1870 in
2352 1816 2598 1884 singulis
2627 1816 2865 1873 collectis
2892 1818 3128 1871 recitari
3153 1819 3436 1888 precepit,
3483 1818 3546 1873 in
3584 1816 3770 1874 odium
3797 1822 3907 1874 sci-

516 1914 795 1981 donensis,
827 1927 947 1982 qum
975 1909 1233 1966 similiter
1261 1908 1518 2009 signa'v'it.
1564 1905 1779 2009 Eadem
1827 1904 2001 2003 verba
2048 1904 2157 1959 fre-
2187 1944 2235 2009 Β
2268 1906 2393 1960 licet
2424 1904 3206 2009 Macedoniitpraicessoris‘),
3223 1907 3386 1977 quasi
3430 1906 3528 2009 ille
3574 1921 3682 1962 non
3727 1909 3907 1964 susci-

519 2002 794 2075 quentius
825 2002 1158 2071 repetentur
1204 1996 1261 2051 in
1307 1994 1510 2063 libello,
1543 1992 1645 2064 qui
1692 1992 1818 2047 loco
1857 1991 2034 2048 citato
2065 2008 2155 2047 re-

517 2092 700 2146 fertur
772 2086 1247 2156 inscribiturque,
1328 2081 1603 2153 Quomodo
1657 2081 1978 2152 praedicata:
2047 2082 2159 2136 sint

512 2178 751 2250 synodi;
800 2193 867 2232 ac
907 2176 1146 2231 demum
1192 2172 1253 2227 in
1307 2171 1575 2242 Rescripto
1629 2169 1942 2235 habentur,
1998 2168 2154 2240 quod

515 2265 845 2338 subjicitur,
873 2264 1110 2323 Joannis
1142 2259 1659 2331 Hierosolymitani,
1690 2263 1740 2314 et
1786 2260 2156 2329 episcoporum

515 2357 611 2427 qui
634 2355 731 2412 sub
754 2370 814 2411 eo
861 2357 1008 2420 sunt,
1037 2351 1108 2407 ad
1149 2352 1417 2408 Joannem
1464 2347 2151 2418 Constantinopolitanum.

517 2446 646 2501 Hinc
691 2460 822 2500 vero
870 2442 1144 2501 evincunt
1202 2438 1423 2502 omnia,
1473 2435 1809 2503 Ecclesiam,
1859 2452 1986 2508 quae
2029 2435 2155 2492 sine

516 2533 779 2602 crimine,
822 2529 1074 2602 simplici
1119 2527 1321 2584 relicta
1374 2526 1595 2582 Nicena
1649 2524 1896 2597 Symboli
1950 2526 2151 2593 forma,

514 2624 575 2679 in
607 2639 778 2679 usum
808 2634 1178 2677 communem
1226 2614 1549 2688 Symbolum
1597 2613 2151 2684 Constantinopolita-

513 2728 651 2768 num
680 2706 1095 2767 additamentis
1144 2709 1381 2762 auctum
1429 2703 1693 2769 adduxit,
1726 2701 1850 2774 pari
1898 2702 2154 2773 gaudere

514 2803 816 2873 potestate,
849 2802 914 2852 ut
943 2797 1133 2869 ipsam
1163 2794 1339 2850 etiam
1369 2790 1630 2864 Symboli
1658 2790 2153 2863 Constantinopo-

514 2888 678 2944 litani
709 2884 1021 2942 formulam
1052 2899 1156 2956 pro
1191 2888 1524 2954 temporum
1573 2879 2054 2951 circumstantiis,
2087 2897 2154 2937 ac

513 2977 856 3034 necessitate
889 2973 1160 3046 adigente
1190 2986 1403 3042 augere
1429 2968 1703 3041 potuerit.

581 3066 676 3122 III.
733 3064 1147 3120 Additamenta
1213 3058 1823 3130 Constantinopolitana
1894 3058 2151 3129 pertina-

508 3156 743 3213 cissime
790 3152 1090 3224 rejiciebat
1134 3148 1421 3221 Eutychos
1466 3146 1528 3202 in
1579 3147 1799 3219 synodo
1837 3146 2148 3204 Chalcedo-

507 3246 695 3312 nensi,
752 3260 818 3298 ac
882 3241 1120 3312 rejicere
1170 3239 1550 3310 perrexerunt
1606 3235 1969 3307 Eutychiani,
2043 3251 2146 3293 seu

506 3303 1191 3404 Monopbysitaeillecole-
1209 3326 1367 3382 dicta
1414 3325 1605 3397 capite
1653 3303 2146 3396 superiorevnum.
2179 3303 2222 3370 (ἶ

504 3426 561 3481 5.
594 3422 869 3494 Ejusdem
898 3419 1048 3474 171
1085 3418 1483 3485 contemptum
1532 3413 1789 3485 Symboli
1841 3418 1906 3469 ut
1949 3430 2147 3471 coram

508 3511 821 3586 palamque
849 3505 1222 3563 ostenderent
1263 3507 1470 3559 Petrus
1519 3501 1683 3558 Fullo
1730 3502 2145 3574 Antiochenus,

509 3605 567 3658 et
608 3598 949 3655 Timotheus
992 3589 1687 3663 Constantinopolitanus,
1719 3589 2145 3648 Chalcedonen-

508 3690 591 3746 sis
622 3686 852 3744 concilii
881 3685 1099 3753 hostes,
1132 3683 1418 3739 Nicaenum
1446 3678 1694 3751 simplex
1723 3680 2041 3751 Symbolum
2070 3682 2146 3737 fe-

506 3792 635 3833 cere
660 3791 837 3832 sacrae
866 3771 1135 3844 Liturgia:
1165 3773 1410 3842 partem.
1445 3767 1783 3823 Theodorus
1812 3767 2142 3837 lecto,libro

503 3884 565 3935 ιι,
599 3865 773 3921 refert
806 3880 819 3917 :
850 3865 1081 3917 Petrum
1114 3857 1436 3924 Fullonexi,
1467 3873 1571 3911 seu
1602 3856 1975 3928 Cnaphaaum,
2014 3874 2142 3915 cum

500 3970 692 4010 rursus
734 3951 1100 4024 episcopatum
1144 3952 1508 4017 recuperasset
1536 3944 1951 4015 Antiochenam,
1982 3962 2139 4004 exeo.

498 4043 695 4112 gitasse
738 4044 800 4095 ut
846 4041 903 4094 in
951 4035 1185 4105 singulis
1230 4032 1464 4089 collectis
1491 4032 1809 4103 Symbolum
1844 4033 2136 4092 diceretur.

497 4131 795 4187 Nicaenum
826 4128 1028 4191 fuisse,
1063 4125 1180 4180 haec
1206 4122 1319 4179 alia
1351 4122 1615 4193 ejusdem
1646 4121 1933 4178 Theodori
1964 4127 2139 4182 verba

428 4274 445 4292 ,
497 4221 773 4276 evincunt
805 4235 819 4275 :
855 4216 1160 4272 Timotheus
1190 4212 1520 4283 (episcOpus
1549 4211 2139 4284 Constantinopolita-

494 4310 628 4381 nus)
651 4306 973 4380 Symbolum
993 4303 1120 4373 ﬁdei
1138 4304 1503 4357 trecentorum
1520 4304 1573 4355 et
1594 4300 1887 4356 octodecim
1909 4303 2135 4361 Patrum

492 4415 553 4454 in
580 4397 818 4467 singulis
845 4394 1085 4450 collectis
1116 4390 1344 4445 recitari
1370 4389 1644 4459 praecepit,
1677 4389 1735 4442 in
1765 4388 1954 4445 odium
1982 4395 2136 4450 scili-

490 4490 568 4542 cet
596 4484 927 4549 Macedonii,
960 4480 1117 4551 quasi
1159 4478 1253 4533 ille
1301 4491 1411 4534 non
1457 4477 1764 4545 susciperet
1817 4478 1879 4534 id
1905 4479 2131 4550 Symbo-

490 4574 625 4629 lum.
657 4571 983 4629 Secundam
1041 4565 1313 4638 Cnaphaai
1371 4564 1753 4636 irruptionem
1813 4565 1873 4621 in
1930 4569 2128 4625 sedem

2262 1997 2412 2065 peret
2442 1996 2502 2050 id
2529 1993 2848 2064 Symbolum
2878 1994 3112 2066 (nempe
3141 1993 3485 2062 Nisa-num).

2335 2076 2491 2138 Ritui
2522 2098 2714 2154 porro,
2747 2099 2922 2154 quem
2951 2097 3128 2154 pravo
3158 2081 3402 2138 consilio
3432 2082 3771 2140 invexerant
3796 2082 3913 2140 he-

2264 2172 2422 2227 retici
2458 2170 2896 2244 Monophysite,
2928 2171 3106 2226 ritum
3152 2177 3552 2245 opposuerunt
3581 2172 3909 2245 orthodoxi,

2264 2277 2378 2332 quo
2411 2259 2602 2332 palam
2634 2276 2950 2331 coramque
2980 2260 3038 2314 in
3090 2276 3257 2316 sacra
3285 2259 3547 2332 Liturgia
3587 2267 3802 2318 rectam
3850 2268 3915 2318 et.

2263 2349 2609 2405 catholicam
2641 2348 3059 2404 incarnationis
3086 2347 3402 2404 Dominicaa
3440 2348 3619 2405 ﬁdem
3663 2350 3911 2422 proﬁte-

2263 2443 2485 2510 rentur,
2537 2438 2792 2510 Symbolo
2850 2435 3485 2508 Constantinopolitano,
3542 2440 3697 2510 quod
3768 2440 3911 2510 reji-

2262 2527 2491 2583 ciebant
2520 2526 2626 2597 illi,
2658 2525 2941 2582 adhibito.
2964 2525 3175 2581 Presto
3195 2529 3284 2582 est
3302 2524 3760 2584 ecclesiasticum
3783 2545 3910 2585 mo-

2264 2619 2630 2680 numentum,
2672 2615 2829 2686 quod
2878 2614 2952 2671 ad
2999 2631 3221 2671 annum
3266 2615 3372 2670 518
3420 2616 3673 2687 pertinet
3719 2631 3735 2673 :
3784 2632 3909 2688 quo

2261 2704 2514 2761 maxime
2543 2707 2791 2770 constat,
2811 2703 2938 2774 jam
2958 2708 3084 2761 tum
3112 2702 3174 2759 in
3196 2719 3305 2760 usu
3329 2703 3513 2761 fuisse
3532 2704 3688 2776 apud
3709 2705 3911 2763 ortho-

2259 2793 2461 2858 doxos,
2493 2796 2559 2846 ut
2588 2791 2647 2846 in
2679 2790 2875 2846 divina
2904 2790 3164 2863 Liturgia
3190 2791 3531 2863 Symbolum
3577 2792 3712 2849 fidei
3754 2794 3907 2851 reci-

2258 2884 2497 2938 taretur.
2532 2881 2685 2938 172
2718 2880 2784 2936 In
2829 2877 3026 2937 libello
3074 2880 3347 2953 superius
3386 2885 3728 2938 memorato.
3757 2884 3906 2951 Quo-

2257 2970 2413 3027 modo
2440 2970 2757 3041 praedicatae
2787 2973 2914 3038 (seu
2938 2968 3339 3042 promulgatas)
3359 2972 3474 3025 sint
3502 2971 3718 3043 synodi,
3745 2988 3908 3030 anno

2257 3060 2361 3114 518
2392 3059 2627 3131 scripto,
2654 3058 2889 3115 Justiuo
2918 3057 3146 3113 seniore
3175 3057 3464 3115 catholico
3493 3065 3627 3131 post
3653 3062 3909 3118 Anasta-

2258 3149 2415 3204 sium
2446 3151 2745 3221 regnante,
2777 3145 2898 3202 haec
2926 3145 3219 3202 habentur
3244 3146 3418 3202 verba
3449 3163 3629 3219 prope
3672 3148 3852 3205 ﬁnem
3887 3168 3906 3207 :

2257 3239 2384 3294 Post
2413 3238 2701 3293 lectionem
2722 3237 2901 3291 sancti
2927 3235 3233 3306 Evangelii,
3262 3251 3389 3291 cum
3428 3236 3594 3293 Missa
3635 3251 3706 3293 ea:
3749 3253 3912 3295 more

2257 3326 2647 3397 celebraretur,
2691 3335 2743 3381 et
2795 3325 2998 3379 clausis
3042 3325 3259 3395 faunis,
3318 3329 3372 3380 et
3424 3340 3583 3381 sacro
3640 3325 3909 3397 Symbolo

2257 3418 2373 3487 (τοῦ
2423 3414 2579 3491 ἁγίου
2632 3415 2975 3487 μαθήματος)
3013 3429 3082 3470 ex
3129 3429 3290 3469 more
3334 3414 3596 3481 recitato,
3653 3415 3907 3489 (κατὰτὸ

2256 3504 2494 3575 σύνηθες,
2523 3504 2620 3561 ubi
2648 3512 2867 3560 ventum
2912 3506 2993 3559 est
3033 3501 3109 3559 ad
3155 3503 3451 3574 Diptycha,
3481 3509 3593 3559 etc.
3651 3504 3907 3576 Symbo-

2254 3594 2379 3650 lum
2411 3594 2543 3650 ﬁdei
2568 3594 2693 3665 jam
2725 3607 2879 3648 anno
2905 3592 3011 3648 518
3040 3607 3114 3647 ea:
3140 3607 3290 3648 more
3317 3591 3534 3648 lectum
3581 3592 3900 3653 recitatum

2253 3700 2368 3757 que
2396 3683 2470 3739 ab
2498 3679 2835 3738 orthodoxis
2864 3680 3067 3749 fuisse,
3099 3679 3405 3752 perspicue
3433 3684 3612 3753 patet.

2320 3775 2394 3829 At
2450 3772 2598 3828 illud
2652 3775 2777 3827 erat
2830 3769 3150 3842 Symbolum
3207 3768 3901 3842 Constantinopolitanum.

2249 3863 2311 3918 ld
2341 3862 2545 3933 utique
2574 3860 2717 3916 satis
2747 3859 3011 3915 indicant
3057 3866 3457 3925 monumenta,
3491 3875 3617 3931 quas
3647 3876 3902 3920 numero

2249 3950 2547 4023 superiore
2598 3948 2954 4004 adduximus
3000 3962 3069 4002 ex
3099 3945 3343 4002 concilio
3374 3947 3486 4003 sub
3516 3946 3745 4005 Manna.
3777 3952 3902 4007 Δο-

2247 4040 2399 4096 cedit
2427 4036 2895 4094 luculentissima
2930 4034 3293 4091 conﬁrmatio
3343 4052 3415 4091 ex
3459 4034 3737 4093 Chronico
3772 4039 3901 4097 ,αδ-

2246 4128 2399 4183 batis
2454 4126 2701 4183 Joannis
2759 4123 3110 4181 Biclarensis
3167 4124 3457 4195 Lusitani,
3513 4125 3613 4196 qui
3674 4127 3899 4185 saculo

2244 4223 2404 4273 sexto
2435 4216 2694 4272 ﬂorebat.
2724 4214 2914 4270 Verba
2943 4219 3114 4270 sunt:
3139 4215 3508 4270 Romanorum
3527 4213 3899 4288 (imperator)

2243 4307 2374 4376 LIII,
2405 4306 2657 4362 Justinus
2693 4304 2894 4373 junior
2944 4305 3109 4358 annis
3155 4303 3439 4359 undecim.
3491 4303 3597 4370 Qui
3634 4304 3902 4361 Justinus

2240 4412 2386 4452 anno
2415 4398 2593 4467 primo
2622 4395 2782 4463 regni
2825 4393 2916 4448 sui
2960 4390 3202 4455 (Christi
3230 4392 3382 4463 566),
3414 4408 3481 4448 ea
3524 4407 3651 4464 quas
3693 4400 3893 4451 contra

2237 4483 2506 4556 synodum
2560 4480 3045 4538 Chalwdonensem
3115 4482 3340 4551 fuerant
3413 4483 3735 4550 commenta,
3797 4481 3894 4539 de-

2237 4574 2461 4644 struxit,
2549 4570 2982 4643 Symbolumque
3067 4573 3383 4626 sanctorum
3466 4570 3568 4624 150
3648 4571 3892 4628 Patrum

487 4661 900 4718 Antiochenam
932 4658 1004 4715 ad
1035 4671 1261 4712 annum
1310 4655 1414 4708 476
1444 4653 1750 4725 pertinere,
1781 4654 1992 4712 docent
2021 4658 2124 4714 Le-
2155 4669 2203 4734 ι)
2237 4661 2701 4731 Constantinopoli
2726 4667 3191 4729 congregatorum,
3220 4665 3273 4713 et
3318 4658 3382 4713 in
3409 4658 3614 4729 synodo
3649 4658 3890 4716 Chalce-

486 4750 755 4821 quienus,
787 4749 845 4804 in
881 4748 1103 4803 Oriente
1135 4743 1471 4810 Christiano,
1505 4742 1939 4800 continuatores
1989 4745 2124 4801 Bol-

483 4837 663 4907 laudi,
696 4843 854 4894 torno
887 4836 959 4891 IV
987 4834 1149 4899 Julii,
1179 4831 1468 4887 Antonius
1518 4831 1745 4902 Pagius.
1786 4832 2120 4890 Macedonio

482 4926 660 4999 hujus
690 4925 945 4982 nominis
975 4924 1231 4980 secundo
1253 4937 1405 4977 anno
1425 4921 1526 4975 511
1550 4919 1611 4975 in
1632 4919 1901 4977 exsilium
1928 4923 2117 4994 pulso,

482 5014 888 5088 Monophysita
922 5011 1264 5068 Timotheus
1319 5008 1600 5065 suffectus
1658 5014 1747 5064 est
1799 5009 1859 5064 in
1919 5011 2117 5067 sedem

480 5101 1204 5173 Constantinopolitanam,
1264 5097 1528 5170 rexittu
1582 5096 1900 5154 Ecolesiam
1955 5099 2116 5157 illam

482 5197 705 5263 septem
756 5206 960 5246 annos.
1025 5187 1236 5244 Invecti
1285 5186 1416 5241 novi
1461 5185 1610 5241 ritus
1659 5191 1858 5242 auctor
1901 5187 2011 5243 fuit
2055 5190 2114 5245 in

474 5280 838 5337 Antiochena
866 5276 1122 5333 Ecclesia
1152 5279 1356 5330 Petrus
1386 5273 1548 5329 Fullo
1583 5290 1595 5328 :
1638 5275 1951 5348 ipsumque
1980 5277 2112 5334 imi-

475 5369 588 5424 tari
618 5369 678 5424 in
709 5367 967 5424 Ecclesia
994 5365 1161 5436 regite
1192 5362 1355 5420 urbis
1386 5363 1693 5419 Timotheo
1723 5363 1962 5435 placuit.

540 5459 732 5514 Verba
759 5456 877 5524 illa,
907 5457 969 5511 in
997 5454 1183 5509 odium
1211 5451 1533 5517 Macedonii,
1565 5455 1895 5524 expendens
1934 5455 2107 5512 Nata-

2235 4750 2466 4805 donensi
2493 4756 2786 4819 receptum,
2823 4749 2886 4802 in
2913 4748 3065 4803 omni
3109 4746 3353 4803 Ecclesia
3398 4745 3670 4803 catholica
3717 4763 3751 4802 a
3786 4764 3891 4820 po-

2227 4839 2357 4910 pulo
2415 4837 2807 4893 concinendum
2863 4836 3177 4903 intromisit,
3204 4836 3531 4907 priusquam
3585 4836 3885 4895 Dominica

2228 4928 2457 4984 dicatur
2486 4927 2691 4984 Oratio.
2723 4928 2858 4991 Quae
2890 4940 3100 4996 nempe
3127 4924 3362 4980 Justino
3409 4922 3627 4980 seniori
3664 4940 3882 4983 conve-

2228 5015 2418 5083 niunt,
2434 5020 2491 5070 et
2520 5014 2787 5070 ann0518
2809 5014 2959 5069 facta
2980 5016 3138 5082 sunt,
3154 5013 3461 5083 deceptum
3479 5010 3880 5072 Biclarensem

2226 5104 2506 5159 tribuisse
2543 5103 2771 5160 Iustino
2813 5102 3056 5174 juniori,
3088 5106 3149 5157 et
3193 5101 3265 5156 ad
3313 5117 3535 5157 annum
3577 5102 3686 5156 566
3715 5106 3880 5163 retu-

2226 5191 2384 5263 lisse,
2415 5192 2622 5248 latiore
2650 5192 3018 5248 ostendimus
3048 5190 3307 5246 oratione
3335 5189 3396 5245 in
3424 5195 3626 5247 nostra
3653 5190 3876 5248 disser-

2223 5281 2445 5337 tatione
2473 5282 2544 5336 de
2572 5280 2687 5335 ﬁde
2718 5279 2971 5335 auctoris
3001 5294 3265 5351 operum,
3294 5295 3421 5351 quae
3471 5276 3643 5349 vulgo
3691 5280 3875 5336 Areo-

2221 5370 2473 5442 pagitica
2501 5369 2796 5437 dicuntur,
2828 5368 3018 5441 capite
3048 5369 3134 5423 13.
3166 5371 3300 5424 Hinc
3355 5370 3698 5423 numeratur
3737 5368 3872 5426 Dis-

2217 5461 2439 5515 sertatio
2465 5474 2614 5514 nona
2640 5458 2792 5512 inter
2819 5474 2939 5524 eas,
2960 5473 3107 5529 quas
3134 5455 3505 5529 vulgavimus
3535 5453 3712 5512 simul
3742 5459 3871 5515 col-

466 5546 542 5603 lis
571 5546 917 5611 Alexander,
951 5542 1219 5613 colligere
1245 5540 1355 5597 sibi
1384 5540 1547 5595 visus
1575 5545 1666 5596 est
1698 5559 1710 5596 :
1767 5544 1860 5614 agi
1899 5559 1965 5598 eo
1996 5543 2104 5600 loci
2217 5545 2419 5615 lectas,
2441 5547 2515 5602 De
2543 5547 2707 5618 gestis
2737 5549 2795 5602 et
2821 5548 3044 5618 scriptis
3073 5553 3124 5601 et
3151 5545 3405 5601 doctrina
3431 5546 3607 5601 sancti
3629 5546 3867 5607 Thom

468 5635 539 5690 de
593 5635 848 5707 Symbolo
904 5629 1519 5700 Constantinopolitano,
1576 5630 1812 5686 tametsi
1877 5633 2107 5689 dicatur
2218 5637 2534 5708 Aquinatis.
2567 5637 2950 5692 Communem
2980 5651 3177 5703 usum,
3206 5635 3269 5690 in
3301 5650 3475 5705 quem
3507 5633 3862 5706 Symbolum

462 5722 612 5785 illud
641 5732 1002 5786 trecentorum
1019 5729 1072 5781 et
1089 5720 1381 5778 octodecim
1397 5720 1666 5784 Patrum;
1698 5719 2102 5780 Macedoniam
2212 5722 2922 5798 Constantinopolitanum
2932 5739 3068 5783 cum
3079 5724 3206 5785 suis
3226 5722 3654 5782 Additamentis
3672 5723 3864 5783 dedu-

4018 4904 4019 4921 l

4014 5030 4017 5039 ε

4016 5092 4017 5105 l

3994 6078 3999 6153 Ε

3992 6172 3997 6221 l
