4094 6462
220 425 308 484 H3
1392 421 1603 480 VITA.
1636 451 1711 463 --
1743 419 2260 482 DISSERTATIO
2306 424 2380 482 ll.

3469 427 3584 484 174

225 559 286 612 xit
308 573 407 628 pro
450 571 553 611 sua
584 552 935 608 auctoritate
966 552 1242 619 Ecclesia,
1268 552 1502 607 videant
1530 549 1730 620 Graeci,
1765 567 1831 605 ac
1859 551 1915 616 Α
1946 551 2104 607 Hanc
2156 570 2284 608 esse
2312 554 2629 624 genuinam
2677 553 3004 620 lectionem,
3038 555 3245 626 conjici
3298 559 3488 627 potest
3518 573 3585 612 ex

227 645 470 702 attentius
494 642 844 714 expendant.

284 734 445 790 lV..-\d
470 730 783 802 particulae.
811 727 1472 802 Filioque,adjec'tionem
1507 729 1828 801 proximius

233 823 492 896 pertinent,
524 837 653 892 quae
683 824 1037 890 sequuntur.
1071 819 1299 890 Synodo
1329 817 1617 873 Toletanis
1649 835 1666 870 1
1701 834 1826 887 quae

232 913 286 967 ad
309 927 504 966 annum
548 910 674 975 400,
708 909 768 963 in
818 907 1272 962 Collectionibus
1319 907 1699 962 conciliorum
1740 923 1828 960 re-

230 1004 391 1068 fertur,
441 1000 644 1070 Regula
694 997 826 1068 ﬁdei
882 997 1193 1067 subjicitur
1237 1007 1425 1051 con/ra
1473 1011 1656 1050 omnes
1705 995 1828 1051 haz-

228 1107 350 1154 reses,
393 1092 441 1145 et
483 1088 908 1160 quummaxime
935 1091 1123 1141 contra
1153 1087 1550 1140 Priscitlianos.
1580 1085 1658 1139 Ea
1686 1083 1828 1138 dici-

223 1185 297 1232 tur
332 1178 389 1231 ab
432 1177 705 1247 episcopis
787 1175 1308 1242 Tarraconensibus,
1361 1174 1828 1241 Carthaginensi—

224 1267 311 1335 bus,
349 1266 644 1329 Lusitanis,
697 1266 747 1318 et
799 1264 1024 1319 Baetici:
1069 1266 1219 1334 facta
1247 1281 1264 1314 :
1293 1266 1343 1317 et
1390 1278 1515 1316 cum
1556 1269 1831 1332 przecepto

217 1370 343 1426 papa:
367 1354 515 1408 urbis
564 1354 746 1408 Romae
787 1352 983 1407 Leonis
1029 1351 1097 1405 ad
1125 1351 1469 1412 j~Balconium
1516 1351 1829 1420 episcopum

221 1444 427 1500 Galliciz
471 1442 827 1497 transmissa.
879 1438 1152 1495 Formula
1203 1445 1292 1495 est
1337 1439 1527 1494 instar
1587 1438 1831 1509 Symboli

219 1533 361 1592 edita.
388 1548 452 1586 ac
481 1531 695 1602 incipit
720 1549 738 1584 :
770 1528 1051 1584 Credimus
1099 1530 1158 1581 in
1187 1545 1360 1583 unum
1387 1530 1560 1582 Deum
1590 1529 1827 1597 Patrem,

219 1631 254 1676 et
300 1622 512 1686 Filium,
573 1629 626 1675 et
685 1620 963 1690 Spiritum
1021 1626 1294 1684 sanctum,
1352 1621 1461 1672 etc.
1493 1621 1571 1671 De
1628 1621 1830 1671 sancto

220 1712 383 1765 eodem
427 1709 651 1781 Spiritu
683 1707 806 1764 haec
834 1706 1129 1762 habentur
1159 1723 1172 1760 :
1207 1730 1235 1755 ‹‹
1267 1706 1547 1776 Spiritum
1601 1720 1832 1776 quoque

223 1799 543 1855 Paracletum
575 1797 833 1868 esse,qui
867 1813 972 1852 nec
1007 1795 1177 1850 Pater
1207 1795 1283 1850 sit
1311 1796 1570 1866 ipse,nec
1604 1793 1780 1849 Filius
1815 1811 1827 1848 :

222 1889 296 1943 sed
321 1907 351 1942 a
379 1894 542 1944 Patre
578 1887 829 1956 Filioque
852 1884 1164 1958 procedens.
1200 1907 1228 1933 »

271 1978 576 2032 Romanam
627 1977 827 2030 sedem
877 1991 1032 2030 anno
1064 1974 1169 2028 400
1195 1973 1535 2030 conscendit
1589 1976 1831 2028 sanctus

219 2067 306 2122 Leo
332 2067 572 2138 Magnus
603 2084 622 2118 :
652 2066 809 2120 unde
836 2063 1127 2120 Toletanaa
1177 2063 1395 2136 synodo
1426 2062 1624 2134 prima:
1652 2061 1832 2116 tribui

222 2157 388 2226 Regula
431 2154 534 2210 illa
581 2171 699 2209 non
749 2157 962 2224 potest.
1016 2153 1101 2207 Ad
1151 2168 1374 2207 annum
1425 2152 1529 2206 447
1579 2150 1833 2206 refertur

220 2244 485 2300 concilium
529 2244 892 2314 Hispanicum
919 2241 1195 2312 generale,
1227 2257 1406 2297 suasu
1439 2240 1648 2296 Leonis
1678 2240 1831 2295 I73

225 2333 470 2402 pontiﬁcis
535 2332 829 2387 indictum
883 2330 945 2385 in
1003 2345 1180 2386 causa
1230 2327 1827 2385 Priscillianistarum.

231 2423 394 2477 inter
439 2422 574 2492 ﬁdei
617 2421 868 2488 regulam
914 2419 1185 2490 superius
1235 2422 1640 2485 memoratam,
1686 2418 1834 2472 nihil

237 2517 420 2579 mare,
478 2510 763 2565 adnotant
822 2507 1200 2563 conciliorum
1271 2505 1627 2562 collectores.
1687 2507 1832 2561 Hinc

237 2615 334 2654 vero
357 2601 496 2654 edita
544 2597 648 2653 illa
677 2597 905 2652 videtur
938 2595 999 2651 in
1030 2596 1140 2651 hac
1188 2597 1426 2668 synodo.
1462 2596 1602 2651 Rem
1657 2595 1829 2666 hanc,

235 2693 277 2741 et
298 2688 472 2759 synodi
501 2687 704 2743 locum
755 2691 910 2741 certo
942 2684 1304 2740 addiscimus
1337 2703 1406 2739 ex
1436 2685 1657 2756 synodo
1687 2685 1831 2739 Bra-

227 2778 402 2833 tarensi
432 2777 573 2833 anni
607 2776 714 2830 563
748 2793 761 2830 :
797 2798 824 2823 «
861 2773 1161 2829 Lucretius
1191 2773 1504 2846 episcopus
1535 2773 1679 2828 dixit
1711 2791 1723 2828 :

214 2867 382 2934 Credo,
435 2870 646 2921 vestrae
705 2863 1087 2918 beatitudinis
1144 2862 1566 2918 fraternitatem
1635 2879 1830 2928 nosse,

210 2957 324 3026 quia
348 2973 410 3011 eo
441 2961 671 3027 tempre
703 2970 818 3025 quo
839 2952 898 3007 in
932 2952 1027 3007 his
1049 2951 1384 3024 regionibus
1407 2951 1832 3007 nefandissima

207 3044 557 3100 Priscillianae
607 3052 776 3098 sectas
820 3057 1041 3098 venena
1086 3041 1418 3112 serpebant,
1454 3039 1830 3096 beatissimus

213 3137 343 3206 Papa
389 3133 557 3188 urbis
606 3132 802 3187 Romae
852 3131 983 3185 Leo.
1022 3171 1035 3183 .
1072 3173 1085 3185 .
1119 3171 1131 3182 .
1185 3145 1288 3199 per
1315 3128 1620 3183 Turibium
1664 3133 1828 3183 nota-

1860 1917 1908 1981 B

1935 638 2171 695 laudata
2219 643 2425 698 Leonis
2460 642 2654 714 magni
2706 641 2975 714 epistola,
3010 643 3110 713 qui
3140 660 3334 699 veram
3382 650 3585 700 contra

1938 728 2414 785 Priscillianistas
2455 732 2630 786 {idem
2679 731 2968 803 episcopis
3000 733 3276 804 Hispanis
3323 735 3579 805 tradens,

1937 815 2232 889 ait,capite
2264 819 2362 872 in
2391 819 2584 874 Primo
2615 818 2813 891 itaque
2847 820 3099 892 capitulo
3127 822 3581 893 demonstratur,

1938 921 2116 974 quam
2168 905 2344 977 impie
2374 907 2630 963 sentiant
2682 909 2753 962 de
2784 909 3070 964 Trinitate
3117 910 3479 982 divina;qui
3527 917 3585 967 et

1937 993 2148 1061 Patris,
2181 1000 2237 1049 et
2268 995 2482 1061 Filii,et
2510 996 2762 1068 Spiritus
2795 998 2976 1053 sancti
3013 1015 3189 1053 unam
3222 1005 3395 1070 atque
3425 1017 3583 1055 eam-

1938 1082 2070 1137 dem
2101 1088 2373 1138 asserunt
2402 1100 2528 1139 esse
2561 1101 2892 1154 personam,
2923 1091 3206 1157 tanquam
3239 1088 3393 1142 idem
3427 1089 3583 1143 Deus

1937 1188 2093 1226 nunc
2117 1171 2464 1239 Pater,nunc
2486 1172 2851 1240 Filius,nunc
2865 1175 3119 1246 Spiritus
3135 1180 3373 1232 sanctus
3399 1179 3584 1231 nomi-

1937 1265 2108 1314 netur
2141 1278 2152 1315 :
2185 1277 2291 1316 nec
2326 1261 2477 1317 alius
2507 1262 2586 1317 sit
2616 1263 2715 1333 qui
2766 1264 2990 1335 genuit,
3023 1263 3174 1319 alius
3206 1265 3305 1335 qui
3355 1267 3587 1337 genitus

1937 1354 2047 1414 est,
2080 1348 2230 1406 alius
2260 1351 2358 1421 qui
2389 1351 2452 1406 de
2480 1361 2712 1422 utroque
2736 1362 3002 1421 processit
3034 1375 3061 1404 »
3097 1353 3175 1408 Ex
3205 1353 3313 1409 hac
3345 1355 3584 1411 demum

1938 1437 2073 1492 fidei
2105 1439 2307 1510 regula
2326 1456 2525 1496 vocem
2543 1443 2788 1512 Filioque
2817 1442 2875 1495 in
2909 1442 3104 1513 ipsum
3131 1443 3586 1514 Constantinopo-

1940 1528 2176 1582 litanum
2196 1529 2515 1599 Symbolum
2542 1530 2916 1586 transtulisse
2946 1531 3277 1603 insequenti
3302 1531 3513 1588 saeculo
3529 1551 3588 1589 v1

1939 1615 2224 1671 Ecclesiae
2255 1617 2691 1688 Hispaniarum,
2725 1620 2913 1690 capite
2944 1624 3224 1692 sequente
3249 1621 3583 1676 dicendum.

2014 1706 2165 1760 174
2222 1706 2289 1758 V.
2347 1707 2564 1762 Szeculo
2634 1708 2882 1778 septimo
2959 1708 3278 1764 Ecclesiam
3351 1727 3585 1766 omnem

1939 1793 2367 1850 Occidentalem
2390 1795 2603 1868 legisse
2624 1797 2981 1868 adjectionem
3001 1797 3059 1852 in
3083 1799 3284 1853 eodem
3314 1799 3586 1871 Symbolo

1940 1881 2602 1954 Constantinopolitano,
2665 1891 2863 1940 narrat
2920 1886 3150 1942 Manuel
3216 1886 3470 1944 Calecas.
3533 1889 3588 1944 Is

1941 1972 2174 2027 natione
2213 1972 2468 2034 Graecus.
2499 1978 2635 2028 ante
2666 1991 2886 2028 annum
2921 1976 3057 2029 1400
3088 1974 3342 2031 clarebat
3379 1976 3588 2032 litteris

1939 2060 2462 2132 Constantinopoli,
2496 2061 2692 2133 ibique
2750 2079 2963 2118 nomen
3009 2063 3195 2119 ordini
3246 2065 3588 2122 Praedicato-

1941 2166 2071 2204 rum
2105 2149 2263 2205 dedit
2295 2150 2352 2204 in
2384 2150 2655 2206 Cmnobio
2681 2155 2837 2206 Peras
2867 2153 3091 2223 pridem
3123 2157 3332 2208 erecto.
3373 2154 3589 2210 Salutis

1940 2237 2247 2310 gentilium
2281 2256 2523 2294 suorum
2556 2240 2749 2294 studio
2784 2240 3323 2313 ﬂagrans,plurima
3352 2243 3588 2315 scripsit

1941 2327 2154 2397 quibus
2204 2344 2301 2383 eos
2350 2333 2645 2384 revocaret
2696 2330 2767 2384 ab
2821 2331 3136 2386 erroribus.
3170 2331 3248 2386 De
3301 2333 3585 2403 praedictae

1940 2413 2247 2470 Additionis
2297 2419 2556 2487 tempore
2589 2417 2672 2471 sic
2721 2417 2894 2472 habet
2926 2417 3072 2473 libro
3104 2436 3159 2473 1v
3199 2421 3405 2474 Contra
3438 2420 3586 2476 Gm-

1937 2519 2062 2559 cos:
2088 2526 2114 2553 «
2151 2504 2374 2559 Iudicat
2402 2505 2559 2559 enim
2588 2509 2646 2559 et
2675 2506 2881 2562 beatus
2913 2507 3204 2563 Maximus
3236 2507 3292 2563 in
3326 2509 3587 2580 Epistola

1939 2593 2011 2648 ad
2061 2593 2349 2648 Marinum
2384 2611 2397 2647 :
2430 2594 2779 2651 Additionem
2824 2596 2985 2662 hanc,
3027 2614 3142 2651 non
3192 2599 3427 2667 quando
3480 2600 3584 2653 Ec-

1939 2682 2250 2736 clesiarum
2284 2684 2541 2738 scissura
2563 2685 2713 2738 facta
2736 2685 2950 2749 est,sed
2978 2684 3146 2757 longe
3165 2690 3296 2742 aute
3322 2687 3602 2742 additam'

1939 2787 2089 2836 esse,
2121 2775 2178 2826 et
2207 2771 2470 2827 fortassis
2501 2776 2634 2827 ante
2665 2789 2771 2827 sua
2813 2778 3095 2846 tempora.
3133 2775 3261 2829 Fuit
3290 2780 3484 2830 autem
3516 2794 3582 2831 eo

1937 2863 2346 2932 tempore,quo
2378 2863 2540 2914 sexta
2571 2862 2828 2932 synodus
2859 2862 3105 2916 conﬂata
3128 2863 3578 2934 est.Propterea,

1938 2948 2113 3004 rebus
2142 2947 2514 3019 urgentibus,
2546 2965 2681 3003 cum
2710 2949 2978 3021 quosdam
3005 2951 3362 3006 Occidentalis
3393 2953 3583 3008 Eccle-

1938 3038 2034 3092 siae
2069 3036 2191 3091 haec
2239 3037 2418 3107 pestis
2449 3036 2733 3108 paulatim
2766 3055 2830 3092 ac
2882 3038 3104 3093 sensim
3136 3039 3416 3110 inliceret,
3444 3058 3578 3096 con-

1937 3126 2178 3182 veniens
2223 3126 2504 3197 synodus,
2535 3142 2607 3181 ea;
2634 3127 2772 3182 Filio
2803 3130 2975 3182 etiam
3014 3127 3283 3198 Spiritum
3327 3136 3582 3186 sanctum

205 3223 332 3276 rium
372 3222 530 3277 sedis
557 3237 677 3276 sua:
701 3221 772 3274 ad
791 3218 1064 3290 synodum
1085 3218 1329 3272 Galliciae
1353 3221 1556 3272 contra
1582 3217 1827 3288 impiam
1869 3285 1899 3290 Α
1934 3215 2242 3287 procedere,
2278 3215 2552 3286 Symbolo
2583 3215 2794 3284 adjecit
2827 3233 2839 3270 ε
2874 3217 2944 3270 ad
2979 3218 3132 3288 quod
3163 3217 3406 3273 Romani
3439 3219 3582 3273 Pon-

203 3310 522 3366 Priscilliani
553 3313 774 3364 sectam
795 3285 1016 3378 scripta
1047 3323 1153 3361 sua
1181 3305 1407 3361 direxit.
1442 3306 1623 3376 Cujus
1648 3285 1824 3360 etiam
1859 3285 1900 3350 (ἶ
1934 3285 2111 3360 tificis
2159 3285 2484 3359 suffecisset
2530 3304 2865 3373 auctoritas,
2917 3285 3043 3376 quae
3094 3306 3270 3362 etiam
3327 3308 3579 3378 synodos

206 3404 459 3472 precepto
509 3400 999 3460 Tarraconenses,
1051 3402 1107 3450 et
1167 3394 1654 3466 Carthaginenses
1704 3394 1823 3466 epi-

206 3491 364 3559 swpi,
410 3486 683 3543 Lusitani
715 3502 967 3557 quoque,
1003 3489 1060 3539 et
1109 3483 1330 3551 Baetici,
1363 3483 1514 3538 facto
1563 3483 1716 3538 inter
1763 3499 1825 3538 se

209 3577 439 3642 concilio,
473 3577 744 3644 Regulam
790 3573 919 3644 ﬁdei
948 3578 1150 3629 contra
1178 3571 1604 3627 Priscillianam
1645 3572 1825 3628 hmre-

211 3666 313 3734 tim,
363 3682 497 3720 cum
547 3663 846 3734 aliquibus
905 3661 1179 3734 capitulis
1246 3661 1701 3727 conscribentes,
1753 3660 1824 3714 ad

212 3753 498 3809 Maenium
530 3758 675 3807 tunc
703 3751 882 3822 hujus
907 3749 1178 3805 Ecclesiae
1208 3748 1581 3804 Bracarensis
1615 3765 1828 3820 praesa.

215 3841 294 3896 lea;
323 3843 685 3898 dii-exerunt.
718 3865 743 3890 n
778 3839 1168 3895 Memoratum
1218 3839 1424 3893 Leonis
1456 3837 1652 3909 Magni
1678 3852 1825 3909 pra:-

215 3938 389 3996 κρίμνα
432 3930 653 4003 legitur
685 3929 742 3983 in
774 3927 1040 4000 ejusdem
1071 3925 1320 3996 epistola
1349 3927 1502 3997 apud
1549 3925 1827 3989 Quesnel-

213 4016 319 4074 iam
352 4021 440 4088 14,
474 4019 548 4074 ad
597 4033 821 4072 annum
853 4017 956 4071 447
1011 4016 1358 4087 pertinente,
1391 4014 1461 4068 ad
1510 4013 1832 4068 Turribium

211 4111 488 4180 aucupum
537 4108 937 4162 Asturicensem
986 4105 1222 4170 directa,
1281 4119 1408 4174 quas
1476 4102 1569 4157 his
1641 4102 1831 4158 verbis

211 4195 468 4253 deuditur
499 4214 514 4250 :
554 4218 583 4246 ι(
615 4195 901 4251 Dedimus
929 4193 1128 4264 itaque
1159 4192 1382 4247 litteras
1411 4192 1482 4246 ad
1516 4191 1742 4258 fratres,
1776 4196 1834 4246 et

207 4287 552 4357 caepiscopoa
587 4288 825 4339 nostros
859 4286 1312 4351 Tarraconenses,
1357 4280 1832 4350 Carthaginenses,

202 4371 490 4442 Lusitanos,
522 4384 694 4445 atque
740 4371 1010 4428 Gallicos:
1044 4369 1247 4441 eisque
1279 4367 1590 4424 consilium
1637 4369 1836 4438 synodi

197 4466 452 4526 generali:
483 4461 831 4518 indiximus.
864 4461 951 4515 Ad
985 4463 1096 4514 tum
1128 4456 1459 4513 dilectionis
1490 4456 1834 4512 sollicitudi-

194 4563 309 4605 nem
361 4551 702 4624 pertinebit,
736 4556 804 4605 ut
833 4553 1045 4605 nostra:
1101 4545 1487 4602 ordinationis
1518 4545 1836 4601 auctoritas

1937 3393 2192 3464 reliquas
2223 3393 2575 3447 corroborat.
2612 3415 2640 3443 ››

2005 3485 2234 3537 Sextam
2255 3481 2543 3553 synodum
2562 3481 2978 3537 mcumenicam
3001 3500 3151 3538 anno
3172 3484 3277 3539 680
3290 3484 3577 3541 celebrare

1934 3574 2232 3642 coeperunt
2282 3570 2501 3625 Patres.
2552 3571 2745 3642 Longe
2791 3576 2944 3640 ante,
2976 3572 3197 3628 scilicet
3241 3591 3393 3629 anno
3448 3575 3574 3646 662,

1935 3660 2054 3714 vita
2121 3658 2470 3730 migraverat
2515 3659 2806 3716 Maximus
2863 3677 2874 3716 :
2926 3663 3026 3716 sed
3075 3663 3201 3733 ipse
3262 3663 3583 3719 Martinum

1938 3750 2153 3820 Papam
2203 3764 2356 3802 anno
2385 3748 2491 3800 649
2523 3747 2756 3820 impulit
2785 3749 2857 3803 ad
2905 3750 3317 3806 celebrandum
3351 3753 3586 3810 Latera-

1940 3854 2118 3892 nense
2175 3836 2454 3890 adversus
2510 3836 2922 3894 Monothelitas
2981 3839 3290 3895 concilium
3347 3860 3358 3895 :
3417 3842 3589 3912 eique

1941 3942 2199 3998 praesens
2249 3925 2456 3980 adfuit.
2490 3925 2824 3981 Orationem
2875 3944 3042 3984 suam
3075 3944 3346 4000 perorare
3389 3934 3592 3984 contra

1941 4015 2170 4070 Graecos
2219 4013 2407 4084 pergit
2435 4012 2670 4069 Calecas
2696 4014 2912 4070 ibidem
2951 4034 2962 4070 :
3000 4040 3027 4068 ‹‹
3061 4017 3262 4088 Neque
3305 4035 3446 4073 sane
3479 4019 3593 4072 mi-

1942 4104 2214 4173 randum,
2249 4102 2578 4157 Romanum
2611 4103 2972 4176 episc0pum,
3004 4110 3302 4162 convocato
3341 4107 3596 4162 Occiden-

1943 4193 2143 4247 talium
2173 4192 2548 4262 episcoporum
2594 4193 2855 4263 concilio,
2890 4193 3035 4248 illud
3073 4195 3420 4251 decrevisse.
3453 4195 3598 4250 Nam

1943 4281 1995 4335 si
2025 4279 2333 4350 provincia:
2383 4296 2534 4350 saepe
2564 4280 2809 4352 singulae
2842 4281 3092 4337 concilia
3141 4283 3597 4354 celebraverunt,

1945 4369 2146 4439 eisque
2197 4369 2512 4423 auctoritas
2565 4373 2839 4441 derogata
2888 4388 3002 4425 non
3057 4377 3150 4426 est
3180 4390 3193 4427 :
3227 4371 3412 4428 multo
3460 4389 3600 4428 sane

1946 4457 2136 4530 magis
2162 4457 2271 4512 hoc
2301 4456 2399 4512 ille
2429 4458 2620 4528 potuit
2649 4474 2784 4512 cum
2817 4459 3097 4515 omnibus
3134 4461 3353 4516 circum
3385 4477 3446 4516 se
3475 4461 3601 4531 epi-

1949 4546 2164 4618 scopis,
2199 4546 2299 4617 qui
2330 4551 2531 4616 pastor
2558 4545 2806 4617 primus,
2840 4552 2897 4601 et
2927 4547 3192 4603 Ecclesiae
3224 4549 3403 4604 totius
3435 4549 3603 4604 Pater

195 4638 254 4691 εἰ
283 4641 698 4710 pradictarum
730 4636 1160 4709 provinciarum
1183 4635 1489 4708 episcopos
1519 4635 1832 4690 deferatur.
1872 4653 1916 4716 Ι)
1949 4641 2056 4691 est.
2095 4677 2106 4688 .
2146 4678 2158 4689 .
2187 4635 2246 4690 Si
2281 4635 2412 4706 quis
2443 4634 2779 4707 interroget,
2814 4635 2953 4706 quid
2987 4637 3067 4691 sit
3095 4655 3108 4692 :
3138 4639 3293 4708 quod
3325 4655 3458 4693 cum
3491 4638 3604 4693 ista

193 4723 246 4779 Si
273 4736 472 4785 autem
505 4728 756 4800 aliquid,
791 4727 945 4799 quod
978 4724 1166 4781 absit!
1201 4723 1492 4779 obstiterit
1523 4723 1842 4793 quominus

195 4818 372 4883 possit
403 4817 686 4874 celebrari
713 4816 974 4886 generale
1007 4815 1321 4879 concilium,
1354 4811 1606 4867 Galliciae
1639 4811 1846 4867 saltem

197 4902 252 4957 in
277 4923 462 4964 unum
492 4907 845 4962 conveniant
874 4904 1225 4960 sacerdotes.
1261 4924 1289 4951 ›ι

263 4993 415 5050 Hanc
461 4997 733 5052 eamdem
784 4994 1047 5065 Regulam
1094 4991 1240 5062 ﬁdei,
1295 5006 1473 5062 quam
1536 4988 1841 5044 memorati

201 5083 442 5155 episcopi
471 5085 626 5139 inter
676 5101 737 5139 se
790 5082 1200 5138 convenientes
1250 5078 1581 5144 ediderunt,
1612 5077 1846 5132 exhibet

204 5167 472 5242 integram
525 5189 720 5228 sermo
777 5173 900 5235 129,
933 5172 1086 5225 inter
1135 5185 1232 5223 eos
1283 5168 1351 5222 de
1395 5170 1653 5238 tempore,
1697 5181 1843 5236 quos

205 5261 552 5330 Augustinus
601 5259 994 5316 concinnavit.
1027 5259 1229 5313 Exstat
1257 5256 1316 5310 in
1350 5255 1614 5310 Parisina
1648 5271 1845 5309 mona-

211 5345 431 5404 cbornm
477 5350 674 5406 Sancti
708 5349 895 5405 Mauri
940 5347 1198 5404 editione
1227 5346 1285 5400 in
1320 5344 1643 5416 appendice
1676 5359 1840 5398 num.

211 5434 318 5502 1'53,
363 5447 420 5494 et
463 5441 521 5495 iu
589 5439 788 5495 codice
837 5453 1135 5494 canonum
1210 5433 1478 5489 Ecclesiae
1547 5433 1841 5498 Romanae,

223 5530 558 5596 1tm.40,sub
588 5529 761 5584 titulo
792 5527 990 5583 Libelli
1021 5525 1319 5594 Augustini
1345 5523 1408 5577 de
1437 5522 1542 5592 ﬁde
1570 5521 1846 5576 catholica

229 5621 378 5670 Μέγα
405 5635 581 5675 omnes
613 5619 871 5676 messe.
908 5617 973 5670 1n
1007 5618 1118 5670 isto
1150 5617 1387 5669 sanctus
1417 5610 1670 5682 Spiritus
1701 5609 1842 5664 dici-

235 5709 304 5755 ῖιε
339 5725 368 5762 τι
411 5710 571 5766 Patre
612 5708 920 5784 procedens
956 5722 969 5762 :
1001 5704 1063 5759 in
1113 5701 1233 5772 illo,
1276 5719 1309 5758 a
1360 5706 1525 5758 Patre
1570 5700 1844 5772 Filioque.

1951 4724 2167 4779 addit-io
2187 4725 2420 4795 antiqua
2447 4725 2541 4790 sit,
2574 4740 2689 4777 non
2721 4724 2894 4778 etiam
2927 4725 2994 4778 ab
3026 4726 3400 4782 Orientalibus
3438 4731 3602 4800 Sym-

1957 4811 2086 4868 bolo
2137 4812 2355 4868 inserta
2386 4813 2506 4866 sit:
2542 4812 2799 4882 primum
2850 4813 3109 4883 quidem,
3161 4815 3358 4870 debita
3406 4817 3604 4886 subje-

1955 4901 2144 4956 ctione
2203 4917 2269 4956 ac
2326 4900 2646 4955 reverentia
2705 4900 2966 4956 Romano
3025 4901 3288 4957 Pontifici
3362 4905 3606 4974 ejusque

1954 4989 2218 5044 Ecclesiae
2251 4988 2496 5058 reddita,
2532 4987 2676 5042 nihil
2708 5004 2777 5042 ex
2808 4988 2916 5043 hoc
2958 4990 3050 5060 (ex
3077 4991 3397 5047 omissione
3430 4991 3607 5064 parti-

1954 5078 2095 5133 culae
2171 5077 2468 5147 Filioque),
2528 5076 2585 5130 in
2639 5077 2750 5131 ﬁde
2804 5076 2894 5131 vel
2955 5078 3205 5145 ditl‘erre,
3265 5080 3350 5134 vel
3411 5085 3612 5135 contra

1954 5167 2170 5222 sentire
2217 5166 2594 5236 putabantur.
2632 5206 2643 5218 .
2682 5209 2694 5219 .
2732 5206 2744 5218 .
2783 5207 2795 5220 .
2830 5166 3050 5220 Deinde
3085 5183 3321 5223 necesse
3355 5186 3468 5224 non
3502 5168 3613 5223 fuit

1955 5260 2173 5310 rectam
2223 5260 2280 5309 et
2326 5269 2644 5324 congruam
2696 5255 2766 5308 de
2813 5254 2980 5323 Filio,
3031 5260 3088 5310 et
3131 5263 3333 5312 sancto
3386 5259 3606 5329 Spiritu

1956 5343 2407 5414 intelligentiam
2453 5342 2756 5409 habentes,
2788 5360 2912 5398 cum
2960 5345 3236 5401 additione
3279 5347 3608 5418 Symbolum

1957 5434 2156 5503 legere,
2190 5438 2299 5486 etc.
2339 5473 2350 5484 .
2386 5476 2402 5486 .
2441 5471 2454 5484 .
2487 5432 2542 5485 Si
2579 5432 2711 5502 quis
2739 5433 3000 5503 objiciat,
3037 5437 3365 5506 oportuisse
3396 5436 3610 5493 Graecos

1958 5524 2133 5576 etiam
2162 5523 2430 5586 vocari,et
2461 5520 2691 5592 Synodo
2725 5521 2793 5576 de
2825 5525 3114 5578 sententia
3145 5525 3408 5580 omnium
3444 5542 3606 5580 com-

1957 5611 2258 5666 municare
2293 5627 2305 5664 :
2340 5609 2596 5681 primum
2648 5610 2886 5681 quidem
2935 5629 3061 5668 cum
3090 5623 3218 5668 nota
3267 5616 3492 5670 omnino
3522 5631 3608 5669 res

1955 5703 2089 5758 esset
2143 5703 2301 5771 (cum
2361 5696 2582 5756 scilicet
2656 5701 2949 5772 processio
3000 5702 3250 5774 Spiritus
3330 5704 3515 5759 sancti
3572 5720 3605 5761 a
