4094 6474
499 499 614 556 175
1524 493 1842 553 GEORGII
1885 492 2141 554 CYPRI]

2273 494 2311 552 ⁵.
2361 495 2510 555 ΡΑΤ
2520 494 2888 557 ΒΙΑΗΟΗᾹΞ
3788 493 3904 556 176

495 631 664 684 Patre
704 633 758 683 et
804 628 945 682 Filio
975 643 1074 681 Seu
1122 641 1221 698 per
1247 627 1453 680 Filium
1500 625 1558 680 in
1604 641 1703 680 ore
1729 625 1851 696 jam
1900 641 2016 680 aevo
2046 624 2143 680 illo
2174 629 2227 694 Α
2251 628 2433 697 primo
2515 628 2735 698 quidem
2817 632 3177 684 consonantia
3262 630 3584 685 Latinorum
3676 630 3904 684 Patrum

498 718 644 772 foret
699 717 933 770 Patrum
983 715 1309 770 Graecorum
1359 732 1424 769 ac
1476 714 1860 785 Latinorum),
1908 729 2143 769 necesse
2252 717 2569 771 testimonia
2597 720 2947 788 protulerunt
2977 717 3430 789 (Romani,quos
3461 717 3655 773 Romae
3686 734 3900 773 consu-

494 822 611 863 non
662 807 791 872 fuit,
841 806 1116 861 omnibus
1164 806 1316 860 hanc
1361 804 1739 859 conveniendi
1814 803 2140 858 molestiam
2250 802 2407 860 lebat
2440 805 2773 877 Maximus),
2804 815 3072 876 praetecea
3100 815 3269 861 etiam
3297 806 3500 879 Cyrilli
3527 806 3901 862 Alexandrini

493 897 770 965 indicere,
822 900 929 950 etc.
968 937 980 949 .
1017 936 1029 948 .
1068 935 1081 948 .
1118 936 1130 948 .
1164 894 1311 949 Nam
1361 894 1411 948 si
1462 893 1747 963 (demum)
1800 891 2143 947 additionem

495 986 727 1055 impiam
757 983 1132 1039 existimant:
1158 999 1263 1037 cur
1282 981 1467 1037 sancti
1497 981 1733 1036 Maximi
1756 980 2142 1051 temporibus,

497 1078 672 1144 atque
701 1078 833 1128 ante
862 1072 1038 1139 hunc,
1072 1071 1287 1144 quando
1319 1071 1637 1142 Symbolum
1666 1071 1745 1125 ita
1774 1071 1950 1125 omnis
1994 1069 2144 1123 Occi-

496 1162 732 1219 dentalis
777 1162 1026 1217 Ecclesia
1074 1160 1227 1216 115
1274 1160 1499 1231 legebat,
1534 1159 1737 1215 Oriens
1783 1164 1943 1214 totus
1994 1159 2144 1212 hanc

496 1251 858 1323 impietatem
909 1267 1019 1305 nsn
1051 1248 1368 1321 redarguit,
1401 1264 1587 1320 neque
1627 1248 1699 1302 ab
1729 1246 1987 1302 Ecclesia
2033 1246 2144 1300 Ro-

496 1356 673 1396 mana
694 1340 993 1396 abscissus
1024 1344 1113 1394 est
1131 1337 1237 1392 ?At
1266 1338 1324 1392 id
1349 1337 1587 1408 quidem
1610 1336 1690 1390 illi
1723 1352 1838 1391 non
1863 1335 2143 1390 fecerunt.

499 1431 622 1486 Imo
670 1436 869 1484 coacta
896 1437 1052 1485 sexta
1098 1432 1156 1483 et
1200 1428 1430 1498 septima
1481 1424 1726 1498 synodo,
1758 1425 2145 1495 adjectionem

499 1519 651 1573 hanc
679 1522 743 1572 ut
765 1519 922 1589 piam
940 1516 1164 1588 liquido
1197 1515 1756 1586 comprobaverunt:
1791 1529 1979 1584 neque
2010 1513 2149 1583 quia

498 1607 685 1662 vocati
735 1623 852 1661 non
884 1610 1045 1670 sunt,
1094 1603 1346 1676 graviter
1391 1601 1670 1657 tulerunt.
1708 1626 1736 1650 «ι
1768 1606 1927 1655 Bona
1974 1600 2149 1655 mista

503 1694 676 1751 malis
705 1693 937 1766 (lubens
965 1693 1189 1764 fateor),
1223 1692 1495 1764 propinat
1523 1690 1776 1747 Calecas.

2252 892 2675 964 (testimonium
2736 894 3148 966 proferebant).
3200 895 3331 951 Hazc
3391 895 3684 965 evincunt,
3728 898 3902 967 juxta

2254 981 2489 1037 Maximi
2520 988 2868 1050 mentem,et
2896 984 3298 1039 auctoritatem
3330 985 3387 1039 in
3420 1000 3517 1040 ore
3547 983 3900 1057 scriptisque

2256 1070 2596 1127 Latinorum
2648 1077 2883 1127 Patrum
2931 1073 3184 1144 Spiritus
3231 1073 3415 1128 sancti
3466 1073 3899 1145 processionem

2253 1158 2445 1213 offerri
2475 1176 2545 1215 ea:
2589 1163 2756 1216 Patre
2783 1163 3050 1232 Filioque,
3082 1179 3148 1216 ac
3197 1163 3377 1217 etiam
3421 1162 3649 1218 Graecos
3701 1161 3903 1218 Patres

2255 1249 2622 1304 consentire:
2676 1250 2917 1305 minime
2949 1255 3145 1306 tamen
3175 1250 3233 1305 in
3284 1251 3537 1322 Symbolo
3586 1252 3901 1307 Constanti-

2253 1338 2572 1407 n0politano
2599 1338 2885 1409 adjectum
2916 1338 3026 1411 legi
3078 1338 3425 1411 particulam
3454 1341 3720 1412 Filioque.
3756 1339 3901 1396 Rem

2255 1426 2621 1481 verissimam
2691 1427 2978 1483 Maximus
3053 1428 3355 1485 referebat.
3412 1429 3606 1484 Sancti
3689 1429 3904 1485 Leonis

2255 1515 2447 1585 Magni
2472 1520 2694 1570 textum
2719 1516 2992 1588 superius
3011 1517 3432 1589 descripsimus
3454 1535 3523 1573 ex
3547 1517 3804 1590 Epistola
3829 1518 3903 1574 ad

2255 1603 2589 1659 Turribium
2636 1605 3071 1661 Asturicensem
3104 1623 3256 1661 anno
3287 1608 3389 1661 447
3442 1607 3578 1662 data
3610 1623 3623 1662 :
3657 1607 3907 1679 Spiritus

2255 1693 2846 1765 sanctus,inquientis,
2871 1696 2969 1765 qui
2994 1694 3060 1750 de
3086 1697 3313 1768 utroque
3339 1696 3909 1767 processit.Consona

576 1783 639 1839 In
670 1784 822 1838 hanc
871 1782 1184 1838 additionis
1220 1778 1555 1836 chronicam
1606 1783 1788 1834 totam
1818 1777 2148 1833 consentire
2256 1781 2431 1835 verba
2460 1780 2518 1834 in
2550 1798 2658 1836 sua
2706 1781 2910 1852 Regula
2938 1781 3067 1851 fidei
3094 1782 3299 1838 eodem
3331 1799 3485 1839 anno
3524 1783 3911 1840 inseruerunt

502 1873 733 1928 videtur
776 1871 1036 1927 Joannes
1064 1871 1302 1935 Beccus,
1336 1870 1595 1924 oratione
1623 1871 1659 1922 2
1687 1868 1757 1923 de
1806 1868 2025 1937 injusta
2056 1865 2147 1921 sui
2258 1868 2497 1940 Hispani
2529 1869 2783 1941 episcopi
2820 1887 2832 1925 :
2865 1870 2970 1925 Sed
2999 1888 3034 1927 a
3064 1873 3256 1940 Patre,
3279 1871 3629 1943 inquientis,
3652 1873 3909 1944 Filioque

505 1959 887 2033 depositione,
940 1975 1105 2014 num.
1144 1959 1179 2012 6
1232 1975 1245 2011 :
1311 1958 1485 2014 Veluti
1536 1959 1800 2028 primum,
1850 1956 2145 2027 inquiens,
2184 1957 2562 2064 Bprocedens.
2613 1960 2778 2013 Anno
2822 1960 2949 2027 521,
2982 1960 3053 2014 ad
3098 1959 3401 2016 Justinum
3452 1960 3751 2017 Seniorem
3784 1969 3909 2016 Au-

505 2048 949 2106 contradictionis
991 2050 1331 2119 principium
1359 2046 1426 2101 de
1466 2046 1746 2101 additione
1772 2048 1930 2100 atate
1974 2046 2154 2099 sancti
2184 2046 2228 2064 ”
2258 2051 2500 2117 gustum
2526 2046 2839 2118 scripserat
2860 2046 3202 2105 Hormisdas
3223 2048 3379 2121 Papa
3400 2048 3746 2105 decretalem
3776 2049 3909 2122 epi-

507 2139 736 2194 Maximi
764 2137 1107 2209 offendimus.
1140 2135 1455 2199 Annalium
1500 2151 1711 2206 parens
1742 2133 2045 2202 Baronius,
2077 2133 2149 2187 ad
2258 2133 2491 2205 stolam,
2524 2151 2651 2207 quae
2700 2136 2759 2189 in
2789 2135 3238 2192 Collectionibus
3285 2136 3665 2222 conciliorum
3694 2153 3909 2193 nume-

509 2245 646 2283 ann.
691 2227 820 2294 680,
851 2243 1014 2281 num.
1048 2226 1137 2289 32,
1173 2224 1257 2279 sic
1298 2224 1377 2279 ait
1409 2242 1425 2277 :
1463 2245 1484 2273 ι
1522 2225 1582 2278 In
1631 2239 1699 2278 ea
1729 2240 1855 2294 quae
1888 2239 1921 2276 a
1949 2226 2153 2276 sancta
2261 2228 2423 2278 ratur
2467 2224 2557 2291 79,
2592 2224 2649 2277 in
2698 2239 2883 2295 eaque
2932 2224 3054 2280 haec
3105 2224 3419 2289 habentur,
3451 2242 3579 2297 qua
3626 2242 3661 2281 a
3706 2226 3912 2282 Graeco

508 2316 740 2389 Synodo
770 2316 1057 2386 (Romana
1103 2313 1213 2369 sub
1243 2312 1546 2385 Agathone
1583 2313 1750 2383 papa)
1781 2311 1839 2365 in
1888 2309 2153 2382 synodali
2260 2311 2962 2384 imperatore,Grazcisque
2990 2312 3119 2368 aliis
3142 2312 3381 2369 minime
3411 2313 3763 2386 reprehensa
3784 2314 3914 2370 fue-

510 2404 753 2477 epistola
801 2403 1097 2469 scribitur,
1139 2401 1433 2457 catholicae
1467 2401 1599 2455 fidei
1651 2400 1878 2455 sincera
1924 2400 2153 2454 confes-
2261 2406 2400 2455 runt
2428 2403 2761 2468 :Proprium
2779 2403 3019 2473 Spiritus
3038 2404 3219 2458 sancti
3236 2402 3489 2469 est,utde
3513 2406 3679 2459 Patre
3698 2404 3912 2460 etFilio

511 2495 833 2565 sione(qua=.
861 2492 1077 2564 legitur
1105 2492 1331 2547 actione
1361 2492 1397 2544 6
1422 2490 1630 2562 Synodi
1655 2506 1709 2546 νι
1740 2488 2153 2559 mcumenicm),
2258 2488 2570 2561 procederet
2587 2491 2689 2545 sub
2710 2506 2823 2544 una
2839 2491 3141 2546 substantia
3162 2492 3489 2547 Deitatis.[n
3512 2491 3646 2547 ﬁdei
3671 2507 3914 2564 quoque

513 2583 702 2657 stylus
748 2582 1075 2637 scribarum
1109 2581 1360 2635 mendax
1390 2584 1663 2650 operatus
1694 2583 1784 2633 est
1815 2576 2152 2632 falsitatem.
2264 2579 2827 2650 professione,quam
2859 2582 3096 2634 sanctus
3126 2578 3439 2652 Gregorius
3469 2579 3717 2653 Magnus
3748 2597 3912 2637 anno

515 2679 665 2727 Dum
696 2671 853 2726 enim
905 2670 986 2725 ibi
1014 2670 1305 2742 legeretur
1338 2687 1350 2724 :
1382 2670 1668 2725 Credimus
1714 2675 1766 2721 et
1797 2669 1858 2721 in
1885 2667 2153 2751 Spiritum
2260 2668 2391 2734 590,
2420 2666 2479 2721 in
2512 2666 2760 2722 solemni
2807 2684 2925 2723 suae
2956 2667 3422 2740 inaugurationis
3454 2669 3571 2724 ritu
3603 2670 3911 2739 emiserat,

513 2765 765 2817 sanctum
789 2760 1101 2824 Dominum,
1132 2764 1185 2814 et
1232 2756 1651 2829 viviﬁcatorem,
1683 2772 1756 2810 ex
1783 2757 1947 2811 Patre
1977 2757 2156 2809 Filio-
2264 2755 2384 2810 haec
2403 2755 2690 2811 habentur
2710 2756 2861 2827 apud
2884 2756 3170 2812 Joannem
3190 2756 3512 2813 Diaconum
3529 2756 3588 2812 in
3611 2758 3738 2828 ejus
3755 2757 3910 2816 Vita:

514 2866 617 2924 que
644 2848 1012 2922 procedentem
1035 2867 1054 2914 ,-
1084 2847 1294 2902 abraso
1327 2846 1583 2915 nomine,
1616 2844 1887 2915 Filioque,
1921 2859 1956 2898 a
1987 2842 2155 2899 Patre
2263 2844 2530 2915 Spiritum
2558 2860 2683 2899 vero
2708 2852 2979 2912 sanctum,
3006 2860 3105 2901 nec
3129 2847 3399 2916 genitum,
3430 2862 3536 2902 nec
3566 2848 3913 2917 ingenitum,

513 2939 922 3011 procedentem
981 2941 1236 3001 tantum,
1287 2934 1554 2991 relictum
1600 2940 1707 2989 est.
1754 2938 1986 2988 Detecta
2048 2933 2157 2987 fuit
2260 2934 2363 2989 sed
2388 2942 2735 3003 coaeternum,
2768 2932 2833 2988 de
2859 2934 3030 2989 Patre
3058 2941 3110 2989 et
3135 2934 3281 2990 Filio
3309 2934 3707 3006 procedentem.

512 3026 802 3098 ejusmodi
833 3028 1162 3098 impostura
1189 3024 1540 3092 Graecorum,
1573 3024 1634 3077 in
1662 3023 1894 3077 concilio
1922 3022 2153 3077 Floren-

509 3117 624 3173 tino
655 3133 689 3171 a
715 3115 949 3170 Juliano
989 3114 1048 3169 S.
1082 3114 1151 3168 R.
1201 3113 1263 3167 Ε.
1297 3111 1578 3167 cardinali
1626 3110 1684 3165 in
1737 3110 2151 3182 disputatione,

510 3222 689 3278 quam
723 3204 929 3260 habuit
959 3206 1160 3258 contra
1185 3206 1432 3256 Graecos.
1466 3221 1495 3249 »

585 3297 865 3366 Deceptus
912 3292 1035 3347 hinc
1065 3294 1264 3346 narrat
1312 3289 1617 3345 Baronius.
1652 3293 1716 3343 In
1762 3289 1983 3360 synodo
2031 3287 2153 3343 Flo-

2334 3022 2632 3092 Synodum
2699 3038 3048 3078 convocasss
3123 3022 3451 3078 Romanum
3539 3023 3911 3089 Pontiﬁcem.

2262 3109 2484 3165 invehit
2529 3109 2764 3165 Calecas
2797 3127 2810 3166 :
2841 3113 2903 3165 in
2950 3126 3134 3182 eaque
3180 3111 3396 3166 factam
3445 3111 3781 3170 additionem
3839 3115 3917 3169 ad

2258 3197 2590 3269 Symbolum
2619 3198 3308 3271 Constantinopolitanum,
3340 3200 3533 3256 refert.
3552 3202 3698 3258 Loco
3729 3202 3914 3260 citato

2262 3304 2332 3341 ex
2359 3287 2487 3358 ejus
2517 3286 2666 3343 libro
2698 3304 2752 3342 ιν
2782 3287 2979 3343 Contra
3009 3291 3226 3344 Graecos
3256 3287 3409 3343 hanc
3439 3290 3704 3345 nominat
3730 3306 3914 3362 syno-

502 3363 1021 3442 rentina‘sessione
1048 3382 1103 3450 5,
1130 3385 1263 3453 post
1287 3380 1431 3436 alias
1461 3380 1807 3435 constitutas
1836 3396 1953 3435 aevo
1983 3396 2128 3451 supe
2180 3363 2224 3430 C
2262 3376 2425 3443 dum,
2479 3375 2754 3447 inquiens
2779 3392 2791 3431 :
2818 3376 3160 3448 Quapropter
3186 3377 3472 3449 Damasus,
3507 3380 3602 3450 qui
3631 3387 3757 3434 tunc
3783 3385 3918 3435 erat

503 3475 642 3529 riori
668 3473 1011 3542 deﬁnitiones
1041 3469 1190 3540 ﬁdei,
1222 3486 1289 3524 ea
1319 3469 1495 3524 etiam
1525 3470 1793 3535 relertur,
1817 3485 1992 3538 quam
2022 3468 2150 3522 edi-

503 3563 638 3619 dere
686 3565 887 3616 Patres
919 3559 979 3613 in
1008 3558 1211 3629 synodo
1253 3560 1503 3631 septima,
1536 3573 1633 3611 seu
1663 3558 1885 3611 Nicaena
1913 3557 2150 3612 secunda

502 3652 856 3706 aecumenica.
890 3648 955 3702 In
1000 3646 1160 3701 Actis
1189 3646 1310 3700 haec
1338 3645 1627 3701 habentur
1658 3662 1670 3700 :
1703 3667 1730 3694 ‹‹
1768 3644 1843 3699 Ea
1890 3645 2149 3700 deﬁnitio

507 3756 643 3796 cum
675 3756 709 3793 a
738 3737 908 3793 nobis
959 3736 1321 3803 recitaretur,
1351 3733 1614 3806 prolatus
1661 3738 1752 3788 est
1781 3733 1928 3788 alter
1974 3735 2152 3789 codex

507 3827 791 3884 aLatinis
838 3824 1115 3897 antiquus
1161 3824 1618 3895 manuscriptus,
1670 3824 1729 3877 in
1779 3839 1894 3893 quo
1945 3824 2146 3878 eadem

504 3917 686 3988 hujus
717 3913 925 3987 synodi
957 3913 1217 3968 definitio
1261 3911 1683 3967 continebatur.
1720 3911 2148 3983 Inventumque

500 4009 611 4070 est,
665 4004 765 4059 ubi
796 4004 867 4058 de
914 4001 1166 4074 Spiritus
1215 4001 1402 4056 sancti
1457 4001 1757 4055 divinitate
1810 4000 2023 4071 agitur,
2074 3999 2147 4055 iis

500 4092 695 4149 verbis
721 4108 791 4146 ex
822 4097 985 4146 Patre
1010 4090 1409 4162 procedentem,
1443 4090 1710 4145 additum
1740 4093 1789 4143 et
1820 4105 1888 4142 ex
1918 4090 2077 4143 Filio.
2116 4111 2143 4138 »

504 4182 645 4237 Hinc
693 4185 852 4236 mota
888 4182 1117 4233 Graecos
1165 4179 1316 4233 inter
1343 4184 1400 4233 et
1447 4178 1684 4232 Latinos
1732 4178 2142 4233 controversia.

498 4269 773 4326 Julianus
820 4269 881 4323 S.
913 4268 981 4322 R.
1017 4269 1078 4322 Ε·
1113 4266 1429 4322 cardinalis
1458 4266 1581 4322 haec
1613 4267 1684 4321 ad
1734 4267 2144 4338 imperatorem

499 4358 709 4415 habuit
735 4356 946 4412 verba:
972 4378 1001 4405 «
1035 4356 1419 4411 Serenissime
1448 4354 2084 4426 imperator,prolatum
2112 4373 2147 4411 a

499 4448 669 4504 nobis
697 4444 1039 4519 Symbolum
1069 4444 1128 4499 in
1159 4447 1391 4516 septima
1419 4443 1932 4515 synodo,scriptum
1967 4449 2057 4500 est
2083 4445 2144 4499 in

494 4534 894 4592 vetustissimo
942 4533 1138 4589 codice
1171 4550 1183 4587 :
1217 4540 1274 4587 et
1303 4532 1665 4605 impossibile
1696 4538 1785 4587 est
1834 4534 2142 4604 suspicari,

491 4625 747 4697 aliquam
780 4624 840 4679 in
890 4639 958 4678 eo
991 4624 1204 4677 factam
1237 4637 1365 4677 esse
1413 4622 1818 4677 mutationem.
1852 4643 1881 4672 »
1915 4623 2142 4694 Ageba-

492 4718 588 4768 tur
632 4728 768 4785 ergo
816 4712 889 4766 de
938 4709 1212 4782 Symbolo
1260 4708 1931 4780 Constantinopolitano,
1985 4710 2139 4780 quod
2174 4732 2219 4795 Ι)

490 4802 777 4857 insertum
808 4799 1024 4871 legitur
1048 4798 1374 4854 deﬁnitioni
1402 4796 1599 4868 synodi
1624 4800 1877 4868 septimae
1903 4813 2139 4854 acume-

488 4892 658 4956 πίσω,
691 4907 807 4944 non
834 4897 1008 4944 sectae.
1041 4892 1120 4942 Ac
1144 4888 1214 4942 de
1234 4904 1295 4942 re
1321 4888 1533 4941 iterum
1557 4886 1745 4958 capite
1776 4887 2131 4958 insequenti.

488 4978 796 5034 Additione
826 4994 996 5049 porro
1028 4976 1128 5031 illa
1155 4982 1312 5031 caret
1336 4976 1396 5031 in
1428 4974 1807 5031 conciliorum
1837 4974 2135 5031 Collectio-

490 5067 665 5123 nibus
698 5066 958 5121 deﬁnitio
985 5070 1159 5120 sextae
1187 5064 1418 5136 synodi.

558 5159 808 5211 Auctum
864 5170 1003 5209 voce
1051 5153 1174 5220 illa,
1223 5154 1408 5209 sancti
1482 5153 1718 5209 Maximi
1781 5154 2132 5210 confessoris

487 5251 674 5312 astate,
742 5244 1066 5315 Symbolum
1119 5240 1804 5314 Constantinopolitanum,
1847 5259 1963 5297 non
2026 5259 2130 5315 ego

491 5333 885 5389 admisserim.
916 5332 998 5386 Ex
1046 5332 1173 5401 ejus
1217 5329 1463 5402 epistola
1508 5332 1580 5386 ad
1628 5331 1915 5386 Marinum
1962 5333 2128 5403 Cypri

486 5422 890 5495 presbyterum
941 5420 1141 5490 utique
1203 5424 1450 5491 constat,
1501 5419 1911 5475 Monothelitas
1983 5425 2128 5475 Gon-

484 5508 1038 5582 stantinopolitanos
1060 5509 1119 5561 in
1152 5524 1217 5563 eo
1239 5507 1413 5562 etiam
1442 5509 1768 5563 Romanum
1792 5508 2126 5580 pontificem

481 5597 971 5672 reprehendisse:
1005 5596 1146 5668 quod
1192 5597 1346 5651 I76
1402 5597 1633 5664 dixerit,
1683 5598 1954 5667 Spiritum
1999 5614 2127 5653 san-

478 5696 631 5746 ctum
676 5689 846 5743 etiam
892 5701 962 5741 ea:
1012 5686 1151 5739 Filio
1206 5684 1514 5756 procedere.
1565 5685 1724 5750 Quod
1802 5686 2126 5758 impactum

481 5778 703 5837 crimen
763 5777 890 5850 ipse
936 5774 1225 5833 Maximus
1269 5773 1363 5831 his
1434 5774 1712 5832 emolitur
1755 5775 1947 5833 verbis
1998 5792 2012 5834 :
2061 5777 2128 5833 Et

2260 3466 2530 3521 Romanus
2573 3467 2879 3537 episcopus,
2909 3474 3091 3521 coacto
3118 3466 3369 3532 concilio,
3399 3467 3655 3537 Symbolo
3682 3467 3913 3539 adjecit,

2258 3570 2330 3610 ex
2358 3555 2499 3610 Filio
2542 3554 2830 3625 procedere
2856 3555 3137 3626 Spiritum
3181 3561 3459 3612 sanctum.
3497 3554 3916 3614 Ecclesiastica

2259 3647 2590 3715 repugnant
2617 3643 2972 3699 documenta
3001 3647 3174 3711 certa,
3211 3660 3337 3716 quae
3371 3644 3563 3717 capite
3605 3645 3915 3717 superiore

2258 3731 2641 3802 expendimus
2672 3748 2837 3788 num.
2873 3733 2924 3786 1.

2791 3840 2939 3894 177
2985 3838 3221 3894 CAPUT
3260 3840 3354 3895 IV.

2258 3928 2651 3997 Hispaniarum
2696 3928 2955 3984 Ecclesiae
2997 3936 3152 3984 sexto
3200 3928 3397 3984 saeculo
3469 3928 3915 3987 additamentum

2326 3998 2396 4073 ad
2448 3998 2767 4069 Symbolum
2824 3998 3491 4073 Constantinopolitanum
3554 4001 3824 4073 recipiunt
3889 4021 3904 4059 :

2328 4071 2613 4141 ipsumque
2658 4085 2856 4125 canere
2882 4075 3159 4141 coeperunt
3187 4073 3334 4127 inter
3369 4071 3675 4126 Missurum
3697 4072 3913 4127 solem-

2326 4143 2441 4195 nia.
2492 4140 2551 4196 Id
2598 4143 2767 4196 etiam
2812 4143 3014 4198 saeculo
3059 4150 3245 4198 octavo
3291 4142 3359 4198 ab
3404 4142 3667 4198 Ecclesiis
3727 4143 3913 4199 Galli-

2325 4213 2480 4286 canis
2521 4211 2735 4286 factum
2766 4228 2780 4267 :
2814 4229 2983 4286 causa
3008 4220 3069 4286 et,
3109 4216 3316 4286 occasio
3361 4215 3675 4286 exhibetur,
3707 4215 3914 4271 vindi-

2324 4284 2533 4356 ciazque
2575 4284 2884 4356 afferuntur
2930 4284 3161 4340 Paulini
3212 4285 3594 4356 Aquileiensis.
3644 4286 3912 4354 Deﬁnitio

2325 4355 2552 4410 consilii
2596 4355 2814 4412 Nicaeni
2840 4373 2878 4411 ιι
2904 4358 3238 4427 φεμινιεηίσί
3266 4355 3605 4427 impenditur
3635 4374 3648 4413 :
3681 4373 3745 4412 ac
3790 4359 3907 4412 Ba-

2323 4427 2477 4481 ronii
2522 4429 2736 4481 asserta
2761 4426 3009 4497 quaedam
3060 4426 3415 4497 refelluntur.
3450 4428 3537 4483 Ab
3567 4429 3759 4484 eodem
3795 4429 3909 4484 Ad-

2325 4497 2620 4571 dilamenlo
2665 4499 2913 4553 alienam
2966 4514 3023 4553 se
3065 4500 3275 4571 praebet
3320 4500 3560 4555 Ecclesia
3606 4500 3853 4555 Romana
3888 4518 3902 4554 :

2324 4569 2644 4624 Collationis
2687 4577 2810 4624 acta
2853 4585 2977 4625 cum
3026 4569 3198 4626 Leone
3243 4572 3327 4627 Ill
3364 4571 3740 4627 illustrantur.
3786 4571 3907 4628 lmo

2324 4655 2497 4709 neque
2543 4640 2858 4711 Symbolum
2915 4640 3016 4696 hac
3058 4644 3220 4698 aetate
3273 4644 3332 4696 in
3397 4642 3585 4698 eadem
3653 4643 3910 4699 Romana

2322 4712 2566 4766 Ecclesia
2593 4720 2687 4766 aut
2730 4711 3051 4782 cauebatur,
3078 4717 3177 4767 aut
3220 4713 3497 4784 legebatur
3524 4716 3586 4769 in
3614 4715 3903 4785 Liturgia.

2320 4799 2364 4854 Ι.
2396 4799 2784 4855 Particulares
2835 4800 3099 4856 Ecclesiae
3153 4801 3331 4870 fuere,
3379 4819 3507 4873 quae
3554 4803 3615 4858 in
3656 4802 3905 4875 synodis

2245 4888 2370 4943 suis
2401 4905 2505 4960 pro
2537 4894 2868 4956 temporum
2902 4889 3360 4945 circumstantiis
3388 4891 3699 4947 adversum
3722 4890 3909 4947 haere-

2245 4992 2337 5032 ses
2413 4977 2782 5048 particulam,
2842 4978 3112 5051 Filioque,
3195 4978 3549 5034 addiderunt
3621 4980 3902 5052 Symbolo

2241 5066 2880 5138 Constantinopolitano
2914 5084 2927 5122 :
2963 5068 3116 5138 quod
3164 5068 3343 5122 etiam
3395 5083 3576 5123 sacrae
3618 5067 3900 5140 Liturgiae

2240 5158 2465 5225 partem
2520 5154 2723 5209 fecere.
2776 5154 2971 5210 Prima
3014 5156 3181 5210 adest
3210 5156 3468 5227 synodus
3519 5157 3773 5212 Toletana
3803 5173 3899 5227 ιιι,

2240 5259 2392 5296 anno
2438 5243 2544 5295 589
2594 5242 2925 5298 celebrata:
2960 5245 3021 5298 in
3065 5260 3174 5315 qua
3222 5243 3399 5311 Gothi,
3447 5244 3672 5302 Arianae
3719 5244 3903 5302 haere-

2237 5346 2351 5386 seos
2372 5330 2611 5402 perﬁdia
2639 5332 2917 5403 abjurata,
2948 5333 3312 5388 orthodoxam
3336 5332 3497 5403 ﬁdem
3531 5335 3895 5405 proﬁtentur.

2238 5419 2597 5474 Reccaredus
2627 5437 2724 5475 rex
2757 5420 2872 5475 lato
2916 5437 3184 5476 sermone
3214 5422 3503 5493 synodum
3533 5421 3740 5494 aperit.
3773 5422 3897 5479 Do-

2237 5513 2436 5579 gmata
2476 5508 2611 5563 fidei
2642 5509 2971 5581 profitetur,
3004 5525 3068 5563 ac
3116 5509 3267 5565 inter
3297 5509 3412 5565 alia
3441 5509 3712 5582 Spiritum
3751 5527 3896 5567 san-

2234 5603 2387 5651 ctum
2431 5614 2466 5652 α
2514 5600 2676 5652 Patre
2722 5600 2774 5653 et
2817 5598 2955 5653 Filio
3000 5598 3303 5669 procedere,
3345 5602 3396 5654 et
3435 5614 3559 5654 cum
3617 5603 3788 5655 Patre
3840 5606 3899 5657 et

2234 5686 2377 5741 Filio
2421 5688 2590 5741 unius
2634 5702 2747 5742 esse
2792 5687 3133 5743 substantiae.
3183 5687 3415 5742 Nicena
3460 5687 3716 5760 Symboli
3765 5688 3896 5744 for-

2236 5774 2401 5831 mula
2446 5775 2742 5833 recitatur.
2770 5774 3020 5833 Additur
3072 5775 3392 5849 Symbolum
3421 5775 3887 5853 Constantinopo-
