4094 6446
247 425 350 486 177

1456 422 1658 484 Vl'l‘A.
1696 455 1768 465 —
1801 417 2320 482 DISSERTATIO
2363 421 2439 482 ll.

3537 421 3656 483 1⁸78

252 560 512 626 litanum,
543 555 598 611 in
629 572 752 627 quo
786 555 1016 611 additio
1051 557 1199 611 tacta
1228 554 1440 628 legitur
1475 573 1486 611 :
1533 554 1823 610 Credimns
1853 556 1903 606 et
1935 554 1980 616 Α
2017 557 2113 605 tur
2142 569 2304 607 num.
2337 554 2429 617 26,
2461 554 2634 609 verba
2684 557 2825 609 sunt
2858 572 2869 610 :
2923 577 2949 604 ‹‹
2983 552 3202 608 Direxit
3250 552 3418 609 nobis
3466 554 3653 610 excel-

254 650 312 702 ξπ
347 647 613 718 Spiritum
659 649 923 701 sanctum
965 647 1256 700 Dominum
1294 653 1345 712 et
1394 645 1802 714 vivzﬁcatorem,
1832 657 1902 695 ex

254 743 414 792 Patre
442 743 494 790 et
517 736 655 790 Filio
681 736 1096 805 procedentem,
1129 752 1252 789 cum
1279 736 1442 789 Patre
1487 739 1536 788 et
1585 734 1721 786 Filio
1769 731 1898 785 ado-

254 827 502 889 randum,
532 829 581 879 et
623 823 1090 893 gloriﬁcandum,
1121 824 1215 893 qui
1256 824 1468 877 loculus
1510 826 1588 876 est
1631 837 1730 892 per
1771 835 1898 890 pro-

248 916 444 983 phetas.
493 913 734 967 Canone
803 913 862 976 3,
931 913 1226 966 anathema
1290 912 1523 979 dicitur,
1592 913 1900 980 quicunque

243 1005 498 1075 Spiritum
526 1010 791 1056 sanctum
843 1017 955 1055 non
1001 1000 1192 1067 credit,
1224 1005 1324 1056 aut
1369 1017 1481 1055 non
1526 999 1820 1053 crediderit
1865 1014 1898 1051 a

238 1093 390 1146 Patre
432 1095 482 1145 et
529 1091 680 1144 Filio
735 1089 1054 1161 procedere,
1103 1105 1330 1160 eumque
1374 1104 1488 1143 non
1530 1089 1754 1152 dixerit,
1803 1101 1893 1141 co—

232 1189 486 1235 zternum
515 1195 636 1234 esse
667 1180 844 1233 Patri
886 1187 940 1233 et
968 1178 1136 1245 Filio,
1165 1182 1220 1232 et
1244 1177 1598 1248 coaequalem.
1634 1177 1759 1230 llaec
1790 1191 1896 1230 nos

228 1270 429 1324 docent
455 1267 739 1334 Arianos,
775 1266 883 1338 qui
927 1267 1074 1338 jugo
1128 1282 1235 1320 suo
1274 1265 1587 1336 Hispanias
1619 1263 1893 1319 subdide-

224 1368 364 1423 rant,
394 1357 585 1427 impia
617 1359 995 1422 commenta,
1027 1372 1155 1426 quae
1203 1359 1406 1410 contra
1456 1354 1892 1409 sanctissimam

223 1447 558 1502 Trinitatem
594 1446 944 1500 didicerant
991 1445 1052 1498 in
1103 1443 1352 1510 Oriente,
1385 1443 1524 1498 illuc
1553 1441 1890 1498 transtulis-

221 1553 294 1606 se,
342 1536 650 1606 ﬁdemque
705 1533 1066 1589 catholicam
1123 1533 1392 1604 pluribus
1445 1532 1689 1587 invectis
1736 1548 1890 1586 erro-

223 1626 371 1680 ribus
419 1624 864 1679 labefactasse.
914 1622 1349 1677 Processionem
1403 1621 1658 1692 Spiritus
1705 1621 1890 1675 sancti

221 1715 415 1769 excolo
442 1715 630 1767 Patre
675 1711 1123 1783 proﬁtebantur
1170 1709 1302 1764 illi:
1353 1711 1506 1780 quod
1557 1709 1892 1764 habuerunt

225 1802 446 1873 Hispani
480 1801 704 1856 Patres
737 1816 852 1871 pro
891 1798 1071 1870 impio
1103 1800 1392 1870 dogmate.

283 1888 551 1960 Capitulo
603 1905 646 1941 ιι
695 1887 830 1941 haec
874 1886 1197 1941 constituta
1226 1885 1500 1958 leguntur
1534 1903 1547 1940 :
1597 1906 1625 1935 «
1659 1886 1767 1940 Pro
1799 1903 1885 1942 re-
1919 1918 1968 1982 B

227 1977 464 2033 verentia
495 1976 922 2032 sanctissima
953 1975 1111 2041 ﬁdei,
1143 1979 1202 2030 et
1240 1981 1472 2047 propter
1509 1975 1891 2030 corroboran-

231 2068 320 2122 das
349 2067 676 2122 hominum
713 2063 1018 2120 invalidas
1049 2056 1292 2130 mentes,
1326 2063 1597 2120 consultu
1639 2065 1890 2135 piissimi

231 2161 280 2211 et
329 2154 764 2228 gloriosissimi
822 2152 1059 2207 Domini
1120 2153 1304 2208 nostri
1355 2153 1667 2208 Reccaredi
1713 2154 1889 2224 regis,

239 2251 412 2300 sancta
441 2243 780 2299 constituit
813 2243 1100 2313 synodus,
1136 2247 1198 2297 ut
1242 2259 1342 2313 per
1372 2257 1575 2297 omnes
1605 2241 1893 2298 Ecclesias

247 2334 526 2405 Hispaniae,
573 2331 671 2387 vel
734 2330 1017 2386 Gallaciaa
1061 2330 1159 2398 (al.
1211 2331 1428 2400 Galliae,
1481 2331 1702 2386 scilicet
1749 2330 1890 2385 Nar-

253 2422 547 2493 bonensis),
607 2420 929 2475 secundum
983 2423 1223 2489 formam
1289 2421 1656 2476 Orientalium
1716 2421 1893 2474 Eccle-

261 2515 450 2577 πωπω,
481 2509 737 2566 concilii
787 2507 1442 2581 Constantinopolitani,
1483 2509 1592 2564 hoc
1623 2509 1774 2563 178
1805 2512 1896 2564 est

263 2598 344 2652 151)
384 2601 814 2671 episcoporum
877 2598 1200 2670 Symboium
1252 2597 1389 2668 ﬁdei
1451 2598 1726 2652 recitatur
1767 2614 1780 2650 :
1830 2601 1896 2651 ut

255 2689 569 2760 pnusquam
608 2687 929 2742 Dominica
959 2686 1190 2740 dicatur
1232 2687 1435 2751 oratio,
1470 2702 1606 2740 voce
1647 2685 1826 2752 clara,
1862 2703 1896 2741 a

243 2777 430 2848 populo
458 2778 863 2842 decantetur;
906 2791 1021 2846 quo
1071 2780 1129 2830 et
1171 2775 1314 2829 ﬁdes
1343 2792 1477 2830 vera
1509 2775 1888 2830 manifestum

243 2866 641 2920 testimonium
676 2864 918 2918 habeat.
955 2886 984 2912 »
1030 2863 1369 2935 Symbolum
1417 2863 1674 2936 intelligo
1714 2863 1892 2935 parti-

241 2955 358 3009 cula
402 2956 672 3025 Filioque
737 2953 1077 3007 adauctum.
1122 2952 1281 3006 Hanc
1339 2953 1700 3008 additionem
1759 2952 1894 3006 reti-

241 3061 425 3112 nuere,
460 3061 530 3099 ac
574 3046 989 3115 propagarunt
1017 3040 1344 3111 Hispanicre
1379 3043 1714 3111 aequiorum
1747 3046 1894 3096 tem-

239 3150 436 3206 porum
490 3132 730 3204 synodi,
793 3130 1048 3186 Toletana
1100 3131 1241 3185 VIII
1286 3147 1438 3185 anno
1484 3131 1626 3196 653;
1677 3132 1894 3185 Emeri-

237 3225 395 3278 tensis
439 3239 603 3277 anno
649 3222 799 3285 666;
857 3221 1212 3274 Bracarensis
1262 3236 1348 3286 III,
1381 3235 1533 3274 anno
1570 3221 1716 3286 675;
1751 3221 1894 3275 Tole-

2008 639 2198 695 lentizn
2250 649 2450 696 vestrae
2482 643 2907 706 Christianitas,
2942 643 3281 714 signiﬁcans
3330 645 3401 697 de
3456 644 3654 699 missis

2008 730 2244 795 nostris,
2290 732 2638 802 vestrisque,
2688 742 2847 804 atque
2896 732 3346 805 Graecorumqui
3402 750 3435 787 a
3492 734 3652 805 regia

2007 819 2151 872 urbe
2180 820 2394 874 reversi
2429 825 2587 887 sunt,
2621 821 2903 894 eosqapud
2933 838 3037 875 vos
3068 837 3196 876 esse
3238 823 3522 877 detentos.
3556 824 3646 878 In-

2006 907 2174 962 terim
2209 909 2363 978 quod
2395 909 2726 981 aggregatis
2770 910 2977 964 vestris
3026 911 3428 968 sacerdotibus
3477 916 3652 984 atque

2005 997 2410 1066 optimatibus,
2468 997 2753 1068 conjicere
2810 1015 2913 1053 seu
2972 1003 3303 1070 perpetrare
3356 1000 3647 1056 valeatis:

2006 1085 2144 1156 quid
2179 1086 2247 1139 de
2277 1085 2389 1157 bis,
2415 1103 2542 1155 quae
2568 1087 2729 1142 vobis
2752 1087 2971 1142 directa
2991 1093 3149 1152 sunt,
3174 1091 3648 1159 respondendum

2003 1173 2099 1229 sit.
2133 1174 2203 1228 Et
2232 1175 2470 1246 quidem
2503 1176 2672 1231 nobis
2701 1175 2810 1231 hac
2841 1178 2911 1231 de
2951 1194 3011 1232 re
3041 1177 3207 1232 aliter
3234 1179 3645 1234 conﬁdendum

2003 1279 2118 1316 non
2167 1267 2258 1317 est
2310 1281 2343 1317 a
2389 1263 2554 1318 vobis
2584 1265 2943 1335 responderi,
2976 1265 3089 1320 nisi
3138 1282 3265 1336 qua:
3314 1267 3384 1321 ad
3431 1269 3644 1323 exalta-

2004 1353 2206 1406 tionem
2238 1358 2620 1408 sacrosanctae
2652 1353 2933 1424 spiritalis
2962 1355 3160 1409 Matris
3198 1359 3399 1412 vestra:
3449 1359 3645 1412 Roma-

2000 1457 2088 1494 ηε
2115 1441 2390 1507 Ecclesiae,
2424 1446 2599 1512 atque
2630 1443 2969 1499 Orthodoxée
3017 1443 3169 1498 Fidei
3214 1444 3500 1515 pertinere
3548 1463 3648 1500 no-

2002 1534 2268 1584 scuntur.
2330 1551 2356 1578 ››
2416 1531 2745 1602 Legationis
2802 1536 2978 1602 caput
3035 1532 3282 1587 alterum
3343 1535 3646 1603 spectabat

2002 1618 2176 1673 Italiae
2209 1618 2473 1690 regiones
2523 1637 2556 1674 a
2603 1620 2808 1690 Pipino
2859 1621 3130 1675 Romanae
3169 1623 3436 1677 Ecclesiae
3477 1625 3639 1678 attri-

1999 1707 2192 1762 butas.
2243 1708 2554 1778 Spectabat
2600 1709 2849 1764 alterum
2902 1711 3116 1782 dogma
3159 1713 3525 1781 processionis
3572 1729 3643 1768 ex

1997 1797 2161 1851 Patre
2211 1797 2472 1868 Filioque.
2531 1799 2657 1852 Αᾱο
2709 1798 3057 1854 Viennensis
3113 1799 3172 1853 in
3219 1800 3500 1856 Chronico
3555 1802 3641 1857 sic

1999 1885 2079 1940 ait
2112 1903 2124 1940 :
2176 1887 2341 1941 Facta
2389 1894 2466 1942 est
2511 1888 2750 1958 synodus
2793 1905 2939 1943 anno
2982 1889 3382 1945 Incarnationis
3419 1892 3644 1946 Domini

1997 1975 2122 2038 769,
2154 1979 2206 2029 et
2253 1977 2484 2045 quaestio
2525 1977 2789 2031 ventilata
2831 1979 2976 2032 inter
3015 1978 3240 2043 ercos,
3271 1982 3324 2033 et
3372 1980 3643 2036 Romanos

1999 2063 2062 2118 de
2117 2064 2379 2118 Trinitate
2410 2082 2428 2117 :
2475 2072 2526 2118 et
2574 2069 2763 2120 utrum
2815 2067 2966 2120 I79
3017 2065 3252 2137 Spiritus
3296 2073 3521 2123 sanctus
3565 2070 3642 2123 si-

1999 2155 2090 2207 cut
2115 2152 2362 2222 procedit
2409 2169 2444 2206 a
2499 2155 2684 2220 Patre,
2733 2155 2814 2208 ita
2864 2155 3124 2225 procedat
3173 2172 3208 2210 a
3262 2157 3441 2217 Filio;
3485 2165 3536 2212 et
3580 2157 3646 2212 de

1999 2245 2318 2296 sanctorum
2361 2243 2718 2312 imaginibus,
2753 2247 3008 2298 utrumne
3045 2244 3336 2312 ﬁngendw,
3370 2253 3468 2299 aut
3512 2246 3644 2316 pin-

2001 2330 2187 2398 gendze
2216 2338 2372 2384 erant
2409 2332 2469 2384 in
2499 2332 2773 2387 Ecclesiis.
2808 2332 3021 2386 Locum
3053 2333 3362 2404 designant
3389 2333 3644 2388 Annales

2004 2418 2358 2473 Francorum
2407 2419 2960 2474 villam'Gentiliaci.
3016 2420 3077 2474 In
3124 2421 3471 2476 Bertinianis
3524 2421 3646 2476 haec

2004 2507 2294 2561 habentur
2327 2524 2338 2560 :
2390 2510 2626 2578 Pipinus
2675 2509 2967 2564 celebravit
3011 2509 3220 2564 Pascha
3256 2511 3317 2564 in
3350 2510 3648 2566 Gentiliaco

2005 2612 2148 2650 anno
2180 2597 2400 2650 Domini
2439 2598 2565 2652 767.
2602 2599 2742 2652 Tunc
2792 2599 2988 2653 habuit
3036 2601 3094 2652 in
3142 2601 3463 2670 supradicta
3507 2599 3650 2654 villa

2002 2684 2273 2756 synodum
2336 2702 2596 2753 magnam
2659 2689 2805 2742 inter
2868 2689 3131 2742 Romanos
3194 2695 3246 2744 et
3311 2688 3518 2744 Graecos
3581 2689 3650 2743 de

2002 2782 2190 2828 sancta
2253 2776 2551 2844 Trinitate,
2604 2777 2687 2830 vel
2743 2775 2808 2830 de
2855 2779 3169 2832 sanctorum
3220 2778 3573 2847 imaginibus.

2074 2861 2404 2917 Gallicanae
2433 2862 2740 2928 Ecclesias,
2765 2863 2874 2919 hac
2903 2864 3038 2918 data
3068 2867 3388 2930 occasione,
3421 2866 3646 2937 Symbo-

2005 2952 2120 3005 lum
2153 2950 2825 3022 Constantin0politanum
2866 2952 3149 3024 particula
3176 2954 3420 3024 Filioque
3450 2956 3646 3010 auxis-

2005 3057 2086 3111 se,
2114 3039 2604 3095 verisimillimum
2638 3045 2743 3096 est.
2777 3042 2917 3096 Rem
2948 3041 3155 3113 colligo
3187 3059 3256 3097 ex
3282 3042 3652 3113 Forojuliensi

2005 3129 2230 3184 Paulini
2282 3129 2559 3200 Aquileiae
2619 3130 2961 3202 patriarcha:
3019 3131 3260 3202 synodo,
3311 3147 3489 3201 quam
3550 3131 3650 3187 alii

2006 3235 2157 3273 anno
2186 3218 2312 3285 791,
2340 3219 2532 3274 verius
2560 3219 2659 3274 alii
2689 3236 2840 3274 anno
2870 3220 2976 3273 796
3001 3218 3351 3275 celebratam
3382 3225 3648 3276 narrant.

238 3320 357 3364 tona
386 3327 493 3380 xu,
530 3325 695 3364 anno
727 3308 831 3362 681
860 3325 873 3375 ;
905 3324 1029 3376 x111,
1067 3323 1219 3361 anno
1249 3307 1390 3374 684;
1424 3325 1518 3372 xv,
1560 3325 1712 3362 anno
1749 3308 1891 3375 688;
1925 3287 1968 3354 (ἶ
2007 3308 2296 3362 Insertum
2329 3308 2475 3362 actis
2504 3307 2720 3379 legitur
2749 3325 2883 3362 cum
2915 3308 3311 3364 additamento
3330 3309 3650 3380 Symbolum

240 3406 288 3454 et
329 3416 468 3462 m1,
525 3413 690 3453 anno
741 3397 865 3450 694.
918 3399 1130 3450 Praeter
1160 3395 1476 3468 Symbolum
1503 3398 1894 3453 Constantino-

238 3488 544 3556 politanum
600 3484 732 3541 aliae
783 3488 1053 3555 prostant
1101 3483 1460 3555 prolixiores,
1503 3486 1692 3540 instar
1735 3485 1894 3556 Sym-

242 3577 338 3630 toti
385 3576 694 3638 formulae,
737 3589 874 3627 cum
917 3573 1335 3640 additameuto,
1369 3574 1428 3628 in
1477 3575 1697 3645 synodo
1751 3575 1897 3629 Tole-

246 3671 360 3719 tana
409 3682 492 3734 ιι,
552 3679 717 3718 anno
770 3663 899 3726 675,
938 3667 995 3716 et
1042 3661 1103 3715 in
1150 3663 1399 3717 Toletana
1438 3679 1552 3729 xvx,
1586 3679 1738 3718 anno
1768 3663 1893 3717 693.

249 3753 334 3809 llis
368 3755 526 3809 addo
560 3750 910 3817 formulam,
944 3767 1073 3822 quae
1101 3749 1316 3822 legitur
1355 3751 1414 3805 in
1453 3751 1693 3823 Anglico
1724 3768 1895 3823 gene-

251 3843 336 3897 rali
367 3842 652 3909 concilio,
685 3841 809 3895 sive
851 3837 1255 3908 Haethfeldensi
1301 3856 1454 3894 anno
1503 3841 1627 3909 680,
1662 3841 1733 3894 de
1783 3857 1900 3912 qua

253 3934 602 3988 mentionem
635 3930 762 4000 agit
792 3928 963 3994 Beda,
985 3926 1136 3983 libro
1168 3944 1186 3982 ι
1216 3929 1463 3984 Historia-
1490 3930 1667 3999 gentis
1695 3930 1896 3999 Anglo-

251 4038 376 4091 rum,
409 4019 612 4093 capite
647 4019 736 4072 17.

309 4111 371 4166 ΙΙ.
405 4111 634 4166 Contra
666 4106 856 4162 sancti
885 4105 1138 4177 Spiritus
1178 4105 1607 4177 processionem
1638 4123 1710 4162 ea:
1735 4109 1900 4161 Patre

249 4200 481 4272 Filioque
539 4196 768 4252 bellum
828 4211 959 4249 acre
1014 4199 1324 4250 moverunt
1377 4195 1721 4250 lconomachi
1785 4196 1894 4250 sub

250 4288 478 4360 imperio
511 4285 775 4341 maxime
806 4283 1170 4339 Constantini
1200 4284 1570 4356 Coptonymi,
1603 4284 1703 4355 qui
1743 4301 1896 4339 anno

243 4377 442 4432 Christi
472 4375 588 4429 719
617 4372 847 4427 natales
879 4371 1105 4442 habuit,
1135 4377 1193 4427 et
1239 4389 1389 4426 anno
1433 4372 1766 4444 insequenti
1807 4373 1894 4426 di-

245 4471 365 4520 ctus
393 4469 485 4520 est
517 4465 864 4534 imperator.
903 4460 1076 4516 Solus
1107 4476 1348 4532 regnare
1387 4461 1557 4531 coepit
1587 4478 1739 4516 anno
1768 4462 1894 4528 741,

240 4560 368 4624 post
397 4553 635 4608 obitum
683 4549 894 4604 Leonis
940 4549 1126 4604 Isauri
1175 4550 1378 4620 patris,
1415 4550 1584 4619 cujus
1631 4549 1896 4620 impieta-

2009 3397 2700 3466 Constantinopolitanum.
2735 3396 3106 3452 Additionem
3153 3396 3409 3452 vindicat
3455 3397 3647 3452 Pauli-

2006 3501 2118 3539 nus
2149 3484 2242 3538 his
2268 3483 2459 3539 verbis
2492 3502 2504 3538 :
2568 3509 2588 3533 α
2625 3484 2754 3540 Scio
2795 3485 3152 3556 quibusdam
3183 3486 3242 3540 in
3275 3485 3652 3557 synodalibus

2006 3572 2161 3628 foliis
2207 3590 2336 3628 esse
2381 3573 2738 3628 sancitum...
2787 3575 3111 3644 praesertim
3143 3578 3380 3645 propter
3409 3575 3650 3630 fraudu-

2002 3661 2220 3717 lentam
2255 3662 2566 3732 ﬁctamque
2595 3662 2862 3729 Nestorii,
2893 3661 2982 3716 vel
3014 3661 3288 3734 Eutychis
3319 3663 3645 3734 perﬁdiam,

2004 3767 2114 3806 non
2164 3753 2330 3805 licere
2375 3752 2621 3822 cuipiam
2665 3752 2894 3806 alterius
2931 3752 3062 3822 ﬁdei
3091 3751 3412 3823 Symbolum
3441 3753 3647 3822 docere,

2002 3841 2086 3894 vel
2115 3855 2454 3908 componere.
2488 3840 2599 3895 Sed
2631 3840 2786 3894 absit
2825 3858 2858 3894 a
2899 3840 3091 3906 nobis,
3123 3841 3442 3912 proculque
3471 3841 3550 3896 sit
3578 3842 3650 3897 ab

2007 3929 2165 3983 omni
2221 3930 2392 3983 corde
2451 3927 2628 3999 ﬁdeli,
2682 3929 2934 3994 alterum,
2985 3929 3074 3983 vel
3128 3929 3293 3984 aliter
3342 3947 3508 4000 quam
3562 3931 3654 3985 illi

2006 4019 2392 4082 instituerunt,
2422 4016 2762 4088 Symbolum
2805 4017 2892 4071 vel
2940 4017 3116 4071 ﬁdem
3161 4034 3529 4089 componere,
3562 4017 3652 4073 vel

2007 4106 2211 4161 docere
2239 4107 2248 4160 !
2306 4106 2416 4160 Sed
2464 4107 2624 4175 juxta
2660 4121 2850 4161 eorum
2879 4122 3101 4161 sensum
3129 4123 3197 4161 ea
3227 4106 3492 4172 fortasse,
3524 4123 3651 4178 qua;

2003 4199 2225 4266 prapter
2255 4195 2539 4250 brevitatis
2572 4194 2971 4266 compendium,
3003 4195 3202 4250 minus
3243 4211 3421 4266 quam
3465 4196 3649 4262 decet,

2007 4301 2041 4339 a
2071 4283 2442 4355 simplicibus
2471 4283 2558 4338 vel
2593 4283 2842 4338 indoctis
2864 4283 3292 4355 intelliguntur,
3313 4285 3653 4354 exponenda

2006 4373 2368 4428 decrevimus
2401 4373 2648 4438 tradere,
2682 4374 2996 4444 ipsumque
3026 4377 3240 4428 textum
3267 4372 3520 4443 Symboli
3563 4389 3650 4428 re-

2003 4461 2260 4515 tinere...
2291 4461 2596 4515 Enimvero
2629 4477 2744 4515 non
2775 4464 2864 4515 est
2910 4462 2971 4514 in
3019 4463 3337 4530 argumento
3374 4457 3510 4530 ﬁdei
3553 4459 3650 4514 ad-

2004 4550 2152 4615 dere,
2186 4551 2268 4604 vel
2310 4552 2558 4604 minuere
2605 4566 2672 4604 ea
2720 4566 2847 4620 quae
2897 4565 2931 4602 a
2978 4551 3183 4603 sanctis
3218 4549 3478 4603 Patribus
3507 4548 3651 4603 bene

242 4648 356 4696 tem
383 4647 593 4696 contra
624 4653 826 4693 sacras
855 4638 1143 4709 imagines
1176 4655 1278 4710 pro
1308 4638 1639 4692 hereditate
1671 4638 1894 4694 habuit.
1927 4653 1973 4716 D
2008 4638 2436 4708 salubriterque
2480 4642 2606 4692 sunt
2652 4638 3005 4708 promulgata
3032 4657 3052 4691 :
3103 4637 3426 4691 secundum
3465 4652 3652 4691 eorum
3735 4633 3737 4637 “

244 4729 444 4798 Greci,
481 4728 588 4800 qui
635 4742 742 4798 pro
786 4726 1074 4782 haereticis
1103 4727 1581 4793 traducebantur,
1613 4728 1686 4781 ab
1735 4727 1896 4782 Occi-

244 4817 608 4881 dentalibus,
650 4814 1051 4872 Occidentales
1081 4815 1242 4887 ipsos
1271 4817 1342 4870 de
1373 4816 1744 4886 processione
1771 4816 1897 4887 Spi-

243 4908 393 4963 ritus
439 4905 658 4970 sancti,
702 4920 877 4975 quam
928 4920 998 4959 ex
1041 4905 1212 4960 Patre
1255 4908 1307 4959 et
1353 4905 1491 4960 Filio
1538 4905 1896 4974 asserebant,

245 5003 308 5052 ut
353 4995 676 5051 redderent
713 5009 819 5064 par
857 4993 1003 5064 pari,
1033 4992 1211 5048 veluti
1258 4993 1330 5048 de
1373 4992 1617 5048 crimine
1647 4993 1898 5048 insimu-

245 5085 465 5140 labant.
489 5084 642 5139 Hinc
673 5083 1006 5153 frequentes
1033 5081 1141 5137 hac
1170 5083 1241 5137 de
1273 5097 1334 5136 re
1363 5083 1567 5154 synodi
1598 5081 1898 5138 celebratae

245 5174 574 5242 habitasque
606 5170 1058 5242 disputationes.

311 5263 511 5319 Prima
543 5276 680 5333 quae
710 5257 1018 5329 reperitur,
1055 5259 1312 5331 synodus
1349 5263 1438 5315 est
1486 5259 1898 5315 Gentiliacensis

250 5355 350 5408 sub
385 5352 595 5425 Pipino
637 5348 994 5403 Francorum
1049 5363 1182 5420 rege
1231 5366 1380 5404 anne
1422 5349 1528 5402 767
1587 5348 1894 5403 celebrata.

253 5440 624 5498 (hensionem
679 5436 841 5492 dedit
890 5435 1253 5491 Constantini
1287 5438 1614 5492 Graecorum
1648 5437 1895 5508 impera-

257 5533 384 5586 toris
412 5530 635 5603 legatio
667 5526 740 5581 ad
777 5540 992 5596 regem.
1028 5525 1146 5580 Hac
1177 5526 1246 5580 de
1287 5543 1348 5581 re
1380 5525 1714 5580 admonitus
1744 5526 1896 5580 Pau-

262 5621 332 5674 bu
354 5635 604 5677 summus
627 5617 912 5690 pontifex,
944 5613 1169 5669 litteras
1216 5615 1289 5670 ad
1341 5615 1612 5670 eumdem
1644 5618 1896 5669 Franco-

265 5725 369 5767 nun
399 5726 596 5784 regem
620 5704 914 5779 reposuit,
938 5719 1067 5774 qua;
1097 5720 1157 5758 ιιι
1181 5703 1376 5760 codice
1395 5703 1662 5759 Carolino
1684 5703 1897 5759 habena

2006 4744 2220 4783 sensum
2249 4733 2402 4782 recte
2447 4726 2683 4796 sentire,
2716 4731 2772 4780 et
2824 4725 3137 4796 exponendo
3188 4742 3388 4781 eorum
3437 4724 3652 4780 subtile

2006 4817 2254 4887 supplere
2305 4817 2638 4885 ingenium,-
2693 4814 2794 4869 sed
2844 4813 3045 4868 addere
3100 4815 3181 4868 vel
3236 4814 3487 4869 minuere
3540 4817 3648 4878 est,

2009 4903 2252 4960 subdole
2283 4907 2473 4960 contra
2503 4907 2941 4959 sacrosanctum
2963 4919 3163 4957 eorum
3197 4919 3460 4970 sensum,
3481 4901 3653 4957 aliter

2007 5012 2173 5067 quam
2222 4994 2336 5061 illi,
2368 4992 2560 5048 calida
2608 4991 3086 5064 tergiversatione
3131 4991 3356 5047 diversa
3401 4991 3601 5046 sentire
3631 5009 3649 5044 .-

2007 5089 2066 5138 et
2122 5082 2364 5137 confuso
2413 5080 2564 5152 stylo
2619 5096 2936 5151 perversum
2988 5081 3188 5151 dogma
3235 5089 3647 5152 Componere...

2009 5171 2401 5226 Plurimorum
2435 5170 2652 5225 etenim
2683 5169 3109 5225 Catholicorum
3140 5169 3420 5236 virorum,
3455 5167 3651 5224 Eccle-

2007 5260 2349 5330 siarumque
2394 5258 2496 5313 Dei
2545 5258 2861 5323 cultorum,
2905 5274 3075 5313 sacrae
3120 5258 3248 5328 ﬁdei
3293 5259 3650 5329 compositum

2004 5349 2318 5403 venerabile
2349 5348 2546 5417 legitur
2583 5363 2740 5417 opus,
2771 5346 2900 5402 aliis
2946 5347 3183 5417 quidem
3233 5347 3444 5416 verbis,
3476 5345 3650 5402 dissi-

2009 5437 2250 5509 milique
2281 5435 2504 5491 calamo
2550 5441 2878 5499 resonante,
2913 5437 3012 5490 sed
3061 5436 3332 5491 eumdem
3383 5451 3646 5501 sensum,

2008 5527 2399 5596 eumdemque
2431 5525 2646 5597 ingenii
2681 5523 3042 5579 intellectum
3074 5524 3438 5580 concorditer
3466 5523 3650 5578 invio-

2008 5615 2137 5669 late
2185 5615 2320 5669 ﬁdei
2365 5630 2481 5669 uno
2530 5613 2872 5669 assertionis
2912 5612 3170 5668 redolere
3199 5613 3520 5684 probantur
3548 5612 3650 5667 do-

2008 5708 2300 5760 cumento.
2340 5725 2366 5753 »
