4094 6454
489 496 602 559 1⁵79

1511 501 1827 563 GEORGII
1874 501 2133 563 CYPRH
2179 501 2295 564 GP.
2346 503 2870 566 PATRIARCILE

3779 499 3896 562 180

565 629 720 684 Fidei
755 629 1012 686 formulae
1044 629 1394 699 indicantur,
1428 649 1554 703 quea
1585 650 1618 687 a
1648 633 1920 705 Symbolo
1951 634 2130 688 Nicae-
2166 637 2218 700 Α
2250 638 2508 706 tempore
2540 634 2744 707 synodi
2777 634 3239 698 Gentiliacensis.
3272 633 3333 688 in
3384 649 3499 705 quo
3551 649 3685 690 cum
3736 634 3896 690 Gras-

495 736 569 774 no
599 724 655 774 et
687 719 1326 791 Constantinopolitano
1350 721 1633 777 distinctis
1667 728 1824 787 sunt,
1859 723 2133 795 frequen-

495 808 616 862 tius
665 809 734 862 ab
785 808 1072 875 Ecclesiis,
1116 815 1172 863 et
1217 810 1627 866 ecclesiasticis
1676 812 1813 866 viris
1860 813 2046 881 editae,
2079 817 2136 867 et

496 914 529 950 a
559 897 728 952 nobis
759 897 1029 968 superius
1062 903 1411 953 memoratas.
1441 899 1574 971 Ipsa
1595 900 1769 954 etiam
1792 900 2136 970 exprimitur

493 987 750 1040 Formula
780 987 1023 1055 Niciena,
1057 1003 1235 1058 quam
1268 989 1506 1042 vocibus
1551 988 1846 1060 aliquibus
1897 991 2136 1059 adjectis

488 1074 829 1145 supplevere
887 1075 1474 1148 Constantinopolitani
1532 1077 1745 1133 Patres.
1814 1098 1834 1125 ι
1883 1079 2024 1132 Nam
2086 1080 2132 1134 si

488 1169 858 1218 recensentur
886 1166 1100 1220 Niczeni
1151 1167 1387 1236 symboli
1435 1167 1614 1221 series
1664 1167 2010 1233 veneranda,
2045 1169 2133 1222 ni-

490 1251 570 1306 hil
603 1250 759 1306 aliud
811 1253 882 1306 de
935 1253 1155 1324 Spiritu
1189 1259 1388 1308 sancto
1431 1255 1486 1307 in
1533 1271 1619 1321 ea,
1655 1255 1766 1310 nisi
1801 1256 1907 1310 hoc
1940 1257 2133 1321 modo,

491 1341 726 1412 reperiri
763 1342 971 1410 poterit
1001 1343 1434 1414 promulgatum
1470 1359 1484 1398 :
1539 1345 1602 1399 Et
1643 1346 1702 1398 in
1746 1350 2016 1409 sanctum,
2053 1346 2138 1399 in-

491 1428 720 1499 quiunt,
757 1429 1049 1500 Spiritum.
1081 1432 1228 1494 Quid
1263 1436 1353 1486 est
1383 1447 1518 1502 ergo
1549 1431 1759 1499 dicere,
1802 1442 1852 1487 et
1903 1434 1961 1487 in
2012 1433 2132 1504 Spi-

490 1521 661 1572 ritum
717 1523 1016 1572 sanctum?
1071 1519 1369 1582 Quomodo
1439 1520 1592 1575 180
1656 1521 1994 1592 accipienda
2049 1527 2137 1576 est

491 1610 611 1661 tam
644 1607 990 1662 brevissima
1021 1625 1219 1662 eorum
1255 1609 1561 1679 professio,
1605 1610 1714 1664 nisi
1760 1617 1825 1664 ut
1874 1616 2138 1682 patenter

493 1695 664 1750 detur
709 1695 954 1768 intelligi
1003 1698 1285 1751 mentium
1327 1714 1527 1752 eorum
1561 1698 1795 1770 integrae
1831 1699 1962 1755 fidei
1996 1700 2134 1753 reli-

493 1783 657 1854 giosa
686 1784 909 1839 devotio
947 1801 958 1839 :
1015 1788 1065 1839 et
1114 1787 1172 1840 in
1215 1789 1474 1842 sanctum
1503 1787 1793 1857 Spiritum,
1823 1790 1966 1843 sicut
1994 1793 2046 1844 et
2077 1792 2137 1841 in

492 1873 715 1926 Patrem
744 1881 794 1928 et
819 1876 882 1928 in
911 1875 1114 1928 Filium
1145 1875 1522 1945 probabiliter
1551 1877 1885 1931 credidisse.
1920 1880 2134 1942 Quem-

2246 723 2330 779 cis
2361 723 2536 778 hocce
2566 724 2638 778 de
2665 723 2796 778 fidei
2828 725 3100 796 dogmate
3132 724 3498 795 disputatum
3531 728 3639 778 est.

2316 813 2828 867 Confirmationem
2863 813 3241 883 suppeditant
3277 811 3726 883 amplissimam,
3764 830 3892 884 quae

2244 902 2315 956 ad
2368 902 2657 972 synodum
2710 900 3002 972 pertinent
3030 903 3524 973 Aquisgranensem
3581 918 3732 956 anno
3787 902 3892 955 809

2244 989 2620 1046 celebratum.
2659 990 2978 1045 lnnotescit
3028 989 3266 1062 quippe,
3307 990 3453 1044 181
3512 989 3570 1043 in
3619 990 3894 1046 Ecclesiis

2243 1079 2576 1147 Gallicanis,
2608 1085 2664 1133 et
2710 1079 2850 1133 alibi
2901 1079 2958 1132 in
3009 1096 3168 1133 more
3213 1080 3339 1149 jam
3383 1079 3640 1150 positum
3687 1080 3890 1147 fuisse,

2245 1173 2306 1220 ut
2358 1167 2508 1221 inter
2553 1167 2868 1222 missarum
2902 1166 3187 1222 solemnia
3221 1169 3893 1239 Constantinopolitanum

2242 1257 2571 1327 symbolum,
2605 1256 3003 1311 additamento
3054 1261 3313 1325 auctum,
3355 1262 3678 1311 caneretur.
3715 1258 3888 1329 Egin-

2244 1345 2485 1411 bardus,
2521 1345 2576 1398 in
2635 1347 2750 1400 Vita
2801 1345 2989 1400 Caroli
3027 1348 3240 1414 Magni,
3274 1345 3357 1400 sic
3405 1344 3532 1400 ait:
3585 1347 3892 1413 Imperator

2242 1433 2308 1487 de
2336 1433 2631 1488 Arduenna
2661 1435 2996 1505 Aquisgrani
3023 1451 3289 1498 reversus,
3321 1450 3503 1489 mense
3533 1435 3889 1498 Novembrio,

2243 1524 2543 1577 concilium
2599 1524 2790 1577 habuit
2845 1523 2911 1576 de
2959 1525 3302 1594 processione
3360 1525 3600 1594 Spiritus
3658 1526 3889 1578 sancti:

2244 1628 2408 1684 quam
2454 1614 2812 1682 quaestionem
2840 1614 3072 1668 Joannes
3116 1612 3345 1684 quidam
3372 1614 3670 1667 monachus
3701 1615 3888 1668 Hiero-

2243 1701 2468 1771 solymis
2509 1703 2688 1771 primo
2718 1703 3025 1756 commovit.
3081 1724 3109 1749 ‹‹
3144 1702 3332 1771 Hujus
3362 1702 3764 1756 controversiae
3795 1718 3888 1757 oc-

2245 1790 2401 1844 casio
2434 1789 2629 1859 (verba
2666 1794 2804 1843 sunt
2852 1789 3172 1844 Mabillonii
3219 1790 3555 1862 praefatione
3607 1808 3645 1857 ι,
3680 1790 3737 1844 in
3792 1807 3893 1845 sas-

2245 1878 2438 1932 culum
2491 1895 2545 1933 iv
2594 1878 2829 1932 Ordinis
2862 1878 3048 1933 sancti
3080 1878 3396 1947 Benedicti,
3433 1880 3460 1945 §
3505 1879 3558 1948 2)
3591 1879 3771 1950 petita
3799 1884 3890 1934 est

495 1961 812 2016 admodum
848 1967 1048 2033 postea
1093 1980 1126 2017 a
1169 1963 1389 2019 sanctis
1419 1965 1689 2020 Patribus
1717 1975 1934 2020 centum
1961 1968 2130 2037 quin-
2169 2002 2216 2065 Β
2246 1983 2315 2022 ex
2341 1983 2496 2022 more
2529 1968 2830 2032 Gallorum,
2863 1967 2962 2038 qui
3016 1984 3148 2021 cum
3200 1967 3259 2022 in
3299 1965 3572 2039 Symbolo
3603 1967 3886 2023 Constan-

496 2055 788 2124 quaginta,
813 2053 913 2123 qui
937 2053 1240 2107 contestati
1273 2058 1412 2108 sunt
1433 2054 1690 2126 Symboli
1724 2055 1898 2110 fidem
1922 2056 2138 2110 Nicaeni

499 2141 728 2197 concilii
775 2140 1104 2197 inviolatam
1155 2143 1483 2213 perenniter
1531 2160 1891 2214 permanere,
1924 2146 2139 2216 supple-

500 2236 696 2289 verunt
725 2235 944 2301 tamen,
977 2232 1135 2301 quasi
1175 2232 1490 2301 exponendo
1537 2248 1727 2288 eorum
1773 2250 1992 2288 sensum
2022 2252 2040 2288 :
2088 2238 2140 2288 et

501 2323 562 2376 in
601 2322 868 2393 Spiritum
893 2324 1145 2375 sanctum
1176 2321 1528 2375 confitentur
1575 2339 1636 2376 se
1683 2323 1915 2378 credere
1947 2327 2137 2378 Domi-

502 2427 655 2481 num,
699 2414 752 2465 et
803 2411 1212 2478 viviﬁcatorem,
1257 2425 1326 2463 ea:
1370 2411 1540 2464 Patre
1580 2412 1974 2482 procedentem,
2020 2429 2142 2466 cum

501 2503 666 2555 Patre
719 2503 769 2554 et
835 2500 973 2553 Filio
1038 2498 1424 2562 adorandum,
1484 2503 1535 2554 et
1599 2501 2138 2571 congloriﬁcandum.

499 2590 628 2644 Haec
675 2587 854 2651 enim,
885 2591 940 2640 et
987 2590 1191 2641 caetera
1241 2604 1368 2659 quas
1417 2593 1762 2658 sequuntur,
1818 2590 1875 2643 in
1929 2589 2142 2643 Niceni

497 2677 757 2750 Symboli
787 2692 951 2730 sacro
975 2676 1245 2746 dogmate
1280 2693 1392 2730 non
1425 2676 1732 2732 habentur.
1759 2679 1868 2732 Sed
1904 2685 1958 2733 et
1994 2685 2144 2750 post-

500 2767 764 2829 modum,
793 2769 1017 2835 propter
1055 2781 1141 2818 eos
1181 2763 1442 2819 videlicet
1488 2765 1792 2833 haereticos,
1824 2770 1922 2837 qui
1952 2785 2142 2832 susur-

500 2863 627 2910 rant
655 2855 925 2924 Spiritum
952 2857 1201 2907 sanctum
1229 2855 1399 2908 solius
1441 2870 1554 2908 esse
1604 2858 1810 2921 Patris,
1843 2860 1893 2910 et
1939 2874 1972 2910 a
2020 2857 2142 2911 solo

499 2944 782 3016 procedere
811 2944 992 3007 Patre,
1028 2942 1290 2996 additum
1324 2948 1412 2997 est
1445 2959 1456 2997 :
1513 2947 1624 3012 Qui
1671 2961 1740 2999 ea:
1781 2946 1944 3000 Patre
1976 2947 2141 3001 Filio-

501 3049 603 3105 que
628 3032 892 3104 procedit.
928 3032 994 3085 Et
1025 3035 1221 3086 tamen
1255 3049 1367 3086 nou
1415 3037 1554 3086 sunt
1600 3032 1660 3087 hi
1710 3035 1890 3088 sancti
1945 3035 2142 3090 Patres

502 3121 774 3194 culpandi
811 3137 822 3174 :
873 3120 1038 3191 quasi
1071 3120 1405 3175 addidissent
1433 3122 1667 3192 aliquid,
1698 3124 1780 3176 vel
1810 3123 2143 3178 minuissent

500 3211 567 3268 de
617 3211 722 3282 ﬁde
767 3213 1131 3265 trecentorum
1177 3209 1360 3264 decem
1415 3219 1468 3264 et
1511 3217 1626 3265 octo
1674 3214 1906 3267 Patrum
1931 3231 1950 3275 ;
2005 3214 2146 3284 quia

501 3317 612 3356 non
658 3303 852 3355 contra
901 3315 1089 3354 eorum
1133 3314 1352 3353 sensum
1400 3299 1628 3355 diversa
1678 3304 2007 3368 senserunt,
2041 3303 2140 3357 sed

2249 2056 2631 2128 tinopolitauo
2680 2056 3043 2111 addidissent
3092 2072 3292 2111 vocem
3333 2057 3602 2127 Filioque,
3635 2057 3694 2110 in
3742 2074 3886 2128 quo-

2250 2145 2518 2199 rumdam
2596 2144 3101 2215 reprehensionem
3190 2145 3522 2210 incurrere,
3600 2146 3888 2216 praecipue

2247 2233 2492 2288 Joannis
2521 2233 2790 2288 monachi
2821 2231 3345 2303 Hierosolymitani.
3380 2237 3436 2287 Is
3478 2233 3695 2305 quippe
3735 2251 3889 2289 anno

2242 2323 2367 2392 jam
2401 2322 2555 2376 dicto
2585 2321 2644 2376 in
2677 2321 2923 2376 Galliam
2957 2321 3175 2377 missus
3225 2322 3295 2376 ad
3337 2320 3626 2388 Carolum,
3662 2328 3891 2378 contro-

2249 2411 2498 2464 versiam
2544 2410 2651 2465 hac
2689 2411 2757 2465 de
2805 2427 2865 2465 re
2921 2411 3119 2476 movit,
3152 2427 3280 2482 quis
3323 2410 3394 2465 ad
3427 2410 3672 2466 Romani
3704 2411 3897 2467 Ponti-

2256 2500 2378 2552 ficis
2401 2499 2688 2568 judicium
2722 2497 2914 2553 delata
2941 2504 3048 2553 est.
3082 2521 3110 2547 ››

2325 2587 2531 2642 Veram
2566 2587 2927 2642 occasionem
2976 2593 3175 2643 narrat
3217 2587 3275 2642 in
3329 2605 3437 2643 sua
3486 2587 3901 2644 Dissertatione

2255 2676 2445 2747 prima
2475 2677 2886 2731 Damascenica
2918 2676 3162 2730 Michael
3197 2677 3526 2748 Lequienus
3554 2694 3623 2732 ex
3663 2677 3902 2733 Litteris

2253 2765 2606 2836 quibusdam
2655 2765 2911 2832 ineditis,
2966 2783 3112 2836 quas
3165 2766 3288 2837 ipse
3337 2770 3630 2837 receperat
3682 2783 3718 2820 a
3771 2770 3898 2821 Ste-

2253 2854 2443 2924 phano
2477 2854 2730 2924 Baluzio,
2764 2871 2828 2909 ac
2878 2855 2927 2909 is
2976 2861 3178 2926 postea
3208 2855 3359 2909 inter
3389 2854 3757 2910 Miscellanea
3799 2860 3902 2927 ty-

2253 2943 2341 3014 pis
2373 2943 2649 3014 vulgavit,
2690 2949 2846 2998 tomo
2888 2943 3006 2998 VII.
3040 2943 3123 2997 Ad
3173 2946 3404 2999 Leonem
3451 2945 3541 2999 Ill
3588 2961 3898 3000 summum

2253 3031 2591 3086 Pontificem
2642 3031 2907 3086 scribunt
2953 3032 3208 3087 monachi
3249 3034 3554 3103 peregrini,
3598 3034 3656 3087 in
3709 3038 3901 3088 monte

2254 3120 2451 3175 Oliveti
2502 3120 2855 3175 habitantes:
2913 3141 2940 3172 α
2971 3120 3179 3175 Notam
3222 3121 3326 3174 tibi
3369 3121 3614 3176 facimus
3646 3121 3896 3177 tribula-

2252 3209 2467 3264 tionem
2519 3213 2801 3280 nostram,
2835 3226 3011 3280 quam
3066 3209 3158 3263 hic
3208 3211 3480 3281 patimur.
3512 3214 3752 3266 Joannes
3796 3213 3902 3280 qui

2252 3300 2366 3368 fuit
2399 3299 2465 3352 de
2503 3299 2839 3353 monasterio
2872 3298 3057 3352 Sancti
3087 3298 3311 3354 Saba...
3345 3297 3568 3354 levatus
3599 3305 3691 3353 est
3720 3315 3904 3370 super
3939 3337 3946 3344 ο

502 3387 950 3444 immaculatum
1000 3402 1200 3442 eorum
1258 3387 1617 3444 intellectum
1671 3390 1831 3445 sanis
1881 3391 2144 3446 moribus
2174 3360 2217 3426 Ο
2257 3404 2362 3443 nos
2392 3387 2658 3450 dicendo,
2691 3387 2843 3458 quod
2877 3388 3096 3450 Franci.
3129 3386 3228 3458 qui
3260 3391 3398 3441 sunt
3444 3387 3500 3440 in
3546 3391 3743 3442 monte
3771 3386 3902 3442 Oli-

503 3477 776 3549 supplere
833 3475 1207 3530 studuerunt.
1269 3475 1600 3532 Didicerant
1667 3478 1862 3550 itaque
1925 3485 2144 3536 centum

502 3566 905 3636 quinquaginta
934 3564 1177 3635 (Patres)
1208 3564 1307 3635 qui
1349 3564 1669 3621 intulerunt
1721 3584 1755 3622 a
1807 3569 1972 3623 Patre
2014 3586 2142 3641 pro-

501 3654 792 3720 cedentem,
825 3651 1182 3724 evangelista
1225 3658 1495 3720 testante,
1531 3655 1933 3726 repromisisse
1965 3658 2144 3714 disci-

505 3742 660 3814 pulis
681 3743 877 3813 ipsum
897 3740 1266 3813 Unigenitum
1285 3742 1356 3797 de
1377 3760 1484 3797 suo
1500 3743 1716 3814 Spiritu
1744 3763 1756 3800 :
1787 3746 2033 3816 Spiritus
2050 3751 2148 3818 qui

507 3848 543 3886 a
571 3835 736 3885 Patre
760 3831 1029 3901 procedit.
1066 3831 1351 3901 Legerant
1382 3849 1588 3903 nempe
1628 3835 1671 3887 ii
1707 3839 1988 3905 sequentes
2018 3837 2144 3904 (Pa-

508 3922 650 3989 tres)
683 3921 778 3989 qui
806 3919 1173 3974 addiderunt:
1218 3921 1323 3983 Qui
1364 3938 1431 3975 ex
1461 3922 1627 3977 Patre
1658 3923 1916 3995 Filioque
1951 3943 2145 3995 proce-

507 4009 620 4078 dit,
688 4009 873 4075 ipsam
932 4009 1196 4062 eamdem
1254 4009 1554 4064 veritatem
1613 4011 1672 4066 in
1731 4014 2054 4085 Evangelio.
2119 4037 2146 4064 ››

509 4098 694 4160 Quam
730 4098 929 4166 utique
959 4097 1258 4152 veritatem
1305 4100 1650 4171 evangelicis
1698 4102 1870 4156 dictis
1920 4104 2147 4175 perspi-

512 4203 616 4241 cue
647 4186 1009 4241 demonstrat
1053 4185 1350 4242 Paulinus.

583 4274 960 4329 Validissima
999 4279 1138 4329 sunt
1185 4275 1491 4330 adversum
1523 4277 1750 4333 Graecos
1781 4286 2145 4352 argumenta.

508 4368 639 4418 Haec
668 4365 870 4420 eadem
919 4365 976 4418 in
1027 4364 1245 4435 synodo
1300 4363 1626 4420 Florentina
1674 4368 1990 4425 adhibuere
2036 4375 2146 4426 Pa-

503 4457 622 4508 tres
656 4469 668 4506 :
723 4453 1047 4524 eademque
1078 4469 1184 4508 nos
1215 4454 1558 4524 compendio
1589 4455 1932 4527 collegimus
1963 4460 2150 4530 capite

504 4545 558 4609 2,
611 4559 773 4596 num.
825 4543 877 4607 4,
925 4547 982 4596 et
1024 4558 1149 4612 cap.
1195 4543 1247 4605 3,
1284 4559 1442 4596 num.
1483 4545 1532 4611 1,
1567 4545 1829 4613 symbolo
1863 4547 2148 4602 Constan-

506 4630 889 4702 tinopolitano
913 4631 1034 4700 jam
1067 4631 1326 4684 additam
1361 4631 1536 4686 fuisse
1570 4639 1736 4687 aetate
1769 4634 1993 4689 Paulini.
2026 4654 2152 4707 par-

2252 3475 2384 3542 veti,
2435 3475 2687 3530 haeretici
2736 3479 2916 3531 sunt:
2975 3480 3032 3529 et
3077 3475 3221 3529 dixit
3271 3475 3441 3530 nobis
3489 3476 3628 3547 quia
3677 3475 3903 3532 Omnes

2256 3563 2458 3620 Franci
2490 3563 2742 3618 haeretici
2774 3564 2983 3619 estis...
3023 3565 3119 3619 Die
3151 3569 3352 3619 sancto
3393 3564 3693 3620 Dominico
3739 3567 3905 3636 (post

2253 3652 2515 3708 Natalem
2548 3653 2802 3720 Domini)
2834 3653 3167 3725 congregati
3210 3658 3349 3708 sunt
3386 3655 3718 3709 sacerdotes
3759 3670 3902 3710 cum

2255 3742 2406 3798 clero
2455 3747 2512 3797 et
2559 3741 2792 3813 populo,
2837 3747 2894 3796 et
2941 3743 3444 3814 interrogaverunt
3497 3759 3625 3804 nos,
3658 3743 3906 3814 qualiter

2255 3831 2593 3887 crederemus
2634 3831 2970 3901 Symbolum.
3013 3831 3127 3885 Nos
3182 3835 3375 3886 autem
3425 3831 3692 3896 dicendo,
3742 3833 3904 3902 quod

2257 3922 2340 3976 sic
2371 3921 2666 3975 credimus
2705 3920 2858 3974 sicut
2897 3925 3099 3975 sancta
3129 3919 3386 3975 Ecclesia
3416 3920 3715 3987 Romana;
3747 3920 3901 3975 dixi-

2259 4027 2412 4074 mus,
2446 4014 2502 4065 et
2549 4009 2802 4063 dicimus
2852 4009 2909 4062 in
2969 4014 3169 4063 nostra
3215 4008 3434 4081 lingua,
3468 4025 3594 4080 quae
3637 4026 3739 4065 vos
3778 4027 3903 4067 non

2257 4098 2451 4153 dicitis
2503 4098 2560 4152 in
2609 4101 2822 4152 Graeca.
2878 4101 2942 4151 Et
2993 4097 3050 4152 in
3101 4097 3284 4152 Gloria
3331 4097 3487 4152 Patri
3537 4114 3653 4152 non
3704 4099 3906 4156 dicitis

2256 4190 2397 4243 sicut
2427 4196 2545 4242 erat
2587 4189 2645 4241 in
2683 4188 2960 4257 principio
2980 4203 3000 4247 ;
3031 4191 3087 4240 et
3118 4186 3176 4240 in
3209 4186 3394 4241 Gloria
3437 4188 3498 4240 in
3525 4187 3753 4242 excelsis
3781 4205 3906 4244 non

2259 4276 2454 4332 dicitis
2503 4277 2576 4330 Tu
2622 4275 2770 4330 solus
2817 4276 3169 4335 altissimus;
3222 4280 3280 4329 et
3336 4280 3500 4330 Pater
3545 4279 3732 4331 noster
3787 4275 3908 4334 alio

2261 4366 2432 4420 modo
2480 4363 2714 4431 dicitis;
2767 4368 2822 4418 et
2871 4364 2929 4418 in
2979 4363 3232 4434 Symbolo
3280 4379 3386 4418 nos
3434 4361 3686 4419 dicimus
3744 4363 3907 4435 plus,

2259 4469 2434 4524 quam
2478 4469 2576 4507 vos
2612 4469 2624 4505 :
2679 4452 2782 4519 Qui
2831 4468 2904 4506 ex
2949 4457 3113 4507 Patre
3161 4451 3405 4523 Filioque
3446 4452 3707 4523 procedit.
3739 4452 3913 4510 Unde

2261 4542 2400 4595 dicit
2430 4541 2537 4595 iste
2565 4541 2842 4608 Joannes,
2876 4540 3152 4596 inimicus
3195 4541 3403 4594 animae
3449 4557 3569 4595 sua:
3605 4558 3617 4596 :
3664 4546 3912 4613 propter

2260 4632 2403 4685 hunc
2429 4646 2731 4685 sermonem
2761 4630 2936 4700 (quod
2983 4646 3050 4684 ex
3094 4629 3258 4684 Patre
3303 4629 3563 4700 Filioque
3596 4631 3909 4702 procedit),

506 4719 745 4774 ticulam
795 4721 1042 4790 Filioque
1092 4719 1150 4773 in
1201 4719 1472 4774 Ecclesiis
1524 4724 1685 4793 regni
1739 4723 1940 4788 Italici,
1991 4727 2144 4796 quod
2179 4731 2222 4794 D
2262 4720 2412 4790 quod
2468 4719 2718 4773 δίθηιὶοί
2764 4735 2992 4773 sumus.
3027 4743 3048 4770 ι
3103 4719 3330 4774 Turbas
3362 4733 3498 4790 ergo
3531 4719 3737 4774 nonin
3767 4719 3906 4776 Gal-

507 4807 741 4862 Carolus
773 4808 1021 4879 Magnus
1054 4809 1483 4875 moderalmtur,
1519 4814 1575 4863 et
1623 4810 1680 4864 in
1714 4810 1984 4867 Ecclesiis
2012 4813 2147 4868 Gal-

508 4893 737 4961 licanis,
771 4895 943 4951 allata
978 4895 1198 4951 Paulini
1230 4899 1404 4952 verba
1435 4899 1709 4954 suadent.
1742 4901 2000 4971 Tempus
2050 4918 2150 4956 n0-

507 4987 591 5038 tat
621 4989 676 5037 et
705 4985 1066 5039 occasionem
1106 5003 1119 5040 :
1179 4985 1527 5040 Postmodum
1563 4993 1782 5059 propter
1824 5005 1911 5044 eos
1960 4990 2147 5045 videli-

506 5076 588 5126 cet
619 5073 928 5139 ha’reticos,
963 5075 1057 5143 qui
1107 5079 1403 5129 susurrant
1449 5076 1722 5146 Spiritum
1767 5083 2014 5133 sanctum
2060 5096 2149 5134 so-

508 5160 617 5214 lius
648 5176 760 5214 esse
785 5161 992 5228 Patris,
1022 5166 1074 5216 et
1119 5179 1152 5216 a
1200 5164 1310 5217 solo
1355 5164 1646 5234 procedere
1687 5170 1870 5233 Patre,
1903 5167 2151 5224 additum

507 5253 624 5302 est:
658 5249 762 5315 Qui
789 5265 859 5303 ea:
889 5250 1053 5304 Patre
1081 5250 1330 5322 Filioque
1357 5252 1621 5321 procedit.
1654 5253 1710 5308 Id
1747 5260 1906 5309 sexto
1937 5256 2148 5311 saeculo

506 5336 919 5392 inliciebantur
955 5339 1150 5394 Ariani
1194 5339 1250 5392 in
1304 5339 1599 5410 Hispaniis
1633 5359 1646 5396 :
1695 5342 1938 5398 dissidia
1969 5345 2148 5415 septi-

507 5443 600 5481 mo
651 5425 861 5480 saeculo
911 5432 1216 5481 moverunt
1259 5428 1630 5486 Monotlielitae
1667 5432 2147 5503 Constantinopo-

503 5514 668 5569 litani
706 5532 718 5569 :
769 5522 824 5570 et
873 5516 1202 5586 insequenti
1237 5521 1436 5572 octavo
1469 5517 1706 5574 helllum
1744 5521 1954 5591 irrupit
1983 5537 2148 5592 aper-

510 5610 629 5657 lnm
685 5605 792 5658 sub
841 5604 1227 5660 Iconomachis.
1263 5605 1407 5659 Ilinc
1454 5607 1711 5662 additam
1751 5609 1808 5663 in
1855 5609 2149 5680 Hispaniis

506 5711 704 5746 vocezi
741 5693 900 5748 illam
947 5700 1106 5748 sexto
1157 5692 1388 5760 saeculo,
1441 5700 1595 5749 certo
1643 5698 1908 5753 scimus:
1965 5698 2148 5754 idem-

508 5799 620 5852 que
657 5787 868 5837 ...ictum
915 5799 1043 5839 esse
1086 5783 1143 5837 in
1194 5781 1506 5838 Gallicanis
1539 5783 2028 5841 verisimillimum
2060 5791 2150 5841 est

2261 4808 2354 4863 liis
2401 4809 2656 4863 Joannes
2707 4806 2801 4862 ille
2854 4806 3177 4863 monachus
3225 4807 3530 4874 exciverat,
3561 4809 3663 4863 sed
3701 4807 3910 4864 Hiero-

2263 4896 2495 4967 solyma:
2544 4900 2741 4952 contra
2789 4895 3024 4951 Latinos
3065 4894 3283 4950 montis
3323 4895 3526 4951 Oliveti
3558 4896 3907 4968 monachos,

2263 4987 2360 5056 qui
2396 4989 2700 5056 propterea
2731 4985 3066 5056 praesidium
3100 4988 3156 5038 et
3200 5000 3368 5055 opem
3401 4985 3622 5039 summi
3653 4984 3910 5042 Romani

2261 5074 2556 5128 Pontiﬁcis
2586 5077 2790 5145 petunt
2829 5090 2893 5127 ac
2929 5071 3260 5144 implorant.

2335 5163 2612 5232 lnquinnt
2666 5179 2795 5216 vero
2831 5180 2842 5217 ε
2901 5186 2921 5209 «ι
2961 5162 3074 5233 Ego
3127 5163 3225 5216 Leo
3270 5177 3468 5216 servus
3506 5165 3694 5218 vester
3724 5164 3912 5233 (unus

2259 5267 2328 5305 ex
2378 5252 2599 5306 eisdem
2650 5251 2866 5307 montis
2913 5250 3118 5306 Oliveti
3175 5250 3496 5317 monachis,
3531 5255 3596 5306 ut
3642 5251 3795 5306 infra
3844 5252 3912 5308 in

2261 5340 2832 5410 subscriptionibus),
2865 5340 3007 5394 dum
3047 5355 3235 5394 essem
3291 5339 3362 5393 ad
3415 5345 3618 5395 sancta
3662 5339 3917 5412 vestigia

2258 5433 2448 5482 vestra
2481 5429 2743 5499 (Romae),
2774 5435 2831 5484 et
2879 5429 2949 5483 ad
3003 5429 3099 5500 pia
3145 5427 3392 5499 vestigia
3435 5427 3665 5483 Domini
3710 5427 3915 5484 Karoli

2261 5517 2508 5587 piissimi
2569 5517 2959 5589 imperatoris,
3019 5515 3258 5588 Filiique
3313 5516 3512 5585 vestri,
3573 5516 3913 5575 audivimus

2259 5607 2319 5658 in.
2367 5606 2519 5661 182
2574 5607 2794 5677 Capella
2843 5607 2962 5678 ejus
3014 5604 3126 5658 dici
3177 5606 3234 5658 in
3285 5605 3559 5677 Symbolo
3610 5605 3764 5676 ﬁdei,
3799 5607 3916 5674 Qui

2258 5711 2330 5749 ea:
2379 5700 2546 5749 Patre
2590 5696 2812 5766 Filoque
2863 5694 3127 5766 procedit.
3181 5694 3250 5748 Et
3303 5693 3363 5747 in
3420 5693 3664 5750 homilia
3713 5697 3911 5751 sancti

2259 5784 2540 5855 Gregorii,
2587 5800 2765 5856 quam
2819 5784 2986 5839 nobis
3034 5782 3190 5838 filius
3238 5787 3446 5853 vester,
3491 5784 3744 5840 domnus
3793 5785 3905 5840 Ka-
