4094 6474
278 457 388 520 {Si

1495 452 1705 514 VITA.
1739 481 1817 495 —
1847 447 2366 514 DlSSERTATlO
2410 453 2488 513 Ιῐ.

3582 453 3696 517 182

287 592 452 648 rolus
482 592 802 663 imperator
832 587 1017 655 dedit,
1051 588 1111 642 in
1147 586 1421 659 parabola
1449 587 1796 641 Octavarum
1837 585 1941 638 Pa-
1977 585 2025 648 A
2061 588 2226 639 Patre
2247 591 2298 641 et
2323 587 2459 643 Filio
2485 589 2798 658 precedent.
2848 588 3280 655 Animadverte,
3332 591 3700 660 processionis

292 682 467 746 sella,
499 680 590 734 ubi
620 679 794 742 dixit,
829 678 940 732 Sed
968 679 1088 750 ejus
1118 679 1304 731 missio
1345 678 1465 747 ipsa
1509 677 1783 748 processio
1841 677 1938 737 est,

293 773 386 841 qui
406 772 641 825 ἀθρεῖν-ε
667 768 935 836 procedit
964 772 1015 822 et
1045 768 1208 822 Filio.
1269 766 1332 820 Et
1381 767 1441 820 in
1491 765 1710 836 Regula
1757 763 1942 818 sancti

286 858 586 926 Benedicti,
620 873 811 928 quam
849 857 1025 911 nobis
1056 856 1217 910 dedit
1246 855 1400 909 ﬁlius
1457 859 1648 909 vester
1689 854 1943 908 domnus

287 948 541 1016 Har-olus,
573 963 708 1017 qua:
742 945 930 1000 habet
961 945 1138 1000 ﬁdem
1191 943 1464 1014 scriptam
1519 944 1589 997 de
1640 945 1843 997 sancta
1890 946 1948 996 et

277 1035 639 1106 inseparabili
719 1033 1025 1089 Trinitate
1106 1033 1361 1088 dicitur:

2055 691 2125 730 ex
2171 685 2404 747 utroque
2446 679 2660 749 dogma
2717 679 3083 734 conﬁrmari:
3141 681 3210 734 de
3272 681 3570 750 adiectione
3627 680 3699 735 ad

2057 765 2397 835 Symbolum
2447 766 3158 838 Constantinopolitanum
3228 768 3451 824 nullam
3513 768 3698 840 ingeri

2056 853 2429 908 mentionem.

2125 943 2340 998 Habita
2368 959 2502 998 vero
2556 945 2906 1016 Aquisgrani
2971 947 3228 1017 synodus
3269 963 3302 1000 a
3329 946 3528 1002 Carolo
3576 947 3697 1002 Ma-

1441 1032 1606 1087 Credo
1681 1031 1946 1102 Spiritum
2056 1046 2171 1102 gno
2203 1033 2270 1087 de
2294 1035 2636 1103 processione
2661 1033 2908 1104 Spiriius
2937 1037 3134 1090 sancti.
3169 1036 3318 1089 Tum
3358 1035 3530 1107 legati
3580 1037 3693 1092 Ro-

267 1137 532 1190 maenam,
570 1128 766 1179 Deum
795 1139 997 1178 verum
1026 1138 1102 1177 ex
1130 1125 1298 1177 Patre
1333 1120 1716 1193 procedentem
1757 1127 1808 1174 et
1855 1119 1943 1172 Fi-

259 1216 348 1270 lio.
384 1214 450 1268 Et
491 1213 550 1267 in
617 1212 899 1284 Dialogo,
959 1227 1138 1282 quem
1198 1209 1368 1265 nobis
1422 1214 1616 1264 vestra
1664 1208 1944 1264 sanctitas

2059 1137 2214 1175 mam
2248 1121 2433 1188 missi,
2493 1126 2555 1176 ut
2600 1127 2757 1176 mota
2813 1125 3040 1193 quazstio
3095 1124 3434 1193 (Ie/iniretur,
3497 1129 3559 1179 ut
3615 1124 3696 1180 ait

2056 1208 2406 1281 Eginardus.
2439 1214 2614 1266 Putat
2641 1211 2924 1266 Baronius
2969 1213 3038 1266 ad
3083 1229 3303 1267 annum
3352 1214 3475 1277 809,
3526 1231 3689 1268 num.

253 1303 386 1357 dare
416 1302 670 1373 dignata
707 1305 826 1368 est,
865 1299 1146 1355 similiter
1174 1298 1333 1354 dicit.
1381 1303 1447 1352 Et
1486 1298 1545 1353 in
1597 1298 1708 1352 fide
1757 1295 1943 1352 sancti
2052 1298 2157 1352 53:
2183 1320 2211 1347 «
2238 1299 2575 1354 Tractatum
2618 1317 2732 1354 non
2766 1301 2972 1371 fuisse,
3003 1318 3142 1355 num
3177 1301 3431 1372 Spiritus
3453 1307 3692 1358 sanctus

247 1391 556 1447 Athanasii
589 1390 812 1445 eodem
853 1389 1028 1443 modo
1077 1387 1240 1442 dicit.
1286 1410 1314 1438 »
1349 1387 1450 1442 His
1498 1386 1688 1441 Latini
1737 1402 1942 1441 mona-

254 1480 342 1534 chi
374 1479 783 1533 vindicabant
831 1477 1212 1532 documentis
1261 1475 1606 1548 particulam
1658 1475 1935 1546 Filioque,

254 1586 422 1640 quam
455 1568 740 1638 Symbolo
781 1567 1401 1637 Constantinopolitano
1452 1567 1734 1621 insertam
1781 1565 1936 1636 lege-

2051 1404 2086 1442 a
2116 1388 2283 1442 Patre
2327 1389 2574 1459 Filioque
2615 1389 2957 1460 procederet:
3003 1391 3103 1444 sed
3153 1392 3306 1461 quod
3358 1395 3484 1445 tum
3536 1392 3690 1462 apud

2050 1476 2360 1547 Hispanos,
2396 1481 2519 1532 tum
2552 1478 2703 1547 apud
2738 1477 2935 1532 Gallos
2991 1478 3198 1533 additae
3247 1480 3483 1534 fuerunt
3532 1496 3689 1551 sym-

2048 1564 2178 1620 bolo
2215 1569 2468 1637 quatuor
2498 1565 2608 1619 illze
2643 1566 2902 1638 syllabae,
2929 1568 3216 1638 Filioque;
3258 1585 3401 1622 num
3434 1569 3493 1622 id
3543 1570 3690 1624 bene

251 1659 401 1724 bant,
449 1658 937 1728 canebantque;
988 1672 1239 1727 eamque
1288 1655 1489 1710 eodem
1548 1655 1608 1709 in
1663 1653 1935 1726 Symbolo
2045 1655 2263 1709 factum
2297 1659 2473 1721 esset,
2504 1659 2569 1708 ut
2597 1658 2656 1710 et
2681 1656 2762 1709 ita
2790 1664 3014 1710 auctum
3041 1657 3364 1726 Symbolum
3390 1657 3448 1710 in
3499 1657 3688 1712 Eccle-

253 1749 354 1801 dici
381 1747 789 1802 consuevisse
826 1748 893 1800 in
933 1746 1153 1818 capella
1198 1743 1384 1801 Caroli
1431 1743 1628 1815 Magni
1675 1743 1933 1816 impera-

252 1836 404 1902 toris,
437 1841 783 1891 testantur.

2044 1742 2133 1798 sia
2162 1749 2532 1798 caneretur.»
2566 1743 2686 1798 Imo
2733 1745 2803 1798 de
2846 1744 2974 1815 ipsa
3021 1745 3272 1816 Spiritus
3327 1745 3512 1800 sancti
3558 1762 3687 1816 pro-

2043 1831 2325 1901 cessione,
2357 1837 2555 1887 utrum
2585 1849 2619 1887 a
2647 1834 2810 1888 Patre
2849 1835 3085 1899 tantum,
3136 1851 3208 1888 an
3239 1850 3278 1889 α
3306 1835 3469 1889 Patre
3517 1835 3684 1889 Filio-

311 1925 630 1979 Summum
669 1923 1042 1978 Pontiﬁcem
1103 1924 1272 1978 enixe
1319 1926 1562 1994 rogant:
1621 1923 1690 1977 Ut
1727 1921 1930 1994 digne-
1962 1951 2010 2016 B
2043 1938 2145 1992 que
2191 1922 2468 1992 procedat,
2503 1925 2722 1976 motam
2781 1939 2909 1977 esse
2939 1940 2970 1976 a
3020 1922 3233 1977 Graecis
3281 1924 3684 1995 quaestionem,

255 2013 328 2068 ris
353 2012 722 2083 (inquiunt),
761 2017 891 2067 tam
949 2014 1012 2067 in
1063 2011 1250 2069 Graeco
1297 2028 1470 2082 quam
1523 2013 1584 2066 in
1621 2013 1815 2067 Latino
1861 2011 1931 2066 de
1962 2010 2005 2016 —
2041 2026 2288 2081 eamque
2317 2011 2670 2069 discussam.
2704 2027 2807 2082 pro
2839 2015 2994 2066 certo
3026 2010 3243 2065 habent
3288 2010 3574 2077 Cointius,
3629 2015 3686 2066 et

261 2101 464 2156 sanctis
509 2101 838 2165 Patribus,
889 2101 992 2173 qui
1049 2099 1388 2173 Symbolum
1454 2103 1926 2172 composuerunt,

263 2191 539 2260 inquirere
572 2206 937 2245 sermonem
975 2189 1183 2254 istum,
1216 2189 1313 2243 ubi
1361 2189 1576 2244 dicitur
1621 2191 1715 2244 Ex
1760 2194 1929 2244 Patre

271 2280 488 2352 Filioque
517 2279 809 2351 procedit.
860 2280 932 2334 Et
979 2279 1037 2333 in
1083 2278 1278 2334 Graeco
1328 2295 1442 2333 non
1492 2278 1717 2343 dicunt,
1776 2279 1930 2334 sicut

277 2371 510 2424 caused
546 2369 795 2434 dicunt,
832 2369 945 2436 Qui
972 2383 1042 2423 ex
1089 2373 1258 2423 Patre
1302 2367 1586 2435 procedit;
1636 2372 1692 2422 et
1737 2369 1928 2424 rident

283 2455 816 2514 istumsormouem
860 2473 1122 2529 gravem,
1173 2472 1346 2528 quem
1396 2473 1505 2511 nos
1563 2457 1816 2512 dicimus
1864 2458 1924 2512 in

291 2544 466 2601 latino.
498 2548 574 2602 Et
607 2547 915 2601 mandare
945 2545 1205 2617 digneris
1236 2546 1451 2601 domno
1482 2545 1689 2601 Karolo
1737 2546 1921 2618 impe-

289 2636 425 2688 ratori
454 2635 580 2690 tilio
618 2640 847 2701 vestro,
881 2634 1036 2705 quod
1089 2650 1197 2690 nos
1250 2633 1432 2690 istum
1479 2651 1812 2690 sermonem
1859 2638 1920 2690 in

279 2724 370 2786 eius
416 2725 642 2796 capella
693 2723 1078 2778 audivimus:
1135 2725 1251 2796 Qui
1305 2740 1377 2778 ex
1432 2727 1598 2779 Patre
1671 2725 1922 2795 Filioque

269 2813 513 2876 procedit.
545 2835 577 2861 η
633 2811 918 2884 Epistolas
964 2813 1329 2884 subscriptos
1374 2812 1626 2884 legimus
1673 2815 1924 2868 Domini-

263 2917 374 2955 eam
404 2902 781 2970 Theodorum,
833 2901 1226 2967 Arimundum,
1257 2903 1594 2973 Gregorium,
1639 2904 1920 2973 Joannem,

265 2994 509 3059 Leonem,
537 2996 596 3047 et
619 3007 852 3047 omnem
879 2994 1361 3062 congregationem
1404 2991 1467 3047 de
1513 2995 1693 3046 monte
1738 2992 1922 3046 sancto

267 3081 477 3136 Olizeti.
513 3080 910 3136 Addiscimus
941 3079 1130 3153 primo
1171 3079 1497 3152 Symbolum
1533 3081 1921 3136 Constantino-

259 3171 574 3240 politanum
605 3170 743 3224 cani
777 3169 1151 3225 consuevisse
1191 3169 1248 3223 in
1295 3169 1455 3241 regio
1502 3169 1690 3224 Caroli
1729 3169 1922 3240 Magni

221 3323 230 3332 .
259 3258 470 3314 sacello
502 3262 764 3313 auctum
796 3257 1104 3330 particula,
1137 3259 1420 3328 Filioque:
1454 3258 1703 3328 hujusce
1751 3258 1919 3312 addi-

2042 2099 2272 2168 Pagius,
2307 2099 2521 2171 aliique
2550 2099 2657 2153 viri
2701 2099 2873 2154 docti.
2921 2099 3279 2171 Evangelicis
3315 2099 3680 2155 documentis

2038 2187 2345 2250 instructa,
2379 2205 2443 2243 ac
2476 2188 2710 2243 Patrum
2745 2188 3158 2243 traditionibus
3208 2189 3435 2243 munita
3481 2189 3680 2244 docuit

2037 2293 2269 2348 semper
2299 2277 2561 2332 Romana
2588 2274 2843 2332 Ecclesia
2873 2277 3124 2348 Spiritus
3150 2278 3332 2332 sancti
3357 2279 3677 2348 processio-

2036 2381 2170 2420 nem
2210 2366 2282 2421 ab
2341 2370 2612 2436 utroque.
2657 2365 2929 2420 Nondum
2977 2382 3103 2420 eam
3164 2367 3538 2421 addimentum
3585 2383 3673 2422 re-

2034 2455 2254 2526 cepisse
2285 2455 2355 2509 ad
2391 2455 2734 2526 Symbolum
2765 2454 3494 2526 Constantinopolitanum,
3517 2460 3672 2513 certo

2035 2543 2310 2600 evincunt
2357 2561 2482 2615 quas
2535 2543 2819 2599 hactenus
2863 2543 3273 2599 disseruimus.
3323 2544 3476 2599 Num
3526 2545 3672 2601 illud

2034 2633 2144 2688 hac
2173 2636 2339 2687 aetate
2366 2631 2792 2704 approbaverit,
2827 2632 3244 2703 receperitque,
3278 2631 3430 2687 infra
3473 2633 3672 2688 dicen-

2035 2722 2196 2776 dum.

2105 2810 2200 2865 III.
2236 2815 2404 2864 Anno
2434 2811 2540 2863 787
2585 2814 2784 2864 coacta
2833 2825 2899 2863 ac
2943 2808 3233 2864 celebrata
3283 2810 3392 2864 fuit
3447 2812 3673 2868 Niceena

2032 2899 2290 2962 secunda,
2336 2915 2400 2952 ac
2431 2898 2684 2969 septima
2713 2897 3070 2952 mcumenica
3111 2899 3391 2969 synodus.
3443 2901 3670 2955 Editam

2034 2993 2237 3043 contra
2283 2987 2697 3044 Iconomachos
2755 2987 3153 3042 deﬁnitionem
3215 2987 3348 3042 ﬁdei
3415 2990 3675 3045 continet

2033 3077 2180 3132 actio
2224 3079 2278 3144 7,
2340 3076 2398 3131 in
2461 3093 2577 3148 qua
2631 3077 2950 3148 Symbolum
3006 3076 3671 3147 Constantinopolitanmn

2031 3165 2316 3220 insertum
2345 3165 2575 3238 legitur.
2610 3167 2826 3220 Textus
2856 3165 3088 3220 Graecus
3127 3164 3247 3219 hac
3293 3169 3524 3220 tantum
3574 3167 3672 3222 ha-

2031 3255 2127 3310 bet
2170 3255 2386 3310 verba:
2432 3254 2502 3306 Τὸ
2553 3252 2611 3306 ἐκ
2656 3257 2756 3306 τοῦ
2824 3253 3030 3328 Πατρὸς
3099 3251 3546 3327 ἐκπορευόμενον,
3601 3273 3672 3311 ea:

267 3347 437 3402 tionis
464 3347 770 3418 originem
802 3347 1108 3418 ignorasse
1141 3346 1458 3401 monachos
1482 3345 1614 3401 illos
1639 3345 1696 3400 in
1723 3351 1919 3401 monte
1951 3318 1992 3384 Ο
2031 3347 2194 3399 Patre
2217 3344 2611 3414 procedentem.
2661 3342 2864 3398 Versio
2918 3343 3144 3411 Latina,
3196 3361 3321 3414 quae
3352 3361 3382 3400 e
3435 3345 3670 3417 regione

263 3433 490 3500 Oliveti,
525 3451 884 3506 moremque
915 3435 1281 3491 Gallicanum
1315 3453 1421 3491 suo
1451 3435 1510 3489 in
1562 3435 1919 3491 monasterio

260 3539 561 3580 sanasse:
616 3525 888 3587 adeoque
932 3523 1105 3596 longe
1155 3529 1286 3579 ante
1343 3524 1657 3580 concilium
1709 3524 1921 3596 Aquis-

261 3628 547 3684 granense
577 3629 726 3668 voce
758 3611 859 3666 illa
890 3613 1216 3684 Symbolum
1260 3612 1921 3685 Constantinopolitanum

262 3701 581 3758 Gallicanis
613 3701 679 3756 in
712 3701 990 3757 Ecclesiis
1018 3706 1256 3756 auctum
1291 3702 1490 3757 fuisse.

325 3793 516 3857 Quam
571 3791 692 3845 Leo
724 3790 802 3844 III
849 3794 1148 3862 acceperat
1178 3806 1211 3845 a
1239 3790 1565 3855 monachis,
1613 3791 1685 3846 ad
1744 3790 1920 3846 Caro-

266 3877 373 3934 lnm
407 3880 709 3952 Magnum
760 3879 1094 3934 transmisit
1147 3877 1475 3950 epistolam.
1529 3879 1684 3934 Fidei
1743 3879 1916 3936 etiam

266 3969 701 4024 confessionem
733 3967 1062 4038 subjunxit,
1097 3967 1168 4022 ad
1187 3968 1421 4023 eosdem
1451 3968 1771 4024 monachos
1792 3986 1918 4040 per-

267 4056 601 4113 ferendam:
650 4056 777 4111 haec
823 4056 1116 4112 habentur
1163 4056 1360 4111 omnia
1413 4057 1565 4127 apud
1615 4056 1918 4112 laudatum

269 4145 606 4202 Baluzium:
648 4167 676 4195 ‹‹
699 4145 948 4202 Domino
969 4144 1237 4216 piissimo
1258 4150 1314 4200 et
1332 4145 1708 4202 serenissimo
1743 4147 1922 4202 victo-

269 4236 309 4288 ri
358 4253 426 4291 ac
477 4235 913 4305 triumphatori
952 4234 1072 4289 ﬁlio
1119 4234 1364 4290 amatori
1414 4235 1512 4290 Dei
1565 4239 1621 4290 et
1686 4235 1918 4290 Domini

267 4325 444 4380 nostri
474 4325 624 4380 Jesu
662 4323 885 4378 Christi
911 4322 1114 4378 Carolo
1141 4326 1424 4396 Augusto,
1458 4324 1567 4378 Leo
1609 4325 1918 4395 episcopus

263 4428 462 4469 servus
493 4428 807 4468 servorum
838 4411 1008 4468 Dei...
1063 4414 1337 4468 Praesenti
1382 4429 1534 4468 anno
1583 4413 1918 4468 direxerunt

269 4502 432 4558 nobis
460 4499 783 4574 epistolam
813 4500 1085 4556 monachi
1127 4501 1226 4572 qui
1278 4501 1339 4556 in
1367 4506 1555 4556 sancto
1583 4509 1766 4557 monte
1792 4503 1916 4560 01i-

266 4593 369 4644 l-eti
413 4594 756 4656 morantur,
815 4588 949 4644 ﬁdei
1009 4590 1439 4645 contentionem
1499 4590 1916 4661 continentem,

2028 3437 2274 3504 prostat,
2306 3432 2389 3488 sic
2410 3433 2618 3488 habet:
2655 3434 2762 3500 Qui
2790 3449 2858 3487 ex
2904 3433 3072 3487 Patre
3117 3434 3367 3504 Filioque
3409 3434 3666 3504 procedit.

2029 3522 2176 3576 Nota
2200 3522 2536 3593 appingitur
2556 3521 2613 3575 in
2637 3520 3087 3576 Collectionibus
3109 3521 3483 3577 conciliorum
3516 3524 3670 3593 apud

2031 3611 2354 3677 Labbeum,
2386 3615 2444 3664 et
2494 3610 2884 3678 Harduinum,
2917 3626 3114 3664 vocem
3163 3609 3325 3665 illam
3373 3611 3563 3665 omitti
3611 3612 3670 3666 in

2028 3699 2214 3755 cadice
2267 3700 2520 3770 Jolyano,
2580 3704 2638 3753 et
2685 3699 2742 3751 in
2801 3698 2911 3753 alio
2970 3715 3144 3770 quem
3195 3703 3362 3754 vocat
3422 3703 3671 3755 nostrum

2031 3789 2384 3845 Harduinus.
2420 3789 2545 3843 Alia
2574 3792 2762 3844 exstat
2812 3789 2966 3859 apud
3022 3789 3322 3844 laudatum
3371 3790 3670 3845 Labbeum

2029 3879 2235 3935 Latina
2261 3877 2450 3934 versio
2482 3878 2727 3949 hujusce
2770 3877 2975 3949 synodi
3023 3877 3304 3949 septimae,
3351 3895 3527 3949 quam
3567 3895 3669 3934 vo-

2029 3973 2123 4024 cat
2153 3969 2278 4040 ipse
2305 3968 2591 4035 vulgatam
2617 3970 2670 4021 et
2704 3968 2991 4038 antiquam
3024 3985 3036 4021 :
3090 3967 3190 4022 sed
3239 3983 3542 4039 perperam
3591 3969 3672 4024 ita

2026 4058 2218 4113 vocari
2253 4057 2491 4111 adnotat
2521 4056 2880 4124 Harduinus,
2913 4072 3046 4110 cum
3097 4060 3301 4110 auctor
3337 4057 3465 4126 ejus
3495 4057 3670 4112 fuerit

2029 4147 2318 4218 Gybertus
2350 4143 2689 4217 Longolius,
2724 4145 2825 4215 qui
2858 4161 2984 4198 eam
3018 4143 3268 4200 Coloniae
3307 4146 3495 4216 primo
3548 4147 3669 4201 edi-

2027 4237 2112 4290 dit
2144 4251 2296 4290 anno
2322 4235 2478 4289 1540.
2506 4235 2568 4288 In
2600 4233 2710 4288 hac
2739 4234 2916 4288 verba
2946 4233 3047 4288 illa
3076 4232 3199 4289 loco
3233 4233 3406 4289 citato
3446 4235 3667 4290 haben-

2026 4329 2159 4379 tur:
2187 4325 2252 4378 Et
2280 4326 2340 4378 in
2380 4323 2651 4392 Spiritum
2707 4331 2959 4377 sanctum
3006 4323 3318 4388 Dominum,
3377 4325 3667 4394 viviﬁcan-

2027 4422 2156 4481 tem,
2179 4415 2275 4485 qui
2303 4429 2374 4466 ex
2397 4413 2563 4466 Patre
2589 4412 2844 4481 Filioque
2871 4411 3134 4480 procedit.

2101 4501 2257 4556 184
2292 4502 2350 4554 Ῐῐ]
2397 4500 2617 4554 Latinis
2660 4499 2886 4555 concilii
2937 4498 3255 4554 Florentini
3310 4500 3494 4570 Actis,
3543 4517 3669 4570 quae

2029 4589 2304 4644 Horatius
2332 4588 2704 4643 Justinianus
2755 4588 3005 4659 collegit,
3059 4587 3367 4660 disposuit,
3415 4593 3472 4644 et
3518 4591 3672 4646 notis

266 4695 440 4749 quam
475 4679 636 4733 inter
666 4694 729 4732 se
759 4677 1073 4734 habebant.
1122 4678 1240 4733 Nos
1281 4695 1415 4734 vero
1469 4679 1785 4748 Symbolum
1827 4695 1920 4734 or-
1949 4685 1996 4748 Ι)
2029 4678 2365 4746 illustravit,
2417 4677 2540 4733 hanc
2595 4677 2882 4731 habentur
2929 4676 3232 4733 collatione
3294 4695 3387 4731 v1:
3451 4700 3478 4728 ‹‹
3525 4680 3671 4735 Cum

271 4768 529 4825 Medon
558 4767 702 4837 ﬁdei
731 4766 848 4822 illis
897 4767 1194 4836 misimus,
1241 4771 1532 4838 quatenus
1577 4785 1782 4823 omnes
1835 4785 1923 4823 se-

265 4858 532 4912 cundum
567 4855 719 4911 hanc
751 4859 1010 4911 nostram
1031 4859 1292 4911 sanctam
1323 4856 1670 4911 catholicam
1693 4856 1917 4912 31:18:)

267 4942 662 5014 apostolicam
703 4942 1040 5008 Ecclesium,
1088 4947 1304 4998 rectam
1351 4947 1406 4999 et
1452 4943 1790 5000 inviolatam
1839 4951 1919 5000 te-

269 5047 443 5089 neant
475 5033 686 5096 ﬁdem,
713 5047 876 5102 quam
906 5048 1027 5088 vero
1062 5033 1350 5100 epistolam
1377 5038 1582 5088 vestrm
1627 5033 1917 5104 imperiali

269 5122 543 5194 potentiae
574 5121 854 5176 misimus
884 5120 1276 5193 relegandam.
1312 5144 1340 5170 ››
1383 5123 1533 5176 Tum
1564 5121 1767 5177 Carolo
1806 5123 1918 5176 im-

270 5211 510 5282 pensius
542 5211 922 5266 commendat
977 5209 1315 5265 monachos.
1378 5211 1541 5275 Quod
1601 5210 1919 5282 Symbolum

269 5300 588 5357 orthodox
617 5298 750 5369 ﬁdei
774 5304 959 5367 vocat,
993 5298 1209 5354 ibidem
1251 5299 1634 5370 subjunctum
1684 5299 1916 5371 legitur.

270 5389 385 5445 Non
417 5396 510 5446 est
540 5388 889 5462 Symbolum
912 5388 1642 5460 Constantinopolitanum,
1667 5389 1767 5444 sed
1807 5388 1920 5444 alia

273 5479 539 5544 bar-mula,
591 5495 727 5550 quas
778 5477 1039 5548 praedicti
1094 5476 1354 5549 Symboli
1403 5477 1679 5533 articulos
1740 5477 1919 5533 latius

273 5569 555 5640 explanat.
619 5568 862 5639 Incipit:
924 5566 1207 5622 Credimus
1260 5575 1508 5622 sanctam
1583 5567 1917 5631 Trinitatem,

277 5660 416 5715 etest
448 5662 706 5724 Patrem,
741 5657 975 5724 Filium,
1027 5664 1078 5710 et
1124 5657 1400 5726 Spiritum
1444 5659 1714 5726 sanctum,
1766 5660 1874 5710 etc.
1903 5697 1915 5709 .

279 5747 322 5803 in
347 5765 530 5823 eaque
560 5748 787 5805 dicitur
823 5745 1070 5818 Spiritus
1117 5753 1332 5802 sanctus
1375 5745 1572 5816 plenus
1629 5749 1800 5810 Deus,
1849 5762 1923 5801 ex

2038 4768 2299 4840 septima:
2351 4767 2557 4837 synodi
2603 4766 2894 4836 legeretur
2949 4766 3282 4836 Symbolum,
3359 4767 3673 4824 cardinalis

2027 4856 2342 4938 (Julianps)
2373 4856 2576 4910 librum
2608 4856 2866 4909 Latinum
2899 4855 3163 4910 exhibuit
3204 4856 3669 4927 antiquissimum,

2030 4947 2128 5000 ubi
2156 4948 2215 5000 in.
2277 4946 2538 5016 Symbolo
2597 4943 2756 4998 illius
2813 4943 3044 4998 concilii
3087 4948 3231 5013 erat,
3289 4947 3552 5016 Filioque.
3603 4947 3674 5000 Et

2028 5035 2315 5105 adjunxit,
2368 5034 2522 5105 quod
2573 5049 2641 5087 ex
2691 5032 2957 5088 Chronica
3008 5035 3355 5089 Martiniano
3402 5034 3671 5106 habetur,

2028 5123 2087 5178 in
2123 5123 2219 5178 illo
2255 5121 2502 5178 concilio
2551 5122 2765 5193 dogma
2807 5120 2951 5176 illud
3003 5121 3184 5177 fuisse
3231 5121 3604 5193 explicatum.
3644 5146 3666 5173 ιι

2030 5212 2246 5266 lterum
2277 5210 2546 5266 Julianus
2579 5209 2695 5264 ait:
2733 5210 2873 5277 Quia
2910 5209 3227 5281 Symbolum
3263 5212 3486 5282 septimi
3538 5227 3672 5267 con-

2028 5301 2150 5355 cilii
2199 5316 2300 5371 per
2356 5315 2443 5356 eos
2491 5298 2762 5371 (Grzecos)
2822 5299 3019 5354 lectum
3063 5316 3174 5355 non
3239 5299 3396 5356 habet
3453 5301 3668 5369 dogma,

2026 5391 2312 5460 Filioque;
2343 5397 2393 5443 et
2434 5403 2532 5443 nos
2571 5388 2829 5443 habemus
2877 5405 3000 5443 cum
3047 5390 3145 5444 illo
3191 5390 3381 5444 verbo:
3435 5389 3668 5453 videtur,

2027 5483 2089 5533 ut
2126 5495 2194 5533 ex
2222 5487 2404 5533 nostro
2450 5493 2601 5532 more
2637 5479 2868 5548 legatur,
2920 5491 3085 5548 prout
3133 5479 3413 5534 habemus.
3464 5482 3674 5533 Conso-

2030 5572 2174 5622 nant
2207 5571 2349 5621 Acta
2379 5565 2575 5622 Graeco
2607 5567 2812 5622 Latina
2861 5568 3200 5623 sessionet'):
3223 5589 3250 5619 ((
3282 5569 3363 5623 Ea
3401 5584 3536 5622 vero
3568 5568 3672 5622 de-

2033 5657 2218 5710 ﬁnitio
2249 5655 2476 5728 (synodi
2500 5656 2782 5728 septimae)
2805 5674 2936 5712 cum
2972 5675 3005 5711 a
3032 5657 3200 5713 nobis
3240 5656 3496 5727 (Graecis)
3527 5655 3670 5712 reci-

2030 5749 2274 5813 taretur,
2306 5743 2568 5817 prolatus
2597 5750 2686 5802 est
2716 5745 2861 5802 alter
2880 5747 3058 5802 codex
3079 5764 3114 5803 a
3146 5745 3369 5801 Latinis
3389 5745 3671 5816 antiquus
