4094 6498
355 18 474 36 ὴ
487 19 1084 34 *υ--ι--ᾐητ-

451 445 566 508 I83

1465 447 1782 510 GEORGII
1827 447 2092 510 CYPRII
2135 447 2252 509 CP.
2297 445 2830 509 PATRIARCHJE

3725 444 3842 506 184

453 578 917 652 manuscriptus,
948 579 1009 636 in
1031 596 1148 653 quo
1179 580 1384 637 eadem
1415 580 1593 652 hujus
1629 581 1834 655 synodi
1884 582 2088 638 defini-
2119 583 2174 649 Α
2208 582 2412 654 synodi
2458 581 2739 637 universis
2787 580 3185 637 deﬁnitionem
3230 579 3720 654 reprehendisset,
3782 583 3842 636 in

454 669 538 725 tio
570 669 990 725 continebatur.
1016 670 1440 742 Inventumque
1461 675 1568 735 est,
1594 672 1693 726 ubi
1724 672 1794 726 de
1837 671 2090 743 Spiritus

458 758 644 815 sancti
696 757 993 813 divinitate
1048 757 1262 830 agitur,
1329 759 1403 815 iis
1473 759 1702 815 verbis:
1774 763 1858 815 Ex
1935 765 2094 815 Patre

454 846 872 920 procedentem,
904 846 1170 902 additum
1201 856 1253 902 et
1278 864 1348 903 ea:
1367 849 1526 915 Filio,
1559 849 1708 904 sicut
1728 849 1840 920 ipsi
1872 850 2091 905 dicunt.

458 937 641 1007 Atque
666 935 776 991 hac
807 935 876 990 de
906 952 966 990 re
1010 935 1263 991 multum
1313 937 1569 993 habuere
1623 954 1976 1006 sermonem,
2026 942 2093 994 li-

461 1027 621 1080 brum
651 1023 819 1080 nobis
849 1025 1225 1080 ostendentes
1259 1028 1420 1096 quasi
1463 1029 1754 1098 antiquum
1779 1045 1797 1080 :
1829 1043 2006 1100 seque
2027 1029 2097 1084 de

457 1113 557 1170 illo
583 1115 890 1184 jactantes,
922 1118 979 1169 et
1028 1131 1159 1169 cum
1203 1120 1403 1170 nostro
1448 1115 1642 1171 codice
1684 1115 1851 1171 illum
1901 1118 2098 1172 confe-

460 1206 720 1258 rentes...
769 1200 887 1258 Nos
934 1202 1114 1275 igitur
1156 1202 1300 1258 nihil
1357 1204 1429 1258 ad
1479 1203 1587 1259 hoc
1663 1206 2096 1278 respondimus,

463 1291 617 1363 quod
647 1306 762 1344 non
793 1289 992 1346 liceret
1023 1306 1127 1362 per
1171 1297 1425 1364 tempus.
1477 1293 1729 1348 Tantum
1775 1311 1874 1350 eos
1923 1296 2100 1367 (quod

463 1377 576 1452 ipsi
615 1377 1010 1451 postularunt)
1040 1378 1253 1435 hortati
1285 1397 1512 1448 sumus,
1546 1387 1611 1436 ut
1641 1383 1951 1438 recitarent
1992 1385 2101 1439 hu-

2202 687 2320 741 qua
2351 674 2592 725 sanctus
2624 669 2874 742 Spiritus
2904 687 3018 725 non
3072 669 3285 725 dicitur
3334 687 3367 725 a
3398 675 3564 726 Patre
3603 687 3706 742 per
3756 672 3845 725 Fi-

2203 761 2340 814 lium
2366 759 2702 830 procedere?
2733 759 2860 814 Haec
2887 759 3090 830 utique
3120 759 3408 814 habentur
3445 760 3619 814 verba
3665 759 3842 814 actio-

2203 864 2275 904 ne
2296 850 2330 902 3
2359 849 2418 902 in
2454 848 2586 904 ﬁdei
2620 847 2978 920 professione
3009 865 3042 902 a
3062 849 3301 902 Tarasio
3326 848 3688 920 patriarccha
3706 852 3849 903 Con-

2206 935 2722 1007 stantinopolitano
2752 936 2908 991 edita
2938 936 3126 991 instar
3154 936 3435 1008 Symboli,
3469 936 3568 992 ubi
3593 937 3672 992 ait
3706 936 3804 992 ille
3829 954 3843 992 :

2205 1027 2269 1081 Et
2301 1028 2362 1080 in
2389 1027 2680 1096 Spiritum,
2714 1026 3030 1092 Dominum,
3061 1029 3111 1080 et
3141 1026 3528 1094 viviﬁcantem,
3561 1043 3630 1081 ex
3680 1028 3853 1083 Patre

2203 1132 2304 1188 per
2348 1116 2554 1170 Filium
2604 1115 3000 1187 procedentem,
3037 1123 3088 1170 et
3115 1115 3364 1169 eumdem
3410 1117 3582 1170 Deum
3627 1132 3743 1170 esse
3795 1118 3850 1169 et

2207 1205 2468 1274 cognosci.
2503 1204 2630 1258 Htec
2687 1204 2768 1258 ita
2797 1221 2932 1258 cum
2975 1219 3102 1259 sese
3148 1203 3421 1271 habeant,
3472 1205 3732 1259 nondum
3772 1203 3846 1258 li-

2210 1293 2409 1365 quido,
2459 1309 2524 1347 ac
2573 1297 2726 1347 certo
2775 1297 3005 1348 constat
3058 1293 3400 1364 Symbolum
3441 1293 3854 1349 Constantino-

2211 1380 2537 1453 politanum
2569 1397 2700 1436 cum
2733 1381 2888 1436 vocis
2917 1383 3159 1452 Filioque
3189 1381 3486 1436 additione
3519 1382 3578 1436 in
3633 1381 3856 1452 synodo

459 1467 724 1540 jusmodi
779 1467 1222 1540 expositionem,
1282 1469 1432 1525 sicut
1497 1470 1556 1525 in
1613 1470 1762 1527 libro
1820 1473 2101 1545 scriptum
2212 1470 2515 1524 Nicaeus.“
2548 1470 2853 1525 recitatum
2885 1471 3086 1525 fuisse.

467 1557 814 1612 habebatur.
853 1577 882 1604 »
2284 1558 2499 1614 Grecis
2538 1563 2812 1629 attamen,
2874 1559 2974 1630 qui
3024 1558 3454 1630 processionem
3501 1559 3570 1613 ab
3627 1564 3862 1631 utroque

541 1644 775 1700 Martini
806 1644 1026 1710 Poloni,
1059 1647 1228 1716 cujus
1248 1646 1520 1702 utebatur
1539 1649 1879 1705 auctoritate
1920 1651 2104 1706 Julia-
2215 1646 2506 1719 rejiciunt,
2540 1646 2714 1701 allata
2754 1647 2931 1702 verba
2971 1647 3194 1703 Tarasii
3246 1647 3496 1703 maxime
3547 1649 3861 1703 adversan-

469 1751 583 1791 nus
613 1733 946 1801 cardinalis,
989 1735 1164 1791 verba
1214 1741 1354 1791 sunt
1407 1737 1466 1792 in
1526 1738 1844 1795 Chronico:
1903 1742 2105 1796 Horum
2215 1742 2347 1791 tur:
2390 1753 2524 1791 cum
2574 1737 2854 1808 Spiritum
2905 1741 3176 1792 sanctum
3231 1753 3301 1792 ex
3349 1740 3512 1792 Patre
3567 1736 3864 1808 procedere

469 1822 859 1896 (Constantini
908 1827 966 1878 et
1015 1825 1226 1893 lrenes)
1276 1826 1498 1896 imperii
1561 1844 1704 1883 anno
1747 1829 1781 1881 8
1823 1833 1970 1900 facta
2031 1839 2110 1886 est
2211 1841 2311 1898 per
2359 1827 2568 1880 Filium
2618 1824 2855 1896 perinde
2891 1840 3041 1893 esse,
3100 1841 3165 1879 ac
3210 1823 3406 1897 ipsum
3467 1841 3535 1880 ex
3579 1827 3746 1882 Patre
3804 1835 3860 1882 et

467 1913 703 1969 secunda
731 1911 972 1982 synodus
1008 1914 1070 1967 in
1099 1913 1297 1981 Nicwa,
1323 1915 1421 1969 ubi
1449 1915 1748 1986 adfuerunt
1800 1921 2031 1974 trecenti
2059 1924 2109 1975 et
2138 1948 2185 2012 B
2216 1915 2356 1970 Filio
2407 1916 2715 1984 procedere,
2769 1913 3000 1967 invictis
3049 1917 3290 1968 Patrum
3355 1915 3708 1970 testimoniis
3766 1915 3866 1970 de-

469 2003 870 2075 quinquaginta
909 2004 1141 2057 Patres:
1192 2004 1252 2056 in
1308 2019 1419 2074 qua
1472 2003 1813 2074 afﬁrmatum
1859 2012 1938 2062 est
1988 2008 2106 2080 Spi-
2138 2001 2183 2012 “’
2218 2007 2607 2058 monstratum
2655 2003 2733 2056 sit
2777 2003 2832 2056 in
2899 2003 3089 2073 priore
3157 2001 3587 2058 dissertatione.
3648 2005 3870 2060 Contra

475 2093 652 2147 ritum
677 2099 934 2146 sanctum
953 2105 1024 2145 ea:
1051 2091 1220 2146 Patre
1247 2095 1299 2146 et
1328 2092 1470 2147 Filio
1495 2094 1799 2163 procedere.
1849 2096 1978 2151 Haec
2025 2098 2107 2152 vi-
2219 2090 2619 2147 adversarium
2668 2090 2925 2146 vindicat
2976 2092 3282 2146 Tarasiana
3325 2091 3499 2146 verba
3567 2093 3867 2148 Adrianus

474 2179 687 2236 dentur
734 2179 1074 2250 praedictum
1129 2179 1285 2235 vocis
1341 2180 1588 2253 Filioque
1645 2183 2111 2240 additamentum
2222 2181 2265 2248 1,
2295 2180 2354 2234 in
2385 2178 2631 2252 epistola
2661 2180 2733 2234 ad
2765 2179 3034 2234 Carolum
3069 2195 3284 2251 regem,
3335 2197 3464 2251 quae
3513 2182 3667 2252 apud
3723 2181 3871 2236 Lab-

474 2269 753 2325 indicare.
787 2267 966 2322 Addit
996 2267 1279 2324 Baronius
1310 2270 1380 2323 ad
1414 2286 1632 2326 annum
1661 2273 1787 2326 787.
1823 2290 1986 2341 num,
2023 2276 2111 2341 38,

476 2357 535 2414 id
575 2358 775 2413 haberi
834 2360 897 2412 in
953 2365 1124 2413 vetere
1178 2359 1546 2414 translatione
1590 2361 1868 2416 Anastasii
1911 2363 2114 2417 Biblio-

479 2448 716 2504 thecarii
742 2446 813 2502 ad
837 2448 1107 2503 Joannem
1140 2449 1265 2502 VII!
1314 2464 1526 2519 papam
1571 2453 1906 2522 conscripta,
1957 2461 2008 2507 et
2057 2455 2118 2507 in

482 2537 670 2595 Graeco
702 2540 874 2593 testu.
911 2540 980 2591 At
1019 2536 1078 2591 in
1125 2537 1346 2608 synodo
1396 2537 1728 2595 Florentina
1774 2541 1898 2596 loco
1942 2543 2116 2598 citato

479 2643 594 2683 non
628 2625 908 2698 agebatur
937 2625 1007 2679 de
1035 2630 1227 2682 Grazco
1260 2630 1411 2681 textu
1457 2628 1813 2685 additionem
1844 2631 2116 2701 habente,

476 2731 677 2770 verum
705 2713 776 2768 de
807 2713 950 2768 libro
1000 2714 1190 2768 Latino
1234 2715 1641 2784 antiquissimo.
1691 2718 1775 2771 Ad
1825 2719 2116 2773 Anastasii

481 2801 911 2860 Bibliothecarii
940 2801 1383 2857 translationem
1435 2804 1587 2874 quod
1639 2806 1868 2873 attinet,
1919 2807 2121 2863 Petrus

485 2891 750 2947 Pithoeus
779 2891 836 2945 in
871 2907 979 2946 sua
1026 2890 1282 2947 Historia
1327 2894 1739 2949 Controversia
1787 2897 1996 2951 veteris
2051 2898 2122 2954 de

487 2979 856 3053 processione
888 2979 1142 3051 Spiritus
1185 2980 1394 3048 sancti,
1451 2998 1578 3053 quae
1625 2987 1813 3038 exstat
1851 2985 1907 3039 in
1969 2985 2124 3042 calce

490 3069 700 3127 Codicis
731 3068 1012 3125 Canonum
1057 3071 1252 3124 veteris
1295 3070 1554 3127 Ecclesiae
1598 3073 1874 3144 Romane,
1923 3076 2124 3130 adver-

493 3171 625 3216 sam
683 3158 929 3214 Baronio
991 3156 1255 3229 perhibet
1327 3158 1769 3216 testimonium:
1852 3165 2129 3221 Anastasii

2224 2269 2399 2324 beum
2430 2273 2657 2340 prostat
2689 2275 2814 2337 post
2847 2269 3051 2322 Latina
3079 2269 3342 2338 ejusdem
3376 2269 3579 2341 synodi
3620 2269 3871 2325 Nicaeum

2225 2363 2388 2424 Acta,
2420 2356 2712 2428 congestis
2765 2355 3215 2429 quampluribus
3244 2361 3580 2412 sanctorum
3627 2362 3874 2414 Patrum

2225 2445 2598 2503 testimoniis.
2668 2445 2790 2500 Hac
2848 2461 2972 2501 vero
3047 2447 3099 2500 si
3177 2451 3377 2502 attente
3456 2448 3879 2504 considerentur

2227 2537 2488 2607 (adnotat
2532 2533 2883 2606 Lequienus,
2933 2535 3344 2590 dissertatione
3391 2536 3414 2590 4
3456 2536 3879 2592 Damascenica

2228 2641 2391 2680 num.
2428 2625 2535 2695 12),
2567 2624 2712 2678 nihil
2749 2624 2904 2678 aliud
2931 2639 3029 2695 pro
3080 2625 3287 2695 majori
3341 2628 3502 2695 parte
3555 2626 3875 2693 enuntiant,

2226 2714 2341 2768 nisi
2388 2712 2658 2784 Spiritum
2698 2716 2946 2766 sanctum
2982 2729 3015 2765 a
3044 2713 3211 2766 Patre
3245 2729 3345 2783 per
3387 2714 3593 2767 Filium
3633 2713 3879 2768 homini-

2230 2805 2327 2858 bus
2355 2800 2597 2856 concedi.
2630 2802 2701 2854 At
2730 2799 3082 2872 quamplura
3117 2817 3224 2856 nos
3255 2802 3444 2872 priore
3475 2801 3534 2856 in
3584 2802 3875 2858 disserta-

2231 2891 2390 2947 tione
2421 2890 2824 2960 expendimus,
2883 2905 3011 2960 qute
3062 2894 3336 2945 aeternam
3383 2890 3638 2962 Spiritus
3688 2892 3878 2946 sancti

2231 2998 2265 3036 a
2293 2981 2461 3035 Patre
2516 2984 2567 3034 et
2599 2996 2633 3033 a
2681 2979 2842 3046 Filio,
2889 2977 2976 3033 vel
3021 2996 3056 3033 a
3104 2984 3266 3035 Patre
3306 2995 3406 3050 per
3455 2981 3657 3034 Filium
3705 2980 3881 3052 origi-

2234 3085 2368 3124 nem
2409 3068 2677 3140 probant.
2733 3068 2791 3122 Id
2831 3067 3004 3122 etiam
3061 3067 3356 3132 evincunt,
3409 3085 3536 3134 qua;
3586 3069 3876 3141 Spiritum

2235 3162 2508 3214 sanctum
2543 3173 2576 3210 a
2606 3155 2771 3210 Patre
2791 3159 2848 3210 et
2877 3172 2910 3209 a
2934 3155 3098 3224 Filio,
3132 3172 3235 3211 seu
3267 3173 3301 3211 a
3327 3161 3496 3212 Patre
3526 3174 3628 3228 per
3669 3157 3884 3212 Filium

481 3249 542 3305 Β.
578 3249 638 3302 Ε.
663 3245 1112 3316 Bibliothecarii,
1137 3246 1430 3318 inquiens,
1461 3251 1557 3318 qui
1591 3249 1774 3306 eodem
1819 3254 1935 3322 fere
1982 3262 2123 3310 tem-
2160 3306 2197 3322 η
2234 3248 2388 3302 mitti
2416 3245 2742 3301 enuntiant.
2775 3248 2887 3300 Cur
2943 3262 3058 3300 non
3115 3262 3270 3311 vero,
3320 3263 3452 3300 cum
3509 3247 3568 3301 in
3628 3249 3886 3302 Missione

487 3353 617 3406 ρονε
644 3337 809 3403 vixit,
839 3334 1012 3403 paulo
1038 3306 1156 3405 past
1193 3306 1293 3390 slub
1321 3306 1529 3393 Joanne
1583 3340 1698 3394 V111
1741 3306 2122 3414 εαῶάέηιηξῄ-
2156 3306 2198 3371 C
2239 3334 2470 3409 proprie
2501 3334 2656 3389 dicta
2685 3333 2800 3388 duo
2832 3339 3201 3401 concurrant,
3237 3306 3465 3390 externa
3507 3335 3701 3406 aliqua
3743 3353 3887 3408 pro-
3925 3317 3938 3326 ’

486 3425 688 3480 nodum
733 3423 1070 3495 (Nicenam)
1124 3425 1318 3480 Latine
1375 3425 1764 3497 inlerpretatus
1810 3434 1911 3501 est,
1962 3433 2131 3488 codex

489 3513 637 3585 apud
672 3528 769 3568 nos
798 3513 1191 3583 antiqussimus
1217 3514 1360 3568 nihil
1391 3513 1505 3569 tale
1540 3519 1794 3573 continet.

561 3601 690 3656 Alio
741 3605 967 3672 pugnat
1014 3606 1357 3673 argumento
1406 3604 1717 3661 Annalium
1767 3624 1976 3679 parens
2026 3627 2129 3680 pro

493 3690 813 3745 additione.
871 3688 1065 3761 Inquit
1106 3706 1332 3746 numer.
1393 3693 1497 3746 39:
1555 3716 1582 3741 ‹‹
1629 3694 1908 3751 Ceterum
1985 3697 2130 3755 liber

494 3778 590 3834 ille
621 3778 833 3845 dictus,
863 3778 1186 3849 Capitulare
1216 3779 1474 3836 adversus
1503 3785 1787 3840 Nicgnam
1832 3789 2127 3859 synodum,

494 3867 714 3922 missus
743 3884 778 3921 a
806 3866 1010 3922 Carolo
1042 3867 1252 3939 Magno
1281 3869 1352 3923 ad
1387 3870 1700 3927 Adrianum
1733 3873 1799 3944 (Ι)
1835 3875 1982 3932 185
2020 3877 2129 3932 Ro-

496 3972 736 4011 manum
771 3954 1106 4010 Pontiﬁcem
1160 3955 1333 4026 (idem
1395 3957 1552 4029 Opus
1611 3965 1701 4014 est
1760 3979 1892 4017 cum
1932 3963 2127 4028 libris,

499 4044 598 4116 qui
642 4044 890 4099 Carolini
930 4045 1257 4115 vocantur),
1303 4061 1570 4116 quaenam
1619 4065 1898 4119 germana
1957 4052 2131 4108 fuerit

490 4133 662 4188 lectio
677 4134 804 4202 ejus
827 4137 1020 4188 textus
1042 4134 1123 4203 (in
1155 4133 1424 4206 Symbolo
1469 4135 2130 4214 ConstantinOpolitano)

492 4223 729 4278 edocet:
793 4226 991 4294 utpote
1049 4222 1188 4293 quia
1243 4223 1314 4278 ab
1375 4228 1606 4280 auctore
1674 4228 2134 4298 reprehendatur

492 4311 702 4384 (libro:
737 4328 824 4377 ιιι,
858 4310 1046 4383 capite
1073 4312 1149 4379 3),
1184 4313 1338 4382 quod
1371 4314 1625 4368 Tarasius
1652 4332 1760 4369 non
1820 4327 1958 4374 recte
2003 4336 2131 4374 sen-

492 4403 617 4466 tiat,
643 4400 742 4472 qui
762 4399 1028 4471 Spiritum
1058 4408 1310 4455 sanctum
1337 4417 1450 4456 non
1477 4417 1548 4457 ex
1574 4405 1738 4458 Patre
1768 4415 1821 4460 et
1859 4408 1998 4461 Filio
2043 4425 2128 4462 se-

490 4489 733 4546 cundum
788 4490 1001 4545 Νέοωηὶ
1048 4487 1187 4558 (imo
1255 4490 1877 4563 Constantinopolitani
1955 4495 2131 4551 inter-

489 4577 670 4649 polati
700 4577 951 4650 Symboli
985 4578 1166 4648 ﬁdem,
1197 4578 1290 4634 sed
1317 4595 1386 4634 ex
1413 4581 1576 4636 Patre
1619 4597 1720 4652 per
1757 4584 1966 4638 Filium
2003 4601 2129 4655 pro-

2240 3424 2434 3480 ductio
2496 3423 2756 3490 ell‘ectus,
2816 3423 2987 3493 cujus
3036 3423 3192 3478 186
3259 3424 3480 3478 ratione
3555 3423 3888 3496 specialiter

2239 3512 2569 3568 inhabitare
2601 3527 2850 3582 persona
2879 3510 3110 3581 dicitur,
3135 3528 3261 3583 quae
3283 3511 3555 3579 mittitur,
3581 3513 3681 3568 sed
3705 3514 3885 3568 etiam

2239 3602 2504 3673 ejusdem
2537 3616 2795 3671 personas
2828 3599 3020 3655 missae
3051 3602 3387 3672 sempiterna
3411 3603 3679 3673 processio
3701 3601 3728 3656 ‘t
3778 3600 3889 3657 Ita-

2240 3707 2352 3763 que
2385 3707 2517 3745 cum
2550 3689 2802 3761 Spiritus
2851 3693 3089 3744 sanctus
3139 3689 3406 3744 mittatur
3454 3707 3488 3744 a
3528 3690 3693 3746 Patre
3749 3694 3805 3745 et
3852 3708 3890 3746 a

2241 3779 2406 3848 Filio,
2443 3782 2515 3833 ab
2548 3783 2795 3848 utroque
2828 3777 3048 3848 pariter
3076 3778 3355 3848 procedit.

2308 3868 2500 3922 Verba
2539 3867 2806 3936 quaedam
2858 3865 3168 3931 habentur,
3220 3866 3278 3920 in
3329 3865 3600 3938 Epistolis
3630 3884 3663 3921 a
3695 3867 3887 3924 Leone

2240 3958 2316 4013 III
2366 3955 2519 4011 datis
2579 3956 2648 4009 ad
2693 3952 2963 4008 Carolum
3015 3953 3313 4025 Magnum.
3373 3953 3740 4026 vulgatisque
3817 3961 3888 4010 ut

2240 4045 2646 4101 adnotavimus
2677 4060 2709 4098 a
2741 4042 2993 4111 Baluzio,
3022 4059 3148 4114 quas
3171 4043 3521 4115 dignissima
3541 4049 3680 4099 sunt
3701 4045 3887 4100 anim-

2241 4134 2605 4190 adversione:
2657 4133 2696 4186 A
2747 4133 3136 4204 Hierosolymis
3180 4133 3501 4188 detulerunt
3559 4133 3747 4204 (missi
3809 4136 3883 4190 ad

2239 4223 2434 4294 ipsum
2467 4223 2713 4277 Leonem
2747 4219 3014 4274 monachi
3047 4220 3261 4275 Montis
3293 4220 3518 4292 Oliveti)
3559 4222 3711 4277 nobis
3767 4225 3886 4294 epi-

2239 4313 2436 4367 stolam
2470 4311 2683 4366 Thoma?
2730 4309 3235 4380 Hierosolymorum
3286 4309 3661 4381 patriarchae:
3718 4327 3885 4383 quam

2242 4402 2544 4473 relegentes
2575 4400 2896 4470 reperimus,
2954 4401 3017 4452 ut
3065 4414 3167 4468 per
3222 4402 3466 4452 nostram
3521 4401 3888 4471 precatoriam

2239 4489 2525 4561 epistolam
2550 4491 2742 4543 vestrae
2769 4487 2966 4562 pietati
2991 4501 3078 4541 eos
3129 4485 3493 4557 (monachos)
3549 4489 3888 4544 commenda-

2241 4594 2440 4634 remus.
2476 4577 2606 4630 Haec
2662 4575 2936 4630 evincunt
2993 4573 3358 4646 apertissime
3419 4575 3673 4631 Thomam
3723 4581 3888 4634 Jero-

491 4667 736 4736 ﬁteatur.
776 4666 836 4721 Si
885 4683 1022 4738 ergo
1078 4666 1187 4722 hoc
1238 4667 1431 4738 ipsum
1479 4669 1765 4740 scriptum
1816 4671 2023 4727 fuisset
2071 4674 2127 4727 in
2162 4674 2206 4737 D
2237 4669 2630 4737 solymitanum
2667 4663 3068 4736 patriarcham,
3103 4664 3349 4735 ejusque
3385 4665 3611 4720 Graecos
3645 4667 3885 4739 presby-

489 4755 675 4810 totius
707 4755 911 4827 synodi
940 4756 1067 4825 fidei
1088 4758 1446 4827 professione,
1479 4774 1605 4829 quas
1637 4757 1695 4814 in
1728 4758 1835 4814 hac
1883 4761 2134 4833 septima

493 4843 743 4899 habetur
771 4844 1016 4912 actione,
1069 4846 1343 4916 Spiritum
1388 4855 1635 4901 sanctum
1679 4849 1882 4903 scilicet
1907 4866 1939 4903 a
1969 4853 2136 4906 Patre

488 4949 597 5004 per
623 4933 830 4987 Filium
857 4934 1251 5004 procedentem,
1311 4941 1466 4990 certe
1523 4935 1760 5006 quidem
1810 4937 1882 4991 ab
1931 4938 2132 4992 adver-

493 5021 650 5076 sario
685 5037 798 5076 non
828 5037 974 5076 unus
1005 5023 1262 5078 Tarasius
1293 5023 1350 5076 in
1405 5024 1622 5079 crimen
1672 5029 1913 5080 vocatus
1957 5032 2130 5092 esset,

491 5109 594 5164 sed
627 5109 754 5180 ipsa
782 5110 1021 5180 synodus
1060 5127 1342 5183 universa,
1375 5128 1551 5184 quam
1584 5113 1794 5169 acriter
1822 5114 2131 5188 impugna-

491 5198 664 5254 bat.»
699 5198 1042 5269 Symbolum
1085 5199 1819 5272 Constantinopolitanum,
1870 5205 2021 5274 quod
2072 5205 2130 5258 in

488 5287 598 5342 hac
627 5287 860 5341 Nicasna
889 5287 1606 5359 deﬁnitionejcontinetur,
1639 5308 1751 5346 non
1784 5291 1961 5348 habet
2009 5293 2131 5364 Spi-

486 5378 659 5432 ritum
686 5383 938 5431 sunctum
967 5393 1002 5431 a
1031 5378 1195 5432 Patre
1219 5394 1319 5448 per
1375 5379 1581 5434 Filium
1616 5382 2013 5451 procedentem.
2067 5383 2128 5438 In

487 5464 683 5520 Graeco
713 5468 870 5519 textu
910 5464 1125 5537 legitur
1172 5465 1324 5520 idem
1369 5467 1608 5538 Spiritus
1656 5486 1686 5522 a
1739 5474 1904 5524 Patre
1944 5487 2129 5541 proce-

487 5553 658 5608 dens:
691 5553 1030 5624 eademque,
1050 5569 1165 5608 non
1197 5552 1363 5624 plura
1383 5556 1558 5610 verba
1583 5556 1892 5613 exhibebat
1926 5559 2132 5614 Latina

490 5643 784 5697 Anastasii
819 5640 1250 5697 Bibliothecarii
1288 5642 1493 5707 versio,
1526 5648 1674 5699 teste
1723 5644 1966 5701 Pithoeo.
2019 5650 2131 5701 Cur

487 5748 624 5805 ergo
658 5731 1022 5788 adversarius
1071 5731 1180 5787 sub
1211 5730 1396 5787 Caroli
1448 5731 1640 5803 Magni
1689 5734 1923 5790 nomine
1978 5735 2128 5791 hanc

2243 4762 2397 4811 teros
2454 4753 2845 4808 criminationi
2896 4752 2967 4806 ab
3015 4751 3261 4817 Joanne,
3291 4759 3486 4807 Graeco
3539 4755 3884 4810 monasterii

2243 4844 2429 4901 sancti
2489 4843 2651 4898 Saba:
2708 4839 3017 4909 monacho,
3077 4846 3280 4896 contra
3329 4841 3565 4898 Latinos
3618 4843 3884 4914 impacta:

2243 4933 2314 4988 ob
2347 4931 2769 4988 confessionem
2809 4931 3174 5001 processsonis
3229 4931 3297 4983 ab
3345 4933 3589 5001 utroque,
3641 4933 3886 5003 ejusque

2241 5022 2575 5076 additionem
2594 5019 2664 5074 ad
2694 5019 3028 5090 Symbolum,
3063 5017 3307 5072 minime
3361 5019 3749 5076 consensisse.
3806 5023 3884 5076 De

2241 5111 2466 5166 Thoma
2497 5108 2830 5179 patriarcha
2857 5107 2973 5162 lato
3005 5105 3338 5177 disertoque
3368 5107 3591 5164 calamo
3641 5109 3884 5181 Lequie-

2242 5216 2353 5254 nus
2384 5200 2504 5271 agit
2535 5199 2590 5252 in
2626 5213 2731 5252 suo
2765 5197 2983 5252 Oriente
3012 5195 3347 5261 Christiano,
3375 5199 3533 5252 tomo
3574 5196 3668 5252 IlI.

2312 5289 2410 5344 IV.
2453 5287 2736 5356 Agitatam
2777 5285 3033 5340 vidimus
3081 5283 3461 5355 quaestionem
3516 5286 3586 5341 de
3633 5285 3887 5358 Spiritus

2241 5377 2424 5434 sancti
2483 5374 2850 5447 processione
2881 5391 2915 5429 a
2955 5377 3124 5428 Patre
3176 5381 3227 5427 et
3273 5389 3307 5427 a
3359 5373 3499 5428 Filio
3556 5377 3615 5428 in
3665 5375 3887 5448 synodo

2239 5463 2694 5538 Aquisgranensi
2722 5480 2874 5518 anno
2906 5461 3012 5516 809
3027 5461 3318 5517 celebrata
3331 5465 3516 5517 Mense
3539 5462 3883 5520 Novembrio.

2241 5556 2506 5626 Legatos,
2558 5557 2900 5607 Bernharum
2959 5551 3267 5621 episcopum
3331 5551 3783 5617 Vormaciensem,
3829 5557 3887 5607 et

2238 5642 2608 5699 Adethardum
2636 5641 2889 5696 abbatem
2945 5641 3264 5694 monasterii
3297 5638 3560 5710 Corbeiae,
3597 5640 3670 5696 ad
3717 5657 3887 5698 sum-

2237 5749 2400 5791 mum
2461 5730 2797 5787 Pontificem
2857 5730 3106 5785 Leonem
3169 5729 3246 5784 III
3318 5728 3530 5785 missos
3589 5746 3624 5785 a
3678 5729 3879 5788 Carolo
