4094 6446
310 421 423 486 185

1526 427 1737 492 VITA.
1772 458 1853 476 —
1878 427 2404 492 DISSERTATIO
2447 429 2526 493 II.

3608 420 3724 487 l86

318 556 546 630 Magno,
575 560 648 612 ut
677 557 893 613 eadem
925 557 1165 614 demum
1216 560 1458 632 quaestio
1490 560 1828 632 deﬁniretur,
1860 565 1976 617 tra-
2001 561 2057 627 Α
2086 560 2327 617 tollendi
2377 562 2758 631 additionem,
2817 559 3065 635 symboli
3119 558 3390 616 videlicet
3441 561 3614 614 cantu
3662 557 3721 613 in

324 646 411 701 dit
436 646 770 719 Eginardus
803 647 867 702 in
919 648 1208 718 Chronico,
1253 649 1420 721 eique
1459 651 1834 706 consentiunt
1861 667 1973 706 cae-

325 736 429 791 teri
456 734 785 791 annalistze.
823 736 915 791 Ad
948 737 1145 809 ipsum
1177 739 1507 810 pontificem
1542 740 1679 795 data
1706 757 1741 794 a
1770 740 1973 795 Carolo

328 824 524 896 Magno
572 829 771 880 exstat
823 825 1074 898 epistola
1128 827 1187 882 in
1238 828 1557 884 Labbeana
1590 827 1970 884 conciliorum

329 912 687 979 collectione,
721 931 856 985 qua
901 914 1145 987 incipit:
1197 918 1453 987 Quaestio,
1488 933 1612 990 qua
1638 918 1703 974 de
1729 920 1974 990 Spiritus

324 1004 489 1057 sancti
528 1005 890 1073 processione
937 1012 1015 1059 est
1058 1021 1236 1076 nuper
1279 1010 1488 1073 exorta,
1524 1007 1854 1078 jamdudum
1893 1015 1976 1063 est

322 1089 745 1161 diligentissime
804 1108 839 1145 a
893 1094 1101 1149 sanctis
1152 1095 1419 1151 Patribus
1466 1097 1753 1152 ventilata.
1787 1096 1968 1152 Testi-

319 1180 506 1235 monia
532 1184 788 1235 Patrum
827 1187 1223 1239 recensentur.

374 1270 519 1323 Acta
549 1269 778 1325 ibidem
812 1274 1030 1339 extant,
1079 1276 1137 1328 et
1166 1274 1319 1344 apud
1357 1274 1692 1342 Baronium,
1726 1276 1797 1330 ad
1829 1291 1965 1331 ann.

318 1358 434 1422 809,
487 1374 658 1414 num.
720 1359 791 1413 54
845 1358 1191 1426 Collationis,
1242 1379 1416 1434 quam
1470 1363 1664 1435 Legati
1714 1362 1970 1418 habuere

316 1462 440 1501 cum
474 1447 697 1503 Leone.
732 1450 948 1503 Actum
979 1466 1112 1505 vero
1142 1450 1394 1522 primum
1429 1452 1499 1506 de
1528 1452 1660 1521 ﬁdei
1686 1452 1967 1522 dogmate:

316 1539 435 1590 tum
464 1535 724 1606 quaestio
756 1535 986 1592 invecta
1016 1538 1089 1593 de
1134 1537 1398 1609 lectione,
1446 1539 1567 1595 sive
1610 1544 1785 1594 cantu
1816 1539 1970 1611 Sym-

315 1624 419 1679 boli
475 1623 1095 1697 Constantinopolitani
1147 1629 1294 1683 inter
1349 1629 1646 1683 missarum
1675 1629 1965 1696 solemnia,

314 1713 692 1785 maximeque
724 1730 859 1769 cum
889 1714 1047 1771 vocis
1082 1717 1329 1788 Filioque
1357 1717 1775 1774 additamento.
1806 1719 1967 1773 Titu-

314 1801 399 1859 lus
428 1809 562 1859 est:
598 1804 786 1871 Ratio,
836 1820 956 1876 quae
998 1806 1190 1860 habita
1236 1815 1313 1861 est
1360 1806 1428 1862 de
1473 1806 1725 1879 Symbolo
1751 1809 1883 1879 ﬁdei
1907 1810 1969 1863 in

309 1894 609 1949 secretario
637 1895 829 1996 sancti
873 1895 1027 1949 Petri
1072 1896 1310 1966 apostoli
1354 1898 1503 1951 inter
1550 1895 1810 1953 damnum
1834 1899 1963 1953 Leo.
1996 1931 2045 1996 Β

312 1998 428 2038 nan
481 1983 915 2038 sanctissimum
972 1990 1027 2039 et
1078 1985 1522 2057 coevangelicum
1565 2003 1772 2058 papam
1808 1986 1968 2042 urbis

311 2074 509 2139 Mue,
542 2076 602 2127 et
621 2074 967 2127 Bernarium
986 2075 1150 2145 atque
1168 2075 1317 2130 Jesse
1333 2077 1603 2146 episcopos
1621 2091 1715 2131 seu
1734 2075 1966 2131 Adalar-

311 2161 433 2216 dum
488 2161 784 2225 abbatem,
843 2163 1036 2217 missos
1107 2161 1298 2218 damni
1361 2162 1545 2218 Caroli
1600 2166 1967 2235 imperatoris,

312 2265 404 2322 per
430 2250 810 2305 indictionem
856 2249 1167 2305 secundam.
1222 2252 1389 2323 Apud
1419 2251 1743 2308 annalistas
1771 2252 1969 2308 lauda—

318 2346 399 2396 tos
425 2338 600 2395 nulla
627 2340 779 2395 Iesse
807 2340 1047 2410 episcopi
1074 2342 1295 2395 mentio
1329 2339 1633 2412 ingeritur.
1667 2341 1966 2414 Suspicio-

322 2445 437 2484 nem
482 2427 725 2484 invehit
774 2427 1007 2485 indictio
1053 2429 1309 2484 secunda.
1360 2429 1581 2485 Dicitur
1626 2430 1778 2486 enim
1838 2447 1964 2487 eam

328 2516 685 2574 Collationem
746 2517 1078 2589 scripsisse,
1128 2522 1230 2573 aut
1278 2517 1530 2574 edidisse
1588 2519 1967 2592 Smaragdus,

328 2606 491 2662 abbas
513 2605 719 2662 sancti
748 2604 1051 2662 Michaelis
1072 2607 1143 2661 ad
1176 2606 1400 2663 Mosam
1425 2624 1437 2661 :
1463 2607 1563 2679 qui
1583 2609 1970 2665 Novembrium

322 2711 551 2751 mensem
583 2695 735 2751 anni
763 2695 870 2750 809
916 2694 1044 2750 sine
1072 2695 1249 2751 dubio
1292 2701 1552 2751 notasset
1569 2698 1736 2769 juxta
1764 2714 1970 2754 morem

320 2783 461 2839 187
493 2792 835 2839 consuetum
882 2783 1186 2839 indictione
1231 2786 1412 2840 tertia.
1457 2785 1800 2841 Addendum
1834 2804 1966 2858 pos-

318 2876 499 2927 tremo
530 2871 897 2945 legationem
950 2872 1288 2944 praedictam
1335 2877 1469 2945 post
1513 2875 1783 2931 eumdem
1815 2892 1966 2932 men-

312 2976 425 3017 sem
455 2961 822 3017 novembrem
852 2978 886 3015 a
915 2960 1117 3017 Carolo
1165 2961 1375 3035 Magno
1404 2963 1709 3031 directam,
1744 2981 1857 3019 non
1888 2964 1969 3021 ita

311 3050 478 3107 facile
524 3049 818 3123 compleri
866 3054 1000 3105 ante
1048 3066 1269 3105 annum
1319 3052 1445 3120 810,
1491 3056 1548 3107 et
1590 3052 1966 3110 indictionem

310 3140 545 3195 tertiam
579 3138 874 3212 potuisse.
912 3137 1056 3194 Hinc
1105 3142 1343 3195 censent
1379 3140 1485 3194 viri
1518 3141 1693 3211 docti,
1725 3142 1965 3199 titulum

310 3227 381 3282 ab
433 3226 641 3299 aliquo
690 3225 875 3283 sciolo
932 3227 1265 3299 appositum
1304 3244 1453 3295 esse,
1512 3230 1585 3284 de
1633 3230 1966 3288 sinceritate

312 3316 642 3373 Collationis
670 3315 819 3371 nihil
853 3316 1208 3373 hesitantes.

372 3406 578 3462 Primo
608 3404 742 3461 loco
789 3406 926 3461 lecta
974 3410 1106 3461 sunt
1145 3423 1180 3461 a
1219 3406 1501 3478 pradictis
1540 3408 1724 3463 missis
1747 3424 1849 3480 per
1874 3426 1964 3465 or-

304 3494 491 3551 dinem
520 3496 846 3550 testimonia
892 3494 1198 3566 (Patrum),
1250 3499 1413 3567 atque
1450 3512 1488 3551 a
1514 3496 1710 3553 domno
1736 3500 1964 3568 Aposto-

305 3586 407 3641 lico
438 3583 890 3657 diligentissime
934 3583 1128 3639 audita
1171 3584 1267 3639 Ait
1306 3584 1404 3639 ille
1432 3601 1605 3641 vero:
1635 3588 1720 3641 Ita
1762 3589 1962 3658 sentio,

304 3676 379 3728 ita
439 3683 601 3730 teneo
658 3689 784 3727 cum
841 3673 930 3727 his
983 3673 1316 3738 auctoribus,
1367 3682 1419 3729 et
1467 3690 1636 3729 sacra:
1662 3676 1965 3747 Scripturae

299 3763 651 3819 auctoribus.
682 3762 746 3817 Si
773 3763 897 3833 quis
944 3763 1110 3817 aliter
1135 3761 1201 3817 de
1248 3762 1354 3819 hac
1401 3778 1460 3818 re
1492 3765 1720 3833 sentire,
1752 3767 1837 3820 vel
1865 3766 1962 3822 do-

298 3868 421 3907 cere
465 3852 739 3919 voluerit,
786 3850 1019 3922 defendo
1067 3854 1195 3920 (seu
1248 3850 1543 3924 inhibeo);
1593 3861 1644 3908 et
1684 3855 1798 3909 nisi
1832 3870 1961 3910 con-

298 3957 492 3997 versus
527 3941 732 4011 fuerit,
761 3945 813 3995 et
840 3940 1136 3995 secundum
1162 3940 1307 3995 hunc
1326 3956 1548 3996 sensum
1567 3949 1753 3998 tenere
1777 3944 1961 4001 volue-

302 4034 396 4097 rit,
445 4030 737 4086 contraria
790 4031 1112 4085 sentientem
1157 4030 1422 4100 funditus
1468 4032 1647 4103 ejicio.
1699 4035 1765 4087 In
1812 4030 1960 4089 libro

301 4118 532 4175 Diurno
562 4118 968 4173 Romanorum
996 4117 1339 4190 pontificum
1384 4123 1653 4191 prostant
1679 4121 1815 4191 ﬁdei
1832 4138 1961 4193 pro-

297 4209 573 4276 fessiones
601 4211 745 4274 tres,
778 4222 930 4278 quas
959 4223 1067 4263 sua
1107 4207 1166 4262 in
1199 4208 1566 4264 ordinatione
1593 4208 1707 4281 ipsi
1738 4209 1962 4266 emitte-

300 4296 446 4353 bant
470 4295 793 4369 pontiﬁces
815 4295 1063 4351 Romani
1083 4294 1193 4352 hac
1220 4300 1405 4366 aetate,
1434 4314 1500 4352 ac
1521 4313 1639 4353 aevo
1662 4298 1916 4370 sequiori
1940 4317 1953 4355 :

296 4390 357 4440 et
382 4386 442 4441 in
484 4383 678 4439 altera
704 4382 946 4455 quidem
986 4384 1107 4439 haec
1156 4385 1481 4441 habentur:
1537 4386 1807 4458 Spiritum
1836 4390 1953 4456 Dei,

292 4476 477 4530 Pilius
504 4473 575 4530 de
599 4489 701 4529 suo
729 4474 983 4542 accipere
1037 4474 1291 4546 perhibet
1323 4517 1336 4530 .
1374 4517 1387 4530 .
1425 4517 1438 4529 .
1498 4479 1552 4531 et
1610 4477 1955 4547 insufﬂando

296 4563 618 4635 discipulis,
677 4563 923 4633 Accipite
979 4562 1250 4635 Spiritum
1291 4572 1541 4621 sanctum
1586 4569 1765 4637 utpote
1808 4565 1874 4621 de
1899 4583 1954 4623 se

2089 649 2302 721 palatio
2332 652 2590 723 primum
2646 652 2845 724 Regio,
2906 651 3114 707 deinde
3164 650 3224 705 in
3275 649 3407 705 aliis
3449 646 3724 704 Ecclesiis

2083 743 2496 810 praetermisso.

2152 827 2525 886 Collationem
2559 830 2750 902 ipsam
2784 829 2956 886 liceat
3004 828 3341 902 diligentius
3373 828 3718 900 expendere,

2081 917 2217 971 Fide
2250 918 2517 973 Romanae
2549 918 2814 974 Ecclesiae
2835 919 2900 975 de
2917 920 3257 990 processione
3282 919 3525 989 Spiritus
3553 933 3588 971 a
3617 923 3722 973 Pa-

2079 1013 2162 1061 tre
2189 1009 2241 1060 et
2270 1007 2409 1062 Filio
2439 1008 2544 1063 abs
2576 1008 2763 1063 Leone
2804 1010 2882 1063 Ill
2928 1008 3191 1080 exposita
3221 1007 3291 1063 de
3320 1006 3719 1062 additamenta

2079 1094 2151 1149 ad
2213 1095 2544 1167 symbolum
2604 1112 2932 1152 sermonem
3006 1095 3181 1169 legati
3239 1095 3597 1150 instituunt:
3657 1094 3722 1150 Si

2078 1199 2206 1255 ergo
2265 1185 2345 1239 ita
2391 1192 2471 1240 est
2522 1184 2922 1256 (inquientes),
2980 1201 3080 1240 cur
3136 1201 3249 1240 non
3305 1186 3429 1239 licet
3469 1188 3715 1251 cantare,

2078 1274 2160 1327 vel
2210 1273 2477 1329 cantando
2533 1274 2739 1330 docere.
2798 1278 2921 1328 Imo
2991 1275 3115 1329 licet
3173 1273 3436 1341 docendo,
3498 1280 3719 1328 cantare

2079 1360 2329 1434 (reponit
2358 1363 2659 1435 pontifex),
2706 1368 2755 1418 et
2804 1363 3074 1418 cantando
3124 1362 3328 1418 docere.
3378 1362 3483 1418 Sed
3525 1362 3718 1418 illicite

2074 1452 2135 1505 in
2185 1451 2472 1523 prohibitis
2518 1472 2541 1507 :
2598 1468 2696 1507 nec
2747 1453 3051 1518 scribendo,
3108 1469 3209 1507 nec
3278 1452 3547 1507 cantando
3595 1453 3719 1507 licet

2077 1542 2337 1597 inserere.
2370 1542 2589 1597 Sensus
2620 1546 2729 1609 est,
2764 1542 2949 1597 sancti
2996 1542 3246 1613 Spiritus
3284 1540 3715 1613 processionem

2076 1645 2110 1682 a
2138 1630 2305 1685 Patre
2353 1638 2405 1685 et
2450 1647 2485 1684 a
2533 1631 2673 1686 Filio
2718 1631 3052 1697 tenendam,
3104 1629 3542 1700 docendamque
3570 1645 3716 1695 esse,

2078 1717 2197 1773 sive
2225 1718 2510 1773 cantando
2539 1717 2597 1773 id
2630 1717 2752 1785 ﬁat,
2781 1717 2901 1773 sive
2921 1716 3186 1789 legendo,
3218 1717 3338 1773 sive
3368 1716 3674 1772 scribendo
3699 1733 3714 1771 :

2076 1810 2137 1860 at
2166 1808 2343 1862 inseri
2370 1823 2499 1862 eam
2548 1805 2832 1880 symbolo,
2886 1806 2946 1860 in
2977 1804 3289 1877 prohibitis
3336 1820 3483 1861 esse.
3514 1805 3715 1861 Prohi-

2075 1894 2340 1962 bitionis,
2372 1911 2551 1967 quam
2583 1896 2845 1951 Romana
2874 1894 3240 1951 custodiebat
3267 1894 3543 1961 Ecclesia,
3577 1911 3717 1950 cau-

2079 2000 2176 2039 sas
2205 1988 2262 2039 et
2311 1984 2467 2057 leges
2514 1984 2847 2040 intellexere
2898 1983 3117 2056 legati:
3176 1985 3315 2055 quia
3360 1982 3469 2052 illi,
3501 1983 3719 2054 quidem

2075 2073 2394 2145 Symbolum
2420 2073 2805 2139 condiderunt,
2850 2088 2962 2128 non
2991 2072 3318 2128 indiderunt
3336 2090 3355 2126 :
3402 2081 3458 2126 et
3488 2087 3716 2143 sequen-

2076 2166 2157 2217 tes
2181 2163 2518 2234 principales
2546 2163 2767 2234 synodi,
2814 2160 3280 2217 Chalcedonensis
3326 2169 3542 2232 quarta,
3577 2160 3715 2215 Con-

2074 2252 2565 2322 stantinopolitano
2618 2253 2832 2323 quinta,
2889 2260 2944 2306 et
2995 2254 3173 2317 sexta,
3229 2253 3290 2305 ut
3336 2265 3542 2305 novum
3567 2250 3717 2305 ultra

2075 2341 2382 2413 symbolum
2415 2382 2428 2395 .
2466 2382 2480 2394 .
2517 2381 2529 2393 .
2578 2340 2835 2407 condere,
2888 2338 3041 2395 188
3094 2341 3146 2394 et
3190 2343 3252 2393 in
3300 2338 3716 2398 veteribustol-

2078 2430 2258 2495 tendo,
2336 2429 2604 2495 addendo,
2660 2428 3029 2500 mutandaque
3100 2428 3403 2507 quidquam
3456 2429 3716 2499 inserere,

2071 2520 2495 2592 prohibuerunt.
2529 2518 2742 2574 Mirum
2796 2522 2885 2573 est
2932 2517 3035 2573 lati
3084 2519 3144 2571 in
3175 2516 3469 2590 Ephesina
3496 2518 3716 2590 synodo

2077 2608 2436 2664 mcumenica
2464 2608 2657 2673 tertia,
2690 2606 2906 2662 decreti
2936 2623 3052 2661 non
3084 2606 3269 2678 ingeri
3315 2605 3712 2661 mentionem!

2077 2698 2425 2769 Hujusmodi
2458 2696 2652 2769 legum
2706 2697 2956 2769 rigorem
3005 2696 3272 2751 servabat
3313 2694 3569 2750 Ecclesia
3600 2694 3717 2750 Ριο-

2076 2803 2271 2855 mana,
2306 2785 2676 2858 antiquitatis
2705 2784 3099 2841 tenacissima.
3150 2788 3224 2840 At
3254 2786 3385 2856 quia
3415 2784 3472 2839 id
3495 2783 3719 2839 credere

2077 2876 2276 2931 bonum
2303 2879 2381 2931 est
2410 2876 2597 2946 (aiunt
2625 2874 2844 2945 legati),
2900 2874 3100 2929 bonum
3150 2873 3312 2929 hodie
3334 2874 3473 2928 sicut
3499 2872 3573 2928 ad
3600 2888 3716 2927 cre-

2073 2964 2329 3031 dendum,
2361 2966 2442 3020 ita
2470 2963 2925 3019 adocantandum
2978 2970 3107 3018 tunc
3135 2965 3288 3027 esset,
3317 2963 3368 3017 si
3393 2964 3462 3017 ab
3505 2964 3585 3017 eis
3624 2962 3713 3015 in-

2071 3062 2284 3109 sertum
2311 3055 2526 3124 fuisset.
2576 3051 2786 3123 Utique
2836 3052 3035 3106 bonum
3085 3050 3144 3105 id
3188 3050 3425 3120 credere,
3467 3053 3519 3105 et
3555 3048 3719 3104 valde

2075 3144 2280 3198 bonum
2309 3141 2505 3212 (verba
2532 3144 2672 3196 sunt
2708 3139 3046 3212 pontificis),
3078 3143 3259 3211 utpote
3305 3146 3422 3194 tam
3451 3155 3716 3210 magnum

2076 3231 2206 3302 ﬁdei
2231 3232 2653 3295 sacramentum,
2702 3228 2844 3301 quod
2878 3245 2993 3284 non
3042 3229 3167 3283 licet
3192 3244 3303 3284 non
3348 3227 3568 3283 credere
3597 3269 3610 3282 .
3648 3269 3662 3283 .
3700 3269 3714 3283 .

1995 3295 2037 3361 Ο
2073 3295 2192 3376 Non
2237 3321 2406 3375 audeo
2456 3318 2637 3375 dicere
2682 3295 2800 3373 non
2847 3318 2979 3374 bene
3023 3318 3216 3388 fecisse
3260 3316 3539 3390 (Symboli
3578 3333 3714 3372 con-

2074 3408 2315 3480 ditores,
2364 3412 2466 3463 aut
2513 3407 2715 3480 synodi
2776 3406 3147 3463 mcumenicas
3196 3423 3323 3478 quze
3372 3404 3713 3479 Symbolum

2074 3497 2595 3567 conﬁrmarunt),si
2639 3498 2897 3568 fecissent
2941 3500 3043 3551 aut
3087 3494 3435 3568 particulam
3468 3496 3717 3567 Filioque

2074 3586 2462 3653 edidissent):
2521 3588 2750 3641 scientes
2806 3587 2998 3658 utique
3030 3628 3043 3641 .
3079 3628 3093 3640 .
3130 3627 3143 3640 .
3200 3583 3555 3657 perpendisse
3604 3600 3712 3656 eos,

2072 3692 2171 3731 cur
2197 3675 2543 3731 dimiserunt.

2147 3766 2422 3836 Temporis
2452 3764 2771 3835 qualitatem
2817 3762 3091 3819 exhibent
3129 3762 3324 3835 legati,
3373 3770 3427 3817 et
3456 3761 3712 3818 imbecil-

2073 3855 2286 3909 litatem
2312 3856 2575 3925 fratrum,
2616 3869 2681 3907 ac
2728 3852 3116 3908 necessariam
3162 3852 3227 3907 de
3273 3855 3424 3908 tanto
3451 3856 3713 3924 mysterio

2070 3942 2557 3998 instructionem:
2609 3942 2766 3997 unde
2807 3941 3006 3997 melius
3052 3941 3208 3997 nobis
3253 3942 3433 3996 visum
3459 3942 3571 4011 fuit
3600 3940 3712 4012 (in-

2071 4030 2325 4103 quiunt),
2385 4031 2660 4085 cantando
2705 4032 2892 4086 tantos
2946 4031 3237 4098 instruere,
3287 4046 3450 4101 quam
3487 4028 3713 4085 tacendo

2069 4120 2308 4177 indoctos
2355 4118 2691 4192 relinquere.
2747 4120 2809 4175 Si
2857 4121 3008 4174 enim
3050 4120 3217 4174 sciret
3254 4120 3567 4191 paternitas
3592 4134 3708 4185 tua,

2066 4218 2275 4282 quanta
2301 4217 2432 4265 sunt
2458 4208 2619 4264 hodie
2650 4209 2831 4263 millia
2857 4208 2915 4263 id
2959 4209 3251 4263 scientiam
3283 4207 3363 4279 (in
3393 4205 3618 4273 Galliis,
3649 4206 3706 4262 in

2067 4315 2245 4371 regno
2303 4298 2505 4367 Italiae,
2564 4297 2623 4351 in
2701 4296 3058 4367 Germania),
3128 4298 3226 4367 qui
3278 4300 3555 4361 cantatur,
3616 4296 3712 4366 qui

2062 4405 2351 4461 nunquam
2407 4389 2603 4443 scituri
2654 4389 2849 4454 essent,
2909 4387 3026 4441 nisi
3079 4393 3431 4441 cantaretur:
3486 4387 3714 4445 fortasse

2063 4479 2345 4534 nobiscum
2373 4481 2598 4545 teneres,
2650 4484 2701 4531 et
2748 4475 2804 4530 id
2851 4478 2944 4531 tuo
2990 4477 3155 4530 etiam
3185 4490 3451 4530 consensu
3488 4481 3544 4528 ut
3574 4489 3709 4529 can-

2060 4570 2292 4633 taretur,
2313 4567 2701 4637 acquiesceres.
2726 4564 3124 4619 Necessariam
3148 4562 3394 4633 hujusce
3425 4562 3706 4634 mysterii,

294 4653 701 4724 procedentem
757 4653 1079 4708 annuntiat.
1139 4656 1203 4707 In
1262 4653 1436 4709 tertia
1481 4670 1635 4709 vero.
1688 4654 1961 4726 Spiritum
1988 4656 2036 4723 D
2066 4655 2435 4727 aliorumque
2483 4653 2936 4709 instructionem
2966 4651 3099 4723 quis
3146 4668 3261 4707 non
3292 4651 3531 4707 videat?
3560 4653 3709 4708 Nun-

297 4748 559 4798 snnetum
586 4756 690 4797 nec
716 4742 988 4812 genitum,
1036 4756 1135 4796 nec
1180 4743 1517 4815 ingenitum,
1567 4742 1660 4798 sed
1693 4743 1760 4799 de
1786 4744 1956 4801 Patre

296 4832 555 4903 Filioque
576 4828 983 4902 procedentem.
1018 4833 1150 4886 Haec
1179 4835 1303 4887 erat
1331 4831 1541 4887 Leonis
1570 4832 1736 4887 ﬁdes.

370 4919 526 4975 Tum
559 4919 855 4974 dictorum
881 4917 1296 4976 nonnullorum
1330 4921 1632 4976 occasione
1660 4921 1948 4993 data,qua2

290 5007 653 5082 eolloquendo
722 5009 929 5079 potius,
988 5024 1155 5081 quam
1214 5008 1536 5081 disputando
1595 5010 1947 5082 exciderant,

298 5096 363 5151 in
394 5097 787 5169 quastionem
827 5095 973 5152 abiit
1017 5096 1255 5154 Collatio
1302 5098 1375 5154 de
1420 5099 1657 5170 symboli
1687 5098 1947 5155 Conslan-

289 5187 659 5259 tiaopolitanz
690 5186 1017 5258 interpolati
1041 5191 1209 5243 cantu
1230 5187 1381 5243 inter
1399 5187 1720 5244 missarum
1742 5187 1949 5244 solem-

290 5275 412 5331 nia.
444 5276 586 5332 Tria
616 5291 728 5331 nos
753 5279 899 5330 Acta
924 5274 1174 5332 docent:
1209 5277 1259 5331 1.
1306 5277 1369 5333 ln
1402 5274 1656 5333 Ecclesia
1685 5277 1950 5334 Romana

288 5365 556 5421 nondum
586 5363 923 5420 obtinuisse
971 5365 1221 5438 symboli
1270 5370 1506 5421 cantum
1552 5364 1705 5421 inter
1735 5366 1945 5423 missa-

284 5468 415 5509 rum
445 5452 769 5518 solemnia,
821 5468 925 5509 nec
976 5454 1444 5510 additamentum
1492 5455 1651 5511 vocis
1695 5456 1948 5527 Filioque

284 5542 357 5597 ad
390 5541 769 5616 Symbolum.
817 5543 872 5598 2.
920 5542 1291 5599 Additionem
1343 5542 1516 5608 hanc,
1570 5542 1944 5602 aGallicanis

284 5631 558 5690 Ecclesiis
607 5632 856 5701 factam,
905 5631 1156 5688 nimium
1216 5648 1380 5706 aegra:
1430 5631 1638 5689 tulisse
1693 5632 1942 5689 Leonem

283 5722 641 5795 pontiﬁcem.
690 5720 752 5790 3,
807 5720 1111 5778 Indicasse
1166 5737 1398 5795 quoque
1451 5722 1694 5778 modum
1749 5720 1940 5794 ipsam

2065 4744 2195 4815 quid
2222 4759 2347 4799 vero
2393 4746 2655 4799 universa
2701 4740 3027 4813 hujusmodi
3069 4739 3200 4811 ﬁdei
3242 4741 3478 4812 mystica
3518 4755 3704 4796 sacra-

2060 4841 2242 4888 menta
2282 4831 2384 4905 (ait
2433 4831 2733 4904 pontifex),
2779 4831 2901 4885 sine
2951 4829 3147 4901 quibus
3202 4831 3450 4902 quisque,
3498 4829 3598 4901 qui
3636 4829 3706 4885 ad

2058 4924 2157 4978 hoc
2207 4923 2519 4993 pertingere
2570 4927 2760 4991 potest,
2812 4918 3106 4974 catholicus
3170 4933 3286 4974 esse
3341 4934 3456 4973 non
3512 4926 3703 4990 potest,

2057 5012 2317 5083 symbolis
2365 5008 2699 5070 inserenda;
2747 5013 2803 5063 et
2844 5015 3065 5079 propter
3108 5007 3495 5078 compendium
3520 5010 3705 5063 minus

2057 5099 2510 5169 intelligentiam,
2543 5106 2604 5152 ut
2654 5098 2851 5168 cuique
2904 5096 3154 5165 libuerit,
3217 5095 3469 5152 addenda
3532 5099 3706 5151 sunt?

2054 5189 2209 5245 Modi
2260 5192 2462 5260 patent
2517 5185 2894 5257 multiplices,
2953 5185 3169 5257 quibus
3226 5188 3388 5241 extra
3438 5183 3701 5258 Symboli

2054 5275 2390 5345 formulam,
2441 5274 2655 5330 instrui
2708 5274 2907 5330 fideles
2951 5279 3189 5348 queant,
3236 5275 3296 5329 in
3351 5273 3699 5347 dogmaticis

2053 5367 2243 5435 libris,
2276 5366 2334 5420 in
2365 5363 2798 5430 Catechesihus,
2829 5365 2888 5419 in
2928 5363 3338 5420 Concionibus.

2123 5456 2386 5529 Nunquid
2439 5452 2634 5526 (legati
2692 5454 3001 5525 reponunt)
3058 5470 3173 5509 non
3227 5469 3264 5508 a
3318 5460 3366 5508 te
3410 5450 3469 5507 id
3515 5452 3698 5523 ipsum

2052 5545 2373 5617 Symbolum
2425 5546 2509 5599 est
2552 5542 2688 5598 data
2728 5544 2789 5597 in
2840 5543 3079 5597 Ecclesia
3120 5541 3382 5597 cantandi
3423 5540 3647 5596 licentia
3671 5543 3697 5594 ?

2050 5634 2309 5705 Nunquid
2344 5649 2380 5688 a
2413 5632 2569 5688 nobis
2615 5633 2722 5688 huc
2764 5647 2895 5687 usus
2944 5632 3040 5687 ille
3083 5630 3347 5686 cantandi
3388 5628 3693 5702 processit?

2051 5722 2349 5779 Pontifex:
2378 5723 2489 5792 Ego
2543 5720 2829 5779 licentiam
2871 5720 3006 5777 dedi
3040 5718 3337 5776 cantandi:
3364 5734 3478 5776 non
3503 5725 3691 5775 autem
