4094 6450
430 455 546 520 187

1448 465 1762 530 GEORGII
1808 466 2074 530 CYPRII
2119 467 2238 532 CP.
2282 469 2809 536 PATRIABCHJE

3711 473 3831 540 188

428 601 698 657 cantando
748 598 1036 672 quidpiam
1077 597 1330 663 addendz,
1361 602 1668 666 minuendi,
1726 618 1817 656 seu
1857 611 2073 656 mutan-
2105 603 2160 669 Α
2181 605 2531 674 jectavimus
2591 608 2743 663 circa
2798 614 3061 681 tempora
3119 607 3323 682 synodi
3380 609 3834 668 Gentiliacensis

426 695 489 748 di
515 737 529 750 .
569 735 579 746 .
618 735 629 746 .
665 694 932 764 Quandiu
963 693 1108 747 vobis
1143 694 1202 747 in
1223 691 1320 747 hoc
1347 693 1481 746 satis
1499 694 1631 761 luit,
1667 693 1722 745 in
1754 692 2072 762 hujusmodi

428 783 744 854 (Symbolo)
789 783 1086 852 cantando,
1137 784 1218 836 vel
1265 780 1590 836 celebrando
1640 782 1740 850 (in)
1779 796 2065 834 sacrosan-

424 876 525 927 ctis
595 874 875 943 mysteriis
952 874 1206 943 (cantare
1276 876 1331 925 et
1407 869 1738 940 celebrare),
1800 869 2066 940 quomodo

424 965 633 1018 sancta.
695 963 934 1016 Romana
1003 970 1150 1016 tenet
1222 961 1459 1015 Ecclesia
1493 960 1678 1030 “(quae
1736 958 2064 1031 symbolum

425 1052 679 1108 custodit
710 1053 834 1107 sine
883 1050 1349 1120 additamenta);
1396 1066 1744 1120 nequaquam
1786 1057 1882 1103 aut
1909 1049 2068 1103 nobis

423 1144 480 1196 in
510 1142 712 1196 talibus
759 1141 1035 1205 laborare,
1086 1147 1183 1195 aut
1234 1141 1366 1194 aliis
1417 1139 1703 1194 laborandi
1732 1140 2065 1193 occasionem

423 1248 632 1287 necesse
685 1233 793 1302 fuit
843 1233 1111 1300 ingerere.
1164 1230 1310 1299 Quod
1341 1245 1465 1284 vero
1493 1229 1737 1284 asseritis
1798 1228 1914 1282 ideo
1973 1244 2064 1282 vos

425 1323 504 1375 ita
532 1324 773 1388 cantare,
818 1322 1087 1390 quoniam
1133 1320 1274 1374 alios
1322 1320 1380 1372 in
1431 1320 1552 1372 istis
1602 1318 1875 1389 partibus,
1919 1317 2065 1371 vobis

419 1413 649 1482 priores,
703 1411 936 1464 audistis
989 1418 1255 1477 cantasse,
1306 1408 1435 1478 quid
1484 1408 1552 1461 ad
1601 1411 1742 1462 nos?
1787 1408 1888 1461 Nos
1915 1408 2063 1460 enim

423 1500 663 1571 idipsum
683 1515 792 1553 non
814 1507 1101 1554 cantamus
1135 1497 1278 1568 (boc'
1296 1497 1517 1551 scilicet
1546 1497 2058 1564 additamentum),

419 1591 510 1643 sed
540 1590 770 1660 legimus
821 1588 1054 1658 (nempe
1104 1596 1262 1642 extra
1309 1586 1669 1657 Symbolum,
1717 1586 1772 1639 in
1808 1585 2058 1656 scriptis,

422 1684 478 1734 et
510 1679 567 1733 in
599 1678 732 1732 aliis
780 1677 912 1732 ﬁdei
963 1676 1469 1748 professionibus),
1524 1681 1574 1730 et
1623 1674 1847 1745 legendo
1875 1674 2062 1730 docere

420 1784 518 1822 nec
566 1769 751 1822 tamen
810 1765 1038 1834 legendo
1085 1769 1180 1818 aut
1228 1764 1465 1820 docendo
1514 1764 1736 1833 addere,
1778 1763 2060 1834 quidpiam

419 1856 595 1912 eidem
642 1856 895 1926 Symbolo
945 1855 1096 1909 189
1147 1854 1450 1918 inserendo,
1499 1855 1888 1921 praesuminus.
1924 1854 2060 1921 Quae

2177 711 2328 749 anno
2375 697 2479 748 757
2528 696 2850 753 celebratas.
2903 700 3082 754 Facta
3137 699 3249 753 sibi
3298 705 3499 772 postea
3550 700 3696 754 illud
3735 717 3829 756 ca-

2179 785 2349 839 nendi
2383 785 2654 841 facultate
2705 787 2763 842 in
2815 787 3094 859 Liturgia,
3146 805 3278 843 cum
3330 789 3708 845 Additamento
3740 790 3828 862 ip-

2177 889 2307 930 sum
2357 892 2563 931 canere
2613 877 2900 948 praedictae
2945 877 3215 933 Ecclesiae
3263 884 3581 949 coeperunt.
3635 879 3823 933 Addi-

2176 970 2495 1019 tamentum
2529 965 2675 1032 tolli,
2708 967 2945 1036 optabat
2988 966 3097 1021 Leo
3129 967 3422 1038 pontifex:
3460 968 3822 1039 modumque

2175 1054 2549 1126 praescripsit,
2581 1071 2754 1125 quem
2806 1055 3126 1111 cautiorem
3177 1056 3419 1127 putabat
3452 1073 3466 1111 :
3500 1062 3566 1110 ut
3599 1056 3826 1112 scilicet

2174 1142 2303 1214 ipsa
2329 1143 2587 1214 Symboli
2619 1144 2949 1198 decantatio
2995 1143 3278 1214 paulatim
3313 1144 3820 1212 intermitteretur,

2175 1249 2239 1286 ac
2297 1232 2687 1297 omitteretur,
2748 1232 2806 1286 in
2862 1233 3074 1303 palatio
3132 1233 3414 1304 primum,
3473 1249 3539 1288 ac
3595 1234 3822 1289 caeteris

2173 1321 2381 1375 deinde
2430 1321 2487 1375 in
2549 1320 2842 1376 Ecclesiis.
2905 1321 3254 1392 Inquiebant
3310 1338 3446 1393 ergo
3502 1321 3718 1392 legati:
3757 1324 3826 1379 Ut

2169 1410 2345 1479 video,
2405 1410 2546 1464 illud
2602 1427 2637 1464 a
2706 1413 3049 1476 paternitate
3122 1415 3305 1466 vestra
3370 1411 3702 1477 decernitur,
3761 1416 3825 1467 ut

2166 1501 2356 1569 prima
2386 1500 2547 1567 illud,
2581 1499 2646 1554 de
2692 1515 2796 1570 quo
2847 1501 3081 1570 quaestio
3130 1508 3230 1568 est,
3278 1500 3346 1554 de
3372 1502 3633 1571 sape/lito
3663 1501 3820 1571 Sym-

2173 1588 2292 1644 bolo
2321 1589 2475 1644 190
2533 1589 2761 1643 tollatur
2815 1589 3371 1658 (additamentum):
3430 1593 3482 1644 et
3539 1597 3668 1644 tunc
3714 1590 3818 1643 de-

2168 1693 2318 1732 mum
2350 1695 2383 1732 a
2411 1678 2648 1749 quolibet
2695 1678 2842 1732 licite
2887 1694 2951 1732 ac
3003 1677 3175 1733 libere
3219 1679 3329 1733 sive
3375 1678 3663 1747 cantando,
3707 1679 3821 1734 sive

2167 1767 2426 1823 tradendo
2455 1767 2700 1822 discatur
2735 1766 2910 1838 (idem
2955 1767 3420 1823 additamentum
3452 1774 3613 1821 extra
3644 1767 3815 1838 Sym-

2168 1856 2411 1928 bolum),
2462 1861 2515 1913 et
2562 1858 2872 1912 doceatur:
2923 1856 3220 1911 Pontifex:
3271 1856 3352 1912 Ita
3402 1860 3594 1928 procul
3643 1856 3812 1910 dubio

419 1961 545 2001 vero
599 1945 873 2016 praedictis
929 1944 1206 2016 Symbolis
1240 1987 1252 1999 .
1290 1988 1302 1999 .
1338 1985 1350 1998 .
1401 1943 1580 1999 deesse
1647 1946 2055 2014 cognoscimus:
2086 1973 2134 2038 Β
2165 1961 2200 2000 a
2256 1951 2442 2001 nostra
2492 1951 2652 2017 parte
2705 1946 3059 2002 decernitur:
3118 1947 3196 2000 ita
3252 1961 3461 2016 quoque
3519 1953 3580 2000 ut
3632 1953 3811 1999 vestra

421 2051 527 2090 non
558 2039 618 2088 ut
650 2035 859 2089 dictum
907 2039 1004 2099 est,
1055 2035 1297 2088 inserere
1342 2035 1771 2104 prxsumimus:
1800 2034 1894 2088 sed
1922 2036 2052 2089 locis
2086 2033 2127 2038 ⁷
2163 2037 2519 2106 assentiatur,
2575 2053 2608 2090 a
2653 2036 2815 2090 nobis
2861 2036 3184 2090 omnimode
3227 2035 3509 2090 suadetur.
3565 2033 3803 2105 Legati:

419 2124 850 2195 temporibusque
868 2125 1207 2194 opportunis,
1237 2123 1434 2194 quibus
1453 2125 1705 2194 competit
1732 2125 2055 2178 ministrare

417 2229 702 2270 curamus.

489 2301 842 2357 Facultatem
891 2301 1160 2356 cantandi
1206 2302 1357 2356 inter
1403 2301 1718 2357 missarum
1769 2303 2055 2358 solemnia

417 2391 750 2464 symbolum
784 2391 886 2445 abs
927 2406 1054 2446 sese
1089 2390 1319 2455 factam,
1353 2391 1558 2445 annuit
1587 2393 1862 2463 pontifex.
1899 2398 2051 2448 Data;

419 2481 713 2536 facultatis
770 2479 1050 2552 epocham
1104 2479 1358 2535 indicare
1411 2480 1639 2536 videtur
1694 2481 2052 2536 Walafridus

417 2567 646 2624 Strabo.
681 2571 734 2624 Is
765 2569 943 2634 enim,
977 2569 1045 2623 de
1075 2569 1238 2624 rebus
1263 2570 1664 2635 ecclesiasticis,
1689 2588 1812 2643 cap.
1845 2571 1936 2638 22,
1969 2572 2053 2626 sic

416 2659 496 2714 ait
525 2676 538 2713 :
571 2682 598 2708 «
635 2658 713 2712 Ab
744 2658 890 2729 ipsis
929 2657 1174 2730 (Graecis)
1204 2675 1338 2730 ergo
1388 2659 1458 2713 ad
1491 2661 1752 2716 Romanos
1783 2659 1877 2715 ille
1909 2677 2052 2715 usus

415 2746 681 2817 (canendi
740 2747 1078 2818 Symbolum
1147 2752 1279 2819 post
1345 2747 1740 2820 Evangelium)
1798 2751 2054 2805 creditur

417 2835 767 2906 pervenisse.
819 2835 927 2891 Sed
984 2836 1137 2907 apud
1195 2835 1388 2892 Gallos
1442 2842 1497 2892 et
1545 2837 1884 2905 Germanos,
1919 2843 2051 2910 post

414 2923 794 2993 dejectionem
854 2923 1060 2979 Felicis
1131 2924 1410 2995 haaretici,
1469 2927 1576 2981 sub
1628 2926 2051 2998 gloriosissimo

415 3010 617 3066 Carolo
650 3012 999 3067 Francorum
1051 3017 1272 3068 rectore
1323 3014 1605 3079 damnati,
1640 3016 1792 3070 idem
1824 3018 2050 3088 Symbo-

418 3101 531 3155 lum
582 3100 756 3155 latius
805 3106 862 3156 et
909 3103 1170 3156 crebrius
1219 3104 1275 3156 in
1325 3105 1618 3158 Missurum
1662 3107 1823 3176 carpit
1852 3107 2052 3176 ofﬁciis

418 3188 632 3244 iterari.
687 3213 706 3238 ι
762 3189 968 3245 Felicis
1014 3196 1071 3246 et
1119 3190 1386 3263 Elipandi
1432 3209 1594 3248 error
1643 3194 1712 3248 de
1750 3197 2052 3250 Filiatione

418 3278 626 3334 Christi
653 3279 906 3349 adoptiva
935 3280 1250 3336 damnatus
1279 3285 1368 3336 est
1396 3299 1548 3338 anno
1581 3284 1706 3352 792,
1741 3284 1798 3338 in
1832 3285 2052 3356 synodo

2163 2123 2405 2179 Sublatis
2435 2124 2520 2178 his
2550 2141 2667 2194 quae
2713 2125 2878 2178 vultis
2925 2124 3128 2179 bonum
3174 2132 3254 2179 est
3299 2126 3361 2178 ut
3403 2123 3546 2178 idem
3573 2123 3803 2194 Symbo-

2162 2212 2278 2265 lum
2306 2215 2559 2266 cantetur
2589 2212 2764 2283 (inter
2793 2212 3109 2267 missarum
3142 2211 3468 2281 solemnia).
3502 2211 3798 2266 Pontifex:

2162 2301 2373 2355 Bonum
2422 2316 2572 2356 sane.
2629 2300 2777 2368 Quod
2825 2310 3004 2356 tamen
3053 2317 3165 2356 non
3211 2301 3560 2370 imperando,
3611 2299 3703 2354 sed
3746 2308 3806 2354 ut

2158 2391 2316 2461 prius
2360 2390 2726 2462 permittendo
2783 2389 3060 2444 dicimus:
3111 2392 3242 2462 quia
3287 2388 3439 2444 illud
3487 2392 3627 2444 sicut
3653 2398 3803 2454 tunc,

2162 2482 2250 2536 ita
2278 2484 2328 2535 et
2360 2496 2507 2534 nunc
2535 2480 2674 2534 utile
2721 2479 3095 2548 indigentibus
3125 2495 3239 2536 esse
3263 2495 3418 2551 posse
3442 2495 3552 2533 non
3584 2481 3805 2548 ignora-

2163 2583 2306 2623 mus.
2365 2567 2720 2623 Facultatem
2776 2567 3092 2623 Gallicanis
3142 2567 3413 2624 Ecclesiis
3455 2569 3666 2622 fecerat
3702 2573 3805 2622 Leo

2163 2661 2294 2730 post
2319 2657 2607 2730 synodum
2660 2657 3261 2729 Francofordiensem,
3317 2656 3586 2712 cantandi
3620 2656 3675 2709 in
3711 2656 3802 2710 Li-

2161 2747 2357 2819 turgia
2385 2745 2728 2818 Symbolum
2757 2746 3143 2816 permittendo.
3195 2745 3428 2818 Legati:
3462 2745 3803 2817 Symbolum

2160 2836 2220 2891 in
2273 2835 2533 2907 Liturgia
2585 2850 2790 2889 canere
2850 2835 2902 2890 si
2959 2851 3293 2907 pergamus,
3344 2835 3804 2904 omittamusque

2163 2925 2546 2995 adjectionem
2577 2923 2734 2978 vocis
2763 2924 3047 2996 Filioque,-
3088 2939 3264 2979 sermo
3294 2923 3404 2978 iste
3433 2923 3504 2978 ab
3532 2922 3802 2988 omnibus,

2161 3016 2276 3070 acsi
2327 3022 2515 3068 contra
2573 3012 2736 3083 ﬁdem
2788 3015 2881 3077 sit,
2939 3013 3416 3068 condemnabitur.
3464 3013 3632 3080 Quale
3671 3027 3805 3082 ergo

2160 3103 2314 3157 dabis
2370 3102 2704 3157 consilium?
2771 3101 3072 3156 Pontifex:
3152 3101 3214 3155 Si
3273 3103 3432 3172 prius
3503 3117 3667 3170 quam
3725 3101 3806 3153 ita

2163 3194 2319 3263 (cum
2370 3191 2790 3260 additamento)
2839 3193 3174 3258 cantaretur,
3225 3191 3602 3258 interrogatus
3636 3204 3806 3243 essem

2161 3296 2229 3336 ne
2259 3282 2598 3335 insereretur
2641 3281 2852 3347 utique,
2901 3278 3317 3350 respondissem.
3360 3279 3426 3332 At
3464 3293 3611 3332 nunc
3643 3275 3806 3348 (quod

416 3367 846 3440 Ratisponensi,
892 3369 1260 3441 maximeque
1307 3388 1460 3426 anno
1505 3373 1632 3438 794,
1684 3373 1742 3428 in
1804 3341 2052 3446 pleniori
2083 3341 2125 3407 Ο
2165 3379 2346 3425 tamen
2392 3385 2500 3425 non
2552 3367 2904 3438 afﬁrmando,
2952 3368 3044 3422 sed
3090 3369 3363 3423 vobiscum
3402 3368 3621 3439 pariter
3659 3369 3803 3420 trac-

418 3456 662 3511 concilio
721 3457 1222 3526 Francofordensi,
1279 3460 1371 3513 cui
1423 3460 1767 3533 Galliarum,
1811 3467 1870 3518 et
1911 3466 2050 3518 Ger-

418 3545 628 3600 manias
675 3545 929 3617 episcopi
980 3546 1314 3615 interfuere,
1346 3549 1604 3622 itemque
1651 3552 1813 3624 regni
1847 3552 2048 3607 Italici.

416 3633 615 3688 Potuit
643 3650 778 3704 ergo
809 3635 917 3689 Leo
951 3635 1043 3701 ΙΙΙ,
1098 3637 1196 3707 qui
1245 3654 1395 3694 anno
1444 3639 1786 3712 insequente
1828 3642 1935 3697 795
1963 3658 2050 3697 re-

417 3737 552 3794 gere
582 3721 896 3777 Ecclesiam
925 3723 1245 3780 Romanam
1269 3728 1460 3798 erepit,
1486 3728 1814 3785 facultatem
1848 3730 2056 3786 fecisse

421 3815 487 3865 ut
516 3809 574 3864 in
605 3810 825 3866 eisdem
870 3813 1182 3884 provinciis
1229 3815 1380 3870 inter
1423 3816 1708 3873 solemnia
1737 3820 2054 3875 missarum

420 3903 728 3954 caneretur
755 3900 1092 3972 Symbolum
1125 3903 1857 3978 Constantinopolitanum.
1891 3909 2056 3964 Hunc

422 3988 602 4043 ritum
637 3988 1049 4058 Hispaniarum
1098 3991 1365 4048 Ecclesiae
1405 3995 1531 4065 jam
1579 3997 1803 4051 dudum
1834 3997 2054 4069 ample-

419 4081 564 4132 xatae
596 4078 848 4132 fuerant.
883 4079 1081 4150 Ipsum
1112 4080 1358 4137 fortasse
1386 4083 1445 4136 in
1497 4083 1808 4140 Gallicanis
1840 4085 2054 4158 aliqui-

421 4167 532 4221 bus
589 4166 864 4222 Ecclesiis
920 4167 1145 4240 pridem
1223 4169 1550 4227 invexerint
1606 4174 1936 4231 antistites:
1998 4181 2058 4232 at

422 4255 632 4312 Leonis
667 4256 742 4310 III
777 4261 946 4326 aetate
976 4257 1145 4313 latius
1175 4267 1225 4314 et
1252 4261 1500 4315 crebrius
1535 4263 1684 4318 ritus
1714 4264 1868 4319 idem
1893 4265 2057 4320 inva-

421 4343 552 4398 luit.
585 4344 1029 4401 Verisimillima
1058 4352 1197 4402 sunt
1238 4347 1357 4404 hzec
1397 4349 1700 4406 Strabonis
1725 4352 1919 4409 dicta:
1953 4354 2058 4409 fal-

422 4432 679 4504 liturque
711 4439 927 4505 tamen,
978 4452 1111 4490 cum
1161 4441 1360 4492 narrat
1403 4455 1436 4492 a
1467 4440 1668 4495 Gracis
1697 4441 1767 4495 ad
1800 4443 2061 4499 Romanos

423 4521 595 4575 ritum
625 4522 784 4576 illum
811 4524 1138 4592 pervenisse,
1184 4524 1498 4581 Ecclesiam
1535 4527 1856 4585 Romanam
1888 4530 1937 4586 si
1972 4531 2059 4586 in-

425 4609 728 4666 tellexerit.
782 4611 928 4666 Hinc
971 4628 1105 4668 vero
1158 4612 1549 4686 colligendum
1597 4617 1850 4686 videtur,
1902 4619 1961 4674 id
1993 4638 2058 4676 eo

426 4699 667 4754 consilio
698 4700 1052 4771 permissum
1085 4719 1118 4756 a
1165 4719 1398 4759 summo
1448 4705 1716 4774 pontifice
1767 4708 1968 4779 fuisse,
2001 4714 2066 4765 ut
2094 4707 2141 4772 D

428 4787 714 4843 naturalis
743 4789 940 4844 divina
965 4789 1104 4845 Jesu
1127 4790 1338 4847 Christi
1371 4792 1596 4860 ﬁliatio,
1627 4811 1802 4866 quam
1828 4798 1990 4853 Felix
2015 4807 2067 4854 et

426 4876 730 4947 Elipa-ndus
759 4880 1199 4949 oppugnabant,
1233 4896 1428 4936 coram
1477 4881 1784 4953 palamque
1813 4885 1872 4940 in
1906 4887 2067 4958 Sym-

428 4965 544 5021 boli
575 4971 752 5021 cantu
781 4965 935 5022 inter
965 4968 1278 5024 missarum
1309 4969 1594 5027 solemnia
1622 4973 2063 5030 enuntiaretur:

428 5055 690 5126 adeoque
737 5071 808 5110 ne
855 5057 1140 5128 cogitasse
1189 5057 1384 5129 ipsum
1437 5060 1673 5132 quidem
1724 5062 1793 5117 de
1822 5064 2066 5119 Addita-

429 5148 624 5198 mento
655 5145 812 5198 vocis
836 5145 1100 5216 Filioque.
1135 5146 1382 5203 Aiebant
1410 5147 1608 5221 legati,
1647 5167 1704 5205 se
1733 5152 1792 5205 in
1815 5153 2068 5223 partibus

429 5235 553 5288 istis
604 5234 765 5303 alios,
799 5235 934 5302 ipsis
970 5236 1208 5306 priores,
1270 5237 1736 5294 additamentum
1786 5245 2066 5296 cantantes

428 5321 723 5377 audivisse.
775 5325 1038 5377 Fortasse
1085 5332 1267 5394 partes
1295 5327 1426 5380 istas
1456 5326 1860 5400 intelligebant
1889 5331 1946 5384 in
1979 5346 2068 5385 re-

429 5427 544 5483 gno
575 5409 789 5465 Italiae:
841 5427 968 5482 quae
1021 5411 1091 5466 de
1145 5429 1205 5467 re
1253 5414 1395 5469 satis
1452 5415 1702 5471 obscura
1731 5417 2068 5490 diligentius

429 5499 737 5567 disserere,
780 5515 893 5554 non
942 5503 1124 5554 vacat.
1177 5501 1499 5558 Romanam
1551 5510 1705 5561 certe
1753 5507 2067 5562 Ecclesiam

431 5586 754 5659 intelligere
801 5587 964 5643 nullo
1008 5589 1180 5644 modo
1229 5589 1382 5657 licet,
1439 5597 1504 5647 ut
1545 5595 1848 5651 ostendere
1878 5595 2068 5668 pergi—

431 5693 584 5732 mus.

503 5767 845 5841 Symbolum
878 5767 1264 5841 interpolasse
1284 5768 1609 5826 Gallicanas
1630 5772 1912 5830 Ecclesiae
1939 5790 2069 5830 con-

2161 3459 2328 3516 tando
2354 3459 2515 3528 dico),
2549 3462 2817 3528 quantum
2865 3457 3041 3512 menti
3085 3459 3341 3522 occurrit,
3392 3457 3474 3511 ita
3517 3457 3656 3511 mihi
3683 3454 3806 3510 vide

2163 3556 2253 3603 tur
2296 3562 2452 3616 posse
2499 3549 2794 3617 utrumque
2841 3547 3002 3616 ﬁeri:
3049 3549 3108 3600 ut
3154 3544 3436 3617 paulatim
3485 3547 3544 3598 in
3596 3544 3805 3616 palatio

2163 3639 2314 3708 (quia
2346 3638 2405 3691 in
2430 3643 2618 3690 nostra
2647 3643 2845 3690 sancta
2893 3635 3132 3690 Ecclesia
3175 3651 3287 3690 non
3333 3635 3628 3702 cantatur),
3663 3649 3806 3688 can-

2165 3725 2321 3782 tandi
2344 3723 2665 3780 consuetudo
2707 3723 2956 3794 ejusdem
2984 3724 3233 3793 Symboli
3259 3725 3658 3778 intermittatur
3691 3763 3704 3776 .
3742 3761 3754 3773 .
3792 3763 3803 3774 .

2161 3817 2214 3870 si
2241 3815 2556 3869 dimittatur
2583 3830 2617 3867 a
2645 3815 2826 3880 nobis,
2854 3812 3162 3868 dimittetur
3191 3814 3266 3868 ab
3293 3813 3565 3868 omnibus.

2237 3947 2413 4003 Plura
2440 3947 2851 4002 innotescunt:
2887 3948 2939 4000 4.
2967 3946 3232 4001 Romana
3249 3944 3528 4010 Ecclesia,
3559 3942 3808 4016 antiqui-

2165 4039 2304 4094 tatis
2333 4035 2732 4102 tenacissima,
2758 4037 3008 4108 rigorem
3031 4036 3167 4104 legis
3185 4035 3474 4106 Ephesium
3498 4033 3767 4089 servabat
3791 4050 3804 4099 ;

2168 4143 2272 4183 nec
2322 4125 2441 4181 ullo
2491 4124 3202 4196 Constantinopolitanum
3250 4122 3586 4195 interpolari
3643 4127 3809 4194 Sym-

2165 4215 2366 4272 bolum
2400 4215 2572 4270 modo
2604 4231 2778 4286 passa
2823 4217 2928 4269 est.
2961 4215 3016 4267 2.
3062 4211 3402 4286 Symbolum
3433 4211 3589 4267 idem
3621 4225 3812 4282 neque

2168 4304 2463 4377 privatim,
2496 4320 2684 4375 neque
2734 4302 2965 4376 publice
3009 4303 3160 4374 apud
3197 4301 3385 4373 ipsam
3416 4316 3551 4356 cum
3581 4300 3810 4355 addita-

2170 4399 2368 4450 mento
2399 4398 2501 4449 aut
2553 4393 2939 4458 scribebatur,
2988 4395 3090 4448 aut
3129 4391 3448 4463 legebatur,
3482 4394 3584 4445 aut
3613 4394 3813 4444 canta-

2171 4484 2364 4539 batur.
2415 4484 2467 4536 3.
2523 4482 2643 4537 Imo
2691 4498 2879 4553 neque
2932 4479 3192 4553 Symboli
3246 4479 3372 4535 sine
3413 4478 3814 4534 additamenta

2172 4577 2412 4627 cantum
2441 4588 2548 4626 sua
2577 4569 2636 4624 in
2673 4569 2933 4641 Liturgia
2982 4568 3173 4624 adhuc
3222 4567 3558 4623 admiserat.
3593 4568 3644 4622 4,
3681 4567 3814 4623 Haec

2172 4676 2306 4716 vero
2363 4658 2771 4715 ecclesiasticas
2823 4657 3146 4729 disciplinis
3201 4657 3392 4728 capita
3444 4672 3572 4712 esse
3635 4657 3815 4727 probe

2175 4755 2449 4808 noverat:
2510 4749 2665 4804 unde
2714 4753 2843 4803 tum
2892 4746 3206 4802 Gallicanis
3253 4744 3516 4800 ecclesiis
3572 4747 3814 4800 cantum

2174 4837 2903 4912 Symboliintersolemnia
2919 4837 3236 4892 missarum
3259 4835 3604 4908 permiserat
3639 4850 3652 4888 :
3684 4837 3814 4888 tum

2175 4930 2351 4985 etiam
2386 4929 2675 4982 invectum
2725 4926 2798 4982 ab
2842 4925 2961 4982 illis
3007 4925 3476 4982 additamentum
3515 4922 3639 4979 tolli
3677 4939 3813 4978 sua-

2175 5019 2370 5079 debat.
2400 5033 2514 5073 non
2540 5016 2902 5088 afﬁrmando,
2933 5019 3035 5071 aut
3057 5014 3322 5086 jubendo
3347 5039 3362 5082 ;
3394 5013 3494 5069 sed
3525 5011 3816 5069 tractando

2175 5107 2601 5180 praebendoque
2627 5104 2948 5162 consilium.

2245 5240 2314 5294 V.
2346 5240 2460 5295 Sua
2490 5239 2595 5294 abs
2626 5237 3046 5295 consuetudine
3075 5236 3234 5292 haud
3279 5234 3592 5292 recessisse
3622 5234 3816 5291 Eccle-

2177 5329 2279 5384 size
2327 5327 2635 5384 Gallicanae
2681 5328 2988 5383 videntur:
3039 5325 3210 5382 haesit
3258 5324 3522 5379 Romana
3563 5323 3819 5380 Ecclesia

2177 5418 2532 5489 antiquitati,
2565 5434 2631 5473 ac
2685 5417 2832 5490 legis
2891 5416 3085 5487 rigori.
3145 5414 3203 5470 Id
3263 5417 3472 5486 putant
3518 5413 3622 5468 viri
3665 5413 3819 5468 docti

2178 5506 2624 5577 intelligendum
2701 5523 2829 5563 esse
2904 5507 2975 5560 de
3049 5504 3248 5559 addita
3301 5517 3460 5567 voce,
3518 5501 3819 5574 Filioque:

2179 5611 2346 5651 secus
2381 5596 2449 5651 de
2477 5595 2696 5666 publica
2741 5595 2987 5667 Symboli
3031 5594 3354 5648 recitatione
3400 5591 3461 5646 in
3493 5590 3695 5646 Officio
3727 5591 3818 5645 Li-

2178 5685 2423 5756 turgico.
2489 5684 2719 5740 Dixerat
2767 5681 3163 5749 Mabillonius,
3195 5681 3390 5736 libror
3439 5679 3520 5734 De
3561 5681 3819 5749 Liturgia

2179 5773 2484 5843 Gallicana,
2513 5774 2701 5846 capite
2745 5775 2802 5844 2,
2846 5788 2989 5828 num
3037 5773 3092 5838 6,
3149 5769 3464 5842 Symbolum
3485 5773 3610 5840 post
3637 5771 3818 5825 Evan-
