4094 6440
322 475 440 539 189

1536 474 1749 538 VITA.
1785 506 1863 520 —
1893 471 2420 536 DISSERTATIO
2463 473 2538 537 II.

3620 466 3738 532 190

330 609 532 677 gelum
553 609 830 665 Romanos
856 609 1014 664 nullo
1038 609 1192 666 modo
1221 611 1481 666 cecinisse
1501 625 1670 681 usque
1715 607 1785 663 ad
1844 612 1976 663 tem-
2007 607 2062 672 Α
2091 623 2262 679 gam;
2295 609 2446 664 192
2495 608 2555 664 in
2585 625 2766 680 eaque
2803 609 2874 664 de
2917 607 3096 664 Credo
3150 607 3209 662 in
3243 607 3429 677 Deum,
3479 605 3599 660 sive
3665 605 3738 660 de

331 715 465 770 pora
516 699 664 755 dira:
720 701 1013 755 memoria
1070 701 1289 755 Henrici
1345 700 1716 770 imperatoris,
1771 697 1982 752 scilicet

333 790 502 858 primi
528 794 657 842 teste
707 789 964 844 Bernone
1011 789 1203 844 abbate
1259 790 1542 858 Augiensi.
1604 787 1850 842 Laudati
1904 789 1982 840 te-

337 874 436 928 stis
467 873 582 928 haec
608 873 840 929 scilicet
869 875 1043 930 verba
1073 881 1213 930 sunt
1242 876 1430 947 capite
1453 877 1487 928 2
1519 875 1590 930 de
1621 874 1977 946 quibusdam

341 962 506 1017 rebus
555 964 625 1017 ad
668 963 918 1019 Missam
970 966 1408 1036 spectantibus:
1447 987 1466 1013 ι
1501 964 1818 1035 Symbolum
1848 966 1982 1035 post

335 1051 705 1122 Evangelium
741 1069 932 1124 usque
953 1053 1023 1108 ad
1050 1054 1172 1109 haec
1199 1059 1464 1126 tempora
1509 1055 1654 1108 divae
1683 1053 1976 1108 memoria

328 1139 548 1195 Henricn
575 1141 960 1212 imperatoris
994 1144 1139 1198 191
1203 1142 1640 1214 (inceptumque
1697 1141 1976 1196 saculum

327 1229 730 1300 undecimum)
791 1230 953 1286 nullo
1002 1233 1173 1288 modo
1231 1233 1582 1287 cecinerunt.
1641 1232 1726 1285 Ab
1775 1230 1974 1284 eodem

324 1319 615 1387 (Henrico)
646 1319 1017 1392 interrogati,
1048 1338 1153 1376 cur
1179 1321 1260 1376 ita
1314 1324 1568 1393 agerent,
1629 1336 1722 1374 me
1779 1335 1973 1374 coram

320 1408 671 1465 assistente:
734 1410 931 1464 audivi
1002 1410 1341 1480 hujusmodi
1421 1426 1770 1480 responsum
1843 1410 1973 1463 red-

319 1497 468 1552 dere.
494 1497 770 1553 videlicet
804 1499 957 1569 quod
994 1498 1258 1554 Romana
1286 1498 1542 1554 Ecclesia
1596 1515 1711 1554 non
1764 1497 1975 1552 fuisset

318 1585 639 1656 aliquando
671 1586 798 1641 ulla
827 1586 1116 1643 haereseos
1146 1589 1264 1644 fece
1306 1588 1555 1642 infecta:
1615 1587 1714 1642 sed
1773 1602 1973 1641 secun-

314 1675 450 1729 dum
484 1675 683 1730 sancti
717 1676 871 1730 Petri
922 1677 1273 1743 doctrinam,
1316 1677 1373 1730 in
1425 1675 1720 1731 soliditate
1773 1674 1970 1730 catho-

311 1761 430 1817 lica:
463 1762 605 1818 ﬁdei
638 1769 1015 1835 permaneret
1049 1766 1433 1820 inconcussa:
1485 1769 1543 1819 et
1599 1764 1727 1818 ideo
1783 1763 1970 1834 magis

311 1852 400 1907 his
433 1853 848 1908 necessarium
879 1870 1007 1910 esse
1035 1853 1181 1910 illud
1209 1853 1549 1926 Symbolum
1580 1851 1794 1924 saepius
1833 1867 1969 1907 can-

2092 697 2365 769 Symbolo
2396 699 2533 770 agit,
2567 699 2722 767 quod
2752 699 2813 753 in
2846 697 3027 754 missa
3072 695 3392 768 pontificali
3450 694 3735 750 recitaba-

2088 791 2202 842 tur.

2159 875 2408 932 Causam
2462 895 2630 933 suam
2696 893 2965 948 perorare
3015 875 3204 948 pergit
3241 875 3534 930 Martene:
3572 873 3738 930 «De-

2087 965 2223 1020 inde
2256 965 2612 1022 Walafridus
2641 966 2792 1022 libro
2828 971 2902 1021 De
2918 966 3074 1022 rebus
3094 964 3516 1032 Ecclesiasticis,
3550 963 3739 1034 capite

2084 1055 2175 1120 22,
2233 1059 2543 1127 postquam
2603 1056 2858 1111 rationes
2913 1053 3175 1126 protulit,
3227 1071 3330 1108 cur
3357 1051 3537 1107 Graeci
3570 1052 3735 1124 Sym-

2083 1143 2285 1199 bolum
2341 1144 3075 1216 Constantinopolitanum,
3116 1143 3308 1214 potius
3352 1156 3529 1214 quam
3560 1140 3742 1195 Nicae-

2085 1247 2226 1285 num
2258 1231 2316 1286 in
2349 1232 2531 1287 Missa
2560 1233 2957 1300 decantarent,
2992 1231 3188 1286 addit:
3223 1231 3297 1286 Ab
3348 1231 3485 1302 ipsis
3514 1245 3639 1300 ergo
3669 1229 3738 1284 ad

2083 1321 2349 1376 Romanos
2405 1321 2503 1376 ille
2557 1339 2690 1377 usus
2745 1322 2989 1377 creditur
3027 1323 3349 1393 pervenisse.
3385 1318 3485 1374 His
3517 1319 3739 1374 accedit

2082 1410 2240 1464 omni
2269 1411 2601 1481 exceptione
2620 1411 2812 1481 majus
2829 1409 3034 1466 Leonis
3058 1410 3220 1480 Papa;
3236 1409 3311 1464 III
3330 1407 3735 1464 testimonium

2078 1482 2140 1550 in
2174 1500 2471 1570 praecitata
2501 1499 2820 1555 Collatione
2850 1516 2984 1555 cum
3015 1498 3216 1570 legatis
3253 1497 3461 1553 concili
3527 1496 3737 1569 Aquis-

2078 1587 2404 1655 granensis.
2439 1588 2585 1643 Nam
2617 1605 2751 1642 cum
2784 1605 3021 1643 sumum
3049 1588 3384 1658 pontiﬁcem
3451 1588 3727 1656 urgerent

2075 1665 2346 1746 1egati,ut
2375 1675 2688 1732 Gallicanis
2717 1677 2979 1732 ecclesiis
3009 1676 3373 1748 permitteret
3403 1673 3737 1746 symbolum

2080 1764 2388 1820 decantare
2426 1782 2558 1820 cum
2617 1766 2933 1834 additione,
2993 1781 3119 1837 quae
3178 1764 3533 1819 mentionem
3595 1761 3736 1819 facit

2075 1855 2438 1925 processiouis
2494 1855 2735 1927 Spiritus
2786 1857 2966 1910 sancti
3038 1872 3071 1909 a
3129 1855 3272 1909 Filio
3332 1851 3573 1924 perinde
3603 1867 3734 1907 aca

311 1940 486 2043 tando
515 1941 924 2043 frequentare,
958 1943 1059 2015 qui
1087 1943 1402 2015 aliquando
1453 1941 1573 1996 ulla
1620 1940 1825 1996 haeresi
1874 1958 1970 2012 po-
2003 1978 2053 2043 Β
2081 1943 2269 2043 l’atre,
2331 1943 2635 2043 respondit
2689 1943 3148 2043 pontifex,“sat-is
3195 1957 3306 2043 esse
3349 1939 3493 2043 illud
3524 1940 3736 2043 decan-

309 2035 550 2085 tuerunt
575 2030 890 2086 maculari.
925 2055 954 2081 ››

383 2119 547 2175 Hanc
577 2120 917 2176 deseruisse
945 2120 1176 2177 videtur
1201 2121 1290 2175 vir
1345 2120 1722 2176 doctissimus
1745 2120 1974 2192 opinio-

317 2225 439 2264 nem
474 2209 537 2263 in
573 2209 1016 2264 Commentario
1049 2209 1106 2265 in
1141 2210 1395 2266 Ordinem
1426 2211 1744 2278 Romanum,
1763 2209 1964 2280 capites

316 2299 364 2362 5,
384 2297 734 2363 nnm.3,ubi
765 2297 882 2352 ait:
921 2298 1115 2352 Verum
1144 2299 1300 2367 longe
1328 2301 1462 2354 ante
1500 2299 1557 2352 id
1587 2302 1796 2369 tempus
1809 2301 1971 2368 Sym-

321 2387 486 2440 bolum
523 2389 588 2441 in
659 2387 837 2440 missa
874 2388 1184 2458 pontiﬁcali
1236 2388 1520 2443 decantari
1570 2403 1690 2441 mos
1742 2395 1881 2452 erat,
1913 2389 1974 2440 ut

326 2477 479 2542 ﬁdem
520 2474 677 2546 facit
738 2475 958 2530 libellus
1010 2475 1275 2531 secundus
1322 2476 1388 2530 de
1445 2475 1646 2532 Ordine
1709 2478 1970 2532 Romano.

324 2564 470 2619 Hunc
504 2563 800 2620 Ordinem.
836 2563 1097 2635 aliosque
1136 2564 1284 2620 intra
1343 2565 1414 2619 ad
1472 2581 1712 2620 examen
1742 2565 1971 2620 vocabi-

323 2669 458 2707 mus.
510 2653 579 2708 In
634 2653 792 2708 hanc
859 2653 1209 2708 sententiam
1257 2658 1414 2708 totus
1472 2654 1594 2708 abit
1624 2655 1970 2709 Edmundus

319 2741 598 2798 Martene.
629 2742 714 2798 De
746 2745 989 2812 antiquis
1015 2742 1260 2798 Ecclesiae
1287 2743 1503 2798 ritibus.
1561 2742 1662 2798 lib.
1713 2761 1754 2810 1,
1785 2744 1972 2815 capite

315 2831 362 2894 4,
393 2838 500 2886 art.
540 2832 600 2896 3,
640 2846 810 2885 num.
848 2832 932 2898 11,
966 2836 1022 2886 et
1077 2831 1137 2886 in
1219 2831 1565 2887 Praefatione
1622 2832 1690 2886 ad
1743 2837 1970 2887 tomum

316 2919 383 2974 IV
411 2926 466 2974 et
497 2919 546 2970 ν
582 2918 980 2990 Amplissimte
1012 2919 1399 2976 Collectiouis.
1435 2919 1654 2976 Illustri
1687 2921 1971 2977 monacho

316 3010 652 3063 consentire
704 3008 915 3063 maluit
963 3009 1306 3064 Franciscus
1344 3010 1654 3082 Pagius,in
1686 3013 1972 3066 Breviario

319 3099 694 3154 Romanorum
718 3097 1066 3169 pontiﬁcum,
1096 3103 1252 3153 tomo
1285 3100 1355 3169 II,
1386 3098 1446 3153 in
1473 3099 1784 3154 Benedicto
1822 3100 1970 3164 VIII,

319 3205 480 3243 num.
517 3190 576 3251 8,
639 3203 818 3258 quam
874 3186 1108 3242 Antonii
1161 3187 1317 3259 Pagii
1374 3188 1563 3260 patrui
1624 3191 1972 3246 sententiam

321 3277 504 3348 sequi.
528 3276 660 3331 Non
683 3276 952 3330 eamdem
981 3279 1177 3331 tamen
1207 3275 1360 3331 viam
1391 3277 1972 3348 perguntilli.Berno-

2083 2035 2207 2086 tare
2236 2031 2500 2103 quomodo
2558 2034 2619 2088 in
2684 2031 2998 2104 hujusmodi
3063 2029 3422 2100 decantando,
3484 2034 3540 2084 et
3592 2029 3732 2084 cele-

2087 2120 2292 2176 brando
2333 2124 2693 2177 sacrosanctis
2747 2123 3028 2193 mysteriis
3084 2125 3276 2175 sancta
3326 2120 3571 2175 Romana
3598 2123 3740 2174 tenet

2083 2210 2340 2265 Ecclesia.
2401 2209 2504 2264 His
2555 2211 2704 2266 addo
2757 2209 3003 2266 Joannis
3059 2210 3220 2280 Papae
3265 2207 3391 2262 VIII
3422 2206 3544 2279 (qui
3583 2222 3736 2263 anno

2081 2299 2187 2352 872
2216 2299 2285 2354 ad
2319 2315 2618 2353 summum
2649 2300 3050 2371 pontiﬁcatum
3085 2302 3315 2354 evectus
3358 2297 3468 2364 est)
3539 2298 3737 2350 lucto-

2082 2388 2313 2443 ritatem
2344 2387 2403 2442 in
2436 2387 2681 2460 epistola
2715 2391 2842 2456 247,
2904 2389 2975 2444 ad
3033 2385 3584 2460 Spheutopulerum,
3639 2401 3734 2440 co-

2082 2476 2284 2532 mitem
2314 2477 2596 2543 Moraviaa,
2631 2477 2729 2532 ubi
2764 2477 2884 2533 hac
2914 2477 3131 2532 habet:
3185 2475 3523 2531 Met/mdium
3571 2488 3730 2528 vene-

2079 2565 2200 2632 rab,
2227 2565 2697 2636 archiepiscopum
2733 2573 2971 2621 vestram
3029 2565 3517 2634 interrogavimus,
3547 2577 3734 2618 coram

2071 2655 2270 2725 positis
2312 2654 2586 2723 fratribus
2635 2657 2836 2709 nostris
2888 2655 3171 2726 episcopis,
3218 2656 3270 2708 si
3326 2652 3564 2708 orthoxae
3593 2650 3728 2721 ﬁdei

2079 2743 2395 2814 Symbolum
2448 2746 2528 2798 ita
2572 2743 2833 2810 crederet,
2882 2752 2934 2798 et
2989 2746 3136 2798 inter
3206 2758 3364 2798 sacra
3435 2743 3732 2796 missarum

2076 2832 2342 2887 solemnia
2398 2837 2634 2902 caneret,
2691 2834 2858 2887 sicuti
2907 2836 3152 2887 sanctam
3207 2834 3510 2888 Romanam
3554 2830 3734 2885 Eccle-

2077 2921 2220 2975 siam
2248 2929 2446 2988 tenere,
2479 2929 2530 2976 et
2561 2923 2620 2976 in
2647 2926 2850 2976 sanctis
2879 2930 2929 2976 et
2976 2921 3380 2975 universalibus
3435 2918 3665 2991 synodis
3695 2935 3732 2972 a

2079 3011 2281 3064 sanctis
2309 3011 2567 3064 Patribus
2595 3009 2892 3065 secundum
2945 3009 3315 3079 evangelicum
3372 3007 3578 3062 Christi
3630 3007 3730 3062 Dei

2079 3099 2252 3152 nostri
2325 3103 2704 3154 auctoritatem
2755 3100 3182 3169 promulgatum,
3247 3101 3408 3168 atque
3461 3097 3731 3150 traditum

2081 3203 2191 3242 esse
2247 3193 2478 3243 constat.
2539 3187 2637 3242 Ille
2701 3192 2898 3244 autem
2971 3189 3268 3259 professus
3325 3191 3413 3242 est
3459 3201 3520 3241 se
3560 3187 3732 3256 juxta

2083 3275 2476 3348 evangelicam
2509 3282 2565 3332 et
2594 3275 2971 3349 apostolicam
2997 3276 3342 3342 doctrinam,
3360 3273 3512 3330 sicut
3539 3281 3731 3328 sancta

317 3340 415 3420 nis
449 3364 891 3429 auctoritatem,
923 3381 1048 3435 quae
1089 3340 1412 3438 repugnare
1440 3340 1682 3434 videtur,
1717 3368 1974 3427 utelevet
2003 3340 2046 3407 C
2087 3340 2327 3420 Romdna
2375 3340 2834 3433 Ecclesia-docet,
2909 3370 2966 3421 et
3024 3383 3057 3420 a
3116 3340 3386 3420 Patribus
3441 3363 3725 3418 traditum

319 3454 723 3521 Mahillonius,
785 3454 1098 3509 existimat.
1175 3453 1429 3525 Symboli
1509 3457 1887 3513 recitationem
1943 3477 1979 3515 a
2085 3457 2193 3524 est,
2227 3457 2421 3510 tenere
2450 3459 2507 3510 et
2537 3454 2803 3526 psallere.
2834 3455 2913 3510 Ex
2940 3454 3034 3510 his
3092 3453 3364 3510 omnibus
3423 3451 3732 3508 conficitur

313 3545 518 3600 seculo
545 3559 697 3598 nono
725 3543 795 3598 ad
823 3543 1172 3598 undecimum
1219 3545 1596 3598 intermissam
1627 3562 1661 3600 a
1717 3550 1978 3602 Romanis
2085 3549 2192 3597 toto
2238 3545 2440 3599 saeculo
2496 3559 2636 3599 nono
2695 3544 3018 3616 Symbolum
3075 3544 3328 3597 inmissa
3356 3541 3500 3613 apud
3534 3542 3728 3597 Roma-

319 3634 373 3686 in
403 3633 574 3687 Missa
596 3632 790 3701 fuisse,
823 3631 1155 3702 iterumque
1179 3633 1975 3705 resumptam.Conjuncturae

323 3721 578 3777 solidam
604 3719 866 3792 aliquam
901 3720 1187 3776 rationem
1211 3737 1317 3776 nec
1339 3722 1555 3793 profert
1576 3721 1974 3794 Mabillonius,

318 3827 421 3866 nec
455 3811 603 3865 dare
630 3810 916 3880 potuisset
976 3825 1233 3881 unquam

395 3922 415 3949 ι
451 3899 574 3954 Nos
605 3913 742 3953 vero
773 3898 987 3969 (inquit
1041 3899 1296 3954 Martene
1338 3898 1464 3955 loco
1493 3899 1750 3972 primum
1780 3902 1974 3971 citato)

317 3993 372 4043 et
405 3986 700 4043 Bernonis
749 3986 1117 4042 admittimus
1173 3987 1597 4055 auctoritatem,
1653 3993 1710 4044 et
1762 3990 1974 4046 nihilo-

319 4078 524 4132 minus
583 4074 905 4130 asserimus
955 4075 1200 4146 Symboli
1256 4079 1317 4131 in
1378 4079 1550 4132 missa
1602 4081 1977 4135 recitationem

319 4167 479 4236 longe
525 4165 900 4234 antiquiorem
945 4165 1002 4218 in
1082 4166 1317 4220 Ecclesia
1398 4169 1643 4222 Romana
1719 4169 1972 4236 existere,

320 4271 502 4326 quam
539 4253 880 4308 existiment
935 4250 1021 4306 illi
1080 4258 1348 4308 auctores
1406 4254 1736 4324 (Baronius,
1801 4257 1972 4328 Bona,

319 4343 665 4407 Menardus,
698 4341 936 4412 alique).
965 4342 1112 4398 Nam
1172 4341 1362 4414 primo
1403 4341 1636 4400 illorum
1703 4346 1975 4416 praejudi-

316 4433 422 4488 ciis
454 4433 699 4488 obstant
724 4431 958 4502 antiqui
993 4429 1224 4486 Ordines
1261 4435 1519 4500 Romani,
1555 4433 1626 4488 II.
1661 4436 1708 4486 V
1767 4438 1823 4489 et
1875 4434 1972 4502 VI,

318 4537 386 4577 ex
441 4519 706 4593 vulgatis
735 4536 769 4575 a
798 4517 1135 4575 Mabillonio
1192 4521 1384 4576 Μαδδί
1411 4521 1592 4576 Italici
1620 4525 1778 4578 tomo
1805 4523 1872 4578 II.
1906 4524 1976 4578 Et

318 4627 389 4665 ne
421 4609 557 4682 quis
590 4608 854 4680 aliquam
901 4609 959 4662 in
1003 4607 1097 4664 his
1127 4608 1635 4680 interpolationem
1667 4611 1974 4683 irrepsisse

2082 3649 2186 3690 nos
2213 3633 2419 3689 dictum
2447 3635 2638 3705 fuisse.

2156 3725 2303 3790 Quid
2333 3741 2468 3796 ergo
2499 3722 2761 3778 dicemus
2809 3722 2881 3776 ad
2939 3720 3219 3776 Bernonis
3277 3719 3731 3776 testimonium?

2081 3815 2301 3872 Baculo
2331 3813 2558 3870 decimo
2588 3813 2964 3867 intermzssam
2994 3809 3188 3864 Romae
3222 3809 3374 3864 hanc
3417 3811 3732 3864 consuetu-

2084 3906 2278 3961 dinem
2312 3905 2469 3975 (cum
2516 3899 2919 3971 Mabillonio)?
2977 3900 3104 3953 Ilzec
3164 3897 3464 3970 responsio
3495 3895 3730 3952 tolerari

2086 4000 2385 4066 utcunque
2442 3993 2658 4062 posset,
2717 3989 2765 4044 si
2823 3987 3156 4044 solidiorem
3205 3987 3440 4042 aliunde
3482 4003 3598 4041 non
3628 3986 3729 4040 ha-

2083 4085 2356 4139 beremus
2403 4081 2581 4151 hujus
2641 4077 3010 4133 difficultatis
3059 4077 3429 4133 solutionem.
3483 4075 3629 4130 Nam
3681 4075 3732 4130 si

2083 4170 2368 4228 Barnonis
2396 4169 2570 4224 verba
2601 4170 2825 4222 attenta
2849 4165 3066 4220 mentis
3105 4164 3570 4221 consideratione
3601 4181 3730 4236 per-

2083 4264 2435 4324 scrutemur,
2493 4273 2609 4311 non
2663 4258 2835 4327 negat
2901 4253 3164 4310 absolute
3222 4254 3375 4324 apud
3436 4253 3730 4309 Romanos

2081 4348 2420 4420 Symbolum
2452 4347 2511 4401 in
2538 4345 2720 4401 missa
2749 4343 2970 4400 dictum
3002 4345 3204 4407 fuisse,
3237 4344 3337 4398 sed
3380 4342 3728 4398 decantatum

2083 4437 2222 4508 quia
2251 4452 2450 4491 revera
2479 4434 2726 4490 solemni
2775 4432 3190 4496 modulatione,
3251 4438 3314 4487 ut
3355 4432 3414 4485 in
3465 4431 3596 4486 aliis
3627 4433 3730 4486 Ec-

2082 4525 2297 4591 clesiis,
2354 4541 2467 4578 non
2523 4523 2885 4591 cantabatur,
2944 4523 3043 4577 sed
3103 4521 3294 4576 solum
3353 4521 3724 4577 recitabatur.

2081 4615 2269 4684 Hujus
2327 4612 2726 4685 responsionis
2768 4615 2976 4666 testem
3011 4611 3236 4682 profero
3269 4609 3516 4665 Leonem
3549 4609 3639 4675 IIl,
3666 4610 3725 4664 in

317 4699 682 4771 suspicetur,
715 4713 950 4752 omnem
973 4696 1370 4768 suspicionem
1403 4703 1661 4755 removet
1697 4699 1976 4754 Amalarii
2006 4705 2053 4769 D
2085 4702 2381 4772 praecitata
2427 4701 2745 4757 Collatione
2802 4715 2933 4754 cum
2992 4699 3196 4768 legatis
3256 4698 3460 4753 concili
3518 4699 3728 4769 Aquis-

318 4787 553 4844 abbatis
609 4785 824 4859 Ecloga
880 4786 938 4840 in
972 4786 1232 4842 Ordinem
1260 4789 1594 4855 Romanum,
1618 4789 1776 4844 edita
1812 4807 1846 4844 a
1867 4790 1976 4844 Ba-

319 4876 469 4931 luzio
483 4876 543 4931 in
559 4874 895 4947 Appendice
907 4875 978 4930 ad
993 4875 1129 4946 Capi
1140 4873 1349 4930 tularia
1362 4892 1608 4949 regnum
1624 4879 1976 4933 Francorum

319 4966 518 5038 inqua
559 4965 681 5035 agit
738 4964 810 5019 de
855 4963 1126 5034 Symbolo.
1164 4986 1192 5013 »
1250 4966 1314 5020 In
1376 4966 1577 5021 Ordine
1637 4967 1874 5022 Romano
1903 4965 1975 5034 ΙΙ,

317 5054 438 5110 hac
479 5054 777 5110 habentur
822 5053 1020 5118 verba,
1082 5069 1212 5125 pag.
1273 5054 1378 5108 46:
1436 5056 1562 5110 Post
1617 5058 1976 5124 Evangelium

315 5143 564 5199 candela:
594 5145 656 5198 in
691 5142 804 5196 loco
829 5157 928 5196 suo
957 5141 1389 5213 exstinguuntur
1408 5161 1426 5198 :
1456 5152 1508 5199 et
1558 5145 1627 5199 ab
1683 5147 1969 5217 Episcopo.

313 5231 481 5289 Credo
549 5232 611 5287 in
667 5247 844 5287 unum
899 5231 1092 5297 Deum,
1149 5238 1433 5288 cantatur.
1497 5235 1556 5288 In
1616 5233 1849 5290 Ordine.
1900 5235 1968 5288 V.

310 5339 442 5394 pag.
504 5323 615 5376 66:
677 5321 924 5390 Perfecto
974 5321 1294 5392 Evnngelw,
1345 5321 1492 5376 dicat
1520 5324 1796 5394 episcopus
1853 5328 1972 5379 Pax

311 5411 449 5466 tibi:
479 5419 535 5467 et
581 5411 808 5471 elevat;
861 5408 1031 5464 Credo
1089 5411 1151 5464 in
1206 5427 1382 5465 unum
1438 5415 1631 5466 Deum.
1667 5413 1727 5466 In
1757 5413 1970 5470 Ordine

307 5499 400 5568 Vl,
457 5515 595 5574 pag.
624 5499 738 5553 75:
800 5497 927 5552 Alta
982 5513 1107 5553 voce
1156 5500 1390 5570 incipiat
1445 5515 1660 5565 canere,
1704 5501 1870 5557 Credo
1909 5504 1967 5556 in

309 5607 476 5644 unum
505 5590 702 5651 Deum,
752 5585 1178 5658 Antiquitatem
1239 5587 1470 5644 secundi
1528 5587 1748 5644 Ordinis
1804 5591 1968 5646 colli-

310 5681 496 5751 gimus
527 5696 599 5735 ex
631 5673 941 5731 Amalario
971 5673 1234 5742 Metensi,
1265 5676 1403 5732 noni
1435 5675 1633 5732 saeculi
1685 5677 1968 5750 scriptore

310 5771 401 5841 qui
430 5769 744 5826 laudatam
778 5764 840 5819 in
875 5763 1149 5821 eumdem
1179 5764 1455 5822 Ordinem
1514 5765 1752 5838 scripsit
1799 5767 1964 5841 Eglo-

2083 4791 2392 4862 granensis
2425 4808 2437 4844 :
2473 4790 2624 4858 Quod
2680 4805 2803 4844 vero
2859 4787 3074 4858 (inquit
3129 4787 3426 4859 pontifex),
3485 4788 3729 4842 asseritis

2087 4880 2210 4936 ideo
2265 4896 2352 4935 vos
2397 4881 2479 4934 ita
2523 4885 2748 4934 cantare
2794 4876 3131 4947 Symbolum.
3199 4879 3461 4948 quoniam
3491 4877 3630 4933 alios
3667 4879 3726 4931 in

2085 4971 2204 5024 istis
2249 4969 2498 5040 partibus
2554 4968 2702 5022 vobis
2746 4968 2957 5037 priores
3003 4966 3233 5021 audistis
3273 4970 3541 5031 cantasse,
3597 4966 3731 5038 quid

2084 5057 2154 5112 ad
2179 5074 2282 5112 nos
2301 5058 2329 5112 ‘2
2356 5060 2468 5112 Nos
2495 5058 2646 5112 enim
2671 5055 2728 5110 id
2758 5057 2941 5126 ipsum
2991 5071 3102 5110 non
3146 5068 3452 5127 cantamus,
3510 5055 3601 5110 sed
3657 5056 3730 5112 le-

2081 5147 2300 5216 gimus:
2339 5153 2390 5200 et
2437 5143 2660 5213 legendo
2705 5143 2910 5210 docere,
2963 5158 3062 5198 nec
3117 5149 3298 5197 tamen
3353 5142 3578 5212 legendo
3631 5150 3728 5197 ant

2079 5235 2313 5292 docendo
2332 5234 2548 5301 addere,
2580 5233 2864 5306 quidpiam
2902 5234 3082 5288 eidem
3126 5231 3383 5305 Symbolo
3438 5231 3729 5290 inserendo

2076 5326 2469 5396 praesuminus.
3686 5336 3701 5350 ·

2151 5415 2306 5469 193
2327 5412 2452 5468 Non
2484 5411 2628 5467 adeo
2659 5409 2990 5467 charissimi
3021 5411 3129 5467 viri
3164 5410 3311 5466 mihi
3368 5410 3608 5466 robusta
3635 5409 3725 5466 vi-

2079 5503 2291 5558 dentur
2318 5503 2679 5572 argumenta,
2713 5503 2779 5553 ut
2807 5516 2910 5571 pro
2937 5501 3190 5555 solidiori
3219 5500 3419 5556 haberi
3477 5501 3728 5556 debeant

2076 5590 2395 5648 testimonii
2427 5606 2496 5645 ex
2527 5591 2775 5645 Bernone
2806 5589 3100 5662 desumpti
3129 5591 3417 5646 solutione.
3464 5589 3724 5645 Verbum

2075 5682 2428 5751 cantari,quo
2460 5678 2615 5734 idem
2646 5677 2832 5734 utitur
2862 5679 3066 5748 Berno,
3089 5680 3213 5751 ipse
3234 5680 3491 5734 Martene
3513 5679 3726 5734 fatetur

2075 5769 2201 5826 loco
2231 5768 2424 5838 citato,
2458 5767 2613 5840 apud
2653 5765 2966 5838 plerosque
2998 5773 3263 5823 auctores
3309 5783 3434 5838 pro,
3465 5769 3721 5836 recitari,
