4118 6438
415 396 524 460 191

1425 413 1741 476 GEORGII
1785 415 2052 478 CYPRII
2095 415 2214 481 ΟΡ.
2263 421 2791 485 PATRIARCHE

3689 430 3803 494 192

412 554 693 624 usurpari.
725 559 866 610 Cum
895 555 1074 629 igitur
1103 566 1296 617 narret
1324 561 1439 628 me,
1472 565 1543 620 ad
1587 583 1755 638 usque
1802 578 2049 639 ιεγηρονα
2081 554 2131 618 Α
2164 557 2296 609 tur:
2329 557 2586 627 adeoque
2616 573 2683 610 ex
2715 556 2917 612 Leonis
2947 557 3189 614 consilio
3219 559 3476 632 Symboli
3516 562 3636 618 sive
3672 580 3806 620 can-

411 642 639 697 Ilenrici
686 646 862 714 primi
913 646 1226 717 Symbolum
1281 668 1389 706 non
1445 656 1702 709 cecinisse
1765 659 2050 723 Romanos,

412 732 602 801 potuit
633 733 833 804 utique
863 735 1102 791 inﬁciari
1130 738 1457 812 simplicem
1499 745 1758 813 ejusdem
1792 746 2052 818 Symboli

411 821 565 891 apud
597 837 694 876 eos
725 823 1140 880 recitationem.
1195 829 1354 884 Hanc
1407 833 1636 902 negavit
1696 835 1820 890 sine
1851 835 2049 902 dubio,

414 913 477 961 ut
510 909 780 965 Romana
811 916 1252 972 consuetudinis
1279 919 1423 975 ratio
1481 922 1711 992 evincit,
1744 941 1918 995 quam
1952 926 2052 979 ad-

411 998 611 1053 ducit:
688 1001 943 1057 Videlicet
998 1006 1139 1074 quod
1191 1010 1435 1064 Romana
1471 1014 1730 1080 Ecclesia,
1759 1013 2052 1084 inquiens,

411 1102 521 1140 non
548 1089 740 1156 fuisset
770 1092 1068 1161 aliquando
1098 1097 1217 1150 ulla
1250 1097 1508 1155 ha‘reseos
1538 1105 1652 1170 [cce
1708 1104 1930 1172 infecta,
1963 1102 2056 1157 sed

409 1177 708 1232 secundum
737 1183 912 1235 sancti
967 1185 1117 1237 Petri
1179 1186 1484 1242 doctrinam
1534 1193 1590 1244 in
1635 1192 1905 1246 catholica
1951 1191 2057 1261 ﬁde

408 1272 756 1333 permaneret
787 1270 1105 1326 inconcussa
1126 1292 1143 1326 :
1171 1282 1223 1329 et
1250 1276 1369 1331 ideo
1382 1282 1564 1350 magis
1588 1282 1671 1334 his
1686 1283 2057 1336 necessarium

408 1362 544 1408 esset
577 1354 722 1409 illud
752 1358 1070 1428 Symbolum
1116 1366 1314 1433 sapius
1368 1367 1634 1421 cantando
1686 1371 2053 1439 frequentare,

410 1444 507 1514 qui
535 1445 833 1514 aliquando
863 1449 982 1503 ulla
1024 1450 1225 1506 ha’resi
1264 1462 1554 1523 potuerunt
1611 1459 1893 1513 maculari
1942 1466 2056 1512 Aut

414 1537 778 1588 momentum
808 1535 962 1591 inest
1020 1539 1243 1595 nullum
1303 1545 1587 1613 pradicta
1649 1547 1891 1602 rationi:
1955 1553 2056 1602 aut

412 1619 512 1674 illa
540 1626 693 1676 certe
741 1641 903 1694 aque
952 1626 1277 1700 simplicem
1329 1633 1582 1704 Symboli
1652 1637 2051 1692 recitationem

413 1711 619 1781 rejicit,
653 1716 830 1783 atque
860 1729 992 1768 cum
1027 1723 1200 1772 cantu
1230 1725 1286 1774 et
1342 1723 1754 1780 modulatione.
1799 1727 2050 1781 Verbum

410 1799 586 1864 idem,
614 1805 858 1869 cantare,
888 1806 1042 1876 apud
1093 1808 1511 1866 ecclesiasticos
1558 1813 1737 1884 hujus
1767 1815 1866 1868 avi
1910 1816 2052 1870 scri-

2162 653 2294 710 tum,
2328 645 2448 699 sive
2504 647 2872 701 recitationem
2932 649 3292 718 pratermitti
3351 651 3409 706 in
3468 652 3650 708 Missa
3705 655 3806 710 de-

2161 733 2380 788 buisse.

2234 826 2540 897 Negotium
2566 828 2794 885 nullum
2831 832 3146 899 facessunt,
3169 847 3294 902 qua
3326 836 3386 886 tu
3420 833 3596 889 verba
3625 852 3807 908 oppo-

2164 914 2274 968 nis.
2337 911 2413 970 Ea
2461 922 2633 974 sunt:
2698 919 2845 986 Quod
2899 936 3023 974 vero
3069 923 3316 976 asseritis
3375 921 3491 976 ideo
3566 940 3656 978 vos
3702 927 3806 979 ista

2161 1014 2404 1068 cantare,
2435 1008 2693 1075 quoniam
2729 1010 2870 1064 alios
2897 1010 2956 1064 in
2997 1011 3116 1064 istis
3161 1011 3432 1080 partibus,
3462 1012 3611 1066 vobis
3651 1016 3807 1084 prio-

2162 1110 2265 1159 res,
2297 1095 2541 1148 audistis
2569 1098 2831 1166 cantasse,
2860 1097 2991 1167 qnid
3047 1097 3126 1152 ad
3179 1114 3279 1153 nos
3299 1102 3324 1150 .9
3377 1100 3480 1154 Nos
3537 1103 3689 1155 enim
3721 1101 3805 1156 id-

2162 1184 2348 1250 ipsum
2377 1199 2482 1237 non
2506 1187 2810 1253 cantamus,
2858 1186 2949 1240 sed
2993 1187 3240 1257 legimus,
3298 1190 3371 1243 Et
3429 1189 3653 1256 legendo
3719 1190 3809 1246 do-

2162 1288 2302 1341 cere,
2334 1289 2431 1326 nec
2451 1277 2632 1329 tamen
2683 1275 2901 1344 legendo
2953 1285 3048 1330 aut
3088 1276 3318 1332 docendo
3369 1277 3585 1348 addere,
3644 1282 3808 1351 quid-

2160 1362 2310 1432 piam
2342 1364 2514 1414 eidem
2559 1359 2818 1431 Symbolo
2869 1363 3179 1430 inserendo,
3227 1368 3614 1435 prasuminus.
3671 1368 3812 1438 Agi-

2163 1453 2260 1502 tur
2288 1449 2396 1503 hoc
2427 1449 2549 1504 loco
2581 1451 2651 1505 de
2691 1451 3083 1520 Additamento,
3133 1454 3288 1524 quod
3344 1470 3478 1510 cum
3535 1456 3805 1527 Symbolo

2165 1539 2315 1592 inter
2347 1538 2657 1594 Missarum
2683 1540 3264 1597 solemniacanebant
3285 1543 3586 1599 Gallicana
3614 1544 3808 1600 Eccle-

2163 1627 2282 1696 sia,
2315 1632 2371 1681 et
2399 1633 2720 1698 Germana,
2756 1646 2820 1683 ac
2855 1629 3061 1684 Italica
3089 1630 3146 1685 in
3206 1648 3382 1702 regno
3438 1632 3643 1687 Caroli.
3705 1633 3810 1689 Ro-

2164 1733 2270 1771 ma
2304 1717 2540 1786 idipsum
2569 1718 3057 1788 (additamentum
3107 1719 3353 1792 scilicet)
3406 1737 3517 1777 non
3570 1725 3805 1789 cantari,

2161 1807 2259 1860 sed
2288 1807 2396 1874 legi
2428 1811 2678 1862 testatur
2707 1808 2833 1864 Leo.
2868 1808 2997 1863 Hac
3023 1809 3205 1881 igitur
3233 1809 3283 1865 si
3334 1810 3506 1866 lectio
3562 1811 3808 1885 intelligi

413 1893 607 1960 ptores
637 1891 818 1961 accipi
851 1909 962 1946 non
997 1911 1124 1950 raro
1156 1914 1256 1966 pro
1285 1901 1533 1972 simplici
1569 1905 1892 1959 recitatione
1947 1905 2047 1958 do-
2078 1923 2126 1987 B
2160 1894 2366 1987 96138“
2422 1896 2678 1968 SYmbOIi
2735 1897 2793 1952 in
2839 1897 3116 1969 Liturgia.
3155 1899 3280 1969 jam
3312 1899 3541 1954 admitti
3573 1917 3809 1957 necesse

413 1982 503 2032 cet
531 1977 703 2032 etiam
745 1980 1138 2053 Mabillonius,
1171 1971 1505 2056 praefatione
1560 1992 1630 2045 ad
1691 1992 1967 2047 saeculum
2003 1992 2051 2046 II
2078 1971 2125 1987 υ
2157 1971 2328 2048 foret.
2364 1984 2556 2040 Romae
2595 1986 2935 2057 Symbolum
2974 1985 3034 2041 in
3094 1988 3275 2043 missa
3330 1987 3543 2044 lectum
3605 1990 3807 2044 recita-

413 2067 646 2122 Ordinis
676 2068 869 2123 Sancti
902 2072 1190 2128 Benedicti
1249 2094 1410 2131 num.
1469 2080 1559 2148 36,
1623 2081 1718 2135 ubi
1775 2082 2052 2136 adnotat:

412 2158 627 2212 Missam
655 2162 881 2214 cantare
910 2177 1024 2215 non
1065 2179 1192 2218 esse
1224 2166 1520 2221 modulata
1549 2185 1684 2224 voce
1714 2171 1896 2226 sacris
1925 2188 2056 2242 ope-

415 2248 551 2314 rari,
586 2247 683 2300 sed
714 2249 960 2318 recitare,
1009 2251 1290 2308 Eumdem
1352 2257 1592 2312 consule
1650 2259 1708 2312 in
1769 2259 2052 2330 Disquisi-

413 2334 568 2389 tione
590 2336 660 2389 de
689 2353 862 2391 cursu
897 2337 1276 2412 Gallicano,et
1303 2344 1669 2417 Ducangium
1703 2350 1872 2404 verbo
1913 2350 2052 2403 Can-

411 2426 549 2488 tare,
580 2429 636 2479 et
665 2427 980 2482 Decantare.

486 2512 636 2579 Tibi,
669 2519 900 2587 tuaque
929 2517 1203 2574 solutioni
1234 2520 1423 2578 favere
1474 2524 1722 2580 Leonem
1765 2526 1838 2580 Ill
1892 2543 2055 2598 repo-

412 2601 504 2656 nis
535 2601 594 2656 in
627 2601 942 2660 Collatione
973 2623 1105 2662 cum
1146 2608 1350 2680 legatis
1374 2613 1600 2667 concilii
1623 2615 2054 2687 Aquisgranen-

415 2689 496 2744 sis
529 2691 746 2747 habita.
785 2696 902 2749 lmo
933 2701 1095 2751 tuum
1127 2698 1292 2753 elidit
1321 2701 1674 2772 solutionem,
1726 2721 1901 2775 quam
1959 2721 2056 2759 vo-

417 2795 534 2846 cas,
570 2796 841 2837 summus
873 2785 1127 2854 pontifex
1156 2788 1212 2840 in
1245 2789 1511 2844 eamdem
1544 2790 1880 2848 Collatione.
1914 2793 2057 2847 Mul-

415 2873 533 2922 tam
568 2876 701 2941 post
730 2871 1156 2929 discussionem
1197 2876 1539 2948 inquiebant
1594 2879 1802 2951 legati:
1860 2883 2056 2936 Subla-

412 2959 488 3012 tis
516 2960 601 3014 his
630 2976 751 3029 qua
800 2962 980 3032 vultis,
1042 2964 1239 3020 bonum
1293 2971 1371 3021 est
1425 2973 1488 3023 ut
1544 2969 1688 3023 idem
1736 2971 2057 3042 Symbolum

415 3057 690 3114 cantetur,
751 3050 980 3106 sublato
1042 3053 1261 3109 scilicet
1318 3057 1750 3114 Additamento.
1813 3061 2058 3131 Reponit

418 3139 574 3206 Leo;
624 3142 836 3194 Bonum
883 3158 1056 3197 sane:
1110 3144 1250 3215 quod
1301 3150 1490 3200 tamen
1544 3164 1656 3203 non
1712 3149 2052 3220 imperando.

415 3228 508 3283 sed
536 3233 598 3283 ut
637 3232 792 3300 prius
843 3232 1212 3300 permittendo
1268 3233 1516 3289 dicimus.
1576 3236 1703 3290 Hac
1751 3237 1871 3291 ulla
1929 3238 2055 3292 sine

418 3319 663 3389 ambage
687 3319 1039 3391 signiﬁcant,
1071 3321 1264 3376 Roma
1309 3324 1570 3379 nondum
1619 3325 1846 3381 recitari
1893 3330 2057 3399 Sym-

418 3405 638 3476 bolum,
671 3409 847 3463 etiam
883 3409 1009 3464 sine
1081 3411 1502 3479 additamenta,
1555 3415 1963 3470 consuevisse:
2000 3415 2056 3469 id

415 3511 551 3550 vero
607 3495 920 3551 Gallicanis
972 3497 1231 3554 ecclesiis
1290 3501 1661 3572 permissum.
1721 3506 1833 3558 Cur
1902 3503 2057 3558 enim

417 3583 780 3657 Symbolum,
817 3585 863 3640 si
899 3587 1012 3641 Deo
1045 3589 1300 3659 pontifex
1339 3591 1531 3662 ipsum
1581 3591 1818 3663 legisset
1874 3593 1932 3647 in
1966 3592 2058 3647 Li-

417 3674 628 3744 turgia,
660 3677 791 3729 cani
819 3674 1007 3731 solum
1035 3680 1356 3746 permiserit
1381 3679 1696 3736 Gallicanis
1753 3682 2016 3737 ecclesiis
2038 3685 2062 3734 .9

419 3762 583 3818 Ratio
616 3762 802 3818 solida
832 3770 1071 3836 apparet
1107 3765 1286 3822 nulla.
1333 3769 1586 3840 Pergunt
1618 3771 1852 3842 Legati:
1914 3770 2061 3838 Quia

418 3868 562 3919 vero,
595 3856 654 3906 ut
673 3853 876 3921 dicitis,
911 3853 1106 3909 bonum
1121 3861 1200 3910 est
1225 3865 1450 3913 cantare
1489 3859 1543 3913 id
1598 3861 1776 3930 ipsum
1831 3859 2062 3931 Symbo-

420 3941 555 4006 lum,
607 3942 857 4012 nunquid
911 3944 962 3996 si
1019 3960 1194 3998 sermo
1251 3945 1555 4018 (Filioque)
1608 3948 1861 4014 tollatur,
1923 3949 2064 4003 idem

419 4045 597 4085 sermo
627 4032 694 4085 ab
724 4032 975 4086 omnibus
1005 4049 1068 4086 ac
1094 4034 1145 4087 si
1173 4043 1362 4088 contra
1391 4035 1550 4104 ﬁdem
1605 4039 1694 4102 sit,
1735 4037 2062 4092 condemna-

423 4107 620 4174 bitur‘?
649 4121 810 4190 quale
837 4136 961 4191 ergo
985 4120 1142 4175 dabis
1171 4125 1465 4179 consilium
1485 4124 1512 4178 ?
1567 4125 1802 4180 Modum
1851 4141 2062 4198 expen-

421 4208 511 4274 de,
547 4225 721 4279 quem
756 4209 1017 4281 suggerit
1046 4210 1320 4282 pontifex,
1357 4219 1416 4266 ut
1447 4213 1572 4268 sine
1603 4212 1724 4268 ulla
1749 4214 2064 4270 offensione

421 4296 854 4352 additamentum
915 4299 986 4353 de
1034 4298 1307 4370 Symbolo
1381 4300 1634 4356 tollatur.
1693 4302 1801 4358 Dat
1857 4320 2066 4375 nempe

423 4386 753 4452 consilium,
788 4391 851 4441 ut
882 4387 1380 4460 Symbolijcantus
1408 4388 1468 4444 in
1501 4390 1683 4445 missa
1741 4392 2062 4460 omittatur,

422 4478 680 4547 primum
710 4477 768 4530 in
802 4475 1042 4548 Palatio,
1074 4477 1283 4532 deinde
1330 4478 1610 4550 paulatim
1669 4479 1798 4535 aliis
1855 4481 1915 4535 in
1973 4499 2064 4536 ec-

423 4567 638 4623 clesiis.
694 4569 964 4639 Expende
1010 4569 1223 4624 verba:
1279 4571 1365 4623 Ita
1440 4569 1582 4623 mihi
1651 4569 1868 4623 videtur
1916 4585 2068 4640 posse

2159 2075 2403 2143 tumque
2435 2074 2616 2129 fuisse
2645 2091 2780 2131 cum
2811 2075 3200 2135 additamenta.
3230 2075 3379 2132 Illud
3438 2078 3594 2132 enim
3654 2078 3806 2150 lege-

2162 2162 2334 2216 batur
2365 2162 2579 2230 Roma,
2641 2168 2704 2218 ut
2751 2164 2836 2218 ais
2863 2165 3018 2236 quod
3074 2165 3212 2220 alibi
3271 2167 3648 2234 cantabatur;
3705 2167 3804 2221 sed

2164 2249 2298 2304 alibi
2332 2254 2649 2307 cauebatur
2667 2253 3105 2308 additamentum
3137 2271 3268 2309 eum
3301 2255 3597 2326 Symbolo,
3631 2255 3809 2326 igitur

2163 2339 2404 2410 idipsum
2461 2341 2653 2396 Roma
2711 2341 3032 2414 legebatur,
3132 2343 3285 2414 quod
3375 2343 3580 2398 Leonis
3638 2341 3809 2398 dictis

2168 2428 2227 2484 in
2261 2429 2586 2485 Collatione
2617 2431 2856 2486 omnino
2889 2436 3197 2503 repugnat.

2236 2519 2539 2574 Genuinus
2569 2520 2877 2575 verborum
2927 2536 3138 2576 sensus
3169 2525 3292 2576 est:
3353 2538 3540 2593 neque
3585 2521 3810 2591 Symbo-

2167 2609 2299 2675 lum,
2336 2625 2522 2679 neque
2563 2608 3001 2664 additamentum
3042 2626 3175 2664 cum
3232 2609 3504 2682 Symbolo
3563 2611 3808 2679 cantari,

2165 2703 2267 2752 aut
2295 2698 2524 2770 publice
2573 2697 2685 2770 legi
2738 2697 2890 2752 inter
2918 2697 3232 2753 Missarum
3283 2698 3568 2754 solemnia
3615 2699 3808 2754 Roma

2165 2785 2575 2840 consuevisse:
2650 2784 2793 2839 illud
2859 2790 3116 2840 attamen
3198 2786 3649 2857 additamentum,
3705 2804 3810 2842 seu

2165 2875 2489 2929 doctrinam
2544 2873 2609 2929 de
2662 2876 3002 2944 processione
3056 2893 3090 2930 a
3121 2877 3285 2930 Patre
3312 2879 3364 2931 et
3391 2892 3433 2930 a
3477 2877 3640 2945 Filio,
3672 2874 3807 2947 legi,

2165 2969 2221 3019 et
2251 2964 2465 3027 doceri,
2514 2979 2579 3017 ac
2628 2962 2776 3017 tradi
2833 2962 3102 3019 ﬁdelibus
3157 2969 3321 3018 extra
3379 2963 3716 3036 Symbolum
3749 2965 3808 3019 in

2165 3052 2420 3124 scriptis,
2481 3051 2540 3105 in
2601 3050 3025 3118 catecbesibus,
3085 3052 3144 3106 in
3201 3051 3598 3108 concionibus.
3643 3057 3810 3108 Hunc

2164 3159 2406 3197 sensum
2437 3140 2687 3196 efferunt
2712 3140 2906 3204 verba,
2939 3157 3066 3211 qua
3103 3146 3465 3212 sequuntur:
3500 3143 3564 3196 Et
3591 3141 3812 3211 legendo

2167 3231 2381 3299 docere,
2441 3246 2540 3283 nec
2595 3237 2777 3283 tamen
2831 3228 3070 3299 legendo,
3148 3231 3244 3283 aut
3311 3229 3554 3285 docendo
3621 3230 3816 3286 addere

2171 3319 2453 3391 quidpiam
2509 3317 2687 3372 eidem
2728 3317 2980 3388 Symbolo
3056 3317 3362 3388 inserendo,
3413 3321 3814 3389 prasaminus,

2166 3413 2414 3464 Sensum
2445 3407 2813 3475 conﬁrmant,
2847 3422 2977 3477 qua
3007 3406 3224 3462 ibidem
3247 3406 3358 3463 alia
3387 3408 3652 3462 Pontifex
3707 3408 3812 3462 ad-

2167 3498 2253 3552 dit
2281 3497 2490 3552 verba:
2553 3497 2687 3564 Quae
2743 3511 2865 3550 vero
2901 3495 3182 3566 praedictis
3260 3496 3522 3567 Symboli,
3583 3495 3813 3552 Nicano

2167 3590 2223 3642 et
2251 3584 2913 3656 Constantinopolitano,
2955 3586 3138 3640 deesse
3167 3588 3565 3656 cognoscimus,
3595 3601 3726 3652 non,
3759 3588 3818 3639 ut

2167 3675 2374 3730 dictum
2403 3679 2500 3740 est,
2549 3675 2787 3730 inserere
2827 3675 3223 3745 praesuminus,
3289 3673 3383 3728 sed
3437 3675 3566 3729 locis
3617 3682 3818 3745 tempo-

2168 3765 2424 3835 ribusque
2447 3765 2785 3835 opportunis,
2820 3763 3014 3834 quibus
3051 3765 3301 3834 competit
3350 3764 3675 3818 ministrare
3719 3779 3814 3817 cu-

2170 3871 2376 3909 ramus.
2411 3853 2541 3909 Hac
2568 3851 2670 3907 illa
2698 3851 3082 3907 additamenti
3135 3852 3382 3922 Filioque
3405 3851 3574 3906 lectio
3603 3856 3712 3916 est,
3743 3851 3814 3906 de

2171 3960 2290 4015 qua
2317 3942 2576 3998 Pontifex
2606 3942 2756 4014 agit:
2790 3942 2991 4013 utique
3017 3944 3178 3996 extra
3207 3939 3571 4012 Symbolum,
3615 3940 3672 3994 in
3707 3940 3810 3995 Ca-

2172 4031 2524 4097 techesibus,
2579 4048 2706 4102 qua
2776 4032 2910 4085 locis
2988 4031 3422 4100 temporibusque
3499 4030 3818 4101 Opportunis

2173 4122 2411 4176 ﬁebant.

2242 4215 2352 4265 Pro
2385 4215 2486 4265 tua
2515 4208 2806 4280 opinione,
2841 4208 3230 4280 peremptoris
3259 4211 3431 4279 putas
3481 4223 3548 4263 ea
3579 4207 3819 4262 demum

2172 4298 2472 4355 Pontificis
2501 4298 2712 4352 verba:
2746 4297 2890 4355 Satis
2917 4313 3028 4352 esse
3083 4296 3447 4368 (inquientis,
3496 4301 3562 4351 ut
3615 4296 3816 4367 refers)

2173 4389 2463 4444 decantare
2513 4386 2834 4458 Symbolum
2890 4385 3137 4456 (scilicet
3201 4385 3328 4441 sine
3373 4385 3818 4456 additamento),

2173 4477 2434 4548 quomodo
2493 4475 2550 4530 id
2633 4475 2900 4542 ejusmodi
2954 4465 3354 4541 decantandof
3388 4482 3440 4530 et
3495 4474 3820 4530 celebrando

2174 4567 2322 4623 I95
2383 4567 2743 4620 sacrosanctis
2797 4565 3076 4634 mysteriis
3129 4569 3327 4618 sancta
3382 4563 3623 4618 Romana
3678 4570 3820 4618 tenet

423 4661 714 4728 utrumque
743 4659 884 4728 ﬁeri,
917 4663 973 4713 et
1020 4659 1483 4713 additamentum
1515 4656 1661 4725 tolli,
1692 4661 1749 4713 et
1805 4659 2070 4714 otl'ensio-
2098 4658 2144 4722 D
2175 4657 2442 4711 Ecclesia.
2478 4658 2773 4726 Integrum
2807 4658 3030 4707 textum
3077 4651 3367 4722 exhibere,
3419 4651 3674 4724 pretium
3732 4657 3822 4707 est

423 4764 558 4802 nem
588 4747 847 4802 ﬁdelium
877 4747 1082 4802 vitari:
1138 4749 1201 4804 Ut
1243 4747 1515 4818 paulatim
1570 4748 1631 4801 in
1675 4748 1900 4818 palatio,
1934 4749 2060 4818 quia

423 4836 485 4890 in
536 4840 717 4892 nostra
764 4841 954 4892 sancta
996 4839 1236 4892 Ecclesia
1291 4852 1402 4891 non
1455 4839 1732 4902 cantatur,
1807 4836 2068 4891 cantandi

422 4925 747 4981 consuetudo
776 4926 1015 4996 ejusdem
1053 4926 1295 4995 Symboli
1338 4927 1762 4995 intermittatur,
1793 4923 2066 4997 Exemplo

425 5016 579 5070 I94
615 5015 886 5069 Romanae
920 5015 1186 5070 Ecclesia
1217 5015 1502 5070 suadebat
1531 5015 1664 5084 Leo,
1697 5019 1762 5068 ut
1809 5014 2066 5084 primum

423 5107 485 5160 in
511 5103 732 5174 palatio
761 5103 1096 5175 Symbolum
1131 5104 1613 5158 intermitteretur
1641 5103 1700 5156 in
1751 5103 2066 5158 missarum

423 5193 634 5249 ofﬁcio.
670 5192 743 5247 Ut.
785 5192 1039 5264 Symboli
1085 5195 1275 5247 cantus
1301 5192 1601 5264 (reponis),
1635 5208 1750 5246 non
1795 5195 1860 5246 ut
1914 5191 2063 5261 ejus-

421 5285 546 5339 dem
602 5283 847 5338 recitatio
908 5283 1378 5352 intermitteretur,
1448 5281 1729 5336 suadebat
1788 5280 2062 5350 pontifex.

423 5374 716 5444 Reponam
748 5387 875 5442 ego,
917 5369 1226 5425 consilium
1283 5387 1316 5424 a
1371 5370 1643 5441 pontiﬁce
1699 5369 1932 5441 suggeri
1991 5368 2064 5423 ad

422 5460 802 5519 offensionem
834 5459 1185 5527 evitandum,
1235 5476 1411 5530 quam
1467 5459 1762 5530 particula
1820 5459 2066 5529 Filioque

423 5550 813 5624 pratermisso
898 5549 1238 5621 ingenerare
1311 5547 1632 5620 potuisset:
1691 5547 1839 5603 hanc
1894 5563 2064 5618 porro

421 5641 754 5712 contingere
802 5639 1182 5695 offensionem
1232 5637 1495 5710 potuisse
1553 5638 1670 5692 sive
1724 5635 2063 5710 Symbolum

422 5735 727 5790 caneretur
755 5729 881 5786 sine
911 5727 1332 5796 additamento,
1364 5725 1483 5782 sive
1542 5725 1732 5782 solum
1792 5725 2061 5783 recitare-

2172 4761 2356 4817 opera
2395 4761 2406 4797 :
2461 4748 2567 4814 Ego
2627 4743 2910 4797 licentiam
2959 4741 3084 4796 dedi
3135 4741 3434 4803 cantandi;
3489 4756 3599 4795 non
3635 4748 3822 4796 autem

2173 4834 2439 4891 cantando
2478 4831 2763 4904 quidpiam
2820 4830 3075 4897 addendi,
3108 4830 3416 4897 minuendi,
3451 4845 3550 4884 seu
3591 4833 3822 4884 mutan-

2174 4925 2250 4979 di.
2283 4925 2348 4977 Et
2376 4926 2438 4978 ut
2482 4922 2789 4992 expressius
2841 4919 3074 4991 aliquid,
3132 4921 3264 4990 quia
3316 4935 3407 4974 vos
3459 4919 3674 4987 cogitis,
3733 4919 3821 4973 lo-

2174 5029 2333 5084 quar,
2366 5011 2613 5083 quandiu
2639 5010 2787 5065 vobis
2835 5011 2896 5064 in
2951 5010 3050 5064 hoc
3095 5010 3231 5064 satis
3280 5010 3410 5079 fuit,
3469 5007 3729 5080 quomodo
3759 5009 3820 5062 in

2176 5100 2488 5172 hujusmodi
2542 5098 2828 5170 cantando,
2911 5098 2994 5153 vel
3049 5097 3387 5163 celebrando,
3457 5097 3823 5153 sacrosanctis

2172 5191 2453 5261 mysteriis
2480 5193 2674 5244 saneta
2703 5189 2947 5243 Romana
2977 5192 3121 5242 tenet
3157 5187 3418 5249 Ecclesia.
3475 5202 3825 5257 nequaquam

2173 5287 2270 5334 aut
2304 5278 2460 5334 nobis
2499 5279 2562 5332 in
2603 5275 2813 5331 talibus
2870 5275 3138 5343 laborare,
3194 5278 3292 5331 aut
3346 5276 3477 5330 aliis
3533 5275 3824 5331 laborandi

2173 5368 2505 5424 occasin
2543 5382 2754 5422 necesse
2809 5366 2920 5436 fuit
2947 5365 3216 5436 ingerere.
3273 5364 3368 5420 Ait
3419 5363 3695 5436 pontifex,
3748 5365 3821 5419 li-

2172 5458 2412 5512 centiam
2441 5473 2502 5512 se
2531 5453 2847 5511 Gallicanis
2873 5453 3146 5510 Ecclesiis
3184 5451 3436 5520 dedisse,
3484 5452 3575 5508 vel
3622 5453 3820 5524 potius

2172 5547 2230 5601 id
2263 5545 2380 5601 illis
2405 5547 2786 5617 permissuma
2835 5560 2897 5598 se
2955 5543 3094 5614 (quo
3147 5541 3301 5596 infra
3357 5541 3545 5597 utitur
3595 5541 3820 5614 verbo),

2171 5640 2237 5691 ut
2267 5634 2610 5707 Symbolum
2630 5633 2784 5689 inter
2801 5631 3087 5689 solemnia
3103 5631 3415 5688 Missarum
3437 5631 3575 5702 ipsa
3591 5630 3663 5685 de
3683 5646 3822 5686 can-

2169 5727 2380 5781 tarent.
2435 5723 2562 5779 Non
2621 5737 2756 5793 ergo
2813 5720 2958 5776 illud
3017 5736 3222 5776 canere
3274 5723 3538 5776 Romana
3563 5717 3821 5776 Ecclesia
