4118 6486
304 491 406 558 193

1520 491 1730 556 VlTA.
1762 529 1839 538 —
1870 491 2389 556 DlSSERTATIO
2433 495 2510 555 Il.

3593 498 3708 559 194

302 627 481 683 adhuc
512 632 930 684 consueverat.
978 627 1233 700 Implexa
1258 644 1385 700 qua
1425 632 1754 699 sequuntur
1780 626 1958 681 verba
1986 628 2038 693 Α
2068 626 2189 680 vari
2238 625 2426 681 solida
2471 643 2732 698 unquam
2786 627 3000 698 poterit
3043 627 3348 683 solutione.
3380 630 3461 684 Ea
3512 636 3706 702 repeto

303 733 464 773 sensu
494 723 732 782 carent,
765 718 1092 788 eademque
1122 717 1202 771 ila
1219 716 1493 771 videntur
1523 716 1950 771 construenda:

307 806 553 873 Quandiu
606 805 766 862 vobis
812 808 950 861 satis
997 807 1107 876 fuit
1162 805 1304 876 (sive
1334 805 1563 873 fuisset)
1620 806 1680 858 in
1729 804 1844 859 hoc.
1899 804 1959 856 in

309 895 616 965 hujusmodi
667 894 945 966 (scilicet)
993 894 1261 950 cantando
1303 896 1352 949 et
1400 893 1722 948 celebrando
1770 893 1956 963 (Sym-

313 983 453 1053 bolo)
481 986 540 1038 in
574 986 964 1040 sacrosanctis
1012 984 1305 1055 mysteriis,
1336 983 1604 1054 quomodo
1633 991 1822 1037 sancta
1852 982 1958 1036 Ro-

321 1090 468 1128 mana
494 1076 646 1128 tenet
673 1073 946 1143 Ecclesia,
979 1089 1168 1143 neque
1195 1072 1383 1139 nobis,
1418 1088 1605 1144 neque
1651 1069 1780 1126 aliis
1809 1070 1960 1124 hanc

323 1162 562 1234 patiendi
595 1161 961 1231 molestiam,
1003 1161 1362 1216 occasionem
1396 1161 1724 1215 dedissetis.
1755 1158 1959 1213 Anim-

321 1249 535 1303 adverte
579 1248 839 1303 verbum
886 1247 1057 1313 illud,
1112 1249 1283 1303 Tenet.
1344 1247 1468 1302 Non
1527 1247 1609 1302 ait
1647 1247 1905 1318 pontifex
1945 1263 1958 1299 :

318 1337 601 1408 quomodo
635 1338 887 1391 Romana
927 1341 1125 1392 cantat
1169 1339 1286 1391 sine
1334 1336 1703 1391 additamento
1735 1335 1963 1406 Symbo-

319 1427 420 1479 lum
449 1427 512 1479 in
559 1425 827 1495 Liturgia
879 1444 892 1480 :
947 1425 1048 1480 sed
1098 1425 1362 1496 quomodo
1412 1429 1556 1480 tenet
1599 1426 1738 1495 ipsa,
1791 1428 1964 1494 atque

318 1513 569 1568 custodit
597 1511 952 1584 Symbolum
985 1513 1111 1568 sine
1143 1513 1414 1584 pradicta
1439 1513 1783 1584 adjectione.

383 1604 508 1667 Quo
541 1602 755 1673 utique
785 1618 966 1657 sensu
998 1602 1312 1674 scripserat
1357 1601 1531 1657 etiam
1557 1603 1810 1657 Joannes
1838 1601 1966 1655 VIII

318 1691 383 1746 ad
413 1691 698 1745 Mox-avia
749 1690 1046 1757 comitem,
1078 1690 1184 1745 abs
1231 1706 1292 1744 se
1343 1689 1702 1746 Methodium
1752 1688 1968 1744 archie-

317 1780 628 1852 piscopum
682 1780 1110 1851 interrogatum
1164 1795 1291 1834 esse
1323 1796 1336 1834 :
1367 1780 1436 1834 Si
1479 1778 1796 1835 orthodoxa?
1842 1777 1970 1847 ﬁdei

317 1869 644 1940 Symbolum
676 1869 758 1923 ita
804 1867 1067 1935 crederet,
1099 1877 1152 1924 et
1197 1868 1275 1922 ita
1304 1869 1450 1922 inter
1493 1884 1650 1923 sacra
1681 1867 1970 1922 Missurum

2063 716 2234 768 verba
2292 733 2304 769 :
2356 716 2672 786 Symbolum
2715 723 2832 785 post
2878 718 3222 786 evangelium
3267 734 3436 788 usque
3485 719 3553 773 ad
3593 720 3709 776 haec

2069 810 2317 874 tempora
2345 803 2483 857 diva
2525 805 2807 858 memoria:
2855 806 3086 860 Henrici
3114 807 3463 873 imperatoris
3490 807 3709 880 (incep-

2067 896 2192 945 tum
2226 891 2446 946 scilicet
2477 893 2746 946 currebat
2793 893 3069 948 saculum
3103 896 3522 970 undecimum),
3557 901 3711 954 nullo

2065 979 2222 1034 modo
2247 981 2565 1036 cecinerunt
2597 983 2844 1035 Romani.

2140 1068 2203 1122 In
2235 1067 2343 1122 hac
2374 1067 2732 1139 Scriptorum
2768 1087 2981 1140 pugna,
3007 1069 3256 1142 inquies,
3284 1090 3387 1128 cur
3417 1092 3531 1129 non
3566 1094 3709 1148 pra-

2068 1155 2259 1212 valeat
2289 1156 2636 1227 antiquioris
2657 1157 2934 1211 Amalarii
2967 1161 3280 1216 auctoritas
3302 1162 3330 1215 ἱ)
3351 1165 3482 1228 Cur,
3505 1164 3707 1235 inquio

2071 1261 2196 1317 ego,
2254 1245 2574 1316 Micrologi,
2624 1245 2990 1317 maximeque
3039 1247 3338 1316 Bernonis,
3391 1252 3489 1324 qui
3539 1254 3608 1308 de
3652 1271 3712 1308 re

2072 1349 2191 1388 sua
2223 1333 2408 1388 atatis
2449 1333 2852 1388 testimonium
2903 1335 3112 1401 ferunt,
3147 1338 3346 1393 cedere
3392 1343 3713 1400 auctoritas

2073 1421 2324 1478 debeat?
2357 1422 2456 1476 llic
2483 1422 2638 1476 enim
2670 1427 2934 1490 testatur,
2969 1425 3202 1480 nonnisi
3234 1427 3463 1484 Henrici
3499 1432 3518 1484 Ι
3549 1437 3714 1490 atate

2073 1513 2367 1567 Romanos
2412 1511 2471 1564 in
2521 1510 2782 1581 Liturgia
2827 1527 3053 1579 canere,
3086 1518 3188 1566 aut
3233 1514 3422 1587 legere
3469 1518 3710 1591 Symbo-

2072 1599 2195 1655 lum
2227 1599 2934 1669 Constantinopolitanum
2965 1601 3289 1672 incepisse:
3325 1621 3390 1660 ac
3420 1605 3515 1662 ille
3546 1609 3712 1666 Com-

2077 1689 2363 1742 mentario
2395 1703 2501 1742 suo
2534 1685 2798 1742 Ordinem
2827 1689 3128 1744 Romanum
3157 1685 3470 1762 eiponens,
3500 1697 3716 1753 decan-

2076 1776 2181 1832 tati
2211 1775 2466 1846 dictique
2513 1775 2770 1848 Symboli
2818 1777 3173 1833 mentionem
3232 1780 3440 1853 ingerit
3472 1785 3714 1857 nullam,

2077 1864 2431 1935 Antilogiam
2475 1869 2729 1920 removet
2757 1881 2990 1920 omnem
3041 1867 3274 1937 solutio,
3306 1887 3433 1941 qua
3465 1873 3720 1930 sumitur

317 1959 601 2013 solemnia
661 1960 888 2012 caneret
942 1956 1123 2025 (hunc
1168 1957 1323 2011 enim
1369 1964 1612 2028 [morem
1661 1957 1971 2012 servabant
2001 1999 2048 2063 Β
2077 1972 2146 2010 ex
2192 1955 2418 2008 invecta
2465 1953 2524 2008 in
2576 1953 2834 2008 Ordinem
2881 1955 3368 2028 interpolatione:
3420 1963 3470 2016 si
3521 1968 3716 2019 tamen

320 2049 368 2063 II
515 2047 526 2055 ε
615 2045 835 2063 Πκ,ι,κ9
873 2045 907 2063 ,\
995 2047 1127 2063 ηυρλ
1179 2062 1212 2063 ,,
1255 2049 1384 2063 ,.n_,,
1467 2047 1560 2063 n_,,
1603 2061 1612 2063 -
1727 2062 1731 2063 ν
1794 2045 1940 2063 ns__l-
2078 2043 2195 2063 1----
2231 2046 2376 2063 ____1_
2412 2041 2771 2063 :._L-“_'__1,__-
2827 2043 3038 2063 \T___,--
3093 2047 3149 2063 τιν
3401 2050 3430 2063 n
3486 2051 3499 2063 1
3563 2051 3575 2063 ο

320 2047 587 2102 Mox-avia
615 2045 910 2115 Ecclesia)
936 2063 950 2114 ;
981 2047 1128 2100 sicut
1168 2049 1412 2100 sanctam
1458 2047 1758 2100 Romanam
1788 2045 1969 2100 Eccle-

318 2139 455 2190 siam
487 2140 706 2201 tenere,
738 2140 791 2189 et
832 2136 892 2188 in
935 2137 1139 2189 sanctis
1184 2135 1435 2190 conciliis
1476 2135 1889 2204 promulgatum
1917 2135 1972 2187 et

324 2224 588 2279 traditum
618 2239 752 2292 esse,
785 2229 1010 2278 constat.
1045 2225 1167 2288 Quo
1195 2222 1319 2278 loco
1350 2223 1588 2278 verbum
1622 2230 1824 2292 tenere,
1857 2237 1971 2275 non

323 2319 402 2368 est
430 2312 764 2368 Ecclesiam
816 2311 1138 2367 Romanam
1188 2317 1424 2367 cantare
1472 2311 1837 2383 Symbolum,
1875 2314 1976 2364 aut

327 2401 500 2474 legere
553 2403 718 2455 inter
766 2400 1083 2455 missarum
1123 2399 1443 2467 solemnia;
1498 2401 1600 2456 sed
1644 2399 1790 2454 illud
1821 2399 1974 2453 inte-

331 2506 480 2562 grum
515 2491 1052 2561 incorruptumque
1067 2489 1377 2553 custodire,
1397 2489 1550 2544 sicut
1568 2506 1601 2543 a
1622 2489 1824 2544 sanctis
1844 2504 1977 2542 con-

338 2582 462 2634 ciliis
521 2579 975 2650 promulgatum
1027 2582 1116 2633 est
1163 2579 1580 2650 traditumque.
1643 2577 1788 2632 Hinc
1843 2593 1976 2631 vero

340 2667 692 2724 Walafridus
720 2667 950 2733 Strabo,
982 2668 1258 2738 deceptus
1311 2683 1544 2722 rumore
1575 2665 1756 2738 vulgi,
1789 2665 1977 2737 scrip-

335 2758 398 2812 sit
430 2775 442 2811 :
475 2776 511 2812 a
545 2759 772 2814 Graecis
800 2757 875 2812 ad
903 2758 1173 2812 Romanos
1202 2757 1382 2811 ritum
1413 2757 1592 2811 istum
1623 2754 1774 2811 credi
1795 2770 1980 2826 perve-

333 2848 465 2902 nisse
497 2865 515 2900 :
565 2851 732 2901 certa
779 2860 1035 2915 namque
1064 2845 1337 2900 lHistoria
1389 2850 1588 2900 narrat
1634 2843 1977 2916 Hispanicae

331 2935 640 3002 Ecclesiae,
673 2935 734 2989 in
767 2934 989 3007 synodo
1017 2934 1298 2990 Toletana
1319 2952 1382 2990 III
1411 2950 1564 2990 anno
1594 2935 1698 2988 587
1729 2933 1980 2988 celebra-

330 3031 408 3089 ta,
438 3023 794 3084 decrevisse,
820 3028 887 3078 ut
913 3023 1210 3078 secundum
1223 3025 1461 3093 formam
1485 3022 1853 3078 Orientalium
1882 3022 1980 3076 Ec-

330 3115 628 3167 etesiarum
657 3112 718 3166 in
745 3113 929 3168 missa
945 3112 1282 3167 recitaretur
1298 3111 1634 3185 Symbolum
1659 3111 1981 3176 Nicanum,

335 3209 434 3256 aut
461 3198 1208 3272 Constantinopolitanum.

401 3291 485 3345 Ad
518 3291 796 3345 Romanos
843 3289 1081 3344 demum
1129 3288 1370 3354 Ordines,
1403 3305 1549 3360 quos
1590 3288 1858 3360 opponis,
1892 3304 1980 3343 re-

2078 2043 2199 2098 hac
2230 2046 2382 2096 recte
2412 2041 2792 2114 intelligatur.
2827 2043 3044 2115 Nempe
3083 2047 3359 2102 Romanus
3393 2050 3531 2105 Ordo
3561 2051 3620 2105 in
3652 2069 3719 2108 ea

2079 2135 2261 2203 parte,
2297 2148 2422 2202 qua
2453 2131 2712 2202 Symboli
2743 2131 3206 2188 decantationem
3245 2137 3431 2208 offert,
3465 2142 3720 2210 sequiori

2081 2224 2246 2274 atate
2291 2219 2677 2290 interpolatus
2722 2219 2851 2286 fuit,
2885 2237 3019 2274 cum
3070 2223 3247 2278 ritum
3299 2225 3478 2282 istum
3511 2229 3720 2285 saculo

2084 2308 2391 2363 undecimo
2424 2308 2686 2362 Romana
2714 2309 2926 2379 recepit
2957 2310 3226 2368 Ecclesia.
3265 2315 3589 2372 Amalarius
3620 2336 3721 2374 au-

2083 2405 2222 2465 tem,
2256 2397 2356 2468 qui
2384 2396 2594 2451 saculo
2639 2413 2791 2452 nono
2823 2397 3080 2454 Ordinem
3125 2401 3476 2476 illustrabat,
3510 2409 3629 2478 agit
3655 2409 3724 2463 de
3745 2389 3765 2414 θ

2086 2485 2201 2540 ritu
2233 2484 2512 2555 Symboli,
2548 2501 2662 2539 non
2695 2502 2870 2556 quem
2919 2487 2977 2540 in
3011 2489 3210 2546 eodem
3244 2491 3457 2548 Ordine
3489 2494 3724 2568 legeret,

2085 2575 2187 2629 sed
2220 2589 2395 2644 quem
2427 2573 2497 2628 ab
2528 2573 2660 2629 aliis
2691 2573 2961 2630 Ecclesiis
3005 2577 3354 2651 Hispanicis,
3388 2582 3722 2654 Gallicanis,

2087 2662 2465 2728 Germanicis,
2498 2679 2563 2717 ac
2594 2661 2807 2718 Italicis
2832 2663 2912 2732 lin
2947 2681 3122 2737 regno
3172 2667 3366 2739 Italia,
3402 2677 3637 2728 noverat
3663 2674 3722 2729 in

2087 2768 2196 2806 usu
2231 2752 2506 2822 positum.
2540 2755 2681 2806 Pars
2727 2751 2919 2822 prima
2967 2756 3180 2824 pendet
3223 2774 3288 2811 ex
3333 2757 3531 2815 altera.
3568 2761 3725 2817 Hanc

2087 2856 2191 2910 ego
2222 2839 2611 2894 certissimam
2642 2845 2808 2895 teneo
2843 2858 2856 2896 :
2889 2847 3193 2913 propterea
3215 2848 3369 2916 quod
3397 2849 3725 2906 Amalarius

2090 2929 2308 3001 passim
2341 2933 2398 2983 et
2441 2933 2775 2984 constanter
2821 2929 2878 2983 in
2913 2931 3121 3004 Ecloga
3150 2935 3313 2989 affert
3360 2941 3599 2994 Romani
3627 2941 3726 2996 Or-

2089 3018 2234 3072 dinis
2264 3018 2457 3084 verba,
2491 3018 2812 3089 eademque
2851 3020 3101 3075 subinde
3149 3025 3385 3095 exponit
3418 3044 3429 3081 :
3466 3029 3564 3082 ubi
3595 3047 3727 3086 vero

2091 3107 2160 3160 de
2191 3105 2464 3177 Symbolo
2494 3105 2631 3177 agit,
2666 3123 2737 3161 ne
2766 3107 3070 3164 verbulum
3093 3109 3286 3183 habet,
3319 3117 3473 3185 quod
3503 3133 3571 3172 ex
3601 3119 3728 3192 ipso

2094 3194 2297 3250 Ordine
2325 3203 2601 3264 sumptum
2631 3195 2727 3249 sit.

2170 3282 2500 3354 Utriusque,
2533 3288 2590 3338 et
2639 3283 2876 3349 Ordinis,
2912 3290 2969 3341 et
3014 3289 3258 3358 Eclogaz,
3291 3294 3587 3364 specimen
3627 3313 3728 3368 po-

335 3381 470 3452 poni
497 3381 676 3451 plura
706 3383 973 3450 possunt.
999 3382 1078 3432 Ac
1106 3378 1294 3450 primo
1326 3377 1375 3433 si
1406 3378 1546 3448 quid
1591 3395 1790 3433 eorum
1820 3378 1979 3432 evin-
2011 3364 2054 3430 C
2093 3388 2228 3427 nere
2285 3373 2393 3426 sub
2443 3372 2641 3427 oculos
2690 3373 2881 3439 liceat,
2913 3378 2978 3429 ut
3026 3379 3179 3447 quod
3231 3381 3343 3448 aio,
3378 3364 3730 3453 splendidis-

337 3475 489 3524 ceret
519 3467 869 3532 auctoritas,
903 3483 1017 3521 non
1065 3466 1258 3522 solum
1309 3468 1423 3539 legi
1452 3465 1794 3538 Symbolum
1827 3467 1981 3538 apud

339 3558 642 3612 Romanos
699 3553 853 3610 inter
902 3555 1213 3611 Missarum
1272 3555 1557 3611 solemnia
1613 3555 1985 3611 consuevisse

336 3647 813 3711 demonstraret;
846 3645 945 3700 sed
985 3644 1158 3699 etiam
1189 3645 1433 3714 cantari,
1467 3648 1569 3699 aut
1597 3661 1734 3700 voce
1778 3643 1984 3699 modu-

335 3733 454 3788 lata
482 3732 602 3788 dici
637 3750 653 3785 :
685 3733 845 3802 quod
896 3731 1155 3787 Martene
1202 3732 1516 3787 inﬁciatur.
1551 3732 1614 3787 In
1665 3732 1879 3787 Ordine
1909 3731 1986 3786 si-

337 3823 580 3894 quidem
609 3821 867 3876 secundo
894 3820 1014 3874 hac
1039 3819 1328 3875 habentur
1352 3822 1562 3876 verba:
1598 3821 1672 3876 Ab
1701 3823 1949 3892 episcopo
1971 3838 1989 3874 :

343 3912 510 3967 Credo
562 3914 626 3965 in
676 3927 852 3964 unum
897 3911 1087 3980 Deum,
1136 3914 1411 3966 cantatur.
1465 3911 1524 3965 In
1575 3910 1828 3981 quinto:
1871 3911 1988 3964 Ele-

343 4010 449 4066 παι,
486 4000 662 4054 Credo
695 4001 757 4052 in
789 4016 962 4052 unum
991 3999 1178 4054 Deum.
1215 4001 1275 4053 In
1309 4004 1468 4054 sexto
1505 4017 1517 4054 :
1549 4000 1674 4054 Alta
1700 4015 1822 4055 voce
1851 4000 1989 4054 inci-

340 4093 420 4161 pit
447 4105 673 4144 canere.
709 4087 882 4143 Credo
915 4090 977 4142 in
1005 4104 1180 4142 unum
1206 4089 1394 4144 Deum.

413 4179 575 4233 196
624 4176 907 4231 Amalarii
954 4177 1228 4232 Metensis
1276 4177 1608 4232 auctoritati
1668 4180 1995 4249 repugnant

344 4283 413 4322 ex
453 4267 750 4321 diametro
795 4264 1162 4336 Micrologus,
1194 4269 1251 4319 et
1296 4268 1480 4320 Berno
1526 4266 1856 4338 Augiensis.
1890 4266 1994 4321 Or-

345 4357 545 4410 dinem
574 4354 908 4409 Romanum
939 4355 1259 4408 secundum
1283 4353 1543 4409 illustrat
1570 4354 1665 4409 ille
1695 4354 1755 4408 in
1786 4353 1998 4427 Ecloga

345 4462 475 4511 sua,
509 4459 695 4516 quam
726 4441 966 4514 protulit
995 4443 1052 4498 in
1085 4442 1274 4497 lucem
1306 4442 1580 4498 Baluzius
1606 4460 1618 4498 :
1645 4459 1710 4498 ac
1740 4443 1994 4515 Symboli

345 4533 409 4587 in
434 4532 623 4588 missa
655 4531 795 4585 dicti
845 4531 1200 4586 mentionem
1243 4531 1476 4603 ingerit.
1510 4535 1585 4585 At
1635 4531 1761 4587 suis
1792 4532 1852 4586 in
1883 4532 1997 4587 Ob-

347 4621 784 4678 servationibus
831 4619 1259 4684 ecclesiasticis,
1291 4637 1440 4691 quas
1485 4620 1742 4693 vulgavit
1790 4620 1996 4676 Micro-

347 4710 516 4782 logos
548 4708 864 4765 undecimo
894 4707 1105 4763 saculo
1135 4708 1437 4776 inclinato,
1473 4726 1540 4765 ea
1571 4709 1630 4764 in
1664 4714 1844 4781 parte,
1867 4727 1996 4781 qua
2027 4733 2074 4794 ι)

347 4800 697 4869 praedictum
746 4796 1004 4852 Ordinem
1051 4797 1349 4852 secundum
1397 4797 1651 4868 exponit,
1712 4799 1993 4854 nimirum

349 4889 536 4958 capite
565 4888 602 4940 9
630 4892 689 4942 et
720 4888 809 4956 10,
843 4887 912 4941 de
943 4886 1215 4958 Symbolo
1237 4885 1296 4940 in
1328 4888 1510 4942 missa
1527 4887 1681 4941 dicto
1712 4886 1856 4942 nihil
1891 4887 1996 4942 ha-

348 4976 539 5031 betur.
568 4976 709 5048 Agit
735 4991 868 5029 vero
898 4976 967 5029 de
997 4974 1116 5045 illo,
1141 4975 1326 5046 capite
1357 4976 1446 5040 46,
1478 4974 1651 5030 veluti
1686 4977 1838 5047 quod
1861 4977 1997 5046 jux-

345 5067 407 5118 ta
434 5080 670 5120 canones
710 5066 771 5118 in
800 5065 949 5119 omni
995 5064 1301 5131 Dominica,
1327 5074 1377 5119 et
1427 5066 1487 5118 in
1536 5066 1788 5119 omnibus
1818 5065 1998 5118 Domi-

347 5156 488 5208 nicis
546 5153 1021 5222 solemnitatibus,
1098 5155 1230 5207 item
1286 5155 1345 5207 in
1399 5154 1554 5223 festis
1607 5153 1832 5210 Sanctae
1887 5154 1998 5208 Ma-

349 5247 475 5308 ria,
503 5248 556 5298 α
587 5241 988 5314 Apostolomm,
1023 5250 1073 5296 et
1101 5242 1329 5298 Sanctae
1379 5243 1598 5310 Crucis,
1631 5251 1684 5298 et
1738 5243 1998 5299 Omnium

347 5332 699 5398 Sanctorum,
733 5337 787 5385 et
825 5330 1222 5397 Dedicationis,
1254 5331 1442 5386 debeat
1486 5333 1726 5386 cantari.
1756 5332 1886 5386 Hac
1917 5332 2000 5386 in-

349 5421 505 5476 dicat
553 5420 769 5493 agcndi
819 5421 987 5490 ratio,
1037 5419 1420 5492 Micrologum
1478 5420 1655 5475 ritum
1706 5425 2002 5492 spectasse

345 5510 698 5566 decantandi
730 5509 790 5563 in
842 5507 1106 5580 Liturgia
1154 5507 1521 5580 Symbolum,
1553 5508 1612 5562 in
1661 5508 1873 5564 Ordine
1902 5507 2000 5563 illo

345 5599 602 5654 secundo
633 5597 880 5653 minime
926 5596 1369 5669 prascriptum;
1407 5597 1505 5653 sed
1554 5598 1614 5651 in
1663 5597 1795 5652 aliis
1826 5596 2002 5652 eccle-

345 5687 469 5755 siis,
498 5689 762 5761 itemque
794 5687 854 5741 in
890 5685 1158 5741 Romana
1181 5702 1295 5740 avo
1317 5702 1424 5741 suo
1451 5690 1770 5758 receptum.
1796 5686 2002 5742 Berno-

349 5777 439 5834 nis
480 5777 796 5853 Aegiensis
849 5774 1172 5832 auctoritas
1218 5775 1458 5846 accedit,
1506 5791 1632 5853 qua
1684 5774 1848 5831 nulla
1893 5774 2002 5832 ele-

2093 3461 2241 3516 sime
2286 3461 2632 3516 innotescat.
2687 3463 2748 3516 In
2788 3463 3010 3519 Ordine
3063 3467 3235 3522 verba
3275 3475 3413 3524 sunt
3461 3489 3474 3526 :
3527 3495 3546 3520 ει
3603 3473 3731 3544 Ipse

2093 3565 2226 3604 vero
2289 3549 2572 3604 Diaconus
2628 3555 2747 3605 stat
2793 3568 2994 3608 versus
3043 3555 3114 3609 ad
3166 3558 3538 3616 meridiem...
3598 3563 3735 3618 Post

2095 3637 2310 3694 lectum
2352 3637 2754 3710 Evangelium,
2805 3642 3055 3697 candela
3088 3645 3146 3700 in
3195 3644 3322 3701 loco
3362 3665 3467 3704 suo
3515 3651 3734 3707 exstin-

2096 3732 2378 3798 guuntur.
2432 3729 2498 3782 Et
2553 3728 2622 3782 ab
2682 3729 2830 3782 197
2894 3732 3185 3804 episcopo,
3235 3736 3400 3792 Credo
3451 3740 3512 3792 in
3561 3757 3736 3796 unum

2097 3818 2287 3881 Deum,
2321 3821 2653 3871 cantatur...
2688 3817 2905 3873 Deinde
2959 3821 3177 3876 salutat
3205 3824 3512 3897 episcopus
3551 3845 3734 3901 popu-

2098 3905 2222 3959 lum
2267 3906 2486 3972 dicens,
2521 3906 2784 3962 Dominus
2828 3908 3178 3965 vobiscum...
3210 3912 3449 3969 Canitur
3495 3915 3733 3974 Oiferto-

2101 3995 2323 4048 rium...
2354 3995 2516 4048 Tunc
2546 3995 2702 4049 venit
2741 3996 3156 4069 subdiaconus,
3190 4001 3379 4058 ferens
3412 4005 3467 4058 in
3497 4006 3736 4062 brachio

2103 4084 2302 4138 dextro
2353 4088 2644 4154 patenam,
2678 4088 2735 4138 et
2770 4083 3008 4141 sinistro
3057 4088 3319 4152 calicem,
3355 4114 3380 4140 »
3412 4099 3519 4147 etc.
3562 4101 3738 4150 Ama-

2101 4173 2311 4228 larium
2346 4172 2466 4226 hac
2512 4179 2892 4243 exponentem
2943 4179 3224 4232 attentius
3255 4180 3690 4239 consideremus
3721 4200 3736 4239 :

2109 4286 2128 4310 ιι
2163 4263 2439 4316 Diaconus
2480 4263 2854 4332 pronuntians
2899 4265 3064 4320 verba
3108 4269 3418 4340 Evangelii,
3450 4271 3519 4325 ad
3563 4275 3740 4327 meri-

2102 4352 2248 4406 diem
2271 4355 2377 4405 stat
2404 4366 2594 4405 versus
2625 4369 2642 4405 :
2667 4353 2945 4421 quoniam
2979 4353 3094 4408 illis
3125 4354 3400 4427 loquitur,
3426 4360 3496 4414 de
3526 4360 3742 4432 quibus

2106 4441 2333 4496 dicebat
2361 4439 2600 4509 Paulus,
2633 4461 2662 4488 »
2692 4444 2800 4496 etc.
2838 4441 3035 4497 Priora
3074 4450 3213 4500 sunt
3244 4445 3490 4502 Romani
3521 4450 3744 4507 ordinis

2105 4529 2334 4597 verba;
2396 4545 2522 4599 qua
2579 4535 2927 4599 sequuntur,
2990 4531 3266 4587 Amalarii
3323 4537 3744 4606 expositionem

2106 4619 2406 4672 continent
2458 4633 2470 4670 :
2535 4639 2563 4666 «
2615 4623 2744 4672 Post
2799 4619 3000 4673 lectum
3058 4621 3441 4694 Evangelium,
3502 4627 3746 4684 candelae

2107 4708 2535 4776 exstinguuntur
2581 4725 2596 4759 :
2653 4722 2756 4776 per
2806 4708 3077 4763 candelas
3127 4710 3437 4782 signantur
3483 4715 3748 4772 doctores

2108 4795 2393 4862 Ecclesia,
2432 4817 2458 4843 ››
2509 4799 2618 4850 etc.
2674 4795 2857 4850 Verba
2910 4803 3239 4867 sequuntur
3288 4800 3346 4855 in
3379 4801 3592 4859 Ordine
3628 4823 3639 4860 :
3677 4807 3752 4859 Et

2107 4886 2174 4939 ab
2221 4885 2486 4955 episcOpo,
2541 4883 2706 4938 Credo
2762 4885 2819 4938 in
2851 4901 3023 4940 unum
3073 4888 3241 4942 Deum
3291 4895 3563 4948 cantatur.
3620 4895 3750 4949 Hac

2109 4990 2222 5028 non
2255 4973 2543 5028 habentur
2571 4971 2629 5026 in
2659 4972 2972 5040 Amalario,
3004 4975 3102 5046 qui
3135 4983 3327 5033 tamen
3352 4980 3434 5035 sic
3467 4982 3546 5036 ait
3578 5000 3591 5038 :
3626 5005 3654 5034 «
3678 4984 3752 5038 De

2111 5061 2278 5116 Credo
2330 5063 2392 5115 in
2449 5063 2635 5115 Deum.
2697 5061 3009 5133 Postquam
3058 5065 3324 5124 Christus
3379 5069 3610 5127 locutus
3666 5075 3755 5127 est

2110 5149 2322 5222 populo
2354 5167 2479 5217 suo,
2513 5151 2601 5204 fas
2632 5153 2721 5204 est
2753 5154 2817 5204 ut
2837 5151 3068 5208 dulcius
3098 5159 3155 5209 et
3186 5155 3466 5214 intentius
3490 5161 3755 5231 proﬁtea-

2109 5244 2206 5293 tur
2235 5237 2531 5311 (populus)
2570 5238 2974 5294 credulitatem
3020 5259 3212 5314 suam,
3244 5267 3272 5294 »
3308 5251 3418 5302 etc.
3451 5249 3589 5313 Quis
3639 5267 3753 5304 non

2108 5329 2301 5383 videat
2349 5327 2494 5382 nihil
2541 5328 2611 5382 de
2659 5327 2936 5399 Symbolo
2987 5330 3044 5384 in
3097 5333 3358 5390 Romano
3405 5336 3618 5393 Ordine
3667 5355 3755 5393 re-

2111 5417 2332 5489 perisse
2368 5415 2728 5470 Amalarium
2781 5434 2793 5471 :
2842 5434 3036 5489 quave
3066 5419 3125 5475 in
3175 5421 3388 5496 Ecloga
3442 5425 3752 5498 habentur,

2112 5506 2182 5561 de
2213 5522 2319 5561 suo
2350 5506 2545 5576 ipsum
2576 5505 2854 5575 adjecisse
2874 5507 2902 5560 ?
2930 5509 3076 5565 Hinc
3107 5513 3376 5583 sequitur
3396 5513 3489 5569 ille
3524 5532 3536 5570 :
3577 5539 3596 5566 ι
3630 5518 3758 5572 Post

2112 5596 2308 5650 lectum
2362 5595 2716 5665 Evangelium
2775 5595 2912 5667 (non
2971 5616 3102 5655 vero
3137 5643 3150 5667 ,
3208 5611 3328 5673 post
3386 5603 3600 5669 lectum,
3663 5613 3759 5660 aut

2110 5688 2386 5740 conlatum
2425 5683 2615 5755 Credo)
2662 5687 2810 5740 venit
2863 5687 3223 5746 subdiaconus
3275 5694 3458 5761 ferens
3517 5695 3575 5747 in
3632 5695 3758 5748 bra-

2111 5774 2231 5830 chio
2286 5775 2510 5830 sinistro
2558 5773 2856 5831 calicem...
2915 5777 3200 5836 Dominus
3275 5781 3448 5838 Jesus
3499 5783 3624 5855 ipse
3670 5789 3760 5845 est
