4118 6434
419 408 533 471 195

1436 401 1749 464 GEORGII
1795 398 2056 460 CYPRII
2100 398 2220 462 GP.
2267 395 2800 460 PATRIARCHAE

3691 399 3808 459 196

419 540 834 603 subdiaconus,
866 541 921 593 et
968 537 1268 604 diaconus,
1299 556 1326 589 ι)
1361 540 1467 590 etc.
1519 535 1601 590 Ad
1651 534 1910 588 Ordinem
1940 531 2051 587 sci-
2082 532 2135 598 Α
2167 532 2376 602 Ignatii
2425 531 2645 587 scilicet
2674 531 2774 603 qui
2823 529 3525 602 Constantinopolitanam
3572 533 3806 604 regebat

418 631 554 686 licet
583 633 849 700 spectant
900 627 1074 681 verba
1104 626 1298 697 priora
1330 626 1420 679 :ad
1471 623 1833 679 Amalarium
1881 637 2052 692 expo-

417 723 675 784 nentem,
709 717 842 772 alia.
873 715 1146 771 Caecutiat
1195 718 1439 786 oportet,
1475 713 1572 784 qui
1619 729 1732 766 non
1763 711 1955 764 videat
1983 710 2054 764 ab

416 808 544 880 ipso
588 805 877 861 Amalario
925 804 1210 858 invectum
1275 818 1602 858 sermonem
1651 802 1722 855 de
1782 799 2051 869 Symbolo,

417 896 587 965 cujus
617 892 777 948 nulla
807 893 864 946 in
890 891 1102 946 Ordine
1125 891 1343 945 mentio
1369 894 1491 945 erat
1523 907 1534 943 :
1570 890 1829 959 adeoque
1858 887 2052 958 ipsum

417 983 688 1038 Ordinem
721 981 986 1051 aequiore
1035 983 1198 1034 etate
1227 978 1658 1049 .interpolatum
1702 975 1891 1031 verbis
1936 974 2054 1029 illis

416 1069 676 1141 adjectis,
712 1073 778 1124 Et
805 1071 875 1124 ab
903 1070 1148 1140 episcopo
1169 1067 1338 1122 Credo
1369 1069 1425 1122 in
1457 1083 1632 1121 unum
1661 1067 1828 1121 Deum
1858 1072 2050 1120 canta-

415 1163 528 1214 tur.

485 1247 891 1302 Animadverte
920 1245 979 1300 in
1023 1262 1091 1300 ea
1119 1245 1310 1309 verba,
1345 1261 1471 1316 quae
1526 1245 1815 1299 habentur
1860 1242 1917 1296 in
1951 1246 2049 1296 Ec-

411 1335 563 1408 loga,
597 1342 724 1391 Post
753 1336 947 1390 lectum
989 1335 1354 1403 Evangelium
1381 1333 1529 1388 venit
1580 1332 1942 1388 subdiaconus
1969 1332 2050 1400 fe-

414 1441 538 1480 rens
590 1425 650 1478 in
702 1423 921 1478 brachio
963 1424 1188 1478 sinistro
1235 1423 1460 1476 calicem
1489 1439 1507 1475 :
1539 1438 1666 1492 quae
1717 1419 1860 1474 satis
1904 1418 2052 1472 indi-

413 1518 566 1582 cant,
598 1514 656 1568 in
689 1512 903 1568 Ordine
951 1511 1201 1584 genuino
1233 1511 1452 1566 nullam
1501 1516 1632 1582 post
1674 1508 2049 1579 Evangelium

413 1602 809 1676 praescriptam
888 1601 1067 1655 fuisse
1123 1599 1376 1672 Symboli
1441 1599 1859 1654 recitationem.
1916 1598 2048 1651 Jam

412 1691 616 1762 collige
647 1694 1057 1762 argumentum
1092 1705 1194 1760 pro
1239 1686 1496 1760 Symboli
1530 1686 1862 1742 recitatione
1894 1685 2049 1757 apud

411 1785 702 1836 Romanos
731 1794 883 1833 nono
914 1782 970 1832 et
1015 1783 1214 1832 octavo
1268 1774 1480 1831 saeculo
1511 1776 1748 1842 usitata,
1780 1791 1847 1829 ex
1878 1774 2050 1828 Ordi-

411 1869 585 1924 nibus
616 1864 1275 1965 desumptum,“s.ive‘ex'
1299 1863 1414 1919 illis
1466 1881 1612 1963 quos
1641 1863 1898 1965 vulgavit
1928 1863 2045 1960 M'a-
2081 1901 2126 1965 Β

409 1955 712 2022 billonius,
743 1954 862 2010 sive
892 1971 960 2009 ex
990 1952 1119 2010 aliis
1148 1953 1218 2008 ab
1259 1953 1543 2023 Hittorpio
1573 1951 1842 2023 vulgatis,
1887 1952 2049 2006 levis-

409 2046 625 2101 simum
677 2060 824 2106 esse,
875 2041 1218 2113 nullamque
1263 2042 1380 2095 vim
1431 2041 1643 2096 habere
1687 2057 1698 2094 :
1747 2056 1880 2094 cum
1929 2040 2049 2095 sint

409 2134 652 2190 Ordines
681 2136 844 2186 (etate
876 2130 1181 2202 posteriori
1207 2128 1558 2200 interpolati.
1592 2133 1729 2182 Rem
1764 2127 1913 2181 hanc
1943 2127 2045 2182 Jo-

409 2222 575 2295 sephi
607 2220 798 2275 Mariae
827 2219 1125 2274 Thomasii
1171 2218 1364 2273 verbis
1393 2218 1628 2272 tandem
1662 2217 1918 2284 absolvo,
1952 2217 2044 2270 in-

407 2317 494 2367 ter
521 2312 649 2382 ejus
693 2309 912 2364 Scholia
941 2308 1001 2362 in
1050 2307 1538 2378 Antiphonarium
1571 2306 1993 2376 Gregorianum
2029 2324 2040 2360 :

407 2423 435 2450 ‹‹
487 2400 624 2454 Ordo
671 2399 942 2453 Romanus
999 2396 1383 2467 (inquientis),
1433 2395 1758 2466 antiquitus
1808 2411 1922 2448 non
1979 2412 2045 2450 eo

409 2489 602 2553 modo,
635 2503 750 2558 quo
796 2486 949 2558 apud
983 2501 1088 2539 nos
1121 2485 1312 2539 editus
1360 2489 1468 2550 est,
1503 2483 2040 2538 circumferebatur.

406 2575 683 2633 Discretis
711 2591 966 2646 namque
996 2572 1210 2629 libellis
1241 2572 1667 2638 continebatur,
1703 2573 1916 2643 quibus
1949 2590 2044 2643 po-

405 2667 554 2722 tiora
581 2681 685 2737 per
718 2679 936 2718 annum
966 2661 1404 2734 explicabantur
1454 2660 1722 2716 Officia...
1756 2661 2042 2716 Caeterum

405 2755 556 2810 Ordo
604 2752 701 2808 ille
746 2757 1062 2818 Romanus,
1104 2750 1296 2806 editus
1343 2751 1414 2805 ab
1462 2749 1768 2820 Hittorpio,
1815 2749 2041 2821 farrago

406 2844 601 2916 potius
653 2844 742 2896 est
798 2839 1156 2895 diversorum
1217 2839 1434 2892 rituum
1484 2839 1804 2892 secundum
1854 2839 2042 2894 varias

406 2930 858 2986 consuetudines
895 2947 908 2984 :
937 2929 1020 2983 ita
1050 2932 1113 2982 ut
1143 2926 1500 2997 antiquiores
1529 2926 2042 2996 germanioresque

407 3025 678 3076 Romanos
723 3018 862 3072 ritus
911 3017 969 3071 in
1019 3021 1178 3071 tanta
1218 3014 1492 3069 varietate
1539 3013 1862 3069 discernere
1918 3016 2043 3071 sine

405 3121 604 3161 eorum
637 3103 967 3160 libellorum
1018 3119 1125 3174 ope
1156 3118 1300 3173 pene
1332 3101 1410 3155 sit
1450 3101 1832 3171 impossibile.
1873 3126 1891 3149 ιο
1930 3103 2041 3158 Sed

403 3194 553 3249 198
586 3197 642 3248 et
670 3192 782 3266 ipsi
827 3191 1028 3258 libelli,
1064 3208 1210 3262 quos
1257 3189 1628 3245 Mabillonius
1675 3190 1877 3258 edidit,
1911 3191 2040 3246 dili-

2167 620 2502 686 Ecclesiam,
2561 621 2820 690 injustas
2886 636 2950 673 ac
3027 617 3311 674 violentus
3370 621 3622 687 invasor,
3681 621 3804 676 vin-

2162 709 2326 763 dictae
2377 709 2647 780 cupidus,
2681 709 3049 780 percitusque
3099 707 3236 779 bile,
3286 708 3481 781 plures
3530 727 3675 782 quas
3710 727 3802 782 po-

2162 798 2276 852 tuit
2305 803 2495 852 emota
2535 803 2725 852 mente
2776 798 3117 868 excogitare,
3152 797 3474 853 Romanam
3526 799 3583 852 in
3618 799 3802 854 Eccle-

2164 888 2311 942 siam
2344 888 2586 958 projecit
2634 885 2978 941 calumnias.
3014 887 3121 941 Eas
3152 887 3409 941 continet
3450 904 3654 943 omnes
3683 891 3802 943 En-

2161 977 2367 1046 cyctica
2427 977 2684 1047 Epistola,
2743 992 2920 1046 quam
2978 975 3137 1029 dedit
3191 975 3261 1030 ad
3316 977 3803 1050 archiepiscopales

2161 1065 2379 1120 thronos
2425 1081 2522 1135 per
2567 1065 2844 1120 Orientem
2891 1065 3219 1131 obtinentes,
3265 1065 3521 1120 secunda
3571 1066 3627 1120 in
3679 1067 3802 1120 edi-

2161 1154 2317 1208 tione
2374 1153 2733 1208 Montacutii.
2798 1154 2953 1207 Hanc
3007 1153 3180 1208 etiam
3251 1153 3537 1225 integram
3604 1155 3802 1211 Latine

2162 1242 2336 1296 refert
2384 1241 2688 1308 Baronius,
2748 1243 2818 1296 ad
2870 1258 3005 1296 ann.
3056 1242 3183 1307 863,
3233 1258 3287 1294 n.
3338 1242 3426 1296 34.
3479 1242 3800 1298 Dissidium

2161 1329 2398 1384 innovat
2419 1335 2620 1384 contra
2641 1329 2825 1384 sancti
2858 1329 3109 1400 Spiritus
3139 1347 3172 1384 a
3201 1331 3365 1385 Patre
3394 1331 3639 1402 Filioque
3668 1349 3800 1404 pro-

2160 1417 2441 1479 cessione,
2474 1419 2718 1489 ejusque
2756 1417 2910 1472 vocis
2940 1419 3188 1488 Filioque
3235 1419 3698 1475 additamentum
3729 1422 3799 1476 ad

2159 1506 2501 1577 Symbolum
2547 1506 2857 1576 improbat,
2910 1507 3167 1570 damnat,
3219 1512 3568 1561 exsecratur.
3614 1508 3801 1563 Verba

2160 1600 2314 1660 sunt,
2377 1611 2503 1664 qua:
2555 1596 2724 1664 juxta
2774 1595 3036 1648 Latinam
3087 1594 3425 1650 Montacutii
3474 1596 3798 1652 versionem

2159 1684 2386 1754 profero
2438 1700 2452 1738 :
2503 1685 2710 1737 Prxeter
2754 1687 3083 1738 memoratas
3128 1684 3519 1752 absurditates,
3549 1695 3798 1741 sanctum

2157 1781 2206 1826 et
2261 1789 2479 1826 sacrum
2521 1771 2855 1842 Symbolum,
2903 1773 3042 1843 quod
3089 1775 3158 1828 ab
3198 1774 3448 1828 omnibus
3503 1778 3798 1830 weameni-

2155 1877 2342 1915 corum
2369 1863 2728 1916 conciliorum
2756 1863 2984 1917 calculis
3012 1862 3390 1930 conﬁrmatur,
3422 1867 3473 1917 et
3511 1865 3622 1919 vim
3651 1865 3796 1921 obti-

2157 1961 2247 2004 net
2278 1952 2700 2020 irresistibilem,
2732 1951 2980 2008 sensibus
3009 1952 3238 2022 spuriis,
3271 1952 3448 2008 verbis
3475 1954 3626 2009 199
3657 1957 3798 2010 asci-

2155 2040 2296 2094 titiis
2328 2041 2473 2110 (qua:
2513 2055 2728 2095 summa
2755 2041 2867 2111 fuit
2911 2042 3155 2111 ipsorum
3203 2042 3494 2112 audacia),
3523 2044 3801 2099 conaban-

2155 2137 2246 2183 tur
2273 2127 2616 2184 wtulterare.
2661 2130 2700 2184 0
2751 2130 3184 2185 machinationes
3227 2129 3571 2186 diabolicas!
3617 2132 3795 2202 Spiri-

2155 2224 2276 2272 tum
2319 2223 2568 2272 sanctum
2607 2234 2744 2274 novo
2785 2236 2934 2274 more
2977 2220 3534 2275 comminiscebantur
3583 2238 3692 2277 non
3733 2224 3800 2278 de

2154 2308 2266 2362 solo
2290 2309 2476 2374 Patre,
2509 2308 2601 2363 sed
2632 2309 2802 2363 etiam
2830 2309 2970 2363 Filio
2996 2309 3310 2379 procedere.
3345 2309 3568 2381 Dogma
3598 2328 3792 2383 repro-

2156 2396 2253 2450 bat
2308 2395 2619 2451 levissimis
2671 2413 2735 2451 ac
2785 2395 3049 2451 futilibus
3102 2398 3485 2468 argumentis,
3539 2415 3790 2469 quorum

2153 2485 2444 2556 praecipua
2491 2485 2745 2541 refutata
2795 2485 2918 2557 lege
2957 2485 3016 2540 iu
3063 2486 3469 2542 dissertatione
3521 2488 3572 2552 1,
3604 2488 3791 2559 capite

2151 2575 2203 2642 8,
2238 2590 2399 2627 num.
2429 2573 2484 2626 7.

2223 2659 2351 2715 Haec
2374 2660 2616 2716 Photius
2647 2677 2780 2716 cum
2805 2662 3099 2727 scriberet,
3133 2661 3414 2734 Bulgaros
3445 2678 3630 2734 nuper
3650 2680 3788 2719 con-

2151 2767 2347 2805 versos
2376 2751 2446 2805 ad
2479 2750 2652 2804 fidem
2685 2752 2984 2822 spectabat
3037 2769 3048 2806 :
3104 2767 3287 2822 eaque
3317 2750 3622 2807 incusabat
3666 2753 3792 2808 sine

2155 2838 2354 2907 dubio,
2403 2856 2528 2909 quae
2577 2840 2696 2910 geri
2747 2840 2900 2910 apud
2950 2841 3183 2894 eosdem
3236 2837 3516 2911 Bulgaros
3563 2841 3783 2896 rescive

2152 2933 2260 2992 rat,
2293 2927 2350 2980 in
2384 2927 2495 2982 fide
2525 2927 2812 2982 catholica
2842 2945 2874 2982 a
2908 2927 3128 2983 Latinis
3160 2927 3536 2999 presbyteris,
3586 2933 3642 2983 et
3670 2929 3790 3001 epi-

2151 3015 2345 3086 sc0pis
2380 3016 2696 3071 institutos.
2732 3016 3007 3072 Dubitare
3029 3033 3141 3072 non
3165 3017 3387 3082 sinunt,
3413 3033 3540 3088 quae
3574 3017 3790 3073 ibidem

2153 3105 2510 3175 praemiserat
2558 3106 2817 3172 Photius,
2853 3106 2973 3161 haec
3015 3106 3230 3162 verba:
3288 3127 3315 3154 ‹‹
3367 3107 3619 3161 Barbara
3661 3109 3790 3162 But-

2149 3209 2410 3264 garorum
2439 3211 2602 3265 gens,
2635 3199 2689 3248 et
2735 3194 2963 3250 Christo
3007 3194 3192 3249 invisa
3221 3199 3278 3249 et
3309 3194 3538 3260 infesta,
3575 3196 3633 3251 iu
3666 3201 3790 3251 tan-

401 3282 661 3353 gentiore
704 3265 839 3336 erisi
889 3279 1249 3352 expendendi
1303 3284 1460 3344 sunt,
1497 3293 1565 3332 ne
1597 3279 1743 3332 ritus
1795 3296 1909 3334 aevo
1942 3279 2039 3333 illo
2071 3265 2114 3331 (ἶ
2151 3288 2270 3337 tam
2318 3283 2849 3350 mansuetudinem,
2882 3289 2938 3338 et
2989 3285 3084 3337 Dei
3117 3283 3506 3356 cognitionem
3555 3301 3791 3341 conver-

404 3371 673 3426 Romanae
707 3367 970 3424 Ecclesia:
1001 3367 1354 3437 tribuamus,
1389 3384 1535 3438 quos
1581 3367 1822 3422 minime
1853 3368 2042 3422 adhuc

400 3458 682 3530 receperit
715 3474 726 3511 :
760 3474 877 3528 qua
904 3456 974 3510 de
1006 3473 1078 3525 ,re
1109 3455 1299 3510 adhuc
1350 3455 1499 3509 infra
1531 3455 1820 3526 agendum
1854 3455 2043 3526 capite

401 3547 688 3618 sequenti.

1050 3651 1280 3706 CAPUT
1318 3649 1387 3705 V.

399 3741 616 3800 διίεσαιο
673 3755 838 3807 ηοηο,
901 3741 1165 3795 Photiano
1220 3743 1478 3810 tempore,
1537 3739 1854 3810 Symbolum
1899 3755 2040 3801 voce.

473 3813 734 3868 Filiooue.
791 3827 901 3866 non
945 3819 1181 3866 auxerat
1231 3813 1484 3866 Romana
1533 3812 1780 3865 Ecclesia
1816 3829 1827 3864 :
1863 3813 2043 3866 Photii

469 3883 713 3955 fraudes,
783 3891 834 3938 et
889 3886 1206 3937 commenta.
1264 3884 1460 3955 Altera,
1496 3884 1690 3955 saeculi
1715 3953 1728 3955 _
1763 3883 2043 3936 undecimi

470 3953 778 4021 medietate,
839 3956 1152 4022 invectoque
1193 3970 1293 4024 per
1339 3953 1651 4008 Michaelem
1697 3953 2041 4008 Cerularium

468 4027 776 4086 schismate,
839 4026 1227 4096 interpolatum
1290 4028 1347 4079 in
1405 4026 1596 4079 eadem
1647 4026 1884 4080 Ecclesia
1937 4028 2039 4080 Ro-

467 4114 637 4151 mana
689 4096 1007 4166 Symbolum
1066 4099 1121 4150 in
1175 4113 1280 4150 usu
1331 4105 1453 4150 erat
1502 4112 1515 4148 :
1563 4097 1872 4150 schismatis
1913 4113 2040 4152 vera

467 4185 650 4223 causa.
693 4170 914 4238 Incepto
965 4167 1147 4222 eodem
1191 4171 1412 4234 saeculo,
1441 4166 1765 4236 Symbolum
1817 4169 1937 4235 ipsa
1981 4170 2040 4222 in

465 4241 718 4308 Liturgia
773 4255 992 4305 canere,
1052 4243 1150 4293 aut
1196 4241 1430 4293 recitare
1475 4239 1656 4308 ccepti.
1718 4241 1797 4292 An
1857 4239 2041 4294 eodem

467 4321 706 4382 tempore
750 4311 1183 4365 additamentum
1227 4309 1528 4378 admiserit,
1555 4326 1666 4382 ian.‘
1700 4314 1882 4374 antea,
1923 4313 2038 4380 opi-

463 4380 658 4438 niones
685 4383 864 4438 variae
893 4399 910 4434 :
941 4397 1070 4452 qua:
1095 4382 1502 4450 expenduntur.
1526 4381 1606 4434 An
1633 4380 1852 4434 demum
1881 4382 2037 4452 Sym-

467 4455 649 4508 bolum
699 4453 1392 4522 Constantinoliolitanum,
1445 4453 1692 4521 illudque
1739 4454 2036 4523 interpola-

464 4533 599 4592 tum,
631 4525 949 4579 adhibuerit
999 4541 1244 4595 unquam
1274 4526 1332 4577 in
1389 4524 1737 4593 baptismatis
1768 4524 2037 4578 adminis-

459 4597 694 4652 tratione
715 4615 733 4649 :
761 4596 1128 4667 Aquileiensis
1157 4595 1409 4650 Ecclesia
1442 4596 1582 4648 ritus
1610 4595 1925 4650 exhibetur.

466 4703 508 4756 Ι.
543 4702 647 4756 Diu
682 4701 914 4767 siluere,
948 4719 1074 4772 qua:
1120 4707 1280 4756 mota
1319 4701 1550 4756 fuerant
1577 4701 1648 4755 de
1697 4702 2039 4758 Processione

396 4790 636 4861 Spiritus
664 4790 839 4844 sancti
885 4790 1151 4857 dissidia,
1185 4791 1302 4844 sive
1356 4794 1558 4845 contra
1602 4788 1793 4859 ipsam
1826 4789 2031 4844 divina)

390 4878 577 4933 tertiae
624 4893 880 4949 persona:
931 4879 1214 4951 originem
1260 4896 1297 4932 a
1331 4885 1496 4933 Patre
1543 4885 1594 4931 et
1633 4895 1667 4931 a
1710 4878 1870 4946 Filio,
1917 4879 2034 4932 sive

393 4971 597 5022 contra
641 4966 797 5021 vocis
844 4965 1092 5038 Filioque
1142 4967 1499 5021 additionem
1550 4966 1620 5020 ad
1669 4965 2031 5036 Symbolum.

393 5055 456 5110 In
491 5055 603 5109 ﬁde
629 5055 920 5125 dogmatis
966 5056 1210 5109 immota
1253 5054 1608 5110 consistebat
1639 5053 1892 5109 Ecclesia
1924 5055 2034 5109 Ro-

395 5160 591 5209 mana,
624 5159 756 5198 cum
789 5144 1060 5198 omnibus
1105 5144 1435 5198 Occidentis
1468 5143 1759 5208 Ecclesiis,
1795 5143 2033 5213 perenni

394 5233 653 5298 Patrum,
677 5231 850 5286 etiam
879 5231 1229 5297 Graecorum,
1253 5231 1562 5286 traditione
1587 5232 1814 5286 munita
1841 5247 1854 5286 :
1880 5232 2032 5302 quod

393 5321 515 5377 aliae
546 5337 680 5376 vero
711 5320 974 5375 Ecclesiae
1019 5321 1453 5376 additamentum
1501 5325 1856 5391 receperant,
1891 5337 2032 5373 non-

397 5412 538 5465 dum
570 5408 888 5465 admiserat
912 5414 1032 5465 toto
1080 5411 1290 5465 saeculo
1335 5427 1487 5464 nono
1518 5410 1720 5465 eadem
1751 5409 2030 5464 Romana.

395 5500 538 5556 Rem
569 5498 843 5554 evincunt
871 5498 1151 5554 Photiana
1179 5498 1380 5570 litigia.

466 5589 731 5645 Romana
761 5587 818 5642 in
867 5587 1089 5660 synodo
1117 5605 1268 5642 anno
1311 5589 1416 5641 863
1447 5586 1734 5642 celebrata
1782 5586 2031 5658 proscri-

394 5681 532 5756 ptus
587 5675 832 5736 Photius
889 5693 924 5734 a
979 5675 1213 5734 Nicolao
1264 5677 1308 5750 Ι,
1351 5674 1529 5734 veluti
1573 5675 1729 5733 sedis
1771 5675 2030 5746 alterius,

2151 3370 2312 3437 titur,
2347 3375 2411 3425 ut
2441 3388 2473 3423 a
2505 3370 2708 3442 patriis
2758 3371 3178 3444 diabolicisque
3208 3373 3386 3444 orgiis
3435 3375 3791 3440 recedentes,

2150 3463 2206 3515 et
2267 3461 2558 3530 paganicze
2609 3459 3042 3530 superstitionis
3098 3477 3352 3516 errorem
3409 3462 3788 3531 excutientes,

2152 3551 2358 3618 praeter
2387 3563 2619 3602 omnem
2669 3548 3157 3618 exspectationem
3207 3549 3265 3603 in
3298 3549 3472 3604 fidem
3513 3549 3794 3605 Christia-

2152 3652 2287 3690 nam
2321 3635 2478 3690 insiti
2512 3635 2890 3690 transierunt.
2933 3637 3043 3692 Sed
3074 3653 3106 3691 ο
3138 3637 3494 3709 improbum,
3528 3638 3796 3693 invidum

2152 3723 2288 3788 Deo,
2324 3724 2581 3779 invisum
2620 3723 2952 3791 consilium,
2987 3728 3044 3779 et
3092 3725 3448 3796 incmptum!
3489 3767 3501 3780 .
3542 3769 3553 3780 .
3593 3769 3604 3781 .
3639 3731 3796 3782 Non-

2153 3811 2290 3865 dum
2325 3811 2478 3866 enim
2512 3829 2654 3883 gens
2686 3812 2784 3866 illa
2815 3829 2916 3883 per
2959 3813 3260 3868 biennium
3295 3822 3497 3869 rectam
3529 3813 3796 3870 Christia-

2149 3917 2349 3956 norum
2377 3901 2701 3971 religionem
2722 3901 3075 3968 (Grecorum
3102 3903 3297 3974 opera)
3318 3919 3409 3957 am
3420 3902 3760 3974 plexabatur
3780 3920 3792 3957 :

2151 4009 2284 4046 cum
2317 3989 2478 4060 impii
2513 3989 2750 4060 quidam
2783 3989 3070 4057 homines,
3104 3996 3160 4045 et
3189 3993 3526 4046 exsecrandi
3561 4035 3572 4046 .
3612 4034 3624 4046 .
3653 4031 3664 4044 .
3698 4009 3795 4047 ex-

2150 4081 2258 4133 orti
2301 4078 2367 4133 ab
2410 4079 2651 4133 accaduis
2695 4078 2944 4149 partibus
2977 4121 2989 4133 .
3028 4123 3039 4134 .
3077 4121 3088 4132 .
3123 4096 3156 4134 a
3187 4079 3346 4134 sanis
3395 4084 3451 4134 et
3496 4080 3658 4152 puris
3698 4080 3799 4136 do-

2148 4167 2446 4240 gmatibus
2474 4171 2531 4221 et
2561 4184 2594 4221 a
2625 4167 2736 4221 ﬁde
2759 4166 3057 4239 inculpata
3076 4167 3540 4223 Christianorum
3567 4185 3664 4224 eos
3695 4185 3792 4224 su-

2149 4256 2316 4311 bdole
2346 4257 2653 4321 deducere,
2686 4261 2742 4311 et
2766 4273 3139 4328 corrumpere
3169 4257 3552 4312 conabantur.
3583 4257 3795 4328 Impri-

2150 4346 2264 4400 mis
2295 4349 2496 4400 contra
2539 4344 2802 4400 Ecclesiae
2855 4361 3108 4401 canones
3159 4344 3358 4401 illicite
3407 4346 3479 4402 ad
3511 4346 3795 4401 Sabbato-

2149 4451 2278 4488 rum
2322 4433 2551 4503 jejunia
2599 4434 2983 4488 traducebant
3017 4475 3030 4488 .
3067 4475 3078 4487 .
3118 4477 3129 4488 .
3179 4433 3440 4489 Sanctum
3484 4443 3536 4490 et
3578 4451 3801 4489 sacrum

2150 4523 2472 4594 Symbolum
2501 4523 2744 4577 sensibus
2783 4524 3008 4592 spuriis,
3041 4531 3092 4578 et
3136 4523 3316 4578 verbis
3345 4524 3593 4578 ascititiis
3623 4540 3799 4579 cona-

2069 4633 2114 4696 D
2151 4611 2351 4667 bantur
2410 4611 2780 4665 adulterare.»
2821 4611 3034 4666 Contra
3058 4613 3415 4682 processionis
3444 4612 3659 4683 dogma
3689 4613 3800 4666 im-

2149 4699 2506 4772 peritissime
2555 4705 2798 4771 pugnat,
2848 4716 2913 4754 ac
2964 4700 3206 4755 subdit:
3260 4702 3411 4756 Hanc
3459 4702 3801 4772 impietatem

2143 4790 2499 4845 tenebrarum
2531 4789 2620 4842 illi
2667 4790 2905 4859 episc0pi
2932 4791 3022 4859 (ex
3065 4789 3336 4844 Occiduis
3368 4788 3652 4862 partibus)
3683 4807 3799 4846 una

2144 4895 2268 4933 cum
2295 4879 2528 4943 illicitis,
2561 4882 2613 4931 et
2657 4878 2962 4944 illcgitimis
2992 4879 3124 4932 aliis
3171 4877 3316 4948 apud
3346 4881 3558 4945 gentem
3592 4879 3793 4948 Bulga-

2144 4970 2322 5022 ricam
2368 4967 2816 5022 disseminabant.
2851 4971 3069 5020 Harum
3114 4983 3300 5021 rerum
3342 4968 3499 5036 fama
3543 4969 3797 5038 pervenit

2145 5057 2221 5112 ad
2251 5074 2412 5112 aures
2459 5060 2691 5109 nostras.
2740 5055 3074 5126 Episcopos,
3121 5071 3186 5110 ac
3241 5057 3608 5128 presbyteros
3639 5054 3792 5110 Lati-

2147 5163 2271 5216 nos,
2302 5146 2400 5216 qui
2436 5143 2715 5214 Bulgaros
2761 5142 3105 5198 erudiebant
3155 5143 3211 5197 in
3264 5144 3396 5210 fide,
3429 5143 3673 5198 Photius
3704 5143 3794 5197 in-

2144 5240 2309 5289 cusat
2357 5235 2426 5288 de
2486 5233 2684 5287 addita
2712 5248 2848 5286 voce
2894 5233 3138 5302 Filioque
3170 5232 3239 5286 ad
3273 5231 3614 5304 Symbolum
3651 5249 3663 5287 :
3703 5249 3798 5286 ne-

2144 5339 2256 5393 que
2287 5327 2481 5376 tamen
2513 5320 2758 5375 inliciari
2804 5321 3018 5386 ausim,
3051 5321 3189 5392 quin
3228 5322 3350 5392 ipse
3401 5321 3535 5376 inde
3565 5320 3796 5392 collige-

2144 5417 2248 5479 ret,
2307 5410 2739 5465 additamentum
2789 5408 2929 5463 illud
2993 5410 3146 5480 apud
3198 5410 3344 5465 alias
3393 5408 3796 5465 Occidentales

2143 5498 2461 5554 invaluisse
2493 5497 2802 5567 Ecclesias,
2837 5515 2902 5552 ac
2923 5497 3099 5553 etiam
3132 5498 3476 5554 Romanam.
3507 5498 3617 5554 Sed
3640 5497 3794 5552 hanc

2143 5590 2214 5644 de
2245 5588 2508 5643 Romana
2537 5587 2929 5658 suspicionem
2962 5587 3119 5641 brevi
3151 5588 3440 5660 deposuit.

2216 5677 2506 5734 Laudatos
2537 5675 2921 5750 Bulgarorum
2951 5674 3185 5734 Latinos
3228 5676 3577 5734 catechistas
3606 5674 3790 5732 veluti
