4118 6456
287 441 391 503 19ῖ

1491 435 1700 495 VlTA.
1733 463 1812 482 -—
1841 425 2358 494 DISSERTATIO
2404 425 2478 492 ΙΙ.

3560 425 3678 487 198

285 575 348 630 de
365 574 509 629 facie
540 585 897 645 cognoscere
927 567 1178 626 maxime
1212 570 1466 640 praestat.
1504 565 1759 621 Annales
1791 562 1925 618 Ber-

2065 578 2228 634 iacho
2256 578 2484 636 inlibro
2518 597 2573 638 ιν
2600 589 2795 636 contra
2827 578 3051 642 Griecos,
3100 577 3376 632 Photiano
3415 582 3678 649 tempore

287 663 484 720 tiniani
527 662 601 716 ad
632 676 860 716 annum
913 659 1021 714 866
1051 657 1131 713 sic
1178 656 1444 712 habent:
1480 677 1508 706 ‹‹
1553 655 1672 710 Rex
1722 651 1932 724 Bulga—

290 769 499 817 rcrum,
524 748 628 822 qui
663 749 1031 820 praecedente
1062 763 1235 802 anno.
1273 788 1286 801 .
1313 787 1326 800 .

289 841 600 897 meditatus
652 838 871 902 fuerat,
910 852 1146 892 sacrum
1201 834 1496 907 baptisma
1552 830 1831 902 suscepit.
1867 871 1879 882 .
1917 871 1932 884 .

289 931 512 986 Mittens
539 928 619 982 ad
648 925 982 981 Ludovicum
1019 939 1199 993 regem
1220 923 1556 992 Germaniae,
1593 919 1693 992 qui
1724 919 1775 974 ei
1833 917 1936 972 fm-

291 1021 410 1076 dere
438 1017 606 1090 pacis
633 1017 988 1088 conjunctus
1019 1017 1162 1082 erat,
1205 1012 1518 1084 episcopum
1547 1016 1597 1064 et
1648 1008 1935 1082 presbyte-

293 1125 366 1163 ros
394 1105 752 1179 postulavit.
792 1146 804 1158 .
840 1145 854 1158 .
879 1102 1210 1159 Ludovicus
1231 1105 1427 1157 autem
1450 1099 1525 1155 ad
1543 1097 1803 1156 Carolum
1824 1098 1937 1168 fra-

1917 683 1932 752 ς
2043 669 2305 739 scripto:
2341 671 2478 724 Dein
2519 669 2734 724 Ariana
2779 668 3150 739 reputtulante
3195 667 3418 724 vesania
3463 666 3679 736 (inqui-

1384 743 1751 799 ChPiStianus
1809 742 1934 796 ﬁeri
2044 758 2217 827 ente),
2273 758 2590 828 volenteque
2636 758 2960 826 conﬁrmare
3009 772 3119 811 non
3165 771 3277 810 esse
3322 758 3486 812 rectae
3523 755 3678 825 ﬁdei,

2044 845 2324 916 Spiritum
2376 856 2632 902 sanctum
2685 846 2862 902 dicere
2903 862 2936 900 a
2990 846 3154 898 Patre
3201 844 3529 914 procedere;
3587 850 3686 900 hoc

2044 936 2175 1005 quia
2202 934 2483 990 videretur
2523 951 2634 991 esse
2691 934 3081 1006 blasphemum,
3142 935 3403 1005 quoniam
3449 933 3686 988 duorum

2037 1023 2388 1093 proﬁteretur
2431 1026 2596 1079 Pater
2634 1023 2782 1079 201
2852 1038 2988 1088 esse,
3019 1022 3078 1076 id
3133 1029 3211 1076 est
3267 1022 3419 1086 Filii,
3449 1025 3504 1076 et
3561 1021 3683 1092 Spi-
3781 1053 3796 1074 κ

2044 1113 2186 1166 ritus
2207 1114 2434 1176 sancti;
2463 1111 2604 1167 hanc
2649 1126 2855 1183 quoque
2913 1109 3309 1180 blasphemiam
3363 1109 3682 1181 propellen-

293 1205 413 1253 trem
441 1211 613 1250 suum
644 1193 908 1261 mittens,
942 1194 1004 1247 in
1030 1191 1400 1246 ministerium
1414 1190 1762 1250 clericorum,
1779 1185 1934 1256 apud

2065 1201 2170 1256 tam
2226 1201 2572 1256 decernentes
2627 1201 2884 1256 Ecclesiae
2939 1199 3204 1265 doctores,
3254 1199 3691 1270 superaddidere

291 1288 518 1343 fratrem
550 1299 735 1339 suum
767 1298 907 1337 vasa
935 1284 1166 1336 sacrata
1194 1295 1510 1350 sacrasque
1548 1281 1738 1332 vestes
1769 1289 1835 1329 ac
1867 1272 1938 1327 li-

2042 1288 2290 1360 symbolo
2315 1306 2335 1350 ;
2367 1288 2642 1360 Spiritum
2685 1296 2937 1344 sanctum
2963 1303 2998 1341 a
3026 1288 3167 1341 Filio
3225 1302 3436 1356 quoque
3498 1301 3688 1357 proce-

290 1376 414 1430 bros
446 1371 648 1445 petiit.
689 1370 856 1426 Unde
885 1368 1125 1426 Carolus
1175 1368 1249 1423 ab
1307 1365 1596 1439 episcopis
1632 1363 1797 1437 regni
1845 1360 1940 1418 sui

2065 1380 2193 1447 tere,
2224 1394 2296 1432 ne
2325 1379 2376 1432 si
2403 1377 2467 1433 de
2492 1379 2661 1434 Patre
2689 1380 2904 1432 tantum
2945 1375 3232 1446 procedere
3259 1375 3549 1441 diceretur,
3587 1391 3690 1446 pu-

289 1481 391 1520 non
449 1477 704 1535 parvam
763 1475 1062 1516 summam
1122 1457 1438 1528 accipiens,
1527 1454 1580 1510 ei
1664 1453 1737 1508 ad
1798 1451 1937 1506 diri-

286 1551 542 1624 gendum
574 1549 706 1622 regi
744 1547 1136 1620 Bulgarorum
1187 1546 1368 1602 misit.
1406 1566 1436 1593 ››
1466 1545 1550 1599 Ex
1598 1539 1936 1608 Gallicanis,

287 1642 434 1699 200
459 1643 570 1696 aut
597 1637 972 1694 Germanicis
1001 1634 1275 1691 Ecclesiis
1333 1633 1576 1690 clericos
1607 1632 1665 1686 in
1725 1628 1936 1701 Bulga-

2049 1469 2266 1522 taretur
2287 1466 2482 1532 Filius,
2505 1482 2601 1521 nec
2629 1465 2902 1520 diceretur
2943 1463 3179 1534 Spiritus
3237 1462 3396 1518 Filii.
3429 1465 3547 1518 Non
3585 1467 3686 1533 ait,

2048 1572 2088 1611 a
2106 1556 2351 1610 Romana
2376 1556 2614 1610 Ecclesia
2643 1554 2912 1624 Symboio
2971 1552 3406 1624 superadditam
3466 1569 3687 1622 vocem,

2045 1645 2346 1715 Filioque:
2403 1644 2503 1700 sed
2535 1643 2600 1699 ab
2657 1643 2906 1698 Ecclesiae
2962 1641 3292 1707 doctoribus,
3346 1657 3494 1712 quos
3549 1641 3686 1698 hac-

284 1733 422 1786 riam
460 1728 716 1794 missos,
764 1730 1015 1782 constat.
1047 1722 1396 1780 Anastasius
1453 1718 1941 1777 Bibliothecarius
2049 1737 2222 1787 tenus
2243 1749 2358 1787 non
2390 1731 2534 1788 alios
2561 1730 2812 1802 reperire
2844 1731 3046 1785 datum
3077 1734 3183 1796 est,
3233 1728 3346 1784 nisi
3404 1731 3692 1800 Hispanos,

283 1820 583 1874 Romanos
613 1817 797 1871 etiam
841 1815 1148 1888 episcopos
1178 1812 1318 1867 illuc
1347 1811 1600 1866 directos
1658 1811 1943 1863 memorat
2049 1821 2379 1886 Gallicanos,
2407 1819 2722 1886 Germanos,
2757 1823 2814 1873 et
2845 1819 3057 1874 Italicos
3086 1817 3145 1872 in
3177 1833 3355 1889 regno
3388 1817 3582 1872 Italiae.

283 1909 335 1964 in
364 1907 503 1962 Vita
533 1903 772 1962 Nicolai
801 1920 814 1957 :
847 1907 1084 1974 accepta
1129 1899 1429 1957 Michaelis
1479 1897 1668 1972 gentis
1728 1895 1941 1966 Bulga-

285 2013 477 2052 rorum
543 1994 711 2066 regis
761 1992 1054 2064 legatione
1089 2006 1270 2047 mense
1325 1990 1586 2060 Augusto,
1644 1985 1943 2041 indictione

287 2092 484 2157 quarta
515 2084 770 2149 decima,
829 2081 1123 2152 inquiens,
1167 2080 1407 2134 Paulum
1467 2076 1944 2147 Populoniensem,

291 2185 335 2231 et
353 2177 698 2231 Formosum
727 2176 1109 2236 Portuensem,
1139 2185 1353 2238 magna:
1392 2166 1705 2223 sanctitatis
1751 2163 1948 2233 episco-

294 2281 394 2335 pos.
429 2307 444 2318 .
482 2305 498 2316 .
538 2261 613 2316 ad
640 2258 1061 2332 praedicandum
1087 2259 1244 2329 genti
1298 2256 1391 2312 illi
1438 2257 1544 2326 ire,
1574 2254 1809 2309 decrevit
1837 2255 1949 2304 An-

302 2353 511 2406 nalium
536 2348 940 2404 Fuldensium
973 2348 1124 2402 addo
1163 2347 1358 2413 verba,
1399 2361 1526 2416 quas
1585 2342 1763 2414 digna
1810 2341 1951 2396 sunt

307 2438 833 2506 animadversione,
866 2436 938 2492 ad
972 2452 1192 2492 annum
1247 2435 1353 2489 866
1398 2437 1456 2489 et
1501 2433 1944 2504 insequentem:

317 2529 536 2601 aLegati
574 2525 973 2598 Bulgarorum
998 2524 1404 2595 Radesponam
1447 2523 1518 2578 ad
1549 2536 1745 2593 regem
1773 2533 1948 2573 vene-

317 2624 442 2684 rant,
483 2617 767 2671 dicentes
800 2630 814 2668 :
846 2617 1058 2686 Regem
1089 2611 1323 2668 illorum
1374 2626 1510 2667 cum
1563 2607 1776 2681 populo
1833 2621 1950 2660 non

312 2707 520 2761 medico
554 2704 636 2760 ad
689 2702 990 2759 Christum
1050 2718 1179 2758 esse
1234 2716 1598 2770 conversum,
1655 2695 1952 2767 simulque

309 2801 582 2866 petentes,
619 2798 689 2850 ut
720 2808 821 2847 rex
848 2792 1089 2847 idoneos
1149 2790 1554 2864 praedicatores
1609 2785 1952 2842 Christianae

304 2884 606 2956 religionis
640 2882 716 2938 ad
749 2898 849 2937 eos
873 2882 1103 2937 mittere
1135 2897 1249 2936 non
1281 2877 1681 2934 dili'erret.Rex
1703 2873 1952 2930 Ludovi-

304 2989 418 3042 cus,
451 2973 858 3045 Bulgarorum
873 2971 1250 3043 petitionibus
1273 2969 1956 3024 annuensErmenricum

303 3065 614 3134 episcopum
645 3077 783 3116 cum
817 3060 1190 3133 presbyteris,
1223 3063 1280 3114 et
1309 3056 1651 3114 diaconibus
1691 3056 1763 3110 ad
1822 3069 1953 3126 pro-

303 3151 640 3223 pagandam
671 3150 848 3206 ﬁdem
878 3149 1223 3205 catholicam
1255 3147 1504 3220 pralatae
1527 3145 1686 3218 genti
1705 3143 1955 3200 destina-

303 3241 397 3294 vit.
431 3241 549 3295 Sed
585 3255 724 3294 cum
770 3238 910 3294 illuc
958 3237 1376 3310 pervenissent,
1410 3235 1666 3308 episcopi
1697 3250 1732 3288 a
1762 3231 1951 3288 Ponti-

1971 1950 2020 2016 B

2122 1909 2402 1964 Summus
2433 1906 2692 1964 Pontilex
2719 1906 2994 1962 Nicolaus
3034 1905 3094 1960 in
3117 1905 3364 1978 epistola
3399 1923 3550 1960 anno
3565 1907 3689 1976 867,

2055 2013 2257 2052 mense
2285 1995 2536 2062 Octobri,
2581 1996 2882 2051 indictione
2909 1996 3091 2066 prima
3120 2012 3154 2050 a
3181 1995 3496 2065 septembri
3547 2011 3690 2066 prae-

2057 2085 2281 2141 cedenti
2312 2085 2562 2156 incepta,
2623 2085 2694 2141 ad
2743 2083 3120 2139 Hincmarum
3174 2083 3328 2151 data,
3371 2086 3425 2140 et
3478 2087 3695 2140 caeteros

2055 2176 2326 2246 episcopos
2355 2177 2416 2228 in
2444 2190 2610 2244 regno
2643 2173 2844 2238 Caroli,
2873 2173 3283 2244 reprebensam
3315 2189 3349 2227 a
3378 2172 3577 2228 Photio
3623 2174 3694 2228 de

2049 2265 2389 2334 processionc
2435 2263 2675 2333 Spiritus
2717 2263 2896 2317 sancti
2923 2279 2957 2316 a
3015 2263 3179 2316 Patre
3241 2265 3293 2315 et
3323 2278 3356 2315 a
3405 2262 3544 2316 Filio
3579 2261 3691 2317 Ro-

2058 2369 2295 2408 manam
2347 2351 2663 2408 Ecclesiam
2726 2356 2945 2419 narrat,
3001 2349 3163 2405 nulla
3218 2349 3579 2406 additamenti
3621 2351 3692 2406 ad

2057 2440 2394 2514 Symbolum
2428 2441 2720 2497 mentione
2749 2439 2978 2512 ingesta
3007 2441 3268 2504 Conatur,
3330 2439 3541 2510 inquit,
3577 2449 3691 2495 tam

2057 2535 2302 2586 nostram
2329 2530 2664 2602 specialiter,
2697 2546 2864 2600 quam
2910 2543 3127 2584 omnem
3181 2529 3526 2596 generaliter
3571 2544 3698 2599 quae

2059 2621 2252 2692 lingua
2280 2620 2478 2675 Latina
2505 2621 2702 2688 utitur,
2735 2617 3037 2673 Ecclesium
3093 2616 3483 2687 reprehendere
3515 2635 3527 2672 :
3557 2618 3697 2690 quod

2063 2749 2075 2762 .
2113 2750 2125 2762 .
2165 2750 2177 2762 .
2214 2749 2226 2763 .
2250 2707 2516 2779 Spiritum
2544 2709 2795 2762 sanctum
2816 2723 2885 2762 ea:
2921 2708 3085 2761 Patre
3115 2707 3366 2776 Filioque
3407 2709 3702 2778 procedere

2059 2795 2324 2866 dicamus,
2356 2813 2480 2852 cum
2508 2797 2615 2866 ipsi
2660 2795 2805 2851 hunc
2850 2798 3068 2850 tantum
3096 2811 3165 2850 ea:
3192 2800 3361 2850 Patre
3407 2795 3706 2865 procedere

2059 2887 2357 2955 fateantur.
2393 2884 2713 2951 Pontiﬁcis,
2746 2901 2812 2939 ac
2868 2884 3275 2956 episcoporum
3306 2883 3501 2940 Galliae
3548 2885 3698 2941 votis

2062 2991 2325 3030 annuens
2352 2975 2561 3030 (Encas
2616 2973 2715 3045 qui
2779 2973 3160 3029 Parisiensem
3219 2973 3454 3044 regebat
3505 2973 3698 3028 Eccle-

2063 3064 2231 3131 siam,
2264 3063 2478 3119 librum
2511 3062 2692 3118 edidit
2717 3062 3030 3118 adversum
3060 3061 3335 3128 Photii,et
3364 3065 3697 3118 Graecorum

2062 3151 2414 3208 calumnias:
2449 3153 2637 3222 deque
2668 3167 2749 3217 re,
2783 3168 2896 3223 que
2925 3151 2996 3206 de
3025 3151 3282 3223 agimus,
3315 3150 3433 3206 haec
3464 3153 3699 3206 tantum

2062 3241 2237 3296 habet
2320 3241 2380 3295 in
2438 3239 2773 3312 praefatione
2852 3241 3022 3311 Infert
3088 3238 3374 3311 (Photius)
3431 3241 3690 3296 Romanis

304 3329 407 3384 ﬁce
427 3328 702 3386 Romano
725 3329 894 3384 missi
939 3331 1120 3383 totam
1145 3326 1305 3382 illam
1364 3330 1581 3381 terram
1627 3321 1949 3395 praedicam
1983 3314 2027 3382 C
2065 3330 2290 3386 auribus
2319 3347 2336 3384 :
2361 3330 2543 3398 Quare
2587 3329 2856 3400 Spiritum
2905 3337 3159 3384 sanctum
3188 3345 3222 3381 a
3260 3334 3425 3384 Patre
3463 3337 3516 3383 et
3560 3329 3700 3385 Filio

307 3417 395 3486 do,
423 3423 484 3473 et
518 3418 876 3490 baptizando
895 3418 1024 3489 jam
1063 3421 1202 3472 tunc
1247 3414 1645 3487 repleverant:
1703 3425 1953 3482 quapro-

305 3512 431 3578 pter
459 3507 571 3563 isti
603 3512 845 3579 accepta
873 3524 909 3563 a
937 3522 1072 3579 rege
1097 3506 1353 3575 licentia,
1387 3503 1685 3574 redierunt
1711 3499 1772 3554 in
1825 3514 1952 3553 sua.

406 3596 601 3653 Latini
636 3596 915 3669 episcOpi,
947 3601 1006 3652 et
1035 3595 1229 3651 clerici
1258 3594 1651 3657 innotescunt,
1683 3587 1784 3660 qui
1815 3585 1954 3642 Bul-

308 3709 480 3765 garos
511 3691 574 3745 in
634 3687 750 3742 ﬁde
788 3684 1074 3742 catholica
1128 3683 1489 3749 erudiebant,
1550 3677 1895 3753 gravissime
1926 3692 1960 3729 a

309 3782 514 3837 Photio
545 3774 888 3850 reprehensi
917 3775 992 3830 ob
1023 3773 1295 3829 traditam
1325 3770 1648 3826 doctrinam
1706 3767 1776 3822 de
1829 3766 1960 3820 Pro-

311 3872 560 3926 cessione
594 3867 840 3938 Spiritus
893 3865 1076 3918 sancti
1102 3879 1137 3916 a
1187 3866 1350 3918 Patre
1405 3867 1457 3916 et
1485 3876 1517 3914 a
1563 3857 1718 3912 Filio
1775 3862 1833 3910 et
1885 3854 1958 3909 ob

315 3961 438 4031 ejus
479 3956 645 4012 vocis
675 3955 926 4025 Filioque
954 3951 1311 4008 additionem
1339 3950 1411 4004 ad
1442 3945 1962 4021 Symbolum.Sunt

316 4064 529 4118 nempe
562 4044 848 4102 Gallicani
875 4040 1090 4110 clerici,
1123 4045 1225 4095 aut
1276 4042 1538 4094 Germani
1587 4054 1620 4092 θ.
1669 4034 1960 4090 Ludovico

316 4135 645 4193 Germania:
679 4148 830 4204 rege,
853 4135 911 4186 et
939 4128 1125 4186 Caroli
1157 4129 1294 4184 dicti
1327 4125 1480 4182 Calvi
1514 4125 1668 4197 regis
1706 4124 1960 4180 Francia;

316 4221 711 4281 Occidentalis
742 4236 808 4276 ac
839 4224 1040 4292 postea
1070 4215 1438 4289 imperatoris
1487 4216 1686 4284 fratre,
1727 4213 1786 4268 in
1825 4211 1959 4267 Bul-

315 4315 541 4385 gariam
567 4309 757 4366 missi.
792 4309 943 4364 Sunt
983 4307 1156 4362 etiam
1213 4305 1331 4376 alii,
1389 4321 1538 4376 quos
1585 4303 1646 4357 in
1694 4302 1960 4358 eamdem

313 4403 619 4474 regionem
645 4399 886 4454 miserat
942 4397 1198 4452 Nicotaus
1255 4394 1299 4462 1,
1358 4409 1630 4449 summus
1685 4390 1959 4462 pontifex.

315 4491 552 4546 Miratio
583 4489 793 4544 subeat
822 4484 1005 4552 nulla,
1038 4485 1358 4542 Germanos
1391 4483 1524 4538 illos
1556 4486 1658 4536 aut
1713 4478 1960 4536 Gallica-

313 4595 423 4634 nos
443 4576 1122 4647 Constantinopolitanum
1143 4573 1459 4646 Symbolum
1487 4570 1799 4627 tradidisse
1822 4568 1962 4624 Bul-

2062 3420 2418 3490 proﬁteamur
2467 3417 2766 3489 procedere
2818 3421 2866 3472 et
2904 3433 3013 3473 non
3043 3434 3078 3471 a
3121 3418 3234 3472 solo
3284 3418 3702 3487 Patre?Quid?

2064 3509 2218 3578 quod
2249 3507 2491 3563 Photius
2520 3507 2648 3579 ipse
2671 3506 3034 3576 adjectionem
3063 3505 3135 3560 ad
3189 3505 3508 3576 Symbolum
3555 3523 3700 3564 nou-

2067 3599 2206 3652 dum
2237 3595 2458 3652 Nicolai
2487 3594 2777 3666 pontificis
2807 3599 2973 3650 aetate
3028 3599 3317 3666 receptam
3346 3594 3405 3650 in
3434 3595 3699 3654 Romana

2066 3684 2344 3752 Ecclesia,
2376 3683 2518 3740 satis
2547 3684 2767 3740 indicat
2796 3683 2857 3739 in
2903 3687 3154 3739 tractatu
3200 3683 3271 3738 de
3329 3683 3702 3754 processione

2067 3774 2319 3846 Spiritus
2359 3773 2543 3829 sancti
2579 3791 2592 3842 ;
2628 3790 2697 3827 ex
2727 3789 2843 3843 quo
2877 3773 2988 3828 Leo
3010 3771 3263 3827 Allatius
3305 3771 3702 3845 fragmentum

2069 3864 2285 3936 profert
2309 3861 2728 3918 Exercitatione
2758 3879 2853 3917 xxv
2874 3861 2933 3916 in
2964 3860 3412 3934 Creyglitonum,
3432 3878 3544 3934 pag
3571 3864 3699 3918 231.

2069 3953 2170 4009 Sed
2196 3968 2296 4008 nec
2319 3951 2664 4008 tremendum
2683 3950 2813 4021 ﬁdei
2836 3949 3308 4022 (Symbolum),in
3336 3954 3705 4007 oreommium

2067 4041 2403 4098 circumduci
2429 4041 2669 4106 solitum,
2697 4041 2984 4096 sententia
3010 4055 3120 4094 sua:
3175 4039 3270 4103 (de
3333 4040 3707 4110 processione

2070 4131 2142 4186 ab
2185 4133 2450 4201 utroque)
2494 4133 2863 4200 tegumentum
2936 4135 3262 4200 prxtexens.
3300 4171 3313 4183 .
3352 4169 3363 4181 .
3403 4169 3414 4182 .
3474 4128 3707 4184 attondit

2068 4221 2150 4276 vel
2171 4221 2317 4276 laesit
2344 4217 2682 4290 (Nicolaus).

2141 4309 2205 4364 In
2235 4308 2433 4364 sedem
2464 4303 3160 4377 Constantiuopolitauam
3191 4305 3526 4359 restitutum
3558 4305 3705 4360 Pho-

2069 4397 2217 4453 tium
2242 4396 2524 4451 conﬁrma
2552 4411 2704 4450 anno
2735 4395 2861 4460 879,
2893 4394 3150 4449 Joannes
3182 4410 3453 4448 summus
3511 4394 3705 4465 ponti-

2072 4487 2182 4554 fex,
2207 4485 2384 4556 hujus
2416 4484 2672 4539 nominis
2703 4483 2894 4538 dictus
2923 4488 3190 4538 Octavus.
3241 4481 3322 4536 Ne
3383 4482 3707 4538 Romanam

2071 4575 2384 4631 Ecclesium
2414 4572 2632 4644 injuria
2660 4571 2948 4628 lacerasse
2979 4571 3102 4643 ipse
3133 4575 3456 4642 putaretur,
3491 4571 3707 4642 episto-

312 4669 491 4738 geris,
512 4683 619 4739 pro
654 4670 720 4720 ut
748 4665 862 4737 ipsi
891 4662 1510 4734 habebant,additione
1534 4659 1691 4716 vocis
1713 4659 1960 4729 Filioque
1993 4682 2040 4746 D
2072 4664 2189 4719 1am
2248 4663 2357 4719 sub
2415 4662 2680 4733 ejusdem
2732 4660 2972 4716 Joannis
3026 4658 3262 4714 nomine
3319 4658 3496 4714 veluti
3544 4661 3615 4714 ad
3648 4677 3710 4716 se

317 4754 762 4828 interpolatum.
824 4754 887 4809 In
949 4753 1099 4808 hanc
1174 4751 1529 4808 additionem
1611 4748 1958 4818 consentire,

316 4859 574 4914 pronum
630 4848 757 4899 erat
812 4842 1100 4914 episcopis
1153 4858 1186 4896 a
1231 4838 1464 4896 Nicolao
1522 4837 1757 4896 missis:
1836 4841 1964 4891 tum

318 4933 461 5003 quia
492 4932 829 4988 Occidentis
858 4930 1125 4986 Ecclesiae
1154 4931 1271 4986 fere
1301 4944 1502 4985 omnes
1547 4944 1676 4983 eam
1735 4940 1964 4996 recepe-

317 5030 476 5089 rant,
503 5030 634 5077 tum
666 5022 806 5093 quia
837 5025 900 5075 ut
921 5021 976 5075 id
1008 5019 1242 5091 Bulgari
1282 5018 1613 5090 expressius
1662 5019 1967 5076 crederent

317 5111 574 5166 maxime
595 5115 1057 5167 consentaneum
1087 5113 1230 5175 erat,
1266 5125 1515 5179 quorum
1573 5109 1749 5164 tidem
1808 5109 1962 5165 schi-

315 5200 550 5255 smatici
586 5198 859 5254 Photiani
894 5197 1099 5253 vitiare
1130 5197 1508 5252 conabantur.

403 5294 548 5350 Hinc
579 5306 712 5347 vero
735 5289 892 5344 hisce
916 5287 1101 5343 Photii
1129 5286 1601 5356 litterisLnimium
1618 5284 1820 5342 leviter
1831 5303 1964 5358 per-

315 5390 520 5439 motus
545 5378 768 5437 Natalis
796 5377 1121 5433 Alexander
1134 5375 1340 5432 saeculo
1362 5393 1437 5441 IV,
1455 5374 1963 5442 dissert.38,art.3,

313 5471 697 5529 existimavit.
723 5468 935 5524 Nicolai
958 5467 1134 5538 primi
1160 5465 1509 5537 temporibus,
1558 5464 1770 5537 factum
1796 5465 1966 5535 fuisse

317 5562 460 5618 hanc
487 5560 833 5617 additionem
877 5559 938 5611 in
992 5560 1240 5610 Romana
1287 5555 1551 5609 Ecclesia.
1611 5553 1770 5610 Hanc
1827 5570 1964 5626 epo-

317 5650 485 5709 cham
519 5666 639 5706 non
665 5647 1044 5711 conﬁrmant,
1074 5659 1262 5714 neque
1291 5641 1554 5697 indicant
1579 5642 1775 5708 verba,
1837 5659 1965 5713 quze

319 5741 535 5812 profert
564 5739 725 5798 idem
754 5738 964 5792 auctor
994 5749 1066 5789 ex
1117 5731 1428 5790 Ratramuo
1459 5731 1791 5790 Corbeiensi
1840 5732 1964 5789 Mo-

2071 4752 2348 4824 scriptam
2381 4751 2660 4806 conﬁnxit
2686 4766 2698 4804 :
2727 4750 2786 4804 in
2818 4765 3001 4820 eaque
3021 4748 3092 4804 ab
3125 4748 3284 4802 omni
3341 4747 3708 4805 additamenta

2072 4841 2408 4914 pontiﬁcem
2433 4838 2687 4894 alienum
2739 4838 2948 4903 exibet,
3011 4841 3398 4910 paratumque
3453 4839 3525 4892 ad
3578 4839 3708 4908 ejus

2074 4931 2518 5002 expunctionem
2577 4928 2730 5000 apud
2757 4944 2856 4983 eos
2886 4927 3230 4998 urgendam,
3281 4927 3378 4997 qui
3436 4927 3588 4982 idem
3650 4929 3709 4984 iu

2073 5019 2360 5091 Symbolis
2382 5015 2888 5072 admisissent.Vel
2906 5015 3026 5070 haec
3049 5014 3237 5070 Photii
3253 5015 3452 5071 fabula
3473 5016 3707 5087 evincit,

2074 5108 2335 5163 nondum
2395 5122 2464 5161 ea
2520 5109 2684 5160 aetate
2733 5104 3150 5176 interpolatum
3207 5105 3362 5175 apud
3414 5105 3709 5161 Romanos

2072 5197 2328 5269 viguisse
2384 5194 2748 5266 Symbolum.
2801 5195 3153 5249 Memoratas
3201 5193 3374 5248 refert
3419 5193 3710 5265 Epistolas

2074 5284 2359 5341 Baronius
2388 5284 2458 5338 ad
2500 5299 2720 5338 annum
2779 5283 2904 5348 879,
2937 5299 3101 5337 num.
3157 5283 3247 5336 54.
3277 5281 3468 5337 Verba
3525 5288 3664 5339 sunt
3695 5299 3709 5340 :

2075 5397 2102 5424 «
2127 5373 2294 5428 Novit
2321 5371 2496 5427 etiam
2519 5375 2622 5426 tua
2652 5370 3008 5442 fraternitas,
3041 5371 3192 5442 quod
3225 5387 3359 5426 cum
3392 5387 3578 5443 nuper
3607 5372 3710 5427 ad-

2074 5479 2181 5517 nos
2211 5460 2455 5517 accessit
2504 5460 2577 5526 is,
2622 5460 2780 5532 quia
2820 5465 2878 5516 te
2926 5459 3144 5515 missus
3193 5464 3301 5525 est,
3345 5463 3401 5514 et
3423 5459 3487 5514 de
3528 5464 3714 5516 sancto

2082 5550 2342 5622 Symbolo
2372 5565 2479 5603 nos
2509 5548 2824 5615 consuluit,
2857 5549 3149 5620 quomodo
3181 5548 3399 5602 invenit
3429 5564 3535 5603 nos
3563 5547 3711 5604 illud

2074 5640 2512 5705 inconcussum,
2547 5637 2700 5693 sicut
2729 5639 2898 5694 nobis
2931 5639 3002 5694 ab
3035 5637 3197 5693 initio
3230 5637 3383 5693 202
3427 5637 3710 5693 traditum

2075 5734 2183 5798 est,
2211 5743 2578 5787 conservare:
2613 5743 2801 5802 neque
2825 5727 3045 5800 aliquid
3073 5725 3367 5795 addidisse,
3399 5725 3487 5783 vel
3512 5725 3710 5784 detra-
