4118 6434
469 433 583 494 199

1483 425 1801 489 GEORGII
1847 423 2107 485 CYPRII
2153 421 2272 482 ΟΡ.
2325 423 2848 485 PATRIARCHE

3742 432 3860 492 200

459 569 612 623 misse
666 584 798 622 cum
854 570 1005 622 recte
1055 565 1390 620 noverimus
1441 564 1595 636 quod
1642 580 1763 630 eos,
1815 562 1915 633 qui
1967 560 2106 615 talia
2135 562 2189 626 Α
2221 563 2395 629 atque
2425 558 2592 630 lecta,
2620 578 2721 632 per
2750 577 2877 615 eam
2909 561 3380 617 Occidentalibus
3414 560 3770 618 laudandam
3793 578 3858 617 ac

463 656 648 712 facere
679 657 914 722 audent,
964 655 1154 726 gravis
1187 654 1593 708 condemnatio
1642 656 1924 723 expectat.
1987 654 2092 704 Re-

460 745 724 800 verentize
753 744 948 815 itaque
983 748 1106 816 ,tuae
1165 744 1372 796 iterum
1433 742 1855 813 significamus,
1919 744 1982 793 ut
2024 739 2094 793 de

457 833 566 888 hac
587 833 863 888 additione
892 833 947 886 in
983 831 1278 904 Symbolo,
1300 848 1367 885 ex
1389 833 1526 886 Filio
1551 828 1904 897 scilicet,tibi
1929 827 2094 882 satis-

459 922 742 977 faciamus
775 939 787 976 :
822 921 976 992 quod
1008 937 1121 974 non
1153 919 1343 974 solum
1397 919 1500 974 hoc
1525 936 1634 974 non
1665 918 1938 986 dicimus,
1991 916 2091 970 sed

457 1011 631 1066 etiam
665 1011 818 1081 quod
848 1027 947 1064 eos
975 1011 1072 1081 qui
1096 1011 1372 1080 principio
1397 1015 1494 1064 hoc
1522 1008 1701 1062 dicere
1752 1007 1879 1060 ausi
1928 1009 2086 1068 sunt,

456 1098 1459 1170 quasitransgressoresdiviniverbi
1500 1098 1982 1151 condemnemus.
2021 1136 2031 1146 .
2073 1135 2084 1146 .

459 1188 520 1243 Ut
549 1189 750 1258 reliqui
774 1189 957 1242 nostri
975 1190 1213 1258 episeOpz
1243 1187 1548 1241 nobiscum
1597 1185 1751 1239 idem
1812 1183 2086 1246 sentiant,

453 1275 589 1330 totis
619 1276 841 1331 viribus
899 1276 1369 1331 contendimus..
1408 1317 1418 1327 .
1474 1274 1702 1328 Rationi
1762 1287 2087 1341 congruum

454 1363 598 1418 mihi
623 1365 747 1419 visu
759 1383 811 1419 m
844 1369 1029 1430 est,ne
1045 1363 1323 1418 violenter
1335 1363 1547 1434 aliquis
1561 1367 1843 1432 cognatur
1871 1378 1904 1414 a
1919 1359 2085 1413 nobis

451 1453 790 1508 additionem
821 1453 984 1507 illam
1015 1453 1327 1518 dimittere,
1362 1468 1538 1523 quam
1570 1451 1694 1522 ipse
1725 1448 2008 1520 adjecisse
2025 1464 2085 1502 se

449 1541 721 1613 Symbolo
763 1543 985 1597 noverit
1035 1541 1166 1597 :sed
1199 1541 1392 1612 potius
1410 1537 1858 1595 mansuetudine
1889 1537 2086 1606 aliqua

449 1630 789 1702 hujusmodi
820 1631 1087 1687 homines
1125 1631 1457 1695 admonere,
1488 1633 1547 1684 et
1577 1627 1856 1700 paulatim
1888 1644 1922 1680 a
1965 1627 2086 1681 bla-

447 1720 694 1790 sphemia
721 1736 1003 1774 revocare.
1043 1720 1418 1774 siCommento
1449 1733 1556 1771 suo
1587 1717 1783 1770 firmat
1821 1714 2083 1780 Photius,

447 1825 644 1863 vocem
674 1808 919 1878 Filioque
960 1806 1030 1862 ab
1073 1805 1330 1862 Ecclesia
1386 1805 1648 1860 Romana
1707 1803 1966 1856 nondum
2024 1803 2082 1856 in

449 1897 722 1968 Symbolo
772 1901 1109 1967 receptam:
1163 1893 1559 1965 invidiamque
1616 1890 1791 1947 simul
1872 1890 2084 1945 Joanni

447 1985 703 2057 pontifici
765 1985 1087 2051 creat,dum
1120 1983 1312 2055 ipsum
1337 1981 1579 2047 inducit,
1613 1979 1788 2034 veluti
1834 1979 2085 2048 blasphe-

444 2090 612 2140 mam,
671 2073 1071 2145 repudiantem
1133 2072 1508 2142 adjectionem
1557 2067 1957 2140 Antiquitatis,
2021 2072 2078 2122 et

445 2163 654 2234 rigoris
685 2161 1055 2217 tenacissima
1071 2165 1330 2215 Romana
1355 2159 1609 2214 Ecclesia
1635 2157 1986 2224 udzecrioncm
2016 2156 2086 2210 ad

445 2251 761 2322 Symbolum
830 2268 944 2305 non
1007 2249 1390 2314 admittebat;
1469 2249 1639 2302 fidem
1697 2245 2082 2317 processionis

443 2340 614 2395 etiam
639 2356 679 2394 α
700 2341 839 2394 Filio
872 2337 1346 2394 constantissime
1393 2337 1797 2408 profitebatur,
1831 2333 2082 2389 vindica-

443 2429 658 2500 batque
692 2447 704 2484 :
739 2429 1000 2499 adeoque
1031 2431 1086 2482 et
1117 2425 1260 2480 illud
1293 2425 1752 2479 additamentum
1770 2423 1989 2478 caeteris
2020 2422 2077 2477 in

442 2517 736 2583 Ecclesiis,
761 2535 885 2588 qua:
928 2515 1068 2570 illud
1095 2519 1448 2586 receperant,
1472 2530 1604 2568 cum
1664 2514 1719 2566 id
1782 2513 1850 2566 ad
1891 2510 2082 2566 eccle-

443 2606 736 2661 siasticam
769 2606 1083 2677 pertineret
1103 2603 1494 2674 disciplinam,
1527 2602 1828 2669 tolerabat,
1865 2617 2079 2671 easque

438 2697 883 2765 transgressionis
903 2699 1104 2749 contra
1131 2693 1380 2747 divinum
1409 2693 1633 2747 verbum
1675 2690 2080 2745 condemnavit

440 2801 766 2856 nunquam.
807 2784 1084 2853 LConﬁctae
1146 2781 1438 2836 Photianae
1494 2778 1750 2852 epistolae
1799 2783 2080 2833 consonat

439 2873 867 2930 conciliabulum
925 2871 1591 2940 Constantinopolitanum
1670 2869 1869 2923 eodem
1926 2884 2076 2921 anno

439 2963 544 3016 879
570 2963 1019 3028 celebratum,ut
1049 2960 1232 3015 fertur
1265 2977 1277 3014 :
1308 2960 1462 3030 quod
1495 2963 1754 3012 attamen
1771 2957 1840 3011 ab
1871 2957 2074 3010 eodem

438 3052 642 3106 Photio
674 3053 890 3122 pariter
919 3051 1255 3115 conlictum,
1291 3055 1390 3103 aut
1440 3052 1592 3103 certe
1641 3047 1938 3114 falsatum,
1991 3045 2072 3099 in-

437 3141 581 3196 victe
607 3142 969 3196 demonstrat
990 3138 1269 3210 singulari
1285 3138 1339 3191 in
1363 3142 1544 3208 Opere
1556 3135 2068 3206 Allatius.Legato-

437 3249 562 3285 ram
593 3230 822 3286 concilii
847 3226 1338 3300 Aquisgranensis
1377 3225 1737 3281 collationem
1765 3241 1899 3279 cum
1933 3225 2072 3278 Leo-

2210 648 2641 718 prmdicandam
2674 649 2932 704 divinam
2965 655 3347 720 sanctamque
3380 651 3728 706 Trinitatem
3743 655 3854 705 tra-

2209 737 2374 791 didit.
2400 737 2593 807 Neque
2625 738 2680 792 id
2717 739 2887 794 verbo
2943 738 3133 794 solum
3192 756 3257 794 ac
3301 740 3592 810 jussione,
3647 757 3849 795 verum

2209 825 2384 880 etiam
2406 827 2757 897 quibusdam
2789 827 3070 884 ancilibus
3090 828 3248 884 velut
3291 829 3500 896 titulis,
3552 830 3852 885 columna-

2209 931 2338 968 rum
2364 931 2542 982 more,
2577 915 2904 971 inscribens
2935 917 3007 972 ad
3030 917 3182 972 fores
3215 918 3478 973 Ecclesia!
3538 919 3740 974 atl‘ixit.
3782 961 3794 972 .
3831 961 3843 974 .

2209 1019 2279 1056 ne
2337 1020 2596 1075 unquam
2655 1005 2746 1059 via
2782 1011 2955 1060 esset.
2988 1046 3002 1060 .
3038 1048 3050 1059 .
3084 1005 3328 1061 alteram
3363 1012 3568 1078 praeter
3598 1008 3848 1074 Patrem,

2208 1091 2460 1162 Spiritus
2492 1109 2754 1158 causam,
2797 1093 3005 1149 Filium
3065 1094 3396 1150 invehendi.
3435 1118 3462 1145 »
3519 1096 3678 1151 Nova
3733 1113 3848 1152 non

2208 1196 2303 1234 ere
2361 1185 2527 1235 aetate
2593 1181 2776 1237 Photii
2835 1183 3058 1239 invecta
3117 1185 3187 1238 ab
3246 1184 3716 1241 Occidentalibus
3780 1187 3849 1241 de

2203 1269 2446 1339 Spiritus
2475 1273 2652 1324 sancti
2695 1289 2728 1325 a
2759 1273 2919 1326 Patre
2949 1276 2998 1326 et
3031 1291 3065 1327 a
3117 1274 3262 1329 Filio
3317 1277 3660 1343 processiane
3716 1292 3847 1330 sen-

2205 1359 2388 1412 tentia
2417 1375 2428 1412 :
2456 1358 2572 1413 imo
2604 1361 2816 1431 dogma
2847 1367 2935 1414 est
2966 1361 3097 1416 fidei
3148 1361 3465 1432 catholicas,
3526 1363 3842 1434 Spiritura-

2205 1463 2334 1500 rum
2365 1448 2706 1503 auctoritate
2738 1451 3052 1515 munitum,
3083 1467 3147 1505 ac
3180 1452 3418 1522 perenni
3452 1456 3691 1507 Patrum
3721 1458 3845 1508 tra-

2202 1535 2440 1590 ditione.
2477 1536 2583 1590 Leo
2609 1536 2705 1604 III,
2740 1539 2894 1608 quod
2918 1556 2951 1592 a
2975 1540 3299 1608 majoribus
3355 1547 3676 1612 acceperat,
3721 1543 3842 1596 sine

2198 1624 2563 1679 additamenta
2645 1626 2984 1698 Symbolum
3035 1628 3445 1684 custodiebat:
3509 1629 3842 1701 ferebatque

2201 1729 2350 1783 aegro
2383 1714 2599 1782 animo,
2621 1731 2758 1770 voce
2786 1716 2888 1771 illa
2917 1717 3143 1787 adjecta
3171 1717 3512 1789 Symbolum
3545 1719 3842 1774 decantari

2215 1821 2245 1854 a
2277 1801 2592 1859 Gallicanis
2620 1805 2908 1876 episc0pis
2941 1827 2954 1873 ς
2998 1821 3184 1876 neque
3215 1810 3412 1861 tamen
3453 1806 3608 1874 illos,
3641 1824 3705 1863 ac
3733 1808 3840 1862 Hi-

2198 1906 2435 1960 spanos.
2471 1891 2817 1963 Italicosque
2876 1893 2934 1947 in
2995 1909 3171 1966 regno
3231 1894 3412 1950 Italiae
3471 1896 3846 1968 reprehendit

2197 1995 2479 2050 unquam,
2511 1981 2685 2034 veluti
2714 1982 3062 2038 intemerata
3088 1992 3294 2039 nostrae
3323 1983 3454 2052 ﬁdei
3480 1986 3682 2052 regula
3711 2001 3830 2039 cor-

2198 2072 2467 2138 ruptores.
2492 2070 2575 2122 Ad
2603 2069 3054 2126 ecclesiasticam
3079 2071 3451 2144 disciplinam
3502 2090 3594 2129 res
3626 2075 3838 2145 Lperti-

2199 2164 2295 2210 net
2332 2175 2341 2208 :
2373 2156 2806 2229 placuissetque
2836 2159 3122 2229 Pontifici,
3159 2166 3223 2215 ut
3255 2161 3410 2231 rigor
3440 2162 3605 2234 legis,
3663 2179 3840 2234 quem

2198 2245 2458 2300 Romana
2487 2248 2836 2317 sequebatur
2875 2248 3151 2313 Ecclesm,
3201 2255 3260 2304 in
3285 2249 3414 2304 aliis
3471 2267 3704 2322 quoque
3751 2251 3836 2306 vi-

2193 2339 2372 2404 geret.

2266 2422 2338 2476 De
2373 2423 2711 2478 memoratis
2738 2442 2772 2478 a
2802 2424 3004 2480 Photio
3043 2426 3324 2481 ancilibus
3356 2428 3661 2482 certiorem
3685 2445 3833 2500 sup-

2189 2511 2409 2580 peditat
2436 2513 2701 2567 notitiam
2734 2515 3077 2570 Anastasius
3105 2516 3588 2572 Bibliothecarius
3617 2517 3676 2571 in
3701 2518 3829 2574 Vita

2189 2598 2394 2653 Leonis
2428 2600 2520 2654 Ill.
2556 2618 2720 2655 num.
2755 2603 2878 2668 410,
2911 2602 2968 2657 in
2995 2603 3250 2659 editione
3310 2605 3597 2660 Francisci
3656 2605 3832 2660 Blan-

2188 2687 2406 2742 chinii:
2441 2689 2544 2742 Hic
2576 2707 2707 2744 vero
2768 2691 3102 2762 (inquiens),
3154 2709 3255 2764 pro
3295 2711 3481 2750 amore
3528 2700 3579 2750 et
3635 2705 3826 2750 caute-

2187 2776 2244 2830 la
2275 2777 2596 2833 orthodoxae
2624 2778 2771 2847 ﬁdei,
2806 2779 2940 2833 fecit
2967 2786 3133 2835 scuta
3162 2787 3436 2853 argentea
3466 2782 3829 2856 duo,scripta

2187 2871 2432 2936 utraque
2463 2866 2757 2937 Symbolo,
2785 2886 2965 2923 unum
2997 2870 3235 2940 quidem
3270 2872 3473 2926 litteris
3514 2872 3736 2943 Graecis,
3771 2878 3831 2928 et

2185 2955 2340 3009 aliud
2413 2959 2710 3012 Latinis.»
2779 2959 3056 3030 Magister.
3108 2961 3541 3016 Sententiarum
3629 2967 3825 3017 Petrus

2184 3045 2732 3116 Lombardus,quem
2785 3047 3066 3102 Baronius
3119 3047 3320 3104 laudat
3377 3050 3449 3104 ad
3509 3068 3644 3105 ann.
3694 3051 3822 3120 809,

2181 3151 2344 3187 num.
2375 3136 2464 3200 6'3,
2499 3151 2619 3189 rem
2652 3136 2800 3189 hanc
2831 3135 2921 3190 his
2951 3137 3140 3192 verbis
3203 3144 3400 3192 narrat
3443 3138 3632 3195 librox
3680 3140 3818 3195 Sen-

2181 3225 2502 3292 tentiarum,
2539 3223 2674 3278 dist.
2714 3225 2774 3278 ll
2807 3241 2819 3278 :
2858 3247 2885 3273 «
2911 3225 3148 3281 Addunt
3193 3227 3370 3281 Graeci
3405 3228 3477 3282 ad
3536 3230 3818 3284 assertio-

436 3337 506 3375 ne
537 3319 609 3373 ΙΙΙ
663 3297 934 3390 pontifice
990 3297 1176 3371 recole
1233 3315 1420 3386 capite
1480 3315 1777 3386 superiore
1835 3329 1997 3368 num.
2031 3313 2061 3366 4
2095 3297 2137 3362 C
2176 3329 2308 3367 nem
2333 3329 2449 3366 sua:
2472 3311 2783 3383 opinionis.
2813 3357 2824 3368 .
2855 3357 2867 3369 .
2906 3356 2918 3368 .
2946 3316 3098 3385 quod
3142 3315 3253 3370 Leo
3283 3318 3360 3371 IlI
3411 3317 3605 3372 Romae
3651 3322 3810 3372 tran-

433 3409 732 3551 etindum
768 3495 1036 3549 eumdem
1077 3494 1319 3549 Photius
1376 3492 1525 3548 ludit
1575 3493 1630 3545 in
1691 3491 1938 3562 epistola
1994 3491 2064 3545 ad

433 3584 933 3656 archiepiscopum
965 3584 1386 3653 Aquileiensem,
1420 3599 1536 3652 qua
1563 3582 1635 3636 ad
1675 3581 1857 3636 aliam
1889 3579 2063 3634 veluti

434 3673 546 3731 sibi
578 3673 648 3728 ab
679 3690 746 3727 eo
770 3673 967 3727 datam
995 3673 1325 3743 respondet.
1360 3672 1552 3726 Refert
1581 3687 1708 3725 eam
1734 3670 1935 3724 Latine
1960 3674 2063 3723 Ba-

432 3761 654 3830 ronius,
683 3761 750 3816 ad
795 3778 1014 3816 annum
1045 3762 1171 3824 883,
1231 3777 1392 3814 num.
1426 3763 1492 3827 5;
1553 3759 1749 3814 Latine
1789 3764 1846 3813 et
1875 3763 2065 3813 Graece

429 3841 795 3897 Conbeﬁsius
855 3841 911 3894 in
955 3842 1209 3896 Auctario
1261 3843 1575 3896 novissimo.
1632 3856 1762 3911 pag.
1796 3841 1922 3905 527,
1965 3841 2065 3894 La-

428 3931 574 3985 tiore
605 3948 708 3986 nos
741 3931 971 4002 egimus
1029 3931 1098 3984 de
1155 3947 1224 3984 ea
1287 3946 1555 3984 sermone
1604 3930 1659 3983 in
1701 3931 2066 3986 Monumentis

427 4021 674 4074 Ecclesiae
729 4021 1117 4089 Aquileiensis,
1175 4019 1363 4089 capite
1418 4021 1508 4085 50,
1570 4035 1734 4072 num.
1789 4020 1844 4084 5,
1880 4019 2066 4088 deque

429 4108 615 4164 Photii
648 4107 936 4162 vaferrimi
973 4107 1228 4161 hominis
1260 4107 1460 4161 fraude
1519 4107 1914 4178 suspicionem
1971 4106 2065 4159 in-

427 4199 738 4269 gessimus.
769 4196 841 4251 Ut
873 4201 932 4251 ut
954 4212 1083 4251 sese
1106 4212 1196 4250 res
1231 4195 1464 4260 habeat,
1505 4195 1808 4266 pontifices
1854 4195 2062 4249 Roma-

428 4304 534 4342 nos
578 4287 658 4341 ita
715 4287 788 4340 ab
837 4285 1202 4340 additamenta
1251 4283 1470 4339 alienos
1546 4284 1796 4353 exhibet,
1857 4290 1920 4339 ut
1967 4300 2065 4339 eos

426 4377 599 4431 etiam
658 4374 1048 4446 processionis
1080 4391 1113 4428 a
1145 4371 1266 4427 solo
1326 4373 1492 4427 Patre
1551 4373 1806 4427 vindices
1849 4374 2064 4440 faciat;

424 4465 686 4536 aliosque
732 4463 939 4518 Latinae
991 4461 1257 4516 Ecclesiae
1301 4461 1604 4532 episcopos
1662 4463 1881 4516 indicat
1937 4468 2061 4517 tum

424 4544 812 4615 processionis
847 4561 880 4597 a
928 4547 1092 4598 Patre
1122 4550 1171 4597 et
1202 4559 1235 4596 a
1295 4543 1438 4596 Filio
1495 4543 1874 4613 professores,
1935 4549 2060 4596 tum

2177 3401 2461 3472 scriptum
2512 3401 2898 3473 (Symbolum)
2955 3403 3016 3458 in
3060 3404 3260 3459 tabula
3314 3410 3607 3476 argentea,
3679 3413 3812 3479 post

2177 3489 2356 3544 altare
2387 3491 2536 3545 beati
2571 3491 2731 3545 Pauli
2790 3492 2976 3563 posita
3022 3493 3162 3563 (imo
3211 3493 3270 3548 in
3323 3494 3570 3550 Basilica
3627 3497 3815 3552 sancti

2176 3578 2372 3646 Petri),
2406 3579 2652 3650 posteris
2684 3579 2919 3651 reliquit
2940 3599 3042 3652 pro
3072 3599 3286 3649 amore,
3316 3589 3380 3638 ut
3428 3583 3552 3656 ipse
3599 3586 3700 3656 ait,
3758 3596 3815 3642 et

2174 3669 2393 3720 cautela
2425 3667 2554 3736 ﬁdei
2583 3669 2917 3724 hortodoxw.
2953 3673 3017 3724 In
3070 3687 3183 3741 quo
3231 3673 3469 3743 quidem
3518 3673 3813 3745 Symbolo,

2176 3756 2233 3808 in
2246 3758 2587 3824 processione
2618 3756 3044 3827 Spiritus,solus
3058 3766 3550 3816 commemoratur
3578 3766 3764 3818 Pater.
3787 3785 3816 3812 »

2174 3843 2473 3898 Cautelam
2499 3845 2628 3898 fidei
2661 3845 2986 3902 orthodoxae
3037 3865 3147 3902 non
3193 3849 3273 3904 ita
3312 3850 3626 3923 intelligas,
3676 3869 3741 3906 ac
3765 3853 3815 3908 si

2176 3932 2288 3986 Leo
2320 3934 2570 4004 pontifex
2597 3935 2856 4005 dogmati
2879 3936 3164 3992 catholico
3196 3938 3496 3994 dissonam
3554 3940 3816 3996 crederet

2175 4021 2603 4091 processionem
2635 4040 2668 4077 a
2698 4023 2864 4078 Patre
2885 4030 2940 4079 et
2969 4043 3002 4079 a
3032 4025 3192 4082 Filio.
3218 4026 3366 4089 Quin
3399 4027 3515 4084 imo
3565 4029 3623 4082 in
3683 4029 3811 4084 Col-

2173 4109 2387 4164 latione
2408 4127 2541 4165 cum
2575 4113 2777 4183 synodi
2812 4114 3307 4186 Aquisgranensis
3341 4116 3546 4188 legatis
3579 4119 3811 4188 profite-

2175 4199 2346 4253 batur
2377 4217 2389 4253 :
2415 4201 2497 4254 Ita
2526 4203 2700 4256 sentio
2728 4201 3010 4273 Spiritum
3038 4221 3072 4258 a
3102 4204 3268 4258 Patre
3303 4209 3359 4259 et
3387 4222 3422 4259 a
3476 4204 3615 4261 Filio
3674 4223 3814 4276 pro-

2174 4287 2678 4360 cedere,inquiens
2712 4307 2724 4356 ;
2757 4292 2835 4344 ita
2866 4297 3021 4346 teneo
3042 4309 3164 4347 cum
3195 4293 3447 4348 omnibus
3471 4295 3812 4365 auctoribus,

2171 4382 2226 4430 et
2251 4391 2431 4431 sacrae
2459 4377 2765 4448 Scriptura:
2794 4381 3230 4437 auctoritatibus.
3265 4382 3325 4435 Si
3380 4384 3502 4453 quis
3547 4384 3711 4438 aliter
3750 4383 3818 4440 de

2172 4463 2272 4518 hac
2294 4480 2352 4519 re
2379 4466 2580 4519 sentire
2607 4466 2688 4519 vel
2717 4466 2910 4522 docere
2935 4469 3186 4534 voluerit,
3243 4471 3472 4539 defendo
3529 4471 3817 4541 (inhibeo)

2171 4553 2231 4606 Et
2262 4554 2375 4607 nisi
2402 4569 2691 4609 conversus
2719 4557 2910 4626 fuerit,
2943 4561 2992 4611 et
3047 4559 3349 4614 secundum
3396 4563 3541 4613 hunc
3597 4575 3819 4614 sensum

426 4637 691 4687 auctores
713 4633 1092 4724 additamenti.
1128 4633 1188 4686 Id
1222 4648 1352 4724 vero
1383 4629 1674 4701 colligitur
1731 4630 1886 4724 inde.
1950 4631 2058 4685 ΗΟ·
2092 4660 2138 4724 D
2168 4645 2356 4696 tenere
2386 4643 2924 4710 voluerit,contraria
2953 4650 3274 4702 sentientem
3314 4648 3562 4718 funditus
3584 4649 3808 4720 abjicio.

424 4737 659 4776 manam
688 4720 1000 4776 Ecclesiam
1033 4719 1375 4791 Symbolum
1405 4737 1539 4774 cum
1570 4736 1704 4774 voce
1723 4721 1967 4790 Filioque
1993 4737 2061 4774 ea

423 4813 608 4873 aetate,
668 4809 794 4880 ipso
859 4809 1058 4864 Photio
1109 4813 1275 4875 teste,
1337 4824 1451 4862 non
1519 4808 1810 4863 recitasse.
1869 4809 2057 4863 Photii

424 4897 597 4950 verba
626 4899 852 4952 refero:
889 4920 916 4947 «
948 4899 1213 4952 Pervenit
1264 4897 1333 4951 ad
1396 4901 1624 4952 nostras
1670 4915 1861 4963 aures,
1904 4899 2058 4969 quod

423 4985 689 5040 nonnulli
719 4985 1202 5051 Occidentalium,
1235 4985 1498 5039 divinum
1531 5003 1597 5040 ac
1635 4987 2058 5043 sanctissimum

421 5073 701 5146 Spiritum
734 5091 839 5129 non
865 5075 1043 5129 solum
1072 5091 1143 5130 ea:
1171 5076 1274 5129 Deo
1303 5084 1355 5129 et
1387 5081 1572 5140 Patre,
1621 5093 1822 5129 verum
1882 5077 2056 5131 etiam

423 5163 575 5218 ‘203
607 5179 676 5218 ea:
703 5164 842 5218 Filio
875 5165 1178 5234 procedere
1210 5181 1342 5218 novo
1373 5163 1624 5234 dogmate
1653 5164 2057 5232 introducunt,

419 5251 528 5322 (Ita
557 5251 777 5306 scilicet
809 5251 890 5305 ait
919 5252 1403 5307 mendacissimus
1434 5253 1654 5322 homo.)
1686 5254 1818 5318 Leo,
1854 5254 2057 5309 Roma-

419 5357 532 5396 nus
563 5341 842 5412 pontifex,
878 5344 1006 5395 tum
1038 5340 1232 5395 senior
1275 5341 1366 5409 (ll)
1422 5346 1664 5414 tumque
1723 5360 1925 5398 rursus
1958 5344 2057 5414 qui

417 5429 584 5484 illum
619 5435 854 5485 secutus
885 5434 974 5484 est
1028 5429 1138 5484 Leo
1189 5431 1390 5499 junior
1435 5431 1627 5502 (III)...
1667 5432 1764 5486 Hic
1825 5433 2057 5503 pietatis

419 5518 646 5574 fervens
679 5518 998 5584 aemulator,
1034 5522 1098 5571 ut
1147 5517 1306 5572 nullo
1366 5526 1552 5590 pacto,
1618 5521 1863 5576 barbaro
1910 5521 2055 5576 idio-

419 5607 962 5674 mate,intemerata
984 5610 1195 5660 nostra:
1231 5606 1362 5661 fidei
1414 5607 1612 5679 regula
1664 5625 2058 5681 corrumpere-

415 5700 533 5770 tur,
553 5698 747 5755 Graeca
776 5696 997 5772 lingua,
1033 5700 1097 5752 ut
1125 5699 1180 5752 et
1211 5711 1243 5751 a
1272 5695 1560 5770 principio
1592 5699 1809 5756 dictata
1867 5700 2058 5758 fuerat

2171 4731 2324 4786 204
2355 4732 2426 4784 Se
2455 4732 2710 4801 funditus
2761 4734 3032 4804 abjectum
3080 4737 3302 4791 noverit
3334 4737 3593 4807 Photius,
3616 4737 3805 4807 fundi-

2172 4828 2367 4889 tusque
2397 4821 2636 4891 abjectos
2668 4823 2931 4877 noverint
2975 4841 3103 4879 sese
3145 4825 3323 4879 Graeci
3384 4825 3676 4891 Photiani,
3733 4827 3806 4882 ab

2169 4908 2295 4978 ipso
2332 4909 2516 4962 Leone
2542 4909 2640 4973 Ill,
2674 4927 2847 4979 quem
2899 4911 3074 4966 veluti
3135 4914 3243 4968 sibi
3304 4915 3590 4969 faventem
3643 4915 3814 4971 nobis

2169 5003 2489 5068 opponunt.
2525 4999 2598 5053 Eo
2630 5015 2804 5053 sensu
2834 5001 3118 5056 cautelam
3146 5003 3274 5071 ﬁdei
3329 5003 3648 5060 orthodoxae
3706 5020 3803 5059 ex-

2169 5085 2383 5154 pressit
2412 5087 3085 5152 Anastasius,utLeonis
3137 5108 3301 5146 mens
3336 5092 3504 5157 foret,
3558 5092 3810 5147 liberum

2167 5175 2375 5245 cuique
2415 5192 2528 5229 non
2557 5193 2683 5232 esse
2714 5177 2784 5232 ad
2846 5178 3187 5250 Symbolum
3221 5181 3431 5236 addere
3481 5182 3808 5253 quidpiam,

2165 5261 2251 5316 vel
2285 5261 2587 5334 quidpiam
2617 5281 2684 5318 ex
2714 5281 2779 5320 eo
2803 5267 3102 5335 minuere;
3151 5285 3221 5324 ne
3274 5269 3616 5340 hujusmodi
3649 5270 3812 5325 addi-

2166 5351 2444 5420 tionibus,
2465 5357 2568 5407 aut
2589 5353 3012 5411 minationibus
3042 5356 3344 5428 quidpiam
3384 5363 3486 5414 aut
3515 5359 3814 5430 irreperet,

2167 5444 2269 5492 aut
2308 5439 2624 5509 tolleretur,
2679 5444 2831 5513 quod
2863 5444 3024 5513 ﬁdem
3053 5445 3425 5502 arthodoxam
3472 5446 3726 5516 laederet,
3757 5452 3818 5503 et

2166 5535 2583 5600 corrumperet.

2237 5617 2304 5670 Il.
2337 5622 2386 5670 A
2415 5618 2623 5673 saeculo
2659 5637 2810 5676 nono
2825 5621 2895 5676 ad
2919 5621 3164 5677 alteram
3219 5629 3454 5680 transeo
3517 5625 3811 5681 undecimi

2166 5704 2359 5764 seculi
2391 5705 2764 5766 medietatem
2799 5711 3167 5785 :interpolato
3211 5713 3475 5786 Symbolo
3534 5713 3810 5772 Constan-
