4118 6442
224 364 324 424 201

221 499 580 568 anopolitano,

223 585 378 641 dubio
435 586 713 642 utebatur
770 587 883 642 hoc
935 591 1192 659 tempore
1247 587 1505 643 Ecclesia
1555 587 1854 643 Romana:

222 675 450 746 indeque
482 675 830 732 schismatis
866 676 1182 732 innovandi
1231 680 1573 748 praetextum
1606 675 1862 746 sumpsit

224 763 446 818 Michael
464 763 1137 821 Cerularius.Tbronum
1167 765 1218 821 is
1239 764 1684 837 patriarchalem
1707 763 1858 819 Con-

226 852 720 909 stantinolitauum
771 870 926 909 anno
983 854 1122 909 1043
1176 854 1534 909 conscendit.
1601 852 1858 917 Dissidii,

223 942 351 1012 quod
384 942 735 997 incenderat
764 942 1031 1009 Photius,
1065 943 1381 998 manebant
1409 941 1676 999 scintillas
1709 941 1863 996 inter

226 1029 463 1085 Greece:
498 1031 969 1101 erumpebatque
1012 1030 1167 1103 ignis
1223 1031 1376 1086 datis
1431 1029 1858 1086 occasionibus.

224 1117 291 1174 De
311 1117 560 1190 Spiritus
591 1120 787 1174 sancti
818 1119 1188 1191 processione
1235 1119 1624 1191 disceptatum
1682 1117 1863 1173 fuisse

224 1207 421 1262 decimo
451 1207 675 1263 seculo
706 1207 1006 1280 inchoato,
1041 1209 1207 1264 docet
1256 1225 1364 1264 nos
1394 1207 1692 1272 Heriveus,
1752 1206 1861 1262 Re-

221 1297 417 1351 mensis
473 1296 1003 1369 archiepiscopus;
1087 1296 1149 1352 in
1223 1295 1557 1369 provinciali
1619 1295 1863 1352 concilio

220 1383 540 1440 Trosleiano
573 1401 735 1439 anno
763 1385 872 1439 909
901 1385 1210 1456 celebrato,
1243 1384 1430 1457 capite
1451 1384 1516 1440 14
1574 1377 1695 1439 Ι]ωο
1760 1383 1864 1438 ba-

216 1474 441 1529 bentur:
473 1473 753 1529 Innotuit
775 1472 1170 1545 (significavit)
1209 1472 1381 1528 nobis
1437 1475 1642 1528 sancta
1696 1471 1864 1527 sedes

212 1562 537 1634 apostolica,
577 1561 782 1617 adhuc
839 1575 1066 1617 errores
1104 1561 1619 1633 blasphemiasque
1675 1561 1867 1632 cujus-

211 1652 327 1705 dam
356 1649 558 1723 vigere
588 1649 790 1705 Photii
822 1649 883 1704 in
909 1649 1175 1722 partibus
1206 1649 1456 1705 Orientis
1486 1651 1547 1704 in
1598 1649 1866 1720 Spiritum

211 1748 464 1795 sanctum.
501 1739 668 1810 quod
729 1755 842 1794 non
887 1755 922 1792 a
978 1738 1134 1801 Filio,
1186 1737 1298 1793 nisi
1352 1755 1387 1793 a
1428 1740 1596 1793 Patre
1652 1740 1867 1792 tantum

1431 366 1615 427 VlTA
1659 397 1738 412 —-
1781 366 2303 429 DlSSERTATIO
2346 370 2421 429 ΙΙ.

672 499 794 555 sive
853 499 1144 571 particula
1187 501 1433 571 Filioque
1492 503 1682 569 aucto,
1738 500 1866 554 sine
1894 502 1942 566 Α
1978 499 2288 555 Achridani
2365 501 2622 572 Epistola
2691 502 2762 556 ad
2814 503 3078 558 Joannem
3147 504 3471 560 Tranensem
3539 505 3622 577 (in

3504 374 3620 433 202

1969 588 2197 659 Apulia)
2223 592 2536 662 episcopum
2565 588 2891 661 calumniae,
2925 607 3052 662 quas
3085 592 3409 648 Romanam
3437 595 3494 649 in
3517 595 3622 650 Ec-

1969 676 2207 732 clesiam
2240 677 2525 750 feruntur,
2557 696 2721 734 usum
2755 682 2944 751 azymi
2974 685 3260 752 spectant,
3278 685 3334 737 et
3341 683 3624 754 jejunium

1969 763 2194 820 Sabbati
2221 765 2475 836 itemque
2515 769 2900 839 suﬂ‘ocatorum
2955 770 3362 840 comestionem,
3398 777 3456 826 et
3482 771 3625 828 Alle-

1971 854 2085 908 luia
2116 855 2176 907 in
2226 855 2651 925 Quadragesima
2705 873 2815 912 non
2879 858 3258 913 decantatum.
3328 863 3622 932 Integram

1969 941 2252 997 Baronius
2281 943 2585 1014 epistolam
2619 946 2796 1000 refert
2826 946 2896 1000 ad
2924 962 3142 1001 annum
3176 947 3334 1015 1053,
3361 949 3620 1004 num.23.

1971 1029 2266 1101 Scriptum
2292 1032 2468 1086 etiam
2498 1032 2761 1087 ediderat
2786 1033 2986 1089 Niceta
3016 1035 3362 1107 monachus,
3395 1035 3456 1090 iu
3507 1051 3622 1107 quo

1969 1118 2149 1174 sedem
2176 1121 2527 1190 apostolicam
2573 1121 2882 1176 incusabat
2937 1124 3010 1177 de
3051 1138 3275 1194 azyma,
3295 1123 3362 1179 de
3390 1123 3623 1180 Sabbato

1971 1211 2022 1262 et
2049 1207 2112 1263 de
2139 1209 2353 1280 nuptiis
2394 1209 2748 1266 sacerdotum.
2807 1210 3051 1266 Consule
3107 1212 3624 1269 Commemoratio-

1972 1312 2105 1352 nem
2136 1312 2333 1352 rerum
2364 1315 2398 1352 a
2426 1297 2633 1370 legatis
2665 1298 2996 1370 apostolicae
3025 1300 3181 1357 sedis
3211 1300 3626 1358 Constantino-

1972 1385 2088 1456 poli
2120 1391 2416 1458 gestarum
2448 1386 2505 1441 in
2523 1386 2831 1442 Labbeana
2851 1386 3242 1446 Conciliorum
3264 1389 3626 1446 collectione.

1972 1473 2118 1528 Hinc
2149 1474 2468 1530 Wilbertus
2499 1474 2558 1529 in
2589 1475 2720 1530 Vita
2749 1476 2954 1532 Leonis
2987 1477 3073 1547 IX,
3135 1479 3290 1550 apud
3367 1477 3630 1535 Mabillo-

1974 1561 2139 1616 nium
2198 1564 2352 1618 inter
2406 1564 2543 1620 Acta
2597 1565 2920 1620 Sanctorum
2976 1566 3201 1622 ordinis
3271 1567 3633 1624 Benedictini

1975 1655 2136 1706 mota
2167 1652 2238 1706 ab
2271 1651 2432 1707 hisce
2470 1652 2682 1708 Graecis
2743 1653 2990 1709 dissidia
3046 1671 3316 1722 narrans,
3371 1655 3520 1712 libro
3569 1672 3632 1722 II,

1975 1739 2162 1810 capite
2192 1739 2246 1807 9,
2281 1739 2365 1795 sic
2423 1740 2540 1795 ait:
2601 1742 2679 1796 Ea
2727 1745 3038 1813 tempestate
3095 1747 3214 1798 orta
3282 1748 3364 1799 est
3413 1743 3653 1801 haeresis.

212 1827 464 1898 procedat,
497 1826 1004 1899 blasphemantis.
1033 1825 1348 1882 Hortamur
1374 1831 1628 1882 vestram
1662 1826 1862 1880 frater-
1896 1856 1946 1923 Β
1975 1829 2500 1894 Fermentaceorum,
2534 1845 2652 1900 quae
2697 1830 3070 1886 calumniatur
3124 1839 3371 1889 sanctam
3442 1834 3637 1890 Roma-

216 1920 462 1983 nitatem,
512 1921 586 1971 ut
638 1916 973 1971 secundum
1023 1914 1479 1970 admonitionem
1532 1914 1744 1970 domini
1772 1915 1870 1969 Ro-

217 2020 376 2062 mae
400 2004 557 2060 sedis
617 2002 859 2076 (Sergii)
917 2001 1135 2075 singuli
1195 2007 1484 2070 nostrum,
1547 2003 1870 2074 perspectis

217 2098 429 2149 Patrum
460 2091 907 2149 catholicorum
952 2091 1277 2158 sententiis,
1336 2092 1408 2147 de
1467 2091 1676 2146 divinas
1726 2089 1874 2146 Scri-

225 2188 380 2254 ptura
392 2180 707 2253 pharetris
721 2185 923 2236 acutas
945 2180 1312 2252 proferamus
1335 2179 1580 2252 sagittas
1594 2179 1872 2252 potentis,

230 2272 286 2325 ad
310 2270 771 2326 confodiendum
804 2267 1062 2324 belluam
1105 2269 1350 2324 monstri
1408 2267 1788 2334 renascentis,
1820 2272 1877 2322 et

243 2360 295 2412 ad
318 2358 750 2414 conterendum
784 2360 965 2427 caput
992 2355 1346 2428 nequissimi
1377 2355 1686 2426 serpentis.
1715 2376 1744 2404 »

297 2448 482 2503 Sedem
515 2443 1241 2516 Constantiuopolitanam
1275 2461 1427 2499 anno
1462 2444 1598 2498 1024
1645 2442 1881 2514 regebat

253 2534 556 2592 Eu‘athius
584 2553 600 2590 :
631 2534 992 2604 tenebatque
1021 2549 1321 2588 summum
1355 2533 1625 2588 Ecclesiae
1686 2531 1880 2604 ponti-

259 2621 440 2679 ﬁcatum
469 2625 757 2680 Joannes
791 2620 934 2676 XIX.
967 2620 1232 2676 Titulum
1262 2621 1594 2676 universatis
1637 2621 1881 2692 patriar-

259 2709 347 2768 Αιε
368 2713 720 2784 requirebat
752 2709 1064 2780 ille,erecto
1094 2709 1289 2765 animo
1321 2709 1552 2781 negavit
1580 2709 1883 2781 iste.Hugo

253 2799 400 2857 abbas
428 2799 903 2856 Flaviniacensis
933 2797 1053 2854 haec
1101 2797 1276 2854 habet
1333 2799 1392 2853 in
1449 2797 1714 2855 Chronico
1768 2799 1884 2855 Vir-

244 2887 452 2945 duensi
480 2890 558 2944 ad
597 2888 877 2944 eumdem
904 2903 1122 2943 annum
1151 2888 1303 2959 apud
1328 2887 1622 2943 Labbeum
1652 2887 1710 2942 in
1741 2888 1889 2944 Nova

243 2978 582 3044 Bibliotheca,
642 2982 806 3033 torno
836 2975 896 3032 I:
954 2979 1194 3032 Joannes
1231 2974 1400 3045 (XIX)
1457 2975 1739 3032 ordinatus
1784 2979 1885 3031 est.

235 3068 270 3122 Δ
323 3083 421 3139 quo
474 3081 617 3124 eum
672 3064 988 3136 requisisset
1045 3062 1582 3136 Constinopolitanus
1637 3066 1886 3132 antistes,

233 3162 288 3209 ut
313 3173 412 3212 sua
441 3155 716 3221 Ecclesia,
749 3156 890 3209 sicut
916 3157 971 3210 et
998 3158 1261 3221 Romana,
1302 3153 1633 3209 universalis
1685 3152 1886 3209 dicere-

1976 1933 2108 1972 nam
2157 1915 2354 1985 sedem,
2411 1919 2522 1974 imo
2559 1934 2772 1974 omnem
2829 1920 3082 1976 Latinam
3133 1928 3187 1977 et
3234 1921 3638 1980 Occidentatem

1978 2006 2297 2072 Ecclesium,
2329 2008 2398 2060 de
2427 2009 2643 2078 azymis
2681 2009 2960 2078 vivi/tcum
3005 2010 3110 2065 Deo
3165 2012 3364 2082 σῇσιν-θ
3422 2012 3637 2082 sacriﬁ-

1979 2088 2142 2141 ciam.
2205 2086 2378 2153 Quam
2433 2087 2770 2142 calumniam
2843 2090 3011 2145 etiam
3090 2093 3290 2164 scripto
3349 2091 3643 2148 ediderunt

1981 2176 2242 2245 episcopi,
2273 2173 2501 2230 Michael
2555 2173 3210 2249 Gonstantinopolitanus,
3241 2183 3296 2235 et
3323 2180 3424 2236 Leo
3476 2181 3642 2236 Acri-

1985 2263 2161 2318 danus
2195 2303 2206 2316 .
2253 2305 2265 2316 .
2311 2305 2324 2317 .
2357 2263 2426 2318 ad
2457 2264 2780 2319 Tranensem
2807 2267 3118 2337 episcopum
3167 2267 3392 2324 directo.

2060 2352 2332 2407 Romanis
2364 2353 2521 2408 sedis
2549 2353 2761 2426 legatio
2792 2354 2850 2410 in
2882 2355 3087 2412 urbem
3120 2357 3336 2428 regiam
3363 2359 3646 2414 Constan-

1989 2441 2297 2512 tinopolim
2353 2442 2573 2497 directa
2629 2446 2735 2498 est.
2797 2444 2988 2516 Legati
3067 2445 3226 2501 fuere
3279 2447 3642 2514 Humbertus,

1989 2529 2292 2584 cardinalis
2321 2531 2599 2601 episcOpus
2644 2531 2814 2588 Silva
2845 2532 3141 2602 Candidas;
3193 2535 3410 2602 Petrus,
3467 2535 3649 2590 Amal-

1989 2619 2348 2689 phitanorum
2376 2617 2844 2690 archiepiscopus:
2893 2628 2948 2675 et
2998 2623 3325 2692 Fridericus,
3383 2623 3647 2680 diaconus

1993 2714 2044 2761 et
2074 2706 2479 2762 cancellarius.
2513 2705 2712 2762 Niceta
2742 2707 3064 2765 monachus
3078 2711 3150 2765 ad
3181 2711 3408 2783 frugem
3432 2711 3603 2767 rediit
3629 2729 3642 2766 :

1995 2793 2154 2850 stetit
2182 2810 2289 2849 sua
2318 2794 2641 2850 obduratus
2672 2795 2732 2849 in
2759 2795 3077 2867 pervicacia
3105 2797 3458 2855 Cerularius.
3491 2801 3648 2855 Ana-

1995 2883 2194 2938 thema
2224 2882 2284 2938 in
2310 2883 2506 2954 ipsum
2539 2882 2746 2938 latum.
2781 2885 2934 2955 quod
2965 2884 3025 2940 in
3084 2885 3325 2942 laudata
3379 2887 3646 2944 Comme-

1998 2971 2318 3027 moratione
2349 2971 2662 3043 prostat.In
2676 2988 2741 3027 eo
2771 2972 2923 3028 inter
2948 2973 3061 3029 alia
3092 2974 3339 3030 crimina
3361 2976 3642 3034 refertur:

1998 3060 2156 3132 quod,
2183 3061 2326 3115 sicut
2380 3062 2868 3116 Pneumatomachi
2924 3062 3004 3118 vel
3061 3063 3407 3133 Theomachi,
3465 3066 3644 3122 absci-

1997 3149 2200 3204 derunt
2257 3165 2291 3203 a
2347 3148 2601 3220 Symbolo
2649 3150 2896 3221 Spiritus
2949 3153 3132 3206 sancti
3176 3168 3579 3223 processwnem
3610 3171 3645 3209 a

232 3250 352 3306 tur;
382 3246 626 3300 etdonis
649 3259 798 3312 eum,
830 3244 1203 3314 Romanosque
1233 3243 1332 3316 qui
1383 3243 1560 3299 curiae
1582 3244 1882 3314 praerant,
1916 3223 1958 3290 C
1997 3238 2154 3294 Filio.
2187 3241 2317 3292 Haec
2343 3254 2494 3293 anno
2526 3238 2664 3292 1054
2695 3239 2974 3306 accidere,
3017 3256 3216 3297 mense
3242 3241 3420 3298 Julio.

233 3335 535 3389 innumeris
564 3333 825 3402 ﬂecteret,
859 3333 943 3386 ita
964 3335 1029 3386 ut
1055 3331 1304 3387 clanculo
1368 3335 1643 3387 tentarent
1698 3346 1887 3386 conce-

236 3423 352 3479 dere
381 3423 528 3495 quod
557 3422 904 3494 rogabatur:
936 3437 1116 3476 omnis
1162 3421 1227 3477 ob
1279 3420 1376 3476 hoc
1426 3420 1892 3477 vehementissims

233 3521 487 3567 eorum
515 3514 603 3567 est
634 3510 823 3568 Italia.
864 3509 969 3566 Sed
997 3508 1315 3566 Galliarum
1342 3511 1579 3580 episcopi
1600 3517 1651 3564 et
1670 3509 1892 3564 abbates

236 3601 310 3653 his
337 3601 561 3656 obviare
585 3600 777 3654 conati
799 3607 928 3654 sunt
963 3640 975 3654 .
1023 3640 1036 3653 .
1082 3640 1095 3652 .
1125 3596 1213 3653 Sic
1242 3601 1528 3670 confutata
1572 3601 1894 3654 Graecorum

235 3690 587 3760 praesumptio
619 3696 720 3742 est.
742 3687 959 3742 Eadem
993 3703 1061 3741 ex
1091 3685 1302 3742 Glabro
1344 3690 1542 3741 narrat
1601 3685 1889 3741 Baronius

245 3792 387 3831 sum.
422 3778 480 3830 5.
508 3774 926 3831 Animadverte
961 3773 1276 3829 Ecclesiam
1308 3774 1478 3846 regia
1529 3772 1691 3828 urbis
1741 3773 1892 3828 Con-

249 3863 703 3935 stantinopoleos
760 3879 827 3918 eo
883 3867 1147 3934 tempore
1202 3862 1451 3918 divisam
1509 3861 1582 3917 ab
1637 3860 1894 3917 Ecclesia

247 3950 497 4009 Romana
528 3969 652 4008 non
684 3951 885 4020 fuisse,
937 3950 1064 4007 sine
1119 3950 1286 4021 cujus
1337 3966 1624 4006 consensu
1662 3965 1894 4005 sumere

242 4042 471 4098 antistes
501 4038 608 4096 ille
641 4039 880 4096 titulum
912 4041 1232 4095 wcumenici
1250 4038 1586 4110 patriarcha
1614 4055 1728 4095 non
1789 4055 1891 4093 au-

248 4129 419 4186 debet.

297 4218 446 4276 τοῦ
483 4222 851 4290 Denegatum
884 4215 1123 4272 titulum
1157 4217 1359 4289 iniquo
1418 4215 1639 4272 terebat
1695 4214 1891 4271 animo

237 4307 581 4372 Gerularius,
634 4308 735 4380 qui
808 4312 1014 4380 postea
1068 4307 1386 4363 successit:
1455 4306 1891 4377 Ecclesiamque

235 4411 414 4464 suam,
440 4401 503 4452 et
535 4396 686 4451 alias
713 4394 1036 4452 Orientales
1069 4413 1102 4450 a
1133 4399 1388 4451 Romana
1419 4395 1753 4467 disjungere
1796 4411 1889 4450 sa-

232 4487 382 4557 tegit.
413 4485 623 4542 Socios
655 4484 864 4540 habuit
896 4488 1140 4539 Leonem
1189 4483 1447 4539 Achridas
1507 4483 1892 4555 archiepisco-

2070 3326 2192 3382 Bile
2221 3327 2476 3398 percitus
2526 3326 2786 3394 Michael,
2846 3345 3087 3385 suorum
3145 3331 3368 3402 synodo
3423 3335 3644 3401 coacta,

2001 3415 2329 3471 calumnias
2369 3415 2429 3470 in
2488 3416 2868 3487 apostolicam
2926 3418 3124 3474 sedem
3180 3420 3488 3492 instaurat,
3547 3421 3652 3477 do-

2001 3505 2368 3576 ctrinamque
2389 3504 2460 3559 de
2484 3504 2733 3575 Spiritus
2761 3513 2964 3573 sancto,
3007 3523 3072 3562 ac
3133 3509 3460 3580 praesertim
3503 3509 3657 3566 200

2000 3592 2245 3665 Symboli
2272 3591 2760 3664 interpolationem
2789 3594 2962 3666 erepit
3001 3594 3369 3669 impugnare,
3430 3598 3648 3671 Synodi

2001 3686 2129 3736 acta
2157 3681 2328 3737 refert
2347 3680 2616 3748 Allatius,
2649 3682 3058 3740 dissertatione
3087 3686 3134 3740 II
3166 3687 3239 3741 De
3270 3685 3434 3743 libris
3479 3689 3652 3744 eccle—

2000 3772 2238 3826 siasticis
2283 3775 2614 3837 Graecorum,
2659 3772 2759 3826 ubi
2814 3771 2936 3828 hac
2992 3773 3304 3842 habentur,
3340 3792 3471 3849 pag.
3506 3777 3648 3834 172:

2003 3882 2030 3910 ‹‹
2061 3861 2146 3914 Ad
2205 3859 2346 3930 haec,
2407 3860 2561 3930 quod
2627 3863 3041 3917 sacrosanctum
3120 3861 3433 3936 Symbolum
3489 3867 3645 3938 quod

2001 3949 2272 4004 omnibus
2326 3947 2708 4020 synodalibus
2764 3953 2822 4004 et
2875 3952 3251 4008 cecumenicis
3308 3952 3553 4010 decretis
3582 3954 3643 4010 in

1999 4054 2352 4094 concussum
2369 4041 2543 4108 atque
2556 4037 3004 4110 inexpugnabile
3026 4041 3204 4096 robur
3223 4041 3644 4115 babet,spuriis

2001 4125 2287 4199 cogitatis,
2319 4129 2375 4180 et
2401 4126 2805 4182 sermoninibus
2819 4127 3153 4184 adulterinis
3181 4132 3237 4185 et
3257 4130 3516 4187 audaciae
3545 4149 3643 4188 ex-

2000 4231 2169 4270 cessu
2199 4213 2512 4270 adulterare
2542 4213 2856 4282 nolumus;
2889 4231 2994 4271 nec
3025 4221 3091 4271 ut
3117 4215 3220 4285 illi,
3261 4234 3332 4273 ea:
3385 4225 3556 4274 Patre
3589 4225 3644 4276 et

1999 4303 2139 4359 Filio
2167 4303 2474 4375 Spiritum,
2506 4303 2605 4358 sed
2637 4319 2707 4358 ex
2734 4304 2900 4358 Patre
2952 4303 3202 4361 dicimus
3251 4307 3578 4376 procedere.
3614 4328 3644 4358 »

2000 4391 2316 4462 Hujumodi
2366 4407 2562 4446 rerum
2611 4392 2813 4447 eodem
2865 4409 3018 4448 anno
3087 4394 3219 4449 1051
3282 4394 3549 4451 notitiam
3572 4397 3644 4452 ad

1999 4481 2234 4536 Petrum
2268 4479 2690 4535 Autiochenum
2723 4481 3113 4552 patriarcham
3135 4484 3482 4540 transmittit
3510 4486 3648 4542 data

233 4589 390 4645 pum,
421 4591 490 4630 ac
517 4571 786 4629 Nicetam
817 4571 1172 4640 Stethatum,
1203 4589 1302 4629 seu
1343 4573 1707 4628 Pectoratum
1768 4588 1887 4627 mo-
1913 4588 1960 4653 Ι)
1999 4568 2273 4640 Epistola,
2307 4585 2483 4641 quam
2515 4568 2798 4624 Baronius
2830 4569 3035 4626 recitat
3065 4569 3285 4638 Latine,
3331 4589 3496 4629 num.
3529 4574 3640 4646 28;

235 4664 507 4718 uacuum.
543 4662 894 4717 Praedictum
923 4663 1242 4717 aecumenici
1268 4661 1505 4716 titulum
1547 4660 1782 4732 propria
1811 4661 1883 4716 ab

234 4749 356 4819 ipso
383 4751 732 4806 auctoritate
761 4755 1152 4820 assumptum,
1186 4748 1453 4804 novimus
1483 4764 1551 4804 ex
1600 4753 1782 4803 Leone
1814 4748 1885 4803 IX

229 4837 288 4890 in
317 4839 570 4911 epistola
599 4839 672 4894 ad
701 4837 896 4910 ipsum
925 4837 1285 4894 Cecularium
1315 4837 1472 4904 data,
1505 4853 1682 4908 quam
1714 4836 1884 4893 Baro-

235 4927 371 4982 aiun
406 4929 614 4984 recitat
648 4927 722 4981 ad
756 4943 978 4981 annum
1017 4927 1344 4996 1054,num.
1380 4927 1484 4992 12;
1523 4926 1716 4994 Qualis
1735 4941 1881 4992 vero,

233 5023 282 5067 et
319 5031 492 5085 quam
553 5015 909 5070 detestabilis
981 5023 1158 5085 atque
1211 5013 1586 5070 lamentabilis
1643 5019 1721 5070 est
1778 5015 1884 5070 illa

229 5106 499 5174 sacrilega
553 5105 871 5174 usurpatio,
902 5113 1082 5175 quate
1119 5103 1484 5159 universalem
1508 5104 1883 5174 patriai-chum

235 5194 409 5246 iustas
431 5195 658 5264 ubique,
692 5200 746 5247 et
774 5193 1000 5261 scripto,
1035 5197 1088 5247 et
1132 5195 1322 5247 verbo!
1355 5191 1678 5247 ‘Scissionis
1735 5208 1878 5263 pris-

231 5287 450 5337 textum
482 5282 676 5354 primo
704 5285 966 5354 tempore
1017 5297 1205 5353 neque
1262 5281 1478 5352 dogma
1524 5282 1880 5351 processionis

231 5374 432 5426 spata
458 5376 513 5426 et
533 5388 569 5424 a
598 5371 760 5436 Filio,
803 5386 990 5442 neque
1043 5370 1186 5425 vocis
1240 5369 1482 5440 Filioque
1515 5369 1875 5438 adjectionem

233 5461 292 5511 ad
323 5458 675 5531 Symbolum
701 5459 1091 5525 obtendit,sed
1125 5457 1267 5512 alios
1301 5457 1575 5513 Romanas
1605 5457 1875 5516 Ecclesiae

233 5545 385 5602 ritus.
422 5548 797 5619 maximeque
826 5563 989 5601 usum
1016 5548 1201 5615 azymi
1239 5547 1401 5618 panis
1457 5546 1514 5599 in
1575 5561 1873 5600 consecra-

238 5645 374 5694 καθ
403 5637 668 5712 corporis
699 5636 955 5692 Domini.
989 5634 1053 5689 lu
1083 5635 1209 5704 ejus
1265 5633 1546 5691 Cerularii
1605 5639 1662 5690 et
1719 5633 1874 5691 Petri

532 5765 800 5827 Psnon.
853 5762 965 5824 Gn.
1014 5760 1240 5823 CXLII.

1994 4658 2193 4714 Latine
2222 4663 2278 4713 et
2305 4658 2502 4714 Graece
2531 4655 2846 4712 Cotelerius
2887 4657 2946 4712 in
2986 4659 3229 4715 Ecclesih
3285 4665 3490 4719 Graecae
3519 4667 3645 4720 M0-

1991 4748 2292 4816 numentis,
2324 4751 2481 4802 tomo
2512 4746 2559 4800 Il
2619 4746 2774 4801 Inter
2817 4744 2932 4800 alia
2990 4745 3195 4813 multa,
3255 4748 3326 4804 de
3381 4752 3640 4822 symbolo

1993 4836 2325 4907 interpolato
2372 4834 2802 4890 accusationem
2854 4834 3093 4901 invehit,
3149 4837 3214 4890 In
3240 4842 3429 4894 sancto
3483 4839 3639 4912 Sym-

1994 4926 2131 4993 boIo,
2163 4924 2454 4996 inquiens,
2483 4923 2594 4978 tale
2623 4923 3064 4979 additamentum
3108 4927 3340 4981 recitant
3365 4943 3434 4982 ex
3491 4931 3637 4988 male

1988 5014 2397 5085 periculosaque
2420 5014 2710 5067 sententia.
2744 5013 2870 5067 lam
2931 5016 3086 5084 patet
3141 5013 3399 5086 Symboli
3456 5018 3638 5076 inter-

1991 5101 2165 5174 polati
2225 5117 2400 5156 usum
2459 5100 2567 5155 hac
2613 5103 2780 5156 astate
2833 5100 2892 5156 in
2944 5100 3200 5158 Romaea
3254 5102 3508 5162 Ecclesia
3552 5109 3637 5164 vi-

1990 5192 2208 5264 guisse.

2062 5278 2414 5350 Dignissima
2443 5282 2581 5333 sunt
2600 5278 3116 5336 animadversione
3134 5280 3289 5338 Petri
3311 5284 3635 5344 Autiochen

1987 5368 2142 5422 dicta
2171 5367 2230 5421 in
2261 5384 2366 5422 sua
2396 5366 2815 5438 Responsione,
2848 5383 2975 5439 quae
3007 5370 3162 5440 apud
3194 5369 3501 5431 laudatum
3533 5379 3634 5432 Co-

1985 5457 2252 5511 telerium
2285 5459 2507 5526 prostat
2529 5455 2722 5511 Graece
2751 5460 2808 5511 et
2843 5456 3082 5514 Latine:
3135 5481 3163 5509 «
3222 5459 3441 5517 Malum
3499 5481 3630 5521 vero

1983 5543 2326 5616 [inquieutis
2393 5561 2556 5599 nun].
2621 5545 2728 5615 11].
2790 5551 2847 5599 et
2880 5545 3168 5602 malorum
3203 5549 3528 5619 pessimum
3561 5570 3623 5610 es

1984 5633 2229 5706 adjectio
2260 5633 2328 5689 ad
2358 5632 2696 5706 Symbolum
2716 5634 2836 5690 hinc
2862 5639 2959 5705 ;Et
2978 5637 3035 5690 in
3059 5636 3328 5709 Spiritum
3349 5647 3620 5714 sanctum,

3261 5765 3296 5840 7
