4118 6438
555 337 675 397 203

1581 336 1893 397 GEORGII
1942 335 2202 395 CYPHII
2250 335 2364 395 ΟΡ.
2412 335 2940 396 PATRIABCHIE

3842 336 3954 397 204

549 470 868 534 Dominum,
925 476 977 522 et
1035 467 1417 535 viviﬁcantem,
1472 469 1569 537 qui
1623 483 1693 520 ea:
1745 468 1906 521 Patre
1943 467 2185 537 FiliOr/ue
2215 470 2261 530 Α
2297 466 2911 537 fueritvocisFitioque
2932 465 3956 524 additamentum?Verisimillimum

543 556 789 629 procedit
816 557 977 627 [num
1012 555 1122 625 22],
1153 560 1216 608 ut
1245 555 1514 625 equidem
1550 571 1735 609 meam
1768 571 2031 626 promam
2065 571 2191 608 sen-

548 646 829 711 tentiam;
863 644 910 699 si
943 644 1000 698 in
1033 643 1312 698 additione
1351 642 1593 714 Symboli
1636 644 1992 713 corrigantur
2045 643 2185 697 nihil

546 739 824 809 praterea
852 731 1284 806 postulaverim.
1318 754 1347 781 »
1380 731 1508 787 Hac
1534 732 1792 787 Joannes
1823 733 2038 787 Beccus
2085 748 2189 803 pro

547 822 729 879 animi
749 822 839 878 sui
868 821 1112 877 candore
1140 821 1494 893 expendens,
1552 821 1811 876 oratione
1865 822 1919 874 2-
1978 820 2049 875 de
2106 820 2189 874 in-

539 912 703 984 justa
733 910 824 967 sui
855 909 1233 983 depositione,
1253 926 1418 963 num.
1444 909 1473 962 4
1500 927 1514 976 ;
1550 931 1577 958 ‹‹
1614 911 1836 964 Attente
1861 908 2185 973 considera,

546 1000 760 1072 inquit,
791 999 1098 1063 dictionem,
1127 998 1228 1069 qui
1257 997 1379 1052 hac
1409 1013 1571 1068 aquo
1603 997 1797 1051 animo
1855 997 2142 1066 dijudicas
2171 1014 2183 1050 :

542 1091 594 1146 si
619 1091 677 1145 in
707 1096 892 1145 saneto
916 1088 1168 1161 Symboto
1207 1088 1415 1157 factam
1455 1085 1789 1141 additionem
1844 1087 2188 1141 correxerint

544 1178 669 1235 Non
698 1194 853 1246 vero,
887 1178 936 1233 si
976 1177 1111 1231 inde
1167 1176 1523 1245 impietatem
1582 1173 2053 1243 oblitteraverint,
2087 1179 2187 1229 aut

542 1267 679 1323 inde
701 1268 982 1323 adversus
1016 1267 1193 1321 Deum
1208 1263 1633 1337 blasphemiam
1653 1264 1945 1335 ejecerint.
1972 1286 1999 1312 ››
2032 1268 2184 1318 Inta-

542 1359 695 1412 ctam
726 1372 862 1429 ergo
891 1353 1291 1410 Antiochenus
1320 1352 1683 1424 relinquebat
1730 1353 1802 1407 de
1849 1354 2195 1423 processione.

539 1461 576 1500 a
601 1444 747 1501 Filio
801 1443 1149 1499 doctrinam.
1183 1446 1256 1496 At
1281 1442 1491 1496 malum
1519 1442 1864 1496 etmalorum
1889 1444 2185 1512 pessimum

540 1533 804 1605 [inquis),
836 1532 1029 1604 ipsam
1084 1535 1249 1586 vocat
1296 1529 1657 1598 adiectionem
1712 1529 1782 1583 ad
1839 1529 2179 1600 Symbolum.

534 1625 785 1678 Beccum
815 1621 1013 1677 audire
1045 1622 1282 1691 prastat
1314 1618 1535 1674 Ibidem
1555 1635 1576 1679 ,·
1607 1640 1636 1668 ‹‹
1684 1621 1803 1690 Ego
1833 1616 2005 1689 plane
2046 1633 2180 1672 eum

536 1710 796 1781 [Petuum
826 1707 1293 1776 Antiochenuml,
1325 1706 1480 1779 quod
1512 1706 1798 1761 videbatur
1826 1708 1883 1761 in
1906 1704 2183 1761 additione

2310 554 2366 608 id
2398 555 2648 609 videtur.
2685 562 2797 609 Cur
2828 555 2982 610 enim
3015 562 3185 610 antea
3212 555 3442 610 tametsi
3477 572 3510 609 a
3541 560 3701 610 sexto
3749 557 3953 612 saculo

2304 643 2606 699 desinente
2640 644 2902 699 Ecclesia
2964 643 3315 715 Hispanica,
3348 649 3404 697 et
3433 661 3466 699 a
3489 644 3701 700 saculo
3760 650 3952 701 octavo

2299 731 2627 799 Gallicana,
2660 738 2717 788 et
2747 732 3196 801 Germanica,ac
3228 732 3440 787 Italica
3475 733 3531 786 in
3562 749 3740 805 regno
3776 734 3951 790 Italia

2300 820 2531 890 publice
2560 821 2899 893 Symbolum
2932 822 3085 877 idem
3116 821 3176 876 in
3208 820 3471 893 Liturgia
3512 821 3949 889 recitarent,aut

2296 914 2590 975 canerent,
2623 926 2844 965 morem
2878 911 3052 964 istum
3103 910 3362 964 Romana
3419 910 3677 965 Ecclesia
3734 913 3946 984 recepit

2297 1014 2598 1069 nunquam
2624 999 2651 1053 ‘I
2681 999 2957 1053 Videlicet
2988 999 3127 1069 quod
3156 1000 3400 1054 Romana
3422 999 3657 1054 Ecclesia
3680 1001 3943 1071 (Henrico

2296 1085 2629 1157 imperatori
2689 1089 3049 1158 reponebant
3101 1088 3369 1155 Romani)
3434 1104 3545 1143 non
3597 1091 3789 1159 fuisset
3843 1090 3942 1145 ali-

2293 1175 2509 1245 quando
2540 1177 2656 1231 ulla
2687 1177 2953 1232 haereseos
2979 1178 3117 1246 faece
3146 1179 3367 1247 infecta,
3404 1178 3495 1232 sed
3553 1179 3611 1232 in
3642 1179 3943 1246 {soliditate

2292 1265 2574 1320 catholicae
2624 1265 2762 1336 ﬁdei
2814 1269 3165 1335 permaneret
3221 1268 3561 1321 inconcussa.
3593 1267 3769 1339 Atqui
3825 1268 3942 1323 hac

2294 1352 2441 1407 ratio
2474 1370 2589 1408 non
2621 1352 2811 1409 solum
2844 1353 3671 1427 Symbolicantum,quiprius
3702 1356 3760 1411 in
3786 1373 3943 1412 more

2292 1439 2489 1508 fuerit,
2520 1441 2618 1496 sed
2637 1443 2773 1512 jure
2804 1442 3013 1514 potiori
3055 1443 3302 1515 Symboti
3344 1444 3830 1515 interpolationem
3861 1462 3943 1501 re-

2282 1529 2434 1601 jicit.
2497 1531 2652 1585 Hanc
2707 1531 2881 1586 etiam
2932 1548 3038 1587 suo
3087 1536 3346 1602 tempore
3399 1549 3639 1589 causam
3696 1533 3943 1589 Ruﬁnus

2291 1619 2588 1683 reddebat.
2617 1635 2722 1674 cur
2750 1619 3092 1692 Symbolum
3124 1620 3511 1692 apostolicum
3542 1637 3677 1677 cum
3729 1622 3940 1694 aliqui-

2291 1707 2403 1762 bus
2435 1707 2853 1764 additamentis
2883 1713 3101 1764 cetera
3124 1708 3394 1765 Ecclesiae
3444 1710 3776 1777 recitarent,
3811 1710 3940 1767 sine

534 1799 819 1870 delictum,
852 1796 1005 1853 facili
1059 1795 1289 1868 negotio
1331 1794 1731 1867 neglecturum
1788 1794 2093 1849 existimo:
2128 1794 2177 1849 si
2212 1829 2260 1894 Β
2290 1794 2407 1850 illis
2435 1796 2863 1858 [intemeratum
2917 1797 3235 1853 custodiret
3286 1797 3584 1853 Romana:
3636 1799 3791 1866 Quod
3843 1816 3940 1869 ego

532 1887 620 1944 vel
651 1886 932 1960 pusillum
991 1885 1152 1958 pacis
1208 1884 1478 1956 spiritum
1535 1882 1594 1937 in
1646 1899 1713 1938 eo
1745 1881 2044 1952 (Michaele
2083 1886 2182 1936 Ce-

532 1975 794 2046 rulario),
854 1975 926 2030 ad
984 1989 1160 2046 quem
1217 1972 1439 2026 litteras
1482 1971 1679 2038 dabat,
1721 1971 2001 2026 contineri
2056 1988 2185 2042 pro.

529 2064 839 2138 spexisset.
874 2063 1052 2134 quue
1081 2060 1312 2131 colligo,
1345 2076 1449 2115 nec
1478 2058 1650 2125 male,
1683 2076 1751 2115 ex
1796 2059 1913 2115 illis
1964 2076 2090 2131 qua
2123 2059 2179 2113 in

531 2152 646 2209 alia
674 2150 943 2225 Epistula
974 2155 1136 2223 parte
1166 2156 1351 2219 (num.
1387 2150 1475 2219 14)
1503 2149 1694 2203 verbis
1724 2148 1883 2203 hisce
1929 2149 2140 2219 digerit
2169 2173 2183 2212 ;

528 2245 743 2300 Bonum
796 2243 945 2297 enim
997 2248 1080 2295 est
1128 2254 1225 2294 nos
1278 2238 1354 2292 ad
1388 2240 1707 2310 aequitatem
1759 2254 2075 2308 propensos,
2127 2249 2182 2293 et

523 2331 876 2406 potissimum
930 2329 1028 2385 ubi
1079 2344 1252 2399 neque
1279 2328 1438 2394 Deus,
1468 2342 1642 2397 neque
1670 2326 1799 2395 ﬁdes
1830 2329 1887 2381 in
1931 2328 2177 2397 periculo

525 2416 1127 2492 uertitur(cujusmodi
1143 2416 1298 2488 apud
1322 2415 1748 2470 Antiochenam
1772 2419 1897 2470 erat
1922 2414 2175 2487 Spiritus

529 2507 717 2567 sancti
746 2506 1040 2581 processio
1071 2505 1246 2561 etiam
1281 2522 1315 2559 a
1344 2502 1485 2559 Filio
1540 2519 1573 2557 a
1631 2502 1850 2557 Latinis
1905 2510 2169 2574 asserta),

528 2614 738 2672 semper
764 2596 835 2652 ad
860 2611 1050 2668 pacem
1077 2598 1128 2650 et
1153 2596 1393 2665 fratrum
1420 2608 1666 2649 amorem
1708 2592 1999 2647 inclinari.
2038 2615 2065 2642 ››

599 2687 697 2744 III.
731 2686 916 2743 Hocce
944 2683 1225 2755 temporis
1254 2681 1574 2744 intervallo.
1608 2682 1764 2752 quod
1814 2699 1849 2736 a
1903 2681 2172 2738 Photiano

526 2777 818 2834 schismate
837 2773 1092 2831 excurrit
1117 2772 1188 2829 ad
1219 2770 1559 2828 Michaelem
1590 2769 1951 2826 Cerularium
2015 2771 2171 2827 schi-

526 2866 734 2924 smatis
792 2865 1262 2931 instauratorem,
1321 2859 1543 2932 epocha
1601 2860 1744 2915 207
1830 2858 2170 2931 diligentius

524 2953 916 3027 perquirenda
962 2958 1052 3008 est
1104 2948 1346 3006 admissi
1390 2948 1720 3020 receptique
1800 2947 1858 3003 in
1916 2949 2172 3005 Ecclesia

525 3043 789 3100 Romana
840 3057 965 3097 cum
1019 3038 1441 3110 interpolatione
1508 3035 1787 3108 Symboli.
1854 3040 1934 3091 Ac
1982 3038 2170 3109 primo

526 3130 867 3205 Symbolum
915 3125 1623 3198 Constantinopolitanum
1672 3125 1917 3197 capisse
1974 3126 2168 3182 Roma

524 3193 676 3277 initer
730 3220 1041 3276 Missarum
1096 3193 1381 3272 solemnia
1461 3193 1780 3269 decantari'
1815 3232 1967 3270 anno
2031 3216 2166 3270 1014
2198 3193 2241 3260 C

526 3309 722 3366 sedem
754 3306 1131 3380 apostolicam
1156 3308 1387 3359 tenente
1418 3301 1722 3357 Benedicto
1751 3302 1900 3369 VIII,
1952 3320 2016 3358 ac
2056 3304 2165 3359 im-

527 3402 766 3472 perante
793 3395 1037 3451 Henrico
1069 3394 1112 3465 I,
1158 3397 1318 3447 extra
1373 3391 1621 3446 dubium
1673 3391 1836 3463 ponit
1886 3393 2166 3448 Bernonis

529 3486 759 3544 abbatis
788 3483 1099 3556 Augiensis
1148 3480 1482 3538 auctoritas.
1537 3481 1726 3535 Roma
1782 3481 2045 3537 interfuit
2073 3482 2168 3538 ille

530 3577 719 3649 ipsius
748 3572 977 3630 Henrici
1007 3571 1363 3628 coronationi
1394 3570 1597 3625 eodem
1647 3587 1799 3625 anno
1854 3572 1989 3625 1014
2020 3572 2167 3627 cele-

528 3667 728 3723 bruta.

602 3755 664 3810 In
693 3752 912 3820 libello,
941 3767 1115 3824 quem
1144 3751 1217 3806 de
1245 3749 1600 3822 quibusdam
1632 3749 1804 3805 rebus
1851 3750 1921 3803 ad
1979 3749 2169 3804 Missa

530 3843 790 3899 officium
846 3839 1268 3914 pertinentibus
1324 3838 1672 3909 composuit.
1717 3837 1837 3893 hac
1869 3838 2042 3893 habet
2071 3854 2169 3893 ca-

526 3931 646 4005 pite
672 3932 748 3987 2:
781 3953 810 3981 «
842 3929 1086 3985 Romani
1115 3944 1302 3999 usque
1328 3927 1399 3981 ad
1426 3926 1535 3981 haec
1562 3935 1805 3997 tempora
1856 3926 2001 3982 diva
2055 3943 2166 3982 me-

524 4021 722 4078 moriae
749 4019 969 4075 Henrici
1023 4018 1367 4089 imperatoris
1392 4015 1547 4071 nullo
1592 4014 1747 4070 modo
1828 4017 2164 4072 cecinerunt.

526 4109 638 4166 Sed
669 4109 743 4165 ab
785 4108 986 4164 eodem
1044 4105 1403 4176 interrogati,
1463 4121 1567 4160 cur
1622 4104 1702 4158 ita
1756 4108 2017 4176 agerent,
2074 4120 2167 4160 me

527 4214 723 4255 coram
759 4196 1087 4260 assistente,
1121 4194 1315 4249 audivi
1371 4209 1469 4248 eos
1528 4193 1868 4264 hujusmodi
1925 4210 2166 4265 respon-

526 4304 660 4344 sum
692 4287 969 4353 reddere;
1000 4282 1268 4339 videlicet
1293 4283 1448 4354 quod
1483 4281 1745 4337 Romana
1765 4281 2021 4337 Ecclesia
2052 4299 2165 4339 non

525 4376 733 4434 fuisset
761 4374 1076 4447 aliquando
1111 4371 1232 4427 ulla
1278 4370 1561 4426 haereseos
1619 4371 1754 4425 face
1802 4371 2035 4437 infecta,
2065 4372 2165 4426 sed

526 4466 851 4522 secundum
881 4462 1063 4519 sancti
1096 4461 1248 4517 Petri
1278 4458 1604 4515 doctrinam
1636 4459 1695 4513 in
1753 4459 2043 4515 soliditate
2072 4476 2166 4515 ca-

2289 1889 2579 1956 propterea
2607 1901 2722 1940 esse
2747 1886 3007 1954 arbitror,
3040 1885 3335 1957 inquiens,
3364 1887 3506 1957 quod
3518 1903 3690 1959 neque
3711 1887 3939 1945 heresis

2292 1974 2409 2028 ulla
2440 1975 2557 2028 illic
2604 1977 2833 2044 sumpsit
2888 1975 3198 2039 exordium,
3256 1976 3452 2046 Itaque
3505 1992 3639 2030 cum
3696 1977 3937 2032 demum

2290 2063 2666 2117 Benedictum
2726 2062 2845 2117 VIII
2876 2064 3139 2135 petitioni
3174 2063 3403 2119 Henrici
3431 2065 3698 2136 Augusti,
3735 2064 3938 2122 habito

2286 2154 2538 2207 omnium
2581 2168 2864 2217 consensu,
2928 2151 3351 2223 indulgendum
3433 2170 3563 2208 esse
3618 2155 3937 2226 censuerit,

2288 2239 2545 2311 Symboli
2578 2240 3203 2311 Constantinopolitani
3236 2246 3410 2296 cantu
3440 2241 3592 2297 inter
3620 2241 3938 2298 Missarum

2284 2329 2567 2384 solemnia
2596 2334 2844 2401 recepto,
2898 2329 3241 2401 Symbolum
3299 2329 3478 2385 etiam
3534 2330 3821 2402 recepisse
3852 2332 3939 2386 vi-

2282 2419 2453 2473 detur
2482 2418 2634 2474 208
2663 2435 2795 2473 cum
2829 2417 3290 2491 interpolatione,
3344 2436 3521 2490 quam
3572 2421 3935 2491 caterajam

2280 2508 2460 2562 totius
2490 2507 2820 2562 Occidentis
2852 2506 3120 2562 Ecclesia
3150 2507 3487 2579 amplexata
3519 2508 3769 2575 fuerant,
3822 2526 3933 2581 pu-

2282 2596 2545 2668 bliceque
2574 2596 2631 2651 in
2660 2595 2916 2668 Symboli
2945 2601 3120 2651 cantu
3151 2596 3590 2668 profitebantur.

2352 2684 2443 2739 IV.
2476 2684 2592 2739 Hac
2622 2690 2819 2739 tamen
2850 2686 2922 2740 de
2942 2701 3002 2740 re
3044 2684 3214 2740 varia
3260 2690 3400 2740 sunt
3456 2685 3771 2758 vigentque
3822 2687 3932 2742 ad-

2278 2773 2394 2829 huc
2425 2773 2777 2845 scriptorum
2807 2773 3130 2845 opiniones,
3161 2791 3307 2845 quas
3330 2773 3541 2830 referre
3601 2779 3839 2847 prastat
3870 2778 3931 2830 et

2277 2862 2617 2934 expendere.
2672 2867 2919 2917 Sanctus
2976 2861 3285 2918 Thomasl
3342 2868 3513 2934 part.,
3571 2867 3773 2934 quast.
3834 2863 3929 2929 36,

2280 2955 2388 3006 art.
2418 2952 2474 3015 2,
2506 2951 2577 3005 ad
2607 2952 2664 3016 2,
2696 2951 2779 3005 ait
2804 2968 2815 3004 :
2848 2952 3044 3006 Postea
3073 2952 3393 3019 insurgente
3420 2967 3611 3007 errore
3659 2968 3932 3023 quorum-

2279 3040 2435 3109 dam,
2468 3041 2529 3093 in
2557 3038 2789 3110 quodam
2808 3041 3044 3096 concilio
3098 3040 3159 3093 in
3204 3039 3641 3099 Occidentalibus
3699 3057 3927 3112 congre-

2277 3133 2425 3197 gato,
2461 3143 2772 3198 expressum
2802 3131 2913 3199 [uit
2940 3129 3117 3200 (quod
3149 3129 3327 3184 etiam
3357 3145 3391 3183 a
3422 3127 3565 3183 Filio
3589 3129 3928 3201 procederet

2277 3216 2529 3288 Spiritus
2577 3220 2857 3285 sanctus).
2938 3218 3272 3273 auctoritate
3327 3218 3562 3273 Romani
3607 3218 3923 3288 Pontiﬁcis:

2276 3307 2433 3376 cujus
2468 3307 2797 3361 auctoritate
2839 3308 3009 3360 etiam
3055 3308 3284 3377 antiqua
3342 3307 3580 3361 concilia
3631 3322 3926 3378 congrega-

2279 3395 2477 3450 bantur
2521 3402 2573 3448 et
2643 3394 3128 3464 conﬁrmabantur.
3200 3394 3366 3449 Paria
3447 3394 3654 3450 scribit
3719 3400 3931 3450 contra

2279 3488 2500 3555 gentes,
2533 3482 2682 3537 libro
2714 3500 2787 3552 IV,
2819 3482 3005 3553 capite
3034 3483 3103 3537 23
3128 3499 3141 3537 ε
3170 3484 3446 3539 Processio
3477 3483 3719 3555 Spiritus
3746 3489 3929 3539 sancti

2276 3588 2309 3625 a
2338 3572 2479 3625 Filio
2527 3572 2793 3641 impticite
2840 3572 3145 3627 continetur
3190 3573 3253 3626 in
3318 3571 3930 3644 Constantinopolitana

2276 3659 2479 3731 synodo
2510 3662 2570 3714 in
2600 3660 2696 3715 hoc
2720 3660 2859 3730 quod
2888 3661 2970 3715 ibi
2994 3660 3365 3731 dicitur,quod
3391 3661 3635 3732 procedit
3660 3678 3695 3715 a
3723 3662 3924 3718 Patre:

2278 3751 2409 3821 quia
2456 3748 2596 3820 quod
2645 3749 2711 3803 de
2756 3750 2918 3804 Patre
2974 3750 3331 3819 intelligitur,
3375 3754 3581 3820 oportet
3607 3750 3737 3806 etde
3764 3750 3929 3808 Filio

2278 3838 2531 3907 intelligi.
2584 3839 2647 3892 Et
2700 3837 2774 3892 ad
2820 3838 2917 3892 hoc
2970 3838 3285 3893 addendum
3354 3838 3561 3909 sufﬁcit
3628 3842 3941 3896 auctoritas

2280 3928 2508 3982 Romani
2534 3927 2829 3996 pontiﬁcis,
2860 3942 2961 3997 per
2987 3942 3153 3998 quam
3206 3928 3375 3982 etiam
3439 3929 3804 3982 inveniuntur
3835 3946 3948 3983 an-

2279 4017 2435 4087 tiqua
2464 4016 2697 4070 concilia
2761 4030 2877 4070 esse
2921 4015 3262 4084 conﬁrmata.
3322 4015 3714 4083 Occidentale,
3774 4018 3945 4089 quod

2282 4104 2544 4177 Aquinas
2575 4108 2879 4169 memorat,
2942 4120 2976 4158 a
3010 4104 3272 4159 Romano
3306 4104 3578 4175 pontiﬁce
3611 4121 3943 4178 congrega-

2279 4198 2428 4257 tum,
2468 4192 2780 4247 concilium
2813 4192 2968 4247 latet.
3002 4191 3215 4255 Quidni
3257 4208 3389 4247 vero
3447 4209 3549 4265 pro
3593 4193 3944 4262 Occidentali

2276 4280 2509 4336 concilio
2537 4280 2785 4351 intelligi
2815 4284 3009 4352 queat,
3042 4281 3272 4336 Henrici
3303 4281 3673 4353 imperatoris
3697 4283 3936 4354 petitio,

2278 4371 2609 4439 omniunque
2645 4368 2898 4424 maxime
2945 4385 3273 4437 consensus;
3330 4387 3445 4442 quo
3502 4369 3701 4426 habito
3758 4372 3955 4428 Bene“

2280 4459 2470 4513 dictus
2499 4458 2623 4512 VIII
2659 4457 2986 4524 indulserit,
3021 4457 3251 4530 publice
3290 4458 3419 4513 cani
3467 4458 3819 4531 Symbolum
3882 4461 3953 4518 in
4030 4468 4031 4495 λ

526 4554 749 4611 tholica
781 4553 915 4608 fidei
939 4553 1305 4625 permaneret
1332 4548 1710 4603 inconcussa:
1747 4552 1804 4603 et
1823 4548 1952 4603 ideo
1985 4549 2172 4621 magis
2201 4558 2249 4622 Ι)
2278 4547 2481 4611 missa,
2516 4546 3052 4619 proutHispanica,
3085 4550 3140 4601 et
3196 4546 3527 4616 Gallicana,
3585 4552 3644 4604 et
3697 4548 3953 4607 Germa-

525 4642 619 4698 his
649 4641 1044 4699 necessarium
1075 4652 1204 4694 esse
1231 4636 1374 4692 illud
1395 4635 1734 4709 Symbolum
1794 4637 2005 4709 sapius
2037 4655 2169 4693 can-

525 4732 701 4786 tando
728 4727 1221 4803 frequentare,qui
1252 4725 1565 4798 aliquando
1588 4724 1707 4781 ulla
1735 4726 1937 4781 baresi
1972 4739 2169 4797 potue-

525 4824 663 4874 runt
691 4817 988 4875 maculari.
1038 4818 1104 4872 At
1144 4815 1418 4871 dominus
1468 4813 1786 4886 imperator
1833 4831 1946 4870 non
2002 4820 2171 4871 antea

525 4906 717 4972 desiit,
751 4923 927 4980 quam
960 4906 1205 4961 omnium
1222 4918 1487 4959 consensu
1523 4901 1581 4956 id
1629 4901 1866 4957 domino
1926 4903 2169 4959 Benedi-

525 5000 616 5052 cto
659 4995 989 5068 Apostolico
1049 4994 1359 5067 persuasit,
1414 4996 1478 5047 ut
1525 4991 1594 5046 ad
1636 4991 1915 5062 publicam
1952 4992 2167 5048 Misiam

523 5086 675 5141 illud
701 5085 1078 5141 decantarent.
1110 5083 1217 5138 Sed
1247 5087 1444 5138 utrum
1482 5080 1633 5135 hanc
1682 5080 2166 5137 consuetudinem

523 5179 754 5232 servent
783 5174 995 5239 adhuc,
1027 5173 1318 5229 afﬁrmare
1347 5188 1461 5226 non
1494 5187 1832 5242 possumus,
1880 5170 2020 5241 quia
2050 5188 2171 5227 cer-

539 5280 642 5320 um
674 5280 788 5320 non
817 5266 1105 5319 tenemus.
1144 5284 1164 5309 ι
1201 5259 1357 5316 Obiit
1388 5260 1573 5313 Berno
1607 5275 1759 5313 anno
1796 5259 1954 5312 1045.

592 5351 747 5409 Num
771 5367 907 5424 ergo
938 5349 1059 5406 hac
1088 5349 1223 5404 data
1243 5346 1564 5416 occasione,
1597 5363 1715 5418 qua
1743 5349 1993 5402 omnium
2038 5363 2167 5404 con-

519 5456 687 5499 sensu
717 5438 923 5495 annuit
951 5454 1220 5494 summus
1267 5435 1527 5508 pontifex
1580 5434 1925 5491 Benedictus
1952 5434 2079 5489 VIII
2104 5439 2172 5491 ut

521 5530 675 5588 inter
704 5529 1016 5585 Missurum
1066 5525 1350 5582 solemnia
1385 5523 1728 5597 Symbolum
1757 5524 2169 5580 Constantino-

520 5618 847 5700 politanum
874 5619 1200 5687 caneretur,
1236 5611 1563 5672 admissum
1594 5612 1770 5670 etiam
1802 5612 1992 5689 prima
2046 5612 2170 5671 vice

2277 4636 2417 4691 nica
2444 4638 2501 4690 et
2522 4633 2730 4689 Italica
2761 4633 2820 4688 in
2854 4651 3029 4708 regno
3061 4635 3236 4691 Italia
3268 4635 3412 4690 illud
3454 4637 3763 4705 canebant,
3793 4654 3950 4695 cum
4026 4668 4027 4708 γ

2278 4723 2432 4779 vocis
2459 4722 2710 4794 Filioque
2740 4722 3185 4795 interpolatione
3206 4725 3234 4779 ?

2355 4813 2515 4884 Hugo
2546 4811 2873 4878 Eterianus,
2912 4812 2970 4867 in
3041 4829 3238 4885 opere,
3293 4815 3450 4885 quod
3501 4813 3831 4872 Aletandro
3866 4816 3950 4873 III
4022 4870 4023 4891 1

2280 4901 2540 4956 Romano
2573 4900 2831 4971 pontifici
2884 4903 3261 4972 nuncupavit,
3295 4904 3370 4957 De
3412 4902 3740 4971 haeresibus,
3800 4921 3953 4977 quas
4022 4898 4023 4955 l

2280 4992 2342 5045 in
2380 4991 2603 5045 Latinos
2661 4988 2837 5045 Graeci
2890 4991 3203 5061 devolvunt,
3255 4990 3403 5046 libro
3461 5009 3546 5059 III,
3608 4994 3797 5065 capite
3851 4996 3951 5065 16,

2280 5078 2399 5133 hac
2414 5078 2588 5133 habet
2610 5095 2668 5133 :«
2685 5078 2855 5133 Nulla
2870 5079 3162 5135 calumnia
3178 5081 3467 5136 notandus
3480 5085 3570 5136 est
3584 5081 3954 5154 antiquioris

2280 5168 2473 5223 Romae
2498 5167 2763 5231 antistes,
2790 5169 2951 5240 quod
2975 5185 3139 5224 causa
3188 5171 3670 5241 interpretationis
3725 5171 3955 5228 dictio-
4014 5167 4017 5241 ᾗ

2279 5272 2415 5312 nem
2460 5272 2659 5325 unam,
2680 5256 2808 5312 dico
2823 5262 3018 5313 autem
3034 5275 3102 5313 ex
3116 5259 3255 5312 Filio
3295 5259 3605 5330 procedere
3625 5258 3953 5331 Spiritum,

2276 5354 2592 5402 sanctorum
2615 5346 2868 5416 plurium
2895 5348 3291 5418 episcoporum,
3334 5348 3957 5421 scientissimorumque

2276 5434 2646 5490 cardinatium
2663 5450 2928 5491 consensu
2958 5435 3162 5492 habito.
3196 5438 3553 5509 apposuerit.
3587 5457 3616 5488 υ
3638 5435 3769 5492 Hac
3787 5438 3959 5496 mihi

2275 5524 2546 5578 videntur
2569 5523 2745 5580 verba
2774 5522 2939 5579 illum
2987 5526 3236 5581 omnium
3283 5540 3607 5583 consensum
3631 5524 3954 5586 indicare:

2277 5629 2394 5688 quo
2426 5612 2624 5670 habito
2656 5613 3031 5671 Benedictum
3059 5613 3185 5672 VIII
3210 5615 3476 5691 petitioni
3536 5613 3765 5673 Henrici
3817 5614 3950 5677 im-

4024 4750 4025 4839 l

4014 5002 4021 5195 l

4014 5198 4017 5307 1

4004 5424 4013 5641 l

4002 5646 4009 5985 Ι
