4118 6456
261 369 360 431 205

1458 368 1663 434 Vl'l‘A.
1696 406 1772 417 --
1802 370 2322 461 DISSERTATIQ
2366 370 2443 429 ιι.

3528 370 3649 429 206

264 499 529 571 paraturis
575 499 877 570 annuisse,
927 502 1176 556 testatur
1221 487 1408 556 Berno
1445 503 1752 575 Augiensis
1793 503 1892 557 ab-
1922 504 1978 567 Α
2006 517 2120 569 nes,
2164 500 2503 565 Benedictus,
2562 503 2685 571 Leo,
2743 515 3068 555 successores
3121 514 3277 555 novae
3334 499 3647 569 hujusmodz

264 590 374 645 bas.

316 677 673 733 Humbertus
706 678 1040 741 cardinalis,
1064 680 1374 751 episcopus
1396 680 1889 743 Silvae-Candidas,

259 782 377 821 cum
416 764 615 832 sociis,
665 766 728 819 in
778 765 1071 820 sententia
1118 767 1510 822 anathematis
1561 774 1762 823 contra
1786 767 1890 823 Mi-

259 853 498 909 chaelem
527 853 899 909 Cerularium
939 853 1080 920 lata,
1126 854 1320 925 ipsum
1377 873 1633 927 suosque
1664 856 1892 911 Graecos

257 948 494 1008 accusat,
523 942 671 1013 quod
698 942 1050 998 absciderunt
1079 960 1112 997 a
1138 943 1399 1015 Symbolo
1442 948 1689 1016 Spiritus
1719 947 1894 999 sancti

260 1032 669 1103 processimem.
698 1032 763 1085 In
789 1047 991 1086 eorum
1015 1030 1233 1087 scilicet
1254 1034 1484 1087 videtur
1503 1033 1599 1089 ille
1624 1034 1894 1105 Opinione

262 1122 438 1186 fuisse,
472 1120 576 1192 qui
611 1125 753 1175 ante
801 1119 1295 1176 Monotheliticam
1345 1121 1634 1190 haeresim,
1669 1140 1735 1177 ac
1785 1124 1895 1177 for-

264 1215 392 1265 tasse
420 1211 483 1264 in
541 1208 1193 1280 Constantinopolitana
1247 1215 1448 1264 contra
1492 1211 1893 1266 Macedoniam

257 1297 480 1370 synodo,
516 1298 812 1367 adjectam
869 1313 1067 1352 vocem
1127 1298 1371 1367 Filioque
1426 1298 1498 1354 ad
1554 1298 1893 1370 Symbolum

256 1387 546 1458 putabant.
582 1385 889 1449 Quomodo
938 1402 1074 1441 vero
1122 1386 1308 1441 eidem
1359 1386 1639 1442 cardinali
1670 1393 1728 1443 et
1774 1389 1895 1458 epi—

253 1492 410 1547 scopo
436 1473 949 1543 Silvae-Candida},
1000 1475 1276 1545 praedicta
1322 1492 1476 1530 anno
1525 1477 1663 1530 1054
1703 1477 1899 1548 profe-

248 1565 405 1629 renti,
436 1579 562 1618 non
587 1563 937 1631 innotuerit,
962 1564 1112 1633 quod
1141 1567 1275 1618 ante
1299 1564 1691 1636 quadraginta
1714 1581 1899 1620 annos

248 1653 345 1707 sub
371 1651 635 1707 Henrico
669 1651 1022 1723 imperatore
1069 1651 1287 1707 factum
1336 1653 1797 1709 constituimus?
1828 1658 1901 1708 At

246 1742 624 1807 Humbertus,
660 1740 721 1794 in
754 1739 1019 1795 Tullensi
1044 1741 1276 1796 dimcesi
1300 1742 1623 1797 monachus
1649 1742 1898 1798 Mediani

247 1828 587 1924 monasterii
619 1829 780 1924 ιφθ
809 1828 868 1883 in
914 1828 1306 1924 hotliaringia,
1339 1828 1675 1924 Symbolum
1719 1830 1900 1886 inter-
1928 1861 1977 1924 B

246 1918 497 1991 polatum
529 1917 810 1988 canebat,
842 1917 1233 1989 audiebatque
1261 1918 1388 1973 cani
1422 1918 1548 1973 suis
1579 1919 1638 1973 in
1677 1919 1903 1990 provin-

248 2009 337 2063 ciis
385 2009 571 2078 juxta
622 2022 883 2061 -morem
937 2007 1009 2060 ab
1064 2007 1302 2078 antiquo
1368 2006 1748 2072 obtinentem,
1805 2024 1901 2063 ve-

249 2112 478 2167 ramque
537 2094 860 2167 ignorabat
916 2096 1045 2164 ejus
1103 2094 1405 2166 originem.
1464 2094 1724 2167 Vulgari,
1776 2113 1901 2167 quae

251 2185 385 2256 apud
416 2201 569 2240 suos
618 2183 941 2248 ferebatur,
992 2189 1425 2255 praoccupatus
1467 2185 1758 2256 opinione.
1794 2185 1901 2239 Ro-

257 2290 390 2328 mam
419 2272 743 2345 profectus
790 2276 881 2326 est
931 2288 1067 2326 cum
1115 2277 1297 2328 Leone
1342 2289 1493 2343 papa
1525 2273 1588 2327 IX
1621 2274 1693 2328 ab
1718 2290 1903 2345 eoque

264 2367 461 2417 creatus
494 2358 832 2416 cardinalis
863 2363 921 2413 et
965 2359 1273 2431 episcopus
1324 2360 1803 2417 Silvae-Candida.
1838 2363 1902 2417 In

273 2465 337 2517 eo,
359 2451 515 2521 quod
550 2446 901 2505 Cerularius
945 2447 1257 2503 dissidium
1304 2454 1561 2504 moverat
1590 2467 1693 2521 pro
1724 2450 1903 2505 semel

278 2536 446 2593 hausta
476 2536 793 2609 opinione,
827 2536 1056 2591 Graecos
1086 2537 1327 2608 putabat
1350 2538 1696 2608 particulam
1729 2538 1904 2594 Filio-

282 2626 709 2695 gsedetraxisse
767 2624 1060 2695 Symbolo,
1112 2641 1258 2696 quos
1318 2628 1631 2682 acerrimos
1670 2639 1908 2683 noverat

272 2717 608 2785 accessionis
654 2715 729 2769 ab
782 2719 1017 2785 utroque
1065 2713 1278 2770 hostes.
1315 2715 1377 2769 In
1417 2715 1539 2770 viro
1596 2716 1906 2788 caateroqui

273 2802 597 2859 doctissimo
628 2801 962 2857 accuratior
988 2801 1098 2857 hac
1128 2803 1187 2857 in
1218 2818 1279 2858 re
1310 2803 1656 2875 perquisitio
1688 2804 1909 2860 frustra

265 2892 596 2963 expetenda.

320 2980 514 3036 Minus
574 2984 915 3035 accuratam
974 2983 1326 3051 temporum,
1385 2981 1602 3051 quibus
1648 2981 1910 3036 Romana

262 3066 505 3124 Ecclesia
534 3068 1057 3139 interpolationem
1090 3068 1410 3135 admiserit,
1445 3070 1713 3124 notitiam
1745 3069 1903 3125 exhi-

256 3156 345 3213 bet
372 3146 651 3213 Andreas
681 3156 1034 3213 Rhodiensis
1064 3158 1373 3229 episcopus
1402 3158 1459 3212 in
1492 3159 1653 3214 Actis
1683 3158 1908 3215 Graeco-

1998 591 2266 646 doctrinaz
2295 591 2557 656 Formosi,
2617 591 2680 643 in
2734 589 2986 643 omnibus
3041 592 3267 659 fuerunt
3298 590 3405 659 ipsi
3440 589 3647 645 discor-

1999 683 2092 733 des
2126 695 2145 732 :
2175 681 2269 750 qui
2295 687 2516 745 secreto,
2568 694 2601 731 a
2648 677 2790 732 Filio
2841 693 3074 747 quoque
3124 677 3429 739 procedere
3464 677 3645 749 Spiri-

2000 773 2126 822 tum
2156 772 2425 821 sanctum
2459 768 2776 832 asserebat,
2808 782 2935 821 cum
2965 768 3145 820 tamen
3203 768 3265 819 in
3308 767 3535 836 epistola
3564 768 3644 823 ad

1999 856 2146 910 sedes
2174 856 2571 926 patriarchales
2608 857 2777 909 missa
2826 856 2894 909 de
2938 855 3049 909 solo
3082 859 3250 909 Patre
3269 857 3462 925 fecerit
3489 872 3644 910 men-

2003 948 2226 1000 tionem.
2255 946 2380 999 Post
2409 961 2540 1015 quos
2569 960 2695 997 cum
2725 943 3147 1013 Christophorus
3172 960 3317 1013 papa
3366 946 3646 999 Romanus

2001 1037 2215 1089 creatus
2270 1035 2481 1104 fuisset,
2532 1035 2590 1087 in.
2646 1032 2773 1101 ﬁdei
2830 1032 3354 1102 confessione,quam
3399 1034 3550 1087 misit
3576 1033 3648 1088 ad

2005 1120 2677 1192 Constantinopolitanum
2715 1119 3116 1191 patriarcham,
3162 1106 3353 1190 nempe
3392 1122 3457 1175 in
3486 1121 3644 1193 Sym-

2006 1210 2152 1281 bolo,
2187 1211 2341 1267 210
2373 1227 2407 1265 a
2437 1209 2578 1264 Filio
2619 1225 2852 1280 quoque
2899 1208 3183 1280 Spiritum
3215 1213 3483 1264 sanctum
3514 1226 3647 1281 pro-

2004 1299 2226 1368 cedere,
2277 1315 2446 1353 ausus
2498 1306 2575 1353 est
2630 1298 2827 1353 dicere.
2887 1302 3008 1367 Qua
3065 1296 3129 1351 de
3178 1314 3345 1352 causa
3398 1308 3587 1368 postea
3617 1315 3652 1352 ιι

2006 1387 2198 1457 Sergio
2217 1388 2571 1458 patriarcha,
2620 1389 2717 1458 qui
2764 1387 3039 1458 pt'wcessit
3082 1385 3461 1453 Cerularium,
3495 1403 3525 1441 e
3552 1387 3643 1441 di—

2002 1476 2223 1548 ptychis
2270 1479 2387 1547 ipse
2438 1476 2859 1545 Christophorus
2904 1483 3206 1546 expunctus
3254 1480 3349 1530 est.
3381 1496 3408 1527 ι»
3456 1477 3649 1531 Graeco

2008 1581 2296 1636 anonymo
2336 1565 2384 1619 si
2418 1564 2732 1633 credimus,
2786 1580 2972 1635 neque
3017 1566 3372 1634 processionis
3400 1565 3467 1619 ab
3497 1569 3650 1619 uiro-

2008 1669 2109 1724 que
2147 1655 2362 1724 dogma
2419 1657 2675 1719 tenuere,
2735 1668 2923 1723 neque
2975 1654 3297 1722 Symbolum
3350 1654 3650 1725 interpola-

2006 1744 2141 1796 runt
2170 1735 2416 1796 Romani
2465 1742 2768 1812 pontiﬁces
2827 1757 3015 1812 usque
3060 1742 3132 1796 ad
3179 1743 3515 1811 Formosum,
3550 1743 3652 1813 qui

2009 1831 2079 1885 ab
2112 1847 2264 1886 anno
2294 1831 2394 1885 891
2430 1829 2580 1885 sedit
2625 1831 2695 1885 ad
2746 1847 2966 1885 annum
3012 1847 3200 1901 usque
3229 1832 3354 1887 896.
3388 1832 3490 1887 Hic
3520 1848 3652 1887 vero

2009 1921 2296 1975 Formosus
2354 1919 2482 1988 fuit,
2541 1919 2642 1990 qui
2697 1936 2899 1973 novam
2952 1919 3259 1974 doctrinam
3315 1920 3551 1986 invexit,
3603 1921 3654 1977 si

2011 2009 2154 2063 ﬁdes
2210 2025 2521 2080 anonymo,
2605 2012 2915 2078 secretoque
2991 2009 3309 2079 asserebat,
3370 2009 3653 2080 Spiritum

2011 2104 2280 2152 sanctum
2333 2115 2368 2153 a
2423 2098 2566 2152 Filio
2627 2114 2858 2169 quoque
2915 2098 3244 2167 procedere.
3315 2098 3482 2153 Haud
3542 2098 3654 2170 ipsi

2012 2190 2453 2255 consenserunt,
2489 2185 2589 2257 qui
2622 2185 2940 2240 Romanam
2975 2191 3210 2239 tenuere
3240 2186 3437 2241 sedem
3469 2203 3657 2257 usque

2012 2275 2082 2330 ad
2124 2272 2627 2345 Christophorum.
2678 2273 3087 2329 Pontiﬁcatum
3136 2274 3349 2329 invasit
3396 2274 3506 2329 iste
3553 2292 3656 2329 an-

2014 2378 2089 2417 no
2128 2362 2254 2432 903,
2287 2361 2441 2416 circa
2478 2362 2655 2416 finem
2695 2362 3061 2427 Novembris,
3093 2362 3474 2433 dejectusque
3504 2379 3657 2418 anno

2012 2451 2354 2521 insequente
2376 2450 2485 2504 fuit
2505 2449 2657 2505 circa
2686 2449 2918 2505 initium
2953 2454 3171 2506 mensis
3197 2450 3357 2505 Junii
3391 2468 3425 2506 a
3455 2452 3657 2523 Sergio

2014 2539 2194 2610 hujus
2256 2539 2509 2594 nominis
2576 2539 2769 2594 tertio.
2848 2539 3189 2611 Symbolum
3242 2541 3467 2610 adjecta
3522 2556 3660 2596 voce

2015 2629 2257 2699 Filioque
2316 2629 2439 2699 ipse
2517 2626 2965 2698 Christophorus
3046 2628 3428 2700 interpolasse
3514 2629 3657 2684 dici-

2013 2723 2130 2783 tur,
2190 2733 2319 2772 eam
2373 2716 2446 2770 ob
2505 2733 2745 2771 causam
2802 2733 2836 2770 a
2890 2716 3087 2789 Sergio
3148 2718 3481 2788 patriarcha
3510 2717 3657 2773 Con-

2016 2803 2536 2876 stantinopolitano
2584 2808 2908 2875 expunctus
2956 2822 2987 2860 e
3035 2804 3347 2876 diptychis.
3381 2805 3511 2861 Hac
3539 2806 3657 2862 ille.

2088 2893 2289 2949 Rimas
2349 2894 2470 2966 agit
2523 2910 2995 2964 quaquaversum
3056 2893 3379 2965 excogitata
3425 2894 3656 2950 fabella.

2015 2983 2268 3054 Spiritus
2325 2982 2511 3037 sancti
2565 2982 2957 3053 processionem
2996 3000 3028 3036 a
3078 2984 3237 3037 Patre
3267 2984 3515 3054 Filioque
3543 3000 3660 3039 non

2015 3070 2231 3126 invexit
2262 3071 2487 3142 primus
2518 3070 2868 3125 Formosus:
2904 3087 3080 3140 quam
3130 3086 3507 3141 preacessores
3546 3072 3659 3127 Ro-

2019 3176 2225 3214 manos
2257 3159 2561 3230 pontifices
2593 3174 2796 3213 omnes
2825 3159 3105 3226 tenuisse,
3139 3160 3486 3214 saeculorum
3535 3177 3660 3215 om-

260 3246 476 3303 Latinis
513 3246 868 3302 Florentinae
926 3224 1133 3319 synodi
1191 3224 1452 3302 sessione
1481 3248 1554 3303 7:
1592 3269 1619 3299 ς(
1650 3249 1908 3303 Instante
1939 3224 1981 3289 C
2020 3249 2182 3303 nium
2215 3224 2547 3314 traditione,
2580 3247 2904 3319 Graecaeque
2934 3264 2999 3302 ac
3030 3224 3242 3302 Latinae
3291 3247 3502 3320 linguae
3534 3266 3658 3303 om-

257 3337 607 3391 necsssitate
657 3335 927 3390 additum
948 3339 1039 3390 est
1086 3341 1322 3407 propter
1366 3336 1652 3407 quosdam
1704 3337 1906 3393 Nesto-

254 3424 474 3490 riauos,
505 3424 669 3496 apud
702 3423 1131 3480 Occidentalem
1172 3423 1483 3480 Ecclesiam
1517 3425 1908 3481 disseminan-

256 3518 359 3582 tes,
386 3514 674 3585 Spiritum
702 3517 953 3567 sanctum
1006 3528 1118 3568 non
1155 3529 1268 3568 esse
1324 3530 1398 3568 ea:
1454 3515 1571 3584 ipso
1610 3512 1782 3583 Filio,
1817 3530 1912 3569 nec

258 3620 410 3657 mam
440 3619 564 3659 esse
594 3603 667 3656 ab
716 3602 817 3655 illo
866 3603 1131 3670 accipere.
1170 3601 1354 3669 (Quod
1401 3601 1527 3674 ipse
1574 3601 1797 3675 colligit
1844 3619 1912 3657 ex

258 3690 605 3747 Nestor-iano
637 3689 927 3762 symbolo,
961 3706 1028 3745 ac
1060 3690 1487 3745 Theodoretum
1541 3691 1693 3745 inter
1723 3695 1781 3746 et
1807 3695 1911 3762 Cy-

263 3780 451 3835 rillum
504 3778 968 3834 Alexandrinum
1016 3777 1249 3849 litigio.)
1297 3779 1414 3833 Hac
1463 3778 1685 3834 ratione
1715 3785 1916 3835 coacta

267 3869 363 3923 luit
395 3869 675 3923 Romana
703 3865 978 3932 Ecclesia,
1002 3883 1136 3922 cum
1168 3884 1448 3938 magnum
1478 3868 1697 3922 videret
1724 3868 1916 3923 immi-

270 3972 391 4012 nere
438 3955 811 4029 periculum:
869 3957 993 4011 lam
1046 3957 1193 4010 enim
1248 3942 1549 4011 canebatur
1600 3958 1657 4011 in
1718 3956 1917 4012 Galliis

267 4051 311 4098 ct
340 4046 657 4117 Hispaniis.
693 4066 720 4092 n
751 4044 1069 4099 Miscentur
1097 4044 1315 4099 omnia.
1344 4046 1466 4099 Lux
1492 4051 1749 4101 attamen
1777 4046 1916 4100 sub-

270 4132 415 4189 lucet
447 4133 659 4205 aliqua
705 4133 766 4187 in
817 4132 1132 4204 postremis
1178 4133 1391 4199 verbis,
1435 4150 1561 4206 quae
1593 4135 1736 4189 satis
1766 4134 1918 4188 indi-

270 4230 394 4278 cant
456 4223 793 4277 Romanam
822 4221 1137 4277 Ecclesium
1171 4223 1454 4293 adjectum
1490 4222 1652 4277 illam
1685 4240 1797 4278 non
1832 4240 1920 4277 re-

268 4314 491 4383 cepisse
525 4310 1003 4382 explicationem,
1036 4309 1148 4364 nisi
1177 4310 1348 4382 longe
1382 4317 1513 4383 post
1541 4311 1921 4367 consuetudi—

267 4416 418 4465 nem,
480 4399 834 4471 Symbolum
892 4399 954 4453 in
1011 4399 1197 4454 missa
1248 4399 1511 4467 canendi,
1547 4401 1621 4454 ab
1650 4399 1923 4455 Ecclesiis

266 4486 607 4561 Hispanicis
633 4492 800 4543 sexto
829 4491 889 4542 et
918 4487 1166 4558 septimo
1196 4487 1428 4559 saeculo,
1461 4493 1519 4544 et
1538 4506 1572 4543 a
1610 4487 1923 4544 Gallicanis

265 4584 470 4633 octavo
498 4583 564 4633 et
594 4593 750 4632 nono
781 4575 1091 4632 invectam.

338 4666 723 4723 Accuratiora
766 4665 880 4737 ipsi
925 4665 1109 4721 Graeci
1156 4682 1271 4720 non
1312 4665 1550 4736 habent,
1584 4683 1711 4738 quae
1744 4666 1931 4738 profe-

270 4762 438 4810 rant:
465 4777 495 4805 ι
529 4763 885 4826 Anonymus
915 4753 1150 4810 Graecus
1180 4758 1383 4811 auctor
1416 4755 1614 4827 (verba
1657 4760 1795 4809 sunt
1825 4755 1930 4811 Ba-

272 4844 447 4909 ronii,
496 4844 573 4899 ad
633 4859 859 4899 annum
914 4843 1039 4909 883,
1099 4860 1264 4915 num,
1308 4844 1419 4913 35),
1480 4843 1582 4912 qui
1640 4843 1791 4899 inter
1820 4843 1934 4899 alia

278 4930 620 4989 Grecorum
681 4937 1064 4987 monumenta
1123 4931 1351 5003 positus
1410 4932 1662 4988 habetur
1691 4932 1752 4986 in
1798 4932 1931 4987 Val-

276 5020 553 5077 hcellana
584 5020 961 5091 bibliotheca,
992 5020 1051 5075 id
1098 5020 1360 5091 primum
1417 5021 1635 5076 factum
1687 5039 1721 5076 a
1774 5022 1934 5077 Chri-

285 5110 548 5181 εἰ.ῳήωο
604 5126 748 5181 papa
806 5109 1021 5164 tradit:
1084 5116 1258 5181 atque
1306 5109 1584 5175 affirmat,
1644 5125 1832 5180 usque
1863 5109 1935 5164 ad

276 5195 428 5252 illud
460 5203 704 5271 tempus
749 5213 955 5253 omnes
1013 5196 1114 5268 qui
1170 5201 1592 5267 praeesserunt
1643 5202 1937 5252 Romanos

276 5286 612 5357 pontiﬁces,
644 5287 707 5342 in
753 5284 1021 5357 ipsorum
1065 5284 1196 5355 ﬁdei
1238 5286 1572 5356 professione
1617 5286 1940 5341 asseruisse

276 5375 506 5448 absque
539 5376 663 5432 ullo
693 5375 1116 5441 additamento,
1138 5374 1409 5445 Spiritum
1437 5382 1687 5429 sanctum
1714 5391 1751 5430 α
1778 5376 1943 5430 Patre

274 5465 587 5535 procedere.
645 5465 861 5536 Aitque
920 5466 1055 5535 post
1110 5462 1423 5519 recensitos
1486 5464 1943 5534 prmdecessores

282 5556 630 5623 pontiﬁces:
667 5555 772 5623 Qui
810 5568 937 5608 vero
993 5554 1177 5624 ipsum
1227 5553 1401 5608 secuti
1446 5556 1573 5607 sunt
1604 5554 1942 5624 Formosum,

282 5643 620 5720 Bonifacius,
684 5643 1016 5717 Stephanus,
1070 5645 1368 5710 Romanus,
1422 5639 1750 5712 Theodorus,
1780 5644 1947 5700 Joan-

253 6441 589 6456 -νρτ--νι-

2020 3338 2182 3390 nium
2217 3336 2453 3390 Patrum
2507 3335 2850 3390 auctoritate
2906 3335 3187 3402 munitos,
3238 3337 3364 3407 jam
3405 3338 3659 3393 ostendi-

2020 3440 2171 3479 mus.
2208 3423 2355 3492 Haec,
2390 3440 2423 3477 a
2454 3424 2776 3493 majoribus
2800 3428 3053 3495 accepta,
3088 3424 3231 3479 fides
3252 3428 3377 3479 erat
3400 3425 3658 3480 Christo-

2021 3512 2208 3584 phori,
2269 3517 2326 3566 et
2378 3512 2559 3583 Sergii
2616 3513 2989 3579 successoris,
3024 3513 3123 3584 qui
3177 3513 3462 3568 Herveum
3503 3514 3659 3569 Rhe-

2022 3617 2282 3656 mensem
2315 3599 2839 3671 archiepiscopum,
2880 3602 3125 3672 ejusque
3169 3602 3454 3673 synodum
3484 3603 3659 3658 Tros-

2020 3688 2271 3744 leianam
2303 3706 2454 3743 anno
2483 3689 2588 3741 909
2626 3687 2972 3744 celebratam
3020 3689 3327 3754 admonuit,
3360 3695 3426 3745 ut
3453 3692 3662 3761 singuli

2021 3783 2269 3833 nostrum
2327 3777 2536 3849 (ipsius
2594 3777 2793 3831 Hervei
2875 3778 3048 3833 verba
3133 3780 3311 3849 sunt),
3370 3781 3666 3851 perspectis

2029 3872 2255 3923 Patrum
2274 3867 2670 3921 catholicorum
2697 3868 3002 3933 sententiis,
3038 3867 3102 3922 de
3129 3869 3340 3925 divina:
3369 3870 3672 3940 Scriptura:
3750 3870 3753 3875 ’

2022 3958 2299 4028 pharetris
2350 3958 2539 4010 acutas
2589 3957 2937 4026 proferamus
3000 3958 3230 4027 sagittas
3285 3961 3537 4028 potentis,
3597 3958 3674 4013 ad

2030 4044 2424 4116 con/odiendas
2453 4043 2821 4114 blasphemiae
2859 4044 3143 4115 cujusdam
3196 4045 3403 4115 Photii,
3439 4049 3678 4116 vigentes

2034 4135 2096 4188 in
2124 4133 2385 4203 partibus
2415 4131 2661 4187 Orientis
2692 4133 2752 4186 in
2788 4134 3058 4203 Spiritum
3099 4142 3368 4200 sanctum,
3400 4134 3541 4205 quod
3571 4151 3681 4189 non

2034 4239 2069 4276 a
2096 4220 2263 4291 Filio,
2297 4222 2409 4275 nisi
2437 4237 2470 4274 a
2498 4226 2669 4275 Patre
2714 4224 2929 4275 tantum
2974 4224 3255 4293 procedat,
3294 4224 3682 4293 blaspheman-

2032 4312 2124 4365 tis.
2158 4310 2261 4363 Sed
2296 4309 2445 4363 hanc
2479 4310 2673 4374 fidem,
2726 4309 3070 4381 interpolato
3119 4310 3409 4383 Symbolo,
3464 4314 3687 4381 profes-

2037 4415 2169 4454 sum
2202 4414 2330 4453 esse
2360 4398 2554 4469 palam
2586 4414 2898 4470 coramque
2927 4399 3409 4471 Christophorum
3450 4401 3690 4472 pontiﬁ-

2038 4504 2186 4554 cem,
2219 4486 2483 4541 indicant
2510 4486 2673 4541 nulla
2703 4491 2929 4542 vetusta
2970 4489 3216 4559 probata
3264 4493 3684 4545 monumenta:

1967 4585 2013 4649 1)
2043 4591 2232 4646 neque
2281 4592 2420 4630 sane
2462 4575 2642 4630 tribui
2686 4577 2801 4631 ista
2862 4583 3129 4648 possunt,
3177 4594 3303 4649 quae
3353 4583 3685 4644 narrantur,

2043 4664 2233 4719 eidem
2258 4663 2694 4735 Christophoro,
2721 4668 2787 4719 ut
2812 4665 2893 4720 ait
2913 4665 3228 4721 Baronius:
3254 4670 3452 4739 utpote
3472 4667 3572 4738 qui
3598 4667 3686 4720 in-

2039 4769 2211 4807 vasor
2238 4751 2567 4824 apostolica
2623 4753 2800 4819 sedis,
2856 4770 2990 4807 mox
3039 4754 3176 4809 sede
3223 4754 3525 4826 depulsus,
3559 4772 3686 4827 per-

2040 4841 2196 4896 brevi
2228 4844 2489 4912 tempore
2538 4858 2666 4895 eam
2714 4842 2901 4896 tenuit
2944 4846 3322 4898 tumultuose.
3376 4846 3686 4899 Enormem

2043 4930 2296 5000 denique
2318 4930 2451 4999 quis
2485 4930 2632 4984 ferat
2663 4931 2939 5001 anonymi
2963 4930 3143 4985 Grznci
3170 4931 3687 4987 anachronismum

2045 5019 2380 5075 asserentis.
2416 5034 2446 5072 c
2480 5016 2660 5073 sacris
2690 5018 2982 5089 diptychis
3017 5019 3460 5090 ChristOphorum
3490 5022 3690 5075 Roma-

2044 5124 2178 5162 num
2225 5108 2542 5177 pontiﬁcem
2614 5112 2969 5177 expunctum
3028 5126 3062 5163 a
3115 5108 3311 5181 Sergio
3369 5109 3694 5178 patriarcha

2050 5196 2667 5266 Constantinopolitano,
2702 5196 3003 5252 Michaelis
3043 5197 3322 5253 Cerularii
3372 5199 3694 5269 decessore,

2053 5285 2124 5339 ad
2158 5286 2423 5340 eamdem
2458 5286 2618 5341 urbis
2681 5286 2851 5359 regia:
2905 5289 3101 5343 sedem
3163 5305 3314 5343 anno
3343 5289 3451 5343 999
3480 5294 3697 5354 evecto,

2054 5374 2316 5444 adeoque
2348 5374 2571 5445 integro
2603 5375 2720 5430 fere
2751 5375 2960 5431 saeculo
2991 5382 3124 5448 post
3172 5377 3656 5449 Christophorum
3679 5376 3708 5432 ‘l

2054 5462 2252 5526 Quid?
2304 5462 2459 5533 quod
2521 5462 2723 5518 Petrus
2779 5465 3175 5522 Antiochenus
3235 5467 3292 5521 in
3336 5465 3589 5539 Epistola
3638 5467 3710 5521 ad

2058 5550 2400 5607 Michaelem
2445 5551 2804 5607 Cerularium
2839 5556 2992 5626 apud
3040 5554 3388 5610 Cotelerium
3425 5554 3483 5608 in
3514 5555 3706 5609 Monu-

2055 5643 2256 5698 mentis
2282 5640 2541 5698 Ecclesiae
2571 5639 2798 5715 Grecae,
2844 5648 3002 5700 tomo
3053 5645 3121 5712 ΙΙ,
3172 5661 3335 5700 num.
3369 5645 3423 5717 5,
3456 5647 3707 5701 testatur
