4118 6468
465 357 579 415 207
1490 351 1799 411 GEORGII
1849 349 2109 411 CYPRII
2155 349 2270 409 GP.
2320 348 2847 409 PATRIAIICH/E
3742 346 3860 410 208

463 503 527 543 se
554 496 683 541 ante
712 487 805 541 hos
833 500 1005 540 annos
1033 484 1407 555 quadraginta
1435 486 1675 555 quinque
1705 482 2099 538 Caustantino-
2132 484 2185 547 Α
2214 486 2326 546 est,
2357 479 2722 536 dilectissimi
2782 480 2973 548 nobis,
3026 480 3160 535 ﬁdei
3215 483 3428 536 nostra:
3453 497 3466 535 :
3526 480 3649 536 haec
3686 481 3863 536 verba

458 577 636 647 polim
694 577 1007 645 ingressum
1058 574 1345 642 reperisse,
1403 573 1502 627 sub
1558 580 1764 627 sanctae
1818 571 2105 626 memoriae
2215 575 2355 623 sunt
2401 569 2688 641 Symboli,
2741 586 2857 624 non
2906 569 3206 641 sapientiae
3264 569 3536 624 humanae
3595 586 3861 627 sermone

464 664 783 733 patriarcha
819 662 1016 718 domno
1074 662 1221 717 2M
1282 659 1470 732 Sergio
1527 659 1855 729 praedictum
1906 674 2107 730 papam
2217 659 2392 727 facta,
2425 658 2525 713 sed
2551 674 2695 713 vera:
2721 656 3042 714 divinitatis
3064 658 3287 713 ratione
3313 656 3617 728 disposita.
3642 657 3863 725 Quibus

468 751 775 823 (Joannem
833 749 976 805 XVII
1024 748 1112 804 vel
1163 748 1361 820 XVIII)
1422 766 1479 804 in
1546 766 1707 804 sacra
1770 748 1930 804 Missa
1985 764 2110 803 cum
2218 745 2787 817 comprehendendis
2854 749 3030 817 atque
3115 746 3414 802 servandis
3499 761 3671 802 nemo
3747 762 3863 803 non

468 841 600 897 aliis
622 841 959 913 patriarchis
986 840 1211 908 referri.
2217 833 2485 898 idoneus,
2518 850 2689 890 nemo
2719 851 2833 891 non
2866 840 3061 908 aptus.
3122 834 3228 891 Hic
3287 836 3387 892 Dei
3433 837 3619 891 Patris
3646 840 3705 891 et
3735 836 3869 892 Filii

544 930 929 985 Memoratum
957 927 1140 1000 Sergii
1174 927 1249 981 IlI
1282 925 1571 999 pontificis
1602 930 1703 981 aut
1734 930 2108 998 praeceptum,
2227 940 2346 977 una
2406 921 2713 994 aequalitas
2761 923 3176 996 pronuntiatur
3231 928 3403 993 atque
3457 927 3734 995 potestas.
3764 924 3868 980 Hic

475 1021 577 1073 aut
606 1018 915 1079 monitum,
966 1032 1081 1087 quo
1130 1014 1463 1071 Gallicanos
1509 1013 1813 1086 episCOpos
1852 1014 1911 1068 in
1941 1014 2111 1069 Tros-
2221 1013 2539 1082 unigenitus
2567 1011 2757 1067 Deide
2810 1013 2987 1068 Maria
3046 1012 3268 1079 Virgine
3321 1020 3372 1068 et
3428 1010 3646 1082 Spiritu
3671 1017 3865 1070 sancto

473 1104 665 1161 leiana
693 1110 1073 1178 congregatos
1132 1103 1395 1176 urgebat,
1456 1108 1521 1157 ut
1578 1103 1762 1158 solide
1804 1102 2111 1158 adversum
2221 1100 2517 1155 secundum
2544 1116 2764 1155 carnem
2820 1104 2989 1155 natus
3040 1100 3391 1157 ostenditur.
3444 1100 3546 1156 Hic
3599 1101 3863 1172 ejusdem

476 1194 705 1250 Graecos
760 1194 1155 1248 vindicaretur
1222 1194 1491 1263 processio
1558 1192 1799 1263 Spiritus
1855 1192 2029 1246 sancti
2083 1208 2115 1246 a
2224 1190 2532 1259 cruci/icio,
2562 1193 2614 1243 et
2640 1189 2945 1260 sepultura,
2966 1189 3138 1245 acdie
3155 1190 3319 1245 tertia
3342 1191 3697 1247 ressurrectio
3729 1208 3865 1262 prae-

474 1285 634 1348 Filio,
694 1281 1060 1355 conjectandi
1117 1282 1277 1336 dedit
1332 1297 1536 1336 ansam
1600 1281 1854 1336 Gerardo
1905 1278 2117 1335 Joanni
2225 1279 2473 1334 dicatur.
2505 1277 2608 1332 Hic
2654 1280 2900 1334 ascensio
2945 1279 3116 1351 ipsius
3162 1293 3328 1351 super
3362 1279 3540 1345 caelos,
3564 1282 3624 1335 et
3651 1295 3865 1337 conces-

474 1371 685 1426 νοθεὶο
742 1371 802 1425 in
860 1369 1274 1425 dissertatione
1330 1370 1404 1425 Ill
1462 1371 1535 1425 De
1594 1372 1770 1424 tribus
1820 1368 2115 1441 Symbolis,
2225 1369 2305 1422 sio
2333 1368 2392 1421 in
2421 1367 2647 1422 dextera
2673 1376 2919 1434 paterna
2937 1368 3241 1433 maiestatis
3260 1367 3599 1439 agnoscitur
3630 1384 3644 1423 :
3676 1373 3866 1426 ventu-

476 1476 643 1516 num.
676 1460 765 1526 41,
798 1458 1058 1514 additam
1108 1460 1180 1513 ab
1240 1458 1443 1512 eodem
1503 1458 1703 1530 Sergio
1737 1457 1919 1513 fuisse
1950 1458 2117 1529 Sym-
2226 1472 2430 1527 rusque
2457 1455 2528 1510 ad
2548 1455 2882 1526 judicandos
2938 1458 3082 1511 vivos
3135 1458 3185 1512 el
3244 1458 3481 1511 mortuos
3518 1454 3867 1515 declaratur.

480 1548 610 1603 bolo
661 1564 858 1601 vocem
914 1546 1182 1619 Filioque.
1240 1546 1537 1600 Judicium
1597 1546 1704 1602 hoc
1757 1546 1972 1618 (inquit
1999 1544 2119 1615 ille)
2229 1544 2331 1599 Hic
2360 1544 2598 1616 Spiritus
2624 1547 2845 1601 sanctus
2876 1543 2936 1599 in
2966 1544 3192 1611 eadem,
3223 1561 3342 1616 qua
3380 1543 3550 1601 Pater
3577 1550 3635 1601 et
3665 1544 3867 1620 Filius,

481 1636 731 1692 timidius
779 1634 1025 1709 profero,
1078 1636 1210 1706 quia
1258 1636 1503 1706 priorem
1558 1638 1834 1690 auctorem
1888 1635 2121 1689 laudare
2230 1633 2454 1688 Deitate
2481 1631 2830 1689 indiscretus
2858 1631 3160 1705 accipitur.
3210 1632 3312 1688 Hic
3362 1638 3653 1706 postremo
3683 1637 3868 1691 Eccle-

478 1728 688 1798 possim
713 1726 1008 1779 neminem.
1067 1722 1398 1779 Gallicanos
1456 1724 1657 1796 utique
1714 1741 1813 1779 eos
1845 1722 2121 1795 praesules
2229 1724 2328 1777 sise
2358 1722 2603 1787 vocatio,
2633 1729 2981 1792 peccatorum
3036 1722 3292 1778 remissio
3347 1728 3403 1777 et
3459 1725 3649 1780 carnis
3684 1741 3869 1782 resur-

481 1813 855 1869 vehementer
882 1811 1101 1867 hortari
1149 1811 1337 1884 potuit
1365 1812 1436 1866 ad
1468 1813 1954 1884 propugnandum
1988 1811 2121 1867 fidei
2152 1844 2202 1910 B
2231 1812 2395 1866 rectio
2421 1808 2763 1910 per-docetur:
2784 1831 2812 1859 »

486 1903 719 1973 dogma,
750 1900 888 1973 quin
919 1900 1099 1955 ullam
1130 1901 1255 1973 ipse
1292 1901 1364 1955 ad
1413 1899 1751 1972 Symbolum
1800 1900 2001 1956 fecerit
2029 1917 2124 1955 ac-
2154 1897 2198 1910 "
2304 1898 2468 1953 Haud
2500 1898 2701 1954 iverim
2750 1897 2990 1963 inﬁtias,
3047 1897 3199 1954 banc
3249 1897 3501 1969 Symbolo
3557 1899 3875 1957 Constanti-

484 1990 830 2047 cessionem.
867 1989 942 2045 Ea
970 1989 1150 2061 igitur
1193 1988 1561 2046 verisimilior
1617 1990 1852 2045 tandem
1883 1993 2125 2062 apparet
2230 1987 2546 2058 napolitano
2602 1987 2790 2058 aptari
2850 1986 3112 2059 potuisse
3166 1988 3637 2059 expositionem:
3693 1994 3751 2044 at
3804 2007 3880 2046 ea

484 2078 794 2145 sententia,
852 2095 979 2149 quae
1037 2079 1107 2133 ad
1161 2077 1304 2132 illud
1364 2084 1597 2149 tempus
1645 2078 2031 2149 adjectionem
2064 2078 2121 2131 in
2230 2074 2571 2148 Symbolum
2619 2075 2811 2147 potius
2880 2075 3120 2130 indicari
3194 2076 3548 2146 apostolicum
3606 2076 3877 2150 simplex,

482 2166 747 2222 Romana
802 2165 1055 2222 Ecclesia
1112 2166 1432 2221 admissam
1492 2167 1682 2231 refert,
1734 2183 1848 2238 quo
1880 2166 2121 2222 Benedi-
2234 2163 2434 2219 nullus
2465 2164 2872 2219 dubitaverim.
2904 2162 3097 2219 Codex
3138 2169 3471 2220 asservatur
3496 2164 3558 2221 in
3584 2165 3882 2223 tabulario

481 2259 614 2311 ctus
642 2254 771 2309 VIII
802 2254 1036 2327 publice
1067 2254 1196 2310 cani
1228 2254 1567 2323 Symbolum
1611 2255 1764 2310 inter
1814 2256 2124 2311 Missarum
2234 2252 2473 2325 capituli
2505 2252 2917 2308 canonicorum
2970 2251 3413 2324 Forojuliensis,
3463 2253 3522 2310 in
3570 2271 3683 2327 quo
3710 2261 3880 2311 vetu-

479 2342 765 2399 solemnia
793 2342 1112 2399 consensit.
1142 2342 1309 2398 Dicta
1339 2342 1523 2398 recole
1556 2359 1721 2399 num.
1749 2343 1802 2398 3.
2236 2345 2362 2397 stus
2393 2341 2721 2397 continetur
2777 2341 2949 2408 ritus,
3008 2340 3561 2399 catechumenorum
3593 2344 3886 2401 scrutinia

553 2430 620 2485 V.
652 2450 673 2479 ι
704 2431 986 2487 Caeterum
1046 2431 1211 2486 fateri
1270 2432 1511 2487 interest
1568 2432 1767 2499 (verba
1823 2436 1963 2487 sunt
2018 2431 2125 2487 Mi-
2237 2430 2571 2503 peragendi.
2602 2432 2847 2486 ditatem
2880 2429 3001 2485 haec
3056 2434 3231 2486 verba
3285 2431 3700 2489 subindicant:
3733 2434 3885 2493 Huic

484 2518 702 2575 chaelis
729 2519 1007 2590 Lequieni
1042 2519 1099 2573 in
1130 2518 1409 2591 Panoplia
1438 2524 1642 2575 contra
1680 2519 1939 2575 schisma
1970 2520 2127 2576 Graa-
2236 2522 2494 2592 mysterio
2518 2521 2768 2591 ponti/ea:
2795 2520 3054 2575 interesse
3081 2519 3249 2589 debet,
3279 2522 3418 2575 sicut
3469 2522 3612 2577 mihi
3661 2525 3890 2595 Luponi

491 2625 697 2666 corum
729 2607 939 2663 saeculo
994 2625 1095 2678 x11,
1153 2608 1342 2680 capite
1398 2609 1450 2675 4,
1513 2626 1675 2664 num.
1728 2610 1840 2679 24),
1900 2608 2131 2665 tametsi
2236 2610 2417 2664 visum
2471 2612 2568 2675 est,
2625 2609 2880 2663 Ecclesiae
2932 2612 3133 2664 sanctae
3181 2607 3552 2680 Aquileiensis
3607 2613 3884 2681 pontiﬁci.

493 2696 728 2752 nonnisi
757 2696 923 2752 initio
953 2696 1147 2752 saeculi
1196 2714 1271 2763 v1,
1322 2697 1628 2752 Benedicto
1676 2697 1802 2752 VIII
1834 2698 2129 2769 pontiﬁce,
2240 2697 2584 2753 Patriarchaa
2617 2697 2753 2766 duo,
2786 2699 2929 2769 Lupi
2972 2714 3077 2754 seu
3125 2698 3364 2769 Luponis
3412 2699 3647 2756 nomine
3677 2701 3889 2773 appel-

495 2784 840 2857 Symbolum
862 2786 1055 2841 Romae
1078 2786 1327 2841 inMissa
1352 2787 1479 2840 cani
1502 2794 1752 2857 emplum
1776 2786 2129 2853 sit;dudum
2240 2785 2365 2857 lati,
2452 2792 2825 2843 recensentur
2899 2786 2958 2841 in
3036 2786 3326 2859 Catalogis
3384 2788 3888 2860 Aquileiensibus.

495 2878 691 2929 tamen
751 2879 921 2929 antea
1001 2874 1342 2947 Symbolum
1400 2874 2129 2946 Constantinopolitanum,
2242 2875 2472 2930 Primus
2556 2877 2862 2931 Teutimaro
2929 2874 3211 2931 successit
3286 2880 3421 2946 post
3475 2893 3696 2933 annum
3752 2880 3889 2948 855,

497 2966 703 3034 quarta
732 2963 893 3018 Feria
941 2962 1325 3019 hebdomadis
1374 2969 1593 3035 quartae
1642 2963 2129 3039 Quadragesimaa,
2240 2965 2502 3036 rexitque
2558 2963 2873 3020 Ecclesium
2925 2963 3035 3019 sub
3095 2963 3382 3020 Ludovico
3409 2963 3455 3020 II
3512 2982 3643 3036 rege
3671 2971 3728 3022 et
3768 2966 3890 3023 im-

494 3065 717 3106 necnon
772 3050 1026 3107 Sabbato
1082 3055 1305 3119 sancto,
1364 3052 1422 3106 in
1480 3051 1722 3108 ecclesia
1749 3069 1915 3124 super
1941 3056 2131 3113 electos
2238 3059 2521 3128 peratore.
2578 3052 2825 3108 Sedebat
2878 3050 3028 3107 alter
3069 3067 3222 3107 anno
3275 3052 3400 3119 944,
3452 3053 3561 3109 sub
3598 3070 3732 3127 rege
3760 3055 3887 3111 Hu-

492 3140 902 3196 catechumenos
932 3140 1160 3196 recitari
1191 3140 1452 3206 solitum,
1485 3141 1677 3197 Graece
1724 3142 1961 3214 quidem
2004 3161 2128 3200 ma-
2168 3208 2200 3216 _
2240 3159 2389 3216 gone
2418 3147 2475 3198 et
2504 3140 2772 3197 Lothario
2829 3139 2948 3195 filio
3006 3140 3155 3211 ejus.
3217 3140 3466 3207 Quinam
3517 3148 3883 3200 memoratus

491 3226 693 3294 sculis,
726 3228 927 3284 Latine
950 3246 1082 3284 vero
1136 3230 1391 3297 feminis,
1453 3235 1519 3285 ut
1576 3208 1826 3287 habetur
1854 3233 1913 3287 in
1946 3232 2127 3290 altero
2158 3208 2201 3275 C
2238 3208 2298 3287 in
2331 3231 2527 3287 codice
2557 3234 2756 3286 nostro
2787 3229 2900 3284 dici
2932 3208 3143 3285 debeat
3194 3231 3371 3302 Lupo,
3421 3247 3495 3286 an
3526 3231 3776 3304 primus,
3802 3249 3883 3290 an

490 3316 697 3377 Ordine
740 3319 998 3388 Romano,
1030 3317 1131 3389 qui
1189 3318 1247 3373 in
1306 3319 1648 3376 Bibliotheca
1686 3322 1919 3376 Patrum
1944 3322 2131 3393 (scili-
2238 3319 2404 3389 alter,
2463 3335 2579 3373 non
2636 3323 2886 3374 constat.
2947 3318 3009 3374 Id
3067 3333 3205 3374 vero
3253 3324 3645 3391 compertum,
3697 3320 3887 3377 ritum

489 3409 582 3459 cet
641 3406 1033 3477 Lugdunensi,
1093 3410 1250 3462 torno
1307 3407 1457 3477 XIII,
1516 3425 1649 3481 pag.
1704 3410 1832 3481 677)
1879 3426 2130 3468 excusus
2236 3408 2643 3464 Scrutzniorum
2672 3422 2739 3462 eo
2786 3405 3044 3462 exhiberi
3093 3406 3154 3462 in
3202 3407 3420 3473 codice,
3451 3407 3552 3480 qui
3584 3425 3736 3465 nono
3767 3424 3887 3465 saa-

490 3492 645 3564 typis
676 3493 803 3547 fuit.
864 3498 1081 3549 Verum
1139 3495 1198 3549 in
1257 3495 1450 3551 Graeco
1503 3497 1773 3567 Symbolo
1814 3498 1940 3554 sine
1971 3500 2130 3571 adje-
2237 3496 2368 3552 culo
2398 3501 2500 3552 aut
2526 3495 2753 3550 decimo
2805 3494 2865 3549 in
2921 3511 3032 3551 usu
3088 3499 3213 3551 erat
3266 3496 3421 3568 apud
3452 3496 3888 3568 Aquileienses.

489 3580 679 3636 ctione
710 3582 779 3636 de
806 3583 1023 3654 Spiritu
1053 3587 1237 3639 sancto
1266 3583 1497 3656 legitur,
1540 3584 1603 3637 τὸ
1661 3582 1720 3637 ἐκ
1777 3584 1983 3660 Πατρός
2043 3585 2127 3640 ἐκ·
2237 3583 2633 3657 Apostolicum
2662 3582 3004 3655 Symbolum
3027 3599 3197 3655 porro
3226 3582 3423 3640 electis
3443 3584 3893 3642 catechumenis

488 3667 846 3742 πορευόμενον
880 3689 893 3739 ;
928 3672 986 3726 in
1038 3672 1240 3728 Latino
1285 3690 1438 3741 vero,
1473 3676 1571 3745 qui
1622 3691 1692 3729 er
1742 3676 1907 3731 Patre
1959 3677 2127 3732 Filzo-
2238 3673 2545 3739 traditum,
2599 3672 2766 3727 docet
2813 3672 3028 3757 codex:
3080 3672 3388 3743 eidemque
3431 3672 3705 3746 Symbolo
3734 3692 3892 3746 prm-

488 3773 592 3829 que
614 3760 881 3829 procedit.
913 3761 1074 3825 Quod
1126 3761 1441 3817 discrimen
1498 3763 1829 3819 Latinorum
1862 3764 2126 3821 librario-
2241 3764 2359 3818 fata
2387 3761 2695 3835 explicatio
2722 3760 3121 3834 subjungitur.
3173 3760 3340 3817 Ritus
3372 3761 3620 3833 huiusce
3649 3767 3888 3835 partem

487 3862 619 3901 rum
650 3848 967 3903 oscitantiaa
999 3850 1239 3905 attribui
1270 3851 1490 3922 possit:
1528 3852 1641 3908 nisi
1674 3853 1865 3908 forsan
1890 3854 2129 3926 Symbo-
2233 3851 2447 3923 accipe,
2481 3867 2609 3922 qua
2632 3850 2916 3921 sequitur.

486 3933 610 3989 lum
660 3940 1010 4007 Graecorum,
1070 3942 1136 3993 ut
1192 3956 1226 3994 a
1281 3940 1547 3995 secunda
1604 3942 1807 4013 synodi
1858 3941 2127 3999 Patribus
2306 3963 2333 3990 ‹‹
2352 3942 2551 4011 Incipit
2570 3940 2845 4009 Praefatio
2864 3937 3129 4011 Symboli.
3152 3939 3457 4011 Antequam
3478 3940 3631 3996 dicas
3654 3940 3890 4012 Symbo-

486 4023 707 4079 editum
764 4031 906 4094 erat,
966 4027 1037 4081 ab
1093 4027 1253 4081 omni
1310 4028 1707 4085 additamento
1745 4047 1978 4101 purum,
2015 4032 2126 4088 Ro-
2235 4028 2659 4096 lum,hisverbis
2675 4043 3031 4099 prosequere:
3055 4026 3889 4086 Dilectissiminobisianri-

487 4112 644 4167 mani
678 4115 1025 4169 servandum
1083 4117 1450 4185 censuerint;
1510 4134 1642 4173 cum
1703 4118 1940 4175 interim
1996 4122 2125 4192 ejus
2234 4123 2343 4185 sto,
2378 4122 2487 4172 etc.
2518 4118 2644 4173 Post
2672 4117 2785 4171 haec
2812 4117 3089 4185 accipiens
3113 4116 3397 4189 acolythus
3424 4134 3599 4173 unum
3626 4134 3696 4173 θέε
3736 4120 3895 4189 ipsis

485 4200 748 4255 Latinam
804 4201 1244 4258 translationem
1306 4221 1423 4259 una
1473 4206 1679 4261 vocula
1724 4209 1924 4279 augeri
1955 4225 2126 4280 posse
2233 4206 2538 4276 infantibus
2566 4208 2894 4271 masculum,
2917 4213 3104 4261 tenens
3132 4207 3190 4261 in
3239 4207 3464 4262 sinislra
3507 4207 3747 4278 brachio,
3775 4224 3894 4279 po-

487 4288 727 4344 minime
782 4290 1139 4346 dubitarent.
1207 4293 1368 4357 Quod
1454 4300 1650 4349 tamen
1714 4297 1937 4352 dudum
1995 4303 2126 4369 post
2229 4296 2405 4352 uendo
2436 4312 2664 4350 manum
2692 4311 2858 4366 super
2884 4295 3299 4365 caputejus:et
3326 4297 3625 4368 interroget
3645 4298 3897 4368 presby-

485 4376 694 4431 Leonis
727 4376 798 4432 III
818 4381 1084 4449 tempora
1106 4378 1325 4433 factum
1352 4380 1480 4434 erit.
1510 4382 1855 4454 Quanquam
1881 4385 2125 4442 minime
2231 4395 2312 4441 ter
2331 4405 2351 4440 :
2381 4386 2505 4449 Qua
2534 4383 2736 4455 lingua
2755 4382 3107 4438 confitentur
3126 4382 3442 4439 Dominum
3471 4384 3675 4440 Jesum
3706 4382 3891 4441 Chri-

483 4464 942 4535 praetermittam,
976 4467 1240 4522 ordinem
1272 4468 1429 4523 hunc
1461 4470 1788 4526 Romanum
1820 4475 1892 4528 De
1919 4474 2123 4531 divinis
2230 4478 2384 4530 stum
2404 4474 2431 4528 ?
2452 4472 2745 4544 Respondet
2759 4472 3384 4543 acolythus.Latina.Et
3403 4473 3549 4529 dicat
3571 4473 3899 4546 presbyter:

482 4553 675 4623 ofﬁciis
705 4554 777 4609 ad
810 4571 955 4609 usus
1011 4561 1067 4609 et
1124 4573 1315 4612 mores
1372 4556 1683 4614 Gallicanae
1723 4561 1988 4617 Ecclesiae
2022 4580 2121 4619 ac-
2158 4575 2206 4639 D
2238 4563 2535 4619 Annuntia
2564 4562 2737 4617 ﬁdem
2768 4561 3051 4633 ipsorum,
3103 4561 3352 4633 qualiter
3398 4562 3660 4619 credunt.
3694 4567 3761 4620 Et
3786 4566 3906 4623 ille

481 4642 915 4697 commodatum
949 4643 1147 4699 videri.
1185 4668 1205 4694 υ
1241 4645 1411 4701 Hisce
1440 4647 1546 4702 viri
1577 4649 1899 4706 doctissimi
1933 4653 2121 4707 anim-
2230 4659 2415 4709 cantat
2442 4651 2799 4722 Symbolum:
2859 4650 3040 4706 Credo
3087 4651 3147 4706 in
3190 4651 3375 4707 Deum
3422 4651 3651 4708 Patrem
3690 4654 3900 4710 omni-

479 4729 919 4786 adversionibus
975 4733 1117 4787 satis
1167 4733 1469 4800 evincitur,
1516 4736 1663 4792 nihil
1696 4738 1887 4794 inesse
1916 4740 1974 4794 in
2008 4739 2117 4796 hu-
2229 4746 2520 4815 potentem
2553 4738 2915 4812 (Symbolum
2946 4744 3037 4796 est
3065 4740 3506 4813 apostolorum).
3540 4743 3603 4797 Et
3629 4741 3757 4796 dum
3783 4741 3905 4801 hoc

470 4817 753 4888 jusmodi.
788 4818 989 4874 Ordine
1017 4820 1215 4875 solidae
1256 4822 1639 4891 auctoritatis,
1671 4842 1798 4897 quae
1832 4831 2116 4884 vetustam
2225 4834 2438 4896 cantat,
2468 4845 2700 4885 manum
2729 4844 2893 4901 super
2914 4831 3077 4901 caput
3106 4833 3310 4885 teneat.
3344 4832 3449 4887 Hoc
3495 4831 3649 4887 218
3692 4831 3894 4905 ﬁnito,

476 4906 679 4975 probet
708 4905 768 4960 in
797 4907 1056 4964 Ecclesia
1101 4914 1365 4966 Romana
1412 4913 1811 4969 accessionem
1845 4916 2000 4972 vocis
2027 4919 2117 4972 Fi-
2227 4920 2429 4975 iterum
2445 4918 2682 4989 accipiat
2699 4917 2837 4973 alter
2852 4917 3135 4989 acolythus
3155 4934 3225 4974 ex
3245 4919 3380 4990 ipsis
3397 4919 3708 4991 infantibus
3722 4920 3906 4990 femi-

477 4994 661 5065 lioque
689 4994 759 5048 ad
791 4994 1155 5066 Symbolum.
2223 5026 2375 5078 nam,
2410 5008 2554 5063 sicut
2581 5022 2767 5077 supra.
2801 5007 2867 5062 Et
2888 5007 3184 5078 interroget
3211 5008 3495 5081 presbyter
3520 5011 3664 5064 sicut
3689 5012 3895 5069 antea.

547 5082 797 5138 Dixerim
830 5089 1123 5154 praeterea,
1154 5104 1340 5159 neque
1369 5089 1712 5161 Symbolum
1743 5090 1937 5164 ipsum
1973 5094 2111 5150 Con-
2223 5099 2286 5153 Et
2315 5100 2432 5170 ipse
2476 5095 2763 5167 acolythus
2817 5105 2998 5152 cantet
3029 5095 3369 5169 Symbolum,
3427 5101 3487 5154 ut
3528 5114 3707 5170 supra
3732 5101 3893 5155 scri-

470 5171 1018 5241 stantinopolitanum
1046 5177 1195 5230 tradi
1248 5176 1446 5233 electis
1504 5181 1878 5236 consuevisse
1912 5181 1970 5237 in
2007 5185 2111 5239 Ec-
2219 5190 2374 5259 ptum
2401 5194 2498 5241 est.
2531 5187 2638 5251 Hoc
2668 5185 2909 5255 expleto,
2952 5186 3200 5256 sequitur
3242 5188 3527 5259 presbyter
3556 5187 3644 5243 his
3672 5186 3891 5245 verbis.

472 5259 651 5315 clesia
689 5259 971 5331 Romana,
1006 5265 1105 5318 sed
1139 5266 1388 5338 simplex
1417 5284 1483 5321 ac
1536 5285 1750 5339 purum
1809 5270 2112 5343 vulgatum
2222 5275 2348 5331 Filii
2378 5273 2733 5343 charissimi,
2764 5273 3015 5329 audistis
3044 5291 3241 5331 vocem
3283 5275 3490 5347 Patris,
3521 5281 3630 5332 etc.

469 5349 845 5417 apostolicum.
876 5350 940 5404 Id
973 5351 1166 5424 colligi
1211 5370 1382 5425 posse
1430 5370 1499 5410 ex
1544 5356 1724 5427 brevi,
1759 5374 1886 5429 quae
1918 5361 2112 5433 sequi-
2292 5386 2322 5415 «
2353 5366 2420 5420 Et
2451 5364 2752 5420 annuntiat
2801 5362 3085 5429 diaconus,
3157 5362 3340 5420 dicens
3368 5382 3388 5419 :
3434 5365 3674 5438 Signata
3754 5380 3875 5429 vos

467 5443 584 5503 tur,
643 5438 797 5493 212
851 5438 1053 5494 eodem
1106 5441 1167 5495 in
1222 5444 1414 5499 ordine
1458 5445 1816 5516 expositione
1854 5449 2113 5519 Symboli
2220 5468 2446 5521 omnes,
2475 5456 2533 5509 et
2563 5451 2761 5508 audite
2789 5451 3153 5524 Symbolum.
3188 5457 3255 5510 Et
3292 5453 3481 5511 dicunt
3501 5453 3717 5511 emcelsa
3745 5469 3896 5513 voce

465 5526 610 5583 mihi
641 5525 999 5616 videtur:in
1048 5544 1165 5600 qua
1210 5531 1475 5602 ejusdem
1515 5532 1813 5604 apostolici
1846 5535 2108 5609 Symboli
2217 5543 2521 5616 presbyter,
2579 5545 2632 5597 et
2691 5540 2950 5597 diaconus
3026 5545 3077 5598 et
3131 5541 3279 5599 idem
3359 5545 3551 5616 repetit
3620 5542 3823 5599 chorus
3863 5562 3885 5602 :

462 5620 695 5687 tantum
748 5614 925 5672 verba
978 5616 1223 5676 indicari
1281 5620 1587 5678 videntur:
1655 5644 1681 5676 α
1717 5622 1847 5680 Hinc
1876 5641 2113 5686 summa
2218 5614 2397 5689 Credo
2455 5632 2514 5687 in
2572 5630 2755 5688 Deum
2816 5629 3044 5686 Patrem
3105 5673 3120 5689 .
3184 5673 3196 5687 .
3259 5674 3273 5689 .
3332 5614 3510 5689 vitam
3568 5637 3893 5692 aternam.
