4118 6428
258 560 371 643 ἑοθ

1470 577 1677 640 VITA.
1712 609 1789 624 -
1818 576 2346 641 DlSSER’l‘ATIO
2388 577 2466 639 Il.

3546 570 3665 633 210

254 711 432 769 Amen
464 710 837 786 (Symbolum
886 716 976 769 est
1023 709 1460 785 apostolorum:
1516 710 1670 782 quod
1718 709 1874 766 etian

2010 727 2223 783 verbis:
2250 727 2379 783 Haec
2410 743 2644 783 summa
2672 731 2762 783 est
2794 723 2929 782 ﬁdei
2974 728 3206 796 nostris,
3267 721 3659 780 dilectissimi.

256 803 542 874 integrum
600 802 959 874 exponitur).
1009 800 1264 873 Sequitur
1305 802 1567 873 expositio
1632 798 1896 871 Symboli.

256 891 414 947 Credo
442 895 505 946 in
534 893 707 947 Deum
742 896 967 947 Patrem
995 893 1430 963 omnipotentem.
1473 889 1532 943 Si
1572 888 1895 959 credidisti,

255 982 364 1037 noli
390 981 685 1037 dubitare.
713 981 848 1037 Noli
871 982 1059 1036 facere
1079 981 1151 1036 de
1179 978 1524 1035 credulitate
1563 978 1893 1051 perﬁdiam.

2008 820 2139 871 Haec
2160 817 2333 873 verba
2364 821 2504 872 sunt
2533 814 2815 888 Symboli,
2846 837 2874 865 ››
2907 814 3298 872 etc.Eamdem
3320 818 3407 870 est
3432 814 3659 886 exposi-

2007 906 2088 960 tio
2114 911 2288 977 prout
2316 906 2375 959 in
2405 904 2605 960 Ordine
2636 907 2873 961 Romano
2904 903 3159 975 legitur;
3217 920 3343 975 quas
3394 902 3658 974 superio-

2006 1010 2125 1049 rem
2162 992 2449 1066 Symboli
2505 994 2807 1066 apostolici,
2864 1010 2976 1049 non
3040 992 3653 1063 Constantinopolitani,

254 1071 367 1126 Noli
391 1070 606 1126 vitium
642 1070 866 1127 sociare
885 1069 1109 1125 virtuti.
1136 1069 1340 1125 Dixisti
1369 1086 1382 1126 :
1417 1068 1583 1124 Credo
1613 1070 1673 1122 in
1725 1068 1896 1155 Deum
2003 1082 2420 1152 expositionem
2448 1083 2795 1155 compendio
2821 1081 3124 1138 conectam
3157 1081 3409 1136 exhibet,

255 1163 480 1215 Patrem.
514 1161 578 1215 In
610 1176 801 1214 unum
831 1159 1016 1214 Deum
1049 1162 1228 1214 totam
1262 1157 1567 1213 confessus
1596 1172 1659 1211 es
1702 1154 1892 1210 Trini-

250 1252 432 1304 tatem.
489 1250 555 1305 Et
604 1250 671 1304 in
724 1251 909 1305 Iesum
976 1247 1277 1317 Christum,
1358 1248 1529 1301 Jesus
1600 1243 1888 1311 Salvator,

244 1336 503 1395 Christus
560 1341 786 1393 unctus
868 1336 1113 1410 mystice
1176 1339 1567 1407 nuncupatur.
1627 1331 1891 1389 Salvator

240 1426 467 1494 dicitur,
504 1428 653 1499 quia
679 1427 809 1499 ipse
840 1443 959 1482 suae
980 1425 1245 1482 Salvator
1265 1425 1454 1480 factus
1476 1428 1565 1478 est
1584 1427 1883 1478 creaturae.

232 1517 387 1572 Sicut
415 1517 601 1572 etiam
654 1532 825 1588 reges
852 1514 1003 1580 oleo,
1042 1515 1126 1571 ita
1153 1513 1520 1587 plenitudine
1551 1516 1640 1567 est
1674 1510 1884 1565 divini-

233 1602 361 1660 tatis
385 1605 653 1661 infusus.
678 1606 886 1660 Filium
907 1605 1025 1676 ejus
1050 1605 1281 1659 unicum
1305 1603 1594 1659 Dominum
1612 1603 1880 1656 nostrum.

228 1695 362 1759 Quia
389 1711 528 1750 esse
560 1692 696 1762 ﬁlii,
755 1710 885 1750 esse
940 1691 1164 1749 domini
1219 1695 1570 1764 acceperunt
1626 1689 1722 1744 alii
1781 1704 1884 1761 per

228 1785 514 1857 gratiam:
578 1784 713 1855 ipse
770 1787 993 1848 autem,
1049 1782 1207 1854 quod
1266 1783 1356 1837 est
1437 1779 1642 1849 Filius,
1725 1778 1877 1849 quod

226 1877 305 1928 est
344 1873 676 1941 Dominus,
735 1871 850 1928 hoc
898 1888 1070 1927 suam
1118 1869 1380 1943 possidet
1432 1886 1534 1940 per
1582 1872 1876 1924 naturam.

228 1963 321 2033 Qui
370 1970 549 2018 natus
598 1968 685 2017 est
738 1960 808 2017 de
861 1960 1074 2033 Spiritu
1126 1962 1315 2016 sancto
1370 1975 1443 2015 ex
1514 1959 1698 2017 Maria
1769 1957 1878 2012 Vir-

2072 1170 2285 1226 Praater
2312 1171 2554 1227 Ordines
2615 1173 2932 1236 Romanos,
2989 1171 3211 1225 editum
3272 1169 3518 1226 alterum
3577 1170 3649 1225 ab

1999 1258 2306 1332 Hittorpio,
2366 1260 2730 1331 alterumque
2777 1258 3196 1326 aMabillouio,
3256 1275 3398 1313 num
3473 1259 3529 1323 7,
3589 1258 3649 1313 in

1998 1346 2216 1429 quibus
2244 1348 2527 1404 traditum
2558 1348 2994 1403 catechumenis
3044 1347 3258 1419 legitur
3305 1345 3648 1419 Symbolum

1995 1437 2701 1508 Constantinopolitunum:
2756 1436 3096 1510 Symbolum
3151 1436 3291 1491 item
3354 1437 3545 1490 Graece
3591 1438 3647 1491 et

1996 1524 2196 1580 Latine
2227 1531 2449 1598 prostat
2475 1526 2534 1581 in
2578 1526 3044 1582 Sacramentario
3101 1524 3426 1593 Gelasiano,
3501 1540 3644 1579 num

1991 1613 2078 1682 35,
2111 1614 2263 1685 apud
2298 1615 2681 1670 Muratorium
2713 1615 2771 1669 in
2826 1615 3087 1687 Liturgia
3143 1615 3404 1669 Romanu
3459 1613 3637 1669 veteri

1988 1704 2147 1756 tomo
2176 1702 2220 1756 Ι.
2250 1708 2321 1757 At
2352 1703 2540 1759 brevis
2570 1702 2671 1759 illa
2719 1704 2973 1760 occurrit
3004 1703 3305 1775 expositio,
3357 1720 3484 1775 quas
3534 1720 3640 1774 po-

1989 1788 2109 1845 tius
2138 1791 2468 1861 apotolicum
2495 1792 2716 1847 indicat
2743 1791 3084 1864 Symbolum
3116 1807 3128 1846 :
3162 1807 3228 1846 ac
3276 1791 3332 1846 in
3395 1796 3642 1862 utroque

1987 1882 2287 1949 praeterea,
2319 1881 2512 1936 Graeco
2544 1885 2602 1936 et
2633 1881 2859 1946 Latino,
2898 1897 3004 1937 vox
3051 1881 3295 1953 Filioque
3351 1878 3641 1935 desidera-

1987 1971 2103 2021 tur.
2138 1966 2418 2040 Scriptum
2447 1968 2707 2024 codicem
2736 1970 2793 2024 in
2827 1970 3089 2036 Francia,
3124 1984 3224 2040 pro
3255 1970 3411 2023 certo
3466 1966 3645 2023 habet

225 2054 357 2122 giae.
386 2050 578 2125 Virgo
606 2054 670 2107 et
701 2050 956 2122 Spiritus
1003 2053 1245 2105 sanctus
1292 2046 1731 2149 commercium.
1760 2044 1875 2098 νίν·
1912 2087 1959 2151 Β
1988 2053 2208 2127 Joseph
2285 2056 2463 2111 Maria
2530 2057 2902 2123 Tbomasius,
2951 2056 3050 2128 qui
3107 2054 3639 2111 Sacramentarium

226 2142 353 2196 tutis
377 2145 471 2197 est
510 2139 766 2197 calcate
823 2138 1180 2195 consortium
1247 2136 1573 2207 majestatis
1619 2132 1871 2205 insigne.

230 2231 367 2297 Quod
396 2247 547 2303 ergo
579 2232 833 2302 generat
855 2227 1056 2301 Virgo,
1087 2227 1348 2283 divinum
1380 2230 1489 2294 est,
1512 2240 1629 2280 non
1660 2224 1873 2279 huma-

238 2336 367 2374 nam.
391 2319 675 2375 Mundus
697 2334 813 2374 non
828 2316 1153 2389 capit,ratio
1168 2332 1281 2371 non
1303 2314 1507 2369 habet:
1530 2313 1684 2385 sapit
1704 2313 1869 2379 ﬁdes,

246 2425 330 2463 nos
352 2409 506 2482 sapit
539 2406 756 2465 saeculi
786 2406 1122 2479 inquisitor.
1157 2404 1403 2460 Dicitur:
1425 2403 1541 2459 Sub
1562 2403 1756 2459 Pontio
1778 2403 1871 2456 Pi—

252 2497 662 2568 ἰάθη-καίεται
693 2500 795 2562 est,
825 2507 877 2552 et
905 2495 1168 2567 sepultus.
1210 2493 1443 2549 Audisti
1473 2508 1686 2548 nomen
1711 2490 1872 2563 judi-

252 2586 327 2649 eis,
347 2605 408 2643 ne
433 2592 701 2659 tempus
732 2584 1157 2657 persecutionis
1184 2583 1439 2656 ignores.
1473 2580 1704 2637 Audisti
1738 2597 1870 2636 cru-

250 2675 457 2746 ciﬁxum,
522 2679 600 2732 ut
661 2673 823 2730 scias
881 2673 1062 2729 vitam
1123 2672 1368 2728 rediisse
1440 2687 1544 2743 per
1616 2669 1867 2742 lignum.

240 2766 425 2821 Audisti
458 2764 809 2838 sepultum,
840 2779 911 2818 ne
933 2764 1179 2817 mortem
1206 2760 1660 2833 perfunctoriam
1682 2760 1872 2831 suspi-

231 2856 370 2910 ceris.
400 2854 668 2910 Mortem
705 2851 930 2924 fugisse
957 2849 1187 2906 timoris
1223 2853 1330 2915 est,
1362 2848 1571 2905 vicisse
1615 2848 1867 2904 virtutis.

230 2942 383 3000 Tertia
409 2944 503 2999 die
561 2942 885 2998 resurrexit
928 2942 1113 2995 vivens
1141 2957 1176 2995 a
1203 2940 1452 2995 mortuis.
1513 2937 1660 3002 Quia
1710 2940 1868 3008 quod

216 3048 415 3102 passus
434 3030 762 3099 est,solius
778 3031 868 3085 est
888 3028 1081 3085 carnis
1103 3027 1281 3101 ;quod
1295 3026 1673 3083 resurrexerit
1688 3026 1871 3081 totius

215 3118 386 3193 gloria
411 3118 767 3176 Trinitatis.
826 3116 1080 3174 Ascendit
1126 3118 1185 3172 in
1231 3117 1444 3173 cretum.
1490 3116 1605 3172 Nos
1654 3116 1865 3180 ferens,

215 3225 316 3264 non
346 3227 409 3265 se
440 3210 742 3273 referens,
777 3207 878 3280 qui
931 3223 1047 3262 non
1104 3206 1302 3262 deerat
1348 3205 1512 3261 caelo.
1581 3204 1745 3260 Sedet
1799 3203 1869 3258 ad

212 3297 485 3354 dexteram
514 3299 736 3353 Patris.
798 3296 1010 3351 Totum
1058 3295 1309 3351 tenendo
1358 3295 1512 3367 quod
1562 3293 1868 3367 potestatis

214 3392 293 3442 est
321 3395 377 3443 et
407 3386 689 3443 honoris.
724 3384 857 3441 Inde
882 3388 1147 3440 venturus
1202 3391 1281 3439 est
1324 3385 1582 3457 judicare
1627 3385 1778 3441 vivos
1812 3387 1868 3437 et

1988 2144 2146 2199 istud
2202 2144 2562 2201 Gelasianum
2650 2146 2876 2217 primus
2931 2144 3222 2217 vulgavit:
3277 2145 3475 2217 ibique
3533 2162 3639 2218 pro

1985 2248 2144 2289 more
2192 2233 2500 2289 Gallicanae
2586 2234 2835 2307 alicujus
2899 2233 3164 2290 Ecclesiae
3221 2233 3636 2307 interpolatum

1984 2321 2184 2389 fuisse,
2220 2321 2368 2377 nihil
2399 2339 2504 2395 ego
2536 2323 2943 2379 dubitaverim.
2977 2323 3371 2379 Christianum
3410 2323 3641 2395 Lupum

1982 2426 2214 2482 sequor,
2246 2411 2347 2484 qui
2379 2412 2439 2467 in
2498 2412 2905 2468 dissertatione
2947 2413 3019 2467 de
3075 2412 3347 2484 Symbolo
3398 2417 3637 2484 aposto-

1980 2498 2092 2556 lico
2123 2505 2180 2556 et
2207 2500 2460 2571 Nicaeno,
2494 2502 2680 2572 capite
2706 2502 2759 2568 3,
2811 2501 3133 2572 quaestione
3160 2501 3214 2567 3,
3274 2501 3358 2556 sic
3415 2501 3594 2557 habet
3623 2519 3637 2560 :

1981 2610 2009 2637 ‹‹
2039 2590 2382 2660 Respondeo
2413 2589 2755 2661 hujusmodi
2790 2590 3016 2646 Ordines
3045 2606 3160 2645 non
3222 2605 3349 2645 esse
3406 2605 3537 2645 vere
3566 2606 3635 2645 ac

1980 2692 2125 2747 pure
2156 2681 2468 2745 Romanos,
2502 2679 2603 2733 sed
2635 2676 2839 2733 multis
2875 2679 3230 2734 Francorum
3277 2677 3633 2734 addimentis

1979 2766 2448 2821 transformatos.
2495 2808 2507 2820 .
2554 2808 2567 2821 .
2629 2768 2990 2838 Quapropter
3064 2784 3178 2821 non
3237 2771 3378 2822 sunt
3428 2765 3630 2822 Carolo

1980 2857 2187 2926 Magno
2221 2854 2604 2926 antiquiores.
2629 2856 2750 2910 Sub
2797 2854 2959 2910 illius
3015 2855 3175 2911 enim
3217 2854 3467 2926 imperio
3532 2857 3634 2911 aut

1979 2959 2155 3015 regno
2214 2944 2569 2999 Francorum
2627 2944 2881 3016 episcopi
2942 2949 3236 3015 coeperunt
3290 2944 3631 3017 Symbolum

1979 3035 2219 3087 cantare
2251 3033 2327 3087 ad
2360 3031 2625 3100 missam,
2658 3038 2719 3087 et
2762 3033 2874 3104 ipsi
2931 3033 3187 3088 inserere
3248 3032 3391 3087 illud
3451 3033 3637 3106 Hispa

1978 3120 2174 3176 nicum
2234 3121 2413 3192 (vocis
2462 3123 2726 3194 Filioque)
2757 3122 3244 3188 additamentum,
3304 3121 3503 3193 Neque
3541 3125 3630 3177 ta-

1978 3226 2114 3264 men
2147 3210 2521 3282 baptizarunt
2548 3210 2604 3264 in
2638 3209 2736 3266 illo
2767 3211 3065 3283 Symbolo.
3108 3211 3284 3266 Lucet
3310 3227 3380 3265 ex
3426 3209 3632 3281 hujus-

1978 3299 2135 3353 modi
2169 3298 2452 3354 Ordinum
2484 3299 2701 3354 ibidem
2734 3300 2805 3354 ad
2823 3298 3633 3370 catechumenosverbis,quaa

1977 3388 2036 3442 in
2067 3386 2447 3460 Alequileinsi
2479 3387 2655 3443 etiam
2688 3390 2806 3443 ritu
2837 3388 3129 3444 habentur
3158 3404 3170 3443 ε
3203 3389 3434 3443 latentis
3453 3389 3635 3458 itaque

212 3481 466 3531 mortuos.
501 3477 672 3541 Quos
697 3478 802 3529 aut
826 3474 1024 3529 mittat
1053 3473 1123 3528 ad
1150 3451 1419 3546 gloriam,
1480 3476 1581 3528 aut
1626 3472 1866 3537 damnet
1897 3451 1940 3518 C
1977 3451 2528 3547 animis-Symbolum
2556 3478 2786 3533 discite:
2817 3481 2868 3533 et
2910 3476 3049 3550 quod
3094 3477 3244 3533 vobis
3291 3478 3435 3532 sicut
3487 3451 3635 3532 acce-

215 3567 275 3618 ad
303 3581 567 3638 pronam.
601 3563 783 3619 Credo
812 3564 873 3618 in
902 3561 1175 3634 Spiritum
1202 3569 1475 3617 sanctum.
1533 3560 1697 3617 Sicut
1749 3576 1865 3616 cre-

1967 3567 2173 3638 pimus,
2208 3566 2496 3635 tradimus,
2519 3582 2626 3622 non
2658 3567 2833 3623 alicui
2866 3568 3119 3623 materia:
3164 3581 3291 3638 qua
3344 3581 3402 3622 co
3416 3553 3638 3636 rrumpi

220 3652 395 3709 alimus
428 3654 492 3709 in
520 3652 719 3708 Deum
755 3651 1002 3717 Patrem,
1037 3651 1119 3705 ita.
1148 3650 1443 3706 credimus
1484 3649 1544 3704 in
1577 3648 1863 3721 Spiritum
1966 3658 2159 3726 potest,
2195 3655 2344 3711 215
2379 3655 2473 3709 sed
2500 3656 2718 3726 paginis
2774 3657 2943 3710 vestri
2983 3655 3170 3711 cordis
3226 3655 3537 3710 inseribite.
3565 3655 3633 3709 At

224 3748 480 3798 unctum
511 3740 785 3814 Spiritus
815 3743 1056 3795 sanctus
1086 3739 1380 3810 quomodo
1421 3738 1726 3811 potabitur
1754 3737 1865 3791 mi-

228 3848 313 3886 nor
336 3847 472 3889 esse
504 3828 872 3886 divinitate?
908 3832 1163 3895 Patrem,
1210 3832 1267 3883 et
1321 3826 1535 3883 Filium
1583 3831 1640 3883 et
1681 3825 1863 3899 Spiri-

226 3924 329 3975 tum
357 3925 648 3977 sanctum
680 3917 1086 3973 manifestatos
1112 3916 1431 3985 vocabulis,
1480 3934 1595 3971 non
1646 3915 1864 3971 divisos

224 4006 548 4062 abstantia
577 4003 911 4061 sentiamus
944 4020 960 4060 :
989 4007 1048 4059 et
1078 4006 1361 4076 perfectos
1400 4004 1687 4077 personis,
1750 4021 1863 4060 non

227 4096 539 4152 nrinoratos
602 4092 814 4149 ordine
871 4092 1177 4149 fateamur.
1237 4092 1494 4149 Sanctam
1570 4094 1865 4149 Ecclesiam

227 4185 568 4240 catholicam.
605 4182 757 4248 Quia
785 4181 913 4254 ipsa
940 4186 1031 4237 est
1058 4198 1271 4254 corpus
1300 4181 1534 4248 Christi,
1567 4186 1623 4237 et
1678 4182 1867 4254 ipsius

224 4278 383 4345 caput
410 4276 511 4327 est
538 4270 834 4327 Christus.
866 4269 1159 4326 Christum
1181 4287 1319 4343 ergo
1347 4270 1408 4326 in
1439 4274 1642 4327 sancta
1669 4271 1865 4327 Eccle-

220 4359 295 4415 sia
319 4362 701 4418 conﬁtemur.
735 4359 891 4416 214
922 4360 1305 4416 Remissionem
1332 4365 1703 4432 peccatorum.
1756 4361 1863 4425 Qui

220 4444 319 4504 sibi
348 4449 539 4507 credit
570 4448 704 4504 dari
734 4464 979 4520 regnum
1012 4448 1163 4519 caeli,
1192 4450 1483 4521 quomodo
1506 4449 1619 4505 sibi
1647 4449 1865 4505 dimitti

216 4544 443 4608 peccata
470 4554 597 4594 non
619 4536 865 4592 credat?
887 4535 1108 4592 Caelum
1136 4537 1474 4593 innocentes
1505 4538 1730 4610 recipit,
1750 4556 1864 4593 non

220 4632 508 4683 micantes.
540 4625 854 4682 Credimus
883 4625 1058 4694 enim,
1085 4625 1253 4681 nobis
1282 4625 1480 4681 omnia
1519 4626 1869 4683 remittenda

1975 3743 2270 3814 quodnam
2328 3743 2437 3797 hoc
2514 3742 2903 3815 Symbolum?
2984 3743 3307 3811 Evangelici
3378 3740 3639 3814 Symboli

1973 3840 2379 3887 sacramentum
2429 3849 2463 3887 a
2529 3833 2757 3887 Domino
2828 3834 3190 3903 inspiratam,
3258 3831 3325 3887 ab
3378 3832 3638 3903 apostolis

1975 3922 2246 3976 institum.
2281 3920 2450 3993 Cujus
2477 3937 2669 3993 pauca
2694 3921 2915 3994 quidem
2942 3921 3107 3976 verba
3124 3928 3271 3987 sunt,
3291 3921 3389 3977 sed
3432 3935 3641 3992 magna

1973 4011 2261 4081 mysteria.
2293 4012 2527 4066 Sanctus
2553 4011 2702 4065 enim
2747 4010 3002 4081 Spiritus,
3061 4011 3159 4082 qui
3210 4009 3490 4081 magistris
3538 4009 3637 4063 Ec-

1973 4098 2160 4156 clesia)
2217 4100 2329 4154 ista
2377 4099 2626 4165 dictavit,
2675 4099 2782 4153 tali
2839 4099 3071 4171 eloquio,
3133 4098 3338 4171 talique
3383 4098 3641 4155 brevitate

1971 4188 2328 4258 saluti/eram
2355 4187 2601 4243 condidit
2626 4186 2811 4257 fidem,
2842 4191 2904 4242 ut
2933 4186 3072 4257 quod
3107 4186 3432 4243 credendum
3487 4186 3640 4242 vobis

1972 4285 2077 4345 est,
2107 4292 2425 4348 semperque
2447 4276 2842 4348 proﬁtendum,
2873 4292 2973 4331 nec
3000 4275 3427 4346 intelligentiam
3464 4276 3639 4346 possit

1976 4364 2171 4429 latere,
2228 4380 2328 4419 nec
2383 4366 2715 4419 memoriam
2769 4365 3029 4435 fatigare,
3090 4362 3289 4419 Palam
3364 4364 3642 4417 laudatur

1973 4454 2331 4525 apostolicum
2404 4452 3239 4525 Symbolum,afﬁrmaturque
3294 4456 3532 4507 cunctos
3578 4450 3639 4506 in

1975 4542 2103 4614 ipso
2129 4542 2435 4614 baptizari.
2481 4541 3104 4612 (Animadvertendum
3135 4542 3249 4609 est)
3318 4539 3637 4596 Constanti-

1975 4632 2359 4702 nopolitanum
2417 4631 2759 4702 Symbolum
2810 4647 2926 4685 non
2965 4646 3069 4701 per
3098 4631 3244 4701 ipsos
3275 4629 3641 4685 catechume-

222 4727 343 4769 εκ
368 4718 611 4787 peccata
629 4729 655 4775 ;
681 4711 820 4784 quia
848 4712 960 4768 nisi
982 4714 1397 4778 sancti,sancta
1410 4731 1524 4769 non
1549 4731 1865 4787 possumus

1987 4736 2105 4786 nos,
2140 4721 2240 4775 sed
2271 4736 2433 4792 super
2462 4722 2603 4791 ipsos
2624 4719 2820 4791 juberi
2854 4720 2935 4788 (in
2968 4718 3295 4774 Ordinibus
3342 4734 3637 4774 memora-

220 4802 538 4871 possidere.
615 4800 816 4857 Carnis
867 4803 1344 4859 resurrectionem.
1399 4803 1685 4877 Resurget
1737 4821 1873 4878 ergo
1901 4809 1949 4874 D
1986 4808 2077 4875 iis)
2108 4824 2211 4880 per
2239 4808 2573 4880 acolythum
2607 4807 2853 4863 recitari.
2880 4807 2986 4873 Qui
3052 4807 3199 4862 ritus
3234 4822 3338 4863 nec
3383 4808 3639 4879 apostoli-

222 4906 352 4948 caro
373 4896 601 4958 nostra,
635 4894 704 4945 ut
733 4906 860 4963 quae
889 4890 998 4946 fuit
1027 4891 1318 4964 particeps
1348 4897 1450 4947 aut
1489 4892 1744 4958 virtutis,
1777 4900 1878 4949 aut
1984 4913 2080 4953 cus
2135 4903 2242 4967 est,
2276 4914 2381 4953 nec
2410 4898 2706 4962 Romanus,
2767 4912 2871 4951 nec
2896 4895 3175 4966 antiquus
3206 4897 3360 4968 apud
3401 4895 3597 4954 Gallos
3624 4914 3638 4954 :

224 4980 508 5047 criminis,
540 4979 628 5036 vel
661 4979 882 5051 prmmii
909 4980 1201 5052 particeps
1231 4996 1360 5037 esse
1388 4981 1576 5053 possit
1596 4982 1685 5038 vel
1710 5000 1886 5054 pinnae
1995 4988 2092 5041 sed
2142 4985 2364 5041 noviter
2416 4985 2672 5041 indictus
2728 5001 2831 5056 per
2882 4984 3134 5040 Francos
3190 4985 3387 5057 magni
3456 4984 3647 5041 Caroli

228 5066 533 5127 Credimus
561 5074 622 5124 et
649 5070 826 5125 vitam
855 5068 1296 5133 etornamQuia
1327 5068 1501 5126 homo
1529 5074 1670 5126 tunc
1698 5071 1889 5128 vivere
1999 5074 2325 5146 episcopos.
2360 5073 2444 5130 Ob
2475 5074 2709 5129 easdem
2740 5089 2970 5137 causas,
3001 5089 3071 5129 ex
3099 5073 3312 5145 quibus
3340 5072 3648 5129 voluerunt

230 5157 453 5231 incipit,
483 5157 731 5231 quando
760 5173 822 5212 se
854 5157 1073 5213 nesciet
1097 5156 1264 5213 mori.

300 5271 323 5297 ι
356 5249 564 5305 Iterum
594 5247 898 5301 annuntiat
925 5246 1228 5302 diaconus:
1262 5245 1500 5319 Signata
1537 5265 1638 5305 vos
1659 5266 1885 5305 omnes:

234 5340 283 5390 et
309 5337 486 5392 dicite
516 5333 888 5409 Symbolum.
922 5337 987 5391 Et
1014 5334 1200 5392 dicent
1222 5335 1564 5407 Symbolum,
1597 5351 1658 5392 ut
1695 5353 1882 5409 supra.

235 5424 401 5481 Credo
430 5428 490 5482 in
523 5424 735 5480 Deum.
767 5422 1054 5492 (Occurrit
1092 5441 1322 5497 semper
1362 5425 1702 5497 Symbolum
1736 5427 1879 5481 sim-

242 5514 349 5583 ple:
376 5513 821 5589 apostolicum.)
841 5514 908 5568 Et
944 5517 1144 5570 truc-tat
1192 5515 1471 5587 presbyter
1522 5517 1608 5569 his
1659 5516 1877 5572 verbis:

249 5599 436 5662 idcirco
463 5603 657 5676 hujus
687 5600 929 5675 Symbol
958 5603 1105 5658 ratio
1125 5603 1283 5659 omni
1322 5603 1600 5659 brevitate
1620 5621 1878 5661 connexa

252 5698 331 5748 It.
357 5701 467 5752 etc.
500 5695 639 5750 Item
660 5690 929 5747 diacanus
958 5691 1140 5747 dicat:
1201 5692 1437 5764 Signate
1487 5708 1592 5748 vos
1649 5710 1873 5763 omnes,

256 5786 294 5833 ut
313 5784 504 5839 audite
531 5780 880 5856 Symbolum
913 5778 1183 5850 (simplex
1212 5780 1643 5852 apostolicum.)
1671 5783 1737 5837 Et
1788 5783 1873 5838 di-

258 5884 387 5928 cunt:
445 5873 637 5931 Credo
706 5873 768 5926 in
830 5869 1037 5926 Deum.
1099 5871 1163 5925 Et
1206 5873 1405 5926 tractat
1449 5872 1736 5942 presbyter
1790 5874 1875 5928 his

1998 5162 2221 5218 cantari
2251 5163 2322 5217 ad
2357 5162 2622 5231 missam,
2654 5160 2883 5216 recitari
2914 5161 3070 5217 istud
3091 5159 3431 5234 Symbolum
3451 5161 3650 5218 volue-

1997 5255 2136 5306 runt
2166 5268 2343 5323 super
2373 5249 2843 5306 catechumenos.
2881 5272 2902 5299 ιι

2066 5338 2574 5395 Verisimillimum
2596 5340 2722 5409 jam
2752 5354 2909 5405 vero,
2940 5337 3181 5409 nihique
3223 5337 3340 5394 fere
3383 5354 3650 5410 comper-

1992 5432 2121 5482 tum
2153 5428 2398 5494 videtur,
2433 5427 2753 5484 Romanam
2791 5425 3103 5483 Ecclesium
3155 5443 3344 5498 neque
3396 5426 3648 5499 Symbolo

1991 5517 2596 5579 Constantinopolitano
2628 5532 2816 5587 neque
2836 5516 3248 5588 vocisFilioque
3277 5516 3646 5571 additamen-

1988 5610 2066 5673 to,
2100 5606 2218 5661 ullo
2245 5622 2547 5676 nunquam
2577 5609 3034 5676 tempore,usam
3055 5621 3183 5660 esse
3202 5604 3260 5659 in
3274 5603 3647 5677 baptismatis

1984 5692 2522 5761 administratione;
2554 5692 2613 5749 id
2636 5697 2889 5748 attamen
2912 5692 2971 5747 in
2994 5692 3158 5748 Galia
3177 5696 3234 5749 et
3256 5693 3316 5747 in
3340 5692 3651 5750 Germania

1985 5783 2204 5837 factum
2237 5781 2535 5853 aliquibus
2564 5782 2623 5836 in
2652 5780 2944 5836 Ecclesiis.
2981 5781 3328 5837 Edmundus
3387 5782 3651 5839 Martene

1989 5873 2063 5927 De
2109 5874 2360 5944 Antiquis
2417 5873 2672 5927 Ecclesia:
2720 5872 2923 5925 ritibus
2982 5871 3187 5938 librat,
3218 5871 3407 5942 capite
3442 5874 3490 5939 1,
3518 5872 3650 5927 atti-
