4118 6456
449 560 563 620 211

1469 561 1785 623 GEORGII
1830 560 2094 623 CYPRII
2137 560 2252 622 ΟΡ.
2302 561 2845 626 ΡΑἸἫΙΑΗΟΗΛΕ

3740 569 3862 630 212

451 691 583 748 culo
632 692 716 759 11,
773 707 935 747 num.
998 693 1083 763 10,
1137 692 1305 748 docet
1344 711 1356 747 :
1430 693 2103 765 Constantinopolitanum
2133 696 2187 760 Α
2218 696 2743 768 tentionem,quam
2768 697 3121 755 habuiteum
3143 699 3517 757 sanctissimo
3542 700 3868 773 patriarcha

449 783 639 836 notari
666 783 725 836 in
771 782 1081 851 Pontiﬁcali
1137 781 1565 851 Salisburgensi,
1625 784 1682 838 in
1732 785 2101 839 vetustissimo

2217 784 2449 853 Menna,
2481 787 2753 857 quodque
2785 786 2941 842 hunc
2963 788 3369 859 deposuisset:
3403 790 3586 845 donec
3630 790 3867 859 iterum,

449 871 625 926 codice
653 871 905 925 Remensi
951 886 1223 925 annorum
1279 871 1404 937 900,
1460 878 1511 927 et
1560 875 1619 927 in
1665 875 1847 944 primo
1917 873 2108 927 ordine
2213 880 2345 935 pace
2375 867 2525 919 inter
2547 870 2693 933 ipsos
2712 869 3030 935 constituta,
3083 868 3437 923 reconciliati
3483 875 3625 926 sunt
3676 871 3868 942 ponti-

448 960 716 1015 Scrutinii
760 957 960 1013 codicis
1038 959 1394 1015 Gellonensis.
1456 960 1808 1016 Orientalem
1868 962 2104 1016 demum

448 1047 603 1120 quod
635 1046 840 1101 attinet
869 1047 941 1101 ad
974 1047 1309 1115 Ecclesium,
1345 1049 1491 1121 Lupi
1547 1050 1975 1104 animadversio
2022 1054 2110 1104 est

451 1134 1245 1205 lococitato,quaastiene1,
1304 1136 1363 1190 in
1424 1154 1491 1192 ea
1547 1140 1738 1192 statim
1795 1156 1829 1192 a
1887 1139 2109 1194 Nicarno

450 1226 758 1290 Nicaeuum,
818 1232 869 1279 et
914 1228 1104 1279 statim
1160 1242 1193 1280 a
1242 1227 1845 1297 Constantinopolitano
1874 1227 2112 1282 concilio

452 1315 670 1384 czepisse
698 1313 1040 1383 baptizandis
1085 1314 1234 1367 tradi
1288 1314 1606 1383 Symbolum
1657 1316 2110 1386 Constantinam-

460 1401 716 1456 titanum.
749 1402 883 1465 Quae
916 1401 995 1455 ibi
1027 1401 1263 1473 copiosa
1294 1402 1528 1457 disserit
1574 1419 1706 1458 eum
1767 1404 2114 1459 eruditione:

457 1490 701 1562 legenda
734 1495 896 1545 sunt.

1027 1605 1119 1660 21
1132 1606 1179 1659 6
1226 1605 1457 1661 CAPUT
1488 1606 1582 1660 Vl.

465 1686 639 1739 Vanus
706 1684 1022 1741 ercorum
1078 1686 1360 1739 scissionis
1419 1688 1487 1740 ab
1565 1689 1801 1741 Ecclesia
1878 1691 2119 1744 Romana

531 1772 600 1810 ex
626 1756 997 1829 additamenta
1051 1760 1214 1824 vocis,
1270 1758 1531 1829 Filioque
1567 1764 1874 1828 praefectus
1905 1760 2118 1814 desum-

530 1832 675 1898 plus.
713 1828 929 1898 Objecta
960 1830 1297 1897 re/ulantur.

532 1927 581 1978 1.
618 1929 694 1979 Ex
723 1924 829 1979 hac
872 1925 1026 1979 vocis
1058 1927 1302 1997 Filioque
1331 1927 1653 1992 additioae,
1696 1929 1864 1998 cujus
1921 1928 2121 1983 hacte-

461 2030 573 2068 nus
588 2012 894 2068 historiam
915 2015 1653 2087 narravimus,pra2textum
1674 2016 1932 2087 sumpsit
1949 2016 2122 2071 Ceru-

462 2100 666 2170 larius,
699 2119 813 2173 quo
845 2103 995 2157 inter
1023 2109 1333 2175 utramque
1364 2104 1705 2174 Ecclesium,
1774 2105 2035 2160 Latinam
2069 2103 2127 2153 et

465 2192 742 2257 Graecam,
774 2191 1031 2246 schisma
1063 2192 1375 2255 inveheret.
1410 2192 1679 2265 illudque
1711 2194 1994 2250 ﬁrmaret.
2017 2194 2125 2249 Ve'

469 2296 592 2334 ram
624 2296 863 2335 causam
895 2281 1193 2351 superiore
1220 2282 1407 2353 capite
1428 2283 1919 2353 aperuimus,tum
1937 2301 2126 2355 repre-

470 2368 715 2423 hensam
781 2370 1235 2441 damnatumque
1322 2370 1498 2439 tituli,
1574 2389 1690 2442 quo
1746 2375 2131 2443 patriarcham

471 2459 865 2512 tecumenicum
918 2458 1162 2513 vocabat
1220 2475 1365 2524 sese,
1458 2461 1918 2531 usurpationem,
2003 2468 2127 2517 tum

474 2555 658 2611 latum
690 2555 749 2609 in
780 2554 975 2626 ipsum
1004 2573 1037 2610 a
1063 2554 1271 2627 legatis
1305 2558 1617 2627 pontiﬁciis
1645 2559 1977 2614 anathema.
2012 2560 2133 2614 Bile

489 2644 763 2715 percitus,
821 2644 1133 2699 vindictam
1201 2646 1475 2716 sumpsit,
1537 2647 1781 2701 Romani
1844 2650 2133 2720 pontiﬁcis

489 2733 725 2787 nomine
755 2749 784 2786 e
810 2733 989 2787 sacris
1020 2734 1309 2805 diptychis
1340 2741 1649 2806 expuncto.
1687 2738 1842 2791 Idem
1878 2744 1940 2791 ut
1995 2756 2133 2810 ago-

490 2828 635 2887 rent,
699 2826 840 2876 Data
894 2823 1184 2894 encycliea
1259 2824 1527 2894 epistola,
1595 2826 1842 2895 urgebat
1898 2826 2133 2882 Petrum

488 2910 914 2967 Antiochenam
946 2910 1206 2982 aliosque
1238 2913 1619 2982 patriarchas.
1652 2918 1960 2969 Prostatea
1979 2918 2135 2988 apud

487 3001 802 3055 Barenium
832 3000 902 3054 ad
933 3017 1151 3055 annum
1187 3002 1343 3061 105i,
1379 3018 1520 3055 num
1541 3004 1631 3067 28,
1663 3009 1718 3058 et
1740 3005 1891 3074 apud
1916 3004 2136 3060 Gotele-

488 3090 640 3145 rium
695 3090 887 3145 Graece
937 3095 993 3144 et
1050 3089 1245 3145 Latius
1331 3090 1386 3144 in
1446 3092 1806 3146 Monumentis
1864 3094 2132 3152 Ecclesit?

490 3178 687 3234 Griecar
718 3183 860 3233 tomo
894 3180 962 3233 ll.
988 3178 1232 3233 Consilii
1265 3179 1354 3232 sui
1391 3180 1649 3250 pudebat
1686 3182 1921 3251 ipsum:
1984 3184 2140 3238 unde

488 3267 830 3339 ﬁgmentum
864 3267 1195 3339 excogitaus
1244 3267 1323 3321 ait
1371 3284 1534 3322 num.
1566 3269 1619 3337 9,
1683 3271 1962 3325 Rumorem
1993 3274 2140 3327 inso-

486 3359 675 3413 nuisse
698 3356 926 3411 auribus
954 3358 1085 3421 suis,
1118 3356 1255 3427 quod
1280 3373 1477 3427 papam
1512 3358 1749 3427 {Romae}
1783 3360 1907 3430 ipse
1939 3360 2141 3416 Petrus

2219 952 2376 1007 lices.
2412 955 2480 1007 At
2508 959 2715 1011 sancite
2742 959 2917 1011 sexta?
2945 956 3145 1027 synodi
3172 957 3536 1029 temporibus
3568 976 3718 1031 papa
3747 963 3873 1014 erat

2218 1055 2381 1096 sacer
2407 1042 2650 1113 Agatho,
2682 1043 2771 1097 vir
2798 1044 3145 1099 venerabilis
3170 1061 3237 1100 ac
3260 1044 3318 1099 in
3369 1045 3580 1102 divinis
3638 1047 3876 1118 sapiens

2220 1128 2367 1199 Lege
2396 1131 2542 1185 sexti
2572 1132 2750 1203 hujus
2781 1132 3009 1188 concilii
3041 1139 3189 1200 aeta,
3227 1151 3354 1205 qua
3409 1135 3639 1190 recitari
3690 1136 3880 1191 solent

2222 1220 2514 1275 Dominica
2542 1232 2895 1292 consequente
2918 1224 3648 1281 emaltationemvenerandaz
3672 1227 3878 1296 pretio-

2220 1324 2403 1379 szeque
2435 1314 2632 1376 crucis,
2665 1310 2926 1366 invenies
2957 1311 3179 1367 dictum
3210 1312 3575 1384 Agathonem
3598 1330 3633 1369 a
3676 1316 3882 1369 sancta

2224 1415 2293 1453 ea
2321 1400 2542 1469 synodo
2583 1399 2836 1471 gloriose
2891 1401 3216 1472 praedicari.
3253 1424 3280 1451 ››
3313 1402 3375 1456 In
3430 1401 3665 1475 Typico,
3723 1403 3883 1475 quod

2226 1488 2411 1541 sancti
2445 1488 2601 1542 Sabte
2633 1488 2867 1554 dicitur,
2900 1488 3022 1542 heee
3051 1489 3345 1544 habentur
3373 1491 3561 1561 capite
3603 1493 3670 1545 12
3726 1492 3883 1563 apud

2228 1574 2594 1646 Ducangium
2628 1576 2685 1630 in
2720 1576 2992 1632 Glossario
3020 1578 3211 1632 mediae
3251 1583 3303 1633 et
3356 1578 3568 1649 inﬁmae
3623 1566 3885 1635 Gracile-

2227 1666 2297 1717 tis
2345 1681 2356 1718 :
2414 1668 2652 1737 Κυριακῇ
2719 1664 2851 1736 μετὰ
2902 1666 2999 1733 τὴν
3073 1665 3278 1738 {Silanam
3356 1666 3771 1742 ἀναγινώσκεται
3822 1665 3887 1721 τὸ

2232 1748 2510 1805 συνοδικὸν
2542 1756 2639 1820 τῆς
2674 1756 2715 1816 ς’
2748 1750 2993 1809 συνόδου.

2303 1865 2331 1890 ‹‹
2364 1843 2447 1896 Ad
2476 1843 2597 1899 haec
2629 1860 2734 1915 ego
2765 1860 2998 1916 quoque
3019 1845 3185 1900 testis
3216 1862 3348 1900 sum
3371 1846 3883 1918 emnicxceptiene

2235 1930 2422 2001 major
2453 1930 2670 2003 aliique
2702 1949 2932 1986 mecum
2967 1932 3164 2003 plures
3194 1949 3396 1989 eorum
3429 1934 3527 2005 qui
3550 1934 3608 1989 in
3627 1934 3891 1991 Ecclesia

2158 2063 2206 2128 Β
2237 2018 2609 2089 praecellunt:
2646 2023 2800 2091 quod
2836 2022 2944 2075 sub
2989 2021 3169 2076 bealm
3212 2023 3504 2078 memoria:
3560 2024 3900 2095 patriarchae

2234 2110 2546 2165 Antiochiae
2580 2110 2778 2164 domno
2833 2114 3047 2166 Joanne
3078 2110 3173 2178 (llI
3217 2112 3367 2181 apud
3399 2110 3662 2167 Bollandi
3693 2113 3892 2168 Conti-

2239 2202 2481 2273 nuatore
2503 2203 2565 2251 ut
2623 2198 3002 2269 Lequienum,
3082 2200 3294 2254 saeculo
3342 2205 3587 2256 exeunte
3641 2201 3893 2273 decimo,

2238 2270 2626 2356 inchoatoque
2656 2288 3009 2359 undecimo),
3045 2305 3195 2360 papa
3220 2288 3541 2358 Romanus,
3576 2290 3691 2361 ipse
3719 2270 3897 2345 etiam

2236 2376 2474 2430 Joannes
2524 2376 2719 2446 (XVII)
2776 2377 3134 2443 nominatus,
3175 2377 3234 2431 in
3268 2377 3450 2433 sacris
3482 2377 3769 2450 diptyebis
3801 2395 3893 2435 re-

2240 2463 2503 2519 ferretur.
2543 2488 2563 2513 ι
2600 2469 2721 2521 Vox
2750 2465 2851 2521 illa
2876 2466 3184 2522 Antiochiae
3214 2466 3367 2537 apud
3400 2466 3712 2522 Barenium
3736 2468 3896 2523 desi-

2241 2553 2517 2609 deratur:
2554 2554 2767 2625 legitur
2794 2572 2927 2609 vero
2958 2556 3017 2610 in
3057 2560 3218 2610 textu
3261 2556 3455 2611 Grmco
3514 2560 3573 2611 et
3626 2557 3902 2613 versione

2242 2642 2445 2696 Latina
2472 2644 2861 2697 emendatiore
2888 2644 3040 2713 apud
3072 2643 3740 2717 Cotelerium.Deceptus
3794 2650 3907 2701 Ba-

2242 2730 2444 2786 ronius
2474 2733 2743 2787 Joannem
2781 2732 2946 2787 illum
2983 2732 3374 2803 patriarcham
3391 2734 3614 2805 putavit
3630 2733 3902 2790 Constan-

2241 2820 2687 2890 tinopolitanum,
2749 2821 3186 2891 numeravitque
3257 2820 3579 2876 Sisinnium
3634 2823 3784 2878 inter
3811 2840 3906 2896 .ae

2246 2909 2512 2979 Sergium
2542 2925 2554 2961 :
2590 2909 2691 2963 sed
2724 2907 2879 2963 hunc
2925 2909 3256 2964 binominem
3287 2908 3466 2965 fuisse
3513 2910 3738 2966 censuit
3793 2911 3907 2966 Pa-

2245 2995 2376 3067 gius
2408 2996 2477 3050 ad
2497 3014 2717 3051 annum
2752 2997 2908 3063 1019,
2937 2997 3214 3069 deceptus
3240 3002 3296 3052 et
3325 2997 3469 3069 ipse.
3500 3001 3709 3055 Veram
3740 2999 3909 3055 exhi-

2246 3085 2344 3139 bet
2399 3084 2705 3140 historiam
2764 3086 2995 3141 Grteeus
3026 3086 3172 3140 Petri
3222 3086 3562 3142 Antiocheni
3620 3092 3834 3156 textus,
3869 3107 3907 3145 a

2247 3173 2526 3228 Uotelerio
2582 3173 2892 3243 vulgatus:
2927 3196 2953 3222 ‹‹
2983 3191 2996 3227 :
3030 3174 3564 3246 Contantinopolim
3627 3181 3905 3247 praeterea
3988 3202 3991 3203 ν

2250 3272 2373 3318 ante
2427 3263 2523 3318 hos
2579 3279 2751 3317 annos
2808 3263 3177 3335 quadraginta
3210 3265 3447 3335 quinque
3478 3270 3651 3332 (anno
3684 3265 3905 3322 scilicet

2253 3370 2375 3407 uerte
2400 3351 2653 3423 vulgaris
2688 3353 2845 3421 1009)
2896 3352 3221 3423 ingressus,
3270 3353 3456 3423 reperi
3523 3354 3632 3408 sub
3691 3358 3907 3410 sanctae

489 3445 549 3499 in
602 3446 775 3499 sacris
830 3420 1387 3514 diptychis-referat,
1445 3420 1678 3516 itemque
1729 3420 2139 3505 Alexandrinus
2173 3420 2215 3487 (ἶ
2256 3420 2547 3495 memoriis
2606 3420 2934 3511 patriaréha
2968 3420 3626 3512 lConstantil-lopoleos)
3682 3442 3910 3499 domino

492 3540 542 3587 et
575 3534 1101 3604 llierosolymitanus
1156 3536 1381 3587 antistes
1410 3534 1566 3603 (cum
1610 3534 1665 3588 id
1725 3540 1982 3591 attamen
2041 3539 2146 3591 mi-

495 3622 653 3676 nime
680 3621 843 3675 ﬁeret
871 3621 1516 3692 Constantinopolitana
1550 3623 1602 3676 in
1638 3623 1936 3696 Ecclesia).
1993 3628 2148 3682 Nosti

493 3710 659 3775 enim,
691 3725 725 3763 a
754 3717 990 3780 tempore
1016 3712 1220 3765 sancta:
1248 3715 1298 3764 et
1344 3713 1697 3766 :ecumenicze
1742 3718 1916 3770 sexta?
1952 3704 2149 3785 synodi

495 3814 561 3852 ac
591 3797 859 3867 deinceps,
892 3799 1214 3853 relationem
1241 3815 1401 3869 papae
1431 3802 1489 3853 in
1510 3817 1682 3855 sacris
1700 3801 2148 3875 diptychis,apud

490 3888 707 3941 nostras
765 3885 1011 3940 videlicet
1067 3895 1287 3941 sanctas
1334 3887 1614 3954 ecclesias,
1658 3892 1903 3945 excisam
1930 3892 2142 3963 fuisse:

491 3982 780 4045 propterea
834 3974 976 4045 quod
1040 3975 1264 4045 Vigilius
1313 3985 1444 4031 tunc
1499 3978 1681 4033 Romae
1732 3994 1879 4049 papa
1920 3981 1995 4034 ad
2028 3998 2149 4035 eam

494 4062 765 4134 synodum
795 4080 978 4118 ventre
1007 4065 1267 4129 noluerit,
1298 4082 1396 4119 nec
1437 4068 1731 4120 anathema
1776 4068 1957 4123 dicere
2014 4070 2148 4124 Theo

494 4151 667 4206 doriti
694 4153 930 4222 scriptis,
963 4167 1027 4205 ac
1055 4153 1295 4223 epistolae
1323 4153 1424 4207 Iba:
1444 4170 1464 4212 ;
1495 4157 1656 4224 atque
1683 4170 1751 4209 ex
1793 4172 1853 4209 eo
1915 4166 2149 4228 tempore

493 4254 661 4309 usque
714 4238 785 4292 ad
837 4253 1079 4308 prwsens
1133 4239 1432 4294 abscissum
1483 4256 1595 4294 esse
1647 4259 1848 4313 papam
1894 4262 1927 4297 a
1964 4250 2147 4300 nostra

493 4329 836 4381 sanctissima
927 4336 978 4381 et
1048 4327 1319 4382 catholica
1374 4329 1631 4383 Ecclesia.
1694 4331 2146 4389 Schismaticum

496 4416 723 4469 facinus
759 4421 822 4469 ut
852 4416 1247 4486 persuaderet,
1290 4433 1514 4472 errores
1546 4424 1647 4471 aut
1697 4420 1929 4489 penitus
1977 4426 2152 4476 conﬁ-

496 4508 643 4572 ctos,
673 4509 774 4558 aut
819 4504 1140 4558 certissime
1180 4503 1379 4568 falsos,
1432 4521 1579 4575 quos
1651 4512 1820 4561 antea
1878 4508 2149 4565 Romanae

498 4591 819 4663 impegerat
864 4591 1151 4657 Ecclesiae,
1239 4593 1447 4646 iterum
1508 4601 1813 4650 numerat:
1874 4598 2149 4667 additque

497 4697 653 4734 nunc
685 4680 941 4751 primum
973 4697 1134 4734 num.
1172 4681 1257 4749 1'3,
1281 4682 1617 4736 additiouom
1645 4683 1715 4737 ad
1742 4700 1960 4739 sacrum
1989 4687 2146 4757 Sym-

500 4769 703 4823 bolum.

571 4856 845 4911 Gerularii
880 4857 1170 4914 inscitiam
1212 4858 1553 4928 iuvectaque
1591 4866 1941 4932 commenta,
1992 4865 2145 4933 quod

499 4944 705 5000 attinet
735 4945 803 4999 ad
850 4947 1091 5000 nominis
1145 4963 1297 5017 papae
1354 4947 1702 5003 excisionem
1755 4965 1785 5003 e
1837 4950 2152 5022 diptychis,

498 5033 649 5088 ferre
707 5050 821 5088 non
875 5034 1060 5103 potuit
1117 5036 1451 5105 patriarcha
1487 5037 1905 5093 Antiochenus.
1964 5039 2154 5097 Verba

501 5128 643 5177 sunt
671 5123 797 5191 ejus
822 5123 879 5176 in
913 5124 1160 5193 epistola
1190 5125 1342 5195 apud
1376 5125 1691 5179 Barenium
1721 5131 1777 5181 et
1802 5126 2151 5184 Cotelerium

501 5226 665 5264 num.
701 5211 731 5263 4
762 5227 774 5264 :
816 5212 1045 5278 Vigilius
1075 5216 1334 5283 tempore
1364 5215 1568 5283 quinta:
1597 5215 1796 5286 synodi
1823 5217 2068 5285 vivebat,
2094 5217 2152 5271 in

502 5316 618 5370 qua
647 5299 805 5370 agita
837 5299 1072 5353 fuerunt
1117 5317 1242 5370 quae
1275 5301 1345 5355 ad
1397 5302 1701 5374 Origenem
1758 5305 2149 5375 pertinebant,

500 5388 833 5459 Evagrium,
872 5388 1197 5459 Didymum,
1231 5388 1512 5461 aliosque,
1575 5392 1829 5459 Petrum,
1877 5394 2151 5450 Severum

500 5477 763 5543 Zooram,
837 5493 1058 5531 necnon
1119 5478 1335 5548 scripta
1404 5480 1779 5535 Theodoriti:
1840 5498 1955 5536 non
2019 5499 2152 5538 vero

499 5568 761 5635 tempore
789 5570 958 5619 sextae
985 5565 1199 5634 synodi.
1237 5568 1390 5619 Inter
1446 5583 1591 5638 quas
1650 5570 1902 5641 synodos
1972 5570 2152 5624 inter-

503 5668 727 5707 cessere
787 5654 918 5706 anni
986 5654 1084 5707 129
1142 5653 1235 5723 (ab
1294 5671 1445 5709 anno
1504 5656 1715 5711 Christi
1771 5659 1876 5713 533
1935 5660 2004 5712 ad
2049 5675 2151 5713 an-

503 5756 646 5793 num
676 5744 821 5807 (ὂψ),
848 5744 993 5797 217
1028 5742 1281 5811 Conligit
1310 5748 1527 5809 autem,
1562 5750 1625 5798 ut
1675 5746 1744 5799 ad
1804 5748 1958 5801 breve
2017 5756 2151 5801 tem-

498 5844 603 5900 pus
662 5829 903 5901 Vigilius
934 5848 967 5885 a
996 5832 1275 5886 Relatione
1330 5838 1689 5888 resecaretur
1740 5841 1973 5906 propter
2021 5853 2153 5890 con-

2254 3530 2452 3601 Scrgio
2483 3529 2761 3597 (secundo
2792 3528 2969 3599 hujus
3003 3529 3279 3600 nominis)
3312 3529 3652 3601 praedictum
3688 3547 3909 3603 papam

2255 3618 2607 3689 (Romanum
2637 3618 2922 3672 Joannem
2954 3618 3156 3684 XVIII)
3192 3618 3253 3673 in
3311 3635 3475 3673 sacra
3535 3621 3716 3676 missa
3767 3636 3910 3678 cum

2254 3705 2386 3761 aliis
2418 3706 2765 3779 patriarchis
2796 3706 3015 3761 referri.
3049 3729 3077 3756 ››
3109 3707 3377 3761 Refutata
3407 3708 3491 3763 sic
3525 3707 3700 3763 habes
3740 3725 3914 3780 aper-

2254 3795 2485 3850 tissima
2515 3795 2838 3865 mendacia,
2899 3813 3024 3866 quas
3082 3794 3414 3851 Cerularius
3471 3796 3797 3865 invehebat,
3843 3804 3914 3855 ut

2257 3884 2523 3939 SClSSlODl
2556 3901 2675 3939 suae
2707 3888 3044 3955 pratextum
3076 3886 3261 3939 daret.

2328 3974 2474 4028 Dare
2508 3973 2923 4044 posterioribus
2953 3973 3161 4029 Graecis
3192 3973 3490 4030 nonnullis
3546 3974 3722 4031 liceat
3776 3975 3909 4031 Ser-

2256 4064 2409 4130 gium
2462 4063 3133 4132 Constantinopolitanum
3190 4063 3345 4133 (post
3401 4079 3621 4118 annum
3682 4062 3914 4120 scilicet

2259 4152 2438 4221 1000),
2473 4150 2717 4206 Romani
2749 4151 3039 4222 pontiﬁcis
3069 4151 3418 4222 expunxisse
3459 4168 3671 4207 nomen
3726 4168 3758 4206 e
3810 4169 3913 4208 sa-

2257 4240 2369 4294 cris
2401 4239 2711 4310 diptychis.
2770 4242 2841 4293 At
2897 4239 3153 4310 primum
3220 4256 3398 4294 causa
3452 4240 3763 4311 quaerenda
3815 4246 3922 4298 est

2258 4328 2595 4383 schismatis
2652 4328 2899 4382 invecti:
2960 4328 3168 4382 deinde
3227 4328 3702 4400 perquirendum,
3760 4346 3914 4387 num

2258 4417 2412 4470 idem
2445 4416 2703 4471 schisma
2735 4417 3152 4483 perduraverit.
3186 4416 3533 4489 Euthymius
3579 4418 3917 4490 Zigabenus

2259 4507 2318 4560 in
2350 4506 2545 4561 Greece
2578 4510 2737 4559 textu
2770 4504 3057 4577 Panopliaa
3091 4505 3243 4576 apud
3278 4505 3639 4576 Lequienum
3688 4506 3918 4563 disser-

2258 4596 2472 4650 tatione
2502 4596 2523 4649 Ι
2556 4595 2983 4663 Damascenica,
3030 4611 3192 4648 num.
3250 4596 3339 4662 25,
3401 4594 3650 4649 missum
3708 4596 3923 4653 scribit

2258 4703 2290 4737 a
2351 4683 2626 4738 Romanis
2684 4681 3061 4753 pontiﬁcibus
3118 4682 3188 4737 ad
3248 4681 3502 4737 Orientis
3548 4683 3919 4755 patriarchas

2182 4786 2224 4847 D
2258 4771 2927 4842 Constantinopolitanum
2972 4770 3314 4843 Symbolum,
3371 4770 3536 4826 nulla
3587 4772 3920 4830 admistum

2259 4860 2727 4931 interpolatione,
2760 4877 2946 4930 usque
2977 4864 3046 4915 ad
3082 4859 3265 4931 Sergii
3292 4864 3592 4931 tempera:
3638 4865 3703 4915 ut
3751 4860 3919 4916 scili-

2263 4954 2352 5004 cet
2376 4950 2606 5015 innuat,
2633 4949 2945 5004 dissidium
2977 4949 3178 5003 eodem
3210 4948 3321 5003 sub
3350 4949 3550 5021 Sergio
3580 4948 3919 5005 Constanti-

2263 5038 2594 5109 nopolitano
2624 5038 2909 5108 incepisse
2937 5039 3009 5092 ob
3040 5038 3195 5093 vocis
3236 5039 3481 5109 Filioque
3527 5038 3919 5094 additionem.

2263 5132 2422 5182 Hanc
2453 5127 2713 5199 Sergiani
2748 5127 2901 5182 218
2934 5125 3289 5192 scbismatis,
3322 5126 3371 5181 si
3411 5126 3568 5198 quod
3600 5131 3755 5182 certe
3804 5129 3925 5186 fuit

2262 5232 2501 5271 causam
2536 5217 2842 5287 ignorabat
2871 5216 3101 5270 Nieetas
3142 5214 3412 5270 Nicaenus
3469 5214 3920 5288 cbartophylax,

2263 5304 2362 5375 qui
2395 5305 2545 5377 apud
2579 5305 2855 5359 Allatium
2888 5305 2961 5359 De
3003 5304 3208 5375 synodo
3266 5304 3543 5360 Photiana
3597 5304 3788 5376 capite
3846 5308 3922 5362 10

2262 5394 2344 5448 sic
2377 5396 2496 5448 ait:
2550 5394 2659 5448 Sub
2715 5393 2969 5462 Sergio...
3027 5394 3264 5448 schisma
3302 5393 3508 5448 dicitur
3549 5402 3914 5451 renovatum:

2264 5479 2427 5533 Ποίαν
2461 5478 2518 5535 δὲ
2549 5480 2743 5547 αἰτίαν,
2777 5481 2989 5555 ἀγνοῶ·
3048 5476 3198 5533 δοκεῖ
3242 5480 3424 5552 μέντοι
3476 5477 3565 5534 διὰ
3614 5479 3739 5543 τοὺς
3788 5481 3919 5558 Θρό-

2260 5586 2413 5629 νους·
2476 5587 2642 5640 quam
2700 5573 2764 5625 ob
2821 5586 3041 5625 causam
3088 5572 3300 5639 ignoro,
3358 5574 3486 5641 puto
3531 5575 3715 5625 tamen
3743 5586 3920 5629 causa

2258 5659 2489 5713 sedtum.
2526 5659 2689 5713 Paria
2718 5659 2923 5713 scribit
2946 5658 3177 5713 Graecus
3207 5658 3359 5712 alius
3390 5675 3717 5731 anonymus
3749 5662 3912 5731 apud

2261 5748 2528 5802 eumdem
2562 5747 2837 5802 Allatium
2865 5765 2877 5801 :
2904 5746 3125 5801 nescire
3156 5762 3237 5815 se,
3268 5763 3409 5800 num
3441 5747 3680 5818 Sergius
3724 5763 3759 5802 a
3787 5748 3911 5804 Ro-

2262 5835 2453 5892 manis
2482 5836 2753 5891 defecerit
2778 5840 3003 5909 propter
3029 5851 3252 5902 er'ores,
3285 5851 3366 5891 an
3407 5840 3635 5907 propter
3675 5838 3915 5909 jurium
