4118 6468
297 567 400 628 213

1464 559 1674 621 VITA.
1706 590 1785 602 -—
1825 555 2346 621 DISSERTA'I‘IO
2390 559 2470 621 ΙΙ.

3552 561 3673 622 214

290 704 335 756 ἀ
355 698 752 771 privilegiroum
777 695 1205 766 subreptionem.
1241 693 1349 750 Sed
1385 693 1582 762 hocce,
1602 692 1757 765 quod
1810 691 1911 747 ad-
1945 691 2001 756 Α
2028 710 2216 749 versus
2244 710 2460 751 omnem
2487 695 2742 752 haresem
2770 696 2858 768 (ut
2897 696 2979 753 ait
3007 695 3272 754 Gelasius
3310 698 3673 773 Cyzicenus),

290 788 573 851 mittimus,
596 785 859 841 sehisma
892 783 1080 855 Sergii
1111 783 1211 838 diu
1245 800 1361 837 non
1393 783 1768 854 perduravit:
1794 797 1908 851 quo

286 880 497 944 factum,
527 876 611 930 uti
661 874 902 929 Gracus
952 889 1280 944 anonymus
1340 877 1542 927 auctor
1594 870 1798 925 libelli.
1834 875 1912 924 De

285 965 707 1023 translationibus
735 964 1115 1033 episcoporum
1146 966 1369 1016 asserat
1399 962 1550 1032 apud
1602 959 1907 1014 laudatum

285 1056 546 1121 Allatium,
575 1051 965 1123 septemdecim
991 1050 1359 1122 patriarchas,
1395 1049 1495 1121 qui
1529 1048 1736 1103 Pbotio
1768 1063 1908 1102 suc-

285 1159 471 1201 cessere
497 1143 568 1197 ad
601 1139 975 1197 Cerularium
1025 1156 1230 1211 usque,
1262 1156 1388 1194 cum
1440 1139 1606 1194 Italis
1664 1152 1911 1192 commu-

278 1238 463 1289 nionem
487 1232 775 1295 habuisse,
805 1226 1107 1289 κοινωνοὺς
1151 1226 1303 1302 εἶχον
1352 1226 1481 1286 τοὺς
1534 1224 1775 1285 Ἰτάλους
1800 1246 1811 1257 ’
1847 1224 1906 1279 ni

275 1323 459 1377 mirum
503 1322 794 1391 Ignatium
853 1319 1091 1384 iterum,
1140 1318 1475 1388 Stephanum
1524 1320 1572 1382 I,
1603 1316 1910 1370 Antonium

272 1413 327 1477 II,
364 1411 653 1466 Nicolaum
722 1409 767 1471 I,
802 1406 1161 1477 Euthymium
1216 1410 1266 1475 Ι,
1310 1405 1606 1460 Nicolaum
1670 1403 1906 1473 iterum,

267 1499 577 1570 Stephanum
628 1499 713 1559 II,
742 1496 1106 1568 Tryphonem,
1152 1494 1621 1565 Theophylactum,
1670 1492 1906 1563 Polyeu-

264 1592 405 1653 clm,
446 1587 740 1642 Basiliam
790 1587 832 1639 Ι.
882 1584 1176 1639 Antonium
1235 1583 1330 1648 Ill,
1376 1583 1673 1637 Nicolaum
1718 1581 1786 1648 11,
1824 1580 1904 1635 Si-

262 1679 478 1731 cinnium
524 1677 593 1742 II,
647 1674 916 1744 Sergium
971 1674 1039 1738 ll,
1090 1670 1753 1736 Eustathium,Ale;cium.
1794 1669 1901 1723 Eo-

262 1782 367 1821 rum
393 1768 555 1836 gesta
585 1769 648 1818 et
680 1761 1120 1833 chronologiam
1149 1761 1406 1832 expende
1435 1759 1590 1830 apud
1632 1757 1907 1812 Bollandi

260 1854 714 1916 Continuatores,
767 1856 826 1906 et
876 1848 1214 1905 Michaelem
1264 1848 1621 1920 Lequienum
1675 1852 1732 1902 et
1781 1852 1904 1902 An-

263 1943 476 2000 selmum
504 1939 917 1997 Bandurium.

2019 800 2144 854 qua:
2171 793 2290 841 orta
2317 790 2503 857 fuerat
2555 788 2615 841 in
2661 786 2928 842 catholica
2967 795 3021 842 et
3067 788 3362 859 apostolica
3406 789 3667 846 Ecclesia.

2018 873 2309 930 Nicanam
2340 875 2489 930 hanc
2519 875 2651 930 ﬁdei
2677 875 2987 930 formulam
3011 877 3365 947 adoptarunt
3385 877 3444 932 in
3474 879 3672 951 bapti-

2020 955 2226 1009 smatis
2250 955 2759 1010 administratione
2789 955 3113 1011 Orientales
3160 957 3429 1013 Ecclesia
3458 974 3471 1012 :
3508 958 3673 1015 stetit

2020 1043 2079 1098 in
2111 1044 2417 1115 apostolica
2440 1044 2693 1116 simplici
2725 1062 2791 1100 ac
2834 1045 3079 1102 breviori
3118 1045 3544 1102 Occidentalis:
3580 1048 3671 1120 ip-

2023 1148 2270 1199 samque
2298 1132 2588 1187 Nicanam
2625 1150 2740 1189 non
2772 1135 2978 1189 eodem
3009 1151 3251 1206 prorsus
3272 1136 3444 1191 modo
3466 1137 3673 1192 Orien-

2018 1211 2095 1267 tis
2143 1212 2412 1268 Ecclesia
2467 1217 2847 1284 usurparunt.
2897 1213 3047 1269 Num
3104 1215 3274 1269 varia
3322 1215 3665 1285 hujusmodi

2018 1302 2491 1368 consuetudines,
2544 1319 2692 1374 quas
2712 1303 2886 1357 citato
2907 1303 3095 1374 capite
3126 1304 3177 1373 1,
3224 1320 3386 1359 num.
3414 1306 3467 1371 3,
3509 1305 3664 1360 indi-

2019 1390 2299 1461 cavimus,
2333 1408 2534 1463 pacem
2567 1397 2624 1447 et
2668 1391 2952 1447 unitatem
3000 1393 3510 1463 perturbaverint?
3542 1395 3656 1450 Mi-

2018 1480 2175 1535 nime
2199 1480 2485 1552 gentium.

2089 1570 2270 1624 Fuere
2299 1570 2436 1624 certi
2468 1568 2735 1625 homines
2765 1568 2823 1624 in
2846 1570 3173 1626 Sardicensi
3203 1572 3467 1637 concilio,
3501 1575 3658 1646 quod

2017 1675 2170 1713 anno
2198 1660 2300 1712 347
2350 1657 2704 1713 celebratum
2753 1657 2985 1727 dicitur,
3020 1659 3120 1730 qui
3170 1662 3461 1730 nonnulla,
3494 1665 3656 1734 quasi

2015 1762 2141 1818 qua?
2163 1747 2420 1817 deessent,
2442 1749 2665 1805 Nicaeuo
2708 1749 2941 1803 concilio
2981 1750 3069 1820 (ac
3118 1750 3415 1822 Symbolo)
3457 1754 3663 1809 ascribi

2016 1835 2414 1907 postulabant.
2447 1842 2521 1891 At
2551 1854 2622 1891 ne
2649 1837 2782 1909 quid
2816 1838 3050 1892 ulterius
3078 1838 3149 1894 de
3166 1838 3279 1909 ﬁde
3305 1841 3659 1911 scriberetur,

2013 1931 2184 1981 etsese
2208 1932 2488 1981 contentos
2530 1942 2643 1982 esse
2694 1926 2919 1981 Nicana
2964 1927 3089 1998 ﬁde,
3121 1928 3501 1985 decreverunt
3544 1934 3660 1986 Pa-

314 2032 413 2088 Hoc
445 2037 797 2103 temporum
848 2027 1171 2094 intervallo,
1204 2026 1368 2083 nulla
1409 2044 1478 2083 ex
1507 2027 1782 2099 dogmate
1829 2025 1900 2081 de
1929 2056 1977 2122 Β
2007 2019 2154 2122 tris,
2185 2015 2682 2122 A‘thanz‘lsiohteste
2712 2015 2771 2122 ip
2804 2016 3023 2115 synodo
3065 2016 3471 2122 festinatas.
3501 2036 3656 2122 anno

264 2122 411 2177 sancti
440 2120 721 2192 Spiritus
752 2117 1125 2190 processione
1152 2133 1220 2173 ea:
1250 2123 1416 2172 Patre
1443 2116 1696 2187 Filioque
1732 2131 1894 2169 sum-

264 2216 339 2280 pta
363 2208 710 2264 scindenda
742 2206 1014 2262 Ecclesia
1046 2206 1291 2261 occasio.
1326 2204 1613 2260 Sisinnius
1641 2204 1895 2275 patriar-

269 2297 346 2353 ch:
367 2296 628 2353 accusari
661 2295 827 2350 solet
858 2295 955 2366 qui
989 2293 1338 2366 encyclicam
1361 2292 1691 2364 epistolam,
1714 2309 1892 2363 quam

276 2378 545 2433 inLatinos
579 2377 831 2432 Photius
858 2379 1195 2430 exaraverat
1225 2374 1483 2429 audaciae
1531 2373 1783 2445 plenam,
1818 2372 1891 2425 ti-

281 2466 359 2521 ‘mlo
375 2465 806 2521 tantummodo
838 2463 1173 2525 immutata,
1207 2479 1433 2535 suoque
1481 2462 1717 2517 nomine
1747 2477 1889 2531 sup-

283 2556 427 2623 posito,
454 2557 527 2611 ad
564 2554 850 2625 reliquos
881 2551 1248 2624 patriarchas
1294 2550 1708 2607 transmiserit.
1738 2550 1801 2605 In
1824 2566 1892 2604 ea

281 2646 493 2700 Praemia
524 2644 796 2716 Spiritus
834 2643 1011 2696 sancti
1040 2658 1075 2695 α
1102 2645 1268 2695 Patre
1296 2648 1349 2696 et
1386 2657 1420 2694 a
1454 2640 1595 2695 Filio
1654 2638 1893 2710 ineptis-

273 2732 388 2788 simis
406 2732 797 2805 argumentis
819 2730 1303 2802 oppugnabatur:
1325 2745 1570 2800 eamque
1592 2728 1893 2797 réjiciebat

266 2819 437 2878 licitae!
468 2822 821 2877 Βαναίαν-ἰαί
868 2836 1003 2873 cum
1054 2818 1200 2881 suis,
1229 2817 1339 2872 hac
1385 2817 1558 2872 etiam
1591 2818 1661 2871 de
1713 2833 1891 2871 causa

258 2913 648 2967 condemnatus
682 2926 728 2964 ει
758 2908 970 2981 legatis
999 2907 1332 2979 pontiﬁciis.
1366 2907 1638 2962 Schisma
1662 2905 1887 2960 instau-

254 3000 367 3053 ravit
390 3000 509 3072 ipse
534 3018 549 3054 :
585 2999 922 3071 primoque
950 3001 1211 3068 tempore
1241 3012 1464 3051 errores
1493 2995 1665 3067 longe
1704 2994 1891 3050 diver-

250 3103 326 3143 sos
350 3092 619 3145 Romana
655 3086 941 3142 Ecclesia
986 3084 1324 3156 efﬁngebat,
1367 3084 1739 3155 sumpsitque
1787 3083 1887 3138 de-

252 3191 384 3231 mum
409 3195 476 3233 ex
500 3176 827 3232 additione
855 3174 1106 3244 Filioque
1158 3176 1527 3245 pratoxtum.

300 3263 605 3321 Pratextus
640 3264 973 3318 vanitatem
1017 3261 1368 3332 quamplura
1408 3259 1704 3326 evincunt,
1758 3276 1885 3331 qua

241 3355 614 3424 superioribus
636 3350 948 3424 capitibus
966 3348 1276 3420 posuimus
1299 3353 1665 3420 argumenta.
1695 3347 1884 3404 Simul

2005 2105 2112 2158 362
2160 2103 2467 2160 celebrata.
2502 2105 2684 2159 Fuere
2736 2108 2933 2160 tamen
2983 2105 3043 2161 in
3075 2105 3331 2161 Ecclesia
3377 2107 3656 2165 Orientali

2005 2193 2363 2249 sanctissimi
2429 2192 2729 2265 prasules,
2782 2192 2883 2265 qui
2952 2194 3244 2251 Nicanam
3312 2196 3650 2268 formulam,

2002 2282 2214 2337 saculo
2263 2287 2472 2353 quarto
2534 2282 2783 2345 labente,
2818 2283 3201 2355 amplissimis
3250 2285 3649 2343 additionibus

2003 2375 2291 2427 auxerunt
2343 2372 2597 2427 advessus
2661 2372 2984 2443 prodeuntes
3044 2373 3337 2429 identidem
3394 2375 3642 2449 haereses,

2001 2461 2562 2532 mandaveruntque,
2593 2465 2658 2514 ut
2724 2463 2820 2532 qui
2868 2462 3128 2533 baptismo
3176 2464 3451 2520 initiandi
3492 2473 3642 2532 sunt,

2002 2548 2380 2621 interpolatas
2411 2550 2695 2605 formulas
2725 2567 2823 2606 eas
2870 2552 3273 2621 proﬁterentur.
3307 2553 3450 2607 Rem
3500 2570 3641 2609 uar-

1999 2642 2089 2692 rat
2121 2643 2361 2695 sanctus
2392 2637 2773 2710 Epiphanius,
2804 2639 2865 2693 in
2913 2641 3200 2711 Ancorato,
3235 2658 3397 2697 num.
3425 2642 3534 2697 120
3580 2647 3639 2699 et

2000 2727 2121 2791 121,
2164 2726 2359 2798 ibique
2406 2726 2691 2782 formulas
2732 2728 2866 2783 ﬁdei
2912 2729 3058 2784 duas
3107 2730 3345 2801 profert,
3395 2731 3637 2789 alteram

1998 2814 2181 2871 altera
2212 2816 2603 2887 prolixiorem,
2633 2822 2944 2889 utramque
2965 2816 3092 2873 sine
3123 2819 3299 2875 dubio
3320 2820 3634 2891 Nicanam,

1999 2906 2099 2961 sed
2128 2905 2367 2961 vocibus
2400 2905 2667 2977 pluribus
2707 2910 2960 2962 auctam.
2992 2910 3111 2963 Hac
3132 2908 3204 2964 de
3229 2925 3289 2965 re
3307 2909 3434 2965 loco
3463 2911 3637 2968 citato

1998 3012 2105 3049 nos
2134 2994 2364 3067 egimus
2391 3013 2403 3050 :
2436 2994 2614 3066 idque
2644 2995 2895 3051 maxime
2929 3000 3179 3063 constat,
3211 2997 3515 3055 scissionis
3547 3001 3636 3056 in-

1998 3089 2084 3138 ter
2130 3083 2417 3139 Ecclesias
2467 3082 2697 3138 nullum
2739 3083 2876 3139 inde
2931 3088 3275 3156 praetextum
3331 3092 3636 3160 sumptum

1996 3173 2214 3229 fuisse:
2240 3173 2515 3245 ipsasque
2545 3189 2724 3228 novas
2753 3172 3039 3228 formulas
3069 3190 3173 3245 pro
3220 3175 3462 3243 Nicano,
3485 3177 3635 3234 imo-

1996 3262 2169 3317 etiam
2190 3260 2497 3334 apostolico
2517 3259 2792 3334 Symbolo
2814 3260 3046 3317 habitas
3066 3278 3214 3327 esse,
3242 3266 3442 3336 utpote
3465 3266 3633 3322 addi-

1995 3352 2273 3406 tamentis
2343 3355 2567 3421 auctas,
2590 3350 2820 3405 Nicano
2868 3355 2926 3406 et
2973 3350 3291 3421 apostolico
3358 3354 3631 3427 Symbolo

237 3440 443 3499 collecta
473 3442 605 3498 hac
638 3446 812 3497 sunt.
838 3438 1052 3493 Primis
1083 3437 1348 3493 Ecclesia
1379 3437 1720 3493 Christiana
1771 3454 1877 3492 sa-
1910 3425 1953 3491 C
1989 3443 2394 3497 consentaneis.
2425 3440 2721 3512 Insignem
2751 3438 2945 3494 locum
2992 3439 3303 3513 Epiphauii
3346 3425 3531 3500 recole
3575 3448 3634 3501 et

235 3532 351 3587 culis
375 3533 595 3597 tribus,
632 3546 836 3585 unum
891 3531 1016 3583 erat
1066 3527 1126 3581 in
1177 3543 1274 3582 ore
1314 3543 1550 3599 praque
1600 3526 1879 3582 manibus
1991 3530 2265 3600 expende.
3408 3600 3411 3605 ί
3496 3548 3503 3555 ·

234 3617 540 3691 Symbolum
578 3619 753 3688 ﬁdei,
788 3617 948 3689 quod
995 3616 1371 3687 Apostolorum
1423 3616 1750 3671 dicebatur.
1783 3616 1881 3670 In-
2061 3617 2403 3672 Sardicense
2451 3618 2603 3688 quod
2676 3617 3130 3672 memoravimus
3194 3617 3513 3687 decretum,
3562 3635 3630 3677 eo

234 3714 553 3766 temeratum
589 3708 756 3763 illud
794 3707 1070 3761 servabat
1101 3705 1365 3760 Romana
1398 3705 1673 3771 Ecclesia,
1704 3709 1882 3775 prout
1990 3724 2166 3762 sensu
2199 3706 2580 3771 intellectum,
2614 3705 2769 3777 quod
2804 3706 3041 3762 Nicaeam
3067 3708 3330 3777 formulae
3359 3707 3504 3766 nihil
3535 3710 3632 3765 ad-

236 3798 283 3850 ib
308 3797 469 3854 initio
499 3797 809 3853 traditum
838 3796 1063 3849 fuerat:
1091 3795 1402 3865 ipsumque
1435 3793 1755 3848 Orientales
1786 3809 1884 3847 an-
1981 3796 2086 3867 jici
2126 3800 2343 3851 temere
2393 3796 2600 3849 debeat
2649 3794 2803 3866 quod
2842 3794 3135 3851 Nicanam
3184 3795 3358 3851 ﬁdem
3409 3796 3628 3854 labefa-

235 3887 410 3943 tistites
439 3890 757 3942 auxerunt
787 3883 1233 3948 additamentis,
1267 3883 1484 3953 quibus
1515 3882 1630 3937 alia
1670 3879 1883 3953 adjecit
1990 3889 2122 3952 ctet,
2154 3884 2430 3939 firmitate
2462 3882 2639 3955 pollet
2669 3899 2799 3954 qua
2823 3882 3012 3954 ipsius
3045 3883 3179 3938 ﬁdei
3210 3884 3474 3941 ﬁrmitati
3524 3904 3632 3959 par

231 3974 492 4047 Aquileisis
534 3976 603 4029 in
646 3972 824 4029 Italia
875 3970 1151 4026 Ecclesia.
1185 3972 1344 4027 Hanc
1399 3976 1711 4038 vetustam,
1752 3988 1879 4041 qua

231 4064 385 4130 primo
413 4064 712 4120 Ecclesia
744 4061 1093 4116 Christiana
1131 4064 1392 4131 tempore
1436 4060 1755 4125 obtinebat,
1789 4059 1877 4113 la-

232 4150 347 4208 tiore
373 4169 663 4209 sermone
700 4148 1196 4206 consuetudinem
1227 4150 1603 4220 exposuimus
1617 4149 1803 4221 capite
1823 4149 1875 4216 1,

228 4255 361 4296 nam.
389 4246 426 4296 2
458 4242 616 4314 quin
655 4238 788 4294 ulla
809 4242 1008 4294 tamen
1042 4237 1345 4292 scissionis
1372 4239 1598 4293 occasio
1620 4243 1721 4292 aut
1744 4238 1880 4293 data

225 4327 387 4397 fuerit,
419 4336 529 4385 aut
561 4332 825 4400 accepta
854 4324 1206 4382 Orientalem
1251 4325 1404 4382 inter
1432 4333 1489 4381 et
1536 4327 1875 4381 Occidenta-

222 4414 312 4472 lcm
336 4418 708 4484 Ecclesium,
744 4416 1004 4486 itemque
1034 4414 1187 4469 inter
1209 4414 1640 4486 Aquileiensem
1679 4432 1744 4470 ac
1772 4416 1877 4470 Ro-

221 4519 449 4573 manam,
483 4512 872 4575 ceterasque
902 4501 1102 4558 Italia.

275 4595 415 4650 2|.
447 4594 898 4651 Additamenta
926 4590 1149 4647 scilicet
1180 4597 1366 4657 erant,
1400 4609 1526 4662 qua
1557 4591 1643 4645 vel
1667 4590 1874 4647 clario-

222 4696 320 4736 rem
349 4685 653 4739 duntaxat
687 4679 1029 4735 communis
1060 4685 1230 4735 recta
1259 4680 1392 4735 ﬁdei
1419 4680 1872 4737 declarationem

222 4770 785 4843 complectebautur,
814 4767 899 4824 vel
930 4768 1225 4840 dogmatis
1256 4768 1678 4858 professionem
1726 4786 1875 4841 pra-
1905 4794 1951 4858 D

223 4860 431 4915 stabant
462 4865 697 4915 contra
732 4861 1038 4928 surgentes
1069 4873 1249 4912 novas
1277 4857 1553 4922 hareses,
1586 4875 1731 4926 quas
1769 4858 1873 4913 ali-

224 4946 413 5016 quibus
438 4948 506 5004 iu
541 4946 709 5003 locis
744 4943 940 5016 procul
974 4945 1157 4999 arceri
1188 4962 1222 4999 a
1262 4946 1563 5001 mentibus
1609 4945 1870 5001 ﬁdelium

224 5039 606 5093 lacessi-ium
633 5033 994 5090 ducebatur.
1018 5034 1302 5089 Pravium
1327 5051 1547 5090 morem
1568 5035 1751 5090 istum
1775 5036 1872 5090 Ec-

224 5121 507 5183 clesia-um
540 5128 777 5182 secuta
803 5128 892 5178 est
920 5126 1128 5194 quarto
1153 5122 1384 5194 incepto
1416 5124 1624 5179 saculo
1643 5139 1873 5181 secume-

226 5216 329 5268 lica
352 5219 599 5273 Nicena
630 5212 835 5286 prima
886 5213 1168 5284 synodus,
1204 5228 1331 5283 qua
1389 5212 1643 5283 primum
1675 5218 1733 5269 et
1789 5213 1872 5269 al-

224 5306 386 5359 terum
415 5300 703 5378 Symboli
773 5298 1074 5370 apostolici
1132 5300 1430 5371 articulos,
1463 5301 1678 5372 quibus
1727 5302 1873 5358 ﬁdes

228 5393 551 5463 proponitur
614 5393 681 5445 in
752 5388 918 5443 Deum
973 5392 1197 5443 Patrem
1242 5392 1683 5462 omnipotentem,
1715 5400 1766 5446 et
1812 5394 1871 5447 in

234 5477 480 5538 Christum
508 5483 719 5537 Iesum
774 5479 997 5531 unicum
1043 5477 1245 5533 Filium
1285 5480 1403 5550 ejus
1432 5482 1727 5535 Dominum
1774 5498 1872 5537 no-

237 5574 397 5641 strum,
426 5569 735 5643 pluribus
786 5565 1028 5635 adjectis
1064 5567 1303 5624 vocibus
1354 5569 1512 5623 auxit
1562 5570 1633 5623 ad
1682 5569 1872 5641 ipsam

242 5653 383 5714 fidem
426 5654 818 5713 luculentius
870 5653 1290 5725 explicandam,
1338 5674 1521 5728 eoque
1566 5659 1873 5713 tutandam

248 5748 477 5813 presidio
506 5747 843 5802 adversum
887 5742 1131 5799 hareses
1172 5748 1311 5814 Arii,
1344 5746 1595 5812 Sabellii,
1628 5747 1874 5814 Photini,

249 5830 375 5891 Pali
420 5834 827 5899 Samosateni,
876 5831 1162 5890 Manichaei
1208 5839 1263 5892 et
1322 5837 1634 5905 Marcionis,
1675 5846 1726 5894 et
1775 5838 1874 5893 ad-

1989 3977 2095 4028 est.
2129 3972 2208 4027 De
2238 3972 2367 4043 ipsa
2399 3971 2669 4036 formula,
2692 3971 2856 4042 ﬁdem
2874 3974 3162 4029 [Victoriam
3184 3973 3628 4046 complectente,

1989 4062 2037 4117 si
2068 4063 2363 4116 decretum
2391 4061 2546 4115 idem
2580 4062 2733 4117 220
2765 4059 3145 4132 intelligatur,
3178 4063 3248 4116 ad
3280 4062 3629 4120 ecclesiasti-

1987 4167 2114 4206 cam
2147 4149 2396 4222 pertinet
2424 4148 2820 4221 disciplinam,
2852 4166 2979 4221 qua
3013 4150 3394 4207 mutationem
3427 4153 3628 4210 subire

1985 4245 2195 4312 potest.
2229 4240 2373 4295 Hinc
2419 4239 2730 4295 formulam
2760 4238 3027 4294 eamdem
3075 4239 3369 4295 Nicanam
3419 4242 3626 4298 adver-

1986 4345 2116 4384 sum
2151 4328 2503 4400 prodeuntes
2533 4327 2784 4383 hareses
2814 4342 3027 4399 augere
3057 4326 3380 4385 Orientales
3416 4329 3625 4402 aliqua

1985 4417 2247 4473 Ecclesia
2280 4416 2676 4473 necessarium
2708 4416 3016 4480 duxerunt,
3047 4416 3451 4486 Epiphanianis
3480 4436 3625 4490 pra-

1984 4505 2157 4562 dictis
2187 4507 2443 4577 formulis
2472 4505 2702 4560 duabus
2734 4504 2994 4576 invectis,
3027 4521 3155 4576 qua
3200 4505 3272 4561 iis
3319 4506 3626 4563 traderen-

1985 4601 2082 4649 tur
2110 4595 2211 4666 qui
2242 4592 2572 4665 baptizandi
2607 4597 2763 4648 sunt.
2790 4592 3254 4664 Epiphanianam
3285 4594 3621 4666 formulam,

1983 4701 2110 4756 qua
2143 4684 2339 4739 minus
2372 4682 2595 4755 prolixa
2638 4686 2746 4750 est,
2780 4681 3134 4753 quibusdam
3164 4683 3420 4755 exceptis
3464 4686 3621 4741 voci-

1987 4776 2118 4836 bus,
2160 4774 2513 4844 adoptarunt
2559 4778 2779 4825 centum
2821 4774 2875 4825 et
2920 4772 3322 4843 quinquaginta
3378 4773 3626 4830 Orienta-

1985 4863 2127 4917 lium
2157 4861 2518 4915 Ecclesiar-um
2549 4860 2745 4913 Patres
2775 4873 2927 4911 anno
2971 4857 3071 4911 381
3105 4856 3163 4911 in
3197 4859 3419 4929 synodo
3474 4860 3626 4917 Con-

1983 4949 2470 5021 stantinoplitana
2539 4945 2893 5017 congregati,
2953 4962 3081 5017 qua
3147 4951 3347 5018 postea
3415 4950 3624 5021 synodi

1982 5040 2351 5094 mcumenica
2383 5035 2789 5091 auctoritatem
2830 5033 3254 5091 obtinuit.Hinc
3283 5035 3621 5108 Symbolum,

1980 5127 2207 5183 dictum
2258 5124 2947 5195 Constantinopolitanum,
2979 5122 3242 5195 invaluit,
3274 5124 3438 5182 nullo
3484 5125 3622 5184 inde

1980 5214 2283 5271 scissionis
2315 5218 2591 5285 pratextu
2622 5214 2953 5284 desumpto.

2055 5305 2176 5359 Imo
2208 5320 2316 5358 sua
2335 5318 2453 5357 avo
2483 5300 2583 5356 illo
2615 5300 2985 5373 potiebantur
3011 5300 3277 5359 libertate
3304 5304 3621 5376 particula-

1984 5409 2075 5447 res
2107 5391 2371 5447 Ecclesia
2394 5390 2452 5445 in
2478 5389 2710 5445 Oriente
2734 5407 2747 5445 :
2772 5388 3017 5461 aliaque
3036 5390 3097 5446 in
3120 5391 3475 5464 baptismate
3496 5399 3620 5450 ute-

1983 5484 2199 5537 bantur
2229 5479 2835 5549 Constantinopolitano
2884 5479 3180 5551 Symbolo,
3222 5480 3477 5555 simplici
3518 5484 3621 5539 Ni-

1981 5588 2131 5626 cteno
2154 5570 2300 5641 alia,
2333 5574 2389 5622 et
2421 5568 2546 5621 alia
2579 5583 2801 5640 proprio
2848 5568 3100 5639 quodam,
3143 5571 3299 5641 quod
3332 5588 3366 5627 a
3393 5571 3621 5629 Nicauo

1982 5669 2039 5716 et
2068 5655 2733 5728 Constantinopolitano,
2759 5659 2829 5712 ad
2853 5675 3024 5714 voces
3054 5659 3285 5731 aliquas
3315 5663 3471 5731 quod
3496 5662 3626 5717 atti-

1985 5754 2105 5814 net,
2166 5747 2485 5802 differebat.
2544 5747 2877 5803 Antzochena
2933 5747 3173 5803 scilicet.
3238 5750 3625 5822 Hierosolymi-

1986 5844 2136 5906 tana,
2188 5836 2700 5909 Philadelphiensis,
2733 5842 2907 5908 caput
2950 5838 3004 5892 2.
3036 5835 3184 5894 Vide
3232 5855 3395 5894 num.
3423 5841 3479 5897 3.
3505 5840 3624 5896 Hac
