4118 6428
3583 482 3703 548 218

305 631 483 691 smats
509 643 530 681 :
576 624 900 701 ipsumque
948 629 1209 685 nondum
1260 629 1577 685 admiserat
1605 629 1757 685 inter
1783 644 1952 685 suere
1980 627 2036 692 Α
2066 625 2303 681 demum
2326 623 2518 679 delata
2540 623 2611 679 ad
2640 622 2889 679 Leonem
2916 620 2994 677 ΙΙΙ
3016 636 3317 677 summum
3340 616 3705 691 pontificem.

301 718 571 788 Liturgia:
602 722 822 789 partes.
856 718 1046 773 Mores
1077 718 1390 774 orientales
1431 718 1630 790 prime
1682 718 1742 772 in
1792 716 1951 774 Occi-
2066 714 2328 770 Romana
2362 712 2631 781 Ecclesia,
2658 729 2782 784 que
2816 710 3089 766 doctrine
3124 708 3453 782 depositum
3489 707 3560 763 ab
3591 708 3705 762 ini-

304 808 478 863 dente
534 806 777 861 imitate
833 811 975 862 sunt
1037 808 1433 878 Hispaniarum
1491 807 1766 874 Ecclesiae,
1828 822 1953 878 que
2064 801 2145 857 tio
2199 807 2499 874 acceptum
2549 803 2814 858 servabat
2861 801 3295 865 intemeratum,
3340 797 3710 868 herebatque

306 894 653 968 Symbolum
680 894 839 950 idem
870 900 1032 951 sexto
1056 896 1357 951 desinente
1390 896 1597 953 seculo
1630 896 1780 950 inter
1810 892 1956 949 mis-
2064 890 2435 947 tenacissime
2465 890 2730 945 moribus
2773 889 3055 961 antiquis,
3090 888 3148 942 in
3180 904 3245 943 eo
3277 886 3430 959 quod
3464 890 3588 941 erat
3616 885 3710 941 do-

308 1000 508 1040 sarum
558 983 854 1039 solemnia
903 1000 1108 1040 canere
1146 990 1464 1057 coeperunt,
1498 983 1793 1056 simulque
1822 998 1958 1038 voce
2064 995 2191 1050 gma
2217 980 2367 1050 ﬁdei,
2399 980 2641 1034 immota
2673 980 2995 1051 permansit
3027 994 3039 1033 :
3094 978 3153 1033 in
3198 993 3402 1048 eoque,
3435 974 3588 1047 quod
3620 990 3710 1030 ec-

311 1072 507 1131 addita
555 1072 809 1145 Filioque
857 1089 1084 1129 auxere.
1117 1075 1333 1130 Ansam
1383 1075 1591 1130 dedere
1635 1073 1824 1140 Gothi,
1858 1070 1956 1143 qui
2067 1069 2435 1125 clesiasticam
2492 1070 2563 1123 ad
2618 1068 2971 1139 disciplinam
3026 1067 3347 1139 spectabat,
3408 1063 3709 1136 publicum

296 495 414 557 ΞΠ
1508 495 1719 567 VITA.
1747 526 1828 545 ——
1868 490 2387 556 DISSERTATIO
2426 489 2507 553 ΙΙ.

311 1160 623 1231 Hispanias
654 1162 1068 1232 subjugarunt.
1104 1167 1182 1219 Ex
1214 1163 1446 1219 Oriente
1486 1180 1683 1218 secum
1716 1162 1829 1234 ipsi
1860 1161 1958 1216 de-

310 1250 564 1305 tulerant
594 1248 811 1305 Ariana
854 1251 1152 1323 dogmata,
1184 1258 1240 1307 et
1288 1252 1729 1318 Macedonians,
1761 1256 1818 1306 et
1846 1250 1959 1305 Eu-

311 1339 590 1394 nomiana
621 1355 636 1394 :
666 1339 875 1394 Filium
900 1342 1171 1397 minorem
1204 1345 1397 1408 Patre,
1427 1358 1492 1396 ac
1522 1342 1660 1397 Filio
1689 1344 1963 1396 minorem

308 1427 585 1499 Spiritum
631 1431 913 1494 sanctum,
961 1431 1278 1501 factumque
1322 1447 1357 1483 a
1405 1431 1551 1486 Filio
1602 1431 1958 1501 profitentes.

310 1515 569 1585 Ejuratis
619 1517 731 1572 sub
782 1516 1105 1573 Reccaredo
1158 1534 1290 1590 rege
1341 1518 1539 1590 impiis
1590 1519 1960 1584 commentis,

306 1606 538 1661 Nicena
588 1604 729 1661 fidei
782 1604 1035 1661 formula
1082 1611 1353 1678 suscepta
1398 1614 1506 1673 est,
1538 1608 1793 1679 itemque
1825 1608 1961 1664 Con-

304 1695 832 1765 stantinopolitano.
869 1694 1034 1751 Fides
1082 1695 1309 1767 integra
1357 1696 1739 1752 sanctissime
1770 1696 1964 1751 Trini-

305 1780 447 1837 tatis
482 1788 549 1836 ut
582 1799 782 1838 coram
814 1783 1125 1855 palamque
1154 1785 1565 1856 profiterentur
1589 1802 1812 1857 omnes,
1836 1790 1964 1840 tum

302 1870 458 1926 inter
491 1870 816 1928 Missarum
849 1872 1134 1931 solemnia
1182 1874 1311 1929 cani
1361 1880 1617 1945 ereptum
1650 1874 1967 1947 Symbolum

303 1960 1009 2032 Constantinopolitanum,
1043 1968 1170 2018 tum
1200 1963 1397 2034 ipsum
1432 1981 1549 2019 una
1578 1963 1678 2019 illa
1706 1980 1844 2019 voce
1874 1965 1965 2019 Fi-
1997 1994 2045 2058 Β

306 2051 497 2120 lioque
546 2050 887 2105 adauctum.
939 2051 1055 2107 Cur
1106 2051 1255 2106 hanc
1309 2052 1441 2107 fidei
1493 2056 1741 2123 partem,
1790 2068 1967 2123 quam

308 2138 600 2195 hactenus
630 2137 806 2195 Gothi
836 2140 1223 2213 denegabant,
1256 2141 1491 2212 publico
1531 2141 1806 2215 Symbolo
1850 2158 1967 2196 non

307 2227 692 2284 addidissent
722 2228 1139 2300 Hispaniarum
1173 2229 1462 2296 Ecclesie,
1498 2230 1771 2286 cordibus
1821 2230 1967 2286 fide-

309 2316 449 2372 lium
477 2317 570 2371 uti
600 2318 987 2388 frequentius,
1018 2321 1096 2373 ita
1117 2319 1466 2390 profundius
1489 2320 1921 2376 inscribendam
1943 2319 1970 2373 τ

311 2405 688 2478 Jampridem
708 2408 975 2479 episcopis
1002 2408 1518 2479 Tarraconensibus,
1546 2407 1971 2478 Carthaginien-

316 2497 479 2562 sibus,
513 2496 808 2551 Lusitanis
835 2499 999 2568 atque
1040 2495 1262 2552 Gallicis
1310 2515 1463 2553 anno
1510 2498 1613 2552 447
1660 2496 1969 2570 epistolam

320 2583 558 2639 dederat
588 2588 832 2639 sanctus
864 2588 972 2640 Leo
1003 2584 1248 2657 Magnus
1277 2603 1289 2641 :
1322 2585 1599 2658 ipsosque
1630 2602 1755 2658 cap.
1807 2588 1858 2652 1,
1900 2587 1970 2641 de

317 2689 515 2729 eorum
574 2673 734 2729 223
782 2673 1081 2745 impietate
1127 2674 1404 2730 admonet
1461 2675 1558 2747 qui
1617 2676 1967 2743 sentiebant,

316 2779 420 2819 sm
448 2764 642 2818 alium
682 2778 795 2818 esse
838 2764 937 2834 qui
974 2765 1185 2831 genuit,
1217 2765 1393 2819 alium
1422 2766 1518 2835 qui
1546 2767 1762 2833 genitus
1790 2768 1887 2831 est,
1920 2772 1971 2821 et

310 2851 492 2907 alium
532 2853 636 2923 qui
682 2850 752 2906 de
796 2855 1026 2922 utroque
1055 2854 1335 2923 processit.
1370 2853 1579 2909 Eodem
1612 2870 1763 2908 anno
1793 2855 1968 2923 Regu-

314 2940 427 2995 lam
453 2940 594 3010 ﬁdei
622 2939 911 3011 scripsere
941 2940 1119 2995 instar
1146 2941 1400 3013 Symboti
1429 2941 1669 3014 Hispani
1717 2943 1918 2998 Patres
1951 2959 1965 2996 :

321 3028 717 3098 dicebantque
764 3027 826 3084 in
881 3028 1122 3085 articulo
1152 3029 1404 3101 Spiritus
1451 3030 1657 3097 sancti,
1689 3030 1884 3102 ipsum
1934 3048 1968 3088 a

314 3120 489 3173 Patre
519 3117 778 3188 Filioque
799 3117 1116 3189 procedere.
1153 3119 1502 3175 Decretalem
1552 3120 1621 3174 ad
1665 3121 1967 3176 Justinum

318 3206 610 3263 seniorem
646 3211 1003 3278 Augustum,
1035 3224 1188 3262 anno
1232 3208 1357 3271 521,
1389 3208 1796 3265 transmiserat
1834 3209 1968 3281 Epi-

2068 1156 2221 1213 inter
2266 1158 2581 1215 missarum
2632 1156 2917 1213 solemnia
2964 1156 3229 1226 permisit
3273 1153 3526 1227 Symboli
3558 1154 3711 1209 Con-

2071 1246 2570 1319 stantinopolitani
2601 1250 2862 1311 cantum,
2890 1246 3301 1316 invectumque
3328 1242 3452 1298 tolli
3487 1243 3711 1297 addita-

2072 1340 2333 1390 mentum
2376 1336 2631 1408 optabat.
2666 1337 2737 1390 At
2785 1334 2931 1390 illud
2980 1334 3393 1405 Hispaniarum
3444 1332 3711 1387 Ecclesiae

2073 1429 2232 1479 sexto
2280 1441 2405 1478 erae
2457 1424 2799 1479 Christiane
2852 1422 3065 1479 seculo
3115 1427 3450 1493 receperant
3496 1421 3713 1475 retine-

2073 1514 2366 1584 bantque:
2400 1513 2713 1583 ipsumque
2737 1512 3074 1584 amplexate
3106 1515 3246 1566 sunt
3267 1510 3478 1566 seculo
3511 1514 3714 1565 octavo

2073 1606 2129 1656 et
2158 1618 2310 1657 nono
2341 1600 2674 1668 Gallicane,
2704 1603 2963 1673 itemque
2995 1602 3373 1665 Germanice,
3405 1616 3471 1655 ac
3502 1598 3718 1655 Italiae

2074 1691 2131 1746 in
2187 1707 2364 1763 regno
2406 1690 2601 1761 ltalie,
2635 1692 2706 1746 ad
2742 1696 2957 1746 rectam
2991 1691 3167 1747 iidem
3198 1690 3478 1745 tuendam
3509 1688 3716 1744 adver-

2074 1796 2203 1835 sum
2240 1780 2567 1836 Grecorum
2601 1779 2931 1838 molitiones
2960 1779 3298 1853 praesidium
3336 1778 3472 1835 inde
3522 1793 3713 1834 arces-

2076 1873 2288 1924 sentes.

2149 1959 2273 2012 Hec
2321 1956 2481 2013 varia
2528 1957 2587 2012 in
2640 1958 2948 2014 Occidente
2997 1956 3327 2030 disciplina,
3384 1957 3456 2012 ad
3504 1955 3715 2030 rigoris

2078 2047 2332 2118 aspicem
2384 2046 2443 2102 in
2466 2046 2728 2103 Romana
2772 2046 3025 2103 Ecclesia
3053 2047 3366 2116 custodita,
3400 2045 3458 2100 in
3491 2045 3715 2101 ceteris

2078 2152 2181 2208 pro
2194 2135 2368 2191 variis
2387 2135 2686 2207 regionum
2702 2135 3160 2193 circumstantiis
3178 2134 3484 2208 paululum
3504 2134 3716 2200 laxata,

2078 2224 2416 2280 schismatis
2439 2225 2591 2282 inter
2611 2241 2709 2281 eas
2740 2225 2990 2297 prebuit
3018 2242 3221 2281 ansam
3253 2224 3499 2280 nullam.
3524 2223 3715 2280 Flore-

2077 2313 2178 2368 bat
2209 2315 2363 2371 224
2393 2330 2627 2370 summa
2665 2332 2795 2385 pax,
2828 2314 3172 2386 vigebatque
3200 2314 3429 2385 integra
3456 2329 3720 2369 commu-

2079 2401 2192 2457 nio.
2227 2402 2375 2467 Quin
2423 2403 2541 2459 imo
2592 2407 2853 2459 Romana
2899 2404 3136 2458 demum
3174 2403 3431 2458 Ecclesia
3458 2401 3721 2475 Symboli

2078 2489 2727 2564 Constantinopolitani,
2761 2492 3145 2564 ejusdemque
3196 2490 3531 2563 interpolati
3580 2507 3718 2546 can-

2080 2583 2207 2633 tum
2241 2580 2479 2635 admisit
2509 2580 2717 2637 seculo
2749 2581 3059 2636 undecimo
3091 2580 3243 2635 inter
3272 2580 3590 2635 missarum
3623 2596 3715 2635 so-

2078 2667 2311 2739 lemnia,
2347 2669 2613 2725 moribus
2644 2669 2890 2725 aliarum
2925 2686 3051 2726 sese
3083 2669 3457 2725 conformans
3504 2684 3607 2741 pro
3656 2684 3724 2723 ea

2080 2773 2197 2827 qua
2227 2757 2557 2828 potiebatur
2592 2757 2652 2812 in
2703 2756 3105 2814 ecclesiasticae
3136 2756 3459 2829 discipline
3492 2756 3721 2829 negotio

2079 2845 2373 2902 facultate.
2398 2846 2647 2903 Consule
2667 2846 2856 2918 capita
2885 2846 3187 2919 superiora
3216 2847 3352 2916 duo,
3385 2846 3418 2900 4
3446 2849 3504 2901 et
3530 2846 3584 2901 5.
3615 2847 3721 2900 Ar-

2077 2941 2355 3006 gumenta
2405 2953 2535 2991 vero
2579 2937 2705 3007 jam
2754 2935 2995 2991 collecta
3041 2940 3199 3004 sunt,
3232 2952 3358 3006 que
3390 2935 3719 2991 Graecorum

2078 3022 2378 3080 scissionis
2435 3028 2775 3096 praetextum
2834 3024 3100 3080 funditus
3156 3027 3423 3080 evertunt
3481 3039 3546 3078 ac
3611 3040 3715 3094 pro

2077 3112 2301 3185 ﬂigant.

2149 3201 2218 3256 ΙΙ.
2250 3202 2355 3257 Sed
2410 3201 2559 3258 hanc
2607 3202 2786 3269 vocis,
2829 3202 3089 3275 Filioque,
3124 3201 3505 3273 adjectionem
3536 3200 3715 3256 veluti

318 3294 527 3351 stolam
581 3294 926 3351 Hormisdas
973 3312 1144 3367 papa,
1175 3296 1275 3351 ubi
1329 3295 1579 3369 legimus
1612 3314 1624 3351 :
1672 3299 1968 3369 Proprium
2007 3360 2038 3369 _
2075 3289 2338 3346 illicitam
2389 3291 2663 3347 incusant
2714 3290 2816 3359 illi,
2852 3308 3098 3364 eamque
3138 3291 3503 3362 ingeminant
3535 3290 3713 3363 Ephe-

318 3381 564 3456 ,ἶρίν-ειυς
594 3385 783 3440 sancti
810 3399 943 3451 esse,
966 3360 1031 3439 .1:
1051 3360 1313 3441 ἱῖέραινε
1340 3360 1561 3441 εἶὶϊιίο
1584 3360 1841 3456 procedat
1867 3389 1966 3444 sub
1997 3360 2040 3427 Ο
2078 3381 2213 3434 sine
2242 3380 2437 3451 synodi
2467 3381 2692 3436 decreto
2724 3360 3049 3437 adversam.
3079 3360 3349 3453 Ipse—Leo
3382 3380 3477 3446 III,
3511 3360 3718 3435 Roma-

318 3489 430 3531 ω
478 3473 805 3529 substantia
848 3474 1096 3530 Deitatis.
1130 3472 1271 3529 Vide
1318 3480 1490 3546 caput
1535 3474 1590 3540 3,
1632 3492 1794 3531 num.
1825 3477 1880 3546 5,
1912 3481 1969 3533 et

318 3568 491 3634 caput
520 3564 577 3628 4,
610 3578 775 3617 num.
814 3564 861 3616 1.
898 3562 1106 3619 Vocem
1140 3562 1312 3629 hanc,
1348 3565 1618 3636 Filioque,
1642 3564 1966 3635 prolixiori-

317 3652 426 3707 bus
478 3651 619 3706 fidei
668 3649 937 3707 formulis
981 3652 1107 3721 jam
1162 3651 1465 3719 insertam,
1499 3654 1569 3707 ad
1624 3653 1966 3725 Symbolum

313 3738 1049 3810 ConstantinOpolitanum,
1101 3740 1256 3811 quod
1304 3740 1454 3796 inter
1502 3741 1821 3797 missarum
1873 3759 1965 3798 so-

316 3828 537 3885 lemnia
566 3828 877 3896 canebant,
910 3827 1023 3883 sibi
1066 3829 1380 3887 transferre
1410 3834 1695 3900 putarunt
1724 3832 1811 3886 fas
1842 3847 1967 3888 esse

316 3916 737 3988 Hispaniarum
767 3915 1060 3982 Ecclesiae,
1094 3916 1469 3988 disciplinam
1502 3923 1791 3975 sectantes
1838 3936 1966 3991 que

317 4003 754 4060 convenientior
782 4004 905 4060 visa
935 4005 1121 4061 fuerat
1165 4006 1237 4061 ad
1284 4005 1462 4061 ﬁdem
1509 4012 1725 4062 rectam
1756 4009 1967 4064 docen-

316 4093 475 4163 dam,
526 4109 597 4150 ao
643 4094 973 4162 tutandam,
1023 4095 1507 4167 servandamque.
1542 4096 1711 4151 Fides
1762 4114 1964 4154 earum

314 4199 429 4237 non
460 4184 589 4237 erat
618 4182 822 4253 altera,
849 4183 959 4238 hoc
991 4186 1080 4239 est
1107 4183 1350 4238 Nicene
1382 4184 1516 4240 ﬁdei
1550 4190 1606 4241 et
1632 4186 1965 4243 Constanti-

316 4269 668 4342 nopolitane
714 4271 962 4327 adversa
1018 4287 1202 4342 neque
1261 4272 1404 4328 fides
1460 4274 1658 4343 altera,
1710 4274 1820 4330 hoc
1879 4284 1969 4332 est

316 4358 572 4415 formula
602 4359 736 4415 ﬁdei
765 4359 1041 4416 articulos
1089 4360 1413 4430 continens,
1450 4378 1577 4433 que
1626 4380 1661 4418 a
1712 4363 1967 4419 formula

315 4448 549 4504 Nicena
577 4454 636 4504 et
664 4448 1308 4521 Constantinopolitana
1338 4450 1595 4506 differret
1627 4469 1642 4506 :
1700 4452 1803 4508 sed
1842 4452 1964 4509 hec

314 4538 520 4595 eadem
550 4554 817 4609 prorsus,
841 4554 973 4593 cum
997 4538 1172 4594 unius
1200 4539 1361 4594 vocis
1383 4539 1716 4595 orthodoxe
1744 4542 1966 4598 addita-

315 4632 532 4695 menta,
567 4626 644 4681 ad
672 4627 1023 4683 Arianorum
1054 4626 1323 4683 heresim
1374 4628 1819 4685 eliminandam.

2078 3486 2189 3524 nus
2220 3470 2478 3540 pontifex
2507 3470 2852 3542 (inquiunt),
2877 3470 2937 3524 in
2968 3469 3285 3525 Collatione
3315 3485 3447 3523 cum
3472 3468 3715 3525 Gallica-

2076 3558 2168 3614 nis
2224 3559 2513 3631 episcopis
2572 3559 2814 3615 aiebat:
2866 3562 3013 3615 Licet
3068 3558 3301 3615 docendo
3359 3567 3609 3625 cantare,
3667 3564 3721 3614 et

2074 3647 2342 3703 cantando
2371 3649 2572 3706 docere
2599 3666 2618 3703 :
2665 3648 2758 3704 sed
2802 3649 2995 3704 illicito
3024 3650 3084 3703 in
3112 3648 3421 3720 prohibitis,
3452 3664 3553 3705 nec
3581 3649 3715 3703 scri-

2078 3736 2252 3791 bendo
2298 3753 2395 3792 nec
2443 3737 2709 3793 cantando
2762 3738 2887 3793 licet
2936 3740 3198 3794 inserere.
3239 3738 3403 3809 Legis
3432 3736 3712 3793 nimirum

2075 3825 2378 3896 Ephesiae
2411 3826 2588 3897 rigori
2619 3825 2873 3882 herebat
2912 3843 2977 3882 co
3027 3831 3289 3897 tempore
3322 3825 3576 3881 Ecclesia
3604 3826 3715 3881 Ro-

2078 3930 2252 3968 mana
2285 3931 2297 3970 :
2331 3915 2431 3969 sed
2463 3915 2658 3987 ipsum
2691 3915 2941 3987 rigorem
2974 3914 3119 3987 legis
3150 3932 3253 3987 pro
3283 3915 3460 3970 variis
3490 3922 3713 3987 tempo-

2076 4019 2209 4057 rum
2238 4003 2718 4069 circumstantiis,
2742 4008 2940 4075 utpote
2968 4003 3121 4059 intra
3151 4002 3369 4059 limites
3397 4002 3717 4076 discipline

2077 4090 2477 4148 ecclesiasticae
2527 4091 2966 4159 consistentem,
3016 4092 3327 4165 temperari
3374 4109 3547 4165 posse
3591 4092 3719 4164 jam

2077 4185 2332 4235 noverat.
2366 4180 2632 4252 Optabat,
2666 4181 3103 4237 additamentum
3148 4181 3269 4236 tolli
3324 4199 3358 4237 a
3402 4180 3720 4237 Gallicanis

2076 4268 2364 4340 episcopis
2397 4286 2409 4325 :
2442 4270 2629 4341 deque
2660 4270 2831 4325 modo
2863 4269 3150 4326 consilum
3183 4271 3377 4342 dabat,
3409 4287 3517 4325 non
3547 4271 3716 4344 afﬁr-

2073 4356 2293 4428 mando,
2354 4358 2445 4414 sed
2503 4360 2807 4415 tractando.
2866 4361 3147 4417 Ceterum
3206 4376 3337 4415 vero
3395 4358 3715 4416 Orientales

2073 4447 2249 4502 etiam
2280 4447 2418 4519 ipse
2447 4448 2706 4504 Ecclesie
2738 4448 2810 4503 ab
2842 4450 3104 4519 ejusdem
3126 4448 3433 4520 Ephesiae
3460 4448 3606 4521 legis
3637 4449 3715 4504 ri-

2074 4551 2211 4608 gore
2260 4548 2636 4605 recesserant,
2679 4555 2807 4608 que
2857 4537 2995 4594 licet
3040 4537 3101 4591 in
3148 4537 3521 4608 baptismate,
3555 4542 3613 4593 et
3655 4537 3714 4592 in

2078 4640 2245 4679 sacra
2290 4624 2550 4697 Liturgia
2578 4627 3179 4699 Constantinopolitano
3206 4626 3453 4697 symbolo
3485 4643 3599 4681 non
3632 4626 3720 4682 in-

380 4715 513 4771 Alio
559 4716 786 4771 invecto
812 4715 1069 4787 Spiritus
1118 4716 1305 4772 sancti
1356 4716 1641 4788 originem
1692 4717 1973 4774 vitiarunt
2002 4727 2047 4791 Ι)
2080 4712 2366 4785 ῐθιῬοῙθοῐο
2398 4718 2730 4781 “terentur;
2763 4716 2824 4769 in
2857 4731 3017 4771 more
3047 4732 3278 4787 semper
3306 4714 3581 4784 habuere:
3608 4715 3722 4771 ἴον-

315 4803 678 4861 haud“:
705 4820 919 4871 errore,
955 4821 1130 4875 quem
1180 4803 1352 4877 longe
1403 4805 1634 4877 lateque
1681 4823 1971 4879 propaga—

316 4900 454 4950 rnnt
480 4894 831 4949 Ioonomachi
872 4894 933 4948 in
971 4893 1225 4951 Oriente.
1261 4892 1470 4949 Filium
1504 4894 1889 4951 excludebant
1937 4915 1971 4953 a

317 4982 610 5039 consortio
642 4981 928 5053 spirative
956 4998 1089 5037 cum
1113 4981 1280 5038 Patre
1309 4982 1543 5039 virtutis
1574 5000 1588 5038 :
1633 4984 1819 5055 deque
1849 4985 1966 5041 he-

317 5071 425 5127 resi
486 5070 840 5126 incusabant
896 5071 1157 5141 Latinos,
1180 5070 1558 5142 procedentem
1598 5073 1671 5128 ab
1730 5082 1961 5146 utroque

315 5158 585 5231 Spiritum
634 5169 879 5215 sanctum
927 5160 1288 5232 profitentes.
1322 5161 1478 5217 Mota
1527 5162 1772 5232 questio
1831 5180 1967 5221 cum

317 5249 550 5306 Francis
580 5248 858 5305 discussa
886 5253 975 5304 est
1004 5265 1158 5305 anno
1189 5248 1316 5317 767,
1350 5249 1409 5305 in
1441 5251 1661 5323 synodo
1694 5252 1969 5308 Gentilia-

314 5340 469 5395 censi
502 5356 516 5393 :
568 5355 795 5411 proque
825 5340 1095 5411 dogmate
1135 5337 1269 5393 ﬁdei
1299 5338 1481 5394 latum
1517 5340 1836 5396 decretum.
1871 5342 1963 5397 Fi-

312 5428 437 5485 dem
475 5428 654 5498 banc,
676 5432 896 5484 temere
925 5444 959 5482 a
988 5426 1200 5482 Grecis
1221 5426 1514 5496 violatam,
1543 5433 1608 5484 ut
1638 5446 1837 5486 coram
1868 5447 1967 5502 pa-

309 5516 541 5591 lamque
590 5516 1015 5591 profiterentur
1063 5514 1370 5571 Gallicane
1404 5516 1694 5583 Ecclesie,
1729 5524 1964 5590 sumpto

310 5622 371 5662 ex
398 5606 745 5681 Hispanicis
776 5602 1059 5676 exemplo,
1091 5620 1266 5659 saore
1298 5604 1572 5677 Liturgie
1606 5610 1826 5676 partem
1880 5607 1962 5662 fe-

307 5712 427 5754 cere
450 5696 812 5770 Symbolum
836 5691 1542 5763 Constantinopolitanum
1568 5710 1701 5748 cum
1734 5695 1959 5750 addita-

309 5794 513 5845 menta.
546 5792 867 5843 Hereseos
889 5796 1193 5837 censuram
1217 5781 1588 5838 inculcabant
1610 5782 1811 5839 Graeci.
1846 5784 1959 5842 Res

2082 4800 2274 4859 mulas
2328 4804 2542 4859 alteras
2600 4795 2941 4875 prolixiores
2998 4803 3353 4865 instruendi,
3402 4803 3567 4874 queis
3624 4809 3725 4860 aut

2079 4890 2280 4946 fideles
2331 4896 2545 4947 rectam
2592 4893 2765 4948 fidem
2826 4892 3254 4966 profiterentur,
3305 4898 3405 4949 aut
3462 4894 3719 4966 suspecti

2079 4979 2302 5052 seipsos
2352 4986 2754 5054 expurgarent.
2792 4982 2934 5038 Hinc
2984 4981 3318 5038 Florentina
3365 4982 3425 5038 in
3473 4984 3715 5055 synodo,

2079 5068 2292 5123 Grecis
2321 5069 2840 5136 consentientibus,
2874 5069 3183 5125 definitum
3218 5086 3230 5123 :
3284 5070 3717 5141 Explicationem

2077 5158 2364 5213 verborum
2420 5158 2664 5226 illorum,
2726 5157 3004 5230 Filioque,
3064 5159 3312 5214 veritatis
3366 5158 3719 5217 declaratum

2075 5248 2285 5317 gratia,
2315 5249 2367 5301 et
2396 5247 2718 5303 imminente
2749 5252 2880 5303 tunc
2908 5250 3245 5316 necessitate,
3277 5249 3426 5304 licite
3452 5264 3518 5304 ac
3543 5250 3715 5305 ratio-

2074 5337 2339 5392 nabiliter
2365 5336 2619 5408 Symbolo
2656 5339 2828 5408 fuisse
2855 5339 3178 5409 appositam.

2147 5424 2496 5498 Ephesinam
2527 5424 2737 5498 legem,
2762 5426 2995 5482 tametsi
3031 5427 3101 5483 ad
3134 5426 3589 5483 ecclesiasticam
3620 5428 3713 5483 di-

2074 5514 2404 5585 sciplinam,
2439 5520 2673 5583 spectet,
2707 5515 2865 5571 nullo
2897 5515 3038 5571 solvi
3075 5515 3347 5573 debuisse
3377 5517 3568 5584 modo,
3599 5516 3714 5572 nisi

2073 5602 2278 5659 saltem
2311 5604 2513 5675 synodi
2553 5603 2842 5675 generalis
2872 5605 3212 5660 auctoritate
3242 5606 3569 5673 accedente,
3602 5604 3707 5659 ite-

2072 5709 2199 5747 rum
2222 5693 2447 5748 instant
2466 5694 2666 5749 eadem
2698 5710 2927 5766 semper
2957 5694 3292 5749 aberrantes
3323 5694 3558 5749 chorda.
3594 5694 3708 5749 Lit-

2068 5785 2224 5851 tere,
2252 5798 2377 5853 que
2409 5782 2638 5852 occidit,
2662 5782 2794 5858 plus
2823 5783 3006 5839 nimio
3037 5782 3337 5840 iuberent.
3376 5782 3704 5845 Formulam
