4118 6442
416 525 558 588 219

1428 530 1744 593 GEORGII
1787 530 2050 593 CYPRII
2094 529 2211 592 ΟΡ.
2258 531 2812 595 ΡΑΤΗΙΑΒΟΗᾸΞ.

3695 527 3813 591 220

416 659 552 715 fidei
576 658 634 715 in
662 660 888 717 Nicena
907 660 1109 733 synodo
1127 662 1504 719 constitutam
1527 669 1750 735 spectat
1770 666 1860 721 lea:
1887 664 2055 736 Ephe—
2082 666 2135 730 Α
2168 669 2403 736 propter
2451 664 2700 720 hereses
2749 664 3101 737 prodeuntes
3137 661 3515 720 inseruerunt
3541 661 3809 718 Orienta-

416 752 580 806 sina:
611 765 727 821 qua
757 749 1144 805 nihilominus
1175 768 1288 806 non
1321 752 1609 823 obstante,
1640 754 1911 825 vigebant
1940 772 2056 811 aevo

415 837 514 892 illo
574 837 893 908 peculiares
950 839 1211 895 formulae
1260 842 1610 911 Antiochena,
1663 845 2053 916 Hierosolymi-

413 930 567 995 tana,
600 928 1102 1000 Rhiladelphiensis
1149 946 1213 985 ac
1254 930 1872 1003 ConstantinOpolitana.
1904 938 2056 989 Prae-

416 1015 654 1087 cipuum
705 1032 840 1087 ergo
896 1016 1196 1088 Ephesius;
1244 1017 1389 1090 legis
1437 1020 1749 1075 consilium
1796 1021 2052 1095 effulget,

417 1120 592 1176 quam
626 1105 898 1171 maxime,
925 1110 988 1160 ut
1016 1106 1325 1163 hominum
1355 1108 1731 1166 scelestarum
1756 1111 2051 1168 cohibere-

414 1198 514 1248 tur
568 1192 829 1256 ﬁdentia,
889 1210 1069 1249 novas
1126 1195 1184 1250 in
1248 1197 1373 1251 dies
1431 1198 1717 1254 condendi
1773 1201 2056 1257 formulas

414 1281 654 1337 Nicaeus:
702 1281 839 1337 ﬁdei
889 1282 1182 1339 adversas.
1227 1284 1541 1358 Utramque
1593 1288 1925 1355 formulam,
1957 1292 2053 1346 Ni-

412 1385 630 1427 caenam
674 1376 730 1426 et
776 1370 1457 1446 Constantinopolitanam,
1498 1378 1837 1448 approbavit
1883 1378 2052 1434 Chal-

415 1459 758 1515 cedonensis
790 1462 1141 1516 ascumenica
1180 1464 1438 1535 synodus
1474 1490 1487 1520 :
1537 1481 1720 1537 eaque
1767 1469 2052 1538 approba-

414 1547 571 1604 tione
635 1549 886 1614 factum,
956 1555 1021 1604 ut
1095 1550 1698 1625 Constantinopolitano
1772 1556 2050 1624 formula,

416 1635 618 1692 relicta
662 1638 907 1705 Nicaeae,
959 1640 1182 1710 passim
1233 1646 1533 1697 uterentur
1589 1645 1646 1698 in
1706 1646 2053 1717 baptismate

417 1742 483 1781 ac
513 1742 677 1781 sacra
709 1726 882 1782 etiam
929 1727 986 1781 in
1034 1727 1291 1801 Liturgia
1320 1730 1640 1788 Orientales
1672 1734 1955 1790 Ecclesiae.
1994 1736 2052 1790 [d

414 1830 548 1870 vero
577 1819 881 1886 peractum
917 1833 1018 1888 pro
1066 1834 1173 1872 sua
1203 1819 1587 1875 Ecclesiarum
1620 1820 1904 1889 libertate,
1940 1840 2054 1878 non

416 1902 622 1976 synodi
668 1903 921 1974 alicujus
977 1906 1340 1963 ecumenicae
1387 1909 1585 1980 jussu.
1638 1910 1751 1966 Lex
1798 1915 2053 1966 attamen

418 1992 567 2050 225
631 1993 927 2065 Ephesina,
985 2011 1053 2049 ac
1109 1995 1285 2051 etiam
1340 1997 1809 2070 Chalcedenensis,
1857 1999 2054 2072 aliquo

416 2082 588 2137 modo
619 2087 866 2143 servata.
901 2090 1205 2154 propterea
1257 2085 1409 2155 quod
1459 2086 1709 2159 simplex
1754 2086 1854 2143 illa
1901 2090 2053 2143 Con-

415 2170 935 2242 stantinopolitana
964 2171 1339 2228 adhiberetur
1366 2174 1425 2229 in
1466 2175 1816 2247 baptismate
1858 2181 1913 2231 et
1962 2177 2051 2232 in-

414 2263 502 2314 ter
532 2258 844 2315 Missarum
878 2260 1164 2317 solemnia
1197 2279 1212 2317 :
1262 2268 1320 2318 at
1364 2264 1475 2319 sibi
1505 2264 1729 2320 licitum
1763 2267 2054 2321 duxerunt

415 2347 758 2418 Orientales,
791 2349 1074 2406 formulas
1103 2352 1378 2422 proferre,
1410 2359 1511 2408 aut
1542 2355 1927 2424 conscribere,
1952 2359 2054 2409 aut

415 2452 762 2509 componere
790 2438 1132 2510 peculiares,
1162 2456 1196 2495 a
1225 2441 1457 2497 Nicaena
1485 2447 1542 2498 et
1570 2444 2049 2516 Constantinopo-

418 2524 597 2580 litana
644 2526 995 2598 differentes,
1028 2528 1241 2599 quibus
1280 2529 1688 2600 prolixioribus
1717 2533 1909 2588 verbis
1957 2549 2049 2588 re-

416 2617 569 2669 ctam
599 2613 771 2669 ﬁdem
804 2615 1232 2688 proﬁterentur,
1257 2623 1359 2674 aut
1389 2636 1517 2675 sese
1546 2620 1617 2675 ab
1649 2622 1807 2675 omni
1838 2623 2051 2677 erroris

416 2702 749 2773 suspicione
778 2710 1113 2775 purgarent.
1142 2706 1407 2762 Prostant
1438 2707 1577 2780 ipsa;
1608 2708 1666 2763 in
1699 2709 2052 2766 tecumenica

416 2791 637 2863 synodo
683 2796 844 2847 sexta
892 2797 948 2847 et
995 2795 1262 2865 septima.
1319 2796 1502 2868 Digna
1549 2803 1636 2853 est
1682 2798 2052 2854 animadver-

417 2880 602 2946 sione,
643 2898 767 2951 quaa
814 2898 848 2936 a
898 2883 1119 2940 Taracia
1163 2886 1409 2957 episcopo
1454 2888 2051 2960 ConstantinOpolitano

416 2968 487 3022 ad
521 2967 665 3025 alios
689 2970 1034 3026 transmissa
1064 2972 1174 3026 fuit
1202 2974 1584 3045 patriarchas,
1612 2976 1711 3031 ubi
1744 2976 1917 3031 verba
1948 2976 2050 3032 ha-

415 3056 627 3112 bentur
653 3058 969 3115 addimento
1001 3061 1339 3117 Latinorum
1387 3062 1649 3119 similia:
1703 3067 1769 3120 Bt
1816 3066 1880 3120 in
1926 3064 2051 3136 Spi-

411 3147 583 3202 ritum
611 3151 860 3203 sanctum
888 3150 1180 3205 Dominum
1214 3152 1601 3224 viviﬁcantem,
1634 3157 1729 3225 qui
1773 3169 1845 3209 ea:
1891 3158 2055 3210 Patre

410 3242 512 3306 per
537 3237 744 3292 Filium
769 3238 1033 3316 procedit.

486 3324 865 3395 Reponebaut
895 3327 1075 3381 Graeci
1107 3328 1165 3382 in
1198 3329 1419 3400 synodo
1455 3328 1804 3397 Florentina,
1838 3332 2055 3387 formu-

2166 752 2270 821 les,
2297 754 2629 809 inconsulta
2659 754 2783 809 sine
2811 755 2989 809 dubio
3020 753 3156 808 sede
3185 751 3530 823 apostolica.
3560 752 3808 807 Formn-

2163 841 2280 897 lam
2308 844 2592 900 Nicaenam
2622 843 2829 915 privati
2863 844 2919 897 in
2961 841 3192 897 Oriente
3221 840 3475 913 episcopi
3510 840 3808 912 aliquibus

2164 931 2577 987 additamentis
2609 948 2836 996 auxere,
2869 946 3116 1003 eamque
3154 929 3236 985 sic
3259 935 3491 984 auctam
3524 930 3810 1001 approba-

2164 1026 2301 1075 runt
2327 1025 2547 1075 centum
2598 1025 2651 1076 et
2699 1022 3105 1093 quinquaginta
3144 1019 3459 1075 Orientales
3511 1021 3807 1086 antistites,

2164 1109 2223 1164 in
2274 1109 2515 1164 concilio
2564 1108 3229 1181 Constantinopolitano,
3285 1108 3427 1179 quin
3476 1111 3807 1164 Romanum

2165 1198 2495 1269 pontificem
2547 1196 2811 1270 aliosque
2859 1196 3187 1253 Occidentis
3235 1195 3536 1267 episcopos
3591 1212 3809 1252 consu-

2164 1286 2365 1342 lerent.
2399 1287 2612 1342 Prmvio
2661 1284 2822 1342 nullo
2866 1302 3001 1341 cum
3036 1284 3508 1340 Occidentalibus
3538 1285 3809 1352 consilio,

2162 1375 2311 1430 tradi
2340 1375 2400 1430 in
2426 1375 2657 1430 Oriente
2688 1375 2944 1447 primum
2975 1374 3148 1446 cmpit
3177 1373 3237 1427 in
3270 1372 3621 1445 baptismate
3644 1373 3809 1446 Sym-

2163 1464 2362 1520 bolum
2428 1467 2741 1532 Nicwnum,
2810 1463 3011 1519 relicto
3075 1462 3400 1534 apostolico,
3469 1478 3534 1517 ac
3599 1462 3811 1518 deinde

2166 1553 2848 1625 Constantinopolitanum,
2880 1552 3080 1607 relicto
3109 1551 3336 1605 Nicaano
3372 1567 3386 1605 :
3440 1551 3594 1623 quod
3627 1550 3806 1606 etiam

2162 1642 2315 1697 inter
2343 1659 2521 1697 sacrae
2557 1642 2828 1714 Liturgiae
2861 1645 3054 1712 partes
3087 1639 3337 1694 relatum
3368 1643 3475 1695 est.
3512 1641 3636 1694 Haec
3666 1656 3811 1712 age-

2164 1748 2223 1785 re
2271 1731 2665 1786 Orientalibus
2710 1730 2895 1795 licuit,
2928 1730 3065 1784 sede
3115 1729 3376 1783 Romana
3423 1727 3803 1784 inconsulta:

2164 1836 2353 1891 neque
2382 1825 2576 1875 tamen
2605 1821 2774 1875 sedes
2805 1820 2935 1891 ipsa
2965 1819 3226 1873 Romana
3258 1832 3429 1872 suam
3462 1816 3609 1887 ipsis
3640 1833 3805 1871 com-

2163 1909 2501 1964 munionem
2544 1909 2770 1974 negavit
2814 1923 3095 1979 unquam.
3129 1906 3246 1961 Cur
3296 1905 3419 1977 pari
3462 1905 3596 1976 jure
3642 1904 3806 1960 Occi-

2162 1997 2425 2053 dentales
2479 1997 2747 2053 Ecclesiae
2805 2013 2918 2052 non
2977 1994 3332 2050 uterentur?
3386 1994 3501 2049 Cur
3556 1994 3809 2048 voculam

2159 2102 2329 2141 unam
2358 2090 2525 2141 rectae
2557 2085 2687 2140 ﬁdei
2726 2100 3065 2153 consonam,
3102 2100 3229 2155 quae
3258 2082 3383 2154 pari
3417 2083 3553 2152 jure
3583 2099 3685 2154 pro
3718 2099 3806 2138 re-

2161 2192 2291 2229 rum
2322 2174 2777 2230 circumstantiis
2797 2173 2969 2244 adjici
3003 2172 3209 2245 potuit,
3233 2187 3298 2226 ac
3330 2171 3608 2243 deinceps
3644 2176 3805 2242 pote-

2161 2264 2255 2334 rit,
2291 2262 2594 2317 scissionis
2623 2266 2963 2333 praetextum
2998 2261 3182 2316 fecere
3222 2258 3447 2314 Graeci?

2232 2352 2385 2408 226
2419 2357 2487 2406 At
2521 2353 2814 2406 Romanus
2845 2350 3082 2404 demum
3116 2348 3371 2420 pontifex
3398 2347 3544 2401 votis
3596 2346 3805 2402 annuit

2160 2443 2483 2496 Latinorum
2512 2440 2942 2512 episcOporum,
2978 2442 3042 2491 ut
3070 2437 3129 2491 in
3160 2435 3486 2492 Occidentis
3516 2435 3805 2489 duntaxat

2160 2528 2430 2584 Ecclesiis
2454 2545 2562 2585 vox
2589 2527 2839 2598 Filioque
2868 2527 3209 2581 recitaretur
3236 2525 3295 2579 in
3324 2521 3596 2597 Symbolo
3631 2540 3643 2576 :
3695 2522 3803 2577 ad-

2151 2618 2488 2689 jectamque
2517 2631 2715 2673 vocem
2752 2616 2883 2687 ipsa
2913 2616 3175 2670 Romana
3203 2612 3443 2668 admisit
3473 2628 3580 2667 sua
3609 2612 3668 2665 in
3702 2612 3806 2666 Ec-

2159 2705 2354 2772 clesia,
2389 2708 2579 2776 prisco
2618 2721 2780 2759 more
2824 2702 3024 2759 relicto
3058 2721 3071 2758 :
3126 2704 3471 2773 decretoque
3520 2698 3701 2763 nullo,
3738 2703 3805 2753 ut

2159 2794 2311 2849 idem
2343 2800 2704 2866 peragerent,
2738 2793 2966 2850 Graecos
3018 2791 3281 2863 aliosque
3332 2788 3655 2845 Orientales
3705 2804 3803 2843 as-

2159 2883 2381 2938 trinxit.
2431 2885 2490 2938 In
2542 2882 2763 2954 synodo
2816 2878 3191 2953 Lugdunensi
3240 2877 3612 2944 moumenica,
3646 2892 3801 2932 anno

2161 2971 2299 3025 1274
2328 2970 2636 3035 celebrata,
2672 2968 2858 3023 Latini
2890 2967 3187 3039 simulque
3230 2967 3412 3022 Graeci
3460 2966 3618 3020 intra
3664 2964 3803 3021 Mis-

2161 3075 2361 3114 sarum
2391 3057 2679 3113 solemnia
2707 3055 2965 3113 cecinere
2994 3056 3253 3128 quidem,
3286 3057 3397 3123 Qui
3422 3071 3493 3110 ea:
3518 3055 3684 3109 Patre
3711 3054 3802 3107 Fi-

2162 3149 2344 3220 lioque
2368 3147 2629 3219 procedit,
2664 3151 2729 3202 ut
2775 3162 2952 3201 unam
3003 3147 3309 3215 utriusque
3350 3142 3615 3199 Ecclesiae
3663 3157 3802 3197 con-

2160 3236 2419 3291 cordiam
2448 3236 2508 3291 in
2539 3236 2653 3291 ﬁde
2684 3236 3093 3307 profiterentur
3125 3249 3137 3288 :
3191 3238 3252 3288 at
3295 3231 3561 3288 Michaeli
3595 3230 3803 3286 Palea-

2162 3325 2293 3397 logo
2342 3324 2682 3396 imperatori
2736 3339 2852 3378 non
2910 3322 3118 3377 abnuit
3171 3321 3470 3377 Romanus
3522 3319 3799 3391 pontifex,

411 3411 501 3468 las
550 3392 691 3469 istas
738 3414 871 3469 ﬁdei
918 3392 1302 3486 particulares
1349 3432 1497 3485 esse,
1532 3436 1646 3473 non
1686 3392 2049 3478 communes.
2083 3392 2125 3458 Ο
2164 3392 2483 3485 Ρο-εὶυιαη-ὶί
2531 3422 2592 3468 ιιι
2637 3412 2877 3468 Εεειεδὶα
2920 3428 3022 3466 sua
3068 3410 3439 3482 (Oriente-“9)
3485 3408 3805 3480 Symbolum

407 3500 624 3556 Verum
672 3502 965 3558 enimvero
1014 3506 1131 3575 tegi
1154 3505 1464 3578 Ephesium,
1497 3507 1545 3561 si
1584 3508 1893 3565 verborum
1934 3511 2034 3565 ad-

411 3589 632 3645 haerens
661 3590 860 3663 rigori,
888 3593 1271 3649 adversantur
1299 3595 1437 3667 ipsae
1461 3614 1474 3651 :
1509 3613 1722 3668 easque
1754 3597 2049 3654 nihilomi-

411 3694 546 3743 nus,
580 3696 720 3750 pace
746 3685 805 3734 et
850 3682 1073 3735 unitate
1107 3682 1285 3753 salva,
1318 3685 1389 3739 ad
1423 3701 1485 3738 se
1515 3692 1718 3741 mutuo
1751 3688 2053 3742 transmit-

409 3766 612 3822 tebant
657 3768 933 3840 episcopi,
958 3768 1152 3841 ‘neque
1199 3774 1406 3840 synodi
1454 3775 1816 3828 secumenica:
1867 3776 1937 3829 ad
1991 3792 2053 3831 se

412 3854 634 3910 delatas
693 3857 1049 3927 rejiciebant.
1096 3859 1288 3916 Minus
1348 3864 1549 3933 utique
1604 3867 1808 3918 contra
1864 3864 2052 3936 legem

411 3943 759 4014 Ephesinam
792 3946 1085 4018 piaculum
1117 3949 1360 4016 videtur,
1395 3951 1443 4005 si
1492 3952 1645 4022 quod
1691 3956 1863 4018 esset,
1897 3952 2053 4023 quod

412 4030 641 4087 nullum
673 4040 781 4099 est,
813 4052 928 4091 una
964 4053 1105 4108 voce,
1140 4043 1305 4093 rectae
1336 4039 1469 4093 ﬁdei
1502 4056 1777 4110 consona,
1810 4058 1875 4096 ac
1904 4048 2052 4096 tem-

412 4138 621 4193 porum
646 4122 1101 4181 circumstantiis
1132 4128 1513 4195 convenienti,
1535 4128 1875 4201 Symbolum
1905 4129 2051 4185 Con-

413 4211 1000 4284 stantinopolitanum
1035 4215 1286 4270 auxisse.
1316 4216 1424 4271 Sed
1460 4217 1754 4288 piaculum
1780 4218 2057 4273 amolitur

414 4314 605 4366 omne,
638 4316 766 4371 quae
816 4302 1010 4374 vigere
1061 4309 1252 4375 potest
1304 4304 1361 4357 in
1412 4305 1683 4361 Ecclesiis
1731 4305 2053 4377 disciplina:

410 4387 708 4444 variabilis
739 4390 908 4457 ratio,
941 4408 1118 4462 quam
1151 4408 1388 4447 summa
1423 4392 1679 4464 postulet
1706 4394 1892 4465 ipsius
1921 4393 2055 4449 fidei

413 4476 823 4533 conﬁrmanda!
854 4481 1232 4552 tutandaeque
1260 4498 1458 4536 causa.

484 4565 592 4636 Agi
622 4567 875 4640 denique
907 4568 1186 4640 inquiunt
1217 4570 1288 4625 de
1325 4570 1620 4642 Symbolo,
1654 4573 1809 4643 quod
1859 4577 1949 4627 est
1995 4572 2055 4627 in

415 4652 669 4710 Ecclesia
705 4673 1048 4713 commune:
1097 4659 1358 4730 adeoque
1408 4675 1523 4713 non
1572 4659 1682 4729 ipsi
1733 4659 2054 4731 quidquam

2159 3519 2372 3575 semper
2415 3502 2583 3569 dicat,
2611 3504 2773 3573 prout
2821 3500 3033 3556 dicebat
3079 3498 3221 3555 illud
3263 3503 3390 3555 ante
3431 3496 3672 3553 schisma
3708 3512 3805 3551 us-

2159 3608 2261 3663 que
2289 3594 2349 3646 in
2381 3591 2712 3646 hodiernum
2739 3588 2907 3645 diem.
2941 3589 3223 3643 Dixerunt
3251 3602 3484 3658 quoque
3526 3585 3585 3639 in
3634 3600 3808 3656 syno-

2160 3682 2233 3735 do
2272 3680 2604 3735 Florentina
2643 3678 2821 3733 Graeci
2874 3677 3133 3733 sessione
3179 3677 3270 3742 25,
3303 3682 3665 3747 repugnante
3698 3673 3805 3728 La-

2159 3770 2415 3825 tinorum
2466 3768 2744 3823 nemine:
2796 3766 3139 3822 Additionem
3186 3780 3535 3835 nequaquam
3580 3762 3805 3818 omnino

2158 3875 2256 3914 nos
2284 3859 2582 3929 recipimus
2613 3874 2633 3911 :
2673 3856 2765 3911 sed
2791 3854 3136 3910 concedimus
3164 3855 3335 3923 vobis,
3366 3856 3429 3907 ut
3455 3867 3576 3907 eam
3601 3851 3804 3906 habea-

2160 3950 2229 4002 tis
2281 3949 2344 4001 in
2390 3946 2645 4002 Ecclesiis
2694 3946 2902 3999 vestris.
2937 3947 3071 4010 Quae
3116 3946 3465 4013 sequuntur,
3498 3939 3674 3995 aﬁ‘ero
3705 3939 3802 3993 de-

2161 4052 2323 4091 mum
2353 4035 2615 4107 ipsorum
2644 4037 2974 4088 Graecorum
3004 4031 3179 4087 verba
3207 4047 3221 4086 :
3276 4053 3302 4080 «
3337 4029 3616 4095 Dicimus,
3649 4029 3807 4099 Sym-

2160 4124 2362 4181 bolum
2414 4141 2448 4179 a
2495 4122 2657 4178 vobis
2711 4120 2995 4193 (Latinis)
3044 4119 3399 4191 explicatum
3458 4117 3805 4173 necessitate

2161 4217 2402 4284 cogente
2438 4229 2450 4266 :
2497 4215 2554 4267 et
2583 4226 2781 4265 vocem
2813 4208 2996 4274 illam,
3028 4224 3101 4264 ex
3128 4208 3293 4274 Filio,
3324 4223 3441 4262 non
3470 4221 3599 4261 esse
3627 4205 3804 4260 aliam

2160 4303 2343 4374 ﬁdem,
2373 4305 2476 4357 aut
2505 4300 2741 4371 aliquod
2766 4298 3231 4353 additamentum
3252 4295 3411 4368 (fidei
3440 4293 3802 4362 adversum),

2162 4392 2263 4447 sed
2313 4389 2491 4462 piam,
2540 4392 2597 4443 et
2646 4386 2827 4441 nostri
2876 4384 3130 4459 Symboli
3178 4383 3698 4455 explanationem;
3748 4387 3809 4437 et

2161 4496 2290 4535 esse
2321 4483 2637 4548 utrumque
2667 4474 3012 4546 Symbolum
3042 4473 3228 4545 pium,
3260 4476 3319 4527 et
3356 4471 3620 4541 eiusdem
3671 4486 3805 4526 sen-

2163 4568 2379 4635 tentiae,
2413 4572 2479 4620 ut
2521 4569 2580 4620 in
2622 4563 2877 4619 Ecclesia
2906 4562 3170 4617 Romana
3198 4560 3473 4616 recitatur
3502 4559 3675 4615 sicuti
3705 4574 3807 4614 vos

2163 4656 2379 4721 dicitis,
2410 4661 2468 4710 et
2514 4653 2570 4707 in
2618 4650 2897 4708 Orientali
2929 4654 2994 4705 ut
3023 4667 3130 4706 nos
3160 4649 3453 4717 dicimus;
3501 4653 3677 4719 atque
3728 4648 3813 4703 ita

415 4740 589 4811 adjici
640 4761 672 4797 a
711 4748 971 4801 Romano
1024 4747 1294 4818 pontiﬁce
1340 4747 1633 4817 debuisse,
1667 4749 2055 4819 praetermisso
2085 4766 2131 4829 D
2163 4746 2486 4802 faciendam
2521 4742 2818 4797 unionem.
2845 4761 2874 4789 ››
2908 4739 3071 4795 Faxit
3098 4739 3272 4806 Deus,
3296 4742 3362 4793 ut
3388 4737 3808 4793 inconcussum

415 4835 752 4888 caterorum
784 4835 1247 4905 patriarcharum
1281 4835 1546 4892 consilio.
1578 4838 1651 4891 At
1696 4837 1902 4908 primis
1951 4837 2051 4891 Ec-

412 4915 600 4973 clesia:
649 4921 900 4980 saeculis.
954 4925 1325 4994 apostolorum
1372 4924 1648 4996 Symbolo,
1698 4926 1853 4995 quod
1904 4925 2049 4981 inte-

411 5011 698 5062 meratum
734 5011 1000 5066 servabat
1028 5011 1289 5068 Romana
1322 5013 1598 5079 Ecclesia,
1632 5029 1797 5069 voces
1851 5013 2048 5086 plures

2163 4834 2297 4889 ﬁdei
2327 4834 2541 4904 dogma
2579 4828 2751 4885 docili
2782 4830 3021 4883 demum
3054 4831 3250 4883 mente
3277 4825 3570 4897 excipiant
3599 4823 3804 4893 Graeci,

2160 4927 2219 4979 et
2254 4920 2552 4977 innoxiam
2598 4919 2669 4973 ad
2716 4916 3053 4990 Symbolum
3085 4914 3443 4971 additionem
3473 4913 3807 4986 intelligant

2161 5028 2228 5068 ac
2262 5011 2662 5083 proﬁteantur.
