4118 6438
289 338 406 397 229
1252 331 1583 393 SCRIPTA
1627 330 2195 391 APOLOGETICA.
2228 360 2305 372 —-
2336 326 2732 389 MONITUM.
3573 336 3692 395 230

286 467 631 525 clericorurn
691 473 746 522 et
802 465 1235 529 monachorum,
1295 479 1521 519 necnon
1582 477 1877 533 procorum
1935 459 2181 531 imperii,
2235 475 2425 515 coram
2474 461 2809 529 imperatore
2872 467 3018 516 coetu
3088 477 3183 517 seu
3259 465 3524 534 concilio,
3597 469 3690 524 cui

284 557 584 623 Gregorius
649 556 772 624 ipse
837 553 1496 623 Constantinopolitanus
1549 559 1603 607 et
1657 551 1997 605 Athanasius
2054 549 2468 603 Alexandrinus
2525 554 2820 618 praeerant,
2875 549 3130 604 accersiti
3190 551 3402 608 Beccus
3460 555 3692 627 ejusque

281 645 420 701 socii
459 644 875 699 Constantinus
912 642 1249 698 Melitiniota
1315 648 1367 695 et
1443 640 1714 710 Georgius
1779 637 2241 702 Melochita,deo
2270 636 2511 705 Spiritus
2576 637 2754 690 sancti
2819 640 3179 708 processione
3243 640 3688 711 disputaverunt.

282 736 536 802 Cumque
576 738 781 802 praeter
820 731 1122 801 quemdam
1160 727 1400 798 Nysseni
1440 727 1691 795 Gregorii
1732 727 1908 782 locum

2062 742 2090 781 0
2130 726 2373 795 Spiritus
2415 719 2503 775 διὰ
2530 726 2627 776 τοῦ
2659 727 2968 799 προσεχῶς,
3026 742 3128 795 per
3186 729 3347 784 illum
3404 734 3505 804 qui
3557 750 3688 801 pro-

280 826 430 878 xime
469 824 521 876 et
568 828 840 891 contigue
897 824 980 875 est
1037 835 1110 873 ea:
1162 823 1336 874 Patre
1386 817 1699 888 procedere
1763 815 1988 878 dicitur,
2056 815 2293 868 alterum
2351 829 2416 867 ex
2470 812 2690 868 Joanne
2747 813 3095 870 Damasccno
3156 819 3537 891 protulissent,
3581 839 3689 893 quo

282 911 552 967 asseritur
592 913 760 964 Pater
818 903 907 960 διὰ
943 904 1120 980 Λόγου
1164 899 1467 980 προϐολεὺς
1508 902 1893 979 ἐκφαντορικοῦ

2064 900 2317 973 ὖματος,·
2353 917 2459 970 per
2514 901 2750 956 Verbum
2799 918 2913 957 esse
2958 904 3379 978 mani/astantis
3432 908 3690 977 Spiritus

281 1000 631 1072 productor;
692 998 898 1068 hicque
938 996 1218 1067 genuinus
1257 1003 1311 1050 et
1348 996 1603 1050 sincerus
1641 1002 1785 1049 esset
1821 992 2066 1063 agnitus,
2111 1006 2291 1061 neque
2329 993 2397 1045 de
2436 991 2794 1061 processione
2831 992 2940 1046 alia
3008 1008 3172 1062 quam
3214 996 3281 1049 de
3346 1001 3690 1068 sempiterna

288 1087 696 1158 intelligendus
735 1086 971 1156 veniret,
1012 1083 1075 1139 in
1113 1084 1287 1138 miras
1324 1083 1586 1153 ambages
1623 1081 1987 1137 schismatici
2027 1080 2285 1135 conclusi
2324 1087 2475 1133 sunt.
2542 1078 2830 1133 Conventu
2898 1080 3080 1136 soluto
3145 1098 3218 1137 ne
3282 1087 3495 1141 Beccus
3560 1103 3690 1144 cum

291 1179 397 1231 suis
461 1176 670 1231 vicisse
738 1174 1040 1237 videretur,
1110 1171 1443 1243 patriarchae
1507 1171 1774 1240 Gregorio
1832 1170 1960 1224 data
1997 1167 2288 1239 provincia
2350 1174 2436 1221 cst
2502 1166 2681 1221 libelli
2773 1170 3078 1240 condendi,
3166 1186 3275 1240 quo
3363 1174 3693 1233 Damasceni

287 1265 499 1320 dictum
535 1281 572 1319 a
611 1262 780 1318 Becci
820 1269 873 1317 et
911 1261 1240 1316 Latinorum
1278 1259 1556 1315 sententia
1622 1259 1875 1314 alienum
1907 1258 2318 1320 ostenderetur,
2385 1254 2896 1324 conciliareturque
2960 1272 3092 1313 cum
3158 1259 3280 1314 istis
3344 1261 3471 1318 aliis
3535 1265 3691 1335 ejus-

285 1354 409 1408 dem
448 1352 707 1408 doctoris
748 1350 954 1418 verbis,
996 1348 1091 1402 Ἐκ
1119 1344 1176 1401 δὲ
1204 1348 1332 1401 Υἱοῦ
1358 1347 1422 1401 τὸ
1452 1349 1670 1418 Πνεῦμα
1700 1343 1762 1400 οὐ
1792 1344 1911 1420 λέγο

2112 1346 2207 1399 Ex
2270 1343 2420 1401 Filio
2468 1346 2663 1399 autem
2690 1343 2968 1413 Spiritum
2995 1362 3108 1401 non
3136 1348 3398 1406 dicimus.
3438 1353 3692 1424 Scriptus

285 1458 315 1495 a
349 1441 562 1513 Cyprio
604 1447 814 1505 tomus,
854 1440 917 1496 in
958 1438 1195 1495 ecclesia
1234 1438 1413 1495 lectus
1450 1438 1575 1505 fuit,
1644 1452 1812 1508 quem
1878 1436 2201 1506 imperator,
2270 1439 2324 1488 et
2362 1433 2481 1503 ipse
2542 1433 2880 1503 patriarcha,
2948 1437 3328 1509 nonnullique
3391 1438 3487 1495 alii
3555 1442 3690 1499 sub-

293 1528 713 1599 scriptionibus
777 1528 897 1583 suis
963 1530 1336 1595 munierunt;
1413 1525 1608 1581 multis
1673 1532 1860 1581 tamen
1919 1522 2348 1594 refragantibtts,
2415 1522 2511 1592 qui
2568 1537 2673 1577 nec
2735 1522 2908 1577 minis
2963 1539 3065 1580 nec
3128 1529 3422 1584 tormentis
3488 1531 3692 1589 adduci

282 1626 595 1691 potuerunt
663 1624 721 1673 ut
781 1615 1224 1673 subscriberent.
1284 1616 1534 1679 Quorum
1598 1615 1909 1670 renitentiae
1952 1612 2072 1667 haec
2127 1626 2293 1667 causa
2332 1619 2471 1676 erat,
2512 1611 2656 1682 quod
2715 1611 2775 1666 in
2816 1618 2967 1667 torno
3040 1616 3448 1686 enuntiaretur,
3511 1624 3695 1692 priore

284 1706 627 1762 Damasceni
696 1706 821 1762 loco
886 1704 1200 1773 signiﬁcari
1264 1708 1491 1760 Patrem
1555 1719 1676 1760 esse
1740 1701 1985 1772 Spiritus
2050 1716 2149 1770 per
2208 1698 2455 1756 Verbum
2519 1701 2935 1770 productorem,
3004 1717 3119 1758 non
3182 1712 3240 1759 ut
3302 1707 3539 1777 Spiritus
3597 1731 3695 1785 per

280 1796 529 1852 Verbum
570 1795 825 1865 exsistat,
866 1796 962 1850 sed
1005 1801 1065 1850 ut
1102 1811 1201 1864 per
1238 1794 1380 1849 illud
1420 1793 1701 1863 elfulgeat.
1744 1792 1923 1848 Verba
1961 1790 2167 1861 quippe
2207 1789 2345 1845 tomi
2404 1789 2524 1844 haec
2562 1796 2742 1859 erant,
2785 1803 2910 1860 quae
2969 1791 3134 1847 refert
3171 1792 3281 1849 Leo
3340 1796 3582 1856 Allatius
3637 1806 3695 1861 in

287 1885 551 1941 Vindicis
617 1884 758 1955 Syn.
826 1882 1035 1952 Ephes.
1092 1898 1216 1952 cap.
1276 1883 1366 1947 60,
1410 1898 1477 1937 ex
1539 1887 1680 1937 orat.
1714 1881 1746 1933 4
1797 1879 1913 1935 JOSt

2068 1878 2338 1947 Bryennii
2366 1877 2435 1933 de
2472 1878 2781 1933 Trinitate:
2824 1875 2888 1930 Εἰ
2926 1875 3015 1930 καὶ
3046 1878 3149 1954 γὰρ
3182 1876 3271 1934 διὰ
3297 1887 3394 1936 τοῦ
3425 1886 3551 1940 rte-3
3590 1911 3694 1945 πα-

288 1971 348 2046 ρά
403 1991 522 2024 τισι
581 1974 695 2023 τῶν
756 1968 923 2044 ἁγίων
970 1968 1346 2042 ἐκπορεύεσθαι
1402 1968 1465 2021 τὸ
1522 1971 1738 2039 Πνεῦμα
1763 1968 1825 2020 τὸ
1884 1966 2037 2019 ἅλιον
2070 1961 2427 2039 εἷ’ρηται,τὴν
2487 1964 2560 2026 εἷς
2617 1962 2790 2019 ἀΐδιον
2846 1959 3154 2043 ἔκφανσινὴ
3190 1966 3333 2039 λέξις
3364 1971 3602 2049 ἐνταῦθα,
3632 1979 3696 2033 οὐ

282 2062 375 2129 τήν
410 2059 491 2121 εἰς
520 2059 587 2112 τὸ
621 2058 756 2113 εἶναι
787 2059 1037 2133 καθαρῶς
1068 2056 1349 2130 σημαίνειν
1383 2055 1635 2132 βούλεται
1663 2077 1675 2089 ·
1721 2059 1867 2112 Licet

2067 2095 2070 2103 λ
2124 2056 2269 2127 apud
2313 2058 2524 2111 sanctos
2570 2057 2779 2127 aliquos
2819 2074 2920 2127 per
2972 2058 3179 2113 Filium
3227 2066 3518 2132 procedere
3569 2069 3693 2141 Spi-

284 2153 461 2206 ritum
478 2155 753 2205 sanctum
783 2148 1357 2219 afﬁrmetur,dictum
1384 2148 1491 2204 hoc
1505 2162 1878 2220 progressum
1908 2146 1969 2201 in
1986 2154 2264 2201 aeternam
2286 2146 2765 2216 e/fulsz'onemmon
2785 2146 2862 2201 ad
2891 2146 2997 2201 hoc
3017 2153 3080 2201 ut
3108 2150 3352 2221 sit,purc
3379 2163 3430 2209 et
3453 2160 3693 2227 proprie

285 2239 621 2310 significat:
661 2238 773 2292 alia
798 2237 979 2293 libelli
1017 2237 1268 2308 ejusdem
1309 2244 1569 2309 excerpta
1611 2243 1733 2306 post
1762 2235 2112 2304 Bryennium
2150 2234 2388 2289 Allatius
2424 2235 2578 2289 addit
2631 2235 2689 2289 in
2720 2236 2981 2290 ettmdem
3013 2251 3245 2294 sensum
3274 2247 3691 2305 convenientia.

289 2328 442 2383 Plura
482 2343 629 2383 vero
672 2326 781 2397 legi
821 2333 1059 2398 possunt
1098 2327 1246 2398 apud
1288 2326 1552 2391 Beccum,
1585 2325 1682 2395 qui
1736 2324 1925 2395 Cyprii
1981 2331 2198 2378 tonsum
2258 2321 2548 2395 opusculis
2586 2323 2808 2377 duobus
2846 2324 3176 2395 confutavit,
3224 2343 3347 2398 quae
3387 2340 3601 2390 exstant
3634 2339 3692 2393 in

292 2417 535 2473 secundo
568 2415 867 2472 volumine
918 2415 1150 2471 Graecia:
1186 2414 1528 2472 orthodoxa
1566 2414 1664 2487 (1).
1728 2414 1835 2478 Qui
1866 2412 2195 2484 patriarchae
2229 2416 2447 2467 tomum
2486 2411 2901 2480 improbabant,
2951 2428 3069 2468 non
3127 2417 3444 2486 capiebant,
3513 2424 3693 2494 inquit

296 2506 691 2574 Pachymeres,
752 2504 885 2575 quid
943 2505 1169 2560 tandem
1226 2503 1575 2560 discriminis
1633 2511 1781 2558 esset
1847 2503 1994 2558 inter
2059 2502 2486 2572 productionem
2544 2500 2785 2570 Spiritus
2851 2503 3031 2557 sancti
3096 2505 3166 2559 ad
3203 2507 3580 2584 existentiam,
3640 2523 3694 2572 et

299 2594 712 2663 processionem
742 2593 813 2648 ad
867 2593 1269 2662 sempiternam
1326 2591 1943 2663 exsplendescentiam:
1990 2606 2056 2646 eo
2110 2592 2354 2645 maxime
2393 2591 2541 2660 quod
2582 2588 2846 2645 Ecclesiae
2902 2591 3162 2648 doctores
3218 2596 3537 2656 divinarum
3567 2619 3695 2673 per-

296 2697 555 2737 sonarum
650 2678 778 2735 Filii
844 2687 899 2735 et
955 2680 1204 2751 Spiritus
1268 2680 1449 2737 sancti
1529 2681 1915 2736 emanationes
1967 2695 2034 2735 ex
2106 2678 2263 2733 Patre
2320 2693 2417 2733 seu
2494 2678 2880 2748 processiones
2962 2676 3236 2755 ἐκφάνσεις
3302 2684 3694 2766 eﬂ'ulgenttas,

296 2768 631 2841 plerumque
690 2768 1041 2825 vocitarent:
1103 2770 1256 2825 unde
1319 2768 1415 2836 illi,
1458 2768 1899 2838 concludebant,
1952 2768 2136 2822 datam
2198 2783 2232 2821 a
2299 2766 2566 2836 Gregorio
2621 2767 3030 2837 expositionem
3116 2770 3437 2831 Latinorum
3513 2794 3697 2841 cause:

294 2858 472 2915 favere
536 2856 744 2928 magis.
796 2872 965 2927 quam
1022 2872 1246 2913 nocere.
1301 2856 1525 2911 Editum
1566 2856 1735 2927 igitur
1800 2861 1996 2912 contra
2059 2870 2120 2910 se
2168 2865 2400 2918 tomum,
2442 2854 2541 2910 ubi
2598 2854 2841 2924 primum
2882 2856 3089 2913 Beccus
3123 2861 3360 2930 accepit,
3410 2866 3697 2929 calamum

286 2947 561 3002 adversus
597 2944 767 3000 illum
798 2945 1040 3016 strinxit,
1073 2961 1157 3015 ac,
1190 2952 1394 3016 praeter
1431 2947 1871 3014 Byzantinorum
1928 2959 2106 3014 spem,
2167 2945 2262 3013 qui
2318 2941 2464 2999 nihil
2521 2943 2632 2999 nisi
2692 2943 3007 3000 inconditas
3067 2948 3302 3005 furentis
3355 2955 3533 3011 animi
3597 2976 3697 3017 vo-

286 3050 377 3089 ces
428 3034 503 3089 ab
562 3049 631 3090 eo
690 3033 1167 3103 praestolarentur,
1225 3033 1571 3089 solidissima
1634 3032 2024 3113 confutatione
2091 3047 2316 3088 crucem
2372 3031 2708 3088 adversariis
2784 3032 2933 3100 ﬁxit,
2990 3040 3315 3107 tantamque
3364 3045 3699 3111 patriarcha:

292 3123 667 3179 schismatico
745 3124 1010 3180 conﬂavit
1076 3122 1426 3193 individiam,
1487 3129 1547 3177 ut
1603 3137 1802 3178 omnes
1856 3119 2019 3177 illum
2075 3121 2137 3175 in
2181 3120 2363 3191 ipsius
2407 3121 2641 3176 Joannis
2696 3121 2881 3189 Becci,
2941 3123 3101 3192 cujus
3148 3123 3283 3182 olim
3342 3132 3529 3188 socius
3583 3135 3703 3193 fue-

295 3219 397 3279 rat,
458 3211 807 3268 sententiam
837 3211 1192 3282 conspirasse
1221 3211 1645 3266 arbitrarentur.
1697 3210 1810 3267 Nec
1840 3210 1911 3265 ab
1942 3225 2001 3265 re
2038 3209 2260 3280 quidem
2291 3233 2305 3275 ;
2337 3210 2544 3279 quippe
2597 3224 2747 3280 cum,
2781 3216 2983 3280 praeter
3039 3211 3137 3266 illa
3188 3229 3314 3283 quae
3365 3228 3487 3287 post
3544 3222 3702 3280 Alla-

288 3301 435 3356 tium
460 3300 657 3366 attuli,
694 3300 870 3356 alium
901 3316 1128 3355 sensum
1177 3316 1295 3355 non
1326 3300 1564 3355 reddant
1608 3299 1783 3354 altera
1839 3299 1958 3354 haec
2004 3298 2141 3353 tomi
2199 3298 2364 3353 verba
2412 3313 2533 3369 qua:
2563 3299 2709 3368 apud
2745 3302 2985 3354 Beceum
3034 3300 3295 3371 leguntur
3350 3308 3623 3367 oratione.
3682 3313 3705 3366 Ι

284 3384 448 3443 Α).λᾶ
481 3384 555 3441 δι’
593 3387 727 3440 Υἱοῦ
752 3386 841 3440 καὶ
872 3384 923 3457 ἐξ
952 3388 1081 3440 Υἲοῦ
1111 3391 1346 3463 φυσικῶς
1382 3386 1664 3462 ὑπάρχειν,
1700 3384 1961 3459 οὐμενοῦν
1994 3382 2063 3440 δι’
2089 3386 2218 3439 Υἱοῦ
2247 3384 2335 3439 καὶ
2368 3384 2419 3455 ἐξ
2451 3386 2578 3439 Υἱοῦ
2607 3385 2696 3439 καὶ
2728 3384 2776 3457 ἐξ
2833 3386 2959 3440 Υἱοῦ
3007 3388 3104 3456 τὴν
3163 3387 3384 3466 ὕπαρξιν
3445 3391 3590 3471 ἔχειν
3650 3399 3702 3453 οἱ

282 3474 574 3547 εἰρηκότες
631 3474 866 3550 Πατέρες
920 3475 985 3529 τὸ
1042 3479 1262 3548 Πνεῦμα
1317 3472 1556 3552 ἔφησαν·
1617 3478 1807 3531 Patres
1866 3476 1908 3531 d1

2079 3478 2131 3530 ut
2201 3476 2472 3548 Spiritum
2523 3492 2622 3547 per
2675 3476 2876 3531 Filium
2931 3484 2981 3531 et
3035 3494 3105 3533 ea:
3159 3480 3307 3536 Filio
3362 3488 3705 3545 naturaliter

283 3567 543 3621 existere
572 3583 593 3619 :
621 3581 739 3621 non
769 3566 907 3621 item
933 3583 1038 3635 per
1060 3564 1280 3623 Filium
1310 3574 1368 3620 et
1394 3583 1466 3620 ea:
1488 3566 1633 3621 Filio
1662 3566 2033 3621 existentiam
2065 3565 2302 3621 habere.
2339 3566 2507 3629 Quasi
2535 3582 2662 3620 vero
2696 3581 2804 3636 per
2844 3567 3053 3621 Filium
3106 3584 3183 3623 ex
3243 3572 3389 3628 Filio
3454 3579 3703 3634 existere

286 3671 403 3710 non
444 3656 603 3710 idem
645 3662 826 3722 sonet,
859 3662 1048 3725 atque,
1079 3669 1185 3723 per
1213 3656 1430 3711 Filium
1457 3664 1513 3709 et
1542 3671 1617 3710 ea:
1648 3654 1803 3710 Filio
1831 3655 2195 3710 existentiam
2245 3655 2481 3725 habere,
2531 3663 2662 3723 elc.,
2723 3656 2843 3711 vice
2894 3672 3070 3713 versa.
3132 3660 3275 3723 Quid
3334 3662 3703 3723 distinctione

284 3745 391 3800 ista
450 3744 743 3800 stolidum.
784 3744 962 3813 magis
1022 3743 1326 3812 excogitari
1384 3743 1605 3814 possit?
1661 3744 1898 3814 Legatur
1964 3743 2173 3800 Beccus
2228 3750 2265 3798 t.
2344 3743 2413 3809 II,
2475 3742 2649 3799 Graec.
2720 3744 2975 3813 orthod.,
3034 3762 3158 3819 pag.
3209 3751 3337 3805 232.
3397 3752 3517 3809 Alia
3572 3772 3702 3813 vero

288 3848 516 3889 rursum
569 3848 639 3888 ex
709 3834 904 3888 eodem
944 3841 1095 3888 torno
1140 3833 1403 3903 pessimae
1440 3833 1714 3888 doctrina:
1754 3833 1919 3903 plena
1958 3840 2217 3888 strenuus
2255 3832 2363 3914 iste
2400 3832 2483 3886 rei
2521 3830 2812 3887 catholicae
2852 3832 3119 3891 defensor
3174 3843 3226 3892 et
3268 3845 3536 3908 patronus
3576 3858 3701 3900 car-

286 3922 386 3992 pit,
430 3936 681 3991 quorum
724 3921 829 3977 hoc
866 3939 981 3992 pra:
1018 3922 1233 3977 caeteris
1273 3922 1511 3977 minime
1548 3922 2091 3993 praetermittendum
2132 3921 2350 3977 censui.
2408 3921 2636 3977 Scilicet
2693 3921 2876 3977 aiebat
2933 3922 3207 3995 Cyprius:
3268 3924 3448 3996 Μηδὲν
3514 3930 3698 3985 καινὸν

290 4007 418 4061 eivs:
485 4004 631 4079 μηδὲ
705 4014 805 4076 τῆς
885 4013 994 4063 τῶν
1083 4013 1306 4086 Γραφῶν
1392 4008 1674 4078 συνηθείας
1735 4006 2049 4081 ἀλλότριον,
2109 4007 2195 4062 ἐὰν
2252 4008 2316 4061 τὸ
2373 4008 2737 4079 πνευματικὸν
2822 4008 3069 4084 χάρισμα
3150 4013 3298 4088 ἅγιον
3388 4017 3703 4090 ὁμωνύμως

288 4100 509 4167 Πνεῦμα
566 4095 847 4150 καλεῖται·
905 4096 995 4151 καὶ
1076 4097 1174 4165 τήν
1263 4095 1533 4172 ἐνέργειαν
1622 4092 1759 4151 ἔστιν
1849 4095 1937 4151 ὅτε
1995 4096 2321 4159 οἰκειοῦσθαι
2407 4097 2506 4165 τήν
2563 4099 2661 4150 τοῦ
2718 4094 3060 4172 ἐνεργοῦντος
3121 4098 3337 4171 κλῆσιν,
3389 4104 3463 4166 ὡς
3514 4107 3549 4175 ἡ
3604 4110 3703 4161 τοῦ

282 4183 451 4253 ἡλίου
508 4181 821 4255 λαμπηδὼν
876 4184 964 4239 καὶ
1024 4184 1158 4253 αὐτή
1208 4183 1482 4248 πολλάκις
1538 4187 1638 4255 τὴν
1689 4190 1787 4241 τοῦ
1830 4184 1904 4255 ἡλ

2076 4188 2209 4242 Vihz't
2239 4202 2355 4242 esse
2379 4188 2526 4253 novi,
2557 4204 2730 4257 neque
2748 4201 2782 4242 α
2811 4187 3108 4260 Scriptura?
3135 4194 3531 4250 consuetudine
3557 4196 3702 4252 atie-

286 4291 449 4339 aum,
482 4284 545 4329 ut
573 4276 875 4343 spirituate
903 4276 1118 4331 donum
1150 4276 1406 4349 Spiritus
1433 4280 1665 4332 sanctus
1694 4275 2070 4347 appellatur:
2100 4276 2236 4347 quin
2262 4277 2378 4329 imo
2400 4276 2683 4331 actionem
2713 4275 3040 4348 aliquando
3077 4280 3188 4334 sibi
3232 4296 3459 4337 nomem
3484 4286 3704 4353 agentis

282 4365 583 4429 asciscere,
614 4361 796 4419 veluti
855 4363 1126 4435 nitentior
1165 4373 1218 4419 et
1281 4365 1487 4420 radius
1550 4366 1633 4421 sol
1697 4380 2080 4436 swpenumero
2135 4373 2521 4435 nuncupatur.
2553 4364 2767 4428 Quibus
2806 4365 2988 4421 verbis
3026 4367 3388 4437 signiﬁcabat
3425 4378 3700 4429 mternam

286 4450 383 4506 Dei
422 4452 736 4520 actionem,
778 4455 1184 4524 sempiternum
1229 4454 1425 4510 lumen
1463 4455 1740 4520 divinum,
1782 4471 1914 4526 quae
1952 4453 2132 4509 tribus
2198 4453 2455 4523 personis
2528 4455 2855 4509 communia
2905 4462 3056 4524 sunt,
3096 4457 3376 4529 Spiritum
3438 4470 3701 4518 sanctum

286 4541 630 4611 quandoque
705 4540 997 4611 appellari.
1080 4543 1138 4597 Id
1212 4543 1361 4613 quod
1439 4543 1774 4613 esplicatius
1814 4543 1936 4613 ipse
1973 4542 2219 4598 declarat
2293 4542 2353 4597 in
2427 4540 2743 4612 fragmento
2816 4542 3068 4611 alterius,
3145 4546 3207 4602 ni
3280 4547 3465 4616 fallor,
3515 4551 3702 4620 operis

290 4628 501 4684 Contra
564 4631 827 4698 Beecum,
868 4630 1015 4700 quod
1053 4630 1195 4685 mihi
1236 4631 1612 4700 suppeditavit
1650 4631 1827 4688 codex
1869 4631 2055 4701 regius
2091 4630 2254 4697 2953,
2314 4638 2369 4686 et
2431 4631 2594 4700 cujus
2659 4647 2922 4702 magnam
2989 4640 3206 4703 partem
3272 4636 3407 4693 alibi
3473 4639 3703 4695 recitavi

290 4715 350 4771 in
386 4718 791 4774 dissertatione
859 4719 1389 4775 cristico-historica
1452 4724 1533 4775 De
1591 4721 1945 4788 processione
2008 4720 2264 4789 Spiritus
2327 4719 2535 4776 sancti.
2578 4721 2751 4791 Atqui
2792 4720 2911 4775 haec
2966 4723 3370 4791 praeambulam
3439 4726 3702 4799 Gregorii

290 4803 528 4860 Palamas
568 4806 915 4876 impietatem
959 4808 1350 4874 continebant,
1390 4807 1644 4865 divinam
1682 4809 2088 4878 operationem,
2148 4824 2322 4879 quam
2391 4805 2619 4876 θεότητα
2687 4808 2991 4875 Deitatem,
3034 4811 3373 4881 appellabat,
3433 4831 3493 4872 re
3529 4833 3564 4870 a
3605 4816 3705 4872 Dei

291 4894 535 4948 essentia
575 4893 922 4963 distinctam,
962 4896 1178 4966 deoque
1239 4902 1292 4950 et
1330 4896 1586 4966 personis
1653 4895 1834 4951 tribus
1901 4902 2243 4952 coreternam
2309 4912 2450 4965 esse,
2516 4896 2809 4966 ipsamque
2876 4902 3149 4955 creaturis
3213 4902 3431 4959 ratione
3496 4904 3701 4974 praedi-

293 4980 363 5035 tis
434 4982 854 5038 communicari
927 4983 1343 5040 contendentis.
1422 4983 1695 5050 Quocirca
1759 4984 1973 5041 Beccus
2036 4985 2229 5041 aemuli
2291 4987 2378 5041 sui
2444 4993 2686 5041 erratum
2761 4988 2945 5057 arguit
3006 4988 3178 5045 allato
3234 4992 3418 5062 capite
3481 4993 3702 5065 integro

297 5067 577 5125 Theodori
615 5069 910 5143 Abucarae,
951 5074 1100 5142 quod
1175 5073 1323 5129 inter
1360 5072 1510 5128 edita
1544 5072 1881 5129 vicesimum
1918 5074 2221 5145 septimum
2262 5082 2365 5141 est,
2435 5083 2485 5130 et
2553 5090 2664 5144 quo
2704 5074 2851 5129 nihil
2918 5076 3185 5134 disertius
3223 5079 3568 5138 Palamiticze
3608 5083 3699 5137 in-

301 5160 466 5214 saniae
506 5160 723 5231 opponi
761 5161 955 5231 possit.
999 5165 1156 5217 Hanc
1191 5168 1382 5217 autem
1421 5161 1600 5216 divini
1641 5162 1875 5217 luminis
1913 5170 1967 5217 et
2024 5164 2368 5232 Operationis
2424 5180 2456 5218 a
2521 5162 2707 5218 divina
2778 5166 3019 5222 essentia
3081 5168 3503 5226 distinctionem
3566 5177 3703 5229 tunc

298 5247 565 5319 primum,
607 5262 744 5303 cum
782 5257 911 5305 ante
950 5249 1140 5304 audita
1180 5265 1297 5305 non
1334 5249 1557 5313 fuisset,
1600 5256 1836 5305 auctore
1909 5249 2113 5321 Cyprio
2190 5253 2467 5307 invectam
2508 5251 2680 5307 fuisse
2756 5252 2842 5308 his
2914 5254 3102 5310 verbis
3175 5258 3421 5315 Joannes
3494 5258 3704 5315 Beccus

289 5342 517 5391 Laetatur
572 5334 686 5391 z'O
746 5330 803 5390 δὲ
858 5342 957 5405 τῆς
1013 5332 1295 5405 ἀληθείας,
1347 5332 1420 5397 ὥς
1478 5355 1633 5412 φησι,
1685 5340 1925 5411 γενναῖος
1974 5333 2265 5408 ἐκδικητὴς
2321 5336 2652 5416 συκοφάντας
2710 5340 2857 5413 ἡμᾶς
2915 5340 3003 5395 καὶ
3062 5345 3169 5397 τῶν
3230 5342 3399 5421 ἁγίων
3466 5343 3697 5401 ἀποστόα

356 5604 432 5679 (1)
472 5607 535 5659 Et
574 5603 640 5661 in
677 5605 960 5676 superiori
999 5611 1151 5662 tomo
1190 5608 1407 5663 nostro.
1447 5604 1603 5661 Eorr.
1643 5608 1810 5662 Pun.
