4118 6438
419 359 532 419 231
1433 356 1748 418 GEORGII
1795 358 2056 420 CYPRII
2100 360 2217 421 CP.
2263 361 2814 422 PATRIARCHIE.
3703 365 3819 426 232

422 487 534 544 λων
595 483 872 564 ὖϐριστᾶς,
900 486 1030 548 τοὺς
1087 486 1228 542 οὕτω
1282 488 1380 555 τὴν
1442 486 1761 563 θεολογικὴν
1823 488 2098 561 μετιόντας
2155 488 2384 561 ὁδὸν,τί
2443 492 2500 545 ἃν
2557 493 2845 567 παρ’ἠμῖν
2903 489 3132 563 κληθείη
3193 493 3355 555 αὐτὸς
3399 495 3427 548 ὁ
3476 493 3686 559 οἷὸιοθεν
3733 495 3820 550 καὶ

423 587 528 641 ἀπὸ
578 584 792 648 κοιλίας
845 585 964 646 νέας
1020 582 1138 660 ἄρτι
1195 583 1478 661 δογμάτων
1540 588 1716 662 φωνὰς
1770 591 1837 660 τῇ
1898 591 1994 642 τοῦ

2243 589 2628 665 εἰσηγούμενος
2682 589 2980 660 ἐκκλησίᾳ·
3041 594 3105 647 At
3163 595 3435 662 veritatis,
3494 596 3713 666 qualem
3766 612 3823 652 se

421 679 544 747 ipse
574 678 741 745 dicit,
767 677 1099 747 praeclarus
1126 676 1348 744 vindex,
1379 677 1478 749 qui
1503 677 1960 734 calumniatores
1987 688 2042 734 et
2071 690 2403 736 sanctorum
2435 683 2850 737 conviciatore:
2904 699 3006 736 nos
3049 688 3236 745 vocat.
3294 684 3398 756 qui
3444 689 3550 739 hac
3602 685 3823 740 ratione

420 783 514 822 res
543 766 896 836 theologicae
925 769 1258 832 tractamus,
1291 766 1522 837 quinam
1552 783 1588 821 a
1618 767 1780 822 nobis
1811 769 1929 837 ipse
1959 768 2417 836 compellabitur,
2450 770 2548 840 qui
2603 787 2678 824 ea:
2720 769 2976 841 propriis
3030 770 3171 837 suis,
3221 779 3276 825 et
3324 787 3474 827 nunc
3513 772 3766 842 primum
3795 789 3826 828 e

419 864 620 909 ventre
645 854 893 909 novellas
929 853 1276 922 placitorum
1305 870 1466 909 voces
1495 856 1558 909 in
1589 852 1845 910 Ecclesia
1875 857 1971 911 Dei
2020 858 2287 928 proferre
2319 859 2722 930 aggreditur?
2773 859 3186 914 Testimonium
3243 859 3388 915 istud
3431 860 3589 916 Becci
3646 861 3825 917 obiter

420 941 601 1007 attuli,
643 957 752 1010 quo
785 942 1126 1005 evincerem,
1177 956 1528 1012 nequaquam
1566 958 1718 1010 eum,
1786 944 1920 998 dum
1987 947 2304 1014 patriarcha
2369 947 3033 1018 Constantinopolitanus
3071 955 3236 1002 esset.
3317 947 3599 1004 Palamam
3669 951 3823 1018 ejus-

421 1047 528 1101 que
567 1047 782 1087 errores
821 1030 1235 1101 proscripsisse,
1304 1031 1524 1086 tametsi
1591 1032 1644 1086 id
1715 1031 2051 1088 Combeﬁsio
2119 1042 2330 1103 nostro,
2399 1037 2625 1106 quando
2692 1036 2998 1092 secundam
3064 1036 3363 1091 novissimi
3425 1038 3512 1091 sui
3580 1037 3827 1093 Auctarii

421 1126 632 1190 partem
672 1119 887 1184 edebat,
923 1133 1250 1188 persuasum
1292 1119 1440 1174 fuit:
1509 1121 1645 1190 quin
1714 1123 1897 1190 potius
1961 1121 2201 1178 Palama
2267 1123 2538 1194 Cyprium
2608 1125 2915 1194 praivisse,
2957 1125 3187 1194 ejusque
3257 1124 3512 1180 haresim
3582 1127 3697 1180 suis
3762 1126 3825 1181 in

419 1207 646 1277 scriptis
689 1214 886 1262 contra
931 1207 1167 1263 Beccum
1229 1207 1636 1278 praformasse.
1689 1210 2068 1276 Quamobrem
2123 1212 2370 1268 Joannes
2426 1213 2527 1269 ille
2588 1213 2923 1283 patriarcha,
2972 1229 3004 1266 a
3053 1227 3162 1282 quo
3184 1212 3514 1282 Gregorium
3540 1213 3823 1270 Palamam

418 1305 667 1376 primum
709 1304 882 1360 fuisse
920 1305 1251 1359 damnatum
1289 1305 1702 1374 Cyparissiotus
1743 1307 1987 1376 tradidit,
2029 1315 2128 1363 aut
2163 1312 2410 1365 Joannes
2467 1309 2672 1379 Glycos
2713 1311 2836 1376 fuit,
2874 1314 2972 1365 aut
3036 1307 3222 1380 potius
3285 1309 3532 1366 Joannes
3597 1310 3828 1367 Calecas

421 1395 699 1464 Aprenus,
741 1393 918 1447 Esaia
985 1407 1296 1459 successor,
1363 1393 1508 1462 quod
1583 1409 1714 1450 cum
1791 1395 2040 1451 historiis
2103 1399 2476 1454 Cantacuzeni
2551 1407 2605 1452 et
2674 1397 2974 1468 Nicephori
3037 1397 3298 1468 Gregora
3369 1407 3828 1455 consentaneum

419 1497 648 1550 prorsus
686 1487 788 1536 est.
830 1480 1071 1536 Joannis
1130 1481 1289 1536 Becci
1355 1483 1621 1538 adversus
1689 1491 1902 1539 tomum
1971 1485 2390 1542 lucubrationes
2453 1488 2674 1542 animos
2738 1486 3071 1542 adversariis
3133 1487 3390 1558 Gregorii
3465 1487 3826 1559 addiderunt,

418 1576 477 1624 ut
515 1569 928 1625 ardentioribus
994 1569 1193 1624 studiis
1222 1578 1418 1625 contra
1455 1571 1617 1626 illum
1658 1572 2034 1643 insurgerent.
2076 1573 2292 1630 Horum
2332 1575 2627 1646 pracipuit
2667 1584 2828 1630 erant
2892 1573 3144 1630 Joannes
3183 1574 3396 1640 Chilas,
3465 1577 3829 1646 metropolita

414 1666 752 1737 Ephesinus,
793 1666 993 1722 Daniel
1033 1666 1364 1736 Cyzicenus,
1406 1676 1460 1722 et
1497 1668 1836 1738 Theoleptus
1873 1671 2414 1741 Philadelphiensis,
2490 1688 2619 1728 cum
2687 1672 2894 1742 quibus
2959 1687 3019 1726 se
3069 1670 3286 1727 Musalo
3357 1687 3596 1742 magnus
3663 1673 3832 1743 logo-

417 1755 568 1811 theta
605 1756 880 1824 adjunxit.
945 1760 1051 1810 Leo
1117 1756 1360 1810 Allatius
1399 1756 1496 1811 lib.
1539 1773 1580 1811 ιι
1619 1762 1696 1813 De
1733 1772 2033 1821 consens.,
2077 1775 2201 1831 cap.
2247 1760 2335 1825 tt,
2376 1759 2485 1815 col.
2525 1759 2652 1824 513,
2695 1757 2953 1815 libellum
2992 1760 3183 1815 Grasce
3255 1759 3564 1832 Latineque
3629 1761 3831 1833 edidit,

419 1860 588 1914 quem
627 1843 816 1900 Chilas
856 1844 1179 1914 imperatori
1219 1849 1414 1900 contra
1454 1853 1667 1900 tomum
1707 1846 1931 1902 obtulit.
1987 1848 2145 1911 Quod
2190 1849 2247 1904 in
2315 1864 2484 1904 causa
2552 1849 2656 1902 fuit
2724 1855 2786 1903 ut
2853 1848 3090 1918 Cyprius
3156 1848 3290 1904 tomi
3361 1849 3449 1906 sui
3516 1851 3833 1921 expositio-

416 1948 549 1988 nem
589 1932 877 1998 scriberet,
918 1949 1042 2002 qua
1080 1947 1236 1988 nunc
1275 1934 1521 2003 primum
1560 1935 1744 2005 prodit
1781 1949 1848 1990 ex
1888 1937 2013 1992 cod.
2078 1936 2212 2006 Reg.
2284 1936 2446 1991 3442.
2521 1937 2584 1992 In
2649 1953 2714 1993 ea
2779 1937 3134 2011 expositione
3200 1938 3542 1994 contendere
3605 1940 3812 2011 pergit,

417 2022 585 2076 aliam
627 2037 748 2076 esse
786 2037 1040 2092 persona
1078 2021 1286 2077 divina
1322 2021 1564 2092 Spiritus
1619 2024 1798 2080 sancti
1855 2025 2274 2094 processionem
2338 2027 2405 2081 ad
2475 2027 2852 2093 existendum,
2916 2034 2967 2082 et
3024 2026 3193 2082 aliam
3260 2027 3330 2081 ad
3387 2024 3828 2097 eii‘ulgendum:

416 2117 659 2185 primam
728 2118 891 2174 innui
957 2136 990 2174 a
1030 2119 1315 2188 Scriptura
1381 2126 1433 2176 et
1504 2119 1781 2186 Patribus,
1859 2125 2082 2192 quando
2157 2124 2400 2192 S,-iritus
2473 2125 2749 2180 dicitura
2825 2123 2983 2178 Patre
3057 2123 3410 2194 procedere;
3487 2126 3834 2206 secundam,

416 2207 642 2276 quando
682 2223 716 2262 a
757 2206 913 2261 Patre
950 2222 1048 2277 per
1086 2206 1310 2262 Filium.
1351 2208 1626 2264 Caeterum
1691 2211 1966 2266 Joannem
2033 2211 2274 2268 Beccum
2340 2212 2570 2283 perjurii
2639 2219 2886 2279 accusat,
2952 2219 3006 2268 et
3064 2211 3318 2267 libellum
3388 2212 3605 2282 recitat,
3648 2228 3827 2283 quem

416 2303 539 2374 ille,
579 2304 647 2359 ad
694 2304 950 2359 eti'eratos
1016 2305 1310 2360 adversum
1379 2321 1438 2360 se
1504 2307 1814 2375 plebecula
1878 2309 2100 2364 animos
2165 2310 2490 2380 placandos,
2553 2310 2796 2380 Josepho
2857 2309 3202 2380 patriarcha
3268 2310 3516 2374 dederat,
3585 2310 3840 2366 subscri-

415 2400 732 2461 pseratque,
774 2407 876 2448 ceu
919 2393 1238 2448 Latinorum
1279 2394 1524 2463 dogmati
1563 2395 1992 2452 abrenuntiaret
2033 2406 2086 2453 et
2155 2399 2572 2455 abdicationem
2640 2415 2798 2454 suam
2865 2398 3223 2468 approbaret.
3291 2400 3412 2463 Qua
3478 2413 3607 2454 vero
3646 2407 3844 2456 mente

415 2482 624 2537 Beccus
662 2482 716 2536 id
756 2482 1036 2552 gessisset,
1077 2483 1312 2552 ipsemet
1350 2483 1651 2539 declaravit
1689 2487 1850 2540 initio
1891 2488 2314 2558 disceptationis
2378 2504 2514 2550 sua,
2559 2504 2737 2560 quam
2802 2487 2863 2543 in
2934 2488 3178 2544 concilio
3238 2503 3429 2543 coram
3493 2488 3848 2558 imperatore

417 2571 606 2640 ipsum
648 2569 910 2625 habuisse
949 2571 1190 2637 narravi,
1232 2586 1462 2640 quaque
1504 2572 1706 2628 horum
1745 2575 2001 2629 omnium
2077 2580 2331 2631 motuum
2411 2591 2580 2631 causa
2652 2575 2879 2631 exstitit.
2960 2575 3203 2646 Insuper
3283 2591 3414 2631 vero
3493 2575 3854 2648 Theoleptus

415 2658 722 2728 Cyzicenus
779 2658 1111 2730 patriarcha
1149 2660 1412 2729 Gregorio
1451 2661 1678 2732 objecit,
1721 2663 1779 2718 in
1821 2670 1970 2718 tomo
2012 2663 2244 2733 vestigia
2283 2665 2514 2734 reperiri
2581 2664 2769 2736 impia
2807 2665 3078 2720 doctrina
3146 2663 3322 2719 Marci
3385 2662 3674 2730 Monachi,
3739 2680 3819 2735 qu

413 2755 622 2811 librum
665 2771 843 2825 nuper
900 2756 1274 2824 evulgaverat,
1316 2757 1378 2812 in
1416 2773 1527 2826 quo
1567 2773 1776 2814 nomen
1816 2753 2121 2833 προϐολεὺς
2160 2761 2492 2829 productor,
2531 2762 2794 2830 ambiguo
2834 2760 3067 2831 perinde
3111 2775 3278 2815 sensu
3321 2764 3652 2830 usurpatum
3692 2777 3834 2816 nar-

414 2852 496 2902 rat
529 2843 921 2912 Pachymeres,
960 2840 1033 2902 ὡς
1061 2840 1149 2895 καὶ
1181 2840 1340 2904 αὐτὸς
1371 2843 1704 2915 ὁμωνυμίζει
1734 2845 1832 2912 τήν
1886 2843 2026 2917 λέξιν

2208 2845 2387 2907 ολεύς.
2449 2849 2616 2905 Hunc
2681 2849 2935 2904 Marcum
2996 2847 3377 2917 alienigenam
3449 2847 3643 2915 fuisse,
3712 2864 3834 2905 non

416 2935 693 2997 Gracum,
735 2930 889 2986 idem
931 2929 1230 2987 historicus
1294 2932 1482 2997 tradit,
1524 2941 1576 2989 et
1615 2943 1890 3004 quantum
1929 2952 1995 2990 ex
2036 2936 2408 3007 inscriptione
2447 2937 2823 2993 confessionis
2892 2936 3164 3006 Gregorii,
3234 2937 3308 2991 de
3342 2951 3450 3006 qua
3489 2952 3622 2992 mox
3661 2937 3824 2992 dice-

407 3026 516 3087 tur,
560 3020 861 3090 colligitur,
895 3034 963 3074 ex
1003 3018 1235 3076 Hebrao
1275 3019 1628 3077 Christianus
1667 3023 1844 3079 tactus
1883 3023 2082 3089 fuerat,
2123 3041 2190 3081 ac
2229 3026 2469 3082 subinde
2513 3026 2846 3082 monachus.
2890 3025 2967 3080 Ex
3014 3040 3123 3094 quo
3194 3025 3510 3080 revincitur
3577 3024 3827 3094 amplius

406 3133 562 3173 error
592 3117 696 3172 viri
735 3113 889 3170 illius
927 3115 1142 3187 alioqui
1184 3117 1521 3183 doctissimi,
1563 3120 1658 3189 qui
1697 3123 1946 3176 Marcum
1990 3122 2141 3178 hunc
2180 3125 2442 3179 eumdem
2487 3139 2609 3179 esse
2647 3122 2862 3194 putavit
2927 3138 2994 3178 ac
3036 3121 3292 3177 Marcum
3356 3121 3666 3191 Ephesium
3734 3125 3836 3192 qui

404 3211 530 3274 post
568 3211 796 3259 centum
838 3210 890 3258 et
929 3204 1336 3274 quinquaginta
1372 3221 1554 3261 annos
1591 3215 1785 3262 contra
1825 3209 2050 3265 Latinos
2087 3211 2386 3280 disputavit
2428 3213 2487 3266 in
2529 3213 2746 3283 synodo
2800 3210 3147 3266 Florentina.
3192 3209 3328 3280 Ejus
3369 3209 3598 3279 quidem
3649 3209 3826 3264 errori

405 3294 591 3349 favere
647 3292 889 3356 videtur,
957 3293 1103 3360 quod
1169 3292 1231 3348 in
1296 3292 1484 3349 indice
1547 3294 1911 3352 Bibliotheca
1975 3298 2031 3352 St

2193 3302 2326 3354 :ensi
2397 3297 2630 3371 legatur,
2700 3296 3005 3374 Γρηγορίου
3072 3297 3419 3372 πατριάρχου
3485 3302 3819 3351 Κωνσταντι-

405 3377 719 3440 νουπόλεως
774 3382 873 3432 τοῦ
929 3378 1167 3454 Κυπρίου
1223 3378 1495 3456 ἀπολογία
1545 3381 1618 3443 εἰς
1669 3383 1766 3450 τὴν
1823 3382 2031 3439 ἐπιστο]

2199 3385 2404 3462 ἡάρκου
2481 3391 2579 3441 τοῦ
2635 3390 2881 3465 Ἐφέσου,
2944 3389 3196 3457 Gregorii
3262 3387 3614 3460 patriarcha
3687 3387 3825 3443 Cott-

409 3477 924 3550 stantinopolitani
988 3478 1190 3550 Cyprii
1251 3478 1522 3549 apologia
1584 3482 1642 3535 in
1698 3484 1997 3554 epistolam
2027 3487 2225 3540 Marci
2289 3487 2530 3554 Ephesii.
2565 3490 2773 3541 Verum
2817 3486 3028 3542 librarii
3067 3487 3366 3542 oscitantis
3405 3485 3488 3540 vel
3527 3486 3812 3556 imperitia

435 3577 627 3624 actum
689 3574 790 3636 est,
833 3576 896 3621 ut
932 3582 1039 3622 vox
1075 3569 1173 3619 τοῦ
1231 3565 1470 3640 Κυπρίου
1541 3569 1755 3641 Cyprii,
1798 3574 2090 3642 interjecta
2163 3576 2274 3628 sit:
2347 3591 2475 3630 cum
2555 3576 2660 3630 hoc
2698 3591 2842 3646 Opus
2882 3575 3230 3630 reddendum
3271 3575 3340 3629 sit
3383 3573 3650 3643 Gregorio
3689 3589 3823 3643 pro-

407 3655 740 3724 tosyncello,
784 3656 884 3726 qui
923 3659 1242 3725 postremus
1281 3657 1712 3726 Byzantinorum
1767 3660 2211 3730 patriarcharum
2282 3663 2404 3727 fuit,
2475 3672 2608 3718 ante
2671 3670 2891 3733 captam
2965 3679 2998 3716 a
3064 3662 3264 3717 Turcis
3328 3662 3644 3716 civitatem:
3707 3655 3823 3718 nisi

419 3760 609 3807 tamen
648 3768 748 3822 pro
787 3751 1009 3826 Μάρκου
1073 3755 1168 3804 τοῦ
1210 3750 1432 3829 Ἐφέσου
1494 3755 1854 3812 scribendum
1896 3759 2038 3813 fueri

2186 3758 2374 3812 υάννου
2437 3762 2534 3811 τοῦ
2599 3759 2822 3835 Ἐφέσου
2884 3761 3118 3815 Joannis
3155 3760 3408 3830 Ephesii,
3441 3758 3616 3812 Chila
3655 3756 3812 3812 scili-

413 3847 504 3895 cet
543 3841 849 3895 adversarii
886 3841 1138 3912 Gregorii
1195 3841 1383 3914 Cyprii
1418 3860 1431 3911 ;
1473 3844 1621 3913 quod
1687 3844 1865 3918 obiter
1901 3863 1935 3901 a
1992 3863 2083 3902 me
2119 3847 2331 3903 dictum
2385 3848 2474 3902 sit.
2535 3848 2705 3919 Atqui
2772 3847 2993 3903 Marcus
3060 3846 3156 3902 ille
3198 3847 3509 3902 monachus
3547 3847 3814 3915 exiguum

410 3929 677 3985 volumen
757 3931 904 4000 quod
979 3937 1296 3999 scripserat,
1371 3933 1732 3988 emendatum
1790 3935 2060 4005 jactabat,
2130 3946 2185 3990 et
2258 3935 2626 4006 approbatum
2705 3953 2737 3990 a
2804 3934 3152 4006 patriarcha,
3216 3937 3440 3990 cuicum
3504 3933 3820 3989 arctissima

412 4018 832 4074 necessitudine
873 4017 1232 4089 jungebatur.
1301 4022 1419 4085 Qua
1484 4036 1543 4076 re
1608 4022 1816 4077 factum
1882 4031 1984 4089 est,
2051 4031 2110 4078 ut
2175 4025 2364 4079 statim
2425 4033 2591 4094 atque
2646 4025 2816 4079 Marci
2885 4022 3029 4079 liber
3091 4023 3334 4078 emissus
3399 4023 3459 4078 in
3525 4020 3815 4092 publicum

409 4105 536 4174 fuit,
631 4104 933 4176 Gregorius
1006 4107 1241 4177 Cyprius
1307 4109 1428 4178 ejus
1483 4114 1679 4165 auctor
1742 4112 1991 4167 consitus
2057 4112 2147 4166 sit.
2218 4113 2395 4176 Quam
2463 4113 2918 4167 criminationem
2986 4111 3301 4181 patriarcha
3373 4118 3434 4165 ut
3500 4108 3816 4180 repelleret,

407 4201 845 4276 Confesstonem,
905 4218 1073 4273 quam
1112 4203 1248 4272 dixi,
1289 4201 1428 4274 ﬁdei
1477 4206 1750 4271 condidit,
1819 4222 1929 4277 qua
1967 4209 2137 4264 Marci
2193 4209 2454 4277 dogmata
2512 4217 2832 4265 exsecratus
2889 4218 2990 4264 est.
3037 4209 3098 4264 Id
3143 4209 3289 4278 quod
3330 4206 3498 4262 etiam
3538 4205 3598 4262 in
3637 4205 3818 4260 altero

416 4292 673 4363 supplice
708 4292 778 4346 ad
822 4292 1213 4348 Andronicum
1250 4293 1644 4363 imperatorem
1685 4293 1878 4350 libello
1946 4296 2221 4366 praestitit.
2286 4297 2516 4352 Interim
2583 4299 2681 4369 qui
2753 4313 2854 4367 pro
2913 4297 3184 4366 Gregorio
3253 4294 3501 4364 stabant,
3573 4293 3817 4348 Athana-

402 4379 548 4436 sium
587 4381 1054 4448 Alexandrinum,
1095 4381 1435 4452 imperatore
1474 4390 1782 4450 annuente,
1825 4385 2170 4453 compellant
2234 4393 2294 4440 ut
2356 4393 2507 4441 tomo
2573 4385 2932 4441 subscribat:
3003 4385 3150 4454 quod
3220 4392 3407 4439 tamen
3477 4383 3574 4437 ille
3635 4381 3828 4438 facere

405 4470 626 4536 noluit;
657 4477 915 4524 causatus
953 4469 1061 4524 sibi
1118 4471 1255 4524 satis
1292 4470 1391 4525 otii
1429 4477 1484 4524 et
1522 4470 1801 4526 facultatis
1839 4488 1958 4527 non
1996 4489 2117 4529 esse
2154 4475 2222 4529 ad
2264 4475 2514 4545 singulas
2562 4474 2686 4546 ejus
2753 4489 2920 4530 voces
2979 4471 3372 4543 explorandas,
3442 4488 3509 4528 eo
3570 4471 3821 4526 maxime

405 4560 554 4628 quod
621 4558 1370 4628 ConstantinOpolitanorum
1438 4573 1622 4613 mores
1687 4565 1740 4614 et
1799 4575 1999 4615 sensus
2063 4570 2384 4632 perspectos
2451 4579 2567 4618 non
2633 4562 2886 4617 haberet.
2950 4563 3047 4617 His
3108 4569 3423 4617 commotus
3490 4559 3817 4639 imperator,

404 4656 610 4709 ardens
673 4670 836 4708 suum
879 4670 1009 4724 erga
1047 4655 1312 4725 Cyprium
1381 4655 1626 4710 studium
1667 4662 1977 4726 temperare
2013 4660 2206 4726 capit,
2283 4660 2447 4730 eique
2513 4660 2861 4730 colloquium
2905 4658 3204 4729 publicum
3244 4657 3522 4720 exoranti,
3564 4657 3625 4710 in
3692 4669 3815 4726 quo

406 4750 654 4796 mentem
693 4743 920 4812 planius
958 4759 1116 4798 suam
1158 4743 1480 4812 explicaret,
1519 4745 1718 4799 annuit
1777 4748 2046 4816 primum,
2089 4761 2219 4804 mox
2276 4765 2407 4804 vero
2448 4757 2660 4804 mutata
2698 4750 2982 4804 sententia
3029 4749 3232 4802 abnuit
3272 4747 3482 4801 veritus
3518 4760 3589 4800 ne
3657 4743 3814 4798 idem

403 4831 682 4886 accideret
722 4833 866 4900 quod
907 4832 965 4886 in
1007 4833 1288 4888 anteriore
1335 4848 1465 4887 cum
1535 4833 1708 4888 Becco
1768 4835 2168 4904 disputatione,
2234 4853 2299 4891 ex
2367 4853 2473 4908 qua
2533 4853 2620 4894 res
2686 4837 2951 4894 Ecclesia
3017 4835 3200 4892 nihilo
3243 4836 3552 4906 pacatiores
3615 4846 3813 4887 evase-

404 4926 552 4973 rant.
593 4917 742 4981 Quin
781 4921 897 4976 imo
933 4922 1293 4978 Andronicus
1335 4922 1506 4987 misit,
1548 4923 1641 4992 qui
1683 4922 1830 4977 sedis
1867 4923 2290 4981 abdicationem
2358 4927 2429 4981 ab
2495 4927 2617 4997 ipso
2685 4931 3003 4996 poscerent.
3069 4926 3190 4980 Jam
3258 4924 3411 4980 enim
3475 4923 3716 4990 Cyprius
3781 4934 3815 4974 e

404 5006 767 5076 patriarchali
835 5009 1004 5064 domo
1063 5010 1121 5065 in
1189 5010 1543 5080 Hodegorum
1606 5011 2007 5067 monasterium
2077 5015 2431 5082 migraverat,
2499 5016 2559 5071 in
2626 5031 2735 5085 quo
2799 5015 3112 5071 scribendis
3172 5029 3270 5083 pro
3327 5027 3428 5066 sua
3480 5009 3815 5065 defensione

406 5095 571 5151 libris
625 5095 877 5151 vacabat.
920 5097 1154 5153 Posthac
1191 5103 1402 5165 autem,
1446 5115 1518 5154 ne
1584 5098 1903 5168 patriarcha
1966 5102 2255 5158 inauditus
2321 5106 2701 5168 damnaretur,
2770 5103 3058 5172 publicum
3118 5109 3461 5157 conventum
3501 5099 3811 5166 imperator

407 5183 601 5248 edixit,
642 5183 700 5237 in
742 5200 853 5253 quo
894 5184 1032 5240 lecta
1071 5193 1153 5240 est
1190 5186 1344 5241 illius
1390 5187 1670 5257 Confessio
1697 5187 1846 5258 ﬁdei,
1879 5197 1930 5244 et
1969 5189 2040 5245 ab
2085 5192 2240 5246 omni
2280 5208 2459 5262 prava
2500 5190 2771 5247 doctrina
2811 5191 3132 5261 suspicione
3198 5187 3470 5244 immunis
3527 5183 3807 5256 judicata.

405 5279 788 5335 Nihilominus
827 5281 1142 5351 Ephesinus
1183 5286 1536 5354 metropolita
1574 5294 1626 5340 et
1665 5287 1966 5354 Cyzicenus
2009 5289 2191 5356 palam
2232 5289 2519 5360 protestati
2559 5296 2708 5354 sunt,
2781 5287 3016 5342 minime
3081 5303 3140 5340 se
3207 5287 3266 5340 in
3333 5281 3802 5340 communionem

405 5386 572 5440 posse
613 5369 802 5425 venire
841 5388 972 5427 cum
1050 5374 1277 5428 homine
1352 5375 1444 5442 qui
1518 5375 1686 5429 certis
1758 5376 1828 5430 de
1901 5379 2087 5432 caUsis
2163 5378 2390 5432 haresis
2467 5369 2677 5432 invidia
2749 5393 3010 5445 aspersus
3085 5386 3248 5430 esset.
3327 5373 3424 5427 Cui
3501 5369 3804 5426 sententia

403 5460 536 5528 quia
612 5457 977 5528 pertinaciter
1039 5462 1516 5525 adharcscebant,
1584 5478 1686 5517 nec
1743 5463 2097 5531 imperatoris
2161 5467 2390 5521 monitis
2456 5474 2510 5521 et
2575 5465 3067 5520 adhortationibus
3134 5471 3439 5529 cesserant,
3511 5461 3573 5514 in
3641 5474 3805 5527 sepa-

405 5554 553 5600 ratas
597 5548 883 5603 custodias
924 5557 1153 5619 uterque
1192 5551 1396 5605 missus
1435 5562 1535 5619 est,
1593 5567 1625 5606 e
1661 5551 1865 5622 quibus
1904 5555 2134 5610 nonnisi
2172 5564 2295 5625 post
2367 5571 2550 5610 annos
2589 5555 2818 5624 aliquot,
2889 5562 2942 5609 et
3018 5557 3106 5609 vix
3175 5569 3322 5624 agre
3389 5549 3575 5606 educti
3642 5553 3805 5602 sunt.

403 5641 478 5693 At
516 5635 859 5709 Theoleptus
887 5637 1403 5710 Philadelphiensis
1438 5654 1668 5696 omnem
1697 5641 2071 5698 offensionem
2103 5643 2254 5703 hanc
2291 5661 2359 5701 ex
2398 5643 2518 5702 solo
2557 5642 2735 5703 Marci
2774 5642 2919 5700 libro
2958 5650 3248 5716 acceptam
3287 5645 3621 5714 praetexens,
3665 5637 3806 5692 Gre-
