4118 6456
261 425 367 487 233

1494 390 1820 480 scalpra
1863 412 2432 480 ALPOLOGETIGA.

3543 420 3662 479 234

260 576 472 647 gorium
509 579 678 629 rectae
717 570 850 627 ﬁdei
890 570 1186 627 alumnum
1222 570 1540 639 judicatum
1605 569 1674 624 iri
1713 569 1875 638 dixit,
1944 568 1991 623 si
2058 568 2232 624 Marci
2297 567 2618 624 doctrinam
2684 567 3054 624 detestaretur
3119 568 3406 639 (disertius
3468 570 3665 641 utique

258 680 418 736 quam
456 664 518 719 in
558 661 927 718 confessione
964 660 1103 715 etin
1144 657 1339 715 libello
1376 659 1444 714 ad
1484 658 1927 730 imperatorem).
1969 658 2128 724 Quod
2161 656 2386 726 quidem
2419 674 2450 711 a
2483 656 2685 726 Cyprio
2734 658 3051 728 praestitum
3102 657 3296 723 fuisse,
3355 658 3666 729 Pacbyme-

257 771 338 811 res
372 768 493 809 non
531 755 779 806 narrat:
822 750 943 815 sed,
1002 762 1131 804 cum
1190 748 1312 803 haec
1374 746 1473 803 ille
1529 747 1795 814 audisset,
1859 746 2054 817 gratiis
2117 746 2255 801 actis
2321 744 2665 816 imperatori,
2733 751 2954 816 postera
3016 746 3109 802 die
3171 747 3445 803 cessionis
3501 746 3664 805 libel-

257 843 369 899 lum
406 841 658 897 dedisse.
705 838 954 893 Rursum
1025 851 1154 891 vero
1218 835 1548 907 imperator,
1616 834 1871 892 collectis
1926 835 2133 890 iterum
2198 834 2451 903 synodis,
2518 849 2745 905 operam
2786 834 3048 905 ponebat,
3118 842 3174 890 ut
3243 841 3430 893 tomus
3467 836 3666 893 saltem

259 930 654 988 emendaretur
692 934 749 983 et
816 933 1237 995 exponeretur:
1277 924 1336 979 id
1375 925 1526 995 quod
1567 932 1757 979 tamen
1795 923 1989 979 selecti
2049 924 2116 977 ad
2186 922 2294 978 hoc
2349 922 2535 992 operis
2572 922 2675 978 viri
2736 922 3017 979 conﬁcere
3081 921 3406 979 nullatenus
3468 928 3667 995 potue-

262 1026 403 1087 runt,
443 1034 581 1075 cum
627 1017 700 1072 de
766 1030 1039 1086 germano
1100 1014 1432 1069 Damasceni
1473 1028 1643 1068 sensu
1712 1014 1982 1068 tradendo
2050 1012 2196 1067 inter
2253 1026 2350 1067 eos
2416 1027 2773 1082 nequaquam
2829 1013 3174 1069 conveniret.
3232 1010 3419 1083 Τέλος,
3479 1014 3671 1086 inquit

268 1126 395 1181 saepe
435 1108 710 1163 laudatus
754 1104 1149 1175 Pacbymeres,
1205 1100 1318 1155 ἐπεὶ
1368 1099 1467 1155 οὐκ
1519 1101 1587 1170 ἦν
1644 1104 1943 1175 συμφωνεῖν

2052 1099 2088 1152 εὶ
2137 1102 2205 1172 τῇ
2260 1102 2357 1153 τοῦ
2413 1097 2733 1174 γράμματος
2790 1097 3095 1174 διορθώσει,
3149 1099 3430 1169 ὑπεζεῖλον
3479 1098 3665 1157 τέλεον

268 1199 352 1264 τήν
578 1214 664 1247 σιν
700 1238 715 1261 ,

776 1197 1021 1267 κρεῖττον
1079 1189 1414 1265 ἡγησάμενοι
1477 1190 1552 1260 μὴ
1609 1187 1752 1250 ὅλως
1826 1186 1889 1243 τὸ
1966 1189 2128 1264 ῥητὸν
2202 1187 2520 1264 ἐξηγεῖσθαι,
2579 1188 2617 1258 ἢ
2684 1188 3072 1264 ἐξηγουμένους
3146 1188 3484 1267 ἀναρρίπτειν
3555 1190 3668 1246 κίν-

267 1284 428 1342 δυνον.
470 1288 555 1341 Ac
594 1280 863 1339 consulto
904 1296 1164 1351 prorsus:
1208 1297 1343 1337 nam
1383 1287 1587 1352 praeter
1652 1280 1816 1336 Becci
1883 1279 2319 1350 expositionem,
2381 1295 2493 1348 qua
2556 1280 2831 1335 sincerior
2894 1278 3069 1336 altera
3132 1297 3250 1337 non
3315 1282 3668 1349 occurrebat,

264 1387 339 1445 ut,
407 1374 619 1446 positis
686 1370 1049 1442 praejudiciis,
1095 1370 1347 1425 sentiunt
1411 1383 1613 1425 omnes
1676 1369 1773 1439 qui
1837 1369 1899 1424 in
1954 1367 2116 1424 libris
2181 1369 2303 1438 ejus
2368 1369 2623 1439 legendis
2686 1384 2912 1439 cperam
2975 1378 3214 1440 ponunt.
3284 1371 3541 1442 Cyprius,
3610 1371 3673 1427 in

259 1465 534 1538 Apologia
572 1477 749 1532 quam
790 1476 890 1530 pro
926 1475 1028 1515 suo
1065 1462 1221 1514 tomo
1259 1459 1465 1514 iterum
1523 1458 1768 1527 scripsit,
1835 1458 1966 1513 illos
2020 1457 2372 1513 adversarios
2436 1456 2662 1523 refellit,
2731 1457 2921 1528 utique
2987 1458 3399 1526 schismaticos,
3468 1475 3575 1517 nec
3642 1476 3677 1515 a

260 1560 477 1613 Joanne
516 1549 789 1620 Ephesio,
846 1547 1076 1603 Daniele
1118 1547 1420 1617 Cyziceno,
1490 1554 1544 1602 et
1608 1545 1914 1616 Theolepto
1979 1544 2467 1617 Philudelpbiensi
2533 1546 2802 1614 diversos,
2870 1546 2965 1617 qui
3031 1546 3273 1604 Joannis
3304 1550 3307 1553 ’
3338 1548 3679 1605 Damasceni

259 1647 494 1709 dictum,
536 1631 851 1713 προϐολεὺς
894 1632 984 1689 διὰ
1040 1633 1216 1709 Λόγου
1269 1633 1651 1711 ἐκφαντορικοῦ
1713 1632 1943 1705 Πνεύμα·

2084 1636 2509 1707 manifestantis
2563 1634 2815 1704 Spiritus
2869 1650 2974 1705 per
3037 1637 3284 1692 Verbum
3339 1638 3701 1720 productorr

263 1737 337 1790 sic
373 1733 918 1799 interpretarentur,
957 1741 1024 1782 ac
1062 1725 1111 1780 si
1149 1719 1239 1776 διὰ
1269 1722 1466 1799 Λόγου,
1496 1740 1600 1791 per
1633 1725 1908 1793 Verbum,
1941 1747 1943 1765 .

2052 1722 2190 1791 rios,
2218 1740 2325 1794 per
2352 1722 2583 1792 Filium,
2640 1724 2790 1794 apud
2838 1731 3063 1781 sanctos
3100 1728 3293 1781 Patres
3357 1727 3508 1783 idem
3578 1718 3678 1783 s04

264 1828 441 1885 nnret,
481 1825 660 1887 atque
698 1812 791 1867 σὺν
816 1816 897 1885 τῷ
921 1811 1082 1887 Λόγῳ
1138 1830 1267 1870 cum
1300 1814 1503 1881 Verbo,
1550 1813 1685 1884 μετά
1710 1815 1807 1866 τοῦ
1844 1812 1943 1865 Υἱο

2052 1829 2158 1868 rum
2213 1811 2381 1883 Filio,
2425 1811 2537 1884 ἅμα
2590 1815 2669 1882 τῷ
2725 1812 2834 1883 Υἱῷ
2879 1830 2997 1869 una
3058 1829 3189 1872 cum
3253 1813 3443 1871 Filio:
3509 1831 3680 1886 quam

266 1912 494 1984 quidem
536 1913 885 1978 postremam
955 1904 1476 1974 interpretationem
1544 1911 1663 1958 tum
1729 1902 1959 1958 Patrum
2028 1901 2343 1966 sententiis,
2402 1909 2522 1956 tum
2578 1901 2960 1972 grammaticae
3026 1902 3243 1974 legibus
3281 1908 3339 1960 et
3376 1905 3503 1960 usui
3542 1918 3681 1960 con-

267 2000 491 2056 trariam
536 1994 802 2067 pluribus
838 1992 1086 2049 ostendit
1121 2000 1174 2047 et
1210 1991 1440 2047 evincit.
1512 1991 1744 2047 Interim
1783 2005 1913 2046 vero
1976 1990 2227 2046 Joannes
2290 1990 2525 2056 Beccus,
2595 1997 2795 2059 praeter
2862 1990 3034 2047 libros
3097 1992 3363 2048 adversus
3426 1991 3686 2068 Gregorii

269 2086 458 2159 Gyprii
499 2093 725 2141 tomum
795 2097 936 2151 quos
1001 2081 1191 2151 citavi,
1259 2084 1500 2151 quatuor
1555 2078 1697 2136 alios
1760 2081 1830 2135 ad
1895 2079 2351 2144 Constantinum,
2424 2078 2815 2135 Melitiniotam
2882 2080 3092 2151 utique,
3164 2081 3411 2153 scripsit,
3477 2083 3686 2153 quibus

276 2178 524 2248 ejusdem
567 2171 710 2228 tomi
749 2170 1162 2240 espnsitionem
1193 2187 1225 2223 a
1264 2168 1469 2240 Cyprio
1528 2170 1884 2235 adornatam,
1923 2166 2251 2223 confutavit.
2292 2170 2407 2223 Hos
2444 2166 2613 2223 etiam
2657 2170 2762 2223 Leo
2819 2167 3053 2223 Allatius
3117 2184 3248 2225 cum
3312 2171 3441 2227 aliis
3506 2172 3689 2229 edidit

277 2276 313 2320 ι.
352 2266 401 2320 ll
439 2261 686 2319 Gracia
702 2257 1054 2314 orthodoxa.
1090 2257 1341 2328 Gregorii
1378 2272 1509 2313 vero
1545 2255 1730 2326 Cyprii
1780 2256 2071 2325 Opuscula,
2115 2270 2240 2326 quae
2292 2255 2355 2311 in
2394 2254 2684 2312 codicibus
2741 2256 2949 2327 Regiis,
3015 2272 3082 2314 ac
3148 2261 3459 2328 praesertim
3519 2260 3686 2334 3442,

283 2352 470 2424 reperi,
517 2349 618 2406 hic
656 2346 989 2416 subicienda
1026 2347 1241 2412 censui,
1281 2362 1391 2416 quo
1430 2360 1619 2401 rerum
1657 2351 1939 2415 gestarum
1977 2344 2150 2400 series
2189 2344 2390 2399 melius
2426 2362 2460 2400 a
2496 2345 2748 2401 studioso
2786 2344 2995 2402 lectore
3034 2347 3394 2418 percipiatur.

379 2657 1147 2791 ΕΚΘΕΣΙΣ
1242 2655 1588 2784 ΤΟΥ
1674 2655 2295 2785 ΤΟΜΟΥ
2394 2657 2736 2784 ΤΗΣ
2838 2660 3589 2792 ΠΙΣΤΕΩΣ

1366 2911 1703 3006 ΚΑΤΑ
1781 2912 2030 3009 ΤΟΥ
2108 2912 2611 3010 ΒΕΚΚΟΥ

418 3122 616 3175 IIAPA
654 3120 777 3172 ΤΟΥ
811 3117 1188 3170 ΑΓΙΩΤΑΤΟΥ
1229 3115 1345 3166 ΚΑΙ
1383 3114 1881 3165 ΟΙΚΟΥΜΕΝΙΚΟΥ
1917 3114 2349 3168 ΙΙΑΤΡΙΑΡΧΟΥ
2388 3116 2626 3166 ΚΥΡΙΟΥ
2663 3116 3032 3168 ΓΡΗΓΟΡΙΥΥ
3067 3119 3192 3170 ΤΟΥ
3230 3121 3541 3190 ΚΥΙΙΡΙΟΥ,

507 3209 802 3260 ΟῙἼἹΝΟΣ
843 3205 1297 3257 ΕΙΙΕΛΔΒΟΝΤΟ
1335 3204 1569 3271 ΤΙΝΕΣ,
1610 3203 1725 3257 ΚΑΙ
1766 3205 2022 3255 ΓΕΓΟΝΕ
2061 3205 2244 3256 ΠΡΟΣ
2286 3206 2619 3256 ΕΚΕΙΝΟΥΣ
2660 3206 2706 3255 Η
2744 3207 3152 3259 ΑΙΙΔΝΤΗΣΙΣ
3191 3210 3463 3264 ΙΣΧΥΡΑ.

340 3488 527 3557 Ἔσχε
590 3479 688 3552 μὲν
719 3480 756 3546 ἡ
800 3469 1142 3548 ἐπισυμϐἆσα
1194 3472 1301 3550 πρὸ
1362 3478 1557 3550 μικροῦ
1610 3476 1825 3550 ταραχή
1884 3495 1943 3529 τε
1970 3474 2025 3540 Α
2057 3479 2277 3549 Πνεῦμα
2324 3474 2689 3550 ἐκπορεύεται,
2732 3474 2911 3554 ὥσπερ
2955 3476 3148 3551 ἀμέλει
3195 3478 3285 3534 καὶ
3336 3478 3395 3536 ἐκ
3441 3486 3538 3536 τοῦ
3584 3486 3696 3539 Πα-

262 3573 354 3627 κιί
424 3567 574 3639 ζάλῃ
638 3570 707 3640 τῇ
762 3563 1060 3634 Ἐκκλησία
1112 3564 1316 3636 πατέρα
1375 3565 1490 3618 οἷον
1547 3564 1636 3618 καὶ
1696 3563 1939 3639 ἀρχηγὸν

266 3661 434 3715 αὐτὸν
502 3655 713 3711 ἐκεῖνον
760 3653 853 3708 τὸν
900 3650 1265 3724 ἀντικείμενον
1319 3650 1503 3729 φθόνῳ
1552 3658 1652 3721 τῆς
1699 3655 1805 3706 τῶν
1854 3651 1943 3706 ἀν-

262 3751 520 3825 θρώπων
592 3743 870 3818 σωτηρίας
919 3740 1002 3796 ἀεὶ
1057 3738 1421 3816 βαλλόμενον,
1478 3741 1567 3795 καὶ
1619 3740 1685 3795 τά
1738 3739 1940 3811 ταύτην

260 3838 617 3911 ἀπείργοντα
716 3836 893 3902 ζητεῖν
980 3850 1037 3884 τε
1128 3828 1598 3904 πραγματεύεσθαι
1686 3826 1945 3883 οὐδέποτε

260 3924 679 4007 ἐςιπάμενον.
710 3919 783 3974 Ού
825 3920 932 3992 μὴν
984 3914 1044 3972 δὲ
1089 3915 1235 3972 ἀλλᾶ
1281 3917 1369 3972 καὶ
1421 3918 1738 3993 ἀνθρώπους
1786 3914 1942 3992 ἔσχεν

258 4004 318 4071 εἰ-
362 4014 463 4071 καὶ
536 4012 617 4085 μή
677 4007 955 4084 ἀρχηγοὺς
1009 4007 1077 4062 τά
1128 4007 1318 4083 πρῶτά
1369 4007 1417 4061 τ’
1472 4006 1644 4069 αἰτίας
1693 4004 1942 4082 ἔχοντας,

260 4106 558 4179 ὖτηρὲτας
621 4095 670 4152 δ’
702 4095 793 4151 οῦν
823 4096 977 4169 ὅμως
1032 4095 1121 4150 καὶ
1178 4091 1377 4172 ὄργανα
1420 4099 1655 4150 τοσαῦτα
1702 4093 1763 4149 ἐκ
1806 4115 1943 4172 προ-

256 4194 545 4269 πιρέςεως
609 4185 689 4248 εἷς
739 4184 906 4254 αὐτὴν
955 4183 1296 4246 τελέσαντας.
1348 4182 1523 4239 ὁπόσα
1578 4181 1645 4254 δὴ
1700 4183 1945 4246 κάκεῖνος

256 4277 569 4338 ἐὲούὶιτο.
614 4274 825 4348 Εἰρήνη
886 4274 979 4346 μὲν
1025 4270 1115 4327 οῦν
1163 4273 1228 4328 τὸ
1275 4273 1391 4328 κατ’
1438 4272 1612 4349 ἀρχὰς
1661 4272 1752 4327 καὶ
1795 4270 1946 4327 οἰκο-

250 4356 431 4443 νομέα
487 4387 581 4427 τις
638 4360 919 4424 ἀκίνδυνος
967 4361 1057 4416 καὶ
1117 4361 1203 4417 ἐπὶ
1274 4356 1604 4440 συμφέροντι
1665 4358 1819 4431 δῆθεν
1868 4365 1946 4432 τῷ

252 4458 541 4531 ἡμετέρῳ
603 4450 708 4507 οὐκ
765 4449 898 4506 οὖσα
949 4451 1174 4521 τοιαύτη
1229 4456 1350 4514 ταῖς
1406 4448 1711 4521 ἀληθείαις,
1757 4450 1948 4528 ἐπιφη-

258 4549 491 4621 μῖζεται
550 4541 763 4602 σκοπὸς
820 4544 888 4613 τῇ
946 4541 1154 4615 πράξει.
1216 4540 1313 4593 Καὶ
1392 4539 1731 4616 προτείνεται
1784 4544 1945 4593 τοῦτο

250 4638 519 4709 καθάπερ
563 4653 621 4686 τι
677 4627 867 4704 δέλεαρ
916 4629 1214 4705 ἀνθρώπων
1270 4627 1498 4706 ἐφέλκον
1545 4626 1681 4704 πρὸς
1729 4628 1791 4683 τὸ
1816 4648 1944 4701 κρυ-

250 4727 580 4800 πτόμενον.
663 4718 1006 4793 Προτείνεται
1088 4714 1146 4772 δὲ
1227 4719 1343 4790 μεθ’
1429 4716 1775 4792 ὑποσχέσεων
1856 4718 1945 4771 καὶ

2049 3564 2217 3638 τρός’
2268 3563 2349 3619 ὅτι
2398 3565 2487 3619 καὶ
2532 3567 2560 3619 6
2610 3567 2921 3641 Μονογενὴς
2975 3564 3146 3630 αἷίτιος
3206 3567 3388 3640 αὐτοῦ,
3440 3571 3575 3626 καθά
3627 3571 3695 3642 δὴ

2049 3652 2139 3706 καὶ
2193 3653 2221 3705 ὁ
2279 3653 2368 3707 τὸν
2448 3659 2728 3728 Μονογενῆ
2800 3656 3055 3730 γεννήσας
3128 3659 3337 3734 Πατήρ.
3412 3659 3699 3725 Κάντεῦθεν

2052 3740 2230 3816 ἀρχὴν
2261 3742 2295 3810 ἡ
2337 3743 2554 3818 ταραχὴ
2607 3736 2897 3815 λαμϐάνει,
2927 3744 3016 3798 καὶ
3048 3745 3076 3798 6
3110 3743 3273 3822 μέγας
3318 3744 3512 3803 λοιπὸν
3564 3751 3701 3805 κατά

2050 3832 2150 3898 τῆς
2224 3828 2546 3900 Ἐκκλησίας
2623 3829 3023 3907 ἀναρριπίζεται
3098 3831 3366 3907 πόλεμος.
3424 3839 3541 3891 Ὅτι
3603 3839 3697 3911 μὲν

2054 3916 2144 3973 οῦν
2198 3919 2260 3972 τὸ
2289 3920 2613 3996 προσφάτως
2672 3916 2988 3995 διαταράξαν
3044 3923 3193 3994 ἡμᾶς
3258 3921 3491 4003 ἔκφυλον
3547 3929 3699 3982 τουτί

2054 4004 2236 4081 δόγμα
2290 4006 2352 4063 οὐ
2404 4007 2712 4086 πρόσφατόν
2788 4007 2896 4063 ἐστι
2971 4011 3072 4080 τήν
3136 4010 3365 4086 γένεσιν,
3423 4015 3511 4069 καὶ
3567 4018 3697 4093 παρ’

2054 4093 2250 4159 ἄλλοις
2303 4095 2504 4167 ταύτην
2560 4096 2818 4172 ἐσχηκὸς,
2852 4097 2958 4174 οὐχ
3006 4101 3166 4173 ἡμῖν,
3196 4098 3391 4165 πάντες
3428 4124 3487 4158 τε
3554 4102 3695 4159 ἴσασι

2054 4181 2272 4260 σχεδὸν,
2314 4185 2404 4240 καὶ
2454 4182 2824 4241 ἀναδιδάσκειν
2876 4186 2938 4241 οὐ
2998 4191 3147 4265 χρή·
3197 4189 3344 4259 πλὴν
3418 4195 3699 4265 μετενήνε-

2052 4295 2174 4329 κται
2247 4271 2404 4351 δεῦρο
2481 4276 2571 4329 οἷά
2623 4297 2706 4338 τις
2767 4276 3052 4352 ὑπερόριος
3108 4276 3282 4352 λύμη,
3342 4281 3432 4335 καὶ
3485 4279 3704 4356 ἤκμασε

2053 4363 2252 4439 χρόνον
2312 4363 2392 4441 ἐφ’
2438 4363 2642 4421 ἱκανόν.
2694 4364 2872 4441 ’ἰσχὺν
2925 4362 2983 4420 δὲ
3027 4366 3174 4439 αύτῷ
3231 4367 3549 4442 ἐνακμάζειν
3608 4393 3706 4426 το-

2055 4457 2243 4507 σοῦτον
2274 4451 2528 4523 Ἰωάννης
2578 4454 2850 4529 παρέσχεν
2900 4455 2928 4509 ὁ
2958 4454 3155 4518 Βέκκος
3212 4454 3518 4533 ὑποδοχεὺς
3559 4460 3708 4532 αὐτῷ

2053 4542 2142 4596 καὶ
2211 4543 2323 4595 οἷον
2396 4539 2599 4618 ἅρουρά
2645 4562 2727 4604 τις
2785 4542 2884 4597 οὐκ
2938 4542 3115 4621 ἀφυής
3171 4544 3418 4622 ἐκθρέψαι
3476 4544 3707 4623 γενόμε-

2053 4652 2167 4702 νος,
2210 4627 2527 4705 ἀρδόμενος,
2562 4631 2638 4695 ὡς
2693 4631 2786 4703 μὲν
2840 4631 2944 4707 ἐγὼ
2995 4631 3180 4710 φαίην,
3216 4632 3275 4688 ἐκ
3316 4639 3415 4690 τοῦ
3462 4642 3709 4714 πονηροῦ

2054 4718 2273 4773 καὶτῶν
2305 4725 2406 4787 τῆς
2434 4717 2665 4791 ἀνομίας
2716 4719 3057 4795 χειμάρρων,
3091 4721 3167 4784 ὡς
3216 4720 3275 4776 δὲ
3324 4722 3526 4787 ἐκεῖνος
3572 4729 3709 4799 ψευ-

248 4818 407 4891 ἇρῶν
459 4816 587 4866 τῶν
633 4804 1108 4886 φρικωδεστάτων,
1155 4807 1245 4861 καὶ
1315 4805 1494 4880 λόγων
1555 4805 1785 4881 ἐνόρκων
1849 4810 1945 4860 τοῦ
1978 4863 2022 4892 η
2058 4804 2285 4881 δόμενος
2331 4805 2539 4882 ἔλεγεν,
2573 4807 2633 4862 ἐκ
2678 4812 2783 4861 τῶν
2834 4803 3048 4863 Βιϐλων
3096 4815 3204 4865 τῶν
3258 4812 3441 4889 ἱερῶν,
3475 4814 3709 4892 κακούρ-

252 4908 335 4977 :11"
396 4904 465 4959 ἂν
521 4898 726 4957 αὐτοῖς
786 4893 924 4950 ἄλλο
974 4917 1027 4949 τι
1105 4892 1391 4971 βούλεσθαι
1448 4896 1549 4963 τήν
1609 4892 1868 4962 διάνοιαν,
1901 4894 1936 4964 ἢ
1974 4892 2023 4927 D
2052 4917 2167 4972 γως
2249 4893 2542 4950 ἀνελίττων
2623 4894 2807 4968 αὐτὰς,
2865 4898 2956 4951 καὶ
3029 4901 3431 4977 σπερμολογῶν
3508 4902 3715 4966 ἐκεῖθεν

244 4994 391 5071 ὅπερ
454 4987 611 5045 αὐτὰ
672 4988 841 5038 ταῦτα
891 4985 1026 5058 μετά
1068 4988 1164 5039 τοῦ
1218 4981 1457 5054 ἀζημίου
1513 4981 1602 5037 καὶ
1660 4980 1940 5037 ἀκινδύνου
2056 4983 2146 5038 καὶ
2203 4981 2524 5059 ἱεροσυλῶν,
2555 4983 2643 5038 καὶ
2700 4982 2793 5038 τὸν
2842 4988 2966 5039 νοῦν
3027 4985 3140 5058 ἅμα
3191 4989 3284 5060 μὲν
3340 4996 3440 5060 τῆς
3491 4997 3710 5071 Γραφῆς

246 5069 439 5139 εἶτον-ι
475 5074 888 5149 ἂναμαρτήτου
918 5070 1104 5142 δηλοῖ.
1132 5072 1264 5127 Εἶτα
1296 5070 1504 5148 βραχὺς
1536 5073 1563 5126 ὁ
1600 5072 1732 5143 μετά
1784 5074 1951 5125 ταῦτα
2057 5071 2329 5139 κλέπτων,
2364 5073 2472 5145 ἇμο
2532 5069 2589 5125 δὲ
2644 5073 2734 5126 καὶ
2787 5077 2893 5126 τῶν
2946 5072 3288 5139 ἐπιπολαίως
3345 5069 3711 5156 ἀκροωμένων

238 5174 487 5249 χρόνος,
522 5164 624 5220 καὶ
662 5162 801 5234 ἀμαὶ
832 5162 926 5234 μὲν
959 5161 1155 5216 ἐκεῖναι
1214 5162 1303 5216 καὶ
1361 5160 1513 5237 ὅρκοι
1573 5160 1803 5236 ὡσπερεὶ
1864 5158 1951 5214 ἐπὶ
2062 5160 2244 5233 αὐτοῦ,
2277 5161 2312 5229 ἢ
2346 5161 2436 5215 καὶ
2466 5161 2600 5235 πρὸς
2643 5159 2769 5222 τοὺς
2815 5159 3020 5217 ἐκείνου
3066 5169 3305 5240 χρυσοῦς
3355 5168 3715 5246 ἀφορώντων.

234 5243 411 5316 ἔτπὶ
456 5250 707 5330 μᾶλλον
758 5249 926 5323 ἑτέρῳ
974 5246 1041 5318 δὴ
1085 5254 1164 5322 τῷ
1218 5246 1275 5304 δὲ
1319 5247 1634 5317 συνέστησεν
1685 5246 1954 5321 ἀμελοῦν-
2062 5248 2215 5318 Πλὴν
2268 5243 2458 5324 ὄγδοον
2513 5247 2608 5320 μὲν
2664 5252 2744 5319 τῷ
2790 5254 2941 5322 κακῷ
2983 5250 3126 5324 τῷδε
3168 5243 3413 5330 ἰσχύοντι
3468 5243 3560 5312 καὶ
3622 5256 3718 5332 ἐμ-

234 5373 363 5407 τιτ.
428 5338 802 5402 Καταδύεται
849 5336 907 5393 δὲ
954 5340 1068 5394 οἷον
1116 5339 1191 5401 εἰς
1238 5344 1340 5415 γῆν
1368 5337 1432 5392 τὸ
1460 5340 1557 5406 τῆς
1589 5336 1809 5412 εἰρήνης
1866 5335 1955 5391 καὶ
2062 5334 2510 5408 πολιτευσαμὲνῳ
2537 5341 2653 5397 τοῖς
2697 5333 2804 5391 ὦδε
2844 5336 3037 5414 σχεδὸν
3092 5340 3287 5410 ἠνύετο
3336 5342 3475 5408 ἔτος.
3508 5350 3711 5401 Tag-06..

238 5434 606 5508 ςξκανομξας
694 5423 889 5499 ὄνομα,
942 5426 1030 5482 καί
1109 5434 1209 5497 τῆς
1276 5427 1413 5489 τέως
1492 5425 1676 5487 αὐτοῖς
1751 5424 1956 5494 ἐκείνης
2064 5448 2155 5481 τον
2216 5423 2274 5481 δὲ
2329 5430 2574 5487 κακεῖνος
2626 5425 2724 5494 τήν
2780 5425 2855 5488 εἰς
2911 5428 3000 5483 τὸν
3054 5434 3451 5509 πατριαρχικὸν
3523 5433 3715 5510 θρόνον

240 5528 558 5594 δοκούσης
616 5515 940 5593 κρείττονος
988 5514 1398 5592 πραγματείας·
1453 5513 1739 5568 ἀνακύπτει
1791 5511 1847 5568 δὲ
1893 5514 1961 5568 τά
2068 5515 2232 5571 ἆθλον
2288 5521 2388 5583 τῆς
2447 5513 2510 5568 ού
2566 5511 2743 5584 καλῆς
2798 5513 3121 5593 ἐπικαρπίας
3200 5520 3344 5597 εἶχεν
3423 5518 3722 5599 ἐνίδρυσιν,

238 5627 347 5689 τῆς
436 5605 811 5682 κακουργίας
888 5603 1108 5681 ῥήματά
1180 5625 1241 5659 τε
1313 5604 1404 5659 καὶ
1478 5601 1811 5679 πράγματα·
1869 5603 1959 5658 καὶ
2067 5605 2157 5659 καὶ
2186 5608 2255 5678 τῇ
2288 5601 2582 5674 Ἐκκλησία
2625 5609 2750 5679 παρ’
2779 5603 2906 5660 ὅλον
2955 5611 3145 5663 τοῦτον
3192 5610 3284 5664 τὸν
3334 5611 3531 5688 χρόνον
3582 5616 3728 5668 Θεοῦ

246 5709 455 5782 τολμᾷ
520 5721 616 5763 τις
677 5694 734 5751 ἐν
787 5696 926 5768 ἡμῖν
978 5692 1178 5770 λέγειν,
1212 5693 1294 5751 ὅτι
1332 5692 1422 5750 καὶ
1474 5690 1535 5749 ἐκ
1579 5697 1677 5748 τοῦ
1725 5693 1852 5747 Υἱοῦ
1898 5693 1962 5749 τὸ
2073 5696 2493 5773 συγχωροῦντος
2545 5689 2618 5748 δι’
2667 5692 2946 5773 ἁμαρτιῶν
3012 5696 3226 5755 πάντων
3276 5698 3510 5773 πλῆθος,
3561 5699 3607 5768 ᾧ
3657 5696 3726 5778 δὴ

568 5831 859 5897 Paeon.
908 5822 1022 5889 Gn.
1067 5822 1291 5887 CXLII.
3402 5827 3444 5911 δ
