4118 6446
235 463 340 522 237

1481 458 1812 520 SCRIPTA
1863 455 2404 517 APOLOGETICA
2419 499 2432 511 .

3544 456 3664 515 ‘238

230 595 414 664 πρῶτα
475 587 746 662 Ἰωάννης
805 588 964 667 ἔσχεν
1025 591 1052 644 6
1111 589 1303 650 Βέκκος
1339 635 1352 660 ,
1413 588 1500 658 ὃς,
1561 583 1746 654 ἐπειδὴ
1804 587 1903 655 τὴν
1933 591 1984 655 Α
2012 583 2144 661 τέρα
2169 585 2306 638 κατά
2347 585 2446 652 τήν
2492 581 2763 660 ἐπισφαλῆ
2813 603 2974 638 τινων
3020 581 3110 638 καὶ
3157 580 3476 638 ἀλλοκότων
3527 583 3659 638 ὑπό-

227 682 412 736 ὶειυτοῦ
485 677 834 749 Ἐκκλησίαν
910 679 1137 754 Χριστὸς
1211 676 1537 750 ἐπεσκέψατο
1571 721 1586 745 ,
1644 675 1734 730 καὶ
1796 676 1895 744 τὴν

231 767 462 823 ἐναντίαν
547 766 704 839 αύτῷ
759 787 821 822 τε
874 765 1055 840 τούτῳ
1109 766 1199 821 καί
1257 770 1336 838 τῷ
1391 769 1618 838 πονηρῷ
1673 763 1896 834 ἐκινήθη

233 855 600 930 σοντάγματι,
657 855 754 910 καὶ
809 859 1060 930 καθαρῶς
1120 855 1196 917 είς
1247 853 1508 930 ἀνάρῥουν
1569 852 1896 930 ἐχώρησεν,

235 944 280 1015 ἐξ
305 942 367 999 οῦ
393 944 628 1014 καὶτῆς
666 945 865 998 ἑαυτοῦ
891 941 1272 1020 γλωσσαλγίας
1321 943 1417 1005 τὰς
1470 941 1614 1013 ἀξίας
1668 937 1896 1015 ἔμελλεν

238 1032 648 1107 εἰσπράττεσθαι
683 1029 858 1100 δίκας,
918 1029 1074 1102 δόξας
1121 1029 1408 1107 ἐσχηκέναι
1463 1029 1766 1104 μετάμελον
1815 1027 1902 1107 ἐφ-

243 1125 312 1183 οῖς
365 1121 659 1192 λυττήσας
729 1123 868 1176 κατᾶ
921 1127 1023 1190 τῆς
1098 1119 1421 1190 Ἐκκλησίας
1494 1116 1853 1174 ἐνεανιεύσατο
1881 1163 1896 1189 ,

241 1206 494 1267 λὶὃελλον
561 1211 896 1284 συνθέμενος
954 1203 1168 1278 εὐσεϐῆ,
1233 1208 1324 1264 καὶ
1379 1212 1570 1263 τοῦτον
1628 1210 1698 1280 τῇ
1743 1205 1896 1270 εὐθυ-

235 1301 386 1374 νούση
438 1300 512 1354 13.
570 1305 697 1354 κατ’
755 1297 916 1354 αὐτὸν
975 1296 1283 1374 ἐγχειρίσας
1337 1293 1563 1368 συνόδῳ,
1617 1293 1716 1350 οὐκ
1759 1291 1892 1372 ἔφθη

238 1387 652 1466 φιλανθραητίας
701 1386 1056 1462 γευσάμενος,
1109 1385 1197 1440 καὶ
1251 1385 1354 1454 τῆς
1408 1381 1705 1454 καταδίκης
1743 1381 1895 1444 ἐκτὸς

233 1479 583 1553 γευσάμενος,
613 1477 710 1532 καὶ
752 1474 840 1532 ἐπὶ
867 1475 961 1531 τὸν
995 1471 1134 1529 ἴδιον
1177 1473 1332 1538 άῦθις
1377 1479 1480 1543 τῆς
1542 1470 1894 1548 βλασφημίας

236 1564 416 1639 ἔμετον
448 1565 793 1644 ἐπιστρέφει.
825 1567 901 1638 (ί)

295 1653 452 1712 Ἀλλ’
515 1643 764 1710 ἐκθετέον
822 1653 912 1708 καὶ
968 1652 1127 1708 αὐτὸν
1185 1651 1380 1707 ἐκεῖνον
1437 1651 1529 1705 τὸν
1588 1643 1848 1705 λίϐελλον
1875 1692 1892 1719 ,

225 1742 314 1798 ἰνα
357 1744 564 1806 πάντες
627 1742 954 1805 ἀκούσαντες
1005 1739 1370 1814 δοκιμάσωσιν
1434 1738 1480 1794 εἰ
1541 1740 1618 1812 μὴ
1669 1735 1892 1800 δικαίως

237 1832 426 1894 ἐκεῖνος
485 1829 960 1888 καταδεδίκασται.
1019 1829 1160 1906 Εἶχε
1209 1828 1390 1884 τοίνυν
1449 1827 1532 1884 ἐπ’
1576 1826 1744 1897 αὐτῆς
1791 1829 1890 1896 τῆς

236 1920 422 1992 λέξεως
485 1920 700 1976 οὑτωσί
727 1940 742 1954 ·
806 1944 834 1972 ‹ι
894 1918 1144 1996 Ἐπείπερ
1197 1917 1285 1974 ἐπὶ
1338 1921 1409 1992 τῇ
1466 1911 1716 1994 προϐάσῃ
1772 1914 1892 1970 ἐπι-

235 2009 446 2088 σφαλῶς
510 2008 812 2082 οἰκονομίᾳ
864 2016 964 2079 τῆς
1021 2005 1181 2077 δῆθεν
1239 2004 1690 2076 ἐκκλησιαστικῆς
1741 2005 1890 2080 εἰρή-

233 2121 344 2170 νης,
402 2099 550 2154 ὥστε
604 2102 1004 2174 συναπαγαγεῖν
1065 2117 1132 2169 με
1179 2097 1379 2158 πάντας
1441 2095 1518 2156 εἷς
1569 2095 1670 2163 τὴν
1705 2091 1888 2148 τοιαύ-

233 2210 322 2256 την
370 2188 632 2265 εἰρήνην,
693 2182 890 2257 συνέϐη
950 2183 1194 2256 λαλῆσαί
1255 2205 1321 2259 με
1365 2183 1457 2239 καὶ
1514 2182 1718 2260 γράψαι
1765 2181 1888 2255 περὶ

237 2277 518 2353 δηγμάτων
582 2276 1053 2348 ἐκκλησιαστικῶν
1089 2321 1104 2348 ,
1158 2273 1210 2328 ἐν
1289 2275 1371 2335 οἷς
1447 2272 1736 2348 εὑρέθησαν
1797 2270 1889 2326 καί

243 2387 340 2420 τινα
393 2361 640 2442 ῥηθέντα
698 2365 825 2442 παρ’
881 2365 1019 2438 ἐμοῦ
1075 2359 1348 2433 ἀπᾴδοντα
1401 2367 1518 2424 τοῖς
1573 2363 1742 2436 ἰεροῖς
1798 2359 1889 2414 καὶ

257 2455 389 2517 ἕξοις
448 2453 723 2532 δόγμασι,
774 2453 864 2508 καὶ
922 2451 1234 2531 ἐπισφαλῶς
1281 2449 1496 2528 ἔχοντα,
1550 2450 1685 2527 ἅπερ
1717 2449 1888 2512 οὕτως

261 2541 421 2618 ἤτε-πα
476 2544 578 2600 καὶ
634 2545 672 2612 ἡ
734 2542 848 2606 θεία
899 2541 992 2597 καὶ
1051 2540 1170 2618 ἱερᾶ
1242 2538 1465 2602 σύνοδος
1525 2538 1838 2617 ἐφωράσατο
1873 2555 1888 2568 ⁸

267 2631 390 2704 item
436 2633 506 2687 16
560 2629 750 2706 λέγειν
799 2651 866 2704 με
895 2629 979 2686 ὅτι
1033 2630 1098 2685 τὸ
1147 2633 1364 2703 Πνεῦμα
1408 2629 1472 2684 τὸ
1517 2629 1668 2705 ἅγιον
1717 2624 1887 2682 αἴτιον

254 2717 468 2794 ἔχειτῆς
498 2721 705 2775 ἑαυτοῦ
757 2718 1030 2796 ὑπάρξεως
1067 2719 1160 2774 τὸν
1209 2717 1420 2794 Πατέρα
1460 2717 1550 2772 καὶ
1597 2718 1690 2772 τὸν
1742 2715 1888 2772 Υἱὸν’

246 2809 316 2862 ni
343 2809 424 2872 εἰς
449 2813 624 2864 τοῦτο
655 2805 806 2886 φέρει
851 2807 943 2862 καὶ
990 2813 1270 2884 συμφωνεῖ
1315 2808 1406 2860 καὶ
1448 2809 1484 2876 ἡ
1535 2803 1678 2877 λέξις
1731 2807 1767 2875 ἡ
1799 2804 1888 2860 λέ-

237 2917 392 2970 ram
419 2898 484 2952 16
515 2901 749 2969 Πνεῦμα
794 2894 852 2950 ἐκ
895 2899 994 2950 τοῦ
1045 2895 1258 2970 Πατρὸς
1312 2891 1382 2948 δι’
1432 2895 1560 2949 Υἱοῦ
1609 2891 1890 2971 ἐκπορεύε-

231 2987 338 3040 σθαι
367 3032 389 3058 ,
466 2985 596 3049 ὅθεν
660 2985 754 3039 καὶ
835 2981 932 3038 δύο
989 2982 1336 3062 ἀναφαίνεται
1407 2985 1506 3038 τοῦ
1571 2982 1888 3056 Πνεύματος

231 3074 390 3144 αἴτια,
419 3075 516 3130 καὶ
545 3077 586 3144 ἡ
620 3075 928 3150 προσεχὴς,
981 3072 1072 3127 καὶ
1117 3073 1154 3141 ἡ
1195 3071 1476 3148 πόρρωθεν
1521 3071 1671 3147 ἀρχὴ
1716 3069 1889 3126 ἐντεῦ-

225 3175 308 3228 θεν
339 3165 690 3220 ὑπονοεῖταυ
739 3163 828 3217 καὶ
874 3160 1132 3217 τοσοῦτόν
1185 3159 1296 3216 ἐστι
1340 3160 1432 3216 καὶ
1482 3160 1510 3214 6
1539 3161 1664 3222 Υἱὸς
1717 3155 1888 3222 αἶ’τιος

217 3260 316 3322 τῆς
371 3252 664 3329 ὑπάρξεως
719 3256 816 3306 τοῦ
874 3249 1183 3324 Πνεύματος
1217 3296 1232 3317 ,
1291 3247 1414 3304 ὅσον
1475 3248 1596 3318 ἥκει
1657 3249 1732 3311 εἷς
1787 3249 1888 3318 τὴν

217 3341 308 3398 διά
329 3367 344 3378 ·
404 3327 586 3398 ταῦτα
641 3341 819 3396 πάντα
869 3338 986 3394 ἐπεὶ
1042 3338 1093 3393 ἐν
1153 3343 1270 3400 τοῖς
1328 3337 1565 3412 ἐμαυτοῦ
1619 3339 1886 3415 συγγράμ-
1917 3327 1959 3394 C

217 3453 346 3503 μασι
404 3431 506 3486 καὶ
560 3428 757 3506 λόγοις
818 3427 1160 3508 ἐμφερόμενα
1213 3426 1486 3504 εὕρηνται,
1538 3427 1676 3500 ἐμοῦ
1721 3431 1890 3482 ταῦτα

213 3522 302 3575 καὶ
355 3518 470 3575 οῦκ
525 3515 712 3573 ἄλλου
789 3518 1160 3595 φρονήσαντος
1237 3515 1328 3569 καὶ
1382 3513 1682 3592 γράψαντος
1717 3558 1730 3572 ,
1787 3515 1888 3570 Καὶ

211 3609 348 3682 πρὸς
381 3607 622 3668 τούτοις
655 3605 748 3662 καὶ
789 3606 854 3660 τὸ
899 3603 1076 3682 λέγειν
1122 3604 1294 3658 αἴτιον
1337 3602 1391 3659 ’ἐν
1437 3607 1537 3659 τοῦ
1574 3602 1889 3677 Πνεύματος

213 3700 304 3753 τὸν
329 3696 562 3772 Πατέρα
591 3694 805 3750 καὶτὸν
864 3694 1010 3767 Υὶὸν,
1061 3693 1114 3764 ἐξ
1167 3695 1240 3748 ὧν
1293 3693 1368 3756 ὡς
1400 3692 1507 3748 ἀπὸ
1555 3697 1680 3766 μιᾶς
1711 3693 1888 3770 ἀρχῆς

211 3788 300 3842 τιιὶ
334 3793 543 3864 πηγῆς
609 3782 728 3860 ἔχει
783 3785 848 3839 τὸ
905 3783 1060 3841 εἶναι.
1117 3786 1294 3838 Ταῦτα
1347 3781 1540 3852 πάντα,
1593 3782 1684 3836 καὶ
1731 3779 1788 3836 εἴ
1833 3804 1886 3837 τι

209 3873 395 3952 ἕτερον
425 3875 513 3936 εἰς
543 3875 652 3942 τὴν
700 3872 956 3943 τοιαύτην
1007 3869 1232 3927 ἀτοπίαν
1263 3869 1416 3950 φέφει
1467 3875 1563 3926 τοῦ
1595 3867 1899 3946 δόγματος,

209 3965 450 4020 ἐνώπιον
487 3967 594 4019 τοῦ
637 3967 772 4018 Θεοῦ
820 3962 911 4016 καὶ
962 3966 1070 4015 τῶν
1115 3955 1360 4038 φοϐερῶν
1409 3957 1654 4036 ἀγγέλων
1700 3959 1884 4032 αὐτοῦ,

207 4053 286 4108 ’ἑτι
335 4054 402 4110 δὲ
453 4051 556 4108 καὶ
607 4050 844 4106 ἐνώπιον
890 4057 992 4120 τῆς
1042 4047 1187 4112 θείας
1233 4049 1326 4104 καὶ
1374 4049 1520 4125 ἱερᾶς
1572 4044 1798 4102 συνόδου
1828 4045 1889 4103 ἐκ

205 4147 398 4220 ﬁnxi;
439 4141 654 4217 μέσης,
703 4138 883 4216 χωρίς
927 4159 1076 4200 τινος
1121 4135 1466 4210 δολιότητος,
1495 4137 1711 4192 καὶτοῦ
1743 4133 1888 4192 ἄλλα

207 4234 307 4304 μὲν
369 4231 654 4308 κρύπτειν
685 4276 703 4301 ,
757 4226 901 4284 ἄλλα
973 4225 1032 4283 δὲ
1089 4225 1264 4302 λέγειν
1338 4224 1738 4298 ἀποτρέπομαι,
1795 4225 1884 4280 καὶ

203 4322 404 4395 ἀθετῶ,
437 4320 542 4376 καὶ
590 4312 1011 4390 ἀποϐάλλομαι,
1065 4316 1140 4380 ὡς
1172 4315 1250 4378 εἰς
1283 4311 1513 4391 ἔσχατον
1541 4319 1728 4390 ψυχῆς
1759 4309 1884 4369 ὄλε-

203 4423 333 4484 ιρςν
378 4410 659 4490 φέροντα.
703 4405 994 4482 Ὀμολογῶ
1037 4404 1096 4460 δέ
1141 4401 1337 4483 καρδίᾳ
1379 4404 1470 4459 καὶ
1507 4403 1756 4478 στόματι,
1795 4403 1886 4458 καὶ

205 4489 401 4576 ξκνῶί
435 4498 640 4562 καθὼς
695 4492 896 4560 ἄνωθεν
947 4493 1215 4570 ὁμολογεῖ
1261 4496 1298 4564 ἡ
1334 4491 1462 4568 ἁγία
1491 4492 1580 4548 καὶ
1617 4489 1884 4562 καθολική

203 4587 543 4660 Iulus-ia,
603 4585 711 4653 τὴν
771 4584 924 4660 ἁγίαν
966 4581 1186 4659 Τριάδα,
1235 4583 1327 4638 τὸν
1358 4579 1452 4637 ἕνα
1497 4581 1648 4652 Θεὸν,
1687 4580 1882 4644 οὕτως*

2013 672 2179 746 ληψιν
2243 672 2302 728 ἂν
2352 669 2522 728 αἴτιον
2583 673 2672 728 καὶ
2729 671 2852 744 μίαν
2907 673 3087 748 ἀρχὴν
3143 676 3240 731 τοῦ
3298 671 3656 746 Πνεύματος.

2007 767 2184 818 Ταῦτα
2225 763 2320 834 μὲν
2371 761 2514 816 οὕτω
2561 765 2768 840 φρονῶ,
2815 761 2907 816 καὶ
2955 759 3191 836 εὔχομαι
3244 760 3411 836 μέχρι
3451 759 3540 816 καὶ
3571 781 3658 816 τε·

2011 849 2259 913 λευταίας
2301 851 2574 920 ἀναπνοῆς
2629 849 2772 905 οὕτω
2833 871 2900 922 με
2957 854 3258 928 φρονοῦντα
3303 849 3658 926 εὗρίσκεσθαι,

2009 940 2098 994 καὶ
2131 939 2184 995 έν
2229 945 2361 995 πᾶσι
2409 937 2672 1014 δόγμασιν
2726 939 3048 1017 ὁμοφρονεῖν
3093 943 3162 1013 τῇ
3213 938 3338 1015 ἁγίᾳ
3375 944 3478 994 ,τοῦ
3523 943 3661 995 Θεοῦ

2007 1027 2276 1102 καθολικῇ
2362 1026 2659 1100 Ἐκκλησία
2704 1073 2718 1099 ,
2794 1028 2931 1082 κατά
2999 1028 3098 1097 τὴν
3175 1027 3656 1106 ἀναγεγραμμένην

2009 1116 2334 1192 ὁμολογίαν.
2385 1116 2594 1180 Πάντας
2640 1113 2698 1171 δέ
2741 1115 2870 1178 τοὺς
2921 1117 2997 1190 μή
3049 1115 3193 1172 οὕτω
3239 1122 3586 1195 φρονοῦντας,
3617 1117 3656 1188 ἤ

2005 1205 2096 1260 καὶ
2148 1206 2224 1268 είς
2271 1207 2334 1260 τὸ
2395 1203 2600 1278 μέλλον
2653 1207 3044 1282 φρονήσοντας,
3097 1205 3500 1278 ἀκοινωνήτους
3537 1205 3655 1283 ἔχω

2006 1295 2096 1349 καὶ
2149 1289 2504 1365 άποϐλήτους
2536 1341 2550 1366 ,
2611 1294 2701 1349 καὶ
2752 1293 2944 1370 πόρῥω
2993 1300 3095 1364 τῆς
3155 1299 3264 1350 τῶν
3322 1300 3654 1372 Χριστιανῶν

2013 1381 2306 1459 ὀρθοδόξου
2354 1383 2609 1446 πίστεως.
2664 1383 2831 1445 Οὗτός
2872 1382 3012 1438 ἐστιν
3059 1385 3088 1438 6
3116 1391 3218 1454 τῆς
3263 1383 3404 1458 ἐμῆς
3445 1382 3654 1458 ὁμολο-

2002 1471 2124 1547 γίας
2154 1474 2244 1527 καὶ
2287 1473 2518 1535 πίστεως
2567 1466 2851 1546 λίϐελλος,
2903 1469 2972 1526 δι’
3023 1471 3086 1526 οὗ
3131 1473 3221 1528 καὶ
3263 1478 3423 1529 πᾶσιν
3457 1475 3656 1548 ἀνομο-

2005 1559 2160 1636 λογῶ
2209 1559 2300 1616 καί
2375 1557 2816 1637 διαμαρτύρομαι
2886 1559 2978 1616 καὶ
3032 1566 3240 1637 τρανῶς
3294 1564 3602 1640 παριστάνω
3636 1609 3650 1637 ,

2003 1649 2152 1713 ὅπως
2199 1648 2313 1726 ἔχω
2367 1657 2470 1720 τῆς
2515 1651 2652 1726 πρὸς
2709 1651 2800 1705 τὸν
2861 1650 2990 1706 Θεὸν
3045 1646 3338 1724 εὐσεϐείας,
3387 1652 3478 1708 καὶ
3506 1651 3655 1717 ὅπως

2002 1738 2320 1815 ὁλοσχερῶς
2377 1738 2635 1816 ἐξέχομαι
2691 1743 2798 1794 τῶν
2861 1738 3226 1816 εὖαγγελικῶν
3277 1741 3368 1796 καὶ
3426 1743 3654 1797 ἀποστο-

2001 1827 2170 1884 λικῶν
2245 1827 2336 1884 καὶ
2415 1831 2692 1902 πατρικῶν
2779 1825 3066 1904 δογμάτων
3130 1828 3219 1884 καὶ
3279 1826 3650 1906 διδαγμάτων.

2001 1917 2151 1972 Ἐπεὶ
2203 1916 2260 1972 δὲ
2296 1915 2469 1972 ἕνεκεν
2514 1923 2614 1987 τῆς
2662 1914 2880 1990 τόλμης
2932 1921 2998 1987 ἧς
3033 1916 3348 1996 ἐπισφαλῶς
3393 1917 3652 1982 κατετόλ-

2003 2027 2151 2080 μησα
2197 2002 2276 2068 εἷ’ς
2323 2026 2442 2060 τινα
2483 2011 2593 2062 τῶν
2639 2005 2942 2082 εἰρημένων
2990 2007 3150 2062 θείων
3205 2004 3492 2082 δογμάτων
3519 2029 3654 2064 κατ-

2000 2091 2286 2165 εδικάσθην
2343 2094 2649 2171 καθαίρεσιν
2708 2101 2811 2164 τῆς
2870 2095 3284 2172 ἀρχιερωσύνης
3351 2099 3500 2174 παρὰ
3553 2101 3653 2152 τοῦ

2001 2184 2308 2259 ἁγιωτάτου
2366 2181 2628 2238 δεσπότου
2683 2183 2773 2238 καὶ
2829 2183 3212 2257 οἷκουμενικοῦ
3267 2186 3610 2263 πατριάρχου
3634 2233 3651 2260 ,

1999 2273 2090 2327 καὶ
2144 2279 2246 2342 τῆς
2300 2273 2425 2347 περὶ
2483 2270 2642 2326 αὐτὸν
2704 2271 2846 2335 θείας
2896 2271 2987 2328 καὶ
3043 2273 3192 2350 ἱερᾶς
3241 2271 3488 2348 συνόδου,
3530 2274 3582 2330 ἐν
3613 2273 3652 2350 ᾖ

1999 2359 2261 2436 ἐπιδημεῖ
2329 2361 2421 2417 καὶ
2491 2362 2519 2415 6
2594 2361 2898 2436 αγιώτατος
2953 2358 3178 2424 πάππας
3243 2360 3650 2440 Ἀλεξανδρείας

1998 2449 2090 2504 καὶ
2137 2449 2508 2525 πατριάρχης,
2568 2445 2803 2524 δέχομαι
2859 2448 2951 2504 καὶ
3005 2449 3106 2518 τήν
3165 2449 3420 2522 τοιαύτην
3469 2452 3655 2514 καθαί-

2003 2559 2165 2616 ρεσιν,
2225 2539 2300 2601 ὡς
2359 2536 2630 2610 ἐνθέσμως
2685 2537 2775 2592 καὶ
2833 2543 3132 2601 κανονικῶς
3183 2544 3504 2616 γεγονυῖαν,
3560 2541 3651 2596 καὶ

2001 2627 2202 2705 στέρξω
2237 2629 2336 2696 τὴν
2392 2627 2650 2696 τοιαύτην
2707 2629 2912 2704 ψῆφον,
2970 2627 3046 2689 ὡς
3104 2625 3314 2684 δικαίαν
3358 2629 3450 2684 καὶ
3504 2625 3654 2692 ἔννο-

2003 2737 2104 2789 μον
2140 2759 2156 2785 ,
2216 2714 2490 2790 μηδέποτε
2543 2715 2936 2790 πειρασόμενος
3011 2715 3309 2794 ἱερωσύνην
3392 2717 3650 2781 ἀνακαλέ-

1997 2807 2186 2860 σασθαι
2197 2849 2209 2862 .
2241 2829 2268 2856 ››

2066 2899 2242 2949 Ταῦτα
2298 2892 2501 2954 ἐκεῖνος
2551 2893 2838 2967 ἐκθέμενος
2867 2939 2882 2965 ,
2940 2893 3031 2950 καὶ
3091 2894 3264 2967 οἰκείᾳ
3318 2896 3466 2972 χειρὶ
3515 2899 3648 2975 γρά-

1998 2987 2102 3058 ψας
2133 2983 2222 3038 καὶ
2264 2983 2601 3059 ὑπογράψας,
2655 2983 2732 3046 ὡς
2776 2983 2952 3037 ἄνεσιν
3003 2978 3195 3040 ἔλαϐεν
3250 2983 3356 3040 ἀπὸ
3411 2989 3509 3040 τοῦ
3566 2985 3648 3042 δι-

1997 3073 2294 3148 καστηρίου
2327 3119 2342 3145 ,
2401 3071 2638 3142 καθάπαξ
2713 3072 2989 3142 ἠθέτησε.
3045 3073 3146 3128 Καὶ
3217 3071 3384 3128 πάλιν
3459 3069 3650 3151 βιϐλία

1998 3161 2270 3216 συντάττει
2304 3205 2319 3230 ,
2376 3160 2466 3216 καὶ
2513 3159 2678 3216 πάλιν
2737 3157 3129 3239 βλασφημίαι,
3183 3163 3274 3217 καὶ
3330 3163 3432 3218 πά)
3449 3186 3494 3218 ιν
3555 3163 3648 3222 δό-

1996 3272 2181 3326 γματα
2231 3250 2380 3318 νόθα,
2437 3249 2528 3304 καὶ
2589 3249 2768 3326 λόγων
2823 3247 3008 3306 ἄλλων
3067 3253 3494 3329 παρεισαγωγαὶ,
3550 3253 3642 3318 οὓς

1999 3339 2098 3396 οὐκ
2150 3335 2346 3415 ᾔδεσαν
2414 3339 2466 3394 οἱ
2525 3339 2759 3415 Πατέρες
2814 3341 2974 3412 ἡμῶν
3009 3385 3022 3398 .
3079 3339 3475 3413 Φιλονεικήσας
3539 3345 3644 3422 γὰρ

1997 3429 2183 3484 ἑαυτὸν
2235 3432 2342 3483 τῶν
2401 3426 2606 3498 ταύτης
2661 3434 2762 3498 τῆς
2809 3427 2998 3492 κακίας
3043 3427 3406 3505 ἐγκλημάτων
3451 3433 3646 3488 ἀνώτε-

1999 3539 2091 3594 ρον
2151 3514 2448 3589 ἀποδεῖξαι,
2502 3516 2591 3572 καὶ
2649 3513 2769 3572 δέον
2823 3521 2984 3572 τοῦτο
3047 3517 3184 3594 μόνῃ
3243 3519 3502 3592 μετανοίᾳ
3555 3522 3646 3578 καὶ

1997 3607 2247 3678 ἀθετήσει
2293 3607 2369 3660 ὧν
2417 3610 2598 3668 κακῶς
2646 3604 2888 3661 συνέθετο
2937 3609 3154 3682 πρᾶξαι,
3203 3610 3231 3663 ὁ
3265 3606 3323 3664 δέ
3367 3611 3468 3680 τὴν
3517 3607 3642 3668 ὁδὸν

1997 3695 2265 3772 ἀγνοήσας
2323 3694 2634 3769 ἐκτρέπεται
2683 3699 2780 3750 τοῦ
2833 3695 3034 3768 εὐθέος,
3081 3697 3172 3752 καὶ
3201 3702 3458 3754 τοσοῦτον
3505 3699 3645 3774 μᾶλ-

1997 3782 2098 3840 λον
2127 3784 2162 3854 ἢ
2197 3783 2458 3861 πρότερον
2489 3783 2563 3846 εἷς
2614 3781 2876 3858 ἀδόκιμον
2924 3783 3170 3842 ἐκπίπτει
3219 3792 3366 3842 νοῦνο
3397 3789 3474 3851 ὡς
3505 3788 3648 3845 είκά-

1999 3879 2103 3942 ζειν
2135 3874 2230 3947 μὲν
2261 3873 2426 3929 αὐτοῦ
2491 3873 2628 3950 πρὸς
2690 3877 2882 3951 μικρὸν
2935 3877 3035 3945 τῆς
3089 3875 3304 3947 πλάνης
3349 3878 3648 3956 ἀποχωρῆ-

1997 3983 2082 4017 σαι
2113 3967 2346 4036 πνεῦμα,
2402 3959 2718 4038 ἐπιδραμεῖν
2769 3960 2828 4018 δέ
2875 3963 3026 4026 αὖθις
3075 3965 3223 4038 αύτῷ
3272 3968 3406 4040 μετά
3452 3967 3645 4024 πλείοσι

1994 4073 2087 4114 νος
2111 4059 2212 4122 τῆς
2241 4059 2606 4128 παρασκευῆς,
2640 4050 2748 4128 οὐχ
2797 4051 2932 4107 ἐπτά
2977 4052 3138 4126 μόνον
3171 4055 3646 4134 συμπαρειληφὸς,

1995 4137 2123 4195 ἀλλ’
2151 4138 2280 4195 ὅλον
2329 4137 2569 4216 λεγεῶνα
2612 4140 2956 4214 πνευμάτῶν,
3002 4143 3092 4197 καὶ
3135 4149 3304 4200 πᾶσαν
3349 4144 3514 4200 αὐτοῦ
3541 4147 3642 4216 τὴν

1994 4231 2090 4298 τῆς
2121 4232 2306 4304 ψυχῆς
2363 4229 2549 4304 χώραν
2607 4230 2696 4284 καὶ
2754 4235 3042 4306 κατασχεῖν
3076 4232 3164 4287 καὶ
3207 4232 3518 4306 πληρῶσαι.
3568 4235 3644 4290 Οῦ

1997 4315 2064 4387 δὴ
2113 4314 2274 4393 χάριν
2329 4317 2419 4372 καὶ
2473 4315 2622 4380 αὖθις
2683 4317 3083 4391 μετακαλεῖται,
3141 4321 3230 4376 καὶ
3291 4322 3490 4398 λόγους
3541 4329 3644 4394 τῆς

1995 4403 2172 4476 καλῆς
2217 4405 2419 4476 ταύτης
2474 4401 2788 4479 μεταϐολῆς
2839 4407 3141 4464 ἀπαιτεῖται
3169 4452 3180 4462 .
3233 4409 3540 4467 Μετακαλεῖ
3584 4409 3648 4468 δὲ

1996 4494 2154 4550 αὐτόν
2199 4515 2282 4558 τις
2330 4491 2518 4572 ἕτερος
2549 4496 2584 4565 ἢ
2619 4496 2648 4550 ὁ
2699 4493 2881 4567 ζηλῶν
2932 4503 3050 4570 Θεῴ
3099 4501 3495 4577 παντοκράτορι
3550 4501 3648 4577 βα-

1996 4583 2201 4656 σιλεὺς,
2249 4585 2277 4639 6
2335 4583 2426 4639 καὶ
2484 4585 2622 4660 πρὸς
2677 4586 2776 4654 τὴν
2833 4589 2932 4656 τῆς
2993 4585 3318 4658 Ἐκκλησίας
3366 4589 3454 4644 καὶ
3503 4589 3650 4646 εὐσε-

203 4679 288 4733 ὅτι
323 4681 352 4735 ὁ
409 4679 622 4750 Πατήρ
687 4670 812 4729 οῦτε
861 4672 912 4744 ἐξ
963 4673 1169 4750 ἐτέρου,
1217 4669 1341 4728 οὔτε
1392 4670 1442 4744 ἐξ
1491 4670 1782 4758 ἐαυτοῦᾼτὸ
1813 4669 1886 4726 εἶ·
1921 4694 1967 4758 D
1998 4667 2146 4734 ϐείας
2197 4670 2601 4747 ἀνοικοδομήν,
2649 4672 2748 4728 ὅσα
2792 4674 2883 4728 καὶ
2929 4675 3053 4752 χεὶρ
3093 4675 3241 4749 αὐτῷ
3285 4681 3367 4750 τῷ
3414 4679 3650 4753 Ὑψίστῳ

201 4788 286 4822 ται
313 4766 466 4844 ἔχει,
507 4762 652 4819 ἀλλ’
697 4760 940 4839 ἅναρχός
988 4760 1097 4817 ἐστι
1136 4761 1225 4816 καὶ
1273 4759 1536 4822 ἀναίτιος.
1583 4761 1641 4813 Ὁ
1689 4756 1747 4814 δέ
1797 4780 1893 4833 μο-

195 4859 427 4932 νον-βνῆς
466 4855 610 4915 Υἱὸς
652 4856 758 4906 τοῦ
801 4855 939 4906 Θεοῦ
987 4850 1046 4905 ἐκ
1091 4851 1303 4926 Πατρὸς
1353 4850 1452 4919 τὴν
1504 4847 1728 4926 ὕπαρξιν
1772 4869 1891 4925 γεν-

192 4952 378 5018 νητῶς
411 4944 522 5000 καὶ
555 4938 741 4998 αἴτιον
776 4936 892 5016 ἔχει
920 4939 1015 4995 τὸν
1063 4940 1295 5014 Πατέρα.
1345 4938 1416 4992 Τὸ
1467 4935 1525 4992 δέ
1576 4941 1796 5010 Πνεῦμα
1827 4937 1892 4991 τὸ

189 5037 350 5108 ἔτιον
411 5031 712 5108 ὁμολογῶ
767 5028 858 5083 καὶ
912 5027 1174 5097 πιστεύω,
1233 5027 1316 5083 ὅτι
1375 5025 1436 5081 ἐκ
1487 5029 1586 5080 τοῦ
1641 5029 1774 5080 Θεοῦ
1802 5026 1892 5080 καὶ

185 5127 413 5202 Ila-196:
441 5123 566 5190 τήν
621 5115 854 5192 ὕπαρξιν
902 5113 1017 5193 ἔχει
1071 5115 1429 5192 ἐκπορευτῶς.
1481 5114 1580 5169 Καὶ
1629 5115 1659 5168 6
1705 5115 1892 5190 Πατὴρ

178 5217 324 5269 κατά
367 5215 482 5274 τὰς
541 5208 708 5285 ἱεράς
755 5211 864 5262 τῶν
919 5203 1260 5266 διδασκάλων
1322 5204 1505 5282 φωνὰς
1553 5201 1724 5266 αἶ’τιός
1783 5202 1892 5260 ἐστι

175 5309 282 5360 τσῦ
339 5305 487 5360 Ποῦ
550 5296 656 5353 καί
709 5299 811 5351 τοῦ
867 5295 1199 5368 Πνεύματος·
1259 5295 1360 5362 τῆς
1393 5317 1421 5344 ι(
1468 5289 1558 5346 διὰ
1611 5296 1710 5346 τοῦ
1765 5293 1895 5347 Υἱοῦ

181 5395 628 5471 ἐπιπορεύεσθαι,
697 5412 724 5438 n
790 5391 974 5463 φωνῆς
1030 5380 1160 5458 μηδ’
1218 5380 1364 5444 ὅλως
1423 5379 1748 5456 είσαγούσης
1801 5381 1893 5436 τὸν

185 5467 332 5540 Πάν’
359 5481 565 5540 αἴτιον
619 5474 764 5532 εἶναι
809 5477 909 5530 τοῦ
955 5472 1289 5546 Πνεύματος,
1336 5468 1374 5540 ἤ
1425 5471 1546 5534 καθ’
1600 5469 1810 5542 ἑαυτὸν,
1857 5467 1895 5540 ἤ

193 5576 324 5631 πετά
375 5576 498 5630 τοῦ
565 5564 818 5640 Πατρὸς,
876 5563 951 5626 ὡς
1008 5563 1140 5618 εἶναι
1193 5561 1286 5616 τὸν
1341 5560 1466 5614 ι’ἱὸν
1516 5559 1606 5614 καὶ
1661 5559 1754 5614 τὸν
1786 5564 1897 5614 Πα-

247 5710 258 5719 .
279 5691 332 5770 ι)
362 5684 579 5756 κει-ε.
690 5671 846 5770 A3331)
877 5673 914 5744 ἡ
948 5674 1046 5726 τοῦ
1067 5669 1294 5760 ’Βέσκιζδ
1345 5665 1603 5760 μετάνοια
1620 5667 1726 5770 ²’,καὶ
1760 5667 1898 5770 άτξοη

255 5749 274 5766 ι
431 5758 468 5769 σ
586 5748 624 5770 ο
682 5766 781 5770 ___
839 5765 954 5770 ---,__
1026 5745 1183 5770 _..-..?:
1245 5755 1531 5770 λ--........-...
1581 5759 1612 5770 υ
1651 5761 1678 5770 ..
1731 5740 1806 5770 -.ι
1851 5761 1898 5770 ...

191 5738 338 5826 εοῖἧ
362 5738 554 5811 :31:
585 5738 954 5828 βλασφήμὼν
1024 5741 1187 5796 αὐτοῦ
1243 5738 1531 5820 δογμάτων
1581 5738 1678 5795 κᾶν
1730 5739 1898 5796 πάλιν

1999 4761 2312 4837 γενόμενος,
2369 4761 2426 4816 ὃν
2485 4761 2575 4816 καὶ
2628 4768 2828 4831 Μωσῆν
2884 4761 3002 4818 νέον
3059 4763 3165 4842 ἐγὼ
3211 4764 3440 4838 καλοίην
3470 4764 3650 4837 ἡδέως

2000 4849 2090 4905 καὶ
2151 4855 2285 4906 Θεοῦ
2340 4851 2640 4928 θεράποντα
2690 4851 2807 4906 κατ’
2873 4850 3162 4928 ἐξαίρετον,
3221 4855 3504 4932 Αἰγύπτου
3560 4857 3652 4912 καὶ

2003 4937 2278 5008 δουλείας,
2316 4938 2378 4994 οὐ
2429 4940 2566 4995 κατὰ
2617 4941 2718 5009 τήν
2772 4939 3006 4996 παλαιὰν
3065 4941 3275 5015 ἐκείνην
3333 4945 3598 5018 αἰσθητὴν
3633 4993 3648 5020 ,

2004 5027 2148 5084 ἀλλά
2203 5049 2352 5090 τινος
2411 5033 2602 5103 μακρῷ
2674 5026 3065 5107 χαλεπωτέρας
3139 5033 3230 5087 τὸν
3307 5035 3426 5098 καθ’
3501 5037 3652 5110 ἡμᾶς

2005 5115 2221 5196 Ἰσραὴλ
2279 5116 2678 5193 ἐξαιρούμενον,
2737 5115 2885 5188 πλὴν
2960 5119 3052 5175 τὸν
3111 5121 3206 5195 μὲν
3270 5121 3652 5199 βασιλέα’τῆς

2007 5206 2298 5282 ὑπηρεσίας
2353 5203 2526 5261 ’ένεκεν
2578 5205 2784 5278 ταύτης
2824 5212 3006 5285 χεῖρες
3059 5209 3152 5284 μὲν
3185 5207 3402 5288 ἔχουσιν
3435 5211 3487 5268 ἐν
3529 5213 3652 5269 ἐαυ-

2003 5302 2120 5358 ταῖς
2169 5295 2624 5373 ἐζωγραφημένον
2671 5296 2726 5350 αἱ
2769 5300 2866 5351 τοῦ
2907 5303 3062 5371 Θεοῦ,
3115 5295 3302 5376 βίϐλοι
3351 5299 3398 5356 δ’
3449 5302 3654 5358 ἐκείνου

2007 5385 2227 5462 φέρουσι
2259 5384 2661 5460 γεγραμμένον.
2717 5384 2817 5440 Καὶ
2863 5387 3010 5460 ἡμᾶς
3065 5387 3128 5442 ού
3181 5386 3265 5444 δεῖ
3305 5388 3492 5447 πολλά
3521 5391 3656 5469 γρά-

2008 5495 2124 5554 φειν
2155 5473 2280 5550 περὶ
2311 5471 2496 5528 αὐτοῦ.
2537 5473 2596 5526 Ὃ
2627 5469 2685 5528 δέ
2713 5494 2772 5550 γε
2810 5474 3008 5539 Βέκκος
3064 5475 3212 5555 παρά
3255 5499 3316 5534 τε
3363 5487 3465 5551 τῆς
3509 5481 3660 5558 ἱερᾶς

2009 5561 2239 5618 συνόδου
2297 5561 2498 5638 λόγους
2556 5561 2975 5638 ἀπαιτούμενος,
3032 5565 3115 5622 ὅτι
3171 5567 3334 5645 χάριν
3374 5569 3658 5641 ἐπαινετῆς

2013 5672 2146 5758 μετά
2195 5669 2392 5758 μικρδν
2424 5663 2776 5758 παλίμβολος
2826 5668 2900 5758 ςὸν
2948 5675 3086 5758 πρὸς
3133 5675 3284 5749 αὐτὰ,
3335 5675 3424 5732 καὶ
3474 5675 3658 5758 ὥσπερ

2008 5737 2153 5798 κύων
2191 5737 2279 5798 ἐπὶ
2303 5737 2400 5798 τὸν
2429 5737 2578 5797 ἴδιον
2601 5739 2920 5822 ἐπέστρεψεν
2953 5737 3167 5821 ἔμετον.
