4118 6490
524 557 641 616 239

1549 552 1869 615 GEORGII
1913 552 2179 614 CYPRII
2222 552 2341 612 GP.
2389 553 2921 618 PATRIARCHAE

3806 558 3916 620 210

530 682 890 759 μεταμελείας
945 684 1240 756 ἁψάμενος,
1298 683 1388 736 καὶ
1442 684 1542 752 τήν
1596 688 1759 758 χεῖρα
1803 679 2442 758 εύαγγελικῶςΑαύτὸν
2499 682 2671 738 αἶ’τιον
2728 684 2860 740 εἶναι
2920 689 3103 741 νοοῦσι
3177 690 3275 741 τοῦ
3332 684 3643 759 Πνεύματος
3705 687 3921 741 ὑποστά-

528 774 695 829 εἲπεῖν
762 772 845 827 ἐπ’
902 769 1129 849 ἄροτρον
1191 770 1392 846 βαλὼν,
1446 772 1535 826 καὶ
1592 776 1661 845 τῇ
1718 770 2010 841 Ἐκκλησία
2056 792 2174 824 συν-

528 864 747 936 θέμενος
802 859 1040 932 ἕπεσθαι,
1103 859 1337 935 ἐστράφη
1398 858 1562 914 πάλιν
1624 861 1699 922 εἷς
1745 861 1812 914 τά
1866 859 2039 913 ὀπίσω
2084 859 2173 913 καὶ

528 951 605 1013 εἷς
634 953 733 1020 τὴν
782 955 890 1005 τῶν
938 950 1176 1027 οὐρανῶν
1230 950 1332 1003 οὑκ
1374 947 1585 1012 εῦθετος
1634 948 1826 1023 γέγονε
1872 945 2173 1023 βασιλείαν,

528 1042 591 1095 τὸ
625 1039 950 1118 βλάσφημον
999 1043 1095 1093 τοῦ
1146 1037 1310 1114 ὀρθοῦ
1358 1039 1725 1114 προτιμήσας,
1772 1041 2028 1091 τοσοῦτον
2077 1035 2177 1090 οὑκ

529 1128 811 1207 ἐφθέγξατο
870 1127 1122 1198 ἐπιεικὲς,
1178 1126 1266 1181 καὶ
1316 1127 1428 1180 οἷον
1489 1126 1547 1180 ἂν
1604 1125 1760 1181 αὑτὸν
1816 1130 1913 1180 τοῦ
1973 1126 2048 1198 μὴ
2079 1146 2173 1179 και

525 1220 616 1274 κὸν
669 1224 898 1295 φανῆναι
945 1214 1297 1285 συνέστειλεν,
1351 1214 1487 1269 ὥστε
1542 1215 1632 1269 καὶ
1686 1219 1981 1285 τηνικαῦτα
2031 1212 2170 1286 μᾶλ-

527 1307 626 1364 λον
682 1310 877 1384 γέγονε
933 1303 1126 1375 δῆλος,
1187 1304 1269 1359 ὅτι
1317 1301 1565 1382 σφοδρῶς
1616 1302 1852 1379 ἐνέχεται
1900 1307 1968 1376 τῇ
2007 1323 2170 1357 κακο-

526 1394 696 1469 δοξίᾳ,
729 1395 812 1451 ὅτι
842 1395 933 1449 καὶ
976 1394 1133 1449 αὐτὸν
1183 1393 1351 1463 αὐτῆς
1401 1393 1701 1462 ἀποστῆναι
1750 1392 1950 1447 πείθειν
1998 1388 2173 1452 οὐδεὶς

526 1484 689 1561 λόγος
744 1482 1028 1555 δυνήσεται
1063 1525 1077 1539 .
1137 1484 1290 1537 Ὅθεν
1350 1481 1439 1536 καὶ
1500 1482 1528 1536 6
1584 1486 1690 1536 τῶν
1744 1477 1973 1536 εὐσεϐῶν
2032 1479 2168 1542 ἄπας

522 1574 803 1649 σύλλογος
863 1572 1019 1645 ζήλῳ
1079 1570 1271 1644 δικαίῳ
1328 1571 1670 1647 χρησάμενοι
1725 1572 1840 1625 κατ’
1897 1569 2059 1623 αὑτοῦ
2113 1589 2172 1623 τε

520 1664 610 1719 καὶ
664 1668 772 1718 τῶν
832 1664 947 1724 οἷος
992 1661 1149 1723 αὐτὸς
1206 1664 1301 1730 τὴν
1359 1660 1587 1734 γνώμην
1617 1659 1756 1714 ἐστὶν
1789 1706 1803 1729 ,
1836 1656 1942 1713 ὧδε
1998 1658 2086 1712 καὶ
2118 1658 2169 1712 01

520 1751 693 1808 πάλαι
759 1751 965 1807 λευῖται
1044 1751 1179 1805 κατά
1250 1754 1357 1804 τῶν
1435 1748 1649 1803 οἰκείων
1727 1745 1974 1826 ἀδελφῶν
2037 1750 2167 1801 υἱῶν

521 1840 743 1917 Ἰσραὴλ
798 1846 905 1896 τῶν
954 1838 1325 1910 ἀθετησάντων
1378 1836 1703 1914 ἐχρήσαντο,
1751 1839 1851 1906 τὴν
1903 1836 2167 1914 ἀπόφασιν

524 1930 787 2009 άποφαινό
796 1932 949 2004 μεθα.

593 2022 659 2077 α’.
722 2019 936 2093 Ἰωάννῃ
1006 2023 1086 2090 τῷ
1160 2020 1341 2089 Βέκκῳ
1397 2016 1485 2071 καὶ
1541 2021 1656 2078 τοῖς
1725 2013 2166 2085 έξακολουθοῦσιν

527 2108 673 2181 αὐτῷ
704 2155 718 2181 ,
774 2107 1159 2179 Κωνσταντίνῳ
1221 2106 1285 2177 δή
1346 2128 1489 2183 φημι
1548 2110 1626 2176 τῷ
1682 2102 2044 2177 Μελιτινιὼτῃ
2080 2103 2169 2183 καί

533 2198 791 2273 Γεωργίῳ
846 2202 925 2269 τῷ
982 2195 1278 2271 Μετοχίτῃ,
1339 2182 1419 2249 ὅτι
1468 2194 1519 2265 ἐξ
1567 2197 1727 2267 ἡμῶν
1776 2193 2046 2268 γεγόνασι,
2078 2182 2167 2248 καὶ

525 2294 643 2350 τοῖς
694 2286 983 2362 ἡμετέροις
1032 2284 1391 2361 ἐνετράφησαν
1451 2283 1588 2337 ἔθεσί
1645 2305 1702 2337 τε
1766 2282 1855 2337 καί
1908 2281 2166 2357 δόγμασι,

524 2375 613 2431 καὶ
672 2375 771 2431 οὐκ
829 2374 1099 2448 ἐνέμειναν
1155 2373 1391 2446 τούτοις,
1442 2371 1705 2448 ἐγγενέσιν
1766 2371 1881 2426 οὖσι
1929 2373 2019 2426 καὶ
2060 2394 2167 2427 πα-

520 2464 690 2538 τρίοις
749 2464 945 2532 αὐτῶν,
997 2463 1085 2517 καὶ
1145 2460 1232 2516 διὰ
1288 2460 1485 2523 παντὸς
1537 2456 1877 2536 βεϐαιωθεῖσι
1905 2466 2001 2515 τοῦ
2030 2462 2166 2537 χρό-

515 2575 633 2623 νου,
692 2552 743 2623 ἐξ
785 2552 846 2606 οῦ
903 2550 1133 2628 Χριστὸς
1189 2547 1389 2625 ἤρξατο
1446 2547 1911 2623 καταγγέλλεσθαι
1966 2550 2056 2602 καὶ
2112 2548 2164 2611 ἐς

519 2640 724 2718 δεῦρο,
785 2639 930 2696 ἀλλά
1000 2640 1251 2713 τούτων,
1311 2640 1425 2693 καθ’
1483 2639 1556 2691 ὧν
1617 2636 1738 2693 οῦτε
1796 2636 1927 2708 ᾅδου
1994 2636 2163 2692 πύλαι

519 2727 769 2806 ἴσχυσαν,
821 2726 944 2784 οὔτε
1004 2730 1110 2801 μὴν
1163 2727 1501 2803 ἰσχύσουσιν,
1559 2724 1860 2801 ὑπερεῖδον,
1916 2726 2015 2781 οὑκ
2061 2724 2161 2781 οἷδ’

521 2818 551 2873 6'
579 2840 630 2872 τι
677 2817 767 2873 καὶ
813 2820 1147 2892 καταγνῶναι
1204 2816 1238 2884 ἢ
1287 2817 1362 2889 μὴ
1410 2815 1642 2870 ἐπαινεῖν
1698 2815 1871 2870 αὑτῶν
1923 2812 2162 2891 ἔχοντες,

523 2905 677 2980 δόξαν
749 2905 807 2963 δὲ
873 2907 1260 2981 ἆντεισήγαγον
1331 2902 1604 2980 ἄγνωστον
1679 2906 1980 2959 παντάπασι
2047 2910 2165 2967 τοῖς

525 2999 792 3074 ΙΙατράσιν
838 2995 1011 3051 αὐτῶν
1060 2997 1200 3068 μήτε
1242 2994 1305 3048 τὸ
1357 2994 1461 3048 ἀπὸ
1492 2994 1695 3069 χρόνου
1745 2998 1851 3048 τῶν
1904 2994 2163 3068 κειμένων

524 3084 853 3148 αἰδεσθέντες
908 3090 1212 3159 πρεσοεῖον,
1277 3085 1415 3155 μήτε
1473 3084 1578 3156 μὴν
1630 3081 1757 3145 τοῦς
1813 3082 2018 3137 τούτων
2079 3083 2166 3137 έκ-

527 3178 815 3255 φάντορας,
850 3173 902 3231 0'1
931 3174 1116 3229 καὶτὰ
1156 3177 1253 3228 τοῦ
1304 3170 1617 3245 ΙΙνεύματος
1667 3171 1765 3226 οὐκ
1812 3170 1996 3233 ἄλλως
2040 3171 2165 3227 ἐλά-

530 3264 660 3322 λουν
713 3264 750 3335 ἤ
810 3264 1041 3338 πλήρεις
1100 3260 1377 3338 γεγονότες
1427 3266 1522 3315 τοῦ
1579 3260 1912 3333 ΙΙνεύματος.
1943 3260 2164 3326 Τούτοις

525 3353 615 3409 οὖν
673 3354 776 3426 ὅτι,
818 3351 1189 3431 διαφθαρέντες
1242 3353 1519 3423 τοσοῦτον,
1581 3347 1778 3404 ἔκτοπα
1832 3350 1922 3404 καὶ
1976 3350 2166 3428 πόρῥω

521 3448 628 3497 τῶν
689 3439 1136 3517 παραδεδομένων
1184 3439 1270 3494 ἐπὶ
1308 3437 1458 3512 λύμῃ
1519 3439 1607 3492 καὶ
1666 3443 2008 3516 καταστροφῇ
2064 3448 2166 3511 τῆς

519 3531 843 3602 Ἐκκλησίας
921 3530 1217 3609 ἐφρόνησαν
1266 3548 1279 3560 ·
1361 3531 1475 3583 εἷτα
1544 3534 1647 3597 τῆς
1720 3528 1911 3601 μανίας
1962 3529 2162 3600 ταύτης

522 3621 716 3698 χρόνον
775 3617 841 3691 δή
910 3640 1026 3674 τινα
1103 3612 1461 3693 μετεϐάλοντο
1496 3664 1509 3689 ,
1570 3616 1788 3679 ἑαυτοὺς
1867 3616 2165 3693 ἐπαράτους

523 3711 731 3780 ἔρεσθαι
785 3709 973 3785 λόγοις
1029 3709 1119 3763 καὶ
1172 3708 1482 3785 γράμμασιν
1519 3704 1605 3760 ἐπὶ
1640 3706 1832 3781 μυρίας
1870 3706 1957 3760 καὶ
1991 3702 2167 3781 ὅψεως

521 3800 610 3855 καὶ
665 3800 831 3868 ἀκοῆς
892 3796 1352 3875 ἀποφηνάμενοι,
1414 3795 1459 3850 εἷ
1520 3796 1596 3868 μὴ
1651 3794 1965 3869 ὁλοσχερῶς
2026 3796 2167 3872 εὑρί-

524 3909 707 3943 κοιντο
760 3892 856 3942 τοῦ
914 3886 1110 3941 λοιποῦ
1166 3886 1233 3940 τὰ
1291 3885 1489 3962 πάτρια
1547 3884 1880 3959 στέργοντες,
1946 3885 2034 3939 καὶ
2092 3884 2167 3947 είς

527 3976 681 4033 οὐδὲν
736 3975 1028 4053 ἀλλότριον
1086 3983 1187 4045 τῆς
1241 3974 1564 4045 Ἐκκλησίας
1621 3973 1964 4046 ἐξελκόμενοι
2035 3994 2166 4051 φρο-

527 4070 753 4141 νήσεως,
813 4067 902 4121 καὶ
958 4062 1081 4121 οὐδὲ
1132 4069 1246 4125 τοῖς
1305 4065 1505 4119 ἑαυτῶν
1568 4062 1654 4118 ἐπὶ
1704 4061 1871 4136 ταύτῃ
1895 4067 1963 4137 τῇ
2008 4084 2168 4136 μετα-

529 4157 647 4227 νοίᾳ
695 4156 1081 4232 χειρογράφοις
1135 4152 1427 4227 ἐνέμειναν,
1476 4151 1621 4207 ἀλλά
1672 4151 1995 4225 μετενόησαν
2028 4196 2042 4222 ,
2090 4148 2169 4207 ἔτι

532 4243 599 4314 δὴ
653 4245 741 4301 καὶ
802 4242 1137 4317 μετέγνωσαν
1174 4288 1187 4314 ,
1248 4240 1336 4295 καὶ
1396 4239 1558 4295 πάλιν
1619 4239 1695 4303 εἷς
1752 4241 1849 4309 τήν
1907 4240 2171 4317 προτέραν

532 4334 855 4391 ἀποστασίαν
931 4329 1198 4405 ἐξέκλιναν
1234 4376 1248 4402 ,
1291 4329 1469 4404 ὥσπερ
1532 4328 1739 4405 φύσεως
1816 4327 2169 4392 ἀποστάτιδος

533 4424 820 4500 λαχόντες,
851 4421 940 4476 καὶ
989 4421 1123 4496 πρὸς
1167 4418 1292 4480 τοῦς
1342 4418 1501 4494 ὅρους
1530 4417 1657 4479 τοὺς
1688 4416 1982 4492 πατρικοὺς
2014 4417 2169 4472 ἀσυν-

527 4516 719 4570 θέτου·
776 4512 990 4573 τούτοις
1050 4510 1463 4587 ἀποστραφεῖσιν
1525 4509 1870 4586 ἀποστροφὴν
1927 4508 2168 4583 πονηράν

527 4604 736 4660 καὶτὸν
777 4603 884 4658 ἀπὸ
933 4608 1032 4670 τῆς
1093 4597 1231 4661 ἰδίας
1292 4596 1617 4667 Ἐκκλησίας
1677 4597 1990 4673 μακρυσμὸν
2042 4597 2169 4672 ἀγα-

527 4697 757 4765 πήσασιν
790 4737 804 4763 ,
850 4689 918 4761 ἤν
971 4689 1122 4745 αὐτοὶ
1171 4689 1383 4750 ἑαυτοῖς
1433 4684 1508 4748 εἷ’ς
1555 4686 1715 4741 τοῦτό
1766 4706 1897 4739 ποτε
1951 4684 2167 4759 τολμή-

528 4803 705 4837 σουσιν
741 4828 754 4853 ,

526 4875 633 4926 τῶν
686 4867 986 4945 ὀρθοδόξων
1048 4866 1396 4941 ὀλομελείας,
1462 4864 1552 4919 καὶ
1606 4863 2018 4940 ἀποκηρύκτους
2062 4870 2164 4933 τῆς

525 4962 622 5013 τοῦ
675 4962 807 5013 Θεοῦ
853 4954 1176 5026 Ἐκκλησίας
1235 4954 1323 5008 καὶ
1374 4959 1473 5022 τῆς
1531 4952 1769 5025 ποίμνης
1822 4951 2162 5024 ποιούμεθα.

600 5048 664 5123 β’.
714 5050 800 5119 Τῷ
846 5045 991 5117 αὑτῷ
1019 5043 1111 5098 σὺν
1163 5048 1282 5105 τοῖς
1338 5043 1452 5116 μετ’
1500 5041 1667 5095 αὑτοῦ
1723 5044 1976 5095 τοσοῦτον
2029 5041 2166 5116 πρὸς

519 5138 619 5206 τὴν
659 5133 1030 5201 ἀποπολικὴν
1090 5132 1615 5209 ἀποθρασυνομένοις
1663 5127 1986 5205 ὁμολογίαν,
2031 5129 2167 5185 ὥστε

520 5219 930 5303 παρεμϐάλλειν
988 5221 1038 5277 ἐν
1093 5220 1251 5291 αὐτῇ,
1310 5219 1343 5274 ἃ
1402 5220 1532 5293 μήθ’
1589 5220 1641 5273 01
1692 5215 2007 5273 διδάσκαλοι
2064 5226 2165 5287 τῆς

523 5312 849 5384 Ἐκκλησίας
926 5307 1239 5387 παρέδωκαν
1275 5355 1291 5382 ,
1350 5309 1476 5382 μήθ’
1551 5307 1714 5380 ἠμεὶς
1788 5308 1913 5383 παρ’
1990 5306 2162 5361 αὐτων

520 5396 900 5480 παρελάϐομεν
975 5400 1071 5468 τὴν
1157 5398 1746 5473 προαναγεγραμμένην
1825 5400 2004 5473 ψῆφον
2074 5397 2164 5450 καὶ

519 5489 809 5559 καταδίκην
865 5489 1147 5564 ἐπάγοντες
1207 5485 1582 5558 ἆποτέμνομεν
1638 5491 1740 5555 τῆς
1794 5489 1901 5539 τῶν
1944 5482 2165 5561 όρθοδό-

517 5582 619 5653 ξων
679 5577 1007 5653 ὁλομελείας
1040 5621 1054 5648 ,
1103 5577 1193 5629 καὶ
1241 5573 1654 5646 ἀποκηρύκτους
1710 5576 1810 5642 τῆς
1877 5578 1972 5627 τοῦ
2028 5577 2161 5628 Θεοῦ

514 5667 839 5740 Ἐκκλησίας
870 5666 958 5721 καὶ
987 5672 1089 5735 τῆς
1119 5663 1359 5737 ποίμνης
1388 5662 1713 5735 ποιούμεθα.

580 5763 646 5839 γ’,
684 5763 810 5821 Τοῖς
859 5755 1044 5817 αὐτοῖς
1099 5752 1323 5827 λέγουσι
1388 5751 1481 5824 μὲν
1541 5749 1623 5805 ὅτι
1681 5752 1708 5804 6
1756 5751 1946 5827 Ιίατήρ
1982 5746 2157 5839 αἶ’τιός

508 5836 619 5923 ἐστί
675 5853 772 5906 τοῦ
823 5845 1134 5926 Πνεύματος
1189 5840 1279 5899 διὰ
1332 5845 1428 5898 τοῦ
1485 5841 1633 5917 T105,
1691 5839 1780 5896 καὶ
1828 5840 1904 5917 μὴ
1964 5836 2157 5907 ἄλλως

2285 791 2419 834 σεως
2453 772 2608 845 εἰμὴ
2661 771 2749 827 διὰ
2793 778 2890 828 τοῦ
2948 776 3076 829 T105
3119 775 3217 843 τήν
3266 773 3487 851 ὕπαρξιν
3540 775 3630 829 καὶ
3675 778 3756 847 τῷ
3797 775 3916 830 εἶναι

2284 861 2512 936 παρέχει
2560 866 2640 934 τῷ
2688 863 2979 935 ιινεύματι,
3030 862 3080 934 ἐξ
3134 864 3196 918 οῦ
3246 864 3335 918 καὶ
3378 863 3640 926 συναίτιος
3689 870 3800 918 κατ’
3833 863 3919 918 αὑ-

2282 949 2407 1010 τοὺς
2458 951 2486 1004 ὁ
2536 951 2658 1012 Υἱὸς
2709 953 2992 1027 συνάγεται
3049 957 3129 1025 τῷ
3185 954 3378 1028 ΙΙατρὶ,
3434 953 3526 1007 καὶ
3585 951 3661 1015 εἰς
3701 952 3764 1007 τὸ
3795 951 3918 1007 εἶναι

2280 1043 2377 1091 τοῦ
2427 1038 2738 1112 ΙΙνεύματος
2788 1040 2934 1113 αὐτῷ
2984 1036 3464 1115 συμϐαλλόμενος,
3520 1041 3697 1097 πίστιν
3750 1039 3805 1096 δῖε
3829 1045 3920 1096 τοῦ

2284 1126 2449 1203 λόγου
2503 1128 2699 1184 τούτου
2754 1130 3043 1203 κομίζουσι
3098 1133 3197 1201 τὴν
3233 1136 3331 1187 τοῦ
3378 1131 3525 1195 θείου
3576 1136 3919 1204 Δαμασκηνοῦ

2284 1215 2462 1290 ῥῆσιν,
2520 1218 2639 1286 τὴν,
2699 1218 2779 1272 δτι
2839 1214 3146 1294 προϐολεύς
3201 1218 3341 1274 ἐστιν
3396 1224 3496 1275 τοῦ
3543 1217 3918 1296 ἐκφαντορικοῦ

2284 1306 2596 1379 Ηνεύματος
2627 1309 2654 1362 6
2688 1310 2875 1385 Πατὴρ
2927 1306 3016 1364 διὰ
3063 1314 3159 1364 τοῦ
3207 1310 3354 1377 T105,
3385 1310 3507 1379 ἥτις
3552 1309 3642 1365 καὶ
3674 1307 3919 1383 οὐδαμῶς

2282 1394 2355 1456 εἰς
2412 1400 2601 1450 τοῦτον
2660 1398 2807 1475 φέρει
2861 1398 2954 1453 τὸν
3013 1403 3160 1470 νοῦν,
3220 1397 3365 1454 ἀλλά
3414 1396 3667 1474 βούλεται
3715 1402 3919 1474 τρανῶς

2278 1485 2376 1552 την
2410 1480 2480 1538 δι’
2535 1486 2661 1539 T105
2717 1490 2813 1540 105
2872 1485 3189 1560 Ιῐνεύματος
3237 1490 3578 1563 παριστάνειν
3628 1488 3919 1566 φανέρωσιν

2281 1571 2340 1626 ἐκ
2370 1575 2578 1647 Ματρὸς
2636 1576 2734 1643 τὴν
2786 1574 3007 1650 ὕπαρξιν
3058 1572 3305 1651 ἔχοντος·
3357 1574 3470 1631 ἐπεὶ
3529 1578 3558 1631 6
3610 1574 3770 1638 αὐτὸς
3826 1585 3924 1630 Δα-

2284 1663 2555 1732 μασκηνὸς
2604 1662 2703 1717 ούκ
2742 1664 2800 1718 ἃν
2853 1663 2905 1718 ἐν
2956 1662 3102 1736 αύτῷ
3145 1664 3323 1737 τούτῳ
3369 1669 3449 1737 τῷ
3495 1662 3774 1743 κεφαλαίῳ
3826 1664 3921 1738 μό-

2277 1770 2367 1803 νον
2402 1747 2568 1805 αἶίτιον
2629 1752 2681 1806 ἐν
2736 1755 2806 1826 τῇ
2857 1749 3046 1828 Τριάδι
3100 1752 3191 1808 τὸν
3249 1753 3376 1809 Θεὸν
3431 1751 3521 1807 καί
3568 1752 3778 1829 Πατέρα
3827 1750 3933 1808 ἐδί-

2280 1835 2459 1909 δασκε,
2518 1842 2608 1895 καὶ
2665 1838 2753 1895 διὰ
2809 1843 2909 1909 τῆς
2944 1846 3041 1896 τοῦ
3094 1841 3255 1914 μόνος
3307 1848 3489 1919 φωνῆς
3536 1843 3792 1920 ἀφῃρεῖτο
3830 1843 3930 1912 τὴν

2278 1927 2449 1982 αἶτίαν
2505 1930 2602 1992 τὰς
2662 1929 2857 1993 λοιπάς
2918 1929 3253 2003 ὑποστάσεις,
3310 1928 3422 1985 οὐδ’
3478 1930 3528 1986 ἐν
3580 1930 3787 2007 ἑτέροις
3828 1931 3928 1986 πά-

2198 2059 2247 2124 Β
2280 2016 2388 2084 λιν,
2422 2018 2549 2072 T105
2582 2018 2674 2091 μέν
2718 2024 2933 2091 πνεῦμα
2981 2018 3212 2095 λέγομεν
3260 2020 3323 2075 τὸ
3378 2025 3598 2094 Πνεῦμα
3642 2021 3705 2076 τὸ
3754 2021 3929 2097 ἅγιον,

2281 2102 2526 2183 ἔφασκεν,
2588 2106 2646 2161 ἐκ
2691 2112 2787 2162 τοῦ
2846 2109 2972 2163 T105
3021 2106 3079 2163 δὲ
3124 2109 3254 2163 αὐτὸ
3302 2107 3363 2164 ού
3412 2108 3664 2185 λέγομεν,
3698 2104 3933 2182 συμϐαί-

2276 2216 2385 2248 νειν
2440 2197 2542 2271 γάρ
2601 2195 2880 2267 ἀλλήλοις
2927 2201 3094 2252 ταῦτα
3141 2198 3202 2252 οὐ
3234 2196 3475 2268 δύναται,
3508 2196 3655 2269 πλὴν
3701 2198 3931 2261 τούτοις
3989 2246 4006 2266 ,

2278 2284 2421 2337 οὕτω
2483 2287 2558 2356 μ’),
2621 2285 2757 2361 πρὸς
2802 2286 2892 2339 τὸν
2938 2286 3195 2361 πατρικὸν
3250 2289 3447 2342 σκοπὸν
3505 2288 3601 2348 τὰς
3660 2288 3930 2363 πατρικάς

2278 2369 2601 2447 δεχομένοις
2659 2376 2838 2452 φωνὰς
2876 2419 2889 2443 ,
2949 2375 3085 2449 πρὸς
3147 2373 3203 2430 δέ
3271 2397 3391 2431 τινα
3447 2373 3627 2452 ἕτερον
3685 2377 3935 2447 καθάπαξ

2275 2460 2721 2538 ἀπηγορευμένον
2768 2470 2885 2526 τοῖς
2938 2463 3203 2541 Πατράσιν
3264 2465 3467 2537 αὐτοῖς,
3528 2466 3626 2534 την
3683 2484 3934 2541 προανα-

2275 2553 2660 2626 γεγραμμένην
2721 2553 2895 2626 ψῆρὸν
2952 2575 3010 2609 τε
3067 2555 3157 2609 καὶ
3221 2552 3513 2624 καταδίκην
3584 2553 3882 2629 ἐπάγοντες
3919 2600 3935 2625 ,

2277 2639 2650 2714 ἀποτέμνομεν
2710 2648 2811 2711 τῆς
2865 2646 2973 2697 τῶν
3035 2641 3335 2717 ὀρθοδόεων
3402 2640 3727 2716 όλομελείας
3763 2690 3779 2714 ,
3843 2645 3939 2698 καὶ

2275 2727 2690 2805 ἀποκηρύκτους
2747 2736 2848 2799 τῆς
2900 2735 2998 2786 τοῦ
3071 2735 3206 2786 Θεοῦ
3279 2730 3606 2802 Ἐκκλησίας
3679 2731 3772 2786 καὶ
3829 2738 3937 2801 τῆς

2273 2817 2516 2890 ποίμνης
2548 2817 2872 2892 ποιούμεθα.

2346 2903 2408 2964 δ’.
2439 2911 2564 2969 Τοῖς
2595 2906 2777 2969 αὐτοῖς
2825 2902 3346 2982 διαϐεϐαιουμένοις,
3400 2910 3475 2971 ὡς
3516 2906 3606 2963 διὰ
3652 2913 3748 2963 τοῦ
3801 2910 3938 2965 T105

2273 2995 2361 3049 καὶ
2394 2993 2453 3049 ἐκ
2506 2999 2601 3049 τοῦ
2659 2996 2787 3050 T105
2841 2997 2941 3065 την
2999 2996 3221 3073 ὕπαρξιν
3278 2993 3394 3072 ἔχει
3444 2996 3503 3052 ἐκ
3531 3001 3626 3053 τοῦ
3656 2999 3876 3073 Πατρὸς
3908 2999 3940 3053 6

2277 3081 2658 3159 ΙΙαράκλητος,
2699 3084 2787 3139 καὶ
2838 3084 2913 3147 εἰς
2962 3084 3141 3140 πίστιν
3192 3085 3355 3141 πάλιν
3405 3084 3566 3142 τοῦδε
3610 3081 3940 3164 προϐαλλο-

2278 3173 2459 3245 μένοις
2512 3174 2633 3244 τὴν,
2695 3198 2721 3223 ‹‹
2780 3172 2864 3228 ὅτι
2922 3170 3012 3228 διὰ
3059 3179 3157 3229 τοῦ
3213 3175 3341 3229 T105
3379 3175 3471 3229 καὶ
3527 3174 3587 3229 ἐκ
3642 3179 3738 3229 τοῦ
3796 3176 3936 3229 T105

2277 3261 2526 3337 ὑπάρχει.
2564 3288 2590 3314 ››
2626 3261 2778 3317 ἐνίων
2831 3264 3069 3341 γραφὴν,
3117 3264 3152 3333 ἢ
3203 3284 3266 3339 γε
3315 3265 3405 3318 καὶ
3460 3260 3627 3335 δηλοῖ
3673 3265 3768 3338 μὲν
3819 3265 3929 3332 τήν

2276 3350 2470 3405 ἐκεῖθεν
2526 3350 2689 3407 αὐτοῦ
2748 3349 3019 3426 ἔκλαμψιν
3078 3352 3167 3407 καὶ
3243 3351 3539 3429 φανέρωσιν
3576 3371 3588 3383 ·
3650 3350 3717 3407 δι’
3791 3353 3933 3407 T105

2276 3441 2377 3516 γάρ
2409 3438 2871 3515 ὁμολογουμένως
2926 3439 3083 3502 αὐτὸς
3133 3437 3322 3503 ἆϊδίως
3375 3439 3646 3514 ἐκλάμπει
3677 3441 3763 3495 καὶ
3800 3441 3937 3496 ἀνα-

2277 3525 2540 3583 δείκνυται
2590 3530 2618 3583 ὁ
2672 3528 3051 3605 Ιῐαράκλητος,
3113 3528 3294 3604 ὥσπερ
3353 3529 3412 3584 ἐκ
3465 3535 3561 3585 τοῦ
3619 3528 3786 3600 ἡλίου
3843 3528 3949 3585 διὰ

2274 3620 2374 3686 τῆς
2420 3617 2636 3680 ἀκτῖνος
2691 3619 2753 3673 τὸ
2811 3623 2945 3696 φῶς·
3008 3616 3175 3689 δηλοῖ
3233 3616 3290 3674 δὲ
3340 3618 3430 3673 καὶ
3483 3621 3583 3689 τήν
3641 3620 3718 3682 εἷς
3776 3623 3949 3695 ἡμᾶς

2277 3706 2545 3781 χορηγίαν
2596 3705 2685 3760 καί
2737 3704 2882 3760 δόσιν
2931 3707 3020 3762 καὶ
3069 3704 3403 3778 ἀποστοληνο
3468 3707 3531 3762 οὐ
3584 3709 3691 3781 μὴν
3739 3705 3803 3763 δὲ
3850 3708 3956 3762 καὶ

2278 3794 2359 3848 ὅτι
2395 3795 2671 3873 ὑφίσταται
2706 3793 2776 3849 δι’
2826 3798 2953 3850 T105
3001 3796 3090 3850 καὶ
3143 3795 3193 3867 ἐξ
3242 3798 3392 3869 T105,
3443 3796 3531 3851 καὶ
3582 3797 3647 3851 νά
3689 3796 3834 3852 εἶναι
3882 3795 3963 3852 δι’

2279 3883 2442 3938 αὑτοῦ
2499 3883 2587 3937 καὶ
2643 3884 2769 3956 παρ’
2830 3884 2994 3939 αὑτοῦ
3053 3881 3361 3957 λαμϐάνει,
3413 3883 3705 3961 ἐπειδήπερ
3790 3886 3964 3963 εἶχεν

2279 3971 2337 4026 ἂν
2398 3967 2567 4034 ὅντως
2620 3972 2710 4027 καὶ
2766 3973 2924 4028 αὑτὸν
2996 3974 3087 4028 τὸν
3146 3975 3267 4029 Υἱὸν
3326 3972 3498 4029 αἶ’τιον
3576 3974 3665 4029 καὶ
3724 3975 3965 4050 ἀρχὴν,

2280 4060 2458 4135 ὥσπερ
2507 4058 2574 4129 δὴ
2624 4061 2712 4116 καὶ
2762 4062 2919 4117 αὐτὸν
2961 4063 3050 4117 τὸν
3109 4064 3338 4137 Πατέρα,
3386 4061 3479 4118 ’ίνα
3526 4065 3603 4137 μὴ
3658 4062 3815 4137 λέγω
3862 4066 3974 4119 καὶ

2284 4147 2496 4223 μᾶλλον
2522 4154 2619 4204 τοῦ
2652 4151 2862 4227 Ιιατρὸς
2888 4152 2979 4205 τὸν
3026 4152 3174 4220 Υἱὸν,
3225 4148 3373 4229 εἶ’περ
3420 4151 3471 4223 ἐξ
3523 4152 3585 4206 οὗ
3631 4154 3731 4221 τήν
3761 4150 3980 4229 ὕπαρ-

2281 4239 2356 4309 ξιν
2401 4235 2621 4294 ἕκαστον
2675 4236 2819 4314 ἔχειν
2871 4237 3109 4315 λέγεται,
3163 4239 3334 4296 ἐκεῖνο
3385 4240 3473 4296 καί
3525 4242 3703 4318 ἀρχὴν
3760 4239 3976 4298 πλου-

2278 4335 2385 4383 τεῖν
2444 4329 2535 4383 καὶ
2593 4326 2762 4383 αἷίειον
2819 4334 2914 4383 τοῦ
2975 4330 3108 4384 εἶναι
3162 4330 3529 4386 πεπίστευται·
3595 4332 3825 4394 τούτοις
3898 4334 3983 4390 τὰ

2278 4422 2501 4471 τοιαῦτα
2555 4416 2643 4472 καὶ
2703 4422 2959 4495 φρονοῦσι
3018 4419 3107 4473 καὶ
3167 4416 3410 4493 λέγουσι,
3472 4421 3571 4489 τήν
3629 4440 3979 4497 προαναγε-

2281 4506 2601 4581 γραμμένην
2679 4506 2859 4583 ψῆφόν
2934 4528 2992 4562 τε
3063 4507 3153 4563 καὶ
3222 4506 3514 4579 καταδικην
3588 4507 3920 4585 ἐπάγοντες
3963 4560 3983 4585 ,

2281 4593 2653 4668 ἀποτέμνομεν
2709 4602 2809 4665 τῆς
2864 4600 2970 4650 τῶν
3041 4594 3343 4671 ὀρθοδόξων
3407 4595 3734 4672 ὁλομελείας
3781 4647 3800 4672 ,
3873 4602 3984 4656 καὶ

2282 4682 2693 4759 ἀποκηρύκτους
2755 4692 2855 4755 τῆς
2932 4690 3027 4740 τοῦ
3085 4690 3218 4741 Θεοῦ
3294 4685 3622 4757 Ἐκκλησίας
3686 4688 3790 4743 καὶ
3859 4698 3985 4762 τῆς

814 4780 1205 4854 ἀποτέμνοντες
1280 4776 1474 4839 αὐτοὺς
1550 4775 1724 4837 οὕτως
1785 4772 2011 4850 ἔχοντας
2067 4781 2167 4844 τῆς
2198 4796 2245 4860 D
2280 4771 2519 4846 ποίμνης
2548 4772 2871 4846 ποιούμεθα.

2347 4862 2402 4914 ε’.
2461 4866 2584 4923 Τοῖς
2656 4861 2841 4925 αὐτοῖς
2898 4862 3219 4941 φάσκουσιν,
3280 4864 3353 4927 ὡς
3414 4867 3449 4935 ἡ
3511 4861 3599 4919 διὰ
3653 4865 3978 4941 πρόθεσι;

2278 4951 2589 5025 ἁπανταχοῦ
2646 4957 2745 5019 τῆς
2804 4950 3091 5026 θεολογίας
3148 4951 3473 5027 ἷσοδύναμός
3530 4953 3639 5008 ἐστι
3698 4959 3782 5029 τῇ
3857 4958 3985 5031 ἐκ,

2276 5036 2485 5093 καὶδιά
2530 5043 2692 5094 τοῦτο
2734 5037 3235 5116 διισχυριζομένοις
3299 5040 3465 5116 μηδὲν
3519 5039 3811 5121 διαφέρειν
3879 5046 3997 5106 διὰ

2276 5132 2371 5181 τοῦ
2428 5128 2555 5182 T105
2613 5127 2992 5205 ἐκπορεύεσθαι
3051 5129 3228 5206 λέγειν
3284 5132 3347 5186 τὸ
3406 5136 3666 5205 Πνεῦμα,
3726 5137 3848 5190 καὶ
3922 5139 4000 5196 ἐκ

2274 5221 2369 5271 τοῦ
2408 5218 2536 5272 T105
2594 5216 2994 5294 ἐκπορεύεσθαι,
3048 5220 3328 5275 κάντεῦθεν
3385 5216 3802 5299 ἀναμφιϐόλως
3876 5231 3994 5284 καὶ

2275 5306 2495 5382 ὕπαρξιν
2574 5312 2652 5379 τῷ
2727 5307 2999 5381 ΙΙνεύματι
3066 5307 3125 5363 ἐκ
3181 5314 3278 5364 τοῦ
3338 5309 3467 5363 T105
3525 5308 3613 5364 καὶ
3673 5309 4001 5375 οὖσίωσιν

2274 5394 2515 5468 νέμουσι·
2575 5396 2664 5450 καὶ
2721 5396 2756 5465 ἢ
2818 5397 2879 5450 τὸ
2923 5394 3099 5452 διττὸν
3147 5405 3247 5467 τῆς
3297 5396 3474 5460 αίτίας
3518 5398 3905 5478 συνάγουσιν,
3949 5408 3998 5479 ἢ

2271 5484 2334 5538 τὸ
2365 5485 2561 5539 ένιαῖον
2602 5479 2718 5558 μέν·
2750 5482 2898 5555 πλὴν
2948 5486 3039 5540 τὸν
3079 5486 3204 5541 Υἰὸν
3250 5491 3328 5559 τῷ
3378 5486 3548 5563 ΙΙατρὶ
3597 5488 3714 5541 κατ’
3783 5492 4003 5555 αὐτὸν

2275 5570 2339 5643 δὴ
2388 5578 2579 5628 τοῦτον
2627 5575 2718 5629 τὸν
2768 5581 2867 5643 τῆς
2916 5573 3090 5637 αἰτίας
3143 5573 3308 5651 λόγον
3361 5576 3744 5646 συνάπτουσιν,
3817 5584 4005 5664 ἅπερ

2272 5662 2553 5739 ἀμφότερα
2624 5664 2801 5734 πάσης
2885 5660 3237 5743 βλασφημίας
3313 5664 3558 5720 ἐπέκεινα
3607 5685 3620 5698 ’
3681 5664 3759 5720 οὐ
3861 5660 4008 5757 γάῤ

2272 5750 2412 5806 ἐστιν
2469 5751 2521 5806 ἐν
2573 5757 2642 5828 τῇ
2698 5748 2883 5827 Τριάδι
2946 5753 3102 5831 ἑτέρα
3157 5774 3239 5816 τις
3301 5754 3589 5817 ὑπόστασις
3634 5758 3811 5828 παρὰ

2269 5845 2366 5896 τοῦ
2397 5840 2634 5922 Ιῐατρὸς,
2694 5840 2745 5916 ἐξ
2801 5842 2866 5913 ἧς
2918 5840 2977 5897 ἂν
3030 5839 3112 5917 εἴη
3160 5847 3280 5908 τοῖς
3327 5841 3645 5923 ὁμοουσίοις
3689 5840 4014 5935 ὕπαρξις
