4118 6452
230 394 344 457 241

1477 391 1810 458 SCRIPTA
1854 389 2424 456 APOLOGETICA.

3535 385 3656 450 242

231 527 318 582 καὶ
376 525 675 590 ούσίωσις·
713 525 854 583 κατὰ
904 523 964 584 δὲ
1020 527 1118 598 τὴν
1175 525 1359 597 κοινὴν
1404 534 1506 596 τῆς
1569 523 1892 596 Ἐκκλησίας
1925 531 1974 595 Α
2007 543 2136 580 πον·
2173 521 2254 579 δεῖ
2281 524 2384 600 γὰρ
2417 519 2518 600 ἄρα
2545 522 2613 578 τὰ
2646 522 2738 597 μὲν
2783 517 2874 578 καί
2919 517 3050 578 αὑτὸ
3105 519 3168 576 τὸ
3216 523 3437 595 Πνεῦμα
3479 517 3649 577 αἴτιόν

232 615 408 690 δόξαν,
469 616 567 672 καὶ
635 616 768 680 τοὺς
839 617 1088 679 εἰπόντας
1149 616 1357 691 ἀγίοκ,
1404 616 1526 693 ῥίζα
1587 615 1677 670 καὶ
1741 617 1889 691 πηγὴ

231 709 356 761 Ποῦ
401 707 496 762 καὶ
553 705 878 774 Πνεύματος
925 707 952 760 6
994 707 1202 782 Πατὴρ,
1233 706 1324 760 καὶ
1385 705 1521 780 μόνη
1579 705 1734 780 πηγὴ
1791 710 1892 774 τῆς

231 791 488 864 θεότητος
535 797 567 850 6
621 796 839 870 Πατὴρ,
900 795 990 852 καὶ
1051 794 1210 869 μόνος
1268 795 1478 857 αἴτιος·
1539 794 1584 848 εἰ
1642 795 1746 870 γὰρ
1803 792 1893 848 καὶ

235 882 320 940 διὰ
361 889 462 939 τοῦ
495 885 636 939 T106
685 885 835 960 παρά
882 905 990 939 τισι
1035 889 1140 940 τῶν
1191 883 1360 958 άγίων
1409 882 1783 960 ἐκπορεύεσθαι
1831 882 1894 938 τὸ

234 979 450 1047 Πνεῦμα
503 975 574 1028 τὸ
637 973 794 1049 ἅγιον
857 970 1086 1050 εἶ’ρηται,
1117 974 1218 1042 τὴν
1247 973 1324 1035 εἰς
1382 969 1560 1028 ἀίδιον
1621 967 1892 1050 ἕκφανσιν,

241 1066 276 1134 ἡ
305 1061 369 1118 δι’
394 1064 531 1117 T106
595 1061 752 1134 λέξις
813 1061 1036 1117 ἐνταῦθα
1084 1061 1145 1116 06
1191 1063 1290 1130 τήν
1337 1059 1413 1124 εἰς
1441 1061 1506 1116 τὸ
1537 1061 1671 1116 εἶναι
1729 1062 1896 1116 καθα-

245 1152 362 1226 ροὺς
388 1150 689 1225 σημαίνειν
727 1149 986 1228 βούλεται
1021 1147 1255 1226 πρόοδον
1301 1155 1401 1205 τοῦ
1445 1149 1504 1206 ἐκ
1548 1151 1756 1226 Πατρὸς
1794 1150 1893 1218 τήν

243 1240 450 1317 ὑπαρξιν
513 1238 752 1317 ἔχοντος
811 1239 1150 1314 Πνεύματος,
1209 1238 1324 1295 ἐπεὶ
1374 1240 1628 1318 ἀφῃρεῖτο
1686 1239 1745 1294 ἂν
1801 1239 1894 1294 τὸν

235 1332 438 1404 Πατέρα
485 1330 554 1385 τὸ
615 1328 783 1403 μόνον
838 1325 1009 1384 αἴτιον
1060 1329 1210 1401 εἶναι,
1241 1329 1331 1384 καὶ
1377 1328 1549 1402 μόνην
1577 1330 1764 1404 πηγὴν
1795 1335 1894 1398 τῆς

232 1415 508 1490 θεότητος,
543 1418 844 1495 ἆπήλεγχε
889 1415 948 1474 δὲ
993 1419 1082 1473 καὶ
1135 1419 1227 1473 τὸν
1286 1420 1558 1496 φάσκοντα
1613 1417 1893 1494 θεολόγον,

231 1507 406 1565 Πάντα
435 1509 544 1564 ὅσα
574 1507 698 1585 ἔχει
732 1509 762 1563 6
793 1509 1003 1582 Πατήρ,
1047 1512 1144 1563 τοῦ
1183 1509 1312 1562 1‘106
1351 1505 1498 1576 πλὴν
1547 1515 1646 1576 τῆς
1694 1506 1892 1576 αἰτίας,

233 1598 328 1653 οὐκ
381 1596 574 1668 ἀληθῆ
648 1597 952 1673 θεολόγον·
1005 1596 1221 1660 τούτοις
1279 1596 1423 1652 οὕτω
1479 1598 1740 1675 φάσκουσι
1795 1598 1894 1666 τήν

238 1688 734 1764 ἐναγεγραμμὲνην
803 1685 984 1764 ψῆφόν
1047 1707 1107 1740 τε
1164 1685 1253 1741 καὶ
1329 1683 1620 1757 καταδίκην
1676 1685 1895 1764 ἐπάγον-

234 1797 332 1847 3;,
389 1777 782 1850 ἀποτέμνομεν
841 1783 946 1846 τῆς
1001 1780 1109 1830 τῶν
1178 1773 1480 1851 ὀρθοδόξων
1541 1774 1889 1849 ὁλομελείας,

2002 634 2148 676 τινος
2195 613 2349 686 εἶναι,
2382 614 2474 668 τὸν
2520 612 2679 668 αὑτὸν
2732 617 2812 684 τῷ
2854 611 3022 687 Πατρὶ
3078 617 3178 682 τῆς
3231 609 3442 690 φύσεως
3495 607 3654 687 δεχό-

2009 723 2164 776 μενον
2217 701 2400 778 λόγον,
2435 699 2679 776 δεύτερον
2716 699 2774 756 δὲ
2815 701 2906 756 καὶ
2951 701 3026 763 εἰς
3075 699 3287 770 πλῆθος
3335 699 3652 777 προχωρεῖν

2005 798 2106 861 τῆς
2156 791 2360 855 αἰτίας·
2415 791 2533 846 ὅσαι
2584 793 2684 868 γὰρ
2735 798 2836 861 τῆς
2881 791 3092 869 φύσεως
3149 789 3468 866 μετέχουσιν
3518 790 3650 846 ὑπο-

2004 880 2235 950 στάσεις,
2267 882 2357 936 καὶ
2407 887 2509 952 τῆς
2568 879 2738 942 αἰτίας
2775 879 3118 952 μεθέξουσιν·
3169 879 3259 934 καὶ
3309 877 3490 954 τρίτον
3549 881 3648 948 τήν

2003 971 2191 1040 κοινὴν
2251 969 2432 1025 οὐσίαν
2502 971 2592 1024 καὶ
2653 969 2806 1048 φύσιν
2867 969 3208 1030 ὑποστάσεως
3263 967 3434 1024 αἰτίαν
3494 968 3648 1042 εἶναι,

2005 1057 2137 1134 ὅπερ
2183 1059 2320 1121 ἅπας
2389 1057 2780 1134 ἀπαγορεύεται
2839 1057 3028 1133 λόγος,
3079 1057 3169 1112 καὶ
3218 1056 3351 1128 αὐτή
3403 1077 3468 1132 γε
3519 1057 3654 1130 μετὰ

2004 1152 2100 1203 τοῦ
2158 1146 2328 1223 λόγου
2359 1150 2394 1218 ἡ
2425 1147 2610 1226 φύσις·
2669 1145 2884 1209 τούτοις
2935 1145 3083 1201 οὕτω
3140 1140 3340 1200 ἔκτοπα
3394 1151 3654 1224 φρονοῦσι

2005 1237 2095 1293 καὶ
2160 1244 2262 1306 τῆς
2323 1235 2578 1308 ἀληθείας
2637 1235 2925 1313 ἀλλότρια,
2980 1236 3080 1305 τήν
3129 1235 3650 1312 προαναγεγραμμέ-

2004 1347 2102 1396 νην
2157 1325 2338 1405 ψῆφόν
2392 1347 2453 1382 τε
2496 1326 2587 1380 καὶ
2644 1323 2936 1396 καταδίκην
2986 1324 3298 1399 ἐπάγοντες,
3351 1323 3650 1399 ἀποτέμνο-

2011 1437 2104 1488 μεν
2160 1423 2261 1486 τῆς
2315 1420 2424 1471 τῶν
2484 1413 2780 1492 ὀρθοδόξων
2838 1412 3186 1487 ὁλομελείας,
3231 1414 3320 1469 καὶ
3371 1414 3651 1492 ἀποκηρύ-

2005 1525 2166 1567 κτους
2222 1512 2324 1574 τῆς
2378 1509 2476 1560 τοῦ
2532 1509 2666 1560 Θεοῦ
2724 1501 3046 1574 Ἐκκλησίας
3103 1504 3192 1558 καὶ
3243 1511 3344 1574 τῆς
3406 1503 3650 1578 ποίμνης

2004 1591 2326 1666 ποιούμεθα.

2075 1683 2138 1742 θ’,
2167 1687 2291 1744 Τοῖς
2325 1681 2508 1744 αὑτοῖς
2539 1681 2814 1757 λέγουσιν,
2853 1682 2928 1744 ὡς
2978 1681 3065 1736 ἐπὶ
3121 1687 3222 1751 τῆς
3281 1679 3647 1758 δημιουργίας

2003 1774 2039 1841 ἡ
2071 1769 2160 1826 διὰ
2187 1776 2284 1827 τοῦ
2315 1773 2445 1826 Υἱοῦ
2475 1772 2630 1850 φωνή
2663 1769 2905 1843 δήλωσιν
2969 1773 3064 1845 μὲν
3106 1778 3206 1840 τῆς
3249 1791 3646 1848 προκαταρκτι-

231 1865 315 1918 καῖ
361 1863 795 1942 άποκηρύκτους
843 1871 944 1934 τῆς
989 1867 1087 1919 τοῦ
1135 1869 1266 1919 Θεοῦ
1295 1861 1620 1936 Ἐκκλησίας
1667 1863 1756 1920 καί
1791 1871 1892 1934 τῆς
1927 1899 1974 1966 Β
2003 1868 2107 1930 κῆς
2132 1860 2308 1923 αἰτίας
2337 1859 2474 1936 ἔχει,
2509 1861 2574 1916 o6
2604 1863 2708 1935 μὴν
2744 1859 2802 1916 δέ
2852 1860 2939 1916 καὶ
2993 1861 3085 1916 τὸν
3146 1861 3266 1915 Υἱὸν
3327 1859 3526 1938 διαιρεῖ
3550 1865 3648 1916 τοῦ

313 1953 328 1966 Ι
672 1953 685 1966 1
769 1955 793 1966 Α
2010 1947 2034 1966 ᾗ
2292 1950 2307 1966 \
2449 1951 2464 1966 \
2545 1947 2570 1966 Ἰ
2754 1950 2780 1966 ν
2941 1955 2966 1965 υ
3045 1947 3069 1966 Ν
3099 1951 3110 1966 9
3185 1949 3199 1966 9
3275 1954 3303 1964 η-
3523 1949 3534 1966 ο

235 1953 486 2026 ποίμνης
517 1953 856 2026 ποιούμεθα.

300 2045 368 2106 ς’.
408 2047 547 2104 τοῖς
605 2041 793 2104 αὐτοῖς
845 2039 1344 2117 διισχυριζομένοις
1389 2041 1462 2104 ὡς
1505 2043 1540 2112 ἡ
1589 2041 1687 2116 μία
1743 2041 1898 2098 ούσία

232 2131 319 2186 καὶ
385 2131 592 2202 θεότης
647 2130 860 2208 Πατρὸς
917 2130 1006 2185 καὶ
1065 2131 1193 2185 Υῖοῦ
1238 2137 1338 2200 τῆς
1408 2135 1506 2185 τοῦ
1581 2130 1896 2204 Πνεύματος

235 2221 522 2298 ὑπάρξεώς
571 2218 718 2275 ἐστιν
785 2217 951 2292 αἰτία,
998 2217 1129 2296 ὅπερ
1178 2215 1354 2281 ούδεὶς
1399 2223 1506 2273 τῶν
1565 2225 1687 2274 νοῦν
1743 2220 1897 2295 ἐχόν-

231 2331 338 2364 των
399 2307 674 2365 οὐδέποτε
718 2304 846 2363 οὔδε
875 2307 1132 2384 εἰρηκὼς,
1181 2304 1304 2362 οὔτε
1362 2308 1642 2387 φροντίσας
1699 2309 1893 2386 ἐφάνη·

232 2396 364 2454 ούδέ
391 2400 500 2475 γάρ
535 2397 678 2452 ἐστιν
709 2399 746 2466 ἡ
773 2399 931 2466 κοινή
983 2396 1137 2452 οὐσία
1191 2399 1281 2452 καὶ
1339 2398 1494 2475 φύσις
1553 2398 1896 2462 ὑποστάσεως

233 2488 404 2556 αἰτία,
438 2487 561 2543 ἐπεὶ
623 2484 770 2557 μηδὲ
815 2487 1110 2560 γεννητική
1159 2507 1312 2557 ποτε,
1345 2483 1471 2542 οὐδὲ
1521 2482 1896 2562 προϐλητικὴ,

233 2577 374 2646 αὕτη
407 2578 445 2644 ἡ
497 2575 662 2644 κοινή
708 2574 864 2630 οὑσία
909 2573 1111 2650 πέφυκε
1155 2578 1265 2630 τῶν
1318 2569 1560 2649 ἀτόμων,
1591 2579 1627 2647 ἡ
1678 2573 1736 2632 δέ
1787 2582 1899 2650 μετ’

234 2662 565 2738 ἰδιωμάτων
625 2661 806 2730 οὐσία,
848 2661 974 2731 ἥτις
1020 2667 1202 2740 σαφῶς
1248 2664 1383 2718 κατὰ
1427 2665 1518 2718 τὸν
1571 2665 1737 2740 μέγαν
1790 2664 1902 2720 Μά-

233 2757 396 2826 ξιμον
455 2752 632 2821 αὐτὴν
695 2749 866 2823 δηλοῖ
913 2754 1012 2822 τήν
1070 2751 1382 2808 ὑπόστασιν·
1437 2751 1582 2808 ἀλλὰ
1639 2755 1730 2809 καὶ
1783 2756 1900 2810 κατ’

233 2843 398 2898 τᾶτὸν
450 2840 524 2910 δὴ
577 2843 671 2897 τὸν
734 2841 902 2916 μεγαν
950 2839 1230 2896 Βασίλειον
1260 2863 1272 2876 ·
1330 2841 1576 2906 κάκεῖνος
1623 2845 1727 2920 γὰρ
1773 2844 1900 2899 ὑπό-

233 2953 422 2987 στασιν
469 2929 718 3008 ὁρίζεται
768 2929 904 2985 εἶναι
948 2931 1048 3000 τήν
1104 2932 1167 2986 τὸ
1223 2925 1404 2986 κοινόν
1447 2952 1508 2986 τε
1561 2931 1652 2988 καὶ
1709 2933 1896 3010 ἀπερί-

229 3042 480 3098 γραπτον
545 3019 598 3075 ἐν
648 3024 730 3093 τῷ
773 3039 882 3074 τινι
929 3021 1209 3096 πράγματι
1259 3017 1349 3075 διὰ
1391 3025 1500 3075 τῶν
1547 3020 1899 3100 ἐπιφαινομέ-

227 3133 333 3166 sm
375 3107 706 3183 ἰδιωμάτων
755 3113 1090 3184 περιστῶσαν
1148 3109 1238 3164 καὶ
1296 3110 1764 3188 περιγράφουσαν·
1811 3108 1902 3166 διὰ

229 3204 393 3255 τοῦτο
424 3197 618 3254 καὶτὸ
661 3203 761 3267 τῆς
801 3196 985 3260 οὐσίας
1035 3194 1238 3271 ἄτομον
1285 3197 1364 3252 ἀεὶ
1412 3193 1787 3275 προϐάλλεται
1835 3201 1898 3255 τὸ

233 3289 466 3363 Ξτομον,
500 3287 582 3349 ὡς
627 3287 693 3341 τὸ
738 3287 1074 3363 γεννώμενον
1134 3285 1266 3340 εἶναι
1314 3285 1404 3341 καὶ
1449 3287 1512 3342 τὸ
1559 3283 1897 3362 προϐάλλον,
1929 3266 1972 3334 C

231 3381 307 3440 ὡς
356 3378 430 3433 16
465 3369 956 3451 προϐαλλόμενον,
991 3375 1198 3452 Πατρὸς
1251 3372 1308 3429 δὲ
1349 3375 1440 3430 καὶ
1495 3376 1645 3446 Υἱοῦ,
1677 3379 1713 3447 ἡ
1747 3376 1902 3432 οὐσία

237 3467 358 3540 μία,
389 3466 488 3520 καὶ
522 3463 637 3540 οὐχ
661 3464 738 3526 ὡς
769 3462 916 3525 ὅλως
948 3461 1180 3538 ἂὶτομον·
1231 3463 1448 3528 τούτοις
1495 3464 1668 3528 οὕτως
1727 3463 1902 3522 ἄτοπα

239 3555 647 3634 βλασφημοῦσι
693 3554 795 3623 τήν
838 3551 1428 3630 προαναγεγραμμένην
1477 3554 1658 3634 ψῆφόν
1705 3575 1766 3610 τε
1810 3555 1901 3611 καὶ

232 3643 542 3715 καταδίκην
604 3641 916 3718 ἐπάγοντες,
976 3642 1351 3717 ἆποτὲμνομεν
1406 3650 1508 3714 τῆς
1571 3648 1680 3700 τῶν
1742 3645 1900 3720 ὀρθο-

461 3731 824 3806 ὃλομελείας,
871 3733 963 3786 καὶ
1015 3732 1428 3805 ἀποκηρύκτους
1472 3740 1570 3802 τῆς
1615 3738 1712 3788 τοῦ
1767 3739 1902 3790 Θεοῦ

234 3819 584 3892 ἐδοιλησζας
615 3819 708 3876 καέ
733 3827 834 3890 τῆς
863 3819 1104 3893 ποίμνης
1132 3819 1458 3894 ποιούμεθα.

297 3915 362 3983 ζ’.
395 3916 534 3972 Τοῖς
589 3908 796 3980 αὐτοῖς,
829 3907 912 3963 ὅτι
961 3909 990 3964 ὁ
1027 3908 1214 3984 Πατὴρ
1259 3907 1350 3964 καί
1380 3911 1408 3964 6
1438 3909 1564 3972 Υἱὸς
1609 3915 1690 3982 τῷ
1741 3911 1901 3984 αἰτίῳ

225 4003 565 4057 κοινωνοῦσι
627 4001 728 4053 τοῦ
797 3995 1110 4071 Πνεύματος
1163 3994 1605 4074 δογματίζουσιν,
1664 3999 1772 4076 ούχ
1828 4001 1902 4062 ὡς

228 4089 398 4168 ἁρχαὶ
438 4086 542 4143 δύο
572 4087 668 4140 καὶ
701 4083 848 4141 αἶ’τια
877 4083 974 4140 δύο
1000 4103 1012 4115 ·
1041 4085 1133 4141 καὶ
1162 4084 1245 4141 ὅτι
1295 4087 1432 4141 κατὰ
1477 4092 1733 4143 τοσοῦτον
1783 4109 1900 4144 κοι-

231 4185 388 4236 νωνεῖ
421 4179 456 4233 6
487 4175 622 4238 Υἱὸς
651 4179 732 4247 τῷ
760 4173 931 4250 Πατρὶ
977 4176 1091 4230 καθ’
1127 4174 1251 4230 ὅσον
1303 4173 1442 4230 ἐστὶν
1493 4179 1626 4246 ἧκον
1676 4177 1753 4241 εἰς
1799 4179 1898 4248 τὴν

228 4267 332 4342 διὰ,
379 4267 687 4328 κάντεῦθεν
746 4260 1007 4342 διαφοράν
1060 4271 1159 4334 τῆς
1208 4262 1383 4327 αἰτίας
1438 4269 1536 4320 τοῦ
1587 4267 1900 4340 Πνεύματος

223 4359 360 4412 uti
405 4356 520 4424 τήν
591 4357 700 4408 τῶν
770 4351 1074 4429 προθέσεων
1136 4351 1344 4408 τούτων
1400 4350 1658 4432 διαφοράν
1702 4376 1761 4411 τε
1811 4355 1901 4412 καὶ

225 4444 462 4520 δύναμιν
511 4442 892 4518 ἐπεισάγουσι,
940 4442 1030 4496 καὶ
1083 4439 1273 4504 ἄλλως
1328 4442 1424 4516 μὲν
1483 4439 1652 4498 αῗίιιον
1711 4445 1786 4507 ὡς
1845 4444 1904 4500 ἐκ

221 4541 314 4591 τοῦ
343 4535 538 4610 λόγου
569 4530 666 4586 τὸν
702 4531 934 4603 Πατέρα,
961 4527 1148 4594 ἄλλως
1203 4527 1262 4586 δὶ
1306 4531 1399 4586 τὸν
1454 4533 1598 4606 Υἱὸν,
1628 4533 1719 4587 καὶ
1769 4553 1900 4611 φρο-

2007 1947 2344 2026 δημιουργὸν
2375 1951 2466 2006 καὶ
2506 1947 2677 2005 αἷίιιον
2728 1950 2860 2005 εἶναι
2899 1955 3008 2005 τῶν
3041 1947 3110 2006 δι’
3142 1949 3306 2005 αὑτοῦ
3343 1949 3645 2027 γεγονότων

2003 2039 2336 2112 κτισμάτων,
2370 2037 2513 2094 οὕτω
2553 2036 2619 2109 δὴ
2675 2039 2764 2094 καὶ
2807 2039 2894 2094 ἐπὶ
2949 2045 3053 2108 τῆς
3111 2037 3396 2114 θεολογίας
3455 2039 3646 2114 αὐτῆς,

2007 2129 2053 2184 εἰ
2090 2129 2180 2183 καὶ
2231 2127 2460 2204 ἀρχικὸν
2511 2125 2681 2183 αἷίτιον
2734 2129 2866 2183 T106
2903 2127 2994 2183 καὶ
3043 2127 3355 2201 Πνεύματος
3403 2130 3431 2183 6
3461 2131 3649 2206 Πατὴρ

2008 2216 2247 2294 λέγεται,
2278 2216 2368 2272 καί
2397 2215 2488 2272 διὰ
2529 2222 2626 2274 τοῦ
2657 2219 2784 2272 Υἱοῦ
2838 2223 2936 2273 τοῦ
2991 2217 3304 2290 Πνεύματός
3366 2216 3504 2274 ἐστιν
3568 2219 3651 2274 αἰ-

2004 2328 2142 2376 τιον,
2176 2305 2275 2362 ούκ
2332 2305 2390 2362 ἂν
2449 2304 2742 2382 διαιρεθείη
2773 2311 2871 2362 τοῦ
2929 2307 3138 2382 Πατρὸς
3189 2307 3216 2361 ὁ
3258 2307 3382 2369 Υἱὸς
3438 2307 3525 2362 ἐπὶ
3583 2312 3651 2382 τῇ

2005 2395 2228 2473 προόδῳ
2273 2399 2369 2450 τοῦ
2423 2395 2765 2469 Πνεύματος·
2813 2400 2981 2450 ταῦτα
3036 2393 3094 2450 δὲ
3153 2393 3393 2470 λέγουσι,
3428 2396 3517 2451 καὶ
3573 2401 3654 2470 τῷ

2007 2485 2176 2562 Πατρὶ
2207 2483 2534 2561 παραλόγως
2581 2485 2672 2540 τὸν
2732 2485 2854 2540 Υἱὸν
2915 2483 3002 2539 ἐπὶ
3057 2489 3136 2556 τῷ
3190 2489 3288 2540 τοῦ
3339 2483 3650 2560 Πνεύματος

2006 2574 2167 2648 αἰτίῳ
2220 2575 2574 2629 συνάπτουσιν
2601 2593 2614 2606 ·
2650 2571 2775 2628 οὑδὲ
2827 2575 2931 2650 γὰρ
2983 2573 3028 2628 εἰ
3069 2571 3409 2651 δημιουργός
3441 2576 3470 2629 6
3525 2574 3650 2638 Υἱὸς

2005 2669 2112 2718 τῶν
2173 2661 2243 2718 δι’
2292 2663 2456 2718 αὐτοῦ
2513 2662 2816 2739 γεγονότων
2877 2661 3056 2738 ὥσπερ
3115 2665 3205 2718 καὶ
3236 2664 3264 2718 6
3295 2664 3505 2740 Πατήρ,
3536 2661 3648 2734 ἤδη

2006 2753 2222 2808 καὶτοῦ
2264 2751 2576 2826 Πνεύματος
2625 2749 2818 2822 αἷίτιος,
2853 2751 2938 2806 ὅτι
2983 2746 3290 2828 προϐολεὺς
3341 2756 3439 2806 τοῦ
3487 2752 3652 2808 Πνεύ-

2013 2861 2179 2916 ματος
2211 2837 2282 2896 δι³
2312 2839 2474 2894 αὑτοῦ
2526 2839 2665 2894 ἐστιν
2701 2841 2729 2894 6
2761 2841 2970 2916 Πατὴρ,
3005 2837 3131 2895 ούδέ
3171 2837 3336 2894 πάλιν
3384 2839 3466 2895 ὅτι
3512 2861 3649 2913 προ-

2009 2925 2204 2992 ϐολεὺς
2253 2934 2348 2984 τοῦ
2397 2927 2712 3001 Πνεύματος
2769 2925 2838 2983 δι’
2895 2927 3059 2983 αὐτοῦ
3105 2929 3234 2983 Υἰοῦ
3282 2927 3422 2984 ἐστιν
3471 2929 3499 2984 6
3547 2935 3654 2985 Πα-

2007 3021 2133 3096 τὴρ,
2165 3016 2274 3089 ἤδη
2307 3018 2397 3073 καὶ
2449 3014 2518 3072 δι’
2555 3016 2718 3073 αὐτοῦ
2775 3014 2947 3080 αἴτιός
2989 3015 3099 3072 ἐστι
3156 3021 3253 3072 τοῦ
3309 3017 3654 3092 Πνεύματος⁶

2005 3109 2104 3178 τὴν
2136 3109 2238 3184 γὰρ
2269 3107 2345 3170 εἰς
2389 3105 2638 3185 ἕκφανσιν
2698 3105 2918 3161 ἐνταῦθα
2965 3105 3054 3161 καὶ
3112 3101 3384 3180 ἐκλάμψιν
3444 3108 3506 3161 ού
3552 3107 3655 3176 τὴν

2009 3197 2085 3260 εἰς
2140 3198 2204 3253 τὸ
2263 3197 2394 3252 εἶναι
2443 3193 2678 3273 πρόοδον
2707 3199 2742 3266 ἠ
2779 3219 2807 3246 ‹‹
2839 3193 2910 3250 δι’
2955 3195 3084 3250 r106
3117 3219 3144 3246 n
3179 3195 3334 3272 ῥῆσις
3387 3195 3654 3271 παρίστη-

2010 3307 2121 3340 σιν·
2179 3285 2215 3354 ἢ
2273 3286 2376 3361 γάρ
2437 3285 2497 3340 ἂν
2575 3277 2674 3340 ούκ
2747 3283 3084 3361 εύαρίθμητα
3162 3283 3448 3361 ἐτύγχανεν
3507 3280 3653 3359 ὄντα,

2009 3371 2107 3428 ὅσα
2164 3371 2398 3429 ἐντεῦθεν
2455 3375 2727 3450 συνάγεται
2792 3374 2994 3428 ἄτοπα·
3052 3371 3200 3443 πλὴν
3257 3372 3474 3436 τούτοις
3519 3371 3655 3429 ἀλο-

2009 3463 2210 3538 γίστως
2238 3467 2405 3518 ταῦτα
2433 3461 2679 3538 λέγουσι,
2709 3462 2800 3518 καὶ
2850 3468 2969 3525 τοῖς
3021 3467 3128 3517 τῶν
3189 3461 3356 3539 ἁγίων
3416 3461 3651 3540 ῥήμασιν

2011 3552 2412 3630 ἐπιφυομένοις,
2478 3552 2568 3606 καὶ
2643 3549 3007 3631 βλασφημιῶν
3075 3551 3309 3606 ἐντεῦθεν
3378 3551 3658 3606 ἀνακινοῦ-

2011 3663 2092 3696 σιν
2141 3640 2325 3716 ἐσμὸν,
2383 3642 2481 3712 τήν
2558 3640 3157 3718 προαναγεγραμμένην
3199 3640 3405 3718 ’ψῆφόν
3461 3662 3522 3696 τε
3569 3639 3659 3696 καὶ

2008 3730 2299 3801 κατανίκην
2332 3730 2640 3806 ἐπάγοντες,
2681 3729 3058 3804 ἀποτέμνομεν
3106 3735 3208 3798 τῆς
3259 3733 3366 3783 τῶν
3430 3727 3656 3804 690066-

2011 3821 2113 3893 ξων
2166 3817 2515 3892 ὁλομελείας,
2571 3819 2660 3874 καὶ
2745 3817 3160 3896 ἀποκηρύκτους
3213 3824 3314 3888 τῆς
3371 3823 3469 3874 τοῦ
3526 3823 3661 3875 Θεοῦ

2013 3906 2334 3980 Ἐκκλησίας
2362 3909 2452 3964 καί
2483 3907 2724 3981 ποίμνης
2754 3907 3077 3982 ποιούμεθα.

2085 3999 2134 4052 ι’.
2167 4002 2290 4060 Τοῖς
2345 3997 2530 4060 αὐτοῖς
2589 3995 2670 4052 6'1:
2726 3997 2844 4052 καθ’
2872 3996 2934 4052 69
2987 3995 3188 4072 τρόπον
3238 3997 3394 4072 πηγή
3445 4001 3590 4068 ζωῆς
3621 3999 3657 4068 ἠ

2010 4087 2280 4163 Παρθένος
2335 4087 2422 4142 καὶ
2474 4085 2734 4148 Θεοτόκος
2795 4085 3140 4159 ὀνομάζεται,
3191 4084 3332 4140 οὕτω
3389 4081 3458 4154 δὴ
3508 4085 3596 4140 καὶ
3629 4088 3659 4141 6

2009 4177 2134 4240 Υἱὸς
2183 4177 2334 4252 πηγὴ
2391 4181 2537 4246 ζωῆς
2578 4174 2922 4248 ὀνομάζεται,
2963 4171 3246 4251 λέγουσιν·
3303 4177 3338 4244 ἡ
3399 4171 3457 4228 δὲ
3508 4180 3660 4252 Παρ-

2012 4267 2162 4330 θένος
2203 4263 2346 4320 οὕτω
2397 4262 2609 4342 λέγεται
2659 4263 2752 4320 διὰ
2800 4265 2862 4319 τὸ
2908 4267 2988 4335 τῷ
3043 4267 3320 4340 μονογενεῖ
3357 4262 3514 4340 Λόγῳ
3557 4259 3655 4336 ἔμ-

2011 4358 2187 4432 ψυχον
2239 4353 2408 4430 σάρκα
2465 4351 2700 4409 δανεῖσαι
2757 4355 2934 4428 ψυχῇ,
2967 4349 3169 4426 λογικῇ
3216 4372 3275 4406 τε
3327 4352 3418 4406 καὶ
3472 4357 3655 4426 νοερᾷ,

2009 4445 2099 4499 καὶ
2157 4443 2300 4498 αἰτία
2350 4443 2513 4498 αὑτοῦ
2561 4447 2660 4498 τοῦ
2712 4442 2847 4516 μετὰ
2885 4440 3117 4516 Χριστὸν
3162 4439 3450 4515 ἀνθρώπου
3503 4439 3657 4518 γενέ-

2011 4534 2151 4602 σθαι,
2181 4531 2272 4586 καὶ
2305 4532 2333 4586 6
2365 4532 2488 4594 Υἱὸς
2523 4529 2625 4607 ἄρα
2651 4535 2770 4594 τοῖς
2820 4530 2919 4598 τὴν
2982 4529 3126 4599 ζωὴν
3187 4528 3264 4590 εἰς
3320 4528 3383 4583 τὸ
3436 4533 3657 4602 Πνεῦμα

219 4631 370 4680 νοῦσι
437 4621 538 4678 καὶ
584 4619 836 4695 λέγουσι,
889 4620 980 4674 καὶ
1041 4621 1270 4694 ἀριθμὸν
1317 4619 1506 4676 αἰτίων
1555 4626 1651 4676 τοῦ
1701 4619 1901 4678 λοιποῦ
1930 4638 1978 4704 D
2006 4621 2070 4677 16
2114 4619 2263 4697 ἅγιον
2320 4614 2742 4694 ἐκλαμϐάνουσι,
2793 4619 2928 4674 κατὰ
2975 4617 3068 4672 τὸν
3112 4623 3214 4686 τῆς
3261 4615 3436 4679 αἰτίας
3487 4615 3652 4694 λόγον

221 4717 304 4769 καὶ
353 4711 596 4782 πλῆθος
655 4712 754 4764 τοῦ
801 4707 1117 4780 Πνεύματος
1167 4706 1504 4787 ἐπιφέρουσι,
1554 4708 1649 4765 κᾶν
1713 4713 1901 4787 μυριά-

219 4825 299 4866 κις
367 4805 552 4858 τοῦτο
627 4797 1078 4874 ἀπαγορεύσωσι,
1125 4798 1226 4866 τήν
1301 4795 1900 4874 προαναγεγραμμένην

213 4891 404 4972 ψῆφόν
470 4909 537 4945 τε
621 4885 716 4940 καὶ
791 4883 1082 4958 καταδίκην
1159 4885 1467 4963 ἐπάγοντες,
1520 4886 1898 4962 ἀποτέμνομεν

209 4971 315 5052 gi;
369 4983 494 5036 τῶν
561 4971 874 5051 ὀρθοδόξων
934 4971 1280 5049 ὁλομελείας,
1339 4975 1430 5030 καὶ
1485 4975 1898 5054 ἆποκηρύκτους

207 5073 306 5141 τῆς
365 5072 480 5125 τοῦ
521 5068 672 5122 Θεοῦ
733 5063 1059 5134 Ἐκκλησίας
1109 5062 1201 5119 καὶ
1247 5069 1348 5134 τῆς
1405 5063 1648 5138 ποίμνης
1704 5065 1895 5121 ποιού-

209 5173 372 5234 μεθα.

269 5251 350 5320 η’.
383 5251 525 5308 τοῖς
583 5241 780 5304 αὐτοῖς
832 5237 1274 5315 διατεινομένοις,
1306 5240 1389 5297 ὅτι
1421 5242 1449 5296 6
1479 5243 1667 5319 Πατήρ
1724 5239 1898 5307 αἶ’τιος
1945 5263 1952 5270 ’

201 5344 298 5395 τοῦ
328 5336 510 5414 ἁγίου
545 5329 897 5404 Πνεύματος,
930 5328 992 5384 ού
1039 5333 1118 5401 τῷ
1160 5329 1315 5406 λόγῳ
1369 5337 1470 5400 τῆς
1529 5331 1896 5405 ὑποστάσεως,

201 5431 276 5500 τῷ
327 5425 394 5483 δὲ
459 5421 635 5500 λόγῳ
689 5425 796 5489 τῆς
853 5417 1086 5496 φύσεως,
1145 5418 1234 5474 καὶ
1293 5417 1354 5475 ἐκ
1406 5419 1600 5474 τούτου
1655 5420 1744 5474 καὶ
1802 5421 1893 5475 τὸν

204 5518 320 5572 ῐὶὃιν
355 5508 706 5589 ἀναγκαίως
763 5503 940 5562 αἴτιον
999 5503 1456 5584 ἀποφαινομένοις
1505 5513 1604 5563 τοῦ
1656 5509 1898 5583 Πνεύμα-

201 5627 306 5683 τος,
337 5607 448 5663 τὸν
492 5598 674 5658 αὐτὸν
711 5595 917 5672 ἔχοντα
972 5599 1052 5667 τῷ
1095 5597 1264 5671 Πατρί
1301 5601 1404 5666 τῆς
1449 5595 1657 5673 φύσεως
1706 5597 1892 5675 λόγον,

199 5697 280 5752 καὶ
313 5697 404 5773 μή
463 5691 796 5767 συνορῶσιν
855 5683 984 5739 ὅσον
1035 5683 1098 5739 16
1155 5683 1390 5743 ἐντεῦθεν
1443 5685 1708 5760 ἑπόμενον
1762 5683 1888 5744 ἄτο·

2010 4710 2254 4785 εἰρῆσθαι
2311 4710 2464 4786 πηγὴ
2528 4713 2674 4779 ζωῆς
2722 4709 3074 4777 νοηθήσεται·
3123 4704 3338 4768 τούτοις
3397 4704 3447 4780 ἐξ
3505 4707 3654 4778 ἀνοι-

2006 4798 2167 4854 κείων
2219 4797 2391 4861 οῦτως
2451 4797 2770 4872 ὁμοιώσεών
2823 4815 2882 4851 τε
2936 4793 3024 4849 καὶ
3083 4791 3496 4870 ὑποδειγμάτων
3554 4795 3652 4858 τὰς

2007 4886 2302 4960 ἀποδείξεις
2329 4892 2426 4943 τοῦ
2478 4889 2754 4942 κοινωνεῖν
2800 4889 2880 4956 τῷ
2927 4883 3097 4960 Πατρὶ
3132 4882 3223 4938 τὸν
3255 4883 3376 4938 Υἱὸν
3435 4881 3524 4938 ἐπὶ
3580 4887 3649 4958 τῇ

2009 4977 2228 5054 ὑπάρξει
2293 4981 2390 5032 τοῦ
2449 4973 2762 5048 Πνεύματος
2820 4971 3200 5046 ποιουμένοις·
3248 4971 3484 5048 καὶγὰρ
3543 4971 3650 5050 ούχ

2007 5067 2082 5130 ὡς
2109 5069 2144 5136 ἡ
2180 5065 2446 5143 Παρθένος
2493 5065 2644 5141 πηγὴ
2700 5067 2846 5134 ζωῆς
2905 5059 3138 5138 εἷ’ρηται,
3170 5059 3314 5116 οὕτω
3364 5058 3430 5132 δὴ
3479 5060 3588 5116 καὶι
3619 5063 3648 5116 6

2010 5157 2311 5231 μονογενὴς
2366 5158 2463 5209 τοῦ
2519 5156 2654 5208 Θεοῦ
2710 5151 2885 5228 Λόγος
2933 5150 3089 5226 πηγὴ
3125 5155 3270 5221 ζωῆς
3305 5149 3646 5224 ὀνομάζεται,

2007 5242 2156 5320 εἷ’περ
2223 5241 2400 5314 ἐκείνη
2465 5243 2557 5317 μὲν
2607 5239 2691 5296 6'1:
2739 5239 2788 5314 ἐξ
2819 5237 2988 5309 αὐτῆς
3017 5241 3052 5309 ἡ
3085 5233 3254 5302 ὅντως
3317 5238 3452 5310 ζωὴ,
3485 5237 3646 5302 αὐτὸς

2006 5333 2034 5388 ὁ
2062 5337 2160 5388 τοῦ
2199 5336 2332 5389 Θεοῦ
2361 5331 2537 5408 Λόγος
2584 5331 2674 5385 καὶ
2725 5329 2852 5391 Θεὸς
2903 5327 3162 5400 ἀληθινὸς
3207 5327 3462 5404 ἐγεννήθη
3513 5327 3649 5382 κατὰ

2001 5421 2065 5475 τὸ
2095 5421 2458 5498 ἀνθρώπινον,
2491 5420 2581 5474 καὶ
2612 5417 2746 5488 αύτή
2801 5439 2864 5493 γε
2900 5420 3000 5487 τῆς
3047 5417 3190 5479 θείας
3239 5415 3404 5471 αὑτοῦ
3453 5416 3647 5492 σαρκὸς

2005 5510 2239 5586 ὑπῆρξεν
2296 5509 2460 5581 αἰτία,
2493 5509 2522 5563 6
2554 5509 2679 5570 Υἱὸς
2710 5505 2768 5562 δὲ
2821 5507 2978 5582 πηγὴ
3038 5511 3204 5579 ζωῆς,
3236 5504 3318 5560 6'1:
3373 5509 3492 5566 τοῖς
3543 5503 3646 5559 ὑπὸ

2000 5605 2102 5669 τῆς
2179 5599 2445 5676 ἁμαρτίας
2517 5597 2936 5674 νενεκρωμένοις
3009 5598 3145 5670 ἡμῖν
3209 5591 3384 5656 αἰίιιος
3442 5593 3647 5669 ὑπῆρξε

2007 5689 2174 5760 ζωῆς,
2229 5687 2319 5743 καὶ
2380 5687 2561 5766 ὥσπερ
2616 5709 2668 5744 τι
2730 5685 2903 5764 ῥεῦμα
2955 5683 3156 5756 ταύτην
3221 5686 3472 5757 ποταμοῦ
3525 5687 3642 5746 τοῖς
