  <div class='ocr_page' id='page_1' title='image "/cluster/home/n/w/nwhite01/storage/ocr_20150623/142/mdp.39015078384792/129.png"; bbox 0 0 4118 6422; ppageno 0'>
   <div class='ocr_carea' id='block_1_1' title="bbox 476 442 596 503">
    <p class='ocr_par' dir='ltr' id='par_1_1' title="bbox 476 442 596 503">
     <span class='ocr_line' id='line_1_1' title="bbox 476 442 596 503; baseline 0.017 -2"><span class='ocrx_word' id='word_1_1' title='bbox 476 442 596 503; x_wconf 75' lang='grc'>243</span> 
     </span>
    </p>
   </div>
   <div class='ocr_carea' id='block_1_2' title="bbox 1506 443 2874 509">
    <p class='ocr_par' dir='ltr' id='par_1_2' title="bbox 1506 443 2874 509">
     <span class='ocr_line' id='line_1_2' title="bbox 1506 443 2874 509; baseline -0.001 -2"><span class='ocrx_word' id='word_1_2' title='bbox 1506 446 1827 509; x_wconf 80' lang='lat' dir='ltr'>GEORGII</span> <span class='ocrx_word' id='word_1_3' title='bbox 1871 443 2132 507; x_wconf 78' lang='lat' dir='ltr'>CYPBII</span> <span class='ocrx_word' id='word_1_4' title='bbox 2177 444 2295 505; x_wconf 84' lang='lat' dir='ltr'>GP.</span> <span class='ocrx_word' id='word_1_5' title='bbox 2343 443 2874 506; x_wconf 66' lang='lat' dir='ltr'>PATRIARGHE</span> 
     </span>
    </p>
   </div>
   <div class='ocr_carea' id='block_1_3' title="bbox 3764 445 3885 503">
    <p class='ocr_par' dir='ltr' id='par_1_3' title="bbox 3764 445 3885 503">
     <span class='ocr_line' id='line_1_3' title="bbox 3764 445 3885 503; baseline 0 0"><span class='ocrx_word' id='word_1_6' title='bbox 3764 445 3885 503; x_wconf 71' lang='lat' dir='ltr'>2M</span> 
     </span>
    </p>
   </div>
   <div class='ocr_carea' id='block_1_4' title="bbox 473 569 3884 652">
    <p class='ocr_par' dir='ltr' id='par_1_4' title="bbox 473 569 3884 652">
     <span class='ocr_line' id='line_1_4' title="bbox 473 569 3884 652; baseline 0.001 -25"><span class='ocrx_word' id='word_1_7' title='bbox 473 579 634 629; x_wconf 80' lang='grc' dir='ltr'>πᾶσιν</span> <span class='ocrx_word' id='word_1_8' title='bbox 713 572 986 649; x_wconf 79' lang='grc' dir='ltr'>ἐπήγαγεν</span> <span class='ocrx_word' id='word_1_9' title='bbox 1012 592 1024 606; x_wconf 86' lang='grc'><em>’</em></span> <span class='ocrx_word' id='word_1_10' title='bbox 1085 575 1175 631; x_wconf 86' lang='grc' dir='ltr'>καὶ</span> <span class='ocrx_word' id='word_1_11' title='bbox 1246 574 1328 631; x_wconf 79' lang='grc' dir='ltr'>δτι</span> <span class='ocrx_word' id='word_1_12' title='bbox 1383 582 1502 639; x_wconf 89' lang='grc' dir='ltr'>τοῖς</span> <span class='ocrx_word' id='word_1_13' title='bbox 1559 577 1717 632; x_wconf 78' lang='grc' dir='ltr'>αὐτὸν</span> <span class='ocrx_word' id='word_1_14' title='bbox 1776 577 2118 632; x_wconf 70' lang='grc' dir='ltr'>πιστεύουσιν</span> <span class='ocrx_word' id='word_1_15' title='bbox 2151 578 2206 644; x_wconf 78' lang='grc' dir='ltr'>Α</span> <span class='ocrx_word' id='word_1_16' title='bbox 2234 576 2353 639; x_wconf 90' lang='grc' dir='ltr'>κίας</span> <span class='ocrx_word' id='word_1_17' title='bbox 2385 575 2617 632; x_wconf 87' lang='grc' dir='ltr'>ἐντεῦθεν</span> <span class='ocrx_word' id='word_1_18' title='bbox 2660 574 2966 649; x_wconf 84' lang='grc' dir='ltr'>οἰκοδομεῖ,</span> <span class='ocrx_word' id='word_1_19' title='bbox 2999 575 3099 631; x_wconf 81' lang='grc' dir='ltr'>οὐκ</span> <span class='ocrx_word' id='word_1_20' title='bbox 3142 571 3266 630; x_wconf 75' lang='grc' dir='ltr'>οἶδα</span> <span class='ocrx_word' id='word_1_21' title='bbox 3291 573 3345 629; x_wconf 89' lang='grc' dir='ltr'>τί</span> <span class='ocrx_word' id='word_1_22' title='bbox 3370 569 3553 652; x_wconf 67' lang='grc' dir='ltr'>ἕτερον</span> <span class='ocrx_word' id='word_1_23' title='bbox 3603 573 3884 647; x_wconf 73' lang='grc' dir='ltr'>ἐσομένας,</span> 
     </span>
    </p>
   </div>
   <div class='ocr_carea' id='block_1_5' title="bbox 479 663 2126 743">
    <p class='ocr_par' dir='ltr' id='par_1_5' title="bbox 479 663 2126 743">
     <span class='ocr_line' id='line_1_5' title="bbox 479 663 2126 743; baseline 0.002 -26"><span class='ocrx_word' id='word_1_24' title='bbox 479 663 554 725; x_wconf 86' lang='grc' dir='ltr'>ὡς</span> <span class='ocrx_word' id='word_1_25' title='bbox 604 663 709 719; x_wconf 86' lang='grc' dir='ltr'>ἀπὸ</span> <span class='ocrx_word' id='word_1_26' title='bbox 757 670 943 738; x_wconf 82' lang='grc' dir='ltr'>πηγῆς</span> <span class='ocrx_word' id='word_1_27' title='bbox 989 663 1156 735; x_wconf 78' lang='grc' dir='ltr'>αὐτῆς</span> <span class='ocrx_word' id='word_1_28' title='bbox 1214 665 1303 721; x_wconf 84' lang='lat' dir='ltr'>xui</span> <span class='ocrx_word' id='word_1_29' title='bbox 1355 663 1425 721; x_wconf 85' lang='grc' dir='ltr'>δι’</span> <span class='ocrx_word' id='word_1_30' title='bbox 1471 666 1637 721; x_wconf 77' lang='grc' dir='ltr'>αὑτοῦ</span> <span class='ocrx_word' id='word_1_31' title='bbox 1693 673 2015 743; x_wconf 76' lang='grc' dir='ltr'>χορηγεῖ-ται</span> <span class='ocrx_word' id='word_1_32' title='bbox 2064 665 2126 721; x_wconf 75' lang='grc' dir='ltr'>τὰ</span> 
     </span>
    </p>
   </div>
   <div class='ocr_carea' id='block_1_6' title="bbox 480 751 2126 830">
    <p class='ocr_par' dir='ltr' id='par_1_6' title="bbox 480 751 2126 830">
     <span class='ocr_line' id='line_1_6' title="bbox 480 751 2126 830; baseline 0.002 -24"><span class='ocrx_word' id='word_1_33' title='bbox 480 756 719 824; x_wconf 78' lang='grc' dir='ltr'>Πνεῦμα,</span> <span class='ocrx_word' id='word_1_34' title='bbox 752 751 843 806; x_wconf 87' lang='grc' dir='ltr'>καὶ</span> <span class='ocrx_word' id='word_1_35' title='bbox 894 753 1028 822; x_wconf 78' lang='grc' dir='ltr'>αὐτή</span> <span class='ocrx_word' id='word_1_36' title='bbox 1078 773 1142 828; x_wconf 86' lang='grc' dir='ltr'>γε</span> <span class='ocrx_word' id='word_1_37' title='bbox 1185 756 1219 822; x_wconf 87' lang='grc' dir='ltr'>ἡ</span> <span class='ocrx_word' id='word_1_38' title='bbox 1253 754 1413 830; x_wconf 86' lang='grc' dir='ltr'>χάρις</span> <span class='ocrx_word' id='word_1_39' title='bbox 1464 751 1755 825; x_wconf 72' lang='grc' dir='ltr'>ἀναϐλύζει</span> <span class='ocrx_word' id='word_1_40' title='bbox 1804 761 1901 810; x_wconf 88' lang='grc' dir='ltr'>τοῦ</span> <span class='ocrx_word' id='word_1_41' title='bbox 1956 756 2126 811; x_wconf 88' lang='grc' dir='ltr'>Πνεύ-</span> 
     </span>
    </p>
   </div>
   <div class='ocr_carea' id='block_1_7' title="bbox 485 839 2124 924">
    <p class='ocr_par' dir='ltr' id='par_1_7' title="bbox 485 839 2124 924">
     <span class='ocr_line' id='line_1_7' title="bbox 485 839 2124 924; baseline 0.002 -28"><span class='ocrx_word' id='word_1_42' title='bbox 485 862 675 914; x_wconf 83' lang='grc' dir='ltr'>ματος,</span> <span class='ocrx_word' id='word_1_43' title='bbox 735 841 858 910; x_wconf 77' lang='grc' dir='ltr'>ἥτις</span> <span class='ocrx_word' id='word_1_44' title='bbox 929 839 1082 897; x_wconf 69' lang='grc' dir='ltr'>οὐδὲν</span> <span class='ocrx_word' id='word_1_45' title='bbox 1136 842 1340 913; x_wconf 85' lang='grc' dir='ltr'>καινὸν,</span> <span class='ocrx_word' id='word_1_46' title='bbox 1400 841 1524 901; x_wconf 79' lang='grc' dir='ltr'>οῦτε</span> <span class='ocrx_word' id='word_1_47' title='bbox 1580 853 1683 915; x_wconf 79' lang='grc' dir='ltr'>τῆς</span> <span class='ocrx_word' id='word_1_48' title='bbox 1730 850 1837 900; x_wconf 86' lang='grc' dir='ltr'>τῶν</span> <span class='ocrx_word' id='word_1_49' title='bbox 1901 852 2124 924; x_wconf 86' lang='grc' dir='ltr'>Γραφῶν</span> 
     </span>
    </p>
   </div>
   <div class='ocr_carea' id='block_1_8' title="bbox 481 928 2125 1009">
    <p class='ocr_par' dir='ltr' id='par_1_8' title="bbox 481 928 2125 1009">
     <span class='ocr_line' id='line_1_8' title="bbox 481 928 2125 1009; baseline 0.004 -26"><span class='ocrx_word' id='word_1_50' title='bbox 481 929 762 999; x_wconf 81' lang='grc' dir='ltr'>συνηθείας</span> <span class='ocrx_word' id='word_1_51' title='bbox 801 928 1115 1007; x_wconf 87' lang='grc' dir='ltr'>ἀλλότριον,</span> <span class='ocrx_word' id='word_1_52' title='bbox 1172 932 1259 988; x_wconf 82' lang='grc' dir='ltr'>ἐάν</span> <span class='ocrx_word' id='word_1_53' title='bbox 1316 934 1467 1009; x_wconf 78' lang='grc' dir='ltr'>ἅγιον</span> <span class='ocrx_word' id='word_1_54' title='bbox 1526 934 1838 1008; x_wconf 80' lang='grc' dir='ltr'>ὁμωνύμως</span> <span class='ocrx_word' id='word_1_55' title='bbox 1891 935 2125 1004; x_wconf 76' lang='grc' dir='ltr'>καλῆται</span> 
     </span>
    </p>
   </div>
   <div class='ocr_carea' id='block_1_9' title="bbox 478 1020 2129 1100">
    <p class='ocr_par' dir='ltr' id='par_1_9' title="bbox 478 1020 2129 1100">
     <span class='ocr_line' id='line_1_9' title="bbox 478 1020 2129 1100; baseline 0.003 -26"><span class='ocrx_word' id='word_1_56' title='bbox 478 1023 721 1092; x_wconf 90' lang='grc' dir='ltr'>Πνεῦμα·</span> <span class='ocrx_word' id='word_1_57' title='bbox 782 1020 1073 1075; x_wconf 78' lang='grc' dir='ltr'>οἰκειοῦται</span> <span class='ocrx_word' id='word_1_58' title='bbox 1140 1024 1242 1097; x_wconf 71' lang='grc' dir='ltr'>γὰρ</span> <span class='ocrx_word' id='word_1_59' title='bbox 1302 1021 1440 1077; x_wconf 82' lang='grc' dir='ltr'>ἔστιν</span> <span class='ocrx_word' id='word_1_60' title='bbox 1502 1023 1593 1078; x_wconf 75' lang='grc' dir='ltr'>ὅτε</span> <span class='ocrx_word' id='word_1_61' title='bbox 1647 1023 1736 1078; x_wconf 84' lang='grc' dir='ltr'>καὶ</span> <span class='ocrx_word' id='word_1_62' title='bbox 1796 1026 1831 1092; x_wconf 78' lang='grc' dir='ltr'><strong>ἡ</strong></span> <span class='ocrx_word' id='word_1_63' title='bbox 1893 1023 2129 1100; x_wconf 82' lang='grc' dir='ltr'>ἐνέργεια</span> 
     </span>
    </p>
   </div>
   <div class='ocr_carea' id='block_1_10' title="bbox 476 1108 2130 1188">
    <p class='ocr_par' dir='ltr' id='par_1_10' title="bbox 476 1108 2130 1188">
     <span class='ocr_line' id='line_1_10' title="bbox 476 1108 2130 1188; baseline 0.003 -26"><span class='ocrx_word' id='word_1_64' title='bbox 476 1112 575 1162; x_wconf 90' lang='grc' dir='ltr'>τοῦ</span> <span class='ocrx_word' id='word_1_65' title='bbox 605 1108 947 1185; x_wconf 78' lang='grc' dir='ltr'>ἐνεργοῦντος</span> <span class='ocrx_word' id='word_1_66' title='bbox 978 1112 1078 1179; x_wconf 80' lang='grc' dir='ltr'>τήν</span> <span class='ocrx_word' id='word_1_67' title='bbox 1125 1109 1323 1181; x_wconf 79' lang='grc' dir='ltr'>κλῆσιν</span> <span class='ocrx_word' id='word_1_68' title='bbox 1353 1134 1365 1146; x_wconf 91' lang='grc'><strong>·</strong></span> <span class='ocrx_word' id='word_1_69' title='bbox 1414 1111 1597 1188; x_wconf 77' lang='grc' dir='ltr'>ὥσπερ</span> <span class='ocrx_word' id='word_1_70' title='bbox 1650 1111 1786 1182; x_wconf 83' lang='grc' dir='ltr'>δῆτα</span> <span class='ocrx_word' id='word_1_71' title='bbox 1832 1113 1922 1167; x_wconf 85' lang='grc' dir='ltr'>καὶ</span> <span class='ocrx_word' id='word_1_72' title='bbox 1969 1112 2130 1182; x_wconf 75' lang='grc' dir='ltr'>ἥλιον</span> 
     </span>
    </p>
   </div>
   <div class='ocr_carea' id='block_1_11' title="bbox 480 1194 2131 1278">
    <p class='ocr_par' dir='ltr' id='par_1_11' title="bbox 480 1194 2131 1278">
     <span class='ocr_line' id='line_1_11' title="bbox 480 1194 2131 1278; baseline 0.004 -27"><span class='ocrx_word' id='word_1_73' title='bbox 480 1194 755 1260; x_wconf 80' lang='grc' dir='ltr'>πολλάκις</span> <span class='ocrx_word' id='word_1_74' title='bbox 782 1200 882 1268; x_wconf 80' lang='grc' dir='ltr'>τὴν</span> <span class='ocrx_word' id='word_1_75' title='bbox 915 1199 1075 1268; x_wconf 77' lang='grc' dir='ltr'>ἡλίον</span> <span class='ocrx_word' id='word_1_76' title='bbox 1108 1199 1280 1275; x_wconf 74' lang='grc' dir='ltr'>αὐγὴν</span> <span class='ocrx_word' id='word_1_77' title='bbox 1311 1202 1401 1256; x_wconf 85' lang='grc' dir='ltr'>καὶ</span> <span class='ocrx_word' id='word_1_78' title='bbox 1435 1200 1766 1275; x_wconf 78' lang='grc' dir='ltr'>λαμπηδόνα</span> <span class='ocrx_word' id='word_1_79' title='bbox 1797 1200 1971 1278; x_wconf 88' lang='grc' dir='ltr'>λέγειν</span> <span class='ocrx_word' id='word_1_80' title='bbox 2032 1203 2131 1258; x_wconf 73' lang='grc' dir='ltr'>οὐκ</span> 
     </span>
    </p>
   </div>
   <div class='ocr_carea' id='block_1_12' title="bbox 481 1284 2128 1368">
    <p class='ocr_par' dir='ltr' id='par_1_12' title="bbox 481 1284 2128 1368">
     <span class='ocr_line' id='line_1_12' title="bbox 481 1284 2128 1368; baseline 0.004 -28"><span class='ocrx_word' id='word_1_81' title='bbox 481 1284 846 1360; x_wconf 87' lang='grc' dir='ltr'>ἀναινόμεθα·</span> <span class='ocrx_word' id='word_1_82' title='bbox 905 1288 1119 1352; x_wconf 88' lang='grc' dir='ltr'>τούτοις</span> <span class='ocrx_word' id='word_1_83' title='bbox 1204 1290 1347 1345; x_wconf 69' lang='grc' dir='ltr'>οὕτω</span> <span class='ocrx_word' id='word_1_84' title='bbox 1405 1292 1781 1368; x_wconf 72' lang='grc' dir='ltr'>συμπεραίνειν</span> <span class='ocrx_word' id='word_1_85' title='bbox 1844 1295 1934 1346; x_wconf 87' lang='lat' dir='ltr'>xui</span> <span class='ocrx_word' id='word_1_86' title='bbox 1991 1314 2128 1366; x_wconf 86' lang='grc' dir='ltr'>συμ-</span> 
     </span>
    </p>
   </div>
   <div class='ocr_carea' id='block_1_13' title="bbox 482 1370 2127 1458">
    <p class='ocr_par' dir='ltr' id='par_1_13' title="bbox 482 1370 2127 1458">
     <span class='ocr_line' id='line_1_13' title="bbox 482 1370 2127 1458; baseline 0.004 -29"><span class='ocrx_word' id='word_1_87' title='bbox 482 1370 720 1445; x_wconf 76' lang='grc' dir='ltr'>ϐιϐάζειν</span> <span class='ocrx_word' id='word_1_88' title='bbox 777 1378 845 1431; x_wconf 85' lang='grc' dir='ltr'>τά</span> <span class='ocrx_word' id='word_1_89' title='bbox 904 1376 1165 1450; x_wconf 88' lang='grc' dir='ltr'>μηδόλως</span> <span class='ocrx_word' id='word_1_90' title='bbox 1246 1380 1520 1458; x_wconf 79' lang='grc' dir='ltr'>πεφυκότα</span> <span class='ocrx_word' id='word_1_91' title='bbox 1604 1379 1969 1458; x_wconf 74' lang='grc' dir='ltr'>φιλονεικοῦσι</span> <span class='ocrx_word' id='word_1_92' title='bbox 2028 1382 2127 1450; x_wconf 75' lang='grc' dir='ltr'>τὴν</span> 
     </span>
    </p>
   </div>
   <div class='ocr_carea' id='block_1_14' title="bbox 479 1466 2129 1547">
    <p class='ocr_par' dir='ltr' id='par_1_14' title="bbox 479 1466 2129 1547">
     <span class='ocr_line' id='line_1_14' title="bbox 479 1466 2129 1547; baseline 0.004 -29"><span class='ocrx_word' id='word_1_93' title='bbox 479 1466 1080 1541; x_wconf 85' lang='grc' dir='ltr'>προαναγεγραμμένην</span> <span class='ocrx_word' id='word_1_94' title='bbox 1157 1469 1336 1547; x_wconf 81' lang='grc' dir='ltr'>ψῆφόν</span> <span class='ocrx_word' id='word_1_95' title='bbox 1388 1489 1449 1523; x_wconf 89' lang='grc' dir='ltr'>τε</span> <span class='ocrx_word' id='word_1_96' title='bbox 1499 1470 1591 1524; x_wconf 85' lang='grc' dir='ltr'>καὶ</span> <span class='ocrx_word' id='word_1_97' title='bbox 1640 1468 1934 1540; x_wconf 77' lang='grc' dir='ltr'>καταδίκην</span> <span class='ocrx_word' id='word_1_98' title='bbox 2006 1470 2129 1525; x_wconf 86' lang='grc' dir='ltr'>ἐπά-</span> 
     </span>
    </p>
   </div>
   <div class='ocr_carea' id='block_1_15' title="bbox 481 1554 2127 1632">
    <p class='ocr_par' dir='ltr' id='par_1_15' title="bbox 481 1554 2127 1632">
     <span class='ocr_line' id='line_1_15' title="bbox 481 1554 2127 1632; baseline 0.002 -23"><span class='ocrx_word' id='word_1_99' title='bbox 481 1575 692 1630; x_wconf 89' lang='grc' dir='ltr'>γοντες,</span> <span class='ocrx_word' id='word_1_100' title='bbox 724 1554 1101 1629; x_wconf 84' lang='grc' dir='ltr'>ἀποτέμνομεν</span> <span class='ocrx_word' id='word_1_101' title='bbox 1127 1563 1231 1625; x_wconf 78' lang='grc' dir='ltr'>τῆς</span> <span class='ocrx_word' id='word_1_102' title='bbox 1277 1562 1383 1611; x_wconf 90' lang='grc' dir='ltr'>τῶν</span> <span class='ocrx_word' id='word_1_103' title='bbox 1419 1556 1719 1632; x_wconf 79' lang='grc' dir='ltr'>ὀρθοδόξων</span> <span class='ocrx_word' id='word_1_104' title='bbox 1772 1558 2127 1631; x_wconf 87' lang='grc' dir='ltr'>ὁλομελείας,</span> 
     </span>
    </p>
   </div>
   <div class='ocr_carea' id='block_1_16' title="bbox 480 1636 2124 1719">
    <p class='ocr_par' dir='ltr' id='par_1_16' title="bbox 480 1636 2124 1719">
     <span class='ocr_line' id='line_1_16' title="bbox 480 1636 2124 1719; baseline 0.002 -20"><span class='ocrx_word' id='word_1_105' title='bbox 480 1644 571 1699; x_wconf 83' lang='grc' dir='ltr'>καὶ</span> <span class='ocrx_word' id='word_1_106' title='bbox 646 1643 1064 1719; x_wconf 87' lang='grc' dir='ltr'>ἀποκηρύκτους</span> <span class='ocrx_word' id='word_1_107' title='bbox 1126 1636 1235 1713; x_wconf 73' lang='grc' dir='ltr'>τῆς</span> <span class='ocrx_word' id='word_1_108' title='bbox 1306 1651 1401 1700; x_wconf 87' lang='grc' dir='ltr'>τοῦ</span> <span class='ocrx_word' id='word_1_109' title='bbox 1467 1652 1602 1701; x_wconf 90' lang='grc' dir='ltr'>Θεοῦ</span> <span class='ocrx_word' id='word_1_110' title='bbox 1657 1644 1984 1718; x_wconf 89' lang='grc' dir='ltr'>Ἐκκλησίας</span> <span class='ocrx_word' id='word_1_111' title='bbox 2033 1649 2124 1704; x_wconf 85' lang='grc' dir='ltr'>καὶ</span> 
     </span>
    </p>
   </div>
   <div class='ocr_carea' id='block_1_17' title="bbox 480 1731 1202 1805">
    <p class='ocr_par' dir='ltr' id='par_1_17' title="bbox 480 1731 1202 1805">
     <span class='ocr_line' id='line_1_17' title="bbox 480 1731 1202 1805; baseline 0.004 -19"><span class='ocrx_word' id='word_1_112' title='bbox 480 1739 584 1802; x_wconf 83' lang='grc' dir='ltr'>τῆς</span> <span class='ocrx_word' id='word_1_113' title='bbox 615 1731 857 1805; x_wconf 86' lang='grc' dir='ltr'>ποίμνης</span> <span class='ocrx_word' id='word_1_114' title='bbox 880 1732 1202 1805; x_wconf 89' lang='grc' dir='ltr'>ποιούμεθα.</span> 
     </span>
    </p>
   </div>
   <div class='ocr_carea' id='block_1_18' title="bbox 556 1820 2125 1902">
    <p class='ocr_par' dir='ltr' id='par_1_18' title="bbox 556 1820 2125 1902">
     <span class='ocr_line' id='line_1_18' title="bbox 556 1820 2125 1902; baseline 0.004 -28"><span class='ocrx_word' id='word_1_115' title='bbox 556 1822 642 1877; x_wconf 87' lang='grc' dir='ltr'>ια’.</span> <span class='ocrx_word' id='word_1_116' title='bbox 674 1827 800 1883; x_wconf 84' lang='grc' dir='ltr'>Τοῖς</span> <span class='ocrx_word' id='word_1_117' title='bbox 857 1820 1041 1884; x_wconf 80' lang='grc' dir='ltr'>αὐτοῖς</span> <span class='ocrx_word' id='word_1_118' title='bbox 1098 1822 1192 1884; x_wconf 77' lang='grc' dir='ltr'>τὰς</span> <span class='ocrx_word' id='word_1_119' title='bbox 1248 1827 1354 1876; x_wconf 89' lang='grc' dir='ltr'>τῶν</span> <span class='ocrx_word' id='word_1_120' title='bbox 1412 1823 1581 1899; x_wconf 84' lang='grc' dir='ltr'>ἁγίων</span> <span class='ocrx_word' id='word_1_121' title='bbox 1641 1826 1820 1902; x_wconf 79' lang='grc' dir='ltr'>φωνὰς</span> <span class='ocrx_word' id='word_1_122' title='bbox 1878 1825 1941 1880; x_wconf 80' lang='grc' dir='ltr'>οὐ</span> <span class='ocrx_word' id='word_1_123' title='bbox 1989 1829 2125 1901; x_wconf 87' lang='grc' dir='ltr'>πρὸς</span> 
     </span>
    </p>
   </div>
   <div class='ocr_carea' id='block_1_19' title="bbox 2239 663 3885 742">
    <p class='ocr_par' dir='ltr' id='par_1_19' title="bbox 2239 663 3885 742">
     <span class='ocr_line' id='line_1_19' title="bbox 2239 663 3885 742; baseline -0.001 -23"><span class='ocrx_word' id='word_1_124' title='bbox 2239 665 2285 719; x_wconf 71' lang='grc' dir='ltr'>εἴ</span> <span class='ocrx_word' id='word_1_125' title='bbox 2316 668 2392 738; x_wconf 79' lang='grc' dir='ltr'>μή</span> <span class='ocrx_word' id='word_1_126' title='bbox 2424 667 2521 735; x_wconf 69' lang='grc' dir='ltr'>τὴν</span> <span class='ocrx_word' id='word_1_127' title='bbox 2565 663 2774 737; x_wconf 86' lang='grc' dir='ltr'>στήλην</span> <span class='ocrx_word' id='word_1_128' title='bbox 2830 666 2960 741; x_wconf 78' lang='grc' dir='ltr'>φαίη</span> <span class='ocrx_word' id='word_1_129' title='bbox 3020 665 3109 720; x_wconf 85' lang='grc' dir='ltr'>καὶ</span> <span class='ocrx_word' id='word_1_130' title='bbox 3162 663 3444 742; x_wconf 91' lang='grc' dir='ltr'>τρόπαιον,</span> <span class='ocrx_word' id='word_1_131' title='bbox 3472 665 3573 733; x_wconf 77' lang='grc' dir='ltr'>τὴν</span> <span class='ocrx_word' id='word_1_132' title='bbox 3633 664 3727 737; x_wconf 75' lang='grc' dir='ltr'>μὲν</span> <span class='ocrx_word' id='word_1_133' title='bbox 3783 670 3885 734; x_wconf 86' lang='grc' dir='ltr'>τῆς</span> 
     </span>
    </p>
   </div>
   <div class='ocr_carea' id='block_1_20' title="bbox 2238 750 3886 833">
    <p class='ocr_par' dir='ltr' id='par_1_20' title="bbox 2238 750 3886 833">
     <span class='ocr_line' id='line_1_20' title="bbox 2238 750 3886 833; baseline -0.001 -24"><span class='ocrx_word' id='word_1_134' title='bbox 2238 754 2544 833; x_wconf 73' lang='grc' dir='ltr'>ἀφροσύνης</span> <span class='ocrx_word' id='word_1_135' title='bbox 2574 754 2738 810; x_wconf 76' lang='grc' dir='ltr'>αὑτοῦ</span> <span class='ocrx_word' id='word_1_136' title='bbox 2766 757 2998 831; x_wconf 86' lang='grc' dir='ltr'>κήρυκα,</span> <span class='ocrx_word' id='word_1_137' title='bbox 3028 752 3090 808; x_wconf 85' lang='grc' dir='ltr'>τὸ</span> <span class='ocrx_word' id='word_1_138' title='bbox 3118 750 3177 809; x_wconf 75' lang='grc' dir='ltr'>δὲ</span> <span class='ocrx_word' id='word_1_139' title='bbox 3223 750 3468 823; x_wconf 76' lang='grc' dir='ltr'>δήλωσιν</span> <span class='ocrx_word' id='word_1_140' title='bbox 3517 758 3615 808; x_wconf 88' lang='grc' dir='ltr'>τοῦ</span> <span class='ocrx_word' id='word_1_141' title='bbox 3673 753 3886 828; x_wconf 89' lang='grc' dir='ltr'>ἀγῶνος</span> 
     </span>
    </p>
   </div>
   <div class='ocr_carea' id='block_1_21' title="bbox 2236 843 3892 919">
    <p class='ocr_par' dir='ltr' id='par_1_21' title="bbox 2236 843 3892 919">
     <span class='ocr_line' id='line_1_21' title="bbox 2236 843 3892 919; baseline 0 -21"><span class='ocrx_word' id='word_1_142' title='bbox 2236 844 2420 913; x_wconf 79' lang='grc' dir='ltr'>αὑτοῦ,</span> <span class='ocrx_word' id='word_1_143' title='bbox 2454 845 2512 899; x_wconf 86' lang='grc' dir='ltr'>’ὃν</span> <span class='ocrx_word' id='word_1_144' title='bbox 2555 845 2690 900; x_wconf 87' lang='grc' dir='ltr'>κατά</span> <span class='ocrx_word' id='word_1_145' title='bbox 2735 851 2837 913; x_wconf 84' lang='grc' dir='ltr'>τῆς</span> <span class='ocrx_word' id='word_1_146' title='bbox 2882 846 3073 900; x_wconf 75' lang='grc' dir='ltr'>ἑαυτοῦ</span> <span class='ocrx_word' id='word_1_147' title='bbox 3119 843 3391 917; x_wconf 84' lang='grc' dir='ltr'>σωτηρίας</span> <span class='ocrx_word' id='word_1_148' title='bbox 3438 844 3755 919; x_wconf 82' lang='grc' dir='ltr'>ἠγώνισται.</span> <span class='ocrx_word' id='word_1_149' title='bbox 3791 844 3892 898; x_wconf 83' lang='grc' dir='ltr'>Διά</span> 
     </span>
    </p>
   </div>
   <div class='ocr_carea' id='block_1_22' title="bbox 2235 930 3891 1008">
    <p class='ocr_par' dir='ltr' id='par_1_22' title="bbox 2235 930 3891 1008">
     <span class='ocr_line' id='line_1_22' title="bbox 2235 930 3891 1008; baseline -0.001 -20"><span class='ocrx_word' id='word_1_150' title='bbox 2235 939 2396 988; x_wconf 87' lang='grc' dir='ltr'>τοῦτο</span> <span class='ocrx_word' id='word_1_151' title='bbox 2428 934 2515 988; x_wconf 88' lang='grc' dir='ltr'>καὶ</span> <span class='ocrx_word' id='word_1_152' title='bbox 2548 933 2681 989; x_wconf 82' lang='grc' dir='ltr'>αύτά</span> <span class='ocrx_word' id='word_1_153' title='bbox 2708 934 2775 988; x_wconf 78' lang='grc' dir='ltr'>τά</span> <span class='ocrx_word' id='word_1_154' title='bbox 2805 930 3054 1008; x_wconf 85' lang='grc' dir='ltr'>δόγματα</span> <span class='ocrx_word' id='word_1_155' title='bbox 3081 937 3196 994; x_wconf 90' lang='grc' dir='ltr'>τοῖς</span> <span class='ocrx_word' id='word_1_156' title='bbox 3241 933 3446 987; x_wconf 73' lang='grc' dir='ltr'>ἑαυτῶν</span> <span class='ocrx_word' id='word_1_157' title='bbox 3475 934 3713 1008; x_wconf 85' lang='grc' dir='ltr'>Πατράσι</span> <span class='ocrx_word' id='word_1_158' title='bbox 3763 954 3891 1007; x_wconf 83' lang='grc' dir='ltr'>συγ-</span> 
     </span>
    </p>
   </div>
   <div class='ocr_carea' id='block_1_23' title="bbox 2236 1019 3894 1096">
    <p class='ocr_par' dir='ltr' id='par_1_23' title="bbox 2236 1019 3894 1096">
     <span class='ocr_line' id='line_1_23' title="bbox 2236 1019 3894 1096; baseline -0.001 -19"><span class='ocrx_word' id='word_1_159' title='bbox 2236 1021 2700 1093; x_wconf 84' lang='grc' dir='ltr'>καταδικάζοντες,</span> <span class='ocrx_word' id='word_1_160' title='bbox 2748 1023 3002 1096; x_wconf 82' lang='grc' dir='ltr'>κρίνομεν</span> <span class='ocrx_word' id='word_1_161' title='bbox 3066 1022 3140 1085; x_wconf 85' lang='grc' dir='ltr'>ὡς</span> <span class='ocrx_word' id='word_1_162' title='bbox 3199 1021 3431 1093; x_wconf 75' lang='grc' dir='ltr'>ἐκείνων,</span> <span class='ocrx_word' id='word_1_163' title='bbox 3477 1021 3621 1076; x_wconf 73' lang='grc' dir='ltr'>οὕτω</span> <span class='ocrx_word' id='word_1_164' title='bbox 3669 1019 3736 1091; x_wconf 78' lang='grc' dir='ltr'>δὴ</span> <span class='ocrx_word' id='word_1_165' title='bbox 3797 1022 3894 1077; x_wconf 82' lang='grc' dir='ltr'>καὶ</span> 
     </span>
    </p>
   </div>
   <div class='ocr_carea' id='block_1_24' title="bbox 2238 1110 3891 1184">
    <p class='ocr_par' dir='ltr' id='par_1_24' title="bbox 2238 1110 3891 1184">
     <span class='ocr_line' id='line_1_24' title="bbox 2238 1110 3891 1184; baseline 0 -19"><span class='ocrx_word' id='word_1_166' title='bbox 2238 1111 2411 1166; x_wconf 73' lang='grc' dir='ltr'>αὐτῶν</span> <span class='ocrx_word' id='word_1_167' title='bbox 2466 1112 2527 1167; x_wconf 86' lang='grc' dir='ltr'>ἐκ</span> <span class='ocrx_word' id='word_1_168' title='bbox 2572 1118 2669 1180; x_wconf 83' lang='grc' dir='ltr'>τῆς</span> <span class='ocrx_word' id='word_1_169' title='bbox 2724 1110 3048 1182; x_wconf 81' lang='grc' dir='ltr'>Ἐκκλησίας</span> <span class='ocrx_word' id='word_1_170' title='bbox 3095 1112 3156 1165; x_wconf 86' lang='grc' dir='ltr'>τὸ</span> <span class='ocrx_word' id='word_1_171' title='bbox 3190 1110 3534 1184; x_wconf 90' lang='grc' dir='ltr'>μνημόσυνον</span> <span class='ocrx_word' id='word_1_172' title='bbox 3592 1110 3891 1166; x_wconf 76' lang='grc' dir='ltr'>ἀπολέσθαι</span> 
     </span>
    </p>
   </div>
   <div class='ocr_carea' id='block_1_25' title="bbox 2242 1194 3887 1277">
    <p class='ocr_par' dir='ltr' id='par_1_25' title="bbox 2242 1194 3887 1277">
     <span class='ocr_line' id='line_1_25' title="bbox 2242 1194 3887 1277; baseline -0.002 -21"><span class='ocrx_word' id='word_1_173' title='bbox 2242 1202 2376 1273; x_wconf 85' lang='grc' dir='ltr'>μετά</span> <span class='ocrx_word' id='word_1_174' title='bbox 2402 1198 2568 1277; x_wconf 74' lang='grc' dir='ltr'>ἤχου.</span> <span class='ocrx_word' id='word_1_175' title='bbox 2603 1202 2860 1255; x_wconf 82' lang='grc' dir='ltr'>Ἀκανθαι</span> <span class='ocrx_word' id='word_1_176' title='bbox 2891 1200 2995 1276; x_wconf 86' lang='grc' dir='ltr'>γάρ</span> <span class='ocrx_word' id='word_1_177' title='bbox 3053 1200 3184 1255; x_wconf 77' lang='grc' dir='ltr'>εἰσιν</span> <span class='ocrx_word' id='word_1_178' title='bbox 3239 1200 3405 1255; x_wconf 74' lang='grc' dir='ltr'>οἱονεὶ</span> <span class='ocrx_word' id='word_1_179' title='bbox 3463 1200 3553 1254; x_wconf 86' lang='grc' dir='ltr'>καὶ</span> <span class='ocrx_word' id='word_1_180' title='bbox 3609 1194 3887 1275; x_wconf 78' lang='grc' dir='ltr'>τρίϐολοι,</span> 
     </span>
    </p>
   </div>
   <div class='ocr_carea' id='block_1_26' title="bbox 2239 1286 3889 1366">
    <p class='ocr_par' dir='ltr' id='par_1_26' title="bbox 2239 1286 3889 1366">
     <span class='ocr_line' id='line_1_26' title="bbox 2239 1286 3889 1366; baseline -0.002 -21"><span class='ocrx_word' id='word_1_181' title='bbox 2239 1290 2299 1345; x_wconf 77' lang='grc' dir='ltr'>ἐκ</span> <span class='ocrx_word' id='word_1_182' title='bbox 2354 1290 2496 1352; x_wconf 90' lang='grc' dir='ltr'>θείας</span> <span class='ocrx_word' id='word_1_183' title='bbox 2552 1292 3001 1365; x_wconf 73' lang='grc' dir='ltr'>παραχωρήσεως</span> <span class='ocrx_word' id='word_1_184' title='bbox 3057 1293 3125 1363; x_wconf 82' lang='grc' dir='ltr'>τῇ</span> <span class='ocrx_word' id='word_1_185' title='bbox 3181 1288 3453 1366; x_wconf 85' lang='grc' dir='ltr'>ζωηφόρῳ</span> <span class='ocrx_word' id='word_1_186' title='bbox 3507 1294 3608 1357; x_wconf 85' lang='grc' dir='ltr'>τῆς</span> <span class='ocrx_word' id='word_1_187' title='bbox 3652 1286 3889 1359; x_wconf 84' lang='grc' dir='ltr'>Ἐκκλη-</span> 
     </span>
    </p>
   </div>
   <div class='ocr_carea' id='block_1_27' title="bbox 2240 1377 3891 1457">
    <p class='ocr_par' dir='ltr' id='par_1_27' title="bbox 2240 1377 3891 1457">
     <span class='ocr_line' id='line_1_27' title="bbox 2240 1377 3891 1457; baseline -0.001 -24"><span class='ocrx_word' id='word_1_188' title='bbox 2240 1380 2353 1441; x_wconf 88' lang='grc' dir='ltr'>σίας</span> <span class='ocrx_word' id='word_1_189' title='bbox 2383 1380 2691 1457; x_wconf 81' lang='grc' dir='ltr'>ἀναφυεῖσαι</span> <span class='ocrx_word' id='word_1_190' title='bbox 2717 1379 2912 1454; x_wconf 79' lang='grc' dir='ltr'>χώρᾳ·</span> <span class='ocrx_word' id='word_1_191' title='bbox 2972 1379 3006 1447; x_wconf 69' lang='grc' dir='ltr'><strong>ἢ</strong></span> <span class='ocrx_word' id='word_1_192' title='bbox 3055 1378 3145 1432; x_wconf 84' lang='grc' dir='ltr'>καὶ</span> <span class='ocrx_word' id='word_1_193' title='bbox 3198 1377 3405 1447; x_wconf 80' lang='grc' dir='ltr'>ζιζάνια</span> <span class='ocrx_word' id='word_1_194' title='bbox 3451 1377 3663 1453; x_wconf 87' lang='grc' dir='ltr'>πονηρά</span> <span class='ocrx_word' id='word_1_195' title='bbox 3722 1379 3891 1432; x_wconf 81' lang='grc' dir='ltr'>ὁποῖα</span> 
     </span>
    </p>
   </div>
   <div class='ocr_carea' id='block_1_28' title="bbox 2235 1465 3886 1544">
    <p class='ocr_par' dir='ltr' id='par_1_28' title="bbox 2235 1465 3886 1544">
     <span class='ocr_line' id='line_1_28' title="bbox 2235 1465 3886 1544; baseline -0.002 -20"><span class='ocrx_word' id='word_1_196' title='bbox 2235 1474 2315 1540; x_wconf 80' lang='grc' dir='ltr'>τῷ</span> <span class='ocrx_word' id='word_1_197' title='bbox 2344 1470 2561 1541; x_wconf 85' lang='grc' dir='ltr'>καθαρῷ</span> <span class='ocrx_word' id='word_1_198' title='bbox 2596 1473 2695 1522; x_wconf 87' lang='grc' dir='ltr'>τοῦ</span> <span class='ocrx_word' id='word_1_199' title='bbox 2746 1465 3087 1544; x_wconf 75' lang='grc' dir='ltr'>Εὐαγγσλίου</span> <span class='ocrx_word' id='word_1_200' title='bbox 3147 1466 3278 1540; x_wconf 86' lang='grc' dir='ltr'>σίτῳ</span> <span class='ocrx_word' id='word_1_201' title='bbox 3338 1466 3531 1543; x_wconf 85' lang='grc' dir='ltr'>ἐχθρὸς</span> <span class='ocrx_word' id='word_1_202' title='bbox 3584 1465 3886 1540; x_wconf 85' lang='grc' dir='ltr'>ἐνέσπειρεν</span> 
     </span>
    </p>
   </div>
   <div class='ocr_carea' id='block_1_29' title="bbox 2239 1554 3890 1635">
    <p class='ocr_par' dir='ltr' id='par_1_29' title="bbox 2239 1554 3890 1635">
     <span class='ocr_line' id='line_1_29' title="bbox 2239 1554 3890 1635; baseline -0.002 -21"><span class='ocrx_word' id='word_1_203' title='bbox 2239 1559 2538 1635; x_wconf 75' lang='grc' dir='ltr'>ἅνθρωπος,</span> <span class='ocrx_word' id='word_1_204' title='bbox 2576 1560 2676 1627; x_wconf 76' lang='grc' dir='ltr'>τῆν</span> <span class='ocrx_word' id='word_1_205' title='bbox 2730 1557 2936 1632; x_wconf 73' lang='grc' dir='ltr'>ἀνοχὴν</span> <span class='ocrx_word' id='word_1_206' title='bbox 2983 1561 3081 1611; x_wconf 91' lang='grc' dir='ltr'>τοῦ</span> <span class='ocrx_word' id='word_1_207' title='bbox 3142 1554 3479 1618; x_wconf 68' lang='grc' dir='ltr'>ἐκδικοῦντος</span> <span class='ocrx_word' id='word_1_208' title='bbox 3551 1560 3684 1612; x_wconf 85' lang='grc' dir='ltr'>Θεοῦ</span> <span class='ocrx_word' id='word_1_209' title='bbox 3744 1554 3890 1611; x_wconf 73' lang='grc' dir='ltr'>εὔθε-</span> 
     </span>
    </p>
   </div>
   <div class='ocr_carea' id='block_1_30' title="bbox 2235 1641 3886 1723">
    <p class='ocr_par' dir='ltr' id='par_1_30' title="bbox 2235 1641 3886 1723">
     <span class='ocr_line' id='line_1_30' title="bbox 2235 1641 3886 1723; baseline -0.002 -21"><span class='ocrx_word' id='word_1_210' title='bbox 2235 1669 2328 1702; x_wconf 87' lang='grc' dir='ltr'>τον</span> <span class='ocrx_word' id='word_1_211' title='bbox 2386 1648 2631 1723; x_wconf 85' lang='grc' dir='ltr'>εὑρηκὼς</span> <span class='ocrx_word' id='word_1_212' title='bbox 2686 1653 2788 1715; x_wconf 84' lang='grc' dir='ltr'>τῆς</span> <span class='ocrx_word' id='word_1_213' title='bbox 2836 1644 3164 1720; x_wconf 83' lang='grc' dir='ltr'>κακουργίας</span> <span class='ocrx_word' id='word_1_214' title='bbox 3211 1644 3420 1720; x_wconf 90' lang='grc' dir='ltr'>καιρόν.</span> <span class='ocrx_word' id='word_1_215' title='bbox 3455 1644 3517 1699; x_wconf 85' lang='grc' dir='ltr'>Εἰ</span> <span class='ocrx_word' id='word_1_216' title='bbox 3563 1641 3621 1699; x_wconf 76' lang='grc' dir='ltr'>δὲ</span> <span class='ocrx_word' id='word_1_217' title='bbox 3672 1644 3886 1719; x_wconf 85' lang='grc' dir='ltr'>βούλει,</span> 
     </span>
    </p>
   </div>
   <div class='ocr_carea' id='block_1_31' title="bbox 2237 1731 3889 1819">
    <p class='ocr_par' dir='ltr' id='par_1_31' title="bbox 2237 1731 3889 1819">
     <span class='ocr_line' id='line_1_31' title="bbox 2237 1731 3889 1819; baseline -0.002 -27"><span class='ocrx_word' id='word_1_218' title='bbox 2237 1737 2380 1792; x_wconf 80' lang='grc' dir='ltr'>’ὁκαὶ</span> <span class='ocrx_word' id='word_1_219' title='bbox 2415 1733 2628 1810; x_wconf 77' lang='grc' dir='ltr'>μᾶλλον</span> <span class='ocrx_word' id='word_1_220' title='bbox 2683 1739 2754 1809; x_wconf 77' lang='grc' dir='ltr'>τῇ</span> <span class='ocrx_word' id='word_1_221' title='bbox 2800 1733 3039 1819; x_wconf 68' lang='grc' dir='ltr'>πονηρίᾳ</span> <span class='ocrx_word' id='word_1_222' title='bbox 3094 1735 3432 1811; x_wconf 72' lang='grc' dir='ltr'>προσέοικεν,</span> <span class='ocrx_word' id='word_1_223' title='bbox 3491 1731 3722 1810; x_wconf 79' lang='grc' dir='ltr'>ἐχιδνῶν</span> <span class='ocrx_word' id='word_1_224' title='bbox 3783 1735 3889 1789; x_wconf 84' lang='grc' dir='ltr'>εἰσι</span> 
     </span>
    </p>
   </div>
   <div class='ocr_carea' id='block_1_32' title="bbox 2236 1820 3888 1903">
    <p class='ocr_par' dir='ltr' id='par_1_32' title="bbox 2236 1820 3888 1903">
     <span class='ocr_line' id='line_1_32' title="bbox 2236 1820 3888 1903; baseline -0.002 -22"><span class='ocrx_word' id='word_1_225' title='bbox 2236 1820 2582 1903; x_wconf 83' lang='grc' dir='ltr'>θανατηφόρα</span> <span class='ocrx_word' id='word_1_226' title='bbox 2643 1826 2969 1899; x_wconf 75' lang='grc' dir='ltr'>γεννήματα,</span> <span class='ocrx_word' id='word_1_227' title='bbox 3028 1824 3117 1878; x_wconf 88' lang='lat' dir='ltr'>xui</span> <span class='ocrx_word' id='word_1_228' title='bbox 3175 1822 3309 1878; x_wconf 87' lang='grc' dir='ltr'>κατά</span> <span class='ocrx_word' id='word_1_229' title='bbox 3365 1823 3461 1891; x_wconf 77' lang='grc' dir='ltr'>τὴν</span> <span class='ocrx_word' id='word_1_230' title='bbox 3516 1824 3731 1899; x_wconf 81' lang='grc' dir='ltr'>Γραφήν</span> <span class='ocrx_word' id='word_1_231' title='bbox 3793 1821 3888 1899; x_wconf 79' lang='grc' dir='ltr'>ἔγ-</span> 
     </span>
    </p>
   </div>
   <div class='ocr_carea' id='block_1_33' title="bbox 477 1908 3895 2013">
    <p class='ocr_par' dir='ltr' id='par_1_33' title="bbox 477 1908 3895 2013">
     <span class='ocr_line' id='line_1_33' title="bbox 477 1908 3895 2013; baseline 0.001 -48"><span class='ocrx_word' id='word_1_232' title='bbox 477 1910 569 1965; x_wconf 85' lang='grc' dir='ltr'>τὸν</span> <span class='ocrx_word' id='word_1_233' title='bbox 632 1910 787 1986; x_wconf 82' lang='grc' dir='ltr'>ὀρθὸν</span> <span class='ocrx_word' id='word_1_234' title='bbox 843 1917 946 1979; x_wconf 85' lang='grc' dir='ltr'>τῆς</span> <span class='ocrx_word' id='word_1_235' title='bbox 995 1908 1321 1982; x_wconf 88' lang='grc' dir='ltr'>Ἐκκλησίας</span> <span class='ocrx_word' id='word_1_236' title='bbox 1400 1914 1598 1968; x_wconf 89' lang='grc' dir='ltr'>σκοπὸν</span> <span class='ocrx_word' id='word_1_237' title='bbox 1667 1909 2124 1988; x_wconf 72' lang='grc' dir='ltr'>ἐκλαμϐάνουσιν,</span> <span class='ocrx_word' id='word_1_238' title='bbox 2156 1947 2205 2013; x_wconf 79' lang='grc' dir='ltr'><strong>Β</strong></span> <span class='ocrx_word' id='word_1_239' title='bbox 2237 1936 2368 1991; x_wconf 90' lang='grc' dir='ltr'>γονα</span> <span class='ocrx_word' id='word_1_240' title='bbox 2418 1911 2773 1990; x_wconf 85' lang='grc' dir='ltr'>βασιλίσκων,</span> <span class='ocrx_word' id='word_1_241' title='bbox 2814 1915 3039 1977; x_wconf 82' lang='grc' dir='ltr'>θάνατον</span> <span class='ocrx_word' id='word_1_242' title='bbox 3094 1912 3269 1986; x_wconf 81' lang='grc' dir='ltr'>ἁπάσῃ</span> <span class='ocrx_word' id='word_1_243' title='bbox 3317 1915 3387 1986; x_wconf 79' lang='grc' dir='ltr'>τῇ</span> <span class='ocrx_word' id='word_1_244' title='bbox 3436 1911 3895 1986; x_wconf 78' lang='grc' dir='ltr'>προσπελαζούσῃ</span> 
     </span>
    </p>
   </div>
   <div class='ocr_carea' id='block_1_34' title="bbox 480 1996 2125 2077">
    <p class='ocr_par' dir='ltr' id='par_1_34' title="bbox 480 1996 2125 2077">
     <span class='ocr_line' id='line_1_34' title="bbox 480 1996 2125 2077; baseline 0.003 -23"><span class='ocrx_word' id='word_1_245' title='bbox 480 1996 607 2054; x_wconf 79' lang='grc' dir='ltr'>οὐδὲ</span> <span class='ocrx_word' id='word_1_246' title='bbox 662 1998 1012 2073; x_wconf 83' lang='grc' dir='ltr'>θεραπεύουσι</span> <span class='ocrx_word' id='word_1_247' title='bbox 1042 2000 1106 2054; x_wconf 86' lang='grc' dir='ltr'>τὸ</span> <span class='ocrx_word' id='word_1_248' title='bbox 1133 1997 1327 2055; x_wconf 87' lang='grc' dir='ltr'>δοκοῦν</span> <span class='ocrx_word' id='word_1_249' title='bbox 1384 2001 1768 2077; x_wconf 85' lang='grc' dir='ltr'>προσίστασθαι</span> <span class='ocrx_word' id='word_1_250' title='bbox 1838 2005 1975 2058; x_wconf 82' lang='grc' dir='ltr'>κατά</span> <span class='ocrx_word' id='word_1_251' title='bbox 2029 2006 2125 2066; x_wconf 73' lang='grc' dir='ltr'>τὰς</span> 
     </span>
    </p>
   </div>
   <div class='ocr_carea' id='block_1_35' title="bbox 480 2088 2131 2168">
    <p class='ocr_par' dir='ltr' id='par_1_35' title="bbox 480 2088 2131 2168">
     <span class='ocr_line' id='line_1_35' title="bbox 480 2088 2131 2168; baseline 0.002 -25"><span class='ocrx_word' id='word_1_252' title='bbox 480 2089 845 2162; x_wconf 76' lang='grc' dir='ltr'>πνευματικὰς</span> <span class='ocrx_word' id='word_1_253' title='bbox 912 2088 1256 2164; x_wconf 89' lang='grc' dir='ltr'>παραδόσεις,</span> <span class='ocrx_word' id='word_1_254' title='bbox 1316 2091 1406 2145; x_wconf 87' lang='grc' dir='ltr'>καὶ</span> <span class='ocrx_word' id='word_1_255' title='bbox 1478 2091 1574 2153; x_wconf 77' lang='grc' dir='ltr'>τὰς</span> <span class='ocrx_word' id='word_1_256' title='bbox 1641 2092 1826 2155; x_wconf 75' lang='grc' dir='ltr'>κοινὰς</span> <span class='ocrx_word' id='word_1_257' title='bbox 1898 2092 2022 2168; x_wconf 88' lang='grc' dir='ltr'>περί</span> <span class='ocrx_word' id='word_1_258' title='bbox 2072 2113 2131 2147; x_wconf 87' lang='grc' dir='ltr'>τε</span> 
     </span>
    </p>
   </div>
   <div class='ocr_carea' id='block_1_36' title="bbox 483 2174 2126 2253">
    <p class='ocr_par' dir='ltr' id='par_1_36' title="bbox 483 2174 2126 2253">
     <span class='ocr_line' id='line_1_36' title="bbox 483 2174 2126 2253; baseline 0.002 -22"><span class='ocrx_word' id='word_1_259' title='bbox 483 2181 618 2232; x_wconf 84' lang='grc' dir='ltr'>Θεοῦ</span> <span class='ocrx_word' id='word_1_260' title='bbox 646 2176 734 2230; x_wconf 84' lang='grc' dir='ltr'>καὶ</span> <span class='ocrx_word' id='word_1_261' title='bbox 764 2180 871 2230; x_wconf 89' lang='grc' dir='ltr'>τῶν</span> <span class='ocrx_word' id='word_1_262' title='bbox 902 2174 1059 2230; x_wconf 89' lang='grc' dir='ltr'>θείων</span> <span class='ocrx_word' id='word_1_263' title='bbox 1107 2174 1432 2250; x_wconf 81' lang='grc' dir='ltr'>ὑπολήψεις,</span> <span class='ocrx_word' id='word_1_264' title='bbox 1479 2176 1625 2232; x_wconf 82' lang='grc' dir='ltr'>ἀλλὰ</span> <span class='ocrx_word' id='word_1_265' title='bbox 1665 2179 1799 2253; x_wconf 91' lang='grc' dir='ltr'>πρός</span> <span class='ocrx_word' id='word_1_266' title='bbox 1845 2200 1961 2234; x_wconf 87' lang='grc' dir='ltr'>τινα</span> <span class='ocrx_word' id='word_1_267' title='bbox 2006 2184 2126 2234; x_wconf 89' lang='grc' dir='ltr'>νοῦν</span> 
     </span>
    </p>
   </div>
   <div class='ocr_carea' id='block_1_37' title="bbox 481 2262 2125 2341">
    <p class='ocr_par' dir='ltr' id='par_1_37' title="bbox 481 2262 2125 2341">
     <span class='ocr_line' id='line_1_37' title="bbox 481 2262 2125 2341; baseline 0.001 -21"><span class='ocrx_word' id='word_1_268' title='bbox 481 2262 753 2337; x_wconf 79' lang='grc' dir='ltr'>ἀπᾴδοντα</span> <span class='ocrx_word' id='word_1_269' title='bbox 821 2269 930 2320; x_wconf 89' lang='grc' dir='ltr'>τῶν</span> <span class='ocrx_word' id='word_1_270' title='bbox 999 2267 1370 2341; x_wconf 70' lang='grc' dir='ltr'>προκειμένων</span> <span class='ocrx_word' id='word_1_271' title='bbox 1447 2266 1609 2328; x_wconf 77' lang='grc' dir='ltr'>αὐτὰς</span> <span class='ocrx_word' id='word_1_272' title='bbox 1662 2263 2058 2341; x_wconf 77' lang='grc' dir='ltr'>ἐκϐιϐάζουσιν,</span> <span class='ocrx_word' id='word_1_273' title='bbox 2090 2268 2125 2338; x_wconf 74' lang='grc' dir='ltr'><strong>ἢ</strong></span> 
     </span>
    </p>
   </div>
   <div class='ocr_carea' id='block_1_38' title="bbox 482 2353 2126 2432">
    <p class='ocr_par' dir='ltr' id='par_1_38' title="bbox 482 2353 2126 2432">
     <span class='ocr_line' id='line_1_38' title="bbox 482 2353 2126 2432; baseline 0.003 -24"><span class='ocrx_word' id='word_1_274' title='bbox 482 2353 672 2428; x_wconf 81' lang='grc' dir='ltr'>ψιλαῖς</span> <span class='ocrx_word' id='word_1_275' title='bbox 705 2354 889 2417; x_wconf 82' lang='grc' dir='ltr'>αὐταῖς</span> <span class='ocrx_word' id='word_1_276' title='bbox 933 2356 1287 2431; x_wconf 84' lang='grc' dir='ltr'>προσέχουσι,</span> <span class='ocrx_word' id='word_1_277' title='bbox 1319 2355 1409 2410; x_wconf 84' lang='grc' dir='ltr'>καὶ</span> <span class='ocrx_word' id='word_1_278' title='bbox 1457 2357 1594 2432; x_wconf 89' lang='grc' dir='ltr'>πρὸς</span> <span class='ocrx_word' id='word_1_279' title='bbox 1660 2354 1837 2432; x_wconf 87' lang='grc' dir='ltr'>δόγμα</span> <span class='ocrx_word' id='word_1_280' title='bbox 1894 2357 2126 2413; x_wconf 87' lang='grc' dir='ltr'>ἐντεῦθεν</span> 
     </span>
    </p>
   </div>
   <div class='ocr_carea' id='block_1_39' title="bbox 484 2442 2124 2521">
    <p class='ocr_par' dir='ltr' id='par_1_39' title="bbox 484 2442 2124 2521">
     <span class='ocr_line' id='line_1_39' title="bbox 484 2442 2124 2521; baseline 0.002 -22"><span class='ocrx_word' id='word_1_281' title='bbox 484 2442 867 2521; x_wconf 70' lang='grc' dir='ltr'>ἐκφερομένοις</span> <span class='ocrx_word' id='word_1_282' title='bbox 955 2442 1270 2519; x_wconf 86' lang='grc' dir='ltr'>ἀλλότριον,</span> <span class='ocrx_word' id='word_1_283' title='bbox 1353 2445 1453 2513; x_wconf 73' lang='grc' dir='ltr'>τὴν</span> <span class='ocrx_word' id='word_1_284' title='bbox 1532 2446 2124 2521; x_wconf 84' lang='grc' dir='ltr'>προαναγεγραμμένην</span> 
     </span>
    </p>
   </div>
   <div class='ocr_carea' id='block_1_40' title="bbox 486 2529 2125 2609">
    <p class='ocr_par' dir='ltr' id='par_1_40' title="bbox 486 2529 2125 2609">
     <span class='ocr_line' id='line_1_40' title="bbox 486 2529 2125 2609; baseline 0.001 -22"><span class='ocrx_word' id='word_1_285' title='bbox 486 2532 668 2609; x_wconf 80' lang='grc' dir='ltr'>ψῆφόν</span> <span class='ocrx_word' id='word_1_286' title='bbox 721 2553 780 2587; x_wconf 88' lang='grc' dir='ltr'>τε</span> <span class='ocrx_word' id='word_1_287' title='bbox 850 2533 941 2586; x_wconf 87' lang='grc' dir='ltr'>καὶ</span> <span class='ocrx_word' id='word_1_288' title='bbox 1012 2529 1307 2603; x_wconf 86' lang='grc' dir='ltr'>καταδίκην</span> <span class='ocrx_word' id='word_1_289' title='bbox 1384 2532 1687 2608; x_wconf 78' lang='grc' dir='ltr'>ἐπάγοντες,</span> <span class='ocrx_word' id='word_1_290' title='bbox 1749 2534 2125 2608; x_wconf 82' lang='grc' dir='ltr'>ἀποτέμνομεν</span> 
     </span>
    </p>
   </div>
   <div class='ocr_carea' id='block_1_41' title="bbox 480 2619 2125 2697">
    <p class='ocr_par' dir='ltr' id='par_1_41' title="bbox 480 2619 2125 2697">
     <span class='ocr_line' id='line_1_41' title="bbox 480 2619 2125 2697; baseline 0.001 -21"><span class='ocrx_word' id='word_1_291' title='bbox 480 2628 582 2691; x_wconf 86' lang='grc' dir='ltr'>τῆς</span> <span class='ocrx_word' id='word_1_292' title='bbox 636 2626 743 2676; x_wconf 84' lang='grc' dir='ltr'>τῶν</span> <span class='ocrx_word' id='word_1_293' title='bbox 802 2619 1105 2697; x_wconf 79' lang='grc' dir='ltr'>όρθοδόξων</span> <span class='ocrx_word' id='word_1_294' title='bbox 1161 2619 1509 2693; x_wconf 88' lang='grc' dir='ltr'>ὁλομελείας,</span> <span class='ocrx_word' id='word_1_295' title='bbox 1566 2622 1655 2677; x_wconf 85' lang='grc' dir='ltr'>καὶ</span> <span class='ocrx_word' id='word_1_296' title='bbox 1715 2620 2125 2696; x_wconf 81' lang='grc' dir='ltr'>ἄποκηρύκτους</span> 
     </span>
    </p>
   </div>
   <div class='ocr_carea' id='block_1_42' title="bbox 485 2709 2126 2783">
    <p class='ocr_par' dir='ltr' id='par_1_42' title="bbox 485 2709 2126 2783">
     <span class='ocr_line' id='line_1_42' title="bbox 485 2709 2126 2783; baseline 0.001 -19"><span class='ocrx_word' id='word_1_297' title='bbox 485 2716 586 2779; x_wconf 85' lang='grc' dir='ltr'>τῆς</span> <span class='ocrx_word' id='word_1_298' title='bbox 643 2713 741 2764; x_wconf 89' lang='grc' dir='ltr'>τοῦ</span> <span class='ocrx_word' id='word_1_299' title='bbox 799 2714 932 2765; x_wconf 79' lang='grc' dir='ltr'>Θεοῦ</span> <span class='ocrx_word' id='word_1_300' title='bbox 962 2709 1288 2779; x_wconf 83' lang='grc' dir='ltr'>Ἐκκλησίας</span> <span class='ocrx_word' id='word_1_301' title='bbox 1344 2710 1434 2764; x_wconf 85' lang='grc' dir='ltr'>καὶ</span> <span class='ocrx_word' id='word_1_302' title='bbox 1491 2716 1592 2779; x_wconf 88' lang='grc' dir='ltr'>τῆς</span> <span class='ocrx_word' id='word_1_303' title='bbox 1640 2710 1881 2783; x_wconf 88' lang='grc' dir='ltr'>ποίμνης</span> <span class='ocrx_word' id='word_1_304' title='bbox 1936 2711 2126 2766; x_wconf 88' lang='grc' dir='ltr'>ποιού-</span> 
     </span>
    </p>
   </div>
   <div class='ocr_carea' id='block_1_43' title="bbox 490 2801 645 2873">
    <p class='ocr_par' dir='ltr' id='par_1_43' title="bbox 490 2801 645 2873">
     <span class='ocr_line' id='line_1_43' title="bbox 490 2801 645 2873; baseline 0.013 -20"><span class='ocrx_word' id='word_1_305' title='bbox 490 2801 645 2873; x_wconf 87' lang='grc' dir='ltr'>μεθα.</span> 
     </span>
    </p>
   </div>
   <div class='ocr_carea' id='block_1_44' title="bbox 550 2886 2125 2964">
    <p class='ocr_par' dir='ltr' id='par_1_44' title="bbox 550 2886 2125 2964">
     <span class='ocr_line' id='line_1_44' title="bbox 550 2886 2125 2964; baseline 0.001 -21"><span class='ocrx_word' id='word_1_306' title='bbox 550 2886 725 2943; x_wconf 84' lang='grc' dir='ltr'>’Δλλά</span> <span class='ocrx_word' id='word_1_307' title='bbox 774 2887 842 2943; x_wconf 85' lang='grc' dir='ltr'>τὰ</span> <span class='ocrx_word' id='word_1_308' title='bbox 901 2888 995 2960; x_wconf 73' lang='grc' dir='ltr'>μὲν</span> <span class='ocrx_word' id='word_1_309' title='bbox 1052 2892 1158 2942; x_wconf 86' lang='grc' dir='ltr'>τῶν</span> <span class='ocrx_word' id='word_1_310' title='bbox 1220 2889 1710 2964; x_wconf 71' lang='grc' dir='ltr'>ἀναγεγραμμένων</span> <span class='ocrx_word' id='word_1_311' title='bbox 1760 2888 1849 2943; x_wconf 82' lang='grc' dir='ltr'>καὶ</span> <span class='ocrx_word' id='word_1_312' title='bbox 1895 2886 2004 2960; x_wconf 73' lang='grc' dir='ltr'>ἤδη</span> <span class='ocrx_word' id='word_1_313' title='bbox 2039 2889 2125 2945; x_wconf 83' lang='grc' dir='ltr'>ἐκ·</span> 
     </span>
    </p>
   </div>
   <div class='ocr_carea' id='block_1_45' title="bbox 483 2974 2125 3054">
    <p class='ocr_par' dir='ltr' id='par_1_45' title="bbox 483 2974 2125 3054">
     <span class='ocr_line' id='line_1_45' title="bbox 483 2974 2125 3054; baseline 0.001 -23"><span class='ocrx_word' id='word_1_314' title='bbox 483 2976 905 3053; x_wconf 84' lang='grc' dir='ltr'>κεκηρυγμένων</span> <span class='ocrx_word' id='word_1_315' title='bbox 936 2976 1235 3053; x_wconf 86' lang='grc' dir='ltr'>ἀνθρώπων</span> <span class='ocrx_word' id='word_1_316' title='bbox 1278 2974 1527 3053; x_wconf 86' lang='grc' dir='ltr'>δόγματα</span> <span class='ocrx_word' id='word_1_317' title='bbox 1578 2977 1749 3039; x_wconf 80' lang='grc' dir='ltr'>οὕτως</span> <span class='ocrx_word' id='word_1_318' title='bbox 1807 2976 1923 3054; x_wconf 84' lang='grc' dir='ltr'>ἔχει</span> <span class='ocrx_word' id='word_1_319' title='bbox 1957 2977 2125 3054; x_wconf 91' lang='grc' dir='ltr'>βλασ-</span> 
     </span>
    </p>
   </div>
   <div class='ocr_carea' id='block_1_46' title="bbox 477 3063 2125 3143">
    <p class='ocr_par' dir='ltr' id='par_1_46' title="bbox 477 3063 2125 3143">
     <span class='ocr_line' id='line_1_46' title="bbox 477 3063 2125 3143; baseline 0.001 -23"><span class='ocrx_word' id='word_1_320' title='bbox 477 3066 709 3143; x_wconf 87' lang='grc' dir='ltr'>φημίας,</span> <span class='ocrx_word' id='word_1_321' title='bbox 761 3065 935 3127; x_wconf 74' lang='grc' dir='ltr'>οὕτως</span> <span class='ocrx_word' id='word_1_322' title='bbox 991 3063 1108 3141; x_wconf 82' lang='grc' dir='ltr'>ἔχει</span> <span class='ocrx_word' id='word_1_323' title='bbox 1159 3066 1369 3133; x_wconf 89' lang='grc' dir='ltr'>κακίας,</span> <span class='ocrx_word' id='word_1_324' title='bbox 1412 3067 1555 3121; x_wconf 78' lang='grc' dir='ltr'>οὕτω</span> <span class='ocrx_word' id='word_1_325' title='bbox 1592 3071 1690 3121; x_wconf 91' lang='grc' dir='ltr'>τοῦ</span> <span class='ocrx_word' id='word_1_326' title='bbox 1748 3064 2125 3138; x_wconf 79' lang='grc' dir='ltr'>ἐκκλησιαστι-</span> 
     </span>
    </p>
   </div>
   <div class='ocr_carea' id='block_1_47' title="bbox 476 3153 2123 3233">
    <p class='ocr_par' dir='ltr' id='par_1_47' title="bbox 476 3153 2123 3233">
     <span class='ocr_line' id='line_1_47' title="bbox 476 3153 2123 3233; baseline 0.001 -24"><span class='ocrx_word' id='word_1_327' title='bbox 476 3159 575 3209; x_wconf 88' lang='grc' dir='ltr'>κοῦ</span> <span class='ocrx_word' id='word_1_328' title='bbox 630 3154 964 3209; x_wconf 87' lang='grc' dir='ltr'>παντάπασιν</span> <span class='ocrx_word' id='word_1_329' title='bbox 1022 3153 1270 3210; x_wconf 79' lang='grc' dir='ltr'>ἐκπίπτει</span> <span class='ocrx_word' id='word_1_330' title='bbox 1327 3157 1702 3233; x_wconf 88' lang='grc' dir='ltr'>φρονήματος,</span> <span class='ocrx_word' id='word_1_331' title='bbox 1762 3155 1856 3210; x_wconf 79' lang='grc' dir='ltr'>κᾶν</span> <span class='ocrx_word' id='word_1_332' title='bbox 1912 3158 1941 3211; x_wconf 87' lang='lat'>6</span> <span class='ocrx_word' id='word_1_333' title='bbox 1996 3157 2123 3211; x_wconf 89' lang='grc' dir='ltr'>τού-</span> 
     </span>
    </p>
   </div>
   <div class='ocr_carea' id='block_1_48' title="bbox 474 3243 2122 3320">
    <p class='ocr_par' dir='ltr' id='par_1_48' title="bbox 474 3243 2122 3320">
     <span class='ocr_line' id='line_1_48' title="bbox 474 3243 2122 3320; baseline 0.002 -22"><span class='ocrx_word' id='word_1_334' title='bbox 474 3264 582 3298; x_wconf 87' lang='grc' dir='ltr'>των</span> <span class='ocrx_word' id='word_1_335' title='bbox 638 3245 818 3320; x_wconf 80' lang='grc' dir='ltr'>πατήρ</span> <span class='ocrx_word' id='word_1_336' title='bbox 878 3243 1091 3315; x_wconf 85' lang='grc' dir='ltr'>Βέκκος,</span> <span class='ocrx_word' id='word_1_337' title='bbox 1151 3243 1245 3298; x_wconf 69' lang='grc' dir='ltr'>κᾶν</span> <span class='ocrx_word' id='word_1_338' title='bbox 1280 3244 1460 3319; x_wconf 72' lang='grc' dir='ltr'>ἕτερός</span> <span class='ocrx_word' id='word_1_339' title='bbox 1491 3265 1574 3305; x_wconf 93' lang='grc' dir='ltr'>τις</span> <span class='ocrx_word' id='word_1_340' title='bbox 1614 3248 1721 3299; x_wconf 88' lang='grc' dir='ltr'>τῶν</span> <span class='ocrx_word' id='word_1_341' title='bbox 1754 3243 2122 3318; x_wconf 87' lang='grc' dir='ltr'>σπουδαστῶν,</span> 
     </span>
    </p>
   </div>
   <div class='ocr_carea' id='block_1_49' title="bbox 474 3314 2659 3412">
    <p class='ocr_par' dir='ltr' id='par_1_49' title="bbox 474 3314 2659 3412">
     <span class='ocr_line' id='line_1_49' title="bbox 474 3314 2659 3412; baseline 0.002 -23"><span class='ocrx_word' id='word_1_342' title='bbox 474 3337 582 3389; x_wconf 87' lang='grc' dir='ltr'>τῶν</span> <span class='ocrx_word' id='word_1_343' title='bbox 637 3314 805 3408; x_wconf 76' lang='grc' dir='ltr'>ἁγίων</span> <span class='ocrx_word' id='word_1_344' title='bbox 864 3314 1186 3408; x_wconf 87' lang='grc' dir='ltr'>φρονήματα</span> <span class='ocrx_word' id='word_1_345' title='bbox 1238 3314 1406 3387; x_wconf 40' lang='grc' dir='ltr'>ταῦτ-α</span> <span class='ocrx_word' id='word_1_346' title='bbox 1485 3333 1615 3388; x_wconf 81' lang='grc' dir='ltr'>εἶναι</span> <span class='ocrx_word' id='word_1_347' title='bbox 1700 3314 2122 3409; x_wconf 80' lang='grc' dir='ltr'>διισχυρίζηται,</span> <span class='ocrx_word' id='word_1_348' title='bbox 2155 3314 2200 3381; x_wconf 78' lang='lat' dir='ltr'>C</span> <span class='ocrx_word' id='word_1_349' title='bbox 2238 3314 2659 3412; x_wconf 61' lang='grc' dir='ltr'>ὠνόμασαν;”Η</span> 
     </span>
    </p>
   </div>
   <div class='ocr_carea' id='block_1_50' title="bbox 476 3418 2122 3499">
    <p class='ocr_par' dir='ltr' id='par_1_50' title="bbox 476 3418 2122 3499">
     <span class='ocr_line' id='line_1_50' title="bbox 476 3418 2122 3499; baseline 0.001 -23"><span class='ocrx_word' id='word_1_350' title='bbox 476 3422 782 3498; x_wconf 88' lang='grc' dir='ltr'>συκοφάτην</span> <span class='ocrx_word' id='word_1_351' title='bbox 829 3420 987 3476; x_wconf 77' lang='grc' dir='ltr'>αὐτὸν</span> <span class='ocrx_word' id='word_1_352' title='bbox 1049 3419 1269 3491; x_wconf 88' lang='grc' dir='ltr'>ἀληθῶς</span> <span class='ocrx_word' id='word_1_353' title='bbox 1324 3427 1431 3476; x_wconf 90' lang='grc' dir='ltr'>τῶν</span> <span class='ocrx_word' id='word_1_354' title='bbox 1494 3421 1658 3497; x_wconf 86' lang='grc' dir='ltr'>ἁγίων</span> <span class='ocrx_word' id='word_1_355' title='bbox 1716 3422 1806 3477; x_wconf 85' lang='grc' dir='ltr'>καὶ</span> <span class='ocrx_word' id='word_1_356' title='bbox 1866 3418 2122 3499; x_wconf 76' lang='grc' dir='ltr'>ὑϐριοτῆν</span> 
     </span>
    </p>
   </div>
   <div class='ocr_carea' id='block_1_51' title="bbox 475 3509 2128 3589">
    <p class='ocr_par' dir='ltr' id='par_1_51' title="bbox 475 3509 2128 3589">
     <span class='ocr_line' id='line_1_51' title="bbox 475 3509 2128 3589; baseline 0.001 -23"><span class='ocrx_word' id='word_1_357' title='bbox 475 3510 736 3585; x_wconf 82' lang='grc' dir='ltr'>ἡγητέον.</span> <span class='ocrx_word' id='word_1_358' title='bbox 772 3514 886 3564; x_wconf 87' lang='grc' dir='ltr'>Ποῦ</span> <span class='ocrx_word' id='word_1_359' title='bbox 912 3512 1014 3586; x_wconf 78' lang='grc' dir='ltr'>γὰρ</span> <span class='ocrx_word' id='word_1_360' title='bbox 1044 3511 1098 3564; x_wconf 82' lang='grc' dir='ltr'>οἱ</span> <span class='ocrx_word' id='word_1_361' title='bbox 1138 3509 1391 3588; x_wconf 87' lang='grc' dir='ltr'>θεοφόροι</span> <span class='ocrx_word' id='word_1_362' title='bbox 1442 3510 1534 3566; x_wconf 86' lang='grc' dir='ltr'>τὸν</span> <span class='ocrx_word' id='word_1_363' title='bbox 1590 3511 1718 3565; x_wconf 89' lang='grc' dir='ltr'>Θεὸν</span> <span class='ocrx_word' id='word_1_364' title='bbox 1768 3513 1859 3566; x_wconf 82' lang='grc' dir='ltr'>καὶ</span> <span class='ocrx_word' id='word_1_365' title='bbox 1916 3512 2128 3589; x_wconf 86' lang='grc' dir='ltr'>Πατέρα</span> 
     </span>
    </p>
   </div>
   <div class='ocr_carea' id='block_1_52' title="bbox 478 3595 2126 3678">
    <p class='ocr_par' dir='ltr' id='par_1_52' title="bbox 478 3595 2126 3678">
     <span class='ocr_line' id='line_1_52' title="bbox 478 3595 2126 3678; baseline 0.001 -24"><span class='ocrx_word' id='word_1_366' title='bbox 478 3597 569 3654; x_wconf 85' lang='grc' dir='ltr'>διά</span> <span class='ocrx_word' id='word_1_367' title='bbox 620 3602 719 3653; x_wconf 91' lang='grc' dir='ltr'>τοῦ</span> <span class='ocrx_word' id='word_1_368' title='bbox 777 3599 905 3653; x_wconf 78' lang='grc' dir='ltr'>Υἱοῦ</span> <span class='ocrx_word' id='word_1_369' title='bbox 963 3595 1140 3653; x_wconf 74' lang='grc' dir='ltr'>αἶ’τιον</span> <span class='ocrx_word' id='word_1_370' title='bbox 1192 3603 1290 3653; x_wconf 92' lang='grc' dir='ltr'>τοῦ</span> <span class='ocrx_word' id='word_1_371' title='bbox 1342 3598 1656 3672; x_wconf 89' lang='grc' dir='ltr'>Πνεύματος</span> <span class='ocrx_word' id='word_1_372' title='bbox 1715 3598 1947 3678; x_wconf 80' lang='grc' dir='ltr'>ἔφασαν;</span> <span class='ocrx_word' id='word_1_373' title='bbox 2014 3607 2126 3656; x_wconf 89' lang='grc' dir='ltr'>Ποῦ</span> 
     </span>
    </p>
   </div>
   <div class='ocr_carea' id='block_1_53' title="bbox 476 3684 2126 3761">
    <p class='ocr_par' dir='ltr' id='par_1_53' title="bbox 476 3684 2126 3761">
     <span class='ocr_line' id='line_1_53' title="bbox 476 3684 2126 3761; baseline 0.002 -19"><span class='ocrx_word' id='word_1_374' title='bbox 476 3688 568 3743; x_wconf 88' lang='grc' dir='ltr'>τὸν</span> <span class='ocrx_word' id='word_1_375' title='bbox 637 3684 997 3761; x_wconf 90' lang='grc' dir='ltr'>Παράκλητον</span> <span class='ocrx_word' id='word_1_376' title='bbox 1059 3686 1227 3755; x_wconf 81' lang='grc' dir='ltr'>εἷπον,</span> <span class='ocrx_word' id='word_1_377' title='bbox 1289 3687 1348 3743; x_wconf 90' lang='grc' dir='ltr'>ἐκ</span> <span class='ocrx_word' id='word_1_378' title='bbox 1400 3693 1497 3743; x_wconf 83' lang='grc' dir='ltr'>τοῦ</span> <span class='ocrx_word' id='word_1_379' title='bbox 1552 3689 1680 3743; x_wconf 80' lang='grc' dir='ltr'>Υίοῦ</span> <span class='ocrx_word' id='word_1_380' title='bbox 1738 3690 1827 3744; x_wconf 86' lang='grc' dir='ltr'>καὶ</span> <span class='ocrx_word' id='word_1_381' title='bbox 1886 3687 1976 3745; x_wconf 78' lang='grc' dir='ltr'>διὰ</span> <span class='ocrx_word' id='word_1_382' title='bbox 2029 3696 2126 3745; x_wconf 87' lang='grc' dir='ltr'>τοῦ</span> 
     </span>
    </p>
   </div>
   <div class='ocr_carea' id='block_1_54' title="bbox 478 3772 2129 3853">
    <p class='ocr_par' dir='ltr' id='par_1_54' title="bbox 478 3772 2129 3853">
     <span class='ocr_line' id='line_1_54' title="bbox 478 3772 2129 3853; baseline 0.002 -22"><span class='ocrx_word' id='word_1_383' title='bbox 478 3777 609 3831; x_wconf 76' lang='grc' dir='ltr'>Υἱοῦ</span> <span class='ocrx_word' id='word_1_384' title='bbox 666 3772 813 3852; x_wconf 79' lang='grc' dir='ltr'>ἔχειν</span> <span class='ocrx_word' id='word_1_385' title='bbox 871 3777 971 3845; x_wconf 75' lang='grc' dir='ltr'>τήν</span> <span class='ocrx_word' id='word_1_386' title='bbox 1020 3776 1278 3853; x_wconf 79' lang='grc' dir='ltr'>ὕπαρξιν;</span> <span class='ocrx_word' id='word_1_387' title='bbox 1330 3782 1442 3832; x_wconf 92' lang='grc' dir='ltr'>Ποῦ</span> <span class='ocrx_word' id='word_1_388' title='bbox 1495 3773 1553 3832; x_wconf 75' lang='grc' dir='ltr'>δε</span> <span class='ocrx_word' id='word_1_389' title='bbox 1602 3776 1767 3832; x_wconf 87' lang='grc' dir='ltr'>πάλιν</span> <span class='ocrx_word' id='word_1_390' title='bbox 1823 3778 1981 3835; x_wconf 78' lang='grc' dir='ltr'>αὐτὸν</span> <span class='ocrx_word' id='word_1_391' title='bbox 2038 3780 2129 3835; x_wconf 89' lang='grc' dir='ltr'>τὸν</span> 
     </span>
    </p>
   </div>
   <div class='ocr_carea' id='block_1_55' title="bbox 479 3863 2125 3944">
    <p class='ocr_par' dir='ltr' id='par_1_55' title="bbox 479 3863 2125 3944">
     <span class='ocr_line' id='line_1_55' title="bbox 479 3863 2125 3944; baseline 0.001 -23"><span class='ocrx_word' id='word_1_392' title='bbox 479 3864 837 3942; x_wconf 89' lang='grc' dir='ltr'>Παράκλητον</span> <span class='ocrx_word' id='word_1_393' title='bbox 867 3863 926 3919; x_wconf 87' lang='grc' dir='ltr'>ἐκ</span> <span class='ocrx_word' id='word_1_394' title='bbox 977 3870 1076 3920; x_wconf 87' lang='grc' dir='ltr'>τοῦ</span> <span class='ocrx_word' id='word_1_395' title='bbox 1133 3865 1345 3941; x_wconf 86' lang='grc' dir='ltr'>Πατρὸς</span> <span class='ocrx_word' id='word_1_396' title='bbox 1399 3866 1489 3921; x_wconf 85' lang='grc' dir='ltr'>καὶ</span> <span class='ocrx_word' id='word_1_397' title='bbox 1547 3865 1607 3921; x_wconf 85' lang='grc' dir='ltr'>ἐκ</span> <span class='ocrx_word' id='word_1_398' title='bbox 1654 3872 1751 3922; x_wconf 89' lang='grc' dir='ltr'>τοῦ</span> <span class='ocrx_word' id='word_1_399' title='bbox 1810 3868 1939 3922; x_wconf 80' lang='grc' dir='ltr'>Υἱοῦ</span> <span class='ocrx_word' id='word_1_400' title='bbox 1981 3867 2125 3944; x_wconf 84' lang='grc' dir='ltr'>ἔχειν</span> 
     </span>
    </p>
   </div>
   <div class='ocr_carea' id='block_1_56' title="bbox 477 3952 2130 4027">
    <p class='ocr_par' dir='ltr' id='par_1_56' title="bbox 477 3952 2130 4027">
     <span class='ocr_line' id='line_1_56' title="bbox 477 3952 2130 4027; baseline 0.002 -18"><span class='ocrx_word' id='word_1_401' title='bbox 477 3955 578 4023; x_wconf 77' lang='grc' dir='ltr'>την</span> <span class='ocrx_word' id='word_1_402' title='bbox 638 3952 902 4027; x_wconf 78' lang='grc' dir='ltr'>ὕπαρξιν;</span> <span class='ocrx_word' id='word_1_403' title='bbox 960 3958 1072 4008; x_wconf 90' lang='grc' dir='ltr'>Ποῦ</span> <span class='ocrx_word' id='word_1_404' title='bbox 1127 3956 1225 4022; x_wconf 73' lang='grc' dir='ltr'>τὴν</span> <span class='ocrx_word' id='word_1_405' title='bbox 1285 3954 1407 4027; x_wconf 90' lang='grc' dir='ltr'>μίαν</span> <span class='ocrx_word' id='word_1_406' title='bbox 1477 3954 1660 4009; x_wconf 82' lang='grc' dir='ltr'>οὐσίαν</span> <span class='ocrx_word' id='word_1_407' title='bbox 1732 3957 1821 4010; x_wconf 83' lang='grc' dir='ltr'>καὶ</span> <span class='ocrx_word' id='word_1_408' title='bbox 1899 3956 2130 4027; x_wconf 87' lang='grc' dir='ltr'>θεότητα</span> 
     </span>
    </p>
   </div>
   <div class='ocr_carea' id='block_1_57' title="bbox 480 4036 2128 4122">
    <p class='ocr_par' dir='ltr' id='par_1_57' title="bbox 480 4036 2128 4122">
     <span class='ocr_line' id='line_1_57' title="bbox 480 4036 2128 4122; baseline 0.001 -24"><span class='ocrx_word' id='word_1_409' title='bbox 480 4042 695 4118; x_wconf 87' lang='grc' dir='ltr'>Πατρὸς</span> <span class='ocrx_word' id='word_1_410' title='bbox 750 4041 840 4096; x_wconf 92' lang='lat' dir='ltr'>xui</span> <span class='ocrx_word' id='word_1_411' title='bbox 900 4042 1029 4096; x_wconf 75' lang='grc' dir='ltr'>Υὶοῦ</span> <span class='ocrx_word' id='word_1_412' title='bbox 1081 4042 1253 4097; x_wconf 78' lang='grc' dir='ltr'>αἰτίαν</span> <span class='ocrx_word' id='word_1_413' title='bbox 1309 4050 1411 4112; x_wconf 84' lang='grc' dir='ltr'>τῆς</span> <span class='ocrx_word' id='word_1_414' title='bbox 1488 4036 1760 4119; x_wconf 79' lang='grc' dir='ltr'>ὑπάρξεως</span> <span class='ocrx_word' id='word_1_415' title='bbox 1822 4050 1919 4100; x_wconf 89' lang='grc' dir='ltr'>τοῦ</span> <span class='ocrx_word' id='word_1_416' title='bbox 1976 4046 2128 4122; x_wconf 82' lang='grc' dir='ltr'>ἁγίου</span> 
     </span>
    </p>
   </div>
   <div class='ocr_carea' id='block_1_58' title="bbox 482 4128 2128 4209">
    <p class='ocr_par' dir='ltr' id='par_1_58' title="bbox 482 4128 2128 4209">
     <span class='ocr_line' id='line_1_58' title="bbox 482 4128 2128 4209; baseline 0.002 -23"><span class='ocrx_word' id='word_1_417' title='bbox 482 4131 801 4204; x_wconf 88' lang='grc' dir='ltr'>Πνεύματος</span> <span class='ocrx_word' id='word_1_418' title='bbox 862 4128 1399 4205; x_wconf 77' lang='grc' dir='ltr'>ἐδογμάτισαν;Την</span> <span class='ocrx_word' id='word_1_419' title='bbox 1455 4128 1513 4185; x_wconf 79' lang='grc' dir='ltr'>δὲ</span> <span class='ocrx_word' id='word_1_420' title='bbox 1566 4134 1832 4209; x_wconf 75' lang='grc' dir='ltr'>πατρικὴν</span> <span class='ocrx_word' id='word_1_421' title='bbox 1896 4134 2128 4189; x_wconf 87' lang='grc' dir='ltr'>ὑπόστα-</span> 
     </span>
    </p>
   </div>
   <div class='ocr_carea' id='block_1_59' title="bbox 483 4219 2129 4298">
    <p class='ocr_par' dir='ltr' id='par_1_59' title="bbox 483 4219 2129 4298">
     <span class='ocr_line' id='line_1_59' title="bbox 483 4219 2129 4298; baseline 0.002 -24"><span class='ocrx_word' id='word_1_422' title='bbox 483 4241 563 4275; x_wconf 89' lang='grc' dir='ltr'>σιν</span> <span class='ocrx_word' id='word_1_423' title='bbox 619 4220 702 4282; x_wconf 90' lang='grc' dir='ltr'>τίς</span> <span class='ocrx_word' id='word_1_424' title='bbox 756 4240 893 4275; x_wconf 89' lang='grc' dir='ltr'>ποτε</span> <span class='ocrx_word' id='word_1_425' title='bbox 945 4220 1036 4274; x_wconf 86' lang='grc' dir='ltr'>καὶ</span> <span class='ocrx_word' id='word_1_426' title='bbox 1088 4219 1138 4274; x_wconf 88' lang='grc' dir='ltr'>ἐν</span> <span class='ocrx_word' id='word_1_427' title='bbox 1186 4220 1366 4281; x_wconf 87' lang='grc' dir='ltr'>ποίοις</span> <span class='ocrx_word' id='word_1_428' title='bbox 1425 4220 1589 4275; x_wconf 82' lang='grc' dir='ltr'>αὐτοῦ</span> <span class='ocrx_word' id='word_1_429' title='bbox 1644 4221 1972 4298; x_wconf 84' lang='grc' dir='ltr'>συντάγμασι</span> <span class='ocrx_word' id='word_1_430' title='bbox 2030 4225 2129 4278; x_wconf 84' lang='grc' dir='ltr'>τοῦ</span> 
     </span>
    </p>
   </div>
   <div class='ocr_carea' id='block_1_60' title="bbox 486 4308 2131 4384">
    <p class='ocr_par' dir='ltr' id='par_1_60' title="bbox 486 4308 2131 4384">
     <span class='ocr_line' id='line_1_60' title="bbox 486 4308 2131 4384; baseline 0.002 -21"><span class='ocrx_word' id='word_1_431' title='bbox 486 4310 563 4384; x_wconf 79' lang='grc' dir='ltr'>μὴ</span> <span class='ocrx_word' id='word_1_432' title='bbox 622 4308 793 4382; x_wconf 91' lang='grc' dir='ltr'>μόνην</span> <span class='ocrx_word' id='word_1_433' title='bbox 853 4309 1027 4364; x_wconf 88' lang='grc' dir='ltr'>αἰτίαν</span> <span class='ocrx_word' id='word_1_434' title='bbox 1089 4308 1221 4363; x_wconf 76' lang='grc' dir='ltr'>εἶναι</span> <span class='ocrx_word' id='word_1_435' title='bbox 1281 4310 1409 4363; x_wconf 75' lang='grc' dir='ltr'>Υὶοῦ</span> <span class='ocrx_word' id='word_1_436' title='bbox 1458 4310 1548 4363; x_wconf 84' lang='grc' dir='ltr'>καὶ</span> <span class='ocrx_word' id='word_1_437' title='bbox 1606 4309 1918 4383; x_wconf 84' lang='grc' dir='ltr'>Πνεύματος</span> <span class='ocrx_word' id='word_1_438' title='bbox 1993 4314 2131 4383; x_wconf 87' lang='grc' dir='ltr'>ἀπη-</span> 
     </span>
    </p>
   </div>
   <div class='ocr_carea' id='block_1_61' title="bbox 480 4394 2129 4476">
    <p class='ocr_par' dir='ltr' id='par_1_61' title="bbox 480 4394 2129 4476">
     <span class='ocr_line' id='line_1_61' title="bbox 480 4394 2129 4476; baseline 0.001 -23"><span class='ocrx_word' id='word_1_439' title='bbox 480 4398 744 4474; x_wconf 88' lang='grc' dir='ltr'>γόρευσε;</span> <span class='ocrx_word' id='word_1_440' title='bbox 791 4397 884 4459; x_wconf 86' lang='grc' dir='ltr'>Τίς</span> <span class='ocrx_word' id='word_1_441' title='bbox 940 4397 1031 4452; x_wconf 86' lang='grc' dir='ltr'>καὶ</span> <span class='ocrx_word' id='word_1_442' title='bbox 1085 4398 1176 4452; x_wconf 88' lang='grc' dir='ltr'>τὸν</span> <span class='ocrx_word' id='word_1_443' title='bbox 1238 4397 1448 4472; x_wconf 88' lang='grc' dir='ltr'>Πατέρα</span> <span class='ocrx_word' id='word_1_444' title='bbox 1494 4394 1664 4453; x_wconf 65' lang='grc' dir='ltr'>αίίτιον</span> <span class='ocrx_word' id='word_1_445' title='bbox 1737 4407 1952 4476; x_wconf 83' lang='grc' dir='ltr'>φρονεῖν</span> <span class='ocrx_word' id='word_1_446' title='bbox 2032 4407 2129 4455; x_wconf 87' lang='grc' dir='ltr'>τοῦ</span> 
     </span>
    </p>
   </div>
   <div class='ocr_carea' id='block_1_62' title="bbox 484 4484 2131 4562">
    <p class='ocr_par' dir='ltr' id='par_1_62' title="bbox 484 4484 2131 4562">
     <span class='ocr_line' id='line_1_62' title="bbox 484 4484 2131 4562; baseline 0.001 -20"><span class='ocrx_word' id='word_1_447' title='bbox 484 4486 820 4559; x_wconf 88' lang='grc' dir='ltr'>Πνεύματος,</span> <span class='ocrx_word' id='word_1_448' title='bbox 862 4485 924 4541; x_wconf 83' lang='grc' dir='ltr'>ού</span> <span class='ocrx_word' id='word_1_449' title='bbox 979 4490 1059 4559; x_wconf 81' lang='grc' dir='ltr'>τῷ</span> <span class='ocrx_word' id='word_1_450' title='bbox 1117 4484 1267 4562; x_wconf 89' lang='grc' dir='ltr'>λόγῳ</span> <span class='ocrx_word' id='word_1_451' title='bbox 1321 4493 1420 4555; x_wconf 87' lang='grc' dir='ltr'>τῆς</span> <span class='ocrx_word' id='word_1_452' title='bbox 1464 4487 1819 4557; x_wconf 84' lang='grc' dir='ltr'>ὑποστέσεως,</span> <span class='ocrx_word' id='word_1_453' title='bbox 1852 4487 1998 4545; x_wconf 89' lang='grc' dir='ltr'>ἀλλά</span> <span class='ocrx_word' id='word_1_454' title='bbox 2052 4496 2131 4561; x_wconf 78' lang='grc' dir='ltr'>τῷ</span> 
     </span>
    </p>
   </div>
   <div class='ocr_carea' id='block_1_63' title="bbox 485 4572 2132 4653">
    <p class='ocr_par' dir='ltr' id='par_1_63' title="bbox 485 4572 2132 4653">
     <span class='ocr_line' id='line_1_63' title="bbox 485 4572 2132 4653; baseline 0.001 -22"><span class='ocrx_word' id='word_1_455' title='bbox 485 4575 640 4649; x_wconf 92' lang='grc' dir='ltr'>λόγῳ</span> <span class='ocrx_word' id='word_1_456' title='bbox 668 4583 770 4645; x_wconf 85' lang='grc' dir='ltr'>τῆς</span> <span class='ocrx_word' id='word_1_457' title='bbox 827 4575 1040 4653; x_wconf 89' lang='grc' dir='ltr'>φύσεως</span> <span class='ocrx_word' id='word_1_458' title='bbox 1095 4572 1459 4649; x_wconf 80' lang='grc' dir='ltr'>έδογμάτισε;</span> <span class='ocrx_word' id='word_1_459' title='bbox 1494 4576 1582 4630; x_wconf 84' lang='grc' dir='ltr'>καὶ</span> <span class='ocrx_word' id='word_1_460' title='bbox 1628 4581 1790 4632; x_wconf 87' lang='grc' dir='ltr'>τοῦτο</span> <span class='ocrx_word' id='word_1_461' title='bbox 1848 4578 1978 4633; x_wconf 82' lang='grc' dir='ltr'>αὐτὸ</span> <span class='ocrx_word' id='word_1_462' title='bbox 2034 4579 2132 4633; x_wconf 80' lang='grc' dir='ltr'>οὑκ</span> 
     </span>
    </p>
   </div>
   <div class='ocr_carea' id='block_1_64' title="bbox 2240 1998 3889 2081">
    <p class='ocr_par' dir='ltr' id='par_1_64' title="bbox 2240 1998 3889 2081">
     <span class='ocr_line' id='line_1_64' title="bbox 2240 1998 3889 2081; baseline -0.002 -23"><span class='ocrx_word' id='word_1_463' title='bbox 2240 2008 2394 2080; x_wconf 75' lang='grc' dir='ltr'>ψυχῇ</span> <span class='ocrx_word' id='word_1_464' title='bbox 2470 2004 2812 2081; x_wconf 75' lang='grc' dir='ltr'>ἐπιφέροντα,</span> <span class='ocrx_word' id='word_1_465' title='bbox 2871 2002 3017 2078; x_wconf 81' lang='grc' dir='ltr'>παρᾶ</span> <span class='ocrx_word' id='word_1_466' title='bbox 3081 2006 3337 2057; x_wconf 87' lang='grc' dir='ltr'>τοσοῦτον</span> <span class='ocrx_word' id='word_1_467' title='bbox 3406 2002 3668 2071; x_wconf 80' lang='grc' dir='ltr'>σώζεσθαι</span> <span class='ocrx_word' id='word_1_468' title='bbox 3745 1998 3889 2072; x_wconf 75' lang='grc' dir='ltr'>ἄξια,</span> 
     </span>
    </p>
   </div>
   <div class='ocr_carea' id='block_1_65' title="bbox 2238 2089 3889 2169">
    <p class='ocr_par' dir='ltr' id='par_1_65' title="bbox 2238 2089 3889 2169">
     <span class='ocr_line' id='line_1_65' title="bbox 2238 2089 3889 2169; baseline -0.002 -21"><span class='ocrx_word' id='word_1_469' title='bbox 2238 2095 2365 2169; x_wconf 88' lang='grc' dir='ltr'>παρ’</span> <span class='ocrx_word' id='word_1_470' title='bbox 2408 2091 2530 2147; x_wconf 81' lang='grc' dir='ltr'>ὅσον</span> <span class='ocrx_word' id='word_1_471' title='bbox 2594 2089 2736 2165; x_wconf 83' lang='grc' dir='ltr'>μηδέ</span> <span class='ocrx_word' id='word_1_472' title='bbox 2792 2092 2893 2160; x_wconf 76' lang='grc' dir='ltr'>τὴν</span> <span class='ocrx_word' id='word_1_473' title='bbox 2959 2092 3137 2168; x_wconf 72' lang='grc' dir='ltr'>ἀρχὴν</span> <span class='ocrx_word' id='word_1_474' title='bbox 3199 2089 3334 2145; x_wconf 83' lang='grc' dir='ltr'>αὐτά</span> <span class='ocrx_word' id='word_1_475' title='bbox 3408 2091 3483 2152; x_wconf 88' lang='grc' dir='ltr'>εἰς</span> <span class='ocrx_word' id='word_1_476' title='bbox 3539 2092 3745 2165; x_wconf 84' lang='grc' dir='ltr'>γένεσιν</span> <span class='ocrx_word' id='word_1_477' title='bbox 3795 2091 3889 2146; x_wconf 83' lang='lat' dir='ltr'>xui</span> 
     </span>
    </p>
   </div>
   <div class='ocr_carea' id='block_1_66' title="bbox 2237 2177 3889 2259">
    <p class='ocr_par' dir='ltr' id='par_1_66' title="bbox 2237 2177 3889 2259">
     <span class='ocr_line' id='line_1_66' title="bbox 2237 2177 3889 2259; baseline -0.002 -22"><span class='ocrx_word' id='word_1_478' title='bbox 2237 2187 2431 2259; x_wconf 87' lang='grc' dir='ltr'>γνῶσιν</span> <span class='ocrx_word' id='word_1_479' title='bbox 2481 2182 2776 2257; x_wconf 82' lang='grc' dir='ltr'>ἀνθρώπων</span> <span class='ocrx_word' id='word_1_480' title='bbox 2833 2179 3031 2245; x_wconf 83' lang='grc' dir='ltr'>ἐλθεῖν,</span> <span class='ocrx_word' id='word_1_481' title='bbox 3074 2179 3108 2234; x_wconf 72' lang='grc' dir='ltr'>ἃ</span> <span class='ocrx_word' id='word_1_482' title='bbox 3155 2179 3245 2234; x_wconf 82' lang='grc' dir='ltr'>καὶ</span> <span class='ocrx_word' id='word_1_483' title='bbox 3303 2181 3432 2255; x_wconf 82' lang='grc' dir='ltr'>πυρὶ</span> <span class='ocrx_word' id='word_1_484' title='bbox 3494 2180 3584 2235; x_wconf 83' lang='grc' dir='ltr'>καὶ</span> <span class='ocrx_word' id='word_1_485' title='bbox 3653 2177 3889 2256; x_wconf 88' lang='grc' dir='ltr'>σιδήρῳ,</span> 
     </span>
    </p>
   </div>
   <div class='ocr_carea' id='block_1_67' title="bbox 2236 2267 3886 2348">
    <p class='ocr_par' dir='ltr' id='par_1_67' title="bbox 2236 2267 3886 2348">
     <span class='ocr_line' id='line_1_67' title="bbox 2236 2267 3886 2348; baseline -0.001 -22"><span class='ocrx_word' id='word_1_486' title='bbox 2236 2272 2327 2327; x_wconf 86' lang='grc' dir='ltr'>καὶ</span> <span class='ocrx_word' id='word_1_487' title='bbox 2384 2278 2512 2326; x_wconf 80' lang='grc' dir='ltr'>πᾶσι</span> <span class='ocrx_word' id='word_1_488' title='bbox 2562 2276 2679 2332; x_wconf 88' lang='grc' dir='ltr'>τοῖς</span> <span class='ocrx_word' id='word_1_489' title='bbox 2739 2267 2982 2331; x_wconf 83' lang='grc' dir='ltr'>δυνατοῖς</span> <span class='ocrx_word' id='word_1_490' title='bbox 3053 2269 3346 2348; x_wconf 71' lang='grc' dir='ltr'>ἀφανίζειν,</span> <span class='ocrx_word' id='word_1_491' title='bbox 3405 2270 3571 2324; x_wconf 82' lang='grc' dir='ltr'>ὁποῖα</span> <span class='ocrx_word' id='word_1_492' title='bbox 3619 2271 3767 2324; x_wconf 91' lang='grc' dir='ltr'>ταῦτ’</span> <span class='ocrx_word' id='word_1_493' title='bbox 3824 2268 3886 2325; x_wconf 72' lang='grc' dir='ltr'><strong>ἃῦ</strong></span> 
     </span>
    </p>
   </div>
   <div class='ocr_carea' id='block_1_68' title="bbox 2238 2357 3888 2434">
    <p class='ocr_par' dir='ltr' id='par_1_68' title="bbox 2238 2357 3888 2434">
     <span class='ocr_line' id='line_1_68' title="bbox 2238 2357 3888 2434; baseline -0.001 -19"><span class='ocrx_word' id='word_1_494' title='bbox 2238 2358 2322 2430; x_wconf 79' lang='grc' dir='ltr'>είή</span> <span class='ocrx_word' id='word_1_495' title='bbox 2352 2364 2421 2433; x_wconf 80' lang='grc' dir='ltr'>τῇ</span> <span class='ocrx_word' id='word_1_496' title='bbox 2455 2357 2751 2431; x_wconf 77' lang='grc' dir='ltr'>Ἐκκλησία</span> <span class='ocrx_word' id='word_1_497' title='bbox 2776 2358 3186 2434; x_wconf 89' lang='grc' dir='ltr'>κατεργαστέον,</span> <span class='ocrx_word' id='word_1_498' title='bbox 3224 2358 3314 2412; x_wconf 83' lang='grc' dir='ltr'>καὶ</span> <span class='ocrx_word' id='word_1_499' title='bbox 3357 2358 3433 2420; x_wconf 70' lang='grc' dir='ltr'>εἰς</span> <span class='ocrx_word' id='word_1_500' title='bbox 3487 2359 3551 2413; x_wconf 90' lang='grc' dir='ltr'>τὸ</span> <span class='ocrx_word' id='word_1_501' title='bbox 3613 2360 3689 2431; x_wconf 81' lang='grc' dir='ltr'>μὴ</span> <span class='ocrx_word' id='word_1_502' title='bbox 3749 2358 3888 2414; x_wconf 81' lang='grc' dir='ltr'>εἶναι</span> 
     </span>
    </p>
   </div>
   <div class='ocr_carea' id='block_1_69' title="bbox 2236 2442 3889 2525">
    <p class='ocr_par' dir='ltr' id='par_1_69' title="bbox 2236 2442 3889 2525">
     <span class='ocr_line' id='line_1_69' title="bbox 2236 2442 3889 2525; baseline 0 -21"><span class='ocrx_word' id='word_1_503' title='bbox 2236 2447 2679 2525; x_wconf 83' lang='grc' dir='ltr'>παραπεμπτέον,</span> <span class='ocrx_word' id='word_1_504' title='bbox 2740 2448 2829 2502; x_wconf 83' lang='grc' dir='ltr'>καὶ</span> <span class='ocrx_word' id='word_1_505' title='bbox 2898 2447 2991 2501; x_wconf 86' lang='grc' dir='ltr'>τὸν</span> <span class='ocrx_word' id='word_1_506' title='bbox 3056 2443 3283 2521; x_wconf 80' lang='grc' dir='ltr'>ἔσχατον</span> <span class='ocrx_word' id='word_1_507' title='bbox 3347 2442 3592 2522; x_wconf 74' lang='grc' dir='ltr'>ὄλεθρον,</span> <span class='ocrx_word' id='word_1_508' title='bbox 3655 2447 3745 2502; x_wconf 91' lang='grc' dir='ltr'>καί</span> <span class='ocrx_word' id='word_1_509' title='bbox 3821 2469 3889 2523; x_wconf 87' lang='grc' dir='ltr'>γε</span> 
     </span>
    </p>
   </div>
   <div class='ocr_carea' id='block_1_70' title="bbox 2235 2533 3886 2611">
    <p class='ocr_par' dir='ltr' id='par_1_70' title="bbox 2235 2533 3886 2611">
     <span class='ocr_line' id='line_1_70' title="bbox 2235 2533 3886 2611; baseline 0 -20"><span class='ocrx_word' id='word_1_510' title='bbox 2235 2543 2366 2591; x_wconf 79' lang='grc' dir='ltr'>πᾶσι</span> <span class='ocrx_word' id='word_1_511' title='bbox 2421 2544 2536 2599; x_wconf 90' lang='grc' dir='ltr'>τοῖς</span> <span class='ocrx_word' id='word_1_512' title='bbox 2594 2544 2695 2607; x_wconf 89' lang='grc' dir='ltr'>τῆς</span> <span class='ocrx_word' id='word_1_513' title='bbox 2746 2537 3036 2609; x_wconf 80' lang='grc' dir='ltr'>καθ’ἡμᾶς</span> <span class='ocrx_word' id='word_1_514' title='bbox 3094 2533 3422 2605; x_wconf 83' lang='grc' dir='ltr'>Ἐκκλησίας</span> <span class='ocrx_word' id='word_1_515' title='bbox 3469 2536 3629 2605; x_wconf 73' lang='grc' dir='ltr'>υἱοῖς,</span> <span class='ocrx_word' id='word_1_516' title='bbox 3671 2534 3886 2611; x_wconf 77' lang='grc' dir='ltr'>σπουδῇ</span> 
     </span>
    </p>
   </div>
   <div class='ocr_carea' id='block_1_71' title="bbox 2237 2623 3880 2705">
    <p class='ocr_par' dir='ltr' id='par_1_71' title="bbox 2237 2623 3880 2705">
     <span class='ocr_line' id='line_1_71' title="bbox 2237 2623 3880 2705; baseline 0 -24"><span class='ocrx_word' id='word_1_517' title='bbox 2237 2627 2449 2705; x_wconf 75' lang='grc' dir='ltr'>φεύγειν</span> <span class='ocrx_word' id='word_1_518' title='bbox 2504 2625 2638 2681; x_wconf 82' lang='grc' dir='ltr'>αύτά</span> <span class='ocrx_word' id='word_1_519' title='bbox 2694 2630 3086 2702; x_wconf 82' lang='grc' dir='ltr'>παραινοῦμεν,</span> <span class='ocrx_word' id='word_1_520' title='bbox 3116 2627 3206 2679; x_wconf 91' lang='grc' dir='ltr'>καὶ</span> <span class='ocrx_word' id='word_1_521' title='bbox 3250 2623 3378 2698; x_wconf 85' lang='grc' dir='ltr'>μηδ’</span> <span class='ocrx_word' id='word_1_522' title='bbox 3408 2623 3530 2680; x_wconf 74' lang='grc' dir='ltr'>ὅσον</span> <span class='ocrx_word' id='word_1_523' title='bbox 3591 2626 3880 2703; x_wconf 83' lang='grc' dir='ltr'>παρέργως</span> 
     </span>
    </p>
   </div>
   <div class='ocr_carea' id='block_1_72' title="bbox 2236 2712 3885 2792">
    <p class='ocr_par' dir='ltr' id='par_1_72' title="bbox 2236 2712 3885 2792">
     <span class='ocr_line' id='line_1_72' title="bbox 2236 2712 3885 2792; baseline 0 -21"><span class='ocrx_word' id='word_1_524' title='bbox 2236 2718 2461 2771; x_wconf 86' lang='grc' dir='ltr'>ἀκοῦσαι</span> <span class='ocrx_word' id='word_1_525' title='bbox 2491 2716 2585 2778; x_wconf 72' lang='grc' dir='ltr'>τὰς</span> <span class='ocrx_word' id='word_1_526' title='bbox 2617 2716 2778 2777; x_wconf 74' lang='grc' dir='ltr'>ἀκοὰς</span> <span class='ocrx_word' id='word_1_527' title='bbox 2819 2714 3038 2791; x_wconf 81' lang='grc' dir='ltr'>ὑπέχειν</span> <span class='ocrx_word' id='word_1_528' title='bbox 3073 2713 3276 2777; x_wconf 78' lang='grc' dir='ltr'>αὐτοῖς.</span> <span class='ocrx_word' id='word_1_529' title='bbox 3311 2714 3384 2769; x_wconf 78' lang='grc' dir='ltr'>Οὐ</span> <span class='ocrx_word' id='word_1_530' title='bbox 3435 2715 3600 2792; x_wconf 84' lang='grc' dir='ltr'>μέχρι</span> <span class='ocrx_word' id='word_1_531' title='bbox 3641 2712 3697 2770; x_wconf 80' lang='grc' dir='ltr'>δὲ</span> <span class='ocrx_word' id='word_1_532' title='bbox 3743 2736 3885 2791; x_wconf 91' lang='grc' dir='ltr'>παρ-</span> 
     </span>
    </p>
   </div>
   <div class='ocr_carea' id='block_1_73' title="bbox 2234 2801 3883 2879">
    <p class='ocr_par' dir='ltr' id='par_1_73' title="bbox 2234 2801 3883 2879">
     <span class='ocr_line' id='line_1_73' title="bbox 2234 2801 3883 2879; baseline 0.001 -19"><span class='ocrx_word' id='word_1_533' title='bbox 2234 2806 2490 2868; x_wconf 90' lang='grc' dir='ltr'>αινέσεως</span> <span class='ocrx_word' id='word_1_534' title='bbox 2529 2806 2618 2860; x_wconf 87' lang='grc' dir='ltr'>τὸν</span> <span class='ocrx_word' id='word_1_535' title='bbox 2673 2804 2838 2879; x_wconf 93' lang='grc' dir='ltr'>λόγον</span> <span class='ocrx_word' id='word_1_536' title='bbox 2866 2804 3132 2877; x_wconf 76' lang='grc' dir='ltr'>’ίστῶμεν,</span> <span class='ocrx_word' id='word_1_537' title='bbox 3165 2802 3293 2860; x_wconf 88' lang='grc' dir='ltr'>ἀλλ’</span> <span class='ocrx_word' id='word_1_538' title='bbox 3335 2801 3443 2875; x_wconf 68' lang='grc' dir='ltr'>⁴ἤδη</span> <span class='ocrx_word' id='word_1_539' title='bbox 3493 2826 3547 2860; x_wconf 90' lang='grc' dir='ltr'>τι</span> <span class='ocrx_word' id='word_1_540' title='bbox 3589 2805 3678 2860; x_wconf 83' lang='grc' dir='ltr'>καὶ</span> <span class='ocrx_word' id='word_1_541' title='bbox 3726 2805 3883 2861; x_wconf 86' lang='grc' dir='ltr'>ἀπει-</span> 
     </span>
    </p>
   </div>
   <div class='ocr_carea' id='block_1_74' title="bbox 2235 2889 3884 2972">
    <p class='ocr_par' dir='ltr' id='par_1_74' title="bbox 2235 2889 3884 2972">
     <span class='ocr_line' id='line_1_74' title="bbox 2235 2889 3884 2972; baseline -0.008 -22"><span class='ocrx_word' id='word_1_542' title='bbox 2235 2894 2362 2966; x_wconf 86' lang='grc' dir='ltr'>λῆς,</span> <span class='ocrx_word' id='word_1_543' title='bbox 2393 2894 2481 2949; x_wconf 86' lang='lat' dir='ltr'>xui</span> <span class='ocrx_word' id='word_1_544' title='bbox 2533 2889 2727 2972; x_wconf 78' lang='grc' dir='ltr'>φόϐου,</span> <span class='ocrx_word' id='word_1_545' title='bbox 2756 2894 2846 2948; x_wconf 85' lang='grc' dir='ltr'>καὶ</span> <span class='ocrx_word' id='word_1_546' title='bbox 2894 2900 2996 2962; x_wconf 88' lang='grc' dir='ltr'>τῆς</span> <span class='ocrx_word' id='word_1_547' title='bbox 3044 2892 3338 2971; x_wconf 83' lang='grc' dir='ltr'>ἀσφαλείας</span> <span class='ocrx_word' id='word_1_548' title='bbox 3389 2890 3564 2949; x_wconf 71' lang='grc' dir='ltr'>ἕνεκεν</span> <span class='ocrx_word' id='word_1_549' title='bbox 3603 2898 3701 2949; x_wconf 90' lang='grc' dir='ltr'>τοῦ</span> <span class='ocrx_word' id='word_1_550' title='bbox 3750 2893 3884 2967; x_wconf 69' lang='grc' dir='ltr'>μέλ-</span> 
     </span>
    </p>
   </div>
   <div class='ocr_carea' id='block_1_75' title="bbox 2236 2980 3887 3060">
    <p class='ocr_par' dir='ltr' id='par_1_75' title="bbox 2236 2980 3887 3060">
     <span class='ocr_line' id='line_1_75' title="bbox 2236 2980 3887 3060; baseline 0.001 -21"><span class='ocrx_word' id='word_1_551' title='bbox 2236 2981 2430 3046; x_wconf 87' lang='grc' dir='ltr'>λοντος</span> <span class='ocrx_word' id='word_1_552' title='bbox 2488 2984 2904 3059; x_wconf 83' lang='grc' dir='ltr'>προστιθέαμεν.</span> <span class='ocrx_word' id='word_1_553' title='bbox 2937 2981 3028 3045; x_wconf 87' lang='grc' dir='ltr'>Τίς</span> <span class='ocrx_word' id='word_1_554' title='bbox 3080 2980 3170 3037; x_wconf 81' lang='grc' dir='ltr'>οῦν</span> <span class='ocrx_word' id='word_1_555' title='bbox 3226 2985 3261 3051; x_wconf 80' lang='grc' dir='ltr'><strong>ἡ</strong></span> <span class='ocrx_word' id='word_1_556' title='bbox 3323 2982 3546 3053; x_wconf 74' lang='grc' dir='ltr'>ἀπειλὴ,</span> <span class='ocrx_word' id='word_1_557' title='bbox 3590 2980 3887 3060; x_wconf 77' lang='grc' dir='ltr'>ἐπειδήπερ</span> 
     </span>
    </p>
   </div>
   <div class='ocr_carea' id='block_1_76' title="bbox 2234 3066 3886 3149">
    <p class='ocr_par' dir='ltr' id='par_1_76' title="bbox 2234 3066 3886 3149">
     <span class='ocr_line' id='line_1_76' title="bbox 2234 3066 3886 3149; baseline 0 -22"><span class='ocrx_word' id='word_1_558' title='bbox 2234 3076 2268 3142; x_wconf 77' lang='grc' dir='ltr'><strong>ἡ</strong></span> <span class='ocrx_word' id='word_1_559' title='bbox 2327 3078 2405 3144; x_wconf 81' lang='grc' dir='ltr'>τῷ</span> <span class='ocrx_word' id='word_1_560' title='bbox 2460 3074 2565 3148; x_wconf 89' lang='grc' dir='ltr'>πρὸ</span> <span class='ocrx_word' id='word_1_561' title='bbox 2628 3071 2823 3149; x_wconf 89' lang='grc' dir='ltr'>μίκροῦ</span> <span class='ocrx_word' id='word_1_562' title='bbox 2876 3071 3062 3148; x_wconf 87' lang='grc' dir='ltr'>χρόνῳ</span> <span class='ocrx_word' id='word_1_563' title='bbox 3112 3066 3491 3145; x_wconf 74' lang='grc' dir='ltr'>συμϐεϐηκυῖα</span> <span class='ocrx_word' id='word_1_564' title='bbox 3540 3073 3732 3143; x_wconf 74' lang='grc' dir='ltr'>πρᾶξις</span> <span class='ocrx_word' id='word_1_565' title='bbox 3786 3075 3886 3141; x_wconf 80' lang='grc' dir='ltr'>τήν</span> 
     </span>
    </p>
   </div>
   <div class='ocr_carea' id='block_1_77' title="bbox 2235 3159 3884 3237">
    <p class='ocr_par' dir='ltr' id='par_1_77' title="bbox 2235 3159 3884 3237">
     <span class='ocr_line' id='line_1_77' title="bbox 2235 3159 3884 3237; baseline -0.003 -19"><span class='ocrx_word' id='word_1_566' title='bbox 2235 3160 2558 3233; x_wconf 87' lang='grc' dir='ltr'>Ἐκκλησίαν</span> <span class='ocrx_word' id='word_1_567' title='bbox 2618 3162 2910 3237; x_wconf 85' lang='grc' dir='ltr'>συγχέασα,</span> <span class='ocrx_word' id='word_1_568' title='bbox 2970 3159 3045 3222; x_wconf 91' lang='grc' dir='ltr'>εἰς</span> <span class='ocrx_word' id='word_1_569' title='bbox 3102 3159 3261 3221; x_wconf 88' lang='grc' dir='ltr'>τέλος</span> <span class='ocrx_word' id='word_1_570' title='bbox 3325 3159 3759 3234; x_wconf 84' lang='grc' dir='ltr'>κατελυμήνατο,</span> <span class='ocrx_word' id='word_1_571' title='bbox 3817 3163 3884 3231; x_wconf 81' lang='grc' dir='ltr'>ἣν</span> 
     </span>
    </p>
   </div>
   <div class='ocr_carea' id='block_1_78' title="bbox 2236 3246 3881 3323">
    <p class='ocr_par' dir='ltr' id='par_1_78' title="bbox 2236 3246 3881 3323">
     <span class='ocr_line' id='line_1_78' title="bbox 2236 3246 3881 3323; baseline -0.001 -17"><span class='ocrx_word' id='word_1_572' title='bbox 2236 3251 2326 3306; x_wconf 87' lang='grc' dir='ltr'>καὶ</span> <span class='ocrx_word' id='word_1_573' title='bbox 2382 3250 2699 3323; x_wconf 80' lang='grc' dir='ltr'>οἰκονομίαν</span> <span class='ocrx_word' id='word_1_574' title='bbox 2756 3248 3013 3304; x_wconf 87' lang='grc' dir='ltr'>τάναντία</span> <span class='ocrx_word' id='word_1_575' title='bbox 3069 3246 3372 3322; x_wconf 80' lang='grc' dir='ltr'>δυναμένην</span> <span class='ocrx_word' id='word_1_576' title='bbox 3434 3248 3534 3304; x_wconf 83' lang='grc' dir='ltr'>οὐκ</span> <span class='ocrx_word' id='word_1_577' title='bbox 3580 3247 3683 3305; x_wconf 80' lang='grc' dir='ltr'>οἶδ’</span> <span class='ocrx_word' id='word_1_578' title='bbox 3731 3248 3881 3312; x_wconf 75' lang='grc' dir='ltr'>ὅπως</span> 
     </span>
    </p>
   </div>
   <div class='ocr_carea' id='block_1_79' title="bbox 2708 3336 3877 3415">
    <p class='ocr_par' dir='ltr' id='par_1_79' title="bbox 2708 3336 3877 3415">
     <span class='ocr_line' id='line_1_79' title="bbox 2708 3336 3877 3415; baseline 0.001 -23"><span class='ocrx_word' id='word_1_579' title='bbox 2708 3336 2756 3392; x_wconf 88' lang='grc' dir='ltr'>δ’</span> <span class='ocrx_word' id='word_1_580' title='bbox 2795 3337 2930 3408; x_wconf 77' lang='grc' dir='ltr'>αὐτή</span> <span class='ocrx_word' id='word_1_581' title='bbox 2982 3338 3071 3393; x_wconf 84' lang='lat' dir='ltr'>xui</span> <span class='ocrx_word' id='word_1_582' title='bbox 3112 3338 3182 3393; x_wconf 73' lang='grc' dir='ltr'>τὰ</span> <span class='ocrx_word' id='word_1_583' title='bbox 3226 3340 3736 3415; x_wconf 82' lang='grc' dir='ltr'>προανατεταγμένα</span> <span class='ocrx_word' id='word_1_584' title='bbox 3779 3338 3877 3394; x_wconf 87' lang='grc' dir='ltr'>ἀλ-</span> 
     </span>
    </p>
   </div>
   <div class='ocr_carea' id='block_1_80' title="bbox 2237 3425 3878 3504">
    <p class='ocr_par' dir='ltr' id='par_1_80' title="bbox 2237 3425 3878 3504">
     <span class='ocr_line' id='line_1_80' title="bbox 2237 3425 3878 3504; baseline -0.001 -21"><span class='ocrx_word' id='word_1_585' title='bbox 2237 3426 2438 3483; x_wconf 84' lang='grc' dir='ltr'>λοκοτα</span> <span class='ocrx_word' id='word_1_586' title='bbox 2493 3425 2756 3504; x_wconf 86' lang='grc' dir='ltr'>δόγματα,</span> <span class='ocrx_word' id='word_1_587' title='bbox 2796 3426 2830 3481; x_wconf 81' lang='grc' dir='ltr'>ἃ</span> <span class='ocrx_word' id='word_1_588' title='bbox 2885 3425 2974 3482; x_wconf 83' lang='grc' dir='ltr'>τὸν</span> <span class='ocrx_word' id='word_1_589' title='bbox 3033 3427 3228 3483; x_wconf 80' lang='grc' dir='ltr'>Βὲκκον</span> <span class='ocrx_word' id='word_1_590' title='bbox 3264 3427 3516 3499; x_wconf 86' lang='grc' dir='ltr'>Ἰωάννην</span> <span class='ocrx_word' id='word_1_591' title='bbox 3575 3428 3878 3504; x_wconf 83' lang='grc' dir='ltr'>προστάτην</span> 
     </span>
    </p>
   </div>
   <div class='ocr_carea' id='block_1_81' title="bbox 2236 3514 3884 3594">
    <p class='ocr_par' dir='ltr' id='par_1_81' title="bbox 2236 3514 3884 3594">
     <span class='ocr_line' id='line_1_81' title="bbox 2236 3514 3884 3594; baseline 0.001 -23"><span class='ocrx_word' id='word_1_592' title='bbox 2236 3516 2594 3587; x_wconf 84' lang='grc' dir='ltr'>έπλούτησεν,</span> <span class='ocrx_word' id='word_1_593' title='bbox 2652 3516 2965 3594; x_wconf 78' lang='grc' dir='ltr'>ἐπισφαλῶς</span> <span class='ocrx_word' id='word_1_594' title='bbox 3022 3516 3111 3572; x_wconf 83' lang='grc' dir='ltr'>καὶ</span> <span class='ocrx_word' id='word_1_595' title='bbox 3156 3514 3274 3572; x_wconf 87' lang='grc' dir='ltr'>λίαν</span> <span class='ocrx_word' id='word_1_596' title='bbox 3331 3514 3686 3580; x_wconf 82' lang='grc' dir='ltr'>ἐπικινδύνως</span> <span class='ocrx_word' id='word_1_597' title='bbox 3736 3517 3884 3589; x_wconf 87' lang='grc' dir='ltr'>εἰσή-</span> 
     </span>
    </p>
   </div>
   <div class='ocr_carea' id='block_1_82' title="bbox 2235 3602 3882 3681">
    <p class='ocr_par' dir='ltr' id='par_1_82' title="bbox 2235 3602 3882 3681">
     <span class='ocr_line' id='line_1_82' title="bbox 2235 3602 3882 3681; baseline -0.001 -20"><span class='ocrx_word' id='word_1_598' title='bbox 2235 3627 2408 3680; x_wconf 87' lang='grc' dir='ltr'>νεγκε.</span> <span class='ocrx_word' id='word_1_599' title='bbox 2436 3610 2605 3660; x_wconf 87' lang='grc' dir='ltr'>Τοῦτο</span> <span class='ocrx_word' id='word_1_600' title='bbox 2662 3603 2721 3660; x_wconf 78' lang='grc' dir='ltr'>δέ</span> <span class='ocrx_word' id='word_1_601' title='bbox 2772 3606 3101 3679; x_wconf 84' lang='grc' dir='ltr'>τρανέστατα</span> <span class='ocrx_word' id='word_1_602' title='bbox 3147 3610 3264 3667; x_wconf 91' lang='grc' dir='ltr'>τοῖς</span> <span class='ocrx_word' id='word_1_603' title='bbox 3322 3610 3451 3659; x_wconf 79' lang='grc' dir='ltr'>πᾶσι</span> <span class='ocrx_word' id='word_1_604' title='bbox 3510 3602 3882 3681; x_wconf 82' lang='grc' dir='ltr'>διοριζόμεθα,</span> 
     </span>
    </p>
   </div>
   <div class='ocr_carea' id='block_1_83' title="bbox 2237 3688 3883 3770">
    <p class='ocr_par' dir='ltr' id='par_1_83' title="bbox 2237 3688 3883 3770">
     <span class='ocr_line' id='line_1_83' title="bbox 2237 3688 3883 3770; baseline -0.001 -20"><span class='ocrx_word' id='word_1_605' title='bbox 2237 3696 2314 3758; x_wconf 83' lang='grc' dir='ltr'>ὡς</span> <span class='ocrx_word' id='word_1_606' title='bbox 2358 3692 2412 3750; x_wconf 78' lang='grc' dir='ltr'>εἷ’</span> <span class='ocrx_word' id='word_1_607' title='bbox 2450 3716 2535 3757; x_wconf 91' lang='grc' dir='ltr'>τις</span> <span class='ocrx_word' id='word_1_608' title='bbox 2592 3698 2697 3749; x_wconf 86' lang='grc' dir='ltr'>τῶν</span> <span class='ocrx_word' id='word_1_609' title='bbox 2767 3698 2858 3749; x_wconf 90' lang='grc' dir='ltr'>νῦν</span> <span class='ocrx_word' id='word_1_610' title='bbox 2902 3715 2961 3749; x_wconf 92' lang='grc' dir='ltr'>τε</span> <span class='ocrx_word' id='word_1_611' title='bbox 3010 3688 3181 3749; x_wconf 75' lang='grc' dir='ltr'>ὄντων</span> <span class='ocrx_word' id='word_1_612' title='bbox 3249 3693 3569 3770; x_wconf 85' lang='grc' dir='ltr'>ἀνθρώπων,</span> <span class='ocrx_word' id='word_1_613' title='bbox 3620 3694 3710 3749; x_wconf 85' lang='grc' dir='ltr'>καὶ</span> <span class='ocrx_word' id='word_1_614' title='bbox 3774 3699 3883 3750; x_wconf 91' lang='grc' dir='ltr'>τῶν</span> 
     </span>
    </p>
   </div>
   <div class='ocr_carea' id='block_1_84' title="bbox 2237 3781 3887 3860">
    <p class='ocr_par' dir='ltr' id='par_1_84' title="bbox 2237 3781 3887 3860">
     <span class='ocr_line' id='line_1_84' title="bbox 2237 3781 3887 3860; baseline 0.001 -22"><span class='ocrx_word' id='word_1_615' title='bbox 2237 3783 2456 3860; x_wconf 80' lang='grc' dir='ltr'>ὕστερον</span> <span class='ocrx_word' id='word_1_616' title='bbox 2498 3782 2788 3856; x_wconf 83' lang='grc' dir='ltr'>ἐσομένων,</span> <span class='ocrx_word' id='word_1_617' title='bbox 2818 3781 3119 3856; x_wconf 88' lang='grc' dir='ltr'>τολμήσειέ</span> <span class='ocrx_word' id='word_1_618' title='bbox 3167 3803 3301 3839; x_wconf 87' lang='grc' dir='ltr'>ποτε</span> <span class='ocrx_word' id='word_1_619' title='bbox 3344 3784 3445 3851; x_wconf 73' lang='grc' dir='ltr'>τὴν</span> <span class='ocrx_word' id='word_1_620' title='bbox 3493 3782 3618 3839; x_wconf 87' lang='grc' dir='ltr'>τότε</span> <span class='ocrx_word' id='word_1_621' title='bbox 3667 3805 3887 3857; x_wconf 86' lang='grc' dir='ltr'>μνημο-</span> 
     </span>
    </p>
   </div>
   <div class='ocr_carea' id='block_1_85' title="bbox 2235 3864 3888 3945">
    <p class='ocr_par' dir='ltr' id='par_1_85' title="bbox 2235 3864 3888 3945">
     <span class='ocr_line' id='line_1_85' title="bbox 2235 3864 3888 3945; baseline 0.001 -18"><span class='ocrx_word' id='word_1_622' title='bbox 2235 3873 2503 3927; x_wconf 88' lang='grc' dir='ltr'>νευθεῖσαν</span> <span class='ocrx_word' id='word_1_623' title='bbox 2557 3873 2746 3945; x_wconf 78' lang='grc' dir='ltr'>πρᾶξιν</span> <span class='ocrx_word' id='word_1_624' title='bbox 2796 3870 2985 3934; x_wconf 86' lang='grc' dir='ltr'>καλῶς</span> <span class='ocrx_word' id='word_1_625' title='bbox 3060 3864 3387 3943; x_wconf 76' lang='grc' dir='ltr'>ἐσϐεσμένην</span> <span class='ocrx_word' id='word_1_626' title='bbox 3447 3871 3761 3944; x_wconf 88' lang='grc' dir='ltr'>ἀνανεῶσαι,</span> <span class='ocrx_word' id='word_1_627' title='bbox 3819 3872 3888 3928; x_wconf 84' lang='grc' dir='ltr'>τά</span> 
     </span>
    </p>
   </div>
   <div class='ocr_carea' id='block_1_86' title="bbox 2240 3957 3885 4038">
    <p class='ocr_par' dir='ltr' id='par_1_86' title="bbox 2240 3957 3885 4038">
     <span class='ocr_line' id='line_1_86' title="bbox 2240 3957 3885 4038; baseline -0.001 -22"><span class='ocrx_word' id='word_1_628' title='bbox 2240 3982 2299 4016; x_wconf 88' lang='grc' dir='ltr'>τε</span> <span class='ocrx_word' id='word_1_629' title='bbox 2354 3961 2758 4038; x_wconf 86' lang='grc' dir='ltr'>καταργηθέντα</span> <span class='ocrx_word' id='word_1_630' title='bbox 2816 3957 3118 4022; x_wconf 86' lang='grc' dir='ltr'>λυσιτελῶς</span> <span class='ocrx_word' id='word_1_631' title='bbox 3176 3957 3286 4030; x_wconf 74' lang='grc' dir='ltr'>ἤδη</span> <span class='ocrx_word' id='word_1_632' title='bbox 3347 3959 3592 4036; x_wconf 90' lang='grc' dir='ltr'>δόγματα</span> <span class='ocrx_word' id='word_1_633' title='bbox 3641 3959 3728 4016; x_wconf 84' lang='grc' dir='ltr'>ἐπὶ</span> <span class='ocrx_word' id='word_1_634' title='bbox 3782 3968 3885 4031; x_wconf 85' lang='grc' dir='ltr'>τῆς</span> 
     </span>
    </p>
   </div>
   <div class='ocr_carea' id='block_1_87' title="bbox 2238 4048 3887 4124">
    <p class='ocr_par' dir='ltr' id='par_1_87' title="bbox 2238 4048 3887 4124">
     <span class='ocr_line' id='line_1_87' title="bbox 2238 4048 3887 4124; baseline 0 -19"><span class='ocrx_word' id='word_1_635' title='bbox 2238 4050 2506 4124; x_wconf 80' lang='grc' dir='ltr'>ἡμετέρας</span> <span class='ocrx_word' id='word_1_636' title='bbox 2572 4048 2895 4120; x_wconf 86' lang='grc' dir='ltr'>Ἐκκλησίας</span> <span class='ocrx_word' id='word_1_637' title='bbox 2960 4048 3337 4124; x_wconf 84' lang='grc' dir='ltr'>ἀναγορεῦσαι,</span> <span class='ocrx_word' id='word_1_638' title='bbox 3386 4050 3422 4118; x_wconf 72' lang='grc' dir='ltr'>ἢ</span> <span class='ocrx_word' id='word_1_639' title='bbox 3477 4048 3650 4121; x_wconf 84' lang='grc' dir='ltr'>λάθρα</span> <span class='ocrx_word' id='word_1_640' title='bbox 3702 4050 3737 4119; x_wconf 78' lang='grc' dir='ltr'><strong>ἢ</strong></span> <span class='ocrx_word' id='word_1_641' title='bbox 3787 4070 3887 4105; x_wconf 88' lang='grc' dir='ltr'>κα-</span> 
     </span>
    </p>
   </div>
   <div class='ocr_carea' id='block_1_88' title="bbox 2238 4133 3885 4217">
    <p class='ocr_par' dir='ltr' id='par_1_88' title="bbox 2238 4133 3885 4217">
     <span class='ocr_line' id='line_1_88' title="bbox 2238 4133 3885 4217; baseline -0.001 -23"><span class='ocrx_word' id='word_1_642' title='bbox 2238 4138 2484 4215; x_wconf 89' lang='grc' dir='ltr'>κούργως</span> <span class='ocrx_word' id='word_1_643' title='bbox 2535 4133 2846 4205; x_wconf 79' lang='grc' dir='ltr'>ὑποϐαλεῖν,</span> <span class='ocrx_word' id='word_1_644' title='bbox 2897 4136 2932 4206; x_wconf 78' lang='grc' dir='ltr'>ἢ</span> <span class='ocrx_word' id='word_1_645' title='bbox 2981 4135 3262 4212; x_wconf 75' lang='grc' dir='ltr'>εἰσήγησιν</span> <span class='ocrx_word' id='word_1_646' title='bbox 3306 4142 3403 4193; x_wconf 89' lang='grc' dir='ltr'>τοῦ</span> <span class='ocrx_word' id='word_1_647' title='bbox 3446 4142 3615 4193; x_wconf 85' lang='grc' dir='ltr'>ταῦτα</span> <span class='ocrx_word' id='word_1_648' title='bbox 3669 4144 3885 4217; x_wconf 85' lang='grc' dir='ltr'>φρονεῖν</span> 
     </span>
    </p>
   </div>
   <div class='ocr_carea' id='block_1_89' title="bbox 2238 4223 3892 4303">
    <p class='ocr_par' dir='ltr' id='par_1_89' title="bbox 2238 4223 3892 4303">
     <span class='ocr_line' id='line_1_89' title="bbox 2238 4223 3892 4303; baseline -0.001 -20"><span class='ocrx_word' id='word_1_649' title='bbox 2238 4229 2273 4297; x_wconf 75' lang='grc' dir='ltr'><strong>ἢ</strong></span> <span class='ocrx_word' id='word_1_650' title='bbox 2306 4227 2561 4296; x_wconf 82' lang='grc' dir='ltr'>ἐπαινεῖν,</span> <span class='ocrx_word' id='word_1_651' title='bbox 2588 4227 2915 4303; x_wconf 73' lang='grc' dir='ltr'>εἰσενεγκεῖν,</span> <span class='ocrx_word' id='word_1_652' title='bbox 2947 4227 2983 4296; x_wconf 74' lang='grc' dir='ltr'><strong>ἢ</strong></span> <span class='ocrx_word' id='word_1_653' title='bbox 3015 4248 3066 4281; x_wconf 88' lang='grc' dir='ltr'>τι</span> <span class='ocrx_word' id='word_1_654' title='bbox 3117 4223 3266 4288; x_wconf 81' lang='grc' dir='ltr'>ὅλως</span> <span class='ocrx_word' id='word_1_655' title='bbox 3315 4226 3547 4300; x_wconf 86' lang='grc' dir='ltr'>μετιέναι</span> <span class='ocrx_word' id='word_1_656' title='bbox 3603 4228 3732 4302; x_wconf 71' lang='grc' dir='ltr'>ὑπὲρ</span> <span class='ocrx_word' id='word_1_657' title='bbox 3788 4236 3892 4297; x_wconf 79' lang='grc' dir='ltr'>τῆς</span> 
     </span>
    </p>
   </div>
   <div class='ocr_carea' id='block_1_90' title="bbox 2240 4313 3895 4394">
    <p class='ocr_par' dir='ltr' id='par_1_90' title="bbox 2240 4313 3895 4394">
     <span class='ocr_line' id='line_1_90' title="bbox 2240 4313 3895 4394; baseline -0.001 -24"><span class='ocrx_word' id='word_1_658' title='bbox 2240 4315 2292 4370; x_wconf 88' lang='grc' dir='ltr'>ἐν</span> <span class='ocrx_word' id='word_1_659' title='bbox 2342 4319 2477 4389; x_wconf 78' lang='grc' dir='ltr'>ἡμῖν</span> <span class='ocrx_word' id='word_1_660' title='bbox 2534 4315 2623 4370; x_wconf 85' lang='grc' dir='ltr'>καὶ</span> <span class='ocrx_word' id='word_1_661' title='bbox 2681 4313 2831 4377; x_wconf 76' lang='grc' dir='ltr'>αὖθις</span> <span class='ocrx_word' id='word_1_662' title='bbox 2887 4313 3060 4370; x_wconf 75' lang='grc' dir='ltr'>αὐτῶν</span> <span class='ocrx_word' id='word_1_663' title='bbox 3120 4313 3428 4391; x_wconf 81' lang='grc' dir='ltr'>παῤῥησίας</span> <span class='ocrx_word' id='word_1_664' title='bbox 3485 4316 3632 4389; x_wconf 88' lang='grc' dir='ltr'>παρά</span> <span class='ocrx_word' id='word_1_665' title='bbox 3683 4314 3895 4394; x_wconf 86' lang='grc' dir='ltr'>φαῦλον</span> 
     </span>
    </p>
   </div>
   <div class='ocr_carea' id='block_1_91' title="bbox 2236 4400 3893 4480">
    <p class='ocr_par' dir='ltr' id='par_1_91' title="bbox 2236 4400 3893 4480">
     <span class='ocr_line' id='line_1_91' title="bbox 2236 4400 3893 4480; baseline 0.001 -22"><span class='ocrx_word' id='word_1_666' title='bbox 2236 4406 2305 4458; x_wconf 72' lang='grc' dir='ltr'>τὰ</span> <span class='ocrx_word' id='word_1_667' title='bbox 2334 4406 2527 4480; x_wconf 80' lang='grc' dir='ltr'>γνήσια</span> <span class='ocrx_word' id='word_1_668' title='bbox 2554 4410 2655 4473; x_wconf 87' lang='grc' dir='ltr'>τῆς</span> <span class='ocrx_word' id='word_1_669' title='bbox 2703 4404 2930 4478; x_wconf 84' lang='grc' dir='ltr'>πρώτης</span> <span class='ocrx_word' id='word_1_670' title='bbox 2961 4400 3288 4473; x_wconf 88' lang='grc' dir='ltr'>Ἐκκλησίας</span> <span class='ocrx_word' id='word_1_671' title='bbox 3339 4404 3564 4476; x_wconf 85' lang='grc' dir='ltr'>θέμενος</span> <span class='ocrx_word' id='word_1_672' title='bbox 3624 4401 3893 4479; x_wconf 88' lang='grc' dir='ltr'>δόγματα,</span> 
     </span>
    </p>
   </div>
   <div class='ocr_carea' id='block_1_92' title="bbox 2238 4484 3894 4569">
    <p class='ocr_par' dir='ltr' id='par_1_92' title="bbox 2238 4484 3894 4569">
     <span class='ocr_line' id='line_1_92' title="bbox 2238 4484 3894 4569; baseline -0.001 -21"><span class='ocrx_word' id='word_1_673' title='bbox 2238 4494 2425 4548; x_wconf 81' lang='grc' dir='ltr'>καὶτὰ</span> <span class='ocrx_word' id='word_1_674' title='bbox 2480 4498 2566 4546; x_wconf 85' lang='grc' dir='ltr'>νῦν</span> <span class='ocrx_word' id='word_1_675' title='bbox 2627 4491 2794 4561; x_wconf 83' lang='grc' dir='ltr'>αὐτῆς</span> <span class='ocrx_word' id='word_1_676' title='bbox 2834 4492 2970 4547; x_wconf 88' lang='grc' dir='ltr'>κατᾶ</span> <span class='ocrx_word' id='word_1_677' title='bbox 3020 4496 3127 4546; x_wconf 87' lang='grc' dir='ltr'>τῶν</span> <span class='ocrx_word' id='word_1_678' title='bbox 3183 4492 3354 4556; x_wconf 89' lang='grc' dir='ltr'>νόθων</span> <span class='ocrx_word' id='word_1_679' title='bbox 3414 4491 3503 4547; x_wconf 83' lang='grc' dir='ltr'>καὶ</span> <span class='ocrx_word' id='word_1_680' title='bbox 3560 4484 3894 4569; x_wconf 71' lang='grc' dir='ltr'>ἀλλοτρίων,</span> 
     </span>
    </p>
   </div>
   <div class='ocr_carea' id='block_1_93' title="bbox 2242 4578 3896 4658">
    <p class='ocr_par' dir='ltr' id='par_1_93' title="bbox 2242 4578 3896 4658">
     <span class='ocr_line' id='line_1_93' title="bbox 2242 4578 3896 4658; baseline 0.001 -22"><span class='ocrx_word' id='word_1_681' title='bbox 2242 4578 2320 4636; x_wconf 78' lang='grc' dir='ltr'>ἔτι</span> <span class='ocrx_word' id='word_1_682' title='bbox 2352 4579 2419 4650; x_wconf 79' lang='grc' dir='ltr'>δή</span> <span class='ocrx_word' id='word_1_683' title='bbox 2450 4581 2538 4636; x_wconf 84' lang='grc' dir='ltr'>καὶ</span> <span class='ocrx_word' id='word_1_684' title='bbox 2569 4587 2670 4650; x_wconf 86' lang='grc' dir='ltr'>τῆς</span> <span class='ocrx_word' id='word_1_685' title='bbox 2720 4578 2792 4635; x_wconf 88' lang='grc' dir='ltr'>δι’</span> <span class='ocrx_word' id='word_1_686' title='bbox 2820 4582 2881 4649; x_wconf 76' lang='grc' dir='ltr'>ἦν</span> <span class='ocrx_word' id='word_1_687' title='bbox 2909 4584 3078 4635; x_wconf 89' lang='grc' dir='ltr'>ταῦτα</span> <span class='ocrx_word' id='word_1_688' title='bbox 3127 4579 3445 4653; x_wconf 73' lang='grc' dir='ltr'>οἲκονομίας</span> <span class='ocrx_word' id='word_1_689' title='bbox 3501 4580 3591 4635; x_wconf 85' lang='grc' dir='ltr'>καὶ</span> <span class='ocrx_word' id='word_1_690' title='bbox 3646 4582 3896 4658; x_wconf 78' lang='grc' dir='ltr'>πράξεως</span> 
     </span>
    </p>
   </div>
   <div class='ocr_carea' id='block_1_94' title="bbox 486 4662 3894 4748">
    <p class='ocr_par' dir='ltr' id='par_1_94' title="bbox 486 4662 3894 4748">
     <span class='ocr_line' id='line_1_94' title="bbox 486 4662 3894 4748; baseline 0.002 -29"><span class='ocrx_word' id='word_1_691' title='bbox 486 4662 771 4738; x_wconf 82' lang='grc' dir='ltr'>ἀπένειμεν</span> <span class='ocrx_word' id='word_1_692' title='bbox 800 4665 874 4726; x_wconf 87' lang='grc' dir='ltr'>ὡς</span> <span class='ocrx_word' id='word_1_693' title='bbox 907 4662 1108 4736; x_wconf 86' lang='grc' dir='ltr'>ἰδίῶμα</span> <span class='ocrx_word' id='word_1_694' title='bbox 1136 4669 1244 4719; x_wconf 89' lang='grc' dir='ltr'>τῶν</span> <span class='ocrx_word' id='word_1_695' title='bbox 1278 4662 1464 4719; x_wconf 86' lang='grc' dir='ltr'>ἄλλων</span> <span class='ocrx_word' id='word_1_696' title='bbox 1494 4662 1589 4719; x_wconf 88' lang='grc' dir='ltr'>δύο</span> <span class='ocrx_word' id='word_1_697' title='bbox 1620 4665 1861 4740; x_wconf 87' lang='grc' dir='ltr'>χωρίζον</span> <span class='ocrx_word' id='word_1_698' title='bbox 1906 4668 2133 4723; x_wconf 86' lang='grc' dir='ltr'>ὑποστά-</span> <span class='ocrx_word' id='word_1_699' title='bbox 2164 4682 2213 4748; x_wconf 83' lang='lat' dir='ltr'><strong>D</strong></span> <span class='ocrx_word' id='word_1_700' title='bbox 2241 4669 2641 4748; x_wconf 80' lang='grc' dir='ltr'>παρεισεφθάρη</span> <span class='ocrx_word' id='word_1_701' title='bbox 2713 4674 2781 4743; x_wconf 81' lang='grc' dir='ltr'>τῇ</span> <span class='ocrx_word' id='word_1_702' title='bbox 2851 4668 3150 4741; x_wconf 76' lang='grc' dir='ltr'>Ἐκκλησία</span> <span class='ocrx_word' id='word_1_703' title='bbox 3214 4668 3627 4745; x_wconf 88' lang='grc' dir='ltr'>προστάγματα.</span> <span class='ocrx_word' id='word_1_704' title='bbox 3691 4675 3894 4727; x_wconf 86' lang='grc' dir='ltr'>Τοῦτον</span> 
     </span>
    </p>
   </div>
   <div class='ocr_carea' id='block_1_95' title="bbox 489 4750 2131 4831">
    <p class='ocr_par' dir='ltr' id='par_1_95' title="bbox 489 4750 2131 4831">
     <span class='ocr_line' id='line_1_95' title="bbox 489 4750 2131 4831; baseline 0.004 -26"><span class='ocrx_word' id='word_1_705' title='bbox 489 4771 622 4806; x_wconf 92' lang='grc' dir='ltr'>σεων</span> <span class='ocrx_word' id='word_1_706' title='bbox 652 4772 665 4822; x_wconf 89' lang='grc'>;</span> <span class='ocrx_word' id='word_1_707' title='bbox 691 4752 781 4814; x_wconf 87' lang='grc' dir='ltr'>Τίς</span> <span class='ocrx_word' id='word_1_708' title='bbox 808 4750 988 4807; x_wconf 77' lang='grc' dir='ltr'>τᾶλλα</span> <span class='ocrx_word' id='word_1_709' title='bbox 1019 4753 1152 4828; x_wconf 80' lang='grc' dir='ltr'>ἅπερ</span> <span class='ocrx_word' id='word_1_710' title='bbox 1185 4751 1344 4815; x_wconf 82' lang='grc' dir='ltr'>αὐτὸς</span> <span class='ocrx_word' id='word_1_711' title='bbox 1377 4750 1708 4827; x_wconf 71' lang='grc' dir='ltr'>ψευδόμενος</span> <span class='ocrx_word' id='word_1_712' title='bbox 1737 4753 1817 4831; x_wconf 82' lang='grc' dir='ltr'>ἐφ’</span> <span class='ocrx_word' id='word_1_713' title='bbox 1845 4750 1997 4828; x_wconf 78' lang='grc' dir='ltr'>ὕϐρει</span> <span class='ocrx_word' id='word_1_714' title='bbox 2025 4762 2131 4811; x_wconf 84' lang='grc' dir='ltr'>τῶν</span> 
     </span>
    </p>
   </div>
   <div class='ocr_carea' id='block_1_96' title="bbox 491 4839 2135 4918">
    <p class='ocr_par' dir='ltr' id='par_1_96' title="bbox 491 4839 2135 4918">
     <span class='ocr_line' id='line_1_96' title="bbox 491 4839 2135 4918; baseline 0.004 -23"><span class='ocrx_word' id='word_1_715' title='bbox 491 4841 767 4915; x_wconf 87' lang='grc' dir='ltr'>Πατέρων,</span> <span class='ocrx_word' id='word_1_716' title='bbox 797 4845 904 4896; x_wconf 87' lang='grc' dir='ltr'>τῶν</span> <span class='ocrx_word' id='word_1_717' title='bbox 934 4842 1187 4915; x_wconf 88' lang='grc' dir='ltr'>Πατέρων</span> <span class='ocrx_word' id='word_1_718' title='bbox 1219 4841 1353 4897; x_wconf 82' lang='grc' dir='ltr'>εἶναί</span> <span class='ocrx_word' id='word_1_719' title='bbox 1393 4863 1523 4918; x_wconf 85' lang='grc' dir='ltr'>φησι</span> <span class='ocrx_word' id='word_1_720' title='bbox 1552 4862 1566 4911; x_wconf 94' lang='grc'>;</span> <span class='ocrx_word' id='word_1_721' title='bbox 1617 4839 1711 4897; x_wconf 86' lang='grc' dir='ltr'>δύο</span> <span class='ocrx_word' id='word_1_722' title='bbox 1750 4848 1928 4898; x_wconf 86' lang='grc' dir='ltr'>κακῶν</span> <span class='ocrx_word' id='word_1_723' title='bbox 1984 4843 2135 4901; x_wconf 81' lang='grc' dir='ltr'>οὐδέ-</span> 
     </span>
    </p>
   </div>
   <div class='ocr_carea' id='block_1_97' title="bbox 490 4929 2141 5008">
    <p class='ocr_par' dir='ltr' id='par_1_97' title="bbox 490 4929 2141 5008">
     <span class='ocr_line' id='line_1_97' title="bbox 490 4929 2141 5008; baseline 0.004 -25"><span class='ocrx_word' id='word_1_724' title='bbox 490 4949 645 5003; x_wconf 88' lang='grc' dir='ltr'>τερον</span> <span class='ocrx_word' id='word_1_725' title='bbox 693 4935 869 4984; x_wconf 87' lang='grc' dir='ltr'>ποιεῖν</span> <span class='ocrx_word' id='word_1_726' title='bbox 929 4930 1311 5008; x_wconf 84' lang='grc' dir='ltr'>ἀφιστάμενος.</span> <span class='ocrx_word' id='word_1_727' title='bbox 1362 4929 1461 4985; x_wconf 75' lang='grc' dir='ltr'>Καὶ</span> <span class='ocrx_word' id='word_1_728' title='bbox 1500 4932 1603 5007; x_wconf 78' lang='grc' dir='ltr'>γὰρ</span> <span class='ocrx_word' id='word_1_729' title='bbox 1647 4931 1822 4987; x_wconf 78' lang='grc' dir='ltr'>αὐτῶν</span> <span class='ocrx_word' id='word_1_730' title='bbox 1870 4933 1959 4987; x_wconf 82' lang='grc' dir='ltr'>καὶ</span> <span class='ocrx_word' id='word_1_731' title='bbox 2009 4934 2141 4990; x_wconf 81' lang='grc' dir='ltr'>αύτά</span> 
     </span>
    </p>
   </div>
   <div class='ocr_carea' id='block_1_98' title="bbox 492 5018 2137 5096">
    <p class='ocr_par' dir='ltr' id='par_1_98' title="bbox 492 5018 2137 5096">
     <span class='ocr_line' id='line_1_98' title="bbox 492 5018 2137 5096; baseline 0.003 -23"><span class='ocrx_word' id='word_1_732' title='bbox 492 5018 846 5096; x_wconf 88' lang='grc' dir='ltr'>παραφθείρει</span> <span class='ocrx_word' id='word_1_733' title='bbox 873 5020 941 5073; x_wconf 80' lang='grc' dir='ltr'>τὰ</span> <span class='ocrx_word' id='word_1_734' title='bbox 971 5019 1189 5094; x_wconf 80' lang='grc' dir='ltr'>ῥήματα</span> <span class='ocrx_word' id='word_1_735' title='bbox 1227 5018 1366 5075; x_wconf 81' lang='grc' dir='ltr'>ἔστιν</span> <span class='ocrx_word' id='word_1_736' title='bbox 1415 5020 1499 5075; x_wconf 81' lang='grc' dir='ltr'>οῦ.</span> <span class='ocrx_word' id='word_1_737' title='bbox 1530 5021 1631 5075; x_wconf 83' lang='grc' dir='ltr'>Καὶ</span> <span class='ocrx_word' id='word_1_738' title='bbox 1676 5019 1789 5075; x_wconf 78' lang='grc' dir='ltr'>οὐδ’</span> <span class='ocrx_word' id='word_1_739' title='bbox 1838 5022 1897 5076; x_wconf 86' lang='grc' dir='ltr'>ἃν</span> <span class='ocrx_word' id='word_1_740' title='bbox 1934 5022 2137 5096; x_wconf 87' lang='grc' dir='ltr'>ἀπσρα-</span> 
     </span>
    </p>
   </div>
   <div class='ocr_carea' id='block_1_99' title="bbox 494 5107 2142 5185">
    <p class='ocr_par' dir='ltr' id='par_1_99' title="bbox 494 5107 2142 5185">
     <span class='ocr_line' id='line_1_99' title="bbox 494 5107 2142 5185; baseline 0.003 -23"><span class='ocrx_word' id='word_1_741' title='bbox 494 5109 747 5177; x_wconf 91' lang='grc' dir='ltr'>ποιήτοις</span> <span class='ocrx_word' id='word_1_742' title='bbox 775 5112 890 5169; x_wconf 86' lang='grc' dir='ltr'>τοῖς</span> <span class='ocrx_word' id='word_1_743' title='bbox 1001 5128 1128 5180; x_wconf 89' lang='grc' dir='ltr'>μασι</span> <span class='ocrx_word' id='word_1_744' title='bbox 1160 5111 1457 5184; x_wconf 88' lang='grc' dir='ltr'>χρήσηται,</span> <span class='ocrx_word' id='word_1_745' title='bbox 1474 5109 1567 5164; x_wconf 88' lang='grc' dir='ltr'>τὸν</span> <span class='ocrx_word' id='word_1_746' title='bbox 1586 5111 1809 5184; x_wconf 89' lang='grc' dir='ltr'>γνήσιον</span> <span class='ocrx_word' id='word_1_747' title='bbox 1841 5110 1993 5185; x_wconf 77' lang='grc' dir='ltr'>ὅμως</span> <span class='ocrx_word' id='word_1_748' title='bbox 2021 5111 2142 5167; x_wconf 77' lang='grc' dir='ltr'>οὐκ·</span> 
     </span>
    </p>
   </div>
   <div class='ocr_carea' id='block_1_100' title="bbox 496 5195 2142 5277">
    <p class='ocr_par' dir='ltr' id='par_1_100' title="bbox 496 5195 2142 5277">
     <span class='ocr_line' id='line_1_100' title="bbox 496 5195 2142 5277; baseline 0.004 -27"><span class='ocrx_word' id='word_1_749' title='bbox 496 5197 576 5250; x_wconf 87' lang='grc' dir='ltr'>έτι</span> <span class='ocrx_word' id='word_1_750' title='bbox 602 5200 711 5251; x_wconf 86' lang='grc' dir='ltr'>τῶν</span> <span class='ocrx_word' id='word_1_751' title='bbox 747 5195 1005 5271; x_wconf 80' lang='grc' dir='ltr'>ῥημάτων</span> <span class='ocrx_word' id='word_1_752' title='bbox 1059 5197 1348 5267; x_wconf 83' lang='grc' dir='ltr'>ἀσπάζεται</span> <span class='ocrx_word' id='word_1_753' title='bbox 1403 5203 1548 5255; x_wconf 89' lang='grc' dir='ltr'>νοῦν.</span> <span class='ocrx_word' id='word_1_754' title='bbox 1581 5195 1717 5253; x_wconf 77' lang='grc' dir='ltr'>Οὐδὲ</span> <span class='ocrx_word' id='word_1_755' title='bbox 1767 5198 1957 5276; x_wconf 88' lang='grc' dir='ltr'>βλέπει</span> <span class='ocrx_word' id='word_1_756' title='bbox 2006 5202 2142 5277; x_wconf 87' lang='grc' dir='ltr'>πρὸς</span> 
     </span>
    </p>
   </div>
   <div class='ocr_carea' id='block_1_101' title="bbox 492 5284 2139 5367">
    <p class='ocr_par' dir='ltr' id='par_1_101' title="bbox 492 5284 2139 5367">
     <span class='ocr_line' id='line_1_101' title="bbox 492 5284 2139 5367; baseline 0.004 -28"><span class='ocrx_word' id='word_1_757' title='bbox 492 5285 583 5340; x_wconf 85' lang='grc' dir='ltr'>τὸν</span> <span class='ocrx_word' id='word_1_758' title='bbox 617 5285 816 5340; x_wconf 89' lang='grc' dir='ltr'>σκοπὸν</span> <span class='ocrx_word' id='word_1_759' title='bbox 849 5285 983 5359; x_wconf 91' lang='grc' dir='ltr'>πρὸς</span> <span class='ocrx_word' id='word_1_760' title='bbox 1006 5286 1065 5339; x_wconf 86' lang='grc' dir='ltr'>’ὸν</span> <span class='ocrx_word' id='word_1_761' title='bbox 1093 5284 1181 5340; x_wconf 89' lang='lat' dir='ltr'>xui</span> <span class='ocrx_word' id='word_1_762' title='bbox 1215 5286 1242 5339; x_wconf 91' lang='lat'>6</span> <span class='ocrx_word' id='word_1_763' title='bbox 1271 5290 1379 5340; x_wconf 89' lang='grc' dir='ltr'>τῶν</span> <span class='ocrx_word' id='word_1_764' title='bbox 1413 5286 1673 5362; x_wconf 77' lang='grc' dir='ltr'>ῥημάτων</span> <span class='ocrx_word' id='word_1_765' title='bbox 1696 5289 1915 5365; x_wconf 84' lang='grc' dir='ltr'>ἀφεώρα</span> <span class='ocrx_word' id='word_1_766' title='bbox 1931 5292 2139 5367; x_wconf 77' lang='grc' dir='ltr'>Πατὴρ,</span> 
     </span>
    </p>
   </div>
   <div class='ocr_carea' id='block_1_102' title="bbox 493 5371 2141 5453">
    <p class='ocr_par' dir='ltr' id='par_1_102' title="bbox 493 5371 2141 5453">
     <span class='ocr_line' id='line_1_102' title="bbox 493 5371 2141 5453; baseline 0.003 -24"><span class='ocrx_word' id='word_1_767' title='bbox 493 5371 641 5429; x_wconf 89' lang='grc' dir='ltr'>ἀλλά</span> <span class='ocrx_word' id='word_1_768' title='bbox 680 5374 780 5441; x_wconf 79' lang='grc' dir='ltr'>τήν</span> <span class='ocrx_word' id='word_1_769' title='bbox 830 5372 1083 5449; x_wconf 88' lang='grc' dir='ltr'>πρόθεσιν</span> <span class='ocrx_word' id='word_1_770' title='bbox 1127 5374 1217 5427; x_wconf 85' lang='grc' dir='ltr'>καὶ</span> <span class='ocrx_word' id='word_1_771' title='bbox 1263 5376 1362 5443; x_wconf 77' lang='grc' dir='ltr'>τήν</span> <span class='ocrx_word' id='word_1_772' title='bbox 1405 5375 1614 5451; x_wconf 85' lang='grc' dir='ltr'>χρείαν,</span> <span class='ocrx_word' id='word_1_773' title='bbox 1663 5376 1752 5430; x_wconf 85' lang='grc' dir='ltr'>καὶ</span> <span class='ocrx_word' id='word_1_774' title='bbox 1798 5377 1928 5432; x_wconf 83' lang='grc' dir='ltr'>αὐτό</span> <span class='ocrx_word' id='word_1_775' title='bbox 1974 5400 2035 5453; x_wconf 83' lang='grc' dir='ltr'>γε</span> <span class='ocrx_word' id='word_1_776' title='bbox 2079 5381 2141 5434; x_wconf 83' lang='grc' dir='ltr'>τὸ</span> 
     </span>
    </p>
   </div>
   <div class='ocr_carea' id='block_1_103' title="bbox 498 5458 2143 5544">
    <p class='ocr_par' dir='ltr' id='par_1_103' title="bbox 498 5458 2143 5544">
     <span class='ocr_line' id='line_1_103' title="bbox 498 5458 2143 5544; baseline 0.004 -29"><span class='ocrx_word' id='word_1_777' title='bbox 498 5458 760 5537; x_wconf 86' lang='grc' dir='ltr'>βούλημα</span> <span class='ocrx_word' id='word_1_778' title='bbox 792 5461 1148 5538; x_wconf 83' lang='grc' dir='ltr'>ὑπερηφάνως</span> <span class='ocrx_word' id='word_1_779' title='bbox 1185 5469 1285 5532; x_wconf 85' lang='grc' dir='ltr'>τῆς</span> <span class='ocrx_word' id='word_1_780' title='bbox 1344 5469 1560 5540; x_wconf 80' lang='grc' dir='ltr'>Γραφῆς</span> <span class='ocrx_word' id='word_1_781' title='bbox 1608 5468 1967 5542; x_wconf 83' lang='grc' dir='ltr'>παρατρέχων</span> <span class='ocrx_word' id='word_1_782' title='bbox 2017 5488 2143 5544; x_wconf 86' lang='grc' dir='ltr'>σφο-</span> 
     </span>
    </p>
   </div>
   <div class='ocr_carea' id='block_1_104' title="bbox 496 5547 2141 5628">
    <p class='ocr_par' dir='ltr' id='par_1_104' title="bbox 496 5547 2141 5628">
     <span class='ocr_line' id='line_1_104' title="bbox 496 5547 2141 5628; baseline 0.004 -24"><span class='ocrx_word' id='word_1_783' title='bbox 496 5547 640 5626; x_wconf 80' lang='grc' dir='ltr'>δρῶς</span> <span class='ocrx_word' id='word_1_784' title='bbox 700 5550 979 5628; x_wconf 68' lang='grc' dir='ltr'>ἐπιφύεται</span> <span class='ocrx_word' id='word_1_785' title='bbox 1035 5554 1103 5623; x_wconf 82' lang='grc' dir='ltr'>τῇ</span> <span class='ocrx_word' id='word_1_786' title='bbox 1155 5549 1317 5621; x_wconf 82' lang='grc' dir='ltr'>λέξει,</span> <span class='ocrx_word' id='word_1_787' title='bbox 1361 5552 1449 5605; x_wconf 84' lang='grc' dir='ltr'>καὶ</span> <span class='ocrx_word' id='word_1_788' title='bbox 1506 5554 1606 5621; x_wconf 79' lang='grc' dir='ltr'>τήν</span> <span class='ocrx_word' id='word_1_789' title='bbox 1660 5555 1809 5609; x_wconf 79' lang='grc' dir='ltr'>σκιὰν</span> <span class='ocrx_word' id='word_1_790' title='bbox 1873 5555 1988 5610; x_wconf 87' lang='grc' dir='ltr'>ἀντὶ</span> <span class='ocrx_word' id='word_1_791' title='bbox 2044 5561 2141 5611; x_wconf 90' lang='grc' dir='ltr'>τοῦ</span> 
     </span>
    </p>
   </div>
   <div class='ocr_carea' id='block_1_105' title="bbox 497 5635 2142 5715">
    <p class='ocr_par' dir='ltr' id='par_1_105' title="bbox 497 5635 2142 5715">
     <span class='ocr_line' id='line_1_105' title="bbox 497 5635 2142 5715; baseline 0.005 -23"><span class='ocrx_word' id='word_1_792' title='bbox 497 5639 753 5711; x_wconf 77' lang='grc' dir='ltr'>σώματος</span> <span class='ocrx_word' id='word_1_793' title='bbox 832 5638 1157 5715; x_wconf 88' lang='grc' dir='ltr'>ἀπενεγκὼν,</span> <span class='ocrx_word' id='word_1_794' title='bbox 1245 5635 1434 5714; x_wconf 78' lang='grc' dir='ltr'>βιϐλία</span> <span class='ocrx_word' id='word_1_795' title='bbox 1519 5641 1811 5700; x_wconf 85' lang='grc' dir='ltr'>συντάττει.</span> <span class='ocrx_word' id='word_1_796' title='bbox 1873 5645 2012 5701; x_wconf 86' lang='grc' dir='ltr'>Ἴσον</span> <span class='ocrx_word' id='word_1_797' title='bbox 2096 5644 2142 5701; x_wconf 88' lang='grc' dir='ltr'>δ’</span> 
     </span>
    </p>
   </div>
   <div class='ocr_carea' id='block_1_106' title="bbox 501 5726 2138 5804">
    <p class='ocr_par' dir='ltr' id='par_1_106' title="bbox 501 5726 2138 5804">
     <span class='ocr_line' id='line_1_106' title="bbox 501 5726 2138 5804; baseline 0.005 -22"><span class='ocrx_word' id='word_1_798' title='bbox 501 5727 692 5797; x_wconf 85' lang='grc' dir='ltr'>εἰπεῖν,</span> <span class='ocrx_word' id='word_1_799' title='bbox 726 5726 806 5782; x_wconf 76' lang='grc' dir='ltr'>ὅτι</span> <span class='ocrx_word' id='word_1_800' title='bbox 860 5729 949 5783; x_wconf 85' lang='grc' dir='ltr'>καὶ</span> <span class='ocrx_word' id='word_1_801' title='bbox 1009 5728 1068 5783; x_wconf 82' lang='grc' dir='ltr'>ἐκ</span> <span class='ocrx_word' id='word_1_802' title='bbox 1122 5727 1362 5803; x_wconf 77' lang='grc' dir='ltr'>ψάμμων</span> <span class='ocrx_word' id='word_1_803' title='bbox 1424 5729 1640 5803; x_wconf 86' lang='grc' dir='ltr'>σχοινία</span> <span class='ocrx_word' id='word_1_804' title='bbox 1695 5730 1905 5804; x_wconf 85' lang='grc' dir='ltr'>πλέκει,</span> <span class='ocrx_word' id='word_1_805' title='bbox 1937 5736 2026 5789; x_wconf 89' lang='lat' dir='ltr'>xui</span> <span class='ocrx_word' id='word_1_806' title='bbox 2057 5735 2138 5789; x_wconf 86' lang='grc' dir='ltr'>οἰ-</span> 
     </span>
    </p>
   </div>
   <div class='ocr_carea' id='block_1_107' title="bbox 2243 4757 3896 4831">
    <p class='ocr_par' dir='ltr' id='par_1_107' title="bbox 2243 4757 3896 4831">
     <span class='ocr_line' id='line_1_107' title="bbox 2243 4757 3896 4831; baseline -0.001 -16"><span class='ocrx_word' id='word_1_807' title='bbox 2243 4760 2332 4815; x_wconf 86' lang='grc' dir='ltr'>καὶ</span> <span class='ocrx_word' id='word_1_808' title='bbox 2387 4760 2479 4813; x_wconf 88' lang='grc' dir='ltr'>τὸν</span> <span class='ocrx_word' id='word_1_809' title='bbox 2535 4758 2683 4821; x_wconf 78' lang='grc' dir='ltr'>ὅλως</span> <span class='ocrx_word' id='word_1_810' title='bbox 2736 4758 2863 4820; x_wconf 78' lang='grc' dir='ltr'>τοῦς</span> <span class='ocrx_word' id='word_1_811' title='bbox 2923 4757 2983 4813; x_wconf 88' lang='grc' dir='ltr'>ἐκ</span> <span class='ocrx_word' id='word_1_812' title='bbox 3034 4765 3137 4826; x_wconf 88' lang='grc' dir='ltr'>τῆς</span> <span class='ocrx_word' id='word_1_813' title='bbox 3193 4759 3507 4831; x_wconf 82' lang='grc' dir='ltr'>Ῥωμαϊκῆς</span> <span class='ocrx_word' id='word_1_814' title='bbox 3563 4758 3896 4830; x_wconf 89' lang='grc' dir='ltr'>Ἐκκλησίας</span> 
     </span>
    </p>
   </div>
   <div class='ocr_carea' id='block_1_108' title="bbox 2247 4843 3897 4924">
    <p class='ocr_par' dir='ltr' id='par_1_108' title="bbox 2247 4843 3897 4924">
     <span class='ocr_line' id='line_1_108' title="bbox 2247 4843 3897 4924; baseline -0.007 -12"><span class='ocrx_word' id='word_1_815' title='bbox 2247 4843 2470 4924; x_wconf 74' lang='grc' dir='ltr'>ἔχοντας</span> <span class='ocrx_word' id='word_1_816' title='bbox 2524 4848 2660 4909; x_wconf 82' lang='grc' dir='ltr'>τὲως</span> <span class='ocrx_word' id='word_1_817' title='bbox 2712 4846 3054 4919; x_wconf 87' lang='grc' dir='ltr'>ἀμεταθέτως</span> <span class='ocrx_word' id='word_1_818' title='bbox 3110 4845 3191 4924; x_wconf 87' lang='grc' dir='ltr'>ἐφ’</span> <span class='ocrx_word' id='word_1_819' title='bbox 3220 4847 3303 4908; x_wconf 76' lang='grc' dir='ltr'>οἷς</span> <span class='ocrx_word' id='word_1_820' title='bbox 3362 4846 3558 4901; x_wconf 83' lang='grc' dir='ltr'>ἄνωθεν</span> <span class='ocrx_word' id='word_1_821' title='bbox 3616 4848 3763 4924; x_wconf 84' lang='grc' dir='ltr'>παρά</span> <span class='ocrx_word' id='word_1_822' title='bbox 3791 4854 3897 4917; x_wconf 85' lang='grc' dir='ltr'>τῆς</span> 
     </span>
    </p>
   </div>
   <div class='ocr_carea' id='block_1_109' title="bbox 2252 4931 3899 5009">
    <p class='ocr_par' dir='ltr' id='par_1_109' title="bbox 2252 4931 3899 5009">
     <span class='ocr_line' id='line_1_109' title="bbox 2252 4931 3899 5009; baseline 0.001 -19"><span class='ocrx_word' id='word_1_823' title='bbox 2252 4937 2573 5006; x_wconf 86' lang='grc' dir='ltr'>Ἐκκλησίας</span> <span class='ocrx_word' id='word_1_824' title='bbox 2630 4938 2790 5008; x_wconf 79' lang='grc' dir='ltr'>ἡμῶν</span> <span class='ocrx_word' id='word_1_825' title='bbox 2848 4932 3234 5005; x_wconf 85' lang='grc' dir='ltr'>ένεκλήθησαν,</span> <span class='ocrx_word' id='word_1_826' title='bbox 3267 4931 3337 4989; x_wconf 80' lang='grc' dir='ltr'>δι’</span> <span class='ocrx_word' id='word_1_827' title='bbox 3392 4933 3427 4988; x_wconf 74' lang='grc' dir='ltr'>ἃ</span> <span class='ocrx_word' id='word_1_828' title='bbox 3456 4934 3546 4990; x_wconf 87' lang='grc' dir='ltr'>καὶ</span> <span class='ocrx_word' id='word_1_829' title='bbox 3588 4936 3650 4990; x_wconf 87' lang='grc' dir='ltr'>τὸ</span> <span class='ocrx_word' id='word_1_830' title='bbox 3698 4938 3899 5009; x_wconf 76' lang='grc' dir='ltr'>μεταξὺ</span> 
     </span>
    </p>
   </div>
   <div class='ocr_carea' id='block_1_110' title="bbox 2249 5020 3898 5099">
    <p class='ocr_par' dir='ltr' id='par_1_110' title="bbox 2249 5020 3898 5099">
     <span class='ocr_line' id='line_1_110' title="bbox 2249 5020 3898 5099; baseline 0.001 -20"><span class='ocrx_word' id='word_1_831' title='bbox 2249 5020 2653 5098; x_wconf 74' lang='grc' dir='ltr'>ἐπισυμϐέϐηκε</span> <span class='ocrx_word' id='word_1_832' title='bbox 2710 5024 2921 5099; x_wconf 87' lang='grc' dir='ltr'>σχίσμα</span> <span class='ocrx_word' id='word_1_833' title='bbox 2987 5022 3229 5094; x_wconf 81' lang='grc' dir='ltr'>δέξασθαί</span> <span class='ocrx_word' id='word_1_834' title='bbox 3286 5043 3417 5078; x_wconf 91' lang='grc' dir='ltr'>ποτε</span> <span class='ocrx_word' id='word_1_835' title='bbox 3471 5024 3898 5097; x_wconf 88' lang='grc' dir='ltr'>συνθησόμενον,</span> 
     </span>
    </p>
   </div>
   <div class='ocr_carea' id='block_1_111' title="bbox 2248 5109 3899 5190">
    <p class='ocr_par' dir='ltr' id='par_1_111' title="bbox 2248 5109 3899 5190">
     <span class='ocr_line' id='line_1_111' title="bbox 2248 5109 3899 5190; baseline 0.002 -22"><span class='ocrx_word' id='word_1_836' title='bbox 2248 5114 2337 5169; x_wconf 86' lang='lat' dir='ltr'>xui</span> <span class='ocrx_word' id='word_1_837' title='bbox 2391 5111 2635 5184; x_wconf 80' lang='grc' dir='ltr'>δέξασθαι</span> <span class='ocrx_word' id='word_1_838' title='bbox 2689 5112 2856 5168; x_wconf 89' lang='grc' dir='ltr'>πλέον</span> <span class='ocrx_word' id='word_1_839' title='bbox 2894 5112 2983 5168; x_wconf 86' lang='lat' dir='ltr'>xui</span> <span class='ocrx_word' id='word_1_840' title='bbox 3012 5112 3377 5188; x_wconf 84' lang='grc' dir='ltr'>γνησιώτερον</span> <span class='ocrx_word' id='word_1_841' title='bbox 3410 5109 3553 5190; x_wconf 74' lang='grc' dir='ltr'>ἤπερ</span> <span class='ocrx_word' id='word_1_842' title='bbox 3611 5113 3899 5188; x_wconf 83' lang='grc' dir='ltr'>εἰώθειμεν</span> 
     </span>
    </p>
   </div>
   <div class='ocr_carea' id='block_1_112' title="bbox 2250 5197 3903 5279">
    <p class='ocr_par' dir='ltr' id='par_1_112' title="bbox 2250 5197 3903 5279">
     <span class='ocr_line' id='line_1_112' title="bbox 2250 5197 3903 5279; baseline 0.001 -22"><span class='ocrx_word' id='word_1_843' title='bbox 2250 5200 2533 5278; x_wconf 82' lang='grc' dir='ltr'>πρότερον,</span> <span class='ocrx_word' id='word_1_844' title='bbox 2564 5203 2670 5279; x_wconf 89' lang='grc' dir='ltr'>πρὸ</span> <span class='ocrx_word' id='word_1_845' title='bbox 2723 5209 2824 5271; x_wconf 86' lang='grc' dir='ltr'>τῆς</span> <span class='ocrx_word' id='word_1_846' title='bbox 2881 5198 3269 5274; x_wconf 86' lang='grc' dir='ltr'>πεπλασμένης</span> <span class='ocrx_word' id='word_1_847' title='bbox 3329 5197 3543 5271; x_wconf 83' lang='grc' dir='ltr'>δηλαδὴ</span> <span class='ocrx_word' id='word_1_848' title='bbox 3581 5201 3784 5273; x_wconf 87' lang='grc' dir='ltr'>ταύτης</span> <span class='ocrx_word' id='word_1_849' title='bbox 3817 5203 3903 5258; x_wconf 83' lang='grc' dir='ltr'>οἰ-</span> 
     </span>
    </p>
   </div>
   <div class='ocr_carea' id='block_1_113' title="bbox 2249 5284 3902 5364">
    <p class='ocr_par' dir='ltr' id='par_1_113' title="bbox 2249 5284 3902 5364">
     <span class='ocr_line' id='line_1_113' title="bbox 2249 5284 3902 5364; baseline 0.001 -19"><span class='ocrx_word' id='word_1_850' title='bbox 2249 5290 2533 5363; x_wconf 87' lang='grc' dir='ltr'>κονομίας,</span> <span class='ocrx_word' id='word_1_851' title='bbox 2564 5292 2654 5345; x_wconf 86' lang='grc' dir='ltr'>καὶ</span> <span class='ocrx_word' id='word_1_852' title='bbox 2682 5298 2782 5359; x_wconf 86' lang='grc' dir='ltr'>τῆς</span> <span class='ocrx_word' id='word_1_853' title='bbox 2814 5284 3134 5361; x_wconf 75' lang='grc' dir='ltr'>ἀποϐλήτου</span> <span class='ocrx_word' id='word_1_854' title='bbox 3159 5289 3250 5344; x_wconf 87' lang='grc' dir='ltr'>καὶ</span> <span class='ocrx_word' id='word_1_855' title='bbox 3286 5294 3365 5362; x_wconf 81' lang='grc' dir='ltr'>τῷ</span> <span class='ocrx_word' id='word_1_856' title='bbox 3414 5288 3569 5363; x_wconf 87' lang='grc' dir='ltr'>καλῷ</span> <span class='ocrx_word' id='word_1_857' title='bbox 3623 5288 3902 5364; x_wconf 87' lang='grc' dir='ltr'>πολεμίας</span> 
     </span>
    </p>
   </div>
   <div class='ocr_carea' id='block_1_114' title="bbox 2252 5378 3903 5454">
    <p class='ocr_par' dir='ltr' id='par_1_114' title="bbox 2252 5378 3903 5454">
     <span class='ocr_line' id='line_1_114' title="bbox 2252 5378 3903 5454; baseline 0 -20"><span class='ocrx_word' id='word_1_858' title='bbox 2252 5379 2493 5453; x_wconf 77' lang='grc' dir='ltr'>εἰρήνης,</span> <span class='ocrx_word' id='word_1_859' title='bbox 2549 5385 2739 5435; x_wconf 90' lang='grc' dir='ltr'>τοῦτον</span> <span class='ocrx_word' id='word_1_860' title='bbox 2797 5379 2888 5434; x_wconf 73' lang='grc' dir='ltr'>σὺν</span> <span class='ocrx_word' id='word_1_861' title='bbox 2937 5383 3016 5451; x_wconf 79' lang='grc' dir='ltr'>τῷ</span> <span class='ocrx_word' id='word_1_862' title='bbox 3081 5378 3459 5454; x_wconf 85' lang='grc' dir='ltr'>ἀποκήρυκτον</span> <span class='ocrx_word' id='word_1_863' title='bbox 3514 5386 3739 5449; x_wconf 84' lang='grc' dir='ltr'>πυιῆσαι</span> <span class='ocrx_word' id='word_1_864' title='bbox 3794 5387 3903 5451; x_wconf 81' lang='grc' dir='ltr'>τῆς</span> 
     </span>
    </p>
   </div>
   <div class='ocr_carea' id='block_1_115' title="bbox 2253 5463 3903 5543">
    <p class='ocr_par' dir='ltr' id='par_1_115' title="bbox 2253 5463 3903 5543">
     <span class='ocr_line' id='line_1_115' title="bbox 2253 5463 3903 5543; baseline 0.001 -20"><span class='ocrx_word' id='word_1_865' title='bbox 2253 5466 2597 5539; x_wconf 87' lang='grc' dir='ltr'>Ἐκκλησίας,</span> <span class='ocrx_word' id='word_1_866' title='bbox 2662 5468 2887 5543; x_wconf 85' lang='grc' dir='ltr'>ἐκκόψαι</span> <span class='ocrx_word' id='word_1_867' title='bbox 2930 5488 2990 5522; x_wconf 89' lang='grc' dir='ltr'>τε</span> <span class='ocrx_word' id='word_1_868' title='bbox 3036 5467 3125 5521; x_wconf 89' lang='grc' dir='ltr'>καὶ</span> <span class='ocrx_word' id='word_1_869' title='bbox 3175 5463 3543 5542; x_wconf 87' lang='grc' dir='ltr'>ἀλλοτριῶσαι</span> <span class='ocrx_word' id='word_1_870' title='bbox 3589 5475 3690 5538; x_wconf 83' lang='grc' dir='ltr'>τῆς</span> <span class='ocrx_word' id='word_1_871' title='bbox 3736 5471 3903 5541; x_wconf 83' lang='grc' dir='ltr'>ἡμῶν</span> 
     </span>
    </p>
   </div>
   <div class='ocr_carea' id='block_1_116' title="bbox 2247 5552 3902 5632">
    <p class='ocr_par' dir='ltr' id='par_1_116' title="bbox 2247 5552 3902 5632">
     <span class='ocr_line' id='line_1_116' title="bbox 2247 5552 3902 5632; baseline 0.002 -21"><span class='ocrx_word' id='word_1_872' title='bbox 2247 5562 2353 5611; x_wconf 86' lang='grc' dir='ltr'>τῶν</span> <span class='ocrx_word' id='word_1_873' title='bbox 2413 5552 2645 5611; x_wconf 79' lang='grc' dir='ltr'>εὐσεϐῶν</span> <span class='ocrx_word' id='word_1_874' title='bbox 2727 5557 3132 5632; x_wconf 83' lang='grc' dir='ltr'>ἐπισυναγωγῆς</span> <span class='ocrx_word' id='word_1_875' title='bbox 3185 5576 3245 5609; x_wconf 88' lang='grc' dir='ltr'>τε</span> <span class='ocrx_word' id='word_1_876' title='bbox 3295 5557 3384 5611; x_wconf 82' lang='grc' dir='ltr'>καὶ</span> <span class='ocrx_word' id='word_1_877' title='bbox 3440 5557 3748 5626; x_wconf 86' lang='grc' dir='ltr'>κοινωνίας,</span> <span class='ocrx_word' id='word_1_878' title='bbox 3804 5559 3902 5614; x_wconf 86' lang='lat' dir='ltr'>xui</span> 
     </span>
    </p>
   </div>
   <div class='ocr_carea' id='block_1_117' title="bbox 2248 5640 3903 5720">
    <p class='ocr_par' dir='ltr' id='par_1_117' title="bbox 2248 5640 3903 5720">
     <span class='ocr_line' id='line_1_117' title="bbox 2248 5640 3903 5720; baseline 0.003 -22"><span class='ocrx_word' id='word_1_879' title='bbox 2248 5650 2327 5717; x_wconf 81' lang='grc' dir='ltr'>τῷ</span> <span class='ocrx_word' id='word_1_880' title='bbox 2376 5650 2476 5700; x_wconf 86' lang='grc' dir='ltr'>τοῦ</span> <span class='ocrx_word' id='word_1_881' title='bbox 2534 5647 2862 5720; x_wconf 83' lang='grc' dir='ltr'>ἀναθέματος</span> <span class='ocrx_word' id='word_1_882' title='bbox 2928 5644 3190 5719; x_wconf 85' lang='grc' dir='ltr'>ἐπιτιμίῳ</span> <span class='ocrx_word' id='word_1_883' title='bbox 3239 5642 3499 5720; x_wconf 87' lang='grc' dir='ltr'>φρικώδει</span> <span class='ocrx_word' id='word_1_884' title='bbox 3551 5640 3903 5703; x_wconf 77' lang='grc' dir='ltr'>καθυποϐάλ-</span> 
     </span>
    </p>
   </div>
   <div class='ocr_carea' id='block_1_118' title="bbox 2251 5732 3902 5812">
    <p class='ocr_par' dir='ltr' id='par_1_118' title="bbox 2251 5732 3902 5812">
     <span class='ocr_line' id='line_1_118' title="bbox 2251 5732 3902 5812; baseline 0.001 -23"><span class='ocrx_word' id='word_1_885' title='bbox 2251 5732 2444 5807; x_wconf 86' lang='grc' dir='ltr'>λομεν.</span> <span class='ocrx_word' id='word_1_886' title='bbox 2478 5735 2624 5790; x_wconf 78' lang='grc' dir='ltr'>Ἐπεὶ</span> <span class='ocrx_word' id='word_1_887' title='bbox 2687 5733 2827 5809; x_wconf 76' lang='grc' dir='ltr'>μηδὲ</span> <span class='ocrx_word' id='word_1_888' title='bbox 2882 5734 3219 5811; x_wconf 88' lang='grc' dir='ltr'>συγγνωστὸς</span> <span class='ocrx_word' id='word_1_889' title='bbox 3252 5733 3304 5790; x_wconf 84' lang='grc' dir='ltr'>ἐν</span> <span class='ocrx_word' id='word_1_890' title='bbox 3336 5734 3642 5812; x_wconf 85' lang='grc' dir='ltr'>ἀνθρώποις</span> <span class='ocrx_word' id='word_1_891' title='bbox 3674 5735 3902 5811; x_wconf 81' lang='grc' dir='ltr'>ἐκεῖνος,</span> 
     </span>
    </p>
   </div>
  </div>
