4118 6426
238 439 351 501 245

1493 438 1823 505 SCRIPTA
1867 436 2435 507 APOLOGETICA.

3546 440 3665 503 246

237 569 292 632 ὃς
325 565 475 643 μηδὲ
508 569 655 643 μετά
690 571 965 642 τοσαύτην
1012 575 1200 648 πεῖραν
1248 575 1346 627 τοῦ
1402 566 1776 647 προλαϐόντος
1815 591 1910 625 κα·
1938 571 2122 646 Αγάρ
2182 570 2227 626 εἰ
2288 565 2790 644 μεταϐληθήσονται
2847 571 2936 629 καὶ
2992 572 3129 649 πρὸς
3181 573 3245 629 τὸ
3296 571 3398 643 τῆς
3459 572 3664 649 μητρὸς

237 665 353 733 κοῦ,
391 657 542 733 μηδὲ
598 662 739 732 μετά
793 662 895 730 τὴν
955 661 1154 737 ἀρτίως
1210 660 1642 735 ἐπενηνεγμένην
1698 657 1911 716 καταδί-

240 770 333 817 κην
366 746 740 804 πεπαίδευται
786 752 863 823 μή
917 748 1215 823 ἐπιτολμᾷν
1259 755 1376 813 τοῖς
1425 748 1726 818 τοιούτοις,
1781 746 1910 823 μηδ’

242 836 438 913 ἔγνωκε
485 844 617 901 τοῖς
684 839 957 912 κειμένοις
1009 843 1114 893 τῶν
1166 838 1421 914 ΙΙατέρων
1474 838 1906 914 ἐπιτεχνάζεσθαι

244 925 407 1004 ἔροις,
443 925 598 1000 μηδὲ
660 929 912 1001 μαθητὴς
975 928 1068 1001 μὶν
1126 932 1193 1002 τῇ
1240 926 1536 999 Ἐκκλησία
1583 925 1672 982 διὰ
1705 927 1905 990 παντὸς

248 1019 329 1072 καὶ
382 1019 663 1087 ὑπήκοος.
726 1017 827 1072 Καὶ
884 1022 1053 1073 ταῦτα
1109 1016 1452 1095 φθεγγόμεθα
1505 1017 1595 1072 καὶ
1646 1014 1904 1093 διαπρατ-

254 1108 463 1180 τόμεθα,
523 1111 633 1162 τοῦ
679 1127 741 1162 τε
805 1107 1200 1183 ἀνεπηρεάστου
1234 1153 1248 1178 ,
1306 1107 1592 1183 καθώσπερ
1650 1100 1857 1184 ἔφημεν
1889 1149 1903 1176 ,

256 1194 432 1262 Evam,
465 1197 563 1250 καὶ
623 1202 727 1265 τῆς
784 1202 978 1265 κοινῆς
1030 1200 1137 1251 τῶν
1196 1198 1390 1271 ψυχῶν
1448 1194 1713 1273 ὠφελείας
1764 1196 1904 1249 πάν-

252 1306 369 1355 των,
398 1284 524 1340 ὅσοι
574 1306 639 1340 τε
676 1288 768 1340 νῦν
823 1285 927 1340 ὑπὸ
970 1286 1068 1354 τήν
1128 1286 1396 1361 ἡμετέραν
1452 1279 1646 1354 εὐσεϐῆ
1680 1282 1906 1355 Ἐκκλη-

250 1374 354 1428 σίαν
382 1374 672 1431 τελοῦσιν.

312 1461 495 1519 Ἀλλὰ
528 1464 743 1537 μένετε,
792 1464 845 1517 οἱ
893 1464 1108 1537 γνήσιοι
1152 1467 1250 1517 τοῦ
1298 1467 1454 1530 Θεοῦ,
1496 1463 1903 1541 ἀποστρεφόμε-

246 1572 322 1606 νοι
350 1551 445 1606 καὶ
511 1548 943 1627 βδελυττόμενοι
989 1552 1057 1606 τά
1101 1572 1159 1607 τε
1183 1548 1329 1607 ἄλλα
1370 1559 1469 1620 τῆς
1501 1550 1763 1622 ἀληθείας
1801 1573 1901 1606 πο-

246 1638 409 1711 λέμια
470 1637 749 1714 δόγματα,
803 1640 893 1696 καὶ
942 1639 1075 1695 αὐτὰ
1101 1641 1169 1695 τά
1211 1645 1309 1695 τοῦ
1340 1640 1541 1696 Βέκκου
1570 1643 1899 1715 γεννήματα.

246 1728 755 1807 ’Δποστρεφόμενοι
814 1726 874 1784 δὲ
922 1728 1029 1805 οὐχ
1072 1732 1232 1799 ἧττον
1286 1730 1375 1784 καὶ
1421 1728 1601 1801 αὐτὸν,
1650 1730 1738 1785 καὶ
1768 1731 1841 1784 ὦν
1874 1730 1904 1785 6

248 1818 410 1894 λόγος
460 1819 740 1895 ἀνώτερον
789 1816 1031 1890 ἐμνήσθη
1090 1819 1208 1874 κατ’
1264 1812 1458 1891 ὄνομα,
1504 1819 1572 1873 τὰ
1605 1817 1906 1894 βλάσφημα

248 1907 334 1965 σὸν
368 1909 524 1979 αὐτῷ
572 1907 1069 1984 ἀπερευξαμένους,
1116 1906 1206 1963 καὶ
1254 1907 1421 1984 μέχρὶ
1464 1905 1625 1963 τοῦδε
1672 1907 1903 1964 οἶκειου-
1933 1941 1982 2008 Β

250 2000 445 2071 μένους
521 1996 662 2054 αύτά
693 2040 707 2066 ,
763 1995 854 2052 καὶ
931 1995 1324 2069 ἀμεταμέλητα
1378 1996 1696 2073 στέργοντας
1730 2038 1742 2051 .
1804 1996 1902 2052 Καὶ

246 2086 422 2149 οὕτως
453 2084 701 2161 ἐχόντων
739 2090 888 2157 μενεῖ
936 2083 991 2140 ἐν
1041 2086 1174 2158 ἡμῖν
1202 2085 1231 2140 ὁ
1274 2082 1657 2159 ΙΙαράκλητος,
1707 2085 1769 2140 οὐ
1803 2087 1903 2159 μό-

246 2198 335 2231 νον
375 2183 482 2245 τῆς
532 2175 643 2231 ἀπὸ
688 2180 797 2230 τῶν
845 2172 1132 2246 τοιούτων,
1179 2173 1325 2230 ἀλλά
1360 2174 1450 2229 καὶ
1498 2177 1598 2244 τῆς
1646 2174 1751 2230 ἀπὸ
1799 2180 1904 2230 τῶν

250 2262 434 2321 ³,ταθῶν
479 2264 760 2337 κρείττους
808 2262 1184 2341 διαφυλάττων
1234 2262 1420 2337 λύμης
1470 2264 1609 2338 ὑμᾶς
1648 2264 1735 2319 ἐπὶ
1782 2286 1907 2338 μετ-

250 2352 410 2426 ουσίᾳ
468 2357 578 2408 τῶν
641 2352 871 2408 αἰωνίων
929 2352 1141 2426 ἀγαθῶν
1200 2352 1289 2406 καὶ
1346 2358 1446 2422 τῆς
1503 2358 1619 2415 τοῖς
1678 2350 1908 2417 δικαίοις

250 2442 676 2515 ἡτοιμασμένης
739 2440 1158 2517 μακαριότητος.
1218 2440 1317 2495 Καὶ
1378 2441 1533 2513 ὑμεῖς
1593 2442 1687 2515 μὲν
1738 2441 1911 2505 οὕτως

248 2529 443 2607 ’ἔχοιτε
470 2531 564 2586 καὶ
622 2529 873 2606 σχοίητε⁸
936 2532 972 2599 ἡ
1023 2526 1079 2585 δὲ
1127 2528 1581 2605 ἀναγεγραμμένη
1626 2530 1809 2609 ψῆφὸς
1853 2552 1914 2586 τε

248 2622 341 2676 καὶ
396 2618 673 2698 ἀπόφασις
729 2624 822 2675 νῦν
883 2619 979 2692 μὲν
1035 2620 1183 2695 παρά
1234 2626 1337 2689 τῆς
1397 2617 1723 2689 Έκκλησίας
1781 2621 1917 2676 κατὰ

250 2713 361 2764 τῶν
412 2716 522 2778 τῆς
580 2705 909 2779 Ἐκκλησίας
968 2708 1282 2764 ἀποστατῶν
1349 2706 1439 2763 καὶ
1498 2708 1771 2780 ἀθετητῶν
1831 2709 1912 2781 ἐξ-

249 2800 562 2868 ενήνεκται,
626 2797 822 2872 μικρὸν
880 2794 938 2853 δὲ
986 2796 1209 2875 ὕστερον
1263 2796 1353 2853 καὶ
1409 2798 1556 2874 παρά
1601 2802 1699 2853 τοῦ
1750 2798 1915 2874 μεγά-

250 2886 356 2944 λου
387 2890 605 2962 κριτοῦ,
638 2886 685 2941 εἰ
720 2886 798 2959 μή
831 2890 958 2962 πρὶν
1008 2884 1181 2943 ἐλθεῖν
1228 2886 1327 2954 τήν
1379 2886 1590 2962 ἡμέραν
1623 2885 1788 2941 αὑτοῦ
1814 2888 1914 2955 τήν

2017 663 2177 730 ἡμῶν
2220 658 2547 731 Ἐκκλησίας
2596 666 2712 740 φῶς
2757 662 3003 739 γνησίοις
3054 662 3141 717 καὶ
3189 660 3353 718 πάλιν
3400 668 3517 726 τοῖς
3569 665 3667 733 τῆς

2016 753 2203 826 ψυχῆς
2233 748 2470 806 ἐνίδωσιν
2526 750 2856 828 ὀφθαλμοῖς,
2906 751 3084 828 ὥσπερ
3134 750 3235 826 ἔξω
3274 752 3366 807 τὸν
3400 752 3536 829 πρὸς
3566 751 3666 808 αύο

2017 839 2107 893 τὸν
2134 838 2430 915 ἐρχόμενον
2485 839 2585 896 οὐκ
2642 836 2895 898 ἐκϐάλλει
2956 843 3183 915 Χριστὸς
3217 889 3231 914 ,
3290 843 3663 922 έπιστρέφεται

2018 925 2075 983 δὲ
2132 929 2344 1001 μᾶλλον
2397 928 2811 1008 ἐπιστρέφοντος
2844 977 2858 1001 ,
2916 932 3006 985 καὶ
3065 930 3506 1008 ἐναγκαλίζεται,
3565 932 3661 986 κᾶν

2016 1015 2223 1079 ἄσωτος
2354 1019 2443 1073 καὶ
2486 1020 2586 1088 τήν
2635 1019 2888 1093 πατρῴαν
2940 1019 3122 1075 οὐσίαν
3167 1021 3514 1098 καταφαγὼν,
3564 1021 3660 1075 κᾶν

2017 1105 2312 1169 ἀπολωλὸς
2342 1102 2612 1183 πρόϐατον
2665 1107 2755 1163 καὶ
2799 1114 2900 1178 τῆς
2933 1108 3216 1179 σωζούσης
3259 1106 3496 1187 μάνδρας
3527 1109 3662 1165 ἀπο-

2016 1203 2329 1273 σκιρτῆσαν,
2358 1195 2454 1252 κᾶν
2506 1194 2649 1252 ἄλλο
2706 1217 2762 1251 τι
2814 1201 2921 1252 τῶν
2983 1196 3174 1275 πόῤῥω
3220 1197 3522 1275 γεγονότων
3562 1205 3664 1269 τῆς

2014 1287 2262 1360 χάριτος’
2293 1281 2437 1341 οὕτω
2492 1282 2552 1341 δὲ
2596 1284 2686 1341 καὶ
2736 1285 2872 1356 αὕτη
2927 1287 3132 1358 συνάξει
3182 1286 3274 1342 καὶ
3304 1287 3659 1360 οἰκειώσεται,

2011 1375 2101 1430 καὶ
2159 1374 2236 1437 εἷς
2290 1376 2390 1445 τὴν
2449 1380 2557 1430 τῶν
2629 1375 2830 1431 τέκνων
2894 1380 3087 1451 μοῖραν
3148 1376 3238 1432 καὶ
3305 1376 3450 1448 τάξιν
3506 1374 3661 1441 αὖθις

2013 1458 2425 1537 ἐγκαταστήσει,
2488 1460 2651 1533 μόνον
2709 1461 2757 1517 εὶ
2814 1463 3146 1538 θρηνήσουσί
3199 1484 3378 1537 ποτε,
3436 1464 3525 1519 καὶ
3579 1464 3660 1543 ἐφ’

2014 1551 2223 1611 ἑαυτοῖς
2251 1550 2281 1605 ’ὀ
2312 1554 2401 1604 νῦν
2434 1552 2599 1624 ἡμεῖς
2655 1549 2939 1628 πάσχομεν
2997 1551 3262 1617 πάθωσιν.
3314 1552 3379 1609 Εἰ
3426 1555 3526 1629 γὰρ
3569 1553 3659 1609 καὶ

2012 1641 2171 1711 ἡμῶν
2205 1638 2609 1711 ἀποκόπτομεν,
2658 1639 2704 1695 εἰ
2760 1640 2850 1695 καὶ
2902 1643 3003 1711 τῆς
3053 1645 3159 1696 τῶν
3212 1636 3443 1697 εὐσεϐῶν
3493 1641 3660 1718 ἐξορί-

2017 1732 2175 1800 ζομεν
2236 1726 2559 1798 Ἐκκλησίας
2595 1775 2609 1801 ,
2669 1729 2715 1784 εί
2764 1734 2833 1804 τῇ
2891 1724 3097 1808 φοϐερᾷ
3145 1731 3234 1786 καὶ
3294 1730 3507 1807 μεγάλῃ
3557 1734 3658 1801 τῆς

2013 1816 2403 1889 ἀκοινωνησίας
2434 1819 2523 1873 καὶ
2572 1817 2991 1896 ἀλλοτριώσεως
3036 1823 3143 1874 τῶν
3178 1817 3478 1896 ὀρθοδόξων
3527 1832 3656 1884 καθ-

2013 1901 2399 1980 υποϐάλλομεν
2458 1903 2719 1981 καταδίκῃ
2752 1953 2766 1979 ,
2826 1907 2934 1983 οὐχ
3007 1908 3081 1971 ὡς
3158 1905 3486 1986 ἐφηδόμενοι
3540 1914 3660 1971 τοῖς

2013 1992 2187 2049 αὐτῶν
2221 1996 2507 2067 παθήμασι
2532 1999 2694 2050 τοῦτο
2743 1993 2982 2073 δρῶμεν,
3034 1993 3148 2052 οὐδ’
3198 1997 3274 2061 ὡς
3302 2001 3372 2072 τῇ
3403 1992 3659 2072 ἀποϐολῇ

2013 2085 2121 2137 τῶν
2179 2079 2385 2159 ἀνδρῶν
2447 2081 2842 2160 ἐπιχαίροντες,
2895 2084 3203 2141 τούναντίον
3266 2087 3361 2159 μὲν
3420 2084 3512 2142 οὖν
3567 2087 3660 2143 καὶ

2018 2170 2329 2245 ἀλγοῦμεν,
2384 2171 2475 2226 καὶ
2526 2172 2602 2235 ὡς
2654 2170 2839 2243 ἀηδῶς
2892 2174 2991 2244 την
3052 2171 3312 2247 διάζευξιν
3372 2175 3604 2254 φέρομεν
3640 2218 3657 2233 .

2017 2259 2171 2328 Πλὴν
2219 2258 2366 2316 ἀλλά
2409 2261 2491 2323 τίς
2531 2264 2681 2335 ἡμᾶς
2726 2261 2932 2337 ἀνάγκη
2984 2261 3071 2318 ἐπὶ
3117 2264 3218 2333 τήν
3267 2266 3456 2340 πρᾶξιν
3493 2262 3660 2337 τήνδε

2018 2354 2157 2404 κινεῖ
2214 2367 2228 2418 ;
2290 2353 2446 2404 Δυοῖν
2504 2353 2719 2413 πάντως
2773 2349 2982 2424 ἕνεκεν,
3040 2357 3136 2408 τοῦ
3203 2375 3263 2408 τε
3322 2350 3672 2425 ὀδυνηθέντας

2021 2437 2219 2501 αὐτούς
2276 2438 2445 2513 ταύτῃ
2489 2440 2579 2494 καὶ
2626 2441 3007 2515 πικρανθέντας
3068 2440 3378 2498 ἐπανελθεῖν
3437 2440 3528 2503 διὰ
3583 2466 3674 2518 με·

2021 2526 2237 2589 τανοίας
2262 2571 2280 2594 ,
2329 2534 2431 2597 τῆς
2480 2527 2740 2592 ἀπονοίας
2782 2530 3186 2607 κατεγνωκότας
3214 2578 3229 2603 ,
3288 2532 3378 2587 καὶ
3431 2537 3499 2607 τῇ
3558 2534 3677 2591 Ἐκ-

2023 2614 2230 2687 κλησίᾳ
2286 2615 2508 2679 ἑαυτοὺς
2578 2618 2992 2689 ἀνασώσασθαι,
3040 2624 3137 2675 τοῦ
3186 2641 3246 2676 τε
3299 2624 3673 2700 σωφρονισθῆ-

2025 2726 2110 2760 ναι
2158 2705 2250 2760 καὶ
2298 2702 2653 2776 παιδευθῆναι
2701 2706 2829 2770 τοὺς
2877 2706 3083 2773 ἄλλους
3131 2708 3390 2785 ἐντεῦθεν,
3438 2712 3514 2785 μή
3561 2710 3677 2769 ἐπι-

2024 2793 2237 2868 τολμᾷν
2281 2816 2413 2850 ποτε
2448 2800 2563 2858 τοῖς
2613 2794 2853 2869 ὁμοίοις,
2897 2794 3029 2870 μηδ’
3059 2796 3354 2876 ἐπιχειρεῖν
3404 2800 3541 2857 κατὰ
3568 2806 3675 2859 τῶν

2027 2881 2286 2954 ἀθίκτων,
2348 2881 2491 2957 μηδὲ
2536 2886 2673 2940 κατὰ
2730 2888 2839 2940 τῶν
2893 2884 3062 2961 ἁγίων
3119 2887 3498 2962 νεανιεύεσθαι,
3560 2893 3670 2964 μή-

260 2973 519 3050 μεγάλην
577 2974 668 3030 καὶ
727 2973 961 3051 ἐπιφανῆ
996 3018 1012 3044 ,
1068 2973 1328 3047 μετανοίᾳ
1382 2974 1470 3029 καὶ
1546 2971 1768 3050 δάκρυσι
1829 2974 1919 3028 καὶ
2028 2994 2147 3035 πως
2178 2972 2321 3028 οὕτω
2367 2974 2753 3050 θρασυνόμενοι
2802 2980 2909 3031 τῶν
2960 2974 3130 3034 αὐτῶν
3157 2973 3407 3052 ἀμοιϐῶν
3444 2979 3580 3036 κατά
3607 2980 3670 3036 τὸ

248 3063 482 3141 ἀσχέτῳ
538 3062 718 3128 πένθει
797 3063 1085 3137 φθάσουσιν
1147 3061 1372 3125 ἑαυτοὺς
1438 3059 1709 3133 ἐξελόντες
1746 3104 1759 3119 .
1820 3062 1919 3117 Καὶ
2032 3059 2340 3139 ὑπόδειγμα
2374 3065 2639 3139 τύχωσιν.

1185 3351 1485 3404 IQANNOI‘
1518 3352 1643 3403 ΤΟΥ
1678 3351 1887 3408 ΧΕΙΛΑ
1922 3350 2459 3410 ΜΗΤΡΟΠΟΛΙΤΟΥ
2495 3354 2768 3407 ΕΦΕΣΟΥ

1522 3442 1700 3494 ΠΡΟΣ
1737 3442 1867 3492 ΤΟΝ
1905 3442 2405 3498 ΔΥΤΟΚΡΔΤΟΡΔ.

324 3590 438 3660 Τήν
511 3585 828 3662 ἐκπόρευσιν
887 3586 1140 3658 ἀκίνητον
1199 3585 1448 3659 ἰδιότητα
1498 3592 1596 3643 τοῦ
1650 3586 1914 3665 παναγίου
1944 3592 1987 3659 ρ
2026 3590 2300 3668 ὑπάρξεως
2349 3595 2445 3647 τοῦ
2475 3589 2743 3666 παναγίου
2786 3590 3101 3665 ΙΙνεύματος
3151 3590 3204 3645 οἱ
3254 3591 3505 3670 θεοφόροι
3553 3600 3667 3652 ΙΙα-

250 3679 576 3751 Πνεύματος
639 3674 780 3732 οἶδεν
832 3678 869 3747 ἡ
912 3677 1070 3746 κοινὴ
1108 3673 1239 3750 δόξα
1277 3683 1381 3747 τῆς
1426 3675 1772 3749 Ἐκκλησίας,
1820 3678 1912 3731 καὶ

254 3765 429 3839 μηδὲν
462 3763 649 3842 ἕτερον
809 3764 981 3838 μόνην
1033 3766 1133 3834 τήν
1187 3766 1249 3821 ἐκ
1292 3769 1391 3821 τοῦ
1440 3765 1649 3841 Πατρὸς
1680 3766 1911 3842 φυσικὴν

246 3856 481 3935 ὕπαρξιν
535 3854 700 3911 αὐτοῦ
762 3855 1191 3931 παριστάνουσαν
1250 3898 1264 3911 .
1325 3855 1393 3909 Τὸ
1468 3858 1595 3930 γοῦν
1671 3851 1908 3925 δοξάζειν

245 3946 337 4001 καὶ
391 3946 627 4023 γράφειν
680 3945 781 4012 τήν
841 3942 1154 4019 ἐκπόρευσιν
1212 3942 1412 4014 ταύτην
1447 3990 1463 4017 ,
1513 3948 1605 3997 νῦν
1669 3944 1763 4017 μέν
1820 3942 1907 3998 ἐπὶ

245 4043 345 4105 τῆς
407 4032 699 4109 θεολογίας
747 4033 845 4101 τὴν
921 4031 1144 4107 ὕπαρξιν
1200 4032 1480 4105 σημαίνειν
1541 4031 1707 4102 αὐτὴν
1744 4076 1758 4101 ,
1815 4037 1906 4088 νῦν

247 4122 305 4179 δὲ
330 4121 401 4178 αὖ
431 4124 535 4191 τήν
586 4120 805 4200 ἔκφασιν
832 4122 933 4191 την
981 4118 1176 4190 αίδιον,
1205 4118 1244 4191 ἥ
1273 4122 1373 4190 τὴν
1418 4118 1712 4196 ἔκλαμψιν,
1742 4118 1780 4191 ἤ
1810 4123 1909 4191 τὴν

250 4213 559 4291 φπέρωσιν
596 4208 948 4289 βλάσφημον,
995 4210 1085 4266 καὶ
1130 4215 1237 4266 τῶν
1285 4210 1665 4268 ἀποστολικῶν
1696 4208 1907 4287 δογμά-

247 4323 352 4358 των
408 4299 715 4377 ἀλλότριον
742 4346 756 4371 ,
814 4300 904 4355 καὶ
962 4301 1113 4376 παρά
1162 4304 1323 4355 τοῦτο
1356 4342 1371 4368 ,
1423 4300 1512 4355 καὶ
1571 4300 1904 4374 ἀναθέματος

246 4390 412 4462 ἀξιον,
445 4388 619 4445 πάλιν
670 4390 761 4445 τὸν
811 4383 1091 4463 προϐολέα
1133 4393 1229 4444 τοῦ
1276 4389 1542 4465 παναγίου
1590 4388 1903 4462 Πνεύματος

248 4479 441 4552 αἴτιον,
500 4480 580 4542 ὡς
637 4480 729 4534 καὶ
782 4480 876 4534 τὸν
927 4479 1225 4554 γεννήτορά
1270 4484 1368 4534 τοῦ
1424 4480 1553 4534 Υίοῦ
1611 4475 1805 4549 αἴτιον,
1864 4481 1899 4549 ἡ

245 4571 401 4639 κοινή
480 4573 594 4624 τῶν
678 4568 931 4644 ΙΙατέρων
1002 4564 1145 4623 οἶδεν
1226 4561 1397 4623 ἔννοια
1459 4568 1548 4623 καὶ
1605 4565 1897 4644 ὁμολογία.

248 4659 387 4735 Πρὸς
423 4655 487 4713 δὲ
513 4657 607 4712 καὶ
652 4658 752 4726 τὴν
798 4651 1084 4733 προϐολὴν
1136 4658 1299 4712 ταυτὸ
1347 4660 1412 4730 τῇ
1443 4656 1756 4732 ἐκπορεύσει
1806 4653 1895 4712 δύ-

247 4750 426 4803 νασθαι
453 4793 470 4818 ,
547 4746 789 4817 καθάπαξ
865 4746 918 4801 οἳ
991 4743 1189 4808 πάντες
1262 4746 1644 4821 γινώσκουσιν.
1702 4748 1759 4800 '0
1820 4749 1895 4821 μὴ

242 4837 418 4892 τοίνυν
473 4834 675 4907 οὕτως,
727 4833 855 4891 ἀλλ’
900 4833 1096 4912 ἑτέρως
1149 4838 1361 4913 φρονῶν
1393 4878 1408 4903 ,
1455 4832 1792 4913 δογματίζων
1841 4858 1899 4893 τε

2020 3681 2171 3758 τέρες
2225 3680 2308 3736 ἀεὶ
2358 3680 2449 3735 καὶ
2505 3684 2734 3748 νοοῦσι,
2791 3678 2881 3735 καὶ
2935 3674 3376 3753 ἐκλαμϐάνουσι,
3426 3683 3668 3762 καθάπερ

2021 3767 2124 3846 ἄρα
2178 3769 2268 3825 καί
2321 3770 2420 3838 τὴν
2480 3767 2791 3846 ἐκπόρευσιν
2844 3769 3010 3837 αὐτὴν
3058 3769 3147 3824 καὶ
3204 3771 3304 3839 τὴν
3359 3765 3664 3846 προϐολήν.

2020 3858 2082 3912 Οἱ
2130 3862 2261 3934 γοῦν
2309 3862 2768 3933 καινοτομοῦντες
2809 3858 2898 3913 καὶ
2945 3856 3146 3929 ταύτην
3194 3855 3261 3928 δή
3310 3858 3408 3931 τήν
3454 3862 3664 3936 φωνὴν,

2016 3946 2108 4000 καὶ
2160 3944 2580 4023 δογματίζοντες
2629 3946 2743 4020 ἅμα
2786 3946 2877 4001 καὶ
2923 3946 3241 4025 γράφοντες,
3290 3948 3368 4011 ὡς
3415 3953 3521 4004 ποῦ
3565 3951 3663 4023 μὲν

2015 4039 2123 4090 τῶν
2176 4040 2401 4113 Γραφῶν
2451 4040 2559 4091 τῶν
2618 4034 2785 4111 ἁγίων
2846 4035 3120 4112 ὑπάρξεώς
3175 4035 3317 4092 ἐστιν
3372 4036 3509 4107 αὑτὴ
3565 4060 3664 4095 πα-

2016 4125 2332 4199 ραστατικὴ,
2383 4128 2490 4179 ποῦ
2549 4121 2608 4180 δὲ
2664 4122 2828 4180 πάλιν
2883 4125 3271 4203 φανερώσεως,
3323 4127 3413 4181 καὶ
3470 4126 3660 4205 ἐκφάν-

2015 4233 2173 4285 σεως,
2204 4213 2294 4269 καὶ
2332 4212 2678 4288 έκλάμψεως,
2721 4218 2828 4269 τῶν
2885 4214 3061 4291 ὀρθῶν
3104 4217 3518 4293 παραχαράκται
3569 4218 3659 4285 καὶ

2015 4302 2162 4358 οὗτοι
2195 4300 2488 4377 δογμάτων
2542 4300 2871 4379 λογίζονται,
2921 4303 3012 4357 καὶ
3053 4309 3154 4373 τῆς
3185 4302 3441 4375 ἀληθείας
3468 4304 3658 4384 πόρῥω

2014 4390 2353 4470 φερόμενοι,
2411 4391 2501 4447 καὶ
2556 4392 2703 4469 παρὰ
2776 4395 2936 4447 τοῦτο
3008 4390 3200 4465 μίσους
3265 4396 3345 4465 τῷ
3399 4386 3514 4448 ὄντι
3567 4396 3658 4450 καὶ

2013 4479 2366 4558 ἀποστροφῆς
2391 4478 2550 4551 ἄξιοι.
2584 4484 2760 4535 Ταῦτα
2810 4478 2984 4542 οὕτως
3043 4476 3184 4534 οἶδεν
3235 4476 3431 4545 ἄνωθεν
3480 4483 3516 4551 ἡ
3563 4487 3661 4539 τοῦ

2010 4574 2145 4625 Θεοῦ
2220 4570 2347 4644 ἁγία
2394 4568 2690 4638 Ἐκκλησία
2743 4574 2957 4646 φρονεῖν
2985 4614 2999 4641 ,
3054 4567 3197 4623 οὕτω
3255 4565 3601 4645 δογματίζειν
3639 4616 3655 4642 ,

2009 4656 2153 4712 οὕτω
2192 4654 2481 4726 διδάσκειν,
2529 4654 2703 4720 οὕτως
2754 4656 3042 4733 ὁμολογεῖν
3078 4679 3091 4691 ·
3141 4661 3309 4713 ταῦτα
3354 4658 3442 4713 καὶ
3489 4661 3654 4733 ἡμεῖς

2008 4746 2151 4802 οὕτω
2209 4752 2421 4825 φρονεῖν
2452 4793 2465 4818 ,
2516 4746 2659 4801 οὕτω
2711 4743 3075 4823 δογματίζειν,
3134 4745 3277 4802 οὕτω
3334 4744 3603 4803 διδάσκειν
3636 4796 3651 4823 ,

2007 4834 2180 4897 οὕτως
2227 4833 2520 4911 ὁμολογεῖν
2570 4834 2817 4891 ἀνέκαθεν
2863 4835 2953 4891 καὶ
3005 4833 3058 4898 ἐς
3107 4832 3264 4912 δεῦρο
3312 4836 3437 4912 παρ’
3484 4835 3652 4909 αὐτῆς

247 4925 331 4980 καὶ
378 4926 648 5003 γράφων,
696 4923 772 4985 ὡς
820 4924 951 4979 ποτὶ
1003 4923 1098 4997 μὶν
1146 4925 1176 4978 ὁ
1217 4918 1524 4998 προϐολεὺς
1588 4925 1680 4979 τὸν
1728 4921 1899 4980 αἴτιον
1928 4963 1975 5028 D
2004 4918 2409 4999 παρελάϐομεν.
2458 4927 2633 4978 Ταῦτα
2681 4922 2771 4978 καὶ
2820 4924 2871 4978 οἱ
2925 4922 3091 4999 μέχρι
3120 4930 3220 4993 τῆς
3268 4926 3361 4978 νῦν
3394 4920 3652 5003 διαφερό-

242 5014 499 5087 σημαίνει
540 5016 645 5068 τοῦ
694 5011 854 5087 ἁγίου
895 5012 1233 5086 ΙΙνεύματος,
1281 5012 1370 5068 καὶ
1416 5015 1451 5083 ἡ
1497 5009 1750 5087 προϐολή
1796 5015 1894 5083 τὴν

242 5100 424 5161 ἐιτοῦ
457 5100 679 5177 Πατρὸς
711 5100 875 5155 αὑτοῦ
922 5103 1150 5179 φυσικὴν
1200 5100 1445 5178 ὕπαρξιν,
1486 5102 1621 5157 ποτὲ
1667 5100 1726 5157 δὲ
1767 5101 1899 5158 ἐκεῖ·

240 5213 331 5253 νος
509 5192 605 5247 τὸν
655 5190 991 5268 φανερωτῂ,
1041 5190 1177 5261 αὕτη
1227 5188 1287 5247 δὲ
1325 5192 1427 5260 τὴν
1476 5187 1651 5246 ἀίδιον
1700 5188 1894 5270 ἔκφαν-

238 5301 339 5355 σιν,
394 5280 436 5350 ἦ
484 5281 591 5350 τήν
643 5277 947 5353 ἔλλαμψιν,
1002 5276 1095 5334 εἴτ’
1153 5280 1246 5336 οὗν
1300 5280 1399 5349 τὴν
1444 5280 1743 5358 φανέρωσιν
1799 5285 1896 5336 τοῦ

237 5370 506 5447 ctu-{£00
563 5367 926 5442 Πνεύματος,
984 5365 1270 5445 πρύδηλος
1350 5367 1684 5448 βλάσφημος
1740 5370 1896 5433 οὗτος

232 5462 370 5531 ἡμῖν
446 5458 539 5515 καὶ
624 5458 924 5536 περιφανής
986 5455 1520 5534 παραδειγματιστῂ
1572 5505 1586 5530 ,
1645 5457 1733 5513 καὶ
1807 5457 1896 5514 διὰ

236 5553 391 5605 τοῦτο
440 5548 535 5605 καὶ
587 5540 877 5615 ἀποϐολῆς
929 5546 1022 5600 καὶ
1082 5544 1459 5623 βδελύγματος
1501 5546 1670 5617 ἄξιος.
1701 5547 1895 5602 Ὡσαύ-

228 5635 459 5700 manui
507 5636 614 5705 τὴν
656 5628 895 5706 πρόοδον
940 5633 1104 5689 πάλιν
1153 5633 1241 5690 ἐπὶ
1286 5638 1385 5691 τοῦ
1427 5633 1695 5709 παναγίου
1726 5633 1894 5691 Ιινεύ-

239 5746 403 5795 ματος
456 5722 906 5805 εὑρισκομένην,
963 5721 1053 5777 καὶ
1110 5724 1509 5800 παραπατικήν
1570 5723 1737 5797 μόνης
1793 5731 1894 5794 τῆς

2010 5034 2158 5086 μενοι
2190 5014 2325 5090 πρὸς
2356 5013 2526 5087 ἡμὰς,
2560 5012 2606 5067 εἰ
2656 5012 2828 5076 οὕτως
2878 5010 3308 5089 ὁμολογήσαιεν,
3358 5014 3501 5087 ὁμοῦ
3549 5015 3647 5088 μὶν

2005 5102 2095 5158 καὶ
2140 5102 2246 5156 ἀπὸ
2294 5100 2581 5175 στόματος,
2635 5101 2777 5174 ὁμοῦ
2827 5098 2885 5156 δὲ
2935 5101 3024 5157 καὶ
3053 5098 3142 5157 διὰ
3170 5101 3534 5178 γραμμάτων,
3581 5104 3651 5160 τὰ

2009 5192 2104 5263 μὲν
2157 5189 2611 5265 ἐνστερνιζόμενοι
2664 5190 2741 5252 ὡς
2801 5189 2937 5267 ὀρθὰ
2993 5188 3278 5263 δηλονότι,
3333 5193 3401 5246 τὰ
3456 5189 3514 5248 δὲ
3570 5191 3647 5256 ὡς

2009 5277 2310 5358 βλάσφημα
2359 5280 2618 5352 ναθέματι
2686 5280 3140 5355 παραπέμποντες
3171 5323 3187 5352 ,
3242 5280 3483 5358 καθάπερ
3556 5281 3646 5337 καὶ

2004 5372 2189 5442 ἡμεῖς,
2240 5370 2456 5444 γνήσιοι
2506 5363 2718 5423 ἔσονται
2767 5370 2902 5443 ἡμῖν
2950 5369 3014 5424 τὸ
3071 5369 3177 5425 ἀπὸ
3222 5366 3382 5425 τοῦδε
3418 5369 3647 5449 ἀδελφοὶ

2002 5458 2091 5513 καὶ
2128 5455 2427 5534 ὀρθόδοξοι,
2484 5456 2574 5512 καὶ
2630 5459 2730 5527 τὴν
2790 5460 2904 5532 μετ’
2962 5458 3135 5514 αὐτῶν
3198 5457 3391 5529 ἐντελῆ
3443 5457 3646 5515 καταλ-

2005 5545 2176 5622 λαγὴν
2229 5546 2319 5601 καὶ
2371 5544 2595 5621 εἰρήνην
2651 5541 2856 5616 ἕξουσιν
2906 5545 3011 5601 ἀπὸ
3066 5543 3291 5623 καρδίας
3339 5546 3646 5621 ἀσπαζομέ-

2001 5655 2125 5696 νους
2154 5634 2324 5707 ἡμὰς·
2358 5633 2404 5689 εἰ
2434 5630 2493 5688 δὲ
2541 5634 2641 5706 μὴ,
2691 5633 2821 5711 ὅπερ
2876 5637 3091 5708 μήποτε
3140 5635 3374 5711 γένοιτο,
3429 5632 3642 5711 οὐδαμῆ

2001 5720 2275 5798 οὐδαμῶς.
