  <div class='ocr_page' id='page_1' title='image "/cluster/home/n/w/nwhite01/storage/ocr_20150623/142/mdp.39015078384792/131.png"; bbox 0 0 4118 6432; ppageno 0'>
   <div class='ocr_carea' id='block_1_1' title="bbox 455 438 576 500">
    <p class='ocr_par' dir='ltr' id='par_1_1' title="bbox 455 438 576 500">
     <span class='ocr_line' id='line_1_1' title="bbox 455 438 576 500; baseline 0.033 -4"><span class='ocrx_word' id='word_1_1' title='bbox 455 438 576 500; x_wconf 76' lang='grc'>247</span> 
     </span>
    </p>
   </div>
   <div class='ocr_carea' id='block_1_2' title="bbox 1483 447 3871 515">
    <p class='ocr_par' dir='ltr' id='par_1_2' title="bbox 1483 447 3871 515">
     <span class='ocr_line' id='line_1_2' title="bbox 1483 447 3871 515; baseline 0.003 -6"><span class='ocrx_word' id='word_1_2' title='bbox 1483 447 1796 509; x_wconf 80' lang='lat' dir='ltr'>GEORGII</span> <span class='ocrx_word' id='word_1_3' title='bbox 1840 447 2107 512; x_wconf 85' lang='lat' dir='ltr'>CYPRII</span> <span class='ocrx_word' id='word_1_4' title='bbox 2149 448 2270 511; x_wconf 83' lang='lat' dir='ltr'>GP.</span> <span class='ocrx_word' id='word_1_5' title='bbox 2320 451 2842 514; x_wconf 78' lang='lat' dir='ltr'>PATRIARCILE</span> <span class='ocrx_word' id='word_1_6' title='bbox 3744 453 3871 515; x_wconf 69' lang='lat'>248</span> 
     </span>
    </p>
   </div>
   <div class='ocr_carea' id='block_1_3' title="bbox 1000 581 3866 607">
    <p class='ocr_par' dir='ltr' id='par_1_3' title="bbox 1000 581 3866 607">
     <span class='ocr_line' id='line_1_3' title="bbox 1000 581 3866 607; baseline 0 -3"><span class='ocrx_word' id='word_1_7' title='bbox 1000 581 3866 607; x_wconf 60' lang='lat' dir='ltr'><strong><em>mm</em></strong></span> 
     </span>
    </p>
   </div>
   <div class='ocr_carea' id='block_1_4' title="bbox 992 764 2149 867">
    <p class='ocr_par' dir='ltr' id='par_1_4' title="bbox 992 764 2149 865">
     <span class='ocr_line' id='line_1_4' title="bbox 992 764 2149 865; baseline 0.003 -4"><span class='ocrx_word' id='word_1_8' title='bbox 992 764 1646 864; x_wconf 87' lang='grc' dir='ltr'>ΟΜΟΛΟΓΙΑ</span> <span class='ocrx_word' id='word_1_9' title='bbox 1724 768 1974 865; x_wconf 85' lang='grc' dir='ltr'>ΤΟΥ</span> <span class='ocrx_word' id='word_1_10' title='bbox 2052 768 2149 864; x_wconf 81' lang='grc' dir='ltr'>Α’</span> 
     </span>
    </p>
   </div>
   <div class='ocr_carea' id='block_1_5' title="bbox 2261 764 3360 867">
    <p class='ocr_par' dir='ltr' id='par_1_5' title="bbox 2261 768 3360 867">
     <span class='ocr_line' id='line_1_5' title="bbox 2261 768 3360 867; baseline 0.002 -2"><span class='ocrx_word' id='word_1_11' title='bbox 2261 768 2471 865; x_wconf 85' lang='grc' dir='ltr'>[ῸΥ</span> <span class='ocrx_word' id='word_1_12' title='bbox 2547 769 3360 867; x_wconf 85' lang='grc' dir='ltr'>ΠΑΤΡΙΑΡΧΟΥ</span> 
     </span>
    </p>
   </div>
   <div class='ocr_carea' id='block_1_6' title="bbox 1325 1021 3036 1153">
    <p class='ocr_par' dir='ltr' id='par_1_6' title="bbox 1325 1021 3036 1153">
     <span class='ocr_line' id='line_1_6' title="bbox 1325 1021 3036 1153; baseline 0.003 -7"><span class='ocrx_word' id='word_1_13' title='bbox 1325 1021 1911 1149; x_wconf 84' lang='grc' dir='ltr'>ΚΥΡΟΥ</span> <span class='ocrx_word' id='word_1_14' title='bbox 2028 1022 3036 1153; x_wconf 86' lang='grc' dir='ltr'>ΓΡΗΓΟΡΙΟΥ</span> 
     </span>
    </p>
   </div>
   <div class='ocr_carea' id='block_1_7' title="bbox 469 1278 3880 1342">
    <p class='ocr_par' dir='ltr' id='par_1_7' title="bbox 469 1278 3880 1342">
     <span class='ocr_line' id='line_1_7' title="bbox 469 1278 3880 1342; baseline 0.003 -12"><span class='ocrx_word' id='word_1_15' title='bbox 469 1278 796 1334; x_wconf 77' lang='grc' dir='ltr'>ΓΕΓΟΝΥΙΑ</span> <span class='ocrx_word' id='word_1_16' title='bbox 861 1281 1076 1332; x_wconf 87' lang='grc' dir='ltr'><strong>ΟΠΟΤΕ</strong></span> <span class='ocrx_word' id='word_1_17' title='bbox 1141 1282 1186 1332; x_wconf 89' lang='grc' dir='ltr'><strong><em>Η</em></strong></span> <span class='ocrx_word' id='word_1_18' title='bbox 1252 1283 1710 1336; x_wconf 83' lang='grc' dir='ltr'>ΕΠΙΣΥΣΤΑΣΙΣ</span> <span class='ocrx_word' id='word_1_19' title='bbox 1782 1285 2040 1335; x_wconf 84' lang='grc' dir='ltr'>ΓΕΓΟΝΕ</span> <span class='ocrx_word' id='word_1_20' title='bbox 2114 1280 2260 1336; x_wconf 77' lang='grc' dir='ltr'>ΚΑΤ’</span> <span class='ocrx_word' id='word_1_21' title='bbox 2332 1283 2550 1337; x_wconf 77' lang='grc' dir='ltr'><strong>ΑΙὝΟΝ</strong></span> <span class='ocrx_word' id='word_1_22' title='bbox 2617 1285 2798 1339; x_wconf 84' lang='grc' dir='ltr'>ΙΙᾹΡΔ</span> <span class='ocrx_word' id='word_1_23' title='bbox 2870 1289 3001 1338; x_wconf 82' lang='grc' dir='ltr'>ΤΩΝ</span> <span class='ocrx_word' id='word_1_24' title='bbox 3069 1285 3414 1340; x_wconf 77' lang='grc' dir='ltr'>ΚΛΗΡΙΚΩΝ</span> <span class='ocrx_word' id='word_1_25' title='bbox 3488 1288 3607 1342; x_wconf 79' lang='grc' dir='ltr'>ΚΔΙ</span> <span class='ocrx_word' id='word_1_26' title='bbox 3679 1291 3880 1341; x_wconf 80' lang='grc' dir='ltr'>ΤΙΝΩΝ</span> 
     </span>
    </p>
   </div>
   <div class='ocr_carea' id='block_1_8' title="bbox 843 1370 3514 1429">
    <p class='ocr_par' dir='ltr' id='par_1_8' title="bbox 843 1370 3514 1429">
     <span class='ocr_line' id='line_1_8' title="bbox 843 1370 3514 1429; baseline 0.003 -8"><span class='ocrx_word' id='word_1_27' title='bbox 843 1370 1224 1422; x_wconf 81' lang='grc' dir='ltr'>ΔΡΧΙΕΡΕΩΝ</span> <span class='ocrx_word' id='word_1_28' title='bbox 1275 1374 1391 1424; x_wconf 81' lang='lat' dir='ltr'>AIA</span> <span class='ocrx_word' id='word_1_29' title='bbox 1436 1373 1519 1422; x_wconf 90' lang='grc' dir='ltr'>ΤΟ</span> <span class='ocrx_word' id='word_1_30' title='bbox 1562 1374 1845 1425; x_wconf 81' lang='grc' dir='ltr'>ΓΡΑΜΜΑ</span> <span class='ocrx_word' id='word_1_31' title='bbox 1894 1374 2017 1422; x_wconf 80' lang='grc' dir='ltr'>ΤΟΥ</span> <span class='ocrx_word' id='word_1_32' title='bbox 2064 1372 2157 1424; x_wconf 86' lang='grc' dir='ltr'>ΕΞ</span> <span class='ocrx_word' id='word_1_33' title='bbox 2200 1372 2492 1427; x_wconf 76' lang='grc' dir='ltr'>ΕΒΡΔΙΩΝ</span> <span class='ocrx_word' id='word_1_34' title='bbox 2533 1377 2822 1427; x_wconf 76' lang='grc' dir='ltr'>ΜΑΛΛΟΝ</span> <span class='ocrx_word' id='word_1_35' title='bbox 2871 1373 2927 1427; x_wconf 91' lang='grc' dir='ltr'>Δ’</span> <span class='ocrx_word' id='word_1_36' title='bbox 2976 1374 3171 1429; x_wconf 78' lang='grc' dir='ltr'><strong>ΙΟΥΔΑ</strong></span> <span class='ocrx_word' id='word_1_37' title='bbox 3224 1377 3514 1428; x_wconf 82' lang='grc' dir='ltr'>ΜΔΡΚΟΥ.</span> 
     </span>
    </p>
   </div>
   <div class='ocr_carea' id='block_1_9' title="bbox 548 1642 3889 1725">
    <p class='ocr_par' dir='ltr' id='par_1_9' title="bbox 548 1642 3889 1725">
     <span class='ocr_line' id='line_1_9' title="bbox 548 1642 3889 1725; baseline 0.001 -24"><span class='ocrx_word' id='word_1_38' title='bbox 548 1647 636 1715; x_wconf 83' lang='grc' dir='ltr'>Μὴ</span> <span class='ocrx_word' id='word_1_39' title='bbox 670 1646 699 1700; x_wconf 92' lang='grc' dir='ltr'>ὁ</span> <span class='ocrx_word' id='word_1_40' title='bbox 729 1645 896 1719; x_wconf 90' lang='grc' dir='ltr'>νόμος</span> <span class='ocrx_word' id='word_1_41' title='bbox 926 1649 1087 1720; x_wconf 82' lang='grc' dir='ltr'>ἡμῶν</span> <span class='ocrx_word' id='word_1_42' title='bbox 1136 1650 1325 1723; x_wconf 86' lang='grc' dir='ltr'>κρίνει,</span> <span class='ocrx_word' id='word_1_43' title='bbox 1381 1647 1534 1723; x_wconf 80' lang='grc' dir='ltr'>φησὶ,</span> <span class='ocrx_word' id='word_1_44' title='bbox 1564 1649 1655 1702; x_wconf 91' lang='grc' dir='ltr'>τὸν</span> <span class='ocrx_word' id='word_1_45' title='bbox 1702 1646 2003 1721; x_wconf 81' lang='grc' dir='ltr'>ἄνθρωπον,</span> <span class='ocrx_word' id='word_1_46' title='bbox 2036 1647 2124 1701; x_wconf 75' lang='grc' dir='ltr'>έάν</span> <span class='ocrx_word' id='word_1_47' title='bbox 2156 1647 2212 1713; x_wconf 75' lang='grc' dir='ltr'><strong>Α</strong></span> <span class='ocrx_word' id='word_1_48' title='bbox 2243 1642 2313 1698; x_wconf 89' lang='grc' dir='ltr'>δι’</span> <span class='ocrx_word' id='word_1_49' title='bbox 2352 1647 2413 1700; x_wconf 82' lang='grc' dir='ltr'>οὗ</span> <span class='ocrx_word' id='word_1_50' title='bbox 2463 1648 2530 1702; x_wconf 75' lang='grc' dir='ltr'>τὰ</span> <span class='ocrx_word' id='word_1_51' title='bbox 2576 1650 2747 1704; x_wconf 80' lang='grc' dir='ltr'>πάννα</span> <span class='ocrx_word' id='word_1_52' title='bbox 2793 1649 3023 1725; x_wconf 80' lang='grc' dir='ltr'>ἐγένετο.</span> <span class='ocrx_word' id='word_1_53' title='bbox 3074 1650 3317 1707; x_wconf 80' lang='grc' dir='ltr'>Πιστεύω</span> <span class='ocrx_word' id='word_1_54' title='bbox 3360 1651 3448 1706; x_wconf 82' lang='grc' dir='ltr'>καὶ</span> <span class='ocrx_word' id='word_1_55' title='bbox 3497 1650 3572 1711; x_wconf 81' lang='grc' dir='ltr'>είς</span> <span class='ocrx_word' id='word_1_56' title='bbox 3612 1651 3674 1704; x_wconf 92' lang='grc' dir='ltr'>τὸ</span> <span class='ocrx_word' id='word_1_57' title='bbox 3723 1650 3889 1705; x_wconf 78' lang='grc' dir='ltr'>πανά-</span> 
     </span>
    </p>
   </div>
   <div class='ocr_carea' id='block_1_10' title="bbox 484 1734 2131 1811">
    <p class='ocr_par' dir='ltr' id='par_1_10' title="bbox 484 1734 2131 1811">
     <span class='ocr_line' id='line_1_10' title="bbox 484 1734 2131 1811; baseline 0 -22"><span class='ocrx_word' id='word_1_58' title='bbox 484 1735 560 1807; x_wconf 86' lang='grc' dir='ltr'>μή</span> <span class='ocrx_word' id='word_1_59' title='bbox 594 1734 798 1809; x_wconf 79' lang='grc' dir='ltr'>ἀκούσῃ</span> <span class='ocrx_word' id='word_1_60' title='bbox 827 1734 1087 1811; x_wconf 88' lang='grc' dir='ltr'>πρότερον</span> <span class='ocrx_word' id='word_1_61' title='bbox 1141 1736 1229 1791; x_wconf 74' lang='grc' dir='ltr'>καὶ</span> <span class='ocrx_word' id='word_1_62' title='bbox 1266 1741 1380 1811; x_wconf 89' lang='grc' dir='ltr'>γνῷ</span> <span class='ocrx_word' id='word_1_63' title='bbox 1426 1737 1480 1791; x_wconf 88' lang='grc' dir='ltr'>τί</span> <span class='ocrx_word' id='word_1_64' title='bbox 1526 1741 1691 1809; x_wconf 87' lang='grc' dir='ltr'>ποιεῖ,</span> <span class='ocrx_word' id='word_1_65' title='bbox 1740 1735 1886 1792; x_wconf 71' lang='grc' dir='ltr'>ἀλλὰ</span> <span class='ocrx_word' id='word_1_66' title='bbox 1931 1736 2021 1791; x_wconf 89' lang='grc' dir='ltr'>καὶ</span> <span class='ocrx_word' id='word_1_67' title='bbox 2072 1735 2131 1790; x_wconf 83' lang='grc' dir='ltr'>έκ</span> 
     </span>
    </p>
   </div>
   <div class='ocr_carea' id='block_1_11' title="bbox 482 1822 2130 1900">
    <p class='ocr_par' dir='ltr' id='par_1_11' title="bbox 482 1822 2130 1900">
     <span class='ocr_line' id='line_1_11' title="bbox 482 1822 2130 1900; baseline 0.001 -23"><span class='ocrx_word' id='word_1_68' title='bbox 482 1827 590 1877; x_wconf 89' lang='grc' dir='ltr'>τῶν</span> <span class='ocrx_word' id='word_1_69' title='bbox 623 1825 814 1878; x_wconf 72' lang='grc' dir='ltr'>ἑαυτοῦ</span> <span class='ocrx_word' id='word_1_70' title='bbox 868 1845 989 1879; x_wconf 92' lang='grc' dir='ltr'>τινα</span> <span class='ocrx_word' id='word_1_71' title='bbox 1041 1822 1217 1900; x_wconf 90' lang='grc' dir='ltr'>λόγων</span> <span class='ocrx_word' id='word_1_72' title='bbox 1279 1823 1637 1893; x_wconf 70' lang='grc' dir='ltr'>δικαιοῦσθαι,</span> <span class='ocrx_word' id='word_1_73' title='bbox 1697 1825 1785 1880; x_wconf 78' lang='grc' dir='ltr'>καὶ</span> <span class='ocrx_word' id='word_1_74' title='bbox 1817 1824 1879 1879; x_wconf 80' lang='grc' dir='ltr'>οῦ</span> <span class='ocrx_word' id='word_1_75' title='bbox 1920 1825 1978 1879; x_wconf 79' lang='grc' dir='ltr'>ἐκ</span> <span class='ocrx_word' id='word_1_76' title='bbox 2004 1824 2130 1879; x_wconf 85' lang='grc' dir='ltr'>τού-</span> 
     </span>
    </p>
   </div>
   <div class='ocr_carea' id='block_1_12' title="bbox 483 1912 2129 1990">
    <p class='ocr_par' dir='ltr' id='par_1_12' title="bbox 483 1912 2129 1990">
     <span class='ocr_line' id='line_1_12' title="bbox 483 1912 2129 1990; baseline 0 -24"><span class='ocrx_word' id='word_1_77' title='bbox 483 1933 592 1967; x_wconf 90' lang='grc' dir='ltr'>των</span> <span class='ocrx_word' id='word_1_78' title='bbox 662 1913 819 1967; x_wconf 90' lang='grc' dir='ltr'>αὐτὸν</span> <span class='ocrx_word' id='word_1_79' title='bbox 876 1914 1328 1990; x_wconf 85' lang='grc' dir='ltr'>κατακρίνεσθαι,</span> <span class='ocrx_word' id='word_1_80' title='bbox 1385 1920 1493 1969; x_wconf 91' lang='grc' dir='ltr'>τῶν</span> <span class='ocrx_word' id='word_1_81' title='bbox 1552 1914 1725 1969; x_wconf 82' lang='grc' dir='ltr'>αὐτῶν</span> <span class='ocrx_word' id='word_1_82' title='bbox 1782 1912 2129 1990; x_wconf 84' lang='grc' dir='ltr'>Εὐαγγελίων</span> 
     </span>
    </p>
   </div>
   <div class='ocr_carea' id='block_1_13' title="bbox 486 2000 2134 2078">
    <p class='ocr_par' dir='ltr' id='par_1_13' title="bbox 486 2000 2134 2078">
     <span class='ocr_line' id='line_1_13' title="bbox 486 2000 2134 2078; baseline 0.002 -23"><span class='ocrx_word' id='word_1_83' title='bbox 486 2002 663 2078; x_wconf 89' lang='grc' dir='ltr'>κρίσις</span> <span class='ocrx_word' id='word_1_84' title='bbox 709 2023 769 2057; x_wconf 90' lang='grc' dir='ltr'>τε</span> <span class='ocrx_word' id='word_1_85' title='bbox 812 2003 901 2057; x_wconf 84' lang='grc' dir='ltr'>καὶ</span> <span class='ocrx_word' id='word_1_86' title='bbox 946 2000 1243 2066; x_wconf 80' lang='grc' dir='ltr'>δικαίωσις.</span> <span class='ocrx_word' id='word_1_87' title='bbox 1298 2004 1394 2058; x_wconf 80' lang='grc' dir='ltr'>Καὶ</span> <span class='ocrx_word' id='word_1_88' title='bbox 1444 2005 1584 2076; x_wconf 79' lang='grc' dir='ltr'>ὑμᾶς</span> <span class='ocrx_word' id='word_1_89' title='bbox 1630 2004 1806 2059; x_wconf 79' lang='grc' dir='ltr'>τοίνυν</span> <span class='ocrx_word' id='word_1_90' title='bbox 1854 2003 1979 2066; x_wconf 75' lang='grc' dir='ltr'>τοὺς</span> <span class='ocrx_word' id='word_1_91' title='bbox 2026 2000 2134 2058; x_wconf 83' lang='grc' dir='ltr'>ὦδε</span> 
     </span>
    </p>
   </div>
   <div class='ocr_carea' id='block_1_14' title="bbox 490 2088 2133 2167">
    <p class='ocr_par' dir='ltr' id='par_1_14' title="bbox 490 2088 2133 2167">
     <span class='ocr_line' id='line_1_14' title="bbox 490 2088 2133 2167; baseline 0.001 -22"><span class='ocrx_word' id='word_1_92' title='bbox 490 2088 996 2167; x_wconf 82' lang='grc' dir='ltr'>συνδεδραμηκότας</span> <span class='ocrx_word' id='word_1_93' title='bbox 1048 2091 1121 2146; x_wconf 60' lang='grc' dir='ltr'>τίν’</span> <span class='ocrx_word' id='word_1_94' title='bbox 1168 2092 1252 2148; x_wconf 82' lang='grc' dir='ltr'>ἐπ’</span> <span class='ocrx_word' id='word_1_95' title='bbox 1301 2088 1543 2165; x_wconf 78' lang='grc' dir='ltr'>εὐσεϐείᾳ</span> <span class='ocrx_word' id='word_1_96' title='bbox 1589 2094 1678 2148; x_wconf 85' lang='grc' dir='ltr'>καὶ</span> <span class='ocrx_word' id='word_1_97' title='bbox 1725 2099 1841 2155; x_wconf 85' lang='grc' dir='ltr'>τοῖς</span> <span class='ocrx_word' id='word_1_98' title='bbox 1888 2100 1987 2162; x_wconf 86' lang='grc' dir='ltr'>τῆς</span> <span class='ocrx_word' id='word_1_99' title='bbox 2042 2091 2133 2146; x_wconf 85' lang='grc' dir='ltr'>πί-</span> 
     </span>
    </p>
   </div>
   <div class='ocr_carea' id='block_1_15' title="bbox 488 2180 2133 2259">
    <p class='ocr_par' dir='ltr' id='par_1_15' title="bbox 488 2180 2133 2259">
     <span class='ocr_line' id='line_1_15' title="bbox 488 2180 2133 2259; baseline 0 -24"><span class='ocrx_word' id='word_1_100' title='bbox 488 2201 655 2235; x_wconf 84' lang='grc' dir='ltr'>στεως</span> <span class='ocrx_word' id='word_1_101' title='bbox 687 2180 784 2254; x_wconf 71' lang='grc' dir='ltr'>ἐμὲ</span> <span class='ocrx_word' id='word_1_102' title='bbox 837 2180 1060 2258; x_wconf 82' lang='grc' dir='ltr'>κρίνητε</span> <span class='ocrx_word' id='word_1_103' title='bbox 1103 2180 1314 2257; x_wconf 83' lang='grc' dir='ltr'>λόγοις,</span> <span class='ocrx_word' id='word_1_104' title='bbox 1378 2183 1619 2255; x_wconf 73' lang='grc' dir='ltr'>μαθητὰς</span> <span class='ocrx_word' id='word_1_105' title='bbox 1652 2182 1951 2259; x_wconf 74' lang='grc' dir='ltr'>αὐχοῦντας</span> <span class='ocrx_word' id='word_1_106' title='bbox 2002 2182 2133 2236; x_wconf 78' lang='grc' dir='ltr'>εἶναι</span> 
     </span>
    </p>
   </div>
   <div class='ocr_carea' id='block_1_16' title="bbox 489 2270 2135 2348">
    <p class='ocr_par' dir='ltr' id='par_1_16' title="bbox 489 2270 2135 2348">
     <span class='ocr_line' id='line_1_16' title="bbox 489 2270 2135 2348; baseline 0 -23"><span class='ocrx_word' id='word_1_107' title='bbox 489 2275 598 2326; x_wconf 93' lang='grc' dir='ltr'>τῶν</span> <span class='ocrx_word' id='word_1_108' title='bbox 628 2270 914 2346; x_wconf 84' lang='grc' dir='ltr'>σωτηρίων</span> <span class='ocrx_word' id='word_1_109' title='bbox 940 2271 1030 2326; x_wconf 90' lang='grc' dir='ltr'>καὶ</span> <span class='ocrx_word' id='word_1_110' title='bbox 1063 2271 1220 2326; x_wconf 80' lang='grc' dir='ltr'>θείων</span> <span class='ocrx_word' id='word_1_111' title='bbox 1250 2271 1431 2347; x_wconf 87' lang='grc' dir='ltr'>λόγων</span> <span class='ocrx_word' id='word_1_112' title='bbox 1471 2272 1703 2342; x_wconf 79' lang='grc' dir='ltr'>ἐκείνων,</span> <span class='ocrx_word' id='word_1_113' title='bbox 1756 2272 1935 2343; x_wconf 86' lang='grc' dir='ltr'>ἀξιοῦν</span> <span class='ocrx_word' id='word_1_114' title='bbox 1984 2276 2135 2348; x_wconf 88' lang='grc' dir='ltr'>πρῶ-</span> 
     </span>
    </p>
   </div>
   <div class='ocr_carea' id='block_1_17' title="bbox 491 2358 2133 2437">
    <p class='ocr_par' dir='ltr' id='par_1_17' title="bbox 491 2358 2133 2437">
     <span class='ocr_line' id='line_1_17' title="bbox 491 2358 2133 2437; baseline -0.001 -21"><span class='ocrx_word' id='word_1_115' title='bbox 491 2381 583 2416; x_wconf 89' lang='grc' dir='ltr'>τον</span> <span class='ocrx_word' id='word_1_116' title='bbox 616 2358 889 2437; x_wconf 89' lang='grc' dir='ltr'>βούλομαι</span> <span class='ocrx_word' id='word_1_117' title='bbox 920 2358 1198 2416; x_wconf 87' lang='grc' dir='ltr'>διακοῦσαι</span> <span class='ocrx_word' id='word_1_118' title='bbox 1246 2366 1353 2416; x_wconf 87' lang='grc' dir='ltr'>τῶν</span> <span class='ocrx_word' id='word_1_119' title='bbox 1397 2360 1543 2435; x_wconf 78' lang='grc' dir='ltr'>ἐμῶν</span> <span class='ocrx_word' id='word_1_120' title='bbox 1592 2362 1821 2416; x_wconf 84' lang='grc' dir='ltr'>τουτωνὶ</span> <span class='ocrx_word' id='word_1_121' title='bbox 1868 2359 2050 2435; x_wconf 90' lang='grc' dir='ltr'>λόγων</span> <span class='ocrx_word' id='word_1_122' title='bbox 2082 2360 2133 2415; x_wconf 79' lang='grc' dir='ltr'>ἐν</span> 
     </span>
    </p>
   </div>
   <div class='ocr_carea' id='block_1_18' title="bbox 494 2448 2135 2526">
    <p class='ocr_par' dir='ltr' id='par_1_18' title="bbox 494 2448 2135 2526">
     <span class='ocr_line' id='line_1_18' title="bbox 494 2448 2135 2526; baseline -0.001 -21"><span class='ocrx_word' id='word_1_123' title='bbox 494 2449 764 2525; x_wconf 83' lang='grc' dir='ltr'>πραότητι</span> <span class='ocrx_word' id='word_1_124' title='bbox 792 2449 1119 2522; x_wconf 87' lang='grc' dir='ltr'>πνεύματος,</span> <span class='ocrx_word' id='word_1_125' title='bbox 1149 2450 1224 2512; x_wconf 87' lang='grc' dir='ltr'>ὡς</span> <span class='ocrx_word' id='word_1_126' title='bbox 1254 2450 1343 2505; x_wconf 82' lang='grc' dir='ltr'>καὶ</span> <span class='ocrx_word' id='word_1_127' title='bbox 1386 2457 1516 2505; x_wconf 77' lang='grc' dir='ltr'>πᾶσι</span> <span class='ocrx_word' id='word_1_128' title='bbox 1567 2451 1660 2523; x_wconf 72' lang='grc' dir='ltr'>μὲν</span> <span class='ocrx_word' id='word_1_129' title='bbox 1708 2457 1823 2512; x_wconf 92' lang='grc' dir='ltr'>τοῖς</span> <span class='ocrx_word' id='word_1_130' title='bbox 1872 2451 1960 2505; x_wconf 83' lang='grc' dir='ltr'>ἐπὶ</span> <span class='ocrx_word' id='word_1_131' title='bbox 2010 2448 2135 2526; x_wconf 88' lang='grc' dir='ltr'>θρό-</span> 
     </span>
    </p>
   </div>
   <div class='ocr_carea' id='block_1_19' title="bbox 494 2536 2136 2619">
    <p class='ocr_par' dir='ltr' id='par_1_19' title="bbox 494 2536 2136 2619">
     <span class='ocr_line' id='line_1_19' title="bbox 494 2536 2136 2619; baseline 0.001 -27"><span class='ocrx_word' id='word_1_132' title='bbox 494 2560 590 2594; x_wconf 92' lang='grc' dir='ltr'>νου</span> <span class='ocrx_word' id='word_1_133' title='bbox 647 2538 875 2616; x_wconf 89' lang='grc' dir='ltr'>κρίσεως</span> <span class='ocrx_word' id='word_1_134' title='bbox 942 2537 1271 2612; x_wconf 82' lang='grc' dir='ltr'>καθημένοις</span> <span class='ocrx_word' id='word_1_135' title='bbox 1330 2538 1651 2619; x_wconf 82' lang='grc' dir='ltr'>ὀφείλεται,</span> <span class='ocrx_word' id='word_1_136' title='bbox 1721 2540 2002 2615; x_wconf 71' lang='grc' dir='ltr'>ἐξαιρέτως</span> <span class='ocrx_word' id='word_1_137' title='bbox 2080 2536 2136 2594; x_wconf 71' lang='grc' dir='ltr'>δὲ</span> 
     </span>
    </p>
   </div>
   <div class='ocr_carea' id='block_1_20' title="bbox 489 2626 2134 2705">
    <p class='ocr_par' dir='ltr' id='par_1_20' title="bbox 489 2626 2134 2705">
     <span class='ocr_line' id='line_1_20' title="bbox 489 2626 2134 2705; baseline -0.001 -22"><span class='ocrx_word' id='word_1_138' title='bbox 489 2634 610 2692; x_wconf 87' lang='grc' dir='ltr'>τοῖς</span> <span class='ocrx_word' id='word_1_139' title='bbox 667 2629 790 2705; x_wconf 84' lang='grc' dir='ltr'>περὶ</span> <span class='ocrx_word' id='word_1_140' title='bbox 847 2633 954 2683; x_wconf 91' lang='grc' dir='ltr'>τῶν</span> <span class='ocrx_word' id='word_1_141' title='bbox 999 2626 1341 2699; x_wconf 72' lang='grc' dir='ltr'>τηλικούτων</span> <span class='ocrx_word' id='word_1_142' title='bbox 1398 2627 1745 2701; x_wconf 74' lang='grc' dir='ltr'>δικάζουσιν,</span> <span class='ocrx_word' id='word_1_143' title='bbox 1798 2628 1981 2684; x_wconf 76' lang='grc' dir='ltr'>ἕπειτά</span> <span class='ocrx_word' id='word_1_144' title='bbox 2041 2651 2134 2701; x_wconf 90' lang='grc' dir='ltr'>μοι</span> 
     </span>
    </p>
   </div>
   <div class='ocr_carea' id='block_1_21' title="bbox 490 2717 2135 2796">
    <p class='ocr_par' dir='ltr' id='par_1_21' title="bbox 490 2717 2135 2796">
     <span class='ocr_line' id='line_1_21' title="bbox 490 2717 2135 2796; baseline 0 -23"><span class='ocrx_word' id='word_1_145' title='bbox 490 2719 591 2787; x_wconf 78' lang='grc' dir='ltr'>τὴν</span> <span class='ocrx_word' id='word_1_146' title='bbox 677 2721 860 2796; x_wconf 78' lang='grc' dir='ltr'>ψῆφον</span> <span class='ocrx_word' id='word_1_147' title='bbox 949 2719 1265 2794; x_wconf 69' lang='grc' dir='ltr'>ἑπενεγκεῖν,</span> <span class='ocrx_word' id='word_1_148' title='bbox 1324 2717 1494 2774; x_wconf 80' lang='grc' dir='ltr'>έκεῖνο</span> <span class='ocrx_word' id='word_1_149' title='bbox 1566 2718 1993 2792; x_wconf 72' lang='grc' dir='ltr'>ἐνθυμουμένους</span> <span class='ocrx_word' id='word_1_150' title='bbox 2061 2720 2135 2780; x_wconf 90' lang='grc' dir='ltr'>ὡς</span> 
     </span>
    </p>
   </div>
   <div class='ocr_carea' id='block_1_22' title="bbox 502 2805 2141 2885">
    <p class='ocr_par' dir='ltr' id='par_1_22' title="bbox 502 2805 2141 2885">
     <span class='ocr_line' id='line_1_22' title="bbox 502 2805 2141 2885; baseline 0 -23"><span class='ocrx_word' id='word_1_151' title='bbox 502 2806 676 2880; x_wconf 83' lang='grc' dir='ltr'>ὁποίῳ</span> <span class='ocrx_word' id='word_1_152' title='bbox 721 2826 806 2869; x_wconf 90' lang='grc' dir='ltr'>τις</span> <span class='ocrx_word' id='word_1_153' title='bbox 850 2805 1074 2883; x_wconf 84' lang='grc' dir='ltr'>κρίματι</span> <span class='ocrx_word' id='word_1_154' title='bbox 1123 2812 1298 2883; x_wconf 89' lang='grc' dir='ltr'>κρινεῖ</span> <span class='ocrx_word' id='word_1_155' title='bbox 1342 2810 1675 2885; x_wconf 78' lang='grc' dir='ltr'>κριθήσεται,</span> <span class='ocrx_word' id='word_1_156' title='bbox 1726 2810 1815 2863; x_wconf 84' lang='grc' dir='ltr'>καὶ</span> <span class='ocrx_word' id='word_1_157' title='bbox 1861 2810 1907 2881; x_wconf 85' lang='grc' dir='ltr'>ᾧ</span> <span class='ocrx_word' id='word_1_158' title='bbox 1959 2808 2141 2883; x_wconf 87' lang='grc' dir='ltr'>μέτρῳ</span> 
     </span>
    </p>
   </div>
   <div class='ocr_carea' id='block_1_23' title="bbox 502 2896 2142 2973">
    <p class='ocr_par' dir='ltr' id='par_1_23' title="bbox 502 2896 2142 2973">
     <span class='ocr_line' id='line_1_23' title="bbox 502 2896 2142 2973; baseline -0.001 -22"><span class='ocrx_word' id='word_1_159' title='bbox 502 2898 777 2973; x_wconf 76' lang='grc' dir='ltr'>μετρήσει,</span> <span class='ocrx_word' id='word_1_160' title='bbox 838 2897 1355 2972; x_wconf 73' lang='grc' dir='ltr'>ἀντιμετρηθήσεται</span> <span class='ocrx_word' id='word_1_161' title='bbox 1407 2897 1571 2969; x_wconf 83' lang='grc' dir='ltr'>αὐτῷ.</span> <span class='ocrx_word' id='word_1_162' title='bbox 1630 2898 1780 2959; x_wconf 73' lang='grc' dir='ltr'>Υινὶς</span> <span class='ocrx_word' id='word_1_163' title='bbox 1840 2896 1897 2952; x_wconf 79' lang='grc' dir='ltr'>δέ</span> <span class='ocrx_word' id='word_1_164' title='bbox 1952 2919 2042 2970; x_wconf 87' lang='grc' dir='ltr'>μοι</span> <span class='ocrx_word' id='word_1_165' title='bbox 2088 2898 2142 2951; x_wconf 76' lang='grc' dir='ltr'>οἱ</span> 
     </span>
    </p>
   </div>
   <div class='ocr_carea' id='block_1_24' title="bbox 2239 1738 3888 1816">
    <p class='ocr_par' dir='ltr' id='par_1_24' title="bbox 2239 1738 3888 1816">
     <span class='ocr_line' id='line_1_24' title="bbox 2239 1738 3888 1816; baseline 0.003 -27"><span class='ocrx_word' id='word_1_166' title='bbox 2239 1756 2358 1809; x_wconf 88' lang='grc' dir='ltr'>γιον</span> <span class='ocrx_word' id='word_1_167' title='bbox 2394 1742 2633 1811; x_wconf 88' lang='grc' dir='ltr'>Ιῐνεῦμα,</span> <span class='ocrx_word' id='word_1_168' title='bbox 2687 1739 2750 1793; x_wconf 85' lang='grc' dir='ltr'>τὸ</span> <span class='ocrx_word' id='word_1_169' title='bbox 2799 1739 2850 1810; x_wconf 76' lang='grc' dir='ltr'>ἐξ</span> <span class='ocrx_word' id='word_1_170' title='bbox 2901 1740 3065 1795; x_wconf 88' lang='grc' dir='ltr'>αὐτοῦ</span> <span class='ocrx_word' id='word_1_171' title='bbox 3113 1745 3211 1795; x_wconf 89' lang='grc' dir='ltr'>τοῦ</span> <span class='ocrx_word' id='word_1_172' title='bbox 3263 1741 3476 1816; x_wconf 86' lang='grc' dir='ltr'>ΙΙατρὸς</span> <span class='ocrx_word' id='word_1_173' title='bbox 3523 1738 3888 1815; x_wconf 73' lang='grc' dir='ltr'>ἐκπορευόμε-</span> 
     </span>
    </p>
   </div>
   <div class='ocr_carea' id='block_1_25' title="bbox 2238 1827 3895 1906">
    <p class='ocr_par' dir='ltr' id='par_1_25' title="bbox 2238 1827 3895 1906">
     <span class='ocr_line' id='line_1_25' title="bbox 2238 1827 3895 1906; baseline 0.002 -26"><span class='ocrx_word' id='word_1_174' title='bbox 2238 1848 2352 1897; x_wconf 89' lang='grc' dir='ltr'>νον,</span> <span class='ocrx_word' id='word_1_175' title='bbox 2382 1827 2445 1881; x_wconf 88' lang='grc' dir='ltr'>τὸ</span> <span class='ocrx_word' id='word_1_176' title='bbox 2476 1828 3059 1903; x_wconf 87' lang='grc' dir='ltr'>συμπροσκυνούμενον</span> <span class='ocrx_word' id='word_1_177' title='bbox 3114 1829 3280 1906; x_wconf 80' lang='grc' dir='ltr'>Ιιατρί</span> <span class='ocrx_word' id='word_1_178' title='bbox 3325 1830 3416 1884; x_wconf 87' lang='grc' dir='ltr'>καὶ</span> <span class='ocrx_word' id='word_1_179' title='bbox 3465 1831 3595 1901; x_wconf 79' lang='grc' dir='ltr'>Υἱῷ,</span> <span class='ocrx_word' id='word_1_180' title='bbox 3646 1829 3722 1891; x_wconf 79' lang='grc' dir='ltr'>ὡς</span> <span class='ocrx_word' id='word_1_181' title='bbox 3769 1851 3895 1884; x_wconf 83' lang='grc' dir='ltr'>συν-</span> 
     </span>
    </p>
   </div>
   <div class='ocr_carea' id='block_1_26' title="bbox 2241 1914 3893 1994">
    <p class='ocr_par' dir='ltr' id='par_1_26' title="bbox 2241 1914 3893 1994">
     <span class='ocr_line' id='line_1_26' title="bbox 2241 1914 3893 1994; baseline 0.002 -24"><span class='ocrx_word' id='word_1_182' title='bbox 2241 1914 2415 1971; x_wconf 83' lang='grc' dir='ltr'>αίδιον</span> <span class='ocrx_word' id='word_1_183' title='bbox 2475 1918 2563 1971; x_wconf 84' lang='grc' dir='ltr'>καὶ</span> <span class='ocrx_word' id='word_1_184' title='bbox 2621 1918 2911 1994; x_wconf 77' lang='grc' dir='ltr'>σύνθρονον</span> <span class='ocrx_word' id='word_1_185' title='bbox 2968 1918 3057 1973; x_wconf 88' lang='grc' dir='ltr'>καὶ</span> <span class='ocrx_word' id='word_1_186' title='bbox 3111 1918 3405 1992; x_wconf 85' lang='grc' dir='ltr'>ὁμοούσιον</span> <span class='ocrx_word' id='word_1_187' title='bbox 3475 1918 3565 1973; x_wconf 77' lang='grc' dir='ltr'>καὶ</span> <span class='ocrx_word' id='word_1_188' title='bbox 3623 1915 3893 1990; x_wconf 79' lang='grc' dir='ltr'>ὁμόδοξον</span> 
     </span>
    </p>
   </div>
   <div class='ocr_carea' id='block_1_27' title="bbox 2241 2004 3898 2083">
    <p class='ocr_par' dir='ltr' id='par_1_27' title="bbox 2241 2004 3898 2083">
     <span class='ocr_line' id='line_1_27' title="bbox 2241 2004 3898 2083; baseline 0.001 -23"><span class='ocrx_word' id='word_1_189' title='bbox 2241 2006 2330 2061; x_wconf 88' lang='grc' dir='ltr'>καὶ</span> <span class='ocrx_word' id='word_1_190' title='bbox 2386 2010 2484 2076; x_wconf 72' lang='grc' dir='ltr'>τῆς</span> <span class='ocrx_word' id='word_1_191' title='bbox 2539 2008 2765 2069; x_wconf 74' lang='grc' dir='ltr'>κτίσεως</span> <span class='ocrx_word' id='word_1_192' title='bbox 2829 2005 3297 2083; x_wconf 86' lang='grc' dir='ltr'>συνδημιουργόν.</span> <span class='ocrx_word' id='word_1_193' title='bbox 3360 2007 3606 2065; x_wconf 86' lang='grc' dir='ltr'>ΙΙιστεύω</span> <span class='ocrx_word' id='word_1_194' title='bbox 3656 2008 3746 2062; x_wconf 91' lang='grc' dir='ltr'>τὸν</span> <span class='ocrx_word' id='word_1_195' title='bbox 3805 2004 3898 2062; x_wconf 75' lang='grc' dir='ltr'>ἕνα</span> 
     </span>
    </p>
   </div>
   <div class='ocr_carea' id='block_1_28' title="bbox 2241 2092 3897 2173">
    <p class='ocr_par' dir='ltr' id='par_1_28' title="bbox 2241 2092 3897 2173">
     <span class='ocr_line' id='line_1_28' title="bbox 2241 2092 3897 2173; baseline -0.001 -23"><span class='ocrx_word' id='word_1_196' title='bbox 2241 2095 2443 2166; x_wconf 89' lang='grc' dir='ltr'>ταύτης</span> <span class='ocrx_word' id='word_1_197' title='bbox 2479 2104 2578 2166; x_wconf 85' lang='grc' dir='ltr'>τῆς</span> <span class='ocrx_word' id='word_1_198' title='bbox 2642 2097 2961 2173; x_wconf 83' lang='grc' dir='ltr'>ὑπερουσίου</span> <span class='ocrx_word' id='word_1_199' title='bbox 3008 2096 3096 2151; x_wconf 79' lang='grc' dir='ltr'>καὶ</span> <span class='ocrx_word' id='word_1_200' title='bbox 3158 2102 3474 2173; x_wconf 73' lang='grc' dir='ltr'>ζωαρχικῆς</span> <span class='ocrx_word' id='word_1_201' title='bbox 3532 2092 3759 2172; x_wconf 81' lang='grc' dir='ltr'>Τριάδος</span> <span class='ocrx_word' id='word_1_202' title='bbox 3802 2095 3897 2150; x_wconf 88' lang='grc' dir='ltr'>τὸν</span> 
     </span>
    </p>
   </div>
   <div class='ocr_carea' id='block_1_29' title="bbox 2249 2181 3903 2261">
    <p class='ocr_par' dir='ltr' id='par_1_29' title="bbox 2249 2181 3903 2261">
     <span class='ocr_line' id='line_1_29' title="bbox 2249 2181 3903 2261; baseline -0.001 -22"><span class='ocrx_word' id='word_1_203' title='bbox 2249 2192 2515 2260; x_wconf 83' lang='grc' dir='ltr'>μονογενῆ</span> <span class='ocrx_word' id='word_1_204' title='bbox 2576 2185 2752 2261; x_wconf 79' lang='grc' dir='ltr'>Λόγον</span> <span class='ocrx_word' id='word_1_205' title='bbox 2782 2229 2796 2253; x_wconf 95' lang='grc'>,</span> <span class='ocrx_word' id='word_1_206' title='bbox 2857 2184 3185 2241; x_wconf 80' lang='grc' dir='ltr'>κατελθόντα</span> <span class='ocrx_word' id='word_1_207' title='bbox 3255 2186 3314 2240; x_wconf 83' lang='grc' dir='ltr'>ἐκ</span> <span class='ocrx_word' id='word_1_208' title='bbox 3366 2190 3473 2241; x_wconf 89' lang='grc' dir='ltr'>τῶν</span> <span class='ocrx_word' id='word_1_209' title='bbox 3523 2184 3763 2259; x_wconf 75' lang='grc' dir='ltr'>οὐρανῶν</span> <span class='ocrx_word' id='word_1_210' title='bbox 3831 2181 3903 2238; x_wconf 86' lang='grc' dir='ltr'>δι’</span> 
     </span>
    </p>
   </div>
   <div class='ocr_carea' id='block_1_30' title="bbox 2244 2272 3902 2351">
    <p class='ocr_par' dir='ltr' id='par_1_30' title="bbox 2244 2272 3902 2351">
     <span class='ocr_line' id='line_1_30' title="bbox 2244 2272 3902 2351; baseline -0.001 -22"><span class='ocrx_word' id='word_1_211' title='bbox 2244 2278 2392 2347; x_wconf 73' lang='grc' dir='ltr'>ἡμᾶς</span> <span class='ocrx_word' id='word_1_212' title='bbox 2450 2274 2576 2337; x_wconf 71' lang='grc' dir='ltr'>τοὺς</span> <span class='ocrx_word' id='word_1_213' title='bbox 2623 2276 2942 2351; x_wconf 82' lang='grc' dir='ltr'>ἀνθρώπους</span> <span class='ocrx_word' id='word_1_214' title='bbox 2993 2275 3083 2329; x_wconf 81' lang='grc' dir='ltr'>καὶ</span> <span class='ocrx_word' id='word_1_215' title='bbox 3135 2272 3225 2329; x_wconf 77' lang='grc' dir='ltr'>διὰ</span> <span class='ocrx_word' id='word_1_216' title='bbox 3252 2277 3350 2344; x_wconf 73' lang='grc' dir='ltr'>τήν</span> <span class='ocrx_word' id='word_1_217' title='bbox 3401 2273 3667 2349; x_wconf 74' lang='grc' dir='ltr'>ἡμετέραν</span> <span class='ocrx_word' id='word_1_218' title='bbox 3717 2294 3902 2343; x_wconf 89' lang='grc' dir='ltr'>σωτη-</span> 
     </span>
    </p>
   </div>
   <div class='ocr_carea' id='block_1_31' title="bbox 2248 2362 3900 2441">
    <p class='ocr_par' dir='ltr' id='par_1_31' title="bbox 2248 2362 3900 2441">
     <span class='ocr_line' id='line_1_31' title="bbox 2248 2362 3900 2441; baseline -0.001 -23"><span class='ocrx_word' id='word_1_219' title='bbox 2248 2364 2387 2441; x_wconf 87' lang='grc' dir='ltr'>ρίαν,</span> <span class='ocrx_word' id='word_1_220' title='bbox 2444 2372 2787 2439; x_wconf 82' lang='grc' dir='ltr'>σαρκωθῆναι</span> <span class='ocrx_word' id='word_1_221' title='bbox 2838 2364 2897 2420; x_wconf 81' lang='grc' dir='ltr'>ἐκ</span> <span class='ocrx_word' id='word_1_222' title='bbox 2954 2364 3272 2438; x_wconf 71' lang='grc' dir='ltr'>Ιινεύματος</span> <span class='ocrx_word' id='word_1_223' title='bbox 3328 2363 3484 2439; x_wconf 81' lang='grc' dir='ltr'>ἁγίου</span> <span class='ocrx_word' id='word_1_224' title='bbox 3539 2363 3630 2417; x_wconf 76' lang='grc' dir='ltr'>καὶ</span> <span class='ocrx_word' id='word_1_225' title='bbox 3689 2362 3900 2438; x_wconf 84' lang='grc' dir='ltr'>Μαρίας</span> 
     </span>
    </p>
   </div>
   <div class='ocr_carea' id='block_1_32' title="bbox 2244 2447 3903 2529">
    <p class='ocr_par' dir='ltr' id='par_1_32' title="bbox 2244 2447 3903 2529">
     <span class='ocr_line' id='line_1_32' title="bbox 2244 2447 3903 2529; baseline -0.003 -21"><span class='ocrx_word' id='word_1_226' title='bbox 2244 2461 2345 2522; x_wconf 83' lang='grc' dir='ltr'>τῆς</span> <span class='ocrx_word' id='word_1_227' title='bbox 2394 2453 2688 2529; x_wconf 76' lang='grc' dir='ltr'>Παρθένου,</span> <span class='ocrx_word' id='word_1_228' title='bbox 2738 2453 2829 2508; x_wconf 90' lang='grc' dir='ltr'>καὶ</span> <span class='ocrx_word' id='word_1_229' title='bbox 2879 2452 3320 2529; x_wconf 83' lang='grc' dir='ltr'>ένανθρωπῆσαι,</span> <span class='ocrx_word' id='word_1_230' title='bbox 3360 2451 3634 2506; x_wconf 81' lang='grc' dir='ltr'>τουτέστιν</span> <span class='ocrx_word' id='word_1_231' title='bbox 3690 2447 3903 2525; x_wconf 82' lang='grc' dir='ltr'>ἄνθρω-</span> 
     </span>
    </p>
   </div>
   <div class='ocr_carea' id='block_1_33' title="bbox 2249 2536 3903 2618">
    <p class='ocr_par' dir='ltr' id='par_1_33' title="bbox 2249 2536 3903 2618">
     <span class='ocr_line' id='line_1_33' title="bbox 2249 2536 3903 2618; baseline -0.004 -20"><span class='ocrx_word' id='word_1_232' title='bbox 2249 2565 2348 2599; x_wconf 89' lang='grc' dir='ltr'>πον</span> <span class='ocrx_word' id='word_1_233' title='bbox 2404 2543 2613 2598; x_wconf 83' lang='grc' dir='ltr'>τέλειον</span> <span class='ocrx_word' id='word_1_234' title='bbox 2670 2542 2933 2618; x_wconf 84' lang='grc' dir='ltr'>γενέσθαι,</span> <span class='ocrx_word' id='word_1_235' title='bbox 2997 2543 3223 2614; x_wconf 81' lang='grc' dir='ltr'>μένοντα</span> <span class='ocrx_word' id='word_1_236' title='bbox 3250 2540 3401 2612; x_wconf 85' lang='grc' dir='ltr'>Θεὸν,</span> <span class='ocrx_word' id='word_1_237' title='bbox 3443 2538 3533 2595; x_wconf 87' lang='grc' dir='ltr'>καὶ</span> <span class='ocrx_word' id='word_1_238' title='bbox 3584 2536 3751 2613; x_wconf 73' lang='grc' dir='ltr'>μηδὲν</span> <span class='ocrx_word' id='word_1_239' title='bbox 3805 2559 3903 2612; x_wconf 82' lang='grc' dir='ltr'>με·</span> 
     </span>
    </p>
   </div>
   <div class='ocr_carea' id='block_1_34' title="bbox 2248 2627 3904 2705">
    <p class='ocr_par' dir='ltr' id='par_1_34' title="bbox 2248 2627 3904 2705">
     <span class='ocr_line' id='line_1_34' title="bbox 2248 2627 3904 2705; baseline -0.004 -18"><span class='ocrx_word' id='word_1_240' title='bbox 2248 2627 2555 2688; x_wconf 85' lang='grc' dir='ltr'>ταϐαλόντα</span> <span class='ocrx_word' id='word_1_241' title='bbox 2609 2639 2708 2701; x_wconf 82' lang='grc' dir='ltr'>τῆς</span> <span class='ocrx_word' id='word_1_242' title='bbox 2781 2631 2925 2693; x_wconf 89' lang='grc' dir='ltr'>θείας</span> <span class='ocrx_word' id='word_1_243' title='bbox 2984 2629 3168 2692; x_wconf 78' lang='grc' dir='ltr'>οὐσίας</span> <span class='ocrx_word' id='word_1_244' title='bbox 3229 2628 3318 2685; x_wconf 77' lang='grc' dir='ltr'>διὰ</span> <span class='ocrx_word' id='word_1_245' title='bbox 3377 2630 3475 2697; x_wconf 80' lang='grc' dir='ltr'>την</span> <span class='ocrx_word' id='word_1_246' title='bbox 3534 2628 3671 2705; x_wconf 88' lang='grc' dir='ltr'>πρὸς</span> <span class='ocrx_word' id='word_1_247' title='bbox 3729 2628 3904 2703; x_wconf 84' lang='grc' dir='ltr'>σάρκα</span> 
     </span>
    </p>
   </div>
   <div class='ocr_carea' id='block_1_35' title="bbox 2249 2716 3906 2793">
    <p class='ocr_par' dir='ltr' id='par_1_35' title="bbox 2249 2716 3906 2793">
     <span class='ocr_line' id='line_1_35' title="bbox 2249 2716 3906 2793; baseline -0.004 -16"><span class='ocrx_word' id='word_1_248' title='bbox 2249 2721 2556 2788; x_wconf 90' lang='grc' dir='ltr'>κοινωνίαν,</span> <span class='ocrx_word' id='word_1_249' title='bbox 2598 2721 2632 2789; x_wconf 70' lang='grc' dir='ltr'>ἢ</span> <span class='ocrx_word' id='word_1_250' title='bbox 2678 2718 3077 2788; x_wconf 87' lang='grc' dir='ltr'>ἀλλοιώσαντα,</span> <span class='ocrx_word' id='word_1_251' title='bbox 3126 2716 3252 2774; x_wconf 83' lang='grc' dir='ltr'>ἀλλ’</span> <span class='ocrx_word' id='word_1_252' title='bbox 3302 2716 3425 2774; x_wconf 80' lang='grc' dir='ltr'>ἄνευ</span> <span class='ocrx_word' id='word_1_253' title='bbox 3469 2724 3679 2793; x_wconf 84' lang='grc' dir='ltr'>τροπῆς</span> <span class='ocrx_word' id='word_1_254' title='bbox 3732 2736 3906 2791; x_wconf 87' lang='grc' dir='ltr'>προσ-</span> 
     </span>
    </p>
   </div>
   <div class='ocr_carea' id='block_1_36' title="bbox 2251 2805 3903 2888">
    <p class='ocr_par' dir='ltr' id='par_1_36' title="bbox 2251 2805 3903 2888">
     <span class='ocr_line' id='line_1_36' title="bbox 2251 2805 3903 2888; baseline -0.004 -23"><span class='ocrx_word' id='word_1_255' title='bbox 2251 2809 2516 2888; x_wconf 81' lang='grc' dir='ltr'>ειληφότα</span> <span class='ocrx_word' id='word_1_256' title='bbox 2561 2809 2653 2864; x_wconf 85' lang='grc' dir='ltr'>τὸν</span> <span class='ocrx_word' id='word_1_257' title='bbox 2701 2806 2999 2886; x_wconf 84' lang='grc' dir='ltr'>ἄνθρωπον,</span> <span class='ocrx_word' id='word_1_258' title='bbox 3046 2808 3096 2863; x_wconf 78' lang='grc' dir='ltr'>ἐν</span> <span class='ocrx_word' id='word_1_259' title='bbox 3129 2808 3275 2880; x_wconf 87' lang='grc' dir='ltr'>αὐτῷ</span> <span class='ocrx_word' id='word_1_260' title='bbox 3302 2828 3361 2863; x_wconf 91' lang='grc' dir='ltr'>τε</span> <span class='ocrx_word' id='word_1_261' title='bbox 3402 2807 3575 2869; x_wconf 80' lang='grc' dir='ltr'>πάθος</span> <span class='ocrx_word' id='word_1_262' title='bbox 3603 2805 3692 2861; x_wconf 84' lang='grc' dir='ltr'>καὶ</span> <span class='ocrx_word' id='word_1_263' title='bbox 3741 2826 3903 2885; x_wconf 78' lang='grc' dir='ltr'>σταυ-</span> 
     </span>
    </p>
   </div>
   <div class='ocr_carea' id='block_1_37' title="bbox 2251 2895 3905 2976">
    <p class='ocr_par' dir='ltr' id='par_1_37' title="bbox 2251 2895 3905 2976">
     <span class='ocr_line' id='line_1_37' title="bbox 2251 2895 3905 2976; baseline -0.004 -21"><span class='ocrx_word' id='word_1_264' title='bbox 2251 2902 2342 2976; x_wconf 88' lang='grc' dir='ltr'>ρὸν</span> <span class='ocrx_word' id='word_1_265' title='bbox 2410 2899 2498 2954; x_wconf 85' lang='grc' dir='ltr'>καὶ</span> <span class='ocrx_word' id='word_1_266' title='bbox 2573 2898 2796 2953; x_wconf 77' lang='grc' dir='ltr'>θάνατον</span> <span class='ocrx_word' id='word_1_267' title='bbox 2856 2900 3193 2971; x_wconf 82' lang='grc' dir='ltr'>ὑπομεῖναι,</span> <span class='ocrx_word' id='word_1_268' title='bbox 3258 2897 3349 2951; x_wconf 84' lang='grc' dir='ltr'>τὸν</span> <span class='ocrx_word' id='word_1_269' title='bbox 3424 2896 3625 2957; x_wconf 88' lang='grc' dir='ltr'>παντὸς</span> <span class='ocrx_word' id='word_1_270' title='bbox 3700 2895 3905 2957; x_wconf 85' lang='grc' dir='ltr'>πάθους</span> 
     </span>
    </p>
   </div>
   <div class='ocr_carea' id='block_1_38' title="bbox 497 2984 3905 3078">
    <p class='ocr_par' dir='ltr' id='par_1_38' title="bbox 497 2984 3905 3078">
     <span class='ocr_line' id='line_1_38' title="bbox 497 2984 3905 3078; baseline -0.002 -36"><span class='ocrx_word' id='word_1_271' title='bbox 497 2984 652 3062; x_wconf 87' lang='grc' dir='ltr'>λόγοι</span> <span class='ocrx_word' id='word_1_272' title='bbox 683 2984 807 3062; x_wconf 90' lang='grc' dir='ltr'>περὶ</span> <span class='ocrx_word' id='word_1_273' title='bbox 859 2986 933 3039; x_wconf 83' lang='grc' dir='ltr'>ὧν</span> <span class='ocrx_word' id='word_1_274' title='bbox 995 2985 1133 3058; x_wconf 78' lang='grc' dir='ltr'>ὑμᾶς</span> <span class='ocrx_word' id='word_1_275' title='bbox 1194 2986 1325 3056; x_wconf 86' lang='grc' dir='ltr'>ἀξιῶ</span> <span class='ocrx_word' id='word_1_276' title='bbox 1380 2988 1565 3062; x_wconf 83' lang='grc' dir='ltr'>πράως</span> <span class='ocrx_word' id='word_1_277' title='bbox 1624 2984 1847 3062; x_wconf 78' lang='grc' dir='ltr'>ἔχοντας</span> <span class='ocrx_word' id='word_1_278' title='bbox 1903 2986 2139 3057; x_wconf 89' lang='grc' dir='ltr'>ἀκούειν,</span> <span class='ocrx_word' id='word_1_279' title='bbox 2175 3013 2224 3078; x_wconf 81' lang='grc' dir='ltr'><strong>Β</strong></span> <span class='ocrx_word' id='word_1_280' title='bbox 2254 2988 2387 3043; x_wconf 85' lang='grc' dir='ltr'>κατά</span> <span class='ocrx_word' id='word_1_281' title='bbox 2441 2988 2541 3056; x_wconf 74' lang='grc' dir='ltr'>τὴν</span> <span class='ocrx_word' id='word_1_282' title='bbox 2599 2987 2738 3051; x_wconf 83' lang='grc' dir='ltr'>θείαν</span> <span class='ocrx_word' id='word_1_283' title='bbox 2789 2985 2944 3064; x_wconf 82' lang='grc' dir='ltr'>φύσιν</span> <span class='ocrx_word' id='word_1_284' title='bbox 3005 2985 3309 3062; x_wconf 83' lang='grc' dir='ltr'>ἐλεύθερον’</span> <span class='ocrx_word' id='word_1_285' title='bbox 3359 2985 3450 3040; x_wconf 84' lang='grc' dir='ltr'>καὶ</span> <span class='ocrx_word' id='word_1_286' title='bbox 3500 2985 3790 3053; x_wconf 81' lang='grc' dir='ltr'>ἀναστῆναι</span> <span class='ocrx_word' id='word_1_287' title='bbox 3836 2986 3905 3056; x_wconf 81' lang='grc' dir='ltr'>τῇ</span> 
     </span>
    </p>
   </div>
   <div class='ocr_carea' id='block_1_39' title="bbox 500 3072 2146 3153">
    <p class='ocr_par' dir='ltr' id='par_1_39' title="bbox 500 3072 2146 3153">
     <span class='ocr_line' id='line_1_39' title="bbox 500 3072 2146 3153; baseline 0.001 -24"><span class='ocrx_word' id='word_1_288' title='bbox 500 3075 639 3148; x_wconf 92' lang='grc' dir='ltr'>ὁμοῦ</span> <span class='ocrx_word' id='word_1_289' title='bbox 692 3072 750 3129; x_wconf 73' lang='grc' dir='ltr'>δὲ</span> <span class='ocrx_word' id='word_1_290' title='bbox 795 3074 885 3130; x_wconf 87' lang='grc' dir='ltr'>καὶ</span> <span class='ocrx_word' id='word_1_291' title='bbox 932 3074 1324 3151; x_wconf 69' lang='grc' dir='ltr'>προσέχοντας,</span> <span class='ocrx_word' id='word_1_292' title='bbox 1377 3076 1581 3153; x_wconf 78' lang='grc' dir='ltr'>οἱπερὶ</span> <span class='ocrx_word' id='word_1_293' title='bbox 1630 3098 1728 3145; x_wconf 88' lang='grc' dir='ltr'>της</span> <span class='ocrx_word' id='word_1_294' title='bbox 1777 3077 2008 3138; x_wconf 89' lang='grc' dir='ltr'>πίστεως</span> <span class='ocrx_word' id='word_1_295' title='bbox 2056 3075 2146 3130; x_wconf 87' lang='grc' dir='ltr'>αὐ-</span> 
     </span>
    </p>
   </div>
   <div class='ocr_carea' id='block_1_40' title="bbox 498 3162 2146 3242">
    <p class='ocr_par' dir='ltr' id='par_1_40' title="bbox 498 3162 2146 3242">
     <span class='ocr_line' id='line_1_40' title="bbox 498 3162 2146 3242; baseline 0 -23"><span class='ocrx_word' id='word_1_296' title='bbox 498 3172 620 3234; x_wconf 83' lang='grc' dir='ltr'>τῆς,</span> <span class='ocrx_word' id='word_1_297' title='bbox 678 3164 769 3226; x_wconf 76' lang='grc' dir='ltr'>οὓς</span> <span class='ocrx_word' id='word_1_298' title='bbox 826 3163 915 3219; x_wconf 86' lang='grc' dir='ltr'>καὶ</span> <span class='ocrx_word' id='word_1_299' title='bbox 963 3162 1133 3219; x_wconf 81' lang='grc' dir='ltr'>πάλαι</span> <span class='ocrx_word' id='word_1_300' title='bbox 1187 3165 1281 3237; x_wconf 77' lang='grc' dir='ltr'>μὶν</span> <span class='ocrx_word' id='word_1_301' title='bbox 1328 3167 1673 3239; x_wconf 77' lang='grc' dir='ltr'>πεποιήμεθα</span> <span class='ocrx_word' id='word_1_302' title='bbox 1711 3167 1848 3242; x_wconf 90' lang='grc' dir='ltr'>πρὸς</span> <span class='ocrx_word' id='word_1_303' title='bbox 1878 3166 2016 3239; x_wconf 78' lang='grc' dir='ltr'>ὑμᾶς</span> <span class='ocrx_word' id='word_1_304' title='bbox 2055 3164 2146 3220; x_wconf 76' lang='grc' dir='ltr'>καί</span> 
     </span>
    </p>
   </div>
   <div class='ocr_carea' id='block_1_41' title="bbox 498 3252 2142 3330">
    <p class='ocr_par' dir='ltr' id='par_1_41' title="bbox 498 3252 2142 3330">
     <span class='ocr_line' id='line_1_41' title="bbox 498 3252 2142 3330; baseline 0 -23"><span class='ocrx_word' id='word_1_305' title='bbox 498 3255 596 3323; x_wconf 75' lang='grc' dir='ltr'>τὴν</span> <span class='ocrx_word' id='word_1_306' title='bbox 657 3260 756 3323; x_wconf 90' lang='grc' dir='ltr'>τῆς</span> <span class='ocrx_word' id='word_1_307' title='bbox 799 3252 1095 3330; x_wconf 84' lang='grc' dir='ltr'>ὀρθότητος</span> <span class='ocrx_word' id='word_1_308' title='bbox 1155 3252 1327 3307; x_wconf 86' lang='grc' dir='ltr'>αὐτῶν</span> <span class='ocrx_word' id='word_1_309' title='bbox 1406 3253 1504 3308; x_wconf 84' lang='grc' dir='ltr'>οὐκ</span> <span class='ocrx_word' id='word_1_310' title='bbox 1571 3255 1765 3329; x_wconf 82' lang='grc' dir='ltr'>ἀγεννῆ</span> <span class='ocrx_word' id='word_1_311' title='bbox 1849 3255 2142 3330; x_wconf 87' lang='grc' dir='ltr'>μαρτυρίαν</span> 
     </span>
    </p>
   </div>
   <div class='ocr_carea' id='block_1_42' title="bbox 500 3338 2143 3416">
    <p class='ocr_par' dir='ltr' id='par_1_42' title="bbox 500 3338 2143 3416">
     <span class='ocr_line' id='line_1_42' title="bbox 500 3338 2143 3416; baseline -0.001 -18"><span class='ocrx_word' id='word_1_312' title='bbox 500 3341 891 3416; x_wconf 79' lang='grc' dir='ltr'>έκομισάμεθα,</span> <span class='ocrx_word' id='word_1_313' title='bbox 950 3341 1039 3396; x_wconf 87' lang='grc' dir='ltr'>καὶ</span> <span class='ocrx_word' id='word_1_314' title='bbox 1095 3345 1187 3396; x_wconf 91' lang='grc' dir='ltr'>νῦν</span> <span class='ocrx_word' id='word_1_315' title='bbox 1247 3338 1305 3396; x_wconf 76' lang='grc' dir='ltr'>δὲ</span> <span class='ocrx_word' id='word_1_316' title='bbox 1366 3342 1672 3414; x_wconf 77' lang='grc' dir='ltr'>ποιούμεθα</span> <span class='ocrx_word' id='word_1_317' title='bbox 1704 3341 1945 3415; x_wconf 84' lang='grc' dir='ltr'>,ἐπειδή</span> <span class='ocrx_word' id='word_1_318' title='bbox 2004 3364 2143 3397; x_wconf 91' lang='grc' dir='ltr'>τισιν</span> 
     </span>
    </p>
   </div>
   <div class='ocr_carea' id='block_1_43' title="bbox 500 3427 2144 3509">
    <p class='ocr_par' dir='ltr' id='par_1_43' title="bbox 500 3427 2144 3509">
     <span class='ocr_line' id='line_1_43' title="bbox 500 3427 2144 3509; baseline -0.001 -22"><span class='ocrx_word' id='word_1_319' title='bbox 500 3429 689 3493; x_wconf 82' lang='grc' dir='ltr'>ἄλλως</span> <span class='ocrx_word' id='word_1_320' title='bbox 728 3427 874 3501; x_wconf 79' lang='grc' dir='ltr'>ἔδοξε</span> <span class='ocrx_word' id='word_1_321' title='bbox 905 3427 1053 3500; x_wconf 82' lang='grc' dir='ltr'>δόξαι</span> <span class='ocrx_word' id='word_1_322' title='bbox 1082 3431 1206 3505; x_wconf 84' lang='grc' dir='ltr'>περὶ</span> <span class='ocrx_word' id='word_1_323' title='bbox 1254 3433 1437 3503; x_wconf 82' lang='grc' dir='ltr'>ἡμῶν,</span> <span class='ocrx_word' id='word_1_324' title='bbox 1468 3439 1567 3500; x_wconf 88' lang='grc' dir='ltr'>τῆς</span> <span class='ocrx_word' id='word_1_325' title='bbox 1616 3431 1739 3509; x_wconf 82' lang='grc' dir='ltr'>περὶ</span> <span class='ocrx_word' id='word_1_326' title='bbox 1788 3435 1936 3505; x_wconf 79' lang='grc' dir='ltr'>ἡμᾶς</span> <span class='ocrx_word' id='word_1_327' title='bbox 1966 3431 2144 3507; x_wconf 84' lang='grc' dir='ltr'>κρείτ-</span> 
     </span>
    </p>
   </div>
   <div class='ocr_carea' id='block_1_44' title="bbox 497 3513 2148 3597">
    <p class='ocr_par' dir='ltr' id='par_1_44' title="bbox 497 3513 2148 3597">
     <span class='ocr_line' id='line_1_44' title="bbox 497 3513 2148 3597; baseline 0.001 -23"><span class='ocrx_word' id='word_1_328' title='bbox 497 3541 654 3583; x_wconf 90' lang='grc' dir='ltr'>τονος</span> <span class='ocrx_word' id='word_1_329' title='bbox 704 3513 1160 3591; x_wconf 89' lang='grc' dir='ltr'>διαϐεϐλημένοις</span> <span class='ocrx_word' id='word_1_330' title='bbox 1220 3515 1403 3590; x_wconf 87' lang='grc' dir='ltr'>δόξης,</span> <span class='ocrx_word' id='word_1_331' title='bbox 1465 3520 1571 3597; x_wconf 79' lang='grc' dir='ltr'>οὐχ</span> <span class='ocrx_word' id='word_1_332' title='bbox 1622 3523 1780 3593; x_wconf 80' lang='grc' dir='ltr'>ἡμῶν</span> <span class='ocrx_word' id='word_1_333' title='bbox 1843 3521 2148 3595; x_wconf 81' lang='grc' dir='ltr'>μετατεθέν-</span> 
     </span>
    </p>
   </div>
   <div class='ocr_carea' id='block_1_45' title="bbox 498 3608 2144 3685">
    <p class='ocr_par' dir='ltr' id='par_1_45' title="bbox 498 3608 2144 3685">
     <span class='ocr_line' id='line_1_45' title="bbox 498 3608 2144 3685; baseline -0.001 -21"><span class='ocrx_word' id='word_1_334' title='bbox 498 3631 629 3682; x_wconf 89' lang='grc' dir='ltr'>των,</span> <span class='ocrx_word' id='word_1_335' title='bbox 667 3610 741 3682; x_wconf 78' lang='grc' dir='ltr'>μὴ</span> <span class='ocrx_word' id='word_1_336' title='bbox 772 3608 1005 3684; x_wconf 83' lang='grc' dir='ltr'>γένοιτο,</span> <span class='ocrx_word' id='word_1_337' title='bbox 1053 3615 1152 3678; x_wconf 80' lang='grc' dir='ltr'>τῆς</span> <span class='ocrx_word' id='word_1_338' title='bbox 1200 3608 1327 3685; x_wconf 85' lang='grc' dir='ltr'>περὶ</span> <span class='ocrx_word' id='word_1_339' title='bbox 1381 3614 1535 3681; x_wconf 90' lang='grc' dir='ltr'>Θεοῦ,</span> <span class='ocrx_word' id='word_1_340' title='bbox 1585 3614 1681 3664; x_wconf 90' lang='grc' dir='ltr'>τοῦ</span> <span class='ocrx_word' id='word_1_341' title='bbox 1729 3610 1831 3685; x_wconf 74' lang='grc' dir='ltr'>γὰρ</span> <span class='ocrx_word' id='word_1_342' title='bbox 1881 3609 2144 3685; x_wconf 81' lang='grc' dir='ltr'>ἐγκρίνειν</span> 
     </span>
    </p>
   </div>
   <div class='ocr_carea' id='block_1_46' title="bbox 499 3691 2144 3775">
    <p class='ocr_par' dir='ltr' id='par_1_46' title="bbox 499 3691 2144 3775">
     <span class='ocr_line' id='line_1_46' title="bbox 499 3691 2144 3775; baseline 0 -23"><span class='ocrx_word' id='word_1_343' title='bbox 499 3701 569 3772; x_wconf 75' lang='grc' dir='ltr'>τῇ</span> <span class='ocrx_word' id='word_1_344' title='bbox 602 3691 840 3768; x_wconf 82' lang='grc' dir='ltr'>εὐσεϐείᾳ</span> <span class='ocrx_word' id='word_1_345' title='bbox 888 3695 1070 3752; x_wconf 81' lang='grc' dir='ltr'>ὅντινά</span> <span class='ocrx_word' id='word_1_346' title='bbox 1122 3719 1205 3760; x_wconf 92' lang='grc' dir='ltr'>τις</span> <span class='ocrx_word' id='word_1_347' title='bbox 1267 3696 1520 3773; x_wconf 89' lang='grc' dir='ltr'>βούλεται</span> <span class='ocrx_word' id='word_1_348' title='bbox 1576 3699 1666 3753; x_wconf 77' lang='grc' dir='ltr'>καὶ</span> <span class='ocrx_word' id='word_1_349' title='bbox 1720 3700 1870 3761; x_wconf 79' lang='grc' dir='ltr'>αὖθις</span> <span class='ocrx_word' id='word_1_350' title='bbox 1917 3698 2144 3775; x_wconf 89' lang='grc' dir='ltr'>ἀποκρί-</span> 
     </span>
    </p>
   </div>
   <div class='ocr_carea' id='block_1_47' title="bbox 498 3783 2147 3863">
    <p class='ocr_par' dir='ltr' id='par_1_47' title="bbox 498 3783 2147 3863">
     <span class='ocr_line' id='line_1_47' title="bbox 498 3783 2147 3863; baseline 0.001 -22"><span class='ocrx_word' id='word_1_351' title='bbox 498 3808 607 3842; x_wconf 91' lang='grc' dir='ltr'>νειν</span> <span class='ocrx_word' id='word_1_352' title='bbox 667 3785 834 3856; x_wconf 82' lang='grc' dir='ltr'>αὐτῆς</span> <span class='ocrx_word' id='word_1_353' title='bbox 870 3832 884 3858; x_wconf 91' lang='grc'>,</span> <span class='ocrx_word' id='word_1_354' title='bbox 942 3785 1176 3861; x_wconf 78' lang='grc' dir='ltr'>τοσαύτῃ</span> <span class='ocrx_word' id='word_1_355' title='bbox 1234 3786 1479 3863; x_wconf 75' lang='grc' dir='ltr'>ῥᾳστώνῃ</span> <span class='ocrx_word' id='word_1_356' title='bbox 1533 3786 1660 3843; x_wconf 78' lang='grc' dir='ltr'>ὥστ’</span> <span class='ocrx_word' id='word_1_357' title='bbox 1736 3783 2002 3850; x_wconf 85' lang='grc' dir='ltr'>εὐσεϐείας</span> <span class='ocrx_word' id='word_1_358' title='bbox 2056 3787 2147 3843; x_wconf 88' lang='grc' dir='ltr'>καὶ</span> 
     </span>
    </p>
   </div>
   <div class='ocr_carea' id='block_1_48' title="bbox 502 3872 2148 3953">
    <p class='ocr_par' dir='ltr' id='par_1_48' title="bbox 502 3872 2148 3953">
     <span class='ocr_line' id='line_1_48' title="bbox 502 3872 2148 3953; baseline 0 -22"><span class='ocrx_word' id='word_1_359' title='bbox 502 3872 819 3946; x_wconf 81' lang='grc' dir='ltr'>κακοδοξίας</span> <span class='ocrx_word' id='word_1_360' title='bbox 874 3877 1154 3952; x_wconf 86' lang='grc' dir='ltr'>κριτήριον</span> <span class='ocrx_word' id='word_1_361' title='bbox 1239 3877 1315 3948; x_wconf 79' lang='grc' dir='ltr'>μὴ</span> <span class='ocrx_word' id='word_1_362' title='bbox 1371 3875 1434 3930; x_wconf 79' lang='grc' dir='ltr'>τὸ</span> <span class='ocrx_word' id='word_1_363' title='bbox 1514 3876 1848 3952; x_wconf 87' lang='grc' dir='ltr'>Εὐαγγέλιον</span> <span class='ocrx_word' id='word_1_364' title='bbox 1902 3878 2148 3953; x_wconf 77' lang='grc' dir='ltr'>ἡγεῖσθαι</span> 
     </span>
    </p>
   </div>
   <div class='ocr_carea' id='block_1_49' title="bbox 504 3963 2150 4042">
    <p class='ocr_par' dir='ltr' id='par_1_49' title="bbox 504 3963 2150 4042">
     <span class='ocr_line' id='line_1_49' title="bbox 504 3963 2150 4042; baseline 0.001 -23"><span class='ocrx_word' id='word_1_365' title='bbox 504 3964 593 4019; x_wconf 85' lang='grc' dir='ltr'>καὶ</span> <span class='ocrx_word' id='word_1_366' title='bbox 647 3964 747 4032; x_wconf 81' lang='grc' dir='ltr'>τήν</span> <span class='ocrx_word' id='word_1_367' title='bbox 805 3967 913 4018; x_wconf 89' lang='grc' dir='ltr'>τῶν</span> <span class='ocrx_word' id='word_1_368' title='bbox 972 3964 1222 4039; x_wconf 86' lang='grc' dir='ltr'>Πατέρων</span> <span class='ocrx_word' id='word_1_369' title='bbox 1269 3963 1566 4039; x_wconf 83' lang='grc' dir='ltr'>ὁμολογίαν</span> <span class='ocrx_word' id='word_1_370' title='bbox 1617 3966 1704 4020; x_wconf 80' lang='grc' dir='ltr'>καὶ</span> <span class='ocrx_word' id='word_1_371' title='bbox 1736 3963 2051 4042; x_wconf 74' lang='grc' dir='ltr'>παράδοσιν,</span> <span class='ocrx_word' id='word_1_372' title='bbox 2082 3966 2150 4020; x_wconf 74' lang='grc' dir='ltr'>τὰ</span> 
     </span>
    </p>
   </div>
   <div class='ocr_carea' id='block_1_50' title="bbox 508 4049 2150 4131">
    <p class='ocr_par' dir='ltr' id='par_1_50' title="bbox 508 4049 2150 4131">
     <span class='ocr_line' id='line_1_50' title="bbox 508 4049 2150 4131; baseline 0 -23"><span class='ocrx_word' id='word_1_373' title='bbox 508 4051 566 4108; x_wconf 71' lang='grc' dir='ltr'>δὲ</span> <span class='ocrx_word' id='word_1_374' title='bbox 599 4053 730 4127; x_wconf 89' lang='grc' dir='ltr'>μίση</span> <span class='ocrx_word' id='word_1_375' title='bbox 762 4056 867 4106; x_wconf 88' lang='grc' dir='ltr'>τῶν</span> <span class='ocrx_word' id='word_1_376' title='bbox 898 4052 1194 4126; x_wconf 87' lang='grc' dir='ltr'>ἀνθρώπων</span> <span class='ocrx_word' id='word_1_377' title='bbox 1243 4053 1333 4107; x_wconf 89' lang='grc' dir='ltr'>καὶ</span> <span class='ocrx_word' id='word_1_378' title='bbox 1380 4054 1474 4116; x_wconf 78' lang='grc' dir='ltr'>τὰς</span> <span class='ocrx_word' id='word_1_379' title='bbox 1522 4052 1725 4131; x_wconf 85' lang='grc' dir='ltr'>φιλίας.</span> <span class='ocrx_word' id='word_1_380' title='bbox 1762 4049 2003 4123; x_wconf 72' lang='grc' dir='ltr'>Εὐσεϐὴς</span> <span class='ocrx_word' id='word_1_381' title='bbox 2057 4055 2150 4127; x_wconf 75' lang='grc' dir='ltr'>μὲν</span> 
     </span>
    </p>
   </div>
   <div class='ocr_carea' id='block_1_51' title="bbox 508 4138 2152 4220">
    <p class='ocr_par' dir='ltr' id='par_1_51' title="bbox 508 4138 2152 4220">
     <span class='ocr_line' id='line_1_51' title="bbox 508 4138 2152 4220; baseline 0.001 -25"><span class='ocrx_word' id='word_1_382' title='bbox 508 4142 612 4218; x_wconf 78' lang='grc' dir='ltr'>γάρ</span> <span class='ocrx_word' id='word_1_383' title='bbox 637 4141 719 4203; x_wconf 89' lang='grc' dir='ltr'>τίς</span> <span class='ocrx_word' id='word_1_384' title='bbox 749 4162 857 4196; x_wconf 91' lang='grc' dir='ltr'>τινι</span> <span class='ocrx_word' id='word_1_385' title='bbox 897 4143 1138 4215; x_wconf 80' lang='grc' dir='ltr'>σήμερον</span> <span class='ocrx_word' id='word_1_386' title='bbox 1171 4138 1230 4195; x_wconf 82' lang='grc' dir='ltr'>ἄν</span> <span class='ocrx_word' id='word_1_387' title='bbox 1279 4163 1334 4196; x_wconf 91' lang='grc' dir='ltr'>τι</span> <span class='ocrx_word' id='word_1_388' title='bbox 1380 4147 1487 4196; x_wconf 90' lang='grc' dir='ltr'>τῶν</span> <span class='ocrx_word' id='word_1_389' title='bbox 1537 4142 1945 4218; x_wconf 86' lang='grc' dir='ltr'>κεχαρισμένων</span> <span class='ocrx_word' id='word_1_390' title='bbox 1993 4140 2152 4220; x_wconf 78' lang='grc' dir='ltr'>ἔπρα-</span> 
     </span>
    </p>
   </div>
   <div class='ocr_carea' id='block_1_52' title="bbox 509 4227 2148 4307">
    <p class='ocr_par' dir='ltr' id='par_1_52' title="bbox 509 4227 2148 4307">
     <span class='ocr_line' id='line_1_52' title="bbox 509 4227 2148 4307; baseline 0.001 -22"><span class='ocrx_word' id='word_1_391' title='bbox 509 4232 611 4302; x_wconf 85' lang='grc' dir='ltr'>ξεν,</span> <span class='ocrx_word' id='word_1_392' title='bbox 668 4230 731 4286; x_wconf 88' lang='grc' dir='ltr'>οὐ</span> <span class='ocrx_word' id='word_1_393' title='bbox 786 4234 1031 4292; x_wconf 77' lang='grc' dir='ltr'>τοιοῦτος,¹</span> <span class='ocrx_word' id='word_1_394' title='bbox 1081 4227 1140 4285; x_wconf 70' lang='grc' dir='ltr'>δὲ</span> <span class='ocrx_word' id='word_1_395' title='bbox 1188 4230 1248 4285; x_wconf 83' lang='grc' dir='ltr'>ἐκ</span> <span class='ocrx_word' id='word_1_396' title='bbox 1290 4234 1389 4286; x_wconf 87' lang='grc' dir='ltr'>τοῦ</span> <span class='ocrx_word' id='word_1_397' title='bbox 1436 4231 1678 4286; x_wconf 86' lang='grc' dir='ltr'>ἐναντίου</span> <span class='ocrx_word' id='word_1_398' title='bbox 1730 4234 2148 4307; x_wconf 82' lang='grc' dir='ltr'>προσκέκρουκε.</span> 
     </span>
    </p>
   </div>
   <div class='ocr_carea' id='block_1_53' title="bbox 510 4315 2149 4395">
    <p class='ocr_par' dir='ltr' id='par_1_53' title="bbox 510 4315 2149 4395">
     <span class='ocr_line' id='line_1_53' title="bbox 510 4315 2149 4395; baseline 0.001 -21"><span class='ocrx_word' id='word_1_399' title='bbox 510 4318 822 4393; x_wconf 89' lang='grc' dir='ltr'>Ποιούμεθα</span> <span class='ocrx_word' id='word_1_400' title='bbox 864 4315 921 4373; x_wconf 72' lang='grc' dir='ltr'>δὲ</span> <span class='ocrx_word' id='word_1_401' title='bbox 974 4317 1102 4380; x_wconf 75' lang='grc' dir='ltr'>τοὺς</span> <span class='ocrx_word' id='word_1_402' title='bbox 1151 4317 1346 4381; x_wconf 78' lang='grc' dir='ltr'>αὐτοὺς</span> <span class='ocrx_word' id='word_1_403' title='bbox 1403 4317 1464 4374; x_wconf 88' lang='grc' dir='ltr'>οὐ</span> <span class='ocrx_word' id='word_1_404' title='bbox 1526 4319 1683 4393; x_wconf 91' lang='grc' dir='ltr'>μόνον</span> <span class='ocrx_word' id='word_1_405' title='bbox 1742 4319 1824 4375; x_wconf 79' lang='grc' dir='ltr'>ὅτι</span> <span class='ocrx_word' id='word_1_406' title='bbox 1881 4322 2004 4395; x_wconf 87' lang='grc' dir='ltr'>περὶ</span> <span class='ocrx_word' id='word_1_407' title='bbox 2050 4328 2149 4389; x_wconf 82' lang='grc' dir='ltr'>τῆς</span> 
     </span>
    </p>
   </div>
   <div class='ocr_carea' id='block_1_54' title="bbox 2253 3071 3905 3154">
    <p class='ocr_par' dir='ltr' id='par_1_54' title="bbox 2253 3071 3905 3154">
     <span class='ocr_line' id='line_1_54' title="bbox 2253 3071 3905 3154; baseline -0.005 -21"><span class='ocrx_word' id='word_1_408' title='bbox 2253 3078 2410 3154; x_wconf 80' lang='grc' dir='ltr'>τρίτῃ</span> <span class='ocrx_word' id='word_1_409' title='bbox 2459 3077 2641 3153; x_wconf 74' lang='grc' dir='ltr'>ἡμέρᾳ</span> <span class='ocrx_word' id='word_1_410' title='bbox 2678 3076 2736 3131; x_wconf 78' lang='grc' dir='ltr'>ἐκ</span> <span class='ocrx_word' id='word_1_411' title='bbox 2782 3082 2890 3131; x_wconf 91' lang='grc' dir='ltr'>τῶν</span> <span class='ocrx_word' id='word_1_412' title='bbox 2935 3081 3163 3149; x_wconf 79' lang='grc' dir='ltr'>νεκρῶν,</span> <span class='ocrx_word' id='word_1_413' title='bbox 3214 3073 3303 3129; x_wconf 79' lang='grc' dir='ltr'>καί</span> <span class='ocrx_word' id='word_1_414' title='bbox 3354 3073 3431 3136; x_wconf 77' lang='grc' dir='ltr'>εἷς</span> <span class='ocrx_word' id='word_1_415' title='bbox 3477 3072 3734 3147; x_wconf 80' lang='grc' dir='ltr'>οὐρανοὺς</span> <span class='ocrx_word' id='word_1_416' title='bbox 3785 3071 3905 3125; x_wconf 86' lang='grc' dir='ltr'>ἀνε-</span> 
     </span>
    </p>
   </div>
   <div class='ocr_carea' id='block_1_55' title="bbox 2256 3160 3903 3237">
    <p class='ocr_par' dir='ltr' id='par_1_55' title="bbox 2256 3160 3903 3237">
     <span class='ocr_line' id='line_1_55' title="bbox 2256 3160 3903 3237; baseline -0.004 -15"><span class='ocrx_word' id='word_1_417' title='bbox 2256 3166 2537 3236; x_wconf 85' lang='grc' dir='ltr'>ληλυθότα</span> <span class='ocrx_word' id='word_1_418' title='bbox 2594 3165 2673 3220; x_wconf 80' lang='grc' dir='ltr'>ἐκ·</span> <span class='ocrx_word' id='word_1_419' title='bbox 2711 3164 2897 3236; x_wconf 80' lang='grc' dir='ltr'>δεξιῶν</span> <span class='ocrx_word' id='word_1_420' title='bbox 2952 3172 3183 3233; x_wconf 86' lang='grc' dir='ltr'>καθῆσαι</span> <span class='ocrx_word' id='word_1_421' title='bbox 3231 3168 3330 3218; x_wconf 90' lang='grc' dir='ltr'>τοῦ</span> <span class='ocrx_word' id='word_1_422' title='bbox 3359 3167 3493 3218; x_wconf 89' lang='grc' dir='ltr'>Θεοῦ</span> <span class='ocrx_word' id='word_1_423' title='bbox 3547 3161 3636 3217; x_wconf 87' lang='grc' dir='ltr'>καὶ</span> <span class='ocrx_word' id='word_1_424' title='bbox 3669 3160 3903 3237; x_wconf 84' lang='grc' dir='ltr'>Πατρός.</span> 
     </span>
    </p>
   </div>
   <div class='ocr_carea' id='block_1_56' title="bbox 2256 3246 3901 3330">
    <p class='ocr_par' dir='ltr' id='par_1_56' title="bbox 2256 3246 3901 3330">
     <span class='ocr_line' id='line_1_56' title="bbox 2256 3246 3901 3330; baseline -0.005 -20"><span class='ocrx_word' id='word_1_425' title='bbox 2256 3255 2501 3310; x_wconf 81' lang='grc' dir='ltr'>Πιστεύω</span> <span class='ocrx_word' id='word_1_426' title='bbox 2529 3255 2665 3310; x_wconf 80' lang='grc' dir='ltr'>κατά</span> <span class='ocrx_word' id='word_1_427' title='bbox 2692 3256 2786 3316; x_wconf 75' lang='grc' dir='ltr'>τὰς</span> <span class='ocrx_word' id='word_1_428' title='bbox 2814 3254 2937 3330; x_wconf 85' lang='grc' dir='ltr'>περὶ</span> <span class='ocrx_word' id='word_1_429' title='bbox 2986 3258 3120 3308; x_wconf 91' lang='grc' dir='ltr'>Θεοῦ</span> <span class='ocrx_word' id='word_1_430' title='bbox 3169 3253 3259 3307; x_wconf 82' lang='grc' dir='ltr'>καὶ</span> <span class='ocrx_word' id='word_1_431' title='bbox 3292 3256 3400 3306; x_wconf 89' lang='grc' dir='ltr'>τῶν</span> <span class='ocrx_word' id='word_1_432' title='bbox 3454 3250 3609 3307; x_wconf 88' lang='grc' dir='ltr'>θείων</span> <span class='ocrx_word' id='word_1_433' title='bbox 3666 3246 3901 3326; x_wconf 88' lang='grc' dir='ltr'>παραδό-</span> 
     </span>
    </p>
   </div>
   <div class='ocr_carea' id='block_1_57' title="bbox 2255 3338 3899 3418">
    <p class='ocr_par' dir='ltr' id='par_1_57' title="bbox 2255 3338 3899 3418">
     <span class='ocr_line' id='line_1_57' title="bbox 2255 3338 3899 3418; baseline -0.005 -19"><span class='ocrx_word' id='word_1_434' title='bbox 2255 3366 2364 3407; x_wconf 86' lang='grc' dir='ltr'>σεις</span> <span class='ocrx_word' id='word_1_435' title='bbox 2390 3365 2448 3398; x_wconf 90' lang='grc' dir='ltr'>τε</span> <span class='ocrx_word' id='word_1_436' title='bbox 2477 3343 2564 3399; x_wconf 89' lang='grc' dir='ltr'>καὶ</span> <span class='ocrx_word' id='word_1_437' title='bbox 2600 3344 2907 3418; x_wconf 81' lang='grc' dir='ltr'>εἶσηγήσεις</span> <span class='ocrx_word' id='word_1_438' title='bbox 2954 3350 3054 3411; x_wconf 87' lang='grc' dir='ltr'>τῆς</span> <span class='ocrx_word' id='word_1_439' title='bbox 3108 3348 3235 3414; x_wconf 80' lang='grc' dir='ltr'>μιᾶς</span> <span class='ocrx_word' id='word_1_440' title='bbox 3284 3338 3584 3408; x_wconf 82' lang='grc' dir='ltr'>καθολικῆς</span> <span class='ocrx_word' id='word_1_441' title='bbox 3629 3338 3719 3392; x_wconf 87' lang='grc' dir='ltr'>καὶ</span> <span class='ocrx_word' id='word_1_442' title='bbox 3767 3338 3899 3391; x_wconf 86' lang='grc' dir='ltr'>ἀπο-</span> 
     </span>
    </p>
   </div>
   <div class='ocr_carea' id='block_1_58' title="bbox 2256 3416 3901 3497">
    <p class='ocr_par' dir='ltr' id='par_1_58' title="bbox 2256 3416 3901 3497">
     <span class='ocr_line' id='line_1_58' title="bbox 2256 3416 3901 3497; baseline -0.006 -18"><span class='ocrx_word' id='word_1_443' title='bbox 2256 3423 2517 3494; x_wconf 74' lang='grc' dir='ltr'>στολικῆς</span> <span class='ocrx_word' id='word_1_444' title='bbox 2573 3416 2893 3493; x_wconf 85' lang='grc' dir='ltr'>Ἐκκλησίας</span> <span class='ocrx_word' id='word_1_445' title='bbox 2931 3467 2944 3480; x_wconf 93' lang='grc'><strong>.</strong></span> <span class='ocrx_word' id='word_1_446' title='bbox 3001 3419 3290 3497; x_wconf 87' lang='grc' dir='ltr'>Ὁμολογῶ</span> <span class='ocrx_word' id='word_1_447' title='bbox 3360 3419 3416 3474; x_wconf 82' lang='grc' dir='ltr'>ἓν</span> <span class='ocrx_word' id='word_1_448' title='bbox 3493 3419 3769 3495; x_wconf 81' lang='grc' dir='ltr'>βάπτισμα</span> <span class='ocrx_word' id='word_1_449' title='bbox 3824 3416 3901 3477; x_wconf 80' lang='grc' dir='ltr'>εἷς</span> 
     </span>
    </p>
   </div>
   <div class='ocr_carea' id='block_1_59' title="bbox 2256 3504 3901 3593">
    <p class='ocr_par' dir='ltr' id='par_1_59' title="bbox 2256 3504 3901 3593">
     <span class='ocr_line' id='line_1_59' title="bbox 2256 3504 3901 3593; baseline -0.007 -24"><span class='ocrx_word' id='word_1_450' title='bbox 2256 3511 2439 3593; x_wconf 81' lang='grc' dir='ltr'>ἄφεσιν</span> <span class='ocrx_word' id='word_1_451' title='bbox 2498 3515 2814 3587; x_wconf 82' lang='grc' dir='ltr'>ἁμαρτιῶν.</span> <span class='ocrx_word' id='word_1_452' title='bbox 2876 3508 3175 3587; x_wconf 88' lang='grc' dir='ltr'>ΙΙροσδοκῶ</span> <span class='ocrx_word' id='word_1_453' title='bbox 3222 3509 3504 3564; x_wconf 82' lang='grc' dir='ltr'>ἀνάστάσιν</span> <span class='ocrx_word' id='word_1_454' title='bbox 3552 3511 3755 3582; x_wconf 81' lang='grc' dir='ltr'>νεκρῶν</span> <span class='ocrx_word' id='word_1_455' title='bbox 3811 3504 3901 3559; x_wconf 87' lang='grc' dir='ltr'>καὶ</span> 
     </span>
    </p>
   </div>
   <div class='ocr_carea' id='block_1_60' title="bbox 2259 3599 3120 3674">
    <p class='ocr_par' dir='ltr' id='par_1_60' title="bbox 2259 3599 3120 3674">
     <span class='ocr_line' id='line_1_60' title="bbox 2259 3599 3120 3674; baseline -0.002 -17"><span class='ocrx_word' id='word_1_456' title='bbox 2259 3604 2404 3671; x_wconf 77' lang='grc' dir='ltr'>ζωὴν</span> <span class='ocrx_word' id='word_1_457' title='bbox 2429 3607 2527 3657; x_wconf 91' lang='grc' dir='ltr'>τοῦ</span> <span class='ocrx_word' id='word_1_458' title='bbox 2561 3599 2866 3674; x_wconf 83' lang='grc' dir='ltr'>μέλλοντος</span> <span class='ocrx_word' id='word_1_459' title='bbox 2898 3600 3120 3661; x_wconf 73' lang='grc' dir='ltr'>αῗῶνος.</span> 
     </span>
    </p>
   </div>
   <div class='ocr_carea' id='block_1_61' title="bbox 2327 3682 3903 3766">
    <p class='ocr_par' dir='ltr' id='par_1_61' title="bbox 2327 3682 3903 3766">
     <span class='ocr_line' id='line_1_61' title="bbox 2327 3682 3903 3766; baseline -0.006 -20"><span class='ocrx_word' id='word_1_460' title='bbox 2327 3697 2448 3746; x_wconf 79' lang='grc' dir='ltr'>’Έτι</span> <span class='ocrx_word' id='word_1_461' title='bbox 2506 3688 2564 3745; x_wconf 76' lang='grc' dir='ltr'>δὲ</span> <span class='ocrx_word' id='word_1_462' title='bbox 2618 3695 2704 3744; x_wconf 86' lang='grc' dir='ltr'>τιῦ</span> <span class='ocrx_word' id='word_1_463' title='bbox 2774 3690 3287 3766; x_wconf 82' lang='grc' dir='ltr'>ἐνανθρωπήσαντος</span> <span class='ocrx_word' id='word_1_464' title='bbox 3343 3690 3474 3741; x_wconf 86' lang='grc' dir='ltr'>Θεοῦ</span> <span class='ocrx_word' id='word_1_465' title='bbox 3544 3685 3721 3761; x_wconf 84' lang='grc' dir='ltr'>Λόγου</span> <span class='ocrx_word' id='word_1_466' title='bbox 3783 3682 3903 3757; x_wconf 86' lang='grc' dir='ltr'>μίαν</span> 
     </span>
    </p>
   </div>
   <div class='ocr_carea' id='block_1_62' title="bbox 2257 3770 3911 3853">
    <p class='ocr_par' dir='ltr' id='par_1_62' title="bbox 2257 3770 3911 3853">
     <span class='ocr_line' id='line_1_62' title="bbox 2257 3770 3911 3853; baseline -0.005 -19"><span class='ocrx_word' id='word_1_467' title='bbox 2257 3778 2550 3853; x_wconf 87' lang='grc' dir='ltr'>ὁμολογῶν</span> <span class='ocrx_word' id='word_1_468' title='bbox 2599 3780 2699 3848; x_wconf 77' lang='grc' dir='ltr'>τήν</span> <span class='ocrx_word' id='word_1_469' title='bbox 2744 3778 3057 3846; x_wconf 83' lang='grc' dir='ltr'>ὑπόστασιν,</span> <span class='ocrx_word' id='word_1_470' title='bbox 3103 3777 3195 3831; x_wconf 83' lang='grc' dir='ltr'>καὶ</span> <span class='ocrx_word' id='word_1_471' title='bbox 3239 3773 3333 3831; x_wconf 72' lang='grc' dir='ltr'>ἕνα</span> <span class='ocrx_word' id='word_1_472' title='bbox 3378 3772 3643 3829; x_wconf 90' lang='grc' dir='ltr'>πιστεύων</span> <span class='ocrx_word' id='word_1_473' title='bbox 3693 3773 3785 3827; x_wconf 89' lang='grc' dir='ltr'>τὸν</span> <span class='ocrx_word' id='word_1_474' title='bbox 3819 3770 3911 3826; x_wconf 89' lang='grc' dir='ltr'>αὐ-</span> 
     </span>
    </p>
   </div>
   <div class='ocr_carea' id='block_1_63' title="bbox 2254 3860 3913 3945">
    <p class='ocr_par' dir='ltr' id='par_1_63' title="bbox 2254 3860 3913 3945">
     <span class='ocr_line' id='line_1_63' title="bbox 2254 3860 3913 3945; baseline -0.007 -21"><span class='ocrx_word' id='word_1_475' title='bbox 2254 3870 2345 3924; x_wconf 89' lang='grc' dir='ltr'>τὸν</span> <span class='ocrx_word' id='word_1_476' title='bbox 2395 3868 2483 3923; x_wconf 81' lang='grc' dir='ltr'>καὶ</span> <span class='ocrx_word' id='word_1_477' title='bbox 2542 3868 2825 3945; x_wconf 87' lang='grc' dir='ltr'>κηρύττων</span> <span class='ocrx_word' id='word_1_478' title='bbox 2869 3867 3119 3944; x_wconf 82' lang='grc' dir='ltr'>Χριστὸν,</span> <span class='ocrx_word' id='word_1_479' title='bbox 3163 3866 3215 3920; x_wconf 80' lang='grc' dir='ltr'>ἐν</span> <span class='ocrx_word' id='word_1_480' title='bbox 3265 3862 3414 3919; x_wconf 82' lang='grc' dir='ltr'>δυσὶν</span> <span class='ocrx_word' id='word_1_481' title='bbox 3466 3860 3587 3918; x_wconf 81' lang='grc' dir='ltr'>οἶδα</span> <span class='ocrx_word' id='word_1_482' title='bbox 3634 3862 3768 3935; x_wconf 85' lang='grc' dir='ltr'>μετά</span> <span class='ocrx_word' id='word_1_483' title='bbox 3812 3861 3913 3928; x_wconf 74' lang='grc' dir='ltr'>τὴν</span> 
     </span>
    </p>
   </div>
   <div class='ocr_carea' id='block_1_64' title="bbox 2258 3948 3913 4033">
    <p class='ocr_par' dir='ltr' id='par_1_64' title="bbox 2258 3948 3913 4033">
     <span class='ocr_line' id='line_1_64' title="bbox 2258 3948 3913 4033; baseline -0.005 -22"><span class='ocrx_word' id='word_1_484' title='bbox 2258 3957 2659 4030; x_wconf 83' lang='grc' dir='ltr'>ἐνανθρώπησιν</span> <span class='ocrx_word' id='word_1_485' title='bbox 2703 3962 2822 4019; x_wconf 91' lang='grc' dir='ltr'>ταῖς</span> <span class='ocrx_word' id='word_1_486' title='bbox 2874 3956 3089 4033; x_wconf 77' lang='grc' dir='ltr'>φύσεσιν</span> <span class='ocrx_word' id='word_1_487' title='bbox 3138 3955 3205 4009; x_wconf 78' lang='grc' dir='ltr'>τὰ</span> <span class='ocrx_word' id='word_1_488' title='bbox 3254 3952 3306 4024; x_wconf 78' lang='grc' dir='ltr'>ἐξ</span> <span class='ocrx_word' id='word_1_489' title='bbox 3336 3954 3410 4007; x_wconf 85' lang='grc' dir='ltr'>ὧν</span> <span class='ocrx_word' id='word_1_490' title='bbox 3458 3951 3548 4007; x_wconf 86' lang='grc' dir='ltr'>καὶ</span> <span class='ocrx_word' id='word_1_491' title='bbox 3591 3950 3643 4006; x_wconf 83' lang='grc' dir='ltr'>έν</span> <span class='ocrx_word' id='word_1_492' title='bbox 3692 3951 3775 4011; x_wconf 83' lang='grc' dir='ltr'>οἷς</span> <span class='ocrx_word' id='word_1_493' title='bbox 3821 3948 3913 4004; x_wconf 82' lang='grc' dir='ltr'>καὶ</span> 
     </span>
    </p>
   </div>
   <div class='ocr_carea' id='block_1_65' title="bbox 2255 4037 3913 4124">
    <p class='ocr_par' dir='ltr' id='par_1_65' title="bbox 2255 4037 3913 4124">
     <span class='ocr_line' id='line_1_65' title="bbox 2255 4037 3913 4124; baseline -0.005 -23"><span class='ocrx_word' id='word_1_494' title='bbox 2255 4047 2290 4101; x_wconf 77' lang='grc' dir='ltr'>ἃ</span> <span class='ocrx_word' id='word_1_495' title='bbox 2323 4046 2533 4124; x_wconf 81' lang='grc' dir='ltr'>πέφυκε</span> <span class='ocrx_word' id='word_1_496' title='bbox 2562 4045 2834 4114; x_wconf 81' lang='grc' dir='ltr'>σώζοντα.</span> <span class='ocrx_word' id='word_1_497' title='bbox 2888 4042 3218 4107; x_wconf 83' lang='grc' dir='ltr'>Ἀκόλουθον</span> <span class='ocrx_word' id='word_1_498' title='bbox 3270 4040 3327 4097; x_wconf 74' lang='grc' dir='ltr'>δὲ</span> <span class='ocrx_word' id='word_1_499' title='bbox 3373 4040 3462 4096; x_wconf 82' lang='grc' dir='ltr'>καὶ</span> <span class='ocrx_word' id='word_1_500' title='bbox 3515 4037 3609 4096; x_wconf 90' lang='grc' dir='ltr'>δύο</span> <span class='ocrx_word' id='word_1_501' title='bbox 3659 4037 3913 4115; x_wconf 82' lang='grc' dir='ltr'>ἐνεργεία,</span> 
     </span>
    </p>
   </div>
   <div class='ocr_carea' id='block_1_66' title="bbox 2259 4126 3921 4209">
    <p class='ocr_par' dir='ltr' id='par_1_66' title="bbox 2259 4126 3921 4209">
     <span class='ocr_line' id='line_1_66' title="bbox 2259 4126 3921 4209; baseline -0.006 -18"><span class='ocrx_word' id='word_1_502' title='bbox 2259 4137 2427 4191; x_wconf 90' lang='grc' dir='ltr'>αὐτοῦ</span> <span class='ocrx_word' id='word_1_503' title='bbox 2478 4139 2713 4208; x_wconf 80' lang='grc' dir='ltr'>Χριστοῦ</span> <span class='ocrx_word' id='word_1_504' title='bbox 2770 4134 2861 4189; x_wconf 85' lang='grc' dir='ltr'>καὶ</span> <span class='ocrx_word' id='word_1_505' title='bbox 2923 4131 3019 4189; x_wconf 87' lang='grc' dir='ltr'>δύο</span> <span class='ocrx_word' id='word_1_506' title='bbox 3076 4126 3360 4209; x_wconf 87' lang='grc' dir='ltr'>πρεσϐεύω</span> <span class='ocrx_word' id='word_1_507' title='bbox 3418 4128 3738 4203; x_wconf 86' lang='grc' dir='ltr'>θελήματα,</span> <span class='ocrx_word' id='word_1_508' title='bbox 3798 4128 3921 4182; x_wconf 77' lang='grc' dir='ltr'>ἒ.κά-</span> 
     </span>
    </p>
   </div>
   <div class='ocr_carea' id='block_1_67' title="bbox 2262 4216 3917 4302">
    <p class='ocr_par' dir='ltr' id='par_1_67' title="bbox 2262 4216 3917 4302">
     <span class='ocr_line' id='line_1_67' title="bbox 2262 4216 3917 4302; baseline -0.005 -22"><span class='ocrx_word' id='word_1_509' title='bbox 2262 4229 2525 4295; x_wconf 85' lang='grc' dir='ltr'>στηςτῶν</span> <span class='ocrx_word' id='word_1_510' title='bbox 2559 4224 2769 4302; x_wconf 78' lang='grc' dir='ltr'>φύσεων</span> <span class='ocrx_word' id='word_1_511' title='bbox 2823 4224 2886 4277; x_wconf 90' lang='grc' dir='ltr'>τὸ</span> <span class='ocrx_word' id='word_1_512' title='bbox 2942 4220 3077 4277; x_wconf 73' lang='grc' dir='ltr'>ξ’διον</span> <span class='ocrx_word' id='word_1_513' title='bbox 3143 4218 3381 4293; x_wconf 86' lang='grc' dir='ltr'>θέλημα,</span> <span class='ocrx_word' id='word_1_514' title='bbox 3436 4219 3525 4274; x_wconf 85' lang='grc' dir='ltr'>καὶ</span> <span class='ocrx_word' id='word_1_515' title='bbox 3569 4219 3668 4287; x_wconf 80' lang='grc' dir='ltr'>τὴν</span> <span class='ocrx_word' id='word_1_516' title='bbox 3715 4216 3917 4272; x_wconf 73' lang='grc' dir='ltr'>οἰκείαν</span> 
     </span>
    </p>
   </div>
   <div class='ocr_carea' id='block_1_68' title="bbox 2268 4307 3921 4389">
    <p class='ocr_par' dir='ltr' id='par_1_68' title="bbox 2268 4307 3921 4389">
     <span class='ocr_line' id='line_1_68' title="bbox 2268 4307 3921 4389; baseline -0.006 -20"><span class='ocrx_word' id='word_1_517' title='bbox 2268 4313 2547 4383; x_wconf 85' lang='grc' dir='ltr'>σωζούσης</span> <span class='ocrx_word' id='word_1_518' title='bbox 2605 4312 2869 4389; x_wconf 75' lang='grc' dir='ltr'>ἐνέργειαν</span> <span class='ocrx_word' id='word_1_519' title='bbox 2907 4354 2917 4364; x_wconf 93' lang='grc'>.</span> <span class='ocrx_word' id='word_1_520' title='bbox 2989 4314 3376 4384; x_wconf 86' lang='grc' dir='ltr'>Προσκυνητής</span> <span class='ocrx_word' id='word_1_521' title='bbox 3437 4307 3553 4381; x_wconf 81' lang='grc' dir='ltr'>εἶμι</span> <span class='ocrx_word' id='word_1_522' title='bbox 3612 4309 3921 4381; x_wconf 88' lang='grc' dir='ltr'>σχετικῶς,</span> 
     </span>
    </p>
   </div>
   <div class='ocr_carea' id='block_1_69' title="bbox 510 4382 3920 4485">
    <p class='ocr_par' dir='ltr' id='par_1_69' title="bbox 510 4382 3920 4485">
     <span class='ocr_line' id='line_1_69' title="bbox 510 4382 3920 4485; baseline -0 -22"><span class='ocrx_word' id='word_1_523' title='bbox 510 4407 675 4478; x_wconf 73' lang='grc' dir='ltr'>αὐτῆς</span> <span class='ocrx_word' id='word_1_524' title='bbox 731 4407 963 4470; x_wconf 85' lang='grc' dir='ltr'>πίστεώς</span> <span class='ocrx_word' id='word_1_525' title='bbox 1019 4406 1174 4474; x_wconf 87' lang='grc' dir='ltr'>εἰσιν,</span> <span class='ocrx_word' id='word_1_526' title='bbox 1234 4405 1360 4462; x_wconf 88' lang='grc' dir='ltr'>ἀλλ’</span> <span class='ocrx_word' id='word_1_527' title='bbox 1410 4405 1502 4462; x_wconf 67' lang='grc' dir='ltr'>*ίνα</span> <span class='ocrx_word' id='word_1_528' title='bbox 1530 4409 1620 4462; x_wconf 83' lang='grc' dir='ltr'>καὶ</span> <span class='ocrx_word' id='word_1_529' title='bbox 1665 4414 1826 4464; x_wconf 89' lang='grc' dir='ltr'>τοῦτο</span> <span class='ocrx_word' id='word_1_530' title='bbox 1877 4410 2155 4485; x_wconf 84' lang='grc' dir='ltr'>γρώριμον</span> <span class='ocrx_word' id='word_1_531' title='bbox 2188 4382 2232 4449; x_wconf 76' lang='lat' dir='ltr'>C</span> <span class='ocrx_word' id='word_1_532' title='bbox 2271 4401 2396 4458; x_wconf 87' lang='grc' dir='ltr'>ἀλλ’</span> <span class='ocrx_word' id='word_1_533' title='bbox 2454 4401 2516 4456; x_wconf 84' lang='grc' dir='ltr'>ού</span> <span class='ocrx_word' id='word_1_534' title='bbox 2576 4400 2981 4477; x_wconf 80' lang='grc' dir='ltr'>λατρευτικῶς,</span> <span class='ocrx_word' id='word_1_535' title='bbox 3038 4398 3128 4453; x_wconf 76' lang='grc' dir='ltr'>καὶ</span> <span class='ocrx_word' id='word_1_536' title='bbox 3183 4402 3288 4453; x_wconf 71' lang='grc' dir='ltr'>τῶν</span> <span class='ocrx_word' id='word_1_537' title='bbox 3350 4396 3505 4460; x_wconf 71' lang='grc' dir='ltr'>θείων</span> <span class='ocrx_word' id='word_1_538' title='bbox 3562 4395 3654 4450; x_wconf 76' lang='grc' dir='ltr'>καὶ</span> <span class='ocrx_word' id='word_1_539' title='bbox 3711 4398 3920 4449; x_wconf 73' lang='grc' dir='ltr'>σεπτῶν</span> 
     </span>
    </p>
   </div>
   <div class='ocr_carea' id='block_1_70' title="bbox 513 4495 2159 4573">
    <p class='ocr_par' dir='ltr' id='par_1_70' title="bbox 513 4495 2159 4573">
     <span class='ocr_line' id='line_1_70' title="bbox 513 4495 2159 4573; baseline 0 -21"><span class='ocrx_word' id='word_1_540' title='bbox 513 4497 676 4552; x_wconf 77' lang='grc' dir='ltr'>ἅπασι</span> <span class='ocrx_word' id='word_1_541' title='bbox 705 4497 935 4573; x_wconf 87' lang='grc' dir='ltr'>γένοιτο,</span> <span class='ocrx_word' id='word_1_542' title='bbox 989 4497 1065 4558; x_wconf 84' lang='grc' dir='ltr'>ὡς</span> <span class='ocrx_word' id='word_1_543' title='bbox 1117 4495 1179 4551; x_wconf 91' lang='grc' dir='ltr'>οὐ</span> <span class='ocrx_word' id='word_1_544' title='bbox 1237 4501 1324 4550; x_wconf 88' lang='grc' dir='ltr'>νῦν</span> <span class='ocrx_word' id='word_1_545' title='bbox 1377 4498 1611 4572; x_wconf 85' lang='grc' dir='ltr'>πρώτως</span> <span class='ocrx_word' id='word_1_546' title='bbox 1656 4503 1753 4551; x_wconf 91' lang='grc' dir='ltr'>τοῦ</span> <span class='ocrx_word' id='word_1_547' title='bbox 1804 4497 1965 4573; x_wconf 82' lang='grc' dir='ltr'>ὀρθοῦ</span> <span class='ocrx_word' id='word_1_548' title='bbox 2003 4499 2159 4572; x_wconf 85' lang='grc' dir='ltr'>γεγό-</span> 
     </span>
    </p>
   </div>
   <div class='ocr_carea' id='block_1_71' title="bbox 514 4584 2161 4664">
    <p class='ocr_par' dir='ltr' id='par_1_71' title="bbox 514 4584 2161 4664">
     <span class='ocr_line' id='line_1_71' title="bbox 514 4584 2161 4664; baseline 0 -24"><span class='ocrx_word' id='word_1_549' title='bbox 514 4607 678 4659; x_wconf 89' lang='grc' dir='ltr'>ναμεν</span> <span class='ocrx_word' id='word_1_550' title='bbox 740 4587 1110 4663; x_wconf 87' lang='grc' dir='ltr'>φρονήματος,</span> <span class='ocrx_word' id='word_1_551' title='bbox 1204 4590 1288 4646; x_wconf 86' lang='grc' dir='ltr'>αῖς</span> <span class='ocrx_word' id='word_1_552' title='bbox 1347 4584 1625 4661; x_wconf 80' lang='grc' dir='ltr'>ἐπηρείαις</span> <span class='ocrx_word' id='word_1_553' title='bbox 1673 4592 1833 4641; x_wconf 89' lang='grc' dir='ltr'>τινῶν</span> <span class='ocrx_word' id='word_1_554' title='bbox 1898 4608 2161 4664; x_wconf 84' lang='grc' dir='ltr'>σωφρονι-</span> 
     </span>
    </p>
   </div>
   <div class='ocr_carea' id='block_1_72' title="bbox 518 4671 2163 4750">
    <p class='ocr_par' dir='ltr' id='par_1_72' title="bbox 518 4671 2163 4750">
     <span class='ocr_line' id='line_1_72' title="bbox 518 4671 2163 4750; baseline 0 -21"><span class='ocrx_word' id='word_1_555' title='bbox 518 4676 748 4746; x_wconf 83' lang='grc' dir='ltr'>σθέντες,</span> <span class='ocrx_word' id='word_1_556' title='bbox 807 4672 931 4730; x_wconf 85' lang='grc' dir='ltr'>ἀλλ’</span> <span class='ocrx_word' id='word_1_557' title='bbox 987 4671 1185 4729; x_wconf 80' lang='grc' dir='ltr'>ἄνωθεν</span> <span class='ocrx_word' id='word_1_558' title='bbox 1263 4672 1724 4745; x_wconf 80' lang='grc' dir='ltr'>ἐκκλησιαστικῶς</span> <span class='ocrx_word' id='word_1_559' title='bbox 1781 4696 1841 4729; x_wconf 91' lang='grc' dir='ltr'>τε</span> <span class='ocrx_word' id='word_1_560' title='bbox 1893 4673 2115 4750; x_wconf 82' lang='grc' dir='ltr'>εἷ’χομεν</span> <span class='ocrx_word' id='word_1_561' title='bbox 2149 4722 2163 4747; x_wconf 85' lang='grc'>,</span> 
     </span>
    </p>
   </div>
   <div class='ocr_carea' id='block_1_73' title="bbox 518 4756 2163 4837">
    <p class='ocr_par' dir='ltr' id='par_1_73' title="bbox 518 4756 2163 4837">
     <span class='ocr_line' id='line_1_73' title="bbox 518 4756 2163 4837; baseline 0.001 -20"><span class='ocrx_word' id='word_1_562' title='bbox 518 4763 608 4817; x_wconf 84' lang='grc' dir='ltr'>καὶ</span> <span class='ocrx_word' id='word_1_563' title='bbox 640 4762 763 4837; x_wconf 85' lang='grc' dir='ltr'>περὶ</span> <span class='ocrx_word' id='word_1_564' title='bbox 816 4763 883 4817; x_wconf 81' lang='grc' dir='ltr'>τά</span> <span class='ocrx_word' id='word_1_565' title='bbox 934 4769 1035 4832; x_wconf 84' lang='grc' dir='ltr'>τῆς</span> <span class='ocrx_word' id='word_1_566' title='bbox 1095 4756 1363 4825; x_wconf 89' lang='grc' dir='ltr'>εὐσεϐείας</span> <span class='ocrx_word' id='word_1_567' title='bbox 1423 4763 1502 4817; x_wconf 81' lang='grc' dir='ltr'>ἀεὶ</span> <span class='ocrx_word' id='word_1_568' title='bbox 1564 4757 1795 4824; x_wconf 80' lang='grc' dir='ltr'>εὐσεϐῶς</span> <span class='ocrx_word' id='word_1_569' title='bbox 1843 4760 2163 4837; x_wconf 84' lang='grc' dir='ltr'>διεκείμεθα,</span> 
     </span>
    </p>
   </div>
   <div class='ocr_carea' id='block_1_74' title="bbox 521 4848 2168 4928">
    <p class='ocr_par' dir='ltr' id='par_1_74' title="bbox 521 4848 2168 4928">
     <span class='ocr_line' id='line_1_74' title="bbox 521 4848 2168 4928; baseline 0.001 -22"><span class='ocrx_word' id='word_1_570' title='bbox 521 4848 754 4919; x_wconf 86' lang='grc' dir='ltr'>καθάδὴ</span> <span class='ocrx_word' id='word_1_571' title='bbox 786 4851 874 4905; x_wconf 85' lang='grc' dir='ltr'>καὶ</span> <span class='ocrx_word' id='word_1_572' title='bbox 923 4852 987 4905; x_wconf 89' lang='grc' dir='ltr'>τὸ</span> <span class='ocrx_word' id='word_1_573' title='bbox 1039 4859 1139 4920; x_wconf 83' lang='grc' dir='ltr'>τῆς</span> <span class='ocrx_word' id='word_1_574' title='bbox 1190 4851 1510 4928; x_wconf 84' lang='grc' dir='ltr'>θεογνωσίας</span> <span class='ocrx_word' id='word_1_575' title='bbox 1560 4848 1937 4907; x_wconf 81' lang='grc' dir='ltr'>διδασκαλεῖον</span> <span class='ocrx_word' id='word_1_576' title='bbox 1986 4855 2021 4921; x_wconf 81' lang='grc' dir='ltr'><strong>ἡ</strong></span> <span class='ocrx_word' id='word_1_577' title='bbox 2060 4857 2168 4907; x_wconf 90' lang='grc' dir='ltr'>τῶν</span> 
     </span>
    </p>
   </div>
   <div class='ocr_carea' id='block_1_75' title="bbox 524 4937 2166 5017">
    <p class='ocr_par' dir='ltr' id='par_1_75' title="bbox 524 4937 2166 5017">
     <span class='ocr_line' id='line_1_75' title="bbox 524 4937 2166 5017; baseline 0 -22"><span class='ocrx_word' id='word_1_578' title='bbox 524 4944 729 4995; x_wconf 89' lang='grc' dir='ltr'>πιστῶν</span> <span class='ocrx_word' id='word_1_579' title='bbox 784 4941 967 5015; x_wconf 87' lang='grc' dir='ltr'>μήτηρ</span> <span class='ocrx_word' id='word_1_580' title='bbox 1027 4937 1388 5010; x_wconf 81' lang='grc' dir='ltr'>ἑξεπαίδευσεν</span> <span class='ocrx_word' id='word_1_581' title='bbox 1450 4939 1789 5010; x_wconf 84' lang='grc' dir='ltr'>Ἐκκλησία.</span> <span class='ocrx_word' id='word_1_582' title='bbox 1849 4942 2002 5017; x_wconf 77' lang='grc' dir='ltr'>Ἔχει</span> <span class='ocrx_word' id='word_1_583' title='bbox 2052 4942 2166 4996; x_wconf 87' lang='grc' dir='ltr'>τοί-</span> 
     </span>
    </p>
   </div>
   <div class='ocr_carea' id='block_1_76' title="bbox 525 5027 2170 5102">
    <p class='ocr_par' dir='ltr' id='par_1_76' title="bbox 525 5027 2170 5102">
     <span class='ocr_line' id='line_1_76' title="bbox 525 5027 2170 5102; baseline 0 -18"><span class='ocrx_word' id='word_1_584' title='bbox 525 5050 613 5084; x_wconf 91' lang='grc' dir='ltr'>νυν</span> <span class='ocrx_word' id='word_1_585' title='bbox 644 5029 712 5083; x_wconf 80' lang='grc' dir='ltr'><strong>τᾶ</strong></span> <span class='ocrx_word' id='word_1_586' title='bbox 738 5032 843 5082; x_wconf 90' lang='grc' dir='ltr'>τῶν</span> <span class='ocrx_word' id='word_1_587' title='bbox 894 5027 1073 5102; x_wconf 88' lang='grc' dir='ltr'>λόγων</span> <span class='ocrx_word' id='word_1_588' title='bbox 1123 5036 1224 5098; x_wconf 84' lang='grc' dir='ltr'>τῆς</span> <span class='ocrx_word' id='word_1_589' title='bbox 1272 5029 1506 5091; x_wconf 87' lang='grc' dir='ltr'>πίστεως</span> <span class='ocrx_word' id='word_1_590' title='bbox 1552 5032 1712 5102; x_wconf 87' lang='grc' dir='ltr'>ἡμῶν</span> <span class='ocrx_word' id='word_1_591' title='bbox 1762 5030 1835 5092; x_wconf 84' lang='grc' dir='ltr'>ὡς</span> <span class='ocrx_word' id='word_1_592' title='bbox 1888 5030 2059 5086; x_wconf 81' lang='grc' dir='ltr'>παλαι</span> <span class='ocrx_word' id='word_1_593' title='bbox 2100 5031 2170 5085; x_wconf 79' lang='grc' dir='ltr'>εἶ-</span> 
     </span>
    </p>
   </div>
   <div class='ocr_carea' id='block_1_77' title="bbox 529 5116 2167 5197">
    <p class='ocr_par' dir='ltr' id='par_1_77' title="bbox 529 5116 2167 5197">
     <span class='ocr_line' id='line_1_77' title="bbox 529 5116 2167 5197; baseline 0 -24"><span class='ocrx_word' id='word_1_594' title='bbox 529 5138 647 5194; x_wconf 86' lang='grc' dir='ltr'>χεν,</span> <span class='ocrx_word' id='word_1_595' title='bbox 682 5116 771 5172; x_wconf 84' lang='grc' dir='ltr'>ὅτε</span> <span class='ocrx_word' id='word_1_596' title='bbox 798 5117 889 5172; x_wconf 87' lang='grc' dir='ltr'>καὶ</span> <span class='ocrx_word' id='word_1_597' title='bbox 916 5119 1042 5192; x_wconf 75' lang='grc' dir='ltr'>παρ’</span> <span class='ocrx_word' id='word_1_598' title='bbox 1091 5118 1216 5191; x_wconf 84' lang='grc' dir='ltr'>ὑμῖν</span> <span class='ocrx_word' id='word_1_599' title='bbox 1262 5118 1446 5180; x_wconf 90' lang='grc' dir='ltr'>αὐτοῖς</span> <span class='ocrx_word' id='word_1_600' title='bbox 1498 5117 1823 5197; x_wconf 80' lang='grc' dir='ltr'>ὀρθόφρονες</span> <span class='ocrx_word' id='word_1_601' title='bbox 1870 5119 2167 5193; x_wconf 77' lang='grc' dir='ltr'>ἠκούομεν,</span> 
     </span>
    </p>
   </div>
   <div class='ocr_carea' id='block_1_78' title="bbox 527 5201 2169 5284">
    <p class='ocr_par' dir='ltr' id='par_1_78' title="bbox 527 5201 2169 5284">
     <span class='ocr_line' id='line_1_78' title="bbox 527 5201 2169 5284; baseline 0.001 -21"><span class='ocrx_word' id='word_1_602' title='bbox 527 5207 617 5263; x_wconf 83' lang='grc' dir='ltr'>καὶ</span> <span class='ocrx_word' id='word_1_603' title='bbox 680 5208 755 5269; x_wconf 84' lang='grc' dir='ltr'>ὡς</span> <span class='ocrx_word' id='word_1_604' title='bbox 813 5201 1045 5269; x_wconf 87' lang='grc' dir='ltr'>εὐσεϐεῖς</span> <span class='ocrx_word' id='word_1_605' title='bbox 1101 5206 1455 5282; x_wconf 78' lang='grc' dir='ltr'>ἐπῃνούμεθα.</span> <span class='ocrx_word' id='word_1_606' title='bbox 1516 5208 1613 5263; x_wconf 81' lang='grc' dir='ltr'>Καὶ</span> <span class='ocrx_word' id='word_1_607' title='bbox 1676 5206 1790 5283; x_wconf 81' lang='grc' dir='ltr'>ἔχει</span> <span class='ocrx_word' id='word_1_608' title='bbox 1837 5230 1901 5284; x_wconf 93' lang='grc' dir='ltr'>γε</span> <span class='ocrx_word' id='word_1_609' title='bbox 1949 5210 2169 5267; x_wconf 79' lang='grc' dir='ltr'>οὑτωσί.</span> 
     </span>
    </p>
   </div>
   <div class='ocr_carea' id='block_1_79' title="bbox 599 5292 2169 5373">
    <p class='ocr_par' dir='ltr' id='par_1_79' title="bbox 599 5292 2169 5373">
     <span class='ocr_line' id='line_1_79' title="bbox 599 5292 2169 5373; baseline 0.001 -22"><span class='ocrx_word' id='word_1_610' title='bbox 599 5294 843 5352; x_wconf 87' lang='grc' dir='ltr'>Πιστεύω</span> <span class='ocrx_word' id='word_1_611' title='bbox 905 5294 980 5356; x_wconf 89' lang='grc' dir='ltr'>εἷς</span> <span class='ocrx_word' id='word_1_612' title='bbox 1051 5292 1143 5350; x_wconf 74' lang='grc' dir='ltr'>ἕνα</span> <span class='ocrx_word' id='word_1_613' title='bbox 1212 5296 1340 5351; x_wconf 86' lang='grc' dir='ltr'>Θεὸν</span> <span class='ocrx_word' id='word_1_614' title='bbox 1415 5295 1626 5372; x_wconf 80' lang='grc' dir='ltr'>Πατέρα</span> <span class='ocrx_word' id='word_1_615' title='bbox 1698 5297 2105 5373; x_wconf 79' lang='grc' dir='ltr'>παντοκράτορα</span> <span class='ocrx_word' id='word_1_616' title='bbox 2155 5343 2169 5367; x_wconf 90' lang='grc'>,</span> 
     </span>
    </p>
   </div>
   <div class='ocr_carea' id='block_1_80' title="bbox 526 5384 2170 5461">
    <p class='ocr_par' dir='ltr' id='par_1_80' title="bbox 526 5384 2170 5461">
     <span class='ocr_line' id='line_1_80' title="bbox 526 5384 2170 5461; baseline 0.001 -21"><span class='ocrx_word' id='word_1_617' title='bbox 526 5386 762 5455; x_wconf 75' lang='grc' dir='ltr'>ποιητὴν</span> <span class='ocrx_word' id='word_1_618' title='bbox 817 5384 1048 5461; x_wconf 89' lang='grc' dir='ltr'>οὐρανοῦ</span> <span class='ocrx_word' id='word_1_619' title='bbox 1103 5384 1194 5439; x_wconf 89' lang='grc' dir='ltr'>καὶ</span> <span class='ocrx_word' id='word_1_620' title='bbox 1247 5392 1371 5461; x_wconf 89' lang='grc' dir='ltr'>γῆς,</span> <span class='ocrx_word' id='word_1_621' title='bbox 1432 5386 1638 5461; x_wconf 85' lang='grc' dir='ltr'>ὁρατῶν</span> <span class='ocrx_word' id='word_1_622' title='bbox 1701 5408 1761 5440; x_wconf 88' lang='grc' dir='ltr'>τε</span> <span class='ocrx_word' id='word_1_623' title='bbox 1814 5387 2029 5441; x_wconf 77' lang='grc' dir='ltr'>πάντων</span> <span class='ocrx_word' id='word_1_624' title='bbox 2081 5386 2170 5441; x_wconf 75' lang='grc' dir='ltr'>καὶ</span> 
     </span>
    </p>
   </div>
   <div class='ocr_carea' id='block_1_81' title="bbox 525 5470 2169 5550">
    <p class='ocr_par' dir='ltr' id='par_1_81' title="bbox 525 5470 2169 5550">
     <span class='ocr_line' id='line_1_81' title="bbox 525 5470 2169 5550; baseline -0.001 -21"><span class='ocrx_word' id='word_1_625' title='bbox 525 5472 792 5550; x_wconf 76' lang='grc' dir='ltr'>ἀοράτων,</span> <span class='ocrx_word' id='word_1_626' title='bbox 856 5470 1093 5548; x_wconf 81' lang='grc' dir='ltr'>ἅναροχν</span> <span class='ocrx_word' id='word_1_627' title='bbox 1156 5474 1248 5545; x_wconf 73' lang='grc' dir='ltr'>μὲν</span> <span class='ocrx_word' id='word_1_628' title='bbox 1305 5472 1395 5527; x_wconf 81' lang='grc' dir='ltr'>καὶ</span> <span class='ocrx_word' id='word_1_629' title='bbox 1448 5472 1731 5549; x_wconf 85' lang='grc' dir='ltr'>ἀγέννητον</span> <span class='ocrx_word' id='word_1_630' title='bbox 1782 5475 1870 5529; x_wconf 87' lang='grc' dir='ltr'>καὶ</span> <span class='ocrx_word' id='word_1_631' title='bbox 1910 5474 2169 5544; x_wconf 85' lang='grc' dir='ltr'>ἀναίτιον,</span> 
     </span>
    </p>
   </div>
   <div class='ocr_carea' id='block_1_82' title="bbox 526 5560 2167 5639">
    <p class='ocr_par' dir='ltr' id='par_1_82' title="bbox 526 5560 2167 5639">
     <span class='ocr_line' id='line_1_82' title="bbox 526 5560 2167 5639; baseline 0.005 -30"><span class='ocrx_word' id='word_1_632' title='bbox 526 5564 703 5638; x_wconf 71' lang='grc' dir='ltr'>ἀρχὴν</span> <span class='ocrx_word' id='word_1_633' title='bbox 756 5560 811 5616; x_wconf 77' lang='grc' dir='ltr'>δὲ</span> <span class='ocrx_word' id='word_1_634' title='bbox 850 5563 1078 5639; x_wconf 74' lang='grc' dir='ltr'>φυσικὴν</span> <span class='ocrx_word' id='word_1_635' title='bbox 1137 5562 1225 5616; x_wconf 79' lang='grc' dir='ltr'>καὶ</span> <span class='ocrx_word' id='word_1_636' title='bbox 1283 5561 1452 5616; x_wconf 82' lang='grc' dir='ltr'>αἰτίαν</span> <span class='ocrx_word' id='word_1_637' title='bbox 1513 5563 1639 5616; x_wconf 75' lang='grc' dir='ltr'>Υἱοῦ</span> <span class='ocrx_word' id='word_1_638' title='bbox 1694 5563 1783 5617; x_wconf 87' lang='grc' dir='ltr'>καὶ</span> <span class='ocrx_word' id='word_1_639' title='bbox 1836 5562 2167 5636; x_wconf 85' lang='grc' dir='ltr'>Πνεύματος.</span> 
     </span>
    </p>
   </div>
   <div class='ocr_carea' id='block_1_83' title="bbox 530 5649 2172 5728">
    <p class='ocr_par' dir='ltr' id='par_1_83' title="bbox 530 5649 2172 5728">
     <span class='ocr_line' id='line_1_83' title="bbox 530 5649 2172 5728; baseline 0 -22"><span class='ocrx_word' id='word_1_640' title='bbox 530 5652 773 5711; x_wconf 58' lang='grc' dir='ltr'>Πιστεύω</span> <span class='ocrx_word' id='word_1_641' title='bbox 802 5650 892 5706; x_wconf 85' lang='grc' dir='ltr'>καὶ</span> <span class='ocrx_word' id='word_1_642' title='bbox 934 5650 1008 5712; x_wconf 83' lang='grc' dir='ltr'>είς</span> <span class='ocrx_word' id='word_1_643' title='bbox 1043 5651 1134 5705; x_wconf 90' lang='grc' dir='ltr'>τὸν</span> <span class='ocrx_word' id='word_1_644' title='bbox 1180 5651 1416 5726; x_wconf 84' lang='grc' dir='ltr'>ὁμογενῆ</span> <span class='ocrx_word' id='word_1_645' title='bbox 1463 5649 1626 5705; x_wconf 88' lang='grc' dir='ltr'>αὐτοῦ</span> <span class='ocrx_word' id='word_1_646' title='bbox 1672 5652 1815 5724; x_wconf 76' lang='grc' dir='ltr'>Υἱὸν,</span> <span class='ocrx_word' id='word_1_647' title='bbox 1866 5653 1954 5706; x_wconf 84' lang='grc' dir='ltr'>τὸν</span> <span class='ocrx_word' id='word_1_648' title='bbox 2006 5651 2172 5728; x_wconf 82' lang='grc' dir='ltr'>ἀχρό-</span> 
     </span>
    </p>
   </div>
   <div class='ocr_carea' id='block_1_84' title="bbox 2271 4485 3925 4565">
    <p class='ocr_par' dir='ltr' id='par_1_84' title="bbox 2271 4485 3925 4565">
     <span class='ocr_line' id='line_1_84' title="bbox 2271 4485 3925 4565; baseline -0.005 -19"><span class='ocrx_word' id='word_1_649' title='bbox 2271 4492 2512 4561; x_wconf 85' lang='grc' dir='ltr'>εἷκόνων,</span> <span class='ocrx_word' id='word_1_650' title='bbox 2569 4490 2732 4545; x_wconf 88' lang='grc' dir='ltr'>αὐτοῦ</span> <span class='ocrx_word' id='word_1_651' title='bbox 2785 4510 2844 4544; x_wconf 89' lang='grc' dir='ltr'>τε</span> <span class='ocrx_word' id='word_1_652' title='bbox 2900 4493 3131 4565; x_wconf 81' lang='grc' dir='ltr'>Χριστοῦ</span> <span class='ocrx_word' id='word_1_653' title='bbox 3185 4487 3273 4542; x_wconf 88' lang='grc' dir='ltr'>καὶ</span> <span class='ocrx_word' id='word_1_654' title='bbox 3330 4493 3430 4555; x_wconf 87' lang='grc' dir='ltr'>τῆς</span> <span class='ocrx_word' id='word_1_655' title='bbox 3475 4485 3747 4559; x_wconf 84' lang='grc' dir='ltr'>πανάγνου</span> <span class='ocrx_word' id='word_1_656' title='bbox 3794 4489 3925 4538; x_wconf 85' lang='grc' dir='ltr'>Θεο-</span> 
     </span>
    </p>
   </div>
   <div class='ocr_carea' id='block_1_85' title="bbox 2278 4571 3925 4657">
    <p class='ocr_par' dir='ltr' id='par_1_85' title="bbox 2278 4571 3925 4657">
     <span class='ocr_line' id='line_1_85' title="bbox 2278 4571 3925 4657; baseline -0.005 -22"><span class='ocrx_word' id='word_1_657' title='bbox 2278 4584 2538 4657; x_wconf 86' lang='grc' dir='ltr'>μήτορος,</span> <span class='ocrx_word' id='word_1_658' title='bbox 2570 4578 2658 4634; x_wconf 79' lang='grc' dir='ltr'>καὶ</span> <span class='ocrx_word' id='word_1_659' title='bbox 2691 4579 2901 4633; x_wconf 77' lang='grc' dir='ltr'>πάντων</span> <span class='ocrx_word' id='word_1_660' title='bbox 2951 4583 3056 4633; x_wconf 92' lang='grc' dir='ltr'>τῶν</span> <span class='ocrx_word' id='word_1_661' title='bbox 3105 4576 3294 4652; x_wconf 82' lang='grc' dir='ltr'>ἁγίων,</span> <span class='ocrx_word' id='word_1_662' title='bbox 3339 4574 3427 4630; x_wconf 81' lang='grc' dir='ltr'>ἐπὶ</span> <span class='ocrx_word' id='word_1_663' title='bbox 3473 4575 3543 4628; x_wconf 84' lang='grc' dir='ltr'>τὰ</span> <span class='ocrx_word' id='word_1_664' title='bbox 3591 4571 3925 4649; x_wconf 85' lang='grc' dir='ltr'>πρωτότυπα</span> 
     </span>
    </p>
   </div>
   <div class='ocr_carea' id='block_1_86' title="bbox 2272 4658 3927 4745">
    <p class='ocr_par' dir='ltr' id='par_1_86' title="bbox 2272 4658 3927 4745">
     <span class='ocr_line' id='line_1_86' title="bbox 2272 4658 3927 4745; baseline -0.005 -21"><span class='ocrx_word' id='word_1_665' title='bbox 2272 4673 2371 4739; x_wconf 74' lang='grc' dir='ltr'>τὴν</span> <span class='ocrx_word' id='word_1_666' title='bbox 2417 4669 2551 4745; x_wconf 87' lang='grc' dir='ltr'>πρὸς</span> <span class='ocrx_word' id='word_1_667' title='bbox 2599 4668 2795 4730; x_wconf 89' lang='grc' dir='ltr'>ταύτας</span> <span class='ocrx_word' id='word_1_668' title='bbox 2844 4662 3172 4735; x_wconf 80' lang='grc' dir='ltr'>διαϐιϐάζων</span> <span class='ocrx_word' id='word_1_669' title='bbox 3214 4667 3413 4737; x_wconf 85' lang='grc' dir='ltr'>τιμήν·</span> <span class='ocrx_word' id='word_1_670' title='bbox 3457 4661 3585 4722; x_wconf 77' lang='grc' dir='ltr'>τοὺς</span> <span class='ocrx_word' id='word_1_671' title='bbox 3632 4659 3691 4745; x_wconf 72' lang='grc' dir='ltr'>δὲ</span> <span class='ocrx_word' id='word_1_672' title='bbox 3734 4658 3927 4722; x_wconf 80' lang='grc' dir='ltr'>ἄλλως</span> 
     </span>
    </p>
   </div>
   <div class='ocr_carea' id='block_1_87' title="bbox 2273 4744 3924 4835">
    <p class='ocr_par' dir='ltr' id='par_1_87' title="bbox 2273 4744 3924 4835">
     <span class='ocr_line' id='line_1_87' title="bbox 2273 4744 3924 4835; baseline -0.006 -21"><span class='ocrx_word' id='word_1_673' title='bbox 2273 4760 2308 4829; x_wconf 72' lang='grc' dir='ltr'>ἢ</span> <span class='ocrx_word' id='word_1_674' title='bbox 2343 4744 2487 4814; x_wconf 78' lang='grc' dir='ltr'>οὕτω</span> <span class='ocrx_word' id='word_1_675' title='bbox 2518 4761 2845 4835; x_wconf 82' lang='grc' dir='ltr'>φρονοῦντας</span> <span class='ocrx_word' id='word_1_676' title='bbox 2878 4757 2953 4819; x_wconf 82' lang='grc' dir='ltr'>ὡς</span> <span class='ocrx_word' id='word_1_677' title='bbox 2992 4753 3456 4830; x_wconf 82' lang='grc' dir='ltr'>ἀλλοτριόφρονας</span> <span class='ocrx_word' id='word_1_678' title='bbox 3507 4744 3924 4822; x_wconf 81' lang='grc' dir='ltr'>ἀποϐάλλομαι.</span> 
     </span>
    </p>
   </div>
   <div class='ocr_carea' id='block_1_88' title="bbox 2276 4842 3923 4919">
    <p class='ocr_par' dir='ltr' id='par_1_88' title="bbox 2276 4842 3923 4919">
     <span class='ocr_line' id='line_1_88' title="bbox 2276 4842 3923 4919; baseline -0.007 -16"><span class='ocrx_word' id='word_1_679' title='bbox 2276 4843 2698 4919; x_wconf 79' lang='grc' dir='ltr'>Ἀποϐάλλομαι</span> <span class='ocrx_word' id='word_1_680' title='bbox 2781 4843 2837 4899; x_wconf 76' lang='grc' dir='ltr'>δὲ</span> <span class='ocrx_word' id='word_1_681' title='bbox 2911 4845 3000 4899; x_wconf 81' lang='grc' dir='ltr'>καὶ</span> <span class='ocrx_word' id='word_1_682' title='bbox 3058 4844 3157 4912; x_wconf 83' lang='grc' dir='ltr'>τήν</span> <span class='ocrx_word' id='word_1_683' title='bbox 3216 4842 3323 4917; x_wconf 90' lang='grc' dir='ltr'>πρὸ</span> <span class='ocrx_word' id='word_1_684' title='bbox 3384 4843 3580 4916; x_wconf 89' lang='grc' dir='ltr'>μικροῦ</span> <span class='ocrx_word' id='word_1_685' title='bbox 3638 4843 3923 4913; x_wconf 87' lang='grc' dir='ltr'>γεγονυῖαν</span> 
     </span>
    </p>
   </div>
   <div class='ocr_carea' id='block_1_89' title="bbox 2276 4928 3932 5011">
    <p class='ocr_par' dir='ltr' id='par_1_89' title="bbox 2276 4928 3932 5011">
     <span class='ocr_line' id='line_1_89' title="bbox 2276 4928 3932 5011; baseline -0.007 -20"><span class='ocrx_word' id='word_1_686' title='bbox 2276 4934 2629 5011; x_wconf 79' lang='grc' dir='ltr'>ψευδώνυμον</span> <span class='ocrx_word' id='word_1_687' title='bbox 2682 4934 2922 5010; x_wconf 78' lang='grc' dir='ltr'>εἰρήνην,</span> <span class='ocrx_word' id='word_1_688' title='bbox 2983 4933 3056 4994; x_wconf 83' lang='grc' dir='ltr'>ὡς</span> <span class='ocrx_word' id='word_1_689' title='bbox 3107 4933 3207 5000; x_wconf 74' lang='grc' dir='ltr'>τὴν</span> <span class='ocrx_word' id='word_1_690' title='bbox 3256 4930 3390 5006; x_wconf 90' lang='grc' dir='ltr'>πρὸς</span> <span class='ocrx_word' id='word_1_691' title='bbox 3434 4928 3561 4985; x_wconf 84' lang='grc' dir='ltr'>Θεὸν</span> <span class='ocrx_word' id='word_1_692' title='bbox 3612 4929 3748 5000; x_wconf 81' lang='grc' dir='ltr'>ἡμῖν</span> <span class='ocrx_word' id='word_1_693' title='bbox 3796 4946 3932 5003; x_wconf 89' lang='grc' dir='ltr'>προ-</span> 
     </span>
    </p>
   </div>
   <div class='ocr_carea' id='block_1_90' title="bbox 2278 5014 3929 5099">
    <p class='ocr_par' dir='ltr' id='par_1_90' title="bbox 2278 5014 3929 5099">
     <span class='ocr_line' id='line_1_90' title="bbox 2278 5014 3929 5099; baseline -0.007 -18"><span class='ocrx_word' id='word_1_694' title='bbox 2278 5027 2523 5097; x_wconf 87' lang='grc' dir='ltr'>ξενοῦσαν</span> <span class='ocrx_word' id='word_1_695' title='bbox 2598 5022 2844 5099; x_wconf 74' lang='grc' dir='ltr'>ἔχθραν.</span> <span class='ocrx_word' id='word_1_696' title='bbox 2921 5018 3247 5094; x_wconf 86' lang='grc' dir='ltr'>Ἐπειδήπερ</span> <span class='ocrx_word' id='word_1_697' title='bbox 3317 5018 3391 5080; x_wconf 87' lang='grc' dir='ltr'>ὡς</span> <span class='ocrx_word' id='word_1_698' title='bbox 3474 5017 3526 5072; x_wconf 79' lang='grc' dir='ltr'>ἐν</span> <span class='ocrx_word' id='word_1_699' title='bbox 3603 5014 3929 5088; x_wconf 84' lang='grc' dir='ltr'>οἰκονομίας</span> 
     </span>
    </p>
   </div>
   <div class='ocr_carea' id='block_1_91' title="bbox 2278 5102 3929 5187">
    <p class='ocr_par' dir='ltr' id='par_1_91' title="bbox 2278 5102 3929 5187">
     <span class='ocr_line' id='line_1_91' title="bbox 2278 5102 3929 5187; baseline -0.007 -17"><span class='ocrx_word' id='word_1_700' title='bbox 2278 5113 2557 5187; x_wconf 78' lang='grc' dir='ltr'>πλάσματι</span> <span class='ocrx_word' id='word_1_701' title='bbox 2609 5114 2707 5180; x_wconf 79' lang='grc' dir='ltr'>τῆν</span> <span class='ocrx_word' id='word_1_702' title='bbox 2762 5108 3085 5181; x_wconf 69' lang='grc' dir='ltr'>Ἐγιιλησίαν</span> <span class='ocrx_word' id='word_1_703' title='bbox 3134 5108 3395 5179; x_wconf 80' lang='grc' dir='ltr'>κατέτεμε</span> <span class='ocrx_word' id='word_1_704' title='bbox 3444 5105 3533 5160; x_wconf 82' lang='grc' dir='ltr'>καὶ</span> <span class='ocrx_word' id='word_1_705' title='bbox 3592 5102 3929 5177; x_wconf 79' lang='grc' dir='ltr'>ἐλυμήνατο,</span> 
     </span>
    </p>
   </div>
   <div class='ocr_carea' id='block_1_92' title="bbox 2279 5193 3928 5273">
    <p class='ocr_par' dir='ltr' id='par_1_92' title="bbox 2279 5193 3928 5273">
     <span class='ocr_line' id='line_1_92' title="bbox 2279 5193 3928 5273; baseline -0.007 -16"><span class='ocrx_word' id='word_1_706' title='bbox 2279 5204 2536 5267; x_wconf 80' lang='grc' dir='ltr'>πείθουσα</span> <span class='ocrx_word' id='word_1_707' title='bbox 2594 5198 2686 5254; x_wconf 77' lang='grc' dir='ltr'>διὰ</span> <span class='ocrx_word' id='word_1_708' title='bbox 2737 5206 2837 5269; x_wconf 86' lang='grc' dir='ltr'>τῆς</span> <span class='ocrx_word' id='word_1_709' title='bbox 2894 5193 3221 5273; x_wconf 85' lang='grc' dir='ltr'>ἀϐελτηρίας</span> <span class='ocrx_word' id='word_1_710' title='bbox 3266 5194 3356 5249; x_wconf 82' lang='grc' dir='ltr'>καὶ</span> <span class='ocrx_word' id='word_1_711' title='bbox 3407 5197 3611 5273; x_wconf 90' lang='grc' dir='ltr'>φρενῶν</span> <span class='ocrx_word' id='word_1_712' title='bbox 3651 5212 3928 5268; x_wconf 88' lang='grc' dir='ltr'>παρατρο-</span> 
     </span>
    </p>
   </div>
   <div class='ocr_carea' id='block_1_93' title="bbox 2281 5283 3931 5361">
    <p class='ocr_par' dir='ltr' id='par_1_93' title="bbox 2281 5283 3931 5361">
     <span class='ocr_line' id='line_1_93' title="bbox 2281 5283 3931 5361; baseline -0.007 -14"><span class='ocrx_word' id='word_1_713' title='bbox 2281 5298 2389 5361; x_wconf 75' lang='grc' dir='ltr'>πῆς</span> <span class='ocrx_word' id='word_1_714' title='bbox 2444 5296 2551 5344; x_wconf 86' lang='grc' dir='ltr'>τῶν</span> <span class='ocrx_word' id='word_1_715' title='bbox 2608 5290 2707 5357; x_wconf 77' lang='grc' dir='ltr'>τὴν</span> <span class='ocrx_word' id='word_1_716' title='bbox 2765 5285 2923 5358; x_wconf 85' lang='grc' dir='ltr'>ἰδίαν,</span> <span class='ocrx_word' id='word_1_717' title='bbox 2983 5284 3109 5341; x_wconf 83' lang='grc' dir='ltr'>ἀλλ’</span> <span class='ocrx_word' id='word_1_718' title='bbox 3167 5283 3229 5339; x_wconf 89' lang='grc' dir='ltr'>οὐ</span> <span class='ocrx_word' id='word_1_719' title='bbox 3276 5285 3375 5353; x_wconf 75' lang='grc' dir='ltr'>τὴν</span> <span class='ocrx_word' id='word_1_720' title='bbox 3423 5286 3523 5338; x_wconf 88' lang='grc' dir='ltr'>τοῦ</span> <span class='ocrx_word' id='word_1_721' title='bbox 3550 5285 3684 5337; x_wconf 91' lang='grc' dir='ltr'>Θεοῦ</span> <span class='ocrx_word' id='word_1_722' title='bbox 3734 5287 3931 5350; x_wconf 83' lang='grc' dir='ltr'>στῆσαι</span> 
     </span>
    </p>
   </div>
   <div class='ocr_carea' id='block_1_94' title="bbox 2282 5368 3930 5453">
    <p class='ocr_par' dir='ltr' id='par_1_94' title="bbox 2282 5368 3930 5453">
     <span class='ocr_line' id='line_1_94' title="bbox 2282 5368 3930 5453; baseline -0.008 -17"><span class='ocrx_word' id='word_1_723' title='bbox 2282 5379 2434 5453; x_wconf 82' lang='grc' dir='ltr'>δόξαν</span> <span class='ocrx_word' id='word_1_724' title='bbox 2494 5378 2821 5448; x_wconf 83' lang='grc' dir='ltr'>ζητούντων,</span> <span class='ocrx_word' id='word_1_725' title='bbox 2868 5373 3159 5430; x_wconf 84' lang='grc' dir='ltr'>ἀποκλῖναι</span> <span class='ocrx_word' id='word_1_726' title='bbox 3212 5373 3307 5445; x_wconf 69' lang='grc' dir='ltr'>μὲν</span> <span class='ocrx_word' id='word_1_727' title='bbox 3349 5379 3449 5441; x_wconf 86' lang='grc' dir='ltr'>τῆς</span> <span class='ocrx_word' id='word_1_728' title='bbox 3495 5368 3805 5448; x_wconf 80' lang='grc' dir='ltr'>ὀρθοδοξίας</span> <span class='ocrx_word' id='word_1_729' title='bbox 3838 5371 3930 5424; x_wconf 82' lang='grc' dir='ltr'>καὶ</span> 
     </span>
    </p>
   </div>
   <div class='ocr_carea' id='block_1_95' title="bbox 2280 5455 3926 5542">
    <p class='ocr_par' dir='ltr' id='par_1_95' title="bbox 2280 5455 3926 5542">
     <span class='ocr_line' id='line_1_95' title="bbox 2280 5455 3926 5542; baseline -0.007 -19"><span class='ocrx_word' id='word_1_730' title='bbox 2280 5476 2380 5538; x_wconf 82' lang='grc' dir='ltr'>τῆς</span> <span class='ocrx_word' id='word_1_731' title='bbox 2437 5468 2625 5542; x_wconf 78' lang='grc' dir='ltr'>ὑγιοῦς</span> <span class='ocrx_word' id='word_1_732' title='bbox 2682 5471 2788 5521; x_wconf 90' lang='grc' dir='ltr'>τῶν</span> <span class='ocrx_word' id='word_1_733' title='bbox 2837 5464 3089 5541; x_wconf 84' lang='grc' dir='ltr'>Πατέρων</span> <span class='ocrx_word' id='word_1_734' title='bbox 3146 5459 3519 5532; x_wconf 87' lang='grc' dir='ltr'>διδασκαλίας,</span> <span class='ocrx_word' id='word_1_735' title='bbox 3577 5459 3653 5522; x_wconf 86' lang='grc' dir='ltr'>εἷς</span> <span class='ocrx_word' id='word_1_736' title='bbox 3692 5455 3926 5513; x_wconf 86' lang='grc' dir='ltr'>κακοδο-</span> 
     </span>
    </p>
   </div>
   <div class='ocr_carea' id='block_1_96' title="bbox 2282 5546 3927 5632">
    <p class='ocr_par' dir='ltr' id='par_1_96' title="bbox 2282 5546 3927 5632">
     <span class='ocr_line' id='line_1_96' title="bbox 2282 5546 3927 5632; baseline -0.007 -21"><span class='ocrx_word' id='word_1_737' title='bbox 2282 5557 2391 5629; x_wconf 87' lang='grc' dir='ltr'>ξίας</span> <span class='ocrx_word' id='word_1_738' title='bbox 2468 5554 2525 5610; x_wconf 76' lang='grc' dir='ltr'>δὲ</span> <span class='ocrx_word' id='word_1_739' title='bbox 2594 5554 2683 5609; x_wconf 76' lang='grc' dir='ltr'>καὶ</span> <span class='ocrx_word' id='word_1_740' title='bbox 2766 5552 3116 5632; x_wconf 81' lang='grc' dir='ltr'>βλασφημίας</span> <span class='ocrx_word' id='word_1_741' title='bbox 3192 5548 3553 5618; x_wconf 75' lang='grc' dir='ltr'>ἀπολισθῆναι</span> <span class='ocrx_word' id='word_1_742' title='bbox 3627 5546 3872 5623; x_wconf 88' lang='grc' dir='ltr'>κρημνόν</span> <span class='ocrx_word' id='word_1_743' title='bbox 3912 5591 3927 5605; x_wconf 92' lang='grc'><strong>.</strong></span> 
     </span>
    </p>
   </div>
   <div class='ocr_carea' id='block_1_97' title="bbox 2278 5635 3930 5715">
    <p class='ocr_par' dir='ltr' id='par_1_97' title="bbox 2278 5635 3930 5715">
     <span class='ocr_line' id='line_1_97' title="bbox 2278 5635 3930 5715; baseline -0.007 -14"><span class='ocrx_word' id='word_1_744' title='bbox 2278 5648 2478 5701; x_wconf 85' lang='grc' dir='ltr'>Ἀθετῶ</span> <span class='ocrx_word' id='word_1_745' title='bbox 2529 5646 2622 5706; x_wconf 72' lang='grc' dir='ltr'>τὰς</span> <span class='ocrx_word' id='word_1_746' title='bbox 2670 5641 3041 5704; x_wconf 81' lang='grc' dir='ltr'>ἐπικινδύνους</span> <span class='ocrx_word' id='word_1_747' title='bbox 3078 5640 3202 5715; x_wconf 84' lang='grc' dir='ltr'>περὶ</span> <span class='ocrx_word' id='word_1_748' title='bbox 3261 5646 3363 5709; x_wconf 87' lang='grc' dir='ltr'>τῆς</span> <span class='ocrx_word' id='word_1_749' title='bbox 3407 5642 3505 5694; x_wconf 89' lang='grc' dir='ltr'>τοῦ</span> <span class='ocrx_word' id='word_1_750' title='bbox 3552 5637 3708 5714; x_wconf 80' lang='grc' dir='ltr'>ἁγίου</span> <span class='ocrx_word' id='word_1_751' title='bbox 3754 5635 3930 5691; x_wconf 88' lang='grc' dir='ltr'>Πνεύ-</span> 
     </span>
    </p>
   </div>
   <div class='ocr_carea' id='block_1_98' title="bbox 532 5723 3929 5817">
    <p class='ocr_par' dir='ltr' id='par_1_98' title="bbox 532 5723 3929 5817">
     <span class='ocr_line' id='line_1_98' title="bbox 532 5723 3929 5817; baseline -0.003 -20"><span class='ocrx_word' id='word_1_752' title='bbox 532 5762 638 5805; x_wconf 89' lang='grc' dir='ltr'>νως</span> <span class='ocrx_word' id='word_1_753' title='bbox 698 5741 786 5796; x_wconf 78' lang='grc' dir='ltr'>καὶ</span> <span class='ocrx_word' id='word_1_754' title='bbox 844 5738 1147 5816; x_wconf 72' lang='grc' dir='ltr'>ἀῤῥεύστως</span> <span class='ocrx_word' id='word_1_755' title='bbox 1196 5738 1247 5811; x_wconf 83' lang='grc' dir='ltr'>ἐξ</span> <span class='ocrx_word' id='word_1_756' title='bbox 1298 5738 1459 5794; x_wconf 85' lang='grc' dir='ltr'>αὐτοῦ</span> <span class='ocrx_word' id='word_1_757' title='bbox 1503 5738 1792 5814; x_wconf 86' lang='grc' dir='ltr'>ὁμοούσιον</span> <span class='ocrx_word' id='word_1_758' title='bbox 1840 5741 2169 5817; x_wconf 83' lang='grc' dir='ltr'>γεννηθέντα·</span> <span class='ocrx_word' id='word_1_759' title='bbox 2202 5724 2250 5791; x_wconf 87' lang='lat' dir='ltr'><strong>D</strong></span> <span class='ocrx_word' id='word_1_760' title='bbox 2285 5757 2450 5811; x_wconf 83' lang='grc' dir='ltr'>ματος</span> <span class='ocrx_word' id='word_1_761' title='bbox 2510 5732 2875 5811; x_wconf 78' lang='grc' dir='ltr'>ἐκπορεύσεως</span> <span class='ocrx_word' id='word_1_762' title='bbox 2936 5728 3266 5802; x_wconf 83' lang='grc' dir='ltr'>λαληθείσας</span> <span class='ocrx_word' id='word_1_763' title='bbox 3300 5748 3312 5761; x_wconf 85' lang='grc'><strong>⁸</strong></span> <span class='ocrx_word' id='word_1_764' title='bbox 3362 5726 3542 5791; x_wconf 68' lang='grc' dir='ltr'>αὐτοῖς</span> <span class='ocrx_word' id='word_1_765' title='bbox 3596 5723 3796 5805; x_wconf 67' lang='grc' dir='ltr'>φωνάς.</span> <span class='ocrx_word' id='word_1_766' title='bbox 3854 5723 3929 5779; x_wconf 71' lang='grc' dir='ltr'><em>Τό</em></span> 
     </span>
    </p>
   </div>
  </div>
