4118 6448
306 411 415 476 249

1548 406 1638 472 SC
1647 406 1881 471 RIPTA
1922 405 2492 471 APOLOGETICA.

3603 405 3726 471 250

295 546 389 621 γὰρ
432 541 706 618 πανάγιον
760 545 988 615 Πνεῦμα
1043 539 1102 597 ἐκ
1149 545 1248 597 τοῦ
1302 540 1512 617 Πατρὸς
1563 539 1942 616 ἐκπορεύεσθαι
1973 541 2029 609 Α
2059 538 2389 610 κατηξίωσα,
2441 539 2516 601 ὡς
2564 536 2761 615 ἀνδρὸς
2811 538 3068 617 ἀγροίκου
3120 537 3207 596 καὶ
3277 536 3499 595 ἰδιώτου
3542 543 3721 612 πονή-

296 635 407 708 παρ’
432 632 605 687 αὐτοῦ
662 637 767 687 τοῦ
823 636 959 687 Θεοῦ
1013 631 1104 686 καὶ
1158 631 1341 706 Λόγου
1394 632 1578 705 μαθὼν
1607 629 1667 685 ἐκ
1693 634 1792 684 τοῦ
1850 635 1957 684 Πα-

295 725 407 800 τρὸς
432 722 525 777 καὶ
557 723 664 791 τήν
724 720 956 798 ὕπαρξιν
1002 718 1148 797 ἔχειν
1199 717 1486 796 ὁμολογῶ,
1517 719 1609 775 καὶ
1659 718 1820 774 αὑτὸν
1860 723 1956 773 τοῦ

300 812 412 867 εἶναι
444 807 747 873 οὗσιωδῶς
778 809 974 886 αὐχεῖν
1021 806 1215 882 αἶ’τιον,
1249 807 1427 886 ὥσπερ
1470 806 1610 879 δῆτα
1658 809 1748 863 καὶ
1794 806 1955 870 αὐτὸς

306 899 511 962 ὀπός.
547 900 656 954 Τὸν
710 896 772 954 δὲ
824 900 948 953 Υἱὸν
1012 897 1070 953 ἐκ
1134 898 1345 974 Πατρὸς
1404 898 1497 971 μὲν
1549 894 1671 952 οἶδα
1718 894 1808 951 καί
1863 917 1956 951 πι-

313 989 481 1059 στεύω,
543 988 642 1043 καὶ
701 984 879 1042 αἴτιον
929 989 1120 1042 ἑαυτοῦ
1173 986 1262 1041 καὶ
1319 986 1496 1062 ἀρχὴν
1553 987 1808 1065 φυσικὴν,
1864 986 1953 1040 τὸν

308 1080 493 1154 Πατέρα
539 1075 838 1147 πλουτεῖν,
870 1075 1164 1150 ὁμοούσιον
1227 1073 1285 1130 δέ
1341 1076 1431 1131 καὶ
1485 1076 1726 1154 συμφυές
1778 1074 1841 1129 τὸ
1900 1073 1960 1129 ἐκ

308 1168 496 1241 Harpch
549 1164 707 1241 ἔχειν
743 1169 1002 1238 Πνεῦμα⁸
1063 1165 1125 1219 οὐ
1178 1166 1284 1238 μὴν
1332 1163 1390 1219 δὲ
1437 1164 1526 1219 καὶ
1578 1161 1748 1219 αἶ’τιον
1796 1162 1954 1218 αὑτὸν

299 1261 381 1311 τοῦ
422 1254 749 1327 Πνεύματος
804 1253 1093 1329 ὑπάρχειν,
1122 1255 1156 1322 ἢ
1219 1253 1383 1327 μόνον
1428 1254 1463 1323 ἢ
1504 1253 1636 1327 μετὰ
1689 1257 1786 1308 τοῦ
1843 1258 1957 1307 Πα-

500 1344 589 1399 ὅτι
657 1340 802 1417 μηδὲ
860 1339 1083 1418 ὕπαρξιν
1144 1340 1259 1418 ἔχει
1310 1343 1373 1397 τὸ
1420 1344 1678 1419 πανάγιον
1740 1346 1961 1415 Πνεῦμα

302 1434 381 1489 διὰ
408 1438 508 1489 τοῦ
540 1434 680 1487 Υίοῦ
710 1432 799 1487 καὶ
833 1430 895 1486 ἐκ
941 1437 1040 1486 τοῦ
1088 1432 1238 1503 Υίοῦ,
1270 1434 1407 1495 καθά
1463 1429 1529 1500 δὴ
1591 1431 1679 1486 καὶ
1736 1430 1955 1500 ἐνόησαν

293 1524 377 1579 καὶ
435 1520 810 1598 ἐδογμάτισαν
842 1522 894 1574 οἱ
940 1519 1017 1582 είς
1065 1519 1340 1576 ἀπώλειαν
1400 1521 1621 1581 έαυτους
1674 1519 1765 1575 καὶ
1825 1523 1958 1574 Θεοῦ

301 1611 629 1688 μακρυσμὸν
699 1604 1060 1677 ἐκϐιάζοντες.
1117 1610 1317 1665 Ἀθετῶ
1375 1608 1466 1662 καὶ
1522 1608 1619 1669 τάς
1677 1606 1958 1682 ἐξηγήσεις

296 1700 418 1762 δσας
452 1702 509 1755 ο⁴ι
542 1696 969 1774 παραχαράκται
1010 1702 1109 1752 τοῦ
1162 1696 1412 1752 τοιούτου
1470 1694 1748 1771 δόγματος
1796 1716 1957 1750 κακο-

295 1789 520 1867 σχόλως
572 1792 695 1849 τοῖς
737 1791 1023 1863 πατρικοῖς
1083 1786 1367 1861 ἐπάγοντες
1514 1806 1664 1858 μασι,
1698 1784 1961 1862 σύμφωνα

292 1880 355 1934 τά
409 1884 527 1934 τῶν
592 1876 765 1952 ἀγίων
824 1872 1092 1930 δεικνύναι
1147 1881 1268 1938 ταῖς
1329 1874 1708 1953 βλασφημίαις
1756 1875 1956 1929 ἑαυτῶν

298 1969 627 2045 ἐπειρῶντο.
688 1967 778 2027 Ὧς
855 1966 959 2040 γὰρ
1036 1968 1071 2034 ἡ
1141 1963 1407 2033 καθολικὴ
1467 1963 1766 2035 Ἐκκλησία
1837 1963 1961 2037 περὶ

398 2062 425 2072 .,
570 2056 585 2075 κ
684 2060 708 2069 -
1191 2059 1214 2069 -
1436 2050 1458 2071 ρ,
1752 2051 1778 2073 ,ρ
1896 2050 1950 2071 ομ

298 2065 430 2113 Θεου
492 2078 587 2111 και
644 2076 753 2110 των
809 2053 964 2109 θείων
1026 2074 1240 2132 φρονειν
1282 2051 1685 2129 παραδέδωκεν,
1718 2074 1860 2107 ουτω
1892 2068 1958 2121 οη

299 2147 385 2201 καὶ
436 2149 651 2224 φρονῶ,
685 2144 776 2198 καὶ
825 2139 1113 2217 ὁμολογῶ,
1159 2142 1248 2198 καὶ
1308 2140 1575 2197 διδάσκειν
1628 2140 1739 2213 ίδίᾳ
1784 2163 1844 2196 τε
1872 2142 1963 2196 καὶ

300 2233 551 2309 δημοσίᾳ
596 2233 950 2311 προῄρημαι.
983 2239 1160 2287 Πᾶσαν
1216 2228 1453 2308 βέϐηλον
1504 2231 1831 2310 κενοφωνίαν
1874 2231 1961 2286 ἐπὶ

302 2326 549 2394 ἀθετήσει
610 2330 712 2391 τῆς
773 2323 962 2396 ὑγιοῦς
1022 2321 1325 2397 εὑρημένην
1387 2320 1623 2383 πίστεως
1667 2321 1703 2390 ἢ
1744 2320 1963 2395 εὑρεθη-

301 2413 537 2485 σομένην
591 2412 666 2473 ὡς
717 2414 904 2486 ψυχῆς
965 2410 1375 2490 ἀποστρέφομαι
1424 2405 1649 2486 ὄλεθρον
1708 2409 1798 2464 καὶ
1859 2410 1962 2464 ἀπὸ

298 2506 432 2557 Θεοῦ
492 2498 882 2574 ἀλλοτρίωσιν.
919 2499 1166 2575 Δέχομαι
1230 2500 1321 2554 καὶ
1377 2500 1475 2562 τάς
1534 2500 1669 2554 ἑπτά
1705 2498 1960 2571 οἷκουμε-

307 2591 461 2652 vui;
521 2588 672 2665 ἁγίας
729 2589 819 2644 καὶ
873 2588 1019 2651 θείας
1080 2586 1357 2650 συνόδους.
1409 2588 1652 2664 Δέχομαι
1708 2587 1799 2642 καὶ
1856 2591 1961 2641 τῶν

304 2683 546 2734 τοπικῶν
593 2676 722 2739 ὅσας
761 2680 795 2747 ἡ
829 2674 1127 2748 Ἐκκλησία
1175 2675 1409 2751 ἐδέξατο.
1445 2677 1689 2753 Δέχομαι
1731 2677 1798 2730 τὰ
1845 2675 1964 2752 ίερά

306 2768 518 2823 τούτων
568 2766 924 2840 θεσπίσματα,
972 2765 1129 2829 ὅσους
1182 2788 1242 2822 τε
1298 2765 1638 2838 ἀπεδέξαντο,
1697 2762 1966 2840 ἀποδέχο-

314 2878 434 2930 μαι,
486 2855 576 2911 καί
637 2855 794 2918 ὅσους
848 2853 914 2909 αὖ
961 2855 1270 2929 κατέκριναν
1319 2857 1408 2911 καὶ
1458 2850 1817 2922 ἀπεϐάλοντο,
1866 2874 1964 2908 κα-

307 2946 578 3021 τακρίνων
658 2944 748 2999 καὶ
808 2939 1283 3017 ἀποϐαλλόμενος.
1338 2942 1558 3014 Ἐπειδὴ
1615 2943 1705 2999 καὶ
1768 2947 1964 3017 μῶμος

310 3036 438 3109 ἐμοὶ
490 3035 641 3111 παρά
681 3056 843 3089 τινων
910 3029 1315 3109 προστρίϐεται,
1370 3032 1453 3089 ὅτι
1506 3054 1598 3107 μοι
1649 3032 1961 3111 ἐμφανισθέν

302 3125 469 3180 κακὸν
504 3126 565 3179 ’ὸν
614 3123 713 3179 οὑκ
754 3122 1011 3203 ἐφωράθη
1046 3124 1207 3179 κακὸν
1250 3123 1406 3197 εἶναι,
1437 3121 1550 3179 οὐδ’
1580 3123 1654 3185 ὡς
1716 3120 1962 3199 βλάσφη-

305 3235 410 3286 μον
468 3213 837 3290 ἀπεκρούσθη,
897 3210 958 3267 τὸ
1014 3216 1112 3267 τοῦ
1168 3212 1386 3286 Μάρκου
1442 3212 1685 3290 φλύαρον
1736 3210 1962 3287 χαρτίον

2072 649 2221 702 ματι,
2248 626 2340 683 ’ίνα
2398 629 2474 702 μὴ
2526 627 2674 704 λέγω
2723 627 2805 685 ὅτι
2851 629 2941 684 καὶ
2992 629 3045 685 ἐν
3084 635 3258 707 καιρῷ
3291 652 3383 704 μοι
3413 626 3594 701 ἐδόθη,
3628 629 3718 686 ὅτε

2067 716 2193 773 οὐδὲ
2239 722 2346 772 τῶν
2393 718 2530 773 πάνυ
2578 716 2882 774 σπουδαίων
2953 718 3174 775 δυνατὸν
3219 720 3286 790 ἦν
3335 719 3433 795 ἐμὲ
3479 720 3715 778 κυκλού-

2071 828 2228 881 μενον
2276 807 2378 862 ὑπὸ
2420 807 2647 864 πολλῶν
2697 809 2786 863 καὶ
2832 804 3235 885 θορυϐούμενον
3282 809 3713 889 ἐπιστρέφεσθαι.

2066 894 2226 951 Ἀλλ’
2258 896 2410 970 ὅμως
2442 895 2526 951 ὅτι
2556 899 2889 954 παντάπασιν
2924 893 3238 969 ἀπόϐλητον
3268 898 3396 974 ἔχον
3427 900 3519 955 τὸν
3563 905 3712 972 νοῦν,

2067 984 2165 1059 ἐμὲ
2220 984 2344 1041 τότε
2380 983 2696 1063 παρέδραμε
2753 992 2975 1042 τοιαῦτα
3034 988 3194 1065 φέρον
3250 989 3409 1058 κακά,
3457 993 3536 1061 τῶ
3594 990 3715 1044 ἀνα-

2066 1074 2255 1148 θέματι
2286 1074 2440 1144 αὐτὸ,
2466 1074 2598 1150 ὅπερ
2628 1076 2718 1131 καὶ
2752 1074 2863 1131 ἅνω
2903 1072 3134 1151 ενρηται,
3161 1075 3533 1154 παραδίδωμι.

2140 1162 2286 1218 Ἐπεὶ
2337 1161 2382 1217 δ’
2430 1162 2589 1218 αὑτὸν
2630 1165 2720 1219 καὶ
2767 1166 2858 1220 τὸν
2898 1164 3068 1238 τόμον
3125 1166 3391 1221 αἰτιᾶσθαι
3453 1166 3716 1222 πυνθάνο-

2072 1274 2189 1326 μαι,
2220 1252 2255 1322 ἢ
2311 1250 2547 1325 μάλιστά
2593 1274 2656 1327 γε
2704 1253 2873 1309 ἐκεῖνο
2919 1254 3081 1309 τοῦτό
3135 1276 3238 1329 μου
3297 1253 3430 1331 ὅπερ
3481 1256 3642 1334 φησὶν
3675 1258 3711 1326 ἡ

2070 1339 2199 1396 «δι’
2244 1342 2371 1396 Υίοῦ
2412 1368 2438 1393 ››
2497 1340 2640 1415 λέξις
2688 1342 2931 1413 ἐνταῦθα,
2982 1345 3083 1413 τὴν
3149 1344 3225 1406 εἷς
3273 1342 3445 1400 ἀίδιον
3504 1341 3712 1418 ἔκλαμ-

2068 1435 2179 1505 ψιν,
2209 1430 2271 1486 οὐ
2300 1432 2398 1500 τὴν
2449 1430 2523 1493 εἷς
2569 1432 2631 1486 τὸ
2684 1431 2814 1487 εἶναι
2871 1434 3121 1508 καθαρῶς
3169 1432 3452 1506 σημαίνειν
3515 1432 3711 1510 βούλε-

2066 1541 2152 1574 ται
2212 1517 2466 1596 πρόοδον,
2515 1524 2613 1575 τοῦ
2671 1519 2731 1575 ἐκ
2789 1520 2997 1595 Πατρὸς
3055 1520 3154 1589 τὴν
3214 1520 3435 1595 ὕπαρξιν
3488 1520 3712 1597 ἔχοντος

2068 1609 2404 1683 Πνεύματος.
2459 1610 2529 1664 Τὸ
2577 1612 2679 1685 γὰρ
2731 1609 2950 1665 ἐνταῦθα
2996 1610 3270 1683 κείμενον,
3319 1611 3502 1689 φησὶν,
3535 1611 3586 1665 ἐν
3633 1616 3715 1684 τῷ

2074 1698 2219 1771 μέσῳ
2297 1699 2628 1774 συναρπάσαι
2699 1719 2759 1753 τε
2823 1699 3007 1772 αὑτὸν,
3064 1700 3153 1754 καὶ
3235 1699 3311 1762 εἷς
3395 1700 3710 1774 ὁμωνυμίαν

2069 1786 2280 1858 ἐξῶσαι,
2340 1785 2465 1842 οὐδὲ
2529 1785 2726 1841 τούτου
2781 1787 2948 1863 κρίνω
3006 1787 3386 1865 ἀθεράπευτον,
3443 1786 3716 1864 παραδρα-

2074 1881 2191 1951 μεῖν
2233 1876 2333 1945 τὴν
2380 1875 2583 1949 μέμψιν
2646 1875 2773 1952 ἐγώ.
2806 1878 2960 1931 Ὅθεν
3010 1876 3100 1931 καὶ
3157 1876 3518 1956 ἀποστραφεὶς
3577 1878 3714 1953 πρὸς

2070 1965 2252 2037 αὑτὸν,
2283 1965 2345 2019 τὸ
2390 1964 2550 2020 τοῦτό
2606 1985 2710 2039 μου
2741 1964 2961 2020 ἐνταῦθα
2991 1965 3158 2044 φημὶ,
3192 1966 3221 2020 ’ὀ
3254 1964 3316 2020 σύ
3344 1986 3406 2043 γε
3445 1972 3711 2039 καταιτιᾷ,

2070 2056 2158 2110 καὶ
2204 2052 2272 2110 δι’
2302 2055 2331 2109 ’ὀ
2362 2053 2469 2132 φῂς
2519 2054 2595 2116 εἷς
2648 2055 2745 2117 τάς
2790 2054 3108 2129 ὁμωνυμίας
3167 2054 3565 2110 ἐκπεπτωκέναι
3617 2057 3713 2118 τὰς

2067 2148 2324 2198 τοσοῦτον
2355 2143 2546 2220 πόῤῥω
2573 2148 2670 2199 τοῦ
2728 2138 2977 2206 εὐσεϐοῦς
3032 2144 3122 2199 καὶ
3168 2145 3439 2219 ἡμετέρου
3498 2140 3712 2214 διεστη-

2068 2232 2221 2296 κυίας
2272 2235 2646 2311 φρονήματος,
2694 2232 2784 2287 καὶ
2826 2229 3033 2307 σφόδρα
3092 2230 3279 2295 καλῶς
3318 2253 3378 2287 τε
3422 2232 3511 2287 καὶ
3568 2232 3712 2288 εὐσε-

2071 2317 2199 2384 ϐῶς.
2257 2323 2357 2376 Ναὶ
2412 2322 2506 2395 μέν
2553 2322 2643 2376 καὶ
2690 2321 3013 2398 ἀναγκαίως,
3062 2323 3143 2385 οἷς
3195 2321 3506 2397 πρόσκειται
3550 2321 3715 2397 πρόσ-

2069 2432 2262 2479 κειται,
2291 2410 2397 2488 οὑχ
2420 2409 2514 2466 ⁹ίνα
2559 2409 2621 2464 σὺ
2669 2410 2983 2486 κακούργως
3038 2412 3128 2466 καὶ
3184 2411 3406 2485 ἀμαθῶς
3459 2412 3560 2481 τὴν
3613 2415 3711 2467 τοῦ

2070 2498 2332 2574 παναγίνυ
2390 2499 2704 2572 Πνεύματος
2756 2498 2957 2572 τρόπον
3011 2499 3169 2555 οὖσαν
3226 2499 3390 2555 αὐτοῦ
3419 2503 3518 2570 τῆς
3549 2500 3714 2577 ὑπάρ-

2072 2588 2222 2660 ξεως,
2274 2588 2363 2643 καὶ
2424 2587 2564 2644 ἄλλο
2615 2611 2668 2643 τι
2726 2590 2874 2664 παρὰ
2933 2592 3096 2644 τοῦτο
3150 2589 3434 2663 σημαίνειν
3487 2591 3709 2665 νοήσῃς,

2072 2676 2203 2754 ὅπερ
2236 2674 2350 2741 οὔθ’
2401 2679 2583 2750 ἡμεῖς,
2644 2674 2758 2741 οὔθ’
2804 2673 2987 2749 ἕτερος
3044 2675 3228 2753 εἷ’ρηκε
3279 2682 3387 2733 τῶν
3420 2678 3663 2734 ἁπάντων
3697 2697 3709 2711 ⁸

2073 2764 2201 2823 ἀλλ’
2244 2763 2429 2835 ἐπειδὴ
2480 2767 2579 2835 τὴν
2613 2789 2642 2817 ‹‹
2674 2763 2744 2820 δι’
2776 2767 2903 2820 Υίοῦ
2940 2767 3002 2822 τὸ
3032 2772 3251 2841 Πνεῦμα
3282 2791 3309 2818 ››
3358 2769 3540 2845 φωνὴν
3590 2766 3717 2823 Βέκ-

2071 2877 2167 2918 κος
2244 2856 2337 2929 μέν
2393 2854 2615 2931 ὕπαρξιν
2677 2851 2744 2909 δι’
2798 2855 2927 2909 Υἱοῦ
3008 2859 3104 2909 τοῦ
3182 2856 3442 2932 παναγίου
3497 2856 3715 2928 νενόηκε

2073 2943 2409 3018 Πνεύματος,
2459 2938 2681 3019 βόθυνον
2744 2942 3095 3022 βλασφημίας
3169 2944 3476 3021 ἀνορύσσων
3542 2945 3714 3001 ἐντεῦ-

2073 3035 2184 3087 θεν·
2245 3035 2408 3106 ἡμεῖς
2459 3031 2515 3087 δὲ
2558 3029 2812 3105 οὐδαμῶς
2859 3031 3001 3087 οὕτω
3041 3037 3285 3107 νοοῦμεν,
3329 3033 3455 3089 ἀλλ’
3485 3035 3575 3090 ὁτὲ
3617 3035 3711 3108 μὲν

2070 3123 2169 3190 τὴν
2204 3119 2271 3176 δι’
2302 3122 2430 3176 Υἱοῦ
2460 3118 2635 3176 ἀίδιον
2674 3120 2838 3177 αὐτοῦ
2876 3116 3124 3200 ἔκφανσιν
3173 3122 3262 3178 καὶ
3309 3120 3578 3198 ἔκλαμψιν
3622 3123 3713 3179 καὶ

2073 3210 2370 3289 φανέρωσιν
2426 3208 2579 3284 ἴσμεν
2660 3210 2943 3285 σημαίνειν
2997 3211 3141 3266 πασά
3192 3216 3309 3274 τοῖς
3368 3212 3569 3288 ἁγίοις,
3627 3213 3718 3269 ὁτὲ

300 3283 524 3378 πρῶτον
579 3283 673 3377 μὲν
731 3301 1023 3375 ἀναθέματι
1088 3283 1514 3371 καθυποϐάλλω,
1573 3283 1704 3355 αὐτό
1868 3299 1959 3353 καὶ
1990 3283 2033 3350 C
2072 3283 2129 3354 δὲ
2170 3283 2270 3369 τὴν
2317 3299 2392 3362 εἷς
2422 3283 2573 3372 ἡμὰς
2604 3283 2876 3376 χορηγίαν
2929 3299 3019 3355 καὶ
3052 3301 3258 3375 πέμψιν
3306 3283 3610 3359 καὶ-δόσιν.
3643 3299 3713 3359 Τί

297 3394 399 3455 τὰς
429 3392 483 3449 ἐν
518 3392 665 3465 αύτῷ
718 3390 1090 3469 βλασφημίας.
1124 3390 1379 3467 Δεύτερον
1435 3387 1494 3445 δέ
1548 3390 1635 3445 κα)
1696 3386 1952 3444 ὑπόδικον

299 3481 540 3554 ἐμαυτὸν
576 3486 843 3553 ποιοῦμαι
888 3485 1009 3542 ταῖς
1055 3478 1558 3553 παλαμναιοτάταις
1604 3479 1693 3533 καὶ
1747 3499 1953 3556 φρικω-

300 3568 586 3632 δεστάταις
643 3570 819 3647 ἀραῖς,
881 3566 1029 3643 εἷ’περ
1070 3568 1180 3642 ἐγώ
1236 3589 1367 3623 ποτε
1419 3567 1666 3623 τοιοῦτόν
1717 3588 1767 3621 τι
1809 3566 1954 3638 αύτῷ

294 3660 334 3727 ἢ
395 3658 507 3713 τινὶ
562 3661 671 3712 τῶν
729 3655 977 3711 ἁπάντων
1041 3655 1208 3731 ἑτέρῳ
1263 3657 1484 3734 γράφειν
1545 3656 1950 3732 εἰσηγησάμην.

295 3746 375 3801 0οό
408 3748 521 3819 μὴν
556 3744 702 3801 ἀλλά
732 3744 824 3800 καὶ
854 3745 1074 3822 γράφων
1104 3744 1195 3799 τὸν
1248 3745 1417 3818 τόμον
1460 3744 1549 3799 καὶ
1580 3743 1678 3799 ὅσα
1708 3764 1771 3818 γε
1797 3740 1956 3820 ἕτερα

298 3835 438 3911 ὑπὲρ
497 3854 557 3889 τε
608 3839 709 3903 τῆς
760 3831 1108 3903 Έκκλησίας,
1137 3833 1229 3887 καὶ
1275 3833 1411 3889 κατά
1465 3838 1563 3888 τοῦ
1620 3833 1839 3904 Βέκκου,
1876 3832 1953 3895 εἷς

294 3920 457 3978 οὐδὲν
499 3926 745 3977 τοιοῦτον
794 3919 1164 3977 ἐκπεπτωκότι
1209 3921 1392 3997 νόημα
1436 3919 1653 3977 σύνοιδα
1712 3923 1953 3996 ἐμαυτῷ,

294 4014 493 4067 ὁποῖον
562 4015 1017 4088 συκοφαντοῦντες
1081 4009 1179 4084 ἐμὲ
1245 4011 1335 4067 καὶ
1420 4006 1810 4074 διαϐάλλοντες
1865 4009 1954 4065 λέ-

292 4122 487 4177 γουσι,
542 4100 640 4162 τάς
700 4100 902 4154 ἑαυτῶν
955 4100 1137 4175 ψυχὰς
1218 4105 1398 4178 ςαφῶς
1459 4099 1519 4155 ἐκ
1552 4099 1758 4155 τούτων
1818 4098 1954 4176 βλά-

296 4210 555 4258 πτοντες,
588 4188 688 4244 οὑκ
737 4186 852 4262 ἐμέ.
888 4185 985 4242 Καί
1014 4189 1119 4264 γάρ
1168 4188 1275 4265 ἐγὼ
1324 4190 1387 4244 τὸ
1438 4194 1659 4262 Πνεῦμα
1707 4190 1771 4245 τὸ
1801 4191 1952 4266 ἅγιον

294 4275 772 4352 συμπληρωτικόν
805 4272 964 4338 εἰδὼς
1012 4283 1115 4346 τῆς
1165 4276 1319 4352 άγίας
1361 4276 1610 4353 Τριάδος,
1642 4279 1771 4333 Θεὸν
1832 4278 1958 4336 οἶδα

290 4367 536 4437 τέλειον,
570 4364 648 4426 ὡς
686 4364 845 4419 αὑτὸν
896 4363 990 4419 τὸν
1042 4366 1272 4442 Πατέρα,
1304 4366 1394 4421 καὶ
1451 4365 1608 4421 αὑτὸν
1657 4368 1749 4421 τὸν
1809 4369 1955 4441 Υἱὸν,

300 4456 365 4512 ἐκ
415 4460 520 4511 τοῦ
567 4458 703 4510 Θεοῦ
753 4454 842 4509 καὶ
886 4455 1095 4529 Πατρὸς
1136 4452 1584 4531 ἐκπορευόμενον,
1615 4456 1704 4511 καὶ
1748 4457 1959 4513 τέλειον

300 4543 357 4615 ἐξ
383 4544 555 4599 αὐτοῦ
584 4540 713 4619 ἔχον
743 4542 806 4597 τὸ
838 4541 992 4615 εἶναι,
1025 4542 1314 4615 ὁμοούσιόν
1344 4564 1404 4597 τε
1430 4548 1509 4616 τῷ
1556 4549 1672 4618 Θεῷ
1717 4546 1806 4601 καὶ
1856 4553 1961 4602 Πα-

2066 3411 2229 3467 φησιν
2259 3389 2287 3443 ὁ
2324 3382 2534 3462 τόμος;
2568 3393 2646 3463 Τῇ
2693 3388 2845 3465 ῥήσει
2898 3388 3117 3452 ἐπιστὰς
3295 3389 3354 3445 ἐκ
3397 3391 3609 3467 Πατρὸς
3659 3388 3712 3446 δι

2062 3478 2191 3532 Υίοῦ
2247 3476 2628 3552 ἐκπορεύεσθαι
2688 3476 2920 3553 λεγούσῃ
2976 3478 3037 3533 τὸ
3091 3483 3313 3553 Πνεῦμα
3354 3480 3417 3534 τὸ
3449 3480 3599 3556 ἅγιον
3631 3478 3713 3535 ὅτι

2060 3564 2124 3621 τι)
2159 3590 2184 3616 ‹‹
2216 3563 2286 3621 δι’
2315 3567 2444 3621 Υίοῦ
2473 3590 2500 3618 ››
2532 3566 2755 3631 ἐνταῦθα
2811 3564 2953 3645 οὔτε,
2992 3569 3128 3622 καθά
3181 3589 3313 3647 φησι
3368 3568 3569 3630 Βέκκος
3630 3565 3721 3623 διὰ

2061 3661 2158 3711 τοῦ
2215 3657 2344 3711 Υίοῦ
2388 3655 2611 3732 ὕπαρξιν
2665 3660 2763 3710 τοῦ
2818 3656 3085 3732 παναγίου
3142 3657 3458 3731 Πνεύματος
3515 3655 3716 3731 σημαί-

2062 3766 2162 3815 νει,
2197 3744 2311 3800 ἐπεὶ
2366 3742 2494 3818 μηδ’
2526 3743 2783 3821 ἀλλαχοῦ
2835 3745 3113 3818 σημαίνει,
3147 3745 3209 3801 ού
3258 3747 3364 3824 γὰρ
3416 3745 3556 3801 ἐστιν
3603 3747 3716 3801 ἐτέ-

2065 3847 2233 3912 ρωθεν
2301 3833 2527 3911 ὕπαρξις
2584 3838 2664 3905 τῷ
2722 3833 2859 3910 ἁγίῳ
2914 3834 3213 3908 Πνεύματι,
3245 3834 3330 3890 ὅτι
3378 3836 3454 3909 μὴ
3507 3834 3566 3891 ἐκ
3594 3840 3711 3889 Πα-

2062 3923 2210 4000 τρὸς,
2271 3922 2387 3977 ὅθεν
2461 3922 2551 3977 καὶ
2629 3921 2996 3997 ἐκπορεύεται,
3056 3919 3179 3979 οὔτε
3253 3925 3352 3993 τήν
3428 3923 3504 3986 εἰς
3563 3926 3712 3997 ἡμᾶς

2063 4011 2337 4088 χορηγίαν
2370 4011 2459 4066 καὶ
2490 4011 2695 4085 πέμψιν
2728 4011 2815 4066 καὶ
2848 4009 3015 4082 δόσιν,
3046 4013 3092 4068 εί
3131 4012 3221 4068 καὶ
3252 4011 3508 4088 ἀλλαχοῦ
3556 4017 3717 4068 τοῦτο

2066 4101 2339 4176 σημαίνει,
2373 4099 2499 4156 ἀλλ’
2548 4099 2715 4170 αὐτὴν
2743 4100 2907 4156 αὐτοῦ
2935 4103 3035 4172 τὴν
3086 4099 3176 4157 διὰ
3219 4107 3317 4157 τοῦ
3363 4103 3492 4157 Υἱοῦ
3540 4099 3714 4157 ἀΐδιον

2067 4188 2335 4268 ἕκφανσιν,
2396 4189 2788 4267 συντρέχουσαν
2841 4191 2934 4246 καὶ
2987 4190 3474 4266 συνεπινοουμένην
3529 4195 3598 4265 τῇ
3656 4189 3717 4246 ἐκ

2067 4281 2278 4357 Πατρὸς
2308 4278 2472 4335 αὑτοῦ
2503 4278 2579 4341 εἷς
2609 4279 2671 4333 τὸ
2704 4278 2833 4334 εἶναι
2862 4277 3107 4356 προόδῳ.

2139 4373 2256 4424 ’Ότι
2290 4367 2347 4423 δὲ
2392 4373 2639 4423 τοιοῦτον
2696 4368 2932 4444 ἀρχῆθεν
2982 4371 3141 4443 ἡμῶν
3198 4370 3261 4425 τὸ
3319 4367 3591 4447 φρόνημα,
3621 4366 3712 4422 καὶ

2067 4462 2174 4514 τῶν
2251 4462 2349 4512 τοῦ
2424 4457 2646 4531 Μάρκου
2728 4458 3089 4535 φρονημάτων
3148 4478 3208 4511 τε
3273 4456 3362 4511 καὶ
3422 4453 3710 4530 δογμάτων

2070 4546 2325 4603 πλεῖστον
2382 4545 2704 4625 ἀφεστηκὸς,
2769 4551 3121 4622 μαρτυροῦσι,
3154 4546 3245 4600 καὶ
3303 4544 3401 4600 ὅσα
3455 4544 3561 4621 πρὸ
3618 4548 3713 4598 τοῦ

307 4634 423 4708 τρὶ,
458 4632 515 4702 ἐξ
540 4630 604 4686 οὗ
637 4630 1002 4705 ἐκπορεύεται,
1034 4632 1123 4686 καί
1148 4636 1228 4702 τῷ
1271 4631 1467 4688 ἐκεῖθεν
1516 4634 1800 4712 ἀφράστως
1847 4657 1966 4711 γεν-
1994 4646 2042 4711 D
2070 4637 2246 4709 τόμου
2296 4633 2532 4697 πολλοῖς
2592 4630 2762 4690 ἔτεσιν
2821 4632 3098 4689 ἐκδέδοταί
3149 4654 3265 4708 μοι,
3302 4632 3391 4688 καὶ
3432 4631 3531 4687 ὅσα
3580 4632 3715 4705 μετά

300 4722 523 4793 νηθέντι
587 4721 717 4792 Υῖῷ,
774 4721 822 4792 ᾧ
875 4720 966 4773 καὶ
1024 4721 1338 4775 συνάπτεται
1395 4723 1542 4799 παρά
1596 4727 1694 4777 τοῦ
1752 4724 1964 4798 Πατρὸς

299 4808 392 4864 καὶ
443 4813 923 4885 συμπαρομαρτεῖ,
952 4807 1040 4862 καὶ
1088 4805 1159 4861 δι’
1200 4808 1263 4862 οὗ
1300 4807 1507 4887 πέφηνε
1552 4810 1641 4865 καὶ
1694 4809 1962 4885 ἐκλάμπει

303 4899 393 4953 καὶ
444 4901 800 4977 φανεροῦται,
849 4894 1279 4972 ἐκπορευόμενον
1330 4896 1389 4952 ἐκ
1434 4902 1529 4952 τοῦ
1582 4900 1814 4975 Πατρὸς,
1872 4899 1962 4954 καὶ

303 4985 522 5042 τελείαν
580 4984 784 5048 ἐκεῖθεν
840 4982 969 5061 ἔχον
1032 4985 1133 5053 τήν
1187 4983 1429 5062 ὕπαρξιν,
1461 4986 1550 5041 καὶ
1605 4989 1704 5056 τὴν
1738 4988 1879 5052 θείαν
1906 5009 1965 5043 τε

299 5077 392 5131 καὶ
448 5075 690 5152 ἄρρητον
746 5072 807 5128 ἐκ
860 5072 1071 5148 Πατρὸς
1131 5071 1443 5148 ἐκπόρευσιν
1523 5074 1687 5130 αὐτοῦ
1760 5077 1961 5152 τρόπον

302 5165 438 5220 εἶναι
495 5162 944 5239 μυσταγωγηθεὶς
977 5159 1141 5215 αὐτοῦ
1186 5168 1285 5231 τῆς
1338 5162 1634 5240 ὑπάρξεως,
1667 5161 1778 5219 οὔθ’
1808 5167 1960 5239 ὀμώ-

298 5276 471 5328 νυμον
506 5252 692 5331 φωνήν
740 5249 1043 5321 ἐννενόηκα,
1078 5247 1197 5306 οῦνε
1242 5252 1377 5307 ποτέ
1421 5252 1510 5307 καὶ
1556 5257 1722 5309 ταῦτα
1778 5255 1966 5311 πολλά

303 5341 765 5420 συγγραψάμενος
838 5337 1098 5418 γέγραφα.
1157 5340 1228 5395 Τὸ
1303 5341 1360 5395 δὲ
1437 5348 1659 5418 Μάρκου
1739 5345 1966 5420 χαρτίον

300 5430 443 5488 ἔστω
494 5431 635 5487 κατὰ
680 5433 780 5485 τοῦ
830 5427 1191 5506 γεγραφότος,
1241 5428 1342 5485 οὐκ
1388 5430 1523 5505 ἐμοῦ
1569 5453 1630 5508 γε
1675 5432 1820 5488 αἰτία
1874 5433 1964 5489 καί

299 5521 698 5598 κατηγόρημα,
733 5516 792 5580 ὅς
831 5537 894 5594 γε
930 5515 1099 5591 μηδὲν
1148 5525 1442 5596 προσσχεῖν
1493 5519 1771 5595 ἐπιμελῶς
1818 5521 1965 5596 αὐτῷ

370 5633 449 5704 (ί)
480 5630 677 5704 Μανει
721 5645 738 5684 ⁵

299 5694 865 5779 πρὸσεχῶς,’βραχὺς
896 5694 1031 5769 ἡμῖν
1056 5697 1147 5753 καὶ
1176 5697 1243 5752 τά
1279 5702 1502 5754 τοιαῦτα
1532 5694 1718 5775 λόγος.

2069 4727 2160 4781 τὸν
2217 4720 2411 4798 τόμον,
2448 4723 2500 4778 ἐν
2534 4724 2617 4785 οἷς
2648 4723 2840 4778 ἅπασιν
2887 4720 3002 4777 οὐδ’
3032 4722 3089 4778 ἂν
3150 4722 3300 4777 σκιὰν
3359 4721 3574 4798 εὑρήσει
3627 4742 3711 4785 τις

2073 4814 2427 4888 ὁμοιότητος.
2462 4817 2734 4888 Μαρτυρεῖ
2776 4808 2822 4865 δ’
2853 4811 2961 4887 οὐχ
2989 4810 3204 4881 ἥκιστα,
3235 4810 3323 4866 καὶ
3362 4813 3398 4881 ἡ
3428 4811 3565 4888 πρὸς
3610 4811 3710 4880 τὴν

2071 4908 2167 4959 τοῦ
2211 4902 2411 4958 Βέκκου
2458 4900 2682 4975 ἀπορίαν
2731 4899 3048 4972 ἀπάντησις,
3081 4897 3150 4955 δι’
3194 4904 3261 4970 ἧς
3306 4899 3535 4977 ἀπορίας
3575 4899 3717 4954 ἐκεῖ·

2070 5014 2163 5055 νος
2210 4994 2359 5065 ἡμᾶς
2402 4987 2734 5047 συνελαύνει.
2766 4986 3038 5060 Ἐδόκειῆ
3083 4989 3147 5045 τὸ
3192 4994 3409 5063 Πνεῦμα
3452 4988 3515 5044 τὸ
3558 4989 3712 5063 ἅγιον

2078 5082 2153 5155 μὴ
2208 5080 2422 5153 ἀμέσως
2480 5076 2772 5155 ὁμολογεῖν
2824 5078 2883 5133 ἐκ
2926 5083 3023 5134 τοῦ
3068 5080 3297 5156 Ιῐατρὸς,
3329 5079 3359 5134 ὃ
3387 5079 3478 5133 καὶ
3513 5077 3715 5141 σκοπὸς

2073 5169 2335 5241 αὐτῷκαὶ
2392 5165 2643 5245 πρόθεσις
2698 5168 2784 5238 ἦν,
2817 5168 2852 5237 ἢ
2883 5169 2976 5231 τὰς
3035 5166 3123 5223 διὰ
3175 5173 3273 5223 τοῦ
3321 5168 3447 5222 ι”ιοῦ
3495 5165 3585 5222 καί
3621 5170 3717 5221 τοῦ

2072 5262 2360 5337 προσεχῶς
2407 5256 2777 5333 κηρυττούσας
2825 5257 2956 5313 αὐτὸ
2995 5262 3103 5313 τῶν
3147 5257 3315 5334 ἁγίων
3373 5257 3555 5336 φωνὰς
3611 5276 3716 5310 πα-

2075 5348 2456 5425 ραγράφεσθαι.
2506 5346 2666 5421 Ἔχει
2719 5343 2775 5400 δὲ
2828 5347 2896 5401 τά
2945 5353 3049 5417 τῆς
3113 5346 3460 5418 ἀπαντήσεως
3528 5344 3714 5407 αὐταῖς

2075 5436 2275 5507 λέξεσιν
2307 5434 2505 5490 οὑτωσί
2531 5454 2543 5465 ·

2147 5527 2224 5600 (1)
2252 5526 2444 5598 Ἡμεῖς
2474 5541 2647 5603 φαμεν
2684 5523 2775 5579 καὶ
2822 5524 3037 5598 ἇμέσως
3082 5525 3344 5602 ὑπάρχειν
3386 5524 3449 5579 τὸ
3497 5526 3716 5596 Πνεῦμα

794 5623 857 5706 {Si
903 5624 1028 5706 περὶ
1074 5631 1175 5706 τῆς
1218 5630 1321 5706 τοῦ
1370 5627 1498 5706 Υίοῦ
1532 5627 1817 5706 *μεσιτείας
1866 5628 2016 5706 λέγει
2069 5652 2152 5694 τις
2236 5630 2326 5686 καὶ
2402 5627 2550 5693 ὅλως
2618 5630 2713 5693 τὰς
2782 5627 2872 5685 διὰ
2944 5636 3038 5687 τοῦ
3108 5632 3255 5705 Υίοῦ,
3314 5631 3403 5687 καὶ
3480 5628 3569 5687 διὰ
3620 5631 3719 5686 τοῦ
