4118 6446
434 426 548 492 281

1448 430 1766 499 GEORGII
1808 433 2074 499 CYPRII
2117 435 2237 498 ΟΡ.
2285 434 2819 499 PATRIARCH/E

433 558 492 616 ἐκ
543 565 639 618 τοῦ
692 562 924 637 ΙΙατρὸς,
955 562 1043 619 καὶ
1100 560 1190 622 διά
1243 569 1340 620 τοῦ
1396 566 1545 622 Υίοῦ.
1605 566 1703 623 Καὶ
1761 564 1883 623 οὔτε
1939 570 2076 623 κατά
2107 572 2153 636 Α
2189 569 2371 640 Ἰησοῦ
2426 574 2659 646 Χριστοῦ
2719 569 2949 645 βήματι,
2978 570 3076 622 τοῦ
3128 564 3225 629 τὰς
3281 563 3615 636 συνειδήσει(
3671 567 3828 638 ἡμῶν

430 649 556 713 τοὺς
609 651 911 715 ἀντιθέτους
972 653 1159 725 εἰπεῖν,
1221 654 1436 727 ἀμέσως
1493 654 1622 710 αὐτὸ
1679 656 1949 733 λέγοντες,
2007 657 2072 713 τὸ

434 736 504 795 δι’
550 742 676 796 Υίοῦ
737 747 1133 818 καταργοῦμεν,
1193 739 1315 799 οὔτε
1363 743 1426 799 τὸ
1485 741 1555 800 δι’
1612 746 1739 800 Υἰοῦ
1796 744 2072 819 ἀνομολο-

430 834 667 905 γοῦντες,
724 830 787 885 τὸ
862 829 1077 904 ἀμέσως
1150 831 1476 906 ἀρνούμεθα.
1536 834 1636 888 Καὶ
1690 835 1795 912 γάρ
1855 836 2071 910 ἀμέσως

433 914 854 993 δογματίζομεν,
897 918 1190 995 ἐπειδήπερ
1238 922 1337 990 τήν
1386 924 1503 977 καθ’
1550 923 1838 979 ὑπόστασιν
1907 926 2074 1002 ῦπαρ-

430 1009 527 1079 ξιν,
558 1007 646 1062 καὶ
678 1005 826 1071 ὅλως
857 1007 984 1063 αὐτὸ
1016 1006 1083 1078 δὴ
1112 1010 1175 1064 τὸ
1205 1011 1334 1066 εἶναι
1385 1010 1435 1084 ἐξ
1493 1011 1657 1066 αύτοῦ
1706 1017 1804 1069 τοῦ
1862 1016 2072 1091 Ιῐατρὸς

431 1091 545 1172 ἔχει
601 1096 665 1151 τὸ
721 1101 960 1172 Ιινεῦμα,
992 1098 1081 1154 καὶ
1131 1098 1231 1154 οὐκ
1259 1099 1318 1153 ἐκ
1344 1105 1441 1155 τοῦ
1470 1102 1620 1169 Υἰοῦ,
1653 1100 1778 1157 ούδὶ
1835 1101 1923 1158 διὰ
1976 1110 2073 1160 τοῦ

430 1186 577 1240 Υίοῦ.
611 1186 679 1240 Ἦ
736 1186 836 1264 γάρ
894 1187 952 1242 ἃν
1005 1188 1095 1242 καὶ
1153 1187 1324 1250 αἶ’τιος
1380 1190 1523 1245 οὕτω
1577 1195 1676 1246 τοῦ
1712 1191 2072 1267 Παρακλήτου

431 1275 460 1329 ὁ
503 1275 625 1337 Υἱὸς
684 1275 929 1352 ὑπῆρχεν
988 1276 1436 1355 ἀναμφηρίστως,
1489 1279 1621 1357 ὅπερ
1690 1279 1802 1336 οὔτ’
1860 1278 2072 1345 εὐσεϐές

429 1362 562 1435 ἐστι,
592 1364 682 1419 καὶ
713 1362 889 1428 οὐδεὶς
923 1364 1183 1422 οὐδέποτε
1211 1372 1317 1422 τῶν
1372 1369 1536 1445 ἁγίων
1586 1368 1699 1426 061'
1729 1370 1917 1438 εἰπὼν,
1950 1371 2075 1428 οὕτε

430 1452 642 1528 γράψας
700 1452 887 1531 ἐφάνη.
933 1456 1031 1509 Διά
1084 1459 1181 1509 τοῦ
1232 1457 1361 1512 Υίοῦ
1419 1454 1477 1512 δὲ
1524 1459 1697 1535 φαμὲν
1744 1460 1807 1515 τὸ
1853 1465 2074 1533 Πνεῦμα

428 1540 516 1595 καὶ
572 1542 670 1609 τήν
729 1541 948 1615 ἀμέσως
1005 1543 1304 1620 ὁμολογίαν
1360 1548 1521 1619 ἡμῶν
1558 1548 1633 1620 μὴ
1693 1547 2071 1623 λυμαίνεσθαι,

429 1626 616 1698 ἐπειδὴ
676 1628 737 1685 ἐκ
791 1633 1002 1708 Πατρὸς
1061 1632 1489 1710 ἐκπορευόμενον
1546 1636 1637 1690 καὶ
1689 1637 2070 1715 ἀφιστάμενον,

428 1717 480 1789 ἐξ
510 1718 573 1773 οῦ
604 1715 670 1788 δή
720 1720 810 1774 καὶ
841 1721 870 1774 ὁ
904 1721 1024 1783 Υἱὸς
1068 1728 1338 1797 γεννᾶται,
1373 1720 1442 1778 δι’
1472 1723 1637 1779 αὐτοῦ
1684 1723 1751 1794 δή
1799 1731 1898 1781 τοῦ
1946 1729 2074 1782 Υἰοῦ

427 1807 759 1884 προέρχεται
785 1806 876 1863 καί
907 1807 1195 1882 ἐκλάμπει,
1234 1810 1443 1868 τέλειον
1474 1812 1621 1882 πλὴν
1682 1812 1810 1890 ἔχον
1840 1816 1903 1871 τὸ
1939 1816 2075 1871 εἶναι

2180 663 2493 736 κρινοῦντος
2523 658 2613 713 καὶ
2646 658 2854 731 ἑκάστῳ
2883 658 3020 712 κατά
3049 657 3117 711 τά
3146 654 3279 733 ἔργα
3306 654 3472 712 αὐτοῦ
3517 651 3829 710 ἀποδώσονο

2179 770 2291 812 τος.
2328 748 2387 804 Εἰ
2417 746 2475 803 δὲ
2503 747 2817 821 πλάττομαι
2844 746 2934 801 καὶ
2971 748 3047 820 μὴ
3074 745 3214 801 κατά
3257 746 3327 799 τά
3381 744 3604 820 ῥήματα
3661 749 3831 800 ταῦτα

2180 838 2269 893 καὶ
2299 839 2362 892 τὸ
2390 840 2487 906 τῆς
2518 836 2656 910 ἐμῆς
2688 838 2872 911 ψυχῆς
2905 834 3014 891 ἐστι
3065 834 3338 913 φρόνημα,
3370 832 3665 910 ἀλλότριος
3715 831 3829 904 εἴην

2184 931 2417 1003 Χριστοῦ
2472 926 2560 981 καὶ
2617 931 2714 981 τοῦ
2770 930 2879 980 τῶν
2929 921 3195 980 ἐκλεκτῶν
3247 921 3465 1000 κλήρου
3522 921 3828 997 ἐκπέσοιμι.

2183 1015 2281 1071 Καὶ
2333 1020 2501 1071 ταῦτα
2558 1015 2651 1088 μὶν
2710 1014 2870 1077 αὐτὸς
2917 1013 3024 1089 ἐγὼ
3074 1013 3198 1089 περὶ
3248 1011 3508 1088 ἐμαυτοῦ.
3542 1014 3729 1074 Ὅστις
3773 1009 3832 1067 δέ

2186 1125 2254 1177 με
2306 1109 2413 1160 τῶν
2476 1105 2723 1159 ἁπάντων
2783 1104 2917 1176 μετά
2971 1101 3172 1172 ταύτην
3210 1123 3315 1176 μου
3368 1102 3468 1170 τῆν
3527 1099 3835 1176 ὁμολογίαν

2180 1196 2278 1263 τήν
2338 1193 2481 1249 οὕτω
2535 1190 3049 1272 κατησφαλισμένην
3108 1189 3187 1247 ἔτι
3259 1196 3599 1269 συκοφαντῶν
3663 1190 3835 1264 ἐμμέ-

2181 1305 2257 1339 νει
2305 1284 2395 1339 καὶ
2446 1278 2783 1353 διαϐάλλων,
2833 1281 2923 1337 καὶ
2988 1280 3087 1336 ούκ
3151 1275 3528 1337 εὐσεϐέστατον
3576 1286 3833 1356 Χριστια-

2181 1374 2271 1429 νὸν
2329 1374 2418 1428 τὸν
2466 1372 2692 1443 ἀληθῶς
2748 1371 2831 1427 ἀεὶ
2882 1375 3131 1426 τοιοῦτον
3186 1370 3284 1444 ἐμέ
3340 1371 3432 1425 καὶ
3487 1371 3703 1444 ἡγεῖται
3741 1369 3836 1425 καὶ

2183 1462 2467 1539 ὁμολογεῖ,
2500 1462 2700 1523 ἐκεῖνος
2760 1459 2983 1532 ἀληθῶς
3041 1468 3142 1530 τῆς
3194 1453 3466 1521 εὐσεϐείας
3514 1456 3835 1532 ἀλλότριος,

2184 1551 2381 1613 ἐκεῖνος
2439 1549 2628 1626 πόρῥω
2683 1552 2782 1619 τῆς
2836 1547 3153 1625 ὀρθότητος,
3206 1547 3296 1602 καὶ
3343 1549 3446 1617 τῆς
3497 1551 3835 1623 Χριστιανῶν

2184 1642 2493 1714 ἀμωμήτου
2548 1639 2778 1701 πίστεως
2835 1635 3134 1711 πολέμιος·
3184 1636 3389 1699 ἐκεῖνος
3415 1635 3507 1692 καὶ
3571 1633 3837 1698 ὑπόδικος

2185 1727 2269 1800 εἴη
2319 1734 2439 1792 ταῖς
2488 1728 2646 1806 ἀραῖς
2676 1727 2739 1790 ἃς
2772 1724 3065 1802 διαγέγονα
3112 1726 3466 1802 ἐπαρώμενος
3515 1723 3756 1799 ἐμαυτῷ,
3786 1724 3841 1779 εἴ

2187 1820 2263 1891 μή
2307 1823 2427 1879 ταῖς
2487 1817 2649 1891 ἐμαῖς
2705 1817 2927 1878 ταύταις
2983 1815 3108 1889 περὶ
3152 1813 3386 1876 πίστεως
3414 1819 3619 1893 φωναῖς
3650 1813 3839 1871 καὶτὸ

425 1897 553 2001 παρ’
584 1896 748 2003 ανύτοῦ
800 1902 897 2009 1:6
953 1898 1165 2009 Πατρός
1190 1920 1202 1932 ·
1260 1901 1379 2009 καθ’
1406 1901 1465 1956 ’όν
1526 1899 1592 1971 δὴ
1622 1903 1852 2009 λτρόπον
1898 1905 1986 1960 καὶ
2011 1906 2073 1960 τὸ
2106 1944 2153 2009 Β
2180 1910 2279 1976 τῆς
2320 1910 2507 1983 ψυχῆς
2552 1900 2836 1980 συμϐαίνει
2884 1904 3165 2009 φρόνημα,
3197 1902 3480 2009 λογισθείη
3530 1910 3629 2009 τῆς
3689 1902 3845 2009 μερέ-

429 1987 542 2063 φῶς
574 1981 784 2062 εἷ’ρηται
815 1983 906 2041 διὰ
931 1994 1035 2056 τῆς
1065 1987 1283 2051 ἀκτῖνος
1326 1988 1387 2044 ἐκ
1433 1996 1531 2045 τοῦ
1578 1990 1767 2065 ἡλίου,
1795 1990 1923 2070 ἔχον
1979 1996 2075 2068 μὲν
2106 1981 2153 2009 υ
2186 1994 2279 2056 δος
2330 1981 2437 2049 τῶν
2481 1991 2577 2049 δύο
2636 1981 3006 2072 συκοφαντῶν,
3051 1990 3250 2055 σ’ίτινες
3310 1990 3398 2048 ἐπὶ
3458 1990 3672 2067 Καϊάφα
3720 1990 3843 2067 κρί-

426 2074 613 2148 πηγῆν
638 2073 728 2128 καὶ
759 2074 932 2129 αἲτίαν
964 2080 1061 2130 τοῦ
1099 2076 1232 2131 εἶναι
1282 2078 1374 2133 τὸν
1426 2078 1589 2148 ἥλιον
1636 2081 1711 2144 ὡς
1760 2082 1940 2159 ἀρχὴν
1986 2083 2078 2139 αύ-

426 2166 526 2217 τοῦ
554 2164 782 2240 φυσικήν
811 2184 824 2197 ο
876 2160 1012 2219 διιὸν
1064 2161 1112 2219 δ’
1160 2163 1316 2238 ὅμως
1358 2168 1453 2222 καὶ
1495 2169 1685 2244 προϊὸν
1725 2170 1815 2225 καί
1865 2170 2077 2245 ἐκλάμ-

432 2271 533 2339 πον
595 2247 683 2339 διά
735 2258 837 2322 τῆς
900 2252 1134 2321 ἀκτῖνος,
1168 2253 1318 2325 ἐξῆς
1351 2255 1460 2332 ούχ
1505 2256 1727 2334 ὕπαρεις
1780 2264 1859 2332 τῷ
1914 2262 2074 2339 φωτὶ,

431 2335 546 2425 οὐδ’
604 2338 896 2425 οὐσίωσις’
956 2341 1083 2398 ἀλλ’
1126 2341 1250 2412 ἥκει
1305 2344 1401 2418 μὲν
1459 2346 1650 2418 αὐτῆς,
1710 2348 1784 2410 ὡς
1843 2335 2076 2425 εἴρηται,

432 2424 549 2503 ἔχει
598 2424 655 2483 δὲ
702 2427 881 2506 ἀρχὴν
911 2435 1009 2485 106
1040 2430 1174 2485 εἶναι
1207 2429 1278 2487 δι’
1324 2434 1492 2503 αὐτῆς
1540 2435 1577 2505 ἢ
1625 2434 1674 2509 ἐξ
1723 2424 1902 2506 αὐτῆς
1922 2438 2079 2495 οὖδα-

432 2520 569 2589 μῶς,
618 2512 765 2572 ἀλλά
819 2521 1072 2595 καθαρῶς
1129 2519 1219 2576 καὶ
1279 2521 1495 2595 ἀμέσως
1548 2524 1607 2579 ἐκ
1643 2530 1739 2580 τοῦ
1796 2524 1981 2599 ἡλίου,
2024 2528 2076 2600 ἐξ

430 2604 495 2658 οὗ
555 2602 622 2694 δή
669 2607 760 2662 καὶ
816 2606 951 2677 αύτή
985 2610 1019 2678 ἡ
1051 2608 1223 2682 ἀκτὶς,
1257 2608 1325 2665 δι’
1352 2614 1524 2689 ἧσπερ
1579 2614 1642 2668 τὸ
1690 2618 1804 2693 φῶς
1835 2616 2074 2694 φαίνεται

426 2693 645 2770 προϊόν.

2183 2103 2366 2143 νοντος
2478 2083 2706 2156 Χριστὸν
2820 2080 3167 2152 ἐξανέστησαν
3295 2084 3845 2156 καταμαρτυροῦντες

2186 2176 2442 2248 Χριστοῦ.
2474 2168 2576 2240 Εἷ¹η
2636 2172 2770 2245 μετά
2817 2175 2925 2225 τῶν
2987 2168 3284 2246 εἰρηκότων
3344 2168 3549 2225 πλάνον
3612 2169 3848 2244 Χριστὸν

2185 2259 2343 2315 αὐτὸν
2397 2261 2486 2314 τὸν
2546 2258 2728 2330 ἀληθῆ
2773 2260 2903 2315 Θεὸν
2964 2258 3055 2313 καὶ
3110 2261 3369 2334 Σωτῆρα,
3402 2259 3502 2327 τήν
3561 2255 3845 2327 αύτοαλή-

2187 2360 2355 2421 θειαν,
2386 2349 2445 2411 ’ὀς
2488 2347 2633 2404 ἄλλα
2681 2348 2856 2425 λέγειν
2912 2348 3052 2422 ὑμᾶς
3096 2347 3186 2403 καὶ
3236 2345 3382 2403 ἄλλα
3436 2352 3654 2425 φρονεῖν
3687 2345 3844 2402 ὑπεί-

2187 2436 2353 2517 ληφε,
2380 2438 2628 2502 καὶτοὺς
2671 2436 2878 2500 ἄλλους
2928 2437 3101 2499 οὕτως
3159 2431 3567 2510 ὑπολαμϐάνειν
3614 2435 3850 2513 προτρέ-

2186 2548 2365 2598 πεται,
2395 2528 2485 2583 καὶ
2548 2529 2623 2602 μή
2686 2524 2913 2603 δάκρυα,
2951 2528 3027 2600 μῆ
3085 2526 3332 2594 νηστεία,
3380 2526 3456 2600 μὴ
3519 2524 3851 2601 σκληραγω-

2183 2617 2274 2694 γία
2324 2617 2414 2672 καὶ
2459 2618 2535 2690 μή
2584 2616 2738 2688 τῆξις
2785 2618 3066 2689 σώματος,
3102 2616 3179 2689 μή
3210 2615 3406 2680 πένθος
3462 2612 3703 2686 διηνεκὲς
3752 2615 3847 2669 καὶ

2188 2704 2354 2777 ὀδύνη
2413 2709 2622 2782 ψυχῆς,
2660 2703 2801 2780 μηδέ
2854 2726 2941 2768 τις
2989 2704 3136 2767 ὅλως
3184 2704 3389 2781 τρόπος
3423 2703 3710 2777 μετανοίας
3739 2711 3847 2774 τῆς

503 2781 657 2851 Πλὴν
684 2784 752 2838 τὰ
777 2791 878 2853 τῆς
911 2785 1216 2862 ὁμολογίας
1249 2786 1372 2861 ἐμοὶ
1407 2789 1578 2855 οὕτως
1610 2789 1754 2868 ἔχει·
1807 2794 1896 2847 καὶ
1943 2795 2072 2848 καθ·
2104 2778 2148 2847 (ἶ
2185 2778 2446 2866 τοιαύτης
2491 2778 2669 2851 αὐτὸν
2701 2793 2973 2865 ἐξελέσθαι
3020 2778 3317 2863 καταδίκης
3366 2792 3656 2869 ἰσχύσειεν.
3687 2790 3850 2850 Ἀλλ’

430 2871 613 2960 ῶσπερ
654 2877 770 2928 τοῖς
819 2872 1059 2950 χείλεσιν
1118 2876 1483 2953 ὡμολόγησα,
1515 2879 1660 2937 οὕτω
1697 2882 1786 2936 καὶ
1828 2886 1897 2957 τῇ
1947 2903 2076 2960 καρ-

429 2956 520 3031 δίᾳ
592 2960 941 3034 πεπίστευκα,
1001 2964 1090 3018 καὶ
1149 2966 1226 3028 ὡς
1281 2966 1535 3039 ἀληθεύω
1587 2968 1639 3025 ἐν
1690 2969 1906 3034 τούτοις
1961 2956 2080 3036 τοῖς

431 3047 668 3137 ῥήμασιν
721 3048 891 3124 μηδὲν
943 3049 1017 3107 ὢν
1077 3054 1401 3134 ἀσύμφωνος
1455 3058 1593 3113 κατὰ
1636 3063 1807 3115 ταῦτα
1853 3061 1987 3137 πρὸς
2015 3062 2083 3117 τὰ

433 3134 578 3193 ἔνδον
637 3141 737 3211 τῆς
799 3137 1040 3205 διανοίας
1096 3146 1390 3218 κινήματα,
1422 3145 1636 3221 γένοιτό
1698 3170 1791 3222 μοι
1840 3134 2084 3228 σωτηρία

436 3229 643 3304 ψυχῆς,
676 3228 765 3285 καὶ
822 3229 1095 3306 ἀμέμπτῳ
1148 3237 1486 3307 παραστῆναι
1541 3241 1622 3310 τῷ
1675 3242 1774 3293 τοῦ
1824 3242 2084 3317 Σωτῆρος

2188 2885 2264 2947 ὡς
2338 2888 2670 2961 Χριστιανῶν
2753 2882 3092 2959 ἐπηρεαστής
3144 2883 3235 2938 καὶ
3291 2881 3629 2960 συκοφάντης
3682 2884 3851 2953 κατή-

2189 2994 2379 3050 γορος,
2418 2976 2519 3042 τῆς
2572 2977 2681 3028 τῶν
2743 2977 3080 3047 Χριστιανῶν
3143 2968 3363 3048 μερίδος
3423 2969 3847 3044 ἀλλοτριωθείη,

2190 3063 2280 3118 καὶ
2334 3061 2755 3141 παραπεμφθείη
2810 3067 2931 3125 ταῖς
2994 3059 3381 3132 ἀτελευτήτοις
3439 3059 3716 3137 βασάνοις,
3751 3061 3848 3121 τὰς

2191 3159 2294 3222 τῆς
2352 3151 2987 3229 Χριστιανοκατηγορίας
3046 3150 3267 3217 εὐθύνας
3316 3150 3522 3230 ὑφέξων
3572 3148 3650 3212 εἰς
3678 3148 3849 3204 αἰῶνα

2194 3242 2284 3296 τὸν
2317 3241 2546 3298 ἅπαντα.

930 3545 1204 3643 ΤΟΥ.
1249 3547 1669 3647 ΑΥΤΟΥ
1743 3552 2475 3652 ΑΓΙΩΤΑΤΟΥ
2553 3551 3369 3650 ΠΑΤΡΙΑΡΧΟΥ

1628 3805 2639 3938 ΓΡΗΓΟΡΙΟΥ

1037 4064 1393 4118 ΔΙΙΟΛΟΓΙΔ
1431 4067 1615 4120 ΙῙΡΟΣ
1654 4069 1789 4122 ἸἮΝ
1828 4069 2009 4121 ΚΑΤΑ
2045 4069 2167 4121 ΤΟΥ
2203 4066 2434 4124 ΤΟΗΟΥ
2469 4068 2758 4125 ΜΕΜΨΙΝ
2794 4065 3239 4122 ΙΣΧΥΡΟΤᾹΤΗ.

510 4307 621 4366 Ἀεὶ
655 4308 749 4381 μὶν
783 4307 893 4384 ἐγὼ
921 4308 1184 4386 πρότερον
1209 4308 1336 4373 τοὺς
1365 4308 1555 4367 πολλά
1582 4314 1706 4389 περὶ
1752 4318 1886 4369 Θεοῦ
1915 4314 2080 4392 φθεγ-

438 4397 713 4472 γομένους
759 4395 951 4474 ἄνδρας
997 4398 1319 4473 ἐθαύμαζον,
1358 4399 1411 4455 τί
1459 4421 1591 4456 ποτε
1637 4401 1820 4463 αὐτοῖς
1867 4402 1929 4457 τὸ
1972 4407 2079 4457 τῶν

438 4484 619 4561 λόγων
671 4484 885 4556 πλῆθος
934 4482 1229 4561 ἠϐούλετο,
1265 4487 1379 4559 ἐξὸν
1427 4488 1675 4552 εἰπόντας
1730 4489 1960 4566 βραχέα,
1991 4489 2081 4545 καὶ

435 4573 601 4650 ταύτῃ
652 4576 745 4632 τὸν
800 4571 991 4647 εὐσεϐῆ
1053 4582 1177 4632 νοῦν
1245 4577 1590 4656 ἐμφήναντας
1645 4579 1871 4648 ἑαυτῶν,
1931 4584 2081 4654 σιγᾷν

438 4663 648 4739 ἀγαπᾷν
702 4669 800 4720 τοῦ
857 4662 1080 4737 λοιποῦ,
1111 4667 1188 4729 ὡς
1221 4666 1386 4740 μόνου
1428 4663 1495 4737 δὴ
1546 4664 1791 4730 πολλοὺς
1820 4668 1883 4723 06
1913 4689 2080 4745 προσ-

435 4750 664 4824 τεμένου
707 4758 806 4808 τοῦ
863 4753 987 4830 περὶ
1036 4756 1227 4810 ἐαυτοῦ
1278 4750 1474 4832 λόγους
1522 4759 1677 4827 Θεοῦ,
1711 4757 1842 4833 ὑπὲρ
1884 4756 2082 4812 ούσιῶν

439 4835 593 4903 ὄντος
644 4841 734 4897 καὶ
784 4842 946 4919 λόγον
994 4844 1085 4899 καὶ
1140 4850 1311 4899 πᾶσαν
1356 4843 1696 4919 κατάληψιν
1755 4846 1866 4901 νυνὶ
1915 4843 1972 4902 δέ
2017 4868 2084 4920 με

437 4930 500 4984 τὸ
555 4930 679 5007 περὶ
734 4936 842 4986 τῶν
902 4932 1045 4987 οὕτω
1117 4931 1594 5009 τεθεολογηκότων
1653 4932 1909 5007 οὐδαμῶς
1966 4930 2080 5011 ἔχει

438 5021 636 5091 θαῦμα.
689 5020 787 5075 Καὶ
831 5022 931 5097 γὰρ
985 5021 1113 5084 τοὺς
1169 5019 1415 5085 πολλοὺς
1472 5021 1689 5078 ἐκείνων
1751 5023 1951 5100 ἀνάγκη
2013 5022 2079 5095 δή

437 5128 544 5161 τινι
590 5110 992 5187 προσενήνεγκα
1052 5109 1271 5186 λόγους,
1322 5108 1447 5167 ἀλλ’
1498 5111 1559 5166 06
1608 5109 1898 5190 φιλοτιμίᾳ
1951 5133 2080 5167 κατ-

2188 4307 2472 4369 ϐἀνεσθαι’
2530 4310 2690 4380 ὥστε,
2747 4308 2916 4380 οὔσης
2984 4308 3221 4384 ἀνάγκης
3289 4308 3426 4385 πρὸς
3500 4306 3845 4387 ἀμφοτέρους

2190 4401 2505 4479 στρέφεσθαί
2534 4422 2594 4457 τε
2637 4400 2727 4456 καὶ
2777 4402 3033 4471 ἀπσντᾷν,
3066 4397 3291 4460 εἰκότως
3347 4397 3437 4452 καὶ
3498 4403 3674 4470 μῆκος
3727 4400 3847 4459 τοῖς

2190 4492 2317 4567 περὶ
2371 4496 2505 4547 Θεοῦ
2564 4489 2812 4567 λέγουσιν
2846 4490 2874 4544 ὁ
2919 4484 3088 4564 λόγος
3146 4484 3442 4561 ἐλάμϐανε,
3476 4484 3846 4563 βουλομένοις

2191 4581 2390 4643 ἱκανῶς
2475 4579 2806 4659 ἀμφοτέροις
2884 4576 3142 4648 ἐπεξιέναι
3216 4581 3333 4638 τοῖς
3414 4572 3617 4652 μέρεσι.
3673 4578 3846 4629 Τοῦτο

2192 4664 2402 4743 συμϐὰν
2456 4666 2565 4724 ἴδοι
2610 4688 2694 4731 τις
2744 4667 2803 4723 ἂν
2849 4667 3096 4743 ἀτεχνῶς
3138 4664 3195 4721 ἐν
3243 4669 3325 4737 τῷ
3372 4663 3600 4742 παρόντι
3641 4663 3733 4718 καὶ
3763 4662 3846 4742 ἐφ’

2189 4760 2348 4832 ἡμῖν.
2372 4759 2549 4833 Σιγὴν
2602 4758 2704 4835 γὰρ
2760 4761 2869 4812 τῶν
2922 4756 3047 4832 περὶ
3077 4758 3213 4810 Θεοῦ
3243 4751 3429 4829 λόγων
3459 4751 3545 4807 ἀεὶ
3589 4748 3681 4806 διὰ
3711 4772 3846 4806 παν-

2189 4846 2285 4907 τὸς
2336 4844 2729 4923 ἀγαπήσαντες,
2760 4849 2877 4907 τοῖς
2932 4863 2991 4899 τε
3051 4841 3154 4897 ὑπὸ
3209 4845 3318 4895 τῶν
3371 4843 3470 4894 τοῦ
3526 4836 3846 4912 Πνεύματος

2192 4932 2400 5011 ἀνδρῶν
2460 4933 2796 5011 εἰρημένοις,
2831 4934 2906 4995 ὡς
2939 4931 3039 4988 οὐκ
3065 4931 3132 5001 ῆν
3168 4927 3384 5007 βέλτιον
3444 4925 3635 4989 ἄλλως
3689 4925 3844 5002 εἰρῆ-

2191 5025 2332 5095 σθαι,
2372 5022 2718 5099 ἀρκούμενοι,
2749 5023 2840 5078 καὶ
2874 5023 3089 5083 ἄκοντες
3146 5017 3301 5093 ὅμως
3352 5017 3430 5081 εἰς
3478 5014 3673 5078 αὐτοὺς
3705 5014 3846 5088 ἐλη-

2191 5109 2456 5185 λύθαμεν,
2487 5112 2577 5167 καὶ
2630 5108 2772 5185 μηδέ
2822 5112 3048 5187 βραχεῖς
3090 5109 3190 5179 τὴν
3240 5108 3420 5184 ἀρχὴν
3467 5105 3637 5162 εἰπεῖν
3692 5103 3844 5160 ἐννο-

439 5194 662 5276 είληφα.
723 5197 916 5253 Ἐκίνει
980 5199 1075 5271 μὲν
1152 5197 1242 5254 οῦν
1301 5199 1378 5262 είς
1430 5188 1689 5255 τοσοῦτον
1745 5201 1834 5256 καὶ
1882 5204 1917 5271 ἡ
1974 5205 2083 5256 τῶν
2111 5188 2159 5255 D
2190 5204 2372 5262 οῦντες
2426 5200 2504 5263 εἰς
2565 5206 2740 5274 μῆκος
2791 5197 2985 5260 αὐτοὺς
3041 5195 3311 5267 ἐκτείνειν,
3345 5193 3526 5271 ὥσπερ
3572 5192 3721 5255 τινὸς
3752 5192 3844 5248 ὑπ’

438 5287 723 5360 αἱρετικῶν
812 5286 1119 5362 φιλόνεικος
1194 5288 1413 5365 γνώμη,
1492 5288 1779 5353 ἀντιθέσεις
1852 5291 1934 5345 ἀεὶ
2002 5295 2081 5363 τῷ

442 5374 589 5451 ὀρθῷ
618 5373 769 5453 λόγῳ
799 5374 973 5439 ἄλλας
1018 5376 1099 5432 ἐπ’
1129 5375 1325 5439 ἄλλαις
1377 5377 1556 5454 ὥσπερ
1612 5378 1852 5435 θάλασσα
1905 5378 2081 5453 κύμα-

439 5487 520 5520 σιν
577 5465 904 5545 ἐπιφέρουσα
978 5466 1220 5539 κύματα·
1271 5464 1431 5521 ἐκίνει
1499 5465 1556 5521 δὲ
1614 5464 1745 5531 ἴσως
1821 5468 1911 5524 καὶ
1971 5473 2080 5523 τῶν

439 5550 625 5611 ἄλλων
712 5560 912 5610 σκαιῶν
984 5555 1283 5630 ἀνθρώπων
1350 5554 1441 5609 καὶ
1500 5555 1773 5630 βασκάνων
1834 5557 2081 5634 ἐπήρεια,

437 5643 755 5722 πεφυκότων
820 5644 900 5699 ἀεὶ
950 5645 1048 5706 τὰς
1106 5640 1277 5705 καλὰς
1357 5642 1775 5721 ἐπιμέμφεσθαι,
1831 5648 1922 5701 καὶ
1976 5647 2085 5702 τῶν

438 5732 575 5811 πρὸς
606 5728 878 5801 εὐσέϐειαν
917 5731 1223 5810 εἰρημένων
1272 5731 1347 5794 ὡς
1409 5732 1485 5805 μή
1532 5732 1793 5790 τοιούτων
1846 5734 2081 5811 ἐπιλαμ-

2190 5290 2426 5366 ἀνάγκης
2496 5290 2850 5366 ὑπήχθημεν.
2928 5287 3027 5343 Καὶ
3103 5286 3223 5341 τίνα
3299 5284 3544 5361 τρόπον;
3613 5282 3880 5352 ἈνέστηΔ

2190 5384 2406 5457 πρῶτον
2466 5377 2721 5448 Ἰωάννης
2780 5377 2810 5432 ὁ
2866 5376 3067 5439 Βέκκος
3124 5371 3311 5430 λαλῶν
3368 5393 3427 5428 τε
3480 5371 3570 5427 καὶ
3618 5369 3839 5448 γράφων

2192 5465 2608 5545 διεστρτομμένα.
2667 5465 2817 5523 Ἔδει
2866 5465 3084 5527 πάντως
3139 5463 3375 5533 ἀπαντᾷν
3426 5461 3563 5537 πρὸς
3618 5459 3838 5515 ἐκεῖνον.

2191 5553 2340 5611 Ἔδει
2397 5557 2473 5629 μή
2521 5557 2621 5626 τὴν
2670 5561 2834 5632 χεῖρα
2876 5553 2966 5609 ἐπὶ
3013 5551 3282 5627 στόματος
3319 5553 3507 5621 θεῖναι,
3538 5545 3684 5623 μηδὲ
3720 5547 3840 5623 χώ-

2193 5666 2287 5721 ραν
2320 5642 2412 5700 διά
2436 5646 2536 5713 τῆς
2564 5651 2779 5715 σιωπῆς
2809 5640 3017 5699 διδόναι
3060 5639 3208 5713 αὐτῷ
3260 5641 3361 5710 τὴν
3423 5636 3607 5711 λύμην
3666 5634 3839 5695 ἐκτεί-

2191 5732 2491 5801 νεσθαι.Ἐί
2547 5734 2653 5810 γὰρ
2707 5732 2798 5789 καὶ
2852 5733 2916 5788 τὸ
2961 5737 3064 5801 τῆς
3120 5735 3336 5800 σιωπῆς
3382 5723 3672 5783 ἀκίνδυνον
3701 5724 3835 5781 εἶναι
