4118 6430
267 430 392 494 253
1537 432 1872 496 SCRIPTA
1915 429 2483 496 APOLOGETICA.
3586 425 3707 490 254

274 566 443 640 γέρας
503 562 811 639 ἀκούομεν,
864 570 993 639 μιᾶς
1050 561 1117 635 δὴ
1173 565 1379 637 ταύτης
1431 564 1584 639 ὅμως
1646 571 1861 633 σιωπῆς
1918 563 1947 616 ὁ
1977 564 2033 631 Α
2061 562 2214 618 αὐτοί
2249 585 2343 637 μοι
2374 562 2591 619 δοκοῦσι
2625 561 2715 620 καὶ
2749 562 2889 637 ὑμᾶς
2921 558 3177 640 προέχειν
3231 556 3442 634 μᾶλλον
3491 557 3703 616 ἐθέλον-

276 653 498 731 ιαρπὸς
550 653 659 709 οὐκ
710 651 1013 717 ἀκίνδυνος.
1046 656 1458 729 Ἀπηντήκαμεν
1519 653 1609 711 οὖν
1670 655 1745 716 ὡς
1804 653 1952 731 ἐνῆν,
2066 673 2160 715 τας
2206 653 2390 716 καλῶς
2437 653 2495 709 ἂν
2547 653 2622 717 εἰς
2654 653 2820 723 αὐτὴν
2866 650 3181 728 ὁδηγήσεπν,
3204 656 3374 706 πᾶσαν
3423 654 3530 705 τῶν
3581 650 3708 723 ὑμε-

276 742 368 799 καί
424 744 525 798 τὸν
587 741 877 820 ἄνθρωπον
936 749 1072 800 Θεοῦ
1133 749 1518 820 συνεργοῦντος
1554 743 1782 821 βραχέσι
1836 748 1955 805 τοῖς
2060 744 2230 818 τέρων
2265 739 2599 821 ἀμφιϐολίαν
2655 742 2922 814 ἐξελόντες
2953 744 3168 817 ψυχῶν.
3200 739 3300 796 Καί
3353 760 3416 815 γε
3465 739 3556 795 τὸν
3605 741 3704 809 τῆς

284 831 493 906 ῥήμασι
548 839 657 901 τῆς
723 839 934 908 μακρᾶς
994 830 1285 908 δογμάτων
1342 833 1570 895 ἀτοπίας
1624 832 1951 908 ἐπέσχομεν.

284 922 512 990 Ἀνέστη
604 922 744 993 μετὰ
816 923 906 977 τὸν
980 922 1179 977 Βέκκον
1234 919 1444 996 ἕτερος,
1503 924 1807 977 συντάττων
1864 914 1955 977 καὶ

296 1008 442 1071 οὗτος
498 1008 564 1064 ἐκ
625 1008 952 1088 φιλοτιμίας
1016 1006 1223 1087 βιϐλία,
1275 1009 1525 1082 λεξιδίων
1581 1011 1680 1067 οὐκ
1736 1007 1858 1065 οἶδα
1901 1009 1955 1064 τί

305 1097 664 1172 βουλομένων
726 1100 1008 1173 σημαίνειν
1067 1099 1156 1154 καὶ
1216 1099 1502 1176 ῥηματίων
1565 1100 1749 1173 μεστά.
1800 1100 1857 1152 Ὁ
1899 1096 1957 1153 δὲ

300 1184 448 1247 αὐτὸς
503 1187 599 1241 καὶ
659 1189 798 1260 ἡμῖν
859 1186 1143 1259 ἐπανέστη,
1189 1185 1443 1263 ἔγκλημα
1489 1186 1837 1261 ποιούμενος,
1871 1186 1954 1241 ὅτι

293 1275 388 1341 τήν
446 1274 639 1350 ἀρχὴν
699 1274 965 1351 ἀνταίρειν
1023 1281 1103 1348 τῷ
1160 1277 1344 1349 Βέκκῷ
1403 1280 1570 1350 ἡμεῖς
1616 1274 1957 1349 τετολμήκα-

298 1384 410 1434 μεν,
457 1364 555 1418 καὶ
616 1363 719 1419 οὐκ
773 1364 919 1437 αὐτῷ
976 1362 1034 1420 δὲ
1091 1365 1238 1438 μόνῳ
1294 1368 1356 1420 τὸ
1412 1366 1607 1442 κράτος
1664 1364 1715 1420 έν
1766 1362 1956 1441 λόγοις

295 1449 485 1528 ἔχοντι
514 1457 619 1507 τοῦ
649 1455 849 1516 παντὸς
896 1452 1034 1529 πρὸς
1088 1453 1290 1510 ἐκεῖνον
1333 1454 1501 1530 λόγου
1553 1456 1953 1531 παρεχωρήσα-

298 1562 415 1613 μεν.
451 1542 554 1596 Διά
583 1547 749 1597 τοῦτο
779 1543 870 1597 καὶ
916 1547 997 1615 τῷ
1040 1544 1177 1598 κατὰ
1220 1548 1317 1598 τοῦ
1358 1542 1561 1599 Βέκκου
1606 1543 1745 1619 πρὸς
1793 1546 1952 1615 ἡμῶν

294 1629 665 1703 ἂτεθειμένῳ
738 1633 872 1685 κατά
945 1632 1175 1707 γνώμην
1242 1630 1380 1694 τέως
1456 1639 1558 1702 τῆς
1633 1630 1957 1703 Ἐκκλησίας

295 1718 587 1796 ἰπιφύεται
615 1718 797 1793 τόμῳ,
828 1720 920 1775 καὶ
952 1721 1029 1783 ὡς
1088 1720 1150 1775 οὐ
1205 1719 1390 1783 καλῶς
1446 1718 1647 1797 ἔχοντα
1709 1719 1957 1800 βλασφη-

296 1814 411 1881 μεῖ,
442 1810 510 1864 ’ὃν
561 1807 629 1863 οὐ
684 1808 849 1880 μόνον
893 1810 962 1864 τὰ
1006 1810 1114 1880 πρὸ
1150 1814 1247 1865 τοῦ
1287 1811 1576 1881 ἐκθειάζων
1603 1809 1692 1866 καί
1721 1809 1953 1865 ἐπαινῶν

2064 830 2288 910 ὁδηγίας
2336 832 2538 907 τρόπον
2595 832 2827 888 ἐντεῦθεν
2876 828 3061 893 καλῶς
3108 835 3212 892 πᾶς
3251 830 3279 884 6
3316 830 3390 903 μὴ
3443 826 3705 884 ἐθελοκω-

2065 927 2180 998 φεῖν
2238 922 2570 998 βουλόμενος
2619 919 2835 993 εἷ’σεται,
2870 921 3044 994 οἶμαι,
3096 920 3295 982 πάντας
3344 918 3535 997 ἐφῆκεν
3585 917 3704 973 ιίινοι⁸

2069 1009 2376 1089 μολογῆσαι
2427 1013 2588 1085 ὑμᾶς.
2635 1010 2733 1066 Καὶ
2782 1011 2885 1087 γὰρ
2933 1007 3397 1084 ἀνομολογήσετε,
3435 1004 3708 1081 μηδεμιᾶς

2066 1101 2235 1173 οὔσης
2290 1101 2436 1176 παρᾶ
2490 1098 2722 1175 μηδενὸς
2791 1098 3158 1176 ἀντιρρήσεως
3240 1096 3326 1153 ἐπὶ
3398 1100 3496 1152 τοῦ
3562 1096 3707 1151 θείου

2064 1191 2401 1265 Πνεύματος,
2430 1190 2529 1258 τὴν
2581 1187 2892 1265 ἐκπόρευσιν
2942 1186 3041 1241 οὐκ
3084 1184 3225 1241 ἄλλο
3267 1183 3495 1258 δηλοῦν,
3520 1186 3556 1254 ἢ
3586 1183 3709 1261 τρό-

2063 1302 2164 1336 πον
2224 1280 2389 1335 αὐτοῦ
2434 1285 2535 1348 τῆς
2590 1276 2863 1352 ὑπάρξεως
2914 1274 3225 1352 βούλεσθαι.
3256 1274 3355 1330 Καὶ
3415 1270 3707 1350 ἐπειδήπερ

2066 1369 2250 1442 δηλοῖ,
2282 1368 2372 1424 καί
2432 1370 2585 1441 ὑμεῖς
2642 1388 2703 1443 γε
2759 1365 3081 1437 συντίθεσθε,
3135 1366 3295 1441 ὁρᾶτε
3350 1360 3416 1433 δὴ
3474 1362 3564 1418 καὶ
3596 1361 3713 1418 ’ὅσα

2064 1461 2179 1515 κατ’
2236 1459 2472 1535 ἀνάγκην
2554 1456 2787 1520 ἐντεῦθεν
2875 1454 3179 1511 ἀκολουθεῖ.
3233 1455 3304 1508 Τὸ
3360 1457 3582 1527 Πνεῦμα
3650 1452 3713 1506 τὸ

2066 1551 2244 1626 ἅγιον,
2279 1545 2464 1617 ἐπειδή
2528 1567 2686 1625 φασιν
2728 1544 2823 1607 οὓς
2881 1543 2979 1599 οὐκ
3036 1541 3176 1599 ἔστιν
3225 1542 3393 1598 εἰπεῖν
3431 1542 3505 1616 μή
3538 1540 3713 1617 ὀρθῶς

2067 1638 2361 1716 εἰρηκέναι,
2423 1634 2490 1691 δι’
2548 1637 2676 1693 Υἱοῦ
2752 1632 3155 1710 ἐκπορεύεσθαι,
3213 1634 3275 1687 τὸ
3334 1629 3391 1687 δέ
3444 1631 3494 1708 γ’
3552 1631 3715 1686 ἐκπο-

2068 1726 2308 1803 ρεύεσθαι
2379 1726 2584 1804 τρόπος
2644 1725 2785 1780 ἐστὶν
2860 1722 3158 1800 ὑπάρξεως,
3214 1721 3375 1777 παντὶ
3433 1719 3715 1798 πρόκειται

2067 1821 2407 1892 συναγαγεῖν,
2466 1817 2541 1878 ὡς
2609 1813 2830 1891 ὕπαρξιν
2905 1812 3036 1868 εἶναι
3106 1809 3176 1866 δι’
3229 1812 3353 1865 Υἱοῦ
3407 1814 3487 1883 τῷ
3543 1809 3711 1865 Πνεύ-

293 1895 638 1998 ξιατὲγτξνενε
666 1895 796 1998 ἀξλῖ
842 1896 953 1968 ἤδη
986 1898 1087 1998 ,καὶ
1136 1899 1210 1998 είς
1243 1898 1400 1998 ξῦτὸν
1435 1897 1600 1998 οὖδξχ
1618 1896 1799 1976 ἕτερον
1832 1894 1958 1998 ὅγτοξ
1984 1932 2034 1998 Β
2073 1927 2198 1981 ματι
2251 1906 2303 1960 οἱ
2356 1903 2426 1961 δι’
2479 1905 2610 1959 Υῖοῦ
2670 1902 3048 1978 ἐκπορεύεσθαι
3107 1901 3397 1978 φάσκοντες
3449 1898 3578 1955 αὐτὸ
3632 1896 3720 1953 δο-

291 1986 379 2043 ὅτι
442 1988 526 2060 μή
586 1981 860 2050 εὐσεϐείας
937 1987 1106 2062 τόμον
1168 1988 1493 2067 ὑπέγραψεν,
1551 1986 1811 2053 ἕλκοντος
1868 1988 1955 2045 ἐπὶ
1985 1981 2033 1998 υ
2066 1994 2440 2072 γματίζουσιν.
2473 1991 2544 2049 Εἴ
2595 1989 2653 2048 δὲ
2708 1989 2779 2046 δι’
2807 1991 2935 2051 rios
2980 1989 3202 2067 ὕπαρξίς
3258 1989 3399 2044 ἐστιν
3431 1988 3596 2061 αὐτῷ,
3625 1987 3716 2042 καὶ

291 2081 492 2131 τοῦτον
550 2076 643 2131 καὶ
711 2080 881 2131 ταῦτα
933 2077 971 2146 ἢ
1026 2078 1518 2152 ωναναγκάζοντος
1586 2073 1826 2141 οὐδενός.
1884 2079 1962 2133 Τὰ

302 2166 403 2239 μὲν
438 2163 537 2219 οῦν
568 2166 708 2242 πρὸς
736 2165 933 2221 Βέκκον
968 2165 1021 2221 ἐν
1056 2165 1250 2230 ἄλλοις
1281 2165 1371 2223 καί
1404 2168 1550 2240 αὐτῷ
1581 2165 1648 2237 δὴ
1687 2173 1767 2241 τῷ
1803 2167 1962 2241 τόμῳ

299 2255 409 2310 ὑπὸ
457 2259 580 2327 Θεῷ
630 2260 855 2331 Σωτῆρι
905 2255 994 2310 καὶ
1049 2258 1237 2332 βοηθῷ
1280 2255 1442 2320 τέλος
1493 2261 1628 2330 ἡμῖν
1670 2256 1874 2334 ἔσχηκε
1900 2259 1963 2313 τὸ

300 2351 616 2420 προσῆκον.
678 2343 818 2421 Φέρε
874 2342 941 2414 δὴ
1001 2345 1195 2401 λοιπὸν
1248 2350 1415 2401 ταῦτα
1468 2348 1604 2424 πρὸς
1658 2351 1847 2403 τοῦτον
1908 2346 1962 2403 ἐν

304 2433 600 2510 βραχέσιν,
646 2434 722 2496 ὡς
780 2434 895 2489 οἶόν
951 2455 1010 2490 τε
1067 2432 1610 2511 ἀντιλαμϐανομένου
1665 2438 1756 2492 καὶ
1813 2434 1962 2500 αὖθις

300 2527 446 2580 Θεοῦ
510 2520 848 2596 διαθώμεθα,
897 2524 995 2587 τάς
1045 2545 1104 2580 τε
1157 2527 1293 2581 κατᾶ
1346 2530 1443 2581 τοῦ
1496 2526 1674 2600 τόμου
1737 2525 1967 2602 μέμψεις

306 2612 481 2668 ὠτοῦ
540 2612 687 2684 αὐτῷ
748 2614 843 2685 μὲν
893 2621 1171 2690 προσῆκον
1219 2619 1299 2687 τῷ
1352 2616 1715 2689 μεμψαμένῳ,
1746 2615 1808 2671 οὐ
1862 2617 1968 2689 μὴν

307 2701 370 2757 δὲ
402 2702 527 2766 καθ’
557 2702 620 2756 οὗ
651 2702 961 2773 κεκίνηνται
1009 2701 1387 2777 ἀποδείξομεν.
1419 2705 1520 2759 Καὶ
1571 2703 1637 2774 δὴ
1692 2702 1966 2780 βούλομαι

310 2791 515 2863 μικρὸν
572 2790 805 2866 ἐνεγκεῖν
858 2790 934 2854 εἴς
972 2792 1094 2847 τινά
1133 2814 1193 2848 τε
1239 2796 1618 2871 προσήκουσαν
1667 2794 1842 2870 ἀρχὴν
1874 2793 1966 2848 τὸν

305 2879 485 2955 λόγον
554 2880 859 2957 ἀναγαγεῖν,
906 2878 981 2935 ’ἶν’
1039 2882 1153 2955 ἅμα
1212 2879 1653 2959 διευκρινημένος
1715 2880 1821 2952 είίη,
1879 2881 1970 2936 καὶ

304 2970 434 3025 καθ’
492 2966 621 3024 ὁδὸν
688 2965 1000 3046 προϐαίνων
1070 2973 1231 3044 ἡμῖν.
1283 2969 1583 3048 Προῦκειτο
1649 2977 1729 3045 τῷ
1786 2972 1971 3045 Βέκκῳ

308 3059 650 3135 φρονήσαντι
694 3059 760 3113 τά
800 3062 910 3113 τῶν
959 3058 1202 3131 Ἰταλῶν,
1235 3061 1459 3115 κατόπιν
1506 3082 1566 3115 τε
1606 3067 1707 3131 τῆς
1754 3059 1969 3116 ἐκείνων

308 3146 443 3222 περὶ
497 3150 637 3202 Θεοῦ
695 3144 855 3219 δόξης
912 3146 1364 3221 ἀκολουθήσαντι,
1423 3150 1608 3206 ἑαυτόν
1677 3172 1739 3206 τε
1790 3151 1969 3206 κάκεί-

308 3257 442 3296 νους
477 3233 652 3308 μηδὲν
706 3234 854 3299 ὅλως
912 3237 1248 3316 ἀπεμφαῖνον
1301 3245 1630 3319 φρονοῦντας
1686 3238 1972 3306 δεικνύναι,

314 3322 456 3397 μηδ’
477 3293 896 3389 ἐκπεπτωκότας
918 3293 1379 3405 ἧςιόρθότητοὲ·
1422 3331 1489 3400 ἦν
1525 3293 1709 3403 μέντοι
1755 3331 1824 3386 τὰ
1866 3293 1974 3386 τῶν
2003 3293 2047 3361 C

307 3412 570 3485 Ἰταλῶν,
601 3414 676 3476 ὡς
722 3414 773 3470 ἐν
820 3413 1103 3494 κεφαλαίῳ
1152 3416 1333 3496 φάναι,
1367 3421 1720 3497 φρονήματα’
1768 3419 1825 3475 ’ὲν
1878 3420 1972 3493 μὶν

308 3502 405 3559 ὅτι
459 3503 529 3557 τὸ
587 3506 810 3577 Πνεῦμα
862 3504 928 3559 τὸ
986 3504 1137 3581 ἅγιον
1170 3505 1229 3561 ἐκ
1258 3508 1467 3584 Πατρὸς
1512 3507 1601 3563 καὶ
1649 3509 1781 3564 Υἱοῦ
1821 3508 1978 3564 ἐκπο-

308 3590 559 3669 ρεύεται,
587 3591 644 3646 ’ἐν
687 3588 744 3647 δέ
781 3590 864 3647 ὅτι
910 3592 1003 3648 καὶ
1054 3593 1105 3663 ἐξ
1148 3594 1353 3674 ἀμφοῖν
1408 3591 1526 3672 ἔχει
1581 3597 1681 3666 τὴν
1729 3596 1976 3674 ὕπαρξιν,

304 3685 417 3738 τοῦ
468 3681 689 3755 Ιῐατρὸς
734 3679 826 3736 καί
873 3683 1004 3737 Ποῦ
1056 3679 1303 3756 δηλαδή·
1358 3684 1447 3740 καὶ
1503 3685 1682 3761 τρίτον
1717 3687 1766 3763 γ’
1794 3684 1975 3764 ἕτερον

308 3773 402 3827 ὅτι
435 3769 534 3826 καὶ
569 3770 733 3848 ἄμφω
760 3771 1021 3827 ταῦτατᾶ
1067 3773 1334 3847 πρόσωπα
1379 3771 1436 3829 ’ἐν
1482 3775 1613 3830 εἰσιν
1670 3775 1834 3831 αὐτοῦ
1880 3782 1980 3847 τῆς

314 3860 682 3920 ὑποστάσεως
749 3856 944 3917 αἴτιον.
1002 3862 1104 3916 Ἦν
1164 3859 1212 3916 δ’
1268 3863 1403 3918 αὐτὰ
1475 3868 1643 3919 ταῦτα
1713 3865 1849 3920 κατὰ
1917 3865 1981 3919 τὸ

308 3945 753 4023 ἀπαράλλακτον
796 3950 887 4004 καὶ
931 3954 1031 4006 τοῦ
1078 3952 1280 4007 Βέκκου
1329 3954 1700 4031 φρονήματος,
1733 3955 1873 4027 ὁμοῦ
1925 3949 1983 4008 δέ

304 4039 411 4094 καὶ
491 4041 605 4092 τῶν
674 4037 846 4113 ὀρθῶν
904 4041 1003 4109 τῆς
1061 4039 1389 4111 Ἐκκλησίας
1465 4043 1830 4119 φρονημάτων
1891 4040 1981 4096 καὶ

310 4125 651 4202 δογμάτων.
682 4128 839 4191 Ὅθεν
871 4128 967 4203 μὲν
997 4126 1090 4184 οῦν
1127 4129 1217 4184 καὶ
1268 4128 1419 4193 ὅπως
1468 4130 1545 4193 εἷς
1591 4135 1760 4186 ταῦτα
1805 4133 1984 4207 προή-

305 4219 543 4294 χθησαν
605 4214 827 4287 Ἰταλοὶ,
854 4217 999 4279 τίνας
1054 4238 1114 4273 τε
1166 4217 1397 4294 πατέρας
1456 4218 1619 4295 ἔσχον
1648 4224 1747 4275 τοῦ
1779 4216 1984 4298 δόγμα-

308 4326 443 4377 τος,
476 4301 677 4360 εἴδειαν
737 4305 797 4359 ἂν
856 4306 1010 4361 αὐτοὶ
1064 4308 1157 4361 καὶ
1209 4310 1293 4370 οἷς
1352 4306 1609 4381 ἐξετάζειν
1664 4310 1732 4363 τὰ
1771 4309 1982 4364 ἐκείνων

310 4393 545 4472 σχολή.
608 4392 766 4449 Ἀλλ’
796 4393 827 4450 δ
853 4416 918 4470 γε
969 4396 1166 4459 Βέκκος
1224 4396 1581 4473 ἐρωτώμενος
1639 4397 1767 4453 ὅτου
1822 4400 1982 4473 χάριν

315 4485 502 4565 γημας
562 4482 809 4545 ἑκούσιος
856 4488 961 4538 τῶν
1016 4484 1270 4562 Πατέρων
1320 4486 1625 4562 γενόμενος,
1675 4487 1984 4562 αὐτόμολος

315 4576 573 4652 πρασήει
605 4577 722 4635 τοῖς
758 4571 1100 4649 ἀλλοτρίοις,
1128 4575 1223 4629 καὶ
1264 4575 1341 4637 εἰς
1392 4575 1549 4631 τόσον
1602 4573 1661 4632 δὲ
1719 4576 1983 4654 βάραθρον

2069 2085 2122 2156 ἐξ
2151 2085 2278 2140 Υἱοῦ
2310 2081 2565 2155 δηλονότι
2597 2081 2822 2159 ὅπαρξις
2875 2080 2933 2135 ἂν
2982 2077 3064 2151 εἴη
3097 2078 3265 2151 αὐτῷ,
3298 2077 3360 2135 οὐ
3423 2072 3583 2153 μόνον
3630 2075 3713 2133 δτι

2071 2172 2426 2230 ἐπαλλάττειν
2497 2169 2774 2242 ἀλλήλαις
2850 2168 3016 2226 ἐνιότε
3079 2168 3169 2224 καὶ
3210 2165 3518 2248 ἀδιαφόρως
3566 2165 3714 2242 ἔχειν

2070 2265 2127 2319 αἱ
2182 2261 2468 2337 προτάσεις
2527 2259 2679 2316 αὗται
2764 2253 3294 2333 καταλαμϐάνονται,
3352 2252 3577 2333 θατέρας
3638 2254 3715 2319 εἰς

2070 2355 2171 2423 τὴν
2228 2358 2329 2421 τῆς
2380 2352 2564 2428 ἑτέρας
2623 2356 2822 2426 χρῆσιν
2854 2342 3444 2426 παραλαμϐανομένης,
3478 2343 3604 2402 ἀλλ’
3633 2344 3715 2400 ὅτι

2072 2441 2331 2499 καὶκατά
2358 2441 2512 2519 φύσιν
2541 2439 2764 2516 ὕπαρξιν
2812 2439 3108 2515 προσώπου
3154 2434 3366 2493 τελείου
3424 2432 3514 2491 διά
3566 2455 3715 2496 τινος

2076 2532 2377 2610 ὁμοφυοῦς,
2407 2528 2497 2584 καὶ
2547 2527 2708 2584 αὐτοῦ
2763 2548 2824 2604 γε
2870 2527 3165 2603 προσώπου
3221 2522 3433 2581 τελείου
3490 2524 3716 2601 ἀμήχα-

2074 2642 2166 2676 νον
2214 2620 2304 2675 καὶ
2347 2625 2562 2689 νοῆσαι,
2595 2618 2641 2673 εἷ
2695 2618 2770 2691 μὴ
2818 2616 3021 2693 κυρίως
3049 2614 3100 2689 ἐξ
3132 2614 3337 2670 ἐκείνου
3384 2610 3490 2684 είίη,
3524 2610 3594 2668 δι’
3624 2612 3717 2668 οὗ·

2075 2731 2177 2786 περ
2250 2707 2398 2785 ἔχειν
2470 2708 2559 2764 καὶ
2614 2708 2713 2776 τὴν
2786 2705 3007 2783 ὕπαρξιν
3089 2703 3321 2782 λέγεται.
3376 2704 3475 2759 Καὶ
3548 2701 3719 2757 οῧτων

2077 2802 2264 2874 ἡμεῖς,
2299 2798 2453 2877 φησὶ,
2510 2802 2629 2859 ταῖς
2682 2799 2788 2851 τῶν
2848 2795 3012 2872 ἁγίων
3073 2798 3275 2872 φωναῖς
3333 2790 3721 2869 ὁδηγούμενοι,

2080 2883 2315 2950 εὐσεϐεῖς
2371 2886 2463 2942 καὶ
2517 2883 2666 2959 μάλα
2719 2881 2942 2945 δικαίως
2994 2886 3361 2955 κατανοοῦμεν
3406 2880 3534 2943 τοὺς
3583 2881 3720 2935 Ἰτα-

2079 2977 2247 3040 λούς·
2300 2975 2362 3030 τό
2408 2997 2467 3030 τε
2512 2975 2630 3029 κατ’
2660 2972 2891 3035 ἐκείνους
2934 2969 3113 3048 δόγμα
3157 2971 3233 3034 ὡς
3279 2968 3533 3045 Πατέρων
3566 2967 3724 3033 θείων

2081 3066 2182 3122 οὐκ
2237 3063 2560 3138 ἀναινόμεθα
2617 3061 2894 3141 φρόνημα,
2926 3059 3304 3136 ἐκπορεύεσθαι
3366 3058 3621 3136 λέγοντας
3663 3057 3726 3112 τὸ

2084 3160 2303 3228 Πνεῦμα
2352 3154 2416 3209 τὸ
2472 3153 2642 3229 ἅγιον,
2667 3149 2758 3206 ’ίνα
2812 3151 2901 3206 καὶ
2952 3149 3116 3206 πάλιν
3176 3148 3283 3226 ἐρῶ
3338 3148 3406 3203 τὰ
3452 3146 3587 3202 αὐτὰ
3633 3166 3725 3200 σα-

2085 3244 2304 3324 φηνείας
2361 3242 2633 3315 μείζονος,
2677 3237 2876 3306 ἓνεκεν,
2925 3239 3015 3294 καὶ
3061 3239 3161 3308 τήν
3205 3236 3426 3314 ὕπαρξιν
3464 3238 3565 3305 τῆς
3598 3235 3730 3291 ὑπο-

2085 3323 2322 3395 στάσεως
2371 3328 2516 3408 ἔχειν
2565 3330 2626 3385 ἐκ
2672 3332 2774 3384 τοῦ
2816 3329 2966 3402 Υἱοῦ,
3015 3328 3107 3384 καὶ
3146 3326 3304 3383 αὐτὸν
3356 3323 3425 3395 δὴ
3469 3325 3561 3381 τὸν
3605 3324 3727 3383 Υἱὸν

2085 3420 2231 3500 ἔχειν
2277 3422 2470 3477 αἴτιον.
2523 3416 2707 3476 Αἴτιον
2744 3419 2837 3493 μὶν
2949 3417 3073 3495 γὰρ,
3117 3415 3202 3471 ὅτι
3256 3416 3355 3484 τήν
3415 3413 3637 3492 ὕπαρξιν
3678 3411 3731 3484 ἐξ

2085 3512 2289 3568 αὐτοῦ’
2352 3509 2404 3581 ἐξ
2457 3509 2621 3565 αὐτοῦ
2672 3505 2730 3564 δὲ
2781 3508 2880 3578 τήν
2939 3506 3185 3585 ὕπαρξιν,
3217 3503 3302 3562 ὅτι
3354 3504 3444 3561 καὶ
3493 3506 3732 3583 φυσικῶς

2088 3598 2158 3657 δι’
2188 3599 2374 3669 αὐτοῦ,
2403 3596 2612 3654 τέλειον
2639 3597 2698 3652 ’ὸν
2730 3594 2820 3652 διά
2845 3595 3082 3669 τελείου,
3114 3594 3256 3671 ἥπερ
3305 3590 3515 3670 εἷ’ρηται
3563 3612 3732 3669 προσ-

2088 3692 2301 3761 ωπική·
2362 3686 2433 3743 δι’
2495 3685 2660 3742 αὐτοῦ
2715 3682 2775 3741 δὲ
2828 3686 2926 3755 τὴν
2984 3682 3228 3758 ὕπαρξιν,
3288 3679 3370 3739 ὅτι
3447 3678 3518 3737 δι’
3568 3678 3732 3736 αὐτοῦ

2090 3778 2460 3857 ἐκπορεύεται,
2502 3776 2593 3832 καὶ
2652 3775 2714 3830 τὸ
2771 3772 3151 3851 ἐκπορεύεσθαι
3223 3770 3428 3849 τρόπος
3485 3767 3735 3857 ἀναντιρ-

2093 3855 2274 3948 ῥήτως
2336 3865 2633 3944 ὑπάρξεως.
2665 3864 2815 3919 Ἐπεὶ
2873 3861 2932 3919 δὲ
2986 3866 3085 3918 τοῦ
3142 3859 3307 3941 αὐτοῦ
3356 3860 3476 3925 καθ’
3500 3855 3597 3915 ἕνα
3647 3857 3738 3912 καὶ

2090 3947 2180 4015 τὸν
2240 3956 2398 4012 αὐτὸν
2457 3953 2619 4031 λόγον
2674 3950 2820 4009 αἷίτια
2879 3949 2974 4008 δύο
3022 3952 3331 4008 καθεστάναι
3383 3950 3460 4023 μὴ
3492 3947 3735 4022 θεμιτὸν,

2088 4048 2145 4104 ’ὲν
2178 4047 2237 4102 ἂν
2270 4046 2487 4106 πάντως
2519 4044 2547 4098 6
2579 4046 2767 4119 Πατήρ
2816 4063 2872 4096 τι
2920 4040 3011 4096 καὶ
3043 4040 3071 4095 6
3118 4040 3240 4102 Υἱὸς
3292 4038 3393 4094 εἶεν
3431 4040 3531 4093 τοῦ
3576 4032 3739 4091 Πνεύ-

2096 4156 2264 4211 ματος
2307 4131 2499 4205 αἰτιον,
2548 4130 2871 4207 συνάγοντος
2928 4131 3026 4199 τὴν
3077 4128 3306 4199 ἑνότητα
3349 4130 3448 4183 τοῦ
3494 4121 3738 4202 ἀπαραλ-

2092 4224 2298 4281 λάκτου
2324 4229 2425 4293 τῆς
2456 4221 2708 4297 ἑκατέρας
2741 4219 3038 4293 ὑπάρξεως.

2162 4314 2333 4387 Ἃμὶν
2385 4309 2475 4367 οῦν
2525 4312 2553 4367 ὁ
2603 4311 2800 4372 Βέκκος
2849 4308 3002 4387 φησὶ,
3036 4305 3256 4364 δικαιῶν
3303 4305 3489 4361 ἑαυτὸν
3531 4304 3739 4375 ἀνομή-

2094 4424 2276 4475 σαντα,
2306 4401 2396 4457 καὶ
2441 4398 2510 4455 δι’
2558 4400 2631 4455 ὧν
2670 4397 2799 4461 τοὺς
2846 4395 3052 4459 ἄλλους
3102 4393 3269 4451 οἷέται
3319 4392 3498 4469 λέγων
3530 4413 3588 4447 σε
3631 4391 3738 4446 ἀπὸ

2095 4492 2363 4566 στόματος
2414 4487 2504 4545 καί
2578 4489 2799 4567 γράφων
2876 4485 3208 4561 συμπείθειν,
3262 4483 3431 4539 ταῦτά
3483 4480 3592 4537 ἐστι
3648 4481 3739 4535 καὶ

2093 4581 2299 4637 τοιαῦθ’
2352 4576 2529 4655 ἕτερα.
2590 4574 2767 4633 Ἀλλᾶ
2814 4576 2951 4650 πρὸς
3003 4578 3191 4647 ταῦτα,
3231 4573 3470 4648 καθάπερ
3530 4571 3623 4626 καὶ
3655 4591 3741 4643 μι-

319 4660 710 4731 ἀ-ιτολισθῆναι
810 4662 1167 4741 βλασφημίας
1244 4666 1521 4740 ἠγάπησε,
1586 4665 1713 4729 τοὺς
1797 4664 2064 4743 άγίουςΒ
2093 4671 2221 4748 χρὸν
2301 4669 2500 4732 ἄνωθεν
2575 4663 2806 4743 εἴρηται,
2862 4663 3037 4738 τόμος
3112 4661 3422 4731 έκτέθειται,
3472 4659 3564 4716 καί
3636 4661 3736 4729 τὴν

316 4752 784 4828 ἂπερυθριάστως
813 4770 872 4807 τε
913 4752 1005 4806 καὶ
1060 4753 1285 4827 ἀμαθῶς
1341 4752 1429 4809 ἐπὶ
1484 4759 1651 4810 ταῦτα
1702 4753 1987 4811 συνελάσαι

316 4842 497 4899 αὐτὸν
589 4839 949 4916 ἀποκρίνεται.
1007 4842 1164 4903 Τίνας
1212 4842 1439 4918 ἀγίους;
1487 4843 1732 4917 Μάξιμόν
1782 4864 1840 4899 τε
1893 4845 1986 4900 τὸν

316 4933 502 5010 σοφὸν
563 4928 941 5006 ὁμολσγητὴν,
973 4930 1228 5003 Ἰωάννην
1283 4932 1376 4987 τὸν
1434 4934 1594 5005 πάνυ,
1629 4928 1845 5003 δηλαδή
1897 4935 1988 4989 τὸν

318 5027 387 5081 ἐκ
434 5024 759 5095 Ἀαμασκοῦ,
788 5020 877 5076 καὶ
926 5021 987 5076 οὗ
1034 5019 1180 5076 πολὺ
1230 5021 1391 5084 κλέος
1440 5021 1492 5076 ἐν
1544 5022 1856 5099 ἀρχιερεῦσι
1885 5027 1992 5078 Τα-

316 5116 551 5190 ράσιον.
613 5114 766 5186 Τρεῖς
820 5111 920 5186 γάρ
978 5109 1151 5181 οῦτοι,
1199 5110 1383 5189 φησὶν,
1439 5109 1532 5173 οὖς
1590 5110 1680 5167 καὶ
1740 5108 1993 5167 διδασκά-

316 5203 471 5265 λους
526 5190 798 5261 εὐσεϐείας
834 5198 869 5269 ἥ
910 5200 958 5255 τ’
1003 5198 1303 5270 Ἐκκλησία
1358 5198 1729 5271 πεπλούτηκε,
1759 5200 1848 5255 καὶ
1906 5199 1997 5255 αὐ-

314 5296 424 5356 τὸς
478 5288 634 5366 ἔχειν
684 5289 775 5344 τὸν
814 5291 994 5344 ’πάντα
1049 5288 1250 5365 γρόνον
1309 5289 1581 5366 ἠγάπησε.
1641 5294 1794 5365 Τρεῖς
1843 5288 1996 5344 αὐτοὶ

320 5385 389 5441 hu
444 5377 667 5452 Πατρὸς
714 5376 780 5433 δι’
818 5379 942 5437 Υἱοῦ
991 5376 1374 5455 ἐκπορεύεσθαι
1419 5379 1482 5433 τὸ
1526 5381 1746 5451 Πνεῦμα
1806 5377 1996 5455 θεολο-

317 5476 567 5551 γοῦντες
597 5466 660 5522 τὸ
703 5467 881 5543 ἅγιον,
916 5471 1238 5539 θαυμαστῶς
1265 5488 1384 5530 πως
1433 5464 1706 5522 πείθουσιν
1760 5466 1820 5522 ἐκ
1870 5472 1998 5541 μιᾶς

322 5562 521 5619 αὐτῶν
580 5554 780 5627 ταύτης
836 5562 1026 5634 φωνῆς
1087 5555 1281 5629 μηκέτι
1336 5555 1480 5629 κάμὲ
1534 5557 1651 5611 καθ’
1711 5556 1850 5629 ὑμᾶς
1897 5558 1998 5626 τὴν

323 5646 622 5715 Ἰταλικὴν
664 5645 948 5720 ἀτιμάζειν
1001 5638 1293 5716 εὐσέϐειαν,
1340 5641 1621 5722 προΐεσθαι
1671 5641 1729 5699 δὲ
1783 5642 1997 5719 μᾶλλον

326 5740 426 5798 καὶ
488 5734 733 5814 στέργειν
792 5733 873 5797 ὡς
934 5732 1186 5810 Ιιατέρων
1248 5733 1419 5810 ἁγίων
1480 5728 1771 5792 εὐσέϐειαν.
1831 5734 1894 5789 Οἱ
1954 5733 2001 5790 δ’

2099 4758 2386 4835 ἀνθρώπου
2448 4755 2625 4832 ῥύμην
2672 4775 2731 4809 τε
2775 4752 2865 4808 καὶ
2923 4751 3105 4827 λύμην
3163 4751 3461 4832 φερομένας
3491 4748 3741 4827 ἀκρατῶς

2099 4851 2295 4909 ἱκανῶς
2381 4843 2735 4920 ἀνεχαίτισεν,
2785 4840 2909 4897 ὥστ’
2966 4841 3143 4905 οὐκέθ’
3196 4843 3332 4914 ἡμῖν
3382 4839 3529 4914 ,πρὸς
3581 4836 3739 4893 αὐτὸν

2101 4936 2296 4995 λοιπὸν
2325 4936 2354 4990 ὁ
2402 4933 2592 5010 λόγος,
2636 4930 2761 4989 ἀλλ’
2791 4932 2820 4986 6
2850 4936 2954 4994 πᾶς
3010 4933 3145 5004 ἡμῖν
3204 4934 3306 4985 τοῦ
3364 4928 3562 4986 λοιποῦ
3606 4927 3742 5002 πρὸς

2099 5027 2191 5082 τὸν
2224 5024 2591 5099 ἐπηρεάζοντα
2616 5025 2696 5093 τῷ
2720 5020 2878 5094 τόμῳ
2912 5018 3122 5097 γένοιτο
3153 5017 3235 5077 ἄν.

2172 5114 2248 5169 Τά
2305 5113 2397 5188 μὲν
2450 5109 2629 5166 τοίνυν
2705 5105 2872 5179 ἄλλα,
2931 5107 3092 5188 φησὶν
3151 5108 3330 5180 οὗτος,
3384 5110 3482 5161 τοῦ
3546 5103 3746 5179 τόμου,

2106 5202 2289 5264 σκαιὸς
2335 5199 2393 5255 ἂν
2445 5195 2528 5270 εἴη
2579 5196 2669 5253 καὶ
2716 5196 2901 5273 γέμων
2948 5196 3177 5273 ἀμαθίας
3230 5196 3535 5273 ἄνθρωπος,
3569 5194 3615 5250 εἰ
3668 5193 3746 5267 μὴ

2107 5290 2333 5347 ἐπαινῶν
2388 5283 2494 5357 εἷίη,
2541 5286 2632 5342 καὶ
2684 5285 2759 5349 ὡς
2805 5287 2993 5362 ἄριστα
3034 5285 3151 5364 ἔχει
3200 5282 3541 5362 ὁμολογοίη·
3597 5281 3652 5338 ’ὲν
3705 5278 3754 5337 δ’

2107 5379 2261 5454 ὅμως
2324 5376 2518 5450 μηκέτι
2568 5372 2743 5430 δοκεῖν
2802 5375 2948 5449 αὐτῷ
2992 5374 3355 5447 ἀνεπίληπτον
3386 5373 3521 5429 κατά
3547 5368 3747 5445 τᾶλλα,

2113 5465 2240 5543 μηδ’
2271 5463 2681 5540 ἀκατηγόρητον
2747 5465 2947 5538 μένειν,
2983 5464 3216 5539 μάλιστα
3264 5462 3331 5533 δὴ
3388 5462 3479 5518 καὶ
3533 5459 3750 5529 πολλῆς

2104 5559 2206 5626 τῆς
2253 5552 2594 5631 διορθώσεως
2639 5552 2889 5630 χρῄζειν.
2920 5553 3072 5609 Εἶναι
3122 5551 3179 5609 δὲ
3220 5557 3404 5624 τοῦτο,
3436 5550 3518 5606 ὅτι
3548 5549 3751 5605 Βέκκου

2110 5647 2401 5724 φήσαντος,
2435 5641 2496 5698 ἐκ
2549 5642 2760 5719 Ιιατρὸς
2818 5641 3084 5721 λεγόντων
3141 5648 3248 5698 τῶν
3301 5641 3466 5717 ἁγίων
3526 5637 3597 5695 δι’
3624 5637 3751 5724 Υἶοῦ

2108 5723 2171 5791 τὸ
2230 5736 2451 5809 Πνεῦμα
2524 5730 2925 5810 ἐκπορεύεσθαι,
2982 5732 3220 5809 ἀνάγκην
3296 5729 3426 5786 εἶναι
3481 5727 3599 5783 κατ’
3654 5723 3749 5784 αὖε
