4118 6452
429 366 549 435 9δὸ

1470 382 1788 447 GEORGII
1832 380 2096 446 CYPRII
2140 382 2261 446 ΟΡ.
2309 384 2841 450 PATRIABGHE

3714 386 3833 448 256

430 503 559 597 τοὺς
585 505 674 563 καὶ
707 502 778 564 δι’
806 507 931 571 Υἳοῦ
979 507 1121 589 ἔχειν
1173 512 1271 584 τήν
1315 509 1558 593 ὕπαρξιν,
1599 517 1743 571 τοῦτ’
1790 515 1949 578 αὐτός
2006 538 2066 571 τε
2095 519 2148 584 Α
2181 514 2305 594 ἔφη,
2338 518 2600 595 πρότερον
2662 518 2720 575 Ex
2775 523 2872 574 τοῦ
2932 516 3167 596 Πατρὸς,
3199 515 3289 574 καὶ
3336 521 3424 574 νῦν
3473 514 3624 580 αῦθίς
3664 540 3832 597 φημι.

430 593 667 673 ἀναιρῶν
722 598 774 653 ἐν
826 606 905 673 τῷ
949 602 1128 676 τόμῳ,
1172 602 1246 657 ἵν’
1288 605 1428 677 ὁμοῦ
1471 607 1561 660 καὶ
1607 604 1776 661 πάντα
1822 626 2071 660 συναναι-

431 683 601 759 ρῄσῃς
632 688 698 741 τὰ
746 689 982 763 ἑπόμενα
1032 690 1352 771 βλάσφημα,
1383 696 1481 763 τὴν
1533 694 1609 758 είς
1660 693 1833 750 ἀίδιον
1884 691 2073 773 ἔκφαν-

432 793 513 826 σιν
558 777 593 844 ἡ
644 773 715 830 δι’
762 779 907 851 ΥἸοῖ),
958 782 1033 843 ὡς
1087 780 1314 860 ἔφησθα,
1366 783 1513 854 λέζις
1575 785 1817 855 ἐνταῦθα,
1865 785 1926 839 οὐ
1974 786 2073 854 τὴν

432 861 512 924 εἷς
564 863 628 918 τὸ
686 866 817 922 εἶναι
872 875 1119 943 καθαρῶς
1174 873 1454 945 σημαίνειν
1518 871 1770 949 βούλεται
1836 870 2070 948 πρόοδον

428 955 528 1005 τοῦ
577 950 786 1009 τελείαν
838 956 900 1013 Ex
944 961 1153 1035 [ἰατρὸς
1200 962 1300 1030 τὴν
1361 962 1582 1038 ὕπαρξιν
1634 961 1860 1039 ἔχοντος
1911 961 2075 1018 Πνεύ-

434 1060 622 1129 ματος.
673 1050 896 1110 Ἔοικας
938 1050 1061 1124 γὰρ,
1096 1050 1252 1127 φησὶ,
1299 1056 1467 1106 ταῦτα
1514 1051 1714 1128 λέγων,
1751 1055 1827 1126 μὴ
1874 1052 2076 1129 τρόπον

432 1128 708 1218 ὐπάρξεως
776 1138 1016 1208 νομίζειν
1075 1139 1158 1194 ἀεὶ
1208 1142 1309 1208 τὴν
1358 1140 1687 1218 ἐκπέρευσιν,
1747 1144 1812 1212 ἦν
1873 1128 2073 1205 ἄνωθεν

432 1216 487 1280 ἐς
545 1217 703 1297 δεῦρο
758 1225 950 1288 πάντες
998 1227 1141 1283 οὕτω
1190 1230 1490 1302 νομίζουσι.
1542 1232 1638 1285 Καὶ
1685 1231 1863 1285 τοίνυν
1910 1236 2078 1285 ταῦτα

431 1306 811 1398 ἐπαιτιωμένῳ
867 1319 1018 1389 ἡμᾶς
1074 1319 1260 1394 καιρὸν
1319 1318 1465 1395 ἔχειν
1528 1342 1620 1393 μοι
1682 1322 1860 1398 φάναι,
1892 1322 1979 1375 τὸν
2032 1316 2081 1373 δ’

434 1395 751 1472 ἐρωτήσεως
825 1405 1026 1480 τρόπον
1084 1409 1173 1462 καὶ
1228 1409 1567 1486 ἀποκρίσεως
1643 1395 2075 1487 προσενεχθῆναι

432 1487 580 1578 αὐτῷ
637 1491 738 1547 οὐκ
785 1491 960 1549 ἄλλου
1002 1494 1067 1566 δή
1119 1518 1268 1560 τινος
1298 1499 1332 1567 ἢ
1381 1504 1477 1553 τοῦ
1525 1505 1723 1578 σαφοῦς
1772 1498 1923 1556 ’ἑνεκα
1968 1509 2075 1558 τῶν

430 1575 699 1668 ἐλέγχων,
730 1582 820 1636 καὶ
871 1589 968 1639 τοῦ
1026 1583 1303 1656 εὐλήπτου
1357 1593 1463 1642 τῶν
1513 1575 1858 1660 ἀποδείξεων.
1893 1592 2073 1668 ’Δρχὴ

430 1662 488 1721 δὲ
516 1673 613 1723 τοῦ
645 1666 814 1745 λόγου
840 1694 852 1706 ·

503 1759 885 1832 Πεπίστευκας,
963 1762 1008 1817 ὦ
1084 1765 1259 1837 οὗτος,
1328 1766 1403 1828 είς
1482 1769 1717 1844 Πατέρα,
1786 1770 1925 1840 Υἱὸν,
1985 1771 2076 1825 καὶ

2180 607 2247 661 Ἦ
2304 607 2466 672 πόθεν
2526 609 2821 684 έτέρωθεη
2855 608 2915 663 ἐκ
2971 605 3026 663 8‘s
3083 613 3179 663 τοῦ
3277 609 3367 663 ἱοῦ
3424 607 3476 662 τί
3533 605 3638 682 φῂς
3699 606 3831 663 εἶναι

2180 694 2363 768 αύτῷ;
2418 696 2537 773 Ούχ
2577 698 2799 773 ὕπαρξιν
2852 695 3048 773 ἔγωγε,
3101 697 3214 753 ἐπεὶ
3266 697 3475 753 τέλειον
3528 694 3650 751 οἶδα
3697 697 3832 751 κατὰ

2181 785 2272 839 τὸν
2320 787 2435 846 Υἱὸν
2496 786 2555 842 ἐκ
2595 792 2692 842 τοῦ
2747 788 2961 862 Ῑιατρὸς
3012 786 3103 841 καὶ
3148 785 3279 841 αὐτὸ
3330 786 3638 864 ὑφεστάναι.
3673 785 3771 840 Καὶ
3804 786 3833 840 6

2183 876 2376 951 Ιιατήρ
2435 873 2524 930 δια
2576 881 2745 932 ταῦτα
2804 876 2967 949 μόνος
3026 873 3198 937 αἴτιος
3237 874 3328 930 καὶ
3377 874 3516 948 μόνη
3548 876 3702 949 πηγῆ
3733 877 3835 944 τῆς

2185 963 2462 1034 θεότητος.
2498 964 2594 1020 Καὶ
2627 964 2692 1019 αὖ
2722 965 2871 1041 ἀρχὴ
2930 966 3018 1019 καὶ
3077 963 3197 1041 ῥίζα
3252 964 3380 1025 Υἱοῦ
3436 964 3525 1018 καὶ
3583 963 3834 1036 Πνεύμα-

2182 1071 2296 1122 τος,
2330 1053 2417 1107 καὶ
2471 1056 2646 1109 πάντα
2700 1054 2900 1131 ὅσαπερ
2958 1051 3074 1128 ἔχει
3125 1058 3221 1108 τοῦ
3280 1054 3405 1111 Υἱοῦ
3444 1052 3591 1121 πλὴν
3622 1056 3720 1121 τῆς
3754 1052 3839 1107 αἷ-

2182 1140 2321 1203 τίας.
2357 1142 2513 1198 Ἀλλ’
2562 1143 2613 1214 ἐξ
2662 1142 2827 1198 αὐτοῦ
2877 1143 2971 1215 μὲν
3021 1140 3148 1204 ἴσως
3210 1139 3503 1215 μηδαμῶς,
3551 1139 3621 1195 δι’
3672 1141 3838 1196 αὐτοῦ

2187 1226 2263 1285 δέ.
2297 1230 2407 1285 Οὐκ
2437 1230 2527 1285 οῦν
2561 1230 2686 1287 οὐδὲ
2717 1229 2788 1287 δι’
2818 1231 3003 1287 αὐτοῦ.
3036 1231 3135 1286 Καὶ
3177 1231 3278 1307 γὰρ
3324 1229 3506 1287 τελεία
3551 1232 3614 1285 τὸ
3662 1235 3838 1286 Πνεῦ-

2190 1340 2265 1389 μα
2313 1320 2623 1390 ὑπόστασις,
2651 1321 2741 1375 καὶ
2787 1319 2994 1375 τέλειον
3043 1319 3104 1375 ἐκ
3156 1321 3368 1395 Ιιατρὸς
3418 1317 3547 1396 ἔχον
3574 1321 3636 1374 τὸ
3669 1320 3829 1376 εἶναι.

2185 1406 2376 1463 Τελεία
2424 1406 2480 1464 δὲ
2528 1410 2617 1464 καὶ
2661 1411 2688 1463 6
2721 1409 2858 1471 Υἱός.
2911 1412 3072 1463 Ὥστε
3114 1406 3261 1484 εἷ’περ
3311 1410 3376 1477 ἦν
3429 1406 3498 1463 δι’
3540 1408 3702 1463 αὐτοῦ
3755 1412 3839 1480 τῷ

2190 1496 2472 1570 ὁμοουσίῳ
2499 1519 2558 1553 τε
2588 1498 2677 1553 καὶ
2725 1499 2959 1573 ὁμοφυεῖ
3012 1497 3289 1570 ΙΙνεύματι
3338 1497 3584 1574 ὕπαρξις,
3616 1498 3681 1566 ἦν
3734 1494 3841 1573 ἄρα

2186 1587 2274 1640 καὶ
2322 1586 2372 1659 ἐξ
2421 1587 2606 1645 αὐτοῦ.
2638 1593 2732 1643 Ἦν
2783 1585 2842 1642 δὲ
2890 1588 2983 1642 καὶ
3015 1588 3044 1641 6
3078 1587 3194 1648 Υἱὸς
3244 1591 3340 1641 τοῦ
3390 1586 3706 1659 Πνεύματος
3751 1583 3838 1639 αἶ’-

2184 1696 2322 1746 τιος,
2355 1677 2575 1731 καὶούκ
2626 1678 2685 1731 ἂν
2744 1672 2983 1738 σύσεόῶς
3040 1676 3184 1751 εἶχεν
3244 1678 3379 1747 ἡμῖν
3442 1675 3605 1748 μόνον
3667 1672 3841 1730 αἴτιον

2185 1765 2276 1819 τὸν
2327 1766 2541 1842 Πατέρα
2588 1763 2853 1837 δοξάζειν,
2909 1763 3034 1820 οὐδέ
3093 1765 3263 1838 μόνην
3314 1767 3496 1841 πηγήν
3554 1764 3838 1834 θεότητος,

432 1850 651 1920 Πνεῦμα
693 1849 881 1925 ἀγιονς
933 1852 1031 1906 Καὶ
1089 1849 1452 1929 βεϐάπτισμαί
1500 1878 1584 1932 γε,
1626 1858 1812 1935 φησὶν,
1864 1859 1939 1921 είς
1985 1856 2079 1914 ἕνα
2105 1890 2153 1956 Β
2188 1852 2313 1909 οὐδὲ
2343 1854 2541 1931 ἀρχὴν,
2575 1853 2699 1910 οὐδὲ
2731 1856 2906 1931 ῥίζαν,
2937 1852 3062 1909 οὐδὲ
3095 1853 3295 1930 ὅσαπερ
3347 1854 3421 1916 ὡς
3472 1853 3629 1926 αἰτίῳ
3683 1848 3841 1927 μόνῳ

427 1939 595 1990 ταῦτα
641 1938 791 2010 Θεὸν,
825 1939 902 2002 εἷς
948 1937 1042 1996 ἕνα
1084 1948 1251 1998 ταῦτα
1295 1946 1385 1999 καὶ
1447 1945 1629 2018 μόνον.
1662 1947 1735 2001 Οὐ
1775 1947 1876 2023 γάρ
1927 1970 2073 2026 φημι

430 2026 575 2110 παρὰ
626 2027 726 2095 τήν
788 2030 1050 2107 μακαρίαν
1107 2032 1308 2103 ταύτην
1350 2033 1552 2110 Τριάδα
1600 2037 1727 2091 Θεὸν
1783 2034 1954 2092 ἄλλον
1997 2038 2071 2092 εἰ·

432 2109 598 2170 δέναι.
653 2116 800 2171 Ἐπεὶ
860 2115 917 2172 δὲ
973 2116 1123 2183 οἶδας
1177 2122 1268 2176 καὶ
1322 2121 1507 2186 καλῶς
1562 2147 1622 2200 γε
1682 2125 1878 2197 οὕτως,
1924 2126 2075 2189 ὅπως

430 2202 526 2256 κάν
573 2209 691 2267 τοῖς
741 2205 863 2276 ἑξῆς
893 2208 1028 2283 πρὸς
1080 2208 1239 2286 λόγον
1291 2210 1576 2287 ἀποκρινῇ.
1617 2216 1808 2290 Λέγοις
1857 2215 1916 2269 ἂν
1970 2216 2075 2289 μό-

429 2311 540 2362 νον,
589 2293 771 2369 φησίν,
822 2295 1082 2372 ἄναρχον,
1127 2298 1363 2354 ἀναίτιόν
1408 2322 1466 2355 τε
1515 2303 1603 2357 καὶ
1648 2302 1939 2377 ἀγέννητον
1982 2306 2072 2359 τὸν

433 2378 927 2470 Θεὸν-καὶᾲΠατέρα
973 2386 1287 2464 ὁμολογεῖς.
1321 2391 1388 2444 Ἣ
1434 2394 1550 2452 πῶς
1601 2391 1881 2468 ὁμολογῶ,
1912 2392 2074 2470 φησίς

431 2468 531 2524 Τὸν
578 2467 635 2524 δὲ
682 2467 750 2540 δὴ
802 2474 941 2544 Υἱὸν,
973 2474 1036 2530 τό
1078 2496 1137 2531 τε
1185 2483 1403 2550 Πνεῦμα
1446 2480 1510 2533 τὸ
1566 2481 1742 2554 ἅγιον,
1777 2467 1876 2536 οὐκ
1921 2467 2077 2536 ἀναί-

429 2579 539 2616 τια.
576 2556 694 2633 Φῂς
741 2558 833 2615 οῦν
885 2559 943 2617 ἔκ
979 2585 1129 2627 τινος
1178 2565 1350 2636 εἶναι;
1405 2569 1527 2639 Ναὶ,
1573 2568 1633 2624 Ex
1687 2574 1784 2624 τοῦ
1842 2570 2072 2645 Πατρός.

432 2646 615 2709 Μόνος
660 2645 762 2725 ἄρα
805 2650 1011 2706 τούτων
1058 2650 1250 2727 αἴτιον,
1283 2655 1372 2710 καὶ
1417 2656 1586 2732 ἀρχὴ,
1617 2658 1707 2712 καὶ
1758 2658 1878 2734 ῥίζα
1907 2661 1935 2714 6
1969 2665 2076 2714 Πα-

430 2738 576 2811 τήρ;
608 2736 718 2792 Οὐκ
768 2736 963 2812 ἄλλος,
996 2739 1123 2796 ἀλλ’
1156 2744 1185 2797 6
1226 2746 1435 2820 Πατήρ.
1484 2746 1721 2820 Πότερον
1770 2747 1846 2809 ὡς
1886 2751 1921 2817 ἡ
1961 2747 2075 2803 κτί-

432 2845 553 2894 σις;
601 2825 717 2902 Οὐχ
774 2827 848 2890 ὡς
897 2831 933 2899 ἡ
978 2830 1172 2893 κτίσις.
1206 2838 1333 2895 Πῶς
1378 2832 1494 2906 οὖν,
1535 2840 1690 2905 πῶς;
1740 2837 1829 2899 Ὠς
1874 2836 1932 2891 ἐκ
1975 2844 2077 2906 τῆς

434 2912 614 2975 οὐσίας
662 2909 791 2970 ὄντα
828 2915 1012 2991 αὐτοῦ,
1042 2921 1133 2974 καί
1180 2920 1391 2999 φύσεως
1437 2921 1525 2978 διὰ
1570 2928 1739 2980 ταῦτα
1781 2932 1882 2995 τῆς
1912 2926 2079 2995 αὐτῆς

436 3000 601 3073 αὐτῷ.
634 3003 731 3058 Καὶ
762 3004 1010 3061 συναίδιά
1054 3030 1117 3083 γε
1154 3015 1321 3065 ταῦτα
1369 3010 1475 3089 φῄς
1523 3018 1602 3085 τῷ
1650 3014 1842 3090 Πατρὶ,
1874 3016 1910 3084 ἢ
1942 3014 2077 3091 πρό-

433 3110 586 3180 τερον
662 3094 778 3147 καθ’
836 3093 1059 3172 ὕπαρξιν
1114 3100 1206 3153 τὸν
1263 3100 1510 3175 Πατέρα;
1572 3100 1829 3158 Σοναῖδια
1885 3102 2076 3180 ἔγωγε.

434 3179 498 3233 Εἰ
544 3181 645 3257 γὰρ
694 3183 783 3236 καὶ
829 3183 881 3255 ἐξ
929 3184 1113 3259 αὐτοῦ,
1155 3186 1301 3243 ἀλλὰ
1354 3191 1469 3262 μετ’
1516 3190 1701 3247 αὐτοῦ.
1753 3193 1973 3266 Πνεῦμα
2014 3179 2079 3248 δὲ

2182 1943 2466 2019 πρόσεστιν
2495 1944 2659 2017 αὐτῷ.
2695 1944 2874 1999 ’Δλλά
2926 1946 3033 2017 μὴν
3083 1942 3182 1999 οὐκ
3221 1940 3359 1998 ἔστιν
3414 1942 3465 2016 ἐξ
3522 1942 3706 1998 αὐτοῦ.
3741 1942 3846 1997 Διὰ

2178 2038 2346 2088 ταῦτα
2375 2030 2500 2088 οὐδὲ
2545 2030 2614 2088 δι’
2647 2033 2812 2089 αὐτοῦ
2862 2031 2983 2107 ἄρα.
3014 2033 3111 2087 Καὶ
3162 2029 3305 2087 ἔοικέ
3360 2053 3421 2108 γε
3468 2033 3594 2105 μήτ’
3643 2030 3703 2086 ἐκ
3740 2036 3844 2086 τοῦ

2182 2124 2307 2182 Υἱοῦ
2365 2128 2442 2194 τῷ
2499 2120 2869 2199 Παρακλήτῳ,
2931 2125 3070 2197 μήτε
3127 2119 3217 2176 διὰ
3271 2125 3368 2176 τοῦ
3432 2122 3557 2176 Υἱοῦ
3614 2120 3843 2192 ὕπαρξις

2185 2212 2340 2270 εἶναι.
2400 2209 2571 2267 ἔοικεν
2626 2211 2686 2267 ἐκ
2724 2217 2822 2266 τοῦ
2870 2209 3058 2287 λόγου.
3091 2208 3249 2268 Ἀλλ’
3309 2208 3461 2286 εἷ’περ
3518 2207 3844 2285 μηδέτερον,

2183 2303 2258 2365 ὡς
2290 2301 2348 2357 ἂν
2387 2298 2526 2374 μηδέ
2554 2302 2621 2356 τά
2649 2301 2972 2356 ἀτοπώτατα
3019 2298 3230 2374 ἕψεται,
3263 2305 3380 2362 πῶς
3431 2297 3566 2369 δῆτά
3614 2320 3695 2360 τις
3736 2300 3843 2368 τήν

2184 2386 2274 2444 διὰ
2326 2394 2423 2445 τοῦ
2480 2391 2606 2445 Υἱοῦ
2656 2390 2715 2445 ἐκ
2774 2391 2993 2465 Ματρὸς
3053 2389 3435 2465 ἐκπορεύεσθαι
3489 2390 3555 2444 τὸ
3615 2392 3847 2462 Πνεῦμα

2184 2480 2369 2557 φωνὴν
2430 2481 2506 2553 μὴ
2561 2481 2661 2549 τήν
2722 2478 2797 2542 είς
2852 2480 2916 2533 τὸ
2974 2478 3106 2533 εἶναι
3143 2476 3212 2533 δι’
3249 2479 3372 2533 ῐἸοῦ
3411 2477 3610 2554 φάσκον
3643 2477 3849 2550 σημαί-

2184 2590 2292 2623 νειν
2342 2567 2628 2645 βούλεσθαι
2690 2565 2926 2643 πρόοδον
2963 2573 3061 2622 τοῦ
3106 2566 3317 2623 τελείαν
3369 2565 3431 2621 ἐκ
3479 2565 3694 2642 ΙῙατρὸς
3737 2566 3843 2635 τήν

2187 2657 2407 2735 ὕπαρξιν
2451 2656 2676 2734 ἔχοντος
2727 2657 3068 2729 Πνεύματος,
3102 2657 3355 2725 ἀτοπάζει
3403 2654 3492 2711 καὶ
3544 2663 3646 2725 τῆς
3695 2652 3845 2725 ἀλη-

2189 2748 2332 2812 θείας
2381 2746 2442 2802 Ex
2501 2744 2795 2823 διαμέτρου
2864 2745 3042 2822 λέγειν
3116 2746 3418 2818 νομίζεται,
3476 2745 3566 2799 καὶ
3623 2742 3722 2799 οὐκ
3778 2743 3841 2799 ἂν

2192 2836 2405 2909 μᾶλλον
2453 2836 2614 2899 αὐτὸς
2654 2834 2854 2899 ἄτοπος
2881 2833 2998 2906 εἴης
3035 2837 3135 2904 τήν
3168 2834 3263 2907 μὲν
3297 2831 3385 2888 διὰ
3411 2838 3511 2889 τοῦ
3568 2834 3692 2887 ἴὶοῦ
3743 2838 3844 2887 τοῦ

2185 2925 2505 2999 ΙΙνεύματος
2566 2924 2787 3000 ὕπαρξιν
2844 2922 2985 2997 μηδέ
3044 2924 3241 2998 μέχρις
3312 2923 3481 2991 ἀκοῆς
3538 2921 3844 2997 προσιέμε-

2186 3035 2292 3082 νος,
2344 3013 2533 3087 έκείνῳ
2582 3012 2639 3069 δὲ
2683 3015 2782 3082 τήν
2834 3013 3018 3092 φωνὴν
3061 3011 3261 3082 ταύτην
3314 3013 3390 3085 μή
3431 3008 3521 3066 διὰ
3570 3012 3696 3065 Υἱοῦ
3739 3012 3843 3080 τὴν

2190 3102 2264 3166 εἷς
2313 3103 2375 3158 τὸ
2425 3103 2559 3158 εἶναι
2612 3108 2708 3157 τοῦ
2757 3101 3079 3175 Πνεύματος
3129 3100 3412 3175 σημαίνειν
3463 3097 3701 3177 πρόοδον
3735 3100 3841 3178 φά-

2189 3212 2391 3264 σκοντι,
2451 3192 2525 3253 ὡς
2572 3191 2634 3247 οὐ
2692 3193 3040 3268 προσήκοντα
3111 3191 3470 3268 φθεγγομένῳ
3530 3188 3840 3268 ἐπιμεμφό-

435 3272 552 3360 πῶς
607 3270 671 3326 τὸ
731 3273 825 3345 μὲν
884 3277 1341 3353 προσαγορεύεται
1399 3279 1488 3333 καὶ
1544 3281 1869 3350 πιστεύεται,
1918 3283 1982 3336 τὸ
2030 3280 2077 3337 δ’
2108 3252 2151 3320 C
2192 3301 2391 3356 μενος;
2425 3280 2736 3360 ἐπισφαλῶς
2777 3279 2846 3336 δι’
2898 3282 3025 3340 Υἱοῦ
3068 3285 3148 3352 τῷ
3198 3278 3474 3352 ΙΙνεύματι
3514 3281 3614 3350 τήν
3674 3278 3842 3355 ὕπαρ-

439 3357 557 3419 Υῖὸς
614 3360 704 3413 καὶ
761 3361 861 3417 οὐκ
917 3361 1082 3442 ἄμφω
1136 3362 1317 3442 ἕτερον
1377 3364 1527 3443 εἶ’περ
1561 3368 1620 3424 ἐκ
1649 3374 1743 3424 τοῦ
1774 3369 1938 3426 αὐτοῦ
1987 3372 2076 3426 καὶ

436 3443 602 3524 ἄμφω
647 3449 863 3525 Πατρός
894 3470 908 3519 ;
939 3455 1059 3507 Ὅτι
1104 3476 1212 3525 τοι,
1257 3450 1382 3534 ἔφη,
1434 3456 1522 3511 καὶ
1554 3459 1583 3513 6
1624 3458 1825 3533 τρόπος
1870 3464 1972 3514 τοῦ
2021 3460 2081 3516 ἐκ

438 3535 823 3625 Πατρὸςῗεῖναι
879 3536 1062 3615 ἕτερος
1120 3543 1393 3620 ἑκατέρου.
1428 3551 1647 3619 Πνεῦμα
1706 3548 1799 3620 μὲν
1857 3550 1961 3625 γάρ
2015 3549 2079 3604 τὸ

438 3623 594 3710 ᾅγιον
654 3624 714 3680 ἐκ
773 3630 985 3704 Πατρὸς
1044 3629 1421 3703 ἐκπορεύεσθαι
1485 3638 1897 3710 μεμαθήκαμεν,
1934 3623 2077 3695 ὝΥἱὸν

440 3708 499 3766 δὲ
569 3717 867 3788 γεννᾶσθαι.
929 3720 1026 3775 Καὶ
1101 3722 1163 3776 τὸ
1228 3720 1607 3800 ἐκπορεύεσθαι
1663 3722 1720 3780 δὲ
1773 3708 1934 3781 τοῦτο
1990 3727 2079 3782 καὶ

437 3803 714 3876 γεννᾶσθαι
787 3807 879 3860 τὸν
964 3810 1060 3880 μὲν
1134 3810 1254 3865 Υἱὸν
1328 3812 1612 3886 ὀνομάζειν
1666 3814 1851 3884 ἀνῆκε,
1908 3817 1971 3871 τὸ
2023 3814 2082 3872 δὲ

440 3891 663 3963 ΙΙνεῦμα
712 3893 887 3967 ἅγιον.
916 3896 1034 3952 Εἶεν
1084 3896 1141 3954 δὲ
1187 3901 1335 3955 ταῦθ’
1384 3900 1580 3975 οὕτως,
1613 3901 1800 3973 ἐπειδή
1851 3904 1940 3959 καὶ
1982 3926 2080 3960 κα-

442 3977 554 4068 λῶς
585 3979 969 4058 ὡμολόγηται.
1003 3986 1159 4043 Ἀλλ’
1188 3990 1286 4063 ἂγε
1318 4011 1411 4063 μοι
1459 3992 1548 4045 καὶ
1597 3990 1723 4048 τόδε
1778 3994 1917 4068 πρὸς
1965 4000 2081 4058 τοῖς

443 4066 750 4143 εἰρημένοις
810 4073 1114 4150 ἀπόκριναι.
1163 4076 1379 4134 Τέλειον
1430 4079 1490 4134 ἐκ
1533 4085 1629 4135 τοῦ
1676 4066 1891 4159 Πατρὸς
1955 4104 2079 4158 γεν-

439 4161 632 4249 vacem:
684 4160 775 4249 τὸν
833 4162 955 4218 Υίὸν
1011 4163 1578 4242 ὁμολογεῖς,ἤτινος
1639 4170 1821 4246 ἑτέρου
1878 4174 2079 4249 φήσαις

443 4245 519 4308 εἰς
558 4244 876 4321 τελειότητα
934 4250 1042 4309 δεῖν
1094 4260 1174 4327 τῷ
1225 4263 1553 4331 Μονογενεῖ;
1588 4244 1963 4324 Ἀτοπώτατος
2018 4262 2078 4316 ἃν

442 4331 579 4423 εἷίην,
612 4337 658 4391 εἰ
720 4340 796 4411 μὴ
847 4343 1087 4413 καθάπαξ
1132 4345 1340 4400 τέλειον
1394 4346 1682 4423 ὁμολογῶν
1733 4347 1867 4420 εῗήν.
1908 4349 1979 4405 To‘
2024 4349 2083 4408 δὲ

444 4420 510 4493 δὴ
560 4430 785 4501 Πνεῦμα
827 4430 890 4484 τὸ
938 4432 1111 4507 ἅγιον,
1153 4432 1257 4509 ἆρά
1303 4455 1385 4489 σοι
1434 4435 1701 4509 καὶ-αὐτὸ
1753 4435 1902 4494 δοκεῖ
1946 4442 2084 4495 κατᾶ

438 4513 531 4605 τὸν
562 4511 671 4570 ἴσον
697 4524 798 4586 τῆς
827 4503 1369 4599 τελειότητος-λόγον
1421 4522 1481 4579 ἐκ
1523 4503 1735 4601 Ιοῐατρὸς
1795 4526 2080 4605 ἐκπορεύε-

2188 3372 2264 3442 ξιν
2325 3371 2455 3425 εἶναι
2515 3368 2813 3445 ὁμολογεῖν
2868 3366 3149 3444 καταδέξῃ,
3194 3369 3284 3424 καὶ
3344 3368 3422 3430 είς
3485 3367 3840 3447 βλασφημίας

2189 3460 2422 3515 ἐντεῦθεν
2486 3460 2646 3535 βυθὸν
2695 3453 3065 3529 κυϐιστήσεις,
3096 3458 3132 3526 ἢ
3168 3458 3244 3530 μὴ
3291 3453 3730 3532 καταδεχόμενος
3782 3456 3842 3513 ἐκ

2184 3554 2282 3604 τοῦ
2349 3548 2441 3603 τὸν
2523 3547 2769 3623 μέγιστον
2836 3546 3052 3601 τουτονὶ
3109 3543 3355 3601 κίνδυνον
3410 3542 3667 3612 δεδιέναι,
3725 3543 3841 3600 οὔτ’

2189 3637 2361 3693 ἐκεῖνο
2444 3638 2661 3699 πάντως
2732 3636 3125 3711 ὁμολογήσεις,
3182 3632 3294 3690 οὔθ’
3356 3635 3437 3697 οἷς
3506 3631 3843 3711 ἐγκέκληκας

2186 3732 2283 3782 τοῦ
2315 3724 2535 3797 λοιποῦ,
2586 3724 2835 3801 ἐγκαλεῖν
2890 3724 3160 3796 ἀξιώσεις.
3189 3724 3409 3800 Θατέρῳ
3464 3725 3567 3800 γὰρ
3612 3724 3836 3799 θάτερον

2186 3814 2391 3874 ἕπεται.
2450 3815 2549 3870 Καὶ
2603 3816 2713 3885 ναὶ,
2771 3814 2926 3892 φησὶ,
2985 3813 3318 3869 παντάπασιν
3382 3811 3562 3876 ἔοικας
3635 3811 3842 3883 ἀληθέ-

2188 3927 2353 3961 στατα
2392 3903 2592 3980 λέγειν.
2643 3906 2764 3958 ’Ότι
2817 3904 2913 3977 μὶν
2959 3901 3049 3958 οῦν
3111 3903 3337 3959 ἐνταῦθα
3388 3903 3440 3957 οἳ
3490 3899 3560 3957 δι’
3605 3902 3730 3957 Υἱοῦ
3779 3901 3841 3956 τὸ

2189 3998 2412 4067 Πνεῦμα
2465 3994 2527 4047 τὸ
2575 3993 2727 4068 ἅγιον
2782 3991 2840 4046 ἐκ
2897 3992 3111 4066 Πατρὸς
3168 3990 3549 4068 ἐκπορεύεσθαι
3609 3991 3841 4068 φάμενοι

2189 4081 2426 4156 ΙΙατέρες
2474 4086 2554 4154 τῷ
2604 4080 2881 4153 Ιῐνεύματι
2939 4077 3008 4134 δι’
3037 4082 3162 4136 Υἳοῦ
3216 4080 3316 4136 οὐκ
3365 4079 3644 4151 ἐνενόησαν
3676 4077 3849 4156 ὕπαρ-

2189 4173 2288 4244 ξιν,
2347 4172 2566 4241 ἱκανῶς,
2627 4170 2805 4242 οἶμαι,
2862 4167 3188 4239 δεδήλωται.
3249 4170 3313 4223 Οἱ
3364 4170 3468 4245 γὰρ
3536 4167 3687 4223 αὐτοὶ
3744 4167 3843 4223 καί

2193 4262 2355 4336 μόνον
2412 4260 2582 4315 αἴτιον
2643 4254 2839 4337 ἔφασαν
2909 4259 3001 4314 τὸν
3062 4256 3300 4331 Πατέρα,
3360 4257 3449 4312 καὶ
3523 4256 3699 4333 ῥίζαν,
3751 4257 3845 4312 καὶ

2189 4352 2398 4427 πηγὴν,
2430 4350 2520 4405 καὶ
2576 4349 2753 4425 ἀρχὴν
2815 4349 2943 4403 Υὶοῦ
2999 4347 3089 4403 καὶ
3149 4347 3472 4419 ΙΙνεύματος
3517 4346 3609 4401 τὸν
3661 4343 3845 4419 αὐτὸν,

2189 4440 2279 4495 καὶ
2337 4438 2435 4495 ὅσα
2486 4459 2547 4515 γε
2598 4435 2662 4508 δή
2720 4459 2836 4500 πως
2880 4435 3057 4511 ἕτερα,
3089 4437 3189 4505 τὴν
3239 4435 3334 4509 μὶν
3384 4434 3434 4506 ἐξ
3469 4435 3616 4505 Υἱοῦ,
3648 4433 3739 4489 καὶ
3772 4430 3827 4488 δι

2191 4531 2316 4584 Υἱοῦ
2370 4533 2468 4583 τοῦ
2516 4527 2829 4601 Πνεύματος
2891 4525 3106 4603 ἐπαρξιν
3167 4524 3421 4601 ἀναιρεῖν,
3460 4524 3551 4579 τὸν
3610 4520 3670 4578 δὲ
3725 4527 3848 4580 Πα-

444 4603 651 4693 σραιιῆ
683 4610 800 4669 πῶς
827 4608 1023 4683 ἑτέρως
1050 4631 1064 4680 ;
1098 4611 1214 4688 Οὐχ
1262 4613 1481 4690 ἑτέρως,
1514 4612 1661 4670 ἀλλά
1703 4603 1948 4679 τελείωςξ
1980 4618 2091 4674 Οὐκ
2118 4622 2165 4688 D
2194 4618 2323 4693 τέρα
2377 4616 2552 4672 ἐκεῖνα
2601 4617 2774 4671 πάντα
2805 4618 2882 4690 (1)
2910 4615 3036 4669 Υἱοῦ
3092 4635 3152 4668 τε
3203 4613 3295 4668 καὶ
3354 4612 3671 4685 ΙΙνεύματος
3725 4609 3847 4666 δια-

444 4688 535 4780 οῦν
597 4692 860 4767 ἰσοτίμως
909 4696 968 4753 ἐκ
1015 4704 1114 4754 τοῦ
1160 4700 1323 4756 αὐτοῦ
1414 4704 1536 4765 Υἱὸς
1586 4704 1673 4758 κσὶ
1719 4706 1782 4760 τὸ
1822 4711 2083 4780 Πνεῦμα·

440 4777 493 4832 τί
547 4782 692 4853 μήν;
725 4783 853 4847 Θεός
903 4784 993 4841 οῦν
1046 4789 1074 4842 6
1114 4788 1270 4859 r164;
1306 4790 1457 4853 Θεός.
1489 4792 1616 4855 Θεὸς
1664 4794 1752 4847 καὶ
1799 4796 1862 4849 τὸ
1910 4777 2083 4851 Πνεῦ-

448 4887 559 4956 μα;
615 4870 763 4933 Θεός.
814 4874 901 4936 Ὠς
935 4876 963 4928 6
1005 4880 1238 4953 ΙΙατήρ;
1284 4877 1450 4956 Εἴπερ
1493 4879 1694 4951 τέλεια,
1726 4883 1813 4937 καὶ
1872 4883 1932 4939 Ex
1984 4887 2085 4954 τῆς

444 4955 626 5021 οὐσίας
683 4958 871 5031 αὐτῆς.
900 4964 1032 5027 Θεὸς
1088 4964 1191 5042 ἄρα
1233 4968 1323 5023 καὶ
1355 4955 1484 5032 Θεὸς
1533 4970 1622 5024 καὶ
1674 4971 1843 5042 Θεός;
1876 4972 2083 5037 Οὕτως.

442 5050 598 5122 Τρεῖς
653 5045 742 5102 οῦν
801 5051 951 5122 θεοί;
1011 5051 1295 5128 Οὐδαμῶς,
1344 5060 1419 5119 εἷς
1481 5055 1559 5129 δὲ,
1616 5061 1810 5123 παντὸς
1873 5061 2085 5131 μᾶλλον

444 5136 555 5197 εἷς·
600 5137 635 5205 ἢ
690 5142 806 5200 πῶς
850 5162 909 5216 γε
963 5143 1063 5215 μὴ,
1113 5142 1249 5198 ὅπου
1298 5146 1394 5219 μία
1439 5168 1502 5223 γε
1554 5146 1732 5225 φύσις,
1774 5148 1946 5223 οὐσία,
1990 5148 2082 5205 δύ-

441 5244 626 5297 ναμις,
676 5225 934 5303 ἐνέργεια,
989 5231 1274 5305 βούλησις,
1322 5234 1410 5289 καὶ
1471 5235 1534 5290 τὸ
1600 5236 1981 5314 παραλλάττον
2029 5239 2082 5295 ἐν

440 5319 558 5376 τοῖς
614 5314 883 5379 τοιούτοις
941 5317 1227 5390 οὐδέν;Τί
1274 5319 1365 5392 δέ;
1398 5323 1497 5377 Καὶ
1555 5323 1703 5388 ὅπως
1764 5328 1840 5401 μή
1900 5328 2083 5385 ἐπανε-

444 5404 768 5477 ρωτώμενος
830 5406 1121 5483 ἀχθεσθῇς,
1178 5414 1256 5483 τῷ
1321 5412 1565 5485 παναγίῳ
1642 5416 1917 5489 ΙΙνεύματι
1985 5418 2085 5473 οὐκ

442 5491 503 5547 Ex
544 5498 642 5547 τοῦ
688 5495 906 5571 Πατρὸς
935 5500 970 5567 ἡ
1004 5496 1228 5575 ὕπαρξις
1276 5498 1454 5575 ὥσπερ
1485 5502 1574 5556 καὶ
1613 5508 1692 5576 τῷ
1721 5506 1846 5578 Tit};-
1880 5512 2078 5585 Ἔφην,

514 5674 593 5748 (1)
621 5677 793 5734 Deest
821 5674 917 5735 hic
944 5676 1190 5751 aliquid,
1226 5681 1292 5736 ut
1318 5683 1481 5752 puta,
1514 5674 1684 5736 αἴτιον
1717 5681 1872 5741 εἶναι.

2194 4711 2400 4783 τρανοῖ.
2436 4705 2534 4759 Καὶ
2582 4705 2755 4781 χωρίς
2803 4725 2864 4780 γε
2912 4702 3120 4758 τούτων
3170 4698 3260 4756 διὰ
3304 4705 3402 4756 τοῦ
3449 4701 3575 4755 Υἱοῦ
3627 4700 3723 4773 μὲν
3756 4698 3847 4755 Ex-

2193 4794 2510 4872 πορεύεσθαι
2571 4792 2766 4872 ἔφασαν
2827 4792 3040 4864 ἐκεῖνοι,
3074 4787 3127 4845 οἰῖ
3182 4812 3245 4866 γε
3292 4788 3383 4844 καὶ
3416 4788 3722 4864 εἰρήκεσαν,
3752 4787 3848 4843 καί

2192 4887 2356 4958 ἡμεῖς
2390 4881 2543 4956 ἴσμεν
2574 4878 2823 4945 εἰπόντας
2849 4902 2866 4920 ο
2917 4881 3001 4936 ὅτι
3032 4878 3089 4935 δὲ
3121 4879 3210 4934 καὶ
3260 4877 3483 4955 ὕπαρξις
3539 4882 3619 4950 τῷ
3679 4875 3853 4934 ΙΙνεύ-

2198 4993 2324 5047 ματι
2359 4969 2448 5027 διὰ
2485 4975 2583 5027 τοῦ
2613 4973 2738 5027 Υῖοῦ
2769 4970 2869 5026 οὐκ
2896 4967 3060 5038 ἔστιν,
3092 4967 3166 5031 ὥς
3214 4988 3299 5030 τις
3347 4966 3521 5021 αὐτῶν
3572 4965 3849 5043 λεγόντων

2194 5061 2415 5132 ἀκήκοε.
2447 5064 2616 5116 Τοῦτο
2651 5060 2745 5134 μὲν
2796 5057 2889 5114 οῦν
2949 5055 3050 5137 ἔφη
3106 5055 3236 5119 τοὺς
3293 5055 3538 5132 Πατέρας
3591 5053 3844 5124 ἐννοῆσαι

2192 5149 2281 5204 καὶ
2314 5146 2461 5220 δόξαι
2489 5154 2610 5212 ταῖς
2660 5148 2845 5225 ρήσεσι
2894 5147 3113 5209 ταύταις
3163 5145 3386 5220 ὕπαρξιν
3435 5141 3524 5199 διὰ
3568 5147 3667 5198 τοῦ
3715 5143 3845 5199 Υὶοῦ

2192 5244 2375 5312 νεῖμαι
2430 5242 2510 5311 τῷ
2562 5237 2864 5311 ΙΙνεύματι,
2921 5236 3020 5292 οὐκ
3074 5232 3217 5290 ἔστιν
3290 5233 3439 5297 ὅπως
3509 5234 3843 5305 συνθήσομαι

2193 5331 2287 5382 τοῦ
2318 5326 2538 5384 λοιποῦ.
2573 5327 2721 5382 Ἐπεὶ
2753 5324 2923 5397 δῆλόν
2977 5345 3039 5401 γε
3084 5324 3175 5379 καὶ
3230 5322 3434 5392 παισὶν,
3468 5321 3544 5384 ὡς
3600 5320 3754 5376 αὐτοί
3781 5341 3847 5398 γε

2193 5417 2404 5478 ἑαυτοῖς
2455 5416 2545 5471 καὶ
2605 5414 2834 5488 ἀληθείᾳ
2887 5413 3256 5487 πολεμοῦντες
3313 5410 3372 5466 ἂν
3431 5408 3637 5480 εἴησαν.
3681 5409 3841 5479 Πλὴν

2190 5502 2316 5561 τόδε
2351 5526 2443 5580 μοι
2501 5502 2660 5582 δεῦρο
2716 5503 2871 5576 λέξον
2931 5507 3137 5582 σαφῶς,
3166 5501 3221 5557 τί
3252 5499 3445 5556 λοιπὸν
3473 5497 3656 5577 ἕτερον
3685 5497 3844 5554 ταυτὶ
