4118 6434
313 481 439 543 257

313 613 387 667 τά
447 612 682 687 ῥήματα
744 610 1001 688 βούλεται
1057 616 1171 673 τοῖς
1248 609 1458 666 εἰποῦσι
1514 610 1795 685 σημαίνειν
1833 651 1845 664 .

318 700 510 758 Ἀλλά
561 702 836 779 πρότερον
891 702 929 771 ἢ
983 702 1051 755 τά
1107 698 1368 756 δοκοῦντα
1425 699 1592 755 εἰπεῖν
1628 747 1642 771 ,
1703 701 1993 773 σκέψασθαι

322 789 445 847 δέον
508 791 588 853 ὡς
649 789 771 867 ἔχει
827 791 918 846 καὶ
973 791 1040 845 τὰ
1094 788 1347 864 ὑμέτερα,
1394 788 1593 866 ὅσαπερ
1639 788 1994 864 ἐξηγούμενοι

320 882 389 935 τὸ
447 879 510 934 ἐκ
570 880 790 954 ιιατρὸς
871 877 940 934 δι’
1016 880 1144 934 Υἱοῦ
1211 878 1590 954 ἐκπορεύεσθαι
1658 879 1722 932 τὸ
1781 875 1999 948 Πνεῦμά

327 990 482 1047 φατε.
538 969 761 1024 Ἐκεῖνα
819 966 877 1023 δὲ
933 967 1144 1029 πάντως
1201 967 1355 1045 φατὶ,
1411 966 1486 1029 ὡς
1544 969 1579 1035 ἡ
1630 962 1720 1020 διὰ
1748 964 1999 1039 πρόθεσις

330 1060 444 1113 ἆντί
501 1065 613 1126 τῆς
671 1056 767 1112 σὺν
830 1057 1072 1129 ἐνταῦθα,
1126 1056 1242 1111 ἀντὶ
1299 1063 1399 1125 τῆς
1454 1055 1608 1128 μετὰ,
1664 1050 1810 1109 ἔσται
1839 1075 1996 1109 νοου-

336 1149 472 1220 μένη
531 1146 876 1223 προθέσεως,
932 1146 1023 1201 καὶ
1080 1146 1189 1201 ἀντ’
1245 1145 1409 1200 αὐτοῦ
1464 1165 1524 1199 τε
1586 1148 1684 1198 τοῦ
1741 1144 1854 1217 ἅμα
1908 1142 1998 1197 καὶ

332 1236 477 1309 ὁμοῦ
535 1235 944 1313 ἐπιρῥήματος,
998 1233 1073 1289 τίν’
1123 1234 1161 1310 ᾖ
1217 1235 1336 1289 καθ’
1387 1234 1525 1307 ὑμᾶς
1570 1234 1633 1288 τὸ
1684 1231 1743 1287 ἐκ
1788 1232 2000 1307 Πατρὺς

330 1322 400 1380 δ’
456 1326 521 1379 Υἳ
558 1330 587 1361 ⁷
653 1325 668 1344 ’
863 1325 877 1347 ’
1296 1328 1323 1340 ”
1501 1323 1515 1341 “
1592 1324 1600 1338 ’
1814 1321 1827 1341 ’

367 1347 384 1379 ι
524 1347 593 1380 ο)
650 1327 1030 1402 εκπορευεσθαι
1084 1325 1147 1379 τὸ
1192 1330 1409 1398 Πνευμα
1462 1345 1525 1378 το
1566 1325 1720 1397 ἅγιον
1770 1320 1900 1376 αυτό
1939 1341 2004 1396 γε

335 1412 545 1485 δηλοῦν
576 1415 666 1486 τὸ,
700 1413 795 1469 σὺν
823 1418 903 1487 τῷ
929 1414 1058 1485 Υἱῷ,
1089 1413 1124 1482 ἢ
1179 1414 1312 1486 μετά
1348 1416 1445 1466 τοῦ
1492 1412 1639 1481 Υἱοῦ,
1688 1410 1723 1479 ἢ
1775 1409 1888 1482 ἅμα
1923 1412 2003 1481 τῷ

332 1505 442 1575 Υίῷ
497 1502 561 1558 ἐκ
604 1507 709 1558 τοῦ
766 1503 978 1578 Πατρὸς
1036 1501 1434 1577 ἐκπορεύεσθαι.
1482 1504 1659 1555 Τοῦτο
1705 1497 1751 1554 δ’
1794 1499 1869 1560 ὡς
1907 1498 1999 1571 μὲν

330 1588 580 1663 γελοῖον,
632 1590 711 1652 ὡς
764 1586 822 1644 δὲ
865 1586 1074 1663 κομιδῇ
1129 1583 1381 1649 δυσσεϐὲς
1428 1587 1504 1650 εἰς
1531 1588 1624 1642 τὸν
1676 1584 1813 1656 ἴσον,
1844 1586 1879 1655 ἢ
1911 1585 2001 1640 καὶ

332 1679 567 1754 χείρονα
611 1686 715 1747 τῆς
763 1683 861 1733 τοῦ
908 1676 1109 1733 Βέκκου
1161 1675 1513 1755 βλασφημίας
1546 1676 1706 1754 φέρον
1751 1671 2000 1749 ὄλισβον,

331 1767 399 1822 οὐ
426 1766 659 1823 πολλοῦ
702 1787 850 1828 τινος
897 1765 1053 1840 οἶμαι
1101 1764 1274 1840 λόγου
1325 1762 1594 1835 δηλῶσαι.
1626 1762 1850 1819 Γελοῖον
1906 1763 2000 1837 μὲν

336 1857 444 1932 γὰρ
478 1855 543 1911 ἂν
576 1852 664 1927 εἴη
697 1853 789 1911 διὰ
831 1856 930 1924 τήν
982 1854 1280 1911 ἀλλόκοτον
1323 1852 1413 1909 καί
1458 1855 1609 1925 ξένην
1659 1853 1749 1908 καὶ
1805 1851 2003 1908 παντά-

331 1967 501 2001 πασιν
552 1944 895 2020 ἀγνοομένην
942 1948 1011 2019 τῇ
1073 1943 1326 2015 συνηθείᾳ
1385 1942 1712 2016 μετάληψιν,
1772 1943 1839 2012 ἢν
1879 1938 2003 1996 οὔτε
2032 1984 2081 2049 Β

333 2038 744 2109 γραμματικῶν
802 2031 994 2095 παῖδες
1061 2033 1232 2088 ἴσασιν
1271 2077 1285 2103 ,
1363 2030 1486 2087 οὕτε
1544 2033 1596 2086 οὶ
1659 2033 1758 2101 τὴν
1818 2032 2000 2110 φωνὴν

340 2121 538 2183 άπλῶς
586 2121 969 2193 ἑλληνίζοντες
1017 2121 1337 2198 κέχρηνται.
1387 2121 1532 2176 Ἐπεὶ
1564 2125 1671 2175 ποῦ
1717 2119 1780 2174 σὺ
1817 2121 2000 2194 μαθὼν

344 2210 495 2286 ἔχεις
553 2212 654 2279 τὴν
715 2209 803 2266 διὰ
857 2212 1111 2287 πρόθεσιν
1171 2211 1249 2274 εἷς
1298 2213 1399 2281 τὴν
1446 2210 1537 2265 σὺν
1583 2204 2004 2283 μεταλαμϐανο-

349 2300 547 2373 μένην,
573 2301 665 2355 καὶ
712 2303 812 2370 τήν
848 2302 984 2374 μετά
1028 2303 1118 2356 καὶ
1163 2301 1231 2356 τά
1279 2300 1545 2375 σύστοιχα
1577 2318 1590 2368 ;
1627 2294 1884 2360 Δυσσεϐὲς
1924 2296 2001 2370 δὲ,

343 2390 430 2451 οἷς
491 2389 682 2466 ὅτιπερ
736 2389 795 2445 ἐκ
847 2397 948 2461 τῆς
1006 2390 1263 2460 τοιαύτης
1322 2389 1472 2462 ὑμῶν
1519 2387 1821 2465 ἐξηγήσεως
1862 2389 2004 2443 καὶὸ

339 2479 690 2554 γεννώμενος
746 2479 866 2541 Υἱὸς
916 2478 977 2534 ἐκ
1036 2479 1245 2555 Πατρὸς
1297 2478 1575 2554 συνάγεται
1619 2478 1682 2532 τὸ
1733 2477 2004 2550 Πνεύματι

341 2567 409 2623 ἐκ
453 2568 669 2643 Πατρὸς
719 2569 1269 2645 συνεκπορευόμενος.
1331 2567 1629 2642 Συνάγεται
1682 2566 1808 2642 γὰρ,
1868 2565 2008 2624 ἐπει-

342 2654 417 2726 δή
456 2658 528 2711 τά
574 2662 800 2712 τοιαῦτα
859 2659 1243 2734 προσρήματα,
1280 2653 1370 2710 καί
1423 2653 1523 2710 ὅσα
1570 2655 1866 2709 συναπτικά
1916 2655 2005 2709 καὶ

347 2744 727 2817 συλληπτικά,
774 2747 842 2800 τὰ
880 2743 1069 2801 πολλά
1122 2749 1227 2799 τῶν
1275 2742 1644 2817 ὑποκειμένων
1696 2744 2004 2820 προσώπων

341 2840 470 2896 τοῖς
531 2833 945 2911 ἐπιφερομένοις
1016 2832 1219 2913 πέφυκε
1292 2832 1646 2907 συναρμόζειν
1720 2832 1953 2909 ῥήμασιν
1989 2878 2004 2905 ,

341 2921 458 2978 εἴτε
511 2922 732 2996 τελείῳ,
793 2923 899 2979 εἴτε
950 2919 1006 2978 ἓν
1068 2922 1179 2977 ἐστι
1234 2922 1301 2976 τὰ
1358 2921 1724 2998 ἐπιφερόμενα
1755 2964 1768 2978 .
1829 2920 2005 2976 Οἱονεὶ

339 3011 569 3085 τρέχειν
617 3032 703 3073 τις
751 3008 971 3086 λέγεται
1026 3009 1118 3065 σὺν
1165 3014 1247 3081 τῷ
1295 3005 1450 3080 δεῖνι,
1491 3008 1617 3071 τοὺς
1665 3008 2004 3086 ἀμφοτέρους

342 3103 571 3177 τρέχειν
623 3099 685 3155 ὲκ
730 3104 825 3154 τοῦ
872 3098 1045 3175 λόγου
1088 3093 1602 3171 καταλαμϐάνομεν,
1630 3102 1728 3152 τοῦ
1757 3099 2005 3175 προσρή-

348 3210 549 3262 ματος,
610 3190 687 3251 ὡς
741 3187 974 3265 εἴρηται,
1036 3188 1139 3243 ὑπὸ
1167 3189 1266 3257 τήν
1314 3192 1411 3242 τοῦ
1443 3186 1689 3263 ῥήματος
1718 3187 2003 3242 κοινωνίαν

346 3278 605 3353 ἄγοντος,
633 3277 703 3331 τά
734 3276 994 3350 ὀνόματα.
1026 3276 1131 3331 Κᾶν
1186 3276 1319 3350 μετὰ
1362 3279 1460 3330 τοῦ
1500 3273 1674 3339 δεῖνος
1720 3278 1812 3331 τὸν
1865 3273 2009 3331 δεῖνα

1582 477 1912 541 SCRIPTA
1956 477 2520 543 APOLOGETICA.

3628 485 3746 549 258

1904 609 1997 673 Τίς
2025 613 2077 680 Α
2180 611 2539 684 Φιλονεικεῖς,
2586 609 2724 683 οἶδα,
2774 612 2910 686 πρὸς
2951 617 3138 684 ταῦτα,
3182 614 3271 668 καὶ
3308 617 3586 685 πειθήνιον
3617 638 3743 672 σαυ-

2100 700 2192 755 τὸν
2248 699 2504 774 οὐδαμῶς
2561 702 2823 778 παρέχεις
2876 707 2955 774 τῷ
3011 700 3181 778 λόγῳ’
3228 700 3377 780 ἄθρει
3425 702 3490 774 δὴ
3552 703 3745 761 λοιπὸν

2101 790 2201 857 τήν
2254 791 2564 862 θαυμαστὴν
2624 789 2954 868 φιλονεικίαν
2999 790 3074 851 εἰς
3125 791 3238 845 οἷον
3272 793 3420 869 φέρει
3470 794 3534 848 τὸ
3564 793 3746 857 τέλος.

2104 878 2174 931 Τὸ
2223 875 2294 932 δι’
2340 883 2442 932 Γοῦ
2491 878 2551 933 ἐκ
2593 883 2690 933 τοῦ
2739 880 2951 955 Ιῐατρὸς
2999 879 3376 954 ἐκπορεύεσθαι
3422 883 3486 937 τὸ
3529 887 3751 956 Ιῐνεῦμα

2103 967 2167 1021 τὸ
2197 968 2348 1042 ἅγιον
2401 967 2507 1044 οὐχ
2535 964 2716 1042 ἕτερον
2766 969 2902 1022 κατά
2954 989 3010 1023 σε
3055 969 3091 1037 ἢ
3143 968 3205 1023 τὸ
3255 969 3345 1023 σῦν
3388 975 3467 1042 τῷ
3516 971 3622 1044 Υἰῷ
3660 972 3750 1027 καὶ

2112 1055 2245 1127 μετά
2272 1057 2417 1127 Υἱοῦ,
2468 1056 2558 1111 καὶ
2605 1057 2718 1129 ἅμα
2760 1061 2840 1128 τῷ
2883 1058 2991 1128 Υἱῷ
3036 1056 3096 1111 ἐκ
3134 1062 3232 1112 τοῦ
3273 1060 3481 1133 Πατρὸς
3532 1060 3753 1138 ὑφεστά-

2106 1166 2194 1199 ναι
2243 1145 2307 1200 τὸ
2362 1149 2582 1219 Πνεῦμα
2632 1145 2695 1200 τὸ
2753 1146 2925 1220 ἅγιον.
2972 1147 3078 1214 Τὴν
3110 1146 3211 1222 γὰρ
3263 1143 3352 1201 διὰ
3389 1148 3638 1225 πρόθεσιν
3670 1149 3752 1204 ἐν·

2108 1235 2278 1288 ταῦθα
2321 1235 2419 1303 τὴν
2471 1232 2562 1287 σὺν
2611 1231 2791 1308 λέγεις
2845 1230 3134 1306 δύνασθαι,
3183 1234 3274 1289 καὶ
3318 1236 3418 1305 τήν
3481 1238 3614 1310 μετά
3663 1240 3752 1293 καὶ

2109 1321 2172 1377 τὸ
2228 1322 2341 1394 ἅμα
2397 1320 2696 1398 ἐπίρρημα.
2741 1320 2802 1376 Τί
2852 1319 2942 1375 οῦν
2990 1322 3235 1395 κάμνεις,
3270 1323 3345 1386 εἷς
3391 1329 3559 1380 ταῦτα
3591 1347 3754 1400 μετα-

2107 1409 2275 1473 τιθεὶς
2320 1411 2420 1479 τὴν
2469 1407 2603 1478 διά;
2655 1416 2834 1464 Ἔστω
2893 1407 2959 1478 δὴ
3021 1406 3223 1486 ἔχουσα
3256 1409 3435 1489 ὥσπερ
3484 1411 3622 1490 ἔχει,
3664 1415 3753 1469 καὶ

2112 1497 2356 1563 δυνάσθω
2436 1498 2637 1576 ὅσαπερ
2698 1496 2914 1554 δύναται
2972 1500 3117 1573 παρά
3171 1500 3255 1555 σοί
3303 1544 3315 1558 .
3382 1504 3638 1558 Ἐνταῦθα
3689 1502 3751 1558 σὺ

2112 1588 2350 1664 ἅρμοσον
2415 1587 2582 1662 ταύτῃ
2659 1586 2836 1642 ἐκεῖνα
2905 1584 3170 1664 δυναμένῃ
3210 1636 3226 1662 ,
3285 1592 3417 1666 ἅπερ
3485 1591 3751 1654 κάκείνοις

2113 1676 2443 1754 ἐφήρμοζες,
2484 1676 2575 1731 καὶ
2621 1677 2721 1745 τήν
2770 1675 3003 1749 ἀμαθίαν
3057 1679 3170 1751 ἅμα
3224 1678 3313 1733 καὶ
3372 1679 3595 1735 ἀτοπίαν
3655 1702 3751 1736 κα-

2107 1767 2392 1836 τανοήσεις
2448 1766 2538 1819 καὶ
2600 1786 2849 1838 μισησεις
2902 1766 3001 1834 τήν
3052 1767 3170 1836 σήν,
3225 1768 3294 1821 Ἣ
3346 1769 3446 1842 γὰρ
3504 1768 3602 1823 οὐκ
3658 1771 3751 1824 αύ-

2109 1857 2232 1917 τίκα
2305 1852 2650 1924 συνελαθείης
2720 1852 3014 1929 ὁμολογεῖν
3045 1900 3061 1926 ,
3120 1853 3319 1932 ὅσαπερ
3394 1856 3582 1911 ἀνόπιν
3657 1863 3755 1913 τοῦ

2112 1940 2282 2018 λόγου
2331 1940 2678 2018 διομολογεῖν
2742 1943 3069 2020 ἐκπέφευγας
3126 1941 3427 2022 βλάσφημα
3459 1990 3473 2003 .
3532 1946 3595 2001 Εἰ
3653 1948 3755 2024 γάρ

2111 2032 2172 2087 τὸ
2230 2029 2298 2086 δι’
2354 2032 2477 2089 Υἱοῦ
2535 2030 2881 2107 ἐκπορεύεται
2918 2033 2980 2086 τὸ
3037 2037 3278 2106 Πνεῦμα,
3322 2036 3468 2089 τοῦτ’
3518 2032 3654 2106 ἐστι,
3693 2037 3755 2091 τὸ

2114 2120 2206 2176 σὺν
2254 2126 2332 2192 τῷ
2372 2121 2479 2192 Υἱῷ
2533 2120 2623 2174 καὶ
2685 2121 2819 2194 μετά
2870 2125 2967 2175 τοῦ
3024 2121 3169 2191 Υἱοῦ,
3226 2122 3316 2176 καὶ
3373 2123 3487 2196 ἅμα
3538 2129 3617 2196 τῷ
3646 2126 3754 2183 Υῖῶ

2114 2207 2139 2233 3!
2185 2232 2204 2245 ρ
2324 2232 2333 2240 ,
2421 2208 2447 2229 υ
2567 2208 2588 2236 ρ·
3012 2206 3035 2228 N
3406 2210 3415 2224 ι
3701 2214 3717 2233 κ

2113 2230 2258 2286 εχειν
2289 2211 2388 2278 τῆν
2420 2230 2665 2285 υπαρςιν,
2713 2211 2952 2285 τήρησον
3008 2212 3073 2280 οή
3110 2231 3203 2283 μοι
3246 2207 3627 2284 ἀμεταϐλητον
3656 2234 3756 2283 την

2115 2296 2224 2370 διὰ,
2255 2298 2344 2353 καὶ
2374 2304 2490 2360 τοῖς
2533 2296 2676 2360 ’ίσοις
2706 2299 2841 2353 κατά
2885 2297 3012 2360 τοὺς
3052 2298 3365 2375 γεωμέτρας
3412 2301 3643 2378 πρόσθες
3689 2304 3757 2357 τά

2116 2386 2222 2458 ἴσα,
2253 2388 2342 2442 καὶ
2391 2382 2512 2461 ὄψει
2558 2407 2639 2462 γε,
2692 2387 2769 2448 ὡς
2818 2387 3064 2462 οὐράνιον
3116 2386 3238 2442 ὅσον
3295 2390 3640 2466 ἁμαρτάνεις,
3687 2389 3757 2446 δι’

2115 2478 2240 2534 Υἱοῦ
2294 2477 2393 2545 την
2453 2475 2676 2550 ὕπαρξιν
2735 2478 2879 2551 ἔχειν
2938 2476 2998 2530 τὸ
3056 2482 3276 2550 Πνεῦμα
3329 2478 3392 2533 τὸ
3442 2480 3620 2554 ἅγιον,
3666 2481 3757 2535 καὶ

2117 2563 2398 2643 ὑφεστάναι
2433 2562 2748 2639 ὁμολογῶν,
2781 2564 2914 2641 ἅπερ
2961 2565 3161 2628 παντὸς
3195 2564 3408 2639 μᾶλλον
3458 2566 3754 2645 ὁμολογεῖν

2114 2653 2511 2729 ἀπηγόρευσας.
2544 2653 2619 2706 Τὰ
2652 2652 2745 2724 μὲν
2781 2651 2872 2707 οῦν
2897 2652 3127 2731 ὑμέτερα
3152 2660 3394 2711 τοιαῦτα.

2186 2740 2364 2811 Ἀλλά
2393 2741 2581 2797 σκόπει
2618 2741 2812 2797 λοιπὸν
2861 2743 2951 2798 καὶ
2990 2744 3059 2798 τά
3106 2741 3369 2800 δοκοῦντα
3412 2749 3547 2821 ἡμῖν
3597 2749 3758 2824 ΙΙρῶιι

2112 2853 2204 2888 τον
2234 2830 2325 2887 οῦν
2357 2831 2529 2887 ἐκεῖνο
2585 2829 2752 2901 δῆλον
2812 2831 2944 2887 εἶναί
3005 2854 3148 2911 φημι
3196 2839 3312 2897 τοῖς
3362 2841 3542 2909 μᾶσιν,
3594 2838 3670 2900 ὡς
3710 2838 3757 2894 εἰ

2114 2923 2205 2976 καὶ
2239 2917 2406 2994 μηδὲν
2437 2917 2557 2995 ἔχοι
2588 2941 2671 2983 τις
2724 2918 2901 2994 λέγειν
2947 2921 3030 2983 τίς
3059 2943 3190 2979 ποτε
3230 2929 3344 2987 τοῖς
3388 2926 3623 3002 ΙΙατράσι
3653 2948 3756 2995 ση-

2119 3008 2382 3084 μαίνουσά
2436 3010 2575 3064 ἐστιν
2634 3012 2669 3079 ἡ
2729 3010 2905 3088 φὼνή,
2963 3008 3090 3065 ἀλλ’
3137 3012 3316 3087 ἀρκεῖν
3345 3034 3407 3089 γε
3440 3014 3541 3068 καὶ
3582 3013 3755 3078 οὕτως

2116 3098 2365 3175 ἐλέγχειν
2397 3098 2487 3153 τὸν
2536 3096 2752 3169 Βέκκον,
2799 3097 2886 3154 ἐπὶ
2929 3097 3116 3173 ψευδεῖ
3155 3104 3223 3174 τῇ
3272 3102 3463 3177 πρώτῃ
3492 3101 3753 3178 συλλογι-

2118 3188 2341 3261 ζόμενον
2393 3187 2661 3252 ὑποθέσει.
2719 3184 2855 3242 Οὐδὲ
2911 3189 3013 3265 γὰρ
3068 3189 3131 3243 τὸ
3187 3187 3256 3244 δι’
3310 3192 3436 3245 Υἱοῦ
3467 3190 3758 3269 ἐκπορεύε-

2116 3279 2236 3331 σθαι
2288 3278 2350 3331 τὸ
2408 3280 2627 3349 Πνεῦμα
2680 3276 2741 3331 τὸ
2803 3277 2978 3351 ἅγιον,
3026 3278 3216 3333 ταυτὸν
3266 3284 3345 3351 τῷ
3390 3276 3458 3334 δι’
3502 3281 3632 3335 Υἳοῦ
3657 3283 3757 3351 τήν

346 3365 550 3421 ἐσθίειν
605 3364 857 3439 ἀκούσῃς,
919 3365 1003 3420 ὅτι
1062 3362 1225 3443 ἄμφω
1272 3364 1506 3420 ἐσθίουσι
1550 3367 1797 3436 νοήσειας
1830 3362 1911 3419 ἄν.
1940 3365 2005 3420 El
2036 3354 2080 3421 (ἶ
2117 3365 2337 3441 ὕπαρξιν
2370 3363 2516 3440 ἔχειν
2573 3364 2636 3419 τὸ
2696 3367 2917 3438 Πνεῦμα
2972 3366 3226 3440 σημαίνει
3268 3368 3330 3423 τὸ
3373 3370 3545 3446 ἅγιον.
3593 3372 3760 3448 Ὅπερ

346 3453 411 3511 δὲ
457 3454 553 3509 καὶ
607 3456 721 3526 ἅμα
760 3459 837 3527 τῷ
885 3452 1016 3509 δεῖνι
1062 3454 1153 3509 τὸν
1211 3451 1357 3509 δεῖνα
1393 3452 1732 3532 φιλοσοφεῖν,
1767 3452 1893 3509 ὥσθ’
1921 3453 2010 3510 ὅτε

340 3542 448 3598 σὺν
478 3547 563 3614 τῷ
622 3543 747 3615 Υἱῷ,
806 3545 842 3612 ἢ
897 3543 1031 3616 μετά
1086 3546 1183 3597 τοῦ
1241 3543 1367 3597 Υἱοῦ
1417 3543 1454 3610 ἢ
1509 3543 1623 3615 ἅμα
1675 3546 1755 3614 τῷ
1792 3543 1899 3615 Υἳῷ
1951 3542 2011 3599 ἐκ

334 3632 567 3709 Πατρὸς
622 3629 1003 3707 ἐκπορεύεσθαι
1062 3629 1245 3706 λέγεις
1300 3631 1364 3685 τὸ
1423 3635 1643 3703 Πνεῦμα
1689 3629 1753 3686 τὰ
1812 3630 2007 3706 ἆγιον,

333 3722 445 3777 οὐκ
498 3721 562 3775 ἃν
611 3716 795 3795 ἕτερον
828 3716 945 3789 εἷής
994 3717 1197 3793 λέγων,
1230 3720 1266 3789 ἢ
1300 3719 1383 3773 ὅτι
1412 3718 1502 3773 καὶ
1533 3718 1694 3781 αὐτὸς
1726 3720 1753 3772 ὁ
1802 3719 1922 3782 Υἱὸς
1952 3720 2012 3775 ἐκ

330 3810 565 3885 Πατρὸς
623 3807 970 3885 ἐκπορεύεται
1025 3809 1098 3871 ὡς
1146 3809 1212 3863 τὸ
1262 3812 1483 3881 Πνεῦμα
1528 3806 1591 3862 τὰ
1633 3809 1811 3883 ἅγιον.
1843 3810 2008 3886 Ὃπερ

328 3901 416 3962 ὡς
479 3897 816 3973 συγχυτικόν
886 3897 999 3951 ἐστι
1053 3902 1160 3951 τῶν
1239 3897 1394 3961 θείων
1445 3899 1808 3973 χαρακτήρων
1846 3942 1860 3968 ,
1919 3899 2007 3952 καὶ

328 3985 557 4067 σφόδρα
608 3985 857 4062 μεγάλης
906 3986 1163 4062 πρόξενον
1216 3985 1514 4056 ἀπωλείας,
1565 3985 1663 4040 οὐκ
1707 3986 1766 4040 ἂν
1818 3987 2009 4062 ἀγροῖ-

324 4099 433 4138 κος
481 4080 748 4132 τοσοῦτον
810 4072 948 4147 εἴης,
995 4074 1121 4129 ὥστ’
1169 4074 1404 4151 ἀγνοεῖν.
1455 4072 1612 4143 Πλὴν
1669 4074 2007 4151 βουλόμενος

324 4167 493 4224 τουτὶ
556 4164 869 4241 θεραπεύειν
923 4164 987 4218 τὸ
1053 4163 1406 4241 βλάσφημον,
1466 4163 1543 4226 εἰς
1603 4161 1851 4241 δευτέραν
1912 4186 2004 4239 με-

326 4251 623 4316 ταϐαίνεις
712 4252 963 4330 ἐξήγησιν
1000 4298 1013 4325 ,
1077 4252 1321 4323 εὐηθείας
1414 4247 1804 4321 ἐπιστοιϐάζων
1887 4260 2009 4316 ταῖς

330 4344 656 4415 εὐηθείαις,
710 4342 800 4398 καί
854 4364 977 4397 τινα
1035 4341 1316 4415 ὀνομάτων
1375 4342 1562 4418 χώραν
1622 4340 1721 4396 οὐκ
1771 4340 2005 4417 ἐχόντων

331 4435 579 4490 ἐνταῦθα
653 4429 841 4501 ἔξωθεν
907 4430 1251 4507 συναθροίσας
1324 4429 1512 4505 ἐσμὸν,
1572 4428 1808 4492 κελεύεις
1873 4432 2010 4504 ἡμῖν

331 4525 413 4586 ὥς
444 4543 532 4584 τις
565 4517 644 4574 ὢν
691 4522 790 4589 τῆς
834 4523 941 4573 τῶν
988 4517 1170 4595 λόγων
1210 4518 1409 4595 τέχνης
1458 4515 1746 4591 δεσπότης,
1791 4520 1854 4574 τὸ
1903 4520 2008 4574 ἀπὸ

328 4617 440 4669 σοῦ
506 4607 575 4665 δὲ
625 4609 717 4665 καὶ
777 4608 940 4683 μόνον
995 4608 1267 4686 ἠργμένον
1319 4607 1551 4681 ἂξιωμα.
1607 4607 1762 4683 Λέγω
1816 4609 1880 4663 τὸ
1919 4608 2010 4663 σὺν

2119 3454 2326 3516 ἐκεῖνος
2356 3454 2484 3509 ὡσεὶ
2537 3452 2787 3528 θεμέλιον
2835 3459 2952 3517 τοῖς
2986 3453 3176 3511 ἐαυτοῦ
3221 3455 3410 3532 λόγοις
3445 3453 3759 3532 ὑποϐαλὼν,

2116 3543 2206 3597 τὸν
2269 3540 2478 3616 ὑψηλὸν
2516 3549 2616 3611 τῆς
2672 3540 2836 3597 αὐτοῦ
2888 3541 3239 3622 βλασφημίας
3298 3545 3502 3622 πύργον
3551 3546 3763 3621 ἐπῳκο-

2119 3630 2347 3704 δόμησε.
2408 3631 2505 3686 Καὶ
2557 3631 2752 3687 τούτου
2812 3629 2879 3701 δὴ
2943 3632 3085 3688 οὕτω
3144 3635 3221 3707 μὴ
3269 3636 3629 3708 σημαίνοντος
3660 3638 3760 3707 τὴν

2114 3721 2419 3791 ταύτότητα
2448 3767 2461 3792 ,
2520 3721 2813 3797 ἀναιρεῖται
2878 3722 2972 3794 μὲν
3029 3725 3063 3792 ἡ
3126 3723 3348 3799 μεγίστη
3402 3730 3510 3780 τῶν
3565 3726 3765 3802 προτά-

2117 3831 2275 3880 σεων,
2324 3810 2414 3864 καὶ
2460 3814 2565 3863 τῶν
2616 3808 3006 3885 συλλογισμῶν
3055 3814 3089 3881 ἡ
3139 3813 3377 3889 κρηπίς·
3428 3820 3761 3893 συναναιρεῖ-

2114 3919 2202 3953 ται
2262 3894 2441 3968 δήπου
2496 3897 2587 3951 καὶ
2647 3895 2745 3951 ὅσα
2802 3896 3241 3970 ἐπηκολούθησεν
3289 3901 3483 3957 ἄτοπα.
3544 3901 3641 3957 Καὶ
3700 3900 3764 3957 οὐ

2116 3984 2302 4058 πολλή
2361 4007 2445 4048 τις
2502 3986 2704 4061 ἀνάγκη
2745 3987 2836 4041 τὸν
2896 3992 3020 4041 νοῦν
3074 3987 3369 4063 ἀνιχνεύειν
3417 3997 3519 4061 τῆς
3553 3990 3764 4066 ῥήσεως

2118 4075 2232 4145 ἐξὸν
2278 4075 2368 4129 καὶ
2418 4074 2594 4151 χωρὶς
2640 4073 2838 4130 τούτου
2894 4080 2990 4131 τοῦ
3048 4073 3298 4140 εὐσεϐοῦς
3355 4079 3445 4133 καὶ
3491 4081 3763 4156 ἡμετέρου

2116 4163 2533 4240 κατατυγχάνειν
2592 4169 2815 4236 σγοποῦ,
2867 4164 2925 4227 ὅς
2975 4164 3113 4221 ἐστιν
3146 4169 3181 4235 ἡ
3229 4172 3338 4221 τῶν
3385 4167 3761 4243 ὀχυρωμάτων

2115 4258 2211 4308 τοῦ
2262 4252 2463 4308 Βέκκου
2518 4251 2829 4315 κατάλυσις.
2886 4256 3110 4309 Ἔπειτα
3165 4252 3223 4310 δὲ
3277 4257 3367 4310 καὶ
3421 4261 3612 4312 τοῦτον
3667 4263 3764 4327 ζη-

2115 4342 2296 4397 τοῦντί
2325 4363 2407 4396 σοι
2457 4338 2644 4413 ἔξεστι,
2693 4343 2876 4420 φαίην,
2919 4348 3028 4399 τῶν
3077 4343 3240 4420 ἁγίων
3288 4350 3404 4408 τοῖς
3450 4350 3531 4418 τῷ
3576 4345 3765 4422 χρόνῳ

2117 4430 2481 4509 προειληφόσι
2523 4432 2894 4508 συγγεγονότι,
2951 4431 3083 4488 κάπί
3137 4433 3390 4510 θεολογίᾳ
3440 4435 3581 4510 μέγα
3623 4434 3766 4505 κλη-

2122 4518 2458 4596 ρωσαμένοις
2531 4518 2706 4594 έίνομα
2738 4566 2755 4589 ,
2808 4524 2934 4598 παρ’
3008 4522 3220 4577 ἐκείνων
3301 4523 3583 4597 μανθάνειν
3659 4529 3768 4579 τῶν

2121 4607 2499 4684 ἀγνοουμένων
2557 4611 2657 4680 τήν
2721 4607 2962 4681 δήλωσιν
3020 4612 3159 4688 πρὸς
3207 4613 3306 4681 τὴν
3368 4610 3601 4668 διάνοιαν
3660 4618 3768 4669 τῶν

326 4707 420 4775 τῷ
454 4702 575 4771 ﬁt}:
623 4698 716 4753 καὶ
765 4699 899 4770 μετά
950 4702 1048 4753 τοῦ
1108 4696 1233 4752 Υἰοῦ
1288 4695 1668 4772 ἐκπορεύεσθαι
1696 4698 1758 4752 τὸ
1791 4702 2012 4771 Πνεῦμα
2041 4724 2090 4789 D
2121 4698 2421 4775 προτέρων,
2454 4698 2543 4753 καὶ
2575 4704 2682 4753 τῶν
2714 4699 2946 4776 ὑστέρων
2975 4697 3349 4777 ἐκδεχομένων
3387 4701 3587 4780 φωνάς.

329 4792 399 4848 ἐκ
428 4794 537 4845 τοῦ
601 4788 830 4863 Πατρὸς,
883 4786 1002 4842 ἀντὶ
1051 4791 1149 4841 τοῦ
1202 4786 1293 4840 σὺν
1338 4790 1417 4858 τῷ
1463 4785 1570 4856 Υἱῷ
1615 4785 1703 4840 καὶ
1757 4788 1891 4860 μετὰ
1916 4791 2014 4842 τοῦ

326 4882 472 4938 ιδὶοὖ
530 4877 828 4954 ὑφεστάναι
887 4874 1186 4951 δέχεσθαι,
1246 4875 1337 4929 καὶ
1410 4875 1511 4944 τὴν
1583 4873 1805 4948 ὕπαρξιν
1862 4871 2011 4951 ἔχειν

332 4970 499 5043 παρὰ
557 4969 661 5021 τοῦ
720 4965 948 5041 Πατρὸς.
988 4968 1158 5020 Τοῦτο
1211 4960 1268 5018 δὲ
1315 4962 1406 5019 καὶ
1456 4962 1547 5017 σὺν
1577 4968 1658 5036 τῷ
1703 4965 1813 5037 Υἱῷ
1843 4962 2014 5041 λέγω,

330 5059 435 5114 καὶ
476 5056 623 5131 μετά
649 5058 749 5109 τοῦ
774 5054 901 5109 Υἱοῦ
932 5100 946 5125 ,
1004 5053 1096 5108 καὶ
1155 5053 1267 5125 ἅμα
1318 5056 1400 5124 τῷ
1445 5052 1553 5124 Ι*ἱῷ
1583 5052 1869 5130 ὑφεστάναι
1924 5054 2015 5108 καὶ

332 5150 449 5217 τήν
506 5144 743 5220 ὓπαρξιν
797 5139 942 5219 ἔχειν
1003 5142 1062 5198 ἐκ
1111 5146 1212 5197 τοῦ
1257 5143 1593 5214 Ιῐνεύματος,
1645 5139 1822 5205 οὐδεὶς
1872 5141 2015 5197 οὕτω

339 5239 633 5312 μέμηνεν,
699 5229 812 5287 οὐδ’
872 5232 956 5287 ἐπ’
1005 5226 1221 5302 ἀσεϐείᾳ
1264 5224 1557 5300 διαϐόητος
1611 5230 1846 5307 γέγονεν,
1880 5230 2017 5287 ὥστε

338 5329 427 5401 μή
495 5321 832 5397 ὁμολογεῖν.
892 5321 989 5377 Καὶ
1043 5321 1148 5397 γάρ
1224 5319 1365 5374 ἐστιν
1422 5316 1831 5389 ἀληθέστατονη
1891 5322 2017 5375 Καθ’

331 5414 513 5473 ἑαυτὸ
572 5410 761 5485 μέντοι
812 5409 1197 5481 ἀληθέστατον,
1242 5408 1355 5463 καῖε
1384 5406 1484 5461 οὐκ
1510 5406 1569 5462 ἐκ
1611 5412 1718 5462 τῶν
1751 5407 2013 5482 κειμένων

330 5505 653 5576 ἑπόμενον,
717 5496 830 5555 οὐδ’
890 5498 949 5554 ἐκ
1002 5503 1112 5554 τῶν
1168 5501 1274 5552 σῶν
1335 5496 1636 5560 ὑποθέσεων
1685 5498 1776 5553 καὶ
1828 5498 2019 5574 ἐξηγή-

332 5615 481 5651 σεων
540 5587 1003 5669 ἀναφαινόμενον.
1033 5588 1180 5642 “Ωστ’
1235 5584 1436 5657 ἀληθὲς
1490 5586 1583 5658 μὲν
1632 5587 1722 5641 καὶ
1774 5587 2018 5659 παναλη-

333 5686 433 5748 θὲς
483 5679 654 5737 τουτῖ
714 5678 778 5732 τὸ
834 5675 1063 5753 ἔσχατον
1123 5674 1362 5752 εἴρηκας,
1422 5672 1783 5743 ἀνακόλουθον
1832 5674 2015 5734 δὲκαὶ

328 5780 454 5835 τῶν
486 5767 775 5851 κειμένων
808 5764 1065 5824 πλεῖστον
1097 5763 1499 5845 ἀπηρτημένον.

2195 4787 2359 4842 Εἶπον
2423 4788 2518 4860 μὲν
2581 4785 2671 4842 οῦν
2724 4788 3009 4859 κάκεῖνοι,
3068 4792 3213 4867 παρᾶ
3278 4795 3376 4845 τοῦ
3451 4792 3769 4866 ΙΙνεύματος

2124 4875 2547 4955 ἐλλαμφθέντες,
2597 4874 2686 4931 διά
2736 4881 2832 4932 τοῦ
2878 4879 3001 4932 Υἱοῦ
3030 4879 3093 4933 τὸ
3138 4884 3357 4953 Πνεῦμα
3384 4882 3445 4935 τὸ
3476 4882 3650 4956 ἅγιον,
3685 4879 3770 4937 ἐκ·

2124 4966 2442 5041 πορεύεσθαι
2494 4965 2675 5040 μέντοι
2723 4963 2812 5021 διά
2856 4971 2953 5021 τοῦ
3002 4969 3127 5022 Υἱοῦ
3180 4967 3411 5039 ἐπῆλθεν
3463 4970 3629 5025 εἰπεῖν
3676 4970 3769 5025 οὐ-

2127 5052 2236 5109 δενί
2270 5100 2284 5127 ,
2342 5053 2469 5110 ἀλλ’
2541 5052 2889 5129 ἐκλάμπειν,
2951 5062 3305 5135 φανεροῦσθαι
3356 5104 3369 5130 ,
3426 5062 3769 5138 πεφηνέναι,

2124 5142 2393 5220 προϊέναι,
2423 5143 2797 5218 γνωρίζεσθαι,
2850 5141 3027 5200 τᾶλλα
3069 5145 3166 5201 ὅσα
3213 5146 3509 5225 φανέρωσιν
3558 5148 3769 5222 ἁπλῶς,

2127 5231 2298 5287 εἶτουν
2346 5226 2589 5309 ἔκφανσιν
2649 5228 2738 5286 διὰ
2792 5237 2890 5288 τοῦ
2940 5235 3061 5292 Υἱοῦ
3109 5236 3456 5314 ππρίστησιν,
3507 5236 3634 5293 ἀλλ’
3663 5239 3773 5316 οὐχ

2126 5320 2370 5397 ὕπαρξιν,
2415 5320 2481 5389 ἣν
2538 5319 2717 5393 μόνως
2772 5320 2831 5377 ἐκ
2881 5327 2978 5378 τοῦ
3036 5326 3245 5402 ΙΙατρὸς
3292 5324 3436 5402 ἔχειν
3483 5326 3774 5405 ὁμολογεῖ-

2122 5430 2210 5464 ται
2234 5410 2297 5464 τὸ
2330 5411 2550 5481 Πνεῦμα
2595 5410 2656 5463 τὸ
2705 5411 2876 5487 ἅγιον.
2915 5419 3104 5483 Ζητεῖς
3146 5413 3352 5470 τούτων
3403 5416 3498 5479 τὰς
3552 5414 3769 5473 ἀποδεί-

2126 5499 2230 5569 ξεις
2282 5518 2296 5566 ;
2358 5497 2462 5574 ἐγὼ
2516 5519 2599 5553 σοι
2655 5507 2953 5577 παρασχεῖν
3013 5500 3257 5579 ἕτοιμος.
3317 5503 3525 5561 Αὐτίκα
3583 5507 3687 5583 γὰρ
3744 5508 3773 5563 ὁ

2124 5586 2298 5649 πολύς
2352 5585 2441 5642 καὶ
2503 5585 2665 5665 μέγας
2721 5591 3003 5656 Βασίλειος
3068 5593 3119 5649 ἐν
3173 5594 3327 5670 λόγῳ
3374 5594 3615 5672 τετάρτῳ
3668 5602 3775 5654 τῶν

2124 5674 2548 5754 Ἀπιρῥητικῶν
2600 5674 2729 5733 τάδε
2787 5681 2921 5736 κατά
2974 5681 3125 5760 ῥῆμά
3181 5704 3332 5762 φησι·
3384 5706 3414 5735 ‹‹
3450 5684 3522 5738 Τὸ
3574 5684 3667 5758 μὲν
3718 5685 3777 5745 ἐκ

2126 5768 2261 5826 Θεοῦ
2303 5763 2368 5823 τὸ
2417 5770 2643 5847 Πνεῦμα
2688 5768 2821 5827 εἶναι
2868 5775 3077 5855 τρανῶς
3130 5770 3380 5855 ἐκήρυξεν
3440 5773 3468 5831 ὁ
3517 5772 3774 5855 Ἀπόστοτ
