4118 6462
429 439 550 503 259

1460 437 1773 500 GEORGII
1818 438 2077 500 CYPRll
2122 438 2242 499 ΟΡ.
2288 438 2814 501 ΡΛΤΗΙΔΗΟΗΑΞ

3711 449 3835 517 260

432 571 529 634 λος
557 568 759 646 λέγων,
804 569 885 625 δτι
919 593 945 620 ‹‹
977 570 1046 623 Τὸ
1094 573 1314 643 Πνεῦμα
1359 569 1421 624 τὸ
1471 569 1531 625 ἐκ
1569 573 1666 624 τοῦ
1709 574 1842 624 Θεοῦ
1874 562 2055 623 ἐλάϐοο
2102 576 2153 641 Α
2183 567 2237 622 ἐν
2274 572 2497 656 Πνεῦμα
2527 571 2704 643 ἅγιον,
2758 570 2943 647 φησὶν,
2994 570 3054 627 ἐκ
3094 577 3228 631 Θεοῦ
3264 575 3363 642 τήν
3415 574 3637 652 ὕπαρξιν
3677 576 3830 656 ἕχον,

432 682 544 734 μεν.
579 686 606 713 .n
641 660 737 714 Καὶ
783 658 846 713 τὸ
888 656 957 713 δι’
1002 658 1127 713 Υἱοῦ
1174 657 1464 736 πεφηνέναι
1515 663 1696 736 σαφῶς
1750 658 2068 728 πεποίηκεν,

426 751 551 807 Υἱοῦ
585 747 850 822 ὀνομάσας
898 745 1046 802 αὐτό.
1081 745 1184 801 Κᾶν
1223 751 1292 821 τῇ
1341 745 1477 823 πρὸς
1526 745 1827 823 Γρηγόριον
1874 743 1931 802 δὲ
1976 746 2068 801 τὸν

426 837 659 917 ἀδελφὸν
718 834 1000 910 ἐπιστολῇ,
1060 836 1182 913 περὶ
1242 833 1504 916 διαφοράς
1563 837 1744 899 οὐσίας
1792 837 1881 892 καὶ
1932 838 2073 892 ὑπο-

426 929 662 984 στάσεως
712 926 803 981 τὸν
853 924 1019 1000 λόγον
1070 924 1438 999 ποιούμενος,
1491 925 1633 981 οὕτω
1684 926 1897 1004 γράφει·
1955 951 1982 975 ‹‹
2012 928 2069 981 Ὀ

425 1014 483 1071 δὲ
527 1016 646 1078 Υἱὸς
695 1015 723 1069 6
751 1015 813 1069 16
863 1014 922 1069 ἐκ
964 1018 1061 1068 τοῦ
1108 1014 1318 1090 Πατρὸς
1370 1014 1797 1091 ἐκπορευόμενον
1850 1021 2071 1088 Πνεῦμα

424 1102 495 1160 δι’
550 1106 739 1160 ἑαυτοῦ
786 1103 876 1158 καί
938 1104 1055 1176 μεθ’
1089 1104 1283 1158 ἑαυτοῦ
1331 1104 1639 1180 γνωρίζων,
1695 1103 1861 1177 μόνος
1902 1125 2067 1176 μονο-

419 1199 589 1270 γενῶς
637 1193 697 1247 ἐκ
732 1197 830 1247 τοῦ
878 1191 1170 1268 ἀγεννήτου
1221 1191 1400 1269 φωτὸς
1452 1189 1757 1265 ἐκλάμψας,
1809 1188 2066 1265 οὐδεμίαν

421 1282 556 1337 κατά
608 1281 672 1336 τὸ
747 1278 951 1350 ἰδιάζον
1006 1284 1113 1335 τῶν
1173 1282 1571 1357 γνωρισμάτων
1626 1282 1727 1350 τὴν
1784 1278 2064 1335 κοίνωνίαν

423 1366 537 1447 ἔχει
569 1372 705 1448 πρὸς
735 1370 826 1424 τὸν
859 1367 1093 1446 Πατέρα,
1144 1370 1179 1438 ἢ
1228 1370 1365 1441 πρὸς
1416 1370 1480 1425 τὸ
1526 1374 1752 1443 Πνεῦμα
1798 1369 1862 1423 τὸ
1892 1370 2064 1445 ἅγιον,

421 1458 568 1516 ἀλλὰ
619 1465 737 1522 τοῖς
794 1457 1105 1534 εἰρημένοις
1163 1458 1413 1531 σημείοις
1476 1458 1639 1532 μόνος
1695 1457 2016 1535 γνωρίζεται
2050 1503 2064 1516 .

418 1549 614 1627 Εῧροις
670 1548 731 1603 ἂν
785 1546 944 1602 αὐτὸν
1002 1548 1091 1602 καὶ
1140 1547 1276 1624 πρὸς
1328 1549 1425 1610 τάς
1480 1548 1765 1609 κανονικάς
1819 1545 2071 1602 ἐπιστέλέ

420 1637 588 1694 λοντα
617 1634 724 1691 ὧδέ
759 1658 879 1699 πως
910 1634 1161 1711 λέγοντα*
1213 1633 1366 1693 Ἀλλ’
1413 1633 1539 1691 οὐδὲ
1582 1640 1682 1691 τυῦ
1730 1640 2067 1712 Μονογενοῦς

419 1727 681 1804 πρότερον
738 1725 803 1780 τὸ
862 1729 1084 1798 Πνεῦμα
1136 1724 1200 1779 τὸ
1252 1724 1406 1799 ἅγιον
1437 1767 1450 1779 .
1511 1722 1675 1779 Οὐδὲν
1733 1725 1833 1801 γάρ
1903 1723 2064 1798 μέσον

420 1817 545 1871 Υἱοῦ
578 1816 669 1870 καὶ
727 1813 962 1891 Πατρός.
996 1813 1060 1868 Εἰ
1118 1810 1176 1868 δὲ
1227 1815 1301 1888 μή
1336 1812 1476 1868 ἐστιν
1523 1813 1583 1868 ἐκ
1612 1818 1765 1885 Θεοῦ,
1799 1811 1889 1867 διὰ
1931 1818 2063 1889 Χρι-

420 1910 548 1960 στοῦ
574 1901 634 1959 δέ
678 1902 841 1975 ἐστιν,
893 1900 1017 1957 οὐδὲ
1064 1899 1176 1957 ἔστι
1221 1904 1284 1957 τὸ
1330 1901 1599 1979 παράπαν.
1652 1900 1958 1958 Ἀκόλουθα
1985 1906 2066 1973 τῷ

419 1991 688 2066 Βασιλείῳ
720 1992 808 2047 καὶ
840 1992 870 2046 6
900 1988 1132 2068 ἀδελφὸς
1175 1991 1203 2045 ὁ
1231 1988 1391 2045 τοῦδέ
1433 2012 1586 2068 φησι.
1638 1990 1734 2045 Καὶ
1765 1991 1864 2065 ἄγε
1910 1990 2064 2069 φησὶ,

419 2080 564 2136 πολὺ
620 2081 766 2156 παρά
820 2079 992 2134 πάντα
1043 2076 1224 2133 τᾶλλα
1290 2077 1519 2134 πλουτεῖ
1569 2080 1667 2149 τὴν
1740 2078 2015 2156 ἐνάργειαν
2050 2120 2063 2133 .

422 2171 567 2242 Φησὶ
598 2167 656 2225 δὲ
680 2169 854 2244 ὅμωςο
885 2168 956 2223 Τὸ
1011 2165 1428 2244 ἀπαράλλακτον
1476 2173 1576 2235 τῆς
1617 2167 1824 2246 φύσεως
1855 2166 2066 2241 ὁμολο-

417 2264 635 2337 γοῦντες
685 2260 783 2328 τήν
841 2259 978 2313 κατά
1042 2258 1104 2312 τὸ
1152 2254 1323 2312 αἴτιον
1381 2257 1471 2312 καὶ
1520 2257 1758 2312 αἰτιατὸν
1804 2254 2061 2334 διαφορὰν

420 2348 520 2404 οὐκ
575 2346 901 2425 ἀρνούμεθα,
958 2346 1008 2400 ἐν
1065 2347 1112 2419 ᾧ
1174 2345 1321 2420 μόνῳ
1378 2343 1740 2423 διακρίνεσθαι
1786 2347 1850 2400 τὸ
1879 2342 2061 2422 ἕτερον

416 2443 515 2494 τοῦ
556 2436 743 2513 ἑτέρου
788 2431 1301 2510 καταλαμϐάνομεν,
1341 2440 1421 2507 τῷ
1463 2438 1527 2491 τὸ
1581 2436 1676 2509 μὲν
1726 2433 1896 2490 αἷετιον
1929 2435 2061 2491 εἶναι

417 2526 708 2599 πιστεύειν,
766 2526 829 2581 τὸ
885 2522 943 2580 δὲ
998 2523 1057 2580 ἐκ
1109 2529 1207 2580 τοῦ
1264 2523 1462 2596 αἰτίου,
1518 2525 1608 2580 καὶ
1665 2529 1763 2579 τοῦ
1789 2524 1839 2595 ἐξ
1887 2524 2060 2587 αἰτίας

416 2613 586 2678 ὄντος.
620 2615 795 2671 Πάλιν
841 2611 1017 2685 ἄλλην
1069 2609 1327 2691 διαφορὰν
1381 2612 1686 2687 ἐννοοῦμεν·
1718 2614 1781 2668 τὸ
1834 2614 1926 2687 μὲν
1957 2614 2062 2688 γὰρ

417 2708 704 2782 προσεχῶς
760 2702 820 2759 ἐκ
873 2706 970 2758 τοῦ
1019 2703 1260 2777 πρώτου,
1318 2703 1382 2757 τὸ
1422 2699 1480 2758 δὲ
1530 2699 1619 2757 διὰ
1644 2707 1743 2757 τοῦ
1771 2706 2062 2778 προπχῶς

417 2795 477 2850 ἐκ
528 2799 626 2850 τοῦ
698 2794 935 2870 πρώτου.
971 2818 998 2844 ››
1035 2789 1210 2847 Ἀλλά
1280 2796 1446 2846 ταῦτα
1505 2792 1600 2865 μὶν
1673 2792 1724 2846 ἐν
1783 2796 1853 2865 τῇ
1923 2791 2060 2868 πρὸς

419 2878 713 2939 Ἀὄλάϐιον
774 2878 1060 2955 ἐπιστολῇ,
1118 2879 1170 2934 ἐν
1228 2879 1453 2952 εἰκοστῷ
1498 2877 1667 2936 δὲκαὶ
1719 2877 1951 2956 δευτέρῳ
1978 2900 2063 2935 κε-

417 2970 635 3052 φαλαίῳ
662 2975 769 3026 τῶν
801 2976 915 3025 κατ’
966 2968 1262 3043 Εὐνομίου,
1308 2969 1399 3024 καὶ
1448 2966 1513 3023 αὖ
1561 2968 1613 3024 ἐν
1660 2966 1802 3041 ἕκτῳ
1846 2970 1935 3023 καὶ
1986 2968 2060 3024 εἰ·

415 3066 618 3135 καστῷ,
673 3061 763 3116 καὶ
807 3057 950 3133 ἕκτῳ
994 3060 1085 3115 καὶ
1121 3064 1428 3135 τριακοστῷ
1473 3063 1581 3114 τῶν
1614 3058 1813 3126 αὐτῶν,
1855 3083 1881 3109 ‹‹
1914 3059 2062 3134 Πρὸς

414 3152 506 3207 τὸν
538 3152 680 3224 Υῖὸν,
715 3149 868 3228 φησὶ,
916 3149 980 3204 τὸ
1028 3153 1258 3222 Πνεῦμα
1302 3147 1365 3202 τὸ
1415 3148 1590 3222 ἅγιον,
1632 3148 1767 3202 κατά
1810 3147 1870 3202 τὸ
1913 3144 2059 3201 ἄκτι-

414 3261 534 3297 στον
595 3239 851 3317 συναφείᾳ
907 3236 1325 3310 συναπτόμενον,
1379 3236 1467 3291 καὶ
1519 3236 1570 3291 ἐν
1619 3241 1698 3308 τῷ
1743 3237 1841 3304 τὴν
1888 3236 2058 3291 αἰτίαν

2179 656 2269 710 καὶ
2302 654 2391 710 διὰ
2420 662 2521 711 τοῦ
2552 660 2675 713 Υὶοῦ
2724 660 2985 737 πεφηνὸς,
3021 658 3235 730 δηλαδή
3282 668 3401 725 τοῖς
3445 654 3774 742 ἀνθρώποις.
3805 694 3833 721 ››

2184 746 2278 802 Καὶ
2312 745 2363 800 ἐν
2398 744 2614 810 ἄλλοις.
2651 772 2677 797 ‹‹
2708 747 2924 805 Τέλειον
2976 746 3033 805 δέ
3079 749 3169 806 καί
3213 752 3276 806 τὸ
3325 757 3551 827 Πνεῦμα
3587 755 3650 810 τὸ
3680 757 3830 833 ἅγιον

2184 832 2242 888 ἐκ
2271 839 2405 890 Θεοῦ
2437 832 2503 890 δι’
2535 837 2660 890 Υἱοῦ
2706 837 3122 913 χορηγούμενον
3167 846 3285 903 τοῖς
3315 832 3768 916 υἱοθετουμένοις.
3804 870 3832 899 ››

2180 922 2279 977 Καὶ
2311 922 2362 977 ἐν
2424 923 2630 1001 ἑτέροις
2687 923 2854 987 αὖθις·
2918 952 2945 977 ‹‹
3002 930 3325 1002 ’Δγεννήτου
3384 930 3478 1002 μὲν
3533 927 3686 995 ὄντος
3733 939 3831 989 τοῦ

2179 1012 2414 1087 Πατρὸς,
2474 1013 2816 1088 γεννηθέντος
2876 1012 2935 1070 δέ
2988 1021 3086 1092 τρῦ
3145 1018 3270 1073 Υῖοῦ
3327 1017 3386 1073 ἐκ
3441 1024 3536 1074 τοῦ
3594 1024 3828 1097 Πατρὸς,

2178 1105 2274 1155 τοῦ
2323 1099 2380 1156 δέ
2437 1102 2755 1176 Πνεύματος
2813 1104 2873 1160 ἐκ
2924 1112 3027 1174 τῆς
3072 1105 3258 1169 οὐσίας
3314 1112 3412 1162 τοῦ
3470 1110 3595 1165 Υἱοῦ
3641 1108 3832 1175 ἀϊδίως

2180 1189 2596 1267 ἐκπεμφθέντος.
2646 1218 2673 1243 ››
2715 1192 3027 1256 Ἀθανάσιος
3076 1192 3134 1250 δὲ
3161 1200 3321 1251 τοῦτο
3355 1197 3451 1269 μὶν
3486 1198 3537 1254 ἐν
3568 1204 3648 1272 τῷ
3680 1199 3830 1278 ἐλέγ-

2177 1299 2267 1355 χῳ
2291 1286 2391 1349 τῆς
2448 1280 2779 1356 ὑποκρίσεως
2826 1286 2933 1338 τῶν
2983 1281 3107 1360 περί
3147 1282 3403 1341 Μελίτιον
3451 1287 3541 1342 καὶ
3590 1288 3676 1349 ςὸν
3719 1296 3825 1345 Σα-

2181 1367 2415 1441 μοσατὲα
2445 1415 2461 1441 ,
2516 1373 2678 1425 τοῦτο
2736 1367 2793 1425 δὲ
2849 1371 2937 1426 καὶ
2988 1372 3124 1446 πρὸς
3181 1374 3501 1449 Σεραπίωνα
3553 1378 3776 1456 γράφων
3810 1423 3825 1448 ,

2175 1461 2321 1543 ’.Εκεῖ
2372 1458 2465 1530 μὲν
2524 1459 2621 1529 ὠν,
2655 1459 2839 1537 φησὶν,
2899 1457 3158 1517 ἀδύνατον
3219 1462 3271 1517 ἐν
3327 1467 3396 1538 τῇ
3453 1472 3554 1534 τῆς
3602 1465 3827 1543 Τριάδος

2179 1541 2306 1619 δόξῃ
2359 1546 2422 1599 τὸ
2477 1551 2704 1620 Πνεῦμα
2759 1545 3089 1621 δοξάζεσθαι,
3154 1551 3230 1624 μὴ
3287 1550 3601 1628 προοδίκῶς
3646 1541 3715 1611 δν
3769 1557 3829 1612 ἐκ

2177 1637 2311 1688 Θεοῦ
2378 1631 2445 1688 δι’
2512 1636 2656 1691 ι”ίοῦ-
2695 1722 2704 1723 7
2738 1635 2961 1723 ἐνταῦθα
3048 1635 3106 1694 δὲ
3186 1640 3249 1695 τὸ
3336 1646 3599 1716 Πνεῦμα,
3669 1646 3822 1723 φησὶ,

2175 1723 2321 1799 παρά
2367 1727 2464 1777 τοῦ
2514 1725 2639 1779 Υἱοῦ
2688 1721 2972 1798 διδόμενον
3017 1726 3105 1781 καὶ
3145 1729 3536 1804 πεμπόμενον,
3587 1721 3716 1788 αὐτό
3770 1730 3825 1789 ἓν

2176 1811 2308 1883 ἐστι,
2342 1811 2430 1866 καὶ
2480 1812 2541 1867 οὐ
2590 1812 2794 1886 πολλά,
2847 1812 2973 1872 οὐδὲ
3020 1814 3080 1871 ἐκ
3123 1815 3351 1874 πολλῶν
3399 1818 3479 1887 ἓν,
3528 1818 3676 1895 ἀλλά
3730 1823 3828 1895 μὲ-

2096 1922 2264 2013 Βνον
2321 1900 2382 1955 τὸ
2440 1906 2661 1975 Πνεῦμα
2694 1947 2707 1961 .
2767 1904 2921 1965 Ἑνὸς
2989 1906 3091 1981 γάρ
3165 1903 3319 1969 ὄντος
3374 1914 3469 1963 τοῦ
3546 1910 3671 1964 Υἱοῦ
3726 1915 3825 1966 τοῦ

2180 1993 2339 2013 νδὶρ--
2365 2011 2378 2013 -
2452 1997 2466 2013 Δ
2494 1990 2511 2013 Ι
2544 2011 2573 2013 ,A
2750 1991 2761 2013 '
2911 1992 2931 2013 τ
3081 1990 3104 2013 δ
3136 2000 3159 2010 υ
3273 1994 3293 2013 ‘
3345 1996 3355 2013 1
3553 1998 3567 2013 \
3673 1997 3692 2013 κ
3732 2002 3742 2013 ι

2179 1993 2379 2058 ζῶντος
2437 1990 2637 2065 Λόγου,
2699 1991 2825 2063 μίαν
2883 1992 3017 2048 εἶναι
3076 1990 3159 2048 δεῖ
3209 1994 3422 2051 τελείαν
3479 1998 3570 2052 καὶ
3629 1997 3821 2076 πλήρη

2173 2080 2273 2148 τῆν
2328 2080 2647 2153 ἀγιαστικῆν
2704 2081 2793 2135 καὶ
2852 2083 3184 2159 φωτιστικὴν
3243 2087 3412 2157 ζωὴν,
3470 2084 3628 2141 οὖσαν
3679 2086 3823 2164 ἐνέρ-

2172 2187 2319 2241 γειαν
2352 2166 2516 2221 αὐτοῦ
2572 2167 2661 2221 καὶ
2721 2165 2925 2243 δωρεάν
2962 2215 2976 2240 ,
3036 2168 3158 2239 ἥτις
3229 2173 3273 2247 γ’
3329 2170 3391 2227 ἐκ
3459 2175 3674 2249 Πατρὸς
3730 2174 3821 2230 λέ-

2171 2277 2319 2331 γεται
2351 2255 2753 2333 ἐκπορεύεσθαι,
2805 2256 2991 2327 ἐπειδὴ
3044 2258 3104 2314 ἐκ
3157 2264 3253 2314 τοῦ
3314 2261 3488 2338 Λόγου
3537 2267 3632 2318 τοῦ
3678 2268 3824 2340 παρά

2172 2345 2387 2419 Ιιατρὸς
2432 2343 2901 2421 ὁμολογουμένως
2952 2345 3243 2421 ἐκλάμπει,
3293 2350 3381 2406 καὶ
3430 2350 3822 2409 ἀποστέλλεται

2171 2434 2260 2490 καὶ
2321 2431 2551 2493 δίδοται.
2599 2435 2698 2490 Καὶ
2758 2435 3032 2512 Κυρίλλοτ
3089 2435 3147 2493 δὲ
3201 2439 3296 2502 τὰς
3343 2445 3510 2496 ταῦτα
3569 2437 3822 2518 βεϐαιου-

2172 2545 2265 2586 σας
2339 2523 2523 2599 ῥήσεις
2592 2521 2755 2586 οὔσας
2825 2524 3095 2588 τοσαύτας
3159 2527 3243 2590 τίς
3303 2529 3823 2606 ἀριθμήσει;Φησί

2172 2612 2268 2685 μὲν
2314 2614 2415 2688 γάρ
2474 2611 2525 2667 ἐν
2577 2617 2658 2685 τῷ
2714 2614 2849 2690 πρὸς
2907 2614 3155 2690 Ἑρμείαν
3215 2615 3562 2695 συντάγματι·
3622 2623 3815 2696 ’Ἄγιον

2170 2705 2394 2774 Πνεῦμα
2433 2707 2737 2777 προσερεῖς,
2787 2703 2850 2757 τὸ
2900 2701 2959 2757 ἐκ
3004 2708 3137 2759 Θεοῦ
3187 2708 3402 2781 Πατρὸς
3434 2706 3504 2761 δι’
3533 2709 3659 2764 Υἳοῦ
3688 2730 3821 2785 προσ

2168 2789 2434 2865 χεόμενον
2484 2794 2745 2867 φυσικῶς.
2797 2790 2895 2845 Καὶ
2945 2790 3094 2855 αὖθίς
3143 2814 3303 2871 φησιν
3356 2794 3609 2871 ἐρωτῶν·
3662 2797 3817 2861 Τίνος

2171 2876 2308 2933 ἴδιον
2334 2878 2467 2934 εἶναί
2516 2900 2688 2957 φαμεν
2739 2879 2801 2933 τὸ
2853 2885 3077 2953 Πνεῦμα
3129 2883 3192 2938 τὸ
3242 2884 3395 2958 ἅγιον
3428 2904 3442 2954 ;
3476 2886 3713 2962 Πότερον
3761 2884 3819 2943 δὲ

2173 2968 2340 3040 μόνου
2369 2973 2466 3024 τοῦ
2495 2973 2630 3023 Θεοῦ
2659 2968 2747 3024 καὶ
2781 2970 3019 3046 ΙΙατρὸς,
3049 2967 3217 3047 ἤγουν
3251 2972 3415 3028 αὐτοῦ
3449 2980 3548 3029 τοῦ
3586 2976 3748 3047 Υἱοῦ;
3781 2976 3817 3046 ἢ

2169 3057 2265 3111 άνά
2315 3058 2479 3132 μέορς
2527 3057 2781 3134 ἑκατέρου
2837 3060 2928 3114 καὶ
2985 3060 3209 3139 ἀμφοῖν,
3273 3062 3349 3124 ὡς
3404 3062 3457 3118 ἓν
3493 3063 3552 3120 ἐκ
3602 3066 3817 3141 Πατρὸς

2171 3143 2241 3200 δι’
2298 3147 2444 3219 Υἱοῦ,
2501 3143 2591 3201 διὰ
2644 3148 2742 3216 τὴν
2788 3147 3095 3220 ταυτότητά
3137 3153 3237 3219 τῆς
3286 3150 3467 3214 οὐσίας
3500 3173 3514 3222 ;
3552 3154 3656 3208 Κάν
3702 3165 3817 3216 τοϊς

2170 3234 2246 3297 εἰς
2294 3235 2386 3289 τὸν
2436 3234 2841 3311 Εὐαγγελιστήν
2883 3236 3228 3312 ἐξηγητικοῖς
3287 3241 3565 3313 Ἰωάννην,
3614 3242 3678 3297 Εἰ
3729 3242 3819 3298 καί

409 3332 509 3399 τῆς
540 3311 813 3407 ὑπάρξεως
864 3328 925 3383 ἐκ
966 3331 1065 3383 τοῦ
1094 3330 1228 3382 Θεοῦ
1274 3330 1382 3381 τῶν
1432 3323 1576 3380 ὅλων
1629 3321 1800 3401 ἔχειν,
1833 3324 2054 3403 ἀφίστα-
2088 3311 2132 3378 C
2168 3323 2409 3397 πρόεισιν
2469 3324 2527 3379 ἐκ
2582 3326 2820 3399 Πατρὸς,
2881 3311 3051 3404 φησί,
3109 3326 3170 3382 τὸ
3227 3334 3450 3404 Πνεῦμα
3618 3332 3771 3406 ἅγιον
3802 3374 3817 3400 ,

409 3440 496 3474 ται
526 3418 691 3475 πάλιν
752 3418 803 3473 ἐν
860 3420 938 3489 τῷ
997 3412 1277 3487 ἰδιάζοντι,
1332 3413 1383 3468 ἐν
1441 3417 1519 3484 τῷ
1572 3415 1709 3486 μήτε
1760 3416 2057 3488 μονογενῶς

412 3507 471 3563 ἐκ
496 3512 595 3564 τοῦ
637 3506 853 3583 Πατρὸς
905 3505 1222 3575 ὑποστῆναι,
1272 3501 1360 3557 καὶ
1409 3501 1460 3557 ἐν
1509 3506 1588 3573 τῷ
1635 3501 1705 3556 δι’
1752 3500 1914 3556 αὐτοῦ
1958 3522 2054 3555 πε-

411 3596 656 3675 φηνέναι.
706 3595 806 3650 Καὶ
854 3592 1037 3662 πάλιν,
1085 3593 1276 3669 Πατὴρ
1329 3592 1423 3665 μὲν
1482 3588 1721 3667 ἄναρχος
1765 3592 1854 3645 καὶ
1899 3591 2056 3667 ἀγέν-

409 3707 571 3757 νητος
601 3684 692 3740 καὶ
721 3684 802 3739 ἀεὶ
834 3684 1026 3760 Πατὴρ
1082 3686 1303 3737 νοεῖται.
1362 3680 1446 3751 Ἐξ
1494 3679 1657 3735 αὐτοῦ
1705 3677 1763 3735 δὲ
1804 3681 1939 3735 κατὰ
1992 3678 2055 3735 τι)

409 3775 678 3850 προσεχὲς
725 3770 1058 3834 ἀδιαστάτως
1118 3772 1146 3826 6
1210 3771 1509 3845 μονογενὴς
1568 3770 1688 3831 Υἱὸς
1741 3774 1821 3841 τῷ
1878 3769 2055 3845 ΙΙατρὶ

411 3868 838 3920 συνεπινοεῖται.
889 3862 968 3915 Δι’
1008 3860 1172 3915 αὐτοῦ
1218 3857 1275 3914 δὲ
1313 3860 1403 3914 καὶ
1456 3860 1569 3933 μετ’
1618 3857 1782 3913 αὐτοῦ
1828 3858 1951 3935 πρίν
2001 3879 2055 3913 τι

408 3952 556 4008 κενόν
610 3973 670 4008 τε
721 3951 811 4007 καὶ
885 3950 1249 4005 ἀνυπόστατον
1310 3946 1398 4003 διὰ
1466 3946 1631 4021 μέσου
1688 3953 2053 4022 παρεμπεσεῖν

408 4040 614 4115 νόημα,
671 4039 827 4102 εὐθὺς
878 4039 967 4094 καὶ
1006 4039 1067 4093 τὸ
1118 4042 1341 4111 Πνεῦμα
1386 4036 1449 4092 τὸ
1498 4036 1649 4112 ἅγιον
1696 4036 2053 4109 συνημμένως

408 4124 879 4203 καταλαμϐάνεται
909 4150 921 4163 ’
982 4127 1089 4203 οὐχ
1155 4126 1425 4203 ὑστερίζον
1483 4126 1619 4180 κατά
1672 4127 1769 4194 τῆν
1828 4124 2050 4202 ὕπαρξιν

412 4219 547 4293 μετά
590 4219 682 4274 τὸν
730 4219 876 4291 Υἱὸν,
936 4215 1072 4271 ὥστε
1127 4216 1258 4270 ποτὲ
1312 4215 1400 4270 καὶ
1458 4215 1549 4269 τὸν
1596 4222 1873 4291 Μονογενῆ
1925 4212 2056 4290 δίχα

404 4313 503 4364 τοῦ
534 4308 850 4383 Πνεύματος
895 4307 1179 4376 νοηθῆναι,
1227 4302 1353 4360 ἀλλ’
1402 4303 1461 4359 ἐκ
1509 4303 1603 4376 μὲν
1634 4308 1731 4358 τοῦ
1780 4308 1914 4359 Θεοῦ
1944 4309 2051 4358 τῶν

408 4395 553 4453 ὅλων
584 4396 674 4451 καὶ
721 4394 851 4450 αὐτὸ
899 4396 999 4464 τὴν
1050 4393 1221 4449 αἰτίαν
1272 4391 1399 4470 ἔχον
1447 4396 1546 4448 τοῦ
1594 4392 1750 4449 εἶναι.
1781 4394 1933 4447 Ὅθεν
1963 4392 2052 4447 καὶ

405 4487 468 4541 τὸ
502 4484 790 4560 μονογενὲς
833 4483 941 4539 ἐστι
990 4487 1124 4562 φῶς,
1176 4480 1265 4536 διὰ
1312 4479 1370 4537 δὲ
1414 4486 1512 4536 τοῦ
1562 4480 1827 4551 ἀληθινοῦ
1872 4483 2053 4560 φωτὸς

408 4574 714 4648 ἐκλάμψαν,
774 4572 897 4629 οὕτε
943 4570 1293 4645 διαστήματι,
1338 4567 1462 4626 οὕτε
1508 4570 1718 4649 φύσεως
1775 4571 2051 4649 ἑτερότητι

2165 3409 2292 3467 ἀλλ’
2350 3408 2567 3488 ἔρχεται
2627 3410 2696 3467 δι’
2754 3414 2899 3486 Υἱοῦ,
2957 3414 3048 3469 καί
3100 3412 3236 3471 ἴδιόν
3299 3416 3439 3473 ἐστιν
3485 3418 3671 3477 αὐτοῦ.
3709 3421 3815 3475 Κάν

2162 3506 2279 3564 τοῖς
2311 3500 2494 3564 αὐτοῖς
2544 3500 2732 3571 πάλιν,
2766 3503 3097 3580 ’Δραρότως,
3156 3504 3308 3583 φησί,
3358 3507 3684 3582 πιστεύομεν
3742 3510 3816 3573 ὠς

2164 3589 2263 3645 οὐκ
2291 3588 2584 3666 ἀλλότριον
2631 3597 2728 3647 τοῦ
2776 3594 2901 3648 Υἱοῦ
2928 3594 2991 3648 τὸ
3037 3594 3190 3669 ἅγιον
3232 3594 3460 3668 Πνεῦμά
3489 3596 3655 3671 ἐστιν,
3687 3596 3819 3655 ἀλλ’

2166 3680 2459 3754 ὁμοούσιον
2496 3680 2775 3753 αὐτοῦ,καὶ
2807 3678 2876 3736 δι’
2907 3681 3071 3736 αὐτοῦ
3102 3684 3293 3757 προϊὸν
3323 3683 3382 3740 ἐκ
3411 3690 3509 3741 τοῦ
3542 3687 3816 3762 Πατρός.»

2240 3769 2338 3824 Καὶ
2399 3767 2602 3843 μακρὰν
2666 3768 2724 3823 ἃν
2787 3766 2871 3840 εἷή
2927 3768 3086 3827 τοῦδε
3140 3772 3229 3826 καὶ
3286 3772 3495 3829 πάντων
3548 3773 3669 3846 ἑξῆς
3717 3778 3820 3839 τὰς

2172 3856 2467 3933 μαρτυρίας
2520 3856 2745 3929 τιθέναι,
2805 3858 2926 3914 ὅσαι
3001 3856 3091 3914 διὰ
3146 3865 3240 3915 τοῦ
3292 3864 3417 3917 Υἱοῦ
3473 3864 3535 3919 τὸ
3596 3868 3821 3939 Πνεῦμα

2164 3943 2501 4014 διδάσκουσι,
2532 3946 2679 4016 πλὴν
2733 3946 3110 4024 ἐκπορεύεσθαι
3160 3949 3252 4021 μὶν
3299 3951 3388 4005 καὶ
3438 3948 3529 4007 διὰ
3564 3956 3660 4007 τοῦ
3692 3954 3820 4008 Υἱοῦ

2163 4031 2355 4113 ἔφησεν
2407 4034 2600 4107 οὐδεὶς,
2654 4035 2915 4112 ὑπάρχειν
2968 4034 3024 4092 δὲ
3071 4038 3161 4093 καὶ
3212 4037 3530 4114 ἐκλάμπειν,
3576 4042 3667 4096 καὶ
3718 4041 3821 4097 ὅσα

2164 4122 2395 4201 εἴρηται.
2428 4126 2492 4179 Οἱ
2523 4122 2580 4180 δέ
2609 4126 2658 4200 γ’
2707 4123 3089 4199 ἐκπορεύεσθαι
3136 4127 3227 4181 καὶ
3280 4125 3369 4181 διὰ
3414 4133 3513 4183 τοῦ
3562 4130 3686 4184 Υἱοῦ
3730 4151 3817 4185 τε-

2160 4212 2503 4287 τολμηκότες
2580 4214 2767 4285 εἰπεῖν⁵
2819 4218 2888 4289 τῇ
2966 4219 3112 4293 σφῶν
3193 4214 3433 4279 διανοίας
3499 4216 3823 4295 εἰλικρινείᾳ

2162 4305 2422 4379 θαρσῆσαι
2468 4300 2714 4358 δοκοῦσιν
2772 4302 2973 4375 εἰπεῖν,
3023 4304 3114 4359 καὶ
3160 4309 3239 4377 τῷ
3289 4304 3462 4361 πάντα
3510 4314 3628 4370 τοῖς
3677 4330 3817 4385 προ-

2163 4387 2390 4447 Λαϐοῦσι
2446 4396 2553 4447 τῶν
2606 4389 2947 4448 διδασκάλων
3000 4394 3211 4457 ἑαυτοῖς
3260 4395 3519 4472 παρέχειν
3581 4393 3814 4471 συμϐαί-

2158 4501 2347 4543 νοντας
2383 4522 2395 4536 .
2455 4483 2610 4536 Ὅθεν
2679 4478 2792 4536 οὐδ’
2868 4483 3122 4559 ἑτέρωθεν
3200 4482 3480 4557 ἀνέμειναν
3551 4487 3817 4563 ἐξηγητάς

2159 4570 2342 4632 αὐτοῖς
2393 4570 2675 4640 ἐπιστῆναι
2729 4575 2837 4625 τῶν
2890 4570 3069 4648 λόγων
3113 4572 3340 4644 τούτων,
3389 4575 3543 4630 αὑτοὶ
3592 4572 3652 4631 δὲ
3690 4578 3812 4631 ἑαυ-

404 4668 503 4719 τοῦ
561 4663 775 4740 Πατρὸς
831 4662 921 4717 καὶ
975 4666 1073 4717 τοῦ
1124 4664 1455 4737 Μονογενοῦς
1511 4658 1887 4733 ἀποτέμνεται.
1951 4660 2048 4715 Καὶ
2081 4680 2127 4746 D
2157 4665 2272 4721 τοῖς
2317 4659 2406 4714 καὶ
2458 4657 2607 4733 μάλα
2652 4659 2930 4736 γεγόνασιν
2979 4661 3273 4737 ἀξιόχρεῳ,
3323 4670 3423 4733 τῆς
3457 4664 3551 4737 μὲν
3592 4663 3811 4742 παρηλ-

407 4751 573 4807 πάλιν
608 4749 674 4806 αὖ
721 4750 773 4821 ἐξ
819 4750 1117 4827 ἀγεννήτοῦ
1165 4749 1353 4821 ἡλίου,
1406 4746 1574 4805 ἄλλον
1624 4747 1783 4818 ἥλιον
1835 4749 2051 4806 ἐννοοῦ-

413 4861 530 4915 μεν,
581 4842 721 4913 ὁμοῦ
780 4844 848 4915 τῇ
903 4844 1001 4895 τοῦ
1059 4840 1278 4916 πρώτου
1331 4837 1541 4909 ἐπινοίᾳ
1596 4843 1872 4913 γεννητῶς
1909 4838 2055 4913 αὐτῷ

409 4926 923 5002 συνεπιλάμποντα,
976 4928 1066 4983 καὶ
1114 4928 1249 4983 κατά
1294 4926 1466 4982 πάντα
1518 4926 1773 4989 ὡσαύτως
1830 4926 2052 5005 ἔχοντα,

407 5015 624 5090 κάλλει,
685 5014 945 5091 δυνάμει,
1006 5014 1369 5089 λαμπηδόνι,
1433 5016 1690 5091 μεγέθει,
1747 5016 1836 5071 καὶ
1893 5022 2051 5071 πᾶσιν

409 5107 545 5178 ἅπαξ
592 5111 709 5168 τοῖς
755 5105 880 5182 περὶ
922 5105 1013 5162 τὸν
1063 5104 1222 5175 ἥλιον
1275 5104 1690 5181 θεωρουμένοις.
1740 5105 1837 5159 Καὶ
1887 5105 2051 5161 πάλιν

409 5197 588 5272 ἕτερον
620 5198 866 5251 τοιοῦτον
900 5199 1012 5274 φῶς
1041 5196 1176 5250 κατά
1224 5195 1317 5250 τὸν
1362 5194 1519 5250 αὐτὸν
1564 5193 1788 5267 τρόπον,
1822 5193 1885 5248 οὐ
1916 5214 2054 5271 χρο-

406 5290 542 5359 νικῷ
594 5305 700 5339 τινι
759 5281 1108 5356 διαστήματι,
1166 5287 1264 5338 τοῦ
1320 5287 1582 5358 γεννητοῦ
1630 5283 1809 5361 φῶτὸς
1857 5283 2051 5338 ἀποτε-

412 5375 706 5450 μνόμενον,
732 5371 880 5429 ἀλλὰ
911 5370 979 5427 δι’
1028 5372 1191 5427 αὐτοῦ
1240 5372 1333 5447 μὲν
1385 5371 1687 5446 ἐκλάμπον,
1715 5393 1815 5442 την
1863 5370 1921 5427 δὲ
1955 5380 2055 5442 τῆς

411 5462 749 5524 ὑποστάσεως
778 5461 951 5517 αἰτίαν
999 5456 1126 5538 ἕχον
1169 5460 1228 5516 ἐκ
1253 5465 1351 5516 τοῦ
1381 5461 1740 5538 πρωτοτύπου
1786 5461 1986 5539 φωτός.
2022 5486 2050 5515 ››

409 5554 570 5608 Οὗτοι
618 5552 710 5625 μὲν
767 5550 858 5605 οὖν
901 5556 1152 5606 τοσαῦτα.
1203 5550 1502 5627 Γρηγόριος
1553 5547 1609 5603 δὲ
1640 5552 1668 5604 6
1707 5558 2054 5627 Θαυματουρ-

406 5643 521 5720 γὸς,
578 5641 667 5696 καὶ
724 5639 814 5694 σὺν
870 5640 1017 5712 αὐτῷ
1074 5637 1406 5710 Ἀθανάσιος,
1467 5639 1495 5692 ὁ
1556 5639 1650 5711 μὲν
1696 5640 1796 5707 τῆν
1846 5638 2050 5694 ἀποκά-

408 5730 570 5811 λυψιν
618 5736 718 5804 τῆς
766 5728 998 5795 πίστεως
1058 5727 1416 5804 ἐκτιθέμενος,
1470 5750 1499 5780 (ι
1541 5726 1615 5784 Τά
1657 5728 1705 5783 τ’
1755 5724 1919 5803 ἄλλα,
1963 5730 2054 5784 καὶ

2163 4747 2441 4824 λαγμένης
2498 4755 2685 4827 φωνῆς
2762 4747 2915 4805 οὐδὲν
2968 4751 3403 4827 παραμείψαντες
3437 4799 3451 4824 ,
3507 4754 3697 4830 τρόπῳ
3755 4751 3814 4810 δὲ

2163 4838 2330 4915 ἑτέρῳ
2375 4838 2468 4892 τὸν
2507 4837 2766 4914 πατρικόν
2813 4860 2871 4894 τε
2920 4839 3009 4894 καὶ
3070 4839 3377 4916 ὑγιαίνοντα
3424 4846 3547 4896 νοῦν
3600 4844 3811 4907 ἑαυτοῖς

2162 4928 2620 5001 παραστήσαντες.
2675 4924 2852 4996 Δῆλον
2913 4925 2971 4983 δέ
3017 4932 3179 4983 τοῦτο
3230 4928 3290 4984 ἐκ
3333 4934 3439 4986 τῶν
3490 4932 3649 5007 ἰερῶν
3692 4953 3816 5009 συγ-

2162 5016 2501 5092 γραμμάτων
2534 5014 2726 5072 αὐτῶν.
2778 5017 2877 5071 Καὶ
2924 5018 3028 5093 γάρ
3080 5016 3132 5073 ἐν
3173 5024 3291 5082 τοῖς
3338 5017 3653 5098 κεφαλαίοις
3704 5021 3817 5076 Μά-

2164 5105 2318 5177 ξιμος
2367 5105 2396 5158 ὁ
2437 5105 2622 5182 σοφὸς,
2660 5128 2688 5154 ί(
2720 5104 2836 5177 Εἰς,
2885 5105 3039 5183 φησί,
3091 5106 3243 5179 Θεὸς,
3289 5108 3401 5170 ἑνὸς
3446 5110 3572 5166 Υἱοῦ
3622 5112 3813 5186 γεννή-

2161 5212 2273 5269 τωρ
2304 5191 2393 5247 καὶ
2442 5194 2655 5269 Πατήρ,
2703 5193 2794 5247 καὶ
2842 5193 3160 5267 Πνεύματος
3220 5195 3374 5272 ἀγίου
3421 5198 3596 5273 πηγὴ,
3650 5198 3814 5271 μονάς

2162 5281 2469 5357 ἀσύγχυτος
2505 5327 2518 5354 ,
2577 5281 2667 5335 καὶ
2742 5283 2905 5354 Τριάς
2961 5280 3289 5359 ἀδισίρετος,
3348 5290 3471 5349 νοῦς
3526 5286 3763 5363 ἄναρχος
3796 5332 3811 5359 ,

2166 5371 2334 5445 μόνου
2395 5370 2555 5445 μόνος
2612 5368 2892 5434 οὐσιωδῶς
2949 5371 3192 5449 ἀνάρχου
3246 5374 3429 5451 Λόγου
3485 5378 3761 5453 γεννήτωρ
3794 5423 3809 5449 ,

2161 5461 2251 5515 καὶ
2285 5460 2456 5534 μόνης
2511 5457 2691 5515 ἀτίδίου
2745 5465 2913 5531 ζωῆς,
2963 5462 3040 5523 ὡς
3069 5462 3389 5536 Πνεύματος
3442 5464 3596 5541 ἂγίου
3627 5467 3809 5542 πηγή.

2165 5550 2266 5605 Κάν
2343 5556 2458 5612 τοῖς
2529 5550 2604 5612 εἰς
2678 5549 2954 5605 Διονύσιον
3028 5551 3119 5607 τὸν
3179 5554 3341 5629 μέγαν
3413 5554 3807 5631 ’Δρεοπαγίτην

2162 5639 2414 5715 σχολίοις
2443 5639 2510 5694 τὰ
2539 5639 2663 5716 περὶ
2691 5646 2792 5709 τῆς
2843 5640 3113 5718 ἀφθάρτου
3159 5640 3388 5719 Τριάδος
3442 5643 3594 5720 φησὶ,
3630 5641 3808 5717 λέγων

2161 5727 2284 5809 περὶ
2344 5727 2625 5784 Διονυσίου
2661 5768 2677 5792 .
2719 5725 2883 5805 μέχρι
2940 5734 3103 5806 τριῶν
3167 5731 3507 5787 ὑποστάσεων
3564 5726 3810 5808 προόδου
