4118 6436
291 435 379 495 961
1464 427 1795 489 SCRIPTA
1836 428 2406 489 APOLOGETICA.

3513 429 3633 493 262

284 568 356 616 νῦν
401 562 638 635 θεολογεῖ,
698 559 889 637 ὅτιπερ
951 560 978 614 6
1041 561 1171 622 Θεὸς
1240 559 1330 614 καὶ
1384 560 1576 635 Πατὴρ
1633 557 1871 629 κινηθεὶς
1903 562 1951 627 Α
1987 557 2046 612 ἐκ
2102 563 2197 613 τοῦ
2245 558 2455 631 Πατρὸς
2506 556 2973 632 ἐκπορευόμενον’
3011 558 3177 631 μόνος
3235 558 3335 633 γὰρ
3396 554 3568 621 αἴτιος
3600 561 3630 615 6

281 648 490 725 ἆχρόνως
552 648 631 703 καὶ
711 647 1068 725 ἀγαπητιὶιῶς
1137 645 1412 723 προῆλθεν
1472 645 1548 708 εἷς
1609 642 1871 722 διάκρισιν

284 737 588 806 ὗποπάσεων,
618 736 841 813 ἆμεριῖη
895 757 956 792 τε
1013 735 1105 791 καὶ
1164 736 1453 809 ἆμειώτως
1516 735 1694 807 μείνας
1723 733 1775 789 ἐν
1805 738 1874 808 τῇ

280 826 461 898 ὁλότητι
503 824 937 902 ὑπερηνωμένως
987 825 1076 880 καὶ
1119 821 1603 899 ὑπερηπλωμένως
1647 827 1744 878 τοῦ
1794 822 1875 877 οἷ-

280 916 396 971 κείου
439 914 851 989 ἀπαυγάσματος
909 914 984 977 εἷς
1062 913 1283 990 ὕπαρξιν
1353 911 1740 988 προελθόντος,
1800 912 1875 974 ὡς

278 1004 444 1067 εἰκόνος
488 1004 680 1074 ζώσης,
710 1003 801 1059 καὶ
849 1008 949 1058 τοῦ
992 1002 1251 1080 παναγίου
1281 1001 1601 1075 Πνεύματος
1644 1020 1876 1076 προσκυ-

276 1097 415 1163 νητῶς
442 1092 523 1148 καὶ
578 1090 951 1168 ὁπεραεννάως
1001 1088 1436 1167 ἐκπορευοῴνου
1493 1090 1553 1145 ἐκ
1609 1094 1706 1144 τοῦ
1763 1095 1877 1145 Πα-

276 1182 388 1259 τρός,
456 1181 526 1244 ὡς
596 1185 945 1257 μυσταγωγεῖ
1017 1181 1046 1234 6
1118 1178 1333 1256 Κύριος.
1415 1177 1733 1254 Ἀγαθότητι
1820 1173 1878 1232 δὲ

274 1269 534 1341 ἐπληθύνθη
568 1269 661 1325 ἐπὶ
710 1269 1132 1347 τρισυπόστατον
1177 1266 1431 1345 θεαρχίαν
1473 1271 1509 1337 ἡ
1543 1266 1688 1322 αἰτία
1739 1264 1874 1321 πάν-

271 1381 354 1414 των
395 1359 474 1414 καί
730 1356 908 1416 Ἀλλᾶ
952 1359 1076 1430 τήν,
1120 1356 1300 1434 Πάτερ
1349 1359 1531 1431 ἡμῶν,
1563 1356 1874 1433 προσευχὴν

272 1449 559 1524 ἑρμηνεύων,
613 1447 817 1504 οὑτωσί
869 1468 986 1510 πως
1034 1446 1207 1523 λέγων
1255 1441 1726 1519 καταλαμϐάνεται
1749 1467 1762 1480 ·
1820 1446 1877 1498 Ὁ

267 1537 361 1599 Υἱὸς
402 1536 483 1591 καὶ
535 1538 600 1592 τὸ
656 1540 882 1609 Πνεῦμα
926 1536 989 1592 τὸ
1037 1537 1191 1611 ἅγιον
1244 1532 1529 1597 οὐσιωδῶς
1573 1538 1654 1607 τῷ
1701 1532 1878 1610 Πατρὶ

268 1629 679 1704 σονυφεστήκασι,
714 1624 766 1696 ἐξ
814 1623 985 1685 αὐτοῦ
1043 1646 1101 1680 τε
1159 1620 1288 1680 ὄντα
1333 1623 1423 1679 καὶ
1470 1623 1524 1678 ἐν
1552 1623 1699 1695 αὐτῷ
1729 1644 1879 1700 φυσι-

262 1720 349 1777 κῶς
406 1715 531 1789 ὑπὲρ
579 1713 761 1770 αἰτίαν
818 1715 911 1769 καὶ
968 1711 1157 1789 λόγον.
1201 1713 1448 1787 Μάξιμος
1509 1713 1602 1787 μὲν
1653 1709 1743 1767 οὖν
1794 1710 1880 1766 οῦ-

260 1825 364 1865 1m.
415 1805 487 1859 Τὰ
558 1801 621 1859 δὲ
688 1807 786 1858 τοῦ
840 1802 987 1858 θείου
1044 1804 1299 1859 Ἰωάννου
1369 1805 1724 1875 Δαμασκηνοῦ
1789 1799 1878 1856 καὶ

260 1891 376 1997 Ξολύ
399 1914 453 1968 γε
479 1898 585 1947 τῶν
624 1897 728 1948 τοῦ
784 1890 1052 1967 μακαρίου
1110 1891 1365 1965 Μαξίμου
1412 1889 1738 1967 μακρότερα,
1769 1891 1881 1962 ἅμα
1912 1933 1960 1998 Β

261 1977 305 2035 ἃ
348 1982 426 2036 καὶ
478 1981 800 2061 σαφέστερα.
832 1983 902 2035 Τὸ
958 1985 1185 2055 Πνεῦμα
1240 1980 1306 2034 τὸ
1364 1981 1539 2054 ἅγιον,
1583 1979 1737 2058 φησὶ,
1786 1979 1876 2033 καὶ

260 2068 363 2123 αὖτὸ
410 2071 499 2143 μὲν
545 2070 607 2126 ἐκ
656 2075 756 2125 τοῦ
809 2070 1025 2145 Πατρὸς
1073 2068 1136 2123 o6
1187 2072 1485 2144 γεννητῶς,
1535 2067 1661 2123 ἀλλ’
1720 2067 1877 2122 ἐκπο-

258 2162 447 2229 ρευτῶς.
482 2159 631 2231 Φησὶ
698 2155 756 2213 δὲ
799 2157 849 2213 ἐν
908 2157 1186 2238 κεφαλαίῳ
1238 2162 1425 2227 ταῦτα,
1463 2161 1543 2230 τῷ
1597 2154 1721 2233 περὲ
1775 2164 1875 2226 τῆς

262 2243 646 2323 διακεκριμένης
721 2248 811 2303 καὶ
878 2245 1168 2320 ἡνωμένης
1240 2243 1543 2322 θεολογίας,
1604 2245 1692 2299 καὶ
1763 2246 1876 2319 μετ’

259 2333 392 2412 ὀλίγα
442 2337 493 2392 ἐν
549 2342 635 2410 τῷ
696 2336 877 2409 αὐτῷ’
910 2338 1060 2409 ’Ἅμα
1116 2333 1172 2390 δὲ
1227 2335 1319 2390 καὶ
1375 2339 1471 2390 τοῦ
1516 2336 1640 2389 Υἱοῦ
1694 2333 1753 2389 ἐκ
1778 2339 1876 2389 τοῦ

256 2426 440 2500 Πατρὸς
480 2426 765 2501 γέννησις,
815 2426 904 2480 καὶ
954 2427 989 2495 ἡ
1031 2428 1130 2479 τοῦ
1189 2423 1347 2500 άγίου
1411 2421 1726 2496 ΙΙνεύματος
1787 2421 1874 2477 ἐκ·

254 2512 490 2588 πόρευσις,
517 2514 613 2569 καὶ
646 2515 827 2569 πάντα
854 2513 955 2569 ὅσα
978 2511 1093 2590 ἔχει
1126 2513 1155 2567 6
1184 2513 1306 2575 Υἱὸς
1361 2511 1450 2567 καὶ
1509 2512 1572 2567 τὸ
1629 2515 1873 2584 Πνεῦμα,

254 2599 305 2655 ἐκ
347 2607 434 2656 τοῦ
485 2601 714 2678 Πατρὸς
770 2597 909 2680 ἔχει,
960 2602 1051 2657 καὶ
1106 2600 1240 2656 αὐτὸ
1293 2602 1357 2656 τὸ
1415 2601 1569 2657 εἶναι.
1601 2600 1700 2655 Καὶ
1763 2601 1878 2673 μεθ’

251 2686 409 2768 ἓτερα’
439 2691 511 2746 06
557 2696 717 2767 τρεῖς
775 2690 928 2754 θεοὺς
988 2689 1217 2768 λέγομεν
1273 2690 1366 2745 τὸν
1398 2690 1615 2765 Πατέρα
1665 2689 1753 2744 καὶ
1781 2689 1873 2744 τὸν

253 2780 355 2833 Υἱὸν
406 2781 490 2836 καὶ
534 2782 601 2836 τὸ
654 2781 813 2856 ἅγιον
846 2784 1093 2853 Πνεῦμα.
1124 2776 1215 2835 ἕνα
1247 2776 1305 2834 δὲ
1358 2777 1570 2852 μᾶλλον
1617 2779 1743 2834 Θεὸν
1772 2779 1873 2848 τήν

253 2868 378 2943 ἁγίαν
426 2867 650 2946 Τριάδα,
715 2868 797 2931 οἷς
859 2868 917 2925 ἓν
972 2865 1143 2924 αἴτιον
1222 2868 1351 2922 Υἱοῦ
1408 2868 1497 2922 καὶ
1555 2866 1875 2939 Πνεύματος

251 2956 657 3035 ἂναρερομένων,
713 2958 776 3012 o6
845 2955 1258 3030 συντιθεμένων,
1301 2956 1336 3025 ἢ
1379 2954 1873 3034 συναλειφομένων.

251 3042 331 3096 Καὶ
382 3046 492 3116 μεθ’
546 3043 719 3122 ἕτερα
772 3041 953 3106 αὖθις·
1011 3045 1128 3118 Χρή
1187 3041 1245 3099 δὲ
1299 3044 1579 3120 γινώσκειν
1642 3043 1725 3099 ὅτι
1781 3045 1872 3099 τὸν

251 3134 435 3209 Πατέρα
483 3133 546 3188 06
596 3131 839 3209 λέγομεν
892 3130 953 3187 ἔκ
980 3154 1148 3206 τινος,
1194 3133 1423 3209 λέγομεν
1469 3130 1527 3188 δὲ
1572 3131 1731 3188 αὐτὸν
1777 3138 1876 3188 τοῦ

1985 649 2193 723 Πατήρ.
2229 648 2314 701 Ἐν
2345 644 2402 701 δέ
2433 668 2537 701 που
2567 650 2636 720 τῇ
2670 644 3150 721 ἐπιστολῇ,Ἡμῖν,
3182 648 3369 724 φησὶν,
3395 649 3471 710 εἷς
3502 648 3630 711 Θεὸς

1985 736 2014 789 ὁ
2046 737 2256 812 Πατήρ,
2290 736 2378 791 καὶ
2410 737 2438 790 ὁ
2482 735 2654 811 Λόγος
2684 735 2850 790 αὐτοῦ
2899 734 2990 790 καὶ
3042 736 3104 790 τὸ
3157 738 3377 809 Πνεῦμα
3431 735 3628 792 αὐτοῦ·

1986 824 2161 899 Λόγος
2208 822 2266 880 δὲ
2314 823 2669 879 ἐνυπόστατον
2737 823 3002 899 γέννημα,
3054 821 3137 878 διὸ
3197 823 3286 879 καὶ
3338 823 3481 887 Υἱός.
3530 825 3629 880 Καὶ

1988 918 2205 987 Πνεῦμα
2259 914 2614 969 ἐνυπόστατον
2666 913 2975 988 ἐκπόρευμα
3047 913 3135 968 καὶ
3203 908 3527 991 πρόϐλημα,
3573 914 3634 970 ἐκ

1985 1003 2193 1079 Πατρὸς
2231 1004 2346 1076 μὲν,
2382 1001 2451 1058 δι’
2478 1005 2603 1059 Υἱοῦ
2636 1000 2712 1073 δὲ,
2744 1002 2833 1057 καὶ
2883 1001 2983 1057 οὐκ
3017 1000 3067 1072 ἐξ
3115 1004 3260 1074 Υἱοῦ,
3295 1003 3371 1066 ὡς
3420 1008 3633 1078 πνεῦμα

1987 1091 2246 1166 σιόματος
2293 1091 2481 1164 αὐτοῦ,
2514 1091 2683 1168 λόγαυ
2734 1090 3127 1167 ἐξαγγελτικόν.
3163 1091 3261 1147 Καὶ
3312 1093 3374 1147 τὸ
3420 1098 3634 1166 πνεῦμα

1986 1182 2128 1251 πνοή
2180 1178 2422 1253 λυομένη
2475 1180 2564 1235 καὶ
2614 1177 2968 1255 διαχεομένη,
3004 1179 3077 1242 ὡς
3109 1177 3168 1235 δὲ
3195 1181 3290 1235 κάν
3328 1203 3633 1256 μνημονευ-

1987 1269 2128 1334 θέντι
2178 1269 2345 1346 λόγῳ,
2388 1274 2581 1339 Τοῦτο,
2629 1270 2812 1346 φησὶν,
2858 1271 2994 1341 ἡμῖν
3048 1267 3470 1345 λατρευόμενον,
3516 1278 3633 1327 Πα-

1983 1360 2090 1435 τήρ
2150 1360 2274 1412 Υἱοῦ
2334 1361 2613 1435 γεννήτωρ
2674 1356 2986 1432 ἀγέννητὸς.
3049 1357 3122 1412 O6
3169 1357 3272 1435 γὰρ
3345 1356 3403 1414 ἔκ
3461 1381 3632 1423 τινος.

1986 1449 2107 1503 Υἱὸς
2155 1453 2252 1502 τοῦ
2300 1448 2517 1522 Ιιατρὸς
2565 1447 2828 1523 γέννημα,
2871 1446 2945 1509 ὡς
2998 1446 3050 1518 ἐξ
3096 1446 3259 1502 αὐτοῦ
3309 1450 3632 1525 γεγεννημέ-

1984 1558 2098 1599 νος.
2132 1541 2358 1611 Πνεῦμα
2389 1538 2539 1612 ἅγιον
2586 1530 2697 1590 τοῦ
2726 1539 2859 1590 Θεοῦ
2910 1534 3000 1590 καὶ
3049 1537 3287 1612 Πατρὸς,
3318 1537 3392 1599 ὡς
3439 1536 3491 1609 ἐξ
3538 1537 3632 1593 016-

1984 1630 2082 1681 τοῦ
2129 1624 2584 1701 ἐκπορευόμενον,
2624 1622 2755 1698 ὅπερ
2797 1623 2887 1679 καὶ
2938 1627 3035 1680 τοῦ
3079 1624 3206 1680 Υἱοῦ
3249 1625 3342 1698 μὶν
3393 1623 3631 1702 λέγεται,

1987 1716 2064 1778 ὡς
2120 1713 2188 1770 δι’
2242 1714 2407 1771 αὐτοῦ
2454 1713 2872 1792 φανερούμενον,
2918 1712 3007 1768 καὶ
3066 1717 3135 1789 τῇ
3182 1715 3351 1770 κτίσει
3413 1712 3632 1789 μεταδι-

1988 1801 2243 1878 δόμενον,
2275 1802 2404 1859 ἀλλ’
2428 1803 2528 1858 οὐκ
2553 1801 2604 1874 ἐξ
2636 1801 2798 1858 αὐτοῦ
2828 1798 2956 1878 ἔχον
2986 1801 3085 1872 τὴν
3117 1801 3361 1878 ὕπαρξιν.
3400 1827 3426 1854 ι)

2060 1892 2243 1954 Οὕτως
2292 1891 2398 1968 ἐγώ
2445 1912 2611 1970 φημι,
2641 1891 2731 1945 καὶ
2783 1890 2916 1946 αύτά
2966 1912 3029 1966 γε
3074 1891 3141 1946 τὰ
3168 1890 3463 1966 πράγματα
3496 1914 3630 1970 μαρ·

1990 1987 2143 2059 τυρεῖ
2197 1980 2470 2057 ἐμψύχοις
2503 1981 2575 2042 ὡς
2627 1979 2685 2035 ἂν
2732 1975 2873 2034 εἶ’ποι
2931 2002 3012 2042 τις
3071 1982 3427 2057 μαρτυρίαις·
3485 1981 3633 2059 λέγω

1990 2069 2047 2126 δὲ
2076 2075 2163 2124 νῦν
2193 2071 2320 2133 τοὺς
2350 2075 2456 2125 τῶν
2494 2069 2772 2144 μακαρίων
2808 2067 3003 2145 λόγους
3049 2068 3124 2131 ὡς
3170 2070 3480 2146 πράγματα,
3506 2071 3632 2133 τοὺς

1988 2161 2063 2222 ὠς
2120 2157 2210 2214 διὰ
2259 2163 2356 2214 τοῦ
2411 2159 2536 2216 Υἱοῦ
2594 2156 2971 2235 ἐκπορεύεσθαι
3002 2156 3286 2234 εἰρηκότας
3318 2159 3381 2213 τὸ
3411 2164 3633 2233 Πνεῦμα

2077 2245 2119 2266 '\\
2227 2247 2241 2261 ι
2362 2252 2383 2263 ~
2622 2249 2650 2260 ω
2765 2269 2777 2280 ,
2874 2252 2901 2262 ~
3135 2246 3151 2264 κ
3262 2245 3290 2265 -γ
3449 2248 3465 2270 \
3609 2249 3623 2265 ι

1990 2262 2159 2322 μηοεν
2216 2245 2443 2302 αλλοιον
2491 2246 2738 2316 ἐννοησαι
2833 2243 3045 2320 μαλλον
3094 2266 3188 2319 μεν
3231 2268 3347 2316 ουν,
3376 2268 3465 2303 και
3496 2270 3633 2304 κατα

1985 2338 2074 2392 τὸν
2106 2341 2233 2392 νοῦν
2281 2337 2666 2412 συνενεχθῆναι
2710 2340 2827 2397 τοῖς
2872 2335 3135 2412 πρώτοις,
3171 2336 3415 2409 μαθητὰς
3473 2333 3631 2402 ὄντας

1986 2424 2203 2481 ἐκείνων
2235 2425 2325 2480 καὶ
2354 2422 2611 2487 ὀπαδούς.
2646 2428 2773 2486 Πῶς
2822 2424 2926 2500 γὰρ
2984 2421 3236 2494 ἀλλοῖον,
3268 2426 3406 2481 ὅπου
3465 2427 3628 2500 μόνον

1987 2510 2155 2568 αἴτιον
2210 2513 2335 2567 Υἱοῦ
2377 2513 2468 2567 καὶ
2516 2512 2830 2586 ΙΙνεύματος
2899 2512 3042 2568 ἴσασι
3106 2513 3196 2568 τὸν
3255 2514 3492 2593 Πατέρα,
3539 2512 3630 2572 καὶ

1991 2601 2161 2675 μόνην
2219 2602 2405 2675 πηγήν
2458 2608 2557 2671 τῆς
2613 2601 2888 2673 θεότητος,
2919 2602 3009 2656 καὶ
3059 2601 3227 2677 ῥίζαν,
3280 2602 3370 2658 καὶ
3427 2603 3626 2682 ἀρχὴν,

1985 2691 2074 2746 καὶ
2118 2691 2215 2760 τὴν
2266 2690 2325 2745 ἐκ
2377 2694 2476 2745 τοῦ
2518 2691 2645 2747 Υἱοῦ
2693 2690 3013 2765 Πνεύματος
3060 2690 3282 2765 ὕπαρξιν
3328 2689 3628 2770 διαρρήδην

1985 2777 2410 2855 ἀπαγορεύουσιν
2437 2797 2467 2848 ;’

2054 2865 2280 2924 Ἠδεσαν
2336 2868 2428 2941 μὲν
2478 2868 2580 2944 γάρ
2628 2871 2831 2946 σαφῶς,
2865 2865 2958 2922 ’ίνα
3002 2867 3093 2921 καὶ
3141 2870 3486 2946 πειράσωμαι
3534 2870 3627 2927 σὺν

1985 2962 2101 3031 Θεῷ
2127 2958 2195 3012 τὰ
2222 2957 2345 3032 περὶ
2374 2957 2472 3025 τὴν
2525 2955 2678 3031 ῥῆσιν
2724 2954 3042 3032 τρανότερον
3088 2960 3415 3028 καταστῆσαι
3440 2981 3453 2995 -
3504 2956 3629 3035 ᾔδε-

1984 3067 2079 3102 σαν
2129 3046 2222 3120 μὲν
2273 3045 2363 3100 καὶ
2430 3045 2676 3118 Μάξιμος
2721 3046 2750 3099 ὁ
2797 3045 2988 3120 μέγας,
3037 3045 3128 3100 καὶ
3178 3046 3206 3100 ὁ
3255 3048 3397 3109 θεῖος
3454 3051 3625 3126 Ταρά-

1984 3156 2121 3207 σιος,
2154 3130 2231 3190 ἔτι
2290 3134 2381 3190 καὶ
2411 3134 2439 3189 6
2482 3135 2625 3210 ἱερὸς
2671 3135 2946 3205 Ἰωάννης,
2976 3134 3039 3189 τὸ
3087 3138 3308 3209 Πνεῦμα
3361 3137 3423 3192 τὸ
3479 3138 3629 3215 ἅγιον

250 3220 353 3275 Γῖοῦ
394 3223 630 3298 Πατέρα.
665 3222 770 3276 Τὸν
823 3218 880 3276 δὲ
928 3221 1047 3277 Γὶὸν
1102 3221 1163 3277 o6
1211 3221 1447 3297 λέγομεν
1480 3223 1719 3298 Πατέρα,
1750 3221 1878 3277 οὐδὲ
1987 3224 2046 3280 ἐκ
2101 3225 2314 3300 Πατρὸς
2374 3221 2820 3299 ἐκπορευόμενον,
2871 3222 2920 3295 ἐξ
2971 3219 3136 3300 οὗπερ
3194 3223 3475 3302 ὑφέστηκε,
3533 3228 3624 3284 καὶ

244 3306 471 3382 ἀναίτιον,
524 3311 766 3388 λέγομεν
817 3308 875 3365 δὲ
920 3309 1079 3366 αὐτὸν
1112 3310 1202 3366 καὶ
1249 3310 1310 3366 ἐκ
1351 3315 1447 3366 τοῦ
1492 3312 1734 3388 Πατρὸς,
1781 3333 1872 3368 και
1903 3302 1946 3369 C
1982 3315 2081 3382 τὴν
2137 3319 2236 3383 τῆς
2292 3310 2657 3381 ὑποστάσεως,
2713 3309 2805 3366 καὶ
2877 3313 2974 3381 τήν
3050 3316 3146 3366 τοῦ
3221 3312 3353 3368 εἶναι
3426 3313 3621 3376 αἰτίαν.

246 3398 347 3451 Πὸν
372 3404 465 3455 τοῦ
492 3399 748 3476 Πατρός.
780 3400 849 3454 Τὸ
881 3397 940 3454 δὲ
969 3404 1193 3473 Πνεῦμα
1218 3400 1282 3455 τὸ
1330 3401 1484 3476 ἅγιον
1531 3400 1622 3455 καὶ
1671 3398 1731 3456 ἐκ
1774 3405 1871 3456 τοῦ

238 3489 424 3563 Ιιατρὸς
480 3488 745 3566 λέγομεν,
803 3487 895 3544 καί
945 3494 1171 3563 Πνεῦμα
1221 3489 1440 3565 Πατρὸς
1491 3488 1867 3563 ὀνομάζομεν·

237 3573 285 3628 ἐκ
320 3583 414 3631 τοῦ
461 3580 589 3636 Υἱοῦ
638 3575 705 3633 δὲ
747 3578 812 3633 16
856 3582 1081 3651 Πνεῦμα
1125 3577 1186 3633 οὖ
1238 3576 1492 3653 λέγομεν,
1540 3584 1767 3653 Πνεῦμα
1813 3576 1871 3634 δὲ

238 3664 342 3720 Γίοῦ
391 3666 763 3742 ὀνομάζομεν.
829 3691 857 3719 ‹‹
908 3666 976 3722 Εἴ
1039 3688 1123 3729 τις
1179 3667 1304 3743 γὰρ,
1363 3692 1391 3721 ››
1452 3669 1481 3723 6
1531 3666 1870 3730 Ἀπόστολος

234 3755 365 3827 φησὶ,
400 3779 427 3806 «ι
472 3760 713 3829 Πνεῦμα
769 3754 871 3810 οὐκ
925 3750 1041 3832 ἔχει
1098 3760 1419 3832 Χριστοῦ.»
1468 3755 1568 3811 Καὶ
1627 3752 1697 3810 δι’
1742 3758 1868 3812 Υίοῦ

236 3847 618 3921 περανερῶσθαι
675 3844 769 3899 καὶ
822 3841 1204 3916 μεταδίδοσθαι
1248 3846 1384 3918 ἡμῖν
1441 3842 1865 3921 ὁμολογοῦμεν·

232 3928 498 4009 ἐνεφύσησε
539 3935 649 4011 γὰρ
712 3934 802 3989 καὶ
876 3932 992 3989 εἶπε
1057 3939 1175 3996 τοῖς
1244 3934 1538 4006 μαθηταῖς,
1587 3957 1615 3985 ‹‹
1664 3929 1868 3990 Λάϐετε

232 4024 428 4095 Πνεῦμα
458 4024 637 4100 ἅγιον,
666 4048 700 4076 n
737 4021 918 4097 ὥσπερ
950 4022 1010 4077 ἐκ
1040 4027 1138 4078 τοῦ
1167 4021 1335 4092 ἡλίου
1387 4022 1483 4096 μὲν
1521 4022 1556 4093 ἥ
1608 4044 1668 4079 τε
1713 4022 1866 4086 ἀκτίς

230 4108 301 4162 καί
345 4114 379 4179 ἠ
424 4108 737 4187 ἔλλαμψις.
782 4110 961 4173 Αὐτὸς
1021 4110 1120 4188 γάρ
1189 4110 1330 4166 ἐστιν
1376 4113 1411 4181 ἡ
1460 4113 1612 4188 πηγὴ
1663 4119 1764 4182 τῆς
1807 4133 1868 4167 τε

232 4196 415 4263 ἀκτῖνος
459 4201 552 4256 καὶ
600 4208 713 4271 τῆς
761 4199 1107 4274 ἐλλάμψεως.
1142 4201 1241 4255 Διά
1284 4202 1383 4270 τῆς
1430 4200 1647 4264 ἀκτῖνος
1696 4203 1732 4271 ή
1779 4199 1867 4257 ἔλ-

232 4284 411 4364 λαμψις
459 4294 602 4365 ἡμῖν
650 4286 884 4360 δίδοται,
924 4289 1014 4345 καὶ
1070 4287 1205 4360 αὕτη
1269 4288 1411 4345 ἐστὶν
1465 4292 1501 4359 ἡ
1560 4286 1867 4369 φωτίζουσα

230 4374 351 4449 ἡμᾶς
396 4380 486 4434 καὶ
541 4378 899 4455 μετεχομένη
952 4379 1038 4458 ὑφ’
1083 4380 1265 4453 ἡμῶν.
1317 4378 1417 4433 Τὸν
1469 4375 1527 4434 δὲ
1573 4380 1694 4436 Υἱὸν
1743 4376 1866 4437 οὔτε

226 4470 303 4519 τοῦ
341 4471 671 4543 Πνεύματος
722 4466 975 4543 λέγομεν,
1017 4463 1142 4523 οῦτε
1194 4468 1301 4540 μὴν
1353 4466 1414 4522 ἐκ
1456 4467 1798 4543 Πνεύματος.
1833 4494 1861 4523 ››

231 4556 376 4611 Ταῦτα
444 4559 543 4632 μὲν
605 4558 661 4613 ἐν
716 4555 999 4635 κεφαλαέῳ
1043 4559 1123 4628 τῷ
1168 4554 1464 4629 εἰρημένῳ.
1518 4558 1742 4612 ’Ἐπεται
1807 4554 1865 4613 δὲ

1980 3398 2207 3471 ’ᾘδεσαν
2251 3397 2309 3455 δὲ
2334 3405 2495 3455 τοῦτο
2527 3395 2641 3472 ἅμα
2668 3399 2758 3454 καὶ
2810 3396 2899 3455 διὰ
2952 3405 3050 3455 τοῦ
3107 3401 3231 3455 Υἱοῦ
3286 3403 3478 3480 προϊὸν
3533 3407 3623 3461 καὶ

1983 3489 2378 3568 φανερούμενον
2419 3487 2511 3543 καὶ
2560 3486 2865 3562 ἐκλάμπον,
2896 3487 2986 3543 καὶ
3028 3489 3288 3567 πεφηνὸς,
3321 3490 3407 3546 καὶ
3464 3494 3624 3565 ἧκον,

1978 3578 2070 3634 καὶ
2101 3577 2539 3654 γνωριζόμενον⁸
2591 3576 2709 3632 ὅθεν
2763 3577 2853 3633 καὶ
2898 3577 3075 3655 εὕροις
3122 3578 3180 3632 ἃν
3233 3578 3451 3654 αὐτοὺς,
3485 3578 3624 3660 διερ-

1979 3667 2220 3744 χόμενος
2280 3664 2558 3740 ἐπιμελῶς
2613 3666 2683 3721 τὰ
2738 3665 2973 3740 ἐκείνων,
3008 3667 3097 3723 ὁτέ
3155 3668 3251 3741 μὲν
3303 3667 3364 3725 ἐκ
3409 3672 3620 3748 Πατρὸς

1979 3754 2237 3833 λέγοντας
2286 3753 2668 3832 ἐκπορεύεσθαι
2719 3755 2784 3810 τὸ
2829 3760 3052 3830 Πνεῦμα
3091 3757 3153 3811 τὸ
3200 3758 3375 3835 ἅγιον,
3430 3756 3519 3815 διὰ
3565 3758 3623 3816 δὲ

1976 3849 2075 3901 τοῦ
2130 3845 2257 3899 Υἱοῦ
2304 3843 2512 3923 πέφηνε
2565 3845 2656 3899 καὶ
2722 3845 2957 3921 πρόεισι,
3008 3845 3098 3900 καὶ
3184 3846 3472 3921 ἐκλάμπει,
3531 3851 3622 3905 καὶ

1977 3938 2315 4013 φανεροῦται,
2366 3934 2454 3988 καὶ
2519 3932 2868 4010 γνωρίζεται·
2929 3935 3019 3990 61‘s
3079 3931 3137 3990 δὲ
3186 3935 3245 3991 ἐκ
3285 3938 3501 4014 Πατρὸς
3552 3935 3622 3993 δι’

1974 4023 2102 4078 Υἱοῦ
2133 4021 2479 4099 ἐκπορεύεται
2508 4021 2570 4077 τό
2604 4027 2831 4096 Πνεῦμα
2873 4024 2934 4079 τὸ
2975 4025 3148 4100 ἅγιον,
3180 4025 3288 4102 οὐχ
3332 4025 3486 4090 ὅπως
3535 4026 3620 4101 σὺ,

1976 4112 2111 4187 ἅπερ
2168 4111 2230 4166 06
2282 4110 2598 4187 γέγραπται,
2659 4108 2782 4167 οὔτε
2855 4107 2998 4167 ἔστιν
3083 4112 3319 4178 ἐντεῦθεν
3406 4122 3620 4189 νοῆσαι,

1976 4198 2121 4277 λέγω
2177 4197 2245 4269 δὴ
2294 4200 2355 4255 τὸ
2399 4197 2468 4255 δι’
2501 4201 2625 4257 Υἱοῦ
2652 4201 2751 4271 τήν
2795 4200 3017 4277 ὕπαρξιν
3077 4198 3222 4277 ἔχειν
3279 4203 3343 4257 τὸ
3402 4209 3625 4277 Πνεῦμα

1973 4289 2036 4343 τὸ
2080 4289 2255 4364 ἅγιον,
2306 4289 2382 4352 ὡς
2430 4289 2519 4344 καὶ
2567 4287 2742 4344 αἰτίαν
2799 4289 2859 4345 ἐκ
2904 4290 3099 4345 τούτου
3155 4293 3482 4367 προσάπτειν
3532 4293 3622 4348 καὶ

1972 4382 2051 4450 τῷ
2078 4378 2185 4449 Υἱῷ
2234 4379 2332 4447 τῆς
2386 4383 2483 4433 τοῦ
2539 4378 2803 4455 παναγίου
2862 4378 3175 4452 Πνεύματος
3234 4380 3619 4444 ὑποστάσεως⁶

1974 4464 2101 4521 ἀλλ’
2129 4464 2202 4521 ἵν’
2234 4465 2615 4544 ἐκπορεύεσθαι
2648 4469 2742 4540 μὲν
2769 4465 2831 4523 ἐκ
2850 4472 2949 4523 τοῦ
3003 4469 3218 4540 Πατρὸς
3273 4470 3363 4525 καὶ
3423 4468 3622 4540 αἰτίου,

1975 4553 2094 4618 ὅθεν
2124 4555 2214 4610 καὶ
2237 4556 2339 4629 τῂν
2372 4554 2593 4632 ὕπαρξιν
2646 4553 2783 4632 ἔχει,
2839 4555 3118 4629 μνησθείς,
3159 4561 3257 4611 τοῦ
3300 4564 3403 4628 τῆς
3456 4558 3623 4636 ὑπάρ-

230 4643 416 4709 τούτοις
461 4647 656 4722 ὥσπερ
711 4643 933 4716 άληθῶς
978 4649 1078 4700 τοῦ
1106 4643 1273 4700 αὐτοῦ
1320 4644 1445 4707 νοὸς
1497 4639 1625 4701 ὄντα
1668 4648 1862 4722 γεννή-
1893 4667 1942 4732 D
1975 4643 2104 4715 ξεως
2156 4644 2377 4721 τρόπου·
2419 4643 2589 4699 ἐκεῖσε
2662 4643 2847 4707 καλῶς
2921 4643 3200 4724 φέροντος,
3263 4645 3380 4703 ὅθεν
3438 4648 3529 4703 καὶ
3584 4650 3620 4720 ἡ

234 4751 350 4801 ματα
395 4737 487 4790 καὶ
550 4738 698 4812 ἅπερ
753 4734 806 4790 ἐν
857 4738 937 4808 τῷ
991 4733 1118 4810 περὶ
1173 4733 1333 4788 θείων
1368 4733 1644 4803 ὀνομάτων
1679 4734 1864 4813 φησίν,

235 4824 369 4893 τῇτε
410 4826 550 4900 πρὸς
601 4820 886 4900 Ἰορδάνην
938 4820 1228 4896 ἐπιστολῇ,
1282 4823 1373 4878 καὶ
1431 4822 1508 4878 ἔτι
1563 4844 1626 4900 γε
1682 4823 1734 4878 ἐν
1787 4829 1866 4897 τῷ

237 4905 364 4984 λόγῳ
388 4918 467 4986 τῷ
516 4915 621 4982 τὴν
668 4911 970 4991 ἐπιγραφὴν
1016 4910 1093 4974 εἷς
1139 4911 1240 4980 τὴν
1292 4909 1570 4985 θεόσωμον
1614 4909 1866 4989 ἐπιδεχο-

237 4997 353 5072 vim}:
401 5007 499 5057 τοῦ
549 5001 758 5073 Κυρίου
803 5002 997 5080 ταφήν.
1032 5023 1059 5050 ι(
1089 5000 1147 5054 '0
1204 5000 1418 5076 Πατήρ,
1461 5000 1624 5078 φησὶν
1683 5000 1734 5055 ἐν
1787 5006 1867 5074 τῷ

236 5091 334 5162 περὶ
392 5090 553 5155 θείων
624 5090 936 5164 ὀνομάτων,
991 5090 1147 5164 πηγή
1212 5088 1304 5143 καὶ
1369 5089 1513 5145 αἰτία
1577 5091 1703 5148 Υἱοῦ
1775 5089 1864 5146 καὶ

233 5177 547 5251 Πνεύματος.
579 5181 781 5257 Πατήρ
828 5180 993 5254 μόνου
1022 5180 1172 5251 Υῖυῦ,
1202 5178 1295 5233 καὶ
1341 5174 1645 5254 προϐολεὺς
1696 5179 1866 5236 Πνεύ-

240 5284 401 5334 ματος.
438 5271 497 5325 '0
556 5270 687 5332 Υἳὸς
761 5270 903 5342 Υἱὸς,
959 5267 1155 5344 Λόγος,
1211 5266 1394 5345 σοφία,
1452 5266 1542 5322 καί
1617 5265 1865 5343 δύναμις,

237 5351 391 5429 εἰκὼν,
455 5357 811 5435 ἀπαύγασμα,
873 5357 1161 5434 χαρακτήρ
1226 5359 1324 5411 τοῦ
1392 5356 1607 5433 ΙΙατρὸς
1662 5358 1754 5412 καὶ
1810 5356 1870 5413 ἐκ

234 5447 315 5496 τοῦ
355 5447 591 5522 Πατρὸς,
628 5445 741 5523 οὐχ
799 5446 881 5509 ἱὸς
914 5443 976 5500 δὲ
1003 5449 1101 5501 τοῦ
1149 5443 1491 5518 Πνεύματος.
1520 5445 1594 5500 Τὸ
1645 5447 1869 5520 Πνεῦμα

235 5530 286 5585 τὸ
308 5532 450 5609 ἅγιον
485 5540 718 5608 Πνεῦμα
742 5539 841 5590 τοῦ
873 5534 1110 5610 Πατρὸς,
1142 5533 1217 5596 ὡς
1262 5532 1324 5588 ἐκ
1368 5537 1465 5589 τοῦ
1512 5534 1730 5610 Πατρὸς
1785 5533 1868 5590 ἐκ-

236 5624 595 5697 πορευόμενον.
626 5620 867 5698 Οὐδεμία
892 5624 994 5700 γὰρ
1026 5623 1172 5696 ὁρμή
1222 5617 1347 5677 ἄνευ
1395 5620 1731 5696 Πνεύματος.
1766 5624 1867 5679 Καὶ

242 5706 344 5763 ι’ἱοῦ
371 5706 427 5768 εὶ
455 5716 697 5784 Πνεῦμα
725 5711 831 5789 οὐχ
859 5711 936 5773 ὡς
980 5708 1033 5782 ἐξ
1080 5708 1267 5782 αὐτοῦ,
1307 5708 1437 5766 ἀλλ’
1463 5709 1540 5774 ὡς
1589 5708 1659 5767 δι’
1704 5710 1869 5768 αὐτοῦ

1980 4732 2228 4810 ὕπαρξις,
2257 4735 2399 4807 ὁμοῦ
2445 4730 2502 4788 δὲ
2547 4733 2636 4788 καὶ
2686 4730 2756 4787 δι’
2806 4734 2933 4788 Υὶοῦ
2978 4734 3345 4811 προέρχεσθαι
3395 4736 3485 4792 καὶ
3534 4736 3622 4793 ἐκ·

1975 4820 2270 4899 φαίνεσθαι,
2319 4823 2407 4877 καὶ
2454 4821 2553 4877 ὅσα
2617 4823 2764 4894 παρὰ
2816 4829 2932 4884 τοῖς
3001 4822 3186 4886 αὐτοῖς
3258 4824 3472 4888 τούτοις
3531 4826 3622 4882 καὶ

1971 4916 2089 4973 τοῖς
2119 4909 2314 4974 ἄλλοις
2346 4911 2629 4989 θεοφόροις
2670 4909 3057 4987 τεθεολόγηται
3087 4910 3383 4989 διδαχθῇς’
3422 4919 3491 4989 τῇ
3520 4916 3622 4993 γὰρ

1976 4998 2035 5054 ἐκ
2085 4998 2302 5074 Ιιατρὸς
2357 4998 2435 5061 εἷς
2472 5000 2536 5054 τὸ
2585 4999 2719 5055 εἶναι
2771 4998 2996 5077 προόδῳ
3039 5006 3136 5057 τοῦ
3186 5001 3526 5076 Πνεύματος,
3560 5004 3622 5060 06

1974 5088 2078 5165 γὰρ
2121 5086 2385 5166 ἀφέξομαι
2431 5109 2498 5142 τα
2539 5088 2673 5143 αὐτὰ
2735 5088 3007 5152 πολλάκις
3056 5090 3299 5170 στρέφειν
3343 5092 3467 5168 περὶ
3514 5098 3623 5149 τῶν

1975 5176 2174 5249 αὐτῶν,
2210 5177 2311 5245 τὴν
2366 5175 2442 5239 εἷς
2498 5174 2723 5251 δύναμιν
2782 5181 3072 5257 σαφήνειαν
3133 5179 3491 5257 ἐργαζόμενος
3545 5187 3625 5256 τῷ

1976 5259 2185 5321 εὐσεϐεῖ
2227 5270 2335 5320 τῶν
2383 5263 2638 5342 Πατέρων
2690 5269 2927 5340 νοήματι
2975 5272 3044 5343 τῇ
3089 5266 3313 5345 προόδῳ
3367 5269 3553 5345 ταύτῃ,

1979 5351 2047 5409 δι’
2076 5354 2202 5410 Υἱοῦ
2257 5358 2356 5409 τοῦ
2410 5353 2575 5409 αὐτοῦ
2635 5356 2953 5430 Πνεύματος
3006 5357 3373 5434 συντρέχουσα
3427 5356 3625 5438 ἐκφαν-

1977 5463 2083 5515 σις,
2114 5443 2231 5497 καθ’
2278 5442 2337 5497 ’ὸν
2381 5442 2583 5518 τρόπον
2624 5448 2692 5520 τῇ
2744 5443 2795 5516 ἐξ
2834 5445 2999 5516 ἡλίου
3044 5452 3141 5502 τοῦ
3190 5448 3370 5526 φωτὸς
3419 5446 3624 5523 ἐκλάμ-

1977 5535 2066 5606 ψει
2097 5534 2132 5601 ἡ
2166 5528 2255 5586 διὰ
2280 5537 2382 5601 τῆς
2438 5532 2655 5596 ἀκτῖνος
2710 5539 2809 5589 τοῦ
2851 5535 3016 5591 αὐτοῦ
3073 5536 3256 5615 φωτὸς
3285 5535 3504 5613 πρόεσις
3532 5538 3622 5593 καὶ

1980 5619 2302 5700 φανέρωσις.
2351 5625 2543 5677 ῙΙεῖσαι
2615 5619 2676 5678 δέ
2750 5645 2841 5697 μοι
2921 5622 3071 5680 δοκεῖ
3140 5624 3268 5688 τοὺς
3324 5624 3621 5704 θεολόγους

1975 5707 2168 5766 τούσδε
2212 5708 2271 5766 ἐκ
2332 5711 2547 5791 ιΙατρὸς
2594 5709 2662 5770 δι’
2716 5715 2843 5772 Υἱοῦ
2894 5713 3275 5791 ἐκπορεύεσθαι
3325 5715 3495 5773 εἰπεῖν
3551 5717 3617 5775 16
