4118 6424
493 439 614 503 263

1516 437 1834 500 GEORGII
1879 436 2140 498 CYPRII
2186 436 2304 496 ΟΡ.
2350 434 2879 498 ΡΛΤΒῙΑΒΟΗΑΞ

3776 430 3894 492 264

493 575 718 644 Πνεῦμα
759 572 821 625 τὸ
869 570 1045 645 ἅγιον,
1104 570 1246 641 ὁμοῦ
1301 570 1394 641 μέν
1446 568 1528 623 ὅτι
1587 569 1646 623 ἐκ
1704 569 1918 641 Πατρὸς
1972 566 2218 636 ἐκποοΑ
2250 566 2416 620 εἰπὼν
2475 565 2535 621 ἐκ
2588 572 2685 621 τοῦ
2741 566 2985 641 πρώτου.
3019 565 3117 618 Διὰ
3170 567 3337 617 ταῦτα
3395 560 3520 617 οὐδέ
3568 560 3814 637 συνέχεεν
3863 562 3893 616 ὁ

496 660 705 738 ρεύεται
753 658 841 714 καὶ
891 658 1181 737 ὑφέστηκεν
1241 658 1316 720 ὡς
1350 657 1400 729 ἐξ
1434 658 1609 712 αἰτίου
1637 660 1699 713 τὸ
1750 662 1975 730 Πνεῦμα
2024 653 2177 711 δια-.

490 752 841 824 τρανοῦντας,
874 747 948 809 ὡς
981 745 1062 800 ἀεὶ
1090 746 1181 800 τὸν
1214 745 1415 821 τρόπον
1448 748 1547 814 τῆς
1596 745 1654 799 ἐκ
1702 745 1918 819 Πατρὸς
1968 744 2137 819 ὑπάρ-

492 839 624 910 ξεως
676 840 773 890 τοῦ
832 833 1146 907 Πνεύματος
1200 836 1297 903 τῆς
1352 838 1449 889 τοῦ
1507 832 1887 907 ἐκπορεύεσθαι
1943 853 2141 906 σημαι-

488 925 690 994 νούσ-ης
723 926 928 1001 φωνῆς,
964 923 1105 997 ὁμοῦ
1144 920 1201 977 δέ
1252 922 1336 977 ὅτι
1382 922 1472 977 καὶ
1524 919 1594 975 δι’
1652 923 1779 976 Υἲοῦ
1839 921 2138 998 ἐκφαίνεται

488 1013 583 1069 καὶ
631 1017 953 1092 φανεροῦται
998 1012 1061 1067 τὸ
1108 1011 1272 1065 αὐτοῦ
1320 1010 1381 1066 ἐκ
1430 1012 1647 1086 Πατρὸς
1712 1009 2138 1083 ἐκπορευόμενον

492 1107 891 1179 παριστῶντας,
933 1101 978 1155 εἰ
1034 1101 1123 1155 καὶ
1185 1101 1260 1174 μή
1315 1100 1379 1155 τὸ
1434 1103 1532 1169 τῆς
1586 1101 1940 1178 φανερώσεως
1999 1100 2139 1171 ὁμοῦ

488 1192 710 1247 ἐνταῦθα
736 1190 1049 1268 πρόσκειται
1098 1189 1269 1266 ῥῆμα,
1300 1191 1399 1259 τήν
1459 1190 1647 1265 χώραν
1704 1186 2140 1264 πεπληρωκότος

486 1285 583 1336 τοῦ
609 1281 819 1356 τρόπου
866 1284 962 1335 τοῦ
1022 1277 1335 1349 δηλωτικοῦ
1390 1285 1490 1348 τῆς
1552 1278 1847 1354 ὑπάρξεως.
1883 1276 1982 1331 Καὶ
2036 1278 2137 1353 γὰρ

489 1369 670 1446 ὥσπερ
725 1368 777 1424 ἐν
828 1369 1031 1446 ἑτέροις
1083 1365 1380 1440 ἐκλάμπειν
1436 1366 1688 1441 λέγοντες
1744 1366 1832 1421 καὶ
1892 1364 2139 1441 προϊέναι

487 1458 547 1515 ἐκ
594 1458 810 1535 Πατρὸς
856 1459 920 1514 τὸ
950 1462 1176 1530 Πνεῦμα
1203 1457 1266 1511 τὸ
1303 1458 1452 1532 ἅγιον
1487 1453 1556 1511 δι’
1607 1457 1756 1525 Υἰοῦ,
1785 1452 1987 1525 δηλοῦν
2041 1455 2135 1527 μὲν

486 1548 745 1621 ἐθέλομεν
806 1544 1268 1623 ὁμολογουμένως
1319 1548 1417 1616 τήν
1462 1550 1559 1601 τοῦ
1606 1544 1930 1617 ΙΙνεύματος
1979 1542 2135 1621 φανέ-

492 1657 657 1714 ρωσιν
713 1635 780 1691 δι’
808 1637 955 1692 Υἱοῦ.
988 1637 1045 1689 Ὀ
1091 1639 1217 1697 νοῦς
1267 1631 1325 1689 δὲ
1375 1636 1527 1707 ὅμως
1556 1634 1632 1695 εἰς
1664 1635 1762 1703 τὴν
1797 1627 1987 1701 εὐσεϐῆ
2017 1634 2140 1687 ἀνα.

485 1725 787 1804 φερόμενος
844 1721 1075 1793 ἔννοιαν,
1106 1729 1406 1778 συνεπινοεῖ
1453 1723 1513 1777 ἐκ
1567 1722 1782 1797 Πατρὸς
1835 1718 1979 1796 ἔχειν
2034 1722 2134 1789 τήν

483 1814 704 1891 ὕπαρξιν
753 1812 843 1867 καὶ
892 1813 992 1880 τὴν
1045 1811 1218 1866 αἰτίαν
1266 1817 1438 1866 πᾶσαν
1486 1815 1583 1866 τοῦ
1633 1809 1790 1878 εἶναι,
1820 1810 1883 1863 τὸ
1914 1806 1981 1863 δι’
2012 1809 2136 1862 Υἱοῦ

485 1900 771 1977 ἐκλάμπον
816 1921 874 1955 τε
921 1900 1012 1955 καὶ
1079 1900 1475 1975 φανερούμενον
1522 1904 1769 1972 Πνεῦμα,
1821 1897 1866 1953 εἰ
1912 1897 2003 1951 καὶ
2055 1897 2131 1969 μή

484 1992 790 2065 σημαντικὴ
847 1990 945 2045 τοῦ
985 1992 1084 2059 τῆς
1122 1989 1395 2066 ὑπάρξεως
1422 1988 1629 2065 τρόπου
1659 1991 1695 2057 ἡ
1738 1992 1836 2042 τοῦ
1882 1987 2127 2059 προϊέναι

480 2080 517 2150 ἢ
552 2079 846 2154 ἐκλάμπειν
889 2078 1000 2134 ἐστὶ
1058 2081 1234 2156 φωνή.
1268 2078 1421 2133 Οὕτω
1477 2075 1545 2147 δὴ
1600 2078 1689 2133 καὶ
1746 2074 2122 2152 ἐκπορεύεσθαι

484 2166 554 2223 δι’
584 2168 712 2223 Υἰοῦ
736 2169 798 2224 τὸ
846 2172 1069 2241 Πνεῦμα
1113 2168 1176 2222 τὸ
1228 2168 1381 2243 ἅγιον
1429 2165 1694 2243 λέγοντες,
1740 2167 1839 2234 τήν
1894 2164 1986 2238 μὲν
2027 2160 2119 2217 δύ-

477 2279 641 2332 ναμιν
670 2264 771 2328 τῆς
818 2261 915 2312 τοῦ
964 2257 1342 2334 ἐκπορεύεσθαι
1391 2257 1662 2330 σημασίας
1710 2260 1788 2327 τῷ
1837 2254 1988 2327 μόνῳ
2038 2251 2117 2306 αἲ-

476 2347 579 2421 τίῳ
654 2346 829 2422 Πατρὶ
900 2345 1377 2423 προσαρμόζομεν,
1436 2345 1524 2400 καὶ
1597 2346 1661 2399 τὸ
1716 2342 2116 2417 σημαινόμενον

473 2435 744 2501 κάνταῦθα
794 2435 969 2511 ὀρθῶς
1023 2440 1390 2511 συντηροῦμεν
1435 2437 1534 2503 τῆς
1592 2430 1788 2504 λέξεως
1836 2432 1972 2486 κατά
2016 2432 2115 2499 τὴν

473 2530 572 2580 τοῦ
630 2531 889 2600 Σωτῆρος
951 2521 1262 2599 θεολογίαν,
1296 2524 1395 2579 οὐκ
1449 2523 1536 2577 ἐπὶ
1586 2521 1843 2592 κοινωνίᾳ
1880 2517 1937 2575 δὲ
1968 2518 2119 2591 ὅμως

472 2621 575 2684 τῆς
628 2612 903 2690 ὑπάρξεως
947 2616 1015 2687 τῇ
1050 2610 1118 2667 δι’
1148 2614 1273 2667 Υἰοῦ
1330 2616 1485 2690 φωνῇ
1545 2611 1942 2687 ἀποχρώμεθα,
1993 2604 2119 2662 ἀλλ’

482 2703 583 2758 ὑπὸ
612 2705 711 2772 τῆς
755 2702 942 2778 ὑγιοῦς
987 2707 1093 2756 τῶν
1140 2699 1397 2777 Πατέρων
1446 2698 1813 2776 ὁδηγούμενοι
1864 2694 2118 2753 διδασκα-

477 2790 601 2854 λίας
651 2791 819 2866 ὑγιῶς
869 2792 983 2863 ἅμα
1031 2791 1177 2845 τοῦτ’
1210 2790 1339 2845 αὐτὸ
1385 2794 1804 2861 συνεπινοοῦμεν
1834 2786 1924 2842 καὶ
1955 2785 2119 2862 ἀσφα-

479 2878 609 2953 λῶς,
661 2878 793 2957 ὅπερ
870 2878 1093 2941 ἐκείνοις
1167 2878 1349 2941 αὐτοῖς
1401 2878 1453 2934 ἐν
1512 2879 1715 2955 ἑτέροις
1769 2877 2116 2951 τετράνωται·

478 2967 653 3024 ὅτιτὸ
683 2969 742 3025 ἐκ
789 2970 1007 3045 ΙΙατρὸς
1054 2967 1478 3043 ἐκπορευόμενον
1536 2971 1761 3040 Πνεῦμα
1819 2963 2118 3042 ἐκφαίνεται

476 3059 567 3112 καὶ
626 3057 694 3113 δι’
752 3059 876 3113 Υἱοῦ
950 3058 1040 3113 καὶ
1114 3062 1455 3136 φανεροῦται,
1510 3056 1599 3111 καὶ
1676 3054 1965 3127 ἐκλάμπει,
2029 3051 2119 3107 καὶ

477 3146 712 3223 πρόεισι.
765 3146 862 3202 Καί
918 3168 981 3222 γε
1033 3149 1179 3202 τοῦτ’
1235 3145 1363 3201 αὐτὸ
1423 3145 1798 3222 ἐναργέστερον
1857 3144 2121 3212 κατανοή-

478 3255 609 3308 σεις,
667 3240 747 3307 τῷ
798 3233 1021 3312 μεγάλῳ
1088 3238 1334 3314 φωστῆρι
1390 3232 1678 3310 Γρηγορίῳ
1733 3238 1812 3305 τῷ
1866 3237 1973 3287 τῶν
2012 3238 2116 3285 Νυ-

2249 660 2391 727 νοῦς,
2425 652 2550 710 οὐδέ
2594 677 2646 710 τι
2695 659 2803 709 τῶν
2869 656 2944 726 μή
3004 652 3391 729 προσηκόντων
3461 650 3668 721 ἐνόησε,
3700 650 3894 726 καίπερ

2247 749 2327 816 τῷ
2380 742 2587 822 σφόδρα
2643 743 3110 817 συνεσπειραμένῳ
3172 748 3274 811 τῆς
3345 739 3658 816 ἐξαγγελίας
3710 760 3891 794 στενο-

2250 833 2625 909 χωρούμενος,
2680 832 2916 906 μάλιστα
2973 829 3031 886 δέ
3086 831 3175 888 καὶ
3236 825 3524 905 ἐϐράϐευσε
3569 828 3752 890 καλῶς
3799 828 3890 882 καὶ

2251 919 2500 995 διέκρινε.
2535 922 2637 978 Καὶ
2698 923 2784 985 οἷς
2840 920 2899 976 έκ
2948 925 3045 975 τοῦ
3102 920 3323 995 πρώτου
3375 920 3465 973 τὸν
3520 919 3640 973 new
3688 916 3894 986 ἤκουσε

2248 1011 2337 1065 καὶ
2394 1010 2457 1066 τι)
2517 1016 2757 1083 Πνεῦμα,
2790 1011 2865 1072 ὡς
2923 1009 2974 1080 ἐξ
3032 1008 3202 1069 αἶτίας
3260 1007 3469 1080 ἐνόησε,
3500 1007 3588 1061 καὶ
3632 1008 3766 1079 μετά
3791 1010 3893 1061 τοῦ

2246 1100 2452 1175 τρόπου
2503 1104 2601 1169 τῆς
2667 1098 2803 1161 ἰδίας
2877 1098 3151 1174 ὑπάρξεως
3228 1098 3492 1173 ἑκάτερον.
3555 1097 3647 1158 Οἷς
3690 1093 3747 1151 δὶ
3802 1093 3894 1150 διὰ

2250 1194 2346 1244 τοῦ
2402 1191 2526 1244 Υἰοῦ
2569 1190 2632 1245 τὸ
2681 1192 2925 1261 Πνεῦμα,
2955 1188 3032 1249 εἰς
3079 1188 3177 1255 τὴν
3233 1185 3480 1264 ἔκφανσιν
3530 1182 3744 1239 ἀπεῖδεν
3794 1184 3891 1239 αὐ-

2246 1278 2389 1346 τίκα,
2417 1279 2505 1333 καὶ
2559 1280 2658 1349 τήν
2713 1276 2983 1351 ἔκλαμψιν
3041 1276 3130 1331 καὶ
3188 1274 3625 1354 φανέρωσιν,καὶ
3682 1274 3781 1329 ὅσα
3829 1296 3894 1350 γε

2249 1366 2458 1440 ὁμοίως
2519 1363 2588 1420 δι’
2641 1366 2767 1420 Υἰοῦ
2811 1367 2874 1421 τὸ
2924 1369 3149 1437 Πνεῦμα
3202 1363 3413 1441 λέγεται
3468 1363 3613 1439 παρά
3664 1384 3724 1418 τε
3771 1370 3892 1425 τοῖς

2249 1454 2444 1517 ἄλλοις
2477 1452 2785 1530 θεολόγοις,
2819 1454 2907 1509 καὶ
2948 1458 3027 1526 τῷ
3074 1452 3288 1524 Νύσσης
3337 1453 3498 1525 αὐτῷ.
3533 1454 3620 1514 Ὡς
3669 1450 3758 1507 οῦν
3803 1451 3889 1506 ἐν-

2244 1546 2415 1599 ταῦθα
2468 1552 2571 1613 τῆς
2628 1538 2895 1605 εὐσεϐείας
2955 1546 2991 1612 ἡ
3050 1540 3273 1615 δύναμις
3329 1540 3616 1616 διακρίνειν
3676 1538 3890 1612 δίδωσι,

2246 1631 2335 1687 καί
2391 1632 2453 1687 οὐ
2509 1638 2788 1708 συγχωρεῖ
2840 1631 3031 1707 πόρρω
3107 1630 3357 1708 φέρεσθαι
3407 1637 3507 1699 τῆς
3568 1630 3891 1705 ὀρθότητος,

2246 1721 2342 1776 κᾶν
2398 1722 2564 1798 μυρία
2614 1728 3020 1798 στενοχωρῆται
3063 1726 3183 1781 ταῖς
3233 1718 3458 1792 λέξεσιν,
3500 1718 3643 1775 οὕτω
3687 1718 3776 1774 καὶ
3824 1719 3896 1773 τὰ

2246 1811 2369 1886 περὶ
2411 1814 2511 1881 τήν
2564 1810 2717 1887 ῥῆσιν
2780 1809 2925 1880 ἄξιον
2976 1816 3301 1878 καταστῆναι
3349 1810 3448 1877 τὴν
3500 1806 3780 1885 λέγουσαν,
3832 1806 3897 1863 ἐκ

2242 1901 2460 1975 Πατρὸς
2511 1898 2581 1955 δι’
2640 1901 2693 1954 io
2781 1900 2843 1953 τὸ
2904 1904 3133 1971 Πνεῦμα
3189 1898 3253 1952 τὸ
3301 1900 3454 1972 ἅγιον
3518 1896 3893 1974 ἐκπορεύεται,

2238 1988 2326 2042 καὶ
2374 1990 2450 2060 μή
2497 1993 2578 2060 τῷ
2623 1991 2720 2057 τῆς
2783 1987 3079 2062 ἑρμηνείας
3126 1987 3580 2059 συνεστραμμένῷ
3631 1986 3709 2048 εἰς
3758 1986 3891 2063 σύγ-

2234 2097 2391 2152 χυσιν
2477 2077 2749 2133 ἐκπίπτειν
2828 2077 3123 2152 βιάζεσθαι.
3195 2074 3572 2151 Ἐκπορεύεται
3634 2077 3746 2151 γὰρ
3830 2075 3896 2130 ἐκ

2228 2179 2323 2223 τ’»ῡ
2378 2168 2592 2243 Πατρὸς
2638 2168 2699 2221 τὸ
2755 2170 2998 2237 Πνεῦμα,
3050 2164 3247 2229 ἐκεῖθεν
3301 2160 3433 2239 ἕχον
3503 2165 3605 2233 τὴν
3664 2164 3900 2244 ὕπαρξιν

2227 2259 2316 2312 καὶ
2372 2255 2544 2310 αἰτίαν
2597 2267 2692 2312 τοῦ
2750 2256 2903 2310 εἶναι.
2938 2254 3034 2307 Διά
3093 2250 3151 2307 δὲ
3226 2255 3319 2307 τοῦ
3370 2254 3512 2324 Υἱοῦ,
3542 2254 3595 2308 τί
3627 2255 3681 2329 γ’
3707 2252 3896 2333 ἕτερον

2227 2345 2493 2401 κάνταῦθα
2537 2345 2773 2414 νοήσεις,
2804 2343 2839 2412 ἢ
2892 2344 2966 2404 ὡς
3009 2342 3138 2397 αὐτὸ
3187 2340 3278 2397 διά
3322 2345 3416 2397 τοῦ
3462 2349 3761 2419 προσεχῶς
3805 2346 3901 2401 ἐν-

2226 2434 2503 2503 νενόηκας,
2537 2433 2627 2487 ὑπ⁹
2682 2432 2816 2506 αὐτῇ
2877 2452 2939 2507 γε
2997 2428 3308 2503 διδασκάλῳ
3362 2435 3433 2505 τῇ
3481 2431 3734 2506 ἀληθείᾳ,
3791 2436 3883 2490 καὶ

2225 2528 2304 2595 τῷ
2329 2523 2545 2593 Νύσσης
2594 2520 3134 2597 χειραγωγούμενος
3182 2516 3497 2591 ἐννενόηκας
3555 2518 3612 2576 δὲ
3655 2520 3863 2594 δήπου,

2246 2612 2353 2689 οὐχ
2382 2611 2457 2674 ὡς
2492 2611 2713 2685 ὕπαρξιν
2746 2610 2836 2665 καὶ
2865 2610 2927 2665 τὸ
2960 2610 3087 2664 εἰνα⁹
3135 2606 3224 2663 διὰ
3268 2622 3364 2667 τοῦ
3412 2610 3534 2665 Υἰοῦ
3575 2620 3670 2666 τοῦ
3721 2613 3900 2669 ΙΙνεύ-

2252 2722 2424 2774 ματος
2480 2696 2720 2776 ἕχοντος,
2776 2700 2852 2762 ὡς
2911 2696 2957 2753 δ’
3016 2697 3392 2772 ἐκλάμποντος
3456 2696 3526 2753 δι’
3584 2700 3745 2755 αὐτοῦ
3799 2719 3895 2772 καὶ

2228 2790 2555 2868 πεφηνότος,
2590 2788 2743 2862 μόνῳ
2774 2786 2995 2850 δικαίως
3028 2787 3087 2842 ἐκ
3114 2786 3330 2843 τούτων
3378 2790 3478 2857 τήν
3534 2789 3706 2844 αἰτίαν
3762 2792 3893 2847 ἀνα-

2226 2878 2615 2952 τιθέμενοςτῷ
2644 2877 2838 2953 Πατρί.
2872 2877 3035 2953 Φέρει
3090 2876 3273 2951 μέντοι
3323 2882 3506 2953 σαφῶς
3561 2878 3637 2941 εἰς
3692 2885 3892 2965 τοῦτο⁹

2227 2968 2317 3023 καὶ
2346 2966 2478 3044 ὅπερ
2505 2966 2663 3029 αὐτὸς
2708 2967 2877 3045 οὑτος
2902 2967 2931 3020 ὁ
2962 2965 3178 3036 Νύσσης
3228 2965 3531 3042 Γρηγόριος
3579 2965 3630 3021 ἐν
3678 2967 3886 3044 ἑτέροις

2233 3057 2416 3136 φησίν.
2449 3056 2559 3111 Οὐκ
2589 3057 2791 3132 ἀνάγκη
2825 3062 2968 3110 πᾶσα
3011 3059 3082 3128 τῇ
3134 3054 3301 3109 εἰκόνι
3352 3053 3710 3119 δουλεύοντας
3758 3055 3882 3111 δοῦ-

2228 3168 2311 3201 ναι
2364 3152 2480 3208 τοῖς
2541 3144 2898 3223 συκοφάνταις
2959 3139 3131 3212 λαϐήν
3166 3142 3216 3198 ἐν
3248 3147 3317 3218 τῇ
3363 3156 3457 3200 τοῦ
3490 3143 3890 3222 ὑποδείγματπ

2231 3235 2449 3307 ἀτονίᾳ.
2484 3234 2628 3311 Οὐχὶ
2659 3234 2851 3289 ἀκτῖνα
2900 3232 2959 3288 ἐκ
3003 3237 3097 3288 τοῦ
3139 3232 3302 3302 ἡλίου
3345 3236 3633 3307 νοήσομεν,
3666 3233 3790 3290 ἀλλ’
3839 3234 3891 3307 ἐξ

481 3325 650 3379 σαέων
679 3326 901 3397 ποιμένι
931 3325 1247 3401 προσσχών.
1279 3328 1384 3379 Τοῦ
1432 3324 1482 3394 ἐξ
1530 3322 1701 3384 αἰτίας
1752 3317 1927 3393 ὄντος,
1959 3319 2120 3398 φησὶν
2153 3319 2197 3387 C
2234 3324 2534 3401 ἀγεννήτου
2563 3323 2728 3393 ἡλίου
2760 3321 2931 3377 ἄλλον
2965 3321 3127 3391 ⁴ἥλιον
3166 3322 3259 3376 τὸν
3305 3322 3449 3395 Γίὸν,
3481 3322 3636 3396 ὅμως
3679 3328 3749 3398 τῇ
3791 3330 3892 3380 τοῦ

481 3419 680 3487 κεῖνος,
747 3411 924 3485 ἄλλην
1002 3411 1260 3492 διαφορὰν
1340 3411 1651 3486 ἐννοοῦμεν.
1708 3412 1779 3465 Τὸ
1878 3410 1973 3483 μὶν
2029 3410 2133 3484 γὰρ

476 3501 788 3579 ἐπροσεχῶς
838 3501 898 3557 ἐκ
950 3506 1047 3556 τοῦ
1102 3502 1322 3576 πρώτου
1370 3506 1657 3578 προσεχῶς
1690 3499 1749 3554 ἐκ
1773 3504 1869 3554 τοῦ
1920 3498 2132 3574 Πατρὸς

472 3591 565 3645 τὸν
636 3590 759 3645 Υἰόν
828 3612 988 3668 φησιν
1048 3590 1201 3648 εἶναι.
1235 3589 1461 3651 Πάντως
1517 3586 1987 3665 γεννητῶς,φησῖ,
2045 3608 2133 3641 νο-

496 3677 729 3752 ουμένου
778 3679 866 3733 καὶ
913 3684 1010 3734 τοῦ
1055 3687 1155 3749 τῆς
1207 3679 1479 3755 ὑπάρξεως
1533 3680 1645 3752 ἅμα
1691 3678 1917 3754 τρόπου,
1951 3676 1996 3730 εἰ
2042 3677 2131 3731 καὶ

497 3768 574 3840 μὴ
609 3765 909 3844 διαρρήδην
939 3774 1058 3829 ταῖς
1092 3765 1263 3839 λέξεσι
1295 3769 1626 3845 πρόσκειται.
1658 3768 1729 3821 Τὸ
1771 3764 1828 3820 δὲ
1882 3770 2125 3838 Πνεῦμα,

485 3855 576 3909 καὶ
626 3855 757 3911 αὐτὸ
808 3856 868 3911 ἐκ
919 3861 1016 3911 τοῦ
1084 3857 1328 3932 πρώτου,
1398 3856 1581 3935 φησίν.
1643 3857 2013 3927 Ἐκπορευτῶς
2072 3852 2129 3907 δὲ.

487 3944 705 4007 πάντως
750 3945 839 3999 καὶ
886 3945 1046 4000 τοῦτό
1106 3966 1290 4023 φησιν,
1324 3947 1398 4007 ὡς
1448 3946 1539 4000 τὸν
1570 3946 1671 4015 τῆς
1706 3944 1978 4020 ὑπάρξεως
2008 3944 2128 3997 κάν-

480 4037 650 4097 ταῦθα
703 4036 937 4089 νοεῖσθαι
995 4035 1217 4111 τρόπον,
1275 4034 1365 4088 καὶ
1428 4036 1505 4107 μὴ
1561 4039 1631 4108 τῇ
1688 4033 1827 4103 λέξει
1878 4032 2125 4108 προσκεί-

473 4142 652 4195 μενον.
687 4120 866 4177 Ἀλλά
896 4123 986 4178 καὶ
1020 4121 1109 4178 διὰ
1146 4128 1243 4178 τοῦ
1292 4128 1584 4200 προσεχῶς
1627 4122 1686 4177 ἐκ
1730 4127 1828 4177 τοῦ
1875 4121 2123 4195 Πνεύμα-

465 4231 560 4273 τος
619 4232 750 4286 φησι
801 4212 864 4266 τὸ
913 4216 1159 4285 Πνεῦμα.
1201 4212 1262 4266 Τί
1312 4233 1420 4282 σοι,
1465 4212 1600 4284 πρὸς
1651 4216 1805 4278 Θεοῦ,
1853 4211 2122 4265 κάνταῦθα

468 4296 657 4354 δίδωσι
702 4305 844 4355 νοεῖν
887 4301 951 4355 τὸ
1002 4298 1091 4355 διὰ
1137 4305 1233 4355 τοῦ
1262 4304 1552 4377 προσεχῶς
1581 4319 1595 4367 ;
1627 4301 1714 4369 Μὴ
1770 4299 1854 4354 ὅτι
1906 4299 2122 4377 ὑφίστα-

463 4408 550 4442 ται
599 4388 689 4442 καῖ
739 4386 855 4465 ἔχει
895 4390 958 4445 τὸ
1010 4389 1143 4444 εἶναι
1194 4388 1258 4445 τὸ
1302 4394 1527 4461 Πνεῦμα
1566 4386 1655 4443 διά
1681 4393 1778 4443 τοῦ
1810 4389 1973 4455 Υἰοῦ;
2008 4388 2118 4442 Οὐκ

468 4476 608 4551 ἐρεῖς
674 4477 879 4540 οὕτως·
940 4476 1066 4533 ἀλλ’
1132 4478 1214 4533 ὅτι
1302 4476 1595 4552 ἐκλάμπει,
1649 4480 1787 4553 ᾗπερ
1861 4476 2114 4552 ἀλλαχοῦ

468 4565 629 4644 φησὶν
663 4565 847 4639 αὐτὸς,
881 4567 971 4622 καὶ
1001 4572 1318 4646 φανεροῦται
1343 4568 1432 4622 καὶ
1460 4566 1692 4642 πρόεισι.

2246 3415 2468 3489 πρώτου
2543 3412 2773 3485 ἐπινοίᾳ,
2843 3417 3115 3488 γεννητῶς
3199 3411 3345 3483 αὐτῷ
3422 3410 3887 3487 συνεκλάμποντα,

2242 3503 2331 3558 καὶ
2390 3502 2526 3557 κατὰ
2582 3503 2755 3557 πάντα
2812 3500 3072 3563 ὡσαύτως
3128 3499 3344 3577 ἔχοντα,
3392 3500 3607 3574 κάλλει,
3642 3500 3886 3577 δυνάμει,

2243 3588 2578 3664 λαμπηδόνι,
2630 3591 2858 3666 μεγέθει,
2919 3588 3260 3668 φαιδρότητι,
3305 3590 3394 3645 καὶ
3459 3596 3619 3645 πᾶσιν
3694 3592 3887 3656 ἁπλῶς

2237 3686 2354 3741 τοῖς
2383 3678 2505 3756 περὶ
2534 3680 2627 3734 τὸν
2665 3677 2827 3748 ἥλιον
2879 3677 3297 3754 θεωρουμένοις.
3332 3678 3429 3733 Καὶ
3489 3678 3651 3734 πάλιν
3701 3677 3883 3755 ἕτερον

2235 3775 2480 3824 τοιοῦτον
2540 3771 2653 3845 φῶς
2701 3768 2763 3821 τὸ
2813 3769 3032 3839 Πνεῦμα
3063 3767 3199 3821 κατά
3241 3764 3333 3821 τόν
3375 3767 3533 3822 αὐτὸν
3563 3768 3786 3844 τρόπον,
3821 3769 3885 3825 οὑ

2236 3862 2483 3934 χρονικῷ
2512 3878 2616 3911 τιν·
2651 3853 2978 3928 διαστήματι
3009 3857 3102 3910 τοῦ
3150 3859 3408 3930 γεννητοῦ
3460 3858 3640 3934 φωτὸς
3684 3858 3883 3913 ἀποτε-

2241 3945 2528 4020 μνόμενον,
2561 3944 2708 4001 ἀλλά
2738 3942 2807 3998 δι’
2838 3945 3001 3999 αὐτοῦ
3055 3945 3147 4018 μὲν
3201 3943 3502 4018 ἐκλάμπον,
3532 3947 3632 4014 τήν
3686 3944 3743 4000 δέ
3780 3953 3881 4016 τῆς

2236 4036 2580 4098 ὑποστάσεως
2627 4034 2799 4088 αἰτίαν
2843 4032 2969 4110 ἕχον
3021 4032 3080 4087 ἐκ
3124 4037 3217 4088 τοῦ
3267 4034 3629 4109 πρωτοτύπου
3675 4036 3878 4113 φωτός.

2234 4126 2382 4179 ”Ωστ’
2412 4121 2560 4199 εἷ’περ
2617 4122 2736 4178 λίαν
2786 4127 3061 4199 πατρικῶς
3108 4126 3276 4177 ταῦτα
3319 4123 3408 4177 καὶ
3460 4119 3691 4187 εὐσεϐῶς
3738 4122 3881 4201 ἔχει,

2228 4214 2449 4290 καὶγὰρ
2484 4212 2707 4282 ἀληθῶς
2764 4211 2901 4288 ἔχει,
2935 4213 2998 4267 τὸ
3031 4209 3087 4266 δέ
3131 4232 3193 4286 γε
3258 4213 3289 4265 ι’
3340 4213 3462 4266 Υἱοῦ
3516 4211 3882 4289 ἀνομολογεῖν

2229 4302 2452 4379 ὕπαρξιν
2499 4300 2644 4377 ἔχειν
2697 4302 2760 4356 τὸ
2803 4303 3025 4374 Πνεῦμα
3072 4302 3134 4355 τὸ
3177 4302 3351 4376 ἅγιον.
3404 4300 3882 4380 βλασφημοῦντες,

2226 4392 2316 4445 καὶ
2364 4392 2543 4462 ,πάντη
2592 4398 2691 4460 τῆς
2741 4384 2994 4451 εὐσεϐοῦς
3040 4388 3368 4461 Ἐκκλησίας
3416 4389 3731 4467 ἀλλότριον,
3771 4398 3883 4448 ποῦ

2226 4478 2441 4535 δίκαιον
2522 4478 2591 4535 δι’
2648 4480 2769 4534 Υἱοῦ
2831 4479 3208 4554 ἐκπορεύεσθαι
3278 4480 3341 4534 τὸ
3411 4484 3656 4554 Πνεῦμα,
3730 4486 3883 4559 παρά

2232 4591 2339 4625 τισι
2408 4573 2513 4623 τῶν
2593 4569 2755 4645 ἁγίων
2831 4568 3117 4643 εἰρημένον
3197 4567 3506 4642 ἀκούοντας,
3566 4571 3641 4643 μὴ
3700 4591 3879 4645 παρα-

540 4652 698 4751 Πλὴν
757 4655 905 4731 ἄθρει
937 4653 1031 4751 -δή
1064 4656 1165 4751 ,ὡς
1212 4653 1353 4751 τῶδε
1408 4653 1766 4751 τῷῃθεολόγῳ
1797 4655 1883 4751 ἐπὶ
1914 4657 2107 4751 πάσαις
2145 4686 2195 4751 D
2234 4661 2427 4735 ’χρῆμα
2480 4656 2812 4751 λογίζεσθαι,
2847 4656 2953 4732 οὐχ
3010 4657 3086 4719 ὡς
3143 4657 3364 4733 ὕπαρξιν
3419 4659 3470 4711 οἱ
3525 4665 3626 4728 τῆς
3684 4661 3878 4736 φωνῆς

465 4740 684 4806 ταύταις
737 4750 856 4806 ταῖς
933 4744 1160 4807 ἐννοίαις
1218 4745 1391 4807 οὕτως
1448 4743 1629 4806 οῦσαις
1687 4742 1963 4820 διαφόροις
2016 4744 2113 4817 μία

468 4852 553 4894 τις
601 4832 835 4906 ἀπεδόθη
872 4831 1145 4910 θεολογία,
1179 4835 1269 4889 καὶ
1320 4834 1381 4889 οὐ
1439 4834 1585 4909 παρὰ
1632 4838 1794 4889 τοῦτο
1823 4835 1857 4902 ἡ
1892 4829 2114 4903 εὐσεϐὴς

470 4917 677 4977 διάνοια
735 4921 1071 4979 διαστέλλειν
1128 4923 1457 4995 κεκώλυται,
1517 4922 1703 4998 ὅτιπερ
1760 4920 2016 5000 διάφορον
2054 4925 2112 4979 ’ὸν

468 5005 759 5083 διακρίνειν
813 5008 949 5081 δέον,
998 5010 1151 5084 ὅμως
1209 5015 1441 5083 συνῆψεν
1489 5012 1517 5064 ὁ
1558 5009 1745 5086 λόγος,
1777 5011 1865 5064 καὶ
1926 5010 1999 5073 εἰς
2054 5010 2109 5065 ’ἐν

467 5096 520 5152 ἐν
575 5102 642 5173 τῇ
704 5098 990 5175 ἐξαγγελίᾳ
1047 5102 1363 5177 συνήγαγεν.
1395 5097 1518 5155 Οἰδε
1572 5100 1673 5176 γὰρ
1722 5101 1749 5154 ὁ
1795 5098 2111 5175 θεολογικὸς

464 5191 590 5248 νοῦς
644 5188 735 5243 τὸν
794 5188 913 5246 Υἱὸν
964 5189 1023 5243 ἐκ
1053 5193 1161 5261 ,τοῦ
1218 5190 1433 5265 Πατρὸς
1490 5189 1831 5265 γεννηθέντα,
1870 5189 1959 5243 καὶ
2009 5191 2108 5259 τὴν

467 5275 690 5350 ὕπαρξιν
735 5276 1026 5353 ἐσχηκότα.
1079 5278 1174 5333 Καὶ
1217 5278 1399 5341 καλῶς
1468 5276 1670 5354 ε’ίρηκε,
1716 5283 2005 5354 προσεχῶς
2054 5278 2113 5334 ἐκ

462 5369 562 5421 τοῦ
618 5367 862 5444 πρώτου.
894 5364 1021 5422 Οἰδε
1075 5367 1164 5422 καὶ
1195 5370 1257 5422 τὸ
1287 5372 1507 5441 Πνεῦμα
1554 5367 1613 5423 ἐκ
1656 5372 1753 5422 τοῦ
1810 5367 1973 5422 αὐτοῦ
2006 5375 2110 5424 Πε-

463 5455 594 5531 τρὸς
629 5456 1079 5532 ἐκπορευόμενον,
1109 5456 1198 5511 καὶ
1244 5458 1342 5526 τήν
1389 5457 1609 5532 ὕπαρξιν
1664 5456 1922 5532 ἐσχηκός.
1955 5455 2107 5513 Οἶδεν

466 5545 579 5617 ἅμα
634 5547 778 5599 τοῦτ’
811 5545 939 5600 αὐτὸ
992 5545 1081 5600 καὶ
1142 5543 1230 5600 διὰ
1275 5551 1371 5600 τοῦ
1416 5548 1560 5615 Υἲοῦ,
1596 5544 1720 5601 ἀλλ’
1752 5546 1859 5622 οὐχ
1888 5546 1959 5608 ὡς
1994 5547 2109 5626 ὑφι-

463 5634 725 5708 στάμενον
757 5634 845 5689 καὶ
878 5633 1098 5711 ὕπαρξιν
1150 5632 1279 5710 ἔχον
1317 5632 1406 5688 διὰ
1448 5639 1546 5689 τοῦ
1580 5636 1721 5709 Γίοῦ,
1755 5635 1799 5690 εἰ
1846 5636 1934 5690 καὶ
1980 5658 2108 5691 συν-

463 5746 498 5798 η
511 5724 723 5802 μμένην
755 5722 899 5782 οὕτω
925 5725 1026 5798 τὴν
1056 5724 1212 5806 ῥῆσιν
1245 5723 1505 5806 ἐπήγαγε,
1538 5721 1627 5780 διὰ
1670 5728 1767 5780 τοῦ
1817 5730 2106 5813 προσεχῶς

2231 4746 2431 4817 ταύτης
2466 4745 2702 4822 Πατέρες
2736 4743 2824 4799 διὰ
2851 4748 2945 4799 τοῦ
2980 4745 3105 4799 Υἰοῦ
3134 4750 3212 4817 τῷ
3256 4746 3397 4821 ἁγίῳ
3440 4744 3649 4801 διδόασι
3705 4749 3879 4804 ΙΙνεύ-

2231 4856 2381 4907 ματι,
2414 4832 2508 4888 κᾶν
2567 4835 2649 4889 ὅτι
2712 4832 2947 4907 μάλιστα
2998 4834 3072 4896 εἰς
3135 4835 3406 4912 ὑπάρξεως
3461 4835 3661 4912 τρόπον
3712 4839 3748 4907 ἡ
3782 4837 3876 4892 ἐκ-

2227 4923 2481 4999 πόρευσις
2539 4921 2835 4993 εἷ’ληπται;
2886 4921 2959 4976 Οὐ
3015 4924 3115 5000 γὰρ
3172 4923 3384 4985 πάντως
3458 4924 3652 4987 αὐτοὺς
3726 4926 3877 4981 τοῦτ’

2224 5013 2505 5088 εἰρηκότας
2585 5011 3032 5089 ἐξοστρακίσομεν
3116 5015 3211 5067 τοῦ
3281 5018 3385 5067 τῶν
3447 5014 3613 5087 ἁγίων
3675 5023 3872 5089 χοροῦ,

2223 5100 2337 5157 οὐδ’
2366 5101 2429 5156 αῦ
2489 5101 2661 5156 αὐτῶν
2718 5102 2812 5163 τὰς
2874 5101 3054 5179 φωνὰς
3112 5102 3188 5163 ὡς
3238 5101 3337 5156 οὐκ
3366 5097 3671 5178 εὐσεϐῶςέγ
3708 5102 3875 5167 ούσας

2223 5190 2649 5268 διαγραψόμεθα,
2680 5189 2819 5267 ᾖπέρ
2863 5212 2946 5253 τις
2996 5188 3096 5269 ἔφη
3146 5195 3251 5245 τῶν
3297 5193 3467 5246 πάντα
3515 5191 3664 5265 τολμ
3718 5213 3876 5249 ιντων

2222 5282 2272 5352 ἐξ
2303 5281 2520 5357 ἀγνοίας
2571 5280 2659 5335 καὶ
2717 5279 2967 5356 πράττειν
3027 5280 3115 5335 καὶ
3170 5281 3511 5359 φθέγγεσθαι.
3544 5279 3715 5337 Ἀλλ)
3775 5282 3870 5337 καὶ

2221 5371 2374 5426 αὐτοί
2402 5392 2461 5447 γε
2516 5372 2657 5446 ἅγιοι
2700 5372 2836 5443 ἡμῖν
2897 5368 3123 5443 ἔσονται,
3157 5372 3236 5425 ἅτ’
3268 5367 3537 5433 εὐσεϐείας
3588 5370 3679 5425 καὶ
3737 5372 3873 5425 πάν-

2217 5482 2323 5516 των
2385 5458 2701 5514 διδάσκαλοι
2759 5463 2865 5514 τῶν
2899 5459 3079 5515 καλῶν
3108 5478 3119 5489 ⁸
3169 5460 3258 5515 καὶ
3290 5461 3427 5537 πρὸς
3456 5463 3553 5529 τήν
3588 5459 3870 5537 ὀρθότητα

2215 5553 2314 5619 τῆς
2374 5554 2517 5627 σφῶν
2574 5546 2809 5610 διανοίας
2861 5550 3090 5622 ὁρῶντες
3139 5552 3325 5623 ἡμεῖς,
3362 5547 3486 5605 οὐδὲ
3532 5551 3627 5612 τὰς
3676 5549 3865 5627 φωνάς

2216 5639 2389 5694 αὐτῶν
2456 5638 2810 5711 ἀθετήσομεν,
2869 5636 2958 5692 διὰ
3014 5638 3227 5694 πάντων
3294 5645 3407 5700 τοῖς
3459 5637 3701 5715 Πατράσι
3764 5660 3865 5717 φυ-

2216 5726 2505 5792 λάσσοντες
2564 5728 2627 5784 τὸ
2684 5722 2999 5804 σεϐάσμιον.
3032 5728 3509 5808 Ἀπαραποιήτους
3563 5730 3859 5808 τοιγαροῦν
