4118 6470
210 482 308 541 265

1430 480 1766 541 SCRIPTA
1810 480 2116 541 APOLOG
2132 480 2379 541 ETlCA.

3489 478 3609 540 266

210 607 285 664 διὰ
337 612 515 664 ταῦτα
571 609 924 688 προφέρομεν
982 609 1154 665 αὐτῶν
1226 609 1323 671 τὰς
1381 630 1582 686 φωνας,
1641 609 1856 663 ἀνοθεύ-
1889 608 2189 678 Ατισκίων
2255 605 2430 664 ἕνεκεν
2498 609 2876 684 ἐταζομένους,
2935 609 2981 665 εἷ
3056 611 3132 681 μὴ
3211 609 3275 665 τὸ
3351 607 3606 686 ἐκφαίνω,

205 720 314 760 τους
359 698 452 753 καὶ
502 700 603 760 τάς
653 696 897 761 διανοίας
942 697 1303 777 φυλάττομεν.
1336 697 1495 755 ’Όθεν
1524 698 1615 752 καὶ
1670 696 1856 773 λεγόν-

207 808 296 842 των
346 786 596 858 ἐκείνων,
649 790 728 842 Δι’
767 789 901 842 Υἱοῦ
947 791 1013 843 τὸ
1060 791 1280 860 Πνεῦμα
1331 786 1391 840 τὸ
1439 787 1591 862 ἅγιον
1642 785 1703 841 ἐκ
1747 792 1857 841 Πα-

206 878 313 950 τρὸς
383 875 767 953 ἐκπορεύεται,
830 875 1061 953 λέγομεν
1112 875 1202 931 καὶ
1270 877 1436 949 ἡμεῖς
1495 874 1571 938 ὡς
1640 874 1856 946 ἐκεῖνοι,

209 967 419 1020 Δι’Υίοῦ
463 966 531 1020 τὸ
590 970 815 1038 Πνεῦμα
860 967 924 1020 τὸ
974 967 1123 1042 ἅγιον
1176 963 1543 1039 ἐγπορεύεται.
1573 962 1856 1020 Νοούντων

215 1052 259 1109 δὲ
299 1053 469 1110 πάλιν
519 1052 759 1131 ὕπαρκιν
808 1059 888 1126 τῷ
934 1054 1076 1130 ἀγίῳ
1126 1052 1400 1123 Πνεύματι
1458 1053 1549 1108 καὶ
1619 1050 1855 1129 πρόοδον

211 1144 274 1205 εἰς
314 1145 377 1199 τὸ
427 1143 577 1199 εἶναι
625 1143 688 1198 ἐκ
729 1148 830 1198 τοῦ
880 1141 1112 1219 “mf/6:,
1163 1141 1406 1221 ἕκφανσιν
1477 1138 1554 1213 δὲ,
1614 1140 1859 1219 φανέρω-

219 1254 308 1301 σιν,
364 1230 652 1306 ἔκλαμψιν
731 1230 821 1287 διὰ
883 1237 985 1286 τοῦ
1046 1232 1194 1300 Υἱοῦ,
1264 1231 1407 1286 οὕτω
1475 1234 1706 1303 νοοῦμεν
1769 1228 1859 1285 καὶ

211 1325 506 1400 φρονοῦμεν
564 1324 757 1394 ἡμεῖς,
816 1321 906 1376 καὶ
962 1318 1113 1375 οὐδὲν
1181 1319 1322 1375 οὕτω
1399 1322 1738 1398 φρονοῦντες,
1787 1322 1858 1394 τῇ

207 1418 291 1481 τῆς
355 1409 742 1484 ἐκπορεύσεως
793 1409 968 1485 ῥήσει,
1024 1409 1225 1485 τρόπον
1280 1416 1382 1479 τῆς
1435 1407 1710 1482 ὑπάρξεως
1760 1429 1858 1478 ση-

214 1499 489 1574 μαινούσῃ,
541 1494 944 1571 λυμαινόμεθα.
994 1500 1064 1552 Τὸ
1136 1498 1315 1553 τοίνυν
1386 1494 1456 1552 δι’
1510 1498 1637 1552 Υῖοῦ
1706 1495 1863 1553 ἐκπο-

211 1587 443 1664 ρεύεσθαι
490 1587 558 1643 τὸ
611 1592 854 1659 Πνεῦμα,
904 1586 1036 1663 ὅπερ
1087 1586 1234 1642 εἷπον
1286 1585 1460 1656 αὐτοὶ,
1510 1585 1611 1641 οὐκ
1657 1586 1715 1641 ἂν
1774 1583 1859 1658 εί¹η

208 1679 257 1733 τὸ
300 1676 369 1732 δι’
419 1677 556 1736 Υἱοῦ
608 1678 710 1746 τήν
760 1675 984 1752 ὕπαρξιν
1042 1673 1187 1751 ἔχειν
1255 1680 1544 1749 σημαῖνον.
1586 1674 1653 1730 Εἰ
1701 1672 1759 1730 δέ
1801 1696 1863 1751 γε

216 1766 490 1839 πημαίνειν
518 1765 674 1844 φατὲ,
708 1763 763 1819 τί
798 1767 872 1837 μὴ
903 1762 1079 1840 δόγμα
1117 1763 1321 1820 τίθεταί
1366 1785 1450 1827 τις
1502 1763 1654 1837 ὑμῶν
1701 1768 1860 1819 τοῦτο

208 1858 292 1923 τῆς
344 1853 708 1925 Ἐκκλησίας,
760 1850 906 1930 λέγω
970 1850 1038 1921 δὴ
1101 1854 1165 1908 τὸ
1216 1850 1286 1908 δι’
1334 1853 1462 1907 Υἱοῦ
1509 1853 1610 1921 τήν
1675 1851 1753 1914 εἰς
1797 1851 1862 1907 τὸ

1967 696 2095 752 αὐτό
2144 718 2207 774 γε
2248 698 2561 776 προχείρως
2604 701 2666 754 τὸ
2706 703 2939 779 φανερῶ,
2973 698 3102 774 οὐχὶ
3154 697 3212 754 δὲ
3254 698 3318 754 τὸ
3377 698 3608 774 ὑπάρχω

1968 786 2249 860 σημαίνειν
2305 789 2645 864 γινώσκεται,
2695 788 2770 850 ὡς
2817 788 3046 859 ἀνόητον
3094 791 3185 843 καὶ
3247 784 3449 842 οἷέσθαι
3509 787 3608 861 μό-

1967 897 2079 945 νον,
2113 874 2253 931 ἅλλο
2308 897 2360 930 τι
2390 878 2518 953 παρ’
2572 877 2703 932 αὐτό
2757 898 2818 953 γε
2875 876 3176 958 σημαίνειν,
3210 874 3356 952 τάχα
3407 896 3469 952 γε
3502 876 3607 949 μὴν

1966 963 2548 1043 προσφιλητιμούμενα
2606 962 2859 1043 μειράκια
2920 965 3009 1021 καὶ
3084 963 3140 1022 ἓν
3206 960 3377 1039 ὄνομα
3450 966 3613 1039 γινώ-

1970 1073 2112 1108 σκειν
2169 1050 2367 1109 εἷ’ποιεν
2424 1053 2484 1109 ἃν
2537 1058 2645 1109 τῶν
2702 1054 2961 1131 ῥημάτων
3018 1054 3222 1110 τούτων
3273 1052 3455 1131 ὥσπερ
3516 1053 3614 1129 ἀρ-

1967 1143 2096 1219 χήν.
2129 1141 2279 1197 Εἶναι
2335 1140 2393 1197 δὲ
2427 1144 2527 1212 τήν
2588 1145 2763 1220 ἀρχὴν
2823 1144 3019 1215 ταύτην
3069 1145 3131 1199 τὸ
3184 1144 3320 1222 φάος
3375 1142 3527 1212 αὐτὸ,
3561 1141 3613 1213 ἐξ

1971 1230 2134 1306 οὗπερ
2190 1234 2358 1286 ταῦτα
2419 1233 2518 1301 τήν
2566 1234 2790 1306 πρώτην
2871 1233 3169 1303 κεκίνηται.
3225 1232 3339 1288 Τίνι
3414 1230 3611 1289 λοιπὸν

1968 1319 2136 1395 τέχνῃ
2188 1340 2272 1381 τις
2324 1320 2663 1396 κεχρημένος
2718 1322 2817 1390 τὴν
2876 1320 3123 1399 ἕκφανσιν
3155 1322 3230 1384 ὡς
3259 1320 3480 1398 ὕπαρξιν
3531 1319 3614 1375 ἀεὶ

1968 1412 2112 1463 νοεῖν
2167 1409 2304 1481 ἡμῖν
2369 1408 2600 1480 ἐπιτάξει
2647 1428 2661 1479 ;
2721 1410 3060 1486 Ἐχρήσαντο
3124 1410 3217 1485 μὶν
3295 1408 3410 1482 οὖν,
3470 1406 3611 1482 οῖδα,

1968 1496 2112 1558 τινὲς
2166 1496 2279 1551 ἀνθ’
2308 1497 2491 1572 ἐτέρου
2548 1497 2772 1575 θατέρῳ’
2829 1498 2919 1554 καὶ
2977 1498 3200 1575 ὕπαρξιν
3248 1496 3423 1575 λέγειν
3484 1499 3612 1574 βου-

1970 1581 2219 1658 λόμενοι,
2279 1586 2376 1654 τὴν
2439 1580 2688 1664 ἔκφανσιν
2749 1586 2823 1649 ὡς
2884 1586 3107 1665 ὕπαρξιν
3184 1585 3400 1665 ἔφασαν.
3455 1584 3649 1642 ’Δλλἰ

1971 1671 2111 1728 ἔστιν
2162 1673 2251 1729 ὅτε
2305 1675 2395 1729 καὶ
2450 1679 2580 1743 ποῦ,
2612 1673 2737 1739 ἔνθα
2795 1673 3074 1749 δηλονότι,
3108 1675 3169 1731 ού
3218 1677 3319 1752 γὰρ
3349 1674 3611 1754 ἀφέξομαι

1968 1761 2036 1817 τά
2081 1761 2215 1818 αὐτὰ
2259 1762 2437 1839 λέγειν
2489 1761 2782 1833 πολλάκις,
2835 1763 2955 1835 ἐξῆν
3029 1764 3310 1836 ἀληθεύειν
3362 1763 3609 1841 ἑκάτερον

1969 1851 2059 1905 καὶ
2094 1846 2526 1926 μεταλαμϐάνειν
2556 1852 2624 1922 ἧν
2656 1851 2716 1907 ἐκ
2748 1860 2848 1923 τῆς
2896 1850 3202 1930 συνδρομῆς
3258 1853 3354 1917 τὰς
3405 1854 3609 1932 φωνὰς,

210 1944 329 1999 εἶναι
376 1940 626 2019 πρόοδον
676 1940 824 2018 ἔχειν
872 1940 936 1997 τό
989 1941 1209 2015 Πνεῦμά
1250 1943 1314 1997 τὸ
1357 1942 1512 2016 ἅγιον
1540 1958 1555 2010 ;
1585 1940 1638 1995 τί
1668 1938 1727 1996 δὲ
1770 1940 1861 1996 καὶ
1892 1980 1940 2046 Β
1971 1938 2034 1994 ού
2095 1941 2201 2013 μὴν
2261 1938 2309 1995 δ’
2340 1942 2653 2018 ἁπανταχοῦ
2690 1942 2779 1997 καὶ
2835 1942 2936 1999 ἀεί.
2988 1943 3149 1998 Οὗτοι
3210 1940 3286 2016 δὲ,
3347 1940 3496 2018 λέγω
3554 1940 3613 1997 δὲ

211 2032 404 2046 ...ι
672 2032 811 2046 ,ηρ
1059 2031 1153 2046 ..,
1364 2028 1462 2046 ..ρ
2038 2028 2172 2046 ι,
2402 2033 2413 2046 ,
2693 2029 2947 2046 ειη..
3108 2031 3122 2046 ,
3280 2036 3310 2046 ..
3442 2036 3467 2046 ..
3594 2030 3608 2046 .

211 2032 444 2095 Ἰταλούς
492 2052 553 2087 τε
596 2032 690 2085 καὶ
747 2032 946 2088 Βέκκον
994 2031 1155 2086 τοῦτό
1191 2052 1252 2086 τε
1291 2031 1381 2085 καὶ
1430 2028 1529 2085 ὅσα
1564 2030 1680 2085 κατ’
1709 2029 1866 2105 ἀνάγ-

209 2144 299 2191 ιην
349 2118 484 2191 τῷδ’
540 2119 906 2184 ἐπακολουθεῖ
947 2120 1273 2197 φρονοῦντάς
1321 2140 1380 2174 τε
1436 2120 1527 2174 καὶ
1573 2118 1859 2195 κηρύττον.

210 2231 297 2271 τας
352 2209 803 2283 ἐκκηρ·3ττομεν;
854 2210 924 2264 Ἢ
976 2210 1078 2284 γὰρ
1142 2207 1597 2286 φιλονεικοῦντες,
1644 2208 1744 2276 τήν
1797 2205 1866 2262 δι’

214 2300 328 2353 Ποῦ
380 2299 612 2375 ὕπαρξιν
659 2299 724 2353 τὸ
792 2295 861 2352 δι’
910 2298 1034 2358 Υἱοῦ
1091 2296 1150 2352 ἐκ
1209 2297 1420 2372 Πατρὸς
1483 2294 1862 2372 ἐκπορεύεσθαι

204 2389 260 2443 τὸ
323 2393 554 2461 Πνεῦμα
620 2386 901 2457 σημαίνειν
974 2384 1283 2461 βούλεσθαι,
1367 2386 1705 2460 προσήσεσθε
1770 2383 1861 2441 καὶ

202 2478 449 2538 τούτους.
482 2477 561 2537 ὡς
611 2474 799 2538 καλῶς
840 2496 900 2530 τε
947 2475 1038 2530 καὶ
1089 2469 1324 2536 εὐσεϐῶς
1379 2478 1709 2552 φρονοῦντας
1771 2472 1861 2529 καὶ

203 2564 486 2641 λέγοντας·
546 2565 582 2633 ἢ
650 2565 726 2637 μὴ
807 2565 1180 2641 προσιέμενοι,
1245 2560 1359 2618 οὐδ’
1434 2563 1604 2618 ἐκεῖνο
1679 2559 1861 2618 δίκαια

204 2658 483 2713 ποιοῦντες
546 2652 902 2728 προσήσεσθε.
952 2652 1029 2706 Ta‘:
1084 2651 1188 2728 γὰρ
1241 2649 1521 2729 ἀμφότερα
1581 2650 1858 2727 πράττειν,

204 2742 356 2817 ἔργον
409 2739 532 2817 ἐρεῖ
571 2740 692 2802 πώς
743 2760 850 2803 τις,
884 2738 1061 2811 οἶμαι,
1094 2737 1125 2793 6'
1149 2760 1211 2815 γε
1250 2743 1485 2816 φρονῶν,
1528 2738 1636 2814 οὐχ
1664 2736 1859 2814 ἐτέρων

208 2831 334 2885 εἶναι
388 2831 425 2899 ἢ
486 2834 598 2884 τῶν
654 2830 729 2902 μὴ
796 2824 1043 2897 εἰδότων,
1094 2826 1217 2883 ὅσον
1286 2826 1552 2899 ἀλλήλων
1609 2825 1863 2882 τάναντία

207 2917 488 2990 Exigua-:1:
510 2960 527 2976 .
1650 2918 1657 2923 ’

267 3050 465 3118 Ἤρκει
520 3042 616 3115 μὲν
655 3039 772 3110 οὖν,
819 3044 1052 3096 τοσαῦτα
1116 3039 1241 3117 περὶ
1306 3044 1412 3096 τῶν
1487 3038 1859 3116 προκειμένων

209 3132 477 3204 εἰπόντας,
532 3130 780 3193 ἐνταυθοῖ
842 3134 1174 3184 καταπαῦσαι
1228 3127 1321 3184 τόν
1372 3127 1559 3204 λόγον.
1609 3128 1758 3184 Ἐπεὶ
1805 3125 1863 3183 δὲ

206 3219 322 3277 οᾷδέ
364 3221 469 3289 τήν
519 3226 622 3289 τῆς
674 3218 973 3296 ἐκφάνσεως
1018 3218 1412 3294 ἀνεπηρέαστον
1464 3216 1593 3272 ἐῶσι
1649 3218 1859 3295 φωνὴν,

206 3309 349 3366 ἀλλά
396 3330 451 3364 τι
505 3307 597 3363 καὶ
640 3306 844 3378 ταύτης
898 3303 1024 3362 οὐδὲ
1064 3301 1233 3369 ὅντως
1263 3305 1498 3382 ἐχούσης
1556 3299 1861 3379 ἐπιλαμϐά-
1893 3345 1936 3412 C

464 3393 490 3409 ς·
534 3394 559 3412 ς
712 3396 724 3412 .
840 3396 851 3412 ,
1088 3395 1104 3412 ,
1293 3396 1303 3412 .
1452 3392 1467 3412 ›
1604 3392 1657 3412 τα
1790 3397 1817 3409 η

202 3420 414 3465 νονται,
459 3393 655 3471 ἄνδρες
704 3396 1017 3471 ὁρμώμενοι
1086 3395 1146 3451 ἐκ
1208 3396 1369 3457 ποίας
1418 3392 1518 3451 οὒκ
1573 3392 1695 3449 οἶδα
1751 3397 1859 3449 τῶν

204 3485 391 3562 λόγων
434 3491 810 3557 παρασκευῆς,
841 3480 904 3538 οἷ’
942 3504 1024 3558 γε,
1066 3483 1214 3559 εἲπερ
1264 3485 1465 3539 ἑαυτῶν
1512 3477 1660 3545 ὄντες
1708 3481 1863 3556 ἐτύγ-

202 3597 368 3651 χανον
432 3574 835 3649 ἐπιγνώμονες,
894 3576 1150 3628 τοσοῦτον
1206 3573 1269 3628 ἃν
1324 3571 1544 3634 ἐαυτοὺς
1602 3570 1863 3645 ἐμίσησαν

204 3664 585 3740 λογογραφεῖν
645 3656 1043 3723 ἐπιϐάλλοντας
1102 3659 1226 3716 ὅσον
1283 3658 1460 3722 οὐδείς
1515 3661 1640 3724 ποθ’
1681 3656 1864 3732 ἕτερος

204 3752 419 3831 ἕτερον,
481 3744 955 3823 ἐπιλαμϐάνονται
1016 3746 1073 3804 δὲ
1116 3751 1185 3804 τά
1226 3767 1291 3804 τε
1334 3745 1499 3818 ἄλλα,
1531 3748 1621 3805 καὶ
1679 3748 1866 3825 ὅτιπερ

206 3841 380 3898 ἀίδιον
432 3839 611 3909 αὐτὴν
664 3837 862 3916 φαμέν.
930 3836 1189 3894 Βούλεται
1235 3840 1338 3914 γὰρ
1477 3837 1633 3913 φασὶν
1699 3837 1865 3909 αὐτήν

203 3952 260 4008 γε
314 3931 455 4006 παρ’
510 3928 701 3989 αὐτοῖς
765 3926 1045 3999 σημαίνειν
1097 3927 1196 3997 τὴν
1264 3925 1511 4003 ὕπαρξιν,
1563 3924 1730 3982 καλὸν
1790 3922 1867 3982 ἔτι

206 4022 401 4096 μικρὸν
442 4024 529 4091 τῷ
582 4017 732 4093 λόγῳ
786 4013 1309 4092 προσδιατρίψαντας
1366 4016 1467 4085 τὴν
1530 4016 1735 4071 ἅπασαν
1794 4015 1870 4078 ὡς

203 4111 343 4173 εἰκὸς
392 4106 805 4181 ἀποτρίψασθαι
859 4103 1083 4179 μέμψιν.
1116 4107 1235 4160 ’Ότι
1286 4105 1381 4178 μὲν
1426 4102 1516 4159 οῦν
1566 4107 1732 4179 ἡμεῖς
1764 4105 1873 4181 οὐχ

204 4199 437 4274 ὓπαρξιν
491 4195 732 4271 λέγομεν
784 4193 835 4248 ἐν
908 4198 989 4266 τῷ
1030 4193 1187 4267 τόμῳ
1241 4194 1340 4263 τὴν
1390 4191 1658 4273 ἕκφανσιν,
1729 4191 1874 4249 ἀλλά

206 4290 543 4364 φανέρωσιν,
661 4280 955 4358 ἔκλαμψιν,
987 4284 1023 4353 ἢ
1072 4282 1155 4338 ὅτι
1196 4282 1405 4338 τούτων
1453 4281 1749 4359 ἐγγυτάτω,
1787 4282 1871 4345 τίς

206 4377 380 4440 οὓτως
449 4374 699 4448 ἀμαθὴς,
746 4371 886 4427 ὥστε
957 4372 1031 4445 μὴ
1099 4371 1354 4439 συνιέναι,
1401 4368 1756 4447 διερχόμενος
1811 4370 1875 4426 τὸ

208 4466 481 4533 tmtiov;
546 4464 788 4537 Ἀναιρεῖ
844 4461 938 4534 μὲν
996 4461 1099 4538 γὰρ
1153 4459 1405 4538 ἐμφανῶς
1462 4460 1562 4529 τὴν
1622 4457 1694 4514 δι’
1749 4460 1877 4515 Υἱοῦ

205 4560 299 4610 τοῦ
345 4552 684 4626 Πνεύματος
730 4549 976 4625 ὕπαρξιν·
1029 4546 1278 4627 ἔκφανσιν
1331 4546 1388 4603 δὲ
1434 4547 1587 4622 ὅμως
1638 4547 1700 4603 ού
1742 4568 1877 4624 παρ-

213 4650 446 4699 αιτεῖται
503 4644 609 4696 τοῦ
661 4637 976 4710 Πνεύματος
1032 4635 1205 4713 λέγειν
1265 4633 1354 4692 διὰ
1398 4641 1496 4691 τοῦ
1542 4637 1690 4693 Υἱοῦ.
1750 4640 1878 4699 Πῶς

1970 2028 2097 2090 τοὺς
2154 2028 2540 2093 ἐπαναστάντας
2595 2030 2710 2085 νυνὶ
2767 2029 3073 2107 λεξιθήρας,
3104 2031 3163 2087 ἐκ
3217 2036 3313 2087 τοῦ
3369 2036 3467 2087 ποῖ
3521 2030 3610 2087 καὶ

1971 2116 2104 2171 ποτέ
2157 2117 2219 2171 τὸ
2258 2117 2450 2180 ἁπλῶς
2504 2119 2725 2186 ἀμαθῶς
2777 2125 3252 2195 συμπεραινοῦσιν,
3311 2121 3388 2183 ὡς
3463 2117 3610 2196 εἷ’περ

1972 2203 2023 2275 ἐξ
2079 2205 2195 2268 ἐνὸς
2251 2206 2340 2260 καὶ
2400 2204 2540 2262 δυεῖν
2597 2208 2895 2283 ἀνθρώπων
2954 2206 3160 2264 λευκῶν
3215 2207 3345 2271 τοὺς
3411 2230 3613 2271 πάντας

1972 2294 2106 2364 ἡμῖν
2189 2293 2504 2369 ἀνθρώπους
2561 2293 2786 2358 λευκοὺς
2854 2298 3097 2374 ἡγεῖσθαι
3181 2296 3609 2375 συνελογίζοντο·

1970 2382 2061 2435 καὶ
2122 2379 2263 2455 μηδὲ
2319 2388 2436 2446 ταῖς
2494 2378 2675 2458 ὄψεσιν
2728 2385 2912 2458 ἠξίουν
2965 2386 3233 2442 πιστεύειν
3286 2387 3361 2461 μὴ
3410 2387 3613 2449 πάντας

1971 2470 2204 2544 ὁρώσαις
2257 2470 2562 2534 τοιούτους.
2612 2470 2766 2542 Πλὴν
2824 2472 2933 2549 ἐγὼ
2968 2475 3061 2547 μὲν
3089 2473 3141 2529 ἐν
3197 2479 3275 2547 τῷ
3329 2469 3479 2549 τόμῳ
3509 2475 3609 2545 τὴν

1970 2553 2242 2637 ἕκφανσιν,
2283 2559 2359 2621 ὡς
2391 2560 2708 2636 φανέρωσιν,
2741 2562 2777 2631 ἢ
2829 2560 2860 2616 6'
2902 2582 2955 2616 τι
3007 2561 3192 2637 βούλει
3249 2566 3318 2637 τῇ
3369 2564 3610 2642 φανερώ-

1972 2667 2052 2701 σει
2105 2645 2509 2722 ταυτοδύναμον
2568 2647 2779 2724 εἶ’ρηκαο
2835 2650 2899 2705 ού
2956 2650 3117 2724 μόνον
3168 2649 3258 2707 διὰ
3317 2652 3380 2708 τὸ
3437 2672 3611 2729 παρα-

1968 2732 2221 2806 πλησίως
2278 2735 2472 2799 ταύτας
2525 2737 2803 2811 σημαίνειν
2862 2736 3041 2795 δοκεῖν
3092 2740 3186 2803 τὰς
3235 2741 3435 2818 φωνὰς,
3485 2739 3613 2797 ἀλλ’

1971 2822 2054 2878 ὅτι
2083 2821 2198 2879 οὐδ’
2224 2823 2377 2879 αὐτοί
2423 2846 2485 2901 γε
2522 2826 2588 2880 τὸ
2625 2826 2886 2904 πρότερον
2930 2828 2982 2883 οἱ
3039 2831 3145 2884 τῶν
3197 2828 3353 2884 θείων
3408 2827 3615 2905 δογμά-

1968 2933 2075 2967 των
2130 2911 2451 2990 ἐκφάντορες
2508 2910 2866 2988 ἐκλαμϐάνειν
2918 2938 2976 2972 τε
3030 2917 3118 2972 καὶ
3176 2923 3312 2973 νοεῖν
3362 2920 3462 2989 τήν
3504 2940 3614 2993 φω-

1967 3002 2066 3070 νήν
2122 3000 2453 3073 ἀπηξίωσαν,
2504 3000 2683 3080 ὥσπερ
2732 3004 2891 3068 αὐτὸς
2947 3007 3062 3079 μεθ’
3106 3006 3325 3082 ὕστερον
3388 3002 3613 3063 ἐκλαϐό-

1973 3110 2133 3163 μενος
2193 3091 2474 3169 φαίνομαι.
2507 3093 2609 3149 Καὶ
2669 3090 2885 3150 δέδοικα
2943 3097 3017 3169 μή
3080 3093 3268 3167 εὔηθες
3325 3097 3465 3171 ὁμοῦ
3521 3097 3611 3152 καὶ

1971 3179 2318 3256 ὑπεργέλοιον
2375 3180 2413 3255 ᾖ
2455 3180 2662 3244 πίστεις
2733 3184 2978 3257 κομίζειν
3053 3189 3150 3240 τοῦ
3204 3186 3303 3255 την
3366 3181 3614 3264 ἕκφανσιν

1969 3264 2172 3337 δηλοῦν
2236 3267 2523 3344 βούλεσθαι
2575 3271 2665 3325 καὶ
2719 3273 2818 3340 τήν
2876 3273 3173 3351 φανέρωσιν
3226 3276 3351 3351 παρ’
3407 3274 3607 3336 αύτοῖς.

1971 3354 2036 3410 EI
2067 3356 2170 3432 γὰρ
2223 3354 2417 3430 μηδεὶς
2462 3354 2645 3436 ἕτερος
2686 3361 2835 3425 τοῦθ’
2873 3360 3045 3425 οὕτως
3092 3362 3355 3439 ἐτύγχανε
3410 3362 3611 3438 λέγων,

1973 3442 2099 3499 ἀλλ’
2128 3444 2173 3499 εἷ
2199 3446 2299 3525 τὴν
2331 3446 2408 3508 εἷς
2436 3448 2534 3515 τήν
2568 3451 2912 3527 προφητικήν
2945 3451 3217 3526 Ζαχαρίου
3266 3450 3519 3528 λυχνίαν,
3551 3450 3615 3506 οὗ

1974 3531 2245 3596 πολλάκις
2297 3533 2645 3609 ἐμνήσθημεν
2704 3538 2953 3613 Μαξίμου
2999 3539 3257 3616 ἀνέγνως,
3291 3541 3337 3596 εἰ
3382 3542 3482 3612 τὴν
3543 3535 3618 3603 εἷς

1971 3622 2071 3691 τήν
2125 3621 2449 3698 θεολογικὴν
2509 3623 2665 3699 ῥῆσιν
2721 3628 2843 3700 τήν,
2878 3626 2967 3683 διὰ
3019 3633 3180 3685 τοῦτο
3230 3634 3390 3685 τοῦτο
3449 3632 3618 3704 μονὰς

1976 3710 2067 3765 ἀπ’
2140 3710 2339 3786 ἀρχῆς,
2397 3711 2706 3784 ἀνάπτυξιν,
2770 3713 3018 3772 οὐδέποτ’
3083 3717 3144 3773 ἂν
3219 3716 3387 3789 τῆσδε
3459 3720 3622 3795 χάριν

1977 3796 2195 3875 ἔγρυξας
2222 3805 2324 3870 τῆς
2357 3808 2558 3879 φωνῆς.

2047 3921 2226 4011 Ἀλλά
2279 3924 2499 3996 ταύτην,
2564 3926 2712 4005 φασὶ,
2770 3928 2861 3983 καὶ
2915 3926 3089 3985 ἀίδιον
3161 3929 3385 4011 ἔφησθα.
3445 3933 3619 4010 Τρίτη

1976 4034 2059 4075 τις
2090 4009 2200 4082 ἤδη
2232 4018 2393 4068 τοῦτο
2428 4015 2635 4089 μέμψις
2663 4019 2823 4091 ἡμῖν.
2856 4018 2933 4073 Σὺ
2964 4016 3021 4074 δὲ
3063 4016 3165 4097 ἄρα
3202 4009 3358 4085 *ὅστις
3388 4023 3416 4078 6
3448 4009 3626 4099 λέγων

1980 4102 2046 4175 εἷ,
2079 4101 2141 4157 ού
2175 4100 2352 4178 λέγεις
2384 4099 2562 4158 ἀίδιον
2587 4105 2687 4174 τήν
2748 4102 2820 4161 δι’
2848 4108 2976 4163 Υἱοῦ
3030 4113 3127 4164 τοῦ
3179 4110 3491 4183 Πνεύματος
3541 4109 3628 4167 ἐκ·

1982 4212 2190 4267 φανσιν,
2248 4192 2339 4247 καὶ
2397 4189 2687 4268 ἔκλαμψιν,
2717 4195 2806 4250 καὶ
2864 4197 3182 4275 φανέρωσιν.
3244 4198 3347 4256 Καὶ
3396 4205 3514 4263 πῶς
3568 4199 3629 4257 ἃν

1982 4279 2013 4335 ὅ
2066 4301 2119 4336 τι
2168 4280 2257 4335 καὶ
2316 4279 2497 4358 λέγοις
2548 4280 2787 4355 εἷδείης;
2833 4290 3162 4362 Χορηγεῖται
3241 4288 3335 4361 μὲν
3390 4291 3492 4366 γὰρ
3542 4288 3632 4345 διὰ

1981 4373 2080 4425 τοῦ
2133 4370 2261 4424 Υἱοῦ
2308 4370 2397 4424 καὶ
2479 4367 2707 4446 δίδοται,
2764 4375 2855 4429 καὶ
2926 4374 3341 4447 ἀποστέλλεται,
3399 4378 3633 4449 ὁπηνίκα

1986 4456 2246 4529 δηλονότι
2278 4457 2599 4525 ἐπιτηδείως
2630 4461 2690 4516 ἃν
2739 4457 2908 4538 ἔχωσι
2958 4462 3199 4534 δέξασθαι
3247 4465 3326 4528 οἷς
3369 4464 3633 4523 ἀποστέλ-

1988 4545 2161 4618 λεται,
2192 4547 2282 4602 καὶ
2342 4554 2667 4624 χορηγεῖται
2745 4552 2833 4605 καὶ
2919 4549 3147 4608 δίδοται’
3208 4553 3511 4633 ἐκφαίνεται
3576 4553 3635 4612 δὲ

1986 4634 2077 4690 καὶ
2136 4633 2406 4709 ἐκλάμπει
2464 4635 2673 4709 ἀϊδίως,
2721 4638 2812 4694 καὶ
2870 4645 3213 4717 φανεροῦται.
3268 4642 3435 4699 Τοῦτό
3491 4665 3551 4701 σε
3606 4646 3635 4700 ὁ

214 4732 300 4787 ὧν
361 4732 502 4806 παρ’
572 4728 763 4800 ἐκείνῳ
812 4709 1009 4781 ταυτὸν
1067 4709 1289 4801 ὕπαρξίς
1341 4746 1402 4780 τε
1454 4725 1545 4780 καὶ
1604 4722 1876 4799 ἔκφανσις,
1912 4709 1956 4776 D
1994 4725 2164 4800 μέγας
2196 4724 2430 4810 πειθέτω
2483 4725 2785 4790 Βασίλειος’
2833 4709 3014 4784 τοῦτο’
3052 4731 3143 4786 καὶ
3200 4729 3430 4810 ἀδελφὸς
3461 4733 3641 4790 ὁτού.

216 4821 389 4897 εἶπερ,
450 4819 532 4881 ὡς
596 4816 1029 4894 βλασφημοῦμεν
1078 4813 1281 4890 λέγειν,
1329 4813 1521 4891 ἐξαίρει
1568 4815 1667 4884 τήν
1713 4813 1882 4889 ὕπαρ-

216 4912 316 4980 ξτν,
361 4910 449 4971 ὡς
506 4905 560 4962 δ’
608 4899 800 4973 είισεϐῆ
848 4908 970 4958 νοῦν
1015 4902 1268 4979 ἔχουσαν,
1332 4901 1431 4957 οὐκ
1490 4901 1881 4976 ἀποδοκιμάζει

212 5002 309 5068 τήν
344 4994 658 5077 ἕκφανσιν;
691 4994 809 5048 Ὀτι
843 4990 901 5048 δὲ
929 4993 1019 5047 καὶ
1064 4999 1164 5062 τῆς
1212 4990 1515 5071 ἐκφανσεως
1555 4992 1702 5068 παρά
1746 5010 1882 5046 τισιν

1991 4835 2088 4868 του
2120 4809 2447 4889 Γρηγόριος’
2479 4818 2641 4871 τοῦτο
2672 4816 2761 4872 καὶ
2793 4817 2821 4871 ὁ
2851 4822 3273 4897 Θαυματουργὸς
3331 4809 3420 4878 καὶ
3479 4823 3637 4879 Ἀθα-

1992 4900 2193 4973 νάσιος,
2224 4901 2374 4958 καὶὸ
2427 4904 2589 4981 σοφὸς
2644 4903 2921 4977 Ἰωάννης,
2953 4907 3004 4978 ἐξ
3061 4910 3136 4963 ὧν
3189 4911 3380 4986 μικρὸν
3436 4909 3636 4977 ἄνωθεν

1996 4990 2345 5065 ἐμνήσθημεν
2406 4992 2639 5069 ῥήσεων.
2686 4995 2756 5050 Τὸ
2815 4994 2875 5050 ἐκ
2928 5000 3025 5051 τοῦ
3081 5000 3291 5074 Πατρὸς
3347 4998 3637 5079 ἐκπορευό-

214 5088 290 5150 εἷς
358 5076 470 5157 τῆν
539 5091 648 5152 τῆς
720 5081 993 5158 ὑπάρξεως
1052 5080 1315 5155 σημασίαν
1384 5076 1888 5157 παραλαμϐανομέ-

212 5200 336 5251 νης,
379 5176 521 5232 τότε
586 5175 769 5246 μέντοι
834 5166 1427 5247 παραλαμϐανομένης,
1479 5169 1691 5226 ἐπειδάν
1754 5169 1889 5241 ἀλη-

210 5268 389 5323 θεύειν
439 5266 482 5334 ἡ
533 5261 761 5338 ὕπαρξις
808 5258 1191 5336 ὡμολόγηται,
1221 5257 1346 5315 ἀλλ’
1387 5262 1423 5328 ἡ
1475 5258 1634 5336 κυρία
1679 5280 1743 5335 γε
1786 5267 1889 5331 τῆς

216 5364 413 5435 grai:
469 5352 764 5421 ἀνάπτυξις
806 5348 969 5418 αὐτὴν
1005 5345 1242 5422 μάλιστα
1283 5344 1450 5418 δηλοῖ
1494 5348 1593 5417 τὴν
1646 5348 1889 5426 φανέρω-

211 5467 317 5513 σ-εν,
401 5444 653 5506 ἐντεῦθεν
727 5438 926 5513 γένοιτ’
980 5437 1040 5492 ἂν
1119 5435 1373 5516 ἐμφανές.
1434 5438 1728 5515 Ἐκφανσις
1801 5438 1891 5493 καὶ

216 5536 456 5613 ’ὶτιαρξις
509 5530 761 5604 ὀνόματα
806 5529 900 5601 μὲν
948 5523 1068 5597 δύο,
1098 5524 1225 5583 ἀλλ’
1256 5525 1356 5581 οὐκ
1404 5524 1455 5597 ἐξ
1501 5524 1803 5600 ὀνομάτων,
1835 5525 1895 5582 ἐκ

218 5624 278 5681 ἴε
334 5624 620 5701 ῥημάτων
682 5616 850 5687 δυεῖν,
905 5616 967 5670 τὸ
1029 5614 1121 5688 μὲν
1180 5618 1276 5669 τοῦ
1316 5614 1514 5693 φαίνω,
1571 5616 1634 5671 τὸ
1687 5613 1745 5672 δὲ
1796 5620 1894 5672 τοῦ

226 5716 494 5790 ἐπάρχω,
545 5709 860 5786 γεγένηται,
922 5703 1020 5759 Καί
1069 5724 1132 5777 γε
1179 5704 1409 5773 ζητείτω
1458 5726 1543 5767 τις
1600 5703 1697 5760 ἰὼν
1752 5704 1898 5782 παρὰ

226 5808 360 5867 τοὺς
424 5803 484 5859 ἐν
534 5806 663 5862 τοῖς
716 5792 1130 5866 παιδευτηρίοις
1180 5790 1373 5857 παῖδας
1422 5793 1549 5857 τοὺς
1607 5791 1686 5850 ἔτι
1717 5793 1897 5871 ῥημα-

2001 5100 2158 5153 μενον
2198 5086 2420 5153 Πνεῦμα
2467 5080 2537 5136 δι’
2584 5084 2794 5152 ἑαυτοῦ,
2847 5084 2978 5163 φησὶ
3027 5086 3328 5161 Βασίλειος,
3373 5091 3463 5145 καὶ
3516 5093 3640 5166 ’μεθ’

1999 5169 2189 5224 ἑαυτοῦ
2244 5170 2523 5246 γνωρίζων
2584 5171 2723 5228 ἐστὶν
2756 5175 2785 5228 6
2815 5173 2961 5237 Υἱός.
2993 5176 3143 5231 Ὥστ⁹
3196 5175 3346 5255 εἷ’περ
3397 5180 3478 5236 ἀεὶ
3511 5183 3647 5255 μετά

1997 5262 2096 5312 τοῦ
2154 5259 2279 5314 Υὶοῦ
2333 5260 2673 5336 γνωρίζεται,
2741 5263 2890 5340 ᾧπερ
2977 5264 3091 5320 οὐδ’
3124 5261 3414 5325 ’ἐκλείπει
3491 5271 3644 5343 ποτὲ,

2002 5345 2183 5423 ὥσπερ
2235 5347 2487 5424 ἀνέγνως,
2520 5350 2610 5405 καὶ
2665 5350 2747 5406 ἀεὶ
2787 5349 2858 5407 δι’
2913 5353 3097 5411 αὐτοῦ.
3129 5361 3297 5413 Τοῦτο
3358 5356 3415 5414 δὲ
3442 5359 3494 5415 τί
3522 5344 3649 5426 ποθὁ

2001 5432 2191 5527 ἕτερον
2244 5438 2595 5527 παριστάνειν,
2645 5440 2680 5510 ἢ
2732 5441 2795 5496 τὸ
2849 5439 3023 5499 ἀΐδιον
3087 5444 3380 5521 βούλεται;
3438 5450 3649 5527 Γρηγό-

2007 5546 2124 5602 ριος
2155 5525 2212 5581 δὲ
2256 5527 2389 5600 μετά
2414 5531 2523 5583 τῶν
2556 5526 2708 5593 ἰδίως
2738 5532 3045 5606 προσόντων
3102 5540 3183 5608 τῷ
3230 5525 3524 5612 Πνεύματι,
3557 5525 3649 5597 καὶ

2007 5618 2217 5689 Πατρὸς
2274 5615 2361 5670 καὶ
2412 5617 2537 5672 Υἱοῦ
2595 5615 2998 5697 διακρινόντων,
3030 5625 3120 5678 καὶ
3162 5623 3224 5679 τὸ
3257 5623 3345 5681 διὰ
3372 5632 3467 5683 τοῦ
3522 5630 3653 5685 Υἱοῦ

2010 5703 2139 5760 αὐτὸ
2197 5704 2501 5783 πηφηνέναι
2555 5709 2645 5763 καὶ
2704 5708 3003 5785 ἐκλάμπειν
3070 5715 3338 5772 συνάπτει.
3398 5718 3552 5774 Ὅθεν
3607 5719 3654 5776 εἰ

2016 5791 2291 5867 μηδέποτε
2340 5795 2431 5852 τὸν
2487 5794 2846 5874 Παράκλητον
2918 5805 3027 5857 τῶν
3094 5802 3284 5859 ἑαυτοῦ
3342 5805 3655 5882 ἰδιωμάτων

508 5932 785 5993 ΡΑτεοι..
838 5924 955 5985 Gn.
1003 5919 1224 5982 CXLII.

3335 5933 3374 5995 9
