4118 6434
476 444 590 502 271

1495 439 1809 502 GEORGII
1853 436 2112 499 CYPRII
2156 437 2273 497 CP.
2325 436 2853 498 PATRIARCHIE

3751 441 3875 500 2'72

478 594 581 651 χον
605 572 972 648 ὁμολογεῖται.
1008 569 1159 640 Πλὴν
1194 570 1256 625 οὐ
1286 568 1374 625 6:6
1418 571 1562 624 τοῦτ’
1606 568 1715 640 ἤδη
1774 568 1861 622 καὶ
1907 568 1967 622 ἐκ
2013 573 2112 635 τῆς
2144 575 2201 642 Α
2230 566 2291 619 τὸ
2344 566 2430 621 ἐπὶ
2487 576 2586 638 τῆς
2646 568 2827 630 οὓσίας
2860 569 3059 623 ἒνιαῖον
3123 568 3377 643 μετά-(ον,
3409 569 3545 643 πρὸς
3602 574 3681 641 τῷ
3721 570 3881 647 σοφί-

478 667 576 718 106
623 664 751 716 1":06
799 659 1137 722 ὑποστάσεως
1189 661 1252 715 τὸ
1300 664 1536 732 Πνεῦμα,
1584 664 1681 714 κᾶν
1745 657 1826 712 6'1:
1884 655 2119 730 μάλιστα

480 752 570 807 καὶ
620 751 679 806 ἐκ
732 752 831 819 τῆς
889 750 1230 811 ὑποστάσεως
1294 748 1383 803 καὶ
1457 755 1556 817 τῆς
1632 746 1813 809 οὐσίας
1889 744 2117 818 λέγηται

482 845 578 895 τοῦ
626 838 853 915 Πατρός.
904 836 1027 893 Οὐδ’
1077 840 1104 892 6
1148 840 1294 893 ταῦτ’
1359 838 1518 908 ἀξιῶν
1564 838 1737 897 οὕτως
1781 832 1926 910 ἔχειν
1980 831 2119 902 δόξει

484 930 615 984 ποτὶ
660 935 778 991 τοῖς
824 926 1007 989 καλῶς
1050 926 1401 1001 ἐσκεμμένοις
1447 933 1547 995 τῆς
1601 923 1859 995 ἀληθείας
1891 922 2122 1001 ἐφάπτε-

484 1020 624 1091 σθαι,
680 1018 770 1072 καὶ
826 1038 889 1091 γε
923 1022 1084 1072 τοῦτο
1142 1016 1204 1071 οὐ
1260 1015 1464 1090 μακρός
1512 1036 1596 1075 τις
1644 1016 1703 1067 ἅν
1750 1010 1874 1067 οὐδὲ
1929 1016 2123 1087 γρῖφος

486 1106 655 1178 δόξειε
696 1105 878 1183 λόγος.
932 1107 1086 1163 Ἔστι
1137 1107 1230 1179 μὶν
1282 1105 1386 1180 γάρ
1430 1106 1464 1173 ἡ
1528 1103 1763 1175 πατρική
1835 1101 2121 1159 ὑπόστασις

484 1194 696 1271 πηγαία
754 1196 965 1265 θεότης,
1001 1194 1091 1249 καὶ
1142 1194 1286 1269 ἀρχὴ
1341 1193 1537 1270 φυσική
1586 1191 1675 1245 καὶ
1730 1190 1848 1267 ῥίζα
1876 1190 2004 1243 Υἱοῦ
2032 1186 2122 1242 καὶ

484 1285 797 1358 Πνεύματος
827 1303 842 1318 ⁶
900 1284 967 1339 16
1016 1280 1062 1337 δ’
1120 1282 1316 1338 ἐκεῖθεν
1382 1280 1578 1358 ἔχοντα
1631 1281 1695 1335 16
1742 1279 1897 1350 εἶναι,
1946 1278 1975 1331 ὁ
2026 1277 2121 1351 μὲν

484 1376 606 1437 Υἱὸς
650 1375 786 1429 κατὰ
830 1373 1099 1449 γέννησιν,
1148 1372 1211 1426 τὸ
1259 1368 1315 1425 δὲ
1357 1374 1575 1449 Πνεῦμα
1625 1370 1741 1424 κατ’
1787 1367 2123 1442 ἐκπόρευσιν.

484 1472 582 1527 Διά
643 1472 705 1525 τὸ
766 1474 911 1525 τοῦτ’
976 1469 1107 1524 εἶναι
1181 1467 1269 1523 καὶ
1319 1466 1452 1523 6616
1517 1467 1634 1521 κατ’
1683 1464 1865 1521 οὐσίαν
1916 1463 2046 1535 ὅπερ
2096 1464 2125 1517 6

488 1562 695 1635 Πατὴρ,
720 1558 808 1614 καὶ
838 1559 929 1613 τὸν
961 1558 1119 1612 αὐτὸν
1150 1556 1239 1611 καὶ
1283 1556 1378 1610 ’ὲνα
1424 1554 1586 1632 λόγον
1635 1552 1779 1631 ἔχειν
1822 1557 1920 1608 τοῦ
1969 1552 2124 1623 εἶναι,

488 1651 547 1705 ἐκ
597 1652 699 1717 τῆς
756 1647 937 1710 οὐσίας
998 1646 1245 1722 λέγονται
1299 1649 1397 1700 τοῦ
1455 1644 1666 1720 Πατρὸς
1722 1643 1811 1698 καὶ
1861 1640 2129 1714 ὁμοούσια

485 1744 563 1811 τῷ
610 1739 780 1813 Πατρὶ
826 1737 917 1792 καὶ
964 1734 1257 1807 ἀλλήλοις·
1306 1733 1386 1807 τῷ
1411 1734 1503 1807 μὲν
1538 1732 1706 1809 Πατρὶ
1737 1731 1819 1787 ὅτι
1850 1726 2129 1789 οὐσιωδῶς

488 1829 682 1883 ἐκεῖθεν
742 1827 816 1888 ὡς
872 1826 932 1881 ἐκ
985 1830 1239 1903 φυσεικῆς
1296 1824 1474 1899 ἀρχῆς
1523 1822 1613 1877 καὶ
1685 1820 1883 1892 αίτίας,
1955 1816 2130 1887 ἀλλή-

488 1917 606 1978 λοις
640 1914 716 1986 δὲ,
750 1914 835 1970 6'1:
863 1915 929 1970 16
953 1918 1033 1986 τῷ
1062 1914 1207 1985 αὑτῷ
1260 1912 1427 1968 ταυτά
1471 1912 1561 1967 καὶ
1609 1909 1883 1981 ἀλλήλοις
1940 1907 2127 1962 ταυτὰ.
2161 1942 2210 2007 Β

492 2012 649 2069 Ἀλλ’
706 2012 886 2090 ὥσπερ
935 2012 1223 2085 ὁμοούσιον
1285 2015 1363 2082 τῷ
1407 2010 1519 2082 Υἳῷ
1568 2008 1679 2063 ἐστί
1731 2029 1791 2063 τε
1817 2008 1879 2063 τὸ
1910 2010 2131 2079 Πνεῦμα

489 2106 579 2161 καὶ
632 2104 869 2178 λέγεται,
917 2102 1002 2156 ’ὁτι
1051 2098 1214 2179 ἄμφω
1262 2103 1340 2171 τῷ
1383 2097 1553 2170 Πατρὶ
1600 2097 1912 2171 ὁμοούσιον,
1984 2096 2129 2149 061m

490 2194 666 2266 δήπου
726 2190 815 2247 6:6
858 2191 921 2246 16
974 2190 1164 2245 ταυτὸν
1221 2195 1323 2258 τῆς
1380 2187 1563 2248 οὐσίας
1616 2186 1826 2260 Πατρὸς
1883 2182 2130 2239 καὶΥίοῦ

492 2284 789 2360 λεγόμενον
848 2280 911 2335 16
967 2282 1185 2349 Πνεῦμα
1240 2275 1299 2332 ἐκ
1353 2282 1451 2345 τῆς
1500 2279 1598 2329 τοῦ
1656 2275 1866 2351 Πατρὸς
1924 2272 2129 2360 οὐσίας,

493 2372 681 2448 ῥηθείη
741 2368 800 2425 ἄν
846 2362 1079 2429 εὐσεϐῶς
1129 2365 1220 2421 καὶ
1270 2365 1321 2420 ἐν
1368 2371 1470 2434 τῆς
1512 2367 1611 2418 τοῦ
1641 2363 1789 2419 Υἱοῦ.
1821 2364 1915 2419 Ἐκ
1945 2359 2003 2416 δὲ
2028 2368 2130 2430 τῆς

493 2462 836 2521 ὑποστάσεως
879 2456 1063 2527 αὐτοῦ,
1130 2452 1317 2523 ἐπειδὴ
1369 2452 1428 2508 ἐκ
1489 2460 1591 2522 τῆς
1640 2451 1847 2522 οὐσίας,
1904 2456 2021 2513 πῶς
2069 2452 2129 2505 ἄν

495 2546 663 2626 λόγος
709 2548 841 2602 ποτὲ
885 2547 1294 2621 παραςτήσειεν,
1353 2539 1528 2617 ἔγωγε
1576 2542 1683 2617 οὐχ
1736 2542 1869 2616 ὁρῶ,
1926 2536 2026 2600 ἕως
2070 2537 2130 2593 ἄν

498 2639 637 2713 μόνη
670 2638 820 2714 πηγή
869 2641 967 2705 τῆς
1023 2632 1159 2702 ὅλης
1192 2631 1447 2703 θεότητος
1470 2630 1560 2685 καὶ
1592 2629 1846 2703 θεογόνος
1877 2628 2066 2697 θεότης
2094 2630 2130 2697 ἡ

491 2733 590 2785 τοῦ
640 2727 849 2801 Πατρός
909 2723 1197 2785 ὑπόστασις
1250 2720 1585 2798 κηρύττηται
1652 2720 1778 2795 παρ’
1849 2721 1985 2792 ἡμῖν
2043 2716 2132 2772 καὶ

490 2818 657 2887 αὐτὴν
729 2817 791 2870 τὸ
864 2817 1082 2886 Πνεῦμα
1143 2810 1333 2882 ἐπίσης
1414 2814 1494 2882 τῷ
1579 2806 1689 2881 ι’ὶῷ
1753 2805 2130 2877 πεπλούτηκεν

492 2908 687 2963 αἴτιον·
742 2904 804 2959 Εἰ
865 2904 959 2976 μὲν
1017 2903 1120 2976 γάρ
1173 2900 1239 2969 ἦν
1292 2898 1552 2968 ἒνίζεσθαι
1634 2898 1751 2952 καθ’
1819 2895 2132 2966 ὑπόστασιν,

494 2997 674 3073 ὥσπερ
733 2992 800 3064 δὴ
861 2992 951 3048 καὶ
997 2991 1113 3047 κατ’
1156 2988 1338 3045 οὑσίαν
1385 2991 1464 3060 τῷ
1509 2985 1679 3063 Πατρὶ
1731 2986 1821 3041 τὸν
1862 2985 2012 3073 ,Υίὸν,
2063 2986 2131 3055 ἧν

494 3086 552 3142 ἄν
610 3072 701 3143 καὶ
744 3084 819 3139 ’ἐκ
871 3088 969 3151 τῆς
1025 3077 1366 3140 ὑποστάσεως
1421 3080 1519 3131 τοῦ
1578 3076 1727 3145 Υἳοῦ,
1769 3075 1799 3130 ’ὀ
1856 3072 1924 3144 δὴ
1955 3075 2045 3129 καὶ
2076 3074 2136 3129 ἐκ

490 3180 587 3233 τοῦ
628 3173 839 3250 Πατρός
906 3171 1018 3226 ἐστι
1079 3171 1315 3245 φῦσικῶς
1350 3184 1363 3198 ·
1440 3163 1555 3220 ἐπεὶ
1623 3161 1681 3219 δὲ
1739 3164 1875 3219 κατᾶ
1931 3162 2131 3234 ταύτην

486 3266 577 3324 καὶ
655 3265 819 3340 μόνην
916 3259 1222 3335 διαιρεῖται,
1305 3253 1395 3309 καὶ
1470 3251 1714 3322 δυάζεται
1790 3252 1867 3315 ὡς
1941 3252 2131 3325 εἰπεῖν,

484 3363 666 3419 τᾶλλα
717 3363 891 3417 πάντα
946 3359 976 3411 6
1017 3355 1178 3417 αὐτὸς
1240 3351 1337 3419 ὣν,
1393 3350 1484 3406 καὶ
1534 3352 1598 3405 τὸ
1646 3355 1713 3425 τῇ
1777 3350 2134 3422 ὑποστάσει

490 3452 778 3513 ὑπόστασις
860 3443 1312 3522 ἐνθεωρούμενον,
1375 3442 1566 3510 ἣκιστα
1618 3440 1806 3515 χώραν
1867 3435 1990 3515 ἔχεε
2044 3438 2136 3494 καὶ

485 3545 554 3614 τῇ
604 3539 707 3614 ὅλῃ
761 3536 915 3617 φύσει
963 3532 1335 3608 ἐνθωρεῖσθαι,
1394 3527 1574 3602 ὥσπερ
1630 3528 1693 3582 αὗ
1734 3529 1797 3582 16
1830 3526 2133 3603 ἐνυπάρχον

485 3634 554 3702 τῇ
596 3614 977 3703 κοινῇήφύσει,
1029 3626 1190 3677 τοῦτο
1240 3620 1331 3674 καὶ
1378 3623 1497 3679 ταῖς
1531 3617 1879 3671 ὑποστάσεσιν
1908 3614 2135 3692 ἐνυπάρ-

489 3738 607 3793 χειν
658 3716 860 3791 ἀνάγκη
897 3733 909 3746 ’
970 3716 1076 3767 ποῦ
1142 3715 1443 3787 προσῆκον,
1504 3705 1587 3762 6'1:
1648 3704 1708 3760 ἐκ
1769 3709 1867 3761 τοῦ
1925 3705 2136 3793 Πατρός

602 3790 843 3877 Πνεῦμα,
906 3802 1005 3875 μία
1061 3798 1116 3854 δὲ
1178 3797 1335 3853 οὐσία
1387 3795 1599 3872 Πατρός
1654 3816 1713 3851 τε
1740 3793 1831 3849 καὶ
1860 3794 2012 3865 Υἱοῦ,
2046 3790 2138 3847 6:6

485 3900 645 3950 10610
692 3892 782 3948 καὶ
830 3891 889 3946 ἐκ
935 3894 1030 3944 τοῦ
1076 3888 1205 3941 Υἱοῦ
1257 3883 1651 3960 ὁμολογεῖσθαι
1702 3882 1873 3952 αὐτό;
1926 3882 1985 3936 ἐκ
2039 3882 2133 3955 μὲν

484 3986 583 4062 γὰρ
630 3991 730 4052 τῆς
778 3979 961 4041 οὐσίας
1009 3982 1106 4032 τοῦ
1155 3977 1282 4031 1":06
1331 3973 1416 4029 6'1:
1482 3973 1581 4047 μία
1626 3973 1739 4062 ἐστὶ
1783 3975 1854 4046 τῇ
1896 3975 1995 4062 τοῦ
2024 3977 2135 4062 Πα-

485 4059 611 4144 196:;
672 4071 895 4144 ἀνάγκῃ,
951 4067 1010 4122 ἐκ
1061 4063 1119 4121 δὲ
1164 4071 1265 4134 τῆς
1300 4063 1643 4124 ὑποστάσεως
1678 4060 1759 4117 ὅτι
1796 4062 1872 4134 μὴ
1912 4061 2009 4134 μία
2039 4059 2139 4115 οὐκ

487 4163 718 4236 ἀνάγκη·
770 4156 913 4227 ἄλλη
960 4157 1061 4232 γάρ
1116 4152 1404 4214 ὑπόστασις
1452 4153 1487 4220 ἡ
1548 4151 1811 4227 πατρικὴ,
1870 4147 2016 4220 ἀλλη
2079 4146 2138 4204 δὲ

484 4254 520 4320 ἡ
552 4255 649 4313 τοῦ
690 4249 840 4319 Υἱοῦ,
888 4244 977 4300 καὶ
1023 4244 1086 4299 τὸ
1138 4240 1309 4296 αἰτίαν
1362 4240 1494 4294 εἶναι
1541 4240 1673 4293 Υίοῦ
1703 4238 1794 4293 καὶ
1824 4236 2135 4311 Πνεύματος

483 4343 582 4410 τῆς
643 4341 911 4413 πατρικῆς
978 4332 1118 4388 ἐστιν
1174 4330 1521 4391 ὑποστάσεως
1594 4330 1631 4398 ἡ
1678 4327 1928 4398 τοιαύτη.
1978 4330 2134 4392 Ὅθεν

484 4430 573 4483 καὶ
621 4425 872 4500 θεογόνος
917 4420 1108 4491 θεότης
1156 4419 1252 4475 καὶ
1306 4416 1516 4495 πηγαία
1585 4415 1796 4488 θεότης,
1845 4415 1933 4471 καὶ
1994 4414 2133 4489 μόνη

486 4518 636 4593 πηγὴ
684 4516 783 4584 τὴς
829 4512 966 4581 ὅλης
1013 4510 1272 4580 θεότητος
1322 4506 1469 4584 παρά
1512 4510 1629 4593 τοῖς
1673 4505 1741 4560 16
1784 4509 1901 4593 θεῖα
1947 4510 2136 4583 σοφοῖς

489 4589 830 4678 ὀνομάζεται.
881 4599 981 4655 Καὶ
1031 4602 1193 4674 γεννᾷ
1237 4595 1304 4666 δὴ
1350 4595 1441 4651 καὶ
1486 4589 1816 4672 προϐάλλει,
1860 4592 1910 4665 ἐξ
1941 4593 2136 4664 ἑαυτῆς

483 4675 667 4750 τελεία
713 4689 844 4747 οῦσα
887 4688 977 4744 καὶ
1033 4686 1419 4763 ὑπερπλήρης,
1469 4685 1562 4740 καὶ
1623 4684 1739 4739 καθ’
1789 4683 1982 4752 ἑαυτὴν
2051 4675 2209 4740 τε-Ι)

487 4783 636 4847 λείθς
668 4780 983 4840 ὑποστάσεις
1018 4773 1408 4853 ὑπερπλήρεις,
1469 4773 1560 4829 καὶ
1604 4774 1723 4828 καθ’
1773 4772 1963 4834 ἑαυτὰς
2015 4773 2136 4851 ὑφε-

493 4870 771 4942 στηκυίας,
817 4869 909 4923 τὸν
953 4867 1075 4921 Υἱὸν
1124 4866 1214 4919 καὶ
1260 4863 1325 4919 16
1375 4866 1593 4936 Πνεῦμα
1655 4860 1980 4935 ὁμοουσίους
2044 4861 2135 4916 καὶ

490 4963 750 5039 ὁμοφυεῖς
798 4958 1015 5024 εαυτῆς,
1064 4951 1249 5023 ἐπειδὴ
1310 4950 1341 5007 ὅ
1406 4952 1524 5007 κατ’
1597 4949 1782 5006 οὐσίαν
1838 4951 1867 5005 6
1922 4950 2132 5026 Πατὴρ,

487 5063 647 5114 τοῦτο
694 5055 785 5110 καὶ
843 5056 870 5109 6
917 5052 1041 5114 Υἱὸς
1092 5052 1182 5106 καὶ
1232 5051 1296 5105 τὸ
1348 5054 1587 5122 Πνεῦμα,
1638 5049 1727 5103 καὶ
1770 5048 1927 5109 αὐτὸς
1965 5047 2135 5123 λόγος

491 5152 590 5205 τοῦ
648 5146 781 5201 εἶναι
837 5142 960 5213 ἥκει
1020 5138 1109 5195 6:6
1162 5144 1270 5196 τῶν
1323 5144 1509 5214 τριῶν.
1572 5137 1671 5193 Καὶ
1731 5138 1805 5211 μή
1844 5158 1931 5211 μει
1969 5135 2133 5191 πάλιν

493 5235 715 5299 ἐνταῦθά
769 5252 854 5293 τις
897 5229 965 5285 16
1010 5230 1151 5306 σοφά
1196 5232 1365 5283 ταῦτα
1410 5227 1645 5302 λεγέτω,
1702 5226 1776 5287 ὡς
1824 5226 2003 5280 ἅπασα
2050 5223 2137 5279 06-

493 5326 582 5381 σία
651 5312 1003 5380 ἐνυπόστατός
1076 5316 1205 5388 ἐστι,
1282 5316 1372 5371 καὶ
1449 5315 1736 5377 ὑπόστασις
1789 5319 1935 5369 πᾶσα
1986 5312 2135 5368 ἐνού-

493 5436 608 5477 σιος
641 5434 652 5445 ·
697 5410 809 5466 ἔστι
861 5408 955 5482 μὶν
1002 5404 1115 5478 οῦν,
1160 5404 1251 5459 καὶ
1298 5407 1462 5477 ἡμεῖς
1512 5403 1867 5481 κῃρύττομεν,
1916 5400 2045 5457 ἀλλ’
2074 5401 2136 5457 06

492 5505 581 5560 6:6
606 5507 768 5560 10610
813 5498 905 5554 καὶ
949 5500 1094 5571 τρεῖς
1146 5493 1331 5556 οὐσίας
1373 5492 1588 5549 λεκτέον
1630 5492 1718 5548 ἐπὶ
1747 5496 1900 5561 Θεοῦ,
1934 5490 2014 5545 ὅτι
2046 5492 2137 5545 καὶ

489 5599 636 5671 τρεῖς
690 5587 1007 5646 ὑποστάσεις
1045 5602 1059 5615 ·
1132 5579 1274 5657 μηδὲ
1320 5580 1483 5637 πάλιν
1530 5581 1654 5655 μίαν
1707 5579 2016 5651 ὑπόστασιν,
2052 5579 2135 5635 ὅτι

489 5668 581 5739 καὶ
638 5680 735 5756 μία
781 5675 955 5747 οὐσία,
1011 5671 1073 5727 16
1122 5672 1225 5748 γὰρ
1287 5671 1599 5749 μεταφέρειν
1659 5669 1747 5725 ἐπὶ
1800 5670 1900 5738 τὴν
1952 5668 2132 5724 οὐσίαν

489 5773 582 5833 τὸν
625 5775 734 5828 τῶν
779 5761 1119 5824 ὑποστάσεων
1180 5760 1432 5840 ἀριθμὸν,
1480 5757 1517 5830 ἤ
1568 5758 1655 5814 ἐπὶ
1688 5759 1783 5820 τὰς
1818 5759 2137 5821 ὑποστάσεις

2229 679 2394 732 σματι
2446 656 2699 725 ἐοικέναι,
2751 654 2876 712 οὐδὲ
2921 657 3020 726 τήν
3053 660 3149 711 τοῦ
3182 653 3488 712 Σαϐελλίου
3520 657 3737 735 ἐκφύγοι
3769 679 3879 713 που

2230 746 2383 820 δόξῃν
2415 747 2567 813 ποτὲ,
2601 743 2724 800 οὐτε
2753 747 2782 800 6
2821 745 3016 800 τούτου
3074 744 3309 821 ἐταῖρος,
3360 746 3505 821 ῥίξαν
3550 746 3641 801 καὶ
3689 749 3878 822 πηγὴν

2226 841 2325 891 τοῦ
2374 836 2500 890 Υἱοῦ
2549 834 2639 889 καὶ
2686 839 2783 888 τοῦ
2831 834 2988 908 ἀγίου
3024 834 3335 907 Πνεύματος
3365 836 3457 889 τὸν
3492 836 3701 911 Πατέρα
3731 834 3885 891 διδά-

2231 946 2395 993 σκων,
2446 922 2597 985 ἐκτὸς
2647 922 2823 985 αἰτίας
2875 923 3167 994 ἑστήξεται,
3213 921 3301 977 ’ίνα
3344 923 3471 985 τοὺς
3508 923 3714 986 ἄλλους
3745 926 3885 980 ἀπο-

2230 1014 2459 1076 στόλους
2509 1010 2648 1067 ἐάσω
2699 1012 2789 1067 καὶ
2841 1009 3197 1074 διδασκάλους
3245 1011 3336 1065 καὶ
3398 1013 3625 1088 Χριστὸν
3698 1012 3884 1085 αὐτὸν,

2233 1103 2326 1165 οὕς
2401 1104 2604 1164 πάντας
2668 1099 2739 1155 δι’
2817 1101 2935 1163 ἑνὸς
2992 1101 3189 1155 τούτου
3245 1101 3734 1179 παραγραφόμεθα,
3792 1102 3887 1157 καὶ

2231 1193 2365 1267 πρὸς
2416 1191 2633 1253 τούτοις
2690 1189 2823 1266 ὅπερ
2873 1189 2959 1245 ἐπὶ
3003 1195 3099 1244 τοῦ
3148 1189 3360 1265 Πατρός
3405 1190 3505 1245 οὐκ
3532 1190 3597 1266 ᾖν
3652 1187 3883 1266 εὔλογον

2232 1278 2489 1352 οὐδαμῶς
2537 1286 2829 1355 θεωρῆσαι.
2879 1278 2953 1333 Οὐ
3000 1280 3104 1355 γάρ
3155 1278 3238 1333 ὅτι
3289 1277 3347 1333 ἐκ
3373 1285 3475 1348 τῆς
3506 1279 3690 1341 οὐσίας
3719 1279 3886 1335 αὐτοῦ

2233 1367 2494 1444 ἐλέγομεν
2543 1368 2636 1422 τὸν
2686 1368 2809 1422 Υἱὸν
2863 1368 2954 1421 καὶ
3008 1366 3071 1422 16
3130 1372 3370 1441 Πνεῦμα,
3431 1365 3521 1423 6:6
3564 1373 3726 1424 10610
3792 1367 3885 1424 καὶ

2232 1456 2411 1533 ἀρχὴν
2484 1456 2644 1512 αὐτὸν
2716 1456 2806 1511 καὶ
2887 1455 3059 1512 αἰτίαν
3140 1456 3524 1533 ὁμολογοῦμεν
3553 1477 3566 1493 ·
3626 1456 3753 1514 ἀλλ’
3801 1457 3888 1514 ὅτι

2235 1546 2415 1621 ἀρχὴν
2473 1547 2674 1624 φυαική
2736 1544 2826 1600 καὶ
2882 1545 3027 1600 αἰτία
3078 1550 3186 1601 τῶν
3244 1544 3524 1609 οὐσιωδῶς
3594 1547 3646 1617 ἐξ
3724 1546 3893 1602 αὐτοῦ

2238 1634 2606 1701 ὑποστάντων,
2657 1634 2878 1697 ἀπαθῶς
2927 1634 3018 1689 καὶ
3067 1634 3341 1710 ἆχρόνως,
3394 1632 3484 1690 6:6
3509 1639 3672 1691 10610
3704 1635 3764 1691 ἐκ
3784 1642 3891 1707 τῆς

2237 1723 2424 1785 οὐσίας
2474 1724 2650 1779 ἐκεῖνα
2694 1722 2879 1779 αὐτοῦ.
2929 1724 3057 1778 Τίνα
3096 1723 3298 1800 τρόπον
3346 1724 3437 1779 καὶ
3482 1723 3572 1779 ἐπὶ
3624 1728 3723 1780 τοῦ
3754 1725 3895 1780 Υἱυῦ

2238 1810 2665 1887 δογματίσομεν,
2716 1810 2798 1867 6'1:
2846 1811 2906 1867 ἐκ
2949 1818 3050 1873 τῖς
3099 1810 3284 1874 οὐσίας
3338 1812 3504 1868 66106
3551 1813 3614 1867 16
3645 1817 3894 1886 Πνεῦμα,

2239 1898 2329 1955 6:6
2356 1905 2515 1955 10610
2544 1900 2633 1955 καὶ
2664 1900 2739 1963 ὡς
2784 1900 2835 1971 ἐξ
2884 1899 3058 1962 αἰτίας
3110 1900 3310 1971 αὐτοῦ;
3342 1901 3440 1956 Καὶ
3465 1902 3643 1978 χωρὶς
3670 1902 3882 1957 τούτων

2237 1989 2327 2044 καὶ
2372 1988 2791 2065 παραλογισμός
2835 2011 2917 2052 τις
2970 1989 3104 2044 εἶναι
3158 1986 3325 2060 δοκεῖ,
3359 1989 3502 2045 οὕτω
3570 1985 3890 2067 προϐαίνων

2239 2080 2268 2133 6
2320 2076 2506 2153 λόγος,
2554 2079 2617 2133 16
2669 2079 2746 2151 μὴ
2797 2078 3059 2151 ἑπόμενον
3110 2078 3280 2143 τιθεῖς
3332 2079 3405 2141 ὡς
3453 2079 3736 2154 ἑπόμενον,
3784 2081 3883 2135 καὶ

2238 2166 2510 2239 κλέπτων,
2560 2167 2685 2222 ἀλλ’
2740 2168 2868 2243 οὐχὶ
2910 2168 3112 2223 πείθων
3168 2168 3259 2223 τὸν
3292 2168 3664 2243 ἀκροώμενον.
3697 2170 3888 2242 Φαμὲν

2238 2257 2339 2332 γάρ
2387 2256 2471 2311 ὅτι
2514 2254 2574 2310 ἐκ
2614 2260 2712 2310 τοῦ
2779 2258 2989 2331 Πατρὸς
3066 2254 3347 2319 οὐσιωδῶς
3419 2257 3763 2332 ἐκπορεύεται
3822 2258 3895 2313 16

2240 2348 2480 2416 Πνεῦμα,
2533 2343 2592 2399 ἐκ
2637 2351 2735 2413 τῆς
2794 2343 2978 2407 οὐσίας
3028 2344 3271 2421 ὑπάρχον
3321 2345 3506 2405 αὐτοῦ.
3546 2350 3667 2401 ’Ὀτι
3696 2344 3755 2401 δὲ
3782 2345 3901 2401 πά-

2242 2432 2328 2487 λιν
2375 2433 2483 2508 οὐχ
2530 2434 2685 2509 ἑτέρα
2733 2433 2887 2488 οὐσία
2936 2434 3144 2503 Πατρὸς
3197 2435 3285 2488 καὶ
3326 2434 3475 2503 Υίοῦ,
3511 2435 3607 2508 μία
3637 2432 3703 2489 66
3729 2435 3818 2491 καὶ
3850 2438 3892 2505 ὴ

2241 2522 2399 2593 αὐτὴ,
2458 2522 2764 2597 ἀναγκαίως
2819 2523 2910 2578 καὶ
2967 2522 3026 2577 ἐκ
3098 2523 3301 2594 ταύτης
3376 2525 3758 2600 ὁμολογοῦμεν
3830 2525 3900 2579 τὸ

2244 2616 2482 2685 Πνεῦμα.
2531 2616 2650 2666 "O1:
2709 2609 2767 2666 δὲ
2813 2610 2873 2667 ἐκ
2910 2620 3010 2682 τῆς
3067 2612 3274 2682 οὐσίας,
3335 2610 3423 2667 6:6
3472 2619 3636 2669 10610
3681 2614 3771 2669 καὶ
3829 2612 3897 2669 ἐκ

2239 2708 2340 2770 τῆς
2384 2701 2748 2771 ὑποστάσεως,
2799 2699 2978 2763 οὐδείς
3027 2722 3159 2756 ποτε
3206 2700 3373 2776 λόγος
3423 2700 3721 2778 ὁμολογεῖν
3756 2702 3898 2757 ἀνα-

2241 2790 2494 2862 πείσειεν,
2555 2788 2655 2852 ἔως
2708 2791 2767 2845 ἄν
2830 2792 2906 2864 μὴ
2954 2787 3169 2865 δεικνύῃ
3226 2790 3407 2846 οὐσίαν
3455 2791 3546 2845 καὶ
3598 2791 3893 2846 ὑπόστασιν

2239 2876 2295 2934 ἓν
2342 2901 2397 2934 τι
2444 2879 2581 2934 κατά
2624 2880 2716 2935 τὸν
2769 2878 2933 2954 λόγον
2986 2879 3131 2950 ὄντα,
3178 2877 3317 2953 μηδὲ
3345 2879 3412 2935 16
3438 2885 3560 2942 ταῖς
3593 2879 3891 2935 ὑποστάσε-

2243 2988 2325 3021 σιν
2376 2967 2770 3043 ἐνυπάρχοντα,
2811 2972 2977 3022 ταῦτα
3005 2968 3094 3022 καὶ
3122 2967 3281 3042 κοινῇ
3310 2972 3381 3042 τῇ
3413 2966 3516 3042 ὅλῃ
3542 2989 3650 3023 των
3683 2969 3894 3041 ὁμοου-

2242 3055 2371 3112 σίων
2422 3056 2713 3132 ἐνυπάρχει
2762 3056 2937 3135 φύσει,
2991 3055 3130 3131 μηδὲ
3183 3056 3310 3120 τοὺς
3361 3056 3647 3132 εἰρηκότας
3720 3056 3887 3130 μόνον

2243 3143 2413 3199 αἴτιον
2464 3146 2590 3199 Υἳοῦ
2632 3145 2721 3200 καὶ
2782 3145 3094 3219 Πνεύματος
3150 3145 3239 3201 τὸν
3318 3145 3529 3222 Πατέρα
3597 3142 3886 3220 διαψευδο-

2249 3234 2463 3306 μένους.
2509 3234 2605 3288 Καὶ
2653 3233 2776 3311 περὶ
2828 3236 2923 3307 μὶν
2970 3234 3176 3289 τούτων
3228 3232 3358 3297 ἴσως
3409 3234 3714 3310 ἀρκούντως
3767 3231 3890 3310 ἔχει

2245 3323 2312 3377 16
2355 3322 2638 3398 είρημένα,
2689 3322 2779 3377 καὶ
2829 3323 3164 3397 προσκείσθω
3214 3345 3274 3400 γε
3331 3323 3407 3386 εἷς
3464 3323 3641 3379 πίστιν
3688 3328 3785 3378 τοῦ
3831 3323 3900 3378 τὸ

2243 3411 2303 3466 ἐκ
2356 3418 2454 3482 τῆς
2515 3411 2696 3473 οὐσίκς
2754 3412 2900 3473 τινὸς
2957 3408 3255 3487 λεγόμενον
3314 3414 3389 3486 μή
3447 3414 3667 3475 πάντως
3714 3412 3806 3466 καὶ
3836 3410 3903 3467 ἐκ

2242 3507 2345 3569 τῆς
2394 3499 2755 3570 ὑποστάσεως,
2806 3499 2971 3577 οὗπερ
3022 3500 3082 3555 ἐκ
3126 3504 3228 3571 τῆς
3274 3500 3458 3563 οὐσίας
3486 3501 3619 3555 εἶναι
3652 3498 3895 3576 λέγεται,

2244 3587 2511 3664 λέγεσθαι.
2564 3588 2666 3645 Καὶ
2715 3589 2743 3643 6
2791 3590 2927 3643 κατα
2975 3590 3208 3664 Χριστὸν
3270 3590 3551 3665 ἄνθρωπος
3597 3588 3899 3662 ὁμοούσπος

2249 3677 2342 3750 μὶν
2393 3679 2528 3750 ἡμῖν
2576 3682 2692 3739 τοῖς
2740 3676 3049 3753 ἀνθρώποις
3096 3678 3186 3732 καὶ
3236 3676 3296 3732 ἐκ
3348 3681 3448 3751 τῇς
3500 3680 3661 3750 ἡμῶν
3707 3677 3895 3740 οὐσίας

2243 3765 2332 3821 καὶ
2381 3766 2611 3844 φύσεως,
2671 3767 2806 3821 εἶναι
2856 3764 3176 3841 λεγόμενος,
3226 3767 3327 3834 τήν
3374 3764 3420 3820 δ’
3452 3766 3673 3842 ὕπαρξιν
3704 3766 3802 3821 οὐκ
3832 3765 3896 3821 ἐκ

2241 3861 2341 3924 τῆς
2400 3853 2740 3917 ὑποστάσεως
2791 3857 2951 3927 ἡμῶν
3004 3853 3249 3927 ἑκάστου,
3292 3854 3352 3910 ἐκ
3402 3852 3461 3910 δὲ
3484 3862 3584 3924 τῆς
3616 3856 3893 3931 Παρθένου

2248 3944 2456 4018 μητρὸς
2506 3943 2789 4021 ὑπάρχων,
2849 3944 2901 4014 ἐξ
2949 3946 3017 4012 ἧς
3046 3943 3136 3998 καὶ
3165 3944 3227 3998 τὸ
3282 3946 3401 4008 καθ’
3454 3946 3602 4017 ἡμᾶς
3634 3938 3896 3998 ἀνελάϐε-

2242 4054 2328 4087 κο.
2363 4032 2438 4087 Σὺ
2471 4030 2529 4088 δέ
2560 4054 2652 4106 μοι
2684 4033 2774 4087 καὶ
2804 4033 2872 4087 16
2903 4033 3025 4104 ἑξῆς
3054 4037 3160 4087 τῶν
3216 4032 3540 4110 ἀπορρήτων
3591 4030 3896 4105 προστίθει.

2313 4159 2412 4213 Τὸν
2463 4158 2516 4213 έν
2561 4157 2761 4234 ἀγίοις,
2814 4158 2967 4236 φησὶ,
3028 4155 3301 4233 Κύριλλον
3347 4164 3446 4226 τῆς
3494 4156 3553 4212 ἐκ
3597 4161 3695 4213 τοῦ
3764 4157 3896 4212 Υἰοῦ

2241 4251 2338 4302 τοῦ
2387 4247 2704 4320 Πνεύματος
2757 4245 3124 4321 ἐκπορεύσεως
3174 4241 3586 4322 προϐάλλονται
3631 4247 3898 4322 μάρτυρα·

2245 4333 2331 4390 διὸ
2359 4335 2448 4390 καὶ
2481 4335 2707 4411 ἰσχυρὸς
2736 4335 2921 4396 αὐτοῖς
2954 4334 3060 4389 ἐστι
3120 4336 3415 4412 σύμμαχος
3473 4335 3649 4390 ἐκεῖνα
3696 4334 3899 4409 Λέγων,

2246 4422 2384 4479 ἴδιον
2430 4424 2492 4479 τὸ
2542 4428 2761 4497 Πνεῦμα
2806 4430 2907 4493 τῆς
2959 4423 3143 4485 οὐσίας
3191 4428 3287 4479 τοῦ
3343 4424 3470 4479 Υἰοῦ
3517 4423 3608 4479 καὶ
3640 4424 3741 4478 οὐκ
3769 4420 3902 4494 ἔξω·

2246 4525 2331 4577 θεν
2380 4513 2675 4568 ὑποστατόν
2726 4512 2777 4567 ἐν
2827 4512 2993 4585 αὐτῷ,
3041 4512 3131 4567 καὶ
3175 4511 3226 4583 ἐξ
3257 4512 3422 4567 αὐτοῦ
3452 4516 3690 4592 φυσικῶς
3724 4513 3899 4586 ὑπάρ-

2244 4622 2387 4677 χων,
2418 4602 2479 4657 ἐκ
2506 4610 2606 4673 τῆς
2656 4600 2843 4664 οὐσίας
2888 4606 2986 4657 τοῦ
3033 4603 3161 4656 Υἱοῦ
3191 4608 3361 4657 πᾶσαν
3403 4600 3568 4656 αὐτοῦ
3597 4602 3695 4670 τὴν
3735 4598 3899 4655 δύνα-

2245 4712 2333 4764 μιν
2383 4692 2473 4746 καὶ
2521 4692 2619 4760 τήν
2673 4689 2939 4766 ἐνέργειαν
2992 4688 3142 4767 ἔχον,
3192 4687 3474 4753 οὐσιωδῶς
3551 4689 3601 4762 ἐξ
3669 4689 3897 4767 ἀμφοῖν,

2243 4778 2370 4850 ἤτοι
2418 4780 2477 4835 ἐκ
2536 4780 2745 4854 Πατρὸς
2798 4777 2868 4834 δι’
2922 4780 3051 4834 Υἶοῦ
3107 4779 3507 4856 προχεόμενον.
3580 4778 3641 4833 Τί
3714 4778 3897 4833 τοίνυν

2243 4869 2382 4946 πρὸς
2434 4873 2601 4925 ταῦτα
2653 4867 2844 4944 ῥητέον
2906 4868 3054 4938 ἐστί;
3118 4868 3216 4938 Τίς
3280 4867 3365 4924 ὅτι
3421 4867 3484 4923 οὐ
3544 4867 3902 4944 σύμμαχοςὸ

2250 4960 2414 5035 μέγας
2458 4958 2660 5029 αὐτοίς,
2708 4955 2833 5013 οὐδέ
2878 4961 3044 5013 ταῦτα
3092 4956 3263 5035 λέγων
3323 4957 3464 5030 πρὸς
3514 4956 3689 5012 αὐτῶν
3760 4956 3899 5015 ἐστι.

2245 5047 2343 5102 Καὶ
2399 5047 2561 5102 τοῦτό
2626 5068 2687 5123 γε
2742 5044 2909 5116 δῆλον
2977 5046 3214 5109 ἐντεῦθεν
3249 5065 3264 5079 ·
3342 5047 3401 5101 ἐκ
3453 5050 3552 5101 τοῦ
3609 5050 3742 5101 Θεοῦ
3801 5046 3899 5099 καὶ

2245 5136 2454 5200 Πατρὸς
2505 5135 2595 5191 καὶ
2643 5135 2731 5190 τὸν
2783 5136 2907 5191 Υίὸν
2965 5135 3267 5205 ὑποστῆναι
3295 5135 3677 5212 ὁμολογοῦμεν
3711 5134 3901 5189 καὶτὸ

2246 5230 2463 5298 Πνεῦμα
2510 5225 2570 5280 16
2616 5224 2793 5299 ἅγιον,
2845 5222 3123 5301 οὐδέτερον
3175 5221 3584 5301 δημιουργικῶς
3643 5220 3789 5279 ἀλλά
3833 5224 3900 5279 τὸ

2249 5315 2341 5387 μὲν
2388 5318 2680 5389 γεννητῶς,
2729 5313 2792 5368 16
2838 5310 2894 5368 δὲ
2942 5311 3301 5389 ἐκπορευτῶς,
3334 5316 3509 5369 πάντα
3548 5309 3745 5389 ἔχοντα
3772 5314 3895 5387 κατ’

2246 5402 2427 5458 οὐσίαν
2480 5401 2577 5458 ὅσα
2621 5401 2711 5457 καὶ
2762 5402 2791 5456 6
2836 5404 3044 5478 Πατήρ.
3098 5402 3196 5457 Διά
3250 5408 3410 5458 τοῦτο
3466 5403 3557 5458 καὶ
3615 5403 3779 5479 ἄμφω
3834 5400 3899 5457 ἐκ

2243 5495 2344 5561 τῆς
2410 5490 2596 5554 οὐσίας
2654 5491 2828 5569 φαμὲν
2887 5495 2982 5545 τοῦ
3035 5492 3267 5568 Πατρός.
3327 5495 3487 5548 Ὥστε
3538 5490 3630 5547 καὶ
3671 5490 3801 5564 ὅπερ
3835 5489 3900 5547 ἐκ

2242 5586 2340 5635 τοῦ
2380 5580 2610 5656 Πατρὸς,
2665 5580 2740 5641 ὡς
2790 5578 2840 5649 ἐξ
2889 5579 3068 5655 ἀρχῆς
3108 5581 3200 5635 καὶ
3252 5581 3425 5645 αἰτίας
3475 5586 3707 5659 φυοικῆς
3756 5580 3897 5634 εἶναι

2246 5667 2623 5744 ὁμολογεῖται,
2670 5669 2955 5745 γνώρισμα
2999 5675 3100 5738 τῆς
3150 5669 3349 5734 ἐκεῖθεν
3398 5670 3691 5746 ὑπάρξεως,
3741 5666 3900 5723 δυοῖν

2244 5760 2457 5815 τούτοιν
2506 5758 2809 5833 ἀναγκαίως
2864 5758 3084 5835 θάτερον
3117 5759 3192 5823 ὡς
3224 5758 3484 5836 ἑπόμενον
3511 5757 3628 5835 ἔχει
3663 5774 3679 5791 ⁸
3736 5756 3774 5828 ἢ
3828 5758 3896 5812 16
