4118 6432
94 65 737 153 π·-

244 453 357 515 273

1236 459 1339 520 DE
1383 458 1922 522 PROGESSIONE
1967 461 2325 526 SPIRITUS
2368 462 2675 526 SANCTI.

3530 466 3656 526 274

237 590 540 659 γεννᾶσθαι,
587 586 683 640 καὶ
760 582 914 642 ἔστιν’
982 589 1106 652 Υἱὸς
1163 590 1225 645 τὸ
1292 591 1646 667 γεννώμενον,
1710 591 1746 660 ἢ
1830 592 1893 646 τὸ
1922 597 1978 663 Α
2007 595 2156 666 ἡμᾶς
2189 592 2551 665 διδάσκουσιν,
2577 592 2668 648 ’ίνα
2701 594 2776 666 μὴ
2836 594 2927 648 καὶ
2975 593 3032 649 ’ὸν
3076 590 3248 649 οἷέσθε
3294 593 3510 671 Πατέρα
3552 602 3651 652 τοῦ

237 673 642 749 ἐκπορεύεσθαι,
691 676 785 730 καὶ
841 681 1063 751 Πνεῦμα
1119 677 1272 755 ἅγιόν
1323 678 1485 737 ἐστιν.
1531 686 1593 734 Ὃ
1652 677 1709 734 δὲ
1769 681 1897 752 μήτ’

238 761 619 837 ἐκπορεύεσθαι
679 763 882 829 ἐκεῖθεν
934 764 1168 842 λέγεται,
1224 770 1362 841 μήτε
1428 770 1722 843 γεννᾶσθαι,
1782 766 1894 823 οὐδ’

236 851 294 906 ἂν
322 852 415 906 καὶ
447 851 511 907 ἐκ
556 856 658 907 τοῦ
702 855 916 930 Πατρὸς
968 852 1189 929 λέγοιτο
1218 857 1316 924 τήν
1349 855 1569 931 ὕπαρξιν
1605 855 1774 932 ἔχειν,
1808 858 1894 912 ού-

232 938 287 995 6E
315 962 379 1017 γε
405 942 502 997 τὸν
539 941 758 1019 Πατέρα
786 940 852 996 π)
869 949 1041 997 ουτεῖν
1075 945 1303 1022 φυσικὴν
1332 945 1510 1020 ἀρχὴν
1559 946 1648 999 καὶ
1694 945 1887 1015 αἶτίαν,

228 1029 426 1094 ἐκεῖθεν
521 1032 601 1104 μὴ
680 1033 1046 1107 γεννώμενον,
1122 1030 1250 1106 μηδ’
1321 1032 1745 1110 ἐκπορευόμενον
1827 1035 1893 1090 τὰ

226 1119 586 1194 γνωρίσματα
640 1123 742 1190 τῆς
801 1120 862 1176 ἐκ
915 1122 1128 1199 Πατρὸς
1182 1126 1289 1176 τῶν
1352 1123 1659 1197 ὁμοουσίων
1722 1123 1890 1200 ὑπάρ-

228 1208 377 1278 ξεως.
430 1209 497 1263 Εἰ
561 1209 669 1283 γαρ
726 1216 831 1264 πᾶν
884 1209 1015 1287 ὅπερ
1075 1211 1134 1266 ἐκ
1187 1216 1284 1266 τοῦ
1341 1213 1551 1289 Πατρὸς
1609 1211 1889 1277 ούσιωδῶς

225 1295 338 1373 ἔχει
387 1297 455 1351 τὸ
506 1296 668 1366 εἶναι,
714 1298 752 1367 ἢ
800 1300 1138 1375 γεννώμενον
1188 1301 1224 1369 ἢ
1276 1300 1698 1376 ἐκπορευόμενον
1749 1300 1886 1378 ἔχει,

222 1393 254 1449 ’ὁ
311 1396 453 1466 μήτε
528 1400 787 1470 γεννᾶται
856 1394 1080 1468 ἐκεῖθεν,
1141 1398 1279 1469 μήτε
1354 1397 1719 1474 ἐκπορεύεται,
1775 1397 1890 1454 οὐδ’

225 1482 283 1537 ἂν
313 1481 422 1559 ἔχῃ
448 1484 696 1556 πάντως,
728 1489 878 1562 φαῖεν
908 1484 1095 1548 καλῶς
1125 1486 1176 1540 οἱ
1205 1487 1303 1555 τὴν
1350 1486 1506 1563 ἰσχὺν
1552 1492 1660 1542 τῶν
1704 1487 1888 1543 τοιού-

221 1592 324 1627 των
382 1571 575 1647 κόγων
648 1570 871 1635 εἰδότες.
922 1572 1125 1629 Οὐκοῦν
1185 1571 1388 1647 ἴδωμεν
1455 1575 1545 1630 καὶ
1610 1575 1884 1651 Κύριλλον

218 1662 303 1716 τὸν
353 1663 527 1731 θεῖον,
559 1662 720 1716 ποῖόν
779 1683 831 1717 τι
877 1664 1163 1740 γνώρισμα
1216 1668 1314 1719 τοῦ
1364 1664 1497 1719 εἶναι
1545 1665 1636 1719 τὸν
1672 1666 1792 1719 Υἱὸν
1828 1665 1887 1720 ἐκ

222 1755 312 1805 τοῦ
364 1751 589 1828 Πατρὸς
636 1750 871 1823 τίθησιν,
923 1751 985 1807 οῦ
1018 1757 1298 1828 πανταχοῦ
1339 1754 1439 1823 τὴν
1489 1754 1782 1830 γέννησιν;
1823 1755 1884 1809 Τί

224 1835 306 1894 δαὶ
360 1843 465 1894 τοῦ
534 1839 872 1914 Πνεύματος,
932 1840 995 1895 ού
1045 1846 1326 1917 πανταχοῦ
1394 1843 1492 1911 τήν
1571 1842 1882 1920 έκπόρευσιν

221 1928 307 1982 καὶ
348 1928 418 1983 τὸ
468 1927 893 2005 ἐκπορεύεσθαι;
927 1929 995 1984 Εἴ
1044 1929 1221 1984 τοίνυν
1267 1930 1344 1992 ὡς
1394 1931 1518 2005 ὑμῖν
1569 1929 1700 2002 ἔστι,
1750 1930 1881 1986 σὺῶ
1913 1966 1960 2032 Β
1990 1961 2084 2016 Διὸ

224 2017 356 2092 πρὸς
416 2022 560 2072 Θεοῦ
606 2022 774 2072 ταῦτα
821 2018 945 2095 περὶ
997 2017 1201 2073 ἐκείνου
1258 2019 1708 2096 ἀποκρινόμενος,
1742 2020 1883 2076 ἐπει-

225 2103 317 2160 δὰν
348 2103 439 2160 ὅτι
480 2106 577 2160 καὶ
624 2104 684 2161 ἐκ
725 2111 823 2162 τοῦ
874 2107 998 2162 Υἱοῦ
1046 2104 1305 2183 λέγοντος
1334 2109 1396 2163 τὸ
1445 2114 1665 2182 Πνεῦμα
1720 2110 1882 2165 ἀκού-

224 2215 334 2257 σοις
364 2193 590 2265 αὐτίκα,
616 2194 799 2251 καὶτὸ
830 2194 1030 2260 ἐκεῖθεν
1081 2192 1227 2273 ἔχειν
1269 2198 1368 2265 τὴν
1415 2196 1636 2273 ὕπαρξιν
1686 2201 1883 2274 καθαρ-

227 2283 441 2357 πᾶξεις,
492 2283 603 2360 οὐχ
640 2285 771 2357 ὁρᾷς
818 2285 894 2347 ὡς
945 2279 1227 2358 ἀσύμϐατα
1273 2285 1361 2340 καὶ
1411 2284 1511 2340 οὐκ
1557 2286 1616 2341 ἂν
1669 2286 1883 2360 μᾶλλον

225 2372 482 2427 τάναντία
531 2372 611 2445 μή
660 2372 890 2428 συνιέναι
942 2371 1236 2445 ἀλλήλοις,
1266 2374 1303 2443 ἢ
1334 2378 1499 2429 ταῦτα
1541 2374 1571 2430 6'
1610 2396 1673 2451 γε
1718 2374 1881 2433 λελο-

218 2461 482 2537 γισμένος
529 2458 873 2537 ὁμολογήσει
898 2489 914 2532 ;
944 2462 1006 2518 Τί
1046 2463 1138 2517 τὸν
1179 2463 1437 2541 θεοφόρον
1482 2470 1598 2527 τοῖς
1646 2467 1882 2542 κενοφώ-

221 2571 336 2613 νοις
366 2551 702 2622 συντάττεις,
733 2551 824 2605 καὶ
860 2551 1174 2627 μαχόμενον
1202 2552 1394 2623 ἐπίσης
1450 2555 1623 2627 ἑαυτῷ
1678 2575 1734 2610 τε
1791 2557 1880 2610 καὶ

221 2653 337 2710 τοῖς
368 2646 575 2710 ἄλλοις
607 2645 907 2718 δεικνύεις;
940 2649 1112 2722 ἐαυτῷ
1156 2651 1250 2723 μὲν
1298 2650 1342 2705 εἰ
1390 2655 1479 2706 νῦν
1536 2652 1629 2724 μὲν
1670 2650 1881 2709 τελείαν

225 2735 283 2792 ἐκ
330 2741 433 2791 τοῦ
484 2736 698 2811 Πατρὸς
757 2737 859 2805 τήν
910 2736 1132 2814 ὕπαρξιν
1186 2736 1333 2816 λέγει
1390 2744 1487 2794 τοῦ
1543 2740 1876 2815 Πνεύματος,

221 2830 308 2879 νῦν
337 2823 397 2880 δὲ
447 2824 621 2895 αὑτὴν
658 2824 861 2896 ταύτην
904 2826 995 2881 καὶ
1044 2827 1104 2883 ἐκ
1146 2832 1243 2883 τοῦ
1288 2830 1415 2883 Υἱοῦ
1446 2827 1733 2905 ὁμολογεῖ⁹
1764 2837 1878 2893 τοῖς

224 2912 420 2977 ἰλλοις
478 2911 537 2969 δέ
602 2914 684 2969 ὅτι
751 2915 965 2970 πάντων
1010 2915 1068 2971 ἐκ
1112 2921 1207 2971 τοῦ
1256 2918 1465 2994 Πατρὸς
1516 2915 1875 2976 διδασκόντων

218 3004 278 3058 τὸ
309 3003 449 3058 εἶναι
496 3008 580 3075 τῷ
619 3003 918 3078 Πνεύματι,
955 3004 1114 3068 αὐτὸς
1163 3006 1253 3061 καὶ
1300 3007 1390 3061 τὸν
1439 3008 1559 3063 Υὶὸν
1590 3008 1725 3063 κατᾶ
1775 3010 1873 3078 τήν

221 3092 489 3169 ὑμετέραν
548 3091 806 3168 ἐξήγησιν
863 3091 1035 3149 αἴτιον
1082 3094 1336 3172 κηρύττει
1391 3101 1490 3151 τοῦ
1541 3096 1872 3172 Πνεύματος.

216 3180 295 3235 Οῦ
348 3181 455 3258 γὰρ
524 3180 753 3247 ἐνταῦθα
821 3183 1088 3259 τράνωσις
1163 3184 1418 3256 ἀληθείας
1482 3187 1510 3255 ἦ
1563 3189 1872 3263 προσθήκη,

216 3274 317 3324 τοῦ
360 3267 423 3325 δὲ
468 3270 656 3334 καλῶς
697 3269 919 3348 ἔχοντος
965 3270 1292 3346 ἐναντίωσις,
1327 3273 1498 3345 ἐξίσου
1545 3280 1662 3338 ταῖς
1713 3276 1872 3354 ὑπερ-

218 3354 418 3422 ϐολαῖς
473 3364 600 3421 ταῖς
652 3359 1182 3435 άντικαθισταμέναις
1238 3362 1378 3439 πρὸς
1422 3364 1519 3426 τὰς
1551 3364 1873 3438 μεσότητας.

219 3457 325 3516 Καὶ
383 3459 502 3532 μὴν
559 3456 608 3512 εἰ
666 3457 840 3521 οὕτως
898 3457 1043 3535 ἔχων
1103 3461 1177 3523 ὡς
1236 3459 1387 3516 αὐτοὶ
1446 3462 1876 3540 φιλονεικοῦντες

220 3568 377 3624 φατε,
412 3544 573 3601 αὖτοί
627 3567 691 3622 γε
733 3547 888 3621 ὑμεῖς
939 3548 1029 3602 καὶ
1075 3548 1252 3624 κριταὶ
1297 3554 1395 3605 τοῦ
1442 3552 1761 3627 πράγματος
1788 3552 1875 3627 γί-

216 3638 394 3693 νεσθε.
426 3635 641 3707 Ἔξεστι
688 3635 815 3700 τοὺς
873 3635 1077 3699 ἂΛλους
1121 3636 1540 3710 καταλιπόντας,
1592 3641 1645 3695 οἳ
1688 3645 1878 3696 τοσοῦ-

219 3744 306 3778 τον
382 3720 739 3799 διενηνόχασι
790 3722 1061 3799 Κύριλλον
1144 3726 1309 3798 μόνον
1387 3728 1729 3804 προσθέσθαι,
1784 3729 1875 3783 καὶ

217 3816 337 3874 πῶς
370 3808 606 3874 δικαίως
658 3816 738 3884 τῷ
791 3833 853 3889 γε
905 3819 1326 3892 καινοφωνοῦντι
1383 3816 1473 3871 καὶ
1533 3814 1674 3890 μηδὲ
1729 3816 1876 3891 αὐτῷ

217 3895 541 3974 συμϐαίνειν
601 3897 889 3971 δοκοῦντι;
946 3908 1273 3980 καινοφωνεῖ
1323 3905 1424 3980 γὰρ
1482 3904 1572 3961 καί
1630 3903 1691 3961 οὒ
1736 3928 1871 3980 συμ-

216 3985 415 4060 ϐαίνει,
477 3986 588 4065 εἷ’γε
641 3987 724 4044 δεῖ
781 3984 972 4066 βέϐαια
1049 3990 1249 4064 μένειν,
1314 3993 1446 4069 ἅπερ
1524 3994 1678 4068 ὑμεῖς
1749 3995 1874 4071 περὶ

213 4084 324 4134 τῶν
378 4077 590 4133 ἐκείνου
636 4078 951 4157 ψηφίζεσθε.
1004 4080 1099 4135 Ἐκ
1145 4081 1362 4157 Ματρὸς
1412 4082 1755 4159 ἐκπορεύεται
1810 4085 1874 4139 τὸ

216 4173 466 4241 Πνεῦμα,
508 4166 598 4223 καὶ
644 4168 782 4245 πρὸς
828 4164 1019 4224 ἕνωσιν
1069 4170 1385 4225 συνάπτεται
1439 4176 1518 4245 τῷ
1575 4173 1685 4245 Υὶῷ
1739 4173 1875 4228 κατᾶ

212 4257 301 4311 τὸν
352 4263 459 4325 τῆς
522 4255 951 4329 ὁμοουσιότητος
1002 4257 1190 4333 λόγον.
1242 4257 1517 4335 Κυρίλλου
1574 4261 1677 4338 γὰρ
1734 4260 1868 4331 αὕτη

216 4346 393 4424 ρων-ἠ,
446 4344 541 4399 καὶ
591 4344 747 4418 ὑμεῖς
794 4352 1261 4423 προσμαρτυρεῖτε
1331 4349 1421 4403 καὶ
1484 4348 1692 4406 τελείαν
1763 4357 1872 4407 Πα-

215 4435 405 4511 τρόθεν
454 4432 735 4512 ἐμφαίνειν
782 4439 881 4490 τοῦ
929 4435 1294 4511 Παρακλήτου
1339 4438 1439 4507 τὴν
1506 4437 1727 4515 ὕπαρξιν
1783 4438 1871 4495 λέ-

218 4545 363 4598 γετε.
405 4527 529 4580 Ποῦ
589 4520 783 4579 λοιπὸν
840 4529 921 4596 τῷ
979 4522 1210 4601 δευτέρῳ
1238 4526 1441 4596 τόπος;
1476 4529 1600 4590 Πῶς
1632 4530 1871 4600 σωθήσε-

214 4635 301 4668 ται
333 4614 420 4682 τὸ,
462 4616 588 4667 ’Ὁτι
640 4612 731 4667 καὶ
788 4612 848 4668 Ex
899 4618 996 4669 τοῦ
1051 4615 1180 4669 Υἱοῦ
1234 4614 1298 4670 τὸ
1359 4616 1595 4689 εἶναιτῷ
1625 4617 1870 4691 Πνεύμα-

2007 679 2280 757 δόγματος
2335 681 2479 759 ἔχειν
2542 682 2602 738 ἐκ
2650 686 2759 737 τῶν
2829 681 3012 759 Λόγων
3088 681 3305 737 ἐκείνων
3377 682 3644 758 πολέμιον

2006 770 2131 843 ὑμῖν
2164 769 2446 841 ἐπιστήσοι
2474 792 2559 834 τις
2583 790 2597 841 ;

2073 895 2297 968 Πνεῦμά
2353 895 2491 950 ἐστιν
2546 893 2605 950 ἐκ
2659 899 2790 950 Θεοῦ
2846 894 2935 949 καὶ
2992 896 3224 971 Πατρὸς,
3258 892 3393 950 ἴδιον
3440 893 3497 951 δὲ
3549 899 3640 953 καὶ

2001 981 2164 1037 αὐτοῦ
2217 988 2314 1039 τοῦ
2361 984 2489 1039 Υἱοῦ
2538 981 2935 1057 διαμεμήνυιιεν
2986 986 3022 1053 ἡ
3070 984 3289 1054 κλῆσις.
3321 985 3419 1040 Καὶ
3466 985 3634 1060 αὖθις,

2000 1070 2076 1133 ὡς
2133 1073 2227 1126 Ἐκ
2281 1071 2497 1148 Πατρός
2551 1073 2611 1127 τέ
2666 1072 2775 1127 ἐστι
2828 1073 2918 1127 καὶ
2974 1072 3026 1127 ἐν
3087 1074 3259 1151 ΙΙατρὶ
3313 1079 3549 1151 φυσικῶς
3607 1077 3635 1132 6

1998 1161 2144 1230 Υἱὸς,
2178 1159 2228 1230 ἐξ
2286 1161 2449 1216 αὐτοῦ
2507 1159 2565 1216 δὲ
2619 1161 2708 1216 καὶ
2767 1161 2818 1216 ἐν
2876 1161 3040 1234 αὐτῷ,
3070 1163 3133 1216 τὸ
3176 1159 3313 1218 ἴδιον
3363 1163 3526 1219 αὑτοῦ
3580 1186 3638 1220 τε

1997 1250 2089 1304 καὶ
2162 1253 2259 1304 τοῦ
2334 1251 2463 1305 Υἱοῦ
2531 1254 2769 1324 Πνεῦμα,
2822 1249 3093 1306 τουτέστιν
3165 1251 3230 1306 τὸ
3298 1252 3469 1328 ἅγιον,
3546 1254 3636 1309 καὶ

1998 1336 2216 1415 ἐπείπερ
2269 1336 2407 1394 ἐστίν
2463 1339 2523 1394 ἐκ
2577 1344 2673 1394 τοῦ
2741 1340 2976 1416 Πατρὸς,
3039 1336 3175 1395 ἴδιον
3258 1345 3479 1415 Πνεῦμα
3546 1343 3635 1397 καὶ

1998 1427 2163 1483 αὐτοῦ
2217 1433 2437 1501 νοεῖται,
2494 1427 2583 1483 καὶ
2637 1432 2759 1491 νοῦς
2814 1427 2976 1483 αὐτοῦ
3040 1428 3381 1502 ὀνομάζεται.
3426 1428 3524 1485 Καί
3581 1431 3633 1487 ἐν

1997 1513 2213 1579 ἄλλοις.
2272 1516 2335 1575 Εἰ
2402 1518 2505 1594 γὰρ
2586 1518 2826 1593 πρόεισιν
2901 1517 2959 1572 ἐκ
3031 1520 3243 1593 ΙΙατρὸς
3299 1520 3362 1574 τὸ
3418 1524 3638 1594 Πνεῦμα

1992 1604 2056 1660 τὸ
2114 1606 2292 1682 ἅγιον,
2322 1604 2451 1661 ἀλλ’
2480 1603 2697 1682 ἔρχεται
2755 1604 2825 1661 δι’
2874 1607 3023 1680 Υἱοῦ,
3054 1608 3145 1663 καὶ
3202 1603 3318 1684 ἔχει
3375 1608 3552 1664 τοίνυν
3606 1610 3635 1663 ὁ

1995 1694 2123 1756 Θεὸς
2152 1694 2241 1749 καὶ
2274 1696 2462 1772 Πατὴρ
2492 1694 2543 1766 ἐξ
2574 1696 2765 1750 ἑαυτοῦ
2791 1717 2851 1750 τε
2895 1697 2985 1750 καὶ
3042 1696 3093 1751 ἐν
3153 1697 3326 1769 ἑαυτῷ
3378 1698 3442 1753 τὸ
3500 1695 3634 1753 ἴδιον

1990 1787 2234 1857 Πνεῦμα,
2267 1780 2382 1859 ἔχει
2438 1788 2599 1839 τοῦτο
2657 1783 2709 1840 έν
2769 1785 2941 1857 ἑαυτῷ
2995 1785 3086 1840 καὶ
3144 1786 3171 1840 ὁ
3219 1786 3363 1859 Υἱὸς,
3414 1786 3631 1863 ἐπείπερ

1993 1870 2132 1928 ἐστὶν
2192 1871 2487 1947 ὁμοούσιος
2561 1871 2726 1945 αὐτῷ.
2788 1872 2886 1928 Καὶ
2944 1871 3107 1930 πάλιν
3185 1874 3236 1929 ἐν
3304 1882 3629 1951 Θησαυροῖς.

2141 1962 2230 2017 καὶ
2285 1963 2346 2016 τὸ
2403 1965 2622 2036 Πνεῦμα
2673 1962 2736 2017 τὸ
2784 1961 2843 2017 Ex
2884 1966 3037 2033 Θεοῦ,
3072 1962 3207 2033 εἶπε,
3241 1960 3503 2019 διδάσκων
3554 1964 3630 2026 ὡς

1993 2050 2053 2106 ἐκ
2107 2055 2204 2105 τοῦ
2258 2051 2475 2127 Πατρὸς
2532 2047 2649 2127 ἔχει
2711 2051 2810 2120 τὴν
2865 2050 3108 2126 ὕπαρξιν.
3152 2052 3249 2107 Καὶ
3310 2054 3511 2128 μακρὸν
3566 2052 3626 2108 ἂν

1992 2137 2076 2211 εἶή
2134 2140 2228 2203 τὰς
2282 2139 2407 2217 περὶ
2466 2144 2487 2167 ’⁸
2542 2143 2714 2203 πάσας
2773 2139 2971 2195 ἐκείνου
3055 2141 3235 2218 φωνὰς
3314 2141 3390 2205 εἷς
3471 2143 3629 2215 μέσον

1991 2235 2357 2305 προενεγκεῖν.
2409 2226 2587 2285 Ἀλλᾶ
2639 2229 2714 2303 τί,
2775 2227 2927 2307 φησί,
2982 2229 3048 2285 τό
3103 2229 3365 2306 ὑπάρχειν
3421 2230 3481 2286 Ex
3533 2236 3629 2287 τοῦ

1990 2319 2117 2372 Υἱοῦ
2179 2316 2453 2394 βούλεται,
2513 2318 2603 2373 καὶ
2657 2325 2733 2388 πῆ
2802 2319 2980 2397 φέρειν
3039 2319 3242 2382 ἐννοίας
3296 2317 3630 2397 λεγόμενον;

1991 2406 2201 2483 Φράσον
2236 2405 2302 2477 δὴ
2333 2407 2379 2463 εἰ
2413 2408 2488 2481 μὴ
2521 2411 2703 2485 σαφῶς
2733 2408 2833 2477 τὴν
2865 2407 2923 2463 Ex
2976 2412 3074 2463 τοῦ
3129 2408 3258 2463 Υἱοῦ
3311 2413 3409 2463 τοῦ
3464 2410 3630 2464 Πνεύ-

1992 2516 2161 2568 ματος
2220 2495 2441 2571 ὕπαρειν
2510 2495 2784 2572 βούλεται.
2817 2495 2890 2551 Οὐ
2944 2496 3105 2551 τοῦτό
3135 2518 3199 2572 γε
3231 2495 3483 2572 βούλεται
3539 2498 3630 2553 οὖ-

1989 2581 2197 2658 δαμῶς,
2230 2582 2372 2640 ἄλλο
2429 2582 2487 2643 δὲ
2524 2585 2554 2639 ’ὀ
2593 2584 2683 2639 καὶ
2738 2584 2823 2639 σοὶ
2886 2584 3208 2660 βουλομένῳ
3266 2583 3434 2655 δῆλόν
3493 2587 3627 2645 ἐστι.

1987 2672 2145 2742 Πλὴν
2207 2672 2268 2728 ἐκ
2317 2677 2413 2727 τοῦ
2462 2674 2612 2729 Υἰοῦ.
2645 2672 2721 2727 Σὺ
2753 2670 2811 2727 δὲ
2838 2670 2942 2728 οἷέι
2974 2671 3161 2737 ἄλλως
3194 2674 3392 2730 ἐκεῖνον
3454 2674 3625 2751 λέγειν

1988 2757 2257 2824 εὐσεϐείας
2318 2756 2445 2818 ὄντα
2503 2760 2847 2821 διδάσκαλον.
2907 2763 3006 2817 Καὶ
3077 2763 3238 2818 πόθεν
3307 2761 3539 2829 ἄλλοθεν
3597 2766 3625 2819 ὁ

1990 2851 2183 2927 μιαρὸς
2234 2846 2543 2922 κατεϐλήθη
2618 2850 2940 2928 Νεοτόριος;
2999 2851 3212 2926 Πέμπει
3283 2852 3345 2907 τὸ
3402 2854 3625 2927 Πνεῦμα

1986 2940 2215 3016 Χριστὸς
2283 2940 2518 3017 ἁγιάσαι,
2576 2941 2933 3010 ζωοποιῆσαι,
3001 2939 3377 3015 ἐλευθερῶσαι,
3453 2943 3624 3008 υἱοθε-

1982 3036 2164 3105 τῆσαι,
2220 3027 2490 3084 τουτέστιν
2547 3027 2748 3106 ἐνεργεῖ
2801 3026 2969 3085 ταῦτα
3025 3029 3117 3084 σὺν
3183 3034 3263 3102 τῷ
3318 3029 3620 3105 ΙΙνεύματι,

1982 3119 2019 3186 ἢ
2052 3115 2141 3173 διὰ
2193 3123 2290 3173 τοῦ
2346 3117 2679 3192 ΙΙνεύματος,
2717 3118 2753 3188 ἢ
2811 3117 2862 3173 ἐν
2927 3123 3006 3191 τῷ
3060 3117 3357 3192 ΙΙνεύματι,
3391 3119 3452 3175 ού
3511 3118 3622 3175 δια-

1984 3208 2239 3284 φέρομαι.
2272 3205 2512 3262 Ἐκτελεῐ
2555 3207 2649 3270 τὰς
2699 3206 3022 3280 θεοσημείας
3079 3204 3361 3281 ἅνθρωπος
3425 3205 3494 3263 δι’
3523 3207 3622 3282 ἐμὲ

1908 3328 1951 3396 C
1988 3295 2297 3371 γενόμενος·
2340 3301 2456 3360 πῶς
2518 3295 2738 3372 ἐνεργεῖ,
2791 3300 2908 3359 πῶς
2962 3295 3205 3367 ἐκτελεῖ;
3260 3296 3487 3373 πότερον
3547 3296 3621 3360 ὥς

1985 3405 2071 3446 τις
2124 3386 2230 3439 τῶν
2289 3384 2426 3440 κατὰ
2478 3381 2638 3461 χάριν
2687 3385 2786 3454 τὴν
2833 3382 3028 3441 ἄνωθεν
3055 3385 3215 3461 χάριν
3248 3383 3507 3461 ἐχόντων,
3537 3386 3627 3441 καὶ

1984 3473 2180 3549 ἀρετῆς
2226 3471 2518 3543 ἀντίδοσιν,
2562 3473 2817 3545 τοιαύτην
2862 3473 3169 3551 εἰληφότων
3212 3473 3411 3549 ἶσχύν;
3451 3472 3628 3530 ’Δλλά

1982 3566 2144 3618 τοῦτο
2203 3562 2295 3617 καὶ
2368 3561 2468 3617 οὐκ
2537 3558 2677 3618 ἄλλο
2728 3565 2765 3633 ὴ
2819 3562 3111 3637 Νεστορίου
3175 3562 3310 3618 κατᾶ
3392 3567 3625 3639 Χριστοῦ

1985 3650 2154 3707 λύττα
2232 3650 2323 3706 καὶ
2404 3650 2814 3727 παραφροσύνη.
2887 3648 3064 3706 Ἀλλᾶ
3140 3655 3295 3722 πῶς;
3355 3652 3444 3714 Ὠς
3500 3651 3623 3715 Υἱὸς

1985 3737 2199 3810 δηλαδή
2265 3740 2560 3816 μονογενὴς
2620 3743 2715 3793 τοῦ
2780 3740 2995 3815 Πατρὸς
3050 3738 3139 3794 καὶ
3171 3740 3298 3802 Θεὸς
3328 3738 3500 3817 φύσει,
3532 3740 3621 3795 καὶ

1979 3828 2044 3885 τὸ
2074 3828 2134 3883 ἐκ
2157 3832 2254 3883 τοῦ
2283 3829 2492 3905 Πατρὸς
2531 3832 2756 3902 Πνεῦμα
2803 3829 3040 3907 συμφυὲς
3087 3827 3231 3904 ἔχων
3274 3827 3365 3883 καὶ
3415 3829 3623 3901 ὁμοού-

1982 3938 2120 3975 σιον.
2151 3919 2269 3973 ’Ότι
2309 3914 2475 3992 δοτήρ
2507 3916 2664 3987 ἐστιν,
2698 3918 2773 3980 ὡς
2823 3915 3053 3993 εἷ’ρηται,
3098 3917 3187 3973 καὶ
3234 3917 3477 3995 χορηγὸς
3525 3924 3621 3975 τοῦ

1983 4004 2319 4079 ΙΙνεύματος,
2372 4006 2462 4060 καὶ
2518 4007 2546 4060 ὁ
2601 4005 2747 4082 παρὰ
2797 4010 2894 4061 τοῦ
2942 4005 3257 4080 ΙΙνεύματος
3335 4007 3617 4084 ἁγιασμὸς,

1980 4098 2016 4166 ἡ
2046 4096 2182 4172 πρὸς
2238 4095 2300 4150 τὸ
2357 4094 2614 4150 ἀθάνατον
2671 4097 2769 4165 τῆς
2828 4094 3039 4172 φύσεως
3074 4092 3434 4170 μεταϐολὴ,ἡ
3484 4097 3620 4170 πρὸς

1979 4183 2042 4239 τὸ
2097 4188 2339 4260 κρεῖττον
2396 4182 2735 4258 μετάστασις,
2790 4182 2952 4239 αὐτοῦ
3028 4183 3137 4239 ἐστι
3194 4183 3367 4263 φύσει,
3427 4184 3500 4247 ὡς
3559 4185 3619 4241 ἐκ

1977 4278 2074 4329 τοῦ
2130 4273 2344 4348 Πατρὸς
2396 4273 2487 4328 καὶ
2542 4273 2705 4329 αὐτοῦ
2760 4272 3099 4346 Πνεύματος.
3149 4274 3248 4328 Καί
3287 4294 3351 4349 γε
3402 4274 3465 4329 τὸ
3524 4274 3615 4329 ού-

1979 4360 2190 4425 σιωδῶς
2244 4366 2405 4417 τοῦτο
2460 4366 2541 4435 τῷ
2580 4359 2769 4435 δοτῆρι
2828 4360 3037 4435 μᾶλλον
3094 4363 3185 4417 καὶ
3236 4361 3466 4438 χορηγῷ
3520 4365 3615 4418 τοῦ

1978 4452 2292 4526 ΙΙνεύματος
2346 4450 2696 4529 προσάρμοζέ
2756 4472 2851 4525 μοι
2897 4450 2959 4506 σὺ
2988 4448 3127 4525 ⁴ἥπερ
3183 4449 3263 4523 τῷ
3320 4451 3614 4525 ΙΙνεύματι.

1978 4539 2203 4617 Ἐκείγῳ
2252 4538 2357 4616 γὰρ
2412 4537 2685 4613 Κύριλλος
2748 4538 3077 4615 ἀπανταχεῦ,
3128 4536 3375 4614 ἐλέγχων
3435 4537 3614 4617 ὥσπερ

1979 4626 2069 4684 διὰ
2094 4628 2290 4684 τούτου
2345 4627 2651 4704 Νεστόριον·
2709 4627 2798 4682 καὶ
2852 4628 2952 4703 γὰρ
3010 4625 3183 4689 οὕτως
3229 4622 3376 4703 ἔχει.
3434 4626 3612 4685 Ψιλὸν
3667 4650 3671 4654 ·

214 4721 306 4771 τις
371 4699 524 4795 λέγω
587 4698 652 4795 δξ
716 4706 805 4757 νῦν
868 4702 934 4795 ’ξᾶ
967 4703 1250 4795 Αὑμέτερα·
1310 4706 1417 4795 Ii};
1491 4705 1559 4795 εἴ,
1609 4703 1781 4769 αἷίτιος
1839 4708 1867 4763 ὃ
1897 4696 1944 4761 D
1980 4717 2074 4793 μὶν
2108 4717 2307 4780 ἐκεῖνος
2362 4696 2556 4795 ἔφασκε
2608 4717 2699 4772 τὸν
2756 4696 2955 4791 Κύριον
2984 4696 3433 4791 ἄνθρωπονζὸδὶ
3486 4717 3609 4772 Θεὸν

214 4790 540 4868 lavo-favi;
595 4789 757 4845 αὐτοῦ
811 4791 901 4846 καὶ
956 4791 1128 4869 ἀρχὴ,
1160 4796 1275 4855 πῶς
1302 4792 1512 4849 τέλειον
1545 4793 1605 4851 ἐκ
1650 4796 1863 4871 Πατρὸς

214 4881 350 4936 εἶναι
393 4881 463 4936 τὸ
511 4884 755 4954 Πνεῦμα,
812 4881 902 4936 καὶ
956 4881 1017 4937 ἐκ
1095 4881 1263 4956 μόνου
1333 4888 1431 4938 τοῦ
1491 4885 1701 4961 Πατρὸς
1769 4885 1861 4941 ἐκ-

210 4968 563 5043 πορεύεσθαι,
642 4967 673 5023 ὅ
729 4990 860 5047 φησι
939 4967 1234 5047 Κύριλλος,
1300 4970 1495 5047 Κύριον
1580 4970 1857 5046 διαμενεῖ;

207 5069 335 5143 Ἆρ’
391 5067 706 5130 αἰσθάνεσθε
749 5074 849 5137 τῆς
933 5064 1247 5147 διαφωνίας,
1307 5068 1439 5142 ὅσης
1514 5067 1598 5126 δεῖ
1648 5078 1860 5147 κρατεῖν

209 5158 269 5212 τὸ
302 5157 568 5233 ὑμέτερον
596 5176 610 5227 ;
645 5155 741 5211 Καὶ
784 5155 840 5212 τί
890 5157 964 5229 μὴ
1012 5162 1212 5234 σαφῶς,
1244 5160 1280 5228 ἢ
1320 5159 1486 5230 ἀτελῆ
1517 5161 1617 5231 τὴν
1650 5159 1711 5216 ἐκ
1762 5165 1858 5217 τοῦ

209 5247 426 5323 Πατρὸς
484 5244 709 5321 ὕπαρξιν
764 5250 863 5301 τοῦ
928 5247 1237 5319 ΙΙνεύματος
1299 5246 1502 5326 λέγετε,
1542 5248 1859 5324 τελειουμέ-

206 5357 304 5408 ’.ηδ
360 5332 419 5390 δὶ
468 5331 559 5389 διὰ
603 5339 701 5390 τοῦ
744 5336 895 5405 Υἱοῦ,
926 5336 962 5405 ἢ
992 5339 1248 5412 περιττήν
1295 5358 1417 5392 τινα
1455 5336 1543 5394 καί
1581 5344 1698 5403 τοῖς
1741 5351 1858 5403 θεο-

210 5423 405 5502 λόγοις
456 5421 677 5485 εἶκαίως
731 5421 1227 5499 παρειλημμένην;
1285 5424 1488 5498 ἐκείνην
1560 5429 1661 5504 γὰρ
1724 5429 1859 5483 πάν-

210 5533 315 5577 τως
372 5513 637 5583 τοιαύτην
697 5511 1041 5584 οἰηθήσεσθε,
1090 5510 1297 5592 σφόδρα
1332 5516 1432 5584 τήν
1467 5515 1527 5571 ἐκ
1579 5521 1678 5572 τοῦ
1732 5517 1860 5572 Υἱοῦ

214 5602 586 5679 ἆντεχόμενοι.
653 5602 722 5655 Ἢ
778 5599 830 5655 τί
892 5601 968 5673 μὴ
1024 5600 1269 5664 κάκείνας
1319 5607 1426 5658 τῶν
1464 5608 1562 5659 τοῦ
1621 5604 1859 5681 μεγάλου

216 5690 497 5770 Κυρίλλου
555 5694 755 5769 φωνῶν
817 5686 1057 5744 ἐκποδὼν
1099 5696 1324 5762 ποιεῖτε,
1356 5691 1472 5746 ὅσαι
1522 5700 1700 5771 σοφῶς
1758 5695 1855 5763 τὴν

216 5786 305 5837 τοῦ
363 5780 694 5858 Πνεύματος
750 5777 973 5856 ὕπαρξιν
1035 5777 1095 5834 ἐκ
1149 5785 1246 5836 τοῦ
1320 5786 1453 5837 Θεοῦ
1510 5782 1597 5839 καὶ
1647 5783 1859 5861 ΙΙατρὸς

1971 4806 2232 4878 ἀληθινὸν
2292 4800 2675 4883 προσλαϐόντα
2728 4806 2819 4861 τὸν
2853 4803 3151 4879 ἄνθρωπον·
3188 4809 3397 4882 μετοχῇ
3437 4805 3609 4862 ΙΙνεύο

1973 4916 2140 4969 ματος
2200 4895 2401 4958 ἐκεῖνος
2457 4893 2617 4971 χάριν
2704 4888 2889 4949 λαϐεῖν
2961 4892 3267 4969 ἐργάζεσθαί
3322 4893 3390 4949 τὰ
3443 4894 3612 4971 παρά-

1970 4981 2117 5057 δοξα,
2180 4983 2350 5056 οἷ’κείᾳ
2432 4981 2657 5057 δυνάμει
2741 4982 2897 5045 οὗτος
2942 4980 3031 5037 καί
3088 4982 3241 5060 φύσει
3294 4984 3609 5060 πηγαζούσῃ

1966 5075 2059 5129 τὸν
2119 5073 2402 5151 ἁγιασμὸν,
2462 5070 2588 5128 ἀλλ’
2646 5071 2745 5127 οὐκ
2801 5068 2989 5143 ἔξωθεν
3047 5071 3252 5148 ἐχούσῃ
3303 5071 3609 5148 ἐργάζεσθαι

1966 5162 2034 5218 τὰ
2089 5158 2382 5237 παράδοξα.
2441 5160 2542 5215 Καὶ
2600 5161 2764 5237 γὰρὸ
2821 5162 2944 5223 Υἱὸς
3005 5161 3081 5224 ὡς
3141 5161 3271 5224 Θεὸς
3330 5159 3608 5225 ούσιωδῶς

1969 5248 2084 5327 ἔχει
2141 5248 2347 5306 διδόναι
2405 5248 2494 5306 καὶ
2548 5255 2809 5327 χορηγεῖν
2864 5249 2953 5305 καὶ
3000 5251 3230 5324 πέμπειν
3268 5250 3333 5306 τὸ
3390 5255 3606 5325 Πνεῦμα

1966 5342 2028 5396 τὸ
2085 5341 2262 5416 ἅγιοτ,
2293 5339 2367 5402 ὡς
2425 5338 2569 5401 εἰκὸς
2632 5343 2799 5394 ταῦτα
2851 5344 3008 5396 νοεῖν.
3038 5341 3108 5395 Τὸ
3164 5337 3222 5395 δὲ
3270 5340 3386 5395 κατ’
3425 5338 3607 5396 οὐσίαν

1966 5433 2240 5506 πατρικῶς
2271 5428 2436 5483 εἰπεῖν
2490 5429 2602 5501 ἅμα
2654 5427 2745 5483 καί
2802 5422 3035 5491 εὐσεϐῶς
3072 5424 3194 5484 οὔτε
3224 5426 3454 5503 δίδοται,
3485 5425 3608 5485 οὔτε

1966 5515 2257 5591 πέμπεται,
2300 5516 2400 5572 οὐκ
2456 5517 2715 5593 ἐκχεῖται,
2775 5517 2837 5573 οὗ
2898 5515 3172 5594 δωρεῖται,
3224 5516 3290 5574 ού
3339 5517 3603 5595 χορηγεί-

1964 5627 2075 5673 ται,
2108 5606 2154 5661 εἰ
2188 5607 2287 5680 μὴ,
2319 5607 2393 5669 ὡς
2420 5603 2650 5682 εἷ’ρηται,
2686 5605 3002 5681 οἰκονομίας
3050 5606 3203 5683 λόγῳ
3258 5605 3348 5663 καὶ
3408 5626 3605 5684 συγκαο

1968 5690 2263 5757 ταϐάσεως.
2317 5693 2492 5750 ’Δλλὰ
2546 5695 2597 5749 τί
2662 5697 2736 5769 μὴ
2790 5694 2878 5751 καὶ
2935 5695 3097 5751 αὑτοῦ
3148 5693 3424 5771 Κυρίλλου
3478 5696 3601 5770 περῖ

1967 5782 2160 5839 τούτου
2215 5782 2519 5857 ἀκούομεν,
2552 5782 2709 5860 Λέγει
2765 5784 2947 5840 τοίνυν
2988 5782 3188 5847 ἐκεῖνος
3246 5783 3421 5860 λέγων
3477 5782 3602 5859 περὶ
