4118 6430
480 408 599 475 275

1504 410 1819 473 GEORGII
1864 408 2125 471 CYPRII
2169 407 2286 469 GP.
2331 408 2857 470 PATRIARCIIE

3753 409 3874 470 276

480 546 578 598 τοῦ
634 542 777 613 Υἱοῦ,
811 540 939 604 Θεός
992 539 1100 596 ἐστι
1155 539 1328 618 φύσει,
1360 539 1448 596 καὶ
1504 542 1566 596 τὸ
1624 539 1682 596 ἐκ
1736 544 1870 597 Θεοῦ
1905 540 2114 614 Πατρὸς
2153 542 2199 607 Α
2230 534 2367 613 ἔχει·
2400 537 2462 593 οὐ
2489 538 2591 614 γάρ
2629 540 2728 609 τὴν
2787 537 2953 607 αὐτὴν
3000 539 3313 615 ἁπανταχοῦ
3360 539 3448 594 καῖ
3500 538 3581 595 ἀεὶ
3640 538 3872 608 σώζουσι

486 630 909 708 ἐκπορευόμενον
969 635 1182 705 Πνεῦμα
1254 627 1437 693 διδοὺς
1517 629 1674 693 αὐτὸς
1744 635 1860 692 τοῖς
1930 629 2121 700 ἀξίοις,

483 721 573 776 καὶ
620 720 693 781 ὡς
751 716 860 790 ἰδίᾳ
916 717 1137 792 δυνάμει
1316 720 1442 794 παρ’
1469 719 1632 774 αὐτοῦ
1685 719 1990 795 χρώμενος.
2026 717 2123 772 Καὶ

482 812 643 864 τοῦτο
719 805 890 870 διατίς
946 811 1063 862 Ὅτι
1137 807 1449 881 ὁμοούσιον,
1509 808 1691 886 φησὶν,
1742 806 1880 862 ἔστιν
1959 806 2122 879 αὐτῷ,

484 898 574 952 καὶ
623 896 754 972 ὅπερ
803 895 862 951 ἂν
911 896 1151 971 γενέσθαι
1210 895 1433 972 λέγηται
1499 897 1643 972 παρὰ
1695 901 1791 951 τοῦ
1848 900 1979 951 Θεοῦ
2036 895 2123 949 καὶ

489 985 722 1061 Πατρὸς,
778 989 939 1041 τοῦτο
986 986 1201 1047 πάντως
1263 984 1373 1040 ἐστὶ
1421 982 1491 1040 δι’
1536 986 1661 1043 Υἰοῦ
1717 984 1769 1039 ἐν
1835 984 2121 1057 [Ινεύματι.

489 1073 643 1131 Ἀλλ’
673 1073 822 1137 ὅπως
870 1072 1015 1130 δόσιν
1065 1072 1274 1130 ἀκούων
1325 1076 1399 1148 μὴ
1447 1074 1736 1149 ἀλλότριόν
1783 1096 1835 1130 τι
1884 1081 1984 1144 τῆς
2030 1078 2128 1129 τοῦ

489 1170 805 1245 Πνεύματος
866 1174 1064 1245 νοήσῃς
1134 1169 1574 1247 μεγαλειότητος,
1640 1173 1708 1226 τά
1757 1178 1858 1242 τῆς
1934 1193 2125 1248 συγκα-

485 1255 760 1322 ταϐάσεως
803 1261 892 1316 καὶ
943 1259 1257 1333 οἰκονομίας
1310 1260 1529 1336 ῥήματα
1585 1261 1661 1322 εἰς
1728 1260 1892 1330 αὐτὴν
1951 1261 2126 1339 φέρων

490 1350 655 1414 τιθεὶς
698 1350 798 1419 τὴν
846 1353 943 1404 τοῦ
994 1348 1355 1422 Παρακλήτου
1402 1348 1609 1419 οὐσίαν,
1644 1348 1833 1426 βούλει
1877 1350 1965 1404 καὶ
2015 1351 2126 1405 ἐτέ-

495 1458 590 1513 ραν
647 1437 820 1492 αἰτίαν
871 1438 1092 1492 ἀκοῦσαι
1139 1442 1258 1499 πῶς
1314 1435 1627 1507 οὐσιωδῶς;
1676 1441 1816 1511 Ὅτι,
1861 1439 2043 1517 φησὶν,
2093 1442 2129 1509 ἡ

493 1531 592 1582 τοῦ
652 1524 858 1603 Πατρὸς
888 1523 1118 1597 ἰδιότης,
1152 1525 1295 1581 ἀλλά
1357 1528 1431 1600 μὴ
1484 1528 1583 1596 τήν
1640 1530 1738 1596 τῆς
1789 1528 2129 1590 ὑποστάσεως

495 1615 719 1680 ἐνταῦθα
748 1617 1243 1692 χαρακτηριπικήν
1279 1613 1526 1686 ἰδιότητα
1570 1618 1789 1691 νοήσῃς,
1819 1618 1883 1673 τὸ
1931 1615 1989 1672 δὲ
2033 1624 2133 1687 τῆς

497 1703 707 1783 φύσεως
790 1704 987 1760 οἰκεῖον
1065 1704 1153 1759 καὶ
1218 1705 1432 1781 γνήσίον
1495 1706 1786 1782 ἐνυπάρχει
1851 1711 1929 1779 τῷ
1999 1708 2134 1761 κατὰ

499 1792 654 1871 φύσιν
710 1793 800 1848 καὶ
849 1792 901 1864 ἐξ
958 1792 1121 1848 αὐτοῦ
1182 1793 1490 1871 γεννηθέντι
1548 1794 1730 1873 Λόγῳ.
1767 1798 1885 1850 Ἔτι
1959 1800 2134 1865 ζητεῖς

2234 628 2459 701 δύναμιν
2494 629 2547 682 a1
2596 628 2788 705 φωναί.
2823 629 3021 683 ’Δκουε
3068 628 3313 703 Μαξίμου
3358 632 3453 683 τοῦ
3501 629 3640 683 πάνυ
3689 626 3875 705 λέγον-

2229 737 2344 788 τος,
2408 715 2581 772 Ἀλλά
2648 714 2789 789 μηδὲ
2854 718 3186 793 παραγωγάς
3259 738 3407 780 τινας
3480 718 3571 772 καὶ
3647 736 3874 793 σχημα-

2230 804 2458 878 τισμοὺς
2515 804 2678 860 πάλιν
2737 805 2969 859 ἐπινοεῖν
3012 804 3063 859 ἐν
3096 811 3214 867 τοῖς
3268 806 3391 882 περὶ
3449 809 3583 861 Θεοῦ
3643 805 3874 879 ὀνόμασι

2234 893 2513 955 Βασίλειος
2544 895 2572 948 ὁ
2608 895 2775 968 μέγας
2826 892 3191 950 διακελεύεταί
3241 912 3346 949 σοι’
3403 892 3544 968 μηδέ
3598 895 3690 950 τὸν
3747 895 3873 949 Υἰὸν

2236 984 2411 1059 ἀρχὴν
2460 980 2582 1059 λέγε
2627 987 2723 1037 τοῦ
2774 983 3103 1056 Ιῐνεύματος,
3149 983 3178 1038 ’ὀ
3231 980 3421 1057 μηδεὶς
3471 982 3702 1060 εἶ’ρηκεν.
3737 980 3880 1039 Οὐδὲ

2236 1069 2526 1147 Κύριλλος·
2569 1071 2613 1125 εἰ
2662 1073 2765 1148 γὰρ
2813 1068 2954 1146 ᾔδει,
2987 1072 3086 1127 οὐκ
3132 1071 3191 1127 ἂν
3241 1072 3299 1127 ἐκ
3348 1077 3445 1129 τοῦ
3498 1074 3624 1127 Υἰοῦ
3680 1070 3876 1143 δεῆσαν

2237 1160 2402 1215 εἰπεῖν
2460 1161 2522 1214 τὸ
2580 1165 2819 1233 Πνεῦμα,
2876 1165 3106 1217 τοσαῦτα
3190 1159 3634 1238 προσδιωρίζετο,
3694 1160 3880 1239 ὥσπερ

2237 1246 2430 1310 δεδιὼς
2490 1251 2564 1322 μή
2622 1269 2707 1310 τις
2762 1249 2820 1304 ἐκ
2877 1250 3071 1304 τούτου
3117 1250 3374 1319 τοιαύτην
3405 1251 3568 1327 σγοίη
3604 1251 3879 1321 ὑπόνοιαν,

2239 1343 2308 1401 δι’
2337 1345 2501 1401 αὐτοῦ
2556 1351 2866 1423 προχεῖται,
2916 1353 3261 1425 χορηγεῖται,
3292 1347 3420 1404 ἀλλ’
3466 1346 3600 1404 ἴδιον
3648 1350 3739 1405 καὶ
3780 1348 3884 1405 οὐκ

2238 1433 2427 1508 ἔξωθεν
2490 1435 2802 1507 ὑποστατὸν,
2833 1434 2957 1491 ἀλλ’
2988 1437 3088 1491 οὐκ
3145 1437 3458 1514 ἀλλότριον.
3511 1435 3665 1495 Ἀλλ’
3718 1438 3882 1494 ἐκπο-

2241 1523 2446 1599 ρεύεται
2502 1525 2595 1596 μὲν
2648 1525 2706 1579 ἐκ
2738 1526 2969 1601 ΙΙατρὸς,
3001 1522 3111 1580 ἔστι
3164 1523 3221 1581 δὲ
3276 1526 3377 1581 οὐκ
3432 1524 3723 1605 ἀλλότριον
3779 1534 3883 1585 τοῦ

2240 1614 2389 1685 Υἰοῦ,
2424 1612 2474 1684 ἐξ
2531 1614 2732 1691 ἀμφοῖν
2787 1612 3089 1687 οὐσιωδῶς,
3147 1614 3183 1684 ἢ
3244 1615 3302 1670 ἐκ
3352 1617 3565 1692 Ιῐατρὸς
3623 1614 3693 1672 δι’
3751 1619 3883 1674 Υἱοῦ

2240 1702 2634 1778 προχεόμενον.
2668 1702 2729 1757 Τί
2778 1723 2885 1773 σοι,
2915 1704 2962 1757 ὦ
3006 1704 3144 1774 πρὸς
3191 1709 3348 1776 Θεοῦ,
3374 1703 3624 1762 δοκοῦσιν
3676 1707 3729 1762 01
3782 1729 3885 1782 με·-

2244 1791 2451 1867 ρισμοὶ,
2539 1792 2589 1845 01
2664 1790 3106 1868 προσδιορισμοὶ,
3184 1793 3247 1849 τὸ
3330 1793 3736 1873 ἐφερμηνεύειν,
3815 1795 3887 1851 τὸ

501 1880 681 1953 διατί;
729 1885 868 1954 Ὅτι,
946 1883 1099 1961 φησὶ,
1164 1888 1243 1955 τῷ
1310 1891 1410 1980 τῆς
1476 1884 1902 1958 ὁμοουσιότητος
1987 1884 2137 1961 λόγῳ
2168 1916 2214 1980 Β
2243 1880 2569 1980 θεραπεύειν,
2611 1882 2680 1980 τὸ
2730 1878 3151 1980 κεκολασμένοχ,
3181 1885 3216 1953 ἡ
3267 1880 3704 1980 ἐπιδιόρθωσιςᾏςᾳ
3733 1887 3891 1980 ’Ἆρά

500 1979 763 2041 συνῆπται
807 1976 888 2044 τῷ
943 1973 1054 2045 Υίῷ
1118 1973 1251 2047 πρὸς
1325 1969 1533 2046 ἕνωσιν,
1584 1975 1672 2029 καὶ
1743 1974 1802 2029 ἐκ
1860 1978 1955 2029 τοῦ
2005 1978 2138 2029 Θεοῦ

501 2058 592 2117 καὶ
646 2061 857 2135 ΙΙατρὸς
916 2059 1279 2137 ἐκπορεύεται.
1338 2060 1445 2118 Καὶ
1498 2061 1684 2132 πάλιν,
1717 2061 1799 2118 ὅτι
1854 2063 2135 2138 ἐκπορεύεοη

500 2170 611 2221 ται,
642 2149 821 2228 φησίν,
853 2149 912 2205 ἐκ
938 2154 1035 2205 τοῦ
1088 2151 1322 2225 Ιῐατρὸς,
1355 2148 1464 2206 ἔστι
1517 2150 1574 2207 δὲ
1620 2152 1772 2225 ὅμως
1815 2151 1913 2208 οὐκ
1968 2151 2136 2209 ἀλλό-

500 2258 649 2313 τριον
697 2243 795 2294 τοῦ
847 2240 973 2294 Υἰοῦ
1020 2241 1154 2295 κατὰ
1196 2237 1287 2295 τόν
1332 2246 1433 2310 τῆς
1483 2240 1665 2303 οὐσίας
1698 2240 1887 2316 λόγον·
1916 2241 2006 2296 καὶ
2055 2240 2137 2297 δτι

498 2327 664 2385 πάλιν
739 2326 993 2405 ἀρρήτως
1065 2327 1124 2384 ἐκ
1194 2333 1290 2384 τοῦ
1347 2329 1561 2405 Πατρὸς
1629 2328 1992 2406 ἐκπορεύεται·
2051 2328 2141 2386 διὰ

497 2421 597 2472 τοῦ
641 2417 770 2472 Υἰοῦ
827 2414 886 2472 δὲ
931 2422 1251 2494 χορηγεῖται
1291 2422 1359 2493 τῇ
1407 2418 1598 2477 κτίσει.
1648 2419 1831 2483 Οὕτως
1881 2420 1910 2475 ὁ
1971 2421 2138 2497 μέγας

500 2505 631 2586 φησί
676 2503 975 2583 Κύριλλος.
1006 2504 1106 2561 Καὶ
1152 2505 1215 2562 σύ
1261 2528 1325 2583 γε
1369 2507 1698 2582 πέμπεσθαι,
1759 2511 2138 2587 χορηγεῖσθαι,

499 2603 848 2678 προχεῖσθαι,
908 2599 1148 2668 δίδοσθαι
1223 2603 1369 2681 παρά
1439 2609 1536 2659 τοῦ
1606 2604 1818 2682 ῙΙατρδς
1889 2604 1978 2660 καὶ
2044 2610 2140 2661 τοῦ

502 2691 652 2761 Υἱοῦ,
694 2688 772 2746 ἔτι
820 2688 879 2747 δὲ
914 2690 1004 2747 καὶ
1056 2693 1318 2769 ὑπάρχειν
1367 2693 1455 2749 καὶ
1503 2694 1747 2772 προϊέναι
1802 2695 1865 2750 τὸ
1924 2699 2142 2769 Πνεῦμα

506 2777 734 2852 ἀκούων,
813 2780 890 2854 μὴ
983 2782 1306 2860 καταφέρου,
1383 2780 1524 2856 μηδὲ
1601 2785 1919 2855 κατάπιπτε,
1994 2781 2141 2839 ἀλλὰ

500 2872 621 2930 ταῖς
686 2862 922 2943 ὑιμηλαῖς
982 2871 1072 2925 καὶ
1146 2871 1461 2949 θεοπρεπέσι
1545 2872 1779 2946 μάλιστα
1847 2872 1968 2950 περὶ
2044 2878 2140 2928 τοῦ

503 2956 816 3031 ΙΙνεύματος
875 2957 1098 3022 ἐννοίαις
1154 2959 1556 3037 ἐρηρεισμένος,
1614 2961 1702 3016 καὶ
1776 2963 1867 3017 τὸν
1929 2962 2142 3039 ΙΙατέρα

508 3045 671 3117 μόνον
697 3049 883 3122 πηγὴν
922 3055 1025 3118 τῆς
1075 3048 1331 3120 θεότητος
1375 3048 1531 3112 εἰδὼς
1579 3051 1668 3105 καὶ
1714 3050 1909 3115 αἰτίαν,
1939 3050 2138 3106 καταλ-

505 3132 694 3205 λῆλως
750 3141 865 3198 τοῖς
916 3138 1230 3213 προσώποις
1288 3139 1386 3206 τὴν
1461 3137 1739 3215 θεολογίαν
1811 3135 2138 3213 ἐκλάμϐανε,

507 3217 648 3293 μηδὲ
689 3220 818 3284 τοὺς
866 3223 1086 3299 καιροὺς
1151 3226 1508 3301 παρατρέχων
1571 3225 1944 3299 ἀνεξετάστως,
2001 3225 2141 3299 μηδὲ

501 3309 597 3372 τὰς
640 3309 996 3387 περιστάσεις,
1050 3312 1105 3367 αἳ
1161 3312 1290 3375 τοὺς
1360 3311 1561 3389 λόγους
1643 3315 1911 3387 ἐκίνησαν.
1968 3316 2141 3391 Ταύτῃ

502 3418 587 3453 τοι
636 3397 726 3453 καί
772 3399 832 3455 ἐκ
876 3404 971 3455 τοῦ
1022 3402 1234 3478 ΙΙατρὸς
1281 3402 1373 3476 μὲν
1404 3402 1616 3459 πίστευε
1647 3402 1730 3460 ὅτι
1763 3406 1908 3482 ἀρχὴ
1942 3406 2139 3483 φυσική

504 3487 634 3541 Υἲοῦ
689 3488 778 3542 καὶ
837 3488 1177 3562 ΙΙνεύματος,
1233 3496 1556 3567 προχεῖσθαι
1634 3493 1722 3547 καὶ
1789 3497 2140 3570 χορηγεῖσθαι

505 3573 595 3630 καὶ
649 3575 910 3653 ὑπάρχειν
969 3577 1045 3640 ὡς
1106 3577 1156 3652 ἐξ
1222 3579 1394 3642 αἰτίας
1469 3580 1746 3653 τοιαύτης,
1797 3582 1858 3638 ἐκ
1925 3580 1982 3638 δὲ
2044 3587 2141 3638 τοῦ

507 3664 661 3735 Υἰοῦ,
693 3664 768 3727 ὡς
812 3666 1108 3739 ὁμοουσίου
1158 3669 1248 3723 καὶ
1298 3669 1595 3747 ὁμοφυοῦς,
1629 3670 1703 3733 ὡς
1750 3670 1799 3744 ἐξ
1848 3671 2051 3727 ἐκείνου
2096 3674 2142 3744 ᾧ

510 3753 827 3809 συνάπτεται
897 3760 976 3828 τῷ
1045 3763 1146 3826 τῆς
1219 3758 1646 3831 ὁμοουσιότητος
1725 3757 1895 3836 λόγῳ,
1966 3760 2018 3815 ἐν
2096 3761 2142 3833 ᾧ

511 3841 830 3897 ἀναπαύεται
908 3843 998 3898 καὶ
1085 3841 1319 3922 ἵδρυται,
1395 3847 1485 3902 καὶ
1570 3847 1955 3924 ἀνεκφοίτητον
2041 3851 2141 3919 τὴν

514 3941 684 4013 μονὴν
740 3946 996 4010 ποιεῖται,
1037 3941 1096 3998 ἐκ
1142 3944 1355 4019 ΙΙατρὸς
1414 3944 1856 4022 ἐκπορευόμενον.
1889 3947 2141 4023 ’Υπάρχει

509 4027 571 4084 ἐκ
614 4033 711 4084 τοῦ
759 4031 886 4085 Υἱοῦ
931 4030 994 4086 τὸ
1043 4033 1283 4107 Πνεῦμα,
1330 4031 1599 4109 Κύριλλος
1645 4036 1877 4109 εἴρηκεν,
1911 4034 2038 4091 ἀλλ’
2080 4035 2140 4091 οὐ

510 4116 581 4175 δι’
631 4118 794 4189 αὐτὴν
850 4118 1013 4175 αὐτοῦ
1064 4122 1163 4191 τὴν
1214 4120 1486 4196 οὐσίωσιν,
1536 4122 1595 4179 ἐκ
1640 4123 1805 4198 μόνου
1848 4126 1951 4202 γὰρ
2008 4124 2140 4196 αὕτη

506 4210 604 4262 τοῦ
662 4207 894 4283 ΙΙατρὸς,
950 4205 1039 4263 διὰ
1086 4207 1144 4264 δὲ
1195 4214 1293 4265 τοῦ
1362 4210 1675 4285 ΙΙνεύματος
1731 4218 1827 4268 τοῦ
1883 4234 2142 4269 συναπτο-

513 4296 672 4371 μένου
716 4297 796 4370 τῷ
842 4298 951 4371 Υἰῷ
993 4299 1138 4374 παρά
1164 4303 1261 4354 τοῦ
1292 4302 1522 4377 Ῑῐατρὸς,
1554 4301 1642 4357 καὶ
1675 4300 1727 4356 ἐν
1758 4301 1903 4374 αὐτῷ
1954 4303 2143 4376 μένον-

508 4407 601 4448 τος
660 4385 977 4460 ἀπόλαμψιν
1034 4388 1123 4442 καὶ
1181 4389 1498 4466 φανέρωσιν·
1558 4389 1857 4469 ἐκφαίνεται
1904 4392 2007 4468 γὰρ
2057 4389 2147 4447 διὰ

508 4479 607 4530 τοῦ
658 4477 781 4530 Υἳοῦ
832 4476 920 4531 καὶ
980 4474 1246 4550 ἐκλάμπει
1313 4477 1372 4533 ἐκ
1428 4479 1635 4555 ΙΙατρός
1696 4479 2142 4556 ἐκπορευόμενον,

512 4565 772 4640 Ὑπάρχει
830 4564 889 4620 ἐκ
940 4569 1036 4619 τοῦ
1085 4567 1231 4639 Υἰοῦ,
1264 4564 1389 4621 ἀλλ’
1436 4566 1559 4623 ὅταν
1615 4568 1691 4631 ὡς
1750 4571 2143 4647 φανερούμενον

2248 1989 2334 2024 σοι
2385 1968 2558 2042 μάτην
2607 1968 2945 2045 ἐπεσωρεύθη
3007 1967 3174 2044 μηδὲν
3231 1973 3580 2047 σημαίνοντα,
3612 1971 3754 2030 ἀλλὰ
3804 1977 3886 2048 μή

2248 2056 2594 2113 διδασκαλίαν
2674 2057 2868 2135 ἐναργῆ
2929 2058 3062 2114 εἶναι
3116 2063 3214 2114 τοῦ
3267 2061 3357 2116 τὸν
3434 2062 3555 2117 Υἰὸν
3611 2059 3891 2136 μηδαμῶς

2249 2146 2503 2217 οἰηθῆναι
2559 2152 2655 2202 τοῦ
2714 2148 3032 2221 Ιῐνεύματος
3087 2146 3298 2218 αἶ’τιον;
3359 2151 3502 2225 Ἐγὼ
3554 2152 3651 2225 μὲν
3707 2151 3889 2225 οἶμαι.

2247 2236 2315 2289 Ἦ
2345 2236 2397 2290 τί
2445 2256 2575 2291 ποτε
2606 2234 2732 2312 οᾶρα
2790 2236 3133 2313 προσίστατο,
3167 2237 3347 2315 ὥσπερ
3404 2238 3464 2294 ἐκ
3516 2243 3615 2294 τοῦ
3671 2240 3895 2316 ΙΙατρὸς

2249 2322 2362 2379 οἶδε
2391 2325 2479 2379 καί
2510 2325 2787 2399 κηρύττει,
2821 2325 2965 2381 οὕτω
3021 2347 3126 2381 που
3183 2326 3435 2404 ἐμφανῶς
3493 2326 3673 2405 λέγειν
3730 2328 3895 2385 ἐκπο-

2249 2414 2489 2490 ρεύεσθαι
2545 2414 2634 2469 καὶ
2692 2415 2751 2469 ἐκ
2805 2418 2902 2469 τοῦ
2958 2416 3101 2485 Γίοῦ,
3159 2414 3248 2471 καὶ
3302 2421 3469 2471 ταῦτα
3518 2418 3609 2472 τὸν
3675 2419 3896 2494 Πατέρα

2246 2503 2337 2557 καὶ
2369 2500 2550 2557 εἰδότα
2593 2501 2683 2557 καί
2734 2501 3105 2576 ὀνομάζοντας
3138 2504 3173 2574 ἢ
3214 2503 3430 2568 πάντως
3484 2505 3748 2575 ἠπίστατο
3793 2508 3889 2562 τὸν

2248 2588 2411 2667 λόγον
2461 2591 2535 2653 εἷς
2589 2588 2848 2667 δυαρχίαν
2900 2592 3147 2670 φέροντα.
3189 2593 3292 2650 Καὶ
3340 2592 3525 2657 καλῶς
3584 2595 3889 2671 μοναρχίαν

2248 2679 2408 2742 αὐτὸς
2471 2684 2786 2757 προσκυνῶν
2858 2681 2948 2735 καὶ
3026 2678 3292 2737 διδάσκων
3370 2678 3623 2758 εὐσεϐῶς,
3683 2683 3890 2740 ἐκεῖνον

2249 2768 2324 2832 ὡς
2382 2768 2656 2830 ἀπωλείας
2730 2767 2950 2847 διέφυγε
3019 2770 3293 2846 πρόξενον.
3364 2772 3439 2827 Σὺ
3517 2771 3573 2829 δέ
3646 2773 3891 2853 φιλονει-

2246 2862 2417 2929 κήσας
2475 2859 2562 2913 καὶ
2621 2855 2718 2930 ἔτι,
2749 2859 2840 2913 καὶ
2898 2858 3086 2930 όξύνας
3138 2861 3335 2923 ἱκανῶς
3383 2863 3481 2931 τὴν
3540 2864 3748 2941 φωνὴν,
3789 2864 3891 2927 τὰς

2251 2947 2516 3025 ἀφύκτους
2577 2968 2672 3002 σου
2729 2947 3023 3021 ἐρωτήσεις
3077 2949 3166 3004 καὶ
3214 2952 3498 3026 καρτεράς,
3531 2951 3609 3014 ὡς
3657 2949 3778 3023 οἰέι,
3811 2953 3891 3015 ὡς

2250 3035 2296 3091 δ’
2347 3036 2451 3113 ἐγώ
2503 3058 2668 3115 φημι,
2720 3038 2915 3109 σαθράς
2972 3038 3062 3092 καὶ
3151 3038 3527 3115 μειρακιώδεις
3582 3042 3889 3116 προσάξεις.

2252 3135 2347 3189 Καὶ
2425 3138 2540 3196 πῶς
2606 3156 2767 3212 φησιν
2841 3134 3039 3198 ἐκεῖνος
3100 3134 3152 3206 ἐξ
3216 3136 3381 3191 αὐτοῦ
3452 3143 3715 3216 φυσικῶς,
3771 3144 3891 3202 πῶς

2253 3224 2516 3298 προϊέναι,
2549 3227 2666 3285 πῶς
2717 3224 2779 3278 τὸ
2834 3222 2922 3278 καὶ
2980 3224 3041 3278 τὸ
3090 3222 3417 3300 ἐρωτήσεις;
3451 3224 3607 3282 Ἀλλ’
3665 3226 3890 3303 ἀντερή-

2170 3281 2213 3349 C
2253 3281 2416 3386 σδμαί
2463 3333 2520 3367 σε
2563 3312 2733 3388 κάγὼ,
2791 3316 2906 3375 πῶς
2967 3281 3128 3387 μόνος
3200 3313 3291 3368 καὶ
3367 3315 3571 3391 κυρίως
3631 3281 3802 3379 αἶ’τιος
3844 3281 3891 3372 ,ὁ

2250 3403 2437 3477 Πατὴρ
2491 3405 2589 3456 τοῦ
2647 3399 2982 3475 ιΙνεύματος,
3016 3400 3062 3456 εἰ
3119 3402 3207 3457 καὶ
3240 3403 3268 3457 ὁ
3318 3403 3475 3474 Υἱός;
3520 3408 3638 3467 πῶς
3694 3405 3889 3482 mox-,5;

2249 3494 2366 3553 πῶς
2411 3490 2548 3564 μόνη
2600 3491 2793 3565 πηγή;
2827 3490 2925 3545 Ναί
2965 3512 3149 3569 φησιν,
3183 3489 3367 3561 ἐπειδὴ
3413 3490 3472 3547 ἐκ
3517 3498 3612 3548 τοῦ
3641 3494 3769 3549 Υἳοῦ
3817 3495 3894 3557 ὡς

2251 3581 2451 3655 ἀρχῆς.
2483 3581 2539 3632 '0
2570 3576 2627 3633 δὲ
2658 3579 2782 3641 Υἱὸς
2811 3577 2870 3634 ἐκ
2915 3584 3011 3634 τοῦ
3061 3580 3292 3656 ΙΙατρὸς,
3326 3577 3415 3635 διὰ
3466 3585 3627 3637 τοῦτο
3681 3583 3771 3637 καὶ
3825 3583 3893 3638 τὸ

2253 3670 2469 3740 Πνεῦμα
2524 3668 2583 3723 ἐκ
2634 3672 2731 3722 τοῦ
2788 3667 3021 3742 Πατρός,
3079 3669 3379 3745 Ὑπέρευγεν
3438 3669 3513 3733 ὡς
3585 3669 3661 3734 εἰς
3733 3671 3895 3748 ἀνάῤ-

2253 3757 2377 3834 ῥουν
2433 3757 2559 3830 ὑμῖν
2614 3758 2643 3812 ὁ
2686 3757 2881 3831 σεμνὸς
2936 3764 3047 3837 τῆς.
3097 3757 3432 3835 αἰτιολογίας
3484 3757 3649 3835 λόγος
3691 3766 3888 3836 χωρεῖ.

2246 3846 2408 3916 Ῐιλήν
2460 3847 2592 3919 ἅπερ
2659 3845 2828 3923 ἐχρῆν
2883 3849 3034 3920 ἡμᾶς
3090 3843 3180 3901 διὰ
3247 3851 3465 3924 μακρῶν
3524 3848 3662 3925 πρὸς
3724 3854 3896 3905 ταῦτα

2253 3934 2437 4008 εἰπεῖν,
2474 3936 2608 4008 μετά
2660 3939 2828 3990 ταῦτα
2873 3935 3164 4011 εἰρήσεται·
3215 3937 3330 3991 νυνί
3375 3935 3433 3992 δὲ
3476 3938 3551 4000 ὡς
3584 3936 3643 3993 ἐκ
3669 3938 3896 4015 προχεί-

2255 4044 2349 4099 ρου
2382 4022 2652 4101 Κύριλλον
2710 4023 2799 4078 καὶ
2856 4027 2963 4078 τῶν
3014 4022 3266 4099 λογάδων
3319 4024 3491 4089 ἐνίους
3538 4026 3721 4090 αὐτοῖς
3779 4027 3898 4083 ἐπι-

2251 4116 2538 4185 στήσαντες
2612 4117 2709 4168 τοῦ
2771 4112 3022 4167 τοιούτου
3080 4111 3605 4191 ἀπαλλαγησόμεθα.
3649 4116 3709 4171 Τί
3761 4114 3895 4195 φῂς,

2254 4204 2298 4257 ὦ
2342 4199 2529 4272 οῦτος;
2561 4206 2659 4257 τοῦ
2716 4199 2993 4279 Κυρίλλου
3051 4197 3197 4279 ἔχεις
3253 4208 3475 4259 τοιαῦτα
3529 4209 3637 4260 τῶν
3690 4202 3898 4281 δογμά-

2250 4312 2357 4347 των
2418 4287 2600 4347 λαϐὼν
2656 4295 2762 4346 ποῦ
2820 4312 2952 4347 ποτε
3024 4291 3321 4366 εἰρηκότος,
3381 4298 3485 4348 ποῦ
3557 4295 3893 4370 γράψαντος;

2253 4378 2527 4457 Κύριλλὸς
2587 4402 2671 4435 σοι
2727 4380 2810 4435 ὅτι
2858 4380 2917 4435 ἐκ
2943 4385 3040 4436 τοῦ
3072 4382 3198 4436 Υἰοῦ
3225 4382 3289 4437 τὸ
3320 4387 3556 4456 Πνεῦμα,
3591 4380 3681 4440 διὰ
3731 4389 3894 4440 τοῦτο

2254 4470 2313 4525 ἐκ
2365 4474 2462 4524 τοῦ
2522 4470 2748 4546 Πατρός.
2783 4469 2884 4526 Καὶ
2946 4471 3052 4543 μὴν
3110 4472 3171 4526 τὸ
3227 4469 3456 4527 ἐναντίον
3516 4471 3718 4536 ἐκεῖνος
3770 4475 3891 4551 βοᾷ·

2256 4569 2349 4623 Ἐκ
2400 4572 2501 4623 τοῦ
2562 4568 2775 4644 ιῐατρὸς
2834 4566 3197 4644 ἐκπορεύεται,
3256 4569 3575 4625 συνάπτεται
3645 4575 3727 4644 τῷ
3791 4579 3895 4643 τῆς

515 4657 748 4727 νοῶμεν,
806 4652 929 4708 ὅταν
1008 4649 1313 4728 διδόμενον,
1384 4657 1753 4731 πεμπόμενον,
1829 4657 2150 4737 ἐμφυσώμε-
2179 4652 2226 4717 D
2257 4657 2682 4731 ὁμοουσιότητος
2766 4654 2918 4732 λόγῳ
3001 4659 3114 4712 καθ’
3167 4654 3358 4713 ἕνωσιν
3442 4663 3522 4732 τῷ
3604 4661 3734 4733 Υἰῷ.
3794 4660 3895 4717 Καὶ

515 4762 625 4812 νον,
659 4740 781 4796 ὅταν
840 4740 927 4797 ἐπὶ
967 4743 1030 4797 τὸ
1080 4743 1408 4799 ἀνακαινίσαι
1453 4748 1552 4815 τήν
1618 4746 1787 4801 κτίσιν
1836 4746 2145 4823 ’ἐρχόμενον

516 4829 606 4884 καὶ
663 4827 945 4904 διδόμενον
1005 4829 1148 4886 οὕτω
1203 4832 1292 4888 τὸν
1352 4834 1473 4889 Υἱὸν
1524 4830 1638 4910 ἔχει
1672 4832 1895 4910 δοτῆρα,
1921 4834 2010 4890 καί
2053 4856 2150 4912 χο-

520 4916 852 4994 ρηγούμενον
939 4921 1203 4997 χορηγὸν,
1261 4921 1351 4977 καὶ
1433 4925 1783 4998 πεμπόμενον
1867 4925 2149 4998 πέμποντα

515 5015 820 5089 νοουμένων
860 5017 941 5072 ἀεὶ
982 5017 1067 5073 ἐπὶ
1124 5024 1220 5074 τοῦ
1279 5020 1595 5095 ΙΙνεύματος
1634 5021 1839 5077 τούτων
1894 5024 1982 5078 καὶ
2039 5028 2145 5079 τῶν

512 5102 793 5177 τοιούτων,
853 5104 968 5161 ἀντὶ
1023 5109 1123 5177 τῆς
1194 5106 1438 5173 εὐδοκίας
1504 5110 1585 5166 ἀεὶ
1656 5110 1745 5167 καὶ
1816 5107 2148 5188 συγκαταϐά-

514 5213 670 5263 σεως,
704 5192 818 5248 ἐπεὶ
874 5194 963 5250 καὶ
1018 5197 1341 5273 κυριώτερον
1403 5199 1461 5254 ἃν
1523 5198 1745 5276 λέγοιτο
1794 5201 1922 5256 αὐτὸ
1978 5202 2150 5256 πάντα

514 5280 740 5354 διδόναι,
800 5281 972 5339 πάντα
1042 5292 1301 5363 χορηγεῖν
1356 5288 1445 5343 καὶ
1501 5287 1675 5363 ἤκειν,
1726 5290 1788 5345 οὐ
1845 5289 2148 5363 πέμπεσθαι

514 5371 693 5448 ὥσπερ
775 5372 865 5427 καὶ
947 5371 1176 5449 ἐνεργεῖν
1256 5374 1425 5431 πάντα
1518 5378 1752 5455 λέγεται,
1831 5380 1919 5434 καὶ
2001 5385 2148 5434 πνεῖν

515 5460 662 5531 ὅσον,
692 5459 781 5516 καὶ
832 5459 922 5517 ὅτε
963 5461 1053 5516 καὶ
1097 5461 1179 5540 ἐφ’
1221 5464 1313 5526 οὖς
1364 5465 1636 5540 βούλεται,
1686 5468 1857 5522 πάντα
1905 5469 1962 5522 ὃν
2018 5469 2152 5540 μετᾶ

517 5550 732 5626 ΙΙατρὸς
762 5549 850 5604 καὶ
882 5549 1032 5619 Υἰοῦ,
1065 5548 1211 5622 πλὴν
1269 5560 1369 5622 τῆς
1427 5555 1765 5631 πατρότητος
1821 5558 1910 5611 καὶ
1968 5557 2151 5626 υἰότη-

515 5659 628 5700 τος.
662 5638 750 5707 Μή
800 5635 867 5707 δὴ
916 5638 982 5693 αὐ
1026 5635 1169 5715 λέγε,
1196 5639 1270 5701 ὡς
1321 5639 1504 5711 ἐπειδὴ
1558 5644 2044 5722 ὐπάρχει,·φησίν,
2095 5644 2153 5699 ἐκ

518 5732 616 5784 τοῦ
672 5728 821 5800 Υίοῦ,
856 5724 946 5782 διὰ
997 5732 1157 5783 τοῦτο
1209 5729 1295 5784 καὶ
1343 5731 1440 5799 τὴν
1488 5730 1707 5808 ὕπαρξιν
1767 5733 1823 5788 ἐκ
1872 5739 1967 5789 τοῦ
2025 5734 2151 5790 Υἱοῦ

2254 4747 2423 4817 αὐθις,
2483 4747 2575 4800 Ἐκ
2627 4749 2721 4800 τοῦ
2779 4745 2994 4821 Ιίατρὸς
3052 4744 3417 4821 ἐκπορεύεται·
3479 4745 3586 4803 ἔστι
3666 4746 3725 4804 δὲ
3797 4749 3899 4806 οὐκ

2254 4834 2545 4912 ἀλλότριον
2602 4838 2696 4889 τοῦ
2751 4835 2896 4890 Τὶοῦ.
2965 4834 3062 4889 Καὶ
3121 4832 3295 4903 αὖθις,
3358 4837 3450 4892 Ἐκ
3527 4841 3621 4893 τοῦ
3679 4839 3897 4914 ΙΙατρὸς

2257 4923 2619 5001 ἐκπορεύεται·
2679 4922 2768 4979 διὰ
2807 4920 2865 4978 δὲ
2918 4926 3015 4978 τοῦ
3070 4924 3195 4981 Υἱοῦ
3272 4931 3599 5002 χορηγεῖται
3650 4929 3719 5002 τῇ
3786 4927 3900 4983 κτί-

2257 5037 2356 5071 σει.
2392 5013 2491 5071 Καὶ
2550 5012 2608 5068 ἐκ
2667 5012 2833 5087 μόνου
2888 5016 2983 5066 τοῦ
3041 5014 3252 5087 Ιῐατρὸς
3311 5015 3385 5077 ὡς
3444 5015 3549 5070 ἀπὸ
3605 5015 3895 5091 στόματος,

2254 5104 2343 5159 καὶ
2401 5103 2475 5166 ὡς
2533 5101 2639 5157 ἀπὸ
2694 5108 2876 5178 πηγῆς
2930 5105 3027 5156 τοῦ
3092 5102 3323 5175 Πατρός.
3385 5104 3485 5161 Καὶ
3563 5106 3766 5182 μακρὸν
3835 5105 3896 5163 ἂν

2256 5191 2339 5264 εἷή
2400 5192 2570 5248 πάντα
2632 5193 2722 5248 τὸν
2783 5191 2833 5262 ἐξ
2899 5191 3101 5248 ἐκείνου
3160 5191 3386 5271 ἔλεγχον
3436 5194 3716 5273 φέροντας,
3769 5195 3896 5260 τοὺς

2257 5282 2586 5361 συκοφάντας
2693 5281 2896 5337 ἐκείνου
2985 5282 3120 5338 κατὰ
3230 5284 3523 5359 προσώπου
3631 5284 3894 5362 ῥαπίζειν.

2257 5377 2434 5434 Ἀλλὰ
2489 5380 2555 5433 τὰ
2602 5379 2740 5454 πρὸς
2795 5375 3168 5454 Θεοδώρητον,
3200 5377 3344 5456 λέγω
3395 5377 3451 5435 δὲ
3492 5381 3590 5450 τῆν
3622 5380 3745 5457 περὶ
3772 5380 3899 5436 τού-

2255 5487 2351 5522 του
2413 5466 2738 5542 ἀπολογίαν,
2777 5471 2894 5528 πῶς
2953 5465 3399 5543 διακρούσονται;
3455 5470 3558 5524 τίσι
3620 5475 3897 5546 μηχαναῖς

2256 5556 2345 5611 καὶ
2403 5562 2657 5633 στροφαῖς
2716 5554 2931 5629 λόγων;
2979 5554 3116 5632 Οὐχὶ
3176 5556 3504 5634 κατηγορίαν
3564 5556 3721 5612 οὖσαν
3778 5560 3898 5613 κατ’

2260 5645 2432 5699 αὐτῶν
2487 5642 2894 5714 ἀποδείξουσιν;
2928 5647 3067 5721 Ἔφη
3127 5647 3230 5721 γὰρ
3289 5645 3559 5723 Κύριλλος
3613 5645 3750 5722 πρὸς
3799 5648 3896 5703 τὸν

2261 5733 2544 5806 Νεστὸριον
2633 5733 3069 5806 ἀποτεινόμενος,
3124 5735 3195 5796 ὡς
3282 5733 3440 5797 αὐτός
3514 5754 3695 5813 φησιν,
3755 5731 3893 5791 ἴδιον
