4118 6424
291 412 404 471 277

1277 409 1378 470 DE
1421 406 1961 469 PROCESSIONE
2007 407 2367 470 SPlRlTUS
2413 408 2715 471 SANCTI.

3574 415 3648 474 27
3655 409 3694 471 8

285 541 417 596 εἶναι
466 539 530 595 16
592 543 815 613 Πνεῦμα
859 543 958 594 τοῦ
1006 539 1153 597 T106.
1222 533 1683 612 Ἐπιλαμϐάνεται
1735 535 1792 590 δὲ
1838 539 1935 591 τοῦ
1968 542 2014 607 Α
2049 557 2167 613 ’χειν
2219 540 2368 611 ἡμᾶς
2416 536 2705 613 διδάσκεις,
2757 540 2846 595 καὶ
2896 534 3273 613 λαμϐάνοντας
3306 538 3363 596 ἐκ
3392 544 3487 596 τοῦ
3518 540 3691 597 αἴτια-

284 628 450 705 16700
498 626 881 706 Θεοδώρητος,
929 627 1122 705 ἐρωτᾷ,
1174 626 1371 703 διαιρεῖ
1408 627 1498 683 καὶ
1531 626 1661 705 φησί
1693 646 1705 659 °
1741 627 1805 683 E1
1840 626 1933 699 μὲν

281 716 369 775 διὰ
414 724 583 774 10610
639 716 778 773 ἴδιον
830 715 997 796 ἔφησε
1046 722 1141 774 τοῦ
1190 719 1340 790 T106,
1382 716 1727 794 ὅτιὸμοφυὶς
1759 715 1848 769 καὶ
1880 713 1938 769 ἐκ

280 811 490 883 Πατρός
540 807 996 884 ἐκπορευόμενον,
1052 800 1567 883 συνομολογήσομεν
1600 826 1612 838 ο
1674 806 1719 859 εἰ
1776 802 1820 858 δ’
1852 803 1933 858 ὅτι

276 897 325 969 ἐξ
356 899 486 952 T106
533 898 637 967 τήν
691 896 916 972 ὕπαρξιν
970 896 1110 971 ἔχει,
1163 897 1237 959 ὡς
1288 895 1611 972 βλάσφημον
1652 898 1812 949 τοῦτο
1843 891 1932 947 καὶ

276 981 531 1048 δυσσεϐὲς
583 986 984 1063 ἀπορρίψομεν.
1042 986 1146 1041 Καὶ
1191 984 1327 1063 πρὸς
1392 989 1553 1039 τοῦτο
1632 980 1929 1058 Κύριλλος,

276 1073 463 1143 ἐπειδὴ
527 1072 644 1131 061’
691 1075 853 1138 αὐτὸς
917 1072 1157 1146 ἐδόξαζεν
1231 1074 1291 1129 ἐκ
1352 1078 1449 1129 τοῦ
1503 1073 1631 1128 T106
1684 1072 1779 1140 την
1835 1074 1931 1124 τοῦ

276 1163 597 1237 Πνεύματος
658 1163 906 1241 ὕπαρξιν,
964 1164 1052 1218 καὶ
1101 1160 1452 1239 Θεοδώρητον
1510 1158 1693 1222 καλῶς
1763 1158 1931 1214 ἐπιτι-

278 1258 465 1325 μῶντα
530 1253 845 1329 ἐγίνωσκεν,
912 1249 967 1307 εἷ’
1002 1274 1084 1315 τις
1132 1251 1274 1307 οὕτω
1338 1249 1565 1321 δοξάζει,
1633 1244 1743 1304 061’
1814 1246 1928 1325 ἐφι-

275 1341 590 1414 λονείκησε,
646 1346 737 1397 καί
783 1341 1035 1418 παρῆλθε
1083 1340 1217 1404 τέως
1263 1344 1410 1417 σιγῇ,
1443 1337 1611 1409 δῆλον
1648 1337 1706 1392 ἐκ
1732 1336 1927 1391 τούτου

273 1438 471 1501 ποιῶν,
550 1429 685 1505 μηδ’
743 1431 903 1487 αὐτὸν
959 1432 1087 1494 τοὺς
1151 1430 1323 1492 οὕτως
1390 1427 1672 1509 οἰομένους
1732 1422 1925 1480 ἀποδέ-

272 1532 486 1598 χεσθαι.
539 1524 662 1577 ’Ότι
709 1519 757 1577 δ’
804 1520 958 1595 ὅμως
1016 1518 1150 1575 ἴδιόν
1202 1519 1312 1575 ἐστι
1357 1522 1454 1574 τοῦ
1506 1519 1634 1571 T106
1662 1517 1725 1571 16
1756 1518 1922 1569 Πνεῦ-

275 1631 365 1682 μα,
431 1611 533 1665 κᾶν
598 1609 700 1666 οὐκ
753 1608 855 1687 ἔχῃ
912 1609 1071 1665 αὐτὸν
1128 1614 1225 1664 τοῦ
1281 1608 1412 1663 εἶναι
1470 1607 1666 1681 ἀρχὴν,
1726 1606 1814 1659 τὸν
1866 1601 1924 1657 δέ

268 1699 483 1775 Πατέρα
540 1701 664 1764 ’ὅθεν
710 1699 800 1754 καὶ
866 1698 1235 1774 ἐκιτορθύεται,
1296 1694 1543 1775 σφοδρῶς
1607 1693 1920 1771 ἀγωνίζεται

266 1786 564 1858 δεικνύναι,
610 1787 703 1843 καὶ
749 1792 845 1842 τοῦ
915 1786 1086 1863 λόγου
1135 1791 1369 1842 ποιεῖται
1425 1785 1516 1839 τὸν
1585 1781 1917 1838 Ἀπόστολον

268 1897 542 1952 μσρτυρα,
596 1873 682 1947 εἴη
739 1874 798 1931 δέ
844 1876 1011 1932 εἰπεῖν
1064 1874 1148 1931 ὅτι
1203 1875 1293 1931 καὶ
1352 1871 1689 1950 Θεοδωρήτῳ
1760 1892 1916 1926 συνα-

262 1963 578 2039 γωνίζεναι.
628 1966 779 2019 Ὅθεν
829 1965 919 2019 καὶ
978 1964 1221 2026 εἰπόντος
1298 1962 1519 2033 ἐκείνου,
1611 1958 1773 2014 Ἰδιον
1861 1956 1917 2014 δέ

264 2076 395 2131 φησι
448 2055 514 2108 τὸ
567 2057 789 2126 Πνεῦμα
832 2057 930 2108 τοῦ
977 2054 1124 2121 T106,
1174 2052 1220 2107 εἰ
1280 2052 1374 2124 μὲν
1420 2052 1494 2113 ὡς
1544 2050 1781 2128 ὁμοφυές
1824 2048 1914 2103 καὶ

268 2142 325 2199 ἐκ
371 2141 592 2217 Ππρὸς
653 2142 1100 2218 ἐκπορευόμενον,
1148 2139 1687 2216 συνομολογήσομεν,
1719 2138 1807 2193 καὶ
1839 2138 1914 2200 ὡς

267 2227 463 2302 εὐσεϐῆ
522 2231 783 2305 δεξόμεθα
816 2232 918 2299 τήν
952 2232 1157 2309 φωνήν
1195 2229 1319 2286 ἀλλ’
1349 2228 1452 2283 οὐκ
1478 2226 1769 2303 ἀλλότριόν
1803 2224 1912 2281 ἐστι

264 2325 357 2376 τοῦ
390 2321 545 2378 T106.
582 2320 680 2375 Καὶ
714 2318 988 2396 Κύριλλος
1024 2320 1117 2393 μὲν
1150 2318 1335 2380 αὐτοῖς
1365 2316 1488 2394 περὶ
1517 2316 1711 2372 τούτου
1726 2319 1915 2370 τοσαῦ-

259 2430 324 2465 τα
351 2409 448 2465 καὶ
480 2405 561 2464 ἔτι
584 2408 781 2465 πλείω.

333 2516 399 2571 Τί
456 2514 517 2571 δὲ
575 2513 853 2578 Διονύσιος
911 2516 939 2570 6
999 2517 1189 2590 μέγας,
1246 2513 1334 2569 καὶ
1389 2510 1824 2583 Ἀθανάσιος;τί
1857 2509 1915 2567 δὲ

263 2604 584 2678 Βασίλειος,
631 2605 720 2660 καὶ
769 2602 1003 2683 ἀδελφὸς
1053 2605 1081 2658 6
1132 2602 1329 2659 τούτου
1364 2600 1720 2678 ,Γρηγόριος
1788 2606 1911 2665 Πῶς

268 2692 325 2751 δέ
363 2695 460 2750 καὶ
505 2695 600 2749 τὸδ
648 2693 1080 2772 Χρυσορρήμονα
1128 2692 1429 2764 ὑποίσουσι,
1479 2691 1568 2747 καὶ
1613 2691 1703 2746 τὸν
1762 2691 1911 2766 μέγι-

264 2804 386 2839 στον
442 2783 716 2857 Μάξιμον,
767 2784 885 2838 κατ’
931 2782 1102 2838 αὐτῶν
1168 2779 1591 2857 ἐπειγομένους;
1644 2780 1741 2835 Καὶ
1808 2801 1913 2834 πα-

267 2871 521 2948 ραλείψω
570 2873 672 2942 τήν
718 2871 1003 2948 οὐρανόθεν
1074 2872 1381 2948 βροντῶσαν
1450 2870 1634 2948 φωνὴν
1710 2868 1915 2945 Γρητό-

261 2982 402 3038 ριον,
467 2961 559 3016 καὶ
615 2962 678 3015 τὸ
737 2962 939 3034 λῆμμα
1002 2957 1375 3035 Θεοδωρήτου.
1437 2956 1767 3034 Παραλείψω
1822 2958 1912 3012 καὶ

261 3050 463 3107 Νεῖλον
521 3050 616 3104 τὸν
681 3049 846 3124 μέγαν
901 3048 954 3105 ἐν
1014 3050 1235 3119 ἀσκήσει
1290 3048 1379 3103 καὶ
1437 3047 1488 3103 ἐν
1518 3046 1677 3124 σοφίᾳ
1706 3044 1912 3122 δογμά-

262 3160 394 3195 των.
424 3136 895 3215 Παραδραμοῦμαι
942 3138 1032 3192 καὶ
1079 3139 1179 3207 τήν
1232 3136 1449 3205 πολλὴν
1497 3134 1805 3207 ἐπιστήμην
1857 3132 1908 3191 ἔν

263 3249 324 3283 τε
366 3232 468 3283 τοῦ
511 3226 822 3301 Πνεύματος
878 3226 969 3282 καὶ
1015 3232 1131 3289 τοῖς
1184 3224 1539 3302 ἀνθρωπίνοις
1600 3223 1788 3299 λόγοις
1817 3225 1907 3278 τὸν

269 3316 616 3391 Δαμασκόθεν
651 3336 665 3349 ο
744 3315 837 3379 οῦς
931 3312 1055 3371 οὐδὲ
1128 3314 1304 3385 06101,
1377 3313 1506 3376 τοὺς

270 3406 438 3483 λέγω,
516 3402 641 3460 οῦδὲ
716 3407 940 3478 μνήμης
1013 3403 1285 3475 ἠξίωσαν·
1361 3402 1453 3457 τὸν
1503 3402 1598 3475 μὲν
1640 3400 1789 3471 ἷΈτως,
1829 3402 1911 3457 ’ὁτι

267 3494 508 3556 παλαιὸς
562 3492 636 3548 ὧν
698 3493 978 3569 θεολόγος,
1028 3491 1252 3549 ταπεινά
1314 3513 1434 3546 τινα
1475 3490 1782 3570 φθέγγεται,
1823 3490 1913 3546 καὶ

268 3592 368 3654 τῆς
416 3581 700 3661 προφάτου
748 3581 1030 3660 θεολογίας
1086 3582 1291 3656 ἀνάξια,
1334 3582 1460 3643 τοὺς
1522 3579 1579 3636 δὲ
1627 3579 1709 3636 ὅτι
1760 3579 1911 3636 οὐδὲν

268 3673 456 3735 αὐτοῖς
485 3676 597 3728 τῶν
626 3672 838 3727 οἰκείων
868 3673 965 3727 κάν
997 3669 1181 3747 ἄκροις
1241 3670 1385 3742 ὅνυξι
1414 3669 1710 3746 παραξύσαι
1747 3670 1909 3747 παρέ-

266 3783 453 3838 χουσι.
504 3762 713 3824 Πάντας
770 3759 827 3816 δέ
873 3759 1097 3823 τούτους
1156 3763 1237 3815 ὅτι
1286 3759 1338 3814 ἐν
1372 3758 1563 3835 λόγοις
1596 3759 1911 3837 ἐμμέτροις,

266 3851 319 3907 ἐν
346 3849 694 3930 κεφαλαίοις,
731 3848 782 3905 ἐν
814 3845 1036 3924 ᾅσμασι,
1068 3846 1316 3928 σφοδρῶς
1347 3850 1462 3905 κατ’
1494 3850 1669 3905 αὐτῶν
1702 3850 1909 3905 ἀκοντί-

266 3947 466 4011 ζουσιν.

332 4036 515 4096 Ἀλλά
563 4042 682 4101 πῶς
731 4058 882 4108 ποτε,
930 4038 974 4091 ὧ
1024 4033 1198 4108 οὗτοι,
1252 4036 1388 4113 πρὸς
1441 4035 1712 4092 Διονύσιον
1744 4037 1911 4115 φιλο-

264 4130 573 4200 varicus;
622 4126 773 4197 Μόνη
824 4125 996 4202 πηγή,
1044 4125 1203 4204 φησὶν
1270 4126 1493 4196 ἐκεῖνος,
1552 4133 1653 4195 τῆς
1721 4126 1909 4196 θεότη-

261 4238 355 4280 τος
405 4219 437 4272 ὁ
486 4218 697 4292 Πατήρ.
748 4215 846 4270 Καὶ
890 4213 1076 4286 πάλιν,
1131 4214 1342 4290 Πηγαία
1393 4214 1584 4286 θεότης
1617 4215 1644 4269 ὁ
1679 4217 1905 4292 Πατήρ.

268 4309 296 4363 6
354 4305 415 4362 δὲ
470 4306 595 4367 T16:
648 4304 736 4359 καὶ
789 4304 854 4359 τὸ
910 4307 1127 4378 Πνεῦμα
1180 4306 1278 4373 τῆς
1340 4304 1592 4380 Θεογόνου
1633 4303 1907 4374 θεότητος,

271 4395 322 4451 εἴ
342 4396 491 4451 οὕτω
521 4395 636 4471 χρὴ
678 4391 857 4471 φάναι,
911 4392 1135 4469 βλαστοὶ
1175 4392 1443 4471 θεόφυτοι,
1487 4393 1576 4448 καὶ
1628 4393 1740 4448 οἷον
1776 4395 1906 4465 ἄνθη

267 4485 355 4541 καί
419 4482 713 4557 ὑπερούσια
769 4487 936 4561 φῶτα.
1004 4481 1103 4537 K01
1163 4482 1350 4555 πάλιν,
1412 4484 1501 4537 Ἐκ
1566 4486 1662 4538 106
1740 4481 1908 4538 016100

268 4576 357 4630 καὶ
414 4574 657 4649 ἀμεροῦς
711 4572 910 4648 ἀγαθοῦ
960 4570 1028 4627 τά
1094 4568 1348 4647 ἐγκάρδια
1412 4574 1508 4641 τῆς
1575 4571 1907 4646 ἅγαθότητος

269 4664 424 4743 ἐξέφυ
481 4666 655 4741 φῶτα.
732 4662 968 4722 Ἐκεῖνος
1041 4665 1226 4716 ταῦτα.

267 4757 363 4808 τοῦ
395 4751 548 4825 Ποῦ,
589 4749 739 4828 φατὲ,
763 4750 828 4804 τὸ
884 4752 1124 4823 Πνεῦμα,
1176 4745 1265 4803 διὰ
1314 4752 1481 4819 ηοῦτο
1530 4747 1591 4803 ἐκ
1627 4753 1724 4804 τοῦ
1772 4755 1910 4805 Πατ-

271 4842 364 4918 ρός
388 4860 404 4912 ;

335 4938 673 5011 Ἀθανάσιος,
741 4937 834 4991 Ἐκ
912 4940 1008 4992 τοῦ
1085 4936 1293 5012 Πατρὸς
1374 4933 1737 5009 ἐκπορεύεται,
1818 4935 1907 4991 καὶ

263 5033 359 5083 τοῦ
404 5029 534 5083 T106
580 5023 715 5081 ἴδιον
762 5025 893 5081 εἶναι
944 5026 1096 5103 φησί,
1141 5024 1229 5080 καὶ
1272 5026 1398 5101 παρ’
1451 5024 1613 5079 αὐτοῦ
1664 5022 1905 5089 δίδοσθαι

264 5124 380 5181 τοῖς
434 5120 725 5189 μαθηταῖς,
776 5115 867 5168 καὶ
911 5121 1039 5169 πᾶσι
1105 5119 1222 5176 τοῖς
1274 5113 1608 5168 πιστεύουσιν
1668 5114 1743 5176 εἰς
1810 5114 1902 5169 αύ-

258 5205 376 5265 τόν.
428 5205 742 5269 ’Δθανάσιος
809 5202 1167 5279 ἐξηγούμενος
1236 5202 1319 5265 τίς
1386 5202 1523 5257 ἐστιν
1587 5203 1615 5257 6
1679 5202 1906 5277 κόσμος,

263 5297 292 5351 6
346 5296 426 5370 μὴ
475 5292 775 5366 δυνάμενος
818 5300 1069 5368 χωρῆσαι
1119 5292 1183 5346 τὸ
1224 5297 1441 5365 Πνεῦμα
1466 5292 1528 5347 16
1560 5291 1739 5368 ἃγιον,
1773 5293 1906 5370 φησί

257 5385 384 5447 τοὺς
434 5381 803 5461 ἀρνουμένους
845 5381 976 5436 0616
1028 5380 1089 5435 ἐκ
1136 5385 1234 5436 τοῦ
1282 5382 1493 5457 Πατρὸς
1542 5381 1594 5436 ἐν
1643 5386 1723 5453 τῷ
1771 5388 1907 5457 Χρι-

261 5480 389 5548 στῷ.
420 5478 476 5527 '0
507 5469 556 5527 δ’
584 5470 746 5532 αὐτὸς
777 5474 896 5532 πῶς
928 5467 1068 5524 ἴδιόν
1109 5469 1222 5525 ἐστι
1267 5474 1365 5525 τοῦ
1412 5472 1540 5525 T106
1575 5468 1638 5525 τὸ
1691 5475 1906 5543 Πνεῦμα

264 5562 552 5635 διδάσκων,
608 5563 750 5616 Ὅτι.
802 5558 956 5637 φησὶ,
1006 5558 1097 5613 καὶ
1142 5559 1206 5614 τὸ
1252 5563 1473 5633 Πνεῦμα
1520 5558 1579 5614 ἐκ
1621 5563 1719 5614 τοῦ
1749 5564 1902 5632 Θεοῦ,

260 5655 345 5711 καὶ
396 5656 426 5709 6
478 5651 606 5713 Υἱός
666 5648 729 5704 ἐκ
785 5652 881 5702 τοῦ
945 5653 1098 5704 Θεοῦ.
1167 5650 1497 5719 Ἀθανασιος,
1560 5650 1630 5703 T6
1697 5648 1755 5703 ἐκ
1807 5653 1903 5702 τοῦ

264 5743 446 5819 ἡλίου,
497 5738 683 5824 φησίν,
739 5736 791 5793 ἐν
846 5735 1216 5817 ἀπαυγέσματι
1261 5742 1397 5818 φῶς,
1441 5738 1530 5794 καὶ
1577 5737 1639 5795 σὺ
1696 5736 1906 5815 ἀνατρέ-

1607 3313 1911 3376 ἀντιθέτους
1940 3288 1984 3352 C

1316 4661 1413 4714 K01
1474 4660 1651 4733 ὑμεῖς,
1710 4660 1793 4715 ’ὁτι
1853 4654 1988 4719 ἐκῙ)

2048 631 2144 680 τοῦ
2194 632 2272 698 τῷ
2320 627 2455 701 αἶ’τῳ
2502 629 2853 703 χωρίζεσθαι,
2905 628 2993 683 καὶ
3042 630 3101 684 ἐκ
3162 633 3259 684 τοῦ
3319 635 3569 704 ποταμοῦ
3618 633 3687 705 τῇ

2047 722 2223 790 πηγῆ.
2251 719 2403 771 ’Ἐστι
2427 718 2529 793 γὰρ
2561 718 2651 772 καὶ
2679 721 2839 773 τοῦτο
2868 722 2972 773 τῶν
3023 718 3342 782 Ἀθανασίου
3392 716 3686 797 παραδειγ-

2111 800 2121 817 Ι

2050 824 2231 876 ματων
2241 847 2255 862 .

2113 935 2239 991 Πῶς
2282 926 2339 985 δέ
2380 951 2460 993 τις
2506 931 2594 985 καὶ
2640 930 2919 986 Βασίλειον
2953 931 3189 1004 ἀκούων,
3233 934 3383 987 Ἔστι
3437 933 3530 1006 μὲν
3576 940 3683 989 Πα-

2039 1018 2165 1093 τήρ,
2208 1018 2416 1073 τέλειον
2469 1016 2609 1096 ἔχων
2656 1021 2718 1074 τὸ
2769 1020 2899 1075 εἶναι
2953 1022 3042 1075 καὶ
3110 1018 3342 1090 ἀνεδεὲς,
3400 1020 3681 1098 λέγοντος,

2042 1105 2163 1180 ῥίζα
2217 1108 2306 1160 καὶ
2364 1109 2518 1182 πηγή
2567 1112 2663 1162 τοῦ
2718 1109 2846 1163 T106
2901 1109 2990 1163 καὶ
3048 1114 3143 1163 τοῦ
3200 1110 3511 1183 Ilva-59.010:
3568 1110 3681 1167 εἶτα

2038 1194 2327 1270 προϊόντος
2371 1197 2459 1251 καὶ
2519 1197 2796 1272 λέγοντος,
2844 1198 2940 1252 Καὶ
2992 1199 3019 1253 ὁ
3063 1199 3186 1260 T16:
3230 1200 3375 1275 παρὰ
3426 1204 3522 1255 τοῦ
3563 1202 3679 1258 110-

2036 1284 2160 1359 196:
2218 1284 2427 1357 ἐξῆλθε,
2477 1286 2566 1340 καὶ
2610 1286 2673 1339 τὸ
2717 1291 2945 1359 Πνεῦμα
2989 1285 3047 1341 ἐκ
3106 1292 3203 1341 τοῦ
3264 1288 3474 1363 110196:
3518 1287 3677 1343 ἐκπο-

2038 1372 2266 1448 ρεύεται,
2317 1371 2443 1429 ἀλλ’
2490 1375 2518 1429 6
2572 1375 2667 1447 μὲν
2711 1374 2833 1437 T16:
2881 1374 2939 1430 ἐκ
2982 1379 3079 1431 τοῦ
3134 1376 3347 1451 Ματρὸς
3385 1381 3675 1453 γεννητῶς,

2033 1461 2097 1515 τὸ
2124 1458 2180 1516 δὲ
2230 1467 2452 1535 Πνεῦμα
2500 1462 2751 1540 ἀρρήτως
2800 1464 2860 1519 ἐκ
2908 1469 3005 1519 τοῦ
3048 1469 3180 1521 Θεοῦ
3209 1484 3222 1496 ·
3268 1464 3440 1520 καὶέν
3474 1465 3675 1543 ἑτέροις

2034 1550 2095 1606 ἐκ
2143 1555 2241 1606 τοῦ
2285 1557 2416 1606 Θεοῦ
2462 1553 2593 1607 εἶναι
2642 1553 2853 1629 λέγεται
2903 1556 2965 1610 τὸ
3014 1559 3234 1629 Πνεῦμα
3274 1555 3338 1610 τὸ
3368 1554 3537 1630 ἅγιον,
3570 1554 3678 1631 οὐχ

2032 1640 2108 1702 ὡς
2155 1641 2222 1694 τά
2264 1640 2435 1696 πάντα
2480 1641 2539 1697 ἐκ
2593 1647 2690 1697 τοῦ
2740 1648 2873 1698 Θεοῦ
2922 1642 3215 1720 προελθὸν,
3287 1642 3348 1699 06
3411 1648 3675 1720 γεννητῶς

2031 1729 2105 1789 ὡς
2162 1731 2190 1783 ὁ
2310 1729 2412 1803 ἱός,
2491 1730 2617 1787 ἀλλ’
2693 1733 2767 1793 ὡς
2840 1736 3065 1805 Πνεῦμα
3139 1731 3407 1805 στόματος
3483 1732 3670 1804 αὐτοῦ,

1947 1874 1953 1880 ,
2027 1816 2116 1871 καὶ
2161 1823 2381 1892 Πνεῦμα
2428 1824 2661 1896 Χριστοῦ
2697 1821 3041 1894 ᾠκειωμένον
3086 1820 3221 1875 κατὰ
3283 1820 3437 1899 φύσιν
3501 1826 3667 1895 αυτίξν

1947 1910 2142 1978 Βπῶς
2181 1928 2266 1969 τις
2327 1912 2495 1964 ταῦτα
2556 1906 2810 1984 λέγοντος
2871 1909 3076 1965 ἐκείνου
3123 1908 3332 1965 ἀκούων
3387 1910 3516 1985 οὐχὶ
3566 1913 3665 1980 τῆς

2027 1993 2265 2058 ἐπινοίας
2323 1997 2474 2071 ὑμῶν
2537 1998 2995 2074 καταγελάσεται;
3063 2000 3221 2054 Ὅταν
3282 1996 3339 2054 δὲ
3391 1999 3481 2054 καὶ
3536 1998 3664 2062 τοὺς

2026 2080 2229 2139 ἄλλους
2288 2085 2510 2156 ἀθετῆτε
2570 2087 2704 2160 μετά
2764 2091 2872 2142 τῶν
2947 2087 3247 2163 εἰρημένων
3323 2087 3413 2142 καὶ
3484 2091 3665 2151 κακῶς

2026 2171 2255 2243 παίζητε
2306 2174 2356 2230 ἐν
2409 2175 2471 2229 ού
2518 2183 2768 2239 παικτοῖς
2812 2181 2930 2239 τοῖς
2975 2176 3216 2247 ἐκείνων,
3264 2178 3332 2232 τά
3363 2177 3457 2249 μὲν
3490 2198 3661 2254 παρα-

2024 2261 2333 2339 τρέχοντες,
2380 2266 2448 2319 τὰ
2494 2262 2553 2319 δὲ
2600 2265 3088 2341 παρεξηγούμενοι,
3138 2265 3227 2321 καὶ
3284 2264 3661 2342 ἀπορῥηγνύν-

2022 2372 2110 2413 τες
2165 2357 2263 2407 τοῦ
2312 2352 2497 2417 καλῶς
2555 2351 2756 2419 ἄνωθεν
2817 2354 3178 2433 ἐξυφασμένου
3237 2359 3493 2431 χιτῶνος,
3567 2375 3662 2411 κα-

2023 2445 2133 2503 κῶς
2200 2442 2324 2514 ὑμῖν
2399 2443 2605 2511 αὐτοῖς,
2665 2441 2772 2499 εἷ’θε
2828 2442 2885 2499 δὲ
2943 2444 3149 2518 μόνοις,
3207 2445 3243 2514 ἢ
3307 2441 3447 2519 μηδέ
3481 2443 3663 2518 μόνοις

2029 2530 2153 2603 ὑμῖν
2237 2529 2421 2594 αὐτοῖς
2493 2536 2705 2608 χιτῶνα
2772 2534 3009 2597 κάτωθεν
3084 2532 3329 2610 ῥάπτετε,
3400 2529 3661 2606 οὕμενουν

2028 2618 2212 2674 λάϊνον
2264 2621 2398 2675 κατά
2435 2622 2527 2676 τὸν
2577 2622 2804 2698 ἀρχαῖον
2854 2620 3015 2698 λόγον
3046 2626 3162 2684 τοῖς
3194 2622 3430 2695 σώμασι,
3458 2627 3579 2685 ταῖς
3610 2619 3669 2678 δὲ

2024 2707 2415 2785 ἁπλουστέραις
2472 2713 2675 2785 ψυχαῖς
2736 2707 2946 2766 δίκτυον
3015 2710 3105 2766 καὶ
3170 2708 3390 2787 παγίδα,
3463 2711 3498 2781 ἢ
3575 2711 3665 2767 καὶ

2024 2796 2281 2873 φάρμακα
2336 2798 2475 2874 πρὸς
2531 2798 2799 2874 σωτηρίαν
2858 2797 2982 2854 ὅντα
3035 2804 3151 2861 τοῖς
3202 2798 3263 2854 ἐκ
3296 2806 3396 2869 τῆς
3428 2797 3666 2862 διανοίας

2024 2879 2390 2960 δηλητηρίοις
2448 2884 2948 2961 ἐγκαταμιγνύντες,
3012 2885 3237 2942 θανάτου
3292 2892 3510 2962 κιρνᾶτε
3566 2909 3665 2943 πο-

2020 2972 2231 3047 τήριον.
2282 2976 2409 3035 Πῶς
2462 2978 2627 3028 ταῦτα
2699 2978 3010 3046 ποιοῦντας,
3094 2975 3193 3030 οὐκ
3268 2973 3503 3050 ἀλγήσει
3576 2997 3662 3039 τις

2020 3060 2186 3135 ὁρῶν,
2220 3060 2279 3115 ού
2313 3058 2669 3137 δηχθήσεται,
2704 3062 2764 3118 ού
2805 3066 3063 3139 θρηνήσει
3108 3070 3207 3134 τῆς
3260 3064 3658 3140 ἀπογνώσεως

2021 3146 2196 3203 Ἀλλά
2245 3150 2368 3225 περὶ
2432 3152 2523 3224 μὲν
2582 3157 2678 3206 τοῦ
2727 3151 2976 3207 τοιούτου
3027 3150 3297 3229 δόγματος
3347 3153 3520 3208 αὐτῶν
3566 3154 3657 3209 καὶ

2023 3237 2174 3318 αὖθις
2225 3244 2357 3294 Θεοῦ
2401 3260 2464 3315 γε
2499 3240 2839 3316 βουλομένου
2873 3242 3166 3318 ῥηθήσεται
3200 3260 3214 3275 ’
3245 3243 3361 3297 νυνὶ
3392 3240 3438 3297 δ’
3470 3240 3656 3313 ἐπειδὴ

2025 3314 2158 3400 πρδς
2208 3327 2380 3382 αὐτῶν
2426 3327 2586 3384 οὗααν
2640 3327 2845 3386 οἶόνται
2892 3332 2991 3400 τήν
3036 3332 3127 3386 τὸν
3156 3331 3274 3386 Υἱὸν
3308 3328 3534 3405 δύναμιν
3561 3336 3660 3386 τοῦ

2022 3418 2238 3493 ΙΙατρὸς
2287 3418 2375 3472 καὶ
2432 3417 2696 3495 ἐνέργειαν
2751 3419 3043 3498 φέσκουσαν
3074 3420 3251 3497 ῥῆσιν,
3299 3425 3395 3475 τοῦ
3437 3421 3564 3475 T106
3606 3417 3663 3476 δὲ

2020 3504 2083 3559 τὸ
2132 3507 2368 3580 Πνεῦμα.
2424 3509 2550 3585 φέρε
2600 3510 2689 3563 καὶ
2746 3510 2869 3583 περὶ
2916 3509 3111 3565 τούτου
3163 3508 3371 3586 βραχέα
3401 3507 3665 3584 διαληψό-

2027 3596 2162 3669 μεθα
2194 3616 2206 3628 ·
2258 3595 2523 3673 ἐνέργειαν
2571 3599 2660 3652 τὸν
2710 3599 2827 3653 Υἱὸν
2879 3599 2914 3667 ἢ
2959 3598 3020 3653 16
3068 3603 3293 3672 Πνεῦμα
3343 3600 3396 3653 o1
3429 3599 3523 3672 μὲν
3552 3603 3660 3653 τῶν

2021 3684 2279 3760 Πατέρων
2335 3686 2619 3760 ὀνομάζειν
2671 3687 2733 3741 ού
2770 3685 3079 3763 βούλονται,
3112 3692 3310 3765 σαφῶς·
3342 3695 3445 3758 τῆς
3475 3694 3663 3766 φωνῆς

2018 3775 2082 3827 16
2133 3773 2183 3828 έν
2234 3774 2401 3851 ἑτέρῳ
2450 3775 2538 3830 καὶ
2596 3777 2670 3848 μὴ
2724 3778 2842 3831 καθ’
2897 3777 3053 3832 έαυτὸ
3106 3777 3402 3856 ὑφεστηκὸς
3469 3798 3667 3849 σημαι-

2020 3861 2238 3937 νούσης,
2285 3866 2337 3919 01
2395 3862 2452 3919 δὲ
2502 3865 2777 3943 φαίνονται
2833 3867 2923 3921 τὸν
2998 3865 3164 3941 λόγον
3205 3864 3658 3942 καταδεχόμενοι.

2021 3951 2312 4008 Φαίνονται
2362 3951 2439 4024 δὲ,
2489 3952 2618 4011 ἀλλ’
2665 3955 2765 4010 ούκ
2812 3954 2899 4009 ἐπὶ
2937 3954 3194 4011 τοιούτου
3226 3957 3656 4029 σημαινομένου,

2021 4038 2147 4095 οὐδὲ
2198 4043 2298 4116 γὰρ
2348 4042 2414 4112 ἦν
2468 4042 2610 4105 εἰκὸς
2656 4044 2777 4119 περὶ
2806 4048 2939 4099 Θεοῦ
2971 4045 3397 4123 φθεγγομένους,
3429 4043 3556 4100 ἀλλ’
3586 4045 3661 4107 ὡς

2019 4126 2080 4184 ἄν
2134 4131 2225 4204 μὲν
2276 4131 2365 4186 καὶ
2408 4137 2504 4187 τοῦ
2564 4133 2774 4209 Πατρὸς
2824 4134 3027 4189 ἅπασαν
3096 4133 3360 4211 ἐνέργειαν
3426 4135 3662 4208 θεωρου-

2024 4219 2190 4293 μένην
2238 4222 2373 4276 κατά
2417 4220 2479 4276 16
2528 4221 2940 4296 ἀπαράλλακτον
2993 4222 3045 4278 ἐν
3096 4224 3206 4295 Υἱῷ
3244 4223 3333 4278 καὶ
3366 4223 3657 4295 Πνεύματι,

2025 4307 2115 4363 καὶ
2158 4308 2551 4384 πληρουμένην
2600 4313 3013 4385 παραστήσωσιν
3040 4331 3053 4343 ·
3115 4311 3317 4388 ἐνεργεῖ
3346 4311 3469 4387 γὰρ,
3502 4310 3655 4389 φησὶ,

2024 4395 2094 4452 δι’
2140 4398 2267 4453 T106
2311 4398 2362 4454 ἐν
2415 4398 2690 4474 Πνεύματι
2715 4402 2742 4455 6
2788 4403 2975 4478 Πατήρ
3001 4420 3013 4434 ο
3058 4399 3149 4456 ’ίνα
3188 4398 3245 4456 δὲ
3274 4401 3361 4456 καὶ
3390 4407 3504 4464 τοῖς
3538 4422 3658 4457 συν-

2016 4488 2266 4562 ημμένον
2321 4489 2561 4561 καθάπαξ
2606 4491 2695 4544 καὶ
2743 4489 2915 4561 πάντη
2967 4490 3030 4545 τὸ
3096 4489 3437 4564 συνημμένον
3502 4487 3655 4545 ἀδιά-

2018 4597 2207 4631 στατον
2276 4577 2367 4632 ἀπ’
2428 4577 2692 4649 ἀλλήλων
2750 4579 3075 4655 γνωρίσωσι.
3146 4578 3250 4636 Καὶ
3321 4579 3424 4656 γὰρ
3491 4578 3653 4656 ὅνπερ

2015 4664 2217 4740 τρόπον
2246 4669 2281 4737 ἡ
2315 4670 2511 4745 φυσική
2543 4689 2684 4730 τινος
2742 4668 2977 4745 ἐνέργεια
3024 4668 3335 4745 ἀχώριστός
3383 4668 3521 4724 ἐστιν
3572 4669 3658 4723 06-

2016 4775 2166 4818 τινος
2214 4756 2452 4833 ἐνέργεια
2509 4755 2745 4832 λέγεται,
2796 4757 3103 4834 ἀχώριστος
3171 4755 3228 4812 δὲ
3289 4765 3390 4828 τῆς
3454 4757 3655 4813 οἰκείας

2018 4844 2283 4921 ἐνεργείας
2329 4846 2419 4901 καὶ
2476 4849 2511 4916 ἡ
2564 4845 2719 4923 φύσις
2765 4846 2926 4916 αὐτὴ,
2978 4847 3039 4902 οὐ
3087 4848 3187 4924 γὰρ
3218 4845 3655 4921 ἀπολιμπάνεται

2016 4933 2082 4988 τά
2142 4938 2364 4991 τοιαῦτα
2438 4932 2721 5009 ἆκλήλων,
2784 4935 2988 4991 σύνεστι
3049 4934 3107 4991 δὲ
3162 4935 3374 5010 μᾶλλον
3436 4936 3517 4992 ἀεὶ
3565 4937 3657 4993 καὶ

2014 5025 2424 5100 συνθεωρεῖται·
2481 5024 2623 5079 οὕτω
2671 5047 2799 5095 που,
2848 5024 3082 5097 μάλιστα
3132 5023 3190 5081 δὲ
3216 5025 3307 5081 καὶ
3341 5026 3471 5100 ὑπὲρ
3496 5031 3656 5082 τοῦτο

2014 5113 2104 5167 καὶ
2153 5119 2323 5168 πᾶσαν
2376 5113 2701 5188 κατάληψιν,
2751 5114 2839 5169 καὶ
2885 5114 2975 5170 τὸν
3024 5114 3193 5191 Λόγον
3225 5114 3315 5170 καί
3343 5116 3405 5170 16
3435 5120 3659 5190 Πνεῦμα

2015 5202 2076 5256 16
2125 5203 2272 5278 ἅγιον
2327 5201 2712 5267 ἀπολείπεσθαί
2776 5224 2908 5259 ποτε
2952 5207 3050 5259 τοῦ
3098 5204 3336 5281 Πατρὸς,
3409 5204 3497 5260 καὶ
3564 5206 3655 5260 τὸν

2014 5292 2225 5368 Πατέρα
2295 5290 2501 5346 τούτων
2590 5289 2886 5347 διίστασθαι
2970 5293 3301 5349 παντάποσιν
3374 5291 3655 5350 ἀδύνατον.

2014 5378 2128 5435 Ἀεὶ
2159 5382 2263 5457 γάρ
2296 5380 2348 5435 ἐν
2374 5385 2454 5453 τῷ
2484 5381 2637 5457 Δόγῳ
2666 5380 2755 5435 καὶ
2815 5381 2867 5436 ἐν
2910 5383 2990 5455 τῷ
3039 5382 3312 5456 Πνεύματι
3365 5383 3393 5437 6
3442 5383 3657 5459 Πατὴρ,

2012 5468 2101 5523 καὶ
2148 5470 2176 5523 6
2234 5469 2410 5545 Λόγος
2468 5468 2557 5524 καὶ
2613 5470 2676 5524 16
2728 5472 2951 5543 Πνεῦμα
2992 5469 3043 5525 ἐν
3087 5470 3168 5545 τῷ
3216 5471 3411 5548 Πατρὶ,
3442 5470 3553 5544 καὶ,
3585 5471 3662 5533 ὡς

2014 5557 2114 5637 ἔφη
2150 5559 2444 5632 Διονύσιος,
2486 5557 2545 5613 ἐκ
2573 5563 2668 5613 τοῦ
2697 5558 2869 5614 ἀΰλου
2900 5559 2989 5615 καὶ
3048 5560 3282 5637 ἀμεροῦς
3341 5561 3539 5635 ἀγαθοῦ
3593 5561 3660 5616 τὰ

2015 5646 2269 5723 έγκάρδια
2327 5654 2426 5717 τῆς
2493 5648 2830 5723 ἀγαθότητος
2910 5648 3139 5728 ἐκφύντα
3201 5653 3353 5728 φῶτα
3422 5654 3537 5712 τοῖς
3605 5648 3656 5705 ἐν

2012 5736 2157 5810 αὐτῷ
2203 5738 2290 5792 καὶ
2334 5736 2384 5793 ἐν
2439 5736 2619 5801 αὐτοῖς
2667 5738 2755 5794 καὶ
2812 5738 2862 5794 ἐν
2915 5736 3186 5811 ἀλλήλοις
3250 5735 3524 5794 συναϊδίου
3586 5743 3656 5813 τῇ
