  <div class='ocr_page' id='page_1' title='image "/cluster/home/n/w/nwhite01/storage/ocr_20150623/142/mdp.39015078384792/147.png"; bbox 0 0 4118 6476; ppageno 0'>
   <div class='ocr_carea' id='block_1_1' title="bbox 451 411 571 475">
    <p class='ocr_par' dir='ltr' id='par_1_1' title="bbox 451 411 571 475">
     <span class='ocr_line' id='line_1_1' title="bbox 451 411 571 475; baseline 0 0"><span class='ocrx_word' id='word_1_1' title='bbox 451 411 571 475; x_wconf 76' lang='lat'><strong>279</strong></span> 
     </span>
    </p>
   </div>
   <div class='ocr_carea' id='block_1_2' title="bbox 1471 410 2841 483">
    <p class='ocr_par' dir='ltr' id='par_1_2' title="bbox 1471 410 2841 483">
     <span class='ocr_line' id='line_1_2' title="bbox 1471 410 2841 483; baseline 0.001 -11"><span class='ocrx_word' id='word_1_2' title='bbox 1471 410 1787 474; x_wconf 81' lang='lat' dir='ltr'>GEORGII</span> <span class='ocrx_word' id='word_1_3' title='bbox 1833 411 2095 474; x_wconf 80' lang='lat' dir='ltr'>CYPRII</span> <span class='ocrx_word' id='word_1_4' title='bbox 2141 411 2259 483; x_wconf 79' lang='grc' dir='ltr'>ΟΡ.</span> <span class='ocrx_word' id='word_1_5' title='bbox 2308 412 2841 475; x_wconf 70' lang='grc' dir='ltr'>ΡΑΤΒΙΑΒΟΗΑΞ</span> 
     </span>
    </p>
   </div>
   <div class='ocr_carea' id='block_1_3' title="bbox 3732 410 3857 474">
    <p class='ocr_par' dir='ltr' id='par_1_3' title="bbox 3732 410 3857 474">
     <span class='ocr_line' id='line_1_3' title="bbox 3732 410 3857 474; baseline 0 -1"><span class='ocrx_word' id='word_1_6' title='bbox 3732 410 3857 474; x_wconf 74' lang='lat'>280</span> 
     </span>
    </p>
   </div>
   <div class='ocr_carea' id='block_1_4' title="bbox 455 537 3860 621">
    <p class='ocr_par' dir='ltr' id='par_1_4' title="bbox 455 537 3860 621">
     <span class='ocr_line' id='line_1_4' title="bbox 455 537 3860 621; baseline 0 -23"><span class='ocrx_word' id='word_1_7' title='bbox 455 537 849 614; x_wconf 75' lang='grc' dir='ltr'>ἀναϐλαστήσει</span> <span class='ocrx_word' id='word_1_8' title='bbox 929 544 1026 612; x_wconf 79' lang='grc' dir='ltr'>τῆς</span> <span class='ocrx_word' id='word_1_9' title='bbox 1102 549 1274 617; x_wconf 84' lang='grc' dir='ltr'>μονῆς</span> <span class='ocrx_word' id='word_1_10' title='bbox 1358 542 1773 617; x_wconf 86' lang='grc' dir='ltr'>ἀπομεμένηκεν</span> <span class='ocrx_word' id='word_1_11' title='bbox 1856 541 2102 621; x_wconf 87' lang='grc' dir='ltr'>ἀνεκφοί-</span> <span class='ocrx_word' id='word_1_12' title='bbox 2133 548 2290 614; x_wconf 77' lang='grc' dir='ltr'>Ατῷ</span> <span class='ocrx_word' id='word_1_13' title='bbox 2340 540 2397 597; x_wconf 77' lang='grc' dir='ltr'>δὲ</span> <span class='ocrx_word' id='word_1_14' title='bbox 2456 542 2616 615; x_wconf 85' lang='grc' dir='ltr'>αἰτίῳ</span> <span class='ocrx_word' id='word_1_15' title='bbox 2673 539 2797 598; x_wconf 67' lang='grc' dir='ltr'>οὔτε</span> <span class='ocrx_word' id='word_1_16' title='bbox 2851 547 2931 614; x_wconf 80' lang='grc' dir='ltr'>τῷ</span> <span class='ocrx_word' id='word_1_17' title='bbox 2989 541 3163 618; x_wconf 83' lang='grc' dir='ltr'>Πατρὶ</span> <span class='ocrx_word' id='word_1_18' title='bbox 3223 542 3495 614; x_wconf 87' lang='grc' dir='ltr'>συνάπτει,</span> <span class='ocrx_word' id='word_1_19' title='bbox 3526 540 3616 597; x_wconf 86' lang='grc' dir='ltr'>καὶ</span> <span class='ocrx_word' id='word_1_20' title='bbox 3648 542 3710 598; x_wconf 86' lang='grc' dir='ltr'>ού</span> <span class='ocrx_word' id='word_1_21' title='bbox 3744 540 3860 599; x_wconf 80' lang='grc' dir='ltr'>δια-</span> 
     </span>
    </p>
   </div>
   <div class='ocr_carea' id='block_1_5' title="bbox 450 629 2096 709">
    <p class='ocr_par' dir='ltr' id='par_1_5' title="bbox 450 629 2096 709">
     <span class='ocr_line' id='line_1_5' title="bbox 450 629 2096 709; baseline -0.001 -22"><span class='ocrx_word' id='word_1_22' title='bbox 450 653 610 702; x_wconf 89' lang='grc' dir='ltr'>τητα.</span> <span class='ocrx_word' id='word_1_23' title='bbox 661 631 813 686; x_wconf 71' lang='grc' dir='ltr'>Οὕτω</span> <span class='ocrx_word' id='word_1_24' title='bbox 865 632 958 704; x_wconf 71' lang='grc' dir='ltr'>μὲν</span> <span class='ocrx_word' id='word_1_25' title='bbox 1016 629 1106 687; x_wconf 78' lang='grc' dir='ltr'>οὗν</span> <span class='ocrx_word' id='word_1_26' title='bbox 1174 633 1262 687; x_wconf 80' lang='grc' dir='ltr'>καὲ</span> <span class='ocrx_word' id='word_1_27' title='bbox 1320 629 1409 687; x_wconf 79' lang='grc' dir='ltr'>διὰ</span> <span class='ocrx_word' id='word_1_28' title='bbox 1462 637 1629 687; x_wconf 86' lang='grc' dir='ltr'>ταῦτα</span> <span class='ocrx_word' id='word_1_29' title='bbox 1688 632 1953 709; x_wconf 76' lang='grc' dir='ltr'>ἐνέργειαν</span> <span class='ocrx_word' id='word_1_30' title='bbox 2007 630 2096 687; x_wconf 87' lang='grc' dir='ltr'>καὶ</span> 
     </span>
    </p>
   </div>
   <div class='ocr_carea' id='block_1_6' title="bbox 457 719 2097 798">
    <p class='ocr_par' dir='ltr' id='par_1_6' title="bbox 457 719 2097 798">
     <span class='ocr_line' id='line_1_6' title="bbox 457 719 2097 798; baseline 0 -22"><span class='ocrx_word' id='word_1_31' title='bbox 457 719 681 793; x_wconf 80' lang='grc' dir='ltr'>δύναμιν</span> <span class='ocrx_word' id='word_1_32' title='bbox 727 720 817 775; x_wconf 92' lang='grc' dir='ltr'>τὸν</span> <span class='ocrx_word' id='word_1_33' title='bbox 870 721 992 775; x_wconf 76' lang='grc' dir='ltr'>Υίὸν</span> <span class='ocrx_word' id='word_1_34' title='bbox 1040 721 1128 775; x_wconf 81' lang='grc' dir='ltr'>καὶ</span> <span class='ocrx_word' id='word_1_35' title='bbox 1158 721 1221 775; x_wconf 91' lang='grc' dir='ltr'>τὸ</span> <span class='ocrx_word' id='word_1_36' title='bbox 1280 726 1499 794; x_wconf 85' lang='grc' dir='ltr'>Πνεῦμα</span> <span class='ocrx_word' id='word_1_37' title='bbox 1530 721 1581 776; x_wconf 76' lang='grc' dir='ltr'>οἱ</span> <span class='ocrx_word' id='word_1_38' title='bbox 1616 721 1846 794; x_wconf 84' lang='grc' dir='ltr'>Πατέρες</span> <span class='ocrx_word' id='word_1_39' title='bbox 1877 721 2097 798; x_wconf 86' lang='grc' dir='ltr'>φαίνον-</span> 
     </span>
    </p>
   </div>
   <div class='ocr_carea' id='block_1_7' title="bbox 456 807 2097 885">
    <p class='ocr_par' dir='ltr' id='par_1_7' title="bbox 456 807 2097 885">
     <span class='ocr_line' id='line_1_7' title="bbox 456 807 2097 885; baseline -0.001 -21"><span class='ocrx_word' id='word_1_40' title='bbox 456 830 545 864; x_wconf 88' lang='grc' dir='ltr'>ται</span> <span class='ocrx_word' id='word_1_41' title='bbox 591 811 870 878; x_wconf 76' lang='grc' dir='ltr'>νοήσαντες</span> <span class='ocrx_word' id='word_1_42' title='bbox 920 809 1199 882; x_wconf 84' lang='grc' dir='ltr'>ὀνομάσαι,</span> <span class='ocrx_word' id='word_1_43' title='bbox 1260 810 1388 885; x_wconf 85' lang='grc' dir='ltr'>ούχί</span> <span class='ocrx_word' id='word_1_44' title='bbox 1440 807 1497 864; x_wconf 79' lang='grc' dir='ltr'>δὲ</span> <span class='ocrx_word' id='word_1_45' title='bbox 1542 809 1632 864; x_wconf 86' lang='grc' dir='ltr'>καὶ</span> <span class='ocrx_word' id='word_1_46' title='bbox 1682 811 1756 871; x_wconf 86' lang='grc' dir='ltr'>ὡς</span> <span class='ocrx_word' id='word_1_47' title='bbox 1801 810 1947 872; x_wconf 92' lang='grc' dir='ltr'>τινὸς</span> <span class='ocrx_word' id='word_1_48' title='bbox 2004 807 2097 863; x_wconf 85' lang='grc' dir='ltr'>ού-</span> 
     </span>
    </p>
   </div>
   <div class='ocr_carea' id='block_1_8' title="bbox 459 895 2099 975">
    <p class='ocr_par' dir='ltr' id='par_1_8' title="bbox 459 895 2099 975">
     <span class='ocr_line' id='line_1_8' title="bbox 459 895 2099 975; baseline -0.001 -23"><span class='ocrx_word' id='word_1_49' title='bbox 459 898 573 959; x_wconf 76' lang='grc' dir='ltr'>σῖας</span> <span class='ocrx_word' id='word_1_50' title='bbox 629 895 853 970; x_wconf 84' lang='grc' dir='ltr'>δύναμιν</span> <span class='ocrx_word' id='word_1_51' title='bbox 896 898 984 952; x_wconf 81' lang='grc' dir='ltr'>καὶ</span> <span class='ocrx_word' id='word_1_52' title='bbox 1034 897 1312 974; x_wconf 71' lang='grc' dir='ltr'>ἐνέργειαν,</span> <span class='ocrx_word' id='word_1_53' title='bbox 1361 897 1492 975; x_wconf 80' lang='grc' dir='ltr'>ὅπερ</span> <span class='ocrx_word' id='word_1_54' title='bbox 1552 898 1679 960; x_wconf 66' lang='grc' dir='ltr'>ἴσως</span> <span class='ocrx_word' id='word_1_55' title='bbox 1746 899 1999 971; x_wconf 77' lang='grc' dir='ltr'>ᾠήθησαν</span> <span class='ocrx_word' id='word_1_56' title='bbox 2047 899 2099 952; x_wconf 76' lang='grc' dir='ltr'>οἱ</span> 
     </span>
    </p>
   </div>
   <div class='ocr_carea' id='block_1_9' title="bbox 456 982 2101 1061">
    <p class='ocr_par' dir='ltr' id='par_1_9' title="bbox 456 982 2101 1061">
     <span class='ocr_line' id='line_1_9' title="bbox 456 982 2101 1061; baseline 0.001 -21"><span class='ocrx_word' id='word_1_57' title='bbox 456 987 671 1048; x_wconf 78' lang='grc' dir='ltr'>τούτοις</span> <span class='ocrx_word' id='word_1_58' title='bbox 726 983 1118 1060; x_wconf 74' lang='grc' dir='ltr'>δικαιούμενοι,</span> <span class='ocrx_word' id='word_1_59' title='bbox 1163 985 1282 1042; x_wconf 70' lang='grc' dir='ltr'>’ίσον</span> <span class='ocrx_word' id='word_1_60' title='bbox 1322 985 1368 1042; x_wconf 81' lang='grc' dir='ltr'>δ’</span> <span class='ocrx_word' id='word_1_61' title='bbox 1398 987 1564 1042; x_wconf 88' lang='grc' dir='ltr'>εἰπεῖν</span> <span class='ocrx_word' id='word_1_62' title='bbox 1598 989 1648 1043; x_wconf 78' lang='grc' dir='ltr'>οἰ</span> <span class='ocrx_word' id='word_1_63' title='bbox 1677 994 1796 1050; x_wconf 87' lang='grc' dir='ltr'>τοῖς</span> <span class='ocrx_word' id='word_1_64' title='bbox 1827 982 2101 1061; x_wconf 71' lang='grc' dir='ltr'>συμϐεϐη-</span> 
     </span>
    </p>
   </div>
   <div class='ocr_carea' id='block_1_10' title="bbox 456 1072 2098 1154">
    <p class='ocr_par' dir='ltr' id='par_1_10' title="bbox 456 1072 2098 1154">
     <span class='ocr_line' id='line_1_10' title="bbox 456 1072 2098 1154; baseline 0.001 -24"><span class='ocrx_word' id='word_1_65' title='bbox 456 1075 604 1130; x_wconf 82' lang='grc' dir='ltr'>κόσιν</span> <span class='ocrx_word' id='word_1_66' title='bbox 666 1072 1088 1151; x_wconf 80' lang='grc' dir='ltr'>έπερειδόμενοι.</span> <span class='ocrx_word' id='word_1_67' title='bbox 1137 1076 1198 1130; x_wconf 89' lang='grc' dir='ltr'>Τί</span> <span class='ocrx_word' id='word_1_68' title='bbox 1244 1077 1350 1154; x_wconf 77' lang='grc' dir='ltr'>γάφ</span> <span class='ocrx_word' id='word_1_69' title='bbox 1402 1074 1614 1147; x_wconf 70' lang='grc' dir='ltr'>ἅλλοςς</span> <span class='ocrx_word' id='word_1_70' title='bbox 1647 1076 1733 1131; x_wconf 81' lang='grc' dir='ltr'>επὶ</span> <span class='ocrx_word' id='word_1_71' title='bbox 1764 1078 1826 1131; x_wconf 93' lang='grc' dir='ltr'>τὸ</span> <span class='ocrx_word' id='word_1_72' title='bbox 1856 1076 2098 1151; x_wconf 75' lang='grc' dir='ltr'>ὅπαράλ-</span> 
     </span>
    </p>
   </div>
   <div class='ocr_carea' id='block_1_11' title="bbox 456 1161 2100 1242">
    <p class='ocr_par' dir='ltr' id='par_1_11' title="bbox 456 1161 2100 1242">
     <span class='ocr_line' id='line_1_11' title="bbox 456 1161 2100 1242; baseline 0 -23"><span class='ocrx_word' id='word_1_73' title='bbox 456 1161 652 1219; x_wconf 77' lang='grc' dir='ltr'>λακτον</span> <span class='ocrx_word' id='word_1_74' title='bbox 701 1166 797 1233; x_wconf 77' lang='grc' dir='ltr'>τῆς</span> <span class='ocrx_word' id='word_1_75' title='bbox 835 1163 1043 1242; x_wconf 87' lang='grc' dir='ltr'>φύσεως</span> <span class='ocrx_word' id='word_1_76' title='bbox 1101 1163 1523 1240; x_wconf 87' lang='grc' dir='ltr'>ὁμολογοῦντες,</span> <span class='ocrx_word' id='word_1_77' title='bbox 1572 1167 1671 1235; x_wconf 76' lang='grc' dir='ltr'>τήν</span> <span class='ocrx_word' id='word_1_78' title='bbox 1726 1165 1860 1221; x_wconf 82' lang='grc' dir='ltr'>κατά</span> <span class='ocrx_word' id='word_1_79' title='bbox 1908 1167 1968 1221; x_wconf 92' lang='grc' dir='ltr'>τὸ</span> <span class='ocrx_word' id='word_1_80' title='bbox 2014 1162 2100 1220; x_wconf 74' lang='grc' dir='ltr'>αἶ’-</span> 
     </span>
    </p>
   </div>
   <div class='ocr_carea' id='block_1_12' title="bbox 452 1250 2101 1331">
    <p class='ocr_par' dir='ltr' id='par_1_12' title="bbox 452 1250 2101 1331">
     <span class='ocr_line' id='line_1_12' title="bbox 452 1250 2101 1331; baseline 0.001 -25"><span class='ocrx_word' id='word_1_81' title='bbox 452 1272 571 1306; x_wconf 88' lang='grc' dir='ltr'>τιον</span> <span class='ocrx_word' id='word_1_82' title='bbox 639 1252 728 1306; x_wconf 84' lang='grc' dir='ltr'>καὶ</span> <span class='ocrx_word' id='word_1_83' title='bbox 786 1253 1023 1307; x_wconf 75' lang='grc' dir='ltr'>αἰτιατὸν</span> <span class='ocrx_word' id='word_1_84' title='bbox 1080 1250 1337 1331; x_wconf 72' lang='grc' dir='ltr'>διαφορὰν</span> <span class='ocrx_word' id='word_1_85' title='bbox 1397 1254 1495 1308; x_wconf 79' lang='grc' dir='ltr'>οὐκ</span> <span class='ocrx_word' id='word_1_86' title='bbox 1559 1254 1884 1331; x_wconf 70' lang='grc' dir='ltr'>ἀρνούμεθα,</span> <span class='ocrx_word' id='word_1_87' title='bbox 1945 1253 1996 1308; x_wconf 89' lang='grc' dir='ltr'>ἐν</span> <span class='ocrx_word' id='word_1_88' title='bbox 2055 1255 2101 1327; x_wconf 81' lang='grc' dir='ltr'>ᾧ</span> 
     </span>
    </p>
   </div>
   <div class='ocr_carea' id='block_1_13' title="bbox 460 1338 2101 1419">
    <p class='ocr_par' dir='ltr' id='par_1_13' title="bbox 460 1338 2101 1419">
     <span class='ocr_line' id='line_1_13' title="bbox 460 1338 2101 1419; baseline 0.001 -24"><span class='ocrx_word' id='word_1_89' title='bbox 460 1340 623 1413; x_wconf 88' lang='grc' dir='ltr'>μόνον</span> <span class='ocrx_word' id='word_1_90' title='bbox 674 1338 1035 1417; x_wconf 85' lang='grc' dir='ltr'>διακρίνεσθαι</span> <span class='ocrx_word' id='word_1_91' title='bbox 1078 1343 1145 1397; x_wconf 91' lang='grc' dir='ltr'>τὸ</span> <span class='ocrx_word' id='word_1_92' title='bbox 1186 1340 1370 1419; x_wconf 72' lang='grc' dir='ltr'>’ἕτερον</span> <span class='ocrx_word' id='word_1_93' title='bbox 1419 1347 1518 1398; x_wconf 92' lang='grc' dir='ltr'>τοῦ</span> <span class='ocrx_word' id='word_1_94' title='bbox 1571 1342 1753 1414; x_wconf 85' lang='grc' dir='ltr'>ἐτέρου</span> <span class='ocrx_word' id='word_1_95' title='bbox 1815 1342 2101 1417; x_wconf 85' lang='grc' dir='ltr'>καταλαμ-</span> 
     </span>
    </p>
   </div>
   <div class='ocr_carea' id='block_1_14' title="bbox 456 1433 2104 1513">
    <p class='ocr_par' dir='ltr' id='par_1_14' title="bbox 456 1433 2104 1513">
     <span class='ocr_line' id='line_1_14' title="bbox 456 1433 2104 1513; baseline 0.002 -21"><span class='ocrx_word' id='word_1_96' title='bbox 456 1433 715 1511; x_wconf 77' lang='grc' dir='ltr'>ϐάνομεν,</span> <span class='ocrx_word' id='word_1_97' title='bbox 761 1444 840 1512; x_wconf 80' lang='grc' dir='ltr'>τῷ</span> <span class='ocrx_word' id='word_1_98' title='bbox 884 1440 947 1494; x_wconf 90' lang='grc' dir='ltr'>τὸ</span> <span class='ocrx_word' id='word_1_99' title='bbox 992 1440 1087 1513; x_wconf 74' lang='grc' dir='ltr'>μὲν</span> <span class='ocrx_word' id='word_1_100' title='bbox 1137 1435 1309 1495; x_wconf 77' lang='grc' dir='ltr'>αἶ’τιον</span> <span class='ocrx_word' id='word_1_101' title='bbox 1361 1439 1493 1495; x_wconf 77' lang='grc' dir='ltr'>εἶναι</span> <span class='ocrx_word' id='word_1_102' title='bbox 1541 1439 1834 1512; x_wconf 78' lang='grc' dir='ltr'>πιστεύειν,</span> <span class='ocrx_word' id='word_1_103' title='bbox 1863 1441 1926 1495; x_wconf 93' lang='grc' dir='ltr'>τὸ</span> <span class='ocrx_word' id='word_1_104' title='bbox 1957 1437 2014 1495; x_wconf 75' lang='grc' dir='ltr'>δὲ</span> <span class='ocrx_word' id='word_1_105' title='bbox 2045 1439 2104 1495; x_wconf 88' lang='grc' dir='ltr'>ἐκ</span> 
     </span>
    </p>
   </div>
   <div class='ocr_carea' id='block_1_15' title="bbox 454 1526 2099 1600">
    <p class='ocr_par' dir='ltr' id='par_1_15' title="bbox 454 1526 2099 1600">
     <span class='ocr_line' id='line_1_15' title="bbox 454 1526 2099 1600; baseline 0.001 -19"><span class='ocrx_word' id='word_1_106' title='bbox 454 1532 553 1582; x_wconf 88' lang='grc' dir='ltr'>τοῦ</span> <span class='ocrx_word' id='word_1_107' title='bbox 602 1527 795 1584; x_wconf 85' lang='grc' dir='ltr'>αἰτίου.</span> <span class='ocrx_word' id='word_1_108' title='bbox 848 1528 947 1582; x_wconf 82' lang='grc' dir='ltr'>Καὶ</span> <span class='ocrx_word' id='word_1_109' title='bbox 992 1532 1090 1583; x_wconf 90' lang='grc' dir='ltr'>τοῦ</span> <span class='ocrx_word' id='word_1_110' title='bbox 1138 1527 1188 1600; x_wconf 78' lang='grc' dir='ltr'>ἐξ</span> <span class='ocrx_word' id='word_1_111' title='bbox 1231 1528 1407 1591; x_wconf 71' lang='grc' dir='ltr'>αἰτίας</span> <span class='ocrx_word' id='word_1_112' title='bbox 1475 1527 1630 1591; x_wconf 76' lang='grc' dir='ltr'>ὄντος</span> <span class='ocrx_word' id='word_1_113' title='bbox 1695 1527 1859 1584; x_wconf 89' lang='grc' dir='ltr'>πάλιν</span> <span class='ocrx_word' id='word_1_114' title='bbox 1922 1526 2099 1600; x_wconf 74' lang='grc' dir='ltr'>ἄλλην</span> 
     </span>
    </p>
   </div>
   <div class='ocr_carea' id='block_1_16' title="bbox 458 1613 2103 1695">
    <p class='ocr_par' dir='ltr' id='par_1_16' title="bbox 458 1613 2103 1695">
     <span class='ocr_line' id='line_1_16' title="bbox 458 1613 2103 1695; baseline 0 -23"><span class='ocrx_word' id='word_1_115' title='bbox 458 1613 715 1695; x_wconf 74' lang='grc' dir='ltr'>διαφορὰν</span> <span class='ocrx_word' id='word_1_116' title='bbox 768 1616 1075 1691; x_wconf 88' lang='grc' dir='ltr'>ἐννοοῦμεν.</span> <span class='ocrx_word' id='word_1_117' title='bbox 1106 1618 1177 1672; x_wconf 92' lang='grc' dir='ltr'>Τὸ</span> <span class='ocrx_word' id='word_1_118' title='bbox 1238 1618 1332 1691; x_wconf 77' lang='grc' dir='ltr'>μὲν</span> <span class='ocrx_word' id='word_1_119' title='bbox 1391 1617 1492 1695; x_wconf 79' lang='grc' dir='ltr'>γὰρ</span> <span class='ocrx_word' id='word_1_120' title='bbox 1543 1623 1834 1694; x_wconf 87' lang='grc' dir='ltr'>προσεχῶς</span> <span class='ocrx_word' id='word_1_121' title='bbox 1882 1616 1941 1672; x_wconf 89' lang='lat' dir='ltr'>Ex</span> <span class='ocrx_word' id='word_1_122' title='bbox 2007 1622 2103 1673; x_wconf 85' lang='grc' dir='ltr'>τοῦ</span> 
     </span>
    </p>
   </div>
   <div class='ocr_carea' id='block_1_17' title="bbox 457 1704 2102 1782">
    <p class='ocr_par' dir='ltr' id='par_1_17' title="bbox 457 1704 2102 1782">
     <span class='ocr_line' id='line_1_17' title="bbox 457 1704 2102 1782; baseline 0.002 -22"><span class='ocrx_word' id='word_1_123' title='bbox 457 1706 699 1779; x_wconf 85' lang='grc' dir='ltr'>πρώτου,</span> <span class='ocrx_word' id='word_1_124' title='bbox 758 1706 819 1761; x_wconf 91' lang='grc' dir='ltr'>τὸ</span> <span class='ocrx_word' id='word_1_125' title='bbox 876 1706 934 1762; x_wconf 74' lang='grc' dir='ltr'>δὲ</span> <span class='ocrx_word' id='word_1_126' title='bbox 990 1704 1080 1761; x_wconf 83' lang='grc' dir='ltr'>διὰ</span> <span class='ocrx_word' id='word_1_127' title='bbox 1130 1707 1194 1762; x_wconf 91' lang='grc' dir='ltr'>τὸ</span> <span class='ocrx_word' id='word_1_128' title='bbox 1248 1711 1535 1782; x_wconf 87' lang='grc' dir='ltr'>προσεχῶς</span> <span class='ocrx_word' id='word_1_129' title='bbox 1590 1706 1650 1762; x_wconf 89' lang='grc' dir='ltr'>ἐκ</span> <span class='ocrx_word' id='word_1_130' title='bbox 1707 1711 1804 1763; x_wconf 91' lang='grc' dir='ltr'>τοῦ</span> <span class='ocrx_word' id='word_1_131' title='bbox 1860 1708 2102 1782; x_wconf 85' lang='grc' dir='ltr'>πρώτου.</span> 
     </span>
    </p>
   </div>
   <div class='ocr_carea' id='block_1_18' title="bbox 458 1791 2104 1874">
    <p class='ocr_par' dir='ltr' id='par_1_18' title="bbox 458 1791 2104 1874">
     <span class='ocr_line' id='line_1_18' title="bbox 458 1791 2104 1874; baseline 0 -24"><span class='ocrx_word' id='word_1_132' title='bbox 458 1798 619 1850; x_wconf 78' lang='grc' dir='ltr'>’Ὥστε</span> <span class='ocrx_word' id='word_1_133' title='bbox 659 1795 749 1849; x_wconf 83' lang='grc' dir='ltr'>καὶ</span> <span class='ocrx_word' id='word_1_134' title='bbox 794 1796 858 1851; x_wconf 90' lang='grc' dir='ltr'>τὸ</span> <span class='ocrx_word' id='word_1_135' title='bbox 908 1798 1189 1873; x_wconf 77' lang='grc' dir='ltr'>μονογενὲς</span> <span class='ocrx_word' id='word_1_136' title='bbox 1227 1791 1604 1874; x_wconf 79' lang='grc' dir='ltr'>ἀναμφίϐολον</span> <span class='ocrx_word' id='word_1_137' title='bbox 1656 1796 1790 1850; x_wconf 84' lang='grc' dir='ltr'>εἰναι</span> <span class='ocrx_word' id='word_1_138' title='bbox 1840 1801 1936 1851; x_wconf 87' lang='grc' dir='ltr'>τοῦ</span> <span class='ocrx_word' id='word_1_139' title='bbox 1978 1798 2104 1851; x_wconf 81' lang='grc' dir='ltr'>Υίοῦ</span> 
     </span>
    </p>
   </div>
   <div class='ocr_carea' id='block_1_19' title="bbox 464 1884 2101 1962">
    <p class='ocr_par' dir='ltr' id='par_1_19' title="bbox 464 1884 2101 1962">
     <span class='ocr_line' id='line_1_19' title="bbox 464 1884 2101 1962; baseline 0 -23"><span class='ocrx_word' id='word_1_140' title='bbox 464 1885 659 1957; x_wconf 81' lang='grc' dir='ltr'>μένειν,</span> <span class='ocrx_word' id='word_1_141' title='bbox 718 1884 808 1940; x_wconf 85' lang='grc' dir='ltr'>καὶ</span> <span class='ocrx_word' id='word_1_142' title='bbox 854 1885 916 1940; x_wconf 94' lang='grc' dir='ltr'>τὸ</span> <span class='ocrx_word' id='word_1_143' title='bbox 966 1884 1025 1940; x_wconf 87' lang='grc' dir='ltr'>ἐκ</span> <span class='ocrx_word' id='word_1_144' title='bbox 1068 1889 1165 1940; x_wconf 83' lang='grc' dir='ltr'>τοῦ</span> <span class='ocrx_word' id='word_1_145' title='bbox 1212 1887 1422 1962; x_wconf 87' lang='grc' dir='ltr'>Πατρὸς</span> <span class='ocrx_word' id='word_1_146' title='bbox 1468 1886 1600 1940; x_wconf 80' lang='grc' dir='ltr'>εἶναι</span> <span class='ocrx_word' id='word_1_147' title='bbox 1649 1886 1729 1947; x_wconf 83' lang='grc' dir='ltr'>τὸ,</span> <span class='ocrx_word' id='word_1_148' title='bbox 1764 1890 1982 1957; x_wconf 86' lang='grc' dir='ltr'>ΙΙνεῦμα</span> <span class='ocrx_word' id='word_1_149' title='bbox 2027 1885 2101 1959; x_wconf 79' lang='grc' dir='ltr'>μὴ</span> 
     </span>
    </p>
   </div>
   <div class='ocr_carea' id='block_1_20' title="bbox 461 1968 2102 2051">
    <p class='ocr_par' dir='ltr' id='par_1_20' title="bbox 461 1968 2102 2051">
     <span class='ocr_line' id='line_1_20' title="bbox 461 1968 2102 2051; baseline 0.001 -23"><span class='ocrx_word' id='word_1_150' title='bbox 461 1968 846 2051; x_wconf 78' lang='grc' dir='ltr'>ἀμφιϐάλλειν,</span> <span class='ocrx_word' id='word_1_151' title='bbox 897 1981 999 2044; x_wconf 89' lang='grc' dir='ltr'>τῆς</span> <span class='ocrx_word' id='word_1_152' title='bbox 1053 1978 1151 2029; x_wconf 89' lang='grc' dir='ltr'>τοῦ</span> <span class='ocrx_word' id='word_1_153' title='bbox 1202 1975 1330 2029; x_wconf 80' lang='grc' dir='ltr'>Υῖοῦ</span> <span class='ocrx_word' id='word_1_154' title='bbox 1384 1973 1652 2048; x_wconf 89' lang='grc' dir='ltr'>μεσιτείας</span> <span class='ocrx_word' id='word_1_155' title='bbox 1694 1973 1783 2029; x_wconf 83' lang='grc' dir='ltr'>καὶ</span> <span class='ocrx_word' id='word_1_156' title='bbox 1824 1975 1995 2046; x_wconf 72' lang='grc' dir='ltr'>ἑαυτῷ</span> <span class='ocrx_word' id='word_1_157' title='bbox 2040 1974 2102 2029; x_wconf 89' lang='grc' dir='ltr'>τὸ</span> 
     </span>
    </p>
   </div>
   <div class='ocr_carea' id='block_1_21' title="bbox 465 2062 2100 2141">
    <p class='ocr_par' dir='ltr' id='par_1_21' title="bbox 465 2062 2100 2141">
     <span class='ocr_line' id='line_1_21' title="bbox 465 2062 2100 2141; baseline 0.001 -26"><span class='ocrx_word' id='word_1_158' title='bbox 465 2064 751 2137; x_wconf 78' lang='grc' dir='ltr'>μονογενὲς</span> <span class='ocrx_word' id='word_1_159' title='bbox 798 2062 1199 2141; x_wconf 77' lang='grc' dir='ltr'>φυλαττούσης,</span> <span class='ocrx_word' id='word_1_160' title='bbox 1269 2063 1359 2119; x_wconf 87' lang='grc' dir='ltr'>καὶ</span> <span class='ocrx_word' id='word_1_161' title='bbox 1414 2064 1477 2119; x_wconf 89' lang='grc' dir='ltr'>τὸ</span> <span class='ocrx_word' id='word_1_162' title='bbox 1525 2068 1751 2137; x_wconf 82' lang='grc' dir='ltr'>Πνεῦμα</span> <span class='ocrx_word' id='word_1_163' title='bbox 1802 2070 1903 2133; x_wconf 86' lang='grc' dir='ltr'>τῆς</span> <span class='ocrx_word' id='word_1_164' title='bbox 1953 2084 2100 2141; x_wconf 86' lang='grc' dir='ltr'>φυσι-</span> 
     </span>
    </p>
   </div>
   <div class='ocr_carea' id='block_1_22' title="bbox 462 2150 2102 2229">
    <p class='ocr_par' dir='ltr' id='par_1_22' title="bbox 462 2150 2102 2229">
     <span class='ocr_line' id='line_1_22' title="bbox 462 2150 2102 2229; baseline 0.002 -24"><span class='ocrx_word' id='word_1_165' title='bbox 462 2157 563 2219; x_wconf 84' lang='grc' dir='ltr'>κῆς</span> <span class='ocrx_word' id='word_1_166' title='bbox 617 2151 751 2226; x_wconf 89' lang='grc' dir='ltr'>πρὸς</span> <span class='ocrx_word' id='word_1_167' title='bbox 802 2152 893 2207; x_wconf 93' lang='grc' dir='ltr'>τὸν</span> <span class='ocrx_word' id='word_1_168' title='bbox 942 2150 1159 2228; x_wconf 79' lang='grc' dir='ltr'>Πατέρα</span> <span class='ocrx_word' id='word_1_169' title='bbox 1203 2152 1440 2228; x_wconf 84' lang='grc' dir='ltr'>σχέσεως</span> <span class='ocrx_word' id='word_1_170' title='bbox 1489 2154 1564 2224; x_wconf 83' lang='grc' dir='ltr'>μή</span> <span class='ocrx_word' id='word_1_171' title='bbox 1616 2151 1999 2229; x_wconf 80' lang='grc' dir='ltr'>ἀπειργούσης.</span> <span class='ocrx_word' id='word_1_172' title='bbox 2040 2154 2102 2209; x_wconf 86' lang='grc' dir='ltr'><strong>Ἦ</strong></span> 
     </span>
    </p>
   </div>
   <div class='ocr_carea' id='block_1_23' title="bbox 464 2238 2101 2317">
    <p class='ocr_par' dir='ltr' id='par_1_23' title="bbox 464 2238 2101 2317">
     <span class='ocr_line' id='line_1_23' title="bbox 464 2238 2101 2317; baseline 0.001 -23"><span class='ocrx_word' id='word_1_173' title='bbox 464 2239 559 2312; x_wconf 69' lang='grc' dir='ltr'>μὲν</span> <span class='ocrx_word' id='word_1_174' title='bbox 613 2241 705 2295; x_wconf 84' lang='grc' dir='ltr'>οὗν</span> <span class='ocrx_word' id='word_1_175' title='bbox 765 2240 919 2317; x_wconf 79' lang='grc' dir='ltr'>ῥῆσις</span> <span class='ocrx_word' id='word_1_176' title='bbox 975 2241 1199 2311; x_wconf 88' lang='grc' dir='ltr'>τοιαύτη</span> <span class='ocrx_word' id='word_1_177' title='bbox 1231 2260 1244 2273; x_wconf 90' lang='grc'>·</span> <span class='ocrx_word' id='word_1_178' title='bbox 1300 2246 1407 2296; x_wconf 90' lang='grc' dir='ltr'>ποῦ</span> <span class='ocrx_word' id='word_1_179' title='bbox 1465 2238 1523 2297; x_wconf 77' lang='grc' dir='ltr'>δὲ</span> <span class='ocrx_word' id='word_1_180' title='bbox 1572 2241 1793 2297; x_wconf 91' lang='grc' dir='ltr'>ἐνταῦθα</span> <span class='ocrx_word' id='word_1_181' title='bbox 1853 2238 2022 2296; x_wconf 78' lang='grc' dir='ltr'>αἶ’τιον</span> <span class='ocrx_word' id='word_1_182' title='bbox 2072 2242 2101 2295; x_wconf 99' lang='lat'>6</span> 
     </span>
    </p>
   </div>
   <div class='ocr_carea' id='block_1_24' title="bbox 460 2328 2098 2406">
    <p class='ocr_par' dir='ltr' id='par_1_24' title="bbox 460 2328 2098 2406">
     <span class='ocr_line' id='line_1_24' title="bbox 460 2328 2098 2406; baseline 0.001 -22"><span class='ocrx_word' id='word_1_183' title='bbox 460 2328 583 2391; x_wconf 77' lang='grc' dir='ltr'>Υἱός</span> <span class='ocrx_word' id='word_1_184' title='bbox 612 2348 627 2399; x_wconf 88' lang='grc'>;</span> <span class='ocrx_word' id='word_1_185' title='bbox 681 2334 786 2384; x_wconf 90' lang='grc' dir='ltr'>ποῦ</span> <span class='ocrx_word' id='word_1_186' title='bbox 830 2330 894 2385; x_wconf 87' lang='grc' dir='ltr'>τὸ</span> <span class='ocrx_word' id='word_1_187' title='bbox 942 2335 1165 2404; x_wconf 89' lang='grc' dir='ltr'>ΙΙνεῦμα</span> <span class='ocrx_word' id='word_1_188' title='bbox 1206 2330 1266 2385; x_wconf 88' lang='lat' dir='ltr'>Ex</span> <span class='ocrx_word' id='word_1_189' title='bbox 1309 2336 1407 2386; x_wconf 91' lang='grc' dir='ltr'>τοῦ</span> <span class='ocrx_word' id='word_1_190' title='bbox 1439 2332 1605 2400; x_wconf 78' lang='grc' dir='ltr'>Υίοῦ;</span> <span class='ocrx_word' id='word_1_191' title='bbox 1640 2329 1972 2406; x_wconf 88' lang='grc' dir='ltr'>Διακρίνεται</span> <span class='ocrx_word' id='word_1_192' title='bbox 2005 2331 2098 2404; x_wconf 74' lang='grc' dir='ltr'>μὶν</span> 
     </span>
    </p>
   </div>
   <div class='ocr_carea' id='block_1_25' title="bbox 458 2418 2099 2497">
    <p class='ocr_par' dir='ltr' id='par_1_25' title="bbox 458 2418 2099 2497">
     <span class='ocr_line' id='line_1_25' title="bbox 458 2418 2099 2497; baseline 0.001 -24"><span class='ocrx_word' id='word_1_193' title='bbox 458 2418 585 2494; x_wconf 78' lang='grc' dir='ltr'>γὰρ,</span> <span class='ocrx_word' id='word_1_194' title='bbox 643 2419 796 2497; x_wconf 80' lang='grc' dir='ltr'>φησὶ,</span> <span class='ocrx_word' id='word_1_195' title='bbox 856 2424 952 2474; x_wconf 84' lang='grc' dir='ltr'>τοῦ</span> <span class='ocrx_word' id='word_1_196' title='bbox 1018 2421 1229 2496; x_wconf 88' lang='grc' dir='ltr'>ΙΙατρὸς</span> <span class='ocrx_word' id='word_1_197' title='bbox 1303 2418 1383 2493; x_wconf 86' lang='grc' dir='ltr'>τῷ</span> <span class='ocrx_word' id='word_1_198' title='bbox 1459 2419 1700 2482; x_wconf 86' lang='grc' dir='ltr'>αἰτιατὸς</span> <span class='ocrx_word' id='word_1_199' title='bbox 1775 2421 1928 2489; x_wconf 80' lang='grc' dir='ltr'>εἶναι,</span> <span class='ocrx_word' id='word_1_200' title='bbox 2003 2421 2099 2475; x_wconf 57' lang='grc' dir='ltr'>καί</span> 
     </span>
    </p>
   </div>
   <div class='ocr_carea' id='block_1_26' title="bbox 456 2505 2099 2582">
    <p class='ocr_par' dir='ltr' id='par_1_26' title="bbox 456 2505 2099 2582">
     <span class='ocr_line' id='line_1_26' title="bbox 456 2505 2099 2582; baseline 0.001 -20"><span class='ocrx_word' id='word_1_201' title='bbox 456 2507 636 2581; x_wconf 85' lang='grc' dir='ltr'>τούτῳ</span> <span class='ocrx_word' id='word_1_202' title='bbox 664 2505 869 2577; x_wconf 79' lang='grc' dir='ltr'>ἥνωται</span> <span class='ocrx_word' id='word_1_203' title='bbox 908 2507 987 2581; x_wconf 80' lang='grc' dir='ltr'>τῷ</span> <span class='ocrx_word' id='word_1_204' title='bbox 1034 2508 1336 2582; x_wconf 88' lang='grc' dir='ltr'>ΙΙνεύματι,</span> <span class='ocrx_word' id='word_1_205' title='bbox 1386 2508 1479 2564; x_wconf 81' lang='grc' dir='ltr'>καὶ</span> <span class='ocrx_word' id='word_1_206' title='bbox 1523 2508 1670 2580; x_wconf 79' lang='grc' dir='ltr'>αὐτῷ</span> <span class='ocrx_word' id='word_1_207' title='bbox 1715 2509 1941 2581; x_wconf 87' lang='grc' dir='ltr'>αἰτιατῷ</span> <span class='ocrx_word' id='word_1_208' title='bbox 1984 2507 2099 2564; x_wconf 74' lang='grc' dir='ltr'>ὄντι</span> 
     </span>
    </p>
   </div>
   <div class='ocr_carea' id='block_1_27' title="bbox 460 2595 2102 2673">
    <p class='ocr_par' dir='ltr' id='par_1_27' title="bbox 460 2595 2102 2673">
     <span class='ocr_line' id='line_1_27' title="bbox 460 2595 2102 2673; baseline 0.001 -21"><span class='ocrx_word' id='word_1_209' title='bbox 460 2596 521 2653; x_wconf 90' lang='lat' dir='ltr'>Ex</span> <span class='ocrx_word' id='word_1_210' title='bbox 580 2600 679 2652; x_wconf 85' lang='grc' dir='ltr'>τοῦ</span> <span class='ocrx_word' id='word_1_211' title='bbox 742 2597 980 2673; x_wconf 87' lang='grc' dir='ltr'>Πατρὸς,</span> <span class='ocrx_word' id='word_1_212' title='bbox 1030 2596 1093 2652; x_wconf 86' lang='grc' dir='ltr'>ού</span> <span class='ocrx_word' id='word_1_213' title='bbox 1153 2599 1260 2672; x_wconf 82' lang='grc' dir='ltr'>μὴν</span> <span class='ocrx_word' id='word_1_214' title='bbox 1306 2597 1414 2652; x_wconf 84' lang='grc' dir='ltr'>ἐστι</span> <span class='ocrx_word' id='word_1_215' title='bbox 1478 2595 1568 2652; x_wconf 81' lang='grc' dir='ltr'>καὶ</span> <span class='ocrx_word' id='word_1_216' title='bbox 1625 2602 1722 2653; x_wconf 88' lang='grc' dir='ltr'>τοῦ</span> <span class='ocrx_word' id='word_1_217' title='bbox 1787 2597 2102 2672; x_wconf 82' lang='grc' dir='ltr'>ΙΙνεύματος</span> 
     </span>
    </p>
   </div>
   <div class='ocr_carea' id='block_1_28' title="bbox 458 2691 2099 2772">
    <p class='ocr_par' dir='ltr' id='par_1_28' title="bbox 458 2691 2099 2772">
     <span class='ocr_line' id='line_1_28' title="bbox 458 2691 2099 2772; baseline 0.002 -24"><span class='ocrx_word' id='word_1_218' title='bbox 458 2691 656 2768; x_wconf 67' lang='grc' dir='ltr'>αἴτιος,</span> <span class='ocrx_word' id='word_1_219' title='bbox 706 2694 768 2750; x_wconf 86' lang='grc' dir='ltr'>ού</span> <span class='ocrx_word' id='word_1_220' title='bbox 820 2692 878 2750; x_wconf 76' lang='grc' dir='ltr'>δὲ</span> <span class='ocrx_word' id='word_1_221' title='bbox 916 2695 968 2765; x_wconf 80' lang='grc' dir='ltr'>ἐξ</span> <span class='ocrx_word' id='word_1_222' title='bbox 1015 2694 1180 2750; x_wconf 78' lang='grc' dir='ltr'>αὐτοῦ</span> <span class='ocrx_word' id='word_1_223' title='bbox 1229 2694 1293 2750; x_wconf 78' lang='grc' dir='ltr'>τὰ</span> <span class='ocrx_word' id='word_1_224' title='bbox 1343 2697 1584 2769; x_wconf 87' lang='grc' dir='ltr'>Πνεῦμα,</span> <span class='ocrx_word' id='word_1_225' title='bbox 1610 2693 1685 2749; x_wconf 64' lang='grc' dir='ltr'>ἶν’</span> <span class='ocrx_word' id='word_1_226' title='bbox 1717 2697 1800 2758; x_wconf 82' lang='grc' dir='ltr'>οἷς</span> <span class='ocrx_word' id='word_1_227' title='bbox 1834 2692 2099 2772; x_wconf 88' lang='grc' dir='ltr'>διακρίνε-</span> 
     </span>
    </p>
   </div>
   <div class='ocr_carea' id='block_1_29' title="bbox 459 2783 2100 2860">
    <p class='ocr_par' dir='ltr' id='par_1_29' title="bbox 459 2783 2100 2860">
     <span class='ocr_line' id='line_1_29' title="bbox 459 2783 2100 2860; baseline 0.001 -23"><span class='ocrx_word' id='word_1_228' title='bbox 459 2803 547 2838; x_wconf 89' lang='grc' dir='ltr'>ται</span> <span class='ocrx_word' id='word_1_229' title='bbox 588 2787 686 2838; x_wconf 88' lang='grc' dir='ltr'>τοῦ</span> <span class='ocrx_word' id='word_1_230' title='bbox 733 2783 1048 2858; x_wconf 82' lang='grc' dir='ltr'>ΙΙνεύματος</span> <span class='ocrx_word' id='word_1_231' title='bbox 1089 2786 1419 2855; x_wconf 86' lang='grc' dir='ltr'>συνάπτηται</span> <span class='ocrx_word' id='word_1_232' title='bbox 1464 2786 1545 2857; x_wconf 76' lang='grc' dir='ltr'>τῷ</span> <span class='ocrx_word' id='word_1_233' title='bbox 1612 2783 1786 2860; x_wconf 83' lang='grc' dir='ltr'>ΙΙατρί</span> <span class='ocrx_word' id='word_1_234' title='bbox 1819 2802 1833 2816; x_wconf 91' lang='grc'>·</span> <span class='ocrx_word' id='word_1_235' title='bbox 1996 2785 2100 2860; x_wconf 75' lang='grc' dir='ltr'>γὰρ</span> 
     </span>
    </p>
   </div>
   <div class='ocr_carea' id='block_1_30' title="bbox 459 2870 2101 2949">
    <p class='ocr_par' dir='ltr' id='par_1_30' title="bbox 459 2870 2101 2949">
     <span class='ocr_line' id='line_1_30' title="bbox 459 2870 2101 2949; baseline 0.001 -23"><span class='ocrx_word' id='word_1_236' title='bbox 459 2872 519 2927; x_wconf 76' lang='grc' dir='ltr'>ἄν</span> <span class='ocrx_word' id='word_1_237' title='bbox 563 2876 730 2927; x_wconf 89' lang='grc' dir='ltr'>ταῦτα</span> <span class='ocrx_word' id='word_1_238' title='bbox 775 2870 993 2948; x_wconf 86' lang='grc' dir='ltr'>λέγοντι</span> <span class='ocrx_word' id='word_1_239' title='bbox 1043 2874 1250 2944; x_wconf 74' lang='grc' dir='ltr'>ἀπήντα</span> <span class='ocrx_word' id='word_1_240' title='bbox 1316 2872 1579 2949; x_wconf 81' lang='grc' dir='ltr'>σύγχυσις</span> <span class='ocrx_word' id='word_1_241' title='bbox 1648 2872 1707 2928; x_wconf 86' lang='grc' dir='ltr'>ἐκ</span> <span class='ocrx_word' id='word_1_242' title='bbox 1758 2870 2101 2949; x_wconf 82' lang='grc' dir='ltr'>διακρίσεως,</span> 
     </span>
    </p>
   </div>
   <div class='ocr_carea' id='block_1_31' title="bbox 462 2959 2098 3041">
    <p class='ocr_par' dir='ltr' id='par_1_31' title="bbox 462 2959 2098 3041">
     <span class='ocr_line' id='line_1_31' title="bbox 462 2959 2098 3041; baseline 0.001 -25"><span class='ocrx_word' id='word_1_243' title='bbox 462 2959 593 3036; x_wconf 74' lang='grc' dir='ltr'>ὅπερ</span> <span class='ocrx_word' id='word_1_244' title='bbox 638 2960 842 3025; x_wconf 79' lang='grc' dir='ltr'>ἐκεῖνος</span> <span class='ocrx_word' id='word_1_245' title='bbox 903 2964 978 3036; x_wconf 82' lang='grc' dir='ltr'>μὴ</span> <span class='ocrx_word' id='word_1_246' title='bbox 1009 2960 1193 3026; x_wconf 86' lang='grc' dir='ltr'>καλῶς</span> <span class='ocrx_word' id='word_1_247' title='bbox 1227 2960 1355 3038; x_wconf 80' lang='grc' dir='ltr'>ἔχον</span> <span class='ocrx_word' id='word_1_248' title='bbox 1390 2960 1571 3033; x_wconf 83' lang='grc' dir='ltr'>εἰδὼς,</span> <span class='ocrx_word' id='word_1_249' title='bbox 1603 2960 1664 3017; x_wconf 79' lang='grc' dir='ltr'>οὗ</span> <span class='ocrx_word' id='word_1_250' title='bbox 1695 2967 1866 3017; x_wconf 85' lang='grc' dir='ltr'>ποιῶν</span> <span class='ocrx_word' id='word_1_251' title='bbox 1899 2960 2098 3041; x_wconf 80' lang='grc' dir='ltr'>ἐφυλά-</span> 
     </span>
    </p>
   </div>
   <div class='ocr_carea' id='block_1_32' title="bbox 460 3049 2099 3126">
    <p class='ocr_par' dir='ltr' id='par_1_32' title="bbox 460 3049 2099 3126">
     <span class='ocr_line' id='line_1_32' title="bbox 460 3049 2099 3126; baseline 0.001 -23"><span class='ocrx_word' id='word_1_252' title='bbox 460 3049 606 3123; x_wconf 81' lang='grc' dir='ltr'>ξατο,</span> <span class='ocrx_word' id='word_1_253' title='bbox 673 3049 911 3106; x_wconf 83' lang='grc' dir='ltr'>αἰτιατὸν</span> <span class='ocrx_word' id='word_1_254' title='bbox 981 3050 1140 3124; x_wconf 84' lang='grc' dir='ltr'>μόνον</span> <span class='ocrx_word' id='word_1_255' title='bbox 1213 3051 1446 3126; x_wconf 72' lang='grc' dir='ltr'>εἰρηκὼς</span> <span class='ocrx_word' id='word_1_256' title='bbox 1524 3052 1616 3106; x_wconf 91' lang='grc' dir='ltr'>τὸν</span> <span class='ocrx_word' id='word_1_257' title='bbox 1702 3051 1822 3108; x_wconf 81' lang='grc' dir='ltr'>Υἰὸν</span> <span class='ocrx_word' id='word_1_258' title='bbox 1883 3051 1973 3105; x_wconf 83' lang='grc' dir='ltr'>καὶ</span> <span class='ocrx_word' id='word_1_259' title='bbox 2038 3051 2099 3106; x_wconf 90' lang='grc' dir='ltr'>τὸ</span> 
     </span>
    </p>
   </div>
   <div class='ocr_carea' id='block_1_33' title="bbox 456 3136 2101 3215">
    <p class='ocr_par' dir='ltr' id='par_1_33' title="bbox 456 3136 2101 3215">
     <span class='ocr_line' id='line_1_33' title="bbox 456 3136 2101 3215; baseline -0.001 -20"><span class='ocrx_word' id='word_1_260' title='bbox 456 3140 678 3213; x_wconf 86' lang='grc' dir='ltr'>Πνεῦμα</span> <span class='ocrx_word' id='word_1_261' title='bbox 736 3136 804 3194; x_wconf 85' lang='grc' dir='ltr'>δι’</span> <span class='ocrx_word' id='word_1_262' title='bbox 850 3139 1037 3212; x_wconf 77' lang='grc' dir='ltr'>αὐτοῦ,</span> <span class='ocrx_word' id='word_1_263' title='bbox 1083 3137 1210 3195; x_wconf 83' lang='grc' dir='ltr'>ἀλλ’</span> <span class='ocrx_word' id='word_1_264' title='bbox 1269 3140 1368 3195; x_wconf 81' lang='grc' dir='ltr'>οῦκ</span> <span class='ocrx_word' id='word_1_265' title='bbox 1421 3139 1471 3213; x_wconf 74' lang='grc' dir='ltr'>ἐξ</span> <span class='ocrx_word' id='word_1_266' title='bbox 1544 3138 1707 3195; x_wconf 78' lang='grc' dir='ltr'>αὐτοῦ</span> <span class='ocrx_word' id='word_1_267' title='bbox 1766 3139 1947 3215; x_wconf 83' lang='grc' dir='ltr'>ὥσπερ</span> <span class='ocrx_word' id='word_1_268' title='bbox 2011 3137 2101 3194; x_wconf 80' lang='grc' dir='ltr'>διὰ</span> 
     </span>
    </p>
   </div>
   <div class='ocr_carea' id='block_1_34' title="bbox 456 3227 2096 3305">
    <p class='ocr_par' dir='ltr' id='par_1_34' title="bbox 456 3227 2096 3305">
     <span class='ocr_line' id='line_1_34' title="bbox 456 3227 2096 3305; baseline 0 -23"><span class='ocrx_word' id='word_1_269' title='bbox 456 3229 682 3305; x_wconf 90' lang='grc' dir='ltr'>θατέρου</span> <span class='ocrx_word' id='word_1_270' title='bbox 736 3228 1266 3302; x_wconf 81' lang='grc' dir='ltr'>κατασκευαζόμενος</span> <span class='ocrx_word' id='word_1_271' title='bbox 1313 3230 1554 3304; x_wconf 88' lang='grc' dir='ltr'>θάτερον,</span> <span class='ocrx_word' id='word_1_272' title='bbox 1609 3232 1690 3301; x_wconf 82' lang='grc' dir='ltr'>τῷ</span> <span class='ocrx_word' id='word_1_273' title='bbox 1754 3249 1813 3284; x_wconf 88' lang='grc' dir='ltr'>τε</span> <span class='ocrx_word' id='word_1_274' title='bbox 1883 3227 2096 3305; x_wconf 86' lang='grc' dir='ltr'>εἰρηκέ-</span> 
     </span>
    </p>
   </div>
   <div class='ocr_carea' id='block_1_35' title="bbox 2206 628 3858 704">
    <p class='ocr_par' dir='ltr' id='par_1_35' title="bbox 2206 628 3858 704">
     <span class='ocr_line' id='line_1_35' title="bbox 2206 628 3858 704; baseline 0 -18"><span class='ocrx_word' id='word_1_275' title='bbox 2206 630 2420 687; x_wconf 84' lang='grc' dir='ltr'>στέλλει</span> <span class='ocrx_word' id='word_1_276' title='bbox 2463 636 2558 687; x_wconf 87' lang='grc' dir='ltr'>τοῦ</span> <span class='ocrx_word' id='word_1_277' title='bbox 2586 631 2969 704; x_wconf 70' lang='grc' dir='ltr'>Ηῐνεύματοςς</span> <span class='ocrx_word' id='word_1_278' title='bbox 3016 631 3076 686; x_wconf 84' lang='grc' dir='ltr'>Τί</span> <span class='ocrx_word' id='word_1_279' title='bbox 3124 652 3209 685; x_wconf 90' lang='grc' dir='ltr'>σοι</span> <span class='ocrx_word' id='word_1_280' title='bbox 3250 636 3410 687; x_wconf 90' lang='grc' dir='ltr'>τοῦτο</span> <span class='ocrx_word' id='word_1_281' title='bbox 3466 628 3636 699; x_wconf 87' lang='grc' dir='ltr'>δοκεῖ,</span> <span class='ocrx_word' id='word_1_282' title='bbox 3682 633 3772 687; x_wconf 80' lang='grc' dir='ltr'>καὶ</span> <span class='ocrx_word' id='word_1_283' title='bbox 3805 632 3858 687; x_wconf 91' lang='grc' dir='ltr'>τί</span> 
     </span>
    </p>
   </div>
   <div class='ocr_carea' id='block_1_36' title="bbox 2207 718 3858 798">
    <p class='ocr_par' dir='ltr' id='par_1_36' title="bbox 2207 718 3858 798">
     <span class='ocr_line' id='line_1_36' title="bbox 2207 718 3858 798; baseline 0.001 -23"><span class='ocrx_word' id='word_1_284' title='bbox 2207 718 2385 797; x_wconf 83' lang='grc' dir='ltr'>ἐρεῖς;</span> <span class='ocrx_word' id='word_1_285' title='bbox 2438 722 2521 778; x_wconf 76' lang='grc' dir='ltr'>Ἐἰ</span> <span class='ocrx_word' id='word_1_286' title='bbox 2569 720 2631 775; x_wconf 84' lang='grc' dir='ltr'>ού</span> <span class='ocrx_word' id='word_1_287' title='bbox 2681 726 2864 798; x_wconf 89' lang='grc' dir='ltr'>σαφῶς</span> <span class='ocrx_word' id='word_1_288' title='bbox 2913 722 3008 782; x_wconf 74' lang='grc' dir='ltr'>τὰς</span> <span class='ocrx_word' id='word_1_289' title='bbox 3057 720 3316 796; x_wconf 87' lang='grc' dir='ltr'>ὑμετέρας</span> <span class='ocrx_word' id='word_1_290' title='bbox 3358 721 3672 797; x_wconf 75' lang='grc' dir='ltr'>περικόπτει</span> <span class='ocrx_word' id='word_1_291' title='bbox 3724 743 3858 797; x_wconf 84' lang='grc' dir='ltr'>προ-</span> 
     </span>
    </p>
   </div>
   <div class='ocr_carea' id='block_1_37' title="bbox 2206 807 3854 888">
    <p class='ocr_par' dir='ltr' id='par_1_37' title="bbox 2206 807 3854 888">
     <span class='ocr_line' id='line_1_37' title="bbox 2206 807 3854 888; baseline 0.002 -25"><span class='ocrx_word' id='word_1_292' title='bbox 2206 810 2411 888; x_wconf 89' lang='grc' dir='ltr'>φάσεις,</span> <span class='ocrx_word' id='word_1_293' title='bbox 2461 810 2621 873; x_wconf 88' lang='grc' dir='ltr'>πόθεν</span> <span class='ocrx_word' id='word_1_294' title='bbox 2673 810 2763 864; x_wconf 83' lang='grc' dir='ltr'>οὗν</span> <span class='ocrx_word' id='word_1_295' title='bbox 2819 831 2903 865; x_wconf 90' lang='grc' dir='ltr'>σοι</span> <span class='ocrx_word' id='word_1_296' title='bbox 2959 807 3131 865; x_wconf 78' lang='grc' dir='ltr'>αἶ’τιον</span> <span class='ocrx_word' id='word_1_297' title='bbox 3165 810 3193 864; x_wconf 86' lang='grc' dir='ltr'>ὁ</span> <span class='ocrx_word' id='word_1_298' title='bbox 3224 809 3367 877; x_wconf 72' lang='grc' dir='ltr'>Υἱὸς,</span> <span class='ocrx_word' id='word_1_299' title='bbox 3415 811 3451 878; x_wconf 76' lang='grc' dir='ltr'><strong>ἢ</strong></span> <span class='ocrx_word' id='word_1_300' title='bbox 3503 809 3552 883; x_wconf 82' lang='grc' dir='ltr'>ἐξ</span> <span class='ocrx_word' id='word_1_301' title='bbox 3600 810 3762 867; x_wconf 77' lang='grc' dir='ltr'>αὑτοῦ</span> <span class='ocrx_word' id='word_1_302' title='bbox 3792 812 3854 867; x_wconf 84' lang='grc' dir='ltr'>τὸ</span> 
     </span>
    </p>
   </div>
   <div class='ocr_carea' id='block_1_38' title="bbox 2207 896 3859 974">
    <p class='ocr_par' dir='ltr' id='par_1_38' title="bbox 2207 896 3859 974">
     <span class='ocr_line' id='line_1_38' title="bbox 2207 896 3859 974; baseline 0.001 -20"><span class='ocrx_word' id='word_1_303' title='bbox 2207 901 2467 971; x_wconf 82' lang='grc' dir='ltr'>Ιινεῦμα;</span> <span class='ocrx_word' id='word_1_304' title='bbox 2530 900 2628 953; x_wconf 91' lang='grc' dir='ltr'>Τὸν</span> <span class='ocrx_word' id='word_1_305' title='bbox 2693 899 2787 971; x_wconf 80' lang='grc' dir='ltr'>μὶν</span> <span class='ocrx_word' id='word_1_306' title='bbox 2848 896 2915 968; x_wconf 74' lang='grc' dir='ltr'>δὴ</span> <span class='ocrx_word' id='word_1_307' title='bbox 2979 899 3170 973; x_wconf 83' lang='grc' dir='ltr'>μιαρὸν</span> <span class='ocrx_word' id='word_1_308' title='bbox 3223 898 3420 954; x_wconf 85' lang='grc' dir='ltr'>ἐκεῖνον</span> <span class='ocrx_word' id='word_1_309' title='bbox 3468 900 3760 974; x_wconf 79' lang='grc' dir='ltr'>Μαρκίωνα</span> <span class='ocrx_word' id='word_1_310' title='bbox 3788 901 3859 955; x_wconf 72' lang='grc' dir='ltr'>τὰ</span> 
     </span>
    </p>
   </div>
   <div class='ocr_carea' id='block_1_39' title="bbox 2211 984 3859 1065">
    <p class='ocr_par' dir='ltr' id='par_1_39' title="bbox 2211 984 3859 1065">
     <span class='ocr_line' id='line_1_39' title="bbox 2211 984 3859 1065; baseline 0.001 -23"><span class='ocrx_word' id='word_1_311' title='bbox 2211 987 2305 1060; x_wconf 79' lang='grc' dir='ltr'>μὶν</span> <span class='ocrx_word' id='word_1_312' title='bbox 2360 992 2468 1042; x_wconf 90' lang='grc' dir='ltr'>τῶν</span> <span class='ocrx_word' id='word_1_313' title='bbox 2521 992 2738 1065; x_wconf 86' lang='grc' dir='ltr'>γραφῶν</span> <span class='ocrx_word' id='word_1_314' title='bbox 2798 986 3041 1062; x_wconf 79' lang='grc' dir='ltr'>ἐξαίρειν,</span> <span class='ocrx_word' id='word_1_315' title='bbox 3099 987 3165 1041; x_wconf 70' lang='grc' dir='ltr'>τά</span> <span class='ocrx_word' id='word_1_316' title='bbox 3220 984 3277 1042; x_wconf 78' lang='grc' dir='ltr'>δὲ</span> <span class='ocrx_word' id='word_1_317' title='bbox 3332 989 3675 1064; x_wconf 76' lang='grc' dir='ltr'>προστιθέναι</span> <span class='ocrx_word' id='word_1_318' title='bbox 3708 987 3859 1065; x_wconf 86' lang='grc' dir='ltr'>λέγε-</span> 
     </span>
    </p>
   </div>
   <div class='ocr_carea' id='block_1_40' title="bbox 2206 1075 3856 1151">
    <p class='ocr_par' dir='ltr' id='par_1_40' title="bbox 2206 1075 3856 1151">
     <span class='ocr_line' id='line_1_40' title="bbox 2206 1075 3856 1151; baseline 0.001 -20"><span class='ocrx_word' id='word_1_319' title='bbox 2206 1097 2294 1131; x_wconf 91' lang='grc' dir='ltr'>ται</span> <span class='ocrx_word' id='word_1_320' title='bbox 2347 1077 2438 1130; x_wconf 90' lang='grc' dir='ltr'>τὸν</span> <span class='ocrx_word' id='word_1_321' title='bbox 2497 1077 2693 1132; x_wconf 81' lang='grc' dir='ltr'>κανόνα</span> <span class='ocrx_word' id='word_1_322' title='bbox 2749 1076 2922 1147; x_wconf 76' lang='grc' dir='ltr'>ἐαυτῷ</span> <span class='ocrx_word' id='word_1_323' title='bbox 2979 1076 3067 1130; x_wconf 87' lang='grc' dir='ltr'>καὶ</span> <span class='ocrx_word' id='word_1_324' title='bbox 3127 1076 3234 1151; x_wconf 75' lang='grc' dir='ltr'>οὐχ</span> <span class='ocrx_word' id='word_1_325' title='bbox 3291 1075 3478 1132; x_wconf 71' lang='grc' dir='ltr'>ἑαυτὸν</span> <span class='ocrx_word' id='word_1_326' title='bbox 3530 1078 3609 1150; x_wconf 82' lang='grc' dir='ltr'>τῷ</span> <span class='ocrx_word' id='word_1_327' title='bbox 3671 1078 3856 1133; x_wconf 81' lang='grc' dir='ltr'>κανόνι</span> 
     </span>
    </p>
   </div>
   <div class='ocr_carea' id='block_1_41' title="bbox 2207 1171 3853 1251">
    <p class='ocr_par' dir='ltr' id='par_1_41' title="bbox 2207 1171 3853 1251">
     <span class='ocr_line' id='line_1_41' title="bbox 2207 1171 3853 1251; baseline 0.001 -22"><span class='ocrx_word' id='word_1_328' title='bbox 2207 1176 2565 1251; x_wconf 86' lang='grc' dir='ltr'>προσάγοντα.</span> <span class='ocrx_word' id='word_1_329' title='bbox 2626 1175 2755 1229; x_wconf 62' lang='lat' dir='ltr'>Novi</span> <span class='ocrx_word' id='word_1_330' title='bbox 2811 1171 2869 1228; x_wconf 78' lang='grc' dir='ltr'>δὲ</span> <span class='ocrx_word' id='word_1_331' title='bbox 2925 1174 3035 1250; x_wconf 78' lang='grc' dir='ltr'>οὐχ</span> <span class='ocrx_word' id='word_1_332' title='bbox 3088 1173 3259 1236; x_wconf 71' lang='grc' dir='ltr'>οὕτως</span> <span class='ocrx_word' id='word_1_333' title='bbox 3313 1172 3457 1250; x_wconf 71' lang='grc' dir='ltr'>ἔχει,</span> <span class='ocrx_word' id='word_1_334' title='bbox 3518 1173 3643 1231; x_wconf 88' lang='grc' dir='ltr'>ἀλλ’</span> <span class='ocrx_word' id='word_1_335' title='bbox 3684 1178 3719 1245; x_wconf 84' lang='grc' dir='ltr'>ἡ</span> <span class='ocrx_word' id='word_1_336' title='bbox 3759 1177 3853 1248; x_wconf 75' lang='grc' dir='ltr'>μὲν</span> 
     </span>
    </p>
   </div>
   <div class='ocr_carea' id='block_1_42' title="bbox 2210 1260 3861 1339">
    <p class='ocr_par' dir='ltr' id='par_1_42' title="bbox 2210 1260 3861 1339">
     <span class='ocr_line' id='line_1_42' title="bbox 2210 1260 3861 1339; baseline 0.002 -22"><span class='ocrx_word' id='word_1_337' title='bbox 2210 1262 2367 1339; x_wconf 79' lang='grc' dir='ltr'>ῥῆσις</span> <span class='ocrx_word' id='word_1_338' title='bbox 2420 1270 2520 1333; x_wconf 86' lang='grc' dir='ltr'>τῆς</span> <span class='ocrx_word' id='word_1_339' title='bbox 2577 1270 2790 1339; x_wconf 78' lang='grc' dir='ltr'>γραφῆς</span> <span class='ocrx_word' id='word_1_340' title='bbox 2847 1261 2935 1317; x_wconf 79' lang='grc' dir='ltr'>ἐπὶ</span> <span class='ocrx_word' id='word_1_341' title='bbox 2993 1263 3179 1338; x_wconf 86' lang='grc' dir='ltr'>χώραν</span> <span class='ocrx_word' id='word_1_342' title='bbox 3241 1263 3501 1336; x_wconf 87' lang='grc' dir='ltr'>μένουσαν</span> <span class='ocrx_word' id='word_1_343' title='bbox 3554 1260 3696 1339; x_wconf 69' lang='grc' dir='ltr'>ἔχει,</span> <span class='ocrx_word' id='word_1_344' title='bbox 3738 1264 3769 1319; x_wconf 81' lang='grc' dir='ltr'>ἃ</span> <span class='ocrx_word' id='word_1_345' title='bbox 3801 1262 3861 1321; x_wconf 69' lang='grc' dir='ltr'>δὲ</span> 
     </span>
    </p>
   </div>
   <div class='ocr_carea' id='block_1_43' title="bbox 2208 1349 3861 1424">
    <p class='ocr_par' dir='ltr' id='par_1_43' title="bbox 2208 1349 3861 1424">
     <span class='ocr_line' id='line_1_43' title="bbox 2208 1349 3861 1424; baseline 0.001 -18"><span class='ocrx_word' id='word_1_346' title='bbox 2208 1358 2349 1407; x_wconf 87' lang='grc' dir='ltr'>νοεῖν</span> <span class='ocrx_word' id='word_1_347' title='bbox 2391 1351 2652 1422; x_wconf 75' lang='grc' dir='ltr'>ἐντεῦθεν,</span> <span class='ocrx_word' id='word_1_348' title='bbox 2692 1351 2791 1406; x_wconf 80' lang='grc' dir='ltr'>οὐκ</span> <span class='ocrx_word' id='word_1_349' title='bbox 2846 1350 2984 1407; x_wconf 85' lang='grc' dir='ltr'>ἔστιν</span> <span class='ocrx_word' id='word_1_350' title='bbox 3037 1349 3317 1424; x_wconf 79' lang='grc' dir='ltr'>οὐδέποτε,</span> <span class='ocrx_word' id='word_1_351' title='bbox 3374 1358 3541 1407; x_wconf 83' lang='grc' dir='ltr'>ταῦτα</span> <span class='ocrx_word' id='word_1_352' title='bbox 3594 1353 3861 1409; x_wconf 85' lang='grc' dir='ltr'>καίνοεῖ-</span> 
     </span>
    </p>
   </div>
   <div class='ocr_carea' id='block_1_44' title="bbox 2207 1440 3858 1520">
    <p class='ocr_par' dir='ltr' id='par_1_44' title="bbox 2207 1440 3858 1520">
     <span class='ocr_line' id='line_1_44' title="bbox 2207 1440 3858 1520; baseline 0.001 -24"><span class='ocrx_word' id='word_1_353' title='bbox 2207 1462 2294 1496; x_wconf 89' lang='grc' dir='ltr'>ται</span> <span class='ocrx_word' id='word_1_354' title='bbox 2347 1441 2438 1496; x_wconf 86' lang='grc' dir='ltr'>καί</span> <span class='ocrx_word' id='word_1_355' title='bbox 2494 1442 2903 1520; x_wconf 86' lang='grc' dir='ltr'>προεκφέρεται.</span> <span class='ocrx_word' id='word_1_356' title='bbox 2964 1440 3274 1519; x_wconf 83' lang='grc' dir='ltr'>Γφηγορίου</span> <span class='ocrx_word' id='word_1_357' title='bbox 3331 1443 3432 1518; x_wconf 75' lang='grc' dir='ltr'>γὰρ</span> <span class='ocrx_word' id='word_1_358' title='bbox 3497 1442 3571 1514; x_wconf 81' lang='grc' dir='ltr'>μή</span> <span class='ocrx_word' id='word_1_359' title='bbox 3630 1441 3858 1497; x_wconf 87' lang='grc' dir='ltr'>καταδε-</span> 
     </span>
    </p>
   </div>
   <div class='ocr_carea' id='block_1_45' title="bbox 2211 1527 3860 1607">
    <p class='ocr_par' dir='ltr' id='par_1_45' title="bbox 2211 1527 3860 1607">
     <span class='ocr_line' id='line_1_45' title="bbox 2211 1527 3860 1607; baseline 0.002 -23"><span class='ocrx_word' id='word_1_360' title='bbox 2211 1528 2458 1603; x_wconf 76' lang='grc' dir='ltr'>ξαμένου,</span> <span class='ocrx_word' id='word_1_361' title='bbox 2519 1529 2643 1586; x_wconf 83' lang='grc' dir='ltr'>ἀλλ’</span> <span class='ocrx_word' id='word_1_362' title='bbox 2699 1529 3060 1605; x_wconf 77' lang='grc' dir='ltr'>ἀπειρηκότος</span> <span class='ocrx_word' id='word_1_363' title='bbox 3118 1534 3319 1607; x_wconf 81' lang='grc' dir='ltr'>σαφῶς,</span> <span class='ocrx_word' id='word_1_364' title='bbox 3384 1532 3512 1604; x_wconf 80' lang='grc' dir='ltr'>μήτ’</span> <span class='ocrx_word' id='word_1_365' title='bbox 3561 1527 3732 1586; x_wconf 68' lang='grc' dir='ltr'>αἶίτιον</span> <span class='ocrx_word' id='word_1_366' title='bbox 3763 1529 3860 1587; x_wconf 79' lang='grc' dir='ltr'>λέ-</span> 
     </span>
    </p>
   </div>
   <div class='ocr_carea' id='block_1_46' title="bbox 2210 1617 3857 1696">
    <p class='ocr_par' dir='ltr' id='par_1_46' title="bbox 2210 1617 3857 1696">
     <span class='ocr_line' id='line_1_46' title="bbox 2210 1617 3857 1696; baseline 0 -22"><span class='ocrx_word' id='word_1_367' title='bbox 2210 1640 2321 1696; x_wconf 90' lang='grc' dir='ltr'>γειν</span> <span class='ocrx_word' id='word_1_368' title='bbox 2380 1620 2471 1674; x_wconf 91' lang='grc' dir='ltr'>τὸν</span> <span class='ocrx_word' id='word_1_369' title='bbox 2530 1618 2674 1690; x_wconf 88' lang='grc' dir='ltr'>Υἰὸν,</span> <span class='ocrx_word' id='word_1_370' title='bbox 2729 1621 2854 1692; x_wconf 74' lang='grc' dir='ltr'>μήτ’</span> <span class='ocrx_word' id='word_1_371' title='bbox 2890 1618 2941 1689; x_wconf 81' lang='grc' dir='ltr'>ἐξ</span> <span class='ocrx_word' id='word_1_372' title='bbox 2969 1618 3133 1673; x_wconf 80' lang='grc' dir='ltr'>αὑτοῦ</span> <span class='ocrx_word' id='word_1_373' title='bbox 3160 1619 3225 1674; x_wconf 91' lang='grc' dir='ltr'>τὸ</span> <span class='ocrx_word' id='word_1_374' title='bbox 3256 1623 3497 1693; x_wconf 83' lang='grc' dir='ltr'>Πνεῦμα,</span> <span class='ocrx_word' id='word_1_375' title='bbox 3531 1620 3582 1675; x_wconf 73' lang='grc' dir='ltr'>οἱ</span> <span class='ocrx_word' id='word_1_376' title='bbox 3614 1617 3672 1674; x_wconf 73' lang='grc' dir='ltr'>δὲ</span> <span class='ocrx_word' id='word_1_377' title='bbox 3694 1619 3728 1673; x_wconf 74' lang='grc' dir='ltr'>ἃ</span> <span class='ocrx_word' id='word_1_378' title='bbox 3760 1621 3857 1693; x_wconf 76' lang='grc' dir='ltr'>μὶν</span> 
     </span>
    </p>
   </div>
   <div class='ocr_carea' id='block_1_47' title="bbox 2213 1705 3862 1785">
    <p class='ocr_par' dir='ltr' id='par_1_47' title="bbox 2213 1705 3862 1785">
     <span class='ocr_line' id='line_1_47' title="bbox 2213 1705 3862 1785; baseline 0.001 -23"><span class='ocrx_word' id='word_1_379' title='bbox 2213 1705 2483 1778; x_wconf 81' lang='grc' dir='ltr'>ἠσπάζετο</span> <span class='ocrx_word' id='word_1_380' title='bbox 2537 1705 2820 1782; x_wconf 84' lang='grc' dir='ltr'>κηρύττειν</span> <span class='ocrx_word' id='word_1_381' title='bbox 2904 1706 3263 1777; x_wconf 78' lang='grc' dir='ltr'>ἐκκλίνοντες,</span> <span class='ocrx_word' id='word_1_382' title='bbox 3350 1706 3385 1761; x_wconf 73' lang='grc' dir='ltr'>ἃ</span> <span class='ocrx_word' id='word_1_383' title='bbox 3466 1705 3513 1763; x_wconf 86' lang='grc' dir='ltr'>δ’</span> <span class='ocrx_word' id='word_1_384' title='bbox 3598 1706 3862 1785; x_wconf 77' lang='grc' dir='ltr'>ἐμφανῶς</span> 
     </span>
    </p>
   </div>
   <div class='ocr_carea' id='block_1_48' title="bbox 2214 1795 3864 1874">
    <p class='ocr_par' dir='ltr' id='par_1_48' title="bbox 2214 1795 3864 1874">
     <span class='ocr_line' id='line_1_48' title="bbox 2214 1795 3864 1874; baseline 0.001 -23"><span class='ocrx_word' id='word_1_385' title='bbox 2214 1796 2473 1867; x_wconf 70' lang='grc' dir='ltr'>ἐξέκλινεν</span> <span class='ocrx_word' id='word_1_386' title='bbox 2520 1796 2884 1869; x_wconf 79' lang='grc' dir='ltr'>ἀσπαζόμενοι</span> <span class='ocrx_word' id='word_1_387' title='bbox 2943 1795 3123 1871; x_wconf 87' lang='grc' dir='ltr'>ὣσπερ</span> <span class='ocrx_word' id='word_1_388' title='bbox 3179 1796 3390 1852; x_wconf 85' lang='grc' dir='ltr'>πάντων</span> <span class='ocrx_word' id='word_1_389' title='bbox 3470 1796 3630 1852; x_wconf 72' lang='grc' dir='ltr'>ὕπνον</span> <span class='ocrx_word' id='word_1_390' title='bbox 3691 1797 3864 1874; x_wconf 75' lang='grc' dir='ltr'>βαθὺν</span> 
     </span>
    </p>
   </div>
   <div class='ocr_carea' id='block_1_49' title="bbox 2134 1883 3860 1982">
    <p class='ocr_par' dir='ltr' id='par_1_49' title="bbox 2134 1883 3860 1982">
     <span class='ocr_line' id='line_1_49' title="bbox 2134 1883 3860 1982; baseline 0.002 -42"><span class='ocrx_word' id='word_1_391' title='bbox 2134 1916 2182 1982; x_wconf 73' lang='grc' dir='ltr'>Β</span> <span class='ocrx_word' id='word_1_392' title='bbox 2213 1886 2302 1940; x_wconf 82' lang='grc' dir='ltr'>καὶ</span> <span class='ocrx_word' id='word_1_393' title='bbox 2360 1884 2703 1956; x_wconf 81' lang='grc' dir='ltr'>ἀναισθησίαν</span> <span class='ocrx_word' id='word_1_394' title='bbox 2763 1885 3155 1961; x_wconf 86' lang='grc' dir='ltr'>κατεγνωκότες</span> <span class='ocrx_word' id='word_1_395' title='bbox 3213 1886 3287 1947; x_wconf 76' lang='grc' dir='ltr'>εἰς</span> <span class='ocrx_word' id='word_1_396' title='bbox 3343 1884 3543 1942; x_wconf 85' lang='grc' dir='ltr'>ἐκεῖνον</span> <span class='ocrx_word' id='word_1_397' title='bbox 3597 1891 3696 1941; x_wconf 83' lang='grc' dir='ltr'>τοῦ</span> <span class='ocrx_word' id='word_1_398' title='bbox 3727 1883 3860 1962; x_wconf 82' lang='grc' dir='ltr'>δόγ-</span> 
     </span>
    </p>
   </div>
   <div class='ocr_carea' id='block_1_50' title="bbox 2215 1973 3865 2051">
    <p class='ocr_par' dir='ltr' id='par_1_50' title="bbox 2215 1973 3865 2051">
     <span class='ocr_line' id='line_1_50' title="bbox 2215 1973 3865 2051; baseline 0.001 -22"><span class='ocrx_word' id='word_1_399' title='bbox 2215 1995 2381 2048; x_wconf 88' lang='grc' dir='ltr'>ματος</span> <span class='ocrx_word' id='word_1_400' title='bbox 2434 1976 2534 2044; x_wconf 78' lang='grc' dir='ltr'>τὴν</span> <span class='ocrx_word' id='word_1_401' title='bbox 2590 1974 2761 2029; x_wconf 81' lang='grc' dir='ltr'>αἰτίαν</span> <span class='ocrx_word' id='word_1_402' title='bbox 2794 1973 3137 2051; x_wconf 86' lang='grc' dir='ltr'>ἀναφέρουσι.</span> <span class='ocrx_word' id='word_1_403' title='bbox 3197 1974 3266 2032; x_wconf 93' lang='grc' dir='ltr'>Τί</span> <span class='ocrx_word' id='word_1_404' title='bbox 3313 1979 3481 2029; x_wconf 85' lang='grc' dir='ltr'>ταῦτα</span> <span class='ocrx_word' id='word_1_405' title='bbox 3534 1980 3761 2049; x_wconf 85' lang='grc' dir='ltr'>ποιεῖτε,</span> <span class='ocrx_word' id='word_1_406' title='bbox 3814 1977 3865 2031; x_wconf 84' lang='grc' dir='ltr'>ὧ</span> 
     </span>
    </p>
   </div>
   <div class='ocr_carea' id='block_1_51' title="bbox 2212 2060 3867 2134">
    <p class='ocr_par' dir='ltr' id='par_1_51' title="bbox 2212 2060 3867 2134">
     <span class='ocr_line' id='line_1_51' title="bbox 2212 2060 3867 2134; baseline 0.001 -15"><span class='ocrx_word' id='word_1_407' title='bbox 2212 2063 2405 2133; x_wconf 85' lang='grc' dir='ltr'>οὗτοι;</span> <span class='ocrx_word' id='word_1_408' title='bbox 2461 2062 2515 2119; x_wconf 86' lang='grc' dir='ltr'>τί</span> <span class='ocrx_word' id='word_1_409' title='bbox 2571 2068 2781 2118; x_wconf 82' lang='grc' dir='ltr'>πονεῖτε</span> <span class='ocrx_word' id='word_1_410' title='bbox 2838 2060 3111 2132; x_wconf 81' lang='grc' dir='ltr'>διακενῆς,</span> <span class='ocrx_word' id='word_1_411' title='bbox 3168 2069 3271 2131; x_wconf 89' lang='grc' dir='ltr'>τῆς</span> <span class='ocrx_word' id='word_1_412' title='bbox 3327 2062 3588 2134; x_wconf 87' lang='grc' dir='ltr'>ἀληθείας</span> <span class='ocrx_word' id='word_1_413' title='bbox 3644 2065 3867 2127; x_wconf 84' lang='grc' dir='ltr'>πάντως</span> 
     </span>
    </p>
   </div>
   <div class='ocr_carea' id='block_1_52' title="bbox 2209 2150 3864 2230">
    <p class='ocr_par' dir='ltr' id='par_1_52' title="bbox 2209 2150 3864 2230">
     <span class='ocr_line' id='line_1_52' title="bbox 2209 2150 3864 2230; baseline 0 -23"><span class='ocrx_word' id='word_1_414' title='bbox 2209 2151 2534 2228; x_wconf 81' lang='grc' dir='ltr'>κρατούσης,</span> <span class='ocrx_word' id='word_1_415' title='bbox 2591 2153 2686 2207; x_wconf 69' lang='grc' dir='ltr'>κᾶν</span> <span class='ocrx_word' id='word_1_416' title='bbox 2749 2152 2899 2225; x_wconf 84' lang='grc' dir='ltr'>ὑμῶν</span> <span class='ocrx_word' id='word_1_417' title='bbox 2949 2154 3112 2224; x_wconf 77' lang='grc' dir='ltr'>ἡμεῖς</span> <span class='ocrx_word' id='word_1_418' title='bbox 3149 2151 3521 2229; x_wconf 88' lang='grc' dir='ltr'>ταπεινότεροι</span> <span class='ocrx_word' id='word_1_419' title='bbox 3549 2152 3639 2207; x_wconf 79' lang='grc' dir='ltr'>καί</span> <span class='ocrx_word' id='word_1_420' title='bbox 3670 2150 3864 2230; x_wconf 83' lang='grc' dir='ltr'>λόγοις</span> 
     </span>
    </p>
   </div>
   <div class='ocr_carea' id='block_1_53' title="bbox 2209 2239 3872 2318">
    <p class='ocr_par' dir='ltr' id='par_1_53' title="bbox 2209 2239 3872 2318">
     <span class='ocr_line' id='line_1_53' title="bbox 2209 2239 3872 2318; baseline 0 -22"><span class='ocrx_word' id='word_1_421' title='bbox 2209 2241 2298 2296; x_wconf 84' lang='grc' dir='ltr'>καὶ</span> <span class='ocrx_word' id='word_1_422' title='bbox 2357 2246 2558 2317; x_wconf 87' lang='grc' dir='ltr'>χειρῶν</span> <span class='ocrx_word' id='word_1_423' title='bbox 2612 2242 2798 2318; x_wconf 84' lang='grc' dir='ltr'>κράτει</span> <span class='ocrx_word' id='word_1_424' title='bbox 2853 2242 3189 2313; x_wconf 84' lang='grc' dir='ltr'>νικώμενοι;</span> <span class='ocrx_word' id='word_1_425' title='bbox 3240 2241 3313 2295; x_wconf 88' lang='grc' dir='ltr'>Ού</span> <span class='ocrx_word' id='word_1_426' title='bbox 3343 2241 3502 2296; x_wconf 87' lang='grc' dir='ltr'>τοῦτό</span> <span class='ocrx_word' id='word_1_427' title='bbox 3531 2262 3591 2318; x_wconf 79' lang='grc' dir='ltr'>γε</span> <span class='ocrx_word' id='word_1_428' title='bbox 3621 2239 3688 2310; x_wconf 78' lang='grc' dir='ltr'>δὴ</span> <span class='ocrx_word' id='word_1_429' title='bbox 3726 2241 3872 2318; x_wconf 88' lang='grc' dir='ltr'>βού-</span> 
     </span>
    </p>
   </div>
   <div class='ocr_carea' id='block_1_54' title="bbox 2211 2327 3861 2411">
    <p class='ocr_par' dir='ltr' id='par_1_54' title="bbox 2211 2327 3861 2411">
     <span class='ocr_line' id='line_1_54' title="bbox 2211 2327 3861 2411; baseline 0.001 -26"><span class='ocrx_word' id='word_1_430' title='bbox 2211 2328 2363 2386; x_wconf 87' lang='grc' dir='ltr'>λεται</span> <span class='ocrx_word' id='word_1_431' title='bbox 2422 2331 2449 2385; x_wconf 86' lang='lat'>6</span> <span class='ocrx_word' id='word_1_432' title='bbox 2510 2329 2723 2399; x_wconf 83' lang='grc' dir='ltr'>Νύσσης</span> <span class='ocrx_word' id='word_1_433' title='bbox 2781 2329 3103 2405; x_wconf 84' lang='grc' dir='ltr'>Γρηγόριος,</span> <span class='ocrx_word' id='word_1_434' title='bbox 3165 2327 3292 2384; x_wconf 73' lang='grc' dir='ltr'>οὐδὲ</span> <span class='ocrx_word' id='word_1_435' title='bbox 3325 2330 3528 2393; x_wconf 90' lang='grc' dir='ltr'>σκοπὸς</span> <span class='ocrx_word' id='word_1_436' title='bbox 3558 2329 3705 2404; x_wconf 83' lang='grc' dir='ltr'>αύτῷ</span> <span class='ocrx_word' id='word_1_437' title='bbox 3726 2331 3861 2411; x_wconf 87' lang='grc' dir='ltr'>ἀφε-</span> 
     </span>
    </p>
   </div>
   <div class='ocr_carea' id='block_1_55' title="bbox 2212 2417 3861 2495">
    <p class='ocr_par' dir='ltr' id='par_1_55' title="bbox 2212 2417 3861 2495">
     <span class='ocr_line' id='line_1_55' title="bbox 2212 2417 3861 2495; baseline 0.001 -21"><span class='ocrx_word' id='word_1_438' title='bbox 2212 2417 2395 2482; x_wconf 84' lang='grc' dir='ltr'>λέσθαι</span> <span class='ocrx_word' id='word_1_439' title='bbox 2450 2418 2542 2473; x_wconf 92' lang='grc' dir='ltr'>τὸν</span> <span class='ocrx_word' id='word_1_440' title='bbox 2602 2418 2836 2494; x_wconf 86' lang='grc' dir='ltr'>Πατέρα,</span> <span class='ocrx_word' id='word_1_441' title='bbox 2888 2418 2977 2473; x_wconf 88' lang='grc' dir='ltr'>καὶ</span> <span class='ocrx_word' id='word_1_442' title='bbox 3031 2419 3130 2488; x_wconf 80' lang='grc' dir='ltr'>τὴν</span> <span class='ocrx_word' id='word_1_443' title='bbox 3200 2417 3513 2495; x_wconf 85' lang='grc' dir='ltr'>ἐκπόρευσιν</span> <span class='ocrx_word' id='word_1_444' title='bbox 3581 2419 3670 2474; x_wconf 85' lang='grc' dir='ltr'>καὶ</span> <span class='ocrx_word' id='word_1_445' title='bbox 3755 2421 3861 2489; x_wconf 76' lang='grc' dir='ltr'>τὴν</span> 
     </span>
    </p>
   </div>
   <div class='ocr_carea' id='block_1_56' title="bbox 2210 2513 3853 2594">
    <p class='ocr_par' dir='ltr' id='par_1_56' title="bbox 2210 2513 3853 2594">
     <span class='ocr_line' id='line_1_56' title="bbox 2210 2513 3853 2594; baseline 0.001 -23"><span class='ocrx_word' id='word_1_446' title='bbox 2210 2515 2382 2571; x_wconf 87' lang='grc' dir='ltr'>αἰτίαν</span> <span class='ocrx_word' id='word_1_447' title='bbox 2456 2520 2553 2571; x_wconf 83' lang='grc' dir='ltr'>τοῦ</span> <span class='ocrx_word' id='word_1_448' title='bbox 2611 2516 2949 2588; x_wconf 86' lang='grc' dir='ltr'>ΙΙνεύματος.</span> <span class='ocrx_word' id='word_1_449' title='bbox 3009 2517 3324 2594; x_wconf 76' lang='grc' dir='ltr'>Ἀφαιροῖτο</span> <span class='ocrx_word' id='word_1_450' title='bbox 3374 2513 3421 2571; x_wconf 83' lang='grc' dir='ltr'>δ’</span> <span class='ocrx_word' id='word_1_451' title='bbox 3475 2517 3536 2571; x_wconf 73' lang='grc' dir='ltr'>ἄν</span> <span class='ocrx_word' id='word_1_452' title='bbox 3595 2516 3672 2580; x_wconf 87' lang='grc' dir='ltr'>εἰς</span> <span class='ocrx_word' id='word_1_453' title='bbox 3728 2518 3853 2572; x_wconf 84' lang='grc' dir='ltr'>Υἰὸν</span> 
     </span>
    </p>
   </div>
   <div class='ocr_carea' id='block_1_57' title="bbox 2217 2604 3862 2682">
    <p class='ocr_par' dir='ltr' id='par_1_57' title="bbox 2217 2604 3862 2682">
     <span class='ocr_line' id='line_1_57' title="bbox 2217 2604 3862 2682; baseline 0.001 -23"><span class='ocrx_word' id='word_1_454' title='bbox 2217 2605 2631 2679; x_wconf 71' lang='grc' dir='ltr'>μετατιθέμενος</span> <span class='ocrx_word' id='word_1_455' title='bbox 2686 2609 2875 2659; x_wconf 87' lang='grc' dir='ltr'>ταῦτα.</span> <span class='ocrx_word' id='word_1_456' title='bbox 2935 2604 3073 2661; x_wconf 89' lang='grc' dir='ltr'>Τότε</span> <span class='ocrx_word' id='word_1_457' title='bbox 3128 2607 3233 2681; x_wconf 79' lang='grc' dir='ltr'>γάρ</span> <span class='ocrx_word' id='word_1_458' title='bbox 3304 2610 3594 2682; x_wconf 86' lang='grc' dir='ltr'>προσεχῶς</span> <span class='ocrx_word' id='word_1_459' title='bbox 3648 2605 3709 2661; x_wconf 84' lang='grc' dir='ltr'>ἐκ</span> <span class='ocrx_word' id='word_1_460' title='bbox 3760 2611 3862 2661; x_wconf 89' lang='grc' dir='ltr'>τοῦ</span> 
     </span>
    </p>
   </div>
   <div class='ocr_carea' id='block_1_58' title="bbox 2210 2691 3860 2769">
    <p class='ocr_par' dir='ltr' id='par_1_58' title="bbox 2210 2691 3860 2769">
     <span class='ocr_line' id='line_1_58' title="bbox 2210 2691 3860 2769; baseline 0.002 -22"><span class='ocrx_word' id='word_1_461' title='bbox 2210 2694 2336 2748; x_wconf 78' lang='grc' dir='ltr'>Υίοῦ</span> <span class='ocrx_word' id='word_1_462' title='bbox 2393 2692 2838 2769; x_wconf 83' lang='grc' dir='ltr'>ἐκπορευόμενον,</span> <span class='ocrx_word' id='word_1_463' title='bbox 2900 2691 2961 2748; x_wconf 85' lang='grc' dir='ltr'>ἐκ</span> <span class='ocrx_word' id='word_1_464' title='bbox 3021 2698 3119 2748; x_wconf 87' lang='grc' dir='ltr'>τοῦ</span> <span class='ocrx_word' id='word_1_465' title='bbox 3179 2695 3389 2769; x_wconf 89' lang='grc' dir='ltr'>ΙΙατρὸς</span> <span class='ocrx_word' id='word_1_466' title='bbox 3446 2694 3546 2749; x_wconf 78' lang='grc' dir='ltr'>οὐκ</span> <span class='ocrx_word' id='word_1_467' title='bbox 3602 2696 3662 2750; x_wconf 80' lang='grc' dir='ltr'>ἅν</span> <span class='ocrx_word' id='word_1_468' title='bbox 3695 2695 3860 2751; x_wconf 82' lang='grc' dir='ltr'>ἐκπο-</span> 
     </span>
    </p>
   </div>
   <div class='ocr_carea' id='block_1_59' title="bbox 2211 2779 3860 2859">
    <p class='ocr_par' dir='ltr' id='par_1_59' title="bbox 2211 2779 3860 2859">
     <span class='ocr_line' id='line_1_59' title="bbox 2211 2779 3860 2859; baseline 0.003 -24"><span class='ocrx_word' id='word_1_469' title='bbox 2211 2784 2443 2858; x_wconf 89' lang='grc' dir='ltr'>ρεύοιτο.</span> <span class='ocrx_word' id='word_1_470' title='bbox 2504 2786 2737 2853; x_wconf 82' lang='grc' dir='ltr'>Γεννῷτο</span> <span class='ocrx_word' id='word_1_471' title='bbox 2797 2779 2855 2836; x_wconf 72' lang='grc' dir='ltr'>δὲ</span> <span class='ocrx_word' id='word_1_472' title='bbox 2915 2779 3126 2855; x_wconf 78' lang='grc' dir='ltr'>μᾶλλον</span> <span class='ocrx_word' id='word_1_473' title='bbox 3188 2780 3337 2859; x_wconf 69' lang='grc' dir='ltr'>εἴπερ</span> <span class='ocrx_word' id='word_1_474' title='bbox 3381 2782 3528 2838; x_wconf 86' lang='grc' dir='ltr'>καὶὸ</span> <span class='ocrx_word' id='word_1_475' title='bbox 3559 2783 3683 2847; x_wconf 76' lang='grc' dir='ltr'>Υἱὸς</span> <span class='ocrx_word' id='word_1_476' title='bbox 3714 2784 3764 2855; x_wconf 77' lang='grc' dir='ltr'>ἐξ</span> <span class='ocrx_word' id='word_1_477' title='bbox 3794 2784 3860 2840; x_wconf 77' lang='grc' dir='ltr'>οὗ</span> 
     </span>
    </p>
   </div>
   <div class='ocr_carea' id='block_1_60' title="bbox 2207 2870 3860 2950">
    <p class='ocr_par' dir='ltr' id='par_1_60' title="bbox 2207 2870 3860 2950">
     <span class='ocr_line' id='line_1_60' title="bbox 2207 2870 3860 2950; baseline 0.001 -24"><span class='ocrx_word' id='word_1_478' title='bbox 2207 2871 2297 2926; x_wconf 84' lang='grc' dir='ltr'>καὶ</span> <span class='ocrx_word' id='word_1_479' title='bbox 2349 2870 2411 2925; x_wconf 93' lang='grc' dir='ltr'>τὸ</span> <span class='ocrx_word' id='word_1_480' title='bbox 2469 2873 2710 2944; x_wconf 85' lang='grc' dir='ltr'>Πνεῦμα,</span> <span class='ocrx_word' id='word_1_481' title='bbox 2772 2870 2833 2926; x_wconf 78' lang='grc' dir='ltr'>ἐκ</span> <span class='ocrx_word' id='word_1_482' title='bbox 2867 2875 2965 2926; x_wconf 91' lang='grc' dir='ltr'>τοῦ</span> <span class='ocrx_word' id='word_1_483' title='bbox 3010 2872 3222 2946; x_wconf 85' lang='grc' dir='ltr'>ῘΙατρὸς</span> <span class='ocrx_word' id='word_1_484' title='bbox 3252 2877 3544 2947; x_wconf 87' lang='grc' dir='ltr'>γεννητῶς.</span> <span class='ocrx_word' id='word_1_485' title='bbox 3579 2870 3720 2930; x_wconf 74' lang='grc' dir='ltr'><strong>Οὐδὲ</strong></span> <span class='ocrx_word' id='word_1_486' title='bbox 3754 2874 3860 2950; x_wconf 81' lang='grc' dir='ltr'>γὰρ</span> 
     </span>
    </p>
   </div>
   <div class='ocr_carea' id='block_1_61' title="bbox 2209 2956 3857 3034">
    <p class='ocr_par' dir='ltr' id='par_1_61' title="bbox 2209 2956 3857 3034">
     <span class='ocr_line' id='line_1_61' title="bbox 2209 2956 3857 3034; baseline 0.001 -19"><span class='ocrx_word' id='word_1_487' title='bbox 2209 2960 2381 3030; x_wconf 67' lang='grc' dir='ltr'>εἰκὸςξ</span> <span class='ocrx_word' id='word_1_488' title='bbox 2411 2956 2599 3022; x_wconf 74' lang='grc' dir='ltr'>ἄλλως</span> <span class='ocrx_word' id='word_1_489' title='bbox 2661 2960 2754 3031; x_wconf 68' lang='grc' dir='ltr'>μὲν</span> <span class='ocrx_word' id='word_1_490' title='bbox 2809 2959 2901 3015; x_wconf 90' lang='grc' dir='ltr'>τὸν</span> <span class='ocrx_word' id='word_1_491' title='bbox 2962 2957 3131 3014; x_wconf 76' lang='grc' dir='ltr'>αἶ’τιον</span> <span class='ocrx_word' id='word_1_492' title='bbox 3164 2964 3262 3015; x_wconf 83' lang='grc' dir='ltr'>τοῦ</span> <span class='ocrx_word' id='word_1_493' title='bbox 3297 2960 3642 3034; x_wconf 87' lang='grc' dir='ltr'>ΙΙνεύματος,</span> <span class='ocrx_word' id='word_1_494' title='bbox 3672 2960 3732 3017; x_wconf 85' lang='grc' dir='ltr'>ἐκ</span> <span class='ocrx_word' id='word_1_495' title='bbox 3759 2966 3857 3016; x_wconf 88' lang='grc' dir='ltr'>τοῦ</span> 
     </span>
    </p>
   </div>
   <div class='ocr_carea' id='block_1_62' title="bbox 2210 3046 3931 3124">
    <p class='ocr_par' dir='ltr' id='par_1_62' title="bbox 2210 3046 3931 3124">
     <span class='ocr_line' id='line_1_62' title="bbox 2210 3046 3931 3124; baseline -0.001 -18"><span class='ocrx_word' id='word_1_496' title='bbox 2210 3048 2420 3124; x_wconf 91' lang='grc' dir='ltr'>ΙΙατρὸς</span> <span class='ocrx_word' id='word_1_497' title='bbox 2468 3048 2601 3103; x_wconf 78' lang='grc' dir='ltr'>εἶναι</span> <span class='ocrx_word' id='word_1_498' title='bbox 2645 3047 2846 3121; x_wconf 81' lang='grc' dir='ltr'>λέγειν,</span> <span class='ocrx_word' id='word_1_499' title='bbox 2890 3046 3078 3111; x_wconf 81' lang='grc' dir='ltr'>ἄλλως</span> <span class='ocrx_word' id='word_1_500' title='bbox 3120 3046 3177 3103; x_wconf 73' lang='grc' dir='ltr'>δὲ</span> <span class='ocrx_word' id='word_1_501' title='bbox 3206 3048 3335 3104; x_wconf 85' lang='grc' dir='ltr'>αὐτὸ</span> <span class='ocrx_word' id='word_1_502' title='bbox 3364 3050 3425 3104; x_wconf 90' lang='grc' dir='ltr'>τὸ</span> <span class='ocrx_word' id='word_1_503' title='bbox 3458 3053 3681 3122; x_wconf 84' lang='grc' dir='ltr'>Πνεῦμα</span> <span class='ocrx_word' id='word_1_504' title='bbox 3708 3051 3844 3122; x_wconf 81' lang='grc' dir='ltr'>ὁμο·</span> <span class='ocrx_word' id='word_1_505' title='bbox 3928 3062 3931 3063; x_wconf 66' lang='grc'><strong><em>⁷</em></strong></span> 
     </span>
    </p>
   </div>
   <div class='ocr_carea' id='block_1_63' title="bbox 2208 3134 3855 3214">
    <p class='ocr_par' dir='ltr' id='par_1_63' title="bbox 2208 3134 3855 3214">
     <span class='ocr_line' id='line_1_63' title="bbox 2208 3134 3855 3214; baseline 0.001 -22"><span class='ocrx_word' id='word_1_506' title='bbox 2208 3134 2409 3213; x_wconf 86' lang='grc' dir='ltr'>λογεῖν,</span> <span class='ocrx_word' id='word_1_507' title='bbox 2466 3136 2513 3191; x_wconf 72' lang='grc' dir='ltr'>εἰ</span> <span class='ocrx_word' id='word_1_508' title='bbox 2573 3137 2648 3210; x_wconf 78' lang='grc' dir='ltr'>μὴ</span> <span class='ocrx_word' id='word_1_509' title='bbox 2709 3136 2787 3198; x_wconf 86' lang='grc' dir='ltr'>εἰς</span> <span class='ocrx_word' id='word_1_510' title='bbox 2846 3136 3079 3211; x_wconf 85' lang='grc' dir='ltr'>ἀνάγκην</span> <span class='ocrx_word' id='word_1_511' title='bbox 3136 3135 3310 3201; x_wconf 78' lang='grc' dir='ltr'>ἐλθεῖν</span> <span class='ocrx_word' id='word_1_512' title='bbox 3354 3137 3413 3192; x_wconf 83' lang='grc' dir='ltr'>ἐκ</span> <span class='ocrx_word' id='word_1_513' title='bbox 3438 3142 3535 3193; x_wconf 84' lang='grc' dir='ltr'>τοῦ</span> <span class='ocrx_word' id='word_1_514' title='bbox 3566 3138 3737 3214; x_wconf 81' lang='grc' dir='ltr'>λόγου</span> <span class='ocrx_word' id='word_1_515' title='bbox 3770 3139 3855 3194; x_wconf 85' lang='grc' dir='ltr'>αἰ-</span> 
     </span>
    </p>
   </div>
   <div class='ocr_carea' id='block_1_64' title="bbox 2212 3224 3856 3302">
    <p class='ocr_par' dir='ltr' id='par_1_64' title="bbox 2212 3224 3856 3302">
     <span class='ocr_line' id='line_1_64' title="bbox 2212 3224 3856 3302; baseline 0.002 -22"><span class='ocrx_word' id='word_1_516' title='bbox 2212 3227 2404 3302; x_wconf 87' lang='grc' dir='ltr'>ρεῖσθε,</span> <span class='ocrx_word' id='word_1_517' title='bbox 2461 3224 2524 3280; x_wconf 90' lang='grc' dir='ltr'>τὸ</span> <span class='ocrx_word' id='word_1_518' title='bbox 2582 3225 2919 3301; x_wconf 85' lang='grc' dir='ltr'>γεννώμενον</span> <span class='ocrx_word' id='word_1_519' title='bbox 2974 3224 3033 3280; x_wconf 87' lang='grc' dir='ltr'>ἐκ</span> <span class='ocrx_word' id='word_1_520' title='bbox 3084 3230 3183 3280; x_wconf 89' lang='grc' dir='ltr'>τοῦ</span> <span class='ocrx_word' id='word_1_521' title='bbox 3239 3227 3451 3301; x_wconf 78' lang='grc' dir='ltr'>Ματρὸς</span> <span class='ocrx_word' id='word_1_522' title='bbox 3512 3228 3587 3300; x_wconf 75' lang='grc' dir='ltr'>μὴ</span> <span class='ocrx_word' id='word_1_523' title='bbox 3618 3228 3856 3301; x_wconf 81' lang='grc' dir='ltr'>νομίζειν</span> 
     </span>
    </p>
   </div>
   <div class='ocr_carea' id='block_1_65' title="bbox 452 3286 3858 3392">
    <p class='ocr_par' dir='ltr' id='par_1_65' title="bbox 452 3286 3858 3392">
     <span class='ocr_line' id='line_1_65' title="bbox 462 3286 3777 3305; baseline -0.002 -4"><span class='ocrx_word' id='word_1_524' title='bbox 462 3286 479 3291; x_wconf 87' lang='grc'><strong><em>-</em></strong></span> <span class='ocrx_word' id='word_1_525' title='bbox 584 3286 593 3305; x_wconf 74' lang='grc' dir='ltr'>ι</span> <span class='ocrx_word' id='word_1_526' title='bbox 1054 3286 1117 3302; x_wconf 88' lang='grc'>..</span> <span class='ocrx_word' id='word_1_527' title='bbox 1254 3286 1263 3290; x_wconf 92' lang='grc'><strong>-</strong></span> <span class='ocrx_word' id='word_1_528' title='bbox 1443 3286 1452 3304; x_wconf 87' lang='grc'>.</span> <span class='ocrx_word' id='word_1_529' title='bbox 1543 3286 1553 3294; x_wconf 89' lang='lat'><strong><em>.</em></strong></span> <span class='ocrx_word' id='word_1_530' title='bbox 1662 3286 1673 3301; x_wconf 96' lang='lat'>.</span> <span class='ocrx_word' id='word_1_531' title='bbox 1936 3286 2001 3305; x_wconf 90' lang='lat'>..</span> <span class='ocrx_word' id='word_1_532' title='bbox 2212 3286 2220 3302; x_wconf 89' lang='lat'>.</span> <span class='ocrx_word' id='word_1_533' title='bbox 2391 3286 2403 3297; x_wconf 86' lang='lat'>,</span> <span class='ocrx_word' id='word_1_534' title='bbox 2595 3286 2606 3301; x_wconf 95' lang='lat'>.</span> <span class='ocrx_word' id='word_1_535' title='bbox 2761 3286 2770 3297; x_wconf 89' lang='lat'>.</span> <span class='ocrx_word' id='word_1_536' title='bbox 3361 3286 3369 3301; x_wconf 87' lang='lat'>.</span> <span class='ocrx_word' id='word_1_537' title='bbox 3438 3286 3447 3289; x_wconf 48' lang='grc' dir='ltr'><strong><em>τ</em></strong></span> <span class='ocrx_word' id='word_1_538' title='bbox 3512 3286 3521 3300; x_wconf 91' lang='grc'><strong>.</strong></span> <span class='ocrx_word' id='word_1_539' title='bbox 3578 3286 3587 3296; x_wconf 93' lang='grc'>.</span> <span class='ocrx_word' id='word_1_540' title='bbox 3684 3286 3694 3301; x_wconf 89' lang='grc'>,</span> <span class='ocrx_word' id='word_1_541' title='bbox 3761 3286 3777 3298; x_wconf 93' lang='grc'>.</span> 
     </span>
     <span class='ocr_line' id='line_1_66' title="bbox 452 3286 3858 3392; baseline 0.001 -22"><span class='ocrx_word' id='word_1_542' title='bbox 452 3338 537 3371; x_wconf 90' lang='grc' dir='ltr'>ναι</span> <span class='ocrx_word' id='word_1_543' title='bbox 589 3321 669 3390; x_wconf 81' lang='grc' dir='ltr'>τῷ</span> <span class='ocrx_word' id='word_1_544' title='bbox 714 3316 940 3390; x_wconf 87' lang='grc' dir='ltr'>αἰτιατῷ</span> <span class='ocrx_word' id='word_1_545' title='bbox 990 3315 1349 3392; x_wconf 85' lang='grc' dir='ltr'>διακρίνεσθαι</span> <span class='ocrx_word' id='word_1_546' title='bbox 1396 3319 1488 3373; x_wconf 91' lang='grc' dir='ltr'>τὸν</span> <span class='ocrx_word' id='word_1_547' title='bbox 1531 3318 1652 3372; x_wconf 76' lang='grc' dir='ltr'>Υίὸν</span> <span class='ocrx_word' id='word_1_548' title='bbox 1710 3322 1807 3371; x_wconf 91' lang='grc' dir='ltr'>τοῦ</span> <span class='ocrx_word' id='word_1_549' title='bbox 1868 3319 2095 3392; x_wconf 76' lang='grc' dir='ltr'>Ματρὸς,</span> <span class='ocrx_word' id='word_1_550' title='bbox 2127 3286 2170 3353; x_wconf 73' lang='lat' dir='ltr'><strong><em>C</em></strong></span> <span class='ocrx_word' id='word_1_551' title='bbox 2209 3312 2380 3369; x_wconf 51' lang='grc' dir='ltr'>αἴτιον</span> <span class='ocrx_word' id='word_1_552' title='bbox 2432 3318 2529 3369; x_wconf 88' lang='grc' dir='ltr'>τοῦ</span> <span class='ocrx_word' id='word_1_553' title='bbox 2589 3313 2785 3369; x_wconf 85' lang='grc' dir='ltr'>ἐκεῖθεν</span> <span class='ocrx_word' id='word_1_554' title='bbox 2848 3313 3278 3390; x_wconf 77' lang='grc' dir='ltr'>ἐκπορευομένου</span> <span class='ocrx_word' id='word_1_555' title='bbox 3320 3315 3420 3372; x_wconf 80' lang='grc' dir='ltr'>Καὶ</span> <span class='ocrx_word' id='word_1_556' title='bbox 3462 3321 3700 3391; x_wconf 82' lang='grc' dir='ltr'>γεννῴτο</span> <span class='ocrx_word' id='word_1_557' title='bbox 3757 3316 3858 3373; x_wconf 80' lang='grc' dir='ltr'>οὐκ</span> 
     </span>
    </p>
   </div>
   <div class='ocr_carea' id='block_1_66' title="bbox 451 3403 2096 3482">
    <p class='ocr_par' dir='ltr' id='par_1_66' title="bbox 451 3403 2096 3482">
     <span class='ocr_line' id='line_1_67' title="bbox 451 3403 2096 3482; baseline -0.001 -21"><span class='ocrx_word' id='word_1_558' title='bbox 451 3405 582 3461; x_wconf 85' lang='grc' dir='ltr'>αὐτὸ</span> <span class='ocrx_word' id='word_1_559' title='bbox 626 3406 690 3460; x_wconf 89' lang='grc' dir='ltr'>τὸ</span> <span class='ocrx_word' id='word_1_560' title='bbox 732 3408 810 3479; x_wconf 83' lang='grc' dir='ltr'>μὴ</span> <span class='ocrx_word' id='word_1_561' title='bbox 860 3403 1030 3461; x_wconf 62' lang='grc' dir='ltr'>αἴτιον</span> <span class='ocrx_word' id='word_1_562' title='bbox 1082 3406 1213 3461; x_wconf 77' lang='grc' dir='ltr'>εἶναι</span> <span class='ocrx_word' id='word_1_563' title='bbox 1252 3406 1326 3468; x_wconf 87' lang='grc' dir='ltr'>ὡς</span> <span class='ocrx_word' id='word_1_564' title='bbox 1374 3407 1403 3461; x_wconf 89' lang='lat'>6</span> <span class='ocrx_word' id='word_1_565' title='bbox 1456 3408 1646 3482; x_wconf 76' lang='grc' dir='ltr'>Πατὴρ</span> <span class='ocrx_word' id='word_1_566' title='bbox 1696 3407 1807 3478; x_wconf 85' lang='grc' dir='ltr'>καὶ,</span> <span class='ocrx_word' id='word_1_567' title='bbox 1838 3407 1900 3461; x_wconf 84' lang='grc' dir='ltr'>τὸ</span> <span class='ocrx_word' id='word_1_568' title='bbox 1934 3408 2010 3478; x_wconf 84' lang='grc' dir='ltr'>μὴ</span> <span class='ocrx_word' id='word_1_569' title='bbox 2045 3405 2096 3478; x_wconf 79' lang='grc' dir='ltr'>ἐξ</span> 
     </span>
    </p>
   </div>
   <div class='ocr_carea' id='block_1_67' title="bbox 452 3492 2094 3568">
    <p class='ocr_par' dir='ltr' id='par_1_67' title="bbox 452 3492 2094 3568">
     <span class='ocr_line' id='line_1_68' title="bbox 452 3492 2094 3568; baseline 0 -19"><span class='ocrx_word' id='word_1_570' title='bbox 452 3493 654 3549; x_wconf 86' lang='grc' dir='ltr'>ἐκείνου</span> <span class='ocrx_word' id='word_1_571' title='bbox 706 3493 838 3548; x_wconf 81' lang='grc' dir='ltr'>εἶναι</span> <span class='ocrx_word' id='word_1_572' title='bbox 886 3495 949 3549; x_wconf 90' lang='grc' dir='ltr'>τὸ</span> <span class='ocrx_word' id='word_1_573' title='bbox 995 3496 1235 3568; x_wconf 82' lang='grc' dir='ltr'>Πνεῦμα,</span> <span class='ocrx_word' id='word_1_574' title='bbox 1286 3500 1365 3567; x_wconf 80' lang='grc' dir='ltr'>τῷ</span> <span class='ocrx_word' id='word_1_575' title='bbox 1413 3516 1471 3550; x_wconf 91' lang='grc' dir='ltr'>τε</span> <span class='ocrx_word' id='word_1_576' title='bbox 1503 3492 1574 3549; x_wconf 86' lang='grc' dir='ltr'>δι’</span> <span class='ocrx_word' id='word_1_577' title='bbox 1604 3494 1804 3549; x_wconf 79' lang='grc' dir='ltr'>ἐκείνου</span> <span class='ocrx_word' id='word_1_578' title='bbox 1834 3495 1896 3550; x_wconf 91' lang='grc' dir='ltr'>τὸ</span> <span class='ocrx_word' id='word_1_579' title='bbox 1930 3497 2094 3551; x_wconf 80' lang='grc' dir='ltr'>Ιίνεῦ-</span> 
     </span>
    </p>
   </div>
   <div class='ocr_carea' id='block_1_68' title="bbox 456 3582 2097 3657">
    <p class='ocr_par' dir='ltr' id='par_1_68' title="bbox 456 3582 2097 3657">
     <span class='ocr_line' id='line_1_69' title="bbox 456 3582 2097 3657; baseline 0.001 -20"><span class='ocrx_word' id='word_1_580' title='bbox 456 3604 550 3655; x_wconf 90' lang='grc' dir='ltr'>μα,</span> <span class='ocrx_word' id='word_1_581' title='bbox 601 3582 730 3637; x_wconf 84' lang='grc' dir='ltr'>αύτό</span> <span class='ocrx_word' id='word_1_582' title='bbox 781 3603 840 3638; x_wconf 89' lang='grc' dir='ltr'>τε</span> <span class='ocrx_word' id='word_1_583' title='bbox 885 3584 948 3638; x_wconf 92' lang='grc' dir='ltr'>τὸ</span> <span class='ocrx_word' id='word_1_584' title='bbox 1000 3584 1076 3656; x_wconf 82' lang='grc' dir='ltr'>μὴ</span> <span class='ocrx_word' id='word_1_585' title='bbox 1126 3583 1177 3654; x_wconf 84' lang='grc' dir='ltr'>ἐξ</span> <span class='ocrx_word' id='word_1_586' title='bbox 1229 3584 1457 3655; x_wconf 85' lang='grc' dir='ltr'>ἐκείνου,</span> <span class='ocrx_word' id='word_1_587' title='bbox 1507 3584 1597 3638; x_wconf 84' lang='grc' dir='ltr'>καὶ</span> <span class='ocrx_word' id='word_1_588' title='bbox 1651 3585 1710 3639; x_wconf 90' lang='grc' dir='ltr'>τὸ</span> <span class='ocrx_word' id='word_1_589' title='bbox 1746 3586 1821 3657; x_wconf 76' lang='grc' dir='ltr'>μὴ</span> <span class='ocrx_word' id='word_1_590' title='bbox 1855 3584 1989 3639; x_wconf 78' lang='grc' dir='ltr'>εἶναι</span> <span class='ocrx_word' id='word_1_591' title='bbox 2020 3583 2097 3639; x_wconf 58' lang='lat'>(11&#39;-</span> 
     </span>
    </p>
   </div>
   <div class='ocr_carea' id='block_1_69' title="bbox 448 3669 2094 3749">
    <p class='ocr_par' dir='ltr' id='par_1_69' title="bbox 448 3669 2094 3749">
     <span class='ocr_line' id='line_1_70' title="bbox 448 3669 2094 3749; baseline 0.002 -24"><span class='ocrx_word' id='word_1_592' title='bbox 448 3692 564 3725; x_wconf 90' lang='grc' dir='ltr'>τιον</span> <span class='ocrx_word' id='word_1_593' title='bbox 613 3669 738 3726; x_wconf 84' lang='grc' dir='ltr'>ἀλλ’</span> <span class='ocrx_word' id='word_1_594' title='bbox 775 3670 1031 3728; x_wconf 84' lang='grc' dir='ltr'>αἰτιατόν.</span> <span class='ocrx_word' id='word_1_595' title='bbox 1081 3675 1238 3728; x_wconf 86' lang='grc' dir='ltr'>Ὅθεν</span> <span class='ocrx_word' id='word_1_596' title='bbox 1290 3671 1404 3727; x_wconf 77' lang='grc' dir='ltr'>οὐδ’</span> <span class='ocrx_word' id='word_1_597' title='bbox 1455 3669 1625 3727; x_wconf 75' lang='grc' dir='ltr'>αἶ’τιον</span> <span class='ocrx_word' id='word_1_598' title='bbox 1672 3673 1817 3749; x_wconf 79' lang='grc' dir='ltr'>εἶχεν</span> <span class='ocrx_word' id='word_1_599' title='bbox 1867 3675 1902 3743; x_wconf 81' lang='grc' dir='ltr'>ἡ</span> <span class='ocrx_word' id='word_1_600' title='bbox 1954 3670 2094 3729; x_wconf 89' lang='grc' dir='ltr'>διαί-</span> 
     </span>
    </p>
   </div>
   <div class='ocr_carea' id='block_1_70' title="bbox 453 3758 2096 3836">
    <p class='ocr_par' dir='ltr' id='par_1_70' title="bbox 453 3758 2096 3836">
     <span class='ocr_line' id='line_1_71' title="bbox 453 3758 2096 3836; baseline 0.001 -21"><span class='ocrx_word' id='word_1_601' title='bbox 453 3780 595 3836; x_wconf 89' lang='grc' dir='ltr'>ρεσις</span> <span class='ocrx_word' id='word_1_602' title='bbox 632 3761 723 3814; x_wconf 93' lang='grc' dir='ltr'>τὸν</span> <span class='ocrx_word' id='word_1_603' title='bbox 770 3762 914 3831; x_wconf 74' lang='grc' dir='ltr'>Υἰὸν,</span> <span class='ocrx_word' id='word_1_604' title='bbox 966 3758 1091 3816; x_wconf 75' lang='grc' dir='ltr'>οὐδὲ</span> <span class='ocrx_word' id='word_1_605' title='bbox 1139 3761 1190 3833; x_wconf 80' lang='grc' dir='ltr'>ἐξ</span> <span class='ocrx_word' id='word_1_606' title='bbox 1234 3760 1420 3830; x_wconf 82' lang='grc' dir='ltr'>αὐτοῦ,</span> <span class='ocrx_word' id='word_1_607' title='bbox 1471 3759 1599 3817; x_wconf 85' lang='grc' dir='ltr'>ἀλλ’</span> <span class='ocrx_word' id='word_1_608' title='bbox 1638 3761 1876 3817; x_wconf 90' lang='grc' dir='ltr'>αἰτιατὸν</span> <span class='ocrx_word' id='word_1_609' title='bbox 1907 3762 1995 3817; x_wconf 85' lang='grc' dir='ltr'>καὶ</span> <span class='ocrx_word' id='word_1_610' title='bbox 2028 3760 2096 3818; x_wconf 88' lang='grc' dir='ltr'>δι’</span> 
     </span>
    </p>
   </div>
   <div class='ocr_carea' id='block_1_71' title="bbox 455 3845 2095 3926">
    <p class='ocr_par' dir='ltr' id='par_1_71' title="bbox 455 3845 2095 3926">
     <span class='ocr_line' id='line_1_72' title="bbox 455 3845 2095 3926; baseline 0.002 -23"><span class='ocrx_word' id='word_1_611' title='bbox 455 3848 617 3903; x_wconf 82' lang='grc' dir='ltr'>αὐτοῦ</span> <span class='ocrx_word' id='word_1_612' title='bbox 649 3868 661 3881; x_wconf 90' lang='grc'><strong>·</strong></span> <span class='ocrx_word' id='word_1_613' title='bbox 714 3845 839 3904; x_wconf 73' lang='grc' dir='ltr'>οὐδὲ</span> <span class='ocrx_word' id='word_1_614' title='bbox 881 3849 981 3925; x_wconf 77' lang='grc' dir='ltr'>γὰρ</span> <span class='ocrx_word' id='word_1_615' title='bbox 1038 3850 1105 3920; x_wconf 84' lang='grc' dir='ltr'>ἧν</span> <span class='ocrx_word' id='word_1_616' title='bbox 1148 3854 1310 3905; x_wconf 90' lang='grc' dir='ltr'>τοῦτο</span> <span class='ocrx_word' id='word_1_617' title='bbox 1357 3857 1458 3920; x_wconf 87' lang='grc' dir='ltr'>τῆς</span> <span class='ocrx_word' id='word_1_618' title='bbox 1526 3848 1886 3926; x_wconf 85' lang='grc' dir='ltr'>εύαγγελικῆς</span> <span class='ocrx_word' id='word_1_619' title='bbox 1946 3848 2095 3906; x_wconf 85' lang='grc' dir='ltr'>διδα-</span> 
     </span>
    </p>
   </div>
   <div class='ocr_carea' id='block_1_72' title="bbox 456 3934 2097 4013">
    <p class='ocr_par' dir='ltr' id='par_1_72' title="bbox 456 3934 2097 4013">
     <span class='ocr_line' id='line_1_73' title="bbox 456 3934 2097 4013; baseline 0.002 -22"><span class='ocrx_word' id='word_1_620' title='bbox 456 3935 683 4000; x_wconf 87' lang='grc' dir='ltr'>σκαλίας</span> <span class='ocrx_word' id='word_1_621' title='bbox 729 3938 791 3993; x_wconf 91' lang='grc' dir='ltr'>τὸ</span> <span class='ocrx_word' id='word_1_622' title='bbox 841 3934 1021 4013; x_wconf 89' lang='grc' dir='ltr'>δόγμα</span> <span class='ocrx_word' id='word_1_623' title='bbox 1062 3935 1188 3993; x_wconf 73' lang='grc' dir='ltr'>οὐδὲ</span> <span class='ocrx_word' id='word_1_624' title='bbox 1236 3938 1520 3994; x_wconf 88' lang='grc' dir='ltr'>Βασιλείου</span> <span class='ocrx_word' id='word_1_625' title='bbox 1588 3937 1864 4013; x_wconf 82' lang='grc' dir='ltr'>ὑπόληψις</span> <span class='ocrx_word' id='word_1_626' title='bbox 1896 3960 1907 3972; x_wconf 89' lang='grc'><strong>·</strong></span> <span class='ocrx_word' id='word_1_627' title='bbox 1970 3938 2097 3995; x_wconf 74' lang='grc' dir='ltr'>οὐδὲ</span> 
     </span>
    </p>
   </div>
   <div class='ocr_carea' id='block_1_73' title="bbox 455 4023 2094 4105">
    <p class='ocr_par' dir='ltr' id='par_1_73' title="bbox 455 4023 2094 4105">
     <span class='ocr_line' id='line_1_74' title="bbox 455 4023 2094 4105; baseline 0.001 -24"><span class='ocrx_word' id='word_1_628' title='bbox 455 4025 759 4102; x_wconf 88' lang='grc' dir='ltr'>Γρηγόριος</span> <span class='ocrx_word' id='word_1_629' title='bbox 799 4023 1053 4105; x_wconf 84' lang='grc' dir='ltr'>ἀδελφὸς,</span> <span class='ocrx_word' id='word_1_630' title='bbox 1104 4026 1213 4103; x_wconf 87' lang='grc' dir='ltr'>ούχ</span> <span class='ocrx_word' id='word_1_631' title='bbox 1265 4030 1428 4096; x_wconf 84' lang='grc' dir='ltr'>ῆττον</span> <span class='ocrx_word' id='word_1_632' title='bbox 1460 4026 1529 4102; x_wconf 71' lang='grc' dir='ltr'>τῇ</span> <span class='ocrx_word' id='word_1_633' title='bbox 1557 4024 1683 4099; x_wconf 79' lang='grc' dir='ltr'>δόξῃ</span> <span class='ocrx_word' id='word_1_634' title='bbox 1710 4031 1807 4097; x_wconf 80' lang='grc' dir='ltr'>τῆς</span> <span class='ocrx_word' id='word_1_635' title='bbox 1835 4027 2094 4097; x_wconf 79' lang='grc' dir='ltr'>ἀληθείας</span> 
     </span>
    </p>
   </div>
   <div class='ocr_carea' id='block_1_74' title="bbox 454 4111 2093 4192">
    <p class='ocr_par' dir='ltr' id='par_1_74' title="bbox 454 4111 2093 4192">
     <span class='ocr_line' id='line_1_75' title="bbox 454 4111 2093 4192; baseline 0.001 -22"><span class='ocrx_word' id='word_1_636' title='bbox 454 4116 490 4185; x_wconf 70' lang='grc' dir='ltr'><strong>ἢ</strong></span> <span class='ocrx_word' id='word_1_637' title='bbox 540 4120 620 4188; x_wconf 77' lang='grc' dir='ltr'>τῷ</span> <span class='ocrx_word' id='word_1_638' title='bbox 665 4116 898 4189; x_wconf 88' lang='grc' dir='ltr'>σώματι.</span> <span class='ocrx_word' id='word_1_639' title='bbox 922 4114 1089 4171; x_wconf 85' lang='grc' dir='ltr'>Τοῦτό</span> <span class='ocrx_word' id='word_1_640' title='bbox 1142 4137 1208 4189; x_wconf 90' lang='grc' dir='ltr'>με</span> <span class='ocrx_word' id='word_1_641' title='bbox 1257 4111 1443 4192; x_wconf 78' lang='grc' dir='ltr'>βίϐλοι</span> <span class='ocrx_word' id='word_1_642' title='bbox 1474 4116 1745 4171; x_wconf 84' lang='grc' dir='ltr'>πείθουσιν</span> <span class='ocrx_word' id='word_1_643' title='bbox 1780 4118 1834 4171; x_wconf 72' lang='grc' dir='ltr'>αἱ</span> <span class='ocrx_word' id='word_1_644' title='bbox 1861 4116 2093 4189; x_wconf 82' lang='grc' dir='ltr'>τούτων,</span> 
     </span>
    </p>
   </div>
   <div class='ocr_carea' id='block_1_75' title="bbox 453 4212 2094 4290">
    <p class='ocr_par' dir='ltr' id='par_1_75' title="bbox 453 4212 2094 4290">
     <span class='ocr_line' id='line_1_76' title="bbox 453 4212 2094 4290; baseline 0.001 -22"><span class='ocrx_word' id='word_1_645' title='bbox 453 4217 613 4268; x_wconf 87' lang='grc' dir='ltr'>τοῦτο</span> <span class='ocrx_word' id='word_1_646' title='bbox 658 4215 727 4268; x_wconf 81' lang='grc' dir='ltr'>τὰ</span> <span class='ocrx_word' id='word_1_647' title='bbox 778 4212 899 4290; x_wconf 71' lang='grc' dir='ltr'>ἰερὰ</span> <span class='ocrx_word' id='word_1_648' title='bbox 934 4218 1041 4269; x_wconf 88' lang='grc' dir='ltr'>τῶν</span> <span class='ocrx_word' id='word_1_649' title='bbox 1090 4213 1259 4288; x_wconf 89' lang='grc' dir='ltr'>ἀγίων</span> <span class='ocrx_word' id='word_1_650' title='bbox 1315 4215 1677 4290; x_wconf 87' lang='grc' dir='ltr'>συντάγματα,</span> <span class='ocrx_word' id='word_1_651' title='bbox 1732 4214 1882 4271; x_wconf 85' lang='grc' dir='ltr'>καὶὸ</span> <span class='ocrx_word' id='word_1_652' title='bbox 1912 4215 2094 4277; x_wconf 87' lang='grc' dir='ltr'>κοινὸς</span> 
     </span>
    </p>
   </div>
   <div class='ocr_carea' id='block_1_76' title="bbox 450 4301 2089 4381">
    <p class='ocr_par' dir='ltr' id='par_1_76' title="bbox 450 4301 2089 4381">
     <span class='ocr_line' id='line_1_77' title="bbox 450 4301 2089 4381; baseline 0.001 -24"><span class='ocrx_word' id='word_1_653' title='bbox 450 4309 551 4373; x_wconf 90' lang='grc' dir='ltr'>τῆς</span> <span class='ocrx_word' id='word_1_654' title='bbox 603 4301 927 4373; x_wconf 87' lang='grc' dir='ltr'>Ἐκκλησίας</span> <span class='ocrx_word' id='word_1_655' title='bbox 980 4302 1199 4376; x_wconf 89' lang='grc' dir='ltr'>θεσμὸς,</span> <span class='ocrx_word' id='word_1_656' title='bbox 1249 4302 1294 4358; x_wconf 83' lang='grc' dir='ltr'>εἰ</span> <span class='ocrx_word' id='word_1_657' title='bbox 1346 4304 1422 4376; x_wconf 81' lang='grc' dir='ltr'>μὴ</span> <span class='ocrx_word' id='word_1_658' title='bbox 1466 4302 1768 4380; x_wconf 85' lang='grc' dir='ltr'>σοφιστείαν</span> <span class='ocrx_word' id='word_1_659' title='bbox 1827 4304 1863 4373; x_wconf 65' lang='grc' dir='ltr'><strong>ἢ</strong></span> <span class='ocrx_word' id='word_1_660' title='bbox 1896 4302 2089 4381; x_wconf 81' lang='grc' dir='ltr'>φθόνον</span> 
     </span>
    </p>
   </div>
   <div class='ocr_carea' id='block_1_77' title="bbox 450 4388 2092 4469">
    <p class='ocr_par' dir='ltr' id='par_1_77' title="bbox 450 4388 2092 4469">
     <span class='ocr_line' id='line_1_78' title="bbox 450 4388 2092 4469; baseline 0.001 -23"><span class='ocrx_word' id='word_1_661' title='bbox 450 4392 513 4446; x_wconf 91' lang='grc' dir='ltr'>τὸ</span> <span class='ocrx_word' id='word_1_662' title='bbox 560 4397 788 4469; x_wconf 80' lang='grc' dir='ltr'>πρᾶγμα</span> <span class='ocrx_word' id='word_1_663' title='bbox 830 4391 1034 4454; x_wconf 89' lang='grc' dir='ltr'>καλεῖς.</span> <span class='ocrx_word' id='word_1_664' title='bbox 1086 4390 1147 4446; x_wconf 91' lang='grc' dir='ltr'>Τί</span> <span class='ocrx_word' id='word_1_665' title='bbox 1192 4391 1293 4469; x_wconf 74' lang='grc' dir='ltr'>γὰρ</span> <span class='ocrx_word' id='word_1_666' title='bbox 1325 4390 1509 4461; x_wconf 81' lang='grc' dir='ltr'>ἄλλο;</span> <span class='ocrx_word' id='word_1_667' title='bbox 1544 4388 1692 4469; x_wconf 59' lang='grc' dir='ltr'>εῗίπερ</span> <span class='ocrx_word' id='word_1_668' title='bbox 1723 4391 1837 4463; x_wconf 83' lang='grc' dir='ltr'>ἐξὸν</span> <span class='ocrx_word' id='word_1_669' title='bbox 1879 4391 2092 4469; x_wconf 81' lang='grc' dir='ltr'>βραχέα</span> 
     </span>
    </p>
   </div>
   <div class='ocr_carea' id='block_1_78' title="bbox 452 4478 2095 4558">
    <p class='ocr_par' dir='ltr' id='par_1_78' title="bbox 452 4478 2095 4558">
     <span class='ocr_line' id='line_1_79' title="bbox 452 4478 2095 4558; baseline 0 -22"><span class='ocrx_word' id='word_1_670' title='bbox 452 4483 763 4558; x_wconf 88' lang='grc' dir='ltr'>προσθεῖναι</span> <span class='ocrx_word' id='word_1_671' title='bbox 808 4481 899 4537; x_wconf 83' lang='grc' dir='ltr'>καὶ</span> <span class='ocrx_word' id='word_1_672' title='bbox 948 4481 1168 4551; x_wconf 84' lang='grc' dir='ltr'>ἀληθῶς</span> <span class='ocrx_word' id='word_1_673' title='bbox 1216 4481 1401 4554; x_wconf 85' lang='grc' dir='ltr'>εἰπεῖν,</span> <span class='ocrx_word' id='word_1_674' title='bbox 1453 4479 1734 4557; x_wconf 80' lang='grc' dir='ltr'>ἔκρυπτον,</span> <span class='ocrx_word' id='word_1_675' title='bbox 1783 4482 1873 4536; x_wconf 81' lang='grc' dir='ltr'>καὶ</span> <span class='ocrx_word' id='word_1_676' title='bbox 1940 4478 2095 4557; x_wconf 75' lang='grc' dir='ltr'>ἕτερα</span> 
     </span>
    </p>
   </div>
   <div class='ocr_carea' id='block_1_79' title="bbox 454 4566 2095 4649">
    <p class='ocr_par' dir='ltr' id='par_1_79' title="bbox 454 4566 2095 4649">
     <span class='ocr_line' id='line_1_80' title="bbox 454 4566 2095 4649; baseline 0.001 -24"><span class='ocrx_word' id='word_1_677' title='bbox 454 4570 569 4625; x_wconf 87' lang='grc' dir='ltr'>ἀνθ’</span> <span class='ocrx_word' id='word_1_678' title='bbox 615 4570 809 4648; x_wconf 79' lang='grc' dir='ltr'>ἐτέρων</span> <span class='ocrx_word' id='word_1_679' title='bbox 868 4570 944 4634; x_wconf 91' lang='grc' dir='ltr'>εἰς</span> <span class='ocrx_word' id='word_1_680' title='bbox 1023 4566 1370 4625; x_wconf 71' lang='grc' dir='ltr'>διδασκαλίαν</span> <span class='ocrx_word' id='word_1_681' title='bbox 1437 4568 1743 4649; x_wconf 74' lang='grc' dir='ltr'>προύφερον</span> <span class='ocrx_word' id='word_1_682' title='bbox 1812 4571 1864 4625; x_wconf 75' lang='grc' dir='ltr'>οἱ</span> <span class='ocrx_word' id='word_1_683' title='bbox 1928 4572 2095 4643; x_wconf 90' lang='grc' dir='ltr'>μακά-</span> 
     </span>
    </p>
   </div>
   <div class='ocr_carea' id='block_1_80' title="bbox 2206 3400 3856 3480">
    <p class='ocr_par' dir='ltr' id='par_1_80' title="bbox 2206 3400 3856 3480">
     <span class='ocr_line' id='line_1_81' title="bbox 2206 3400 3856 3480; baseline 0.002 -22"><span class='ocrx_word' id='word_1_684' title='bbox 2206 3402 2445 3480; x_wconf 78' lang='grc' dir='ltr'>ένεργείᾳ</span> <span class='ocrx_word' id='word_1_685' title='bbox 2470 3403 2608 3458; x_wconf 83' lang='grc' dir='ltr'>κατά</span> <span class='ocrx_word' id='word_1_686' title='bbox 2634 3404 2696 3458; x_wconf 91' lang='grc' dir='ltr'>τὸ</span> <span class='ocrx_word' id='word_1_687' title='bbox 2754 3402 2915 3466; x_wconf 79' lang='grc' dir='ltr'>εἰκὸς,</span> <span class='ocrx_word' id='word_1_688' title='bbox 2974 3400 3198 3477; x_wconf 76' lang='grc' dir='ltr'>δυνάμει</span> <span class='ocrx_word' id='word_1_689' title='bbox 3256 3401 3333 3462; x_wconf 86' lang='grc' dir='ltr'>δέ.</span> <span class='ocrx_word' id='word_1_690' title='bbox 3392 3404 3605 3478; x_wconf 83' lang='grc' dir='ltr'>Καὶμή</span> <span class='ocrx_word' id='word_1_691' title='bbox 3643 3425 3736 3478; x_wconf 87' lang='grc' dir='ltr'>μοι</span> <span class='ocrx_word' id='word_1_692' title='bbox 3790 3407 3856 3461; x_wconf 91' lang='grc' dir='ltr'>τὸ</span> 
     </span>
    </p>
   </div>
   <div class='ocr_carea' id='block_1_81' title="bbox 2206 3489 3853 3569">
    <p class='ocr_par' dir='ltr' id='par_1_81' title="bbox 2206 3489 3853 3569">
     <span class='ocr_line' id='line_1_82' title="bbox 2206 3489 3853 3569; baseline 0.001 -22"><span class='ocrx_word' id='word_1_693' title='bbox 2206 3489 2431 3566; x_wconf 82' lang='grc' dir='ltr'>δυνάμει</span> <span class='ocrx_word' id='word_1_694' title='bbox 2496 3490 2621 3569; x_wconf 89' lang='grc' dir='ltr'>λέγε</span> <span class='ocrx_word' id='word_1_695' title='bbox 2685 3493 2872 3568; x_wconf 79' lang='grc' dir='ltr'>χώραν</span> <span class='ocrx_word' id='word_1_696' title='bbox 2942 3490 3042 3546; x_wconf 80' lang='grc' dir='ltr'>οὐκ</span> <span class='ocrx_word' id='word_1_697' title='bbox 3108 3490 3254 3568; x_wconf 77' lang='grc' dir='ltr'>ἔχειν</span> <span class='ocrx_word' id='word_1_698' title='bbox 3323 3491 3567 3565; x_wconf 83' lang='grc' dir='ltr'>ἐνταῦθα,</span> <span class='ocrx_word' id='word_1_699' title='bbox 3624 3493 3687 3548; x_wconf 89' lang='grc' dir='ltr'>τὸ</span> <span class='ocrx_word' id='word_1_700' title='bbox 3750 3501 3853 3563; x_wconf 86' lang='grc' dir='ltr'>τῆς</span> 
     </span>
    </p>
   </div>
   <div class='ocr_carea' id='block_1_82' title="bbox 2207 3578 3854 3658">
    <p class='ocr_par' dir='ltr' id='par_1_82' title="bbox 2207 3578 3854 3658">
     <span class='ocr_line' id='line_1_83' title="bbox 2207 3578 3854 3658; baseline 0 -21"><span class='ocrx_word' id='word_1_701' title='bbox 2207 3581 2480 3658; x_wconf 81' lang='grc' dir='ltr'>ὑπάρξεως</span> <span class='ocrx_word' id='word_1_702' title='bbox 2532 3580 2856 3654; x_wconf 84' lang='grc' dir='ltr'>αἰτιώμενος</span> <span class='ocrx_word' id='word_1_703' title='bbox 2912 3578 3207 3637; x_wconf 76' lang='grc' dir='ltr'>συναῒδιον.</span> <span class='ocrx_word' id='word_1_704' title='bbox 3254 3582 3442 3639; x_wconf 87' lang='grc' dir='ltr'>Ἔσται</span> <span class='ocrx_word' id='word_1_705' title='bbox 3498 3582 3601 3657; x_wconf 84' lang='grc' dir='ltr'>γὰρ</span> <span class='ocrx_word' id='word_1_706' title='bbox 3648 3582 3743 3637; x_wconf 80' lang='grc' dir='ltr'>κᾶν</span> <span class='ocrx_word' id='word_1_707' title='bbox 3779 3585 3854 3655; x_wconf 81' lang='grc' dir='ltr'>μῆ</span> 
     </span>
    </p>
   </div>
   <div class='ocr_carea' id='block_1_83' title="bbox 2207 3664 3853 3746">
    <p class='ocr_par' dir='ltr' id='par_1_83' title="bbox 2207 3664 3853 3746">
     <span class='ocr_line' id='line_1_84' title="bbox 2207 3664 3853 3746; baseline 0.002 -22"><span class='ocrx_word' id='word_1_708' title='bbox 2207 3669 2424 3745; x_wconf 90' lang='grc' dir='ltr'>χρόνος,</span> <span class='ocrx_word' id='word_1_709' title='bbox 2483 3669 2547 3725; x_wconf 90' lang='grc' dir='ltr'>τὸ</span> <span class='ocrx_word' id='word_1_710' title='bbox 2602 3674 2890 3746; x_wconf 89' lang='grc' dir='ltr'>προσεχῶς</span> <span class='ocrx_word' id='word_1_711' title='bbox 2946 3669 3034 3725; x_wconf 85' lang='grc' dir='ltr'>καὶ</span> <span class='ocrx_word' id='word_1_712' title='bbox 3091 3664 3303 3746; x_wconf 70' lang='grc' dir='ltr'>πόῤῥω,</span> <span class='ocrx_word' id='word_1_713' title='bbox 3360 3671 3424 3725; x_wconf 89' lang='grc' dir='ltr'>τὸ</span> <span class='ocrx_word' id='word_1_714' title='bbox 3481 3669 3734 3744; x_wconf 85' lang='grc' dir='ltr'>ἐμμέσως</span> <span class='ocrx_word' id='word_1_715' title='bbox 3762 3672 3853 3727; x_wconf 83' lang='grc' dir='ltr'>καὶ</span> 
     </span>
    </p>
   </div>
   <div class='ocr_carea' id='block_1_84' title="bbox 2206 3757 3849 3836">
    <p class='ocr_par' dir='ltr' id='par_1_84' title="bbox 2206 3757 3849 3836">
     <span class='ocr_line' id='line_1_85' title="bbox 2206 3757 3849 3836; baseline 0.002 -22"><span class='ocrx_word' id='word_1_716' title='bbox 2206 3760 2421 3832; x_wconf 87' lang='grc' dir='ltr'>ἀμέσως</span> <span class='ocrx_word' id='word_1_717' title='bbox 2478 3763 2547 3833; x_wconf 83' lang='grc' dir='ltr'>τῇ</span> <span class='ocrx_word' id='word_1_718' title='bbox 2599 3762 2756 3832; x_wconf 78' lang='grc' dir='ltr'>καινῇ</span> <span class='ocrx_word' id='word_1_719' title='bbox 2810 3757 2976 3832; x_wconf 84' lang='grc' dir='ltr'>ταύτῃ</span> <span class='ocrx_word' id='word_1_720' title='bbox 3027 3758 3278 3836; x_wconf 83' lang='grc' dir='ltr'>θεοκογίᾳ</span> <span class='ocrx_word' id='word_1_721' title='bbox 3348 3760 3849 3836; x_wconf 79' lang='grc' dir='ltr'>συνεισφερόμενον.</span> 
     </span>
    </p>
   </div>
   <div class='ocr_carea' id='block_1_85' title="bbox 2206 3851 3853 3933">
    <p class='ocr_par' dir='ltr' id='par_1_85' title="bbox 2206 3851 3853 3933">
     <span class='ocr_line' id='line_1_86' title="bbox 2206 3851 3853 3933; baseline 0.001 -21"><span class='ocrx_word' id='word_1_722' title='bbox 2206 3857 2305 3912; x_wconf 82' lang='grc' dir='ltr'>Καὶ</span> <span class='ocrx_word' id='word_1_723' title='bbox 2335 3856 2477 3912; x_wconf 78' lang='grc' dir='ltr'>οὕτω</span> <span class='ocrx_word' id='word_1_724' title='bbox 2510 3856 2606 3929; x_wconf 75' lang='grc' dir='ltr'>μὲν</span> <span class='ocrx_word' id='word_1_725' title='bbox 2639 3857 2667 3911; x_wconf 98' lang='lat'>6</span> <span class='ocrx_word' id='word_1_726' title='bbox 2699 3857 2889 3933; x_wconf 74' lang='grc' dir='ltr'>Πατὴρ</span> <span class='ocrx_word' id='word_1_727' title='bbox 2921 3856 3018 3911; x_wconf 77' lang='grc' dir='ltr'>οὐκ</span> <span class='ocrx_word' id='word_1_728' title='bbox 3048 3857 3107 3911; x_wconf 79' lang='grc' dir='ltr'>ἅν</span> <span class='ocrx_word' id='word_1_729' title='bbox 3168 3851 3504 3932; x_wconf 80' lang='grc' dir='ltr'>προϐάλλοι,</span> <span class='ocrx_word' id='word_1_730' title='bbox 3558 3855 3685 3912; x_wconf 84' lang='grc' dir='ltr'>ἀλλ’</span> <span class='ocrx_word' id='word_1_731' title='bbox 3735 3856 3853 3913; x_wconf 72' lang='grc' dir='ltr'>οὐδ’</span> 
     </span>
    </p>
   </div>
   <div class='ocr_carea' id='block_1_86' title="bbox 2203 3941 3850 4021">
    <p class='ocr_par' dir='ltr' id='par_1_86' title="bbox 2203 3941 3850 4021">
     <span class='ocr_line' id='line_1_87' title="bbox 2203 3941 3850 4021; baseline 0 -20"><span class='ocrx_word' id='word_1_732' title='bbox 2203 3943 2375 4008; x_wconf 74' lang='grc' dir='ltr'>αἶ’τιος</span> <span class='ocrx_word' id='word_1_733' title='bbox 2407 3946 2467 4001; x_wconf 77' lang='grc' dir='ltr'>ἄν</span> <span class='ocrx_word' id='word_1_734' title='bbox 2497 3941 2576 4016; x_wconf 65' lang='grc' dir='ltr'>εἴη</span> <span class='ocrx_word' id='word_1_735' title='bbox 2612 3944 2836 4019; x_wconf 86' lang='grc' dir='ltr'>κυρίως,</span> <span class='ocrx_word' id='word_1_736' title='bbox 2882 3944 2997 4000; x_wconf 79' lang='grc' dir='ltr'>ἐπεὶ</span> <span class='ocrx_word' id='word_1_737' title='bbox 3041 3943 3105 4000; x_wconf 90' lang='grc' dir='ltr'>τό</span> <span class='ocrx_word' id='word_1_738' title='bbox 3151 3965 3215 4020; x_wconf 90' lang='grc' dir='ltr'>γε</span> <span class='ocrx_word' id='word_1_739' title='bbox 3262 3943 3405 4000; x_wconf 63' lang='grc' dir='ltr'>ἄλλο</span> <span class='ocrx_word' id='word_1_740' title='bbox 3461 3966 3514 4000; x_wconf 91' lang='grc' dir='ltr'>τι</span> <span class='ocrx_word' id='word_1_741' title='bbox 3560 3945 3706 4021; x_wconf 74' lang='grc' dir='ltr'>παρὰ</span> <span class='ocrx_word' id='word_1_742' title='bbox 3749 3950 3850 4001; x_wconf 83' lang='grc' dir='ltr'>τοῦ</span> 
     </span>
    </p>
   </div>
   <div class='ocr_carea' id='block_1_87' title="bbox 2204 4031 3850 4111">
    <p class='ocr_par' dir='ltr' id='par_1_87' title="bbox 2204 4031 3850 4111">
     <span class='ocr_line' id='line_1_88' title="bbox 2204 4031 3850 4111; baseline -0.001 -20"><span class='ocrx_word' id='word_1_743' title='bbox 2204 4034 2418 4110; x_wconf 88' lang='grc' dir='ltr'>Πατρὸς</span> <span class='ocrx_word' id='word_1_744' title='bbox 2447 4031 2576 4109; x_wconf 79' lang='grc' dir='ltr'>ἔχον</span> <span class='ocrx_word' id='word_1_745' title='bbox 2607 4031 2798 4102; x_wconf 79' lang='grc' dir='ltr'>αἶ’τιον,</span> <span class='ocrx_word' id='word_1_746' title='bbox 2830 4033 2929 4088; x_wconf 78' lang='grc' dir='ltr'>οὐκ</span> <span class='ocrx_word' id='word_1_747' title='bbox 2958 4035 3018 4088; x_wconf 80' lang='grc' dir='ltr'>ἄν</span> <span class='ocrx_word' id='word_1_748' title='bbox 3049 4032 3126 4096; x_wconf 83' lang='grc' dir='ltr'>εἰς</span> <span class='ocrx_word' id='word_1_749' title='bbox 3157 4032 3360 4089; x_wconf 87' lang='grc' dir='ltr'>ἐκεῖνον</span> <span class='ocrx_word' id='word_1_750' title='bbox 3390 4034 3462 4096; x_wconf 85' lang='grc' dir='ltr'>ὡς</span> <span class='ocrx_word' id='word_1_751' title='bbox 3514 4034 3590 4097; x_wconf 86' lang='grc' dir='ltr'>εἰς</span> <span class='ocrx_word' id='word_1_752' title='bbox 3647 4034 3850 4111; x_wconf 87' lang='grc' dir='ltr'>κυρίως</span> 
     </span>
    </p>
   </div>
   <div class='ocr_carea' id='block_1_88' title="bbox 2204 4120 3850 4201">
    <p class='ocr_par' dir='ltr' id='par_1_88' title="bbox 2204 4120 3850 4201">
     <span class='ocr_line' id='line_1_89' title="bbox 2204 4120 3850 4201; baseline 0 -22"><span class='ocrx_word' id='word_1_753' title='bbox 2204 4121 2373 4179; x_wconf 56' lang='grc' dir='ltr'>αἴτιον</span> <span class='ocrx_word' id='word_1_754' title='bbox 2421 4122 2762 4201; x_wconf 79' lang='grc' dir='ltr'>ἀναφέροιτο.</span> <span class='ocrx_word' id='word_1_755' title='bbox 2823 4122 2900 4180; x_wconf 81' lang='grc' dir='ltr'>Οὐ</span> <span class='ocrx_word' id='word_1_756' title='bbox 2954 4123 3059 4200; x_wconf 82' lang='grc' dir='ltr'>γὰρ</span> <span class='ocrx_word' id='word_1_757' title='bbox 3097 4120 3159 4177; x_wconf 80' lang='grc' dir='ltr'>τὸ</span> <span class='ocrx_word' id='word_1_758' title='bbox 3209 4120 3434 4194; x_wconf 74' lang='grc' dir='ltr'>δυνάμει</span> <span class='ocrx_word' id='word_1_759' title='bbox 3462 4123 3690 4197; x_wconf 89' lang='grc' dir='ltr'>κυρίως,</span> <span class='ocrx_word' id='word_1_760' title='bbox 3723 4121 3850 4179; x_wconf 72' lang='grc' dir='ltr'>οὐδὲ</span> 
     </span>
    </p>
   </div>
   <div class='ocr_carea' id='block_1_89' title="bbox 2200 4208 3851 4289">
    <p class='ocr_par' dir='ltr' id='par_1_89' title="bbox 2200 4208 3851 4289">
     <span class='ocr_line' id='line_1_90' title="bbox 2200 4208 3851 4289; baseline -0.001 -21"><span class='ocrx_word' id='word_1_761' title='bbox 2200 4212 2265 4268; x_wconf 92' lang='grc' dir='ltr'>τὸ</span> <span class='ocrx_word' id='word_1_762' title='bbox 2329 4211 2539 4289; x_wconf 79' lang='grc' dir='ltr'>πόῤῥω.</span> <span class='ocrx_word' id='word_1_763' title='bbox 2598 4211 2671 4267; x_wconf 86' lang='grc' dir='ltr'>Ού</span> <span class='ocrx_word' id='word_1_764' title='bbox 2726 4212 2787 4267; x_wconf 91' lang='grc' dir='ltr'>τὸ</span> <span class='ocrx_word' id='word_1_765' title='bbox 2836 4209 2882 4266; x_wconf 90' lang='grc' dir='ltr'>δ’</span> <span class='ocrx_word' id='word_1_766' title='bbox 2911 4208 3094 4288; x_wconf 74' lang='grc' dir='ltr'>ἕτερον</span> <span class='ocrx_word' id='word_1_767' title='bbox 3126 4211 3161 4281; x_wconf 76' lang='grc' dir='ltr'><strong>ἢ</strong></span> <span class='ocrx_word' id='word_1_768' title='bbox 3196 4208 3265 4266; x_wconf 87' lang='grc' dir='ltr'>δι’</span> <span class='ocrx_word' id='word_1_769' title='bbox 3297 4212 3503 4287; x_wconf 73' lang='grc' dir='ltr'>ἑτέρου,</span> <span class='ocrx_word' id='word_1_770' title='bbox 3534 4212 3596 4266; x_wconf 93' lang='grc' dir='ltr'>τὸ</span> <span class='ocrx_word' id='word_1_771' title='bbox 3629 4209 3674 4266; x_wconf 87' lang='grc' dir='ltr'>δ’</span> <span class='ocrx_word' id='word_1_772' title='bbox 3706 4211 3851 4289; x_wconf 87' lang='grc' dir='ltr'>ἐνερ-</span> 
     </span>
    </p>
   </div>
   <div class='ocr_carea' id='block_1_90' title="bbox 2202 4297 3850 4378">
    <p class='ocr_par' dir='ltr' id='par_1_90' title="bbox 2202 4297 3850 4378">
     <span class='ocr_line' id='line_1_91' title="bbox 2202 4297 3850 4378; baseline 0.001 -22"><span class='ocrx_word' id='word_1_773' title='bbox 2202 4301 2324 4377; x_wconf 83' lang='grc' dir='ltr'>γείᾳ</span> <span class='ocrx_word' id='word_1_774' title='bbox 2378 4299 2465 4357; x_wconf 85' lang='grc' dir='ltr'>καί</span> <span class='ocrx_word' id='word_1_775' title='bbox 2524 4306 2834 4377; x_wconf 88' lang='grc' dir='ltr'>προσεχῶς,</span> <span class='ocrx_word' id='word_1_776' title='bbox 2892 4301 2981 4355; x_wconf 83' lang='grc' dir='ltr'>καὶ</span> <span class='ocrx_word' id='word_1_777' title='bbox 3039 4297 3110 4355; x_wconf 87' lang='grc' dir='ltr'>δι’</span> <span class='ocrx_word' id='word_1_778' title='bbox 3171 4300 3301 4355; x_wconf 81' lang='grc' dir='ltr'>αὐτὸ</span> <span class='ocrx_word' id='word_1_779' title='bbox 3359 4302 3567 4356; x_wconf 79' lang='grc' dir='ltr'>ἅπαντα</span> <span class='ocrx_word' id='word_1_780' title='bbox 3619 4301 3756 4378; x_wconf 86' lang='grc' dir='ltr'>πρὸς</span> <span class='ocrx_word' id='word_1_781' title='bbox 3784 4302 3850 4357; x_wconf 91' lang='grc' dir='ltr'>τὸ</span> 
     </span>
    </p>
   </div>
   <div class='ocr_carea' id='block_1_91' title="bbox 2205 4388 3849 4466">
    <p class='ocr_par' dir='ltr' id='par_1_91' title="bbox 2205 4388 3849 4466">
     <span class='ocr_line' id='line_1_92' title="bbox 2205 4388 3849 4466; baseline -0.003 -18"><span class='ocrx_word' id='word_1_782' title='bbox 2205 4392 2442 4464; x_wconf 85' lang='grc' dir='ltr'>Πνεῦμα,</span> <span class='ocrx_word' id='word_1_783' title='bbox 2504 4389 2655 4463; x_wconf 87' lang='grc' dir='ltr'>μόνῳ</span> <span class='ocrx_word' id='word_1_784' title='bbox 2702 4388 2956 4466; x_wconf 88' lang='grc' dir='ltr'>πρόσεστί</span> <span class='ocrx_word' id='word_1_785' title='bbox 2998 4393 3075 4461; x_wconf 78' lang='grc' dir='ltr'>τῷ</span> <span class='ocrx_word' id='word_1_786' title='bbox 3123 4388 3255 4461; x_wconf 80' lang='grc' dir='ltr'>Υίῷ.</span> <span class='ocrx_word' id='word_1_787' title='bbox 3290 4388 3387 4443; x_wconf 82' lang='grc' dir='ltr'>Καὶ</span> <span class='ocrx_word' id='word_1_788' title='bbox 3417 4388 3680 4445; x_wconf 80' lang='grc' dir='ltr'>τοιούτων</span> <span class='ocrx_word' id='word_1_789' title='bbox 3715 4411 3849 4463; x_wconf 88' lang='grc' dir='ltr'>συμ-</span> 
     </span>
    </p>
   </div>
   <div class='ocr_carea' id='block_1_92' title="bbox 2201 4473 3852 4557">
    <p class='ocr_par' dir='ltr' id='par_1_92' title="bbox 2201 4473 3852 4557">
     <span class='ocr_line' id='line_1_93' title="bbox 2201 4473 3852 4557; baseline -0.001 -22"><span class='ocrx_word' id='word_1_790' title='bbox 2201 4480 2558 4557; x_wconf 83' lang='grc' dir='ltr'>περασμάτων</span> <span class='ocrx_word' id='word_1_791' title='bbox 2615 4498 2675 4534; x_wconf 85' lang='grc' dir='ltr'>τε</span> <span class='ocrx_word' id='word_1_792' title='bbox 2730 4478 2819 4533; x_wconf 84' lang='grc' dir='ltr'>καὶ</span> <span class='ocrx_word' id='word_1_793' title='bbox 2872 4474 3156 4554; x_wconf 88' lang='grc' dir='ltr'>δογμάτων</span> <span class='ocrx_word' id='word_1_794' title='bbox 3212 4477 3295 4539; x_wconf 87' lang='grc' dir='ltr'>τίς</span> <span class='ocrx_word' id='word_1_795' title='bbox 3354 4477 3413 4531; x_wconf 77' lang='grc' dir='ltr'>’ἀν</span> <span class='ocrx_word' id='word_1_796' title='bbox 3476 4473 3596 4553; x_wconf 62' lang='grc' dir='ltr'>ἔχοι</span> <span class='ocrx_word' id='word_1_797' title='bbox 3645 4479 3743 4547; x_wconf 72' lang='grc' dir='ltr'>τὴν</span> <span class='ocrx_word' id='word_1_798' title='bbox 3772 4479 3852 4534; x_wconf 87' lang='grc' dir='ltr'>αἰ-</span> 
     </span>
    </p>
   </div>
   <div class='ocr_carea' id='block_1_93' title="bbox 2199 4562 3849 4644">
    <p class='ocr_par' dir='ltr' id='par_1_93' title="bbox 2199 4562 3849 4644">
     <span class='ocr_line' id='line_1_94' title="bbox 2199 4562 3849 4644; baseline -0.001 -21"><span class='ocrx_word' id='word_1_799' title='bbox 2199 4566 2361 4637; x_wconf 82' lang='grc' dir='ltr'>τίαν;</span> <span class='ocrx_word' id='word_1_800' title='bbox 2420 4562 2658 4640; x_wconf 81' lang='grc' dir='ltr'>Πότερον</span> <span class='ocrx_word' id='word_1_801' title='bbox 2716 4564 3018 4642; x_wconf 83' lang='grc' dir='ltr'>Γρηγόριος</span> <span class='ocrx_word' id='word_1_802' title='bbox 3065 4570 3184 4628; x_wconf 86' lang='grc' dir='ltr'>τοῖς</span> <span class='ocrx_word' id='word_1_803' title='bbox 3250 4564 3639 4629; x_wconf 86' lang='grc' dir='ltr'>ἀποστολικοῖς</span> <span class='ocrx_word' id='word_1_804' title='bbox 3695 4566 3849 4644; x_wconf 79' lang='grc' dir='ltr'>ὅροις</span> 
     </span>
    </p>
   </div>
   <div class='ocr_carea' id='block_1_94' title="bbox 457 4655 3846 4739">
    <p class='ocr_par' dir='ltr' id='par_1_94' title="bbox 457 4655 3846 4739">
     <span class='ocr_line' id='line_1_95' title="bbox 457 4655 3846 4739; baseline -0.001 -16"><span class='ocrx_word' id='word_1_805' title='bbox 457 4679 563 4735; x_wconf 82' lang='grc' dir='ltr'>ριοι</span> <span class='ocrx_word' id='word_1_806' title='bbox 614 4657 799 4723; x_wconf 72' lang='grc' dir='ltr'>ἄλλως</span> <span class='ocrx_word' id='word_1_807' title='bbox 847 4662 995 4734; x_wconf 79' lang='grc' dir='ltr'>ἡμᾶς</span> <span class='ocrx_word' id='word_1_808' title='bbox 1032 4655 1456 4732; x_wconf 71' lang='grc' dir='ltr'>ἐκπαιδεῦοντες,</span> <span class='ocrx_word' id='word_1_809' title='bbox 1500 4658 1536 4728; x_wconf 74' lang='grc' dir='ltr'><strong>ἢ</strong></span> <span class='ocrx_word' id='word_1_810' title='bbox 1585 4659 1660 4722; x_wconf 75' lang='grc' dir='ltr'>ὡς</span> <span class='ocrx_word' id='word_1_811' title='bbox 1708 4661 1743 4729; x_wconf 78' lang='grc' dir='ltr'>ἡ</span> <span class='ocrx_word' id='word_1_812' title='bbox 1782 4658 2092 4738; x_wconf 78' lang='grc' dir='ltr'>πρόσφατος</span> <span class='ocrx_word' id='word_1_813' title='bbox 2124 4656 2170 4721; x_wconf 85' lang='lat' dir='ltr'><strong>D</strong></span> <span class='ocrx_word' id='word_1_814' title='bbox 2200 4664 2474 4738; x_wconf 87' lang='grc' dir='ltr'>ἐμμένων,</span> <span class='ocrx_word' id='word_1_815' title='bbox 2511 4664 2547 4734; x_wconf 79' lang='grc' dir='ltr'><strong>ἢ</strong></span> <span class='ocrx_word' id='word_1_816' title='bbox 2580 4664 2634 4718; x_wconf 80' lang='grc' dir='ltr'>οἱ</span> <span class='ocrx_word' id='word_1_817' title='bbox 2675 4662 3205 4739; x_wconf 85' lang='grc' dir='ltr'>χρησμολογοῦντες</span> <span class='ocrx_word' id='word_1_818' title='bbox 3250 4662 3337 4718; x_wconf 85' lang='grc' dir='ltr'>ἐπὶ</span> <span class='ocrx_word' id='word_1_819' title='bbox 3366 4668 3481 4725; x_wconf 89' lang='grc' dir='ltr'>τοῖς</span> <span class='ocrx_word' id='word_1_820' title='bbox 3512 4662 3724 4719; x_wconf 82' lang='grc' dir='ltr'>έπείνου</span> <span class='ocrx_word' id='word_1_821' title='bbox 3755 4665 3846 4719; x_wconf 86' lang='grc' dir='ltr'>καὶ</span> 
     </span>
    </p>
   </div>
   <div class='ocr_carea' id='block_1_95' title="bbox 459 4745 2092 4826">
    <p class='ocr_par' dir='ltr' id='par_1_95' title="bbox 459 4745 2092 4826">
     <span class='ocr_line' id='line_1_96' title="bbox 459 4745 2092 4826; baseline -0.001 -23"><span class='ocrx_word' id='word_1_822' title='bbox 459 4746 711 4825; x_wconf 85' lang='grc' dir='ltr'>βούλεται</span> <span class='ocrx_word' id='word_1_823' title='bbox 765 4752 865 4805; x_wconf 85' lang='grc' dir='ltr'>τοῦ</span> <span class='ocrx_word' id='word_1_824' title='bbox 922 4747 1237 4821; x_wconf 69' lang='grc' dir='ltr'>ΙΙηεύματος</span> <span class='ocrx_word' id='word_1_825' title='bbox 1278 4745 1528 4820; x_wconf 85' lang='grc' dir='ltr'>κάθοδος,</span> <span class='ocrx_word' id='word_1_826' title='bbox 1589 4747 1688 4803; x_wconf 86' lang='grc' dir='ltr'>ούκ</span> <span class='ocrx_word' id='word_1_827' title='bbox 1743 4748 1820 4811; x_wconf 77' lang='grc' dir='ltr'>εἰς</span> <span class='ocrx_word' id='word_1_828' title='bbox 1863 4769 2092 4826; x_wconf 82' lang='grc' dir='ltr'>συμφω-</span> 
     </span>
    </p>
   </div>
   <div class='ocr_carea' id='block_1_96' title="bbox 454 4835 2096 4913">
    <p class='ocr_par' dir='ltr' id='par_1_96' title="bbox 454 4835 2096 4913">
     <span class='ocr_line' id='line_1_97' title="bbox 454 4835 2096 4913; baseline -0.001 -21"><span class='ocrx_word' id='word_1_829' title='bbox 454 4835 566 4892; x_wconf 84' lang='grc' dir='ltr'>νίαν</span> <span class='ocrx_word' id='word_1_830' title='bbox 617 4836 971 4913; x_wconf 79' lang='grc' dir='ltr'>εὑρισκομένη</span> <span class='ocrx_word' id='word_1_831' title='bbox 1035 4844 1135 4908; x_wconf 87' lang='grc' dir='ltr'>τῆς</span> <span class='ocrx_word' id='word_1_832' title='bbox 1204 4836 1546 4910; x_wconf 85' lang='grc' dir='ltr'>Ἐκκλησίας,</span> <span class='ocrx_word' id='word_1_833' title='bbox 1593 4836 1719 4894; x_wconf 88' lang='grc' dir='ltr'>ἀλλ’</span> <span class='ocrx_word' id='word_1_834' title='bbox 1775 4836 1851 4899; x_wconf 86' lang='grc' dir='ltr'>εἰς</span> <span class='ocrx_word' id='word_1_835' title='bbox 1894 4836 2096 4912; x_wconf 89' lang='grc' dir='ltr'>σύγχυ-</span> 
     </span>
    </p>
   </div>
   <div class='ocr_carea' id='block_1_97' title="bbox 455 4924 2092 5004">
    <p class='ocr_par' dir='ltr' id='par_1_97' title="bbox 455 4924 2092 5004">
     <span class='ocr_line' id='line_1_98' title="bbox 455 4924 2092 5004; baseline 0 -24"><span class='ocrx_word' id='word_1_836' title='bbox 455 4947 536 4980; x_wconf 88' lang='grc' dir='ltr'>σιν</span> <span class='ocrx_word' id='word_1_837' title='bbox 585 4926 674 4981; x_wconf 84' lang='grc' dir='ltr'>καὶ</span> <span class='ocrx_word' id='word_1_838' title='bbox 721 4928 1032 5001; x_wconf 77' lang='grc' dir='ltr'>κατατομήν</span> <span class='ocrx_word' id='word_1_839' title='bbox 1081 4925 1169 4982; x_wconf 85' lang='grc' dir='ltr'>καὶ</span> <span class='ocrx_word' id='word_1_840' title='bbox 1222 4924 1500 5004; x_wconf 85' lang='grc' dir='ltr'>διαίρεσιν.</span> <span class='ocrx_word' id='word_1_841' title='bbox 1539 4925 1600 4981; x_wconf 89' lang='grc' dir='ltr'>Τί</span> <span class='ocrx_word' id='word_1_842' title='bbox 1630 4927 1734 5002; x_wconf 81' lang='grc' dir='ltr'>γὰρ</span> <span class='ocrx_word' id='word_1_843' title='bbox 1764 4927 1855 4996; x_wconf 81' lang='grc' dir='ltr'>ἦν,</span> <span class='ocrx_word' id='word_1_844' title='bbox 1882 4926 1927 4980; x_wconf 82' lang='grc' dir='ltr'>ὦ</span> <span class='ocrx_word' id='word_1_845' title='bbox 1957 4925 2092 5001; x_wconf 90' lang='grc' dir='ltr'>πρὸς</span> 
     </span>
    </p>
   </div>
   <div class='ocr_carea' id='block_1_98' title="bbox 457 5012 2090 5090">
    <p class='ocr_par' dir='ltr' id='par_1_98' title="bbox 457 5012 2090 5090">
     <span class='ocr_line' id='line_1_99' title="bbox 457 5012 2090 5090; baseline -0.001 -20"><span class='ocrx_word' id='word_1_846' title='bbox 457 5018 609 5086; x_wconf 89' lang='grc' dir='ltr'>Θεοῦ,</span> <span class='ocrx_word' id='word_1_847' title='bbox 665 5012 886 5087; x_wconf 85' lang='grc' dir='ltr'>ἐμπδὼν</span> <span class='ocrx_word' id='word_1_848' title='bbox 935 5012 1230 5090; x_wconf 89' lang='grc' dir='ltr'>διαιροῦντι</span> <span class='ocrx_word' id='word_1_849' title='bbox 1278 5020 1357 5088; x_wconf 84' lang='grc' dir='ltr'>τῷ</span> <span class='ocrx_word' id='word_1_850' title='bbox 1411 5014 1626 5086; x_wconf 85' lang='grc' dir='ltr'>Νύσσης</span> <span class='ocrx_word' id='word_1_851' title='bbox 1684 5014 1847 5084; x_wconf 76' lang='grc' dir='ltr'>αὐτὴν</span> <span class='ocrx_word' id='word_1_852' title='bbox 1891 5014 2090 5084; x_wconf 85' lang='grc' dir='ltr'>ταύτην</span> 
     </span>
    </p>
   </div>
   <div class='ocr_carea' id='block_1_99' title="bbox 454 5102 2094 5182">
    <p class='ocr_par' dir='ltr' id='par_1_99' title="bbox 454 5102 2094 5182">
     <span class='ocr_line' id='line_1_100' title="bbox 454 5102 2094 5182; baseline -0.001 -23"><span class='ocrx_word' id='word_1_853' title='bbox 454 5103 690 5182; x_wconf 81' lang='grc' dir='ltr'>ἐμφῆναι</span> <span class='ocrx_word' id='word_1_854' title='bbox 741 5104 841 5174; x_wconf 84' lang='grc' dir='ltr'>τήν</span> <span class='ocrx_word' id='word_1_855' title='bbox 903 5103 1158 5181; x_wconf 86' lang='grc' dir='ltr'>ὑμετέραν</span> <span class='ocrx_word' id='word_1_856' title='bbox 1207 5103 1511 5182; x_wconf 88' lang='grc' dir='ltr'>θεολογίαν,</span> <span class='ocrx_word' id='word_1_857' title='bbox 1566 5108 1664 5160; x_wconf 91' lang='grc' dir='ltr'>τοῦ</span> <span class='ocrx_word' id='word_1_858' title='bbox 1693 5103 1753 5159; x_wconf 84' lang='grc' dir='ltr'>ἐκ</span> <span class='ocrx_word' id='word_1_859' title='bbox 1789 5111 1888 5173; x_wconf 86' lang='grc' dir='ltr'>τῆς</span> <span class='ocrx_word' id='word_1_860' title='bbox 1918 5102 2094 5166; x_wconf 82' lang='grc' dir='ltr'>αἰτίας</span> 
     </span>
    </p>
   </div>
   <div class='ocr_carea' id='block_1_100' title="bbox 452 5198 2093 5278">
    <p class='ocr_par' dir='ltr' id='par_1_100' title="bbox 452 5198 2093 5278">
     <span class='ocr_line' id='line_1_101' title="bbox 452 5198 2093 5278; baseline -0.001 -21"><span class='ocrx_word' id='word_1_861' title='bbox 452 5202 514 5257; x_wconf 93' lang='grc' dir='ltr'>τὸ</span> <span class='ocrx_word' id='word_1_862' title='bbox 558 5202 653 5275; x_wconf 75' lang='grc' dir='ltr'>μὲν</span> <span class='ocrx_word' id='word_1_863' title='bbox 707 5198 902 5271; x_wconf 61' lang='grc' dir='ltr'>αἰίτιον,</span> <span class='ocrx_word' id='word_1_864' title='bbox 950 5202 1014 5257; x_wconf 88' lang='grc' dir='ltr'>τὸ</span> <span class='ocrx_word' id='word_1_865' title='bbox 1062 5200 1119 5257; x_wconf 73' lang='grc' dir='ltr'>δὲ</span> <span class='ocrx_word' id='word_1_866' title='bbox 1160 5203 1396 5259; x_wconf 88' lang='grc' dir='ltr'>αἰτιατὸν</span> <span class='ocrx_word' id='word_1_867' title='bbox 1452 5203 1650 5278; x_wconf 88' lang='grc' dir='ltr'>μόνως,</span> <span class='ocrx_word' id='word_1_868' title='bbox 1699 5206 1796 5258; x_wconf 90' lang='grc' dir='ltr'>τοῦ</span> <span class='ocrx_word' id='word_1_869' title='bbox 1825 5201 2002 5257; x_wconf 78' lang='grc' dir='ltr'>αἰτίου</span> <span class='ocrx_word' id='word_1_870' title='bbox 2029 5201 2093 5256; x_wconf 91' lang='grc' dir='ltr'>τὸ</span> 
     </span>
    </p>
   </div>
   <div class='ocr_carea' id='block_1_101' title="bbox 455 5286 2091 5367">
    <p class='ocr_par' dir='ltr' id='par_1_101' title="bbox 455 5286 2091 5367">
     <span class='ocr_line' id='line_1_102' title="bbox 455 5286 2091 5367; baseline -0.001 -21"><span class='ocrx_word' id='word_1_871' title='bbox 455 5292 549 5364; x_wconf 71' lang='grc' dir='ltr'>μὲν</span> <span class='ocrx_word' id='word_1_872' title='bbox 604 5286 837 5367; x_wconf 76' lang='grc' dir='ltr'>ἄναρχον</span> <span class='ocrx_word' id='word_1_873' title='bbox 889 5289 980 5346; x_wconf 86' lang='grc' dir='ltr'>καὶ</span> <span class='ocrx_word' id='word_1_874' title='bbox 1038 5291 1345 5367; x_wconf 85' lang='grc' dir='ltr'>ἀγέννητον,</span> <span class='ocrx_word' id='word_1_875' title='bbox 1399 5293 1462 5348; x_wconf 92' lang='grc' dir='ltr'>τὸ</span> <span class='ocrx_word' id='word_1_876' title='bbox 1516 5290 1574 5347; x_wconf 73' lang='grc' dir='ltr'>δὲ</span> <span class='ocrx_word' id='word_1_877' title='bbox 1632 5291 1691 5347; x_wconf 90' lang='lat' dir='ltr'>Ex</span> <span class='ocrx_word' id='word_1_878' title='bbox 1726 5295 1823 5346; x_wconf 89' lang='grc' dir='ltr'>τοῦ</span> <span class='ocrx_word' id='word_1_879' title='bbox 1853 5290 2091 5366; x_wconf 72' lang='grc' dir='ltr'>ἀνάρχου</span> 
     </span>
    </p>
   </div>
   <div class='ocr_carea' id='block_1_102' title="bbox 452 5377 2091 5458">
    <p class='ocr_par' dir='ltr' id='par_1_102' title="bbox 452 5377 2091 5458">
     <span class='ocr_line' id='line_1_103' title="bbox 452 5377 2091 5458; baseline -0.001 -22"><span class='ocrx_word' id='word_1_880' title='bbox 452 5381 543 5436; x_wconf 84' lang='grc' dir='ltr'>καὶ</span> <span class='ocrx_word' id='word_1_881' title='bbox 600 5379 935 5457; x_wconf 85' lang='grc' dir='ltr'>ἀγεννήτου;</span> <span class='ocrx_word' id='word_1_882' title='bbox 981 5381 1186 5443; x_wconf 88' lang='grc' dir='ltr'>Ὄντως</span> <span class='ocrx_word' id='word_1_883' title='bbox 1255 5382 1390 5458; x_wconf 86' lang='grc' dir='ltr'>μέγα</span> <span class='ocrx_word' id='word_1_884' title='bbox 1444 5382 1510 5451; x_wconf 79' lang='grc' dir='ltr'>ῆν</span> <span class='ocrx_word' id='word_1_885' title='bbox 1567 5381 1658 5436; x_wconf 87' lang='grc' dir='ltr'>καὶ</span> <span class='ocrx_word' id='word_1_886' title='bbox 1727 5377 1957 5457; x_wconf 89' lang='grc' dir='ltr'>ἐργῶδες</span> <span class='ocrx_word' id='word_1_887' title='bbox 2029 5380 2091 5435; x_wconf 89' lang='grc' dir='ltr'>τὸ</span> 
     </span>
    </p>
   </div>
   <div class='ocr_carea' id='block_1_103' title="bbox 453 5467 2093 5546">
    <p class='ocr_par' dir='ltr' id='par_1_103' title="bbox 453 5467 2093 5546">
     <span class='ocr_line' id='line_1_104' title="bbox 453 5467 2093 5546; baseline -0.001 -21"><span class='ocrx_word' id='word_1_888' title='bbox 453 5476 701 5546; x_wconf 79' lang='grc' dir='ltr'>πρᾶγμα,</span> <span class='ocrx_word' id='word_1_889' title='bbox 732 5467 824 5524; x_wconf 74' lang='grc' dir='ltr'>καί</span> <span class='ocrx_word' id='word_1_890' title='bbox 894 5467 1070 5531; x_wconf 82' lang='grc' dir='ltr'>πολὺς</span> <span class='ocrx_word' id='word_1_891' title='bbox 1142 5469 1303 5532; x_wconf 88' lang='grc' dir='ltr'>πόνος</span> <span class='ocrx_word' id='word_1_892' title='bbox 1352 5475 1429 5542; x_wconf 81' lang='grc' dir='ltr'>τῷ</span> <span class='ocrx_word' id='word_1_893' title='bbox 1475 5468 1785 5543; x_wconf 85' lang='grc' dir='ltr'>διδασκάλῳ</span> <span class='ocrx_word' id='word_1_894' title='bbox 1828 5476 1928 5538; x_wconf 86' lang='grc' dir='ltr'>τῆς</span> <span class='ocrx_word' id='word_1_895' title='bbox 1956 5468 2093 5540; x_wconf 79' lang='grc' dir='ltr'>ἁλη-</span> 
     </span>
    </p>
   </div>
   <div class='ocr_carea' id='block_1_104' title="bbox 454 5558 2086 5635">
    <p class='ocr_par' dir='ltr' id='par_1_104' title="bbox 454 5558 2086 5635">
     <span class='ocr_line' id='line_1_105' title="bbox 454 5558 2086 5635; baseline -0.001 -22"><span class='ocrx_word' id='word_1_896' title='bbox 454 5560 597 5625; x_wconf 87' lang='grc' dir='ltr'>θείας</span> <span class='ocrx_word' id='word_1_897' title='bbox 645 5559 872 5632; x_wconf 84' lang='grc' dir='ltr'>ἀμεῖψαι</span> <span class='ocrx_word' id='word_1_898' title='bbox 919 5558 1008 5612; x_wconf 81' lang='grc' dir='ltr'>καὶ</span> <span class='ocrx_word' id='word_1_899' title='bbox 1056 5560 1377 5631; x_wconf 88' lang='grc' dir='ltr'>μεταθεῖναι,</span> <span class='ocrx_word' id='word_1_900' title='bbox 1429 5560 1462 5627; x_wconf 74' lang='grc' dir='ltr'>ἢ</span> <span class='ocrx_word' id='word_1_901' title='bbox 1513 5559 1601 5613; x_wconf 83' lang='grc' dir='ltr'>καὶ</span> <span class='ocrx_word' id='word_1_902' title='bbox 1644 5561 1951 5635; x_wconf 87' lang='grc' dir='ltr'>προσθεῖναι</span> <span class='ocrx_word' id='word_1_903' title='bbox 1981 5562 2086 5612; x_wconf 90' lang='grc' dir='ltr'>τῶν</span> 
     </span>
    </p>
   </div>
   <div class='ocr_carea' id='block_1_105' title="bbox 453 5643 2089 5723">
    <p class='ocr_par' dir='ltr' id='par_1_105' title="bbox 453 5643 2089 5723">
     <span class='ocr_line' id='line_1_106' title="bbox 453 5643 2089 5723; baseline -0.001 -20"><span class='ocrx_word' id='word_1_904' title='bbox 453 5643 766 5705; x_wconf 77' lang='grc' dir='ltr'>συλλαϐῶν.</span> <span class='ocrx_word' id='word_1_905' title='bbox 801 5646 920 5723; x_wconf 86' lang='grc' dir='ltr'>Ούχ</span> <span class='ocrx_word' id='word_1_906' title='bbox 967 5647 1095 5723; x_wconf 84' lang='grc' dir='ltr'>ὁρᾷς</span> <span class='ocrx_word' id='word_1_907' title='bbox 1141 5647 1214 5710; x_wconf 84' lang='grc' dir='ltr'>ὡς</span> <span class='ocrx_word' id='word_1_908' title='bbox 1244 5652 1323 5718; x_wconf 81' lang='grc' dir='ltr'>τῷ</span> <span class='ocrx_word' id='word_1_909' title='bbox 1351 5647 1574 5718; x_wconf 86' lang='grc' dir='ltr'>αἰτιατῷ</span> <span class='ocrx_word' id='word_1_910' title='bbox 1605 5648 1753 5720; x_wconf 85' lang='grc' dir='ltr'>μόνῳ</span> <span class='ocrx_word' id='word_1_911' title='bbox 1784 5645 2089 5702; x_wconf 78' lang='grc' dir='ltr'>διαστέΛλει</span> 
     </span>
    </p>
   </div>
   <div class='ocr_carea' id='block_1_106' title="bbox 452 5734 2086 5811">
    <p class='ocr_par' dir='ltr' id='par_1_106' title="bbox 452 5734 2086 5811">
     <span class='ocr_line' id='line_1_107' title="bbox 452 5734 2086 5811; baseline -0.002 -17"><span class='ocrx_word' id='word_1_912' title='bbox 452 5739 544 5794; x_wconf 87' lang='grc' dir='ltr'>τὸν</span> <span class='ocrx_word' id='word_1_913' title='bbox 604 5737 724 5793; x_wconf 78' lang='grc' dir='ltr'>Υἱὸν</span> <span class='ocrx_word' id='word_1_914' title='bbox 782 5740 879 5792; x_wconf 87' lang='grc' dir='ltr'>τοῦ</span> <span class='ocrx_word' id='word_1_915' title='bbox 936 5735 1170 5811; x_wconf 82' lang='grc' dir='ltr'>Πατρὸς,</span> <span class='ocrx_word' id='word_1_916' title='bbox 1228 5734 1316 5790; x_wconf 85' lang='grc' dir='ltr'>καὶ</span> <span class='ocrx_word' id='word_1_917' title='bbox 1373 5735 1623 5791; x_wconf 84' lang='grc' dir='ltr'>συνάπτεί</span> <span class='ocrx_word' id='word_1_918' title='bbox 1666 5740 1745 5807; x_wconf 76' lang='grc' dir='ltr'>τῷ</span> <span class='ocrx_word' id='word_1_919' title='bbox 1776 5736 2086 5809; x_wconf 80' lang='grc' dir='ltr'>ΙΙνεύματι;</span> 
     </span>
    </p>
   </div>
   <div class='ocr_carea' id='block_1_107' title="bbox 2200 4750 3841 4829">
    <p class='ocr_par' dir='ltr' id='par_1_107' title="bbox 2200 4750 3841 4829">
     <span class='ocr_line' id='line_1_108' title="bbox 2200 4750 3841 4829; baseline -0.001 -19"><span class='ocrx_word' id='word_1_920' title='bbox 2200 4756 2269 4810; x_wconf 84' lang='grc' dir='ltr'>τὰ</span> <span class='ocrx_word' id='word_1_921' title='bbox 2321 4752 2597 4810; x_wconf 83' lang='grc' dir='ltr'>ἀλλόκοτα</span> <span class='ocrx_word' id='word_1_922' title='bbox 2643 4751 3111 4829; x_wconf 82' lang='grc' dir='ltr'>ἀποφθεγγόμενοι</span> <span class='ocrx_word' id='word_1_923' title='bbox 3184 4750 3484 4825; x_wconf 80' lang='grc' dir='ltr'>λήμματα;</span> <span class='ocrx_word' id='word_1_924' title='bbox 3543 4754 3724 4829; x_wconf 82' lang='grc' dir='ltr'>Χωρὶς</span> <span class='ocrx_word' id='word_1_925' title='bbox 3784 4750 3841 4808; x_wconf 72' lang='grc' dir='ltr'>δὲ</span> 
     </span>
    </p>
   </div>
   <div class='ocr_carea' id='block_1_108' title="bbox 2201 4839 3846 4918">
    <p class='ocr_par' dir='ltr' id='par_1_108' title="bbox 2201 4839 3846 4918">
     <span class='ocr_line' id='line_1_109' title="bbox 2201 4839 3846 4918; baseline -0.001 -20"><span class='ocrx_word' id='word_1_926' title='bbox 2201 4842 2418 4912; x_wconf 86' lang='grc' dir='ltr'>τούτου,</span> <span class='ocrx_word' id='word_1_927' title='bbox 2479 4840 2619 4896; x_wconf 87' lang='grc' dir='ltr'>διατί</span> <span class='ocrx_word' id='word_1_928' title='bbox 2671 4839 2882 4914; x_wconf 80' lang='grc' dir='ltr'>μᾶλλον</span> <span class='ocrx_word' id='word_1_929' title='bbox 2928 4839 3058 4916; x_wconf 77' lang='grc' dir='ltr'>οὐχὶ</span> <span class='ocrx_word' id='word_1_930' title='bbox 3103 4846 3286 4918; x_wconf 83' lang='grc' dir='ltr'>γεννᾷν</span> <span class='ocrx_word' id='word_1_931' title='bbox 3333 4843 3395 4896; x_wconf 89' lang='grc' dir='ltr'>τὸ</span> <span class='ocrx_word' id='word_1_932' title='bbox 3444 4846 3670 4914; x_wconf 88' lang='grc' dir='ltr'>Πνεῦμα</span> <span class='ocrx_word' id='word_1_933' title='bbox 3704 4842 3846 4918; x_wconf 90' lang='grc' dir='ltr'>πρὸς</span> 
     </span>
    </p>
   </div>
   <div class='ocr_carea' id='block_1_109' title="bbox 2200 4925 3839 5007">
    <p class='ocr_par' dir='ltr' id='par_1_109' title="bbox 2200 4925 3839 5007">
     <span class='ocr_line' id='line_1_110' title="bbox 2200 4925 3839 5007; baseline 0 -20"><span class='ocrx_word' id='word_1_934' title='bbox 2200 4932 2295 4994; x_wconf 79' lang='grc' dir='ltr'>τὰς</span> <span class='ocrx_word' id='word_1_935' title='bbox 2348 4932 2606 5005; x_wconf 79' lang='grc' dir='ltr'>ὑμετέρας</span> <span class='ocrx_word' id='word_1_936' title='bbox 2662 4928 2960 5001; x_wconf 85' lang='grc' dir='ltr'>ὑποθέσεις,</span> <span class='ocrx_word' id='word_1_937' title='bbox 3015 4928 3161 4986; x_wconf 83' lang='grc' dir='ltr'>ἀλλὰ</span> <span class='ocrx_word' id='word_1_938' title='bbox 3206 4925 3539 5007; x_wconf 78' lang='grc' dir='ltr'>προϐάλλειν</span> <span class='ocrx_word' id='word_1_939' title='bbox 3573 4928 3839 4987; x_wconf 90' lang='grc' dir='ltr'>δικαιότε-</span> 
     </span>
    </p>
   </div>
   <div class='ocr_carea' id='block_1_110' title="bbox 2203 5018 3845 5095">
    <p class='ocr_par' dir='ltr' id='par_1_110' title="bbox 2203 5018 3845 5095">
     <span class='ocr_line' id='line_1_111' title="bbox 2203 5018 3845 5095; baseline -0.001 -19"><span class='ocrx_word' id='word_1_940' title='bbox 2203 5041 2295 5095; x_wconf 90' lang='grc' dir='ltr'>ρος</span> <span class='ocrx_word' id='word_1_941' title='bbox 2351 5022 2380 5076; x_wconf 94' lang='lat'>6</span> <span class='ocrx_word' id='word_1_942' title='bbox 2436 5021 2598 5090; x_wconf 82' lang='grc' dir='ltr'>Υἰὸς;</span> <span class='ocrx_word' id='word_1_943' title='bbox 2658 5018 2704 5074; x_wconf 91' lang='grc' dir='ltr'>εἰ</span> <span class='ocrx_word' id='word_1_944' title='bbox 2750 5019 2851 5095; x_wconf 76' lang='grc' dir='ltr'>γὰρ</span> <span class='ocrx_word' id='word_1_945' title='bbox 2906 5018 3109 5094; x_wconf 87' lang='grc' dir='ltr'>κυρίως</span> <span class='ocrx_word' id='word_1_946' title='bbox 3166 5020 3313 5089; x_wconf 82' lang='grc' dir='ltr'>Υἱὸς,</span> <span class='ocrx_word' id='word_1_947' title='bbox 3372 5019 3464 5075; x_wconf 82' lang='grc' dir='ltr'>καὶ</span> <span class='ocrx_word' id='word_1_948' title='bbox 3528 5019 3692 5093; x_wconf 85' lang='grc' dir='ltr'>μόνος</span> <span class='ocrx_word' id='word_1_949' title='bbox 3720 5020 3845 5083; x_wconf 78' lang='grc' dir='ltr'>Υἱὸς</span> 
     </span>
    </p>
   </div>
   <div class='ocr_carea' id='block_1_111' title="bbox 2202 5106 3843 5189">
    <p class='ocr_par' dir='ltr' id='par_1_111' title="bbox 2202 5106 3843 5189">
     <span class='ocr_line' id='line_1_112' title="bbox 2202 5106 3843 5189; baseline 0 -23"><span class='ocrx_word' id='word_1_950' title='bbox 2202 5109 2263 5166; x_wconf 84' lang='grc' dir='ltr'>ἐκ</span> <span class='ocrx_word' id='word_1_951' title='bbox 2314 5113 2412 5165; x_wconf 85' lang='grc' dir='ltr'>τοῦ</span> <span class='ocrx_word' id='word_1_952' title='bbox 2471 5108 2704 5184; x_wconf 85' lang='grc' dir='ltr'>Πατρός·</span> <span class='ocrx_word' id='word_1_953' title='bbox 2758 5110 2909 5163; x_wconf 90' lang='grc' dir='ltr'>’Έστι</span> <span class='ocrx_word' id='word_1_954' title='bbox 2967 5107 3091 5184; x_wconf 71' lang='grc' dir='ltr'>γὰρ,</span> <span class='ocrx_word' id='word_1_955' title='bbox 3144 5106 3256 5164; x_wconf 69' lang='grc' dir='ltr'>ἔστι</span> <span class='ocrx_word' id='word_1_956' title='bbox 3315 5107 3371 5164; x_wconf 70' lang='grc' dir='ltr'>δὲ</span> <span class='ocrx_word' id='word_1_957' title='bbox 3408 5108 3750 5189; x_wconf 74' lang='grc' dir='ltr'>κατὰφύσιν,</span> <span class='ocrx_word' id='word_1_958' title='bbox 3781 5111 3843 5166; x_wconf 92' lang='grc' dir='ltr'>τὸ</span> 
     </span>
    </p>
   </div>
   <div class='ocr_carea' id='block_1_112' title="bbox 2204 5194 3841 5276">
    <p class='ocr_par' dir='ltr' id='par_1_112' title="bbox 2204 5194 3841 5276">
     <span class='ocr_line' id='line_1_113' title="bbox 2204 5194 3841 5276; baseline 0 -22"><span class='ocrx_word' id='word_1_959' title='bbox 2204 5196 2677 5275; x_wconf 25' lang='grc' dir='ltr'>ὑμέτερονιλέγω,</span> <span class='ocrx_word' id='word_1_960' title='bbox 2718 5197 2902 5274; x_wconf 73' lang='grc' dir='ltr'>ἐτέρας</span> <span class='ocrx_word' id='word_1_961' title='bbox 2950 5196 3293 5261; x_wconf 87' lang='grc' dir='ltr'>ὑποστάσεως</span> <span class='ocrx_word' id='word_1_962' title='bbox 3332 5194 3526 5261; x_wconf 58' lang='grc' dir='ltr'>αἴτιος.</span> <span class='ocrx_word' id='word_1_963' title='bbox 3574 5198 3635 5253; x_wconf 88' lang='grc' dir='ltr'>Τί</span> <span class='ocrx_word' id='word_1_964' title='bbox 3665 5196 3841 5276; x_wconf 89' lang='grc' dir='ltr'>λέγεις</span> 
     </span>
    </p>
   </div>
   <div class='ocr_carea' id='block_1_113' title="bbox 2202 5282 3838 5362">
    <p class='ocr_par' dir='ltr' id='par_1_113' title="bbox 2202 5282 3838 5362">
     <span class='ocr_line' id='line_1_114' title="bbox 2202 5282 3838 5362; baseline -0.002 -18"><span class='ocrx_word' id='word_1_965' title='bbox 2202 5288 2263 5344; x_wconf 87' lang='grc' dir='ltr'>ού</span> <span class='ocrx_word' id='word_1_966' title='bbox 2293 5285 2438 5344; x_wconf 81' lang='grc' dir='ltr'>πολὺ</span> <span class='ocrx_word' id='word_1_967' title='bbox 2491 5285 2703 5360; x_wconf 77' lang='grc' dir='ltr'>μᾶλλον</span> <span class='ocrx_word' id='word_1_968' title='bbox 2758 5287 2894 5362; x_wconf 91' lang='grc' dir='ltr'>πρὸς</span> <span class='ocrx_word' id='word_1_969' title='bbox 2934 5284 3123 5362; x_wconf 88' lang='grc' dir='ltr'>λόγον,</span> <span class='ocrx_word' id='word_1_970' title='bbox 3156 5286 3229 5348; x_wconf 83' lang='grc' dir='ltr'>ὡς</span> <span class='ocrx_word' id='word_1_971' title='bbox 3260 5282 3431 5349; x_wconf 65' lang='grc' dir='ltr'>αἴτιος</span> <span class='ocrx_word' id='word_1_972' title='bbox 3463 5287 3491 5341; x_wconf 92' lang='lat'>6</span> <span class='ocrx_word' id='word_1_973' title='bbox 3523 5287 3712 5360; x_wconf 77' lang='grc' dir='ltr'>Πατὴρ</span> <span class='ocrx_word' id='word_1_974' title='bbox 3740 5292 3838 5342; x_wconf 89' lang='grc' dir='ltr'>τοῦ</span> 
     </span>
    </p>
   </div>
   <div class='ocr_carea' id='block_1_114' title="bbox 2206 5372 3843 5433">
    <p class='ocr_par' dir='ltr' id='par_1_114' title="bbox 2206 5372 3843 5433">
     <span class='ocr_line' id='line_1_115' title="bbox 2206 5372 3843 5433; baseline -0.001 -1"><span class='ocrx_word' id='word_1_975' title='bbox 2206 5378 2335 5433; x_wconf 72' lang='grc' dir='ltr'>Υἱοῦ</span> <span class='ocrx_word' id='word_1_976' title='bbox 2392 5375 2534 5432; x_wconf 73' lang='grc' dir='ltr'>οὓτω</span> <span class='ocrx_word' id='word_1_977' title='bbox 2591 5397 2698 5430; x_wconf 92' lang='grc' dir='ltr'>που</span> <span class='ocrx_word' id='word_1_978' title='bbox 2754 5376 2845 5429; x_wconf 84' lang='grc' dir='ltr'>καὶ</span> <span class='ocrx_word' id='word_1_979' title='bbox 2900 5374 2993 5430; x_wconf 91' lang='grc' dir='ltr'>τὸν</span> <span class='ocrx_word' id='word_1_980' title='bbox 3023 5375 3144 5431; x_wconf 80' lang='grc' dir='ltr'>Υίὸν</span> <span class='ocrx_word' id='word_1_981' title='bbox 3179 5372 3348 5429; x_wconf 63' lang='grc' dir='ltr'>αἷίτιον</span> <span class='ocrx_word' id='word_1_982' title='bbox 3382 5377 3515 5430; x_wconf 84' lang='grc' dir='ltr'>εἶναι</span> <span class='ocrx_word' id='word_1_983' title='bbox 3544 5379 3642 5431; x_wconf 90' lang='grc' dir='ltr'>τοῦ</span> <span class='ocrx_word' id='word_1_984' title='bbox 3675 5375 3843 5433; x_wconf 81' lang='grc' dir='ltr'>ΙΙνεύ-</span> 
     </span>
    </p>
   </div>
   <div class='ocr_carea' id='block_1_115' title="bbox 2204 5462 3839 5541">
    <p class='ocr_par' dir='ltr' id='par_1_115' title="bbox 2204 5462 3839 5541">
     <span class='ocr_line' id='line_1_116' title="bbox 2204 5462 3839 5541; baseline -0.002 -19"><span class='ocrx_word' id='word_1_985' title='bbox 2204 5487 2394 5541; x_wconf 89' lang='grc' dir='ltr'>ματος,</span> <span class='ocrx_word' id='word_1_986' title='bbox 2447 5465 2536 5520; x_wconf 80' lang='grc' dir='ltr'>καὶ</span> <span class='ocrx_word' id='word_1_987' title='bbox 2592 5464 2670 5527; x_wconf 85' lang='grc' dir='ltr'>ὡς</span> <span class='ocrx_word' id='word_1_988' title='bbox 2715 5462 2875 5526; x_wconf 83' lang='grc' dir='ltr'>αὐτὸς</span> <span class='ocrx_word' id='word_1_989' title='bbox 2922 5462 3185 5534; x_wconf 90' lang='grc' dir='ltr'>αἰτιατὸς,</span> <span class='ocrx_word' id='word_1_990' title='bbox 3217 5463 3307 5518; x_wconf 87' lang='grc' dir='ltr'>καὶ</span> <span class='ocrx_word' id='word_1_991' title='bbox 3337 5464 3399 5519; x_wconf 90' lang='grc' dir='ltr'>τὸ</span> <span class='ocrx_word' id='word_1_992' title='bbox 3449 5464 3499 5535; x_wconf 77' lang='grc' dir='ltr'><strong>ἐξ</strong></span> <span class='ocrx_word' id='word_1_993' title='bbox 3545 5463 3709 5519; x_wconf 81' lang='grc' dir='ltr'>αύτυῦ</span> <span class='ocrx_word' id='word_1_994' title='bbox 3755 5465 3839 5520; x_wconf 76' lang='grc' dir='ltr'>αἲ-</span> 
     </span>
    </p>
   </div>
   <div class='ocr_carea' id='block_1_116' title="bbox 2196 5548 3834 5629">
    <p class='ocr_par' dir='ltr' id='par_1_116' title="bbox 2196 5548 3834 5629">
     <span class='ocr_line' id='line_1_117' title="bbox 2196 5548 3834 5629; baseline -0.001 -19"><span class='ocrx_word' id='word_1_995' title='bbox 2196 5555 2413 5623; x_wconf 89' lang='grc' dir='ltr'>τιατόν;</span> <span class='ocrx_word' id='word_1_996' title='bbox 2474 5551 2556 5607; x_wconf 88' lang='grc' dir='ltr'>δεῖ</span> <span class='ocrx_word' id='word_1_997' title='bbox 2601 5554 2705 5629; x_wconf 71' lang='grc' dir='ltr'>γὰρ</span> <span class='ocrx_word' id='word_1_998' title='bbox 2749 5551 2907 5607; x_wconf 70' lang='grc' dir='ltr'>αὑτὸν</span> <span class='ocrx_word' id='word_1_999' title='bbox 2955 5548 3125 5607; x_wconf 75' lang='grc' dir='ltr'>αἶ’τιον</span> <span class='ocrx_word' id='word_1_1000' title='bbox 3177 5548 3306 5607; x_wconf 78' lang='grc' dir='ltr'>ὄντα</span> <span class='ocrx_word' id='word_1_1001' title='bbox 3333 5553 3422 5608; x_wconf 88' lang='grc' dir='ltr'>καὶ</span> <span class='ocrx_word' id='word_1_1002' title='bbox 3449 5553 3687 5609; x_wconf 87' lang='grc' dir='ltr'>αἰτιατὸν</span> <span class='ocrx_word' id='word_1_1003' title='bbox 3716 5556 3834 5610; x_wconf 86' lang='grc' dir='ltr'>καθ’</span> 
     </span>
    </p>
   </div>
   <div class='ocr_carea' id='block_1_117' title="bbox 2202 5640 3836 5717">
    <p class='ocr_par' dir='ltr' id='par_1_117' title="bbox 2202 5640 3836 5717">
     <span class='ocr_line' id='line_1_118' title="bbox 2202 5640 3836 5717; baseline 0 -18"><span class='ocrx_word' id='word_1_1004' title='bbox 2202 5646 2339 5717; x_wconf 79' lang='grc' dir='ltr'>ὑμᾶς</span> <span class='ocrx_word' id='word_1_1005' title='bbox 2367 5661 2381 5676; x_wconf 80' lang='grc'><strong><em>⁸</em></strong></span> <span class='ocrx_word' id='word_1_1006' title='bbox 2441 5640 2611 5698; x_wconf 58' lang='grc' dir='ltr'>αἴτιον</span> <span class='ocrx_word' id='word_1_1007' title='bbox 2666 5643 2779 5714; x_wconf 76' lang='grc' dir='ltr'>μὲν,</span> <span class='ocrx_word' id='word_1_1008' title='bbox 2828 5642 2900 5703; x_wconf 84' lang='grc' dir='ltr'>ὡς</span> <span class='ocrx_word' id='word_1_1009' title='bbox 2933 5641 2960 5695; x_wconf 86' lang='grc' dir='ltr'>ὁ</span> <span class='ocrx_word' id='word_1_1010' title='bbox 2990 5640 3164 5704; x_wconf 79' lang='grc' dir='ltr'>αἶ’τιος</span> <span class='ocrx_word' id='word_1_1011' title='bbox 3193 5643 3310 5698; x_wconf 81' lang='grc' dir='ltr'>ὃθεν</span> <span class='ocrx_word' id='word_1_1012' title='bbox 3343 5640 3483 5698; x_wconf 80' lang='grc' dir='ltr'>ἔστιν</span> <span class='ocrx_word' id='word_1_1013' title='bbox 3510 5642 3643 5698; x_wconf 86' lang='grc' dir='ltr'>εἶναι</span> <span class='ocrx_word' id='word_1_1014' title='bbox 3677 5662 3691 5676; x_wconf 92' lang='grc'><strong>·</strong></span> <span class='ocrx_word' id='word_1_1015' title='bbox 3716 5642 3749 5700; x_wconf 78' lang='lat'>6&#39;</span> <span class='ocrx_word' id='word_1_1016' title='bbox 3777 5641 3836 5699; x_wconf 74' lang='grc' dir='ltr'>δὶ</span> 
     </span>
    </p>
   </div>
   <div class='ocr_carea' id='block_1_118' title="bbox 2198 5730 3835 5810">
    <p class='ocr_par' dir='ltr' id='par_1_118' title="bbox 2198 5730 3835 5810">
     <span class='ocr_line' id='line_1_119' title="bbox 2198 5730 3835 5810; baseline 0 -21"><span class='ocrx_word' id='word_1_1017' title='bbox 2198 5733 2257 5789; x_wconf 85' lang='grc' dir='ltr'>ἐκ</span> <span class='ocrx_word' id='word_1_1018' title='bbox 2305 5733 2504 5789; x_wconf 89' lang='grc' dir='ltr'>τούτου</span> <span class='ocrx_word' id='word_1_1019' title='bbox 2561 5730 2821 5801; x_wconf 87' lang='grc' dir='ltr'>αἰτιατὸν,</span> <span class='ocrx_word' id='word_1_1020' title='bbox 2881 5737 2994 5785; x_wconf 73' lang='grc' dir='ltr'>κατ’</span> <span class='ocrx_word' id='word_1_1021' title='bbox 3056 5730 3211 5787; x_wconf 83' lang='grc' dir='ltr'>αὑτὸν</span> <span class='ocrx_word' id='word_1_1022' title='bbox 3270 5730 3531 5791; x_wconf 80' lang='grc' dir='ltr'>αἰτιατόν.</span> <span class='ocrx_word' id='word_1_1023' title='bbox 3582 5731 3776 5810; x_wconf 76' lang='grc' dir='ltr'>Εἰγᾶρ</span> <span class='ocrx_word' id='word_1_1024' title='bbox 3807 5734 3835 5789; x_wconf 92' lang='lat'>6</span> 
     </span>
    </p>
   </div>
  </div>
