4118 6444
295 416 407 479 281

1275 417 1380 479 DE
1422 416 1962 480 PROGESSIONE
2003 416 2363 483 SPIRITUS
2407 415 2715 481 SANCTI.

3576 407 3695 471 282

296 554 500 622 Πατήρ,
533 545 624 602 καὶ
670 544 875 624 κυρίως
919 547 1106 624 Πατήρ
1169 548 1259 602 καὶ
1330 542 1660 623 προϐολεὸς,
1711 547 1772 604 οὐ
1838 550 1939 625 γὰρ
1967 555 2024 622 Α
2051 569 2155 603 νων
2186 548 2275 604 καὶ
2313 548 2380 604 10‘:
2411 548 2643 623 ὑμέτερα
2670 550 2768 602 τοῦ
2800 544 3122 619 Πνεύματος
3173 539 3318 598 αἷίτια
3347 542 3424 605 εἰς
3470 540 3527 597 ἓν
3573 560 3695 596 συν-

293 638 560 716 ἀφέξομαι
604 634 879 699 πολλάκις
927 636 979 690 ἐν
1025 636 1240 699 τούτοις
1291 636 1675 715 στρεφόμενος·
1711 636 1760 693 εἴ
1806 641 1934 713 γοῦν

292 726 431 782 ἔστιν
464 726 768 803 ἀμᾳότερα,
799 725 890 780 καὶ
933 725 1158 801 κυρίως.
1190 728 1260 795 ᾝ
1306 723 1364 781 δὲ
1407 727 1589 803 πατὴρ
1639 725 1935 801 ἐγέννησεν,

292 815 400 892 οὐχ
534 812 593 869 δὲ
651 809 985 890 προϐολεὺς,
1034 814 1123 869 καὶ
1190 811 1312 870 οὔτε
1374 816 1437 871 τὸ
1502 816 1748 891 γέννημα
1804 817 1941 871 κατὰ

290 899 628 980 πρόϐλησιν,
660 901 785 958 οὔτε
830 904 892 959 τὸ
937 898 1240 980 πρόϐλημα
1286 906 1421 961 κατά
1467 904 1731 980 γέννησιν.
1761 909 1848 977 Τῷ
1887 905 1941 980 γ’

291 993 351 1049 ἐκ
398 998 499 1049 τοῦ
548 995 760 1068 Πατρὸς
813 991 1120 1069 γεννηθέντι
1170 989 1319 1069 εἷ’περ
1364 991 1532 1050 αἶ’τιον
1584 991 1746 1057 δίδως
1805 992 1941 1048 κατὰ

293 1082 447 1161 φύσιν
501 1082 637 1137 εἶναι
685 1087 783 1137 τοῦ
833 1082 1163 1155 Πνεύματος,
1215 1081 1277 1137 οὐ
1329 1080 1567 1155 μᾶλλον’
1608 1082 1669 1138 ἂν
1713 1081 1935 1159 πρέπειν

288 1173 424 1227 κατά
467 1171 719 1247 γέννησιν
766 1171 902 1226 εἶναι
931 1171 967 1240 ἢ
1012 1171 1145 1226 κατὰ
1190 1166 1516 1247 πρόϐλησιν.
1553 1171 1617 1227 Εἰ
1676 1168 1733 1227 δὲ
1778 1175 1939 1226 τοῦτο

295 1262 369 1335 μή
399 1267 710 1336 συγχωρεῖς
751 1260 809 1315 εὗ
853 1264 1048 1332 ποιῶν,
1081 1257 1249 1323 δεδὼς
1302 1263 1378 1334 μὴ
1436 1261 1523 1316 ἐπὶ
1569 1267 1669 1331 τῆς
1713 1257 1942 1338 Τριάδος

290 1348 341 1405 ὃν
473 1351 664 1426 Πατὴρ
715 1351 796 1411 εἷς
841 1349 930 1403 καὶ
976 1348 1201 1425 κυρίως,
1231 1348 1318 1405 καί
1368 1351 1491 1413 Υἱὸς
1550 1351 1626 1412 εἷς
1675 1349 1765 1405 καὶ
1840 1370 1943 1404 κυ-

292 1439 447 1515 ρίως,
487 1438 640 1501 υἱοὺς
690 1437 744 1508 ἐξ
794 1439 949 1510 υἱῶν,
991 1438 1082 1492 καὶ
1129 1438 1363 1514 πατέρας
1410 1436 1469 1493 ἐκ
1514 1438 1759 1515 πατέρων
1794 1436 1942 1492 εἱσά-

292 1548 406 1603 γεις
449 1527 520 1581 τά
568 1526 925 1602 γνωρίσματα
968 1532 1070 1595 τῆς
1122 1525 1269 1581 κάτω
1312 1529 1631 1602 γεννήσεως,
1662 1525 1716 1582 τί
1748 1527 1776 1582 ὃ
1818 1526 1942 1582 τού-

288 1637 384 1672 του
430 1613 580 1670 πολὺ
628 1614 795 1670 πλέον
849 1614 1264 1691 ἀνοικειότερον,
1315 1614 1611 1691 ὁμολογεῖν
1669 1613 1943 1692 καταδέχῃ

292 1709 513 1777 Πνεῦμα
579 1703 631 1774 ἐξ
699 1705 867 1774 Υἱοῦ;
910 1704 963 1759 τί
1010 1703 1197 1780 βούλει
1246 1705 1336 1759 καὶ
1394 1709 1510 1784 φῶς
1578 1708 1857 1781 γεννᾶσθαι
1902 1707 1939 1776 ἢ

293 1793 715 1871 ἐκπορεύεσθαι;
769 1794 842 1856 ὡς
902 1792 1073 1870 ἔγωγε
1118 1793 1218 1849 οὐκ
1264 1792 1378 1869 ἔχω
1424 1794 1477 1849 τί
1523 1794 1612 1850 καὶ
1665 1794 1938 1868 ὀνομάσω,

293 1885 376 1939 σοὶ
446 1884 740 1960 προσέχειν
810 1881 1167 1957 βουλόμενος.
1216 1887 1339 1945 Πῶς
1401 1880 1460 1938 6‘0
1530 1881 1669 1957 μηδέ
1728 1884 1939 1940 ἀκούειν

290 1973 412 2028 Υἱὸν
444 1972 497 2043 ἐξ
530 1973 660 2027 Υἱοῦ
691 1971 1044 2047 ἀνεχόμενος,
1076 1970 1129 2042 ἐξ
1165 1972 1296 2026 Υἱοῦ
1344 1976 1560 2045 Πνεῦμα
1606 1974 1944 2047 νομοθετεῖς,

294 2059 501 2134 μηδένα
550 2060 739 2136 λόγον,
777 2061 853 2133 μὴ
899 2067 1002 2130 τῆς
1049 2061 1404 2124 θεοπνεύστου
1448 2067 1689 2139 Γραφῆς,
1726 2063 1801 2136 μή
1844 2069 1944 2133 τῆς

291 2155 383 2205 τοῦ
430 2147 708 2225 δόγματος
738 2148 1088 2225 παγιότητος,
1125 2150 1202 2222 μὴ
1249 2148 1413 2205 αὐτοῦ
1459 2147 1525 2219 δὴ
1568 2155 1666 2206 τοῦ
1715 2149 1944 2227 εὐλόγου

292 2238 643 2312 ποιούμενος,
702 2237 901 2293 ὁπόταν
968 2238 1057 2292 καὶ
1127 2242 1295 2293 ταῦτα
1369 2243 1675 2312 νομοθετῶν
1757 2239 1948 2296 αὐτίκα

294 2328 473 2384 καὶτὸ
502 2329 622 2392 καθ’
654 2328 804 2401 ὑμῶν
858 2326 1190 2402 ἐπαγόμενον
1230 2330 1329 2396 τῆς
1381 2325 1645 2405 δυαρχίας
1695 2325 1948 2405 ἔγκλημα

301 2413 564 2493 βεϐαιοῖς.
600 2416 697 2472 Καὶ
748 2421 889 2490 πῶς,
935 2431 1089 2495 φησι,
1142 2411 1365 2492 βεϐαιῶ,
1420 2414 1570 2494 εἰπερ
1620 2417 1695 2480 εἰς
1740 2417 1795 2474 ἓν
1853 2419 1944 2475 τὸν

298 2507 510 2578 Πατέρα
557 2504 645 2559 καὶ
694 2505 816 2560 Υἱὸν
887 2502 1182 2580 συνάγομεν
1229 2502 1440 2573 αἶ’τιονς
1489 2505 1579 2561 καὶ
1640 2507 1745 2582 γάρ
1804 2506 1943 2561 ἐστιν

308 2594 477 2658 011:0;
527 2600 653 2671 παρ’
698 2596 836 2667 ἡμῖν
888 2594 918 2649 6
966 2595 1175 2667 Πατὴρ,
1231 2592 1342 2649 ἔστι
1388 2591 1447 2649 δὲ
1500 2594 1590 2649 καὶ
1651 2592 1870 2665 ἀληθῶς
1919 2596 1947 2650 ὁ

317 2686 439 2748 Υἱὸς
493 2689 591 2739 τοῦ
641 2682 979 2757 Πνεύματος,
1030 2681 1156 2738 ἀλλ’
1212 2684 1285 2745 εἷς
1343 2680 1514 2746 αἴτιος
1565 2683 1655 2738 καὶ
1713 2684 1774 2739 οὐ
1829 2682 1945 2743 δύο.

306 2775 489 2829 Καίτοι
520 2778 684 2829 τοῦτο
732 2773 807 2834 ὡς
854 2772 1038 2835 καλῶς
1068 2768 1195 2848 ἔχον
1241 2771 1373 2844 ἐστὶ,
1406 2771 1703 2850 σαφέστατα
1750 2773 1809 2828 ἂν
1858 2774 1949 2829 καὶ

305 2863 519 2940 βραχὺς
569 2858 870 2932 ἀποδείξειε
919 2860 1099 2935 λόγος.
1146 2860 1495 2936 Δημιουργός
1566 2860 1675 2916 ἐστί
1736 2883 1796 2917 τε
1858 2861 1950 2917 καὶ

302 2952 516 3029 λέγεται
570 2953 599 3006 ὁ
648 2953 862 3026 Πατήρ.
895 2951 1240 3026 Δημιουργὸς
1286 2950 1377 3004 καὶ
1424 2952 1452 3005 6
1500 2949 1646 3018 Υἱὸς,
1687 2949 1739 3021 ἐξ
1786 2949 1948 3006 αὐτοῦ

300 3043 405 3117 γὰρ
437 3041 528 3096 καὶ
560 3038 630 3095 δι’
659 3039 823 3095 αὐτοῦ
870 3038 938 3094 τά
983 3039 1156 3093 πάντα
1199 3037 1431 3114 ἐγένετο.
1464 3040 1811 3115 Δημιουργὸς
1859 3039 1949 3094 καὶ

304 3128 665 3207 δημιουργὸς,
724 3126 855 3184 ἀλλ’
894 3130 971 3190 εἷς
1039 3126 1400 3202 δημιουργός.
1449 3127 1617 3183 Τοῦτό
1682 3149 1815 3207 φησι
1858 3128 1948 3183 καὶ

304 3218 393 3275 ἐπὶ
435 3223 532 3273 τοῦ
598 3216 796 3290 αἰτίου,
849 3216 940 3272 καὶ
1008 3216 1218 3292 Ματρὸς
1265 3214 1355 3271 καὶ
1418 3215 1544 3271 Υῖοῦ
1609 3216 1948 3291 μεταγαγὼν,

300 3306 484 3371 καλῶς
535 3310 698 3380 ἡμῶν
746 3308 809 3361 τὸ
858 3305 915 3360 ἓν
966 3303 1135 3360 αἷιτιον
1179 3304 1269 3360 καὶ
1305 3305 1405 3374 τὴν
1442 3304 1739 3380 μοναρχίαν
1787 3306 1948 3382 εὑρή-

298 3418 426 3460 σεις.
460 3396 630 3452 Αὐτοὶ
665 3395 759 3469 μὲν
791 3393 882 3450 οὖν
912 3398 1098 3450 ταῦτα.

370 3522 516 3595 Πρὸς
571 3517 628 3575 δὲ
672 3523 839 3575 ταῦτα
891 3516 1060 3580 ἄλλος
1115 3517 1209 3591 μὲν
1259 3514 1319 3572 ἄν
1362 3537 1446 3580 τις
1495 3514 1625 3580 ἴσως
1664 3515 1792 3593 ἔσχε
1822 3520 1946 3594 σιγῇ

298 3610 469 3687 βύσας
499 3609 590 3664 καὶ
637 3609 705 3662 τὰ
749 3609 882 3678 ὦτα,
920 3608 994 3680 μή
1045 3605 1263 3679 θεμιτὸν
1317 3605 1504 3682 κρίνας
1548 3608 1683 3682 πρὸς
1732 3603 1945 3681 ἄνδρας,

297 3700 350 3755 οἳ
376 3701 480 3767 τήν
533 3702 632 3753 τοῦ
678 3700 913 3767 ποιητοῦ
963 3702 1062 3764 τῆς
1106 3695 1332 3757 κτίσεως
1381 3694 1602 3770 ὕπαρξιν
1636 3695 1753 3759 καθ’
1784 3695 1951 3767 ὁμοι-

296 3789 471 3859 ότητα
495 3791 605 3842 τῶν
631 3784 959 3858 ποιημάτων
1016 3781 1475 3860 τροπολογοῦσιν,
1506 3784 1544 3853 ἢ
1576 3781 1733 3838 αὐτὸν
1785 3782 1947 3861 φθέγ-

290 3880 500 3953 γεσθαι,
554 3874 591 3945 ἢ
650 3873 1057 3952 φθεγγομένους
1103 3871 1338 3930 ἀκούειν.
1391 3870 1545 3941 Πλὴν
1599 3869 1691 3926 *ίνα
1742 3874 1816 3946 μή
1864 3893 1946 3935 τις

292 3966 458 4042 ἰσχὺν
487 3968 587 4020 τοῦ
613 3965 730 4018 κατ’
760 3960 956 4024 αὐτοὺς
1005 3960 1173 4037 λόγου
1220 3962 1321 4031 τὴν
1368 3962 1523 4037 σιγήν
1552 3958 1747 4034 οἷόιτο,
1780 3962 1944 4039 φημὶ,

294 4056 486 4129 ῥητέον
538 4051 673 4107 εἶναί
709 4072 764 4105 τι
811 4052 900 4106 καί
939 4050 1073 4125 πρὸς
1120 4054 1301 4106 τοῦτο.
1348 4050 1652 4126 Παράγεται
1705 4050 1800 4122 μὲν
1853 4049 1945 4104 οῦν

289 4146 474 4200 ὁτιοῦν
522 4146 632 4196 τῶν
681 4139 987 4217 γινομένων
1032 4138 1091 4194 ἐκ
1136 4137 1351 4214 Πατρὸς
1402 4136 1471 4193 δι’
1502 4139 1628 4193 Υἱοῦ
1676 4138 1727 4193 ἐν
1778 4136 1945 4193 ΙΙνεύ-

293 4254 446 4306 ματι,
478 4230 570 4287 καὶ
619 4229 744 4304 μίαν
797 4225 1202 4304 δημιουργικὴν
1250 4231 1354 4281 τῶν
1404 4221 1572 4282 ὄντων
1626 4228 1804 4303 ἀρχὴν
1852 4248 1943 4282 πι-

289 4322 574 4394 στεύομεν,
605 4319 757 4393 ὅμως
803 4318 893 4373 καὶ
940 4318 1031 4372 τὸν
1088 4316 1302 4391 Πατέρα
1365 4317 1537 4394 φαμὲν
1609 4313 1941 4393 δημιουργὸν

452 4409 479 4427 ν
980 4406 995 4425 κ
1131 4406 1145 4422 \
1251 4404 1265 4426 (
1364 4403 1377 4425 Ι
1641 4404 1654 4423 \
1752 4404 1764 4424 ’
1813 4406 1828 4425 κ
1916 4406 1931 4424 \

288 4413 380 4467 καὶ
413 4431 586 4466 αιτιον
617 4408 772 4478 εἶναι,
802 4406 893 4462 καὶ
939 4427 1032 4461 τον
1063 4406 1182 4461 Υἱον
1235 4426 1517 4474 ωσαυτως,
1568 4426 1658 4460 και
1706 4427 1836 4461 αυτο
1873 4403 1939 4476 δη

290 4502 353 4556 τὸ
400 4505 641 4573 Πνεῦμα,
684 4500 783 4567 τῆς
853 4502 1075 4574 Γραφῆς
1135 4496 1283 4567 ἡμᾶς
1336 4494 1473 4549 πάνυ
1516 4494 1699 4557 καλῶς
1746 4494 1836 4550 καὶ
1885 4493 1940 4549 ἓν

288 4588 513 4646 ἕκαστον
599 4585 938 4661 δημιουργὸν
1034 4582 1416 4656 διδασκούσης,
1464 4584 1553 4638 καὶ
1608 4580 1779 4640 αἴτιον
1831 4589 1939 4641 τῶν

2048 640 2369 713 αχθήσεται.
2428 639 2632 713 Ἐχρῆν
2708 637 2813 712 γὰρ
2891 634 3017 708 πρὶν
3079 634 3115 704 ἢ
3189 635 3520 710 συναγαγεῖν,
3600 629 3692 686 καὶ

2048 724 2129 781 6'1:
2187 728 2307 782 καθ’
2364 725 2522 782 αὐτὸν
2582 727 2611 781 ὁ
2668 724 2789 780 Υἱὸς
2858 718 3032 785 αἷιτιος
3108 719 3321 799 λέγεται
3397 716 3686 788 δεικνύναι,

2051 816 2324 892 μάρτυρας
2392 815 2760 887 ποιησάμενον
2820 813 2855 883 ἢ
2905 810 3031 874 τοὺς
3099 809 3299 872 πάντας
3365 808 3687 886 ἀνθρώπων,

2046 904 2082 974 ἢ
2106 909 2213 959 τῶν
2244 903 2458 960 πάντων
2487 904 2658 966 τινάς.
2690 899 2844 959 Ἀλλ’
2892 899 2992 957 οὐκ
3020 895 3131 956 ἔστι
3172 896 3359 970 δεῖξαι.
3393 896 3551 956 Ἀλλ’
3579 893 3693 953 οὐδ’

2046 994 2210 1067 ἡμεῖς
2240 991 2535 1067 ἀνεξόμεθα
2564 996 2672 1048 τῶν
2710 988 2974 1066 μηδαμοῦ
3022 989 3418 1066 εὑρισκομένων
3473 989 3692 1067 φωνῶν.

2048 1080 2174 1137 Οὐδ’
2220 1083 2277 1138 ’ὀν
2321 1079 2533 1157 εἴρηκεν
2602 1076 2774 1137 αἴτιον
2839 1077 3017 1142 οὐδεὶς
3072 1082 3171 1136 τοῦ
3214 1077 3556 1153 ΙΙνεύματος,
3601 1095 3697 1131 πε-

2050 1175 2245 1248 ριττῶς
2294 1172 2408 1245 ἅμα
2455 1170 2545 1227 καὶ
2607 1169 2729 1227 λίαν
2785 1168 3099 1249 ἐπισφαλῶς
3152 1167 3502 1231 συνάπτοντες
3563 1166 3698 1241 μέτὰ

2045 1264 2145 1315 τοῦ
2203 1262 2441 1336 Πατρὸς,
2506 1259 2732 1337 ἐροῦμεν
2784 1263 2883 1315 τοῦ
2937 1257 3259 1331 ΙΙνεύματός
3308 1253 3502 1327 αἷίτιον,
3548 1251 3699 1333 εἷ’περ

2046 1355 2192 1405 πᾶσα
2243 1349 2452 1427 ἀνάγκη
2503 1347 2602 1405 6'00
2653 1350 2788 1424 μετὰ
2832 1352 2931 1404 τοῦ
2976 1345 3192 1424 Πατρός
3221 1344 3334 1403 ἐστί
3367 1366 3427 1402 τε
3470 1344 3561 1402 καὶ
3610 1343 3700 1401 λέ-

2048 1459 2203 1515 γεται
2232 1439 2261 1494 6
2311 1438 2456 1513 Υἱὸς,
2501 1442 2670 1494 ταῦτα
2722 1437 2813 1494 καὶ
2869 1437 2989 1502 καθ’
3044 1435 3230 1492 ἑαυτὸν
3290 1432 3559 1512 λέγεσθαι,
3604 1432 3699 1491 τέ-

2051 1526 2197 1591 λειος
2253 1525 2325 1583 ὢν
2385 1530 2537 1602 Θεὸς,
2569 1526 2659 1583 καὶ
2716 1525 2944 1589 τελείως
2991 1523 3135 1602 ἔχων
3169 1526 3321 1581 πάνθ’
3350 1523 3449 1581 6'00:
3503 1521 3693 1581 θεολο-

2049 1616 2317 1694 γούμενος
2376 1615 2614 1695 λέγεται.
2646 1615 2905 1679 Βασιλεὺς
2960 1615 3054 1690 μὲν
3084 1616 3186 1692 γὰρ
3249 1615 3383 1688 μετᾶ
3433 1617 3532 1669 τοῦ
3586 1619 3700 1670 Πα-

2046 1707 2175 1784 τρὸς
2207 1707 2305 1780 εἲς,
2354 1707 2443 1763 καὶ
2495 1707 2623 1769 Θεὸς
2675 1707 2773 1778 εἷς,
2804 1704 2893 1761 καὶ
2946 1702 3280 1782 δημιουργὸς
3321 1704 3418 1776 εἷς,
3459 1702 3549 1759 καὶ
3601 1703 3700 1777 μία

2047 1801 2155 1851 τῶν
2184 1796 2490 1873 γεγονότών
2531 1796 2703 1871 ἀρχή.
2738 1799 2849 1850 Ποῦ
2902 1792 2993 1849 οῦν
3047 1794 3138 1849 καὶ
3193 1793 3310 1847 καθ’
3338 1791 3495 1848 αὐτὸν
3551 1790 3697 1868 ἀρχὴ

2048 1884 2139 1941 καὶ
2174 1882 2347 1947 αἷίτιος
2377 1888 2478 1939 τοῦ
2506 1885 2845 1958 Πνεύματος,
2873 1880 2967 1938 ’ίνα
3007 1882 3098 1938 καὶ
3155 1881 3289 1956 μετά
3340 1885 3438 1936 τοῦ
3493 1880 3704 1957 ΙΙατρὸς

2049 1977 2217 2029 ταῦτα
2272 1970 2499 2050 λέγηται
2558 1974 2649 2028 καὶ
2703 1972 2759 2028 ἓν
2787 1970 2980 2044 αἴτιον,
3011 1972 3103 2027 καὶ
3139 1970 3237 2045 μία
3264 1969 3411 2047 ἀρχὴ
3444 1966 3550 2025 δέει
3602 1971 3702 2038 τῆς

2052 2060 2401 2138 πολυαρχίας
2460 2060 2940 2138 συνάγηται;οὐκ
2995 2058 3159 2132 ἔστιν,
3191 2056 3307 2115 οὐδ’
3362 2056 3529 2131 ἔσται,
3580 2056 3705 2115 οὐδὶ

2052 2154 2469 2228 συναχθήσεται,
2514 2149 2639 2208 οὐδέ
2682 2172 2765 2214 τις
2815 2151 2940 2225 ὑμῖν
3002 2151 3344 2220 πεισθήσεται
3397 2152 3566 2205 ταῦτα
3607 2145 3701 2204 λέ-

2051 2261 2259 2318 γουσιν,
2289 2237 2396 2303 ἕως
2428 2239 2487 2296 ἂν
2513 2240 2602 2295 καὶ
2629 2238 2815 2303 ἄλλως
2861 2238 3145 2295 πείθουσαν
3198 2238 3297 2307 τὴν
3349 2235 3696 2295 θεόπνευστον

2054 2329 2271 2404 εὑρίσκῃ
2300 2330 2540 2407 Γραφὴν.

2124 2451 2301 2509 Ἀλλά
2351 2451 2477 2509 τόδε
2533 2453 2669 2529 πρὸς
2724 2457 2841 2516 τοῖς
2901 2450 3207 2529 εἰρημένοις
3257 2450 3530 2509 σκεπτέονι
3590 2457 3700 2522 Δη-

2059 2542 2316 2619 μιουργὸς
2379 2543 2472 2617 μὲν
2532 2542 2624 2598 καὶ
2684 2538 2856 2605 αἶ’τιος
2915 2541 3006 2597 καὶ
3065 2541 3304 2613 ποιητὴς
3345 2541 3704 2618 εἴςὴΤριάς,

2057 2630 2155 2685 οὐκ
2193 2629 2379 2700 ἐπειδὴ
2437 2632 2465 2686 6
2520 2632 2614 2705 μὲν
2668 2633 2856 2707 Πατὴρ
2916 2629 3079 2699 ἐστιν,
3138 2632 3167 2686 6
3225 2628 3283 2685 δὲ
3342 2628 3488 2703 Υἱὸς,
3526 2630 3588 2685 τὸ
3648 2627 3705 2685 δέ

2055 2724 2275 2793 Πνεῦμα
2331 2721 2505 2796 ἅγιον’
2568 2719 2631 2775 οὐ
2688 2722 2793 2796 γὰρ
2853 2717 2919 2790 δὴ
2975 2718 3144 2776 ταῦτα
3198 2718 3261 2775 τὸ
3335 2718 3531 2775 ἐνιαῖον
3589 2724 3704 2783 τοῖς

2058 2807 2368 2884 εἰρημένοις
2428 2807 2598 2864 ἐποίει
2656 2809 2803 2884 παρὰ
2868 2812 2948 2881 τῷ
3025 2813 3159 2881 Θεῷ⁶
3228 2807 3312 2862 6'1:
3370 2805 3428 2863 δὲ
3487 2805 3704 2882 μᾶλλον

2057 2897 2187 2959 Θεὸς
2247 2899 2322 2959 εἷς
2402 2900 2437 2968 ἡ
2519 2898 2703 2970 Τριάς,
2759 2896 2815 2953 ἓν
2886 2897 3202 2974 ἁπανταχοῦ
3270 2896 3508 2971 θέλημα,
3574 2895 3699 2970 μίαν

2058 2984 2322 3062 ἐνέργειαν
2383 2984 2747 3061 δεικνύμενος,
2805 2985 2841 3057 ἥ
2907 2988 2958 3063 γ’
3016 2985 3068 3041 ἐν
3123 2983 3337 3048 τούτοις
3394 2984 3583 3058 ἑνότης
3646 2984 3703 3040 ’ἐν

2055 3072 2243 3138 καλῶς
2297 3082 2397 3146 τῆς
2456 3073 2818 3153 δημιουργίας
2879 3072 3141 3131 δείκνυσιν
3204 3072 3397 3147 αἴτιον,
3448 3073 3545 3129 κᾶν
3600 3074 3703 3151 γὰρ

2056 3170 2198 3219 νοεῖν
2231 3165 2259 3219 6
2290 3166 2498 3240 Πατὴρ,
2528 3165 2625 3221 κᾶν
2683 3163 2885 3221 ἐθέλειν
2946 3162 3194 3241 λέγηται,
3236 3161 3452 3239 λέγεται
3510 3160 3567 3219 δὲ
3615 3163 3707 3219 καὶ

2061 3253 2243 3316 ὁΥἱὸς
2296 3253 2550 3330 ἐνεργεῖν,
2580 3252 2822 3309 τελειοῦν
2881 3249 2939 3309 δὲ
2991 3253 3055 3308 τὸ
3111 3253 3356 3325 Πνεῦμα,
3416 3249 3562 3308 ἀλλὰ
3617 3253 3707 3308 καὶ

2058 3346 2157 3398 τοῦ
2186 3344 2466 3415 νοήματος
2520 3343 2612 3398 καὶ
2667 3347 2766 3398 τοῦ
2821 3341 3131 3416 θελήματος
3155 3346 3251 3397 τοῦ
3296 3341 3506 3418 Πατρὸς
3559 3341 3709 3398 καὶὸ

2056 3430 2181 3494 Υἱὸς
2237 3436 2489 3487 κοινωνεῖ
2542 3431 2631 3487 καὶ
2676 3432 2742 3487 τὸ
2800 3436 3036 3505 Πνεῦμα.
3076 3430 3174 3485 Καὶ
3231 3427 3297 3486 αῦ
3348 3428 3555 3507 ἐνεργεῖ
3609 3429 3708 3486 6'00:

2055 3520 2180 3583 Υἱὸς
2267 3523 2402 3594 μετὰ
2477 3525 2574 3575 τοῦ
2632 3519 2951 3595 ΙΙνεύματος
3004 3520 3032 3575 6
3098 3520 3312 3596 Πατὴρ,
3369 3519 3458 3574 καὶ
3517 3517 3551 3574 ἃ
3607 3524 3705 3576 τοῦ

2058 3607 2379 3683 ΙΙνεύματός
2438 3608 2548 3665 ἐστι
2602 3609 2911 3679 τελειῶσαι,
2941 3612 3109 3665 ταῦτα
3162 3608 3253 3665 καὶ
3304 3609 3332 3664 6
3364 3610 3553 3685 Πατήρ
3611 3608 3704 3665 σὺν

2055 3701 2136 3769 τῷ
2191 3698 2299 3770 Υἱῷ
2354 3695 2584 3771 τελειοῖ,
2617 3698 2679 3753 οὐ
2739 3695 3004 3776 διαφορᾶς
3063 3696 3250 3753 αἰτίων
3307 3701 3377 3771 τῇ
3432 3702 3539 3753 τῶν
3600 3719 3712 3776 φω-

2055 3789 2158 3840 νῶν
2235 3786 2597 3862 εἰσαγομένης
2673 3784 2972 3864 ἐναλλαγῇ,
3034 3784 3351 3863 διακρίσεως
3409 3783 3468 3842 δὲ
3537 3787 3708 3861 μόνης

2054 3879 2163 3929 τῶν
2224 3875 2590 3948 ὑποστάσεων,
2652 3876 2714 3945 ἣν
2771 3876 2868 3931 κάν
2937 3880 3056 3938 τοῖς
3128 3871 3337 3955 σφόδρα
3399 3875 3710 3950 ήνωμένοις

2059 3960 2265 4040 σφόδρα
2319 3961 2409 4019 διὰ
2461 3960 2702 4033 σπουδῆς
2785 3960 2943 4040 ἔργον
3024 3969 3143 4027 τοῖς
3201 3961 3548 4028 διδασκάλοις
3607 3963 3710 4039 ἐμ-

2057 4051 2288 4130 φαίνειν,
2353 4050 2715 4127 βουλομένοις
2783 4051 2965 4130 ὥσπερ
3018 4052 3110 4109 τὸν
3163 4049 3257 4108 ἕνα
3311 4052 3440 4109 Θεὸν
3495 4058 3710 4130 τηρεῖν,

2057 4139 2200 4196 οὕτω
2255 4138 2320 4211 δὴ
2379 4140 2470 4196 καὶ
2524 4141 2619 4204 τὰς
2674 4146 2821 4218 τρεῖς
2879 4141 3198 4204 ὑποστάσεις
3239 4138 3559 4218 ὁμολογεῖν.
3594 4143 3707 4199 Ἐν-

2052 4234 2223 4295 ταῦθα
2278 4228 2336 4285 δὲ
2393 4229 2524 4285 ποία
2578 4251 2661 4294 τις
2720 4230 2907 4301 ἑνότης
2935 4230 2999 4286 τὸ
3054 4229 3110 4286 ’ἐν
3159 4233 3257 4300 τῆς
3308 4229 3481 4294 αἰτίας
3539 4229 3705 4308 παρί-

2054 4340 2254 4391 στησι;
2312 4318 2546 4397 Πότερον
2598 4326 2700 4390 τῆς
2757 4319 2977 4390 οὐσίας;
3011 4319 3110 4374 Καὶ
3164 4324 3283 4383 πῶς
3333 4317 3389 4375 ’ἐν
3439 4320 3558 4375 κατ’
3615 4319 3709 4375 οὐ-

2053 4407 2170 4462 σίαν
2224 4408 2401 4483 ΙΙατρί
2446 4429 2507 4463 τε
2561 4410 2652 4463 καὶ
2708 4408 2818 4481 Ι·ἱῷ
2872 4410 2935 4464 τὸ
2989 4412 3212 4482 Πνεῦμα
3268 4405 3705 4486 θεολογούμενον

2052 4496 2152 4553 οὐκ
2207 4496 2267 4553 ἂν
2321 4498 2411 4552 καὶ
2470 4497 2602 4554 αὐτὸ
2657 4492 3033 4574 προϐλητικὸν
3092 4494 3236 4552 ἔσται
3303 4497 3394 4553 καὶ
3453 4497 3707 4575 ἐκπορευ-

2047 4581 2238 4655 τικόν;
2298 4585 2460 4644 Ἀλλ’
2498 4589 2532 4657 ἡ
2586 4593 2687 4657 τῆς
2756 4586 3025 4663 ἐνεργείας
3098 4584 3188 4641 καὶ
3274 4582 3554 4660 δυνάμεως
3610 4589 3703 4643 καί

290 4676 461 4735 ὄντων
522 4675 837 4753 ὁμολογεῖν·
896 4674 988 4729 καὶ
1063 4672 1199 4729 αὐτᾶ
1259 4671 1383 4750 τρία
1448 4672 1525 4735 εἰς
1591 4669 1684 4727 ἕνα
1750 4672 1946 4751 Κύριον
1977 4666 2028 4730 D
2062 4673 2377 4749 βουλήσεως
2394 4696 2419 4742 ;
2474 4672 2653 4731 Ἀλλά
2709 4676 2833 4730 Θεὸν
2892 4674 2986 4730 ἕνα
3040 4674 3131 4729 καὶ
3189 4672 3526 4752 δημιουργὸν
3585 4673 3697 4752 ἕνα,

291 4762 528 4830 εὐσεϐῶς
586 4766 676 4821 ml
733 4764 862 4821 Θεὸν
944 4762 1225 4818 συνάπτειν
1292 4761 1380 4817 καὶ
1446 4758 1787 4839 δημιουργὸν
1862 4763 1942 4838 τῷ

285 4862 468 4929 ταυτῷ
522 4861 626 4925 τῆς
692 4853 902 4931 φύσεως
974 4853 1065 4909 καὶ
1143 4850 1413 4927 ἐνεργείας
1474 4849 1565 4906 καὶ
1636 4848 1937 4927 δυνάμεως,

286 4945 367 5004 ἔτι
412 4967 473 5002 τε
523 4941 839 5021 βουλήσεως
874 4946 972 4998 τοῦ
1019 4938 1314 5016 μοναδικοῦ
1354 4947 1453 5010 τῆς
1487 4938 1661 4995 αἰτίας
1710 4962 1936 5017 συναγο-

289 5038 475 5109 μένου,
535 5030 696 5091 Ἀλλ’
743 5031 829 5087 ἐπὶ
869 5038 970 5101 τῆς
1032 5035 1129 5087 τοῦ
1188 5028 1510 5103 Πνεύματος
1568 5028 1936 5106 ἐκπορεύσεως

282 5129 403 5187 πῶς
451 5126 613 5177 τοῦτο
662 5121 962 5197 θεωρητέον
1013 5118 1187 5189 ἐστίν;
1229 5116 1454 5195 Εἴρηται
1528 5117 1620 5191 μὲν
1688 5117 1780 5174 οῦν
1846 5117 1936 5176 διὰ

278 5217 377 5270 τοῦ
405 5213 538 5267 1Ἰοῦ
566 5210 627 5265 τὸ
666 5206 885 5283 ΙΓνεῦμα
929 5207 987 5264 ἐκ
1021 5212 1117 5264 τοῦ
1159 5208 1398 5281 Πατρὸς,
1432 5204 1605 5268 αῗίτιος
1655 5204 1713 5262 δὲ
1749 5209 1777 5262 ὁ
1808 5208 1930 5271 Υἱὸς

281 5302 380 5360 οὐκ
428 5298 663 5375 εἴρηται,
694 5296 821 5354 οὐδὲ
869 5297 1009 5375 ῥίζα,
1041 5294 1156 5353 οὐδ’
1190 5297 1362 5374 ἀργὴ,
1388 5293 1520 5351 ὀὐδὲ
1565 5291 1838 5372 προϐολή.
1872 5298 1929 5353 '0

278 5390 335 5449 δὲ
366 5392 563 5466 Πατὴρ
618 5392 786 5444 ταῦτα
840 5387 1014 5443 πάντα
1067 5386 1157 5443 καὶ
1215 5390 1310 5441 τοῦ
1340 5386 1467 5455 Υἱοῦ
1503 5384 1597 5440 καὶ
1623 5389 1721 5440 τοῦ
1764 5385 1928 5443 Πνεύ-

2048 4762 2138 4818 καὶ
2194 4765 2431 4834 ποιητὴν
2508 4764 2599 4819 καὶ
2684 4764 2903 4841 Κύριον,
2958 4763 3047 4819 καὶ
3140 4763 3365 4841 βασιλέα
3440 4765 3697 4843 γνωρίζει

2045 4852 2144 4921 τὴν
2172 4852 2374 4930 Τριάδα
2426 4856 2593 4908 ταῦτα
2650 4855 2809 4926 ἡμῖν,
2841 4852 2904 4908 οὐ
2963 4854 3071 4926 μὴν
3121 4853 3211 4909 καὶ
3268 4854 3344 4917 ὡς
3394 4852 3565 4918 αἴτιος
3618 4858 3695 4919 εἷς

2042 4948 2143 5011 τῆς
2218 4941 2494 5018 ὑπάρξεως
2568 4940 2819 5019 ἐμφαίνει
2884 4946 2980 4997 τοῦ
3040 4941 3383 5017 Πνεύματος.
3432 4945 3696 5022 Ὑπέρκει-

2040 5050 2129 5085 ται
2212 5030 2314 5105 γὰρ
2389 5030 2480 5085 καὶ
2559 5029 2821 5106 ἐνεργείας
2904 5030 3116 5100 ἀπάσης
3197 5032 3287 5087 καὶ
3356 5031 3698 5109 βουλήσεως,

2042 5117 2225 5194 ὥσπερ
2255 5122 2290 5189 ἡ
2320 5123 2417 5174 τοῦ
2473 5123 2820 5194 Μονογενοῦς
2877 5117 2937 5175 ἐκ
2976 5121 3189 5198 ΙΙατρὸς
3247 5120 3520 5199 γέννησις,
3554 5122 3696 5179 οὕτω

2041 5204 2108 5276 δὴ
2139 5208 2295 5279 καὶὴ
2328 5213 2425 5264 τοῦ
2480 5206 2798 5281 Πνεύματος
2858 5206 3194 5285 ἐκπόρευσις,
3251 5212 3342 5267 καὶ
3400 5210 3499 5267 οὐκ
3555 5208 3697 5269 ἔστιν

2038 5294 2292 5371 οὐδαμῶς
2376 5301 2655 5352 κατανοεῖν
2710 5295 2771 5352 ἐκ
2822 5296 3028 5353 τούτων
3113 5298 3206 5355 τὸν
3277 5304 3550 5377 γεννῶντα
3602 5302 3697 5357 καὶ

2034 5380 2444 5461 προϐάλλοντα.
2491 5386 2651 5441 Ὥστε
2705 5385 2796 5441 καὶ
2854 5388 3072 5461 μάταιοι
3131 5387 3310 5467 ἔμοιγ’
3341 5386 3433 5447 οὗν
3494 5390 3545 5445 οἱ
3593 5392 3697 5461 τήν

277 5502 470 5557 ματος.
503 5478 575 5535 Εἴ
599 5477 778 5533 τοίνυν
830 5474 1157 5553 δημιουργὸς
1191 5475 1287 5549 μὲν
1340 5472 1451 5551 ἰδίᾳ
1499 5474 1589 5530 καὶ
1651 5475 1784 5548 μετὰ
1829 5479 1925 5531 τοῦ
2032 5475 2239 5558 πέμψιν
2294 5474 2384 5529 καὶ
2444 5471 2590 5530 δόσιν
2645 5473 2738 5530 καὶ
2796 5476 3090 5553 χορηγίαν,
3150 5483 3334 5558 σαφῶς
3371 5476 3696 5552 θελήματος

274 5571 486 5641 Ila-.96;
520 5569 549 5624 6
602 5568 723 5630 ι”ιὸς
782 5563 957 5629 αἱίειος
1015 5562 1075 5620 δὲ
1133 5565 1231 5621 οὐκ
1288 5562 1401 5636 ἰδίᾳ
1455 5561 1579 5620 οὐτε
1633 5563 1767 5637 μετᾶ
1821 5568 1923 5619 τοῦ
2031 5557 2160 5618 ὄντα
2215 5561 2553 5641 πληρώσεις,
2602 5560 2914 5638 θελήματος
2992 5557 3238 5644 δεύτερα,
3288 5567 3491 5645 τρόπον
3577 5573 3677 5625 τοῦ

274 5662 513 5737 Πατρὸς,
559 5656 721 5733 φησὶν
777 5658 815 5725 ἡ
874 5656 1080 5733 Γραφὴ,
1132 5654 1230 5710 οὐκ
1285 5652 1388 5731 ἄρα
1443 5654 1562 5708 καθ’
1620 5653 1922 5726 ὁμοιότητα

267 5757 362 5828 τοῦ
402 5748 756 5824 δημιουργοῦ
806 5742 897 5799 καὶ
946 5740 1284 5820 δημιουργοῦ
1341 5743 1418 5806 εἰς
1474 5740 1562 5799 ἕνα
1620 5744 1917 5820 συναγομέ-

2054 5653 2190 5708 ἶιιαι
2248 5657 2327 5726 τῷ
2386 5650 2735 5730 ΙΙαρακλήτῳ
2815 5653 2875 5710 ἐκ
2953 5654 3323 5734 παραλλήλου
3406 5658 3709 5734 τιθέμενοι,

2054 5740 2236 5819 ὥσπερ
2300 5740 2465 5812 αὐτὴν
2544 5741 2796 5821 γέννησιν
2849 5743 2940 5800 καὶ
3010 5744 3177 5815 αὐτὴν
3248 5744 3580 5825 ἐκπὸρευοιν,
3632 5750 3708 5828 ὡς
