4118 6424
435 388 557 451 283

1458 400 1772 463 GEORGII
1818 400 2080 463 CYPRII
2123 402 2243 464 GP.
2286 401 2810 464 ΡΑΤΒΙΑΒΟΗΑΞ

3706 399 3827 462 284

438 522 497 577 ἂν
547 521 782 587 ἐντεῦθεν
830 529 1029 588 σκαιῶς
1090 549 1147 582 τε
1200 528 1290 583 καὶ
1355 529 1579 604 ἀμαθῶς
1656 532 1851 587 ἐκεῖθεν
1903 532 2071 607 ὕπαρ·
2104 544 2151 609 Α
2187 530 2429 588 δεικνῦσα
2487 530 2745 605 μονάδας.
2805 534 2898 589 Ἐκ
2960 539 3085 607 μιᾶς
3151 530 3207 589 δὲ
3276 532 3351 595 εἷς
3407 530 3588 609 έτέραν
3653 529 3826 608 προά-

437 610 514 682 ξιν
600 616 678 683 τῷ
751 614 1017 687 υνεύματι
1101 615 1378 691 νείμωσιν,
1438 619 1555 684 ὅθεν
1635 621 1908 697 ἐκχεῖσθαι
1982 622 2071 676 καὶ

436 702 794 776 χορηγεῖσθαι
864 704 953 757 καὶ
1036 706 1338 779 πέμπεσθαι
1408 708 1642 784 λέγεται,
1695 710 1876 786 ὥσπερ
1951 710 2069 774 ὅθεν

437 789 525 844 καὶ
576 788 938 866 ἐκπορεύεται,
986 795 1076 848 τὸν
1118 796 1341 872 οὐρανὸν
1387 798 1461 860 εἰς
1509 802 1605 874 γῆν
1660 799 1933 862 κλίνοντες
1982 801 2071 854 καὶ

438 878 713 955 μιγνύντες
782 880 815 934 ἃ
864 883 940 954 μὴ
1008 883 1229 960 πέφυκε,
1280 887 1369 941 καὶ
1437 889 1609 943 πάντα
1666 890 1916 966 φέροντες
1982 890 2070 943 καὶ

437 969 775 1043 συγχέοντες.
836 970 986 1039 Πλὴν
1038 973 1137 1028 οὐκ
1203 976 1260 1029 ἀν
1311 997 1443 1031 ποτε
1507 980 1541 1047 ἡ
1589 982 1696 1032 τῶν
1768 978 2068 1052 εἰρημένων

431 1054 698 1125 ταυτότης
727 1058 787 1111 τὸ
817 1055 870 1111 ’ἐν
917 1060 1015 1128 τῆς
1065 1060 1237 1124 αἰτίας
1285 1064 1547 1140 συναγάγῃ
1595 1070 1691 1119 τοῦ
1737 1067 2067 1140 ΙΙνεύματος.

502 1160 707 1216 Οὐκοῦν
767 1162 1049 1221 ἐπίλοιπον
1118 1166 1177 1222 ἂν
1224 1168 1303 1241 εἴη
1349 1178 1588 1243 σκοπεῖν,
1637 1175 1711 1245 μή
1764 1194 1894 1228 ποτε
1939 1175 2073 1228 κατά

428 1250 492 1305 τὸ
540 1257 641 1320 τῆς
692 1253 1031 1318 ὑποστάσεως
1078 1258 1272 1313 ταυτὸν
1313 1258 1367 1315 ἓν
1398 1257 1567 1316 αἷίτιον
1601 1263 1629 1316 6
1664 1264 1848 1338 Πατὴρ
1904 1264 1993 1317 καὶ
2041 1264 2070 1317 ὁ

430 1339 553 1401 Υἱὸς
598 1345 693 1395 τοῦ
745 1342 1057 1418 Πνεύματος
1107 1345 1355 1422 λέγηται.
1390 1350 1485 1404 Καὶ
1532 1351 1731 1413 παντὸς
1783 1352 1877 1424 μὲν
1927 1350 2069 1424 μᾶλ-

432 1428 528 1484 λον
579 1430 783 1485 ἄτοπον
827 1437 986 1487 τοῦτο
1033 1436 1122 1489 καὶ
1183 1432 1387 1499 ἀσεϐέςθ
1449 1436 1572 1495 ἀλλ’
1622 1440 1657 1509 ἥ
1714 1462 1773 1516 γε
1845 1440 2069 1515 σύναψις

400 1522 537 1600 ,τῶν
602 1518 788 1575 αἰτίων
844 1521 943 1576 οὐκ
1001 1522 1164 1596 ἔστιν,
1232 1526 1307 1588 ὡς
1365 1527 1464 1582 οὐκ
1520 1529 1595 1591 εἷς
1661 1534 1820 1585 τοῦτο
1898 1531 2066 1609 φέρει.

432 1606 584 1679 Μόνη
637 1610 740 1685 γὰρ
784 1612 932 1686 πηγὴ
979 1620 1080 1682 τῆς
1141 1615 1394 1685 θεότητος
1442 1618 1470 1672 ὁ
1518 1620 1725 1695 Πατὴρ,
1774 1606 1921 1695 ἀρχῆ
1980 1620 2070 1674 καὶ

438 1695 567 1772 ῥίζα
610 1699 738 1753 Υἲοῦ
810 1700 901 1754 καὶ
971 1701 1307 1776 Πνεύματος.
1372 1707 1554 1762 Πάντα
1612 1706 1709 1763 ὅσα
1782 1706 1898 1783 ἔχει
1972 1712 2071 1762 τοῦ

433 1787 561 1841 Υἱοῦ
610 1786 754 1859 πλὴν
794 1792 894 1859 τῆς
940 1790 1136 1855 αῗτίας.
1187 1792 1473 1871 Θεολόγων
1521 1801 1687 1853 ταῦτα
1725 1797 1917 1876 φωναί.
1960 1803 2071 1853 Ποῦ

428 1879 555 1980 γοῦν
640 1877 702 1932 τὸ
789 1878 949 1950 μόνον
1033 1882 1207 1937 πάντα
1274 1882 1422 1948 ἐκτὸς
1505 1886 1695 1942 ἑαυτοῦ
1777 1886 2066 1943 ἀποκλεῖον
2104 1915 2150 1980 Β

431 1964 521 2019 καὶ
594 1965 656 2021 τὸ
729 1967 995 2045 ἡμέτερον
1063 1972 1330 2028 συναίτιον
1403 1973 1807 2052 καταδέχοιτος
1874 1977 1909 2046 ἢ
1970 1977 2070 2053 γὰρ

432 2051 868 2131 καταδεχόμενον
937 2059 1035 2114 οὐκ
1110 2060 1168 2114 ἂν
1240 2060 1477 2138 ἀληθεύῃ
1529 2066 1593 2120 τὸ
1631 2051 1637 2052 ⁷
1669 2065 1831 2138 μόνον
1915 2051 2071 2138 εἶναι,

436 2140 793 2233 ᾖάληθεῦον,
848 2145 947 2201 οὐκ
1002 2146 1061 2202 ἂν
1118 2148 1488 2221 καταδέξηται.
1549 2153 1613 2210 Εἰ
1670 2151 1716 2208 δ’
1773 2153 2070 2233 ἀμφότερα,

438 2228 521 2286 δεῖ
567 2239 777 2308 κρατεῖν
837 2236 1069 2309 πάντως,
1119 2238 1207 2293 καὶ
1254 2238 1309 2294 ἓν
1358 2242 1647 2315 πρόσωπον
1694 2242 1821 2297 εἶναι
1865 2228 1957 2297 *δεῖ
1986 2228 2072 2297 ’τὸ

430 2324 538 2375 τῶν
574 2320 758 2377 αἰτίων
808 2326 1138 2401 συναγωγὸν,
1168 2328 1265 2382 κᾶν
1313 2334 1431 2391 ταῖς
1486 2328 1713 2401 κλήσεσι
1751 2331 1928 2387 πλείω
1981 2329 2071 2387 δο-

435 2413 525 2496 κῇ.
566 2413 734 2465 Τοῦτο
783 2409 840 2466 δὲ
882 2408 1177 2470 Σαϐέλλιοι
1230 2418 1323 2489 μὲν
1374 2423 1552 2482 κακῶς
1611 2418 1908 2496 ἐφρόνησαν
1965 2421 2070 2475 πά-

435 2495 526 2554 λαι
576 2503 756 2563 κακῶς
796 2502 1112 2572 σεσηπότες,
1160 2509 1249 2559 νῦν
1303 2504 1362 2561 δέ
1405 2508 1494 2562 καὶ
1560 2513 1923 2582 μνημονεῦσαι
1978 2508 2074 2564 κᾶν

433 2583 688 2660 δαίμονες
738 2583 973 2666 ἕφριξαν.
1032 2590 1185 2651 Ἀλλ’
1242 2594 1493 2651 ἀνακτέω
1569 2596 1733 2653 πάλιν
1809 2597 1896 2653 ἐπὶ
1970 2598 2070 2667 τήν

436 2674 615 2752 ῥῆσιν,
645 2675 735 2732 καὶ
766 2678 828 2733 τὸ
856 2686 1141 2757 προσεχῶς
1169 2682 1257 2739 καὶ
1287 2684 1350 2739 τὸ
1380 2681 1468 2739 διά
1494 2690 1590 2740 τοῦ
1621 2692 1931 2763 προσεχῶς,
1963 2685 1993 2741 8
2018 2708 2072 2741 τι

434 2763 565 2820 ποτέ
598 2763 850 2840 βούλεται
880 2772 958 2841 τῷ
988 2766 1297 2845 διδασκάλῳ
1328 2776 1667 2849 σκεψώμεθα.

508 2870 902 2949 Πορευθέντες,
980 2877 1139 2953 φησὶν
1236 2881 1265 2935 ὁ
1352 2881 1552 2957 Κύριος
1644 2888 1759 2946 τοῖς
1846 2881 2073 2939 ἀποστό-

436 2958 577 3028 λοις,
657 2962 1022 3035 μαθητεύσατε
1103 2964 1269 3022 πάντα
1362 2970 1429 3025 τὰ
1502 2966 1644 3040 ἔθνη,
1726 2972 2073 3045 βαπτίζοντες

436 3048 630 3106 αὐτοὺς
706 3051 782 3114 εἰς
855 3054 915 3108 τὸ
990 3052 1166 3128 ὄνομα
1236 3062 1333 3112 τοῦ
1396 3061 1626 3136 ΙΙατρὸς,
1656 3060 1744 3114 καὶ
1798 3066 1895 3116 τοῦ
1948 3062 2072 3117 Υἱοῦ

432 3138 521 3193 καὶ
576 3144 673 3194 τοῦ
738 3139 897 3215 ἁγίου
948 3142 1282 3218 ΙΙνεύματος.
1333 3148 1395 3201 Οἱ
1466 3146 1523 3202 δὲ
1589 3147 1931 3226 ἐπορεύοντο,
1982 3149 2071 3205 καὶ

436 3228 825 3300 μαθητεύοντες
875 3233 1089 3308 πρῶτον
1158 3234 1232 3297 εἷς
1282 3234 1516 3312 Πατέρα,
1563 3238 1685 3293 Υἱὸν
1757 3239 1846 3293 καὶ
1921 3240 2074 3314 ἅγιον

436 3320 654 3390 Πνεῦμα
700 3320 989 3393 πιστεύειν,
1044 3321 1301 3392 ἀληθινὸν
1355 3325 1508 3395 Θεὸν,
1546 3326 1636 3381 καὶ
1696 3327 1857 3400 μόνον
1918 3327 2073 3397 Θεὸν,

435 3407 633 3468 παντὸς
690 3402 1026 3482 σεϐάσματος
1082 3412 1429 3486 ἀποστάντας,
1487 3415 1659 3479 οὕτως
1717 3415 1794 3479 είς
1847 3412 2077 3473 166w-

444 3515 518 3567 μα
543 3499 708 3551 τοῦτο
738 3492 1044 3568 ἐϐάπτιζον.
1077 3501 1244 3557 Αῦται
1272 3503 1450 3558 τοίνυν
1511 3505 1564 3559 αἱ
1601 3502 1825 3576 κλήσεις
1871 3507 1933 3562 τὸ
1976 3513 2075 3576 τῆς

441 3580 742 3671 ὁμολογίας
797 3586 956 3659 ἡμῶν
1004 3589 1306 3664 γνώρισμα.
1368 3589 1535 3647 Αῦται
1593 3591 1663 3647 δι’
1722 3595 1794 3647 ὦν
1853 3614 2075 3671 σφραγι-

443 3670 662 3759 ζόμεθα,
712 3673 815 3751 καὶ1
856 3676 923 3729 τά
987 3673 1297 3751 δηλούμενα
1363 3682 1605 3756 γνησίως
1680 3670 2079 3759 ὁμολογοῦντες

440 3758 517 3822 εἲς
582 3759 845 3836 οὐρανοὺς
910 3765 1235 3840 ἀναγόμεθα.
1292 3769 1495 3832 Ταύτας
1555 3770 1697 3826 οὕτω
1757 3758 2077 3851 προσφέρειν

440 3847 540 3903 οὐκ
585 3847 837 3926 ἄγγελος,
888 3853 987 3908 οὑκ
1035 3850 1316 3924 ἅνθρωπος
1365 3856 1623 3932 ἐδίδαξεν,
1672 3859 1798 3916 ἀλλ’
1845 3847 2005 3923 αὐτὸς
2051 3861 2079 3915 ὁ

444 3936 666 4016 Κύριος.
700 3940 797 3996 Διά
848 3947 1014 3998 ταῦτα
1067 3944 1157 3999 καὶ
1212 3953 1337 4022 παρ’
1390 3950 1524 4021 ἡμῖν
1581 3951 1616 4019 ἡ
1677 3956 1878 4025 χρῆσις
1936 3947 2079 4004 πολὺ

439 4027 503 4083 τὸ
533 4030 745 4105 ΙΙατρὸς
776 4027 889 4107 ἔχει
934 4028 1109 4105 ὄνομα
1153 4034 1244 4089 καὶ
1293 4036 1415 4091 Υἱοῦ
1461 4037 1550 4092 καὶ
1606 4038 1765 4113 ἁγίου
1826 4039 2079 4111 ΙΙνεύμα-

440 4138 557 4190 τος,
597 4118 687 4174 καὶ
745 4117 861 4196 ἔχει
914 4141 975 4197 γε
1031 4121 1267 4187 αἰωνίως
1326 4121 1558 4189 εὐσεϐῶς
1615 4126 2077 4204 προσκυνούμενα.

444 4206 541 4263 Διά
590 4211 750 4264 τοῦτο
804 4211 893 4264 καὶ
946 4211 1072 4267 Θεὸν
1122 4208 1214 4268 ἕνα
1274 4234 1358 4277 τις
1423 4213 1583 4278 εἰδὼς
1645 4217 1744 4286 τὴν
1816 4217 2077 4294 μακαρίαν

442 4298 596 4376 φύσιν
656 4297 709 4354 ἐν
764 4299 936 4376 τρισὶν
990 4300 1327 4374 ὑποστάσεσι,
1377 4305 1465 4359 καὶ
1524 4302 1612 4360 διὰ
1664 4309 1771 4361 τῶν
1830 4304 2078 4377 κλήσεων

437 4395 537 4458 τῆς
593 4386 818 4466 Τριάδος
891 4389 967 4453 εἰς
1044 4392 1142 4461 τὴν
1214 4391 1515 4468 ὁμολογίαν
1592 4400 1812 4471 χωρεῖν,
1863 4395 1963 4450 οὐκ
2019 4396 2077 4451 ἂν

441 4474 630 4541 ἄλλως
658 4479 692 4547 ἢ
726 4483 1016 4556 προσεχῶς
1052 4485 1131 4554 τῷ
1179 4481 1353 4556 ΙΙατρὶ
1402 4480 1705 4559 ὁμολογοίη
1753 4484 1844 4539 τὸν
1897 4486 2077 4541 Μονο-

440 4573 593 4641 γενῆ,
641 4566 950 4644 ὁμολογοίη
1009 4566 1067 4625 δὲ
1133 4569 1240 4647 οὐχ
1283 4570 1365 4627 ὅτι
1411 4573 1475 4628 τὸ
1529 4572 1657 4627 εἶναι
1705 4571 1915 4647 μᾶλλον
1981 4578 2079 4628 τοῦ

2180 643 2368 697 γουσα,
2422 621 2548 676 ἀλλ’
2605 622 2734 698 οὐχὶ
2799 623 2861 677 τὸ
2940 622 3229 698 ὑστερίζειν
3300 626 3397 677 τοῦ
3463 624 3824 696 Μονογενοῦς,

2180 708 2306 766 οὐδὲ
2334 710 2397 766 τὸ
2432 708 2849 786 διατειχίζεσθαι
2887 715 2977 766 καὶ
3025 712 3087 766 τὸ
3135 711 3240 765 ἀπὸ
3281 716 3378 765 τοῦ
3429 711 3638 786 Ῑῐατρὸς
3695 708 3825 764 εἶναι

2179 801 2461 875 προσώπῳ
2515 800 2643 871 τινὶ,
2694 800 2782 855 καὶ
2841 802 2944 875 γάρ
3001 802 3090 855 καί
3158 798 3339 875 τρίτον
3408 797 3704 877 ἐκφέρεται,
3762 795 3826 852 οὐ

2180 885 2271 943 διὰ
2297 890 2395 957 την
2456 888 2777 953 ἀκολουθίαν
2820 894 2918 943 τοῦ
2976 889 3113 944 εἶναι
3163 888 3337 951 οὕτως
3391 887 3689 966 ἐκφέρεται,
3724 886 3826 961 μό-

2178 1000 2275 1046 νην
2340 975 2397 1032 δὲ
2451 980 2549 1046 τήν
2608 978 2711 1033 ἀπὸ
2768 983 2876 1034 τῶν
2924 977 3229 1051 ὀνομάτων,
3261 977 3334 1039 ὥς
3365 998 3495 1052 φησι
3528 974 3824 1053 Κύριλλος,

2179 1066 2442 1139 σύνταξιν.
2475 1070 2545 1121 "[1
2595 1088 2654 1123 τε
2705 1068 2803 1142 γάρ
2851 1073 2949 1122 τοῦ
2998 1074 3257 1142 Σωτῆρος
3307 1067 3461 1145 φο.νὴ
3525 1066 3659 1139 μετά
3714 1073 3826 1122 Πα-

2177 1156 2305 1231 τρὸς
2362 1157 2450 1210 καὶ
2508 1157 2632 1211 ι”ιοῦ
2702 1156 3062 1212 συντάττουσα
3116 1155 3268 1230 ὅμως
3327 1155 3504 1231 τρίτον
3555 1155 3822 1228 ὠνόμασε,

2177 1245 2266 1299 καὶ
2314 1248 2349 1315 ἡ
2401 1245 2738 1322 προσηγορία
2800 1251 2897 1301 τοῦ
2970 1245 3283 1318 ΙΙνεύματος
3354 1244 3463 1321 οὐχ
3517 1244 3691 1307 οὕτως
3751 1244 3825 1306 ὡς

2179 1336 2214 1403 ἡ
2274 1336 2486 1410 Πατρὸς
2539 1335 2629 1390 καὶ
2699 1335 2823 1389 ι’ίοῦ
2899 1336 2996 1404 τὴν
3072 1334 3210 1409 πρὸς
3282 1331 3463 1410 ἓτερον
3541 1335 3822 1408 ἀναγκάζει

2179 1424 2487 1501 συνάφεια-ι,
2548 1424 2594 1477 εἰ
2656 1425 2730 1497 μή
2789 1446 2874 1486 τις
2938 1423 3190 1498 βούλεται
3247 1424 3310 1478 τὸ
3372 1424 3583 1500 [ἰατρὸς
3649 1418 3826 1497 ὄνομα

2180 1510 2255 1572 εἷς
2285 1507 2561 1588 προϐολέα
2615 1508 2963 1585 μεταλαϐεῖν,
2991 1513 3116 1568 τότε
3155 1514 3255 1589 γάρ
3305 1517 3594 1588 προσεχῶς
3624 1512 3685 1567 οὗ
3731 1513 3823 1568 τὸν

2178 1599 2301 1654 Υἱὸν
2362 1600 2420 1654 ἂν
2476 1597 2612 1674 ἴδῃς,
2656 1600 2785 1655 αὐτὸ
2835 1599 2892 1657 δὲ
2953 1601 3018 1657 τὸ
3081 1597 3385 1677 πρόϐλημα
3441 1598 3820 1679 ἐφελκόμενον.

2176 1692 2343 1743 T0610
2389 1685 2446 1743 δὲ
2495 1687 2596 1764 ἄρα
2643 1688 2742 1743 οὐκ
2790 1688 2846 1743 ἃν
2897 1691 2961 1758 ἦν
3009 1709 3160 1760 ποτε,
3212 1688 3257 1743 εἰ
3297 1689 3361 1743 τὸ
3419 1688 3551 1743 εἶναι
3601 1686 3661 1743 ἐκ
3703 1693 3827 1744 Πα-

2176 1777 2302 1852 τρὸς
2344 1777 2438 1850 μὲν
2498 1776 2575 1839 εἰς
2633 1775 2775 1849 Υἳὸν,
2817 1776 2868 1848 ἐξ
2926 1778 3050 1832 Ποῦ
3110 1775 3167 1832 δὲ
3235 1777 3310 1840 εἰς
3370 1778 3589 1851 Πνεῦμα
3641 1775 3827 1833 τελευ-

2176 1871 2325 1919 ταῖον
2384 1860 2689 1942 προέϐαινε.
2743 1866 2840 1920 Καὶ
2897 1866 2961 1921 τὸ
3036 1866 3131 1940 μὲν
3212 1862 3278 1936 δὴ
3355 1869 3644 1941 προπχῶς
3719 1863 3827 1921 ὦδέ

2181 1975 2297 2016 πως
2359 1953 2417 2009 ἃν
2479 1953 2715 2031 λέγοιτο.
2749 1959 2840 2010 Δεῖ
2897 1952 2955 2010 δὲ
3009 1955 3100 2010 καὶ
3144 1952 3232 2010 διὰ
3258 1959 3356 2011 106
3387 1958 3677 2031 προσεχῶς
3735 1952 3827 2009 καὶ

2182 2042 2328 2105 ὅλως
2388 2041 2476 2098 διὰ
2546 2048 2643 2099 τοῦ
2716 2045 2837 2101 1"106
2906 2043 3310 2118 ἐπισκέψασθαι.
3366 2041 3519 2101 Ἀλλ’
3576 2044 3639 2099 οὗ
3708 2048 3829 2107 ταῖς

2183 2131 2417 2205 ἐμαυτοῦ
2494 2131 2716 2188 ἐνταῦθα
2786 2138 2991 2209 φωναῖς
3048 2135 3415 2209 κεχρήσομαι,
3469 2134 3505 2202 ἢ
3558 2132 3639 2187 ἐπ’
3705 2131 3829 2189 ὀλί-

2180 2240 2298 2296 γον,
2328 2225 2446 2282 ταῖς
2506 2218 2564 2275 δὲ
2618 2225 2724 2276 τῶν
2776 2221 3033 2297 ΙΙατέρων
3084 2221 3293 2293 αὐταῖς,
3326 2220 3451 2276 ὥστ’
3480 2217 3648 2293 ἔξεστι
3702 2220 3829 2276 ταύ-

2180 2330 2275 2371 τας
2332 2308 2767 2385 ἀναλεγομένους
2823 2309 3018 2365 ἐκεῖθεν
3076 2308 3262 2372 καλῶς
3315 2310 3408 2365 τὸν
3468 2316 3571 2380 τῆς
3626 2307 3825 2381 λέξεως

2181 2394 2581 2453 ἐκδιδάσκεσθαι
2635 2403 2782 2455 νοῦν.
2816 2396 2919 2470 Εἷή
2980 2398 3073 2473 μὲν
3134 2397 3194 2453 ἂν
3249 2395 3340 2454 οὖν
3396 2398 3460 2454 τὸ
3491 2402 3714 2473 Πνεῦμα
3758 2398 3823 2453 τὸ

2182 2486 2335 2562 ἅγιον
2393 2484 2614 2542 καὶδιά
2665 2489 2765 2557 τὴν
2821 2492 2924 2543 τῶν
2984 2488 3178 2543 ἑαυτοῦ
3233 2487 3586 2565 χαρισμάτων
3640 2484 3823 2544 διανο-

2185 2576 2293 2648 μὴν
2351 2575 2438 2630 καὶ
2503 2573 2785 2650 μετάδοσιν
2847 2576 2905 2632 ἐκ
2963 2577 3178 2654 ΙΙατρὸς
3206 2576 3337 2632 αὐτὸ
3388 2575 3686 2653 λεγόμενον
3733 2574 3824 2632 διὰ

2181 2664 2329 2719 Υἱοῦ·
2387 2665 2452 2720 ’Δ
2510 2665 2635 2741 γὰρ,
2694 2665 2856 2744 φησὶ,
2912 2667 2975 2722 τὸ
3034 2669 3256 2740 Πνεῦμα
3321 2664 3527 2739 ἑκάστῳ
3590 2668 3828 2743 χορηγεῖ

2179 2754 2325 2829 παρᾶ
2378 2758 2475 2809 τοῦ
2533 2755 2741 2831 Ματρὸς
2798 2752 2887 2810 διὰ
2941 2760 3037 2811 τοῦ
3094 2755 3271 2833 Λόγου
3330 2760 3674 2832 χορηγεῖται·
3735 2751 3821 2825 εἴη

2181 2839 2228 2897 δ’
2283 2840 2341 2897 ἂν
2399 2842 2714 2916 νοούμενον,
2753 2845 2844 2899 καὶ
2899 2845 2975 2907 ὡς
3026 2845 3088 2900 τὸ
3154 2843 3213 2899 ἐκ
3260 2849 3358 2900 τοῦ
3413 2843 3579 2915 ἡλίου
3635 2842 3688 2899 έν
3743 2848 3825 2916 τῷ

2180 2930 2581 3006 ἀπαυγάσματι,
2612 2933 2701 2988 καὶ
2755 2928 2844 2988 διὰ
2896 2938 2993 2989 τοῦ
3053 2934 3472 3009 ἀπαυγάσματος
3502 2938 3639 3011 φῶς,
3662 2937 3822 2989 τοῦτο

2180 3020 2284 3095 γὰρ
2316 3018 2430 3095 ἔχει
2467 3022 2561 3093 μὶν
2611 3018 2815 3092 δηλοῦν
2863 3022 2953 3077 καὶ
2998 3023 3097 3092 τὴν
3154 3023 3300 3099 παρά
3354 3027 3451 3077 τοῦ
3507 3023 3724 3099 ΙΙατρὸς
3770 3022 3823 3093 ἐξ

2181 3106 2359 3163 ἀϊδίου
2412 3114 2510 3163 τοῦ
2570 3109 2887 3184 ΙΙνεύματος
2944 3111 3080 3185 πρὸς
3177 3112 3257 3166 ἱὸν
3320 3110 3622 3189 συνάφειαν·
3681 3132 3823 3186 γνω·

2183 3196 2325 3274 ρίζοι
2357 3194 2404 3252 δ’
2434 3198 2493 3253 ὸὶν
2521 3201 2610 3254 καὶ
2639 3200 2737 3269 τὴν
2771 3196 2840 3254 δι’
2884 3200 3010 3255 Υἱοῦ
3061 3205 3157 3255 τοῦ
3204 3199 3520 3273 ΙΙνεύματος
3577 3197 3823 3279 ἕκφανσιν

2105 3281 2147 3348 C
2186 3285 2335 3349 ὅπως
2362 3288 2493 3342 ποτέ
2523 3309 2606 3343 σοι
2633 3290 2731 3358 τήν
2765 3287 3011 3365 ἔκφανσιν
3049 3287 3237 3367 βούλει
3266 3294 3428 3363 νοεῖν,
3461 3287 3566 3345 εἶ’τε
3590 3292 3691 3359 τήν
3749 3290 3825 3353 εἷς

2185 3378 2332 3449 ἡμᾶς
2389 3375 2476 3433 διὰ
2525 3382 2631 3434 τῶν
2682 3378 2895 3456 εὐεργεσ
2923 3384 2994 3434 ὧν
3054 3379 3373 3456 φανέρωσιν,
3404 3377 3510 3434 εἷ’τε
3563 3380 3663 3449 τὴν
3707 3381 3823 3435 οἷον

2186 3462 2455 3540 ἔκλαμψιν
2485 3466 2573 3523 καὶ
2604 3465 2914 3544 ἀδιάκριτον
2949 3469 3023 3531 ὡς
3053 3467 3219 3523 εἷπεῖν
3270 3465 3359 3523 διὰ
3405 3471 3504 3523 τοῦ
3550 3469 3676 3524 Υἱοῦ
3728 3473 3826 3524 τοῦ

2189 3554 2502 3627 ΙΙνεύματος
2561 3554 2850 3633 διάκρισιν,
2880 3559 2999 3612 καθ’
3054 3557 3115 3626 ἣν
3171 3557 3262 3611 τὸν
3304 3554 3474 3612 ἄλλον
3538 3556 3828 3633 Ιῐαράκλη-

2184 3663 2278 3697 τον
2321 3645 2382 3699 τὸ
2432 3650 2655 3717 Πνεῦμα
2697 3649 2795 3714 τῆς
2825 3644 3086 3716 ἀληθείας
3116 3647 3190 3707 ὡς
3221 3645 3332 3701 οἷόν
3359 3667 3417 3701 τε
3445 3651 3586 3701 νοεῖν
3620 3645 3828 3717 ἐλλαμ-

2186 3731 2419 3806 πόμεθα.
2454 3733 2608 3789 Ἀλλ’
2629 3734 2675 3790 εἰ
2706 3734 2893 3789 τοῦτόν
2924 3755 2987 3808 γε
3013 3734 3104 3789 τὸν
3132 3739 3257 3789 νοῦν
3290 3736 3379 3789 καὶ
3410 3736 3463 3789 οἱ
3490 3735 3589 3804 τὴν
3642 3735 3827 3812 φωνήν

2189 3820 2263 3883 εἰς
2317 3822 2416 3890 τὴν
2462 3821 2745 3899 θεολογίαν
2807 3821 3104 3898 εἰσάγοντες
3165 3819 3345 3899 ἔσχον,
3396 3819 3569 3885 ἄλλος
3628 3823 3721 3897 μὲν
3780 3821 3827 3876 εἰ

2194 3913 2545 3987 μαρτυρήσει,
2578 3910 2677 3967 οὐκ
2734 3911 2793 3967 ἃν
2851 3914 2886 3981 ἡ
2954 3910 3221 3988 μαρτυρία
3274 3911 3603 3984 πιστεύοιτο,
3650 3909 3827 3975 οὐδεὶς

2188 4000 2313 4074 γὰρ,
2348 3998 2458 4069 ἐρεῖ
2508 4021 2590 4063 τις
2647 4004 2754 4055 τῶν
2814 3998 3141 4072 ἀντιπάλων,
3176 3997 3288 4055 οἶδε
3345 4000 3412 4055 τὰ
3467 4004 3563 4056 τοῦ
3620 3999 3828 4075 ἑτέρου,

2188 4087 2340 4142 αὑτοὶ
2402 4086 2448 4144 δ’
2479 4086 2533 4143 εἷ’
2567 4088 2860 4166 μαρτυρίαν
2914 4092 3049 4163 ἡμῖν
3107 4087 3343 4144 οἴσουσιν
3404 4089 3457 4144 οἱ
3502 4094 3602 4159 τῆς
3644 4094 3829 4167 φωνῆς

2190 4177 2444 4252 Πατέρες,
2507 4177 2889 4255 ἀναντίρρητον
2958 4182 3076 4240 ταῖς
3160 4176 3432 4244 ἀληθείαις
3489 4178 3550 4233 τὸ
3605 4183 3830 4255 πρᾶγμα

2188 4268 2528 4338 ποιήσουσιν,
2561 4266 2690 4323 ὥστ’
2746 4266 2929 4330 αὐτοῖς
2987 4265 3209 4330 ἐκείνοις
3261 4271 3359 4323 τοῦ
3407 4264 3606 4323 λοιποῦ
3658 4287 3827 4342 προσ-

2190 4356 2367 4410 εκτέον
2393 4356 2485 4411 τὸν
2517 4360 2661 4413 νοῦν.

2258 4481 2315 4534 Ὁ
2396 4480 2571 4536 τοίνυν
2658 4480 2710 4537 ἐν
2791 4482 2967 4557 άγίοις
3027 4481 3336 4544 Ἀθανάσιος
3422 4480 3472 4537 ἐν
3557 4486 3636 4554 τῷ
3693 4481 3829 4538 κατά

2189 4568 2399 4644 Ἀρείου
2482 4569 2650 4646 τρίτῳ
2729 4569 2880 4647 λόγῳ
2961 4568 3087 4626 τάδε
3141 4570 3320 4648 φησίν·
3376 4569 3449 4625 O6
3513 4576 3658 4644 τρεῖς
3736 4572 3828 4648 ἀρ-

442 4656 755 4730 ΙΙνεύματος
808 4658 1015 4734 ἐγγίζον
1075 4658 1186 4715 ἐστὶ
1241 4664 1322 4732 τῷ
1382 4662 1575 4737 ΙΙατρὶ,
1637 4660 1923 4725 συναϊδίως
1974 4663 2078 4739 γὰρ
2111 4651 2156 4715 [)
2187 4658 2314 4734 χάς,
2365 4656 2489 4714 οὐδὲ
2568 4665 2713 4736 τρεῖς
2797 4665 3039 4738 ΙΙατέρας
3092 4658 3396 4736 εἰσάγομεν,
3457 4656 3642 4729 ἐπειδὴ
3701 4658 3827 4715 οὐδὲ

444 4746 608 4825 ἄμφω
677 4746 765 4801 καί
838 4748 1120 4822 ὁμοτίμως
1190 4749 1402 4822 ἐκεῖθεν,
1450 4750 1544 4806 κᾶν
1626 4750 1762 4826 μόνῃ
1831 4756 1899 4826 τῇ
1958 4773 2081 4807 συν-

439 4836 584 4907 τάξει
639 4840 747 4891 τῶν
806 4836 1086 4910 ὀνομάτων
1150 4840 1283 4913 μετά
1333 4840 1425 4895 τὸν
1472 4841 1595 4895 Υἱὸν
1627 4843 1659 4910 ἡ
1691 4844 1787 4896 τοῦ
1841 4840 2085 4915 ΙΙνεύμα-

441 4946 535 4991 τος
579 4932 777 4995 κΛῆσις
832 4928 1222 5005 προσφέρηται.
1273 4926 1446 4985 ’Δλλά
1486 4929 1576 4984 καὶ
1638 4926 1724 4985 διὰ
1786 4931 1885 5000 τὴν
1935 4929 2080 4986 ἐντο-

446 5014 547 5084 λὴν
583 5016 674 5088 μὲν
705 5017 794 5071 καὶ
836 5018 924 5072 τὸν
976 5020 1120 5095 παρά
1162 5023 1259 5074 τοῦ
1304 5022 1560 5093 Σωτῆρος
1616 5018 1782 5075 τύπον
1839 5027 1938 5090 τῆς
1995 5019 2081 5075 ἐκ·

443 5108 756 5183 φωνήσεως,
788 5105 876 5161 καὶ
910 5104 998 5162 διά
1033 5109 1131 5177 τὴν
1179 5113 1287 5163 τῶν
1333 5106 1581 5180 κλήσεων
1633 5105 1882 5183 δύναμιν,
1935 5108 2081 5184 λέγω

437 5201 538 5264 τῆς
600 5194 832 5269 ΙΙατρὸς,
895 5195 983 5251 καὶ
1041 5198 1186 5270 Υἱοῦ,
1230 5195 1284 5252 α¹ἷ
1338 5219 1399 5275 γε
1456 5199 1701 5274 σχετικαὶ
1760 5198 1933 5271 οὖσαι,
1992 5198 2081 5254 καὶ

440 5281 705 5355 ἀλλήλων
771 5283 1166 5363 ἐφελκυστικαὶ,
1218 5284 1371 5342 οὐδέν
1416 5309 1470 5342 τι
1524 5291 1631 5342 τῶν
1673 5289 1920 5344 ἁπάντων
1983 5308 2076 5359 με-

437 5373 566 5444 ταξὺ
624 5371 1035 5450 καταδέχονται,
1071 5373 1160 5431 διὰ
1202 5381 1363 5431 τοῦτο
1420 5381 1709 5453 προσεχῶς
1766 5379 1793 5431 ὁ
1826 5377 1945 5439 Υἱὸς
2002 5381 2079 5449 τῷ

439 5462 638 5539 Πατρί.
689 5465 760 5518 Τὸ
819 5461 877 5519 δὲ
933 5469 1153 5537 Πνεῦμα
1206 5462 1368 5542 εἷ’ργει
1425 5466 1517 5538 μὲν
1568 5471 1855 5542 προσεχῶς
1912 5465 2078 5521 εἰπεῖν

444 5556 479 5625 ἡ
510 5557 618 5608 τῶν
684 5553 965 5627 ὀνομάτων
1028 5551 1274 5628 δύναμις,
1336 5554 1451 5609 Υὶὸν
1511 5554 1726 5629 ἀμέσως
1785 5555 2078 5611 συνάπτου-

443 5664 509 5699 σα
544 5647 623 5716 τῷ
653 5643 848 5721 ΙΙατρὶ,
880 5641 1046 5720 εἷ’ργει
1076 5642 1132 5698 δὲ
1176 5644 1265 5698 καὶ
1312 5645 1347 5713 ἡ
1396 5641 1630 5720 πρόοδος
1675 5650 1773 5701 τοῦ
1825 5645 2079 5722 ἀριθμοῦ,

444 5730 692 5792 οὐδέποτ’
741 5732 896 5797 εὐθὺς
944 5738 1023 5807 τῷ
1066 5732 1383 5810 ἀριθμοῦντι
1439 5733 1572 5807 μετά
1632 5734 1753 5809 μίαν
1805 5733 1900 5791 δύο
1951 5755 2080 5812 προ-

2188 4752 2354 4821 τριῶν
2381 4748 2558 4818 ἡλίων
2593 4748 2889 4823 ὑπεθέμεθα
2931 4750 3031 4819 τήν
3087 4748 3285 4819 εἶκόνα,
3317 4746 3464 4804 ἀλλά
3518 4747 3681 4819 ἥλιον
3739 4748 3829 4805 καὶ

2190 4836 2534 4914 ἀπαύγασμα,
2588 4838 2678 4893 καὶ
2732 4838 2796 4893 τὸ
2854 4837 2912 4894 ἐκ
2962 4841 3062 4893 τοῦ
3115 4836 3280 4908 ἡλίου
3349 4836 3401 4892 ἐν
3456 4841 3536 4910 τῷ
3591 4837 3832 4915 ἀπαυγά-

2191 4947 2354 4999 σματι
2413 4931 2550 5005 φῶς.
2607 4929 2766 4982 Ὥστε
2828 4923 2993 4998 ἔξεστί
3044 4948 3128 4981 σοι
3185 4931 3427 4997 σκοπεῖν,
3480 4926 3554 4990 ὡς
3613 4928 3677 4982 οὐ
3728 4928 3829 4997 τήν

2192 5014 2411 5092 ὕπαρξιν
2474 5015 2695 5086 αύτήνὸ
2748 5016 2915 5091 μέγας
2972 5013 3209 5071 διδάσκει
3264 5012 3351 5069 διὰ
3409 5019 3503 5070 τοῦ
3558 5015 3706 5089 Υἱοῦ,
3736 5019 3836 5087 τήν

2192 5102 2249 5160 δὲ
2307 5107 2630 5184 φανέρωσιν,
2689 5105 2799 5178 καὶ,
2842 5106 2916 5168 ὡς
2971 5105 3200 5181 εἴρηται,
3258 5105 3357 5174 τὴν
3418 5103 3755 5181 ἀπόλαμψιν,
3803 5108 3838 5175 ἣ

2188 5193 2280 5249 καὶ
2338 5194 2413 5256 ὡς
2474 5194 2501 5248 ὁ
2563 5194 2725 5271 μέγας
2783 5193 3063 5256 Βασίλειος
3141 5189 3307 5271 ἔφησε
3356 5184 3447 5247 16v
3506 5192 3834 5269 γνωρισμόν.

2189 5284 2250 5341 Ὁ
2284 5280 2329 5337 δ’
2385 5282 2544 5345 αὐτὸς
2605 5282 2655 5337 ἐν
2704 5286 2773 5356 τῇ
2812 5283 2948 5358 πρὸς
3005 5281 3324 5357 Σεραπίωνα
3387 5279 3671 5356 ἐπιστολῇο
3730 5286 3835 5337 Τοῦ

2188 5371 2366 5427 τοίνυν
2433 5373 2646 5449 ΙΙατρὸς
2702 5367 2857 5434 ὄντος
2927 5372 3129 5450 φωτὸς,
3187 5374 3283 5426 τοῦ
3342 5367 3402 5426 δὲ
3453 5372 3579 5429 Υἱοῦ
3660 5370 3833 5426 ἀπαυ-

2189 5460 2462 5539 γάσματος
2547 5461 2733 5535 αὐτοῦ,
2782 5459 2977 5531 ἔξεστιν
3053 5462 3180 5535 ὁρᾷν
3264 5459 3354 5515 καὶ
3438 5459 3490 5516 ἐν
3578 5464 3660 5533 τῷ
3722 5461 3831 5534 Υἱῷ

2188 5552 2250 5606 16
2332 5554 2554 5624 Πνεῦμα
2626 5551 2688 5605 τὸ
2776 5551 2951 5626 ἅγιον,
3012 5550 3057 5623 ᾧ
3114 5548 3476 5628 φωτιζόμεθα.
3534 5548 3633 5604 Καὶ
3714 5551 3830 5624 μεθ’

2187 5636 2361 5715 ἓτερω
2394 5645 2497 5694 Τοῦ
2556 5639 2771 5716 ΙΙατρὸς
2829 5635 2981 5701 ὄντος
3037 5646 3247 5715 πηγῆς,
3288 5643 3385 5694 τοῦ
3441 5636 3498 5695 δὲ
3552 5640 3677 5697 Υἱοῦ
3733 5659 3833 5695 πο-

2187 5734 2385 5806 ταμοῦ,
2434 5727 2710 5805 λεγόμεθα
2766 5728 2935 5785 πίνειν
2992 5729 3056 5785 τὸ
3114 5732 3335 5803 Πνεῦμα
3388 5729 3450 5784 τὸ
3504 5729 3674 5805 ἅγιον.
3728 5730 3827 5784 Καὶ
