4118 6428
313 407 426 470 285

1289 411 1391 471 DE
1435 409 1975 473 PROCESSIONE
2018 410 2377 474 SPIRITUS
2424 410 2728 473 SANCTI.

3588 384 3707 469 236

310 537 480 604 αὖθιςο
532 538 744 614 Πέμψω
801 540 928 613 ὑμῖν
975 539 1065 595 τὸν
1100 539 1455 617 Παράκλητον
1489 540 1553 595 τὸ
1584 545 1823 614 Πνεῦμα,
1854 546 1951 610 τῆς
1984 540 2206 610 Αἴσασι
2272 543 2484 605 πάντες.
2548 539 2701 611 Πλὴν
2757 540 2846 596 καὶ
2900 538 2988 596 διὰ
3060 545 3157 595 τοῦ
3218 541 3340 599 Γὶοῦ
3408 539 3705 615 πεφηνέναι

311 626 566 698 ἀληθείας
613 626 646 683 6'
692 630 842 705 παρά
881 634 977 685 τοῦ
1024 630 1234 708 [ἰατρὸς
1292 628 1657 707 ἐκπορεύεται,
1708 629 1737 684 ὅ
1786 632 1814 685 6
1862 630 1954 685 κό-

312 738 447 791 σμος
505 716 569 772 ού
621 714 843 773 δύναται
909 714 1119 790 λαϐεῖν,
1178 718 1236 781 ὅς
1302 719 1465 787 ἐστιν,
1526 721 1577 775 οἰ
1633 719 1958 796 ἀρνούμενοι

310 806 466 861 αὑτὸν
519 806 580 861 ἐκ
624 812 724 862 τοῦ
779 809 988 884 Πατρὸς
1038 807 1089 863 ἐν
1129 813 1209 881 τῷ
1236 810 1473 885 Χριστῷ.
1508 809 1571 866 Εἰ
1602 808 1779 863 τοίνυν
1815 805 1955 864 ἔστιν

309 896 372 952 ἐκ
421 899 519 951 τοῦ
578 897 790 972 Πατρὸς
844 896 896 952 ἐν
944 896 1025 970 τῷ
1072 902 1306 972 Χριστῷ,
1354 897 1406 953 τί
1450 896 1509 953 ἄν
1545 896 1627 970 εἶή
1659 899 1721 954 τὸ
1751 896 1840 953 διὰ
1861 902 1959 952 τοῦ

311 985 459 1057 Υἰοῦ,
523 984 569 1040 εἰ
632 986 709 1060 μή
767 984 819 1040 ἔν
877 1007 940 1062 γε
989 991 1095 1041 τῶν
1143 986 1594 1061 προειρημένων;
1644 986 1704 1041 οὑ
1753 988 1853 1063 γὰρ
1898 983 1957 1040 ἄν

310 1080 495 1129 νοοῖτο
551 1074 642 1129 καὶ
703 1075 853 1137 αὖθις
912 1072 1000 1130 διὰ
1059 1079 1154 1130 τοῦ
1212 1076 1341 1130 Υἰοῦ
1372 1076 1617 1151 ὕπαρξις,
1650 1073 1828 1147 ὥσπερ
1862 1074 1961 1130 ούκ

312 1163 608 1239 clpam-kaq,
665 1164 701 1232 ἢ
762 1163 988 1227 ἀτελοῦς
1039 1162 1206 1233 οὔσης
1265 1167 1363 1233 τῆς
1421 1165 1479 1220 ἐκ
1552 1169 1649 1219 τοῦ
1724 1164 1958 1239 Πατρός.

307 1250 487 1310 Ἀλλὰ
543 1249 614 1321 δὴ
666 1252 758 1307 καὶ
817 1253 846 1307 6
904 1251 1066 1329 λόγος
1122 1260 1221 1323 τῆς
1281 1252 1569 1326 εἰρημένης
1634 1252 1856 1325 εἰκόνος,
1903 1251 1962 1307 ἐκ

312 1345 409 1396 τοῦ
467 1339 660 1410 ἡλίου,
716 1342 899 1418 φησὶν,
951 1340 1003 1396 ἐν
1054 1346 1133 1414 τῷ
1171 1341 1552 1417 ἀπαυγάσματι
1584 1346 1719 1420 φῶς.
1752 1342 1815 1396 Εἰ
1845 1340 1959 1396 τοί-

311 1450 403 1485 νυν
449 1429 513 1485 ἐκ
542 1434 640 1485 τοῦ
688 1428 854 1498 ἡλίου
903 1428 955 1485 ἐν
1003 1434 1083 1503 τῷ
1125 1431 1505 1506 ἀπαυγάσματι
1553 1428 1731 1508 φωτὸς
1791 1430 1959 1506 ὕπαρ-

314 1520 411 1590 ξις,
466 1519 560 1574 καὶ
617 1516 707 1573 δια
760 1522 858 1573 τοῦ
921 1518 1345 1594 ἀπαυγάσματος
1402 1521 1465 1574 16
1522 1523 1635 1597 φῶς
1668 1516 1814 1595 λέγει
1853 1540 1959 1588 τις,

314 1606 504 1663 οὖκᾶν
555 1606 720 1664 πάλιν
768 1607 843 1671 ὡς
893 1607 1090 1672 ἐκεῖθεν
1141 1607 1361 1685 ὕπαρξιν
1406 1604 1686 1682 λαμϐάνον
1737 1605 1963 1671 δικαίως

315 1696 516 1771 λέγοίο
589 1697 637 1751 εἰ
706 1698 782 1770 μή
849 1718 933 1759 τις
995 1697 1059 1752 τὸ
1117 1695 1313 1753 ἐκεῖθεν
1388 1694 1687 1771 ἐκλάμπειν
1749 1693 1960 1771 (ἐπειδὴ

315 1784 615 1862 σύγκρατόν
675 1785 786 1841 ἐστι
844 1783 1033 1841 διόλου
1087 1790 1166 1859 τῷ
1234 1785 1633 1861 ἀπαυγάσματι)
1710 1784 1960 1841 οὐσίωσιν

2068 628 2248 709 φησίν.
2300 628 2458 687 Ἀλλ’
2509 631 2713 693 ἐκεῖνος
2762 633 2895 704 ἡμῖν
2946 630 3037 686 καὶ
3074 630 3181 707 οὐχ
3228 627 3407 705 ἔτερος
3441 625 3537 683 ἴτω
3590 632 3700 684 τῶν

2067 718 2282 775 οἰκείων
2350 718 2640 793 ἐξηγητής.
2690 725 2785 774 Ἐκ
2835 723 2934 775 τοῦ
2992 718 3200 795 ῐιατρὸς
3259 718 3287 771 6
3344 716 3487 790 Υἱὸς,
3546 716 3701 795 φησὶ,

2072 806 2137 830 ’κν
2224 808 2246 828 ν·
2337 809 2349 826 ι
2472 810 2481 823 ι
2678 810 2703 828 γ
2823 808 2832 826 ο
3266 811 3290 820 .-
3559 807 3584 825 ρ.

2069 822 2119 863 οι
2186 830 2247 863 ου
2293 830 2360 863 τα
2412 830 2604 880 παντα,
2663 831 2709 881 ῳ
2765 829 2981 870 παντως
3034 808 3096 862 τὸ
3154 808 3377 878 Πνευμα
3432 805 3493 861 τὸ
3551 827 3703 882 αγιον

2068 897 2389 974 ἀχωρίστως
2459 902 2865 954 συνεπινοεῖτατ.
2933 896 3006 951 Ού
3078 896 3181 973 γὰρ
3240 890 3380 950 ἔστιν
3444 893 3495 949 ἐν
3553 915 3705 971 περι-

2067 986 2190 1058 νοίᾳ
2286 990 2382 1040 τοῦ
2473 986 2598 1041 Υἰοῦ
2681 986 2940 1063 γενέσθαι,
3021 986 3096 1060 μὴ
3172 984 3711 1062 προκαταυγασθέντα

2067 1079 2145 1148 τῷ
2220 1073 2515 1148 Πνεύματι.
2593 1072 2812 1145 Ἐπειδὴ
2886 1074 3064 1130 τοίνυν
3140 1074 3203 1130 τὸ
3258 1074 3412 1150 ἅγιον
3466 1075 3710 1148 Πνεῦμα,

2069 1173 2158 1252 ἀφ’
2204 1173 2267 1228 οὗ
2313 1177 2457 1228 πᾶσα
2504 1172 2590 1228 ἐπὶ
2635 1175 2734 1243 τὴν
2776 1171 2949 1229 κτίσιν
2999 1175 3034 1242 ἡ
3083 1176 3191 1229 τῶν
3218 1172 3432 1247 ἀγαθῶν
3473 1168 3714 1248 χορηγία

2068 1263 2323 1336 πηγάζει,
2376 1266 2471 1317 τοῦ
2520 1262 2645 1320 Υἰοῦ
2699 1263 2793 1335 μὲν
2847 1259 3078 1339 εἷ’ρηται,
3129 1263 3175 1335 ᾧ
3219 1257 3554 1322 ἀδιαστάτως
3584 1280 3709 1336 συγ-

2068 1346 2561 1424 καταλαμϐάνεται,
2634 1357 2735 1420 τῆς
2790 1347 2848 1405 δὲ
2911 1354 3008 1405 τοῦ
3068 1349 3275 1425 Πατρὸς
3322 1348 3495 1410 αἰτίας
3544 1346 3711 1422 ἐξημ-

2074 1439 2236 1513 μόνον
2290 1436 2407 1515 ἔχει
2459 1439 2521 1494 τὸ
2581 1439 2715 1494 εἶναι
2770 1438 2887 1495 ὅθεν
2936 1439 3027 1494 καὶ
3094 1437 3482 1515 ἐκπορεύεται·
3541 1441 3707 1493 τοῦτο

2070 1528 2425 1605 γνωριστικὸν
2460 1534 2561 1597 τῆς
2607 1529 2744 1584 κατὰ
2786 1530 2886 1598 τὴν
2952 1528 3235 1584 ὑπόστασιν
3289 1525 3560 1598 ἰδιότητος
3609 1548 3708 1597 ση-

2077 1621 2228 1691 μεῖον
2277 1613 2416 1693 ἔχει,
2462 1617 2525 1673 τὸ
2576 1618 2711 1691 μετά
2764 1622 2861 1673 τοῦ
2908 1618 3034 1673 Υἰοῦ
3080 1619 3169 1672 καὶ
3218 1617 3308 1671 σὺν
3335 1615 3481 1688 αὗτῷ
3508 1613 3706 1692 γνωρί-

2075 1712 2277 1777 ζεσθαι,
2350 1706 2439 1762 καὶ
2511 1708 2574 1762 τὸ
2630 1707 2689 1763 ἐκ
2742 1712 2837 1762 τοῦ
2913 1707 3128 1782 Πατρὸς
3179 1705 3482 1784 ὑφεστάναι.
3540 1706 3597 1760 Ὁ
3653 1702 3711 1761 δέ

2077 1796 2197 1859 Υἱὸς
2257 1796 2285 1851 ὁ
2338 1796 2402 1851 τὸ
2472 1795 2896 1873 ἐκπορευόμενον
2962 1798 3184 1870 Πνεῦμα
3238 1794 3298 1851 ἐκ
3344 1799 3442 1850 τοῦ
3500 1795 3711 1871 ΙΙατρὸς

315 1874 406 1980 καὶ
458 1873 684 1980 ὕπαρξιν
734 1873 976 1980 γομίζοι,
1032 1872 1164 1978 ἕπερ
1186 1873 1323 1980 νοῦκ
1360 1870 1526 1980 ἔστιν.
1558 1871 1965 1980 ἀλξθξςζὶΜᾶλῑ
1993 1914 2042 1980 Β
2074 1881 2145 1938 δι’
2200 1883 2390 1940 ἐαυτοῦ
2448 1884 2535 1940 καὶ
2598 1870 2711 1959 μεθ’
2768 1886 2957 1940 ἑαυτοῦ
3011 1885 3285 1962 γνωρίζων
3349 1883 3510 1957 μόνος
3555 1870 3714 1957 μονο-

317 1962 417 2018 λον
464 1963 568 2039 γὰρ
628 1961 925 2041 φανέρωσις
968 1967 1128 2019 τοῦτο
1176 1960 1318 2040 ἤπερ
1359 1962 1602 2040 ὕπαρξις.
1654 1962 1831 2020 Ἀλλά
1871 1961 1962 2018 καὶ

317 2052 381 2107 16
434 2056 534 2106 τοῦ
590 2057 842 2125 ποταμοῦ
899 2049 1069 2129 ὕδωρ,
1127 2051 1174 2107 εἰ
1233 2051 1293 2106 ἐκ
1344 2056 1443 2107 τοῦ
1498 2056 1748 2126 ποταμοῦ
1805 2051 1879 2115 ὡς
1913 2051 1965 2123 ἐξ

314 2140 489 2203 αἰτίας
531 2145 631 2196 τοῦ
697 2137 831 2195 εἶ’ναι
894 2138 1061 2196 οἰέταί
1114 2163 1218 2213 τις,
1279 2140 1368 2196 καὶ
1429 2140 1556 2215 οὐχὶ
1632 2138 1845 2213 μᾶλλον
1907 2139 1968 2196 ἐκ

313 2231 414 2298 τῆς
468 2232 657 2305 πηγῆς
712 2228 1027 2303 θαυμάζοιμ
1098 2228 1157 2284 ἄν
1217 2230 1346 2305 ἐγώ.
1409 2227 1565 2286 Ἀλλ’
1614 2229 1673 2284 ἐκ
1718 2234 1829 2285 τῶν
1867 2234 1965 2284 τοῦ

319 2317 562 2394 μεγάλου
590 2317 911 2373 ’Δθανασίου
940 2316 1048 2374 ὧδέ
1076 2340 1193 2381 πως
1227 2318 1286 2373 ἂν
1320 2314 1442 2395 ἔχοι
1483 2322 1554 2393 τῇ
1605 2323 1702 2374 τοῦ
1747 2339 1964 2395 προκει-

321 2406 488 2481 μένου
518 2405 729 2479 διανοίᾳ
759 2401 1079 2481 συμϐαλεῖν.

389 2514 405 2533 ⁸
435 2518 478 2567 Ο
506 2509 567 2568 δὲ
612 2511 824 2580 Νύσσης
875 2512 1202 2589 Γρηγόριος,
1254 2512 1338 2569 δτι
1385 2513 1489 2569 οὐκ
1527 2512 1671 2569 ἄλλο
1701 2516 1900 2585 νοήσας
1927 2512 1965 2584 ἦ

318 2606 504 2673 τοῦτο,
567 2601 841 2679 ἐχρήσατο
896 2601 966 2676 τῇ
1022 2599 1129 2675 διὰ,
1189 2599 1441 2672 ἄκουσον,
1496 2600 1757 2678 λέγοντος
1793 2621 1805 2633 ·
1884 2604 1969 2675 Ἐξ

319 2691 620 2767 ἆγεψήτου
667 2689 833 2760 ἡλίου
882 2687 1053 2745 ἄλλον
1106 2690 1262 2761 ἣλιον
1313 2695 1543 2765 νοῶμεν,
1595 2693 1735 2766 ὁμοῦ
1773 2696 1840 2766 τῇ
1871 2696 1969 2747 τοῦ

318 2780 547 2857 πρώτου
619 2779 832 2852 ἐπινοίᾳ
916 2784 1187 2854 γεννητῶς
1284 2779 1429 2853 αύτῷ
1514 2779 1967 2854 συνεκκάμποντα,

319 2869 411 2924 καί
466 2870 604 2923 κατὰ
647 2867 821 2923 πάντα
866 2868 1127 2931 ὡσαύτως
1195 2867 1413 2945 ἔχοντα,
1472 2866 1667 2925 καλλει
1723 2866 1967 2943 δυνάμει,

324 2956 667 3031 λαμπηδόνι,
729 2958 961 3033 μηέθει,
1020 2955 1397 3035 φαιδρότηται,
1452 2958 1542 3013 καὶ
1597 2964 1756 3013 πᾶσιν
1834 2959 1970 3031 ἅπαξ

321 3052 441 3109 τοῖς
497 3046 623 3121 περὶ
687 3046 779 3101 τὸν
850 3045 1011 3115 ἥλιον
1090 3047 1507 3120 θεωρουμένοις.
1587 3048 1687 3105 Καὶ
1752 3048 1918 3104 πάλιν
1954 3068 1967 3081 ⁶

325 3139 547 3212 Ἕτερον
625 3133 909 3209 ἐκλάμψαν
981 3132 1104 3190 οὔτε
1155 3132 1502 3209 διαστήματι,
1579 3133 1701 3192 οὔτε
1763 3136 1970 3216 φύσεως

329 3221 628 3301 ἐτερότητι,
688 3227 785 3278 τοῦ
833 3224 1047 3300 Πατρὸς
1095 3224 1130 3293 ἢ
1200 3226 1542 3300 Μονογενοῦς
1590 3225 1968 3298 ἀποτέμνεται.

328 3313 429 3369 Καὶ
486 3312 539 3367 ἐν
584 3317 663 3385 τῷ
722 3313 800 3376 εἰς
844 3312 936 3367 τὸν
1000 3315 1440 3391 πρωτομάρτυρα
1484 3316 1747 3393 Στέφανον
1797 3313 1969 3390 ἐγκω-

332 3402 461 3477 μίῳ.
524 3401 674 3457 Ἑπεί
722 3399 814 3456 οὖν
872 3400 923 3456 ἐν
980 3406 1058 3474 τῷ
1118 3402 1273 3480 ’φωτὶ
1342 3406 1441 3457 τοῦ
1516 3404 1747 3479 Πατρὸς,
1815 3404 1969 3482 φησὶ,

324 3489 572 3547 τουτέστι
629 3495 706 3563 τῷ
758 3491 1036 3564 ῘΙνεύματι
1088 3496 1168 3563 τῷ
1222 3491 1363 3566 ἁγίῳ
1416 3496 1495 3564 τῷ
1553 3491 1750 3557 ἐκεῖθεν
1808 3491 1969 3548 ἐκπο-

326 3580 630 3657 ρευομένῳ,
687 3579 749 3634 16
809 3580 1094 3654 μονογενὲς
1148 3581 1439 3656 καθορᾶται
1489 3585 1622 3660 φῶς,
1684 3578 1774 3637 διὰ
1809 3585 1970 3636 τοῦτο

324 3669 815 3746 προκαταυγασθεὶς
997 3665 1122 3743 δόξῃ
1177 3673 1274 3723 τοῦ
1333 3669 1669 3743 Ιῐνεύματος,
1743 3669 1832 3725 καί
1905 3669 1999 3749 τό.¹

324 3760 472 3830 ἑξῆς.
530 3760 686 3834 Ὁρᾷς
743 3758 817 3819 ὡς
866 3759 1179 3834 ἁπανταχοῦ
1232 3756 1519 3833 σύμφωνός
1578 3760 1716 3814 ἐστιν
1800 3760 1972 3834 ἑαυτῷ

327 3848 355 3901 ὁ
412 3843 760 3917 διδάσκαλος,
816 3846 917 3914 τήν
986 3846 1081 3918 μὲν
1139 3844 1452 3922 ἐκπόρευσιν
1506 3847 1596 3901 καὶ
1662 3846 1809 3910 ὅλως
1872 3850 1972 3919 τήν

326 3934 552 4012 ὕπαρξιν
606 3938 704 3990 τοῦ
760 3933 1072 4010 ΙΙνεύματος
1128 3934 1334 3991 τελείαν
1396 3932 1660 3991 διδάσκων
1736 3936 1795 3992 ἐκ
1871 3943 1969 3993 τοῦ

324 4024 567 4098 ΙῙατρὸς,
625 4022 921 4097 ἐκλάμπειν
981 4020 1039 4079 δὲ
1098 4022 1260 4097 μόνον
1316 4023 1490 4101 λέγων
1547 4022 1634 4081 διά
1688 4031 1786 4081 τοῦ
1813 4027 1962 4100 Υἱοῦ,

323 4114 413 4169 καὶ
470 4115 587 4168 οἷον
644 4111 989 4188 προλάμπειν
1039 4111 1222 4189 ὥσπερ
1280 4119 1379 4183 τῆς
1430 4114 1643 4176 ἀκτῖνος
1701 4115 1764 4169 τὸ
1829 4119 1965 4193 φῶς.

324 4200 502 4260 Ἀλλά
557 4200 621 4256 σύ
668 4221 728 4277 γε
784 4201 832 4255 εἰ
883 4201 958 4273 μὴ
1015 4198 1228 4256 τελείαν
1275 4200 1573 4278 ὁμολογεῖς
1629 4202 1689 4258 ἐκ
1728 4207 1826 4259 τοῦ
1858 4206 1968 4262 ΙΙα-

321 4293 454 4369 τρὸς
504 4292 605 4359 τὴν
666 4294 762 4345 τοῦ
823 4289 1137 4363 Πνεύματος
1204 4288 1451 4366 ὕπαρξιν,
1508 4290 1969 4370 προσαναπλήρου

326 4378 419 4435 διὰ
466 4386 569 4449 τῆς
624 4376 694 4434 δι’
742 4379 865 4434 ι’ἰοῦ
916 4378 1260 4453 ἐκλάμψεως,
1311 4377 1395 4434 ἷ¹να
1443 4380 1759 4456 σεμνότερον
1815 4381 1853 4457 ᾖ
1907 4384 1970 4438 τὸ

326 4466 511 4546 δόγμα
555 4468 644 4523 καὶ
700 4468 1176 4544 θεοπρεπέστερον·
1240 4467 1348 4544 ἐγὼ
1396 4467 1454 4524 δὲ
1490 4469 1701 4526 τέλειον
1741 4471 1804 4526 τὸ
1836 4471 1968 4526 εἶναι

326 4557 386 4613 ἐκ
458 4561 555 4612 τοῦ
628 4556 836 4634 Πατρὸς
902 4556 1243 4632 ὁμολογήσω
1308 4559 1390 4631 τῷ
1460 4558 1752 4633 ΙΙνεύματι.
1811 4558 1968 4616 Διδά-

2073 1976 2242 2049 γενῶς
2318 1972 2377 2028 ἐκ
2446 1974 2542 2029 τοῦ
2615 1974 2911 2052 ἀγεννήτου
2969 1975 3146 2054 φωτὸς
3204 1972 3508 2048 ἐκλάμψας,
3565 1970 3714 2029 οὐδε-

2077 2061 2200 2136 μίαν
2242 2063 2378 2118 κατα
2415 2064 2478 2118 τὸ
2529 2061 2729 2133 ἰδιάζον
2778 2068 2886 2119 τῶν
2932 2063 3326 2138 γνωρισμάτων
3375 2064 3472 2133 τὴν
3520 2083 3716 2118 κοινω-

2071 2151 2187 2207 νίαν
2237 2151 2350 2229 ἔχει
2396 2154 2530 2229 πρὸς
2578 2154 2669 2209 τὸν
2742 2154 2977 2229 Πατέρα,
3030 2154 3065 2222 ἢ
3096 2154 3158 2208 τὸ
3194 2155 3413 2225 Ιῐνεῦμα
3438 2152 3501 2207 τὸ
3533 2151 3712 2229 ἅγιον,

2076 2239 2221 2297 ἀλλὰ
2274 2247 2391 2305 τοῖς
2441 2240 2747 2319 εἰρημένοις
2800 2241 2986 2315 μόνοις
3056 2240 3302 2313 σημείοις
3370 2239 3711 2317 γνωρίζεται.

2073 2340 2131 2394 Ὀ
2189 2336 2236 2394 δ’
2285 2339 2373 2395 ἐπὶ
2419 2341 2629 2395 πάντων
2687 2341 2840 2408 Θεὸς,
2885 2337 2973 2394 καὶ
3022 2338 3087 2393 τὰ
3137 2338 3281 2411 έξῆς.
3331 2337 3464 2392 Εἶτα
3508 2335 3572 2391 σύ
3621 2357 3713 2409 μοι

2074 2428 2366 2503 χρησμοὺς
2422 2428 2581 2484 πόθεν
2636 2426 2937 2489 ἀνασπάσας
2993 2423 3198 2482 δείκνυε
3269 2428 3404 2500 ἡμῖν
3479 2424 3539 2480 ἐκ
3617 2428 3716 2481 τοῦ

2076 2519 2201 2572 Υἰοῦ
2258 2518 2348 2573 καὶ
2405 2518 2588 2593 ἑτέραν
2643 2521 2739 2573 τοῦ
2797 2515 3111 2590 Πνεύματος
3171 2514 3418 2592 ὕπαρξιν,
3474 2515 3574 2584 τήν
3624 2514 3715 2570 καὶ

2074 2610 2172 2661 τοῦ
2222 2608 2346 2663 Υἰοῦ
2391 2607 2559 2681 λέξιν,
2611 2606 2720 2683 υύχ
2766 2606 2840 2669 ὡς
2884 2606 2913 2660 ὁ
2960 2603 3135 2668 πολὺς
3188 2604 3346 2666 οὗτος
3391 2606 3491 2674 τὴν
3520 2602 3710 2659 θεολο-

2074 2694 2191 2772 γίαν
2260 2695 2560 2766 Βασίλειος,
2620 2695 2695 2759 ὡς
2768 2692 2813 2750 δ’
2886 2692 3086 2757 ἐθέλεις
3162 2692 3546 2770 ἐξηγούμενος.
3615 2690 3715 2747 Καὶ

2076 2783 2239 2840 πάλιν
2288 2786 2351 2840 τὸ
2424 2789 2711 2862 προσεχῶς
2782 2783 2871 2839 καὶ
2948 2780 3036 2838 διὰ
3107 2787 3203 2838 τοῦ
3277 2786 3565 2859 προσεχῶς
3639 2781 3717 2845 εἰς

2083 2873 2240 2947 μέσον
2292 2875 2529 2951 ἀγαγὼν,
2586 2874 2632 2930 εἰ
2703 2874 2777 2947 μὴ
2830 2870 3066 2948 δέχομαι
3111 2872 3203 2927 τὸν
3252 2870 3465 2941 Νύσσης
3521 2870 3715 2948 ἐρώτα,

2080 2962 2126 3017 εἰ
2203 2965 2278 3037 μή
2357 2963 2515 3019 αὐτὸν
2591 2965 2835 3039 -ὁγοῦμαι
2912 2956 3179 3022 εὐσεϐείας
3253 2957 3597 3029 διδάσκαλον,
3673 2958 3719 3015 εἰ

2084 3053 2159 3125 μή
2236 3052 2533 3131 σαφέστατα
2608 3049 2699 3107 διὰ
2770 3055 2866 3105 τοῦ
2940 3051 3064 3104 Υἰοῦ
3135 3048 3225 3104 καὶ
3297 3047 3356 3104 ἐκ
3424 3052 3521 3103 τοῦ
3594 3048 3720 3103 Υἰοῦ

2082 3140 2343 3218 ὑπάρχειν
2417 3140 2641 3197 ἐνταῦθα
2688 3138 2833 3215 λέγει
2881 3140 2943 3194 τὸ
2999 3143 3244 3212 Πνεῦμα.
3306 3134 3461 3193 Ἀλλ’
3516 3135 3561 3192 ὦ
3602 3137 3723 3208 τάν,

2083 3229 2245 3308 φαίην
2287 3229 2346 3284 ἀν
2425 3229 2550 3307 ἐγὼ,
2628 3229 2685 3283 σὲ
2760 3227 2850 3284 λέν
2929 3226 3028 3283 οὐκ
3100 3227 3159 3282 ἂν
3237 3224 3492 3301 δεξαίμην
3563 3227 3722 3300 ποτὶ,

2083 3326 2256 3390 οὓτως
2304 3327 2656 3404 ἐξηγούμενον
2703 3326 2768 3382 τὰ
2843 3324 3045 3380 ἐκείνου
3081 3343 3094 3357 ⁸
3163 3323 3363 3379 ἐκεῖνον
3412 3321 3468 3379 δὲ
3514 3323 3603 3379 καὶ
3655 3325 3724 3380 τὰ

2080 3415 2285 3471 ἐκείνου
2337 3419 2512 3491 τιμῶν
2566 3415 2668 3471 οὐκ
2715 3414 2774 3470 ἂν
2834 3412 3273 3491 παραιτησαίμην
3327 3412 3415 3468 καὶ
3464 3409 3574 3468 ἅνω
3630 3414 3722 3491 φέ-

2082 3525 2190 3582 ρειν
2239 3512 2337 3576 τῆς
2380 3503 2644 3584 κεφαλῆς.
2695 3506 2847 3559 Ὂθεν
2900 3502 3111 3569 ἀκούων
3187 3500 3443 3577 λέγοντος
3514 3501 3573 3558 ἐκ
3626 3506 3722 3558 τοῦ

2082 3594 2290 3671 ΙΙατρὸς
2339 3593 2715 3671 ἐκπορεύεσθαι
2762 3592 2851 3648 καὶ
2897 3594 2959 3647 τὸ
3017 3591 3147 3647 εἶναι
3193 3588 3335 3669 ἔχειν
3385 3591 3449 3647 16
3498 3595 3722 3665 Πνεῦμα

2078 3683 2165 3739 καθ
2221 3684 2313 3738 τὸν
2374 3682 2580 3756 Πατέρα
2635 3679 2806 3737 αἶ’-τιον
2862 3680 3027 3757 ἔχειν,
3085 3681 3147 3736 ού
3202 3682 3292 3736 τὸν
3349 3680 3491 3752 Υἰὸν,
3548 3684 3715 3736 ταῦτα

2080 3771 2339 3848 ὁμολογῶ
2386 3772 2475 3827 καὶ
2524 3770 2705 3843 αὐτὸς,
2756 3771 2844 3826 καὶ
2896 3769 3220 3845 ὁμολογεῖν,
3270 3768 3369 3824 οὐκ
3407 3767 3466 3824 ἂν
3492 3768 3721 3824 παυσαί-

2084 3882 2215 3934 μην.
2274 3861 2540 3935 Λέγοντος
2597 3858 2655 3915 δὲ
2708 3858 2872 3915 πάλιν
2930 3859 3020 3915 καὶ
3076 3864 3174 3914 τοῦ
3234 3858 3360 3913 Υἰοῦ
3418 3859 3572 3931 εἶναι,
3628 3859 3718 3913 καί

2087 3947 2224 4005 ἰ¹διον
2272 3953 2368 4004 τοῦ
2417 3950 2566 4019 Υἰοῦ,
2612 3947 2701 4003 καὶ
2754 3945 2823 4003 δι’
2869 3947 3033 4003 αὐτοῦ
3073 3946 3367 4021 ἐκλάμπειν
3416 3947 3505 4002 καὶ
3567 3968 3724 4027 φανε-

2080 4042 2299 4115 ροῦσθαι
2374 4038 2464 4093 καὶ
2540 4036 2892 4114 γνωρίζεσθαι
2920 4036 3010 4092 καὶ
3083 4036 3390 4110 πέμπεσθαι
3474 4034 3562 4091 καὶ
3638 4032 3719 4090 δί-

2082 4124 2269 4182 δοσθαι
2310 4131 2427 4189 τοῖς
2473 4125 2644 4198 ἀξίοις
2692 4121 2902 4198 λαϐεῖν,
2940 4124 3341 4200 συντίθεμαιτῇ
3372 4121 3715 4197 διδασκαλίᾳ,

2077 4214 2167 4271 καί
2210 4216 2272 4271 τὸ
2321 4213 2411 4271 διὰ
2454 4219 2551 4271 τοῦ
2598 4219 2884 4292 προσεχῶς
2931 4219 3093 4270 τοῦτο
3122 4215 3220 4283 τήν
3259 4210 3518 4289 ὑμετέραν
3551 4211 3720 4289 ἀκρό-

2076 4303 2239 4360 πολιν
2283 4306 2368 4360 ὑπ’
2416 4304 2602 4379 ἐκείνῳ
2669 4301 2981 4378 διδασκάλῳ
3046 4301 3581 4380 χειραγωγούμενος,
3642 4299 3720 4364 εἰς

2078 4400 2130 4458 ἔν
2188 4400 2586 4473 ὁποιονδήποτε
2626 4402 2835 4457 τούτων
2905 4401 3080 4481 φέρων
3142 4400 3354 4473 τίθημι·
3423 4398 3567 4470 Φησὶ
3614 4399 3718 4474 γάρ

2071 4488 2164 4546 τίνα
2215 4492 2278 4547 τὸ
2337 4491 2627 4566 μονογενὲς
2688 4489 2777 4546 ἐπὶ
2836 4495 2934 4545 τοῦ
2986 4490 3109 4544 Υἰοῦ
3143 4487 3295 4562 μένῃ,
3328 4486 3416 4542 καὶ
3444 4487 3506 4542 τὸ
3534 4485 3593 4541 ἐκ
3618 4489 3717 4542 τοῦ

2078 4580 2294 4656 Πατρὸς
2344 4580 2477 4635 εἶναι
2529 4581 2593 4635 τὸ
2642 4583 2865 4652 Πνεῦμα
2915 4578 2990 4651 μὴ
3039 4572 3446 4656 ἀμφιϐάλλοιτο
3489 4581 3590 4646 τῆς
3618 4578 3719 4631 τοῦ

327 4666 517 4743 ποθῗι
575 4646 679 4743 Ia?
859 4645 1006 4743 οδῖίίξ
1062 4644 1240 4722 λέγειν
1276 4647 1456 4743 ,οῖ-τά
1504 4654 1645 4743 μθεῖα
1697 4649 1855 4743 σοξΡοὶ
1912 4644 2046 4743 ἔκῙ)
2077 4644 2213 4724 Υἱοῦι
2259 4668 2523 4743 μεσιτείας
2576 4667 2667 4723 καὶ
2713 4644 2885 4739 ἑαυτῷ
2915 4644 2993 4721 ’τὸ
3045 4644 3329 4739 μονογενὲς
3426 4644 3720 4742 ρυλαττού-

321 4757 383 4791 τε
421 4732 493 4804 δὴ
542 4738 651 4789 τῶν
710 4732 894 4790 ἄλλων
941 4733 1144 4812 λόγων,
1203 4736 1293 4791 καὶ
1351 4735 1410 4792 ἐκ
1458 4740 1574 4791 τῶν
1603 4736 1972 4815 παραδειγμά-

324 4846 436 4880 των
482 4824 683 4894 αὐτῶν,
740 4827 860 4879 νοῦν
922 4821 1169 4902 λέγοντες
1232 4825 1322 4880 καὶ
1380 4824 1547 4903 λόγον
1602 4827 1691 4882 καὶ
1740 4832 1968 4902 πνεῦμα,

323 4911 516 4983 ἥλιον,
592 4912 811 4982 ἀκτῖνα,
885 4911 974 4967 καὶ
1049 4917 1185 4990 φῶς,
1261 4915 1462 4991 πηγὴν,
1539 4915 1804 4989 ποταμὸν,
1880 4917 1970 4972 καὶ

322 4999 496 5078 ὕδωρ.
550 5002 651 5058 Καὶ
702 5002 950 5077 περιττὸν
999 5002 1060 5057 ἄν
1137 4998 1220 5073 εἴη
1285 5004 1498 5058 πάντων
1568 5004 1689 5075 ἐξῆς
1754 5026 1966 5078 μνημο-

322 5092 519 5162 νεύειν,
555 5089 624 5147 δι’
654 5091 727 5146 ὧν
759 5086 899 5145 ἔστιν
922 5091 1138 5168 ἀσφαλῆ
1170 5092 1268 5162 τὴν
1300 5093 1421 5169 περί
1453 5092 1646 5149 τούτου
1678 5098 1969 5164 κεκτῆσθαι

322 5180 523 5238 πίστιν.
553 5179 729 5254 Ταύτῃ
755 5201 839 5235 τοι
870 5180 959 5235 καὶ
988 5178 1267 5237 Βασίλειον
1316 5181 1480 5255 μόνον
1535 5184 1778 5260 μάρτυρα
1825 5183 1971 5240 ἐπισ-

318 5270 493 5341 τήσας
516 5267 604 5325 ἐπὶ
633 5270 701 5324 τά
730 5269 850 5342 ἑξῆς
886 5264 1283 5344 μεταϐήσομαι.

391 5379 516 5432 ’Ὁτι
567 5377 661 5450 μὲν
710 5376 740 5432 ὁ
793 5373 956 5452 μέγας
1004 5376 1164 5438 οὗτος
1211 5383 1313 5447 τῆς
1361 5377 1692 5453 οἰκουμένης
1742 5380 1966 5457 φωστὴρ

286 5463 571 5538 ὀὐδαμοῦ
626 5463 800 5540 λέγων
848 5462 987 5519 ἐστὶν
1032 5464 1093 5519 ἐκ
1138 5469 1235 5520 τοῦ
1281 5467 1406 5522 Υἱοῦ
1444 5468 1508 5522 τὸ
1546 5470 1787 5542 Πνεῦμα,
1821 5468 1881 5523 ἐκ
1908 5466 1967 5524 δὲ

316 5560 415 5612 τοῦ
472 5554 688 5630 Πατρὸς
742 5553 832 5609 καὶ
887 5552 1029 5629 οὐχὶ,
1072 5552 1312 5629 ἑτέρωθι,
1371 5554 1533 5611 αὐτοῦ
1603 5557 1706 5631 γὰρ
1762 5556 1966 5613 ἐκείνου

314 5650 481 5701 τοῦτο
540 5644 724 5722 φωνὴ,
780 5640 868 5697 καὶ
926 5644 1107 5717 πηγὴν
1159 5644 1246 5697 καὶ
1308 5643 1454 5720 ῥίζαν
1510 5642 1628 5700 τῖδε
1678 5646 1740 5701 16
1800 5648 1966 5703 Πατέ-

314 5757 402 5812 ρα,
458 5735 549 5791 καὶ
590 5730 764 5789 αἶ’τιον
814 5730 936 5785 ΐίοῦ
985 5732 1073 5786 καὶ
1119 5731 1455 5807 Πνεύματος.
1502 5733 1699 5811 τίχρή
1735 5733 1908 5811 λέγειν
1944 5755 1959 5807 ;

2080 4778 2203 4829 σης,
2260 4758 2351 4812 καὶ
2401 4757 2464 4812 16
2522 4759 2745 4829 Πνεῦμα
2799 4762 2899 4825 τῆς
2956 4761 3186 4833 φυσικῆς
3214 4756 3352 4830 πρὸς
3381 4754 3470 4809 τὸν
3503 4751 3722 4828 Πατέρα

2080 4845 2317 4922 σχέσεως
2352 4847 2427 4920 μὴ
2454 4843 2839 4922 ἀπειργούσης.
2876 4849 3193 4920 Προσεχως,
3244 4842 3428 4923 φησὶν,
3482 4842 3510 4897 6
3566 4842 3710 4913 Υἱὸς,

2079 4936 2186 5011 οὐχ
2236 4933 2308 4991 ⁹ίν⁹
2364 4932 2557 5007 αἶ’τιος,
2616 4935 2714 5004 ὡς,
2774 4934 2927 5007 ὑμεῖς
2957 4933 3107 5013 φατὶ,
3140 4930 3222 5003 εἴη
3253 4937 3349 4988 τοῦ
3381 4929 3710 5006 Πνεύματος,

2077 5024 2205 5081 ἀλλ’
2261 5022 2446 5094 ἐπειδὶ⁸
2501 5024 2801 5099 μονογενής
2832 5023 2969 5078 ἐστιν
3031 5023 3173 5094 Υἱὸς,
3214 5017 3353 5077 ἔστιν
3386 5020 3545 5085 εὐθὺς
3622 5039 3713 5074 συν

2078 5115 2462 5188 επενοούμενος
2504 5118 2584 5187 τῷ
2635 5111 2828 5189 Πατρί.
2888 5110 2960 5167 Οὐ
3016 5113 3116 5188 γάρ
3175 5111 3314 5168 ἐστιν
3356 5111 3497 5174 εἰκὸς
3530 5109 3589 5166 ἐκ
3613 5110 3709 5165 τοῦ

2077 5203 2289 5280 Ιιατρὸς
2337 5198 2490 5265 ὄντος
2537 5205 2635 5258 τοῦ
2684 5201 2815 5256 εἶναι
2874 5201 2963 5257 καὶ
3017 5200 3097 5275 τῷ
3151 5199 3260 5275 Υἱῷ
3293 5200 3381 5256 καὶ
3427 5203 3507 5273 τῷ
3539 5196 3715 5255 Πνεύ-

2080 5314 2228 5367 ματι.
2289 5290 2502 5348 ἐπειδάν
2560 5290 2920 5368 βουληθῶμεν
2983 5291 3077 5346 εἰς
3115 5288 3357 5362 δήλωσιν
3407 5295 3509 5360 τῆς
3538 5286 3714 5351 αἰτίας

2075 5380 2164 5435 καὶ
2209 5385 2315 5437 τῶν
2367 5380 2426 5436 ἐκ
2465 5387 2564 5450 τῆς
2624 5378 2794 5442 αἰτίας
2824 5387 3098 5456 χωρῆσαι.
3132 5378 3258 5435 ἀλλ’
3295 5378 3377 5435 ὅτι
3408 5377 3708 5435 συντάττειν

2074 5467 2180 5545 πρὸ
2208 5473 2305 5525 τοῦ
2336 5469 2463 5523 Γίοῦ
2509 5472 2590 5541 τῷ
2638 5467 2835 5544 Πατρὶ,
2894 5466 2975 5523 ὅτι
3004 5490 3065 5544 γε
3094 5468 3208 5525 οὐδ’
3245 5470 3280 5539 ἡ
3310 5472 3417 5525 τῶν
3458 5466 3708 5538 κλήσεων

2076 5557 2232 5634 ἰσχὺς
2296 5560 2598 5635 συγωρήσει
2634 5559 2766 5613 ποτέ
2831 5554 3255 5635 παρεμϐάλλειν.
3332 5554 3488 5614 Ἀλλ’
3563 5555 3711 5611 ἐπει-

2074 5645 2140 5717 δή
2203 5649 2280 5722 μὴ
2338 5648 2473 5703 κατὰ
2516 5649 2616 5717 τὴν
2661 5651 2758 5703 τοῦ
2826 5647 2954 5703 εἶναι
3006 5645 3366 5717 ἀκολούθησιν
3414 5645 3709 5723 προσεχώς

2071 5740 2150 5809 τῷ
2210 5735 2381 5813 ΙΙατρὶ
2442 5737 2470 5791 ὁ
2532 5737 2653 5801 Υἰὸς
2710 5733 2919 5811 μᾶλλον
2986 5736 3113 5807 ἢτὸ
3141 5736 3383 5810 Πνεῦμα,
3417 5733 3505 5791 διὰ
3549 5755 3712 5791 τουτο
