4118 6450
396 402 514 469 287

1420 411 1734 475 GEORGII
1780 410 2040 474 CYPRII
2084 409 2201 472 GP.
2247 410 2779 473 PATBIABCILE

3671 413 3794 474 288

398 534 499 590 οὐκ
542 535 789 613 ἀπείργει
837 536 962 594 οὐδὲ
1015 536 1292 595 διακόπτει
1336 548 1439 612 τῆς
1486 543 1620 617 πρὸς
1664 544 1756 597 τὸν
1825 543 2039 615 Πατέρα
2067 545 2268 612 Ασας,
2339 539 2729 604 ἀνενδοιάστως
2799 541 3067 618 ἐχρήσατε
3127 545 3196 615 τῇ
3257 546 3434 621 φωνῇ,
3490 544 3550 598 τὸ
3608 544 3787 621 561191-

398 625 660 701 σχέσεως.
713 624 791 684 Οὐ
833 628 933 704 γάρ
983 628 1120 683 ἐστιν
1173 629 1330 693 αὐτὸς
1386 629 1556 694 αἶ’τιος
1619 636 1717 688 τοῦ
1784 631 2033 705 ΙΙνεύμα-

395 735 506 785 τος,
529 712 605 769 ἵν’
638 714 712 779 εἰς
756 714 912 771 αὐτὸν
963 717 1056 791 μὶν
1090 714 1192 795 ἔχῃ
1218 721 1318 790 τήν
1354 719 1535 797 σχέσιν
1567 723 1630 777 τὸ
1653 727 1891 794 Πνεῦμα,
1925 719 2034 791 εἴρ-

400 823 562 877 γηται
615 801 671 859 δὲ
718 809 815 860 τοῦ
863 806 1097 881 ΙΙατρὸς,
1152 806 1292 881 μηδέ
1337 830 1394 863 σε
1414 814 1517 865 τοῦ
1544 811 1607 866 τὸ
1638 816 1928 887 προσεχῶς
1956 809 2037 865 εἷ-

398 898 540 964 πεῖν,
576 892 664 948 καὶ
713 890 803 948 διὰ
841 898 940 950 τοῦ
992 901 1281 972 προσεχῶς
1328 898 1580 970 πειθέτω,
1615 899 1740 956 ἀλλ’
1768 900 1883 955 ὅθεν
1918 896 2035 973 ἔχει

395 982 458 1037 16
490 982 643 1056 εἶναι,
677 980 848 1039 ἐκεῖσε
876 983 965 1038 καὶ
997 984 1072 1047 ὡς
1104 985 1341 1042 αἶ’τιατὸν
1378 988 1714 1066 ἀναφέρεται.

465 1089 529 1144 Εἰ
578 1087 638 1145 δέ
681 1110 762 1153 τις
812 1089 902 1146 καὶ
943 1089 1202 1148 ἐπιπλέον
1248 1094 1373 1169 περὶ
1418 1095 1518 1164 τῆς
1567 1100 1662 1150 τοῦ
1719 1096 1847 1149 Υἰοῦ
1883 1117 2033 1168 μεσι-

397 1177 545 1241 τείας
592 1177 881 1250 ἐνίσταται,
938 1180 1028 1235 καὶ
1069 1179 1216 1244 ὅλως
1276 1182 1340 1237 τὸ
1378 1180 1468 1237 διὰ
1511 1188 1608 1239 τοῦ
1655 1185 1779 1241 Υἱοῦ
1826 1181 2036 1239 καὶδιά

391 1268 490 1323 τοὺ
561 1272 851 1345 προσεχῶς
924 1271 1184 1346 παράγων
1266 1269 1519 1348 βούλεται
1587 1272 1787 1328 πείθειν
1863 1276 2033 1347 ἡμᾶς,

394 1357 431 1427 ἢ
487 1358 562 1431 μή
613 1356 828 1432 ἀμέσως
872 1357 1167 1434 ὁμολογεῖν
1218 1360 1282 1414 τὸ
1331 1365 1553 1435 Πνεῦμα
1599 1360 1659 1418 ἐκ
1685 1367 1781 1417 τοῦ
1820 1362 2035 1439 ΙΙατρὸς

394 1451 672 1521 τιμῶντας
722 1446 846 1510 τοὺς
894 1446 1200 1524 εἰρηκότας,
1257 1451 1294 1519 ἢ
1349 1451 1423 1522 μή
1476 1449 1772 1528 ὁμολογεῖν
1830 1452 2033 1516 ἀθετεῖν

398 1534 528 1593 αὐαό
574 1556 633 1590 τε
671 1536 734 1592 τὸ
783 1533 964 1612 δόγμα
1009 1537 1099 1592 καὶ
1146 1537 1270 1600 τοὺς
1321 1537 1587 1610 εἰπόντας,
1641 1540 1847 1616 βραχὺς
1897 1544 2032 1614 ἡμῖν

399 1624 541 1699 ὁμοῦ
596 1621 654 1680 δὲ
703 1618 793 1680 καὶ
841 1626 1013 1704 σαφὴς
1068 1625 1157 1682 καὶ
1188 1628 1217 1680 6
1246 1627 1381 1703 πρὸς
1411 1631 1579 1683 ταῦτα
1606 1628 1695 1683 καὶ
1722 1629 1790 1683 τά
1814 1633 2035 1684 τοιαῦτα

401 1713 583 1791 λόγος·
632 1715 824 1789 Ἡμεῖς
891 1714 1071 1771 τοίνυν
1142 1716 1231 1771 καὶ
1285 1718 1500 1791 ἀμέσως
1550 1718 1720 1795 φαμὲν
1776 1718 2036 1794 ὑπάρχειν

393 1803 457 1859 τὸ
501 1808 745 1878 Πνεῦμα,
795 1802 853 1859 ἐκ
896 1809 995 1860 τοῦ
1045 1806 1283 1883 Ιιατρὸς,
1335 1806 1425 1860 καὶ
1464 1804 1553 1862 διὰ
1578 1811 1676 1861 τοῦ
1705 1808 1829 1861 ι”ιοῦ
1861 1806 2035 1883 λέγειν

2162 630 2302 693 νείας
2349 631 2569 702 ἀξιῶσαι
2618 628 2709 686 διά
2752 631 2813 686 τὸ
2849 633 2923 704 μή
2982 637 3287 705 περιπεσεῖν
3326 632 3654 711 ταυτολογίᾳ
3708 635 3790 689 ἐν·

2143 721 2311 774 ταῦθα
2357 722 2846 794 παραιτησάμενος.
2897 720 2960 775 Εἰ
3027 719 3083 776 δὲ
3116 721 3193 793 μὴ
3242 726 3404 777 τοῦτο
3465 719 3614 779 δοκεῖ
3656 744 3791 792 τισι,

2148 807 2356 885 βραχὺς
2415 810 2442 864 ὁ
2491 808 2675 885 λόγος’
2737 806 2998 879 δείξαντες
3058 809 3319 885 πρότερον
3370 815 3476 866 ποῦ
3503 816 3611 867 τῶν
3665 813 3790 868 ἑαυ-

2142 903 2240 953 τοῦ
2297 899 2325 952 ὁ
2382 898 2684 974 Γρηγόριος
2739 895 2848 971 6'65,
2907 899 2942 967 ἢ
3000 898 3302 973 Βασίλειος,
3363 901 3782 977 ᾦπαρομαρτεῖ

2144 986 2468 1063 Γρηγόριος,
2518 992 2773 1042 τοσοῦτον
2822 987 3068 1063 εἰρήκασι
3153 988 3276 1063 περὶ
3334 994 3433 1044 τοῦ
3490 990 3615 1045 Υὶοῦ
3661 990 3792 1046 ὥστ’

2143 1076 2302 1131 κύτὸν
2360 1075 2455 1131 κᾶν
2517 1075 2807 1150 αἰνίξασθαι
2863 1081 2962 1131 τοῦ
3036 1076 3349 1150 ΙΙνεύματος
3423 1075 3613 1152 αἴτιον,
3698 1080 3787 1135 καὶ

2141 1170 2306 1220 τοῦτο
2361 1167 2686 1237 ποιήσαντες
2734 1170 2840 1220 τῶν
2897 1162 3079 1241 λόγων
3130 1165 3344 1221 ἐκείνων
3390 1166 3486 1222 εἷθ’
3516 1170 3594 1230 εἷς
3623 1167 3787 1239 ἐστιν,

2144 1251 2252 1309 εἷ’τε
2298 1252 2546 1324 πλείους,
2604 1256 2967 1331 συμπέρασμα
3024 1254 3296 1330 ἐχέτωσαν
3353 1256 3451 1324 τήν
3528 1258 3782 1314 νικῶσαν.

2144 1342 2265 1398 Εἶεν
2275 1387 2288 1400 .

2214 1464 2373 1523 Ἀλλ’
2429 1465 2614 1538 ἐπειδή
2672 1474 2722 1543 γ’
2786 1466 3013 1544 ἔσχατον
3076 1466 3280 1523 ἐκείνου
3331 1464 3785 1543 ἀντιλαμϐάνεται

2145 1555 2219 1619 ὥς
2277 1577 2418 1618 τινος
2468 1561 2577 1611 τῶν
2635 1555 2757 1612 λίαν
2818 1556 3082 1632 ἰσχυρῶν,
3140 1556 3229 1611 καὶ
3260 1558 3397 1634 πρὸς
3435 1556 3466 1613 6'
3497 1556 3659 1636 λόγος
3690 1559 3788 1615 οὐκ

2144 1642 2253 1700 ἔστι
2303 1651 2417 1707 τοῖς
2476 1643 2870 1721 ἀντιλέγουσιν,
2930 1644 2961 1700 6'
3011 1646 3149 1723 πρὸς
3199 1645 3523 1722 Σεραπίωνα
3565 1649 3785 1728 γράφων

2144 1734 2172 1788 6
2225 1732 2276 1787 ἐν
2338 1733 2537 1808 ἁγίοις,
2600 1734 2925 1805 ’Δθανάσιος,
2978 1735 3048 1789 Τὸ
3113 1739 3353 1808 Πνεῦμα,
3404 1733 3605 1812 λέγων,
3642 1739 3789 1814 παρά

2140 1828 2238 1879 τοῦ
2284 1825 2408 1878 Υἱοῦ
2460 1820 2746 1896 διδόμενον
2804 1824 2895 1879 καὶ
2963 1824 3336 1897 πεμπόμενον,
3395 1825 3484 1881 καὶ
3544 1825 3673 1882 αὐτὸ
3729 1824 3785 1882 ἓν

395 1891 495 1990 οξδκ
520 1892 897 1990 -ἀναξνέμεθαο
956 1892 1054 1990 If“?
1121 1890 1253 1990 θῖίτε
1322 1895 1475 1990 κατὰ-
1522 1894 1651 1990 τξνξς
1707 1895 2034 1990 ,ἀντιθέτους
2067 1924 2115 1990 Β
2146 1911 2254 1967 ἔστι
2315 1913 2403 1967 καὶ
2461 1911 2523 1967 οὐ
2583 1890 2789 1985 πολλὰ,
2821 1910 2951 1968 οὐδὲ
2993 1890 3054 1968 ἐκ
3081 1890 3413 1987 πολλῶν-ἔν,
3446 1913 3592 1971 ἀλλά
3624 1916 3788 1990 μόνον

399 1981 594 2051 εἰπεῖν,
645 1982 860 2056 ἀμέσως
926 1981 1055 2039 αὐτὸ
1121 1981 1369 2060 λέγοντες
1426 1986 1488 2039 τὸ
1545 1982 1613 2038 δι’
1668 1985 1793 2039 Υἱοῦ
1846 2005 2039 2056 καταρ-

397 2074 625 2147 γοῦμεν,
671 2067 794 2127 οὔτε
824 2071 888 2126 τὸ
920 2069 969 2127 δι
1018 2073 1145 2129 Υἱοῦ
1173 2072 1642 2149 ἀνομολογοῦντες
1697 2074 1760 2129 τὸ
1824 2074 2038 2147 ἀμέσως

395 2160 719 2234 ἀρνούμεθα.
789 2160 891 2217 Καὶ
964 2162 1069 2237 γὰρ
1144 2163 1361 2235 ἀμέσως
1442 2163 1536 2236 μὲν
1614 2161 2036 2241 δογματίζομεν.

402 2246 695 2325 ἐπειδήπερ
749 2250 849 2319 τήν
905 2251 1022 2305 καθ’
1079 2251 1363 2307 ὑπόστασιν
1418 2252 1663 2328 ὕπαρξιν,
1733 2252 1822 2307 καί
1892 2251 2039 2315 ’ὀλως

405 2339 539 2395 αὐτὸ
616 2337 683 2409 δὴ
757 2339 820 2394 τὸ
878 2340 1007 2395 εἶναι
1062 2339 1115 2413 ἐξ
1174 2341 1338 2397 αὐτοῦ
1391 2346 1488 2397 τοῦ
1542 2342 1753 2418 ΙΙατρὸς
1809 2341 1923 2418 ἔχει
1978 2342 2041 2398 τὸ

400 2431 647 2502 Πνεῦμα,
697 2427 786 2483 καὶ
835 2427 934 2484 οὐκ
976 2429 1035 2485 ἐκ
1078 2435 1175 2486 τοῦ
1207 2431 1369 2489 Υἱοῦο
1430 2429 1556 2487 οὐδὲ
1611 2429 1700 2486 διὰ
1749 2437 1846 2487 τοῦ
1893 2430 2056 2505 Υἱοῦ,

402 2518 438 2587 ἦ
491 2518 592 2595 γὰρ
631 2516 689 2573 ἂν
738 2519 828 2573 καὶ
882 2518 1055 2582 αἰτιος
1105 2519 1247 2575 οὕτω
1287 2525 1383 2576 τοῦ
1434 2520 1798 2597 ΙΙαρακλήτου
1847 2523 1875 2576 6
1920 2522 2041 2584 Υἱὸς

405 2606 652 2683 ὑπῆρχεν
710 2608 1153 2687 ἀναμφηρίστως,
1237 2608 1367 2686 ὅπερ
1442 2607 1554 2665 οὔτ’
1631 2605 1840 2673 εὐσεϐές
1906 2610 2044 2689 ἐστι,

398 2696 487 2750 καὶ
547 2693 724 2759 οὐδεὶς
784 2694 1042 2753 οὐδέποτε
1101 2703 1209 2753 τῶν
1291 2698 1460 2775 ἀγίων
1520 2696 1631 2755 οὔτ’
1698 2698 1863 2754 εἰπὼν
1922 2697 2045 2754 οὕτε

400 2785 608 2860 γράψας
657 2785 842 2865 ἐφάνη.
892 2787 990 2842 Διά
1032 2791 1129 2843 τοῦ
1177 2788 1306 2842 Υἱοῦ
1350 2786 1407 2843 δέ
1463 2810 1636 2866 φαμεν
1690 2790 1950 2865 ὑπάρχειν
1984 2789 2045 2843 τὸ

400 2878 628 2949 Πνεῦμα
680 2876 770 2931 καὶ
825 2878 923 2946 τὴν
981 2877 1195 2952 ἀμέσως
1235 2876 1538 2954 ὁμολογίας
1595 2881 1755 2951 ἡμῶν
1818 2880 1894 2952 μὴ
1955 2878 2049 2934 λυ-

405 2964 707 3038 μαίνεσθαι,
779 2965 960 3036 ἐπεινὴ
1036 2965 1097 3021 ἐκ
1164 2965 1376 3041 ΙΙατρὸς
1452 2965 1879 3041 ἐκπορευόμενον

400 3052 756 3130 ὑφιστάμενον
834 3053 885 3125 ἐξ
959 3054 1020 3109 οὗ
1097 3051 1163 3124 δὴ
1238 3040 1328 3109 καὶ
1403 3056 1429 3109 ὁ
1487 3040 1609 3117 Υἱὸς
1653 3061 1918 3131 γεννᾶται,
1976 3040 2048 3110 δι’

398 3141 560 3197 αὐτοῦ
612 3139 679 3212 δὴ
735 3146 833 3197 τοῦ
881 3143 1004 3197 Υἱοῦ
1054 3144 1385 3219 προέρχεται
1455 3142 1548 3198 καί
1601 3141 1908 3218 ἐκλάμπει·
1957 3146 2045 3201 τέ-

399 3230 551 3288 λειον
584 3231 731 3302 πλὴν
760 3227 889 3308 ἕχον
945 3232 1008 3287 τὸ
1066 3232 1200 3288 εἷται
1256 3231 1593 3309 παρἰαὐτοῦ
1648 3238 1745 3288 τοῦ
1801 3235 2039 3311 ΙΙατρὸς,

396 3322 516 3385 καθ’
593 3320 652 3377 ὅν
720 3319 787 3391 δὴ
842 3321 1043 3399 τρόπον
1098 3320 1188 3376 καὶ
1243 3322 1307 3378 τὸ
1365 3326 1478 3400 φῶς
1534 3320 1742 3398 εἷ’ρηται
1802 3320 1889 3379 διὰ
1942 3331 2042 3394 τῆς

402 3408 617 3472 ἀκτῖνος
650 3409 710 3465 ἐκ
760 3415 859 3466 τοῦ
904 3408 1092 3481 ἡλίου,
1122 3407 1251 3485 ἔχον
1287 3412 1380 3484 μὲν
1411 3412 1592 3488 πηγὴν
1622 3410 1711 3466 καὶ
1742 3410 1914 3466 αἰτίαν
1945 3416 2043 3467 τοῦ

406 3499 560 3575 εἶναι,
614 3501 703 3555 κτὶ
755 3499 1004 3576 πυροχέα
1050 3501 1187 3555 κατά
1252 3498 1407 3577 φύσιν
1453 3499 1545 3556 τόν
1619 3499 1780 3571 ἥλιον
1830 3501 1905 3564 ὡς
1955 3502 2045 3578 ἀρ-

408 3591 519 3664 γὴν
546 3588 991 3668 αὐτοῦξφυσικήν,
1028 3586 1165 3645 διιὸν
1205 3586 1263 3643 δὲ
1318 3587 1471 3663 ὅμως
1527 3591 1562 3659 ἢ
1594 3590 1684 3645 καὶ
1713 3590 1802 3645 καὶ
1849 3590 2040 3666 προῖὸν

400 3678 492 3734 καὶ
541 3676 820 3753 ἐκλάμπον
872 3676 961 3734 διά
1004 3681 1103 3748 τῆς
1163 3679 1399 3751 ἀκτῖνος,
1456 3677 1507 3749 ἐξ
1536 3681 1602 3748 ἧς
1660 3678 1766 3755 οὐχ
1820 3679 2041 3755 ὕπαρξις

398 3772 479 3841 τῷ
536 3768 675 3844 φωτὶ
725 3765 838 3824 οὐδ’
885 3767 1162 3831 οὐσίωσις.
1213 3765 1372 3823 Ἀλλ’
1398 3766 1519 3837 ἥκει
1585 3789 1676 3843 μεν
1734 3766 1804 3822 δι’
1850 3768 2044 3838 αὐτῆς,

401 3856 475 3919 ὡς
506 3854 735 3933 εἷ’ρηται,
770 3855 885 3933 ἔχει
918 3854 975 3913 δὲ
1000 3857 1179 3934 ἀρχὴν
1227 3860 1323 3912 τοῦ
1371 3857 1503 3912 εἶναι
1557 3853 1627 3912 δι’
1667 3856 1857 3927 αὐτῆς,
1913 3858 1949 3927 ἢ
1992 3857 2044 3928 ἐξ

406 3945 572 4017 αὐτῆς
624 3943 894 4020 οὐδαμῶς,
956 3943 1099 4002 ἀλλά
1142 3946 1386 4021 καθαρῶς
1439 3945 1530 4001 καὶ
1587 3944 1805 4020 ἀμέσως
1853 3945 1912 4001 ἐκ
1946 3950 2043 4001 τοῦ

406 4033 593 4109 ἡλίου,
648 4034 698 4109 ἐξ
750 4032 811 4090 οὗ
861 4031 927 4104 δὴ
983 4035 1073 4089 καὶ
1116 4032 1251 4103 αὐτὴ
1285 4036 1320 4104 ἡ
1353 4033 1503 4096 ἀκτὶς
1537 4030 1607 4088 δι’
1637 4037 1809 4109 ἧσπερ
1835 4034 1898 4089 τὸ
1928 4037 2042 4112 φῶς

409 4125 651 4205 φαίνεται
678 4123 893 4201 προῖόν.
927 4121 1024 4178 Καὶ
1052 4126 1220 4179 ταῦτα
1252 4122 1345 4197 μὲν
1387 4121 1581 4185 οὕτως.

475 4237 679 4289 Ἐκεῖνο
738 4229 797 4287 δὲ
857 4228 1064 4306 μηδένα
1118 4234 1224 4285 τῶν
1294 4228 1541 4285 ἀπάντων
1608 4224 1926 4307 θορυϐείτω,
1981 4229 2045 4285 τὸ

408 4326 847 4398 προεπιτοεῖσθαι
892 4325 989 4377 τοῦ
1038 4319 1347 4392 ΙΙνεύματες
1400 4319 1490 4375 τὸν
1548 4320 1692 4394 Υἱὸν,
1750 4319 1885 4375 κατά
1953 4320 2043 4374 τὸν

407 4420 508 4483 τῆς
563 4411 734 4475 αἰτίας
778 4410 964 4488 λόγον,
1025 4408 1056 4465 6'
1111 4410 1443 4487 προφέρουοι
1528 4413 1635 4464 τῶν
1688 4413 1784 4463 τοῦ
1836 4408 2047 4479 Νύσσης

407 4501 827 4580 Ἀντιῤῥητικῶν
926 4500 1326 4561 ἀποσπάσαντες
1362 4516 1375 4529 ⁸
1469 4497 1848 4572 παραπλήσιον
1942 4500 2045 4574 γὰρ

409 4596 526 4654 τοῖς
559 4591 865 4667 εἰρημένοις
888 4586 1105 4666 ἔχειτὸν
1137 4592 1284 4646 νοῦν,
1316 4593 1475 4664 Ἔχει
1498 4584 1554 4642 δὲ
1584 4586 1773 4650 οὕτως.
1796 4586 2044 4663 Ἐπείπερ

2149 2001 2279 2056 αὐτὸ
2328 2003 2567 2074 Πνεῦμα.
2608 2002 2764 2064 Ἐνὸς
2796 2003 2900 2078 γάρ
2933 2000 3090 2064 ὄντος
3144 2005 3242 2057 τοῦ
3274 2003 3399 2057 Υἱοῦ
3455 2008 3552 2059 τοῦ
3586 2009 3791 2075 ζῶντος

2149 2089 2351 2165 Λόγου,
2408 2090 2530 2164 μίαν
2583 2090 2715 2145 εἰναι
2774 2088 2856 2146 δεῖ
2909 2089 3118 2147 τελείαν
3158 2090 3247 2146 καὶ
3287 2091 3479 2166 πλήρη
3508 2095 3606 2163 τὴν
3640 2094 3791 2171 ἀγια-

2149 2180 2337 2249 πικὴν
2430 2179 2522 2234 καὶ
2614 2180 2948 2258 φωτιστικήν
3047 2181 3213 2253 ζωὴν,
3293 2177 3453 2236 οὖσαν
3529 2180 3790 2261 ἐνέργειαν

2149 2267 2312 2323 αὐτοῦ
2364 2269 2454 2323 καὶ
2509 2266 2735 2344 δωρεάν,
2795 2268 2918 2339 ἥτις
2969 2270 3023 2345 γ’
3072 2267 3133 2325 ἐκ
3180 2270 3391 2347 ΙΙατρὸς
3439 2269 3655 2347 λέγεται
3703 2271 3791 2328 ἐκ-

2148 2356 2490 2432 πορεύεσθαι,
2539 2355 2726 2427 ἐπειδὴ
2802 2357 2862 2414 ἐκ
2935 2358 3033 2413 τοῦ
3109 2357 3285 2434 Λόγου
3341 2363 3440 2415 τοῦ
3494 2362 3641 2437 παρά
3693 2367 3791 2418 τοῦ

2150 2447 2362 2522 ΙΙατρὸς
2421 2446 2886 2523 ὁμολογουμένως
2961 2445 3250 2522 ἐκλάμπει,
3308 2449 3399 2503 καὶ
3456 2448 3790 2507 ἀποστέλλε-

2148 2555 2235 2589 ται
2280 2536 2369 2590 καὶ
2418 2532 2621 2591 δίδοται
2655 2555 2669 2568 ⁸
2726 2537 2816 2590 καὶ
2873 2533 3059 2607 ἐπειδὴ
3117 2536 3182 2591 τὸ
3232 2541 3335 2592 πᾶν
3376 2535 3611 2603 ἐντεῦθεν
3645 2537 3793 2615 ἔχειν

2153 2622 2380 2699 οἴονται,
2456 2623 2839 2699 ἐρωτάσθωσαν
2912 2622 3001 2681 610‘1
3063 2631 3222 2681 ποῖον
3281 2623 3385 2703 ἄρα
3439 2631 3547 2683 τῶν
3615 2627 3667 2684 ἐν
3724 2632 3794 2704 τῇ

2155 2713 2307 2791 ῥήσει
2410 2713 2575 2789 ταύτῃ
2669 2720 2925 2770 τοσυῦτον
3019 2719 3305 2793 φρονοῦσις
3378 2717 3614 2794 Πότερον
3687 2716 3794 2792 ὅτι,

2153 2801 2477 2877 Ἐκλάμπει,
2529 2802 2695 2881 Λέγει,
2767 2804 2857 2859 καὶ
2931 2803 3323 2861 ἀποστέλλεται
3381 2805 3471 2861 καὶ
3546 2803 3798 2881 δίδοται;

2155 2893 2257 2950 Καὶ
2315 2893 2422 2966 μὴν
2502 2892 2557 2947 αἰ
2644 2893 2739 2965 μὶν
2809 2891 3110 2971 ἐκφάνσεως
3183 2893 3559 2971 ἀπεφάνθησαν
3644 2896 3799 2951 οὖσαι

2155 2982 2347 3060 φωναὶ,
2406 2983 2461 3037 αἱ
2537 2978 2595 3037 δὲ
2651 2979 2896 3044 εὐδοκίας
2962 2982 3053 3037 καὶ
3111 2978 3578 3058 συγκαταϐάσεως.
3640 2985 3796 3043 Ἀλλ’

2156 3068 2288 3134 ἴσως
2338 3070 2419 3126 6'11
2481 3067 2658 3146 δωρεά
2706 3071 2769 3126 16
2829 3071 3084 3144 ΙΙνεῦμα;
3144 3071 3242 3126 Καὶ
3295 3071 3350 3126 τί
3404 3073 3551 3149 παρὰ
3595 3077 3797 3145 τοῦτο;

2156 3158 2298 3217 Ἰδοὺ
2354 3161 2457 3237 γὰρ
2508 3160 2598 3215 καὶ
2656 3160 2684 3215 6
2748 3160 2894 3226 Υἱὸς,
2962 3161 3249 3236 ἁγιασμὸς,
3306 3160 3397 3215 καὶ
3456 3158 3795 3237 δικαιοσύνη,

2156 3250 2245 3305 καὶ
2297 3249 2513 3327 εἰρήνη,
2564 3247 2653 3304 καὶ
2702 3246 3081 3323 ἀπολύτρωσις
3130 3250 3275 3322 παρά
3320 3254 3400 3322 τῷ
3457 3250 3799 3326 Ἀποστόλῳ,

2153 3338 2259 3416 οὐχ
2314 3338 2391 3401 ὡς
2444 3337 2607 3393 αὐτοῦ
2655 3332 2811 3401 ὄντος
2859 3342 3047 3411 ταῦτα,
3079 3335 3204 3392 ἀλλ’
3234 3337 3637 3414 ἐνεργήσαντος.
3696 3341 3796 3396 Καὶ

2147 3428 2211 3484 16
2256 3431 2479 3501 Πνεῦμα
2530 3425 2633 3503 ἄρα
2674 3430 2865 3483 τοῦτον
2912 3427 3004 3482 τὸν
3052 3426 3273 3503 τρόπον,
3327 3424 3514 3497 ἐπειδὴ
3549 3430 3676 3505 παρ’
3706 3430 3799 3486 αὐ-

2149 3522 2247 3572 τοῦ
2294 3522 2396 3572 πᾶν
2448 3517 2645 3592 ἀγαθὸν
2704 3515 2780 3579 εἷς
2836 3519 2985 3590 ἡμᾶς
3044 3514 3188 3589 ἥκει,
3241 3516 3332 3571 καὶ
3408 3515 3526 3572 ὅσαι
3585 3518 3663 3581 εἰς
3714 3520 3798 3575 ἀν-

2153 3607 2403 3683 θρώπους
2462 3605 2781 3683 εὐεργεσίαι,
2841 3605 3040 3679 θεόθεν,
3126 3604 3289 3660 αὐτοῦ
3344 3604 3474 3661 εἰσιν
3534 3604 3799 3684 ἐνέργειαι

2150 3694 2239 3749 καὶ
2283 3692 2501 3767 δωρεαὶ,
2552 3690 2776 3758 εἰκότως
2830 3693 3067 3771 ἐνέργεια
3124 3692 3387 3765 κέκληται
3441 3695 3532 3750 καὶ
3597 3694 3796 3774 δωρεά.

2150 3785 2249 3838 Καὶ
2294 3788 2391 3838 τοῦ
2448 3784 2574 3839 Υἱοῦ
2630 3780 2708 3855 δὲ,
2769 3782 2853 3838 ὄτι
2906 3782 2975 3838 τά
3025 3786 3122 3837 τοῦ
3178 3784 3503 3857 ΙΙνεύματος
3533 3780 3667 3859 ἔργα
3698 3791 3796 3840 τοῦ

2244 3877 2271 3888 ~
2353 3871 2373 3892 ε.
2507 3868 2533 3892 ν
2783 3871 2798 3891 \
2899 3872 2912 3891 1
3000 3869 3023 3891 Ἰ
3228 3871 3242 3892 1
3285 3872 3301 3890 κ
3504 3872 3518 3891 \
3581 3880 3594 3901 τ
3756 3873 3767 3893 ι

2150 3874 2275 3929 Υἱου
2326 3893 2455 3927 εισιν
2507 3893 2655 3948 εργα,
2710 3893 2799 3928 και
2857 3893 2958 3927 ουκ
2998 3893 3136 3927 εστιν
3187 3870 3359 3945 ουδεν,
3383 3894 3550 3950 φησιν
3594 3875 3800 3931 Αθανα-

2152 3983 2286 4031 σιος,
2345 3960 2375 4017 6'
2425 3962 2501 4034 μὴ
2547 3958 2636 4017 διά
2687 3965 2783 4017 τοῦ
2838 3960 3015 4038 Λόγου
3066 3959 3119 4017 ἐν
3169 3961 3443 4036 ΙΙνεύματι
3474 3962 3798 4023 σελειοῦται,

2153 4050 2307 4108 Ἀλλ’
2346 4050 2537 4121 έκεῖνο,
2593 4049 2777 4129 φησὶν,
2831 4046 3018 4119 ἐπειδὴ
3071 4049 3130 4105 ἐκ
3184 4054 3282 4105 τοῦ
3313 4050 3489 4127 Λόγου
3531 4050 3801 4124 ἐκλάμπει

2152 4140 2242 4194 καὶ
2279 4136 2673 4194 ἀποστέλλεται
2748 4139 2837 4195 καὶ
2913 4135 3140 4210 δίδοται,
3217 4136 3306 4194 διὰ
3376 4143 3538 4195 τοῦτο
3590 4139 3801 4216 λέγεται

2155 4227 2214 4284 ἐκ
2258 4233 2355 4283 τοῦ
2430 4229 2640 4305 ΙΙατρὸς
2707 4226 3108 4303 ἐκπορεύεσθαι.
3168 4225 3342 4302 ’Δλλ’,
3400 4226 3445 4283 ὦ
3499 4230 3801 4306 σοφώτατε,

2155 4318 2254 4374 οὐκ
2310 4316 2696 4393 αἰτιολογικῶς
2762 4317 2983 4373 ἐνταῦθα
3035 4313 3403 4392 παρείληπται
3457 4316 3520 4372 τὸ
3586 4316 3798 4392 ἐπειδὴ,

2154 4404 2280 4462 ἀλλ’
2356 4407 2431 4469 εἷς
2506 4406 2735 4480 σημείου
2812 4403 2977 4481 λόγον
3052 4400 3556 4481 παραλαμϐάνεται,
3607 4408 3798 4465 ὁποῖον

2155 4494 2401 4573 ἄντικρυς
2439 4497 2771 4571 τεθεώρηται
2845 4494 2935 4549 καὶ
3011 4492 3097 4549 ἐπὶ
3170 4496 3279 4549 τῶν
3356 4492 3445 4549 διὰ
3514 4499 3622 4550 τῶν
3698 4518 3799 4568 ση-

2160 4584 2325 4658 μείων
2395 4584 2704 4661 λεγόμενων
2783 4583 3196 4659 συλλογισμῶν.
3276 4585 3393 4660 Πῦρ
3449 4604 3620 4662 φαμεν
3678 4607 3805 4640 καυ-

418 4661 716 4755 αῗτιοςμέν
749 4681 873 4737 Υἳοῦ
904 4661 991 4735 οιαὶ
1050 4677 1360 4751 ΙΙνεύματος
1476 4677 1689 4751 Πατὴρ,
1746 4681 1825 4749 τῷ
1882 4661 2053 4750 ΙΙατρὶ
2085 4661 2129 4727 Ῑ)
2160 4675 2339 4747 θῆναι,
2398 4670 2690 4750 ἐπειδήπερ
2738 4672 2906 4751 τέφρα
2952 4673 3161 4749 ὁρᾶται,
3224 4670 3315 4727 καὶ
3372 4669 3562 4742 ἐπεεδή
3618 4673 3800 4745 πηλὸς

423 4768 481 4826 δέ
611 4770 785 4847 ΙΙατρὶ
836 4768 990 4834 εὐθὺς
1049 4771 1434 4823 συνεπινοεῖται
1492 4767 1520 4822 6
1566 4767 1690 4829 Υἱὸς
1766 4767 1900 4821 κατά
1952 4766 2051 4834 τήν

418 4864 527 4916 τῶν
551 4859 686 4936 πρός
756 4881 809 4915 τι
882 4857 1038 4937 φύσιν
1094 4858 1181 4913 ὑπ’
1237 4854 1501 4927 ἀλλήλων
1558 4855 1930 4933 συναγομένων
1977 4853 2056 4928 τῷ

425 4948 596 5026 λόγῳ,
630 4950 782 5028 φησὶ,
814 4950 911 5018 τῆς
942 4945 1137 5018 αἰτίας,
1193 4942 1319 5016 ἤτοι
1368 4951 1469 5015 τῆς
1533 4945 1668 5021 πρὸς
1722 4944 1813 5000 τὸν
1846 4942 2059 5019 Πατέρα

418 5061 511 5096 τον
543 5037 712 5095 αἶ’τιον
759 5039 1021 5115 σχέσεως,
1064 5042 1464 5115 προεπινοεῖται
1512 5039 1607 5090 τοῦ
1654 5034 1975 5108 ΙΙνεύματος
2031 5035 2056 5089 ὁ

424 5130 567 5202 Υἱὸς,
619 5129 743 5185 ἀλλ’
784 5127 911 5204 οὐχὶ
940 5127 1030 5183 καὶ
1058 5128 1194 5183 κατά
1219 5128 1318 5196 τήν
1350 5129 1446 5181 τοῦ
1477 5125 1611 5180 εἰναι
1640 5121 1899 5199 πρόοδον,
1931 5120 2057 5178 οὐδὲ

418 5220 498 5292 τῷ
546 5218 718 5274 αἰτίαν
766 5215 925 5273 αὐτόν
973 5217 1234 5293 ὑπάρχειν
1279 5219 1376 5270 τοῦ
1430 5214 1770 5289 ΙΙνεύματος.
1820 5212 1925 5269 Καί
1961 5233 2054 5284 μοι

420 5306 570 5365 δοκεῖ
615 5307 1055 5384 ἀπεριμερίμνως
1115 5305 1336 5361 ἐνταῦθα
1383 5305 1475 5360 τὸν
1524 5302 1690 5380 λόγον
1734 5309 1833 5374 τῆς
1881 5301 2055 5363 αἰτίας

422 5398 541 5454 ἀντὶ
595 5402 693 5453 τοῦ
757 5397 893 5474 πρὸς
962 5396 1054 5452 τὸν
1118 5392 1288 5451 αἷίτιον
1350 5392 1438 5450 διὰ
1491 5395 1591 5462 τὴν
1646 5392 1829 5469 σχέσιν
1886 5390 2056 5467 λόγου

423 5487 614 5560 εἰπεῖν,
668 5487 743 5560 μὴ
789 5480 1047 5565 φοϐηθεὶς
1104 5482 1163 5540 ἐκ
1216 5484 1410 5539 τούτου
1464 5483 1551 5539 τὸν
1601 5482 1721 5537 Υἱὸν
1760 5479 1904 5551 δόξαι
1959 5484 2056 5535 τοῦ

426 5576 743 5651 ΙΙνεύματος
803 5574 972 5631 αἶ’τιον
1051 5570 1414 5650 δογματίζειν,
1473 5569 1561 5626 διὰ
1633 5571 1697 5626 τὸ
1778 5573 2068 5645 πανταχοῦ

426 5665 618 5747 φθάσαι
672 5660 903 5742 βεϐαίως
955 5662 1302 5739 ὁμολογῆσαι
1335 5663 1535 5739 ἀμφοῖν
1596 5659 1765 5715 αἴτιον
1795 5660 1885 5715 τὸν
1943 5661 2055 5716 ΙΙα-

419 5756 567 5839 τέρα.
616 5760 703 5830 Τῷ
748 5756 851 5833 γὰρ
899 5750 1008 5825 ἤδη
1058 5750 1328 5816 πολλάκις
1371 5747 1801 5827 ὁμολογουμένῳ
1852 5749 2052 5824 θαρσή-

2166 4763 2334 4838 ὑγροῦ
2382 4761 2537 4825 λύσις
2587 4760 2813 4839 ἐγένετο.
2859 4766 2945 4825 Ὡς
2986 4758 3078 4815 οὖν
3140 4758 3223 4815 6'11
3280 4758 3462 4831 πηλὸς
3517 4762 3555 4832 ἢ
3605 4764 3797 4841 τέφρα,

2163 4852 2330 4929 πυρὸς
2385 4853 2421 4920 ἢ
2466 4849 2677 4927 χύσεως
2720 4850 2888 4926 ὑγροῦ
2943 4854 3169 4924 σημεῖον
3231 4847 3418 4923 μόνον,
3476 4849 3575 4905 οὐκ
3633 4852 3800 4925 αἰτία,

2164 4940 2338 4997 ἐκεῖνα
2412 4938 2470 4995 δὲ
2545 4938 2756 5014 μᾶλλον
2829 4938 3062 5011 τούτων,
3111 4937 3253 4993 οὕτω
3309 4938 3574 5004 κάνταῦθα
3620 4940 3682 4996 οὐ
3739 4944 3803 4998 τὸ

2164 5030 2466 5104 πέμπεσθαι
2522 5031 2669 5105 παρὰ
2720 5032 2816 5084 τοῦ
2872 5028 2998 5086 Υἰοῦ
3053 5028 3142 5082 καὶ
3200 5023 3437 5082 δίδοσθαι
3465 5034 3566 5098 τῆς
3599 5027 3658 5084 ἐκ
3687 5032 3801 5088 ΙΙα-

2162 5121 2288 5195 τρὸς
2331 5124 2428 5175 τοῦ
2487 5118 2807 5192 ΙΙνεύματος
2855 5115 3222 5193 ἐκπορεύσεως
3295 5113 3491 5192 αἴτιον,
3540 5116 3669 5174 ἀλλ’
3716 5119 3801 5175 6'11

2166 5210 2225 5265 ἐκ
2267 5209 2477 5285 ΙΙατρὸς
2533 5206 2877 5281 ἐκπορεύεται
2931 5206 3022 5261 καὶ
3090 5202 3425 5269 ἀδιαστάτως
3479 5207 3798 5264 συνάπτεται

2162 5304 2242 5371 τῷ
2298 5301 2427 5371 Υὶῷ,
2482 5296 2573 5353 καὶ
2630 5295 2869 5375 συλφυέσ
2942 5294 3079 5351 ἐστιν
3140 5293 3286 5368 αὐτῷ
3340 5293 3430 5350 καὶ
3463 5295 3800 5369 ὁμοιούσιον,

2166 5385 2256 5443 διά
2304 5392 2466 5443 τοῦτο
2514 5388 2543 5442 ὁ
2590 5387 2710 5449 Υἱὸς
2779 5385 2909 5440 αὐτὸ
2979 5388 3233 5461 χορηγεῖ,
3309 5382 3400 5439 καὶ
3468 5381 3658 5440 δίδωσι
3708 5387 3799 5442 καὶ

2165 5474 2509 5534 ἀποστέλλει.
2580 5475 2641 5531 Εἰ
2704 5475 2812 5549 μὴν
2866 5474 2968 5552 γὰρ
3024 5472 3242 5547 ἐκεῖθεν,
3319 5477 3459 5546 πῶς,
3518 5471 3580 5530 ἂν
3630 5474 3800 5540 ἀὐτὸς

2166 5567 2448 5643 ἐχορήγει,
2498 5564 2535 5634 ἢ
2584 5564 2743 5620 πόθεν
2788 5560 2931 5639 ἔχῶν
2982 5559 3194 5637 διένεμε
3218 5567 3342 5618 τοῖσ
3367 5562 3574 5635 ἀξίοις;
3604 5563 3669 5620 Εἰ
3699 5568 3803 5643 γάρ

2164 5655 2336 5711 πάντα
2384 5655 2482 5711 ὃσα
2531 5652 2647 5731 ἔχει
2702 5655 2731 5709 6
2788 5654 2911 5716 Υἱὸς
2958 5651 3103 5730 παρὰ
3140 5656 3236 5707 τοῦ
3268 5652 3480 5729 ΙΙατρὸς
3513 5649 3650 5728 ἔχει,
3684 5653 3799 5732 ἔχει

2165 5742 2224 5802 δὲ
2278 5741 2484 5801 διδόναι
2534 5744 2597 5800 τὸ
2654 5745 2879 5819 Πνεῦμα
2927 5742 3016 5798 καὶ
3074 5738 3457 5815 ἀποστάλλειν,
3505 5743 3651 5817 παρά
3702 5748 3801 5800 τοῦ
