4118 6476
269 479 380 542 389

1267 473 1373 534 DE
1416 472 1957 535 PROCESSIONE

2096 472 2358 535 lRITUS
2402 474 2550 534 SAN
2560 475 2708 535 ΟΤΙ.
3546 470 3671 538 290

274 610 474 687 Πατρὸς
521 607 663 685 ἔχει.
715 610 879 662 ⁰Ωστε
944 605 1004 660 οὐ
1065 606 1130 660 16
1198 603 1291 659 τὸν
1362 604 1484 659 Υὶὸν
1559 595 2446 680 ἀποστέλλεινΑτέρα;Δῖ’τιον;
2501 603 2679 660 Ἀλλά
2731 610 2832 660 τοῦ
2888 607 3035 667 Υἱοῦ.
3074 611 3178 661 Τοῦ
3235 604 3293 662 δὲ
3349 606 3668 681 ΙΙνεύματος

270 701 326 756 16
379 702 602 769 Πνεῦμα
662 694 838 751 αἴτιον
893 701 996 763 τῆς
1046 692 1108 749 ἐκ
1163 693 1375 770 Πατρὸς
1441 696 1539 748 τοῦ
1597 691 1915 760 ΙΙνεύματνς

274 788 543 861 ὑπάρξεως
619 785 710 839 καὶ
780 781 1169 859 ἐκπορεύσεως,
1221 780 1349 837 ἀλλ’
1414 778 1600 851 ἐπειδή
1648 781 1675 834 6
1724 782 1915 853 Πατήρ

274 870 644 950 προϐάλλεται
722 873 785 927 τὸ
852 870 1142 945 ὁμοούσιον
1216 875 1459 943 Πνεῦμα,
1520 871 1547 924 6
1609 868 1732 931 Υἱὸς
1792 868 1921 923 αὐτὸ

275 969 538 1042 χορηγεῖν
570 961 787 1039 λέγεται
838 960 929 1015 καὶ
971 958 1353 1029 ἀποστέλλειν,
1386 957 1530 1034 ἔχων
1579 962 1740 1014 τοῦτο
1788 978 1922 1031 συμ-

274 1054 396 1133 φυὲς
441 1052 593 1124 αὐτῷ
654 1051 744 1106 καὶ
809 1047 1142 1111 ἀδιαστάτως
1210 1049 1555 1122 συνημμένον
1610 1047 1753 1122 παρὰ
1827 1050 1924 1101 τοῦ

274 1142 505 1217 Πατρός.
555 1143 826 1217 Χορηγεῖν
887 1137 1070 1211 μέντοι
1116 1137 1204 1193 καὶ
1245 1135 1600 1193 ἀποστέλλειν
1650 1136 1724 1198 ὡς
1783 1134 1924 1196 εἷ’κὸς

275 1230 584 1307 ἐκδέχεσθαι
666 1232 836 1283 ταῦτα
910 1226 1031 1301 περὶ
1097 1233 1199 1296 τῆς
1278 1226 1446 1300 μόνης
1515 1225 1774 1295 ἀκινήτου
1836 1221 1926 1277 καὶ

278 1319 522 1395 ἀπείρου,
549 1319 614 1387 ἣν
656 1314 773 1373 οὐδ’
812 1317 839 1370 6
873 1314 1079 1389 κόσμος
1130 1318 1385 1392 χωρῆσαι
1433 1312 1667 1370 δύναται.
1698 1314 1820 1370 ’Ότι
1873 1309 1930 1365 δὲ

279 1410 512 1479 συνήθης
543 1408 574 1462 6
604 1406 807 1482 τρόπος
837 1405 995 1468 οὗτος
1023 1409 1094 1479 τῇ
1124 1404 1461 1478 θεοπνεύστῳ
1517 1401 1728 1480 Γραφῇ,
1763 1399 1932 1471 δῆλον

278 1498 494 1562 ἐκεῖθεν.
553 1499 726 1551 Τοῦτο
786 1492 843 1550 δὲ
901 1493 1053 1562 ὅλον,
1112 1493 1245 1572 φησὶ
1300 1493 1367 1549 τὰ
1421 1494 1541 1567 ἱερά
1605 1489 1929 1569 Εὐαγγέλια,

283 1596 489 1671 ἐγένετο
532 1592 630 1648 ἵνα
682 1591 959 1669 πληρωθῆ
1010 1593 1074 1648 τὸ
1132 1591 1293 1669 ῥηθέν
1341 1591 1444 1647 ὑπὸ
1499 1594 1598 1647 τοῦ
1645 1591 1930 1669 προφήτου

279 1683 523 1739 Ἡσαΐου’
575 1683 688 1751 καὶ,
738 1684 853 1737 Ἵνα
897 1678 1265 1756 πληρωθῶσιν
1317 1681 1372 1736 αἱ
1431 1679 1604 1758 φωναὶ
1647 1684 1754 1734 τῶν
1799 1697 1933 1752 προ-

286 1777 495 1852 φητῶν·
575 1770 691 1839 καὶ,
758 1768 869 1825 Οὐκ
927 1766 1193 1840 ἠδύναντο
1281 1768 1548 1825 πιστεύειν
1634 1768 1717 1823 ὅτι
1792 1767 1934 1821 εἶπεν

281 1858 529 1932 Ἠσαίας,
616 1857 965 1937 Τετύφλωκεν
1067 1858 1242 1913 αὐτῶν
1353 1857 1480 1920 τοὺς
1595 1855 1934 1930 ὀφθαλμούς·

2027 692 2150 746 τίνα
2181 687 2522 767 δογματίσεις
2554 689 2722 747 αἶ’τιον
2765 693 2855 747 καὶ
2892 692 3105 770 ἀρχήν;
3141 692 3200 748 οὐ
3255 694 3346 749 τὸν
3395 703 3669 771 προσεχῆ,

2024 780 2084 834 o6
2149 781 2239 834 τὸν
2298 779 2522 856 κυρίως,
2575 780 2637 835 οὐ
2681 781 2772 836 τὸν
2821 783 2940 836 καθ’
2986 782 3171 837 ἑαυτὸν
3237 782 3326 839 καὶ
3385 781 3456 839 δι’
3511 784 3669 840 αὑτὸν

2028 871 2118 924 τὸν
2170 869 2288 925 Ῑθιὸν
2341 866 2802 939 δηλαδή;Ταῦτα
2845 871 2935 925 καὶ
2992 870 3055 926 σὺ
3101 876 3208 927 ποῦ
3280 879 3380 943 τῆς
3453 880 3670 951 Γραφῆς

2028 957 2265 1029 εὕ,”ηκας
2292 976 2315 1021 ι’
2349 958 2445 1013 Καὶ
2496 957 2632 1034 πρὸς
2687 957 2902 1022 τούτοις
2960 960 3009 1015 εἴ
3064 958 3241 1035 δωρεά
3279 960 3390 1018 ἐστι
3419 963 3508 1018 καὶ
3538 962 3677 1041 ἐνέρ-

2030 1066 2147 1121 γεια
2201 1046 2335 1114 αὐτή
2392 1048 2427 1115 ἡ
2483 1050 2580 1100 τοῦ
2633 1047 3000 1123 ΙΙαρακλήτου
3056 1049 3414 1114 ἐνυπόστατος
3492 1051 3670 1124 οὐσία,

2038 1133 2263 1211 μέτοχοι
2325 1132 2381 1189 δὲ
2432 1142 2532 1205 τῆς
2584 1133 2786 1212 δωρεᾶς
2840 1140 3005 1211 ἡμεῖς
3059 1138 3197 1215 πρὸς
3255 1139 3348 1203 οὓς
3403 1143 3438 1211 ἠ
3500 1138 3679 1219 δωρεά

2034 1223 2122 1279 καὶ
2181 1226 2216 1293 ἡ
2276 1218 2549 1297 ἔλλαμψις
2609 1224 2921 1301 ἐνεργεῖται,
2979 1225 3147 1297 αὐτῆς
3200 1227 3303 1306 ἆρα
3370 1230 3675 1306 μετέχομεν

2035 1319 2135 1383 τῆς
2196 1311 2376 1373 οὐσίας
2433 1312 2522 1367 καὶ
2584 1309 3107 1389 μεταλαμϐάνομενς
3168 1319 3268 1373 Καὶ
3312 1317 3435 1374 τίνα
3481 1318 3677 1376 λοιπὸν

2036 1403 2135 1471 τήν
2187 1400 2441 1472 ἀλήθειαν
2491 1398 2597 1474 ἕξει
2647 1404 2675 1457 6
2728 1402 2904 1479 λέγων
2977 1405 3268 1482 ἐνεργείαις
3336 1407 3524 1482 μόναις
3590 1410 3681 1465 καὶ

2041 1488 2344 1564 ἐλλάμψεσι
2387 1491 2449 1545 τὸ
2497 1492 2638 1545 θεῖον
2685 1493 2821 1566 ἡμῖν
2871 1493 3161 1566 μεθεκτόν;
3191 1496 3267 1552 Τὸ
3318 1493 3376 1552 δὲ
3428 1502 3530 1553 τοῦ
3586 1519 3681 1569 με·

2040 1578 2214 1655 γάλου
2244 1577 2419 1634 στοῦδε
2465 1579 2801 1652 Ἀθανασίου,
2847 1580 2932 1637 ὅτι
2962 1581 3252 1658 ἐνεργείαις
3307 1583 3397 1641 καί
3455 1583 3685 1660 δυνάμε-

2044 1688 2124 1722 σιν
2157 1670 2192 1737 ἠ
2226 1667 2504 1730 ἐπέλευσις
2550 1673 2647 1723 τοῦ
2704 1668 2862 1744 ἁγίου
2910 1670 3220 1744 Ιῐνεύματος
3268 1673 3490 1749 γίνεται,
3520 1670 3681 1739 ποῖός

2043 1778 2125 1818 τις
2156 1755 2461 1832 θεραπεύων
2523 1755 2668 1813 ἔσται
2729 1756 2934 1834 λόγος;
2992 1761 3192 1837 Ἔγωγ’
3251 1762 3425 1835 οἶμαι,
3481 1761 3681 1835 οὐδεὶς,

2048 1843 2196 1921 εἷ’περ
2256 1847 2408 1918 ὑμεῖς
2462 1844 2771 1916 ἀληθεύετε.
2804 1849 2987 1905 Ταῦτά
3040 1870 3125 1904 σοι
3162 1849 3499 1927 ἐσχεδίασται
3548 1853 3685 1929 πρὸς

286 1950 397 2019 καὶ,
449 1951 564 2004 Ἵνα
610 1950 648 2017 ἡ
697 1934 883 2026 Γρῄαφῆ
947 1944 1244 2023 πληρωθῇ.
1294 1945 1367 2000 Οὐ
1427 1948 1531 2023 γὰρ
1619 1943 1686 2015 δὴ
1752 1947 2017 2041 τοσοῦ-Β
2047 1937 2114 1991 τὰ
2167 1934 2508 2041 προτεθέντα,
2565 1935 2808 2041 ,βραχὲαχ
2841 1937 3108 2041 μένητοῦ
3175 1945 3369 2041 καιροῦ
3444 1942 3687 1997 κατεπεί-

290 2060 377 2093 τον
436 2035 530 2092 διὰ
582 2038 648 2092 τὸ
700 2035 1063 2113 πληρωθῆναι
1115 2037 1213 2097 τὰς
1258 2040 1367 2090 τῶν
1400 2038 1697 2113 προφητῶν
1757 2032 1937 2112 φωνὰς

291 2126 667 2201 ᾠκονόμηται,
734 2124 860 2180 ἀλλ’
925 2123 1009 2180 ὅτι
1070 2124 1468 2198 ᾠκονόμηνται,
1540 2123 1776 2179 κάκεῖναι
1841 2143 1937 2176 πε-

291 2216 616 2290 πλήρωνται
648 2220 748 2284 τῆς
793 2217 902 2268 τῶν
953 2209 1122 2289 ἔργων
1173 2208 1442 2276 ἐκϐάσεως
1493 2211 1666 2275 αἰτίας
1715 2232 1940 2288 γεγενη-

301 2305 468 2377 μένης
532 2311 637 2373 τῆς
702 2301 920 2357 ἐκείνων
973 2301 1337 2378 πληρώσεως,
1398 2301 1460 2357 οὐ
1520 2303 1582 2357 τὸ
1656 2297 1939 2356 ἀνάπαλιν.

296 2393 499 2448 Θόκοῦν
551 2389 665 2447 οὐδ’
692 2394 829 2463 ἡμῖν
880 2390 1101 2445 ἐνταῦθα
1148 2390 1319 2446 αἰτίαν
1366 2389 1660 2467 παρίστησι
1691 2390 1754 2445 τὸ
1799 2388 1942 2443 ἐπει-

300 2480 388 2551 δή,
433 2479 581 2536 ἀλλά
623 2482 925 2552 τεκμήριον
973 2476 1251 2551 εἴληπται,
1301 2479 1376 2543 ὡς
1426 2479 1560 2535 εἶναι
1604 2480 1668 2534 τὸ
1715 2476 1945 2554 λεγόμε-

297 2592 411 2643 νον,
445 2569 492 2624 εί
528 2571 603 2641 μή
635 2590 687 2623 τι
716 2566 900 2645 ἕτερον
927 2569 1215 2646 γνώρισμα
1240 2569 1477 2624 ποιεῖταί
1510 2590 1595 2631 τις
1622 2575 1721 2638 τῆς
1754 2567 1814 2622 ἐκ
1846 2572 1949 2621 [Ia-

300 2660 426 2734 τρὸς
457 2662 558 2715 τοῦ
587 2657 906 2731 Ιινεύματος
934 2656 1324 2734 ἐκπορεύσεως,
1354 2655 1501 2713 ἀλλά
1529 2656 1591 2712 τό
1638 2678 1702 2732 γε
1750 2657 1810 2711 ἐκ
1854 2659 1950 2709 τοῦ

303 2747 481 2823 Λόγου
520 2751 618 2801 τοῦ
662 2745 721 2801 ἐκ
766 2746 977 2823 ΙΙατρὸς
1023 2748 1376 2821 γεννηθέντος
1442 2744 1764 2820 ἐκλάμπειν,
1816 2744 1949 2799 ἀπο-

304 2834 647 2903 στέλλεσθαι,
696 2835 787 2890 καὶ
839 2832 1080 2899 δίδοσθαι
1132 2834 1351 2912 ἐναργὲς
1398 2835 1573 2910 ἐχέτω
1627 2838 1724 2889 τοῦ
1769 2832 1951 2888 τοιού-

300 2946 399 2981 του
456 2927 778 3001 τεκμήριον,
827 2922 948 2979 ὅθεν
998 2925 1089 2980 καὶ
1153 2924 1221 2980 τὰ
1268 2925 1391 2995 ἑξῆς
1420 2924 1518 2987 ,εἶς
1564 2928 1725 2980 τοῦτο
1770 2921 1953 2978 τείνει.

307 3023 408 3078 Καὶ
452 3023 557 3099 γὰρ
609 3019 775 3092 οῦσης
821 3028 923 3092 τῆς
969 3020 1106 3093 ὅλης
1156 3021 1373 3098 ἀγωγῆς
1416 3026 1515 3077 τοῦ
1552 3021 1732 3096 Λόγου
1782 3021 1856 3083 ὡς
1903 3019 1954 3074 ἐν

309 3110 472 3184 τύπῳ
518 3106 832 3186 περιλαϐεῖν
881 3109 1162 3181 τοιαύτης,
1210 3111 1386 3184 ὑμεῖς,
1420 3108 1466 3165 ὦ
1511 3109 1787 3187 τροπικοὶ,
1825 3111 1961 3164 κατά

314 3201 420 3276 γιὶρ
468 3199 731 3255 τοιούτων
788 3200 817 3254 6
861 3196 1024 3275 λόγος
1074 3199 1271 3270 αὐτῶν,
1318 3198 1504 3270 ἐπειδὴ
1549 3201 1641 3255 τὸν
1691 3200 1784 3272 μὲν
1838 3198 1961 3253 Υἱὸν

316 3289 611 3361 ὁμοούσιον
667 3287 944 3344 πιστεύετε
983 3292 1062 3360 τῷ
1108 3288 1280 3363 ΙΙατρὶ
1325 3289 1416 3344 καὶ
1464 3289 1614 3360 Θεὸν,
1642 3288 1705 3343 τὸ
1744 3291 1965 3359 Πνεῦμα

318 3376 377 3434 δὲ
420 3376 697 3451 οὐδαμῶς,
746 3374 895 3454 εἷ’περ
961 3377 1147 3447 ἥντινα
1190 3377 1335 3448 τάξιν
1390 3377 1534 3453 ἔχων
1585 3378 1613 3432 6
1663 3377 1784 3439 Υἱὸς
1830 3376 1964 3451 πρὸς

311 3469 407 3523 τὸν
469 3466 690 3542 Πατέρα
745 3461 1242 3540 καταλαμϐάνεται,
1289 3465 1489 3537 ταύτην
1559 3463 1687 3542 ἔχον
1758 3464 1847 3520 καὶ
1903 3465 1966 3519 τὸ

313 3560 541 3629 Πνεῦμα
582 3555 716 3628 πρὸς
757 3556 849 3610 τὸν
909 3555 1031 3612 Υἱὸν
1086 3554 1444 3628 εὐρεθήσεται·
1493 3554 1547 3609 τί
1593 3556 1714 3610 ποτ’
1760 3553 1966 3629 ἐρεῖτε;

315 3653 418 3709 οὐκ
467 3653 528 3707 ἃν
580 3649 802 3713 δικαίως
860 3653 1201 3724 συνθήσεσθε,
1254 3650 1336 3706 ὅτι
1379 3650 1469 3706 καὶ
1514 3651 1577 3707 τὸ
1627 3653 1846 3725 Πνεῦμα
1889 3654 1969 3724 τῷ

318 3743 432 3815 Γιῷ
482 3741 776 3814 ὃμοούσιον
823 3740 913 3795 καὶ
964 3739 1131 3809 Θεός;
1183 3739 1337 3795 Οὕτω
1391 3744 1523 3816 γοῦν
1590 3747 1691 3810 τῆς
1764 3739 1967 3817 προτά-

319 3851 460 3893 σεως
510 3829 656 3905 ἔχειν
708 3827 977 3899 δοκούσης
1024 3830 1085 3883 τὸ
1136 3827 1360 3905 ἰσχυρὸν
1412 3828 1471 3884 ἐκ
1517 3835 1615 3899 τῆς
1664 3830 1780 3883 καθ’
1822 3830 1970 3901 ἡμᾶς

320 3919 634 3997 ἐπιφανείας
687 3922 786 3972 τοῦ
842 3922 976 3973 Θεοῦ
1024 3917 1201 3994 Λόγου
1256 3918 1347 3973 καὶ
1397 3918 1470 3972 ῶν
1509 3918 1572 3973 τὸ
1627 3921 1854 3991 ΙΙνεῦμα
1906 3917 1970 3972 τὸ

320 4010 479 4083 ἅγιον
553 4005 871 4082 ἐνήργησεν,
928 4005 1116 4081 ἐπάγει
1191 4006 1289 4068 τὰς
1365 4004 1687 4079 ἀποδείξεις,
1738 4006 1797 4062 ἐκ
1861 4011 1985 4062 τῶν

324 4094 593 4173 δευτέρων
641 4096 758 4168 μὲν,
808 4094 959 4168 ὅμως
1008 4092 1067 4150 δὲ
1117 4092 1328 4168 μᾶλλον
1378 4095 1672 4170 γνωρίμων
1719 4100 1836 4158 τοῖς
1882 4116 1973 4150 τα-

321 4191 537 4247 πεινοῖς
610 4184 699 4240 καὶ
768 4183 1158 4260 χαμαιπετέσιν
1240 4186 1377 4258 ἡμῖν
1462 4185 1557 4246 τὰς
1604 4184 1973 4261 ἐπιχειρήσεις

323 4274 680 4347 ποιούμενος.
714 4275 808 4328 Διὸ
862 4275 952 4328 καὶ
1006 4277 1124 4334 ταῖς
1174 4279 1275 4343 τῆς
1341 4272 1658 4347 οἷκονομίας
1697 4272 1786 4328 καὶ
1844 4294 1973 4349 συγ-

319 4357 676 4425 καταϐάσεως
740 4360 1089 4437 χρησάμενός
1135 4360 1246 4416 ἐστι
1296 4366 1520 4439 φωναῖς,
1570 4362 1652 4423 αἷς
1701 4361 1763 4416 οὐ
1821 4360 1976 4436 θέμις

324 4448 603 4522 ἐπιπηδᾷν
652 4450 862 4519 αὐτίκα,
918 4447 1044 4505 οὐδὲ
1119 4451 1455 4526 ἁρπάζοντας
1537 4451 1850 4528 μεταφέρειν
1899 4451 1977 4514 εἷς

326 4541 365 4595 ἆ
408 4541 488 4615 μή
545 4541 752 4617 χρεὼν,
807 4540 869 4594 16
927 4535 984 4594 δὲ
1036 4539 1224 4615 χρείαν
1289 4539 1627 4612 ἐξετάζοντας
1688 4542 1821 4613 μετά
1875 4545 1977 4608 τῆς

327 4627 715 4706 προσηκούσης
773 4626 1093 4705 διακρίσεως
1152 4626 1420 4705 δέχεσθαι.
1452 4629 1517 4683 Εἰ
1571 4626 1629 4684 δὲ
1690 4630 1788 4702 μή,
1851 4626 1978 4683 ἀλλ’

2045 2045 2257 2101 γοντος,
2291 2023 2462 2101 ἐχρῆν
2517 2025 2620 2100 γάρ
2673 2023 2885 2098 μᾶλλον
2936 2026 3099 2102 ὀλίγα
3147 2028 3394 2092 εἰπόντας
3438 2033 3536 2101 τήν
3592 2052 3688 2105 με·

2045 2111 2290 2168 τάκλισιν
2400 2109 2818 2189 προκταλαϐεῖν,
2892 2115 2928 2184 ἢ
3017 2119 3197 2193 μακρά
3270 2117 3691 2194 ῥαψῳδήσαντας

2052 2203 2320 2279 ὑστερίσαι
2376 2208 2475 2270 τῆς
2532 2202 2744 2279 χρείας,
2787 2205 2878 2258 καὶ
2914 2208 3012 2259 τοῦ
3069 2204 3485 2281 σπουδάσματος
3543 2211 3695 2266 ἐκπε-

2052 2297 2182 2346 σεῖν·
2224 2288 2371 2361 πλὴν
2423 2290 2581 2346 ’ἱκανά
2630 2313 2712 2366 γε,
2746 2291 2791 2346 εί
2853 2294 2928 2366 μὴ
2980 2293 3189 2368 ἡμέρας
3234 2296 3522 2369 ἀνθρώπου
3569 2298 3691 2355 ἐπε..

2052 2380 2317 2453 θύμησας,
2375 2380 2465 2435 καὶ
2522 2380 2596 2442 εἷς
2656 2381 3018 2453 ματαιότητας
3092 2379 3394 2460 ἐπεϐλεψας
3449 2387 3540 2442 καὶ
3597 2408 3698 2461 μα-

2052 2468 2168 2531 νίας
2253 2466 2488 2542 ψευδεῖς,
2565 2471 3024 2547 περιτρεπόμενον
3102 2480 3313 2544 στῆσαι,
3391 2476 3481 2532 καὶ
3566 2478 3696 2542 τοὺς

2054 2565 2154 2628 τῆς
2188 2554 2519 2635 ἀμφιϐολίας
2553 2559 2982 2634 ἀποκρούσασθαι
3015 2559 3338 2637 λογισμούς.
3359 2565 3457 2621 Καὶ
3486 2567 3699 2644 γένοιτο

2058 2653 2193 2704 Θεοῦ
2250 2649 2658 2724 συναιρομένου,
2688 2649 2815 2712 τοὺς
2879 2649 2973 2723 μὲν
3030 2650 3487 2729 ἀποκρουσθῆναι,
3538 2656 3598 2711 σὲ
3645 2654 3702 2714 δὲ

2059 2737 2251 2814 πάγιον
2285 2735 2335 2791 ἐν
2383 2738 2601 2813 τάγαθῷ
2649 2744 2837 2808 στῆναι
2880 2738 3282 2817 ἐρηρεισμένον,
3316 2743 3420 2799 ὑπὸ
3470 2742 3703 2819 μηδενὸς

2063 2825 2163 2883 σαλ
2170 2825 2259 2881 ευό
2268 2846 2360 2900 μεν
2369 2847 2423 2880 ον
2435 2870 2447 2883 .

2062 2946 2572 3035 Εἷ¹κτιςλτρηούτεινεν
2602 2950 2682 3035 6'1:
2722 2953 2783 3007 16
2814 2957 3043 3035 Πνεῦμα
3075 2955 3135 3009 τὸ
3169 2956 3359 3035 -ἅγιον,
3388 2956 3448 3012 ἐκ
3490 2960 3704 3035 Ῑῐατρὸς

2136 3020 2203 3113 δι’
2231 3020 2359 3147 Υέοῦ
2393 3021 2757 3098 ἐκπορεύεται,
2787 3020 2970 3089 καθώς
2991 3032 3099 3081 τισι
3130 3020 3242 3083 τῶν
3266 3026 3435 3105 ἁγίων
3496 3020 3707 3107 εἴρηται

2139 3114 2257 3147 ευσε
2298 3115 2392 3147 ως.

2139 3114 2392 3155 ευσεοως.

2138 3220 2303 3295 Εἷχεν
2346 3217 2405 3273 ἃν
2452 3218 2616 3274 εἰπεῖν
2668 3220 2696 3275 6
2745 3225 2824 3292 τῷ
2874 3216 3081 3277 εὐσεϐεῖ
3132 3221 3382 3300 λογισμῷ
3435 3226 3710 3283 συνθέσθαι

2079 3305 2433 3385 βουλόμενος,
2488 3307 2572 3363 ὅτι
2654 3308 2713 3364 ἐκ
2779 3310 2994 3387 ΙΙατρός
3076 3312 3171 3386 μὲν
3244 3312 3587 3391 ἐκπορεύεται
3648 3318 3713 3372 τὸ

2077 3401 2295 3469 Πνεῦμα
2319 3398 2382 3485 16
2414 3398 2590 3473 ἅγιον,
2620 3399 2757 3453 κατά
2803 3396 2861 3455 δὲ
2904 3394 3004 3470 τὴν
3059 3406 3157 3457 τοῦ
3214 3408 3476 3479 Σωτῆρος
3527 3407 3714 3485 φωνὴν

2072 3485 2162 3540 καὶ
2219 3483 2511 3562 παράδοσιν
2562 3485 2771 3542 τέλειον
2828 3487 2887 3543 ἐκ
2932 3494 3029 3545 τοῦ
3078 3492 3288 3569 Ιῐατρὸς
3333 3483 3714 3572 ὑφιστάμενον,

2074 3576 2320 3629 κάκεῖνον
2366 3570 2494 3650 ἕχον
2549 3575 2728 3651 ἀρχὴν
2783 3581 2878 3632 τοῦ
2931 3579 3064 3634 εἶναι
3111 3580 3199 3635 καὶ
3248 3570 3442 3639 αἰτίαν.
3482 3581 3713 3660 Εἴρηται

2077 3661 2135 3717 δὲ
2190 3663 2279 3718 καὶ
2334 3668 2440 3718 τῶν
2502 3663 2664 3740 ἁγίων
2724 3664 2885 3729 ἐνίοις
2932 3664 3157 3724 δι’Υἱοῦ
3184 3671 3329 3746 παρά
3351 3675 3448 3727 τοῦ
3503 3674 3714 3749 Πατρὸς

2077 3751 2477 3829 ἐκπορεύεσθαι,
2523 3754 2613 3808 καὶ
2671 3749 2904 3817 εὐσεϐῶς
2949 3753 3184 3829 εἷ’ρηται,
3216 3759 3322 3835 οὐχ
3369 3759 3452 3816 ὅτι
3513 3760 3713 3832 ἀτελής

2076 3843 2112 3909 ἡ
2174 3839 2234 3895 ἐκ
2296 3846 2393 3896 τοῦ
2465 3842 2672 3919 Πατρὸς
2742 3848 2839 3899 τοῦ
2915 3844 3228 3919 Πνεύματος
3305 3848 3546 3924 ὕπαρξις,
3604 3848 3719 3907 οὐδ’

2080 3929 2161 3984 ὅτι
2220 3929 2366 3991 ὅλως
2424 3928 2552 4006 ἔσχε
2607 3931 2697 3986 τὸν
2757 3934 2879 3988 Υῖὸν
2936 3930 3193 4006 αἷίτιον,²ῗ
3252 3936 3439 4011 μόνον,
3488 3940 3525 4009 ἢ
3590 3941 3725 4014 μετά

2077 4023 2176 4074 τοῦ
2233 4020 2465 4096 Πατρὸς,
2526 4019 2649 4076 ἀλλ’
2724 4020 2807 4076 ὅτι
2874 4021 3071 4078 ἐκεῖθεν
3151 4025 3210 4079 ἐκ
3273 4029 3375 4096 τῆς
3452 4033 3727 4105 Πατρικῆς

2079 4107 2350 4163 τουτέστιν
2416 4108 2599 4172 οὐσίας
2668 4109 3047 4189 ὑφιστάμενον,
3098 4113 3173 4176 ὡς
3240 4113 3471 4191 εἶ’ρηται,
3519 4115 3728 4173 τέλειον

2084 4204 2535 4273 συμπαρομαρτεῖ
2589 4202 2668 4271 τῷ
2728 4199 2892 4275 Λόγῳ
2948 4201 3083 4257 κατά
3121 4203 3249 4267 τοὺς
3288 4204 3573 4281 εἰρηκότας
3606 4208 3727 4278 θεη-

2082 4284 2302 4361 γόρους,
2328 4286 2420 4340 καὶ
2476 4284 2597 4355 ἥκει
2659 4285 2728 4342 δι’
2758 4288 2921 4344 αὐτοῦ
2968 4290 3057 4345 καὶ
3117 4290 3431 4367 ἀπολάμπει
3485 4294 3576 4350 καὶ
3629 4295 3725 4351 πέ-

2085 4395 2221 4451 φηνε
2249 4374 2384 4429 κατά
2412 4376 2509 4443 τήν
2538 4377 2868 4448 προαιώνιον
2922 4378 3085 4434 αὐτοῦ
3139 4380 3231 4435 καὶ
3289 4380 3460 4438 ἀΐδιον
3520 4382 3728 4459 ἔκλαμ-

2085 4464 2260 4536 ψιν,ἣ
2307 4462 2336 4517 6'
2376 4484 2427 4517 τι
2487 4465 2598 4539 χρὴ
2656 4463 2829 4542 λέγειν
2883 4469 3210 4544 κυριώτερον
3279 4467 3419 4527 ἄλλο
3481 4473 3574 4528 τὸν
3632 4475 3729 4538 τὰς

2084 4551 2231 4627 ἱερὰς
2317 4551 2685 4628 ἀνερευνῶνται
2767 4556 3001 4634 Γραφάς,
3060 4557 3150 4612 καὶ
3237 4556 3729 4635 ἐπισημαινόμενον

2088 4640 2287 4695 ἐκεῖθεν
2335 4645 2440 4695 τῶν
2504 4641 2785 4715 ὀνομάτων
2852 4644 2920 4699 τὰ
2975 4643 3400 4724 ἐφαρμόττοντα.
3458 4649 3593 4708 Εἶτα
3657 4651 3733 4714 ὡς

329 4720 521 4813 ὥστῖερ
597 4715 922 4813 ἒιξπεξρυκὼς
983 4716 1173 4813 ἐνέχηᾷ
1213 4721 1320 4813 τᾶξν
1343 4717 1666 4813 -.ῥημάτεογν
1727 4716 1843 4813 ὥρᾳ
1902 4737 1988 4772 σοι
2018 4715 2064 4780 D
2093 4728 2282 4783 τοῦτόν
2314 4751 2377 4804 γε
2405 4730 2494 4784 τὸν
2528 4727 2690 4807 λόγον
2745 4730 2879 4786 ἴδιον
2912 4715 3086 4806 αὐτῷ
3116 4715 3276 4810 ’παρά
3325 4739 3541 4813 Πατρός
3577 4743 3738 4795 Πνεῦ-

330 4808 584 4883 συνάγειν
645 4806 818 4862 ὁπόσα
870 4827 958 4860 σοι
1016 4805 1202 4860 αὐτόθι
1240 4807 1308 4861 τὰ
1337 4807 1514 4861 ἄτοπα
1569 4803 1773 4881 ἕψεται.
1806 4808 1983 4873 Ἥτις,

332 4897 520 4976 Ῠησὶν,
579 4895 643 4951 ἐκ
702 4895 913 4970 Πατρὸς
958 4894 1169 4971 λέγεται
1237 4893 1637 4972 ἐκπορεύεσθαι,
1696 4893 1883 4965 ἐπειδή
1929 4894 1990 4952 ἐκ

330 4990 433 5041 τοῦ
490 4984 675 5060 Λόγου
728 4988 826 5039 τοῦ
880 4983 1026 5058 παρὰ
1078 4988 1175 5039 τοῦ
1232 4984 1442 5059 Πατρὸς
1518 4984 1989 5060 ὁμολογουμένως

332 5075 611 5147 ἐκλάμπει
666 5072 755 5129 καὶ
812 5071 1201 5129 ἀποστέλλεται
1251 5072 1342 5128 καὶ
1391 5070 1620 5144 δίδοται,
1663 5071 1752 5128 διὰ
1804 5078 1988 5147 τοῦτο,

334 5173 457 5229 εἶπέ
508 5193 628 5245 μοι,
678 5170 738 5228 ἐκ
799 5175 897 5226 τοῦ
945 5169 1159 5247 Πατρός
1226 5169 1569 5247 ἐκπορεύεται
1624 5172 1688 5227 τὸ
1746 5173 1989 5245 Πνεῦμα,

336 5262 423 5319 ὅτι
466 5260 711 5337 ἐνέργειά
767 5259 878 5315 ἐστι
928 5264 1026 5315 τοῦ
1083 5260 1264 5336 Λόγου
1318 5261 1409 5315 καὶ
1469 5257 1682 5336 δωρεά;
1714 5260 1812 5315 Καὶ
1872 5265 1989 5324 πῶς

333 5355 375 5414 ἠ
431 5348 612 5427 δωρεὰ
670 5354 751 5422 τῷ
826 5346 1159 5424 δωρουμένῳ
1238 5348 1534 5423 ὁμοούσιος
1610 5347 1755 5405 ἔσται
1820 5349 1989 5421 ποτέ;

336 5445 476 5503 Πῶς
558 5440 698 5495 κατά
768 5437 924 5517 φύσιν
1000 5437 1145 5511 αὐτῷ
1226 5441 1691 5512 συνταγθήσεται;
1765 5443 1895 5502 ΙΙῶς
1954 5442 1990 5509 ἡ

338 5531 589 5606 ἐνέργεια
644 5527 738 5584 τόν
791 5524 950 5583 αὐτόν
1008 5525 1176 5602 λόγον
1216 5523 1322 5598 ἕξει
1376 5534 1478 5597 τῆς
1522 5527 1708 5589 οὐσίας
1738 5530 1801 5597 ἧς
1851 5528 1991 5583 ἐστιν

336 5620 623 5696 ἐνέργεια;
684 5621 810 5679 ΙΙῶς
884 5613 942 5671 δὲ
1012 5616 1101 5670 καὶ
1155 5615 1578 5687 αὐθυπόστατον,
1640 5614 1789 5693 εἶ’περ
1848 5616 1994 5694 ἐνέρ-

332 5728 489 5786 γειας
540 5707 604 5764 οὐ
666 5707 771 5782 γὰρ
847 5700 1215 5781 παραδέχεται
1265 5709 1428 5761 τοῦτο
1485 5712 1585 5776 τῆς
1643 5704 1909 5783 ἐνεργείας
1967 5706 1996 5761 6

334 5798 529 5877 λόγος.
561 5795 749 5875 Χωρίς
805 5792 867 5850 δὲ
909 5792 1141 5868 τούτων,
1171 5794 1224 5850 τί
1267 5795 1357 5851 καὶ
1409 5792 1698 5869 ὀνομάσεις
1742 5795 1833 5851 τὸν
1885 5801 1997 5851 Πα-

2099 4839 2173 4891 μα
2227 4818 2317 4872 καὶ
2374 4820 2611 4897 συμφυὲς
2670 4820 2760 4875 καὶ
2814 4821 3082 4897 ὁμότιμον
3114 4830 3436 4902 χορηγεῖται
3466 4829 3593 4904 παρ’
3645 4828 3738 4885 αὐ-

2095 4910 2192 4961 τοῦ
2248 4906 2338 4961 καὶ
2398 4904 2699 4963 ἐπιδίδοται
2737 4910 2809 4981 τῇ
2862 4909 3055 4982 κτίσει,
3084 4914 3176 4968 καὶ
3233 4911 3564 4980 δεσποτικῶς
3618 4916 3737 4973 ἐπι-

2098 5000 2257 5073 φοιτᾷ
2313 5000 2428 5058 τοῖς
2487 4996 2675 5069 ἀξίοις,
2706 4997 2795 5052 καὶ
2826 4996 2962 5053 ὅπου
3026 5001 3278 5075 βούλεται
3308 5010 3448 5079 πνεῖ,
3478 5004 3571 5062 καί
3625 5028 3741 5064 και-

2097 5088 2306 5138 νοποιεῖ
2340 5084 2467 5146 τοὺς
2512 5085 2949 5162 ὑποδεχομένους
2989 5090 3078 5145 καὶ
3136 5091 3339 5169 ἀγιάζει
3394 5096 3485 5151 καὶ
3533 5096 3739 5154 τελειοῖ

2099 5174 2379 5228 θεοποιοῦν
2434 5174 2569 5229 κατά
2622 5176 2806 5250 χὰριν,
2859 5175 2988 5240 Θεὸς
3064 5178 3190 5235 οὐτὸ
3260 5183 3527 5260 τυγχάνον
3603 5188 3741 5243 κατά

2101 5260 2283 5349 φύσιν,
2312 5262 2400 5317 καὶ
2450 5262 2910 5338 συμπληρωτικὸν
2965 5274 3065 5338 τῆς
3124 5268 3175 5325 ἐν
3218 5270 3404 5349 Τριάδι
3463 5274 3737 5348 θεότητος.

2101 5348 2389 5427 Ἀσφαλῶς
2469 5352 2561 5424 μὲν
2635 5350 2725 5407 οῦν
2792 5349 2910 5431 ἔχει
2954 5361 3122 5413 ταῦτα
3177 5358 3242 5415 τὰ
3298 5358 3393 5417 δύο
3453 5365 3590 5441 μέρη
3638 5373 3743 5436 τῆς

2105 5437 2438 5515 διαιρέσεως·
2501 5439 2672 5496 ἐκεῖνο
2730 5440 2778 5498 δ’
2828 5445 2960 5521 ὅπερ
3000 5445 3331 5524 ἐμεμψάμην
3373 5437 3589 5527 ἅμα
3643 5460 3741 5511 τοῦ

2105 5527 2275 5603 λόγου
2350 5530 2723 5606 κατάρξασθαι,
2795 5530 2877 5589 ὅτι
2962 5532 3061 5614 ἔφη
3146 5541 3562 5616 προτεινόμενος
3644 5546 3742 5614 τὴν

2104 5621 2343 5686 πνεῦσιν,
2385 5618 2461 5680 ὡς
2517 5618 2562 5673 εἰ
2625 5622 2699 5693 μή
2761 5618 2829 5676 δι’
2877 5624 3003 5681 Υίοῦ
3046 5627 3483 5705 συνομολογήσει
3541 5653 3623 5695 τις
3677 5635 3741 5689 τὸ

2105 5707 2367 5781 πανάγιον
2427 5706 2803 5785 ἐκπορεύεσθαι
2864 5717 3084 5786 Πνεῦμα
3138 5717 3285 5792 παρά
3355 5724 3453 5775 τοῦ
3508 5722 3741 5798 Πατρὸς,

2106 5796 2310 5871 ἀνάγκη
2366 5802 2510 5852 πᾶσα
2566 5802 2643 5871 τῷ
2708 5800 2875 5877 ἑτέρῳ
2931 5802 3081 5876 μέρει
3115 5803 3391 5871 συνθέσθαι
3446 5813 3550 5879 τῆς
3606 5796 3747 5866 διαι-
