4118 6424
428 447 539 509 291

1455 446 1769 509 GEORGII
1815 443 2072 504 CYPRH
2118 441 2234 501 (ΞΡ.
2288 439 2806 502 ΡΔἸῊΙΑΒΟΗᾸΞ

3709 444 3825 504 292

431 575 644 653 ρέσεως,
680 574 761 630 ὅτι
818 578 1104 650 προσεχῶς
1162 574 1221 629 ἐκ
1273 576 1499 649 Πατρός,
1534 574 1659 629 ἀλλ’
1700 573 1760 628 οὐ
1821 572 1889 628 δι’
1920 572 2071 641 Υίοῦ,
2102 575 2156 640 Α
2186 571 2402 645 Ῑίατρὸς
2431 568 2794 643 ἐκπορεύεται.
2830 569 2946 646 Οὖχ
2976 569 3118 625 οὕτω
3148 567 3206 625 δὲ
3245 575 3313 644 τῇ
3374 571 3596 645 ἀλῃθείᾳ
3654 568 3824 627 δοκεῖ’

431 664 790 740 ὑποκρύπτειν
848 663 1064 737 ἥγημαι
1120 664 1212 718 τὸν
1273 661 1434 740 λόγον
1491 662 1643 719 οὐδὲν
1680 660 1885 738 ἕτερον,
1922 664 1957 730 ἦ
1983 660 2064 715 6'11

426 774 487 830 γε
534 754 579 810 εἷ
628 752 874 817 σύνθοιτό
921 773 1005 813 τις
1055 749 1126 806 δι’
1173 753 1299 807 Υἱοῦ
1353 754 1499 828 παρά
1558 754 1764 826 Πατρὸς
1797 753 1862 806 τὸ
1910 752 2063 827 ἅγιον

427 842 805 920 ἐκπορεύεσθαι
857 846 1096 913 Πνεῦμα,
1152 840 1337 896 αὐτίκα
1397 838 1578 913 δώσει,
1637 842 1711 903 ὡς
1778 838 1839 895 οὐ
1896 860 2063 916 προσ-

427 937 569 1008 εχῶς
626 931 686 986 ἐκ
738 934 836 985 τοῦ
892 930 1132 1005 πρώτου,
1180 931 1452 985 τουτέστιν
1532 929 1589 985 ἐκ
1665 934 1763 985 τοῦ
1833 929 2064 1004 Πατρὸς,

425 1019 568 1076 ἀλλά
612 1024 773 1075 τοῦτο
817 1019 1003 1091 μόνον,
1054 1017 1137 1072 6'11
1197 1016 1285 1072 διὰ
1353 1022 1451 1072 τοῦ
1512 1022 1801 1094 προσεχῶς
1858 1015 1917 1071 ἐκ
1967 1020 2065 1070 τοῦ

417 1111 658 1185 πρώτου.
707 1110 769 1162 Ὃ
816 1106 997 1169 καλῶς
1047 1106 1197 1183 ἔχον,
1248 1109 1321 1169 ὡς
1388 1108 1532 1183 παρά
1586 1112 1683 1162 τοῦ
1752 1108 2063 1184 σοφωτάτου

415 1197 631 1269 Νύσσης
682 1196 863 1273 ῥηθὲν,
913 1197 1002 1250 καὶ
1070 1198 1233 1269 ἡμεῖς
1296 1196 1665 1270 ἀσπαζόμεθα,
1716 1194 1759 1250 εἷ
1808 1194 2061 1270 ἀπαρνεῖ-

412 1286 500 1342 ταί
546 1308 629 1350 τις
680 1286 781 1342 κάκ
826 1290 923 1341 τοῦ
978 1285 1199 1361 πρώτου
1255 1286 1318 1340 τὸ
1384 1290 1695 1360 προσεχῶς.
1744 1283 1892 1338 Ἐπεὶ
1970 1283 2060 1337 καὶ

413 1377 442 1432 6
494 1375 659 1451 μέγας
706 1375 862 1438 οὗτος
906 1375 1090 1450 Πατὴρ
1140 1378 1430 1451 προσεχῶς
1482 1374 1747 1450 ὑπάρχειν
1790 1370 1884 1428 18v
1933 1373 2055 1426 Υἱὸν

411 1465 471 1522 ἐκ
522 1470 618 1521 τοῦ
666 1464 875 1539 Πατρὸς
923 1463 1179 1540 εἰρηκὼς,
1213 1463 1313 1518 οὐκ
1361 1463 1504 1518 εἶπεν
1558 1464 1634 1525 ὡς
1675 1462 1737 1518 οὗ
1767 1466 2054 1539 προσεχῶς

412 1554 471 1610 ἐκ
511 1559 609 1609 τοῦ
658 1553 869 1630 Πατρὸς
913 1553 976 1607 τὸ
1024 1556 1250 1625 Πνεῦμα
1295 1552 1358 1607 τὸ
1408 1552 1582 1626 ἅγιον,
1622 1549 1769 1606 ἀλλὰ
1817 1548 1906 1605 διᾶ
1959 1554 2056 1605 τοῦ

410 1648 697 1720 προσεχῶς
745 1642 804 1697 ἐκ
851 1645 951 1697 τοῦ
994 1641 1235 1717 πρώτου,
1264 1639 1506 1695 τουτέστι
1556 1637 1627 1695 δι’
1654 1640 1791 1694 Υἱοῦ
1839 1638 1899 1693 έκ
1946 1644 2057 1693 Πα-

410 1732 555 1806 τρός.
609 1734 875 1795 Ἐντεῦθεν
936 1727 994 1785 δὲ
1058 1726 1212 1786 οὐδὲν
1279 1731 1613 1808 ἀπεφήνατο,
1673 1725 1787 1783 οῦδ’
1843 1725 2054 1803 εἴρηκεν

412 1819 495 1877 6'11
552 1819 613 1875 οὐ
661 1822 947 1895 προσεχῶς
1000 1817 1058 1873 ἐκ
1118 1823 1213 1872 τοῦ
1264 1818 1507 1894 πρώτου·
1563 1816 1609 1872 εἰ
1662 1814 1763 1894 ἄρα
1817 1814 1906 1871 διὰ
1957 1819 2055 1870 τοῦ

409 1914 717 1986 προσεχῶς,
769 1907 830 1963 έκ
893 1911 989 1962 τοῦ
1045 1908 1287 1983 πρώτου.
1347 1907 1409 1960 Ὃ
1467 1904 1525 1961 δὲ
1582 1907 1659 1980 μὴ
1713 1903 2050 1979 τετόλμηκεν
2086 1943 2132 2007 Β

411 2000 612 2062 ἐκεῖνος
656 1997 847 2066 εἰπεῖν,
884 1998 1024 2070 μήτε
1066 2017 1149 2058 τις
1196 1992 1366 2058 ἄλλος
1422 1999 1529 2050 τῶν
1603 1996 1898 2074 ὑποφητῶν
1956 1998 2054 2049 τοῦ

407 2086 673 2163 παναγίου
706 2085 1023 2158 ΙΙνεύματος
1052 2085 1427 2163 σοφιζόμενος,
1457 2084 1539 2146 τίς
1570 2083 1718 2139 οὕτω
1771 2082 2055 2157 τολμηρὸς

406 2176 495 2233 καὶ
527 2172 875 2248 αὐθάδης,νῷ
896 2194 955 2229 τε
984 2172 1361 2247 έννοῆσαι,καὶ
1390 2172 1647 2250 προέσθαι
1679 2170 1770 2227 διὰ
1796 2172 2056 2248 γλώσσης

407 2267 469 2321 τὸ
502 2264 691 2343 ῥῆμας

482 2384 879 2464 ’Δναλαμϐάνω
936 2386 994 2443 δὲ
1054 2390 1154 2458 τὴν
1222 2385 1502 2464 διαίρεσιν,
1545 2385 1619 2441 ’ἶν’
1671 2386 1803 2463 ὅπερ
1866 2383 2051 2456 δείξειν

410 2479 744 2553 προεθέμην,
787 2474 1053 2550 ἀποδείξω
1118 2480 1317 2554 σαφῶς.
1386 2476 1702 2552 Προεθέμην
1754 2472 1799 2529 δ’
1857 2473 1941 2529 6'11
1990 2472 2053 2528 οὗ

409 2567 594 2630 καλῶς
653 2566 854 2629 ἐκεῖνος
912 2568 1268 2641 προήνεγκεν,
1295 2563 1420 2620 ἀλλ’
1461 2564 1640 2640 ὥσπερ
1698 2563 2052 2641 σοφιζόμενος

408 2657 499 2714 καὶ
537 2655 673 2732 πρὸς
729 2652 783 2710 ἓν
832 2676 883 2710 τι
929 2659 1036 2710 τῶν
1087 2654 1301 2709 ἀτόπων
1353 2651 1687 2708 συνελαύνων
1743 2651 2051 2726 ἀναγκαίως

407 2746 467 2801 ἐκ
540 2749 636 2801 τοῦ
704 2743 873 2819 λόγου
936 2745 1025 2798 τὸν
1103 2743 1240 2819 πρὸς
1317 2743 1415 2811 τήν
1492 2747 1676 2797 πεῦσιν
1754 2742 2051 2811 ἀπαντῆσαι

407 2833 707 2910 ᾑρημένον,
765 2832 855 2888 καί
930 2830 1075 2887 δυοῖν
1150 2835 1256 2886 τῶν
1328 2825 1753 2907 προϐληθέντων
1826 2830 2051 2903 ἀποκρί-

406 2924 590 2979 νασθαι
646 2923 887 2996 θάτερον.
947 2921 1017 2975 Τὸ
1071 2918 1118 2975 δ’
1173 2920 1239 2989 ἦν
1298 2920 1332 2988 ἢ
1389 2918 1668 2981 παντελῶς
1724 2919 1787 2974 τὸ
1827 2916 1895 2973 δι’
1928 2920 2053 2973 Υὶοῦ

414 3012 837 3086 ἀπαρνήσασθαι,
869 3011 903 3078 ἦ
949 3008 994 3064 εἷ
1046 3010 1122 3082 μὴ
1174 3006 1468 3063 διαπιστεῖν
1522 3006 1645 3077 ένῆν
1684 3013 1802 3070 τοῖς
1854 3006 2051 3082 λέγουο

412 3121 492 3155 σιν
534 3100 733 3176 ἀγίοις,
766 3100 827 3153 τὸ
858 3097 919 3153 ού
976 3102 1261 3174 προσεχῶς
1320 3095 1379 3151 έκ
1423 3100 1520 3152 τοῦ
1573 3097 1784 3172 Ιῐατρὸς
1843 3097 2053 3174 ἀπορρή-

406 3191 612 3246 νασθαι.
665 3188 832 3245 Ποίαν
885 3192 1046 3242 τοῦτο
1103 3185 1161 3241 έκ
1223 3192 1323 3255 τῆς
1383 3183 1638 3254 ἀληθείας
1702 3182 1829 3260 ἕχον
1898 3185 2052 3260 ἀνάγ-

404 3298 524 3350 κην,
572 3277 618 3333 εἰ
674 3278 751 3351 μὴ
793 3276 851 3331 ἐκ
897 3282 995 3345 τῆς
1047 3274 1250 3329 ἀτόπου
1329 3271 1547 3347 μᾶλλον
1592 3273 1680 3328 καὶ
1737 3280 2050 3351 σοφιστικῆς
2080 3308 2121 3374 C

407 3366 765 3443 ἐρωτήσεως;
817 3362 993 3426 Εἰδὼς
1057 3364 1161 3439 γὰρ
1234 3361 1663 3429 συναληθεύοντα
1737 3361 1882 3433 αὐτῷ
1950 3363 2050 3435 ἀμ-

408 3450 605 3534 φότερα
666 3454 733 3509 τὰ
791 3455 928 3529 μέρη
984 3459 1085 3522 τῆς
1134 3450 1466 3528 διαιρέσεως,
1517 3452 1550 3520 ἢ
1606 3450 1769 3525 ἃμφω
1838 3448 2049 3524 μᾶλλον

404 3544 499 3607 τὰς
551 3546 838 3619 προτάσεις
882 3541 963 3597 6'11
1020 3538 1149 3615 μηδ’
1195 3539 1514 3595 ἀντίκεινται
1573 3537 1873 3611 ἀλλήλαις,
1919 3536 2052 3612 μηδ’

411 3630 552 3688 ἔστιν
585 3630 731 3694 ὅλως
780 3630 1015 3685 ἐναντίον
1062 3629 1150 3684 καὶ
1198 3630 1513 3705 μαχόμενον
1569 3625 1722 3683 οὐδὲν
1773 3627 1825 3682 ἐν
1878 3630 2050 3705 ἀμφο-

408 3721 610 3795 τέροις,
644 3720 690 3776 εἷ
723 3720 864 3774 οὕτω
903 3715 1186 3795 προῧτεινε
1230 3719 1322 3773 τὸν
1374 3716 1558 3793 λόγον,
1594 3717 1676 3772 ὅτι
1727 3716 1838 3772 ἔστι
1880 3738 1940 3793 γε
1986 3718 2049 3772 τὸ

411 3806 647 3880 δοξάζειν
684 3808 861 3885 ὀρθῶς
901 3809 946 3864 εί
994 3807 1094 3885 ἄρα
1143 3807 1201 3862 ἐκ
1247 3808 1465 3883 Ιῐατρὸς
1515 3811 1701 3883 φρονεῖ
1749 3827 1830 3868 τις
1887 3805 2047 3860 ἐκπο-

408 3898 653 3974 ρεύεσθαι
704 3898 765 3952 τὸ
826 3902 1043 3971 Πνεῦμα
1097 3897 1158 3952 τὸ
1209 3898 1385 3972 ἅγιον,
1415 3896 1450 3964 ἣ
1482 3898 1590 3968 μην
1635 3896 1780 3971 παρά
1839 3895 2048 3968 ΙΙατρὸς

406 3984 476 4043 δι’
519 3987 666 4044 Υἱοῦ.
714 3992 768 4041 '0
810 3982 867 4041 δὲ
914 3984 1392 4062 σχηματισάμενος
1439 3985 1503 4039 τὸ
1567 3979 1871 4060 πρόϐλημα
1934 3980 2044 4038 515'-

404 4097 516 4153 ρως
560 4081 658 4131 τοῦ
704 4079 992 4153 προσεχῶς
1040 4074 1185 4151 παρά
1238 4074 1336 4142 τὴν
1391 4073 1754 4148 προκειμένην
1812 4071 2047 4150 εἰληφὼς

404 4166 627 4236 ζήτησιν
685 4164 775 4220 καὶ
832 4164 1108 4238 παρενθείς
1165 4161 1217 4217 ἐν
1280 4166 1350 4235 τῇ
1412 4162 1690 4238 προτάσει,
1747 4156 1893 4231 ἔδοξε
1968 4162 2044 4234 μή

405 4254 567 4328 μόνον
597 4250 988 4309 διαλλάττοντα
1018 4250 1345 4325 ποιούμενος
1374 4252 1442 4305 τά
1503 4249 1639 4325 μέρη
1699 4252 1794 4319 τῆς
1852 4257 2045 4318 καινῆς

400 4341 546 4416 αὐτῷ
602 4339 935 4419 διαιρέσεως,
993 4339 1139 4397 ἀλλά
1192 4339 1281 4394 καὶ
1338 4338 1549 4394 ἐναντία
1623 4337 1710 4393 καί
1768 4334 2047 4411 ἀξύμϐατα

399 4429 676 4503 ἀλλήλοις
726 4430 814 4486 καὶ
857 4433 925 4504 τῇ
985 4426 1214 4499 ἀληθείᾳ
1263 4426 1568 4502 μαχόμενα.
1609 4431 1740 4488 Ιίῶς
1788 4428 1891 4503 γὰρ
1942 4425 2042 4497 οὕς

397 4516 725 4597 Ἑπειδήπερ
776 4523 854 4591 τῷ
908 4519 1236 4594 προσέχοντι
1300 4516 1392 4571 τὸν
1446 4519 1570 4569 νοῦν
1636 4520 1751 4577 τοῖς
1821 4514 2044 4591 εἰρημέ-

397 4628 513 4671 νοις
587 4609 911 4685 ἒκατέρωθεν
988 4606 1374 4685 ἀμφίκρημνος
1434 4605 1462 4658 6
1523 4602 1707 4679 λόγος,
1765 4604 1855 4658 καὶ
1919 4611 2045 4680 παρ’

2175 662 2460 733 προσεχῶς
2487 658 2587 732 γὰρ
2620 657 2678 711 έκ
2723 662 2821 712 τοῦ
2870 658 3100 731 ΙΙατρὸς,
3132 658 3175 713 εἷ
3223 661 3312 713 καὶ
3365 658 3433 713 δι’
3486 661 3613 715 Υἰοῦ
3672 662 3821 738 παρά

2177 747 2385 819 Πατρὸς
2463 744 2829 821 ἐκπορεύεται,
2890 746 2972 800 ὅτι
3048 748 3160 819 ἅμα
3217 746 3277 802 ἐκ
3340 750 3552 824 Πατρὸς
3610 751 3639 803 6
3697 746 3821 813 Υἱός

2171 855 2231 889 τε
2284 833 2373 888 καὶ
2425 835 2487 889 τὸ
2544 839 2763 907 Πνεῦμα
2818 835 2880 889 τὸ
2932 836 3104 911 ἅγιον,
3149 835 3238 891 καὶ
3296 834 3603 909 ὁμοδόξως,
3652 839 3730 901 ὡς
3788 841 3816 893 6

2181 920 2347 998 μέγας
2381 922 2523 976 εἶπεν
2555 922 2606 977 ἐν
2637 920 2892 998 θεολογίᾳ
2922 922 3247 999 Γρηγόριος,

2243 1028 2347 1082 Κάν
2379 1033 2458 1101 τῷ
2487 1030 2690 1105 πρώτῳ
2731 1034 2838 1084 τῶν
2890 1029 3309 1106 ’Λναιρρητικῶν
3339 1032 3366 1086 6
3399 1031 3612 1101 Νύσσης
3662 1032 3813 1111 φησί’

2175 1119 2363 1193 Πατήρ
2422 1117 2516 1189 μὲν
2574 1115 2811 1193 ἄναρχος
2870 1118 2959 1172 καὶ
3019 1120 3331 1194 ἀγέννητος,
3361 1120 3449 1174 καὶ
3511 1121 3589 1175 ἀεὶ
3626 1122 3814 1199 Πατὴρ

2170 1206 2389 1279 νοεῖταὶ,
2424 1205 2474 1276 ἐξ
2527 1206 2691 1260 αὐτοῦ
2750 1203 2809 1260 δὲ
2860 1207 2996 1261 κατά
3048 1208 3111 1262 τὸ
3157 1208 3422 1284 προσεχὲς
3479 1207 3815 1274 ἀδιαστάτως

2172 1295 2199 1349 6
2262 1296 2555 1371 μονογενὴς
2625 1294 2747 1357 Υἱὸς
2802 1301 3212 1351 συνεπινοεῖτιιι⁸
3265 1296 3335 1352 δι’
3391 1296 3555 1353 αὐτοῦ
3610 1295 3669 1354 δὲ
3725 1297 3817 1355 καί

2176 1387 2292 1459 μετ’
2337 1383 2500 1439 αὐτοῦ
2549 1383 2674 1460 πρίν
2720 1405 2772 1439 τι
2819 1385 2972 1440 κενὸν
3022 1385 3112 1441 καὶ
3152 1384 3515 1443 ἀνυπόστατον
3574 1384 3662 1443 διὰ
3721 1390 3816 1461 μέ-

2172 1494 2268 1528 σου
2310 1478 2673 1549 παρεμπεσεῖν
2721 1474 2905 1545 νόημα
2952 1473 3105 1537 εὐθὺς
3151 1475 3214 1531 τὸ
3271 1476 3493 1549 Πνεῦμα
3545 1477 3608 1531 τὸ
3663 1479 3812 1554 ἅγιον

2172 1564 2531 1635 συνημμένως
2581 1557 3072 1635 καταλαμϐανεται,
3134 1563 3241 1640 οὐχ
3319 1564 3590 1641 ὑστερίζον
3674 1566 3811 1622 κατά

2163 1652 2263 1720 τὴν
2295 1650 2516 1725 ὕπαρξιν
2550 1650 2685 1723 μετά
2714 1650 2804 1705 τὸν
2852 1651 2996 1720 Υἶὸν,
3031 1650 3168 1707 ὥστε
3210 1653 3343 1707 ποτε
3395 1653 3487 1708 τὸν
3541 1658 3810 1731 μονογενῆ

2164 1739 2288 1794 Υἷὸν
2320 1738 2452 1815 δίχα
2478 1743 2575 1793 τοῦ
2608 1738 2922 1812 Πνεύματος
2964 1747 3250 1811 νοηθῆναι,
3282 1739 3409 1797 ἀλλ’
3454 1742 3515 1797 ἐκ
3564 1744 3658 1817 μὲν
3707 1748 3807 1800 τοῦ

2163 1832 2297 1883 Θεοῦ
2351 1832 2458 1883 τῶν
2513 1826 2658 1883 ὅλων
2690 1829 2778 1883 καὶ
2808 1827 2938 1884 αὐτὸ
2966 1830 3063 1899 τήν
3096 1829 3267 1885 αἰτίαν
3300 1828 3429 1907 ἔχον
3486 1835 3585 1886 τοῦ
3642 1832 3809 1906 εἶναι,

2162 1917 2282 1982 ὅθεν
2333 1918 2423 1972 καὶ
2471 1922 2535 1973 τῦ
2579 1919 2864 1994 μονογενὲς
2894 1918 3004 1973 ἐστι
3055 1923 3189 1999 φῶς,
3221 1917 3311 1975 διά
3364 1917 3423 1976 δὲ
3462 1924 3561 1976 τοῦ
3607 1921 3808 1993 ἀληθι-

2161 2011 2257 2061 νοῦ
2287 2008 2466 2085 φωτὸς
2500 2006 2804 2081 ἐκλάμψαν,
2837 2006 2897 2062 ἐκ
2931 2012 3030 2063 τοῦ
3083 2009 3297 2083 Ιῐατρὸς
3344 2009 3479 2065 κατά
3524 2010 3587 2065 τὸ
3633 2031 3803 2088 προσ-

2163 2096 2285 2172 εχὲς
2355 2092 2687 2157 ἀδιαστάτως
2759 2098 3178 2152 συνεπινοεῖσθαι
3253 2098 3345 2153 τὸν
3401 2096 3524 2153 Υἶὸν
3603 2099 3810 2180 ἀνεφώ-

2161 2205 2311 2256 νησε,
2371 2182 2441 2239 δι’
2493 2183 2657 2239 αὐτοῦ
2714 2181 2772 2239 δὲ
2826 2184 2914 2239 καὶ
2975 2186 3089 2259 μετ’
3143 2184 3307 2241 αὐτοῦ
3352 2184 3807 2263 συγκαταλαμϐά-

2160 2274 2337 2328 νεσθαι
2385 2274 2448 2327 τὸ
2497 2273 2719 2345 Πνεῦμα
2762 2272 2825 2328 τὸ
2893 2274 3068 2348 ἅγιον.
3118 2280 3245 2329 Μετ’
3289 2272 3474 2342 αὐτοῦ,
3524 2276 3705 2354 φησὶν,
3761 2276 3809 2333 εἰ

2162 2362 2250 2417 καὶ
2310 2359 2379 2417 δι’
2425 2359 2611 2418 αὐτοῦ.
2644 2361 2707 2416 Εἰ
2768 2362 2882 2435 μετ’
2928 2362 3093 2418 αὐτοῦ
3158 2362 3218 2417 ἐκ
3269 2362 3366 2418 τοῦ
3422 2365 3651 2439 Πατρὸς,
3681 2364 3801 2420 ὅθεν

2160 2450 2250 2505 καὶ
2305 2452 2403 2519 τήν
2454 2450 2629 2506 αἶ’τίαν
2684 2447 2800 2527 ἔχει
2847 2450 2945 2505 τοῦ
2975 2451 3132 2525 εἶναι,
3162 2455 3280 2514 πῶς
3311 2450 3373 2507 οὐ
3402 2457 3692 2529 προσεχῶς
3750 2452 3811 2510 ἐκ

2159 2538 2255 2594 τοῦ
2314 2540 2521 2615 Πατρὸς
2582 2539 2715 2612 μετά
2767 2538 2865 2594 τοῦ
2922 2540 3093 2609 Υἱοῦ;
3125 2544 3245 2596 Ὅτι
3294 2545 3581 2618 προπχῶς
3623 2542 3652 2597 6
3684 2541 3810 2606 Υἱὸς

2160 2628 2305 2704 παρά
2331 2626 2428 2682 τοῦ
2456 2628 2679 2702 Πατρὸς,
2711 2626 2800 2682 καί
2827 2625 2993 2682 ταῦτα
3034 2625 3103 2683 δι’
3129 2627 3295 2685 αὐτοῦ
3324 2630 3416 2685 καὶ
3469 2635 3580 2704 μετ’
3638 2630 3803 2686 αὐτοῦ

2159 2711 2706 2788 καταλαμϐανόμενον
2766 2719 3147 2790 συνημμένως,
3206 2718 3331 2791 πρίν
3380 2740 3436 2774 τι
3490 2720 3642 2776 κενὸν
3714 2720 3806 2776 καὶ

2163 2805 2524 2860 ἀνυπόστατον
2582 2802 2671 2859 διὰ
2729 2805 2894 2878 μέσου
2953 2812 3317 2881 παρεμπεσεῖν
3368 2806 3572 2880 νόημα.
3628 2807 3691 2865 Εἰ
3751 2806 3809 2865 δί

2165 2896 2239 2969 μή
2276 2894 2422 2949 κενὸν
2480 2893 2568 2949 καὶ
2624 2893 2986 2949 ἀνυπόστατον
3043 2895 3412 2971 παρεμπίπτει
3461 2898 3663 2969 νοήμα,
3700 2895 3807 2953 ποῦ

2160 3005 2242 3038 σοι
2292 2984 2477 3059 χώραν
2527 2980 2629 3053 ἕξει
2670 2983 2732 3037 τὸ
2785 2984 2859 3054 μὴ
2904 2984 3210 3059 προσεχές;
3244 2982 3418 3038 Ταῦτα
3452 2985 3546 3057 μὲν
3579 2984 3671 3040 οὗν
3717 2985 3803 3040 ἐπὶ

2157 3073 2435 3141 τοσοῦτον,
2480 3072 2590 3143 καὶ,
2650 3071 2824 3145 οἶμαι,
2877 3071 3071 3134 ἱκανῶς
3121 3074 3255 3145 ἡμῖν
3307 3072 3542 3151 εἴρηται,
3592 3078 3706 3137 πῶς
3746 3094 3805 3130 τε

2160 3162 2258 3216 οὐκ
2313 3160 2560 3228 ἀσφαλὴς
2620 3166 2736 3222 τοῖς
2793 3161 2990 3215 οὑτωσὶ
3047 3161 3417 3236 προτείνουσιν
3448 3164 3483 3232 ἠ
3516 3162 3801 3238 ἐρώτησις,

2159 3251 2239 3312 τίς
2267 3272 2326 3305 τε
2378 3251 2406 3304 6
2455 3251 2589 3325 πρὸς
2647 3248 2841 3312 αὐτοὺς
2902 3247 3154 3325 ἔλεγχος,
3185 3247 3272 3305 οἵα
3325 3272 3384 3307 τε
3434 3252 3524 3306 καὶ
3581 3251 3702 3307 ὅθεν
3763 3254 3800 3323 ἡ

2158 3342 2256 3409 τῆς
2286 3338 2544 3410 ἀληθείας
2573 3336 2863 3408 ἀπόδειξις.

2228 3447 2447 3501 Κάκεῖνο
2482 3443 2539 3500 δὲ
2586 3444 2907 3523 ἀσύμφωνον
2964 3445 3108 3518 αὐτῷ
3162 3446 3252 3501 καὶ
3306 3452 3424 3510 τοῖς
3465 3445 3654 3523 λόγοις
3708 3447 3802 3504 αύ-

2155 3535 2271 3592 τοῦ·
2306 3533 2454 3590 δοκεῖ
2509 3535 2611 3611 γὰρ
2670 3532 2959 3597 διαπαντὸς
3016 3541 3132 3598 τοῖς
3189 3537 3281 3610 μὲν
3314 3534 3564 3612 λέγουσιν
3599 3536 3681 3593 6'11
3742 3537 3802 3595 ἐκ

2159 3625 2367 3701 [ἰατρὸς
2420 3623 2508 3678 καὶ
2560 3620 2687 3677 Υἶοῦ
2747 3621 3089 3695 ἐκπορεύεται
3146 3624 3209 3678 τὸ
3267 3622 3485 3697 Πνεῦμα
3531 3626 3591 3680 16
3626 3627 3799 3702 ἅγιον,

2162 3716 2237 3788 μή
2277 3712 2478 3775 τελέως
2528 3710 2686 3782 δῆθεν
2745 3712 3096 3783 συντίθεσθαι,
3127 3710 3487 3789 ἀποδέχεσθαι
3543 3711 3600 3769 δὲ
3652 3713 3801 3788 μᾶλ-

2159 3803 2253 3859 λον
2307 3801 2431 3864 τοὺς
2492 3801 2774 3878 εἰρηκότας
2832 3800 2914 3855 6'11
2975 3801 3034 3857 ὲκ
3092 3802 3303 3878 Πατρὸς
3335 3800 3405 3856 δι’
3434 3800 3582 3871 Υἰοῦ,
3615 3802 3800 3866 καλῶς

2156 3896 2353 3958 ποιῶν,
2384 3890 2429 3944 εἰ
2485 3887 2674 3966 ἄραγε
2733 3888 2909 3965 ὀρθῶς
2960 3895 3067 3944 τῶν
3123 3888 3287 3944 ταῦτά
3314 3912 3373 3967 γε
3401 3892 3656 3967 φαμένων
3711 3890 3797 3946 ἐκ·

2157 3974 2422 4051 λαμϐανει
2472 3979 2564 4032 τὸν
2617 3975 2761 4033 νοῦν.
2817 3975 2968 4046 [Ιλὴν
3027 3975 3167 4033 ἔστιν
3225 3977 3363 4032 ὅπου
3418 3979 3507 4033 καὶ
3552 3978 3603 4033 έν
3636 3976 3792 4034 πλεί-

2155 4089 2300 4130 στοις
2360 4066 2520 4129 αῦτὸς
2576 4067 2714 4143 πρὸς
2767 4067 2951 4120 ἑαυτὸν
3011 4064 3161 4121 δοκεῖ
3218 4064 3577 4144 διαφέρεσθαι.
3608 4067 3668 4122 Τί
3724 4065 3792 4137 δὴ

2155 4157 2370 4231 λέγω-ις
2407 4155 2510 4211 Νῦν
2539 4157 2633 4229 μὲν
2665 4156 2694 4210 ’ὀ
2724 4156 2813 4209 καὶ
2858 4155 2992 4230 πρὸς
3037 4157 3117 4228 τῷ
3155 4154 3300 4211 τέλει
3351 4155 3563 4230 μᾶλλον
3614 4155 3798 4232 εἷ’ρηκε

2151 4245 2248 4301 τοῦ
2309 4245 2497 4320 λόγου,
2542 4245 2617 4307 ὡς
2674 4243 2773 4299 οὐκ
2829 4243 2886 4299 ἂν
2950 4242 3009 4299 ἐκ
3059 4242 3157 4299 τοῦ
3189 4244 3314 4299 Υίοῦ
3369 4245 3798 4322 προηγουμένως

2155 4334 2374 4411 λεχθείη
2410 4335 2470 4388 τὸ
2498 4332 2759 4407 πανάγιον
2791 4330 3026 4407 Πνεῦμα,
3058 4332 3185 4389 ἀλλ’
3227 4332 3287 4388 ἐκ
3330 4334 3426 4389 τοῦ
3475 4335 3685 4410 [ἰατρὸς
3728 4331 3800 4390 δι’

2154 4422 2300 4480 Υἱοῦ.
2334 4424 2513 4499 Χρεὼν
2546 4423 2671 4498 γὰρ,
2722 4421 2906 4499 φησὶν,
2943 4421 3330 4498 ὁμολογεῖσθαι
3375 4424 3475 4493 τὴν
3532 4425 3801 4498 πατρικὴν

2155 4513 2441 4569 ὑπόστασιν
2497 4512 2675 4588 ἀρχὴν
2732 4511 2820 4565 καὶ
2879 4510 3052 4565 αἰτίαν
3109 4511 3199 4565 καὶ
3248 4509 3343 4566 τοῦ
3375 4509 3503 4568 Υἷ¹οῦ
3558 4512 3649 4567 καὶ
3700 4510 3798 4568 τοῦ

2155 4600 2464 4674 ΙΙνεύματος
2520 4599 2706 4670 αὐτοῦ,
2761 4600 2922 4673 μόνος
2972 4600 3075 4676 γὰρ
3133 4596 3306 4662 αἴτιος
3362 4601 3389 4656 ὁ
3447 4602 3655 4676 Πατὴρ,
3705 4602 3796 4657 καὶ

395 4694 489 4751 ἕνα
534 4678 755 4761 πάντως.
801 4678 1308 4763 διωθῶν-δλισθον,
1364 4695 1399 4763 ἢ
1450 4693 1553 4769 γὰρ
1608 4678 1896 4766 αἱρήσεταί
1962 4678 2123 4756 τιςῙ)
2155 4690 2253 4746 οὐκ
2310 4690 2369 4744 ἂν
2432 4687 2516 4758 ε”η
2581 4686 2752 4743 α’ἱτιον
2811 4687 3041 4763 ἀρχικόν
3100 4690 3129 4744 6
3178 4689 3322 4751 Υἱός.
3356 4691 3536 4766 Μέχρι
3592 4689 3798 4745 τούτων

398 4784 640 4863 ἐκφυγεῖν
703 4788 766 4841 τὸ
849 4788 924 4859 μὴ
1000 4788 1290 4860 προσεχῶς
1363 4782 1507 4857 παρὰ
1592 4782 1803 4856 Ηατρὸς
1890 4781 2047 4837 ἐκπο-

400 4873 641 4950 ρεύεσθαι
714 4875 779 4930 τὸ
837 4879 1053 4947 Πνεῦμα
1110 4875 1171 4929 τὸ
1228 4874 1404 4948 ἅγιον,
1463 4870 1551 4926 καὶ
1612 4867 1896 4947 διαγράψει
1946 4875 2045 4925 τοῦ

401 4967 577 5039 χοροῦ
640 4968 747 5019 τῶν
802 4963 1076 5042 θεοφόρων
1145 4960 1353 5038 ἀνδρῶν
1394 4959 1550 5025 ,τοὺς
1626 4958 1911 5036 εἷ’ρηκότας
1961 4955 2042 5013 ὄτι

408 5049 476 5072 η,
619 5056 645 5067 ..
835 5053 848 5071 ς
1061 5052 1075 5069 κ
1391 5049 1405 5070 ν
1613 5048 1627 5069 ε
1724 5048 1749 5070 ,κ
1879 5046 1904 5068 ,ρ

404 5068 456 5106 οι
521 5052 650 5106 Υἰου
713 5072 859 5127 παρα
906 5060 1116 5126 Πατρος
1180 5051 1545 5127 ἐκπορευεται,
1598 5070 1671 5111 ως
1723 5070 1781 5103 αν
1852 5070 1934 5120 ειη
1986 5048 2046 5104 ἐκ

399 5141 619 5217 ΙΙατρὸς
670 5146 978 5217 προσεχῶς,
1011 5139 1135 5197 ἀλλ’
1189 5140 1249 5195 οὐ
1308 5137 1377 5193 δι’
1434 5139 1583 5213 Υἱοῦ,
1625 5138 1698 5199 ὡς
1756 5138 1783 5191 ὁ
1840 5136 2043 5192 ἐκείνου

400 5226 570 5305 λόγος
627 5227 781 5307 φησί·
815 5231 849 5299 ἢ
908 5230 984 5302 μὴ
1032 5228 1203 5299 πάντη
1262 5226 1387 5289 τοὺς
1446 5226 1691 5287 εἰπόντας
1755 5227 2043 5304 μεμφόμε-

399 5338 511 5390 νος,
553 5317 859 5372 τούναντίον
923 5318 1016 5390 μὲν
1076 5315 1166 5372 οῦν
1227 5318 1359 5371 ἅπαν
1418 5315 1507 5370 καὶ
1565 5315 1829 5369 πιστεύων
1890 5315 2041 5391 εἰρη-

398 5407 545 5462 κέναι
576 5404 785 5469 καλῶς,
817 5405 863 5460 εἴ
894 5405 1027 5461 κατά
1075 5406 1167 5461 τὸν
1227 5410 1346 5459 νοῦν
1393 5403 1565 5458 αὐτῶν
1613 5404 1703 5458 τὸν
1757 5408 1876 5456 νοῦν
1935 5408 2040 5457 τῶν

401 5493 700 5573 εἷ’ρημένων
745 5491 1060 5568 ἐκλήψεται,
1107 5498 1273 5548 ταῦτα
1328 5489 1576 5553 δεδωκὼς
1634 5491 1722 5546 καὶ
1781 5493 1851 5563 τῇ
1905 5492 2043 5562 ἀξιο-

402 5583 588 5656 πιστίᾳ
642 5582 848 5638 τούτων
895 5582 1215 5655 συνθέμενος
1264 5578 1389 5636 οὐδὲ
1432 5580 1574 5635 οὕτω
1622 5578 1894 5656 διαδράσει
1950 5581 2040 5637 τὸν

403 5670 671 5730 κίνδυνον.
717 5669 820 5743 Εῗη
871 5673 975 5748 γὰρ
1025 5672 1084 5726 ἂν
1136 5669 1397 5743 ἐλόμενος
1446 5667 1636 5738 ἐκεῖνο,
1669 5667 1752 5723 6'11
1799 5665 1868 5723 81’
1916 5670 2043 5724 1"105

402 5760 547 5840 παρᾶ
602 5762 812 5838 Ιῐατρὸς
867 5762 931 5817 16
988 5764 1232 5834 Πνεῦμα,
1283 5756 1409 5815 ἀλλ’
1437 5756 1500 5813 ού
1557 5760 1843 5833 προσεχῶς
1902 5758 2046 5834 παρά

2155 4780 2308 4855 ὑγιὴς
2336 4778 2462 4840 ἴσως
2495 4778 2522 4831 ὁ
2554 4776 2720 4853 λόγος
2749 4778 2935 4845 αὐτοῦ,
2966 4778 3011 4832 εί
3046 4780 3120 4851 μή
3151 4799 3233 4840 τις
3264 4778 3327 4833 τὸ
3358 4778 3586 4854 ἀρχικὸν
3623 4776 3796 4833 αἴτιον

2156 4867 2522 4935 ὑποπτεύσειε,
2556 4867 2772 4921 κάκεῖνο
2804 4863 2881 4934 δὲ,
2913 4865 2995 4921 6'11
3029 4866 3127 4921 οὐκ
3156 4866 3214 4921 ἂν
3248 4866 3307 4921 έκ
3334 4864 3431 4921 τοῦ
3464 4865 3589 4921 Γίοῦ
3616 4887 3799 4941 προη-

2151 4956 2431 5033 γουμένως
2460 4954 2686 5031 λεχθείη
2744 4956 2805 5009 τὸ
2865 4953 3082 5030 Πνεῦμα
3131 4956 3193 5010 τὸ
3243 4956 3410 5032 ἅγιον.
3445 4957 3515 5011 Τὸ
3564 4956 3659 5029 μὶν
3694 4956 3796 5033 γάρ

2151 5047 2213 5103 τὸ
2243 5051 2458 5123 πρῶτον
2492 5045 2539 5099 εἶ’
2569 5046 2642 5117 μὴ
2685 5046 2802 5108 καθ’
2835 5045 3010 5117 ἑαυτὸ,
3044 5043 3135 5100 καί
3189 5044 3354 5099 οἱονεί
3402 5066 3519 5108 πως
3569 5042 3799 5120 ἄσχετον

2151 5136 2239 5191 καὶ
2298 5133 2636 5210 ἀσύγκριτον,
2667 5145 2845 5189 νοοῖτο
2905 5134 2963 5188 ἂν
3021 5133 3165 5205 αύτῷ
3219 5134 3280 5189 τὸ
3339 5134 3566 5210 ἀρχικὸν
3595 5132 3792 5206 α’ίτιον,

2153 5225 2294 5279 οὕτω
2326 5221 2392 5293 δὴ
2427 5222 2661 5296 λέγοντι,
2693 5223 2781 5277 καὶ
2812 5223 2885 5284 ὡς
2920 5220 3086 5295 μηδὲν
3138 5217 3607 5299 ὑπεραναῦεϐηκὸς
3666 5221 3794 5299 ἔχον

2149 5312 2354 5389 ἕτερον,
2390 5310 2514 5367 ἀλλ’
2566 5311 2647 5366 6'11
2706 5312 2818 5385 μετ’
2876 5310 3039 5366 αὐτοῦ
3095 5310 3264 5367 α’ίτιον
3320 5313 3348 5367 6
3398 5312 3542 5385 ι’ῗὸς,
3580 5311 3635 5367 ἓν
3699 5312 3794 5386 μὶν

2157 5405 2269 5478 μετ’
2327 5398 2512 5467 αὐτοῦ,
2544 5400 2636 5454 ’ίνα
2699 5400 2773 5473 μὴ
2835 5397 2929 5454 δύο
2981 5400 3260 5473 νομίζοιτο
3321 5399 3482 5457 α’ίτια.
3545 5398 3794 5479 φεύγοντί

2151 5514 2211 5570 γε
2241 5492 2382 5547 οὕτω
2427 5490 2490 5544 16
2547 5486 2842 5562 προδήλως
2901 5490 3084 5555 κακὸν,
3118 5489 3178 5544 οὐ
3227 5491 3335 5563 μὴν
3365 5487 3423 5544 δὲ
3449 5490 3511 5544 τὸ
3540 5489 3794 5565 ἀρχικὸν,

2157 5581 2318 5656 μόνος
2351 5581 2455 5656 γαρ
2490 5576 2646 5639 οὗτος
2679 5575 2851 5639 α’ίτιος
2880 5579 2908 5632 ὁ
2948 5581 3155 5655 Πατήρ.

2221 5676 2275 5724 '0
2333 5668 2489 5729 αὐτὸς
2541 5665 2645 5741 γὰρ
2704 5665 2793 5719 καὶ
2848 5662 2976 5720 τάδε
3034 5668 3218 5745 φησὶν,
3254 5666 3336 5723 ὅτι
3379 5668 3454 5730 ὡς
3481 5665 3539 5722 ἐκ
3567 5666 3795 5741 πρώτης

2151 5758 2324 5820 αἰτίας
2362 5755 2450 5811 καὶ
2490 5754 2667 5831 ἀρχῆς
2722 5750 2817 5809 τοῦ
2875 5755 3083 5831 Πατρὸς
3141 5757 3203 5811 τὸ
3265 5754 3481 5830 Πνεῦμα
3508 5755 3568 5810 τὸ
3616 5755 3792 5831 ἅγιον,
