4118 6434
396 438 518 499 295

1421 432 1733 495 GEORGII
1779 428 2039 493 CYPRII
2082 428 2197 490 CP.
2243 430 2772 492 PATRIARCHJE

3671 432 3790 498 296

393 565 646 641 δυνάμει,
706 563 828 621 οὔτε
880 569 949 640 τῇ
1005 565 1285 641 βουλήσει,
1347 562 1469 620 οὔτε
1520 565 1596 637 μή
1660 568 1730 637 τῇ
1798 560 2382 637 ἐνεργείᾳΑπείθεται
2413 561 2596 624 αὐτοῖς
2629 560 2864 624 ἐκείνους
2921 562 3212 638 εἰρηκόσιν,
3242 562 3439 626 ἀλλοις
3480 586 3539 620 τε
3598 566 3788 622 ὁπόσοι

394 656 741 733 μεμέρισται.
806 652 1081 710 Κάνταῦθα
1136 652 1187 708 ἔν
1243 648 1371 707 ὄντα
1427 653 1495 708 τά
1546 652 1670 726 τρία
1724 650 1814 707 καὶ
1874 649 2032 726 λεγό-

392 765 524 819 μενα
564 743 757 813 αἴτιον,
810 738 1044 805 εὐσεϐῶς
1091 741 1181 798 καὶ
1219 742 1543 812 νοηθήσεται
1595 741 1685 796 καί
1719 739 2033 816 ῥηθήσεται,

389 830 574 903 ἐπειδή
632 834 696 889 τὸ
754 830 808 887 ἔν
871 830 1000 907 οὐχὶ
1056 830 1276 908 συγχέει
1328 830 1396 886 τά
1451 829 1737 903 πρόσωπα.
1787 833 1931 884 Ἐκεῖ
1979 825 2038 881 δὲ

394 922 441 978 εἰ
488 920 979 997 συμπαραλήψεται
1022 921 1049 975 6
1106 919 1278 994 λόγος
1319 917 1400 991 τῷ
1443 918 1614 993 Πατρὶ
1661 916 1751 972 καὶ
1780 917 1871 972 τὸν
1918 916 2038 975 Υἰὸν

392 1009 564 1068 αἰτιον
615 1009 701 1066 ἐπὶ
756 1013 826 1083 τῇ
879 1013 977 1064 τοῦ
1022 1006 1178 1084 άγίου
1236 1007 1546 1080 Πνεύματος
1613 1005 1923 1082 ἐκπορεύσει
1973 1002 2036 1059 οὐ

391 1100 534 1178 λέγω
566 1098 715 1162 ὅπως
746 1095 912 1167 ἀτελῆ
942 1098 1041 1167 τὴν
1076 1098 1136 1153 ἐκ
1172 1097 1380 1172 Πατρὸς
1431 1100 1527 1150 τοῦ
1572 1094 1883 1168 Πνεύματος
1933 1091 2036 1163 δη-

390 1188 586 1246 λώσειν
618 1187 863 1262 ὕπαρξιν,
896 1185 1011 1242 ἐπεὶ
1041 1185 1129 1241 καί
1190 1186 1219 1239 6
1249 1185 1369 1247 Υἱὸς
1416 1184 1609 1246 αἴτιος.
1662 1182 1819 1258 Λέγω
1857 1179 1905 1237 δ’
1951 1181 2034 1237 ὅτι

387 1273 477 1330 καί
518 1274 596 1338 εἰς
623 1272 678 1330 ’ἐν
724 1273 940 1329 συνέλοι
996 1273 1063 1328 τά
1119 1270 1236 1343 δύο,
1296 1271 1385 1328 καὶ
1433 1273 1533 1327 οὐκ
1578 1270 1721 1327 ἔσται
1764 1268 1937 1341 δηλον
1988 1269 2034 1325 εἰ

387 1364 578 1441 Πατὴρ
598 1363 687 1419 καί
718 1362 863 1430 Υἱὸς,
918 1360 956 1432 ἥ
1016 1363 1199 1437 Πατὴρ
1235 1360 1398 1435 μόνον
1432 1360 1730 1440 ἀμφότερα,
1781 1360 1815 1428 ἣ
1867 1357 2031 1432 μόνον

389 1452 536 1526 Υἱὸς,
586 1452 632 1509 εἰ
684 1453 760 1526 μη
807 1452 870 1506 τὸ
924 1453 1024 1521 τῆς
1053 1450 1229 1520 αἰτίας
1258 1450 1348 1506 καὶ
1379 1450 1557 1527 ἀρχῆς
1587 1447 1880 1505 κωλύσειεν
1912 1449 2033 1502 δνο-

395 1562 492 1615 μα,
529 1541 619 1597 καὶ
668 1540 745 1605 εἰς
801 1541 1012 1616 Πατέρα
1071 1539 1286 1614 μᾶλλον
1348 1537 1604 1594 ἀναλύσει
1667 1538 1702 1607 ἢ
1764 1538 1880 1592 ι”ιὸν
1937 1540 2035 1591 τοῦ

394 1630 604 1705 Πατρὸς
663 1630 752 1684 καὶ
807 1633 903 1684 τοῦ
935 1633 1275 1705 Μονογενοῦς
1304 1629 1498 1701 ὄνομα,
1555 1627 1638 1682 ὅτι
1677 1627 1769 1691 μὲν
1802 1627 1892 1681 οῦν
1926 1625 2035 1701 οὐχ

391 1718 474 1774 ὅτι
522 1720 635 1796 ’χρή
680 1718 769 1774 καί
814 1717 900 1772 ἐπὶ
943 1724 1045 1788 τῆς
1077 1724 1305 1795 φυσικῆς
1336 1717 1509 1779 αἰτίας
1542 1714 1883 1788 διανοεῖσθαι,
1914 1715 2034 1778 καθ’

390 1808 457 1878 ἢν
511 1808 539 1862 6
598 1807 693 1881 μὶν
721 1807 841 1882 Υἰρς
872 1804 931 1861 ἐκ
956 1810 1053 1861 τοῦ
1086 1807 1296 1882 Πατρὸς
1329 1809 1619 1882 γεννητῶς,
1651 1804 1713 1859 τὸ
1761 1802 1819 1859 δὶ
1866 1808 2030 1859 Πνεῦ-

392 1917 467 1969 μα
491 1895 555 1951 τὸ
605 1895 760 1971 ἆγιον
819 1894 1155 1971 ἐκπορευτῶς
1213 1893 1273 1949 ἐκ
1320 1898 1419 1949 τοῦ
1466 1898 1600 1949 Θεοῦ
1656 1891 1745 1948 καί
1799 1892 2029 1966 Πατρὸς,
2060 1937 2107 2003 Β

402 1985 417 2003 Ω
522 1985 537 2003 ν
689 1984 703 2003 κ
841 1984 858 2003 κ
1027 1983 1041 2003 κ
1175 1987 1202 1998 η·
1395 1982 1415 2003 ἀ
1655 1987 1677 1997 ’³
1744 1982 1787 2003 7‘,
1858 1979 1991 2003 71,,7l

387 1985 462 2048 ὡς
512 1984 740 2061 ἀρχικὸν
802 1984 895 2057 μὲν
954 1983 1044 2038 καὶ
1092 1987 1309 2059 πρῶτον
1358 1982 1528 2038 αἴτιον
1564 1987 1704 2037 νοεῖν
1736 1982 1826 2036 τὸν
1858 1979 2028 2037 Πατέ-

391 2094 477 2151 ρα,
518 2067 1075 2151 συμπαραλαμϐάνειν
1128 2069 1185 2127 δὲ
1231 2070 1377 2134 ’ὀλως
1434 2071 1523 2126 καὶ
1580 2071 1669 2125 τὸν
1708 2072 1825 2131 Υἱὸν
1858 2066 2027 2124 αἶ’τιον

389 2162 477 2218 ἐπὶ
523 2166 592 2237 τῇ
639 2162 857 2238 ὑπάρξει
915 2166 1010 2216 τοῦ
1070 2160 1402 2233 Πνεὺματος,
1449 2160 1565 2214 καθ’
1608 2158 1689 2227 6'v,
1744 2156 1817 2220 ὣς
1871 2178 2026 2234 φασιν

388 2248 604 2321 ἐκεῖνοι,
664 2250 852 2327 τρόκεν
902 2249 992 2304 καὶ
1029 2248 1116 2304 ἐπὶ
1171 2256 1271 2318 τῆς
1314 2250 1607 2318 ποιητικῆς
1651 2247 1823 2307 αἰτίας
1862 2247 2028 2321 ἀρχι-

386 2341 480 2396 κὸν
513 2339 601 2395 καὶ
630 2343 847 2415 πρῶτον
905 2335 1075 2393 αἰίτιυν
1109 2337 1398 2413 ῥηθήσεται
1446 2336 1474 2391 6
1522 2337 1708 2411 Πατὴρ
1757 2335 1855 2390 οὐκ
1893 2335 2026 2389 ἀποο

385 2429 658 2500 ξενοῦντες
686 2428 777 2483 τὸν
862 2426 943 2482 ἰόν
969 2426 1059 2482 καὶ
1114 2426 1176 2481 τὸ
1211 2430 1431 2498 Πνεῦμα
1474 2431 1572 2494 τῆς
1624 2421 2025 2499 δημιουργικῆς

385 2518 562 2580 αἰτίας
591 2521 698 2572 τῶν
731 2515 1066 2590 κτισμάτων,
1099 2520 1279 2594 σαφῶς
1340 2515 1369 2569 6
1399 2511 1565 2590 λόγος
1598 2513 1687 2568 καὶ
1720 2512 1853 2587 μετά
1884 2511 2026 2582 ἀλη-

386 2605 531 2669 θείας
559 2604 821 2677 ἀπέδειξε.

458 2716 570 2769 Ποῦ
624 2711 725 2789 γάρ
774 2711 832 2767 ἂν
885 2707 967 2780 εἰίη
1018 2706 1203 2772 ἄλλως
1253 2709 1457 2785 ἀρχικὴ
1496 2708 1585 2764 καὶ
1642 2712 1833 2785 πρώτη
1882 2707 2027 2762 αἰτία

389 2806 486 2859 τοῦ
535 2802 874 2877 Μονογενοῦς
923 2799 1012 2855 καὶ
1065 2802 1162 2854 τοῦ
1210 2797 1537 2871 Πνεὺματος,
1596 2798 1622 2852 6
1675 2796 2025 2874 προάναρχος

390 2890 578 2964 Πατὴρ
607 2889 697 2944 καὶ
727 2887 983 2957 ἀναίτιος,
1042 2886 1087 2941 εἰ
1130 2887 1206 2959 μή
1263 2887 1381 2950 καθ’
1410 2886 1477 2955 ἤν
1518 2882 1585 2955 δὴ
1622 2884 1792 2959 μόνην
1818 2882 2021 2955 ’διεση-

393 2977 674 3054 μηνάμεθα
730 2974 1007 3048 δήλωσιν;
1065 2975 1137 3029 Τὸ
1193 2971 1251 3028 δέ
1279 2974 1418 3030 ἐστιν
1452 2975 1527 3037 ὡς
1559 2974 1659 3029 οὐκ
1704 2973 1842 3029 ἔστιν
1876 2972 2020 3044 άλλη

389 3069 495 3145 πρὸ
540 3066 708 3137 αὐτῆς
760 3066 1092 3142 ὑπεράρχιος
1117 3085 1129 3099 ·
1181 3063 1217 3133 ἧ
1238 3063 1338 3139 γάρ
1362 3062 1421 3118 ἂν
1457 3063 1641 3137 ἐκείνμ
1667 3067 1731 3133 ἦν
1756 3065 1785 3118 6
1813 3066 2019 3137 Πατήρ.

2143 647 2240 705 τοῦ
2271 648 2435 705 αὐτοῦ
2469 650 2732 727 μετέσχον
2788 650 3200 728 πληρώματος·
3255 652 3337 708 ὅτι
3400 653 3562 727 μόνος
3610 657 3639 710 ὁ
3688 662 3792 711 Πα-

2143 740 2247 814 τήρ
2278 738 2452 802 αἰτιος
2480 759 2493 772 ·
2553 740 2636 794 ὅτι
2664 740 2836 794 πάντα
2902 739 3000 795 ὅσα
3028 738 3142 816 ἔχει
3199 743 3228 797 6
3279 744 3464 818 Πατὴρ
3504 741 3601 798 τοῦ
3666 742 3792 800 Υἰοῦ

2145 828 2290 897 πλην
2321 835 2421 898 τῆς
2446 828 2642 891 αἰτίας.
2675 826 2811 884 Οὐδὲ
2839 830 2943 905 γάρ
2982 829 3252 908 ἀφέξομαι
3297 835 3405 899 166v
3458 832 3611 887 θείων
3661 834 3788 888 τού-

2144 937 2251 971 των
2301 924 2402 986 τῆς
2449 915 2734 992 θεολογίας
2784 922 3014 996 φωνῶν·
3076 918 3159 974 ὅτι
3212 921 3349 995 πρὸς
3392 917 3446 974 ἓν
3497 918 3667 976 αἴτιον
3697 923 3790 977 τὸν

2153 1004 2378 1080 Πατέρα,
2430 1007 2459 1061 6
2507 1005 2627 1068 Υἰὸς
2670 1006 2759 1061 καὶ
2817 1008 2879 1061 τὸ
2936 1009 3199 1083 πανάγιον
3243 1008 3496 1086 ἀναφέται
3530 1015 3782 1083 Πνεῦμα·

2144 1092 2228 1148 ὅτι
2289 1094 2409 1169 ῥίζα
2465 1093 2552 1149 καί
2610 1096 2766 1170 πηγή
2800 1096 2926 1150 Υἰοῦ
2983 1097 3073 1151 καί
3134 1096 3445 1170 ΙΙνεὺματος
3504 1100 3782 1175 ὁΠατήρ*

2145 1183 2227 1237 δτι
2266 1181 2430 1255 μόνος
2479 1184 2775 1258 ἀγτννητνς
2833 1184 2922 1238 καὶ
2957 1184 3122 1257 μόνος
3152 1188 3305 1261 πηγὴ
3338 1195 3437 1256 τῆς
3470 1188 3726 1258 θεότητος
3756 1191 3785 1245 6

2146 1274 2330 1348 Πατήρ
2356 1292 2370 1306 ·
2420 1271 2507 1326 καί
2536 1273 2603 1327 τά
2632 1271 2808 1327 πλείω
2836 1272 3238 1349 παραλέλοιπεν
3268 1276 3296 1330 6
3328 1274 3493 1352 λόγος
3518 1279 3581 1332 τὸ
3611 1278 3783 1352 άσὺμο

2147 1380 2339 1434 μετρον
2389 1360 2769 1439 ὑφερώμενοςο
2838 1360 2984 1432 πλὴν
3040 1362 3207 1420 ταῦτα
3263 1363 3435 1420 πάντα
3490 1367 3783 1442 παρίστησι

2143 1454 2324 1527 σαφῶς
2369 1448 2449 1522 τῷ
2489 1452 2590 1519 τὴν
2639 1448 2897 1522 ἀλήθειαν
2948 1450 3279 1530 ἀπεριέργως
3334 1453 3657 1529 βουλόμένῳ
3690 1462 3785 1527 ζη-

2141 1542 2250 1593 τεῖν
2299 1538 2416 1601 οἳας
2466 1542 2701 1615 ἡχονται
2775 1539 2980 1604 ἐννοίας
3053 1542 3108 1597 αἰ
3183 1542 3601 1619 ἀνατεταγμέναι
3675 1551 3782 1601 τῶν

2143 1627 2307 1702 ἀγίων
2367 1628 2562 1707 φωναὶ,
2623 1628 2750 1683 ἐπάν
2800 1629 2990 1706 ἐρρέθη
3036 1631 3252 1694 τούτοις
3314 1629 3574 1701 δηλονότι
3609 1633 3691 1689 ὅτι
3723 1635 3787 1691 ἐκ

2144 1717 2352 1792 Πατρὸς
2407 1716 2470 1772 τὸ
2526 1716 2746 1791 Πνεῦμα
2798 1716 2870 1773 δι’
2917 1719 3044 1774 Υἰοῦ
3093 1718 3436 1794 ἐκπορεύεται
3468 1721 3782 1800 ἢὺπάρχει,

2139 1803 2229 1858 καί
2262 1802 2527 1877 ἐκλάμπει
2564 1806 2655 1861 καί
2700 1812 2991 1883 προχεῖται
3018 1808 3109 1863 καὶ
3135 1808 3361 1888 πέφηνε,
3394 1810 3483 1865 καί
3519 1818 3620 1866 πᾶν
3655 1813 3701 1866 εἳ
3730 1834 3785 1868 τι

2139 1892 2559 1966 τοιουτότροπον
2591 1893 2796 1971 ἓτερον.

2212 1998 2476 2072 Σημαίνει
2529 1997 2585 2055 δὲ
2635 1999 2769 2056 αὐτά
2824 2000 2891 2072 δὴ
2951 2007 3117 2059 ταῦτα
3172 2002 3204 2058 ἃ
3245 2009 3456 2081 τρανῶς
3515 2006 3544 2060 6
3613 2005 3782 2083 μέγας

2139 2086 2423 2161 ἐρμηνεὺει
2482 2086 2785 2159 Βασίλειος,
2857 2090 3054 2146 οὑτῶσί
3140 2095 3381 2171 φάσκων·
3442 2093 3660 2165 Ἐπειδή
3715 2098 3779 2152 τὸ

2138 2175 2289 2249 ἅγιον
2324 2181 2560 2249 Πνεῦμα,
2611 2177 2697 2256 ἀφ’
2753 2179 2815 2234 οὗ
2873 2186 3019 2235 πᾶσα
3066 2180 3154 2235 ἐπὶ
3211 2183 3308 2250 την
3368 2184 3609 2254 κτίσικὴ
3670 2190 3777 2239 τῶν

2137 2263 2348 2338 ἀγαθῶν
2399 2266 2640 2343 χορηγία
2683 2270 2938 2343 πηγάζει,
2995 2274 3093 2324 τοῦ
3142 2268 3266 2325 Υἰοῦ
3319 2273 3421 2343 μάν
3469 2275 3700 2347 ἤρτηται
3731 2275 3778 2347 ᾧ

2136 2348 2468 2415 ἀδιαστάτως
2498 2352 3096 2430 συγκαταλαμϐάνεται,
3149 2361 3247 2427 τῆς
3303 2356 3361 2413 δὲ
3423 2359 3521 2415 τοῦ
3569 2363 3777 2436 Πατρὸς

2134 2440 2306 2504 αἰτίας
2338 2441 2640 2516 ἐξημμένον
2695 2442 2811 2520 ἔχει
2866 2445 2930 2500 τὸ
2987 2446 3142 2516 εἶναι,
3176 2447 3294 2502 ὅθεν
3350 2448 3440 2503 καὶ
3493 2448 3777 2526 ἐκπορεύε-

2136 2550 2246 2599 ται,
2274 2528 2437 2586 τοῦτο
2467 2535 2822 2608 γνωριστικὸν
2878 2542 2980 2605 τῆς
3008 2537 3144 2591 κατά
3186 2538 3283 2605 τήν
3318 2537 3607 2594 ὑπόστασιν
3642 2537 3778 2594 ἰδιό-

2134 2639 2300 2688 τητος
2351 2626 2581 2693 σημεῖον
2631 2618 2770 2698 ἔχει,
2823 2624 2959 2696 μετά
3010 2623 3107 2679 τοῦ
3160 2624 3284 2683 Υἰοῦ
3329 2626 3419 2679 καὶ
3477 2627 3570 2681 σὸν
3630 2627 3779 2700 αὐτῷ

2131 2707 2504 2783 γνωρίζεσθαι,
2534 2710 2624 2765 καί
2653 2712 2716 2766 τὸ
2749 2710 2808 2767 ἐκ
2859 2710 2957 2767 τοῦ
3011 2715 3217 2785 Πατρὸς
3266 2714 3590 2793 ὑφεστάναι·
3629 2718 3657 2772 6
3722 2715 3781 2772 δὲ

2131 2793 2255 2858 Υἰὸς
2315 2798 2344 2851 6
2399 2799 2462 2853 16
2494 2797 2554 2853 ἐκ
2601 2799 2695 2854 τοῦ
2746 2801 2954 2877 Πατρὸς
2986 2800 3409 2878 ἐκπορευόμενον
3442 2803 3659 2878 Πνεῦμα
3700 2803 3775 2860 δι’

2132 2883 2322 2939 ἑαυτοῦ
2368 2889 2457 2941 καὶ
2514 2895 2629 2961 μεθ’
2659 2888 2849 2944 ἑαυτοῦ
2888 2891 3165 2966 γνωρίζων
3218 2892 3382 2964 μόνος
3445 2898 3771 2969 μονογενῶς,

2131 2970 2192 3027 ἐκ
2233 2973 2330 3029 τοῦ
2386 2975 2675 3061 ἀγεννῄτου
2732 2980 2911 3055 φωτὸς
2970 2976 3277 3054 ἐκλάμψας,
3338 2978 3592 3055 οὐδεμίαν
3639 2982 3773 3037 κατὰ

2126 3062 2189 3117 τὸ
2223 3061 2424 3135 ἰδιάζον
2456 3068 2553 3136 τὴν
2597 3068 2880 3125 κοινωνίαν
2908 3072 3015 3123 τῶν
3047 3070 3433 3144 γνωρισμάτων
3489 3070 3604 3147 ἔχει
3641 3073 3771 3145 πρὸς

385 3158 459 3214 Οὐ
494 3158 569 3232 μὴ
601 3157 687 3213 δτι
740 3157 873 3212 κατά
930 3159 1091 3210 τοῦτο
1123 3153 1326 3231 ἀρχική
1356 3175 1416 3209 τε
1460 3154 1551 3209 καὶ
1605 3154 1821 3231 πρώτη,
1853 3154 1927 3215 ὡς
1958 3152 2018 3208 ἄν
2125 3151 2217 3206 τὸν
2252 3154 2478 3228 Πατέρα,
2510 3157 2543 3225 ἢ
2572 3156 2707 3229 πρὸς
2762 3158 2825 3211 τὸ
2856 3156 3073 3231 Πνεῦμα
3126 3159 3189 3213 τὸ
3247 3160 3415 3235 ἅγιον,
3466 3160 3611 3215 ἀλλά
3655 3167 3771 3224 τοῖς

381 3268 463 3310 τις
506 3244 651 3318 ἄλλη
706 3247 820 3319 μετ’
866 3244 1031 3299 αὐτοῦ
1077 3245 1112 3313 ἢ
1168 3243 1259 3297 σὺν
1290 3243 1435 3314 αὐτῷ
1462 3248 1580 3305 ταῖς
1612 3242 1870 3305 ἐπινοίαις
1902 3264 2021 3297 συν-

381 3310 651 3392 τάττοιτοί
683 3310 861 3389 Ἔστω
892 3330 950 3388 δὲ
1010 3333 1038 3387 6
1058 3310 1204 3403 Τίὸς,
1244 3330 1378 3386 καθά
1405 3310 1542 3393 τινες
1572 3336 1678 3386 τῶν
1710 3330 2018 3407 ἀλλοτρίων
2050 3310 2095 3377 C

385 3422 704 3504 ἐφρόνησαν,
736 3421 864 3477 ἐπάν
914 3420 1061 3496 παρά
1118 3421 1326 3496 Πατρὸς
1355 3420 1418 3474 τὸ
1469 3423 1687 3493 Πνεῦμα
1741 3418 2025 3497 ἐκπορεύε-

388 3524 509 3578 σθαι
542 3510 783 3588 λέγοιτο,
839 3511 875 3580 ἣ
925 3509 1070 3583 παρά
1117 3508 1324 3585 Πατρὸς
1369 3510 1429 3563 τὸ
1481 3513 1696 3581 Πνεῦμα
1762 3506 1830 3563 δι’
1878 3509 2024 3579 Υἱοῦ,

381 3598 524 3657 οὕτω
552 3601 656 3677 γὰρ
689 3600 771 3668 ἂν,
819 3599 856 3669 ἢ
898 3599 971 3660 ὡς
1000 3597 1059 3653 ἐκ
1088 3594 1235 3652 δυοῖν
1264 3596 1459 3652 αἰτίαιν
1509 3598 1718 3674 Πατρὸς
1747 3598 1840 3653 καὶ
1872 3599 2020 3667 Υἰοῦ,

381 3691 421 3761 ᾖ
477 3689 554 3751 ὡς
586 3688 646 3744 ἐκ
690 3694 813 3761 μιᾶς
875 3688 1076 3766 ἀμφοῖν
1132 3686 1197 3741 τὸ
1253 3685 1509 3761 πανάγιον
1561 3684 1733 3741 ἔσεται
1789 3691 2027 3760 Πνεῦμα,

383 3776 532 3857 φέρει
593 3774 652 3832 δὲ
681 3776 757 3839 εἰς
810 3774 932 3849 μίαν
970 3774 1317 3853 βλασφημίαν
1349 3774 1678 3853 ἀμφότεραν,
1708 3777 1803 3830 κᾶν
1834 3774 1885 3830 ἐν
1912 3780 2028 3837 τοῖς

384 3864 641 3928 ἐναντίοις
688 3864 1022 3941 εὑρίσκηται*
1068 3863 1246 3927 Μόνος
1291 3865 1319 3919 6
1368 3865 1576 3937 Πατὴρ,
1629 3863 1790 3941 φησὶν
1837 3862 2028 3936 α’ίτιος,

383 3955 430 4011 εἰ
480 3954 569 4011 καὶ
617 3953 677 4010 ἐκ
720 3954 928 4030 Πατρὸς
978 3950 1047 4008 δι’
1090 3954 1214 4008 Υἰοῦ
1258 3954 1322 4008 τὸ
1365 3955 1622 4030 πανάγιον
1681 3952 2029 4029 ἐκπορεύεται

384 4048 627 4118 Πνεῦμα.
688 4042 866 4098 Πάντα
912 4040 1010 4097 ὅσα
1064 4038 1178 4117 ἔχει
1236 4042 1264 4096 6
1321 4043 1505 4116 Πατὴρ
1559 4046 1656 4096 τοῦ
1708 4042 1850 4114 Υἱοῦ,
1883 4041 2031 4111 πλὴν

388 4139 490 4204 τῆς
534 4132 726 4202 αἰτίας,
774 4138 875 4201 τῆς
919 4137 1149 4209 φυσικῆς
1205 4129 1378 4194 αἰτίας
1438 4128 1715 4201 δηλονότι.
1765 4136 1877 4203 Τῆς¹
1925 4131 2029 4207 γάρ

391 4226 687 4292 ποιητικῆς
731 4216 857 4276 οὐδὲ
903 4220 957 4275 οἰ
1001 4220 1101 4289 τὴν
1150 4218 1441 4292 ὁμοτιμίαν
1471 4218 1781 4283 ἀθετοῦντες
1808 4227 1907 4290 τῆς
1937 4220 2032 4297 φό-

391 4330 525 4372 σεως
591 4307 900 4383 ἐτόλμησαν
969 4306 1306 4384 φθέγξασθαι.
1358 4310 1422 4362 Ὅ
1481 4305 1539 4363 δὲ
1596 4308 1649 4363 οἱ
1706 4310 2031 4381 θεοκηρυκες

390 4399 621 4476 Πατέρες
676 4398 768 4454 καὶ
828 4398 1104 4476 ὑποφῆται
1165 4400 1267 4452 τοῦ
1324 4395 1638 4470 Πνεὺματος
1685 4399 1813 4474 παρ’
1867 4397 2030 4453 αὐτοῦ

389 4488 772 4564 ἐνηχηθέντες,
828 4487 866 4557 ἢ
923 4486 1013 4541 καὶ
1072 4486 1362 4559 μυηθέντες
1412 4489 1509 4540 τοῦ
1558 4485 1895 4559 Πνεύματος,
1934 4508 2031 4542 σα-

389 4575 536 4654 φέσιν
587 4575 730 4632 οὕτω
781 4575 872 4631 καὶ
926 4572 1232 4651 προδηλοις
1276 4571 1502 4647 ὀνόμασί
1555 4594 1615 4628 τε
1667 4575 1758 4629 καί
1805 4574 2031 4638 ἐννοίαις

386 4662 706 4741 παρέδοσαν,
754 4663 837 4727 τίς
892 4661 1068 4718 ἔσεται
1116 4666 1376 4718 τοσοῦτον
1418 4661 1655 4738 ἐναργῶς
1712 4670 1812 4733 τῆς
1844 4662 2032 4719 ἐαυτοῦ
2061 4671 2107 4736 D
2140 4683 2314 4755 νόμου
2369 4684 2460 4739 καὶ

388 4755 575 4829 ψυχῆς
606 4753 696 4809 καὶ
755 4752 1027 4830 σωτηρίας
1058 4746 1370 4822 ἐπίϐουλος,
1404 4751 1480 4813 ὡς
1541 4755 1703 4806 τοῦτο
1739 4753 1833 4825 μὲν
1865 4774 2025 4829 παρι-

390 4839 523 4913 δεῖν,
574 4841 668 4897 εἶτ’
716 4842 977 4920 ἀφέμενος
1026 4838 1225 4903 ἐκείνος
1272 4862 1330 4894 τε
1373 4838 1463 4895 καί
1519 4845 1638 4902 τοῖς
1687 4840 1901 4896 ἐκείνων
1951 4842 2027 4905 ὡς

390 4928 617 5000 ἀληθεσι
660 4932 799 4985 πάνυ
855 4926 1091 5007 βεϐαίοις
1127 4928 1361 5006 θαρρεῖν,
1404 4930 1496 4984 τὸν
1527 4933 1651 4983 νοῦν
1687 4928 1927 4985 ἐνδοῦναι
1956 4934 2025 5006 τῇ

384 5021 494 5074 τῶν
527 5017 659 5074 νέων
694 5016 1032 5075 διδασκάλων
1061 5018 1245 5092 πλάνῇ
1276 5017 1658 5097 συμφέρεσθαι.

456 5123 802 5203 Συμφέροιτο
834 5122 880 5180 δ’
906 5123 966 5180 ἂν
1026 5128 1096 5199 τῇ
1144 5123 1324 5199 πλάνῃ
1380 5128 1449 5199 τῇ
1501 5123 1714 5180 ἐκείνων
1764 5123 1822 5188 ὅς
1882 5128 2027 5202 παρὰ

383 5217 490 5270 τῶν
527 5214 682 5284 ἱερῶν
715 5211 1066 5291 Εὐαγγελίων
1095 5211 1146 5269 ἔν
1176 5234 1237 5269 τε
1254 5218 1333 5285 τῷ
1371 5207 1638 5287 συμϐόλῳ
1665 5220 1767 5283 τῆς
1797 5214 2027 5279 πίστεως

384 5303 673 5378 ἀναμαθὼν
733 5303 880 5380 παρά
924 5304 1130 5377 Πατρὸς
1179 5301 1604 5379 ἐκπορευόμενον
1668 5303 1731 5358 τὸ
1808 5309 2027 5379 Πνεῦμα

385 5392 445 5448 τὸ
478 5392 652 5469 ἅγιον,
700 5392 794 5447 εἰτ’
837 5390 1001 5454 ἐνίοις
1047 5395 1153 5446 τῶν
1208 5390 1372 5467 ἀγίων
1419 5389 1760 5467 ἐντυγχάνων
1801 5390 1870 5448 δι’
1900 5393 2024 5450 Υἰοῦ

385 5481 531 5559 παρά
577 5482 785 5558 Πατρὸς
836 5480 1260 5557 ἐκπορευόμενον
1312 5478 1549 5555 λέγουσι,
1591 5482 1915 5557 προχεῖσθάί
1966 5505 2028 5540 τε

385 5566 671 5633 οὐσιωδῶς
699 5571 789 5625 καὶ
818 5568 1135 5649 πεφηνέναι,
1165 5567 1200 5637 ἢ
1239 5566 1328 5622 καὶ
1374 5567 1618 5641 προῖέναι
1676 5571 1766 5624 καί
1810 5569 2023 5645 ἐκλάμ-

384 5680 503 5715 πειν
554 5658 604 5734 ἐξ
654 5659 880 5739 ἀμφοῖν,
923 5658 959 5729 ἢ
1018 5659 1094 5731 μὴ
1153 5661 1298 5731 παρὰ
1362 5655 1571 5731 Πατρὸς
1629 5653 1697 5711 δι’
1766 5659 1910 5735 Υἰοῦ,
1961 5662 2024 5718 οὐ

385 5750 522 5827 πρὸς
548 5750 652 5820 τήτ
687 5748 851 5827 ὀρθὴν
902 5745 1177 5826 ἐκδέχεται
1223 5745 1319 5807 τὰς
1368 5743 1549 5821 ῥήσεις
1603 5742 1864 5819 διάνοιαν,
1899 5750 2024 5809 οὐδὲ

2129 3241 2440 3317 εἰρημένοις
2474 3245 2725 3317 σημείοις
2761 3246 2952 3319 μόνοςς
2983 3247 3321 3324 γεωρίζεται·

2206 3350 2304 3404 Καὶ
2357 3351 2385 3405 6
2435 3351 2588 3427 ἅγιος
2646 3352 2949 3430 Γρηγόριος
3000 3352 3233 3425 Νὐσσης.
3293 3359 3379 3427 Τῷ
3430 3356 3599 3431 Πατρὶ
3645 3357 3783 3411 κατά

2132 3437 2197 3492 16
2228 3439 2474 3495 ἄκτιστον
2535 3442 2932 3515 συναπτόμενον
2982 3442 3045 3498 16
3077 3441 3294 3517 Πνεῦμα
3348 3444 3412 3498 16
3445 3445 3621 3519 ἅγιον,
3672 3444 3781 3499 πά·-

2137 3526 2223 3582 λιν
2265 3526 2427 3584 αὐτοῦ
2481 3529 2561 3603 τῷ
2616 3532 2691 3603 μή
2726 3532 2911 3608 Πατήρ
2969 3532 3104 3587 εἶναι
3153 3533 3391 3609 καθάπερ
3434 3532 3631 3596 ἐκεῖνος
3664 3531 3779 3589 δια-

2139 3614 2455 3692 χωρίζεται.
2486 3622 2564 3693 Τῇ
2625 3616 2682 3674 δὶ
2739 3620 2876 3697 πρὸς
2932 3621 3021 3675 τὸν
3072 3619 3193 3680 Υἰὸν
3244 3621 3379 3676 κατά
3434 3622 3496 3675 16
3528 3620 3775 3676 ἅκτιστον

2140 3704 2395 3782 συναφείῃ
2450 3706 2540 3761 καί
2600 3706 2652 3763 ἐν
2710 3707 2791 3781 τῷ
2844 3709 2944 3778 τὴν
2995 3708 3165 3764 αἰτίαν
3216 3716 3320 3779 τῆς
3396 3710 3673 3785 ὑπάρξεως
3722 3709 3781 3765 ἐκ

2139 3792 2272 3849 Θεοῦ
2300 3799 2405 3849 τῶν
2457 3794 2600 3851 ὅλων
2654 3794 2817 3873 ἔχειν,
2858 3797 3135 3876 ἀφίσταται
3193 3795 3356 3853 πάλιν
3387 3803 3467 3871 τῷ
3494 3796 3775 3867 ἰδιάζοντι,

2140 3881 2192 3937 ἐν
2240 3884 2321 3956 τῷ
2372 3886 2509 3957 μήτε
2564 3890 2871 3961 μονογενῶς
2930 3886 2989 3942 ἐκ
3053 3884 3149 3942 τοῦ
3208 3888 3415 3961 Πατρὸς
3484 3888 3780 3957 ὑποστῆναι

2138 3971 2226 4026 καί
2258 3971 2309 4026 ἐν
2340 3977 2419 4045 τῷ
2448 3971 2519 4028 δι’
2569 3972 2732 4028 αὐτοῦ
2758 3972 2856 4029 τδῦ
2893 3974 3018 4035 Υἰοῦ
3075 3977 3366 4053 πεφηνέναι
3410 3976 3500 4030 καὶ
3559 3976 3611 4030 ἐν
3659 3981 3779 4039 τοῖς

2138 4060 2396 4116 ἀνωτάτω
2432 4061 2695 4139 τρῆθεῖσιν.
2748 4061 2907 4119 Ἀλλ’
2952 4064 3010 4119 ἐκ
3060 4066 3153 4138 μὲν
3201 4063 3297 4119 τοῦ
3324 4063 3456 4121 Θεοῦ
3493 4070 3600 4120 τῶν
3633 4064 3780 4120 ὅλων

2137 4150 2229 4204 καὶ
2273 4149 2404 4205 αὐτὸ
2460 4152 2523 4206 τὸ
2574 4149 2794 4225 Πνεῦμα
2824 4149 3039 4223 δηλαδὴ
3097 4154 3195 4223 την
3227 4153 3399 4207 αἰτίαν
3429 4150 3558 4228 ἔχον
3590 4151 3684 4208 τοῦ
3717 4153 3787 4208 εἶ-

2137 4259 2218 4293 ναι
2268 4239 2382 4295 ὅθεν
2424 4238 2513 4294 καὶ
2572 4241 2633 4296 τὸ
2687 4243 2971 4317 μονογενές
3000 4241 3108 4297 ἐστι
3140 4247 3276 4321 φῶς,
3308 4239 3397 4297 διά
3427 4240 3485 4297 δὲ
3511 4240 3608 4297 τοῦ
3639 4240 3783 4313 ἀλη-

2137 4325 2283 4382 θινοῦ
2332 4328 2513 4407 φωτὸς
2563 4328 2843 4404 ἐκλάμψαν
2889 4328 3011 4386 οὔτε
3064 4328 3388 4405 διαστήματι
3421 4327 3543 4387 οὔτε
3572 4331 3782 4410 φύσεως

2140 4415 2415 4492 ἑτερότητι
2475 4415 2571 4472 τοῦ
2602 4419 2811 4495 Πατρὸς
2863 4420 2899 4489 ἢ
2956 4416 3053 4474 τοῦ
3111 4418 3452 4498 Μονογενοῦς
3483 4419 3781 4494 ἀποτέμνε-

2137 4526 2245 4561 ται.

2212 4595 2224 4617 ’
2255 4595 2299 4652 Ο
2351 4594 2513 4658 αὐτὸς
2542 4595 2693 4658 αὗθις
2748 4596 3194 4677 συγγραφόμενος
3223 4598 3313 4653 τὸν
3353 4599 3470 4675 βίον
3501 4597 3599 4654 τοῦ
3630 4599 3785 4673 ὁμω-

2519 4686 2943 4761 Θαυματουργοῦ
2990 4688 3315 4764 Γρηγορίου,
3372 4689 3461 4743 καὶ
3508 4688 3609 4757 τὴν
3656 4687 3790 4743 ἀπο-

2136 4771 2372 4846 κάλυψιν
2400 4780 2501 4843 τῆς
2530 4773 2763 4837 πίστεως
2794 4774 3148 4849 ἐκτιθέμενος,
3203 4774 3269 4846 ἤν
3328 4778 3356 4831 6
3409 4775 3573 4853 μέγας
3626 4776 3781 4854 εὐαγ-

2134 4858 2416 4938 γελιστὴς.
2462 4863 2720 4935 Ἰωάννης
2769 4863 2988 4928 ἐπιστάς
3040 4864 3225 4939 ἐκείνῳ
3274 4863 3343 4921 δι’
3379 4864 3639 4928 ὀπτασίας
3672 4863 3783 4920 ἐδί-

2138 4946 2285 5021 δαξεν
2312 4970 2325 4983 ·
2386 4953 2421 5021 ἡ
2455 4948 2512 5006 δέ
2536 4951 2699 5022 ἐστιν,
2732 4955 2824 5015 Εἷς
2883 4954 3013 5016 Θεὸς
3044 4956 3227 5030 Πατήρ
3259 4953 3430 5031 Λόγευ
3465 4959 3664 5024 ζῶντος
3695 4976 3785 5010 σο-

2137 5038 2260 5116 φίας
2287 5042 2600 5119 ὑφεστώσης
2648 5042 2738 5096 καὶ
2780 5040 3060 5117 δυναμεως
3084 5042 3173 5097 καί
3206 5046 3553 5119 χαρακτῆρος
3584 5040 3783 5116 ἀϊδίου,

2136 5126 2344 5190 τέλειος
2391 5128 2606 5186 τελείου
2652 5135 2951 5208 γεννήτωρ,
3004 5134 3186 5208 Πατὴρ
3236 5130 3361 5186 Υἰοῦ
3430 5129 3775 5209 μονογενοῦς,

2137 5218 2214 5279 εἷς
2263 5216 2480 5291 Κύριος,
2538 5219 2704 5292 μόνος
2765 5219 2824 5275 ἐκ
2872 5220 3058 5294 μόνου,
3121 5222 3248 5283 Θεὸς
3292 5222 3352 5276 ἐκ
3396 5218 3550 5293 Θεοῦ,
3605 5240 3781 5296 χαρα-

2135 5307 2274 5383 κτήρ
2338 5306 2428 5361 καὶ
2479 5307 2636 5363 εἰκὼν
2681 5311 2780 5379 τῆς
2822 5310 3099 5383 θεότητος,
3122 5311 3299 5386 Λόγος
3330 5306 3588 5387 ἄναρχος,
3622 5310 3786 5388 σοφία

2134 5402 2236 5465 τῆς
2294 5400 2400 5451 τῶν
2458 5395 2603 5452 ὅλων
2662 5396 2965 5461 συστάσεως
3019 5401 3353 5476 περιεκτικὴ,
3412 5399 3501 5454 καὶ
3555 5396 3782 5472 δύναμις

2134 5488 2234 5559 τῇς
2280 5484 2418 5556 ὅλης
2467 5485 2692 5548 κτίσεως
2738 5490 3024 5559 ποιητικὴ,
3073 5489 3193 5550 Υἰὸς
3231 5487 3487 5559 ἀληθινὸς
3517 5485 3781 5557 ἀληθινοῦ

2136 5575 2373 5649 Πατρὸς,
2422 5574 2653 5651 ἀόρατος
2715 5576 2966 5652 ἀοράτου,
3033 5576 3121 5633 καί
3180 5579 3446 5655 ἄφθαρτος
3487 5578 3779 5655 ἀφθάρτου,

2132 5663 2222 5719 καὶ
2258 5661 2519 5727 ἀθάνατος
2579 5664 2867 5735 ἀθανάτου,
2922 5668 3012 5721 καί
3043 5665 3241 5734 ἀίδιος,
3275 5664 3469 5722 ἀϊδίνυ.
3501 5668 3594 5721 Ἕν
3624 5663 3785 5721 Πνεῦ-

2264 5751 2417 5828 ὁίγιον
2451 5752 2511 5807 ἐκ
2559 5751 2695 5808 Θεοῦ
2739 5755 2838 5823 τὴν
2885 5754 3107 5833 ὕπαρξιν
3136 5755 3284 5831 ἔχον.
3318 5756 3414 5810 Καὶ
3446 5752 3621 5817 οὐδεὶς
3650 5754 3785 5831 ἔγνω
