4118 6458
505 453 624 514 299

1530 451 1846 514 GEORGII
1891 450 2152 513 CYPRII
2195 451 2309 512 ΟΡ.
2360 450 2883 513 ΡΑΤΗΙΛΒΟΗΕ

3779 451 3895 513 300

508 581 664 645 δυνος
724 582 803 659 ἐφ’
857 579 1078 638 ἑκάστου
1119 583 1208 636 τὸν
1261 582 1417 658 ὀρθὸν
1484 577 1930 656 ἀναλαμϐάνοντα
1994 585 2140 653 νοῦν,
2175 585 2417 651 Απᾶσιν
2470 581 2729 655 ἑψόμεθα,
2772 581 2862 636 καὶ
2904 582 2972 636 τὰ
3021 581 3116 654 μὲν
3157 580 3383 656 ἐροῦμεν
3427 578 3628 658 ὅσαπερ
3678 579 3900 646 ἐκείνοις

501 673 601 740 τήν
652 671 988 746 ἁρμόζουσαν
1040 671 1331 747 προσάγειν
1376 676 1455 743 τῷ
1503 675 1689 744 σκοπῷ
1752 674 1858 725 τῶν
1921 690 2141 746 προκει-

507 759 676 833 μένων
731 759 819 813 καὶ
878 759 1159 814 ἀνόθευτον
1213 758 1453 829 ἕννοιαν;
1490 759 1553 813 Εἰ
1604 759 1704 835 γάρ
1736 780 1816 821 τις
1856 758 2144 836 πεφηνέναι

501 847 795 926 λέγωνκαὶ
855 847 1148 921 ἐκλάμπειν
1198 849 1289 903 καὶ
1341 849 1604 924 ὑπάρχειν
1651 849 1796 922 παρά
1837 852 1932 902 τοῦ
1976 868 2147 922 προα-

501 933 709 1013 νάρχου
762 937 971 1012 Πατρὸς
1009 939 1100 992 τὸν
1148 939 1272 992 Υἱὸν
1320 938 1408 992 καὶ
1472 938 1534 991 τὸ
1601 937 1862 1010 πανάγιον
1909 941 2144 1008 Πνεῦμα,

501 1023 682 1081 τᾶλλα
717 1047 776 1080 τε
816 1026 988 1080 ὁπόσα
1032 1027 1389 1100 σεσημείωται
1421 1023 1555 1097 ἤδη,
1588 1027 1682 1081 κᾶν
1726 1025 1772 1080 εἴ
1815 1022 1982 1099 μηδὲν
2031 1022 2146 1078 δια-

504 1115 794 1187 στείλαιτο,
847 1115 945 1170 ούκ
985 1111 1124 1170 ἔστιν
1167 1115 1322 1189 ὅμως
1368 1115 1441 1177 ὡς
1481 1115 1580 1169 οὐκ
1636 1113 1789 1177 εὐθὺς
1847 1111 2144 1183 διανίστησι

501 1204 674 1259 πάντα
719 1205 819 1273 τὴν
880 1210 981 1273 τῆς
1032 1202 1302 1266 εὐσεϐείας
1349 1201 1615 1282 τρόφιμον
1675 1199 1962 1278 δογμάτων
2013 1200 2147 1256 κατά

501 1292 602 1358 τήν
663 1289 842 1362 ἀληθῆ
917 1292 1006 1346 καὶ
1075 1290 1360 1347 ἄπταιστον
1431 1294 1526 1353 τὰς
1599 1289 1768 1362 λέξεις
1830 1289 2142 1364 ἑρμηνεύων

503 1379 802 1454 ὑπόληψιν,
833 1381 1052 1436 κάκεῖνα
1081 1379 1260 1457 λέγειν
1293 1379 1602 1454 διαιροῦντα
1648 1378 1854 1452 καλῶς,
1887 1379 1970 1434 ὅτι
2017 1382 2142 1434 ταῦ-

497 1491 566 1524 τα
595 1470 624 1522 ὁ
664 1470 784 1531 Υἱὸς
813 1470 957 1545 παρά
999 1469 1223 1546 Πατρὸς,
1261 1467 1405 1524 ἀλλά
1450 1471 1584 1524 κατὰ
1619 1471 1717 1538 τήν
1774 1469 1963 1523 ἑαυτοῦ
2002 1467 2145 1542 παρά

501 1559 709 1631 Πατρὸς
742 1558 1013 1631 γέννησιν·
1045 1562 1211 1613 ταῦτα
1250 1556 1308 1612 δὲ
1337 1557 1426 1612 καὶ
1464 1557 1529 1613 τὺ
1575 1557 1922 1634 παράκλητον
1974 1561 2142 1611 Πνεῦ-

507 1668 600 1720 μα,
661 1645 806 1702 ἀλλά
871 1649 1006 1701 κατά
1053 1648 1144 1702 τὸν
1207 1644 1479 1715 ἰδιάζοντα
1537 1646 1739 1723 τρόπον
1797 1653 1897 1715 τῆς
1956 1647 2144 1700 ἑαυτοῦ

504 1734 699 1789 ἐκεῖθεν
753 1735 1048 1811 ὑπάρξεως.
1092 1733 1270 1805 Δῆλον
1306 1733 1363 1789 δὲ
1410 1736 1484 1797 ὡς
1523 1737 1638 1790 καθ’
1691 1736 1749 1789 ’ὸν
1796 1733 1925 1789 αὑτό
1972 1753 2144 1810 φαμεν

499 1824 645 1898 παρὰ
686 1825 894 1899 Πατρὸς
949 1824 1345 1899 ἐκπορεύεσθαι.
1389 1823 1452 1878 Εἰ
1490 1827 1656 1878 ταῦτα
1695 1822 1866 1885 οὕτως
1908 1821 1997 1876 καὶ
2047 1842 2139 1876 σα-

501 1913 607 1989 φὴς
637 1919 736 1982 τῆς
770 1911 1027 1983 ἀληθείας
1060 1914 1088 1967 ὁ
1132 1911 1314 1989 λόγος,
1345 1911 1399 1966 τί
1447 1910 1506 1966 ἃν
1551 1911 1964 1982 ἀκολουθήσειεν
2016 1911 2140 1965 ἄτο-

501 2021 601 2056 πον
637 2000 680 2055 εί
712 2000 889 2076 ὥσπερ
927 2001 1021 2063 τὰς
1070 2001 1230 2064 αὑτὰς
1282 2002 1463 2077 φωνὰς
1511 2000 1620 2055 ἐκεῖ
1659 1999 1926 2076 λεγόντων
1979 2002 2139 2073 ἡμῶν

500 2089 590 2144 καὶ
650 2087 998 2162 διαιρούντων
1054 2091 1152 2158 τήν
1211 2087 1436 2162 ἔννοιαν,
1487 2087 1575 2143 καὶ
1641 2092 1806 2142 ταῦτα
1885 2085 1951 2156 δὴ
2017 2088 2142 2162 περὶ

504 2175 651 2233 δυοῖν
701 2180 1004 2254 προσώπων
1051 2177 1133 2234 ὅτι
1183 2178 1232 2250 EE
1274 2178 1390 2240 ἑνὸς
1433 2182 1530 2232 τοῦ
1576 2178 1796 2253 πρώτου
1847 2176 1935 2231 καὶ
1966 2175 2141 2230 αἰτίου

719 2268 729 2288 ν
931 2268 946 2288 \
1302 2266 1328 2288 ιι
1531 2267 1545 2286 \
1699 2265 1713 2284 κ
1907 2284 1918 2296 ,
1993 2263 2013 2286 να
2079 2265 2088 2283 ν

501 2288 843 2340 ποιουμενων
892 2289 981 2322 τον
1037 2267 1226 2342 λόγον,
1268 2287 1410 2321 ουτω
1458 2287 1547 2321 και
1593 2285 1715 2340 περι
1765 2265 2008 2334 ὲνός,Ει
2057 2266 2139 2320 δτι

501 2356 552 2426 EE
599 2356 800 2434 ἀμφοῖν
848 2359 881 2426 ἢ
937 2359 1043 2430 μὴν
1094 2355 1183 2411 διὰ
1227 2356 1422 2410 τούτου
1473 2357 1600 2429 παρ’
1640 2354 1861 2424 ἐκείνου,
1901 2352 2043 2430 λέγω
2085 2351 2141 2409 δὲ

495 2449 593 2499 τοῦ
653 2445 1012 2521 Παρακλήτου
1045 2445 1104 2500 ἐκ
1157 2445 1366 2521 Πατρὸς
1423 2445 1512 2498 καὶ
1567 2445 1718 2516 Υἱοῦ,
1750 2444 1786 2513 ἢ
1839 2444 1974 2516 μήνλ
1994 2443 2142 2519 παρὰ

499 2534 711 2609 Πατρὸς
757 2532 826 2588 δι’
868 2535 1012 2604 Υἱοῦ,
1046 2533 1108 2589 ού
1155 2535 1217 2589 τὸ
1252 2534 1442 2588 ’κοινὸν
1491 2531 1865 2603 ἀποπλανήσει
1903 2538 2004 2602 τῆς
2056 2529 2141 2586 AE-

507 2625 658 2696 εεως,
689 2620 833 2677 ἀλλά
886 2625 948 2677 τὸ
1002 2630 1102 2693 τῆς
1159 2622 1366 2684 ἐννοίας
1415 2620 1561 2684 αὖθις
1614 2619 1817 2690 ἰδιάζον
1866 2621 2003 2696 πρὸς
2046 2619 2137 2674 τὸν

513 2711 670 2787 ὀρθὸν
701 2709 1061 2787 καθοδηγήσει
1092 2711 1314 2768 σκοπόν.

576 2798 862 2876 Ὀδηγήσει
905 2799 980 2874 δὲ,
1038 2801 1085 2856 εί
1138 2805 1208 2874 τῇ
1266 2797 1506 2872 εὐσεϐείᾳ
1568 2805 1674 2856 τῶν
1732 2801 1984 2876 ΙΙάτέρων
2053 2797 2139 2854 ἐπὶ

2257 670 2471 747 ὲρῥὲθη,
2514 672 2861 744 σιωπήσομεν
2914 667 2972 724 δὲ
3024 670 3057 724 ἃ
3120 669 3342 732 ἐκείνοις
3400 677 3670 740 σιωπῆσαι
3730 670 3896 749 ἀσφα-

2257 759 2350 821 λὲς
2380 757 2578 830 ἔδοξεν.
2613 756 2802 829 Ἔδοξε
2841 756 2899 813 δὲ
2937 759 3028 813 τὸν
3065 761 3158 832 μὲν
3195 759 3316 813 Υίὸν
3373 756 3619 821 ούδόλως
3667 758 3901 816 ἀνειπεῖν

2251 853 2350 904 τοῦ
2408 847 2721 921 Πνεύματος
2779 845 2973 902 αἶ’τιον·
3036 850 3352 924 ἁπανταχοῦ
3416 846 3476 903 δὲ
3531 849 3621 903 τὸν
3691 850 3904 925 Πατέρα

2256 936 2579 1012 ἀνεκήρυξαν
2623 934 2792 991 αἴτιον
2846 936 2935 990 καὶ
2988 937 3148 1009 μόνον
3197 935 3369 992 αἶ’τιον
3419 936 3600 1014 ὥσπερ
3646 941 3746 993 τοῦ
3797 945 3905 994 Μο-

2254 1029 2531 1100 νογενοῦς,
2558 1023 2701 1080 οὕτω
2721 1045 2780 1100 γε
2806 1024 2896 1079 καὶ
2929 1029 3026 1079 τοῦ
3075 1022 3429 1101 παρακλήτου
3477 1025 3591 1084 καὶ.
3620 1030 3902 1096 ζωοποιοῦ

2255 1115 2588 1187 Πνεύματος.

2329 1203 2537 1282 Πὲφηνε
2590 1203 2769 1259 τοίνυν
2808 1201 2898 1258 καὶ
2957 1201 3187 1279 ὑπάρχει
3245 1202 3334 1258 καὶ
3386 1201 3656 1279 ἐκλάμπει
3705 1203 3765 1260 ἐκ
3794 1210 3900 1261 Πα-

2251 1293 2379 1370 τρὸς
2416 1293 2479 1348 τὸ
2510 1296 2730 1365 Πνεῦμα
2755 1290 2818 1347 τὸ
2867 1291 3052 1366 ἅγιον,
3079 1292 3154 1353 ὡς
3201 1290 3253 1362 EE
3301 1291 3473 1354 αἰτίας
3518 1297 3684 1348 ταῦτα
3725 1293 3897 1349 πάντα

2250 1387 2346 1437 τοῦ
2380 1381 2588 1458 Πατρός
2627 1381 2864 1456 λέγεται.
2898 1381 3136 1458 Πέφηνεν
3187 1378 3337 1443 αὖθις
3379 1381 3470 1436 καὶ
3519 1381 3751 1459 ὑπάρχει
3805 1383 3895 1437 καὶ

2252 1471 2518 1544 ἐκλάμπει
2564 1470 2614 1540 EE
2645 1472 2792 1543 Υἱοῦ,
2823 1470 2858 1539 ἢ
2894 1471 3001 1542 μὴν
3043 1471 3188 1546 παρὰ
3235 1471 3447 1544 Πατρὸς
3496 1467 3565 1525 δι’
3607 1471 3756 1541 Υἱοῦ,
3787 1471 3896 1546 οὐχ

2251 1561 2327 1622 ὡς
2359 1560 2410 1630 EE
2450 1559 2624 1621 αἰτίας
2653 1558 2799 1621 ὅλως
2839 1563 2936 1613 τοῦ
2965 1559 3112 1629 Υἱοῦ,
3138 1560 3174 1627 ἢ
3211 1558 3402 1631 μόνου,
3432 1556 3469 1628 ἤ
3495 1559 3630 1632 μετὰ
3659 1559 3893 1635 Πατρὸς,

2253 1648 2376 1705 ἀλλ’
2406 1648 2488 1703 ὅτι
2520 1648 2877 1726 ὑφιστάμενον
2910 1646 3109 1712 ἐκεῖθεν
3152 1647 3212 1703 ἐκ
3263 1654 3366 1716 τῆς
3425 1653 3699 1722 Πατρικῆς
3756 1649 3897 1702 ὑπο-

2252 1739 2504 1809 στάσεως,
2554 1741 2662 1792 τῶν
2710 1737 2810 1813 γὰρ
2866 1735 3040 1792 αὐτῶν
3107 1736 3205 1792 οὐκ
3263 1737 3641 1810 ἀποστήσομαι
3698 1740 3894 1816 φωνῶν

2251 1827 2327 1890 ὡς
2381 1826 2771 1900 θεοπνεύστων,
2830 1827 2974 1900 μένει
3022 1825 3074 1881 Ev
3124 1827 3250 1899 Υἱῷ,
3303 1827 3393 1880 καὶ
3443 1830 3899 1902 συμπαρομαρτεῖ

2249 1915 2328 1989 τῷ
2374 1915 2554 1992 Λόγῳ.
2588 1916 2666 1970 Δι’
2707 1915 2872 1973 αὑτοῦ
2921 1913 2978 1970 δὲ
3018 1915 3108 1970 καὶ
3163 1915 3356 1992 προϊὸν
3420 1911 3755 1976 ἁδιαστάτως
3802 1914 3895 1970 καὶ

2250 2007 2650 2084 ἀνεκφοιτήτως
2735 2003 3034 2083 ἐκφαίνεται
3112 2004 3201 2059 καὶ
3275 2002 3602 2077 ἀπολάμπει
3677 2000 3895 2066 ἀΐδίως.

2248 2093 2380 2148 Εἶτα
2424 2097 2743 2169 χορηγεῖται
2790 2092 2880 2147 καὶ
2942 2096 3012 2166 τῇ
3059 2091 3225 2147 κτίσει
3293 2093 3420 2168 παρ’
3470 2091 3632 2147 αὑτοῦ
3691 2091 3781 2146 καὶ
3827 2087 3903 2146 δι’

2249 2182 2412 2238 αὐτοῦ
2457 2182 2603 2255 παρά
2651 2182 2858 2258 Πατρὸς
2893 2178 3259 2255 μεταδίδοται,
3292 2185 3515 2254 Πνεῦμα
3564 2182 3622 2235 ’ὸν
3681 2181 3898 2255 Πατρὸς

2246 2272 2335 2326 καὶ
2391 2272 2520 2327 Υἱοῦ
2576 2271 2812 2348 ὁμοφυές
2865 2270 3066 2348 ἀμφοῖν
3120 2271 3210 2325 καὶ
3242 2267 3526 2344 ὁμόδοξον.
3567 2274 3744 2325 Ταῦτα
3796 2269 3897 2342 μὶν

2249 2359 2338 2415 οὖν
2371 2363 2556 2433 ἡμεῖς,
2586 2360 2675 2414 καὶ
2705 2359 2751 2414 εί
2787 2360 2862 2433 μὴ
2897 2360 3118 2432 ἱκανῶς,
3150 2358 3296 2414 ἀλλὰ
3346 2358 3578 2434 μετρίως
3622 2355 3751 2420 ἴσως
3791 2357 3894 2420 τὰς

2246 2454 2352 2505 τῶν
2405 2447 2689 2504 ἀντιθέτων
2729 2445 3050 2521 διελύσαμεν
3095 2446 3378 2509 ἐνστάσεις.
3413 2447 3648 2512 Εύθὲτου
3696 2444 3754 2501 δὲ
3798 2467 3898 2501 τε-

2247 2536 2550 2613 τυχηκότες
2587 2540 2800 2611 καιροῦ,
2829 2534 2953 2612 τάχ’
2985 2535 3045 2590 ἃν
3091 2536 3181 2591 καὶ
3229 2534 3557 2610 τελεώτερον
3605 2533 3896 2590 διαλύσαι-

2252 2649 2346 2701 μεν
2398 2630 2494 2681 τοῦ
2543 2622 2907 2702 Παρακλήτου
2955 2629 3401 2702 συμμαχοῦντος,
3432 2623 3522 2680 καὶ
3567 2623 3629 2679 τὸ
3677 2623 3900 2687 ἀσθενὲς

2249 2718 2406 2790 ἡμῶν
2442 2714 2804 2790 ἐνισχύοντος.

918 3148 1042 3198 ΤΟΥ
1072 3145 1478 3202 ΣΟΦΩΤΑΤΟΥ
1513 3148 1630 3198 ΚΑΙ
1667 3145 2186 3202 ΜΑΚΑΡΙΩΤΔΤΟΥ
2222 3142 2646 3197 ΠΑΤΡΙΔΡΧΟΥ
2683 3141 3472 3197 ΚΩΝΣΤΔΝἸἹΝΟΥΠΟΛΕΩΣ

1065 3314 1858 3488 ΚΥΡΟΥ
1990 3308 3318 3484 ΓΡΗΓΟΡΙΟΥ
3401 3339 3405 3344 ’

1738 3600 1987 3697 ΤΟΥ
2064 3597 2622 3696 ΚΥΠΡΙΟΥ

1051 3797 1266 3846 ΛΟΓΟΣ
1307 3797 1417 3848 ΕΙΣ
1456 3795 1581 3845 ΤΟΝ
1621 3795 1821 3845 AI‘ION
1859 3793 1975 3844 ΚΑΙ
2015 3788 2615 3848 ΜΕΓΑΛΟΜΑΡΤΥΡΑ
2652 3788 2768 3842 ΚΑΙ
2806 3788 3324 3843 ΤΡΟΠΑΙΟΦΟΡΟΝ

1581 3925 2702 4087 ΤΕΩΡΓΙΟΝ

1156 4298 1711 4362 SAPIENTISSIMI
1754 4300 1853 4360 ET
1900 4298 2334 4362 BEATISSIMI
2378 4297 2897 4359 PATRJARCH/E
2937 4297 3198 4360 CPOLlS

905 4457 1558 4628 DOMNI
1682 4454 2666 4622 GBEGORII
2777 4454 3442 4622 CYPRII

914 4701 1346 4766 LAUDATIO
1390 4697 1700 4763 SANCTI
1739 4697 2021 4762 MAGNI
2057 4697 2502 4762 MARTYRIS
2544 4697 2669 4761 ET
2721 4696 3420 4762 TRIUMPHATORIS

1827 4849 2514 4975 GEORGII

1255 5049 1358 5112 (Ex
1385 5046 1502 5098 cod.
1533 5046 1700 5100 Vatic.
1727 5046 1784 5095 in
1814 5046 1982 5110 Aprili
2010 5045 2374 5107 Bollandiano,
2406 5048 2533 5096 tom.
2569 5045 2654 5108 III,
2684 5059 2739 5109 p.
2769 5045 3059 5110 ινδ-Ην.)

1886 5329 1892 5337 -
1951 5293 2350 5352 PROLOGUS.

539 5421 586 5474 1.
622 5415 824 5473 Solent
852 5419 1107 5472 oratores
1139 5415 1252 5471 fere
1283 5412 1496 5486 singuli
1519 5428 1744 5482 aequum
1767 5417 2102 5479 censere,ut

469 5509 698 5563 labores
744 5505 836 5560 sui
883 5505 1078 5576 magni
1116 5505 1437 5572 videantur,
1473 5502 1611 5572 quia
1639 5500 1908 5572 expeditu
1958 5499 2096 5556 illu-

2279 5410 2345 5467 α’.
2373 5410 2531 5472 Ἐθος
2587 5411 2747 5464 τοῦτο
2801 5412 2910 5464 τῶν
2970 5406 3157 5485 λόγοις
3205 5409 3622 5485 ἀγωνιζομένων
3655 5403 3872 5482 σχεδὸν

2210 5501 2436 5571 ἑκάστῳ,
2468 5497 2594 5560 τοὺς
2651 5498 2766 5553 καθ’
2799 5497 2999 5553 ἑαυτῶν
3056 5498 3268 5573 ἀγῶνας
3329 5496 3604 5576 μεγάλους
3653 5492 3877 5552 οἴεσθαι

463 5603 617 5654 stres
645 5593 823 5651 simul
855 5598 913 5650 et
940 5592 1245 5660 difﬁciles;
1272 5592 1448 5662 idque
1498 5593 1558 5645 ut
1601 5589 1690 5646 vel
1721 5589 1782 5644 in
1834 5605 1900 5644 eo
1939 5590 2094 5660 quod

2249 5591 2403 5661 ξιοῦν,
2458 5587 2547 5642 καὶ
2599 5584 2886 5662 λαμπροὺς
2951 5585 3042 5641 καὶ
3101 5584 3384 5664 δυσχερεῖς
3444 5587 3656 5653 ἀνῦσαι,
3723 5603 3875 5661 συγ-

463 5681 832 5756 deliquerint,
863 5681 1114 5752 veniam,
1145 5680 1233 5736 vel
1264 5695 1333 5735 εχ
1361 5694 1426 5734 eo
1457 5677 1609 5748 quod
1653 5680 1806 5733 recte
1857 5691 2093 5748 perege-

453 5776 599 5850 rint,
651 5771 885 5844 laudem
931 5769 1046 5843 gibi
1093 5770 1520 5836 demereantur.
1549 5765 1665 5838 Ego
1715 5769 1932 5844 autem,
1965 5782 2094 5841 ora:

2201 5676 2427 5752 γνώμην
2508 5676 2681 5747 ἑαυτῷ
2733 5680 2836 5744 τῆς
2892 5673 3061 5746 ἥττης
3105 5672 3144 5746 ἤ
3191 5677 3284 5731 τὸν
3346 5679 3446 5731 τοῦ
3509 5671 3872 5748 κατορθῶσαι

2204 5762 2414 5822 ἔπαινον
2459 5763 2694 5823 ἐντεῦθεν
2743 5763 3281 5841 κατασκευαζομένῳ.
3330 5762 3492 5822 Ἀλλ’
3543 5762 3620 5824 εἷς
3667 5760 3878 5840 Γεώρ-
