4118 6474
88 72 315 91 ..υ-’.1ψῂ

274 491 369 557 30]
1504 491 1908 554 LAUDATIO
1952 493 2021 555 S.
2067 492 2412 558 GEORGII.

3542 492 3659 555 302

270 644 371 701 γιον
416 624 560 698 ἐμοῦ
610 624 674 679 τὸ
718 624 859 701 μέγα
920 627 1028 679 τῶν
1076 623 1329 693 ἀθλητῶν
1373 621 1549 697 ὄνομα
1602 623 1901 699 βλέποντος

2024 626 2232 683 tionem
2262 627 2573 684 habiturus
2610 627 2683 683 de
2723 625 2990 698 Georgio,
3015 640 3228 698 magno
3275 623 3374 679 illo
3404 622 3658 680 athleta-

270 720 335 788 τῷ
367 714 547 790 λόγῳ,
594 714 686 770 καὶ
730 717 989 769 τοσοῦτον
1040 713 1342 778 ὑποθέσεως
1395 713 1618 788 μέγεθος
1664 719 1763 782 την
1813 712 1906 767 αὗ-

2018 731 2153 771 rum
2181 717 2436 787 nomine,
2468 720 2820 787 tantumque
2850 717 3287 786 argumentum,
3318 717 3540 784 quanta
3569 716 3664 769 est

271 809 350 861 τοῦ
393 803 673 883 εὐφημίαν
724 801 948 881 ἄρασθαι
996 806 1361 878 πειρωμένου,
1411 800 1511 857 οὐκ
1557 798 1678 857 οἶδα
1722 801 1807 865 τίς
1846 800 1905 857 ἂν

2024 803 2203 876 ipsius
2229 803 2509 877 laudatio,
2531 807 2969 875 assumpturus,
3000 802 3196 859 nescio
3212 806 3412 857 utrum
3434 801 3659 873 justius

276 894 469 971 γένοιτο
502 890 862 970 δικαιότερος,
908 891 1034 969 περὶ
1077 888 1256 962 ἄλλης
1307 889 1611 953 ὑποθέσεως
1654 890 1906 946 καθιστά-

285 1004 420 1058 μενος
492 983 594 1052 τὴν
673 978 918 1052 σπουδὴν
961 1028 975 1054 ,
1034 979 1125 1035 καὶ
1200 978 1661 1057 προκαταγγεῖλαι
1742 980 1905 1056 μέγαν

285 1072 398 1128 εἶναι
422 1072 515 1128 τὸν
564 1071 774 1146 ἀγῶνα,
803 1070 895 1126 καὶ
946 1067 1112 1125 δεῖσαι
1164 1068 1504 1146 προσελθεῖν,
1550 1068 1587 1138 ἢ
1639 1068 1728 1123 καὶ
1778 1089 1907 1144 συγ-

284 1163 461 1237 γώμην
492 1159 837 1231 αἰτήσασθαι.
885 1158 1089 1236 Ἕγωγ⁹
1135 1158 1229 1213 οὖν
1270 1162 1526 1213 τοσοῦτον
1576 1153 1692 1233 ἔχω
1739 1155 1909 1232 χαλε-

278 1252 367 1306 πὸν
418 1249 473 1306 ἐν
520 1247 703 1321 τούτῳ
758 1248 1094 1318 κατανοήσας
1124 1291 1143 1316 ,
1193 1244 1329 1301 ὥστε
1387 1266 1479 1319 μοι
1547 1242 1691 1300 δοκῶ
1747 1244 1907 1318 μόνον

280 1337 527 1414 ἁψαμένῳ
558 1384 575 1411 ,
650 1334 1035 1412 παραπλήσιόν
1109 1356 1162 1391 τι
1253 1333 1574 1398 πεπονθέναι
1655 1339 1772 1397 τοῖς
1858 1333 1909 1405 ἐξ

273 1428 507 1505 ἀπειρίας
558 1426 883 1500 ἐπιθυμοῦσι
946 1424 1040 1498 μὲν
1096 1419 1390 1480 ἐπιϐαίνειν
1444 1423 1738 1496 Θαλάσσης,
1788 1423 1910 1478 ἐπι-

271 1512 525 1589 ϐεϐηκόσι
576 1513 635 1572 δὲ
681 1515 834 1588 ὅμως
879 1513 958 1576 εἷς
1002 1513 1309 1569 τούναντίον
1349 1514 1417 1569 τὰ
1468 1518 1569 1583 τῆς
1620 1510 1909 1586 ἐπιθυμίας

268 1610 439 1683 χωρεῖ
486 1651 504 1678 ,
588 1601 903 1680 δυσχέρειαν
974 1601 1249 1679 πελάγους
1329 1603 1699 1676 καταμαθοῦσι
1750 1647 1765 1674 ,
1818 1600 1910 1656 καὶ

268 1691 427 1748 σάλον
474 1691 572 1746 καὶ
617 1687 873 1745 κλύδωνα
915 1688 1006 1744 καὶ
1053 1688 1151 1744 ὅτα
1192 1687 1339 1745 πολὺ
1388 1688 1600 1762 μᾶλλον
1659 1687 1910 1764 εὔχεσθαι

266 1779 653 1856 καταναγκάζει
724 1779 823 1848 τὴν
894 1777 1092 1843 ἐκεῖθεν
1164 1775 1488 1854 ἀπαλλαγὴν
1538 1796 1550 1808 ·
1628 1776 1746 1842 ὅθεν
1820 1776 1910 1833 καὶ

268 1871 501 1941 ἀπέστην
534 1868 597 1924 ἃν
647 1867 857 1941 αὐτίκα,
908 1868 956 1922 εἰ
1002 1869 1076 1941 μή
1133 1868 1201 1941 μέ
1246 1888 1328 1929 τις
1374 1865 1578 1944 ἀνάγκη
1633 1865 1693 1922 ἐκ
1735 1887 1910 1944 προη.

265 1959 587 2059 γησαμέγης
661 1957 832 2033 εὐχῆς
900 1960 1250 2032 κατασχοῦσα
1302 1957 1370 2059 ην
1403 1999 1418 2026 ,
1632 1977 1768 2059 ποτε
1818 1955 1913 2013 τὸν
1943 1993 1992 2059 Β

266 2048 427 2125 λόγον
481 2046 737 2126 ἐξυφᾶναι
779 2050 862 2119 τῷ
908 2046 1151 2122 Μάρτυρι
1224 2044 1416 2120 βιαίως
1473 2043 1699 2101 ἐνταῦθα
1748 2046 1915 2115 συνή-

265 2138 420 2195 λασεν
430 2182 446 2197 .

332 2228 401 2301 β’.
438 2222 604 2281 Ἀλλ’
634 2220 821 2294 ἐπειδή
857 2244 950 2297 μοι
980 2220 1228 2286 ἀνάδυσις
1280 2221 1380 2279 οὐκ
1429 2218 1588 2293 ἔστιν,
1640 2219 1754 2278 οὐδ’
1784 2222 1916 2279 ἀπο-

262 2316 406 2394 φυγὴ
447 2318 569 2377 τοῖς
619 2313 855 2387 ἐμαυτοῦ
894 2310 1348 2389 περιειλημμένῳ
1398 2309 1641 2386 δεσμοῖς,
1673 2306 1914 2367 ἐπιϐοῶ-

264 2426 356 2477 μαι
412 2403 559 2459 κα·τὰ
612 2405 720 2458 τῶν
768 2400 1011 2475 ἀποριῶν
1059 2400 1157 2470 τὴν
1215 2402 1550 2478 μαρτυρικήν
1598 2400 1782 2477 χάριν,
1824 2402 1915 2456 καὶ

260 2491 349 2549 διά
401 2492 473 2547 τὸ
530 2489 754 2562 σύνηθες
824 2488 913 2545 ἐπὶ
968 2491 1066 2559 τῆς
1121 2487 1459 2564 ἐπικλήσεως
1512 2490 1604 2545 καὶ
1675 2492 1774 2560 τήν
1835 2491 1917 2550 ἀεὶ

256 2580 612 2652 συναίσθησιν
666 2586 766 2649 τῆς
822 2578 950 2654 παρ’
1007 2578 1171 2634 αὐτοῦ
1232 2578 1509 2654 βοηθείας,
1567 2578 1803 2653 μάλιστα
1860 2578 1916 2635 δέ

255 2670 345 2726 καὶ
387 2670 457 2726 τὸ
503 2669 703 2724 οἱκεῖον
752 2674 853 2738 τῆς
905 2666 1229 2736 ὑποθέσεως,
1279 2665 1364 2722 ὅτι
1416 2665 1590 2742 δῶρον
1634 2667 1779 2742 αὖτῷ
1821 2669 1914 2724 τὸν

254 2759 426 2836 λόγον
474 2756 851 2834 προσάγομεν.
905 2756 972 2811 El
1017 2756 1119 2833 γὰρ
1165 2756 1257 2812 καὶ
1313 2757 1610 2813 ὁποσονοῦν
1665 2756 1916 2813 ἐπιπνεύ-

257 2870 366 2905 σειε
410 2846 625 2918 ταύτης
671 2845 820 2921 ἐμοὶ,
865 2845 932 2916 ἥν
981 2844 1299 2917 πλουτήσας
1336 2844 1538 2908 ἐκεῖνος
1582 2846 1730 2923 παρὰ
1784 2850 1917 2902 Θεοῦ

253 2937 442 3016 χάριν,
509 2935 783 3012 ἐκαρτέρει
840 2935 935 3009 μὲν
978 2934 1207 3011 πάσχων
1254 2934 1289 2989 ἃ
1341 2936 1418 3009 μὴ
1466 2935 1671 3014 πέφυκε
1716 2933 1915 3012 στὲγειν

254 3031 291 3096 ἡ
339 3028 531 3107 φύσις,
576 3022 861 3102 εἰργάζετο
908 3021 966 3080 δὲ
1015 3022 1157 3102 δρῶν
1203 3022 1303 3079 ὅσα
1353 3025 1430 3098 μὴ
1485 3022 1629 3080 οἴδεν
1660 3027 1696 3095 ὴ
1739 3023 1913 3102 φύσις·

260 3116 364 3171 οῦκ
407 3112 680 3171 ἐνδοιάσω
723 3114 852 3190 περὶ
895 3118 994 3169 τοῦ
1049 3112 1479 3191 ἐγχειρήματος,
1529 3112 1576 3168 εἰ
1633 3114 1711 3176 είς
1756 3112 1918 3177 τέλος

261 3205 545 3283 ἆφὶξομαι,
577 3201 706 3259 οὐδὲ
754 3203 855 3272 τήν
906 3203 1112 3278 ἀγαθὴν
1161 3199 1357 3258 ἐλπίδα
1384 3204 1721 3279 προήσομαι.
1761 3199 1919 3258 ’Δλλ’

263 3292 486 3367 ἀρκτέον
538 3290 654 3363 ἤδη
706 3294 805 3346 τοῦ
862 3288 1029 3367 λόγου
1077 3294 1147 3365 τῇ
1207 3290 1407 3347 ἐκείνου
1463 3290 1747 3367 ἐπικουρίᾳ
1786 3292 1913 3367 θαρ-

261 3384 554 3454 σήσαντας.

2016 892 2252 965 aliquis,
2275 893 2450 950 alicui
2480 892 2734 949 materiae
2756 908 2930 949 suum
2946 891 3347 965 applicaturus
3370 890 3656 958 studium,

2017 981 2245 1054 praefari
2274 982 2481 1054 possit,
2526 997 2807 1053 magnum
2856 996 2988 1058 ϐεδε
3013 980 3295 1049 laborem,
3327 995 3503 1052 quem
3552 995 3661 1051 ag-

2016 1070 2180 1142 gredi
2208 1071 2431 1139 timeat,
2454 1074 2512 1126 et
2541 1070 2712 1142 cujus
2732 1069 2991 1143 suscepti
3018 1068 3275 1142 postulet
3291 1068 3403 1125 sibi
3425 1068 3659 1124 veniam

2017 1159 2165 1215 dari.
2200 1159 2384 1232 Igitur
2428 1159 2692 1215 animum
2723 1159 2782 1215 in
2825 1175 2961 1215 eum
3008 1159 3318 1214 intendens
3376 1158 3461 1214 sic
3489 1156 3662 1229 plane

2019 1264 2222 1320 angor,
2251 1253 2318 1304 ut
2364 1248 2511 1304 mihi
2555 1248 2770 1315 videar,
2806 1264 2942 1304 eum
2987 1247 3077 1304 vel
3107 1247 3314 1320 primis
3363 1247 3662 1320 attigendo

2020 1336 2240 1408 digitis,
2272 1337 2428 1392 idem
2450 1337 2768 1409 pati,quod
2800 1336 2843 1391 ii
2875 1336 2975 1409 qui
3007 1352 3076 1392 ex
3099 1335 3393 1408 imperitia
3420 1336 3666 1407 cupiunt

2020 1442 2180 1482 mare
2209 1427 2620 1493 conscendere,
2652 1426 3108 1482 conscendentes
3139 1428 3334 1481 autem
3364 1424 3425 1480 in
3457 1425 3663 1481 adver-

2021 1532 2152 1572 sum
2182 1515 2351 1572 littus
2400 1517 2781 1587 protendunt,
2818 1514 3123 1587 desideria,
3174 1514 3524 1587 experiendo
3574 1514 3659 1570 di-

2019 1608 2246 1661 scentes
2276 1604 2551 1660 saevitiam
2593 1603 2803 1677 pelagi,
2838 1604 3085 1676 ejusque
3114 1603 3399 1675 procellas
3427 1606 3487 1660 et
3514 1606 3664 1659 tem-

2020 1697 2273 1767 pestates
2304 1697 2361 1749 et
2389 1709 2754 1765 quaecunque
2799 1692 2914 1748 alia
2943 1691 3133 1749 solent
3182 1708 3405 1765 cogere,
3436 1696 3504 1749 ut
3531 1693 3665 1765 quis

2021 1786 2182 1856 optet
2210 1783 2347 1838 inde
2369 1782 2572 1838 abesse
2593 1781 2847 1855 longius.
2876 1782 3038 1847 Quod
3061 1798 3203 1838 sane
3230 1782 3388 1837 haud
3411 1781 3666 1838 multum

2020 1872 2187 1928 abest
2215 1888 2249 1926 a
2298 1888 2410 1938 me,
2441 1871 2556 1927 nisi
2587 1871 2660 1927 ab
2709 1871 3001 1942 ejusmodi
3047 1875 3181 1926 voto
3228 1870 3491 1927 faciendo
3529 1887 3664 1942 pro-

2019 1961 2230 2017 hibens
2261 1959 2584 2016 necessitas
2615 1961 2883 2031 quasdam
2913 1959 3194 2016 violenter
3221 1959 3338 2016 huc
3367 1959 3661 2027 traxisset,

2022 2050 2096 2106 ad
2125 2049 2446 2105 orationem
2477 2047 2791 2121 aliquando
2821 2048 3059 2105 tandem
3091 2048 3330 2121 Martyri
3359 2053 3669 2121 pertexen—

2024 2139 2183 2194 dam.
3343 2150 3348 2155 -

2092 2228 2148 2282 2.
2176 2226 2464 2295 Quoniam
2509 2244 2643 2284 vero
2699 2243 2887 2300 neque
2931 2226 3241 2284 solutionis
3288 2244 3423 2300 spes
3469 2244 3663 2300 neque

2024 2316 2223 2388 eﬂ‘ugii
2255 2315 2418 2372 locus
2448 2315 2590 2371 mihi
2623 2320 2734 2385 est,
2767 2316 3019 2389 propriis
3049 2316 3364 2373 constricto
3392 2316 3665 2383 vinculis,

2024 2404 2300 2471 inclamo,
2333 2408 2398 2459 ut
2444 2405 2635 2461 solent
2678 2404 2739 2460 in
2777 2404 3067 2478 angustiis
3114 2404 3481 2478 deprehensi,
3514 2405 3667 2461 Mar-

2024 2495 2169 2568 tyris
2199 2491 2446 2566 gratiam
2472 2510 2486 2561 ;
2519 2497 2647 2548 tum
2677 2492 2816 2565 quia
2852 2493 3121 2549 consuevi
3147 2492 3344 2566 ipsum
3376 2494 3664 2564 invocare,

2026 2586 2152 2639 tum
2182 2581 2321 2654 quia
2354 2597 2587 2653 semper
2612 2581 2801 2654 ipsius
2830 2586 3167 2655 promptum
3220 2580 3503 2638 auxilium
3528 2599 3663 2639 sum

2025 2674 2320 2744 expertus,
2352 2670 2605 2727 maxime
2633 2674 2853 2741 autem,
2884 2671 3024 2743 quia
3053 2687 3186 2727 cum
3216 2670 3326 2727 hoc
3355 2688 3666 2744 argumen-

2022 2765 2151 2816 tum
2182 2760 2294 2833 ipsi
2325 2761 2403 2817 sit
2430 2759 2752 2832 proprium,
2771 2760 2966 2831 ipsum
2987 2759 3144 2815 hunc
3173 2776 3505 2817 sermonem
3534 2777 3666 2816 mu-

2025 2850 2184 2906 neris
2211 2849 2337 2905 loco
2367 2849 2555 2906 eidem
2578 2848 2898 2904 efferimus.
2926 2847 2986 2905 Si
3015 2849 3173 2904 enim
3204 2849 3666 2922 quotiescunque

2027 2938 2249 3012 aspirat
2278 2938 2424 2994 mihi
2453 2954 2603 3006 eam,
2621 2937 2791 3009 cujus
2820 2938 2945 3009 ipse
2973 2938 3129 3010 apud
3159 2938 3343 2994 Deum
3374 2937 3532 2994 dives
3553 2942 3663 3007 est,

2026 3026 2296 3101 gratiam,
2349 3026 2623 3083 toleraret
2677 3025 2900 3098 aliquid
2963 3043 3030 3083 ea
3093 3027 3320 3098 patiens
3369 3043 3499 3099 qua
3547 3044 3665 3084 non

2026 3120 2225 3190 posset
2252 3115 2548 3172 sustinere
2576 3119 2808 3186 natura,
2843 3118 2944 3171 aut
2970 3115 3235 3186 ejusdem
3264 3120 3486 3171 natura:
3517 3116 3664 3172 ﬁnes

2026 3206 2261 3262 deberet
2287 3204 2616 3277 transgredi
2646 3204 2959 3276 operando,
2981 3208 3179 3260 tamen
3209 3221 3284 3261 ne
3313 3203 3399 3261 sic
3427 3203 3667 3276 quidem

2028 3295 2361 3351 dubitarem
2393 3294 2464 3349 ad
2482 3294 2659 3349 ﬁnem
2682 3293 2972 3349 adducere
2990 3293 3142 3364 quod
3164 3293 3464 3366 proposui,
3479 3308 3669 3365 neque

1946 3361 1991 3428 Ο
2027 3382 2303 3440 ﬁduciam
2332 3383 2548 3439 bonam
2578 3381 2934 3438 dimitterem
2970 3361 3233 3455 :quanto
3264 3361 3453 3455 magis
3486 3361 3664 3455 nunc,

2023 3488 2159 3530 cum
2190 3471 2466 3541 sufﬁciat,
2497 3471 2549 3527 si
2577 3470 2747 3526 nobis
2776 3470 2837 3525 in
2867 3470 3057 3542 ipsius
3087 3470 3302 3528 auxilio
3332 3470 3670 3528 conlidenti-

2023 3563 2136 3619 bus
2166 3559 2446 3634 loquendi
2478 3559 2701 3615 tribuat
2728 3558 3060 3616 facultatem
3079 3559 3108 3615 ‘I

1807 3738 2040 3797 CAPUT
2078 3740 2123 3795 Ι.

604 3866 797 3924 Sancti
824 3863 1070 3937 Gregorii
1090 3864 1298 3936 patria,
1326 3870 1602 3935 parentes,
1632 3863 1835 3921 oblatio
1861 3866 1954 3921 sui
1983 3865 2245 3923 ultronea
2268 3865 2319 3920 et
2342 3864 2531 3936 prima
2552 3878 2740 3918 coram
2769 3870 3007 3934 tyranno
3037 3866 3324 3923 tormenta.

334 4038 409 4112 γ’.
440 4034 510 4091 Εἰ
548 4034 645 4108 μὲν
688 4031 779 4089 οῦν
829 4031 949 4104 ἐξῆν
1001 4052 1096 4106 μοι
1139 4033 1279 4106 ᾗπερ
1329 4030 1438 4107 ἐγὼ
1490 4030 1761 4107 βούλομαι
1814 4028 1912 4087 δια·

2112 4035 2168 4090 3.
2200 4033 2259 4090 Si
2287 4032 2489 4090 liceret
2533 4032 2678 4088 mihi
2721 4050 2826 4106 pro
2874 4034 3158 4092 arbitratu
3206 4037 3528 4094 orationem
3559 4038 3680 4095 dis-

279 4126 457 4187 θέσθαι
504 4123 602 4179 τὸν
650 4119 842 4197 λόγον,
893 4118 1041 4176 ἀλλὰ
1094 4122 1191 4196 μὴ,
1241 4118 1380 4197 πρὸς
1424 4120 1517 4175 τὸν
1564 4122 1912 4197 κεκρατηκότι

2036 4126 2279 4196 ’ροοθι-θ,
2313 4139 2430 4178 non
2473 4121 2729 4195 obligato
2757 4124 2807 4178 ei
2858 4139 2983 4195 quae
3012 4128 3078 4179 ut
3124 4124 3449 4197 plurimum
3481 4129 3685 4185 obser-

276 4212 422 4289 παρὰ
456 4216 583 4274 τοῖς
626 4207 866 4273 πολλοῖς
907 4208 1096 4283 νόμον,
1147 4207 1273 4265 οὔτε
1317 4206 1581 4286 πατρίδος
1629 4209 1906 4284 μνημονεό

2043 4215 2212 4268 vatur
2239 4210 2392 4284 legi;
2426 4227 2541 4266 non
2592 4211 2793 4283 utique
2842 4213 3045 4284 patrias
3091 4213 3296 4271 vellem
3329 4217 3690 4284 meminisse,

281 4322 361 4374 σα,
420 4302 501 4364 ὡς
558 4298 680 4376 ἔχει
733 4298 976 4361 κάλλους
1032 4319 1094 4354 τε
1148 4299 1239 4354 καὶ
1293 4296 1573 4374 μεγέθους,
1623 4295 1746 4353 οῦτε
1792 4298 1907 4353 τινὸ

2049 4299 2209 4357 velut
2253 4316 2481 4376 magna:
2531 4303 2705 4372 atque
2752 4300 3048 4373 speciosa,
3094 4319 3280 4374 neque
3326 4309 3696 4361 externorum

284 4388 462 4447 ἃλλοο
503 4393 617 4446 τῶν
667 4386 880 4460 ἔξωθεν·
930 4386 1155 4451 ἐκείνοις
1211 4387 1271 4442 ἂν
1325 4382 1629 4443 ἐπέϐαλλον
1678 4387 1830 4450 εὐθὺς
1889 4386 1912 4441 ἐ

2053 4405 2540 4462 quorumcunque
2594 4389 2894 4459 decorum,
2943 4391 3044 4446 sed
3093 4392 3291 4447 statim
3340 4411 3376 4449 a
3414 4392 3700 4467 principio

284 4479 487 4556 ἀρχῆς,
546 4478 586 4533 ἃ
638 4479 775 4555 πρὸς
828 4478 930 4547 τήν
991 4475 1261 4556 εὐφημίαν
1313 4474 1564 4552 ἄντικρυς
1622 4477 1790 4555 φέρει.
1842 4482 1912 4531 Κα

2064 4495 2133 4535 ea
2162 4478 2679 4551 apprehenderem,
2724 4495 2851 4551 quae
2880 4479 2952 4535 ad
2982 4479 3378 4537 laudationem
3410 4484 3705 4556 praacipua

286 4570 385 4645 γάρ
421 4590 523 4642 μοι
572 4566 710 4622 πάνυ
747 4586 803 4621 τι
851 4565 1412 4642 σμικρολογουμένων
1463 4564 1622 4642 ἔργον
1671 4565 1804 4621 εἶναι
1854 4561 1912 4619 δο

2054 4570 2217 4623 sunt.
2248 4565 2473 4622 Etenim
2496 4565 2920 4623 minutulorum
2951 4584 3098 4640 opus
3119 4568 3265 4624 mihi
3295 4587 3424 4627 esse
3453 4572 3700 4640 videtur,

288 4663 392 4729 κεῖ,
448 4654 684 4734 ἔχοντας
743 4654 1032 4731 ἐγκωμίων
1087 4656 1186 4717 τὰς
1246 4653 1460 4709 πάντων
1513 4653 1765 4730 μεγίστας
1815 4654 1912 4709 ὑπο

2024 4694 2032 4742 γ
2065 4654 2127 4710 in
2158 4653 2241 4710 eis
2272 4654 2654 4727 argumentis,
2676 4671 2803 4727 qua:
2836 4672 3070 4712 omnem
3100 4664 3384 4731 superant
3404 4675 3704 4716 commen-

294 4745 502 4819 θέσεις,
566 4742 817 4816 διεξιέναι
868 4748 1049 4815 ζητεῖν
1087 4789 1102 4813 ,
1158 4743 1266 4798 κάκ
1319 4746 1426 4798 τῶν
1485 4741 1791 4819 ἐλαχίστων
1852 4743 1912 4810 τὶ

2066 4742 2386 4811 dationem,
2436 4741 2664 4816 digredi
2709 4744 2782 4798 ad
2833 4744 3059 4815 infima,
3120 4760 3191 4801 ex
3236 4746 3429 4819 iisque
3473 4752 3705 4820 captare

300 4833 568 4913 εόιρτ,μίαν
624 4830 972 4908 ἐργάζεσθαι,
1021 4830 1202 4906 ὥσπερ
1250 4830 1350 4887 οὐκ
1393 4830 1454 4886 ἂν
1507 4828 1743 4893 δυνατῶς
1789 4831 1912 4906 ἐχοιὲ

2065 4831 2464 4889 encomiorum
2516 4830 2843 4900 materiam,
2877 4834 3161 4904 tanquam
3211 4833 3337 4891 sine
3386 4836 3479 4892 his
3509 4835 3705 4892 subsi-

304 4944 400 4995 σης
450 4924 578 4979 ἄνευ
625 4922 836 4977 τούτων
883 4927 1158 4995 συστῆναι,
1205 4917 1243 4990 ἤ
1299 4919 1536 4997 ἐχούσης
1586 4920 1705 4993 μὲν,
1761 4919 1824 4975 οὗ
1868 4940 1912 4974 τι

2067 4924 2217 4977 stere
2246 4937 2364 4976 non
2396 4924 2610 4992 posset,
2645 4923 2747 4975 aut
2792 4918 2999 4976 saltem
3031 4922 3229 4979 minus
3277 4925 3531 4997 perfecta
3560 4925 3710 4981 foret

308 5011 468 5075 λείως
494 5009 578 5083 δὲ,
612 5009 841 5080 δεούσης
887 5010 989 5087 γὰρ
1037 5016 1136 5080 τῆς
1189 5010 1283 5084 μὶν
1334 5010 1480 5083 παρὰ
1528 5013 1644 5082 Θεῷ
1691 5006 1852 5080 δόξης
1882 5030 1912 5064 τ

2067 5008 2252 5083 gloria
2282 5008 2553 5081 Martyris
2604 5008 2756 5080 apud
2794 5013 2970 5064 Deum
3017 5009 3421 5085 hominesque.
3452 5014 3533 5069 Ex
3565 5030 3710 5086 qua-

312 5102 575 5179 Ιᾶρτυρι,
623 5107 727 5170 τῆς
777 5097 836 5154 δὲ
878 5099 1006 5174 παρ’
1046 5098 1373 5175 ἀνθρώποις.
1428 5097 1491 5153 Εί
1533 5098 1628 5172 μὲν
1669 5094 1912 5153 ὁποίανὲ

2071 5114 2300 5169 cunque
2327 5096 2481 5153 enim
2509 5100 2670 5169 parte
2699 5096 2850 5152 hanc
2877 5096 3125 5154 velimus
3153 5100 3399 5158 dicendo
3428 5103 3713 5174 majorem

312 5211 427 5245 τινα
494 5188 707 5245 τούτων
786 5185 1096 5263 ἐμέλλομεν
1177 5187 1401 5261 μείζονα
1474 5191 1649 5242 ποιεῖν
1742 5186 1802 5242 ἐκ
1866 5207 1912 5241 τι

2077 5186 2285 5256 facere,
2336 5202 2459 5241 rem
2510 5184 2803 5258 egerimus
2849 5186 3242 5259 inconcinam,
3276 5191 3473 5246 omnia
3523 5189 3718 5262 requi-

319 5278 543 5335 πλείονα
592 5279 788 5348 εἰπεῖν,
838 5275 1033 5331 ἄτοποι
1087 5273 1368 5338 παντελῶς
1417 5278 1556 5349 ἦμεν
1596 5319 1610 5347 ,
1663 5277 1737 5349 μὴ
1796 5274 1912 5331 πάνσ

2080 5274 2282 5343 rendo,
2315 5290 2420 5330 nec
2450 5279 2646 5329 tamen
2688 5272 2748 5328 in
2781 5275 3041 5331 medium
3089 5278 3451 5335 adducendo.
3478 5279 3625 5335 Nam
3654 5296 3724 5337 ea

317 5369 635 5444 προσθεντες
693 5365 772 5428 εἷς
824 5365 1009 5438 μέσον,
1058 5363 1149 5418 καὶ
1207 5364 1382 5419 πάντα
1442 5365 1789 5434 ζητήσαντες
1854 5362 1912 5418 ἐπ

2083 5380 2213 5435 qua:
2243 5380 2313 5419 ex
2342 5363 2459 5419 Deo
2489 5367 2577 5418 est
2604 5361 2809 5435 gloria,
2843 5380 2976 5420 cum
3015 5366 3318 5423 ratiocinio
3348 5373 3546 5424 nostro
3578 5368 3725 5425 sub-

324 5454 367 5511 3’
416 5460 454 5527 ἡ
516 5458 639 5532 μὲν,
692 5455 983 5531 λογισμοῖς
1050 5454 1347 5528 ἡμετέροις
1408 5450 1515 5527 οὐχ
1570 5451 1912 5507 ὑποπίπτουσ

2073 5454 2232 5525 jecta
2264 5468 2379 5507 non
2412 5451 2509 5516 sit,
2543 5451 2702 5507 nullo
2732 5452 2904 5509 modo
2953 5459 3144 5527 potest
3172 5462 3552 5529 augmentum
3584 5474 3729 5529 qua-

324 5545 430 5602 οὗὸ⁹
486 5546 548 5603 ἂν
609 5545 665 5617 ἐξ
723 5546 886 5617 ἡμῶν
940 5537 1262 5614 ὁτῳδήποτε
1316 5539 1505 5617 τρόπῳ
1559 5540 1841 5615 πρόσθεσιν
1894 5537 1912 5594 ἓ

2082 5540 2374 5614 lecunque
2423 5557 2457 5596 a
2486 5539 2654 5596 nobis
2702 5540 3000 5613 accipere;
3035 5561 3160 5615 quae
3191 5550 3385 5601 autem
3437 5546 3507 5602 ab
3539 5546 3730 5602 homi-

322 5654 498 5711 χοιτο·
553 5638 591 5707 ἡ
645 5632 707 5690 δὲ
760 5628 1285 5708 προκατειλημμένη
1361 5634 1481 5693 ταῖς
1539 5628 1786 5685 ἁπάντων
1846 5629 1908 5684 οὗ

2086 5628 2265 5685 nibus
2303 5629 2586 5701 provenit,
2619 5646 2753 5685 cum
2777 5631 2904 5702 jam
2952 5634 3176 5703 pridem
3223 5634 3282 5689 in
3315 5636 3580 5690 omnium
3610 5636 3732 5691 ani-

323 5729 539 5804 φνχαῖς,
580 5721 701 5780 οὐδ’
754 5722 818 5776 ἄν
862 5740 1011 5780 τινος
1052 5717 1320 5794 ἐξηγητοῦ
1369 5714 1569 5787 δέοιτο,
1621 5716 1759 5773 ὥστε
1804 5737 1912 5794 παρ

2090 5717 2203 5773 mis
2249 5718 2503 5790 perfecta
2547 5718 2644 5786 sit,
2696 5736 2811 5775 non
2860 5725 2989 5794 eget
3035 5723 3359 5796 expositorc
3409 5722 3625 5794 aliquo,
3666 5727 3732 5777 ut

330 5811 577 5892 δεχθῆναι
614 5808 799 5889 ,(οστε
846 5808 949 5885 γὰρ
1007 5804 1241 5881 ἡλιακοῦ
1292 5807 1494 5890 φωτὸς,
1526 5808 1600 5875 ὡς
1657 5804 1740 5881 εἴη
1785 5808 1912 5890 (ρώτι

2092 5807 2268 5881 recipi
2300 5807 2504 5880 possit.
2536 5808 2696 5864 Sicut
2723 5809 2879 5867 enim
2926 5826 3041 5867 non
3091 5816 3431 5886 exspectant
3462 5812 3728 5871 homines
