4118 6426
389 386 513 490 se;
1645 392 2050 470 LAU-DATIO
2093 396 2163 459 s.
2209 396 2549 462 amonem.
3676 383 3792 458 306

389 521 735 606 φεισαμένων
781 528 890 596 τῶν
965 520 1210 584 διωκτῶν
1242 542 1256 558 ’
1317 523 1614 607 ἀμφότεροι
1687 527 1776 583 καὶ
1844 549 1990 605 παρα

2154 532 2666 606 persecutoribus:
2699 532 2940 604 uterque
2999 529 3194 584 autem
3247 521 3511 598 exempla
3557 521 3796 596 reliquit

382 615 650 692 δείγματα
723 614 1100 692 προδείξαντες
1169 621 1248 689 τῷ
1329 614 1486 672 παιδὶ
1538 665 1554 690 ,
1613 619 1703 673 καὶ
1769 618 2012 694 σπέρμασι

2159 621 2532 692 ﬁlio,semina
2562 621 2824 695 praebens
2863 618 3159 692 religionis
3189 633 3326 688 erga
3354 612 3798 682 Deum,miseri-

380 704 763 782 παρασχόντες
834 700 1147 779 εὐσεϐείας,
1225 704 1666 785 φιλοπτωχίας,
1725 715 1826 778 τῆς
1883 708 2017 784 μέχρ

2158 713 2368 768 θοι-ἀίω
2413 712 2472 766 in
2514 728 2816 784 pauperes,
2868 715 2924 766 et
2954 706 3292 764 constantiae
3336 721 3524 776 usque
3554 705 3624 758 ad
3659 720 3794 758 san-

382 795 616 869 αῗματος
667 796 808 870 πρὸς
862 796 961 864 τήν
1023 793 1478 871 εἷδωλολατρείαν
1534 796 2017 858 ἀντικαταστάσεως

2157 802 2394 874 guinem
2452 806 2652 857 contra
2694 799 3083 854 idololatriam
3136 798 3498 868 pugnaturae.
3535 795 3668 858 Qua
3699 791 3796 848 ille

389 882 510 955 εἶδή
567 883 930 962 παρειληφὼς
982 884 1171 957 αὐτὸς,
1221 883 1400 962 ὥσπερ
1458 883 1629 942 ἄλλον
1667 886 1784 941 τινὰ
1840 886 2013 961 κλῆρο

2156 892 2499 962 suscipiens,
2535 890 2690 946 velut
2736 889 3033 960 meliorem
3073 886 3493 951 hereditatem,
3546 887 3601 938 et
3635 882 3794 937 omni

395 979 644 1049 πατρῷον
677 1018 694 1045 ,
749 973 841 1028 καὶ
919 971 1102 1035 καλῶς
1157 978 1224 1048 τῇ
1282 973 1529 1050 γεωργίᾳ
1581 979 1678 1030 τοῦ
1730 973 2012 1047 Πνεύματο

2155 981 2401 1053 spiritus
2432 980 2740 1052 disciplina
2764 980 2942 1050 probe
2973 976 3258 1042 excultus,
3290 991 3405 1028 non
3437 972 3628 1029 solum
3656 988 3790 1026 cen-

394 1062 976 1139 προσεξεργασάμενος,
1035 1063 1143 1139 οὐχ
1198 1062 1321 1118 ὅσον
1385 1064 1548 1137 μόνον
1613 1063 1687 1126 εἰς
1749 1065 1930 1119 ἑκατὸν
1993 1063 2017 1117 ἐ

2153 1076 2280 1126 tum
2313 1087 2381 1126 ex
2411 1088 2526 1126 uno
2560 1069 2926 1140 ampliﬁcans
2984 1065 3247 1138 protulit,
3308 1064 3407 1118 sed
3468 1063 3786 1134 quamdam

390 1153 511 1215 ἑνὸς
564 1146 827 1226 προϐῆναι
888 1152 977 1207 καὶ
1035 1151 1421 1224 πληθυνθῆναι
1497 1153 1790 1224 πεποίηκεν
1825 1199 1839 1225 ,
1901 1150 2017 1208 ἀλλι

2149 1159 2495 1215 incrementi
2528 1159 2812 1214 rationem
2842 1155 3121 1226 suscepit,
3155 1153 3248 1209 cui
3296 1151 3608 1224 superaddi
3640 1149 3788 1205 nihil

385 1263 509 1296 τινα
591 1239 758 1316 λόγον
863 1239 1158 1303 ἐπιδόσεως
1261 1237 1670 1315 ἀνυπέρϐλητον
1748 1239 1989 1312 δέξασθαι

2150 1253 2366 1322 posset.
2399 1248 2608 1304 Omnia
2635 1246 2790 1302 enim
2825 1262 2951 1312 sua,
2974 1248 3251 1313 tanquam
3282 1241 3530 1313 optimes
3561 1240 3791 1311 dispen-

380 1329 564 1386 Πάντα
613 1329 741 1406 γὰρ,
772 1328 848 1393 ὥς
889 1351 972 1392 τις
1025 1327 1240 1405 ἄριστος
1288 1334 1400 1385 τῶν
1445 1332 1563 1395 καθ’
1607 1331 1791 1386 ἑαυτὸν
1825 1329 2017 1385 οἷκονόη

2148 1342 2363 1405 sator,e
2392 1337 2562 1393 terris
2591 1337 2651 1390 in
2684 1335 2890 1390 cmlum
2916 1331 3216 1388 transtulit
3244 1350 3256 1399 ;
3290 1346 3394 1385 nec
3415 1329 3529 1401 ipsi
3550 1328 3784 1400 quidem

377 1441 504 1492 μσς,
567 1419 909 1492 μετατίθεται
989 1420 1126 1494 πρὸς
1204 1419 1427 1494 οὐρανὸν
1493 1420 1598 1475 ἀπὸ
1651 1424 1761 1475 τῶν
1817 1419 2017 1484 ἐνταῦθι

2147 1443 2388 1498 parcens
2447 1424 2693 1497 corpori,
2748 1423 3063 1496 quominus
3119 1419 3353 1475 ex‘hoc
3410 1418 3789 1473 fructificaret

366 1507 459 1563 καὶ
522 1507 978 1582 μετασκευάζεται
1053 1505 1166 1563 οὐδ’
1225 1507 1388 1564 αὐτοῦ
1443 1511 1764 1586 φεισάμενος
1818 1510 2017 1582 σώμα-

2145 1515 2261 1572 Deo
2290 1534 2303 1584 ;
2337 1515 2517 1585 idque
2547 1531 2662 1568 non
2691 1517 2921 1568 tantum
2952 1527 3055 1582 per
3083 1508 3414 1565 castitatem
3444 1506 3784 1578 puritatem-

364 1618 484 1668 τος,
532 1597 613 1670 μὴ
669 1597 763 1651 καὶ
815 1601 977 1652 τοῦτο
1029 1605 1442 1675 καρποφορῆσαι
1490 1603 1632 1670 Θεῷ·
1685 1599 1776 1652 καὶ
1828 1599 1856 1652 ὁ
1905 1597 2032 1673 τρό-

363 1707 496 1755 πος,
543 1686 662 1748 οἷος
697 1705 714 1756 ;
748 1684 820 1740 Οὐ
866 1686 967 1762 γὰρ
1022 1685 1185 1759 μόνον
1237 1685 1306 1741 δι’
1365 1686 1581 1763 ἁγνείας
1634 1685 2030 1762 καθαρότητος,

367 1773 521 1830 ἀλλὰ
568 1773 666 1830 καὶ
726 1770 793 1829 δι’
847 1770 1101 1848 α’ίματος,
1159 1775 1249 1830 καὶ
1299 1775 1398 1831 οὐκ
1445 1773 1565 1830 ἄνευ
1610 1778 1718 1830 τῶν
1765 1773 2028 1852 μεγίστων

362 1862 664 1922 κινδύνων.

437 1978 510 2035 ς’.
566 1968 948 2046 Ἐστρατεύετο
1011 1971 1106 2045 μὲν
1159 1969 1248 2026 οὖν
1307 1968 1417 2042 ἤδη
1485 1974 1565 2044 τῷ
1619 1968 1766 2026 κάτω
1823 1969 2036 2046 βασιλεῖ

361 2061 456 2117 καὶ
510 2057 884 2138 ἐδορυφόρει,
941 2059 1154 2122 νεανίας
1233 2060 1401 2136 μέγας
1479 2057 1609 2115 ῗδεῖν
1668 2060 1756 2115 καὶ
1815 2059 1986 2122 καλὸς
2020 2110 2033 2136 ’

369 2144 611 2228 φοϐερὸς
673 2146 1059 2222 συμπλακῆναι
1108 2191 1124 2217 ,
1181 2154 1425 2225 γενναῖος
1465 2194 1482 2217 ,
1543 2149 1980 2224 ἀκαταγώνιστος
2018 2185 2034 2211 ,

369 2239 463 2295 καὶ
522 2241 694 2293 ταῦτα
748 2239 884 2312 πρὸς
939 2237 1068 2307 τοὺς
1129 2238 1442 2313 ὁρωμένους
1502 2236 1756 2314 ἐχθρούς·
1809 2234 2032 2310 δαίμοσι

369 2325 450 2396 δὲ,
517 2325 702 2402 ὥσπερ
775 2324 902 2402 δρᾷν
981 2326 1059 2390 εἷς
1128 2326 1323 2388 αὐτοὺς
1395 2328 1646 2404 πεφυκὼς
1714 2327 1804 2382 καὶ
1858 2325 2030 2390 πάθος

366 2416 574 2475 ἐκεῖθεν
633 2413 697 2469 οἱ»
754 2414 1129 2491 προσιέμενος,
1186 2411 1263 2471 ἔτι
1327 2414 1539 2488 μᾶλλον
1617 2410 1884 2492 ἐμϐριθὴς
1939 2413 2029 2470 καί

365 2507 595 2580 ἄμαχος
672 2503 763 2562 καὶ
816 2503 1108 2580 ἀπρόσιτος
1142 2547 1158 2562 .
1218 2503 1394 2560 Ἀλλά
1455 2503 1832 2578 μετατάττεται
1865 2550 1879 2576 ,
1935 2505 2024 2559 καὶ

361 2596 469 2665 τήν
535 2593 818 2669 στρατείαν
895 2592 1014 2648 ἀντὶ
1090 2592 1352 2668 Καίσαρος
1434 2598 1667 2649 ποιεῖται
1740 2597 1973 2670 Χριστοῦ
2008 2615 2020 2628 ·

365 2681 441 2738 ὢν
475 2682 579 2756 μὲν
609 2677 682 2751 δὴ
726 2681 818 2736 καὶ
866 2687 1082 2757 πρῶτον
1132 2686 1384 2758 Χριστοῦ,
1435 2680 1582 2738 ἀλλὰ
1626 2686 1713 2736 νῦν
1761 2682 2019 2738 τελεώτε-

366 2791 484 2846 ρον,
519 2768 605 2826 δτι
660 2767 811 2832 οὐδὲν
861 2767 1040 2826 ἐδίδου
1086 2769 1280 2844 κόσμῳ
1327 2769 1453 2826 οὐδὲ
1479 2776 1558 2844 τῷ
1593 2773 2015 2847 κοσμοκράτορι,

365 2858 520 2927 ἆλλᾶ
600 2860 774 2916 πάντα
856 2859 1033 2937 φέρων
1109 2859 1479 2934 προσανετίθει
1555 2865 1669 2933 Θεῷ
1703 2905 1716 2928 ,
1800 2859 1888 2916 ὅτε
1956 2860 2018 2915 οὐ

360 2948 622 3025 κρύπτων
700 2946 928 3004 διετέλει
999 2950 1089 3004 τὸν
1157 2949 1572 3024 Χριστιανισμὸν
1635 2947 1760 3006 οὐδὲ
1814 2950 2014 3021 τρόπον

366 3039 498 3110 τινὰ
549 3037 922 3114 σοφιζόμενος,
973 3036 1120 3092 ἀλλά
1175 3035 1516 3110 δημοσιεύων
1563 3039 1652 3093 καὶ
1709 3039 2012 3114 παρρησια-

369 3126 625 3201 ζόμενος.
681 3126 779 3181 Καὶ
829 3126 899 3182 τὰ
954 3127 1052 3199 μὲν
1111 3124 1176 3196 δὴ
1224 3127 1490 3202 προοίμια
1543 3135 1644 3198 τῆς
1706 3127 2012 3204 παρρησίας

371 3213 550 3287 αὑτῷ,
606 3215 739 3288 ὁρῶν
794 3216 886 3270 τὸν
960 3212 1200 3291 διωγμὸν
1279 3215 1460 3293 ὥσπερ
1514 3214 1795 3293 καταιγίδα
1849 3239 1949 3296 cepe
1982 3251 2010 3260 -

369 3280 864 3380 δρῶς-φερόμενον,
910 3302 1005 3358 καὶ
1054 3280 1254 3373 πάντας
1301 3280 1448 3374 πλὴν
1485 3280 1696 3381 ὀλίγων
1730 3280 2009 3379 καταλαμ-
2043 3280 2085 3347 C

361 3388 600 3448 ϐἀνοντα
645 3391 734 3446 καὶ
780 3396 889 3447 τῶν
944 3389 1249 3448 διωκόντων
1302 3399 1583 3466 ποιοῦντα,
1633 3396 1732 3466 τήν
1776 3415 1835 3449 τε
1865 3394 2016 3450 εὐσὲ-

359 3476 518 3536 ὄειαν
557 3480 994 3557 τυραννουμένην
1043 3481 1133 3535 καὶ
1177 3480 1304 3544 τοὺς
1351 3479 1583 3545 διώκτας
1649 3481 2018 3560 φιλονεικοῦν-

355 3592 481 3643 τας,
539 3567 725 3645 ὥσπερ
767 3574 873 3624 τῶν
928 3568 1194 3642 σωμάτων
1246 3569 1388 3626 οὕτω
1439 3569 1504 3640 δή
1555 3577 1766 3646 κρατεῖν
1793 3571 1881 3626 καὶ
1914 3575 2013 3646 ψυ-

353 3665 502 3736 χῶν,
537 3660 624 3723 αἷς
655 3659 784 3719 Θεὸς
829 3657 1154 3732 αὐτονομίαν
1201 3661 1430 3736 γνώμης
1473 3659 1795 3736 παρέσχετο,
1843 3667 2016 3741 θυμοῦ

360 3747 578 3806 δαιαίου
639 3748 730 3814 καὶ
788 3747 960 3818 ζήλου
1017 3746 1344 3821 πληροῦται⁸
1403 3750 1494 3804 καὶ
1550 3749 1724 3805 πάντα
1779 3748 2014 3826 μεγαλο-

356 3838 560 3913 ψύχως
609 3837 842 3907 ἑαυτοῦ,
889 3835 1126 3913 καθάπερ
1174 3837 1263 3892 καὶ
1311 3838 1364 3892 οἱ
1411 3839 1635 3913 πυγμὴν
1687 3839 1722 3907 ἢ
1771 3839 2014 3914 παγκρά-

357 3946 471 3983 τιον
527 3923 954 4000 ἀγωνιζόμενοι,
1004 3925 1331 4001 ἀπορρίψας,
1379 3926 1416 3994 ἢ
1470 3924 1682 3998 μᾶλλον
1714 3925 1881 3982 εἰπεῖν
1929 3924 2018 3983 διὰ

357 4020 465 4070 τῶν
544 4015 798 4084 πενήτων
871 4012 950 4076 εἷς
1027 4012 1285 4090 οὐρανοὺς
1361 4015 1726 4088 παραπέμψας
1761 4061 1775 4086 ,
1848 4015 2012 4086 μόνον

360 4104 541 4175 laxum-9
566 4100 888 4174 καταλείπει
913 4102 977 4157 τὸ
1025 4106 1204 4177 σῶμα,
1257 4104 1304 4176 ᾦ
1337 4100 1618 4180 διενεγκεῖν
1643 4104 1734 4158 τὸν
1770 4103 2015 4179 πόλεμον

359 4189 624 4265 ἔμελλεν.

429 4392 495 4458 ζ’.
527 4387 649 4446 Εἶθ’
703 4388 780 4450 ὡς
833 4387 895 4443 ἂν
953 4386 1128 4462 ἑαπῷ
1187 4387 1749 4467 μεγαλοπρεπέστερον
1792 4390 1855 4446 τὸ
1892 4391 2014 4446 θέα-

356 4499 485 4555 τρον
517 4476 767 4554 γενηται,
818 4477 907 4532 καὶ
962 4476 1173 4549 μᾶλλον
1217 4479 1513 4556 περιφανὴς
1547 4480 1576 4534 ὁ
1607 4479 1775 4553 ἀγὼν,
1806 4481 2015 4556 ἡμέραν

360 4565 704 4642 ἐπιτηρήσας
755 4564 808 4620 ἐν
938 4563 1262 4639 δημοτελῶς
1305 4567 1574 4643 ἑορτάζειν
1623 4564 1749 4639 ἔδει,
1799 4566 1904 4623 ἔδει
1957 4567 2015 4624 δὲ

2144 1604 2384 1676 que,sed
2408 1605 2584 1658 etiam
2601 1617 2702 1673 per
2723 1599 3030 1674 sanguinis
3049 1595 3574 1662 eﬁ‘usionem,inter
3596 1593 3783 1650 multa

2143 1693 2515 1764 maximaque
2556 1689 2914 1748 discrimina.

2214 1979 2268 2034 6.
2301 1977 2587 2034 Militabat
2615 1977 2712 2033 ille
2751 1977 3005 2049 primum
3067 1977 3296 2030 terreno
3327 1972 3447 2045 regi
3501 1975 3560 2028 et
3617 1986 3786 2030 arma

2144 2068 2386 2136 ferebat,
2435 2067 2670 2140 juvenis
2724 2069 2960 2138 aspectu
3018 2062 3256 2136 grandis
3305 2065 3480 2134 atque
3511 2061 3779 2128 decorus,

2144 2173 2460 2230 congressu
2527 2154 2952 2221 formidabilis,
3031 2151 3447 2224 insuperabilis
3509 2151 3779 2206 hostibus

2141 2246 2470 2302 visibilibus
2498 2265 2511 2314 ;
2545 2248 2745 2302 contra
2766 2246 3058 2299 daemones
3079 2259 3234 2312 vero,
3257 2241 3357 2296 ubi
3387 2256 3520 2295 cum
3552 2241 3624 2295 iis
3657 2257 3779 2295 rem

2143 2335 2358 2392 habere
2398 2336 2588 2408 cmpit,
2625 2333 2771 2388 nihil
2823 2333 2895 2388 ab
2952 2332 3033 2387 eis
3067 2331 3317 2403 patiens,
3375 2329 3559 2385 multo
3591 2329 3780 2385 adhuc

2139 2424 2328 2497 magis
2359 2429 2635 2480 constans
2667 2429 2724 2479 et
2781 2421 3033 2477 invictus
3071 2420 3360 2492 apparuit.
3394 2419 3657 2474 Tandem
3689 2423 3776 2473 ta—

2136 2528 2270 2568 men
2297 2513 2519 2568 militiae
2545 2529 2730 2586 genus
2754 2511 3205 2581 mutavit,seque
3229 2508 3548 2564 aCaesareis
3570 2507 3778 2563 castris

2135 2602 2205 2657 ad
2230 2602 2443 2658 Christi
2468 2602 2637 2674 signa
2667 2599 2970 2655 transtulit
2999 2616 3012 2654 ε
3039 2616 3153 2654 non
3182 2599 3346 2670 quasi
3369 2598 3442 2652 ab
3474 2597 3638 2652 initio
3661 2613 3778 2653 non

2131 2681 2340 2747 fuisset
2369 2691 2588 2747 eisdem
2623 2690 2912 2755 addictUs,
2966 2689 3065 2743 sed
3099 2692 3237 2742 tunc
3278 2686 3574 2758 pefectiori
3602 2685 3776 2758 longe

2130 2782 2300 2836 modo
2333 2781 2390 2835 id
2423 2780 2556 2848 fuit,
2587 2779 2819 2850 quando
2843 2777 2988 2832 nihil
3029 2777 3270 2842 mundo,
3304 2776 3447 2830 nihil
3475 2776 3773 2832 mundano

2126 2870 2464 2941 imperatori
2497 2870 2741 2935 donans,
2785 2868 2984 2922 omnia
3031 2865 3243 2921 detulit
3272 2865 3597 2936 obtulitque
3627 2866 3766 2920 Deo.

2126 2963 2330 3030 Itaque
2359 2957 2811 3012 Christianitatis
2863 2955 3098 3010 titulum
3152 2971 3266 3010 non
3297 2954 3548 3009 habebat
3577 2954 3768 3010 occul-

2124 3054 2272 3116 tum,
2307 3052 2406 3103 aut
2433 3047 2686 3119 quadam
2720 3045 2944 3100 ratione
2993 3043 3431 3100 dissimulatum
3463 3062 3476 3109 ;
3513 3045 3611 3098 sed
3649 3060 3757 3114 pu-

2123 3137 2270 3191 blice
2301 3152 2435 3190 eum
2487 3134 2754 3206 vulgans,
2804 3133 3051 3187 ﬁdenter
3106 3132 3504 3203 proﬁtebatur.
3539 3131 3761 3186 Princi-

2124 3225 2288 3296 pium
2318 3227 2516 3278 autem
2545 3221 2915 3293 experiundae
2938 3219 3274 3275 constantiae
3305 3219 3416 3291 ipsi
3451 3219 3579 3284 fuit,
3604 3220 3760 3290 quod

2123 3313 2326 3368 videns
2374 3310 2839 3383 persecutionem
2897 3309 3084 3364 instar
3114 3306 3373 3380 procellae
3427 3307 3562 3362 ferri
3591 3307 3764 3363 vehe-

2126 3402 2404 3467 mentius,
2456 3404 2512 3455 et
2569 3399 2771 3472 paucis
2828 3398 3079 3470 exceptis
3135 3413 3338 3452 omnes
3394 3413 3541 3468 pene
3595 3397 3665 3451 ab
3697 3413 3766 3452 ea

2126 3489 2539 3561 comprehendi
2571 3493 2745 3560 atque
2802 3485 3268 3559 persecutoribus
3316 3485 3546 3556 subjici,
3582 3485 3760 3556 pieta-

2124 3581 2242 3634 tem
2274 3594 2405 3633 vero
2438 3593 2540 3649 per
2569 3575 2934 3647 tyrannidem
2987 3575 3194 3646 premi,
3227 3574 3402 3645 idque
3430 3574 3524 3646 agi
3555 3579 3621 3628 ut
3650 3591 3765 3630 non

2123 3671 2352 3722 tantum
2379 3665 2720 3736 corporibus
2742 3663 2832 3719 vis
2854 3662 3294 3733 inferretur,sed
3319 3661 3493 3716 etiam
3516 3666 3762 3730 mentes,

2125 3772 2271 3827 quas
2319 3754 2412 3810 sui
2462 3753 2686 3808 arbitrii
2716 3768 2844 3807 esse
2874 3750 3056 3807 voluit
3084 3751 3258 3820 Deus,
3291 3751 3766 3822 pertraherentur

2124 3845 2185 3900 in
2224 3843 2586 3909 servitutem,
2619 3840 3022 3914 indignatione
3047 3841 3210 3910 justa
3237 3856 3301 3894 ac
3330 3839 3450 3894 zelo
3481 3839 3762 3912 impletus

2124 3933 2240 3990 sit:
2274 3934 2645 4003 quapropter,
2677 3929 2833 3985 velut
2861 3928 3079 3983 luctam
3112 3945 3439 4000 pugnamve
3462 3928 3772 4000 ingressu:

2125 4038 2246 4088 rus,
2308 4036 2521 4092 magno
2570 4018 2764 4074 animo
2827 4021 3036 4074 cuncta
3098 4017 3310 4088 abjecit
3356 4021 3610 4084 externa,
3661 4021 3763 4072 aut

2121 4110 2316 4168 verius
2345 4125 2449 4182 per
2480 4125 2691 4166 manus
2721 4123 3043 4179 pauperum
3074 4105 3404 4162 transmisit
3432 4106 3490 4160 in
3522 4105 3759 4177 paradi-

2124 4216 2278 4267 sum,
2311 4203 2376 4254 ut
2403 4197 2596 4254 solum
2630 4196 2742 4253 sibi
2774 4212 2985 4268 corpus
3014 4199 3288 4266 servaret,
3337 4186 3500 4267 quod
3534 4195 3758 4251 nudum

2121 4293 2246 4346 erat
2273 4288 2644 4361 expositurus
2673 4285 2998 4342 certamini.

2190 4397 2246 4450 7.
2281 4395 2497 4451 Deinde
2526 4398 2592 4450 ut
2621 4393 2915 4449 theatrum
2948 4407 3181 4464 quoque
3210 4407 3272 4447 se
3301 4390 3545 4461 dignum
3575 4389 3758 4445 hahe-

2123 4490 2212 4542 ret
2239 4489 2296 4540 et
2340 4484 2526 4556 magis
2576 4482 2804 4537 illustre
2858 4481 3135 4550 stadium,
3199 4479 3523 4535 observavit
3578 4479 3754 4547 diem,

2125 4591 2242 4646 qua
2301 4573 2604 4645 oportebat
2650 4569 2950 4643 publicum
2999 4568 3090 4641 agi
3148 4569 3386 4635 festum,
3445 4567 3758 4638 ipsumque

359 4656 449 4711 καί
535 4653 936 4724 Διοκλητιανὸν
1024 4655 1182 4710 αὐτὸν
1257 4662 1500 4732 παρεῖναι
1582 4662 1701 4720 τοῖς
1773 4656 2007 4728 πλήθεσι

2129 4645 2539 4719 ljiocletianum
2563 4661 2766 4716 adesse
2789 4656 3408 4723 multitudini,festivae
3440 4655 3754 4712 hilaritatis

362 4744 794 4821 συνεορτάζοντα
825 4787 840 4813 ,
890 4741 1069 4817 ὥσπερ
1120 4742 1260 4799 λέων
1313 4747 1484 4800 πάντα
1548 4744 2009 4822 προδεικνόμενος

362 4829 595 4909 σοϐαρὰ,
658 4829 821 4904 εἶδος,
888 4831 1160 4910 φρόνημα,
1227 4830 1483 4909 βάδισμα,
1537 4840 1644 4912 πῦρ
1697 4856 1758 4890 τε
1812 4835 2008 4905 πνέων,

361 4923 453 4980 καὶ
513 4920 946 4998 βλοσσυρότερον
998 4917 1347 4998 περιϐλέπων
1374 4967 1389 4993 ,
1444 4921 1694 4997 εἷ’σεισιν,
1751 4924 2010 4996 ἀπτοήτῳ

362 5012 583 5086 γνώμῃ,
645 5009 874 5087 λαμπρᾷ
933 5014 1002 5082 τῇ
1075 5010 1226 5086 των-ᾖ
1253 5056 1268 5082 ,
1325 5011 1676 5088 ἀνακηρότων
1737 5014 1963 5090 Χριστὸν
1993 5060 2006 5086 ,

367 5099 716 5174 μυκτηρίζων
747 5098 873 5162 τοὺς
916 5096 1214 5173 δαίμονας(
1258 5102 1323 5155 Ὢ
1370 5105 1552 5178 ψυχῆς
1599 5101 1804 5174 ἐκείνης
1857 5101 2010 5175 ζήλῳ

365 5194 498 5246 Θισῦ
541 5187 1004 5261 κατεσθιομὲνηςί
1039 5185 1084 5242 ὣ
1128 5192 1263 5244 Θεοῦ
1319 5188 1540 5263 ἔρωτος,
1588 5189 1730 5245 οὕτω
1780 5188 2010 5269 φλέγον-

363 5299 454 5339 τος
509 5277 601 5333 καὶ
659 5277 804 5333 οὕτω
860 5281 1137 5338 κινοῦντος
1211 5276 1338 5340 τοὺς
1410 5277 1675 5354 ἐραστάςί
1734 5278 1823 5340 Τίς
1879 5299 2012 5332 ποτε

365 5372 622 5422 τοσοῦτον
679 5365 900 5438 ἐξετάκη
966 5365 1183 5441 βλέπων
1242 5365 1622 5428 ἀωνετοῦντας
1657 5386 1670 5436 ;
1702 5367 1785 5428 τίς
1829 5371 2011 5422 τοιοῦ-

363 5478 449 5512 τον
507 5455 775 5532 φρόνημα
841 5455 982 5510 κατά
1058 5455 1242 5530 καιρὸν
1322 5452 1654 5524 ἐπεδείξατος
1730 5453 1812 5516 τίς
1879 5455 2013 5509 κατά

371 5546 523 5624 λόγον
554 5542 1010 5621 ἧνδραγαθήσατο
1045 5563 1059 5602 :
1092 5541 1252 5598 Οὐδὲν
1298 5543 1421 5599 τότε
1468 5545 1557 5598 τὸν
1602 5543 1754 5598 τόνον
1806 5543 2009 5619 ἐχάλα-

369 5657 468 5704 πν,
519 5634 585 5690 οὗ
624 5635 730 5703 τήν
772 5631 1080 5710 προθυμίαν
1127 5627 1429 5706 ἤμϐλυνεν,
1483 5632 1583 5687 οὐκ
1629 5630 1848 5688 ἀπειλαὶ
1890 5653 2013 5710 φρι-

365 5723 554 5790 κώδεις
587 5723 646 5780 α⁴ί
676 5724 815 5779 κατὰ
841 5726 952 5778 τῶν
1007 5715 1239 5777 εὐσεϐεῖν
1290 5721 1582 5802 ᾑρημένων
1610 5722 1883 5802 ἐφεροντο,
1917 5722 2014 5779 οὐκ

2118 4751 2482 4826 participem.
2569 4751 2732 4804 Tunc
2789 4746 3009 4803 scilicet
3061 4745 3247 4801 leonis
3303 4745 3488 4800 instar
3544 4746 3751 4813 fronte,

2118 4839 2323 4908 oculis,
2356 4840 2590 4895 incessu
2621 4836 3164 4909 magnanimitatem
3203 4833 3550 4890 ostentantis
3581 4838 3756 4906 atque

2117 4930 2312 5002 ignem
2327 4927 2606 5000 spirantis
2627 4929 2685 4981 et
2702 4930 2860 4980 torve
2880 4924 3754 4995 circumspectantis,ingressus

2118 5022 2208 5075 est
2254 5021 2445 5072 mente
2489 5013 2897 5086 imperterrita,
2957 5017 3015 5068 et
3066 5011 3221 5067 clora
3269 5028 3406 5068 voce
3453 5011 3753 5068 Christum

2119 5106 2463 5179 praedicans,
2494 5105 2904 5174 dacmonesque
2934 5101 3328 5157 subsannans.
3387 5101 3431 5156 Ο
3491 5100 3752 5156 animam

2119 5194 2314 5250 divino
2373 5195 2715 5248 aestuantem
2764 5189 2920 5245 zelo!
2955 5207 2986 5244 ο
3034 5205 3291 5265 amorem
3333 5189 3434 5244 Dei
3467 5189 3549 5244 sic
3580 5205 3752 5243 uren-

2119 5290 2258 5350 tem,
2303 5283 2384 5338 sic
2432 5284 2758 5336 moventem
2821 5279 3130 5334 amantes!
3181 5279 3321 5343 Quis
3361 5295 3622 5350 unquam
3674 5278 3757 5333 ita

2118 5373 2307 5428 elatus
2337 5371 2660 5426 est-videns
2709 5367 3149 5424 idololatrarum
3203 5367 3519 5422 amentiam
3548 5366 3575 5420 ?
3621 5366 3755 5438 quis

2121 5460 2295 5515 talem
2326 5476 2428 5530 pro
2457 5462 2716 5529 tempore
2759 5457 3016 5527 praetulit
3041 5456 3387 5528 sapientiam
3419 5456 3446 5510 ‘?
3494 5455 3627 5526 quis
3654 5471 3755 5526 pro

2120 5548 2340 5603 ratione
2371 5547 2486 5618 egit
2517 5551 2637 5600 tam
2679 5545 3000 5618 generose?
3028 5544 3183 5599 Nihil
3237 5550 3359 5599 erat
3389 5545 3543 5615 quod
3575 5544 3754 5598 animi

2119 5636 2312 5692 laxare
2345 5635 2749 5698 intentionem,
2797 5633 2943 5689 nihil
2992 5635 3145 5706 quod
3196 5634 3379 5688 aciem
3430 5638 3628 5705 posset
3657 5633 3759 5688 oh-

2121 5726 2365 5782 tundere
2418 5741 2429 5778 :
2483 5741 2596 5779 non
2658 5722 2967 5779 horribiles
3035 5723 3204 5777 mina:
3267 5725 3466 5778 contra
3527 5720 3759 5794 pietatis
