4118 6440
377 427 491 490 3οη

1396 423 1705 487 GEORGII
1751 422 2015 486 CYPRII
2060 421 2177 500 CP.
2221 421 2745 486 PATRIARCHE

3645 421 3770 487 308

379 561 696 615 sectatores
716 556 1093 630 promulgata:
1119 575 1131 627 ;
1167 575 1280 615 non
1311 559 1533 630 species
1561 559 1729 615 variae
1758 564 2011 615 tormen-

2141 552 2239 626 ιῖδη
2299 555 2676 630 κολαστηρίων
2751 555 2802 610 ἐν
2866 552 3171 634 ὀφθαλμοῖς
3245 559 3473 611 παντοῖα
3543 554 3762 633 προκεί-

379 653 594 710 torum.
626 648 810 703 oculis
839 649 1106 718 objectzr;
1141 666 1254 702 non
1316 649 1596 703 memoria
1643 649 2010 703 cruciatuum

376 740 653 792 adversus
683 742 916 792 sanctos
947 737 1187 792 antehac
1217 739 1804 809 excogitatorum,qui
1837 738 2014 792 etiam

377 827 488 898 ipsi
521 830 687 881 erant
715 827 1004 881 subeundi
1036 845 1049 893 ;
1084 844 1196 881 non
1228 827 1358 898 ipsa
1385 828 1723 882 eorumdem
1753 826 2014 882 toleran-

374 916 493 982 tia;
527 932 640 970 non
673 920 889 970 mortes
918 916 1564 986 diversimodaa,quibus
1591 915 1789 970 ﬁdeles
1813 917 1884 970 ab
1907 916 2015 970 hac

371 1005 492 1059 vita
540 1003 977 1076 expellebantur
1019 1004 1336 1058 violenter:
1379 1005 1652 1058 omnibus
1699 1004 1854 1058 enim
1889 1002 2017 1059 istis

373 1091 549 1147 altius
572 1098 826 1147 mentem
851 1093 1240 1159 extulit,velut
1262 1093 1310 1147 si
1333 1098 1494 1147 extra
1513 1110 1726 1164 corpus
1758 1093 2014 1165 positus,

374 1182 654 1239 adversus
683 1181 974 1236 culturam
1005 1181 1337 1236 daemonum
1366 1182 1582 1237 initum
1601 1188 1755 1237 esset
1783 1198 2018 1253 genero-

377 1288 511 1326 sum
542 1275 856 1327 certamen.
879 1275 1039 1325 Hanc
1071 1271 1248 1325 animi
1283 1271 1682 1325 fortitudinem
1715 1271 2019 1325 exhorrue-

378 1365 519 1416 runt
547 1361 925 1425 daamones,et
957 1375 1160 1414 omnes
1181 1359 1606 1414 daemoniorum
1639 1358 1930 1426 cultores;
1960 1360 2017 1412 in

376 1448 485 1505 hac
516 1448 627 1504 sibi
653 1448 1129 1520 complacuerunt
1157 1449 1228 1503 de
1257 1448 1398 1502 cmlo
1431 1448 1641 1520 angeli,
1685 1453 1742 1503 et
1771 1449 2022 1520 desuper

384 1542 741 1609 spectatores
800 1537 1004 1609 agonis
1054 1539 1181 1608 ejus
1235 1537 1368 1592 facti
1399 1538 1633 1592 beatum
1669 1537 2021 1609 praedicave-

378 1631 554 1696 runt;
624 1626 743 1681 haec
787 1626 1206 1682 Diocletianum
1257 1626 1536 1692 confudit,
1590 1627 1690 1697 qui
1749 1626 2020 1681 ﬁduciam

377 1721 605 1773 tantam
638 1732 814 1772 suum
843 1731 972 1772 esse
1003 1717 1342 1786 despectum
1374 1714 1811 1788 interpretatus,
1831 1716 2023 1771 furore

379 1809 437 1862 et
466 1804 869 1876 indignatione
901 1805 1159 1876 repletus
1189 1808 1300 1859 est.

449 1895 502 1947 8.
537 1895 670 1958 Quae
703 1909 872 1965 porro
904 1897 1218 1948 consecuta
1246 1896 1404 1961 sunt,
1439 1892 1679 1964 majoris
1710 1893 2020 1962 cujusdam

385 1999 562 2055 quam
605 1982 878 2038 humanae
905 1982 1138 2038 virtutis
1165 1997 1396 2054 eguere,
1431 1986 1495 2036 ut
1523 1987 1813 2037 certamen
1845 1999 2022 2036 suum

383 2075 581 2144 posset
611 2072 858 2127 Sanctus
888 2086 1075 2142 usque
1105 2072 1175 2125 ad
1200 2072 1376 2125 ﬁnem
1409 2070 1668 2142 exsequi.
1699 2070 1838 2135 Quis
1867 2069 2022 2126 enim

384 2161 577 2217 verbis
608 2160 964 2216 sufﬁcienter
1019 2159 1390 2231 explicaverit
1445 2163 1544 2213 aut
1592 2159 2022 2214 immanitatem

386 2248 808 2321 torquentium,
833 2254 934 2303 aut
956 2248 1353 2303 fortitudinem
1384 2248 1668 2319 Martyris,
1699 2265 1814 2319 qua
1845 2246 2024 2303 obﬁr-

389 2339 662 2394 mabatur
691 2339 761 2392 ad
793 2337 1067 2408 pericula,
1093 2337 1280 2408 iisque
1311 2337 1620 2392 resistebat
1652 2354 1831 2408 supra
1861 2340 2027 2390 natu-

388 2446 465 2483 ra:
495 2427 824 2482 communis
854 2443 1191 2482 mensuram
1222 2426 1249 2480 ?
1281 2427 1488 2481 Beatus
1538 2426 1647 2481 Job
1680 2426 2028 2498 prazdicatur

386 2522 671 2588 tanquam
695 2516 1000 2572 hominum
1023 2515 1491 2588 patientissimus
1513 2515 2028 2586 generosissimus-

389 2623 548 2678 que:
585 2607 682 2661 sed
734 2605 974 2661 tentatio
1027 2609 1229 2659 contra
1266 2621 1444 2674 quam
1507 2604 1862 2676 depugnavit
1918 2605 2030 2661 fuit

391 2693 814 2760 involuntaria;
856 2693 1174 2765 requisitas
1229 2693 1384 2748 enim
1432 2697 1489 2748 et
1536 2693 1786 2748 traditus
1847 2695 1956 2749 fuit
2012 2711 2024 2748 :

394 2785 493 2856 qui
525 2788 718 2839 autem
752 2783 865 2838 ista
893 2783 1194 2851 sustinuit,
1226 2783 1486 2854 seipsum
1516 2783 1575 2837 in
1611 2800 1820 2837 manus
1850 2789 2029 2839 torto-

392 2890 524 2928 rum
554 2872 734 2940 dedit,
766 2871 1034 2927 inventus
1064 2876 1121 2927 et
1148 2871 1380 2927 oblatus
1418 2887 1604 2942 neque
1635 2872 2031 2942 qurerentibus

395 2977 585 3034 neque
627 2961 960 3033 petentibus
1007 2976 1162 3016 eum.
1212 2961 1298 3015 Ad
1342 2965 1668 3015 extremum
1710 2976 1844 3015 vero
1876 2959 2032 3016 labo-

398 3069 532 3107 rum
557 3052 684 3122 ejus
714 3067 829 3106 non
860 3049 1140 3122 paulatim
1170 3048 1391 3104 inflicta
1435 3054 1524 3103 est
1553 3048 1744 3121 plaga,
1776 3049 1951 3104 veluti
1983 3049 2032 3104 si

399 3141 471 3196 ad
504 3139 843 3212 patientiam
876 3138 1090 3210 praeliis
1147 3137 1460 3194 levioribus
1490 3142 1888 3205 exerceretur;
1929 3139 2030 3194 sed

396 3233 679 3306 tanquam
710 3227 1201 3300 generosissimus
1232 3231 1408 3298 atque
1450 3225 1892 3298 expertissimus
1922 3227 2031 3281 mi-

2127 666 2278 717 μενα,
2311 644 2376 698 οὖ
2423 648 2615 717 μνήμη
2678 645 2920 720 βασάνων
2967 645 3022 698 αἳ
3070 651 3186 707 τοῖς
3237 645 3600 723 προειληφόσι
3657 650 3765 700 τῶν

2125 735 2292 810 ἁγίων
2328 734 2643 810 ἐπήχθησαν
2677 735 2762 787 καὶ
2813 733 2969 788 αὐτὸν
3021 731 3362 810 διαδέχεσθαι
3414 732 3673 807 ἔμελλον,
3707 734 3769 789 ού

2122 825 2189 878 τά
2245 822 2455 878 ἐκείνων
2515 824 2833 895 παθήματα,
2891 823 2999 898 οὐχ
3054 823 3103 878 οἳ
3156 824 3373 878 θάνατοι
3422 824 3492 877 δι’
3543 825 3616 878 ὧν
3664 828 3773 878 τῶν

2125 912 2403 987 παρόντων
2480 912 2672 986 βιαίως
2749 911 3028 981 ἐξέστησαν
3064 929 3077 942 ⁸
3136 912 3347 966 πάντων
3407 909 3466 966 δὲ
3525 912 3772 987 ὑπεράνω

2127 1003 2324 1070 στήσας
2381 1001 2479 1068 τὴν
2537 1001 2786 1074 γνώμην,
2845 1000 2990 1062 ὅστις
3046 1005 3155 1054 τῶν
3213 998 3314 1071 ἔξω
3370 1002 3645 1074 σώματος,
3680 1001 3774 1055 ἀν-

2129 1087 2432 1163 δρικώτατα
2507 1087 2862 1144 ἐπαποδύεται
2939 1090 3073 1144 κατά
3147 1093 3244 1159 τῆς
3319 1094 3424 1144 τῶν
3497 1087 3775 1163 δαιμόνων

2126 1185 2292 1250 τιμῆς
2327 1219 2338 1231 .
2398 1182 2565 1232 T0610
2638 1178 2701 1232 16
2773 1179 3028 1256 φρόνημα
3103 1175 3357 1252 δαίμονες
3412 1176 3626 1256 ἔφριξαν
3683 1178 3773 1233 καὶ

2127 1265 2321 1328 πάντες
2401 1267 2452 1320 οἱ
2510 1264 2781 1338 δαιμόνων
2838 1267 3180 1340 θεραπευταί·
3242 1271 3401 1322 τοῦτο
3459 1267 3510 1321 οἱ
3567 1266 3619 1322 ἐν
3678 1265 3772 1321 ού-

2130 1360 2311 1432 ρανοῖς
2368 1353 2667 1429 ᾐδέσθησαν
2727 1353 2973 1432 ἄγγελοι,
3028 1356 3116 1410 καὶ
3173 1356 3374 1419 ἄνωθεν
3437 1367 3620 1419 θεαται
3673 1359 3770 1410 τοῦ

2131 1445 2332 1520 ἀγῶνος
2392 1443 2790 1519 προκόπτοντες
2851 1442 3175 1520 ἐμακάρισαν
3212 1463 3225 1476 ·
3283 1448 3443 1498 τοῦτο
3498 1443 3588 1498 καὶ
3646 1451 3769 1499 Διο-

2128 1532 2420 1603 κλητιανὸς
2466 1534 2790 1608 αἰσχυνθεὶς,
2838 1531 2927 1587 καί
2983 1532 3380 1611 καταφρόνησιν
3433 1533 3624 1588 ἑαυτοῦ
3668 1534 3768 1602 τήν

2130 1621 2432 1697 παρρησίαν
2519 1620 2835 1701 ὑπειληφὼς
2871 1667 2885 1694 ,
2953 1621 3180 1696 ἀθυμίας
3259 1622 3596 1696 ἐμπίπλαται
3681 1620 3771 1678 καί

2132 1715 2327 1784 θυμοῦ.

2203 1891 2273 1959 η’.
2307 1890 2382 1943 Τὰ
2431 1886 2488 1944 δὲ
2537 1889 2773 1954 ἐντεῦθεν
2823 1889 3071 1963 μείζονός
3139 1911 3287 1952 τινος
3334 1887 3440 1946 ἔδει
3494 1887 3773 1962 δυνάμεως

2131 1978 2166 2047 ἢ
2199 1976 2564 2054 ἀνθρωπίνης,
2616 1977 2754 2032 ὥστε
2792 1974 2882 2032 διὰ
2926 1977 3121 2040 τέλους
3159 1976 3319 2048 ἀξίως
3364 1977 3582 2055 ἰσχῦσαι
3638 1975 3776 2049 διεξ-

2135 2065 2268 2121 ιέναι
2319 2067 2418 2135 τήν
2479 2064 2727 2138 ἄθλησιν.
2787 2071 2911 2129 Πῶς
2969 2065 3027 2122 ἄν
3085 2088 3169 2129 τις
3211 2065 3406 2128 ἱκανῶς
3455 2065 3651 2137 ἐξείποι
3697 2071 3780 2139 τῷ

2133 2153 2290 2229 λόγῳ
2347 2155 2382 2224 ἢ
2436 2159 2543 2209 τῶν
2603 2153 2948 2224 κολαζόντων
3006 2156 3106 2224 την
3157 2154 3477 2230 ἀγριότητα,
3509 2153 3779 2224 ἢέκείνου

2131 2244 2229 2311 τὴν
2262 2244 2563 2318 καρτερίαν,
2629 2246 2741 2316 μεθ’
2799 2245 2866 2313 ἧς
2924 2241 3127 2320 ἔρρωτο
3175 2246 3310 2299 κατά
3350 2248 3455 2298 τῶν
3488 2242 3770 2316 κινδύνων,

2133 2331 2222 2385 καὶ
2270 2331 2510 2406 ἀντεῖχεν
2572 2332 2703 2404 ὑπὲρ
2750 2332 2817 2386 τά
2865 2333 3032 2408 μέτρα
3075 2340 3175 2402 τῆς
3222 2332 3430 2410 φύσεως
3483 2333 3628 2403 ;Τὸν
3683 2335 3778 2407 μὶν

2137 2420 2204 2488 δὴ
2241 2422 2499 2496 μακάριον
2562 2417 2686 2477 Ἰὼϐ
2738 2422 3108 2497 γενναιότατον
3159 2421 3457 2497 ἀνθρώπων
3515 2423 3603 2476 καὶ
3652 2443 3782 2497 καρ-

2134 2510 2491 2583 τερικώτατον
2574 2511 2964 2587 ἀναγράφουσιν
3011 2529 3024 2541 ·
3112 2508 3237 2566 ἀλλ’
3319 2511 3348 2564 6
3432 2512 3729 2586 πειρασμὸς
3766 2556 3781 2580 ,

2137 2599 2271 2675 πρὸς
2319 2598 2375 2652 ὃν
2436 2597 2712 2668 ἐπάλαιεν,
2762 2599 3015 2662 ἀκούσιος
3066 2600 3132 2668 ἦν
3189 2599 3492 2670 (ἐξαιτεῖται
3532 2601 3635 2675 γὰρ
3691 2600 3781 2654 καὶ

2138 2684 2538 2761 παραδίδοται)·
2601 2689 2629 2743 6
2685 2686 2742 2742 δὲ
2799 2688 2972 2763 φέρων
3034 2687 3216 2743 ἐαυτὸν
3283 2685 3590 2761 παρέδωκεν
3663 2694 3782 2750 ταῖς

2144 2779 2509 2852 βασανισταῖς,
2558 2778 2632 2849 μή
2691 2782 2911 2848 ζητοῦσι
2964 2775 3094 2850 μηδ’
3141 2777 3480 2854 ἐπερωτῶσιν
3539 2775 3782 2852 εὑρισκό-

2144 2885 2306 2939 μενος
2337 2866 2426 2920 καὶ
2458 2865 2904 2944 ἐμφανιζόμενος⁶
2952 2863 3028 2929 εἵς
3060 2887 3119 2920 τε
3163 2867 3254 2922 τὸν
3302 2864 3528 2942 ἔσχατον
3581 2865 3783 2920 ἐκείνου

2139 2957 2244 3008 τῶν
2279 2953 2456 3008 ἄθλων
2487 2955 2586 3022 τήν
2637 2954 2858 3030 πληγήν
2908 2954 2971 3010 ού
3000 2954 3135 3009 κατά
3168 2955 3360 3029 μικρὸν
3388 2952 3650 3031 προῆλθε,
3679 2955 3780 3022 τὴν

2142 3043 2422 3117 καρτερίαν
2483 3043 2595 3098 οἷον
2653 3042 2703 3098 ἐν
2763 3048 2879 3105 τοῖς
2931 3042 3178 3098 ἐλάττοσι
3233 3041 3732 3120 προπαιδευόμενος
3768 3089 3784 3114 ,

2141 3129 2270 3186 ἀλλ’
2301 3133 2375 3194 ὡς
2419 3129 2472 3186 εἷ’
2510 3153 2594 3194 τις
2647 3132 3023 3207 γενναιότατος
3071 3133 3213 3206 ὁμοῦ
3260 3134 3349 3187 καὶ
3400 3131 3787 3209 ἐμπειρότατος

2145 3221 2384 3277 ὁπλιτων
2415 3226 2531 3284 τοῖς
2566 3222 2842 3296 μεγίστοις
2887 3219 3154 3284 κινδύνοις
3206 3220 3264 3276 ἐκ
3313 3221 3617 3298 προοιμίων
3667 3220 3790 3291 ἐνή-

394 3317 502 3386 les,
526 3299 831 3372 i'maximis
904 3316 1103 3370 statim
1154 3331 1187 3369 a
1245 3314 1531 3387 principio
1591 3315 2029 3370 discriminibus

2144 3308 2299 3381 λατο,
2350 3309 2380 3365 6'
2426 3331 2483 3365 τε
2537 3310 2804 3387 πειράζων
2855 3309 3096 3382 ἐνταῦθα,
3147 3310 3192 3366 εἰ
3247 3309 3336 3365 καὶ
3385 3309 3668 3388 ἄνθρωπος
3696 3311 3789 3384 ἧν,

395 3410 486 3462 est
532 3406 834 3477 objectus;
873 3408 938 3458 ut
979 3404 1114 3458 inde
1160 3403 1621 3476 experimentum
1680 3408 2030 3472 sumeretur,

395 3499 596 3550 utrum
624 3495 800 3550 homo
829 3497 984 3548 esset
1003 3492 1091 3547 vel
1123 3493 1456 3548 communis
1478 3493 1784 3549 nobiscum
1815 3496 2034 3548 natura:

395 3584 707 3655 particeps.

464 3673 519 3724 9.
553 3670 950 3727 Diocletianus
969 3685 1104 3725 vero
1136 3669 1289 3726 intra
1318 3687 1380 3726 se
1412 3670 1665 3726 habebat
1695 3671 2032 3726 daemonum

395 3759 766 3815 incitantium
797 3759 1145 3830 legionem,a
1173 3759 1408 3830 quibus,
1439 3759 1572 3815 licet
1601 3760 1870 3829 Martyris
1895 3776 2030 3815 con-

398 3848 673 3904 stantiam
704 3847 940 3918 ipsimet
961 3848 1452 3919 obstupescerent,
1475 3848 1751 3904 furiosius
1782 3865 2033 3904 commo-

395 3937 658 4004 vebatur,
705 3941 770 3991 ut
815 3937 1093 4007 suspendi
1151 3952 1284 3991 eum
1333 3941 1390 3991 et
1433 3937 1732 3992 dirissima
1787 3954 2033 4009 qumque

391 4027 628 4098 juberet
657 4025 877 4097 perpeti
911 4043 925 4079 :
960 4025 1242 4097 quidquid
1274 4030 1468 4081 autem
1509 4025 1709 4096 jussit,
1757 4026 2034 4083 continuo

401 4114 758 4172 exsecutioni
786 4114 1127 4169 mandatum
1159 4118 1263 4170 est.
1301 4115 1778 4187 Suspendebatur
1805 4115 1863 4169 in
1895 4133 2032 4172 con-

400 4207 602 4276 spectu
643 4202 930 4271 omnium,
970 4202 1402 4271 verberabatur,
1451 4203 1781 4259 laniabatur
1813 4223 1827 4272 ;
1863 4211 2032 4260 conto

399 4293 648 4364 denique
677 4308 781 4364 per
807 4295 1068 4347 ventrem
1115 4295 1243 4346 acto
1291 4292 1706 4347 vulnerabatur
1736 4310 1749 4349 :
1784 4310 2033 4364 quorum

397 4381 511 4438 ista
541 4381 778 4453 quidem
809 4397 874 4436 eo
920 4379 1211 4435 faciebant
1269 4385 1334 4436 ut
1379 4380 1607 4436 dolores
1637 4382 2036 4438 incuterentur

394 4469 649 4540 Martyri,
683 4470 789 4526 hoc
816 4487 948 4525 vero
996 4469 1171 4524 etiam
1219 4473 1284 4523 ut
1325 4486 1483 4524 mors
1527 4468 1979 4542 subsequeretur
2018 4497 2032 4539 ;

396 4573 512 4612 non
543 4557 698 4612 enim
744 4555 1124 4611 intendebant
1153 4572 1288 4610 eum
1344 4557 1415 4610 de
1460 4558 1652 4612 medio
1702 4558 1904 4614 tollere
1935 4576 2036 4631 per

397 4662 620 4712 necem,
653 4646 746 4700 cui
776 4645 964 4700 brevis
994 4649 1148 4700 esset
1197 4644 1488 4700 cruciatus
1519 4647 1885 4717 conjunctus.
1921 4649 2029 4704 Sed

2141 4645 2484 4720 ἀνείργοντος
2539 4648 2637 4699 τοῦ
2695 4649 2829 4700 Θεοῦ
2884 4662 2898 4676 ·

401 4750 588 4805 neque
619 4733 1137 4805 ista,quantumvis
1166 4733 1881 4807 vehementia,potuerunt
1900 4754 2034 4793 eum

403 4822 766 4891 contristare,
789 4821 1132 4894 prohibente
1150 4822 1206 4876 id
1239 4822 1354 4879 Deo
1379 4841 1391 4890 ;
1426 4840 1615 4896 neque
1636 4829 1844 4881 contus
1870 4827 2040 4898 quid-

405 4927 582 4982 quam
615 4911 850 4966 omnino
907 4910 1123 4979 nocuit,
1185 4915 1462 4982 tanquam
1506 4930 1540 4968 a
1596 4913 1855 4969 solidiori
1915 4932 2038 4970 ma-

406 4999 571 5066 teria,
616 4999 798 5055 ferrea
840 4999 1109 5055 videlicet
1165 5005 1266 5055 aut
1313 5002 1706 5069 adamantina,
1769 5002 2039 5076 repulsus

409 5092 584 5159 atque
614 5091 869 5155 retusus,
906 5089 1170 5144 fortassis
1202 5093 1256 5144 et
1287 5090 1556 5162 Martyris
1588 5107 1797 5163 corpus
1832 5093 2041 5147 reveri-

403 5181 522 5245 tus,
558 5183 613 5232 et
639 5177 1148 5250 insensibilitatem
1170 5179 1398 5249 tyranni
1433 5180 1788 5252 redarguens
1821 5198 1832 5235 :
1864 5182 2044 5253 siqui-

407 5267 540 5322 dem
573 5267 716 5338 ipse,
751 5267 971 5321 ferreus
999 5266 1306 5334 exsistens,
1338 5267 1774 5324 absterrebatur
1802 5270 1872 5324 ab
1903 5269 2044 5326 infe-

403 5355 586 5410 renda
609 5372 790 5422 noxa;
815 5353 912 5408 ille
933 5355 1415 5425 autem,animam
1435 5357 1658 5412 habens
1677 5357 2038 5426 rationalem,

404 5461 519 5499 non
577 5447 700 5499 erat
757 5441 1217 5514 placabilis;uti
1269 5460 1371 5498 nec
1427 5443 1688 5516 placatus
1756 5445 1883 5512 fuit,
1937 5463 2042 5503 nec

473 5603 741 5677 (1)_Hanc
773 5602 1077 5674 periodum
1125 5617 1564 5677 recogn_o_scc_ns,
1593 5605 1860 5660 existimo
1910 5605 2043 5677 plus

403 5674 622 5744 aliquid
644 5676 847 5747 deesse
870 5690 1048 5747 quam
1092 5689 1301 5747 nomen
1324 5674 1845 5747 Diocletiani,quod
1868 5674 2042 5732 inter-

401 5747 683 5818 pretando
711 5745 1078 5811 addidimus:
1109 5745 1339 5801 videtur
1367 5746 1524 5801 enim
1552 5745 1779 5804 institui
1809 5765 2043 5821 compa-

2145 3399 2234 3454 καὶ
2263 3400 2362 3470 τῆς
2393 3400 2508 3454 καθ’
2539 3401 2684 3473 ἡμᾶς
2716 3399 2943 3477 φύσεως.

2215 3669 2499 3737 θ’.(1)..,..
2569 3665 2714 3722 ἀλλά
2769 3663 3011 3742 λεγεῶνα
3055 3667 3376 3740 πνευμάτων
3437 3665 3581 3742 εἶχεν
3641 3663 3787 3722 ἔνδο-

2143 3758 2228 3810 θεν
2269 3753 2692 3829 διερεθιζόντων,
2743 3756 2828 3832 ὑφ’
2885 3757 2957 3810 ὧν
3005 3752 3072 3824 δὴ
3114 3755 3236 3810 τότε
3281 3753 3600 3831 πληγέντων
3644 3755 3783 3829 πρὸς

2139 3846 2238 3912 τὴν
2293 3843 2598 3920 παρρησίαν
2668 3849 2765 3898 106
2845 3846 3118 3920 μάρτυρος
3151 3888 3165 3913 ,
3229 3845 3593 3918 μανικώτερον
3664 3844 3789 3899 ὑπε-

2141 3939 2339 3988 κινεῖτο
2373 3977 2386 4002 ,
2443 3933 2532 3988 καὶ
2591 3932 2914 4009 ἀναρτᾶσθαι
2970 3933 3060 3987 καὶ
3119 3929 3264 3988 δεινὰ
3323 3932 3497 3988 πάντα
3552 3934 3780 4008 πάσχειν

2143 4019 2496 4096 διεκελεύετο,
2528 4021 2618 4076 καὶ
2665 4023 2837 4077 πάντα
2880 4021 3024 4096 εἶχεν
3073 4020 3227 4086 εὐθὺς
3279 4022 3354 4084 ὡς
3407 4019 3740 4077 διεκελεύετο
3767 4065 3782 4078 .

2143 4112 2436 4188 Ἀνηρτᾶτο
2492 4109 2708 4164 πάντων
2766 4111 3045 4187 ὁρώντων,
3101 4109 3318 4186 ᾐκίζετο
3352 4153 3367 4180 ,
3426 4109 3636 4184 ἐξὲετο,
3691 4111 3783 4166 καὶ

2139 4199 2448 4255 τελευταῖον
2506 4203 2680 4272 κοντῷ
2745 4199 2881 4254 κατά
2940 4205 3043 4270 τῆς
3093 4200 3325 4276 γαστρὸς
3382 4199 3734 4276 ἐτιτρώσκετο
3765 4216 3783 4236 ⁸

2140 4293 2304 4344 τοῦτο
2339 4289 2431 4363 μὲν
2458 4286 2551 4343 ’ίνα
2595 4288 2686 4342 καὶ
2718 4286 2900 4344 ὀδῦναι
2953 4287 3215 4364 γένοιντο,
3263 4291 3423 4343 τοῦτο
3463 4285 3523 4343 δὲ
3558 4286 3650 4343 ἵνα
3696 4287 3786 4344 καὶ

2145 4379 2367 4442 θάνατος
2428 4376 2744 4453 ἐπιγένοιτο·
2806 4377 2867 4432 ού
2918 4377 3022 4452 γὰρ
3074 4376 3331 4432 ἐσκόπουν
3387 4377 3544 4432 αὐτόν
3595 4378 3788 4451 μετελ-

2143 4470 2249 4522 θεῖν
2287 4468 2546 4542 βραχεῖαν
2596 4465 2779 4541 ἔχοντι
2827 4468 2925 4535 τήν
2963 4463 3160 4536 ὀδύνην
3209 4467 3437 4538 θανάτῳ.
3480 4465 3634 4535 Πλὴν
3667 4463 3790 4522 οὔτε

2144 4555 2334 4625 ἐκεῖνα,
2368 4556 2442 4617 ὡς
2474 4557 2576 4632 ἄρα
2623 4555 2714 4610 καὶ
2765 4552 3136 4632 σφοδρότητος
3183 4555 3320 4630 εἶχε,
3369 4553 3558 4610 λυπεῖν
3617 4555 3786 4631 εἶχεν,

2956 4643 3047 4698 καὶ
3107 4644 3135 4698 6
3203 4644 3391 4704 κοντὸς
3453 4645 3785 4699 παντάπασιν

2147 4735 2411 4809 ἠπράκτει
2448 4775 2462 4800 ,
2547 4732 2726 4808 ὥσπερ
2799 4731 2858 4787 ἐκ
2923 4730 3271 4808 στεῤῥοτέρας
3345 4732 3490 4796 τινὸς
3577 4732 3788 4811 φύσεως

2149 4819 2374 4897 σιδηρᾶς
2431 4822 2466 4890 ἢ
2526 4819 2890 4894 ἀδαμαντίνης
2951 4819 3359 4894 ἀντωθούμενός
3412 4842 3471 4876 τε
3507 4821 3598 4876 καὶ
3653 4821 3787 4876 ἀπο-

2147 4904 2500 4985 κρουόμενος,
2550 4910 2696 4985 τάχα
2739 4909 2829 4964 καὶ
2885 4909 2947 4963 τὸ
3007 4908 3330 4985 μαρτυρικὸν
3391 4905 3790 4984 εὐλαϐούμενος

2151 5001 2327 5070 σῶμα,
2360 4996 2504 5072 τάχα
2549 4997 2638 5052 καὶ
2685 5002 2782 5051 106
2831 4996 3092 5069 τυράννου
3128 5002 3230 5066 τῆς
3276 4997 3624 5068 ἀναισθησίας
3669 5020 3794 5054 κατ-

2149 5091 2386 5162 ηγορῶν·
2423 5083 2568 5162 εἷίπερ
2625 5087 2653 5140 ὁ
2715 5087 2830 5159 μὲν,
2865 5083 3089 5162 σίδηρος
3146 5084 3244 5153 ὢν,
3275 5086 3564 5163 ἀπέσχετο,
3623 5089 3652 5142 6
3712 5085 3790 5160 δὲ,

2151 5173 2378 5250 λογικὴν
2431 5177 2614 5250 ψυχὴν
2681 5173 2824 5250 ἔχων
2860 5221 2874 5247 ,
2935 5174 3034 5229 οὐκ
3106 5173 3307 5247 ἔμελλε
3385 5173 3790 5232 δυσωπεῖσθαι·

2151 5263 2329 5338 ὥσπερ
2389 5264 2489 5340 ἄρα
2546 5261 2659 5318 οὐδ’
2715 5261 3042 5319 ἐδυσωπεῖτο
3125 5261 3249 5318 οὐδὲ
3305 5263 3622 5320 ἀνεκόπτετο
3690 5272 3790 5335 τῆς

2151 5351 2239 5407 ἐπὶ
2296 5353 2358 5406 τὸ
2414 5351 2664 5421 κολάζειν
2715 5353 2943 5429 ὁρμῆς,
3002 5351 3308 5407 τούναντίον
3389 5353 3482 5427 μὲν
3551 5351 3645 5408 οὖν
3704 5354 3792 5408 καὶ

2155 5441 2320 5517 βαρὺς
2351 5439 2427 5495 ἔτι
2463 5439 2673 5514 μᾶλλον
2723 5441 2789 5511 ἢν
2838 5441 2926 5496 καὶ
2979 5438 3210 5518 σφοδρὸς
3269 5440 3356 5496 ἐπὶ
3396 5441 3594 5515 τούτῳ,
3628 5442 3793 5497 οἱονεὶ

2153 5605 2298 5659 ratio
2323 5604 2474 5660 inter
2496 5621 2681 5659 unum
2712 5604 2879 5676 illum
2911 5604 3363 5676 daemonem,qui
3394 5605 3606 5661 Jobum
3629 5620 3791 5659 exer-

2152 5677 2291 5746 cuit,
2345 5682 2402 5730 et
2449 5676 2666 5732 multos
2715 5675 2866 5741 illos,
2917 5677 3016 5747 qui
3049 5675 3472 5734 Diocletianum
3513 5677 3789 5734 adversus

2153 5747 2466 5820 Georgium
2497 5747 2902 5806 stimulabant.
