4118 6434
354 429 483 501 309

1618 434 2016 502 LAUDATIO
2059 436 2126 502 S.
2174 435 2515 503 GEORGII.

3636 433 3758 503 310

345 568 599 644 μείζονος
653 565 841 632 κακίας
893 563 969 632 εἷς
1027 565 1280 648 ἀφορμὴν
1361 571 1459 624 τοῦ
1534 567 1808 643 θαύματος
1852 569 1981 642 αὐτᾷ

2109 572 2448 646 impeditus,
2499 588 2613 646 quo
2676 570 2873 630 minus
2914 587 3047 629 eum
3105 568 3365 645 amplius
3415 567 3586 629 vellet
3631 574 3756 628 tor-

338 659 631 735 γεγονότος
677 660 809 732 (τῶν
866 659 969 736 γὰρ
1040 659 1268 721 ἀνιάτως
1323 657 1563 734 ἐχόντων
1613 658 1749 729 αὕτη
1814 656 1991 730 δήπου

341 749 498 828 φύσις
548 749 624 811 εἷς
673 743 887 823 βλάϐην
934 749 1281 823 μετατρέπειν
1331 746 1531 803 οῗκείαν
1585 748 1645 803 ἐκ
1693 751 1790 816 τῆς
1843 747 1990 803 ἐνού-

345 860 445 909 σης
495 836 846 909 κακοηθείας,
895 837 1028 915 ὅπερ
1089 833 1148 892 ἄν
1206 858 1290 900 τις
1345 836 1434 892 καί
1490 835 1824 914 προσενέγκῃ
1884 859 1992 891 σω-

345 925 535 1004 τηρίας
564 927 897 1005 φάρμακον)’
940 923 1031 982 διὰ
1074 930 1235 982 τοῦτο
1281 925 1372 981 καὶ
1426 922 1648 1000 ἕτοιμος
1687 926 1754 994 ἧν
1801 925 1994 980 αὐτίκα

349 1016 496 1086 τότε,
541 1014 956 1092 χαλεπωτέραις
997 1020 1117 1078 ταῖς
1161 1015 1450 1091 τιμωρίαις
1495 1010 1757 1091 ἐκτρίϐειν
1810 1014 1990 1069 αὐτόν’

350 1104 494 1160 ὥστε
536 1106 641 1177 καὶ,
671 1104 755 1160 δτι
807 1106 886 1179 μὴ
937 1103 1099 1168 σέλας
1138 1105 1228 1175 ἦν,
1260 1101 1437 1159 ἄδειαν
1493 1105 1750 1181 παρέχων
1802 1102 1992 1176 ἐκείνῳ

344 1196 487 1250 κατὰ
510 1199 606 1250 τοῦ
635 1199 970 1271 μαρτυρικοῢ
1007 1194 1182 1249 νώτου
1212 1192 1530 1251 τεκταίνειν.

2106 677 2316 733 quere;
2358 663 2459 718 sed
2489 679 2520 718 ο
2574 667 2777 720 contra
2831 662 3158 735 impensius
3215 663 3390 718 etiam
3427 661 3748 717 vehemen-

2103 751 2337 822 tiusque
2366 752 2421 806 in
2453 752 2510 806 id
2543 751 2827 807 incubuit.
2867 755 3065 824 Itaque
3087 752 3315 808 auctior
3342 749 3750 823 semperillius

2104 838 2336 895 malicia
2367 842 2613 911 praebuit
2642 842 2884 915 Martyri
2916 841 3158 912 majoris
3192 839 3461 896 miraculi
3492 839 3747 895 occasio-

2102 943 2236 983 nem
2270 945 2282 982 :
2317 929 2734 986 incurabilium
2758 930 2913 986 enim
2946 935 3054 1001 est,
3094 930 3249 1002 quod
3282 930 3410 1000 ipsa
3440 932 3652 983 natura
3680 943 3747 983 ex

2102 1016 2279 1072 insita
2300 1017 2666 1091 malignitate
2698 1019 2758 1075 in
2785 1020 3086 1092 proprium
3119 1021 3748 1074 convertatnocumen-

2099 1109 2248 1173 tum,
2281 1106 2330 1162 si
2361 1109 2516 1178 quod
2546 1109 2873 1180 applicetur
2902 1109 3159 1164 salutare
3217 1108 3602 1180 pharmacum
3639 1124 3651 1161 :
3687 1109 3746 1161 et

2101 1199 2406 1267 propterea
2429 1197 2725 1253 nitebatur
2753 1198 3066 1270 Martyrem
3098 1197 3466 1270 gravioribus
3505 1212 3570 1252 ac
3610 1211 3741 1267 gra-

339 1285 603 1342 vioribus
657 1300 888 1356 semper
941 1284 1246 1358 suppliciis
1275 1287 1604 1344 conterere;
1666 1283 1808 1338 adeo
1854 1286 1918 1338 ut
1966 1299 2071 1339 nec
2100 1284 2405 1341 deﬁciente
2449 1287 2685 1358 quidem
2734 1287 2979 1355 lumine,
3027 1287 3516 1344 verecundaretur
3569 1301 3747 1357 supra

335 1375 583 1430 dorsum
611 1375 902 1447 Martyris,
935 1378 1003 1430 ut
1031 1371 1344 1430 Psalmista
1371 1371 1650 1445 loquitur,
1685 1371 1990 1427 fabricare.

407 1467 463 1518 ι’.
517 1458 682 1516 Ἀλλ’
733 1460 876 1536 εἶργε
928 1468 998 1531 τῆ
1054 1459 1454 1537 ἐπιγειρήσεως
1518 1458 1606 1529 νὺξ
1663 1457 1987 1514 ἐπελθοῦσα.

331 1549 626 1606 Δεινότατα
680 1544 862 1628 ἔφερεο
931 1549 1158 1626 βάσανον
1241 1549 1416 1621 ἑαυτῷ
1493 1549 1592 1617 τὴν
1683 1549 1987 1624 βαρυτάτην

329 1639 594 1712 οἰόμενος
650 1639 716 1694 τὸ
767 1637 858 1693 καὶ
923 1636 1142 1711 μετρίας
1202 1637 1496 1712 ἀνακωχῆς
1549 1635 1745 1691 ἐκεῖνον
1775 1641 1984 1712 τυγεῖν.

329 1727 402 1783 Οὐ
452 1729 566 1801 μὴν
620 1724 678 1782 δὲ
725 1726 814 1781 καὶ
863 1725 1196 1781 παντάπασιν
1245 1725 1348 1780 ὑπὸ
1413 1723 1720 1800 προθυμίας
1793 1722 1985 1798 ἠμέλει

331 1815 421 1871 διὰ
474 1818 581 1887 τήν
644 1814 812 1892 ὥραν,
855 1812 970 1870 οὐδ’
1026 1811 1357 1870 ἀνεϐάλλετο
1412 1815 1507 1877 τὰς
1565 1813 1836 1880 κολάσεις,
1899 1813 1982 1868 ὅτι

332 1903 479 1979 μηδὲ
505 1913 611 1976 τῆς
641 1901 951 1982 θηριώδους
979 1905 1046 1974 ἦν
1099 1903 1301 1959 ἐκείνου
1348 1906 1533 1979 ψυχῆς
1578 1900 1737 1958 εἷ’κειν
1788 1901 1982 1958 εἷδέναι

2173 1465 2259 1519 10.
2290 1464 2402 1520 Sed
2434 1467 2626 1520 tamen
2661 1463 3075 1535 superveniens
3123 1481 3235 1520 nox
3282 1462 3468 1535 coegit
3519 1463 3590 1518 ab
3648 1461 3746 1516 in-

2097 1557 2263 1626 cepto
2295 1552 2576 1608 desistere
2605 1554 2797 1625 ;quod
2834 1552 3257 1608 Diocletianum
3298 1552 3598 1625 aegerrime
3639 1549 3745 1606 ha-

2096 1641 2245 1713 buit,
2267 1641 2366 1714 qui
2392 1643 2716 1697 maximum
2747 1642 2860 1698 sibi
2891 1643 3198 1714 reputabat
3254 1640 3628 1714 supplicium,
3694 1639 3743 1696 si

2092 1730 2194 1786 ille
2221 1730 2305 1786 vel
2337 1731 2582 1786 modicis
2613 1731 2902 1787 frueretur
2927 1730 3199 1787 induciis.
3231 1731 3356 1786 Non
3385 1735 3584 1785 tamen
3648 1744 3744 1784 ne-

2093 1837 2207 1892 que
2236 1819 2465 1892 pertale
2496 1823 2731 1893 tempus
2746 1820 3378 1892 remisitpropositum,
3403 1834 3592 1890 neque
3605 1834 3742 1873 cru-

2091 1908 2276 1964 ciatus
2306 1909 2536 1964 differre
2557 1909 2838 1965 sustinuit
2858 1910 2994 1980 (non
3030 1909 3185 1964 enim
3210 1909 3539 1982 patiebatur
3566 1907 3744 1962 effera

322 1995 572 2068 τοιούτῳ
628 1998 824 2067 καιρῷ·
885 1992 1031 2049 ἀλλά
1081 2013 1189 2049 τινι
1256 1997 1485 2071 φρουρᾷ,
1517 1993 1607 2047 καὶ
1663 1991 1800 2066 αὐτῇ
1858 1990 1981 2047 δυσ-

2095 1997 2220 2068 ejus
2242 1999 2439 2054 anima
2468 2003 2534 2054 ut
2553 1999 2802 2071 tempori
2833 1999 3119 2071 tantisper
3146 1996 3621 2070 obsequeretur),
3637 1997 3740 2051 sed

326 2085 635 2162 χερεστάτῃ
688 2088 795 2138 τῶν
847 2084 1085 2155 ἁπασῶν,
1145 2080 1258 2156 ὅσῳ
1313 2081 1404 2136 καὶ
1459 2078 1732 2154 δυσώδης,
1787 2081 1855 2150 ἦν
1899 2081 1990 2136 καὶ

327 2171 594 2252 ζοφώδης
672 2171 762 2228 καὶ
843 2177 969 2242 σκιᾷ
1051 2173 1282 2226 θανάτου
1349 2169 1696 2246 παρείκαστο,
1766 2167 1989 2240 δοθῆναι

323 2261 564 2319 κελεύει.
600 2261 698 2317 Καὶ
755 2264 820 2331 ἧν
880 2259 1041 2316 τοῦτό
1085 2281 1146 2336 γε
1207 2266 1554 2336 παραχρῆμα
1612 2263 1803 2314 τοῦτον
1859 2257 1988 2334 ἔχον

325 2352 418 2407 τὸν
451 2351 684 2427 τρόπον,
711 2350 756 2406 εἷ
792 2352 866 2424 μή
916 2371 969 2404 τι
1022 2347 1269 2424 δεύτερον
1325 2349 1414 2404 καὶ
1469 2346 1654 2424 τρίτον
1702 2348 1824 2418 ἑξῆς
1866 2349 1986 2403 ἐπε-

319 2441 493 2510 τίθει,
554 2437 738 2515 ὥσπερ
795 2433 1141 2511 ἆναϐαθμοὺς
1211 2442 1387 2493 κακῶν
1464 2436 1768 2510 τιθέμενος·
1816 2440 1880 2506 ἦν
1929 2436 1986 2492 ἂν

324 2531 391 2586 τὸ
455 2529 628 2606 μέχρι
692 2526 887 2584 τούτου
951 2525 1394 2604 διανυκτερεύειν,
1445 2526 1521 2588 ὡς
1578 2527 1628 2581 ἐν
1695 2523 1987 2602 παραϐολῇ

328 2623 518 2674 κακῶν
607 2616 786 2696 φάναι,
849 2615 1041 2693 μετρία
1115 2614 1513 2694 φιλανθρωπία.
1582 2615 1709 2669 Νυνὶ
1782 2613 1838 2670 δὲ
1898 2616 1987 2670 καὶ

341 2705 509 2779 ξ·3λον
563 2708 904 2782 πιεστήριον,
934 2704 1099 2760 αὐτοῦ
1135 2703 1554 2783 κατασφαλίζον,
1586 2703 1714 2766 τοὺς
1764 2701 1935 2767 πόδας
1971 2723 1984 2773 ;

330 2791 645 2861 συνέθλιϐε·
699 2795 790 2850 καὶ
847 2793 1000 2856 λίθος
1060 2793 1246 2870 μέγας,
1290 2795 1348 2849 ’ὸν
1409 2793 1510 2848 οὐκ
1559 2793 1618 2848 ἂν
1676 2798 1882 2869 χεῖρες,
1940 2794 1986 2848 εἰ

336 2887 414 2958 μή
500 2883 593 2939 καὶ
674 2885 1058 2960 μηχανήματα
1109 2881 1366 2957 προσείη,
1432 2883 1729 2954 κινήσαιεν,
1792 2881 1987 2937 ὑπτίου

329 2971 868 3051 προσανακλιθέντος
896 2973 1034 3027 κατὰ
1068 2976 1176 3026 τῶν
1232 2972 1464 3047 στέρνων
1526 2971 1750 3038 ἐτίθετο,
1787 2972 1987 3047 βάρους

333 3058 625 3139 ὑπερϐολῇ
680 3061 924 3118 συνθλῶν
988 3061 1124 3115 ἅπαν
1176 3060 1240 3115 τὸ
1297 3060 1673 3134 ὑποκείμενον,
1716 3061 1807 3114 καὶ
1865 3081 1986 3116 συν-

334 3146 542 3229 τριϐἠν
606 3152 741 3223 ὁμοῦ
797 3149 888 3205 καὶ
960 3149 1111 3225 ῥῆξιν
1182 3149 1478 3218 ὑποστῆναι
1548 3147 1983 3225 καταναγκάζωψ

336 3240 441 3296 κᾶν
473 3239 693 3309 ἐκεῖνος,
735 3238 917 3316 ὥσπερ
944 3240 1044 3308 τήν
1103 3241 1288 3314 ψυχὴν
1352 3237 1414 3293 οὗ
1471 3235 1714 3309 δέξασθαί
1768 3260 1822 3293 τι
1877 3243 1984 3293 τῶν

328 3325 549 3386 ἀσεϐῶν
596 3329 1052 3406 προσταγμάτων,
1085 3327 1228 3382 οὕτω
1269 3324 1336 3397 δὴ
1381 3326 1470 3382 καὶ
1519 3329 1582 3382 τὸ
1638 3333 1797 3400 σῶμα
1844 3327 1988 3384 ἀνέν-
2018 3364 2061 3432 C

330 3417 359 3432 -
548 3421 580 3432 η.
708 3418 723 3432 .
880 3414 963 3432 ιι..
1139 3413 1166 3432 ν
1341 3415 1394 3432 η.
1490 3415 1504 3432 τ
1575 3418 1623 3432 υ.
1755 3417 1768 3432 .
1846 3414 1870 3432 δ
1906 3415 1956 3432 ..ι

327 3417 493 3481 δοτος
537 3421 630 3491 ἦν,
669 3418 733 3473 τὸ
793 3414 1056 3491 μηδόλως
1113 3413 1272 3472 εἶ’κειν
1340 3415 1431 3492 βίᾳ
1487 3415 1682 3472 ἐκεῖθεν
1744 3414 1986 3488 ἀναδεξά-

323 3530 518 3583 μενον.
572 3509 660 3564 Ἐν
714 3508 815 3584 γάρ
872 3513 990 3569 τοῖς
1042 3507 1173 3579 ὑπὲρ
1225 3500 1493 3567 εὐσεϐείας
1542 3505 1740 3581 ἀγῶσιν
1790 3508 1825 3575 ἡ
1873 3509 1981 3560 τῶν

321 3599 603 3669 σωμάτων
661 3596 823 3672 ῥώμη
909 3600 1091 3673 σαφῶς
1166 3593 1424 3668 άρτᾶσθαι
1496 3591 1647 3649 δοκεῖ
1699 3601 1801 3663 τῆς
1859 3615 1981 3668 γεν-

317 3685 619 3755 ναιότητος
690 3690 792 3753 τῆς
865 3687 1074 3759 ψυχῆς·
1134 3683 1210 3745 ὡς
1283 3681 1460 3753 ἐκείνη
1535 3683 1671 3758 πρὸς
1745 3679 1982 3738 ἔνστασιν

316 3774 640 3850 προθυμίας
684 3768 829 3848 ἔχει,
859 3773 949 3827 καὶ
977 3769 1107 3827 τάδε
1156 3771 1291 3844 πρὸς
1346 3771 1410 3825 τὸ
1466 3771 1749 3847 πάσχοντα
1804 3770 1980 3849 φέρειν

315 3864 595 3941 ἰσχυρῶς
661 3859 875 3934 μᾶλλον
910 3858 988 3931 δὲ,
1019 3858 1112 3915 ’ἱνα
1145 3859 1358 3936 βέλτιον
1420 3857 1608 3929 διέλω,
1640 3863 1825 3935 ψυχῆς
1889 3861 1982 3934 μὲν

314 3955 504 4019 σθένος
568 3951 628 4006 ἐν
682 3955 801 4011 τοῖς
859 3949 1132 4011 τοιούτοις
1220 3949 1411 4022 ἐμπνεῖ
1465 3950 1616 4020 Οεὸς,
1667 3951 1881 4021 σώματι
1928 3946 1986 4005 δὲ

311 4043 493 4118 ψυχὴ,
526 4039 628 4095 καὶ
684 4037 1024 4116 ἀμφοτέροις
1081 4037 1234 4105 Θεὸς,
1291 4041 1420 4113 παρ’
1472 4035 1535 4092 οὗ
1593 4035 1660 4106 δὴ
1714 4037 1804 4092 καὶ
1862 4037 1984 4093 τότε

310 4129 676 4205 ῥωννύμενος
705 4126 797 4182 καὶ
825 4123 981 4182 τόνδε
1007 4127 1101 4182 τὸν
1131 4122 1378 4181 κίνδυνον
1412 4125 1697 4201 ὑπερέσχε.

2101 2086 2383 2142 Sanctum
2413 2086 2635 2142 includi
2659 2087 2842 2157 jussit
2867 2086 3104 2154 carceri,
3126 2087 3297 2159 eique
3326 2086 3592 2141 omnium
3615 2101 3742 2140 mo-

2098 2174 2436 2243 lestissimo,
2496 2180 2561 2230 ut
2629 2175 2730 2248 qui
2770 2175 3007 2232 fmtidus
3053 2180 3207 2231 esset
3258 2178 3316 2229 et
3362 2174 3732 2242 tenebrosus,

2100 2268 2276 2336 atque
2307 2265 2526 2320 umbrae
2555 2265 2758 2320 mortis
2788 2265 3223 2320 assimilandus.
3253 2265 3443 2335 Atque
3471 2263 3577 2318 hoc
3612 2262 3737 2334 qui-

2101 2353 2233 2408 dem
2256 2354 2329 2408 ad
2359 2354 2540 2409 istum
2574 2355 2816 2409 modum
2850 2371 2911 2409 se
2941 2353 3265 2424 habuisset,
3301 2352 3411 2407 nisi
3446 2357 3502 2408 et
3531 2367 3739 2407 secun-

2101 2443 2242 2496 dum
2271 2446 2328 2497 et
2355 2443 2592 2497 tertium
2615 2441 3282 2514 addidisset,velutquos
3303 2442 3437 2497 dam
3453 2441 3742 2496 malorum

2101 2531 2318 2604 gradus
2333 2531 2653 2603 disponens
2671 2550 2683 2599 ;
2700 2531 3038 2587 humanitas
3059 2531 3215 2587 enim
3232 2531 3498 2608 quaedam
3514 2529 3740 2598 fuisset,

2101 2637 2289 2692 usque
2319 2621 2459 2675 dum
2483 2637 2598 2675 nox
2626 2621 3108 2687 transiret,videri
3132 2619 3418 2692 supplicia
3447 2619 3739 2674 divisisse.

2100 2709 2244 2779 Ergo
2267 2713 2324 2764 et
2349 2707 2509 2781 ligno
2557 2710 2734 2781 pedes
2783 2709 3130 2781 astringinte
3187 2710 3482 2764 cruciatus
3535 2711 3653 2774 est;
3686 2709 3744 2762 et

2099 2797 2249 2869 lapis
2281 2814 2554 2870 magnus,
2588 2815 2762 2870 quem
2782 2799 2877 2855 vix
2906 2798 3211 2868 machinas,
3249 2798 3468 2853 nedum
3501 2813 3738 2866 manus,

2101 2903 2330 2942 movere
2361 2891 2630 2958 poterant
2675 2887 2886 2958 ει]ρίηο
2927 2887 3148 2957 jacenti
3185 2903 3363 2957 supra
3391 2889 3595 2958 pectus
3651 2889 3741 2941 est

2098 2975 2544 3048 positus,nimio
2575 2977 2829 3048 pondere
2845 2977 3238 3048 comprimens
3263 2976 3596 3046 subjectum
3620 2991 3744 3030 cor-

2099 3081 2212 3136 pus
2243 3063 2511 3136 illudque
2559 3081 2772 3136 cogens
2821 3065 2999 3121 simul
3050 3069 3106 3120 ct
3163 3064 3569 3120 contritionem
3613 3081 3740 3120 car-

2099 3153 2264 3207 nium
2288 3157 2344 3207 et
2364 3153 2816 3210 confractionem
2841 3154 3062 3210 ossium
3099 3153 3386 3209 sustinere
3420 3172 3434 3221 ;
3469 3152 3738 3224 quamvis

2098 3241 2242 3314 ispe,
2276 3242 2431 3298 sicut
2451 3243 2641 3313 quoad
2666 3244 2925 3299 animam
2957 3242 3100 3298 nihil
3131 3241 3491 3314 suscipiebat
3521 3242 3735 3313 impio-

2099 3348 2230 3386 rum
2263 3331 2851 3401 mandatorum,itaet
2873 3332 3062 3402 quoad
3095 3329 3736 3402 corpusinsuperabilis

2096 3423 2237 3486 erat,
2263 3419 2485 3475 nullam
2544 3420 2782 3475 omnino
2839 3420 3042 3474 exinde
3091 3419 3319 3492 patiens
3374 3419 3734 3476 violentiam.

2097 3509 2403 3564 Enimvero
2434 3508 2494 3562 in
2539 3508 2960 3565 certaminibus
3007 3509 3148 3575 illis,
3180 3526 3308 3580 quae
3366 3525 3469 3580 pro
3526 3509 3739 3580 pietate

2097 3597 2488 3670 excipiuntur,
2522 3598 2780 3669 corporis
2800 3598 3050 3653 ﬁrmitas
3082 3597 3389 3652 manifeste
3406 3597 3634 3653 videtur
3663 3598 3736 3652 ab

2094 3686 2274 3742 animi
2297 3684 2684 3758 generositate
2704 3686 2994 3757 pendere;
3028 3690 3092 3740 ut
3122 3689 3406 3757 quantum
3441 3685 3562 3740 hac
3620 3685 3734 3740 sibi

2094 3792 2197 3847 per
2225 3778 2555 3846 promptam
2605 3778 2836 3829 constat
2885 3773 3264 3842 voluntatem,
3307 3779 3538 3829 tantum
3590 3774 3727 3830 huic

2093 3864 2271 3920 robur
2299 3863 2371 3918 ad
2404 3863 2742 3935 patiendum
2775 3863 3069 3928 conferat;
3113 3867 3215 3920 aut
3274 3863 3468 3935 potius
3525 3863 3733 3919 anima:

2092 3953 2331 4024 quidem
2363 3952 2541 4008 robur
2568 3952 2723 4008 Deus
2754 3951 3231 4024 inspirat,anima
3261 3955 3456 4007 autem
3483 3951 3733 4024 corpori,

2091 4045 2149 4097 et
2173 4041 2406 4112 utrique
2436 4044 2588 4096 Deus
2613 4059 2626 4109 ;
2661 4058 2696 4096 a
2726 4057 2840 4112 quo
2872 4042 3252 4098 conﬁrmatus
3281 4043 3529 4098 Sanctus
3558 4041 3734 4096 etiam

2092 4129 2253 4185 istud
2273 4128 2599 4202 periculum
2625 4130 2940 4202 superavit.

1863 4323 2099 4381 CAPUT
2129 4324 2198 4382 II.

1001 4468 1043 4522 Α
1073 4467 1343 4540 supplicio
1377 4469 1516 4524 rota:
1541 4471 1592 4522 et
1622 4469 1758 4523 vivae
1786 4468 1957 4524 calcis
1975 4471 2123 4541 fossa
2152 4470 2360 4526 illaesa:
2389 4470 2503 4526 exit
2531 4475 2752 4528 sanctus
2782 4468 3060 4540 Georgius.

378 4624 472 4678 ια’,
505 4618 588 4674 Τὰ
623 4619 717 4691 μὲν
749 4617 840 4672 οὖν
869 4624 970 4686 τῆς
1014 4615 1207 4677 νυκτὸς
1264 4614 1474 4684 ἐκείνης
1532 4615 1677 4687 αὐτῷ
1731 4621 1973 4688 τοιαῦτα,

307 4711 425 4767 κατ’
475 4707 639 4764 οὖδὶν
692 4706 846 4780 οἶμαι
894 4709 1002 4760 τῶν
1046 4706 1325 4778 ⁸ἱεμερινῶν
1376 4705 1712 4780 ἀνεκτότερα,
1745 4704 1779 4758 ’ὰ
1818 4703 1864 4759 δ’
1895 4705 1977 4760 εὐ-

309 4799 405 4860 θὺς
466 4800 539 4867 ἦν
602 4795 815 4870 ἡμέρας
874 4788 1266 4863 ἐπιλαϐούσης,
1317 4789 1610 4868 ἐπειδήπερ
1669 4793 1745 4854 ὡς
1795 4792 1850 4848 ἐν
1888 4795 1977 4848 θα-

306 4884 510 4960 λάσσῃ,
539 4882 806 4960 τρικυμία
855 4886 1034 4937 κακῶν
1098 4881 1365 4957 ὑπῆρχεν
1406 4881 1497 4936 καὶ
1542 4881 1606 4936 τὸ
1660 4882 1754 4955 μὲν
1815 4881 1972 4936 αὐτὸν

309 4975 432 5052 εἶχε
485 4977 660 5046 κῦμα,
686 4976 750 5027 τὸ
800 4967 858 5026 δὲ
911 4964 1311 5044 κατελάμϐανε,
1360 4970 1425 5025 τὸ
1479 4967 1526 5024 δ’
1587 4967 1839 5043 ἔμελλεν,
1897 4971 1973 5033 ὡς

2158 4620 2243 4673 11.
2269 4619 2394 4674 Tali
2427 4619 2663 4674 fuerunt
2695 4619 2882 4674 noctis
2917 4618 3078 4674 illius
3110 4618 3450 4682 certamina,
3482 4619 3641 4689 nisit,
3665 4623 3730 4674 ut

2085 4707 2354 4778 arbritor,
2385 4707 2600 4764 leviora
2631 4707 2895 4763 diurnis:
2929 4725 3058 4779 quae
3108 4723 3266 4774 vero,
3322 4725 3457 4762 mox
3487 4711 3553 4762 ut
3600 4707 3727 4764 dies

2084 4796 2295 4863 illuxit,
2330 4802 2470 4852 sunt
2500 4801 2720 4862 secuta,
2745 4797 2981 4851 fuerunt
3003 4801 3284 4867 tanquam
3316 4796 3374 4851 in
3409 4797 3555 4852 mari
3582 4801 3727 4852 tem-

2083 4890 2279 4958 pestas
2311 4886 2840 4959 quaedam,quando
2855 4901 3028 4956 quem
3063 4885 3276 4940 ﬂuctus
3307 4902 3462 4941 unus
3492 4885 3723 4956 habuit,

2083 4974 2522 5046 comprehendit
2551 4973 2715 5043 alter,
2752 4977 2808 5028 et
2837 4973 3106 5029 imminet
3141 4973 3350 5029 tertius
3384 4990 3397 5029 :
3432 4973 3516 5030 sic
3563 4975 3722 5030 enim

307 5065 462 5140 παρᾶ
538 5059 687 5116 πολῦ
768 5064 877 5115 τῶν
963 5057 1382 5138 προειληφότων
1467 5059 1717 5130 ποικιλίᾳ
1767 5081 1824 5114 τε
1880 5059 1971 5114 καὶ

2095 5062 2183 5118 illa
2207 5064 2442 5118 fuerunt
2472 5061 2737 5134 graviora
2767 5061 3207 5133 prioribus,tam
3237 5062 3513 5118 varietate
3541 5079 3721 5134 quam

309 5152 544 5226 δυνάμει
598 5153 697 5205 τοῦ
779 5152 1018 5204 κακῶσαι
1092 5145 1383 5223 δεινότερα·
1447 5146 1572 5203 ὥστ’
1632 5145 1818 5225 ἔμοιγε
1873 5149 1965 5203 καὶ

308 5241 488 5318 εὐχῆς
517 5238 676 5317 ἔργον
710 5237 768 5293 ἃν
802 5236 886 5308 εἴη
931 5238 1029 5292 κᾶν
1081 5237 1314 5312 μετρίως
1375 5235 1606 5292 διελθεῖν
1667 5235 1967 5308 δυνηθῆναι

304 5335 386 5404 τῷ
443 5328 630 5405 λόγῳ.
687 5329 940 5404 Ἐξήγετο
1015 5327 1108 5400 μὲν
1153 5329 1252 5395 τῆς
1300 5332 1562 5403 φρουρᾶς,
1619 5323 1749 5398 μηδ’
1819 5324 1967 5388 ὅλως

309 5424 405 5495 ζῇν
467 5417 854 5493 ἐλπιζόμενος’
915 5413 1040 5471 ἀλλ’
1078 5411 1264 5485 ἐπειδὴ
1324 5415 1470 5492 παρά
1519 5413 1672 5486 δόξαν
1727 5413 1844 5486 ἔζη,
1877 5415 1966 5470 καὶ

307 5509 526 5578 ἀπαθὴς
580 5511 762 5562 κακῶν
834 5507 1064 5580 ἑωρᾶτο.
1123 5505 1256 5558 Ὅσα
1319 5503 1414 5578 μὲν
1471 5501 1566 5557 οὖν
1621 5504 1650 5558 ὁ
1704 5503 1964 5574 τύραννος

307 5600 507 5673 ἠθύμει
583 5595 676 5651 καὶ
743 5591 1038 5670 διεπρίετο,
1101 5590 1289 5665 μηδενὶ
1343 5591 1533 5665 τρόπῳ
1598 5592 1965 5668 περιγενέσθαι

309 5684 630 5763 δυνάμενος,
688 5681 884 5760 λόγους
943 5702 1002 5736 τε
1059 5678 1124 5734 αὖ
1180 5681 1316 5756 πρὸς
1364 5680 1563 5736 ἐκεῖνον
1615 5681 1709 5744 οὓς
1765 5679 1961 5736 διείλε-

306 5797 445 5853 κται,
505 5779 676 5834 τοῦτο
763 5773 860 5850 μὲν
919 5767 1186 5842 ἀπειλῶν,
1241 5773 1412 5825 to'urro'
1461 5768 1520 5826 δὲ
1570 5770 1807 5833 θωπείας
1872 5771 1962 5826 καὶ

2077 5150 2288 5206 virtute
2309 5150 2555 5206 nocendi
2592 5151 2769 5218 ;adco
2801 5155 2865 5205 ut
2891 5154 3091 5206 votum
3146 5150 3294 5206 mihi
3325 5151 3404 5206 sit
3434 5167 3502 5207 ea
3550 5168 3722 5223 posse

2075 5240 2166 5296 vel
2224 5240 2591 5295 mediocriter
2645 5240 2888 5295 dicendo
2964 5239 3270 5311 explicare.
3350 5241 3722 5296 Educebatur

2076 5345 2212 5401 ergo
2243 5345 2273 5384 e
2303 5329 2590 5395 custodia,
2625 5345 2798 5400 quem
2829 5345 2934 5384 nec
2964 5329 3158 5384 vivum
3190 5329 3275 5384 illi
3310 5331 3624 5401 sperabant
3659 5347 3722 5386 se

2073 5416 2444 5485 inventuros;
2494 5422 2550 5471 et
2571 5417 2848 5488 quoniam
2899 5417 3087 5474 vivere
3101 5422 3306 5490 praeter
3327 5435 3490 5490 spem
3514 5419 3716 5490 depre-

2076 5505 2302 5561 hensus
2334 5511 2441 5571 est,
2483 5505 2793 5561 videbatur
2846 5506 3229 5578 impassibilis
3278 5507 3516 5562 omnino
3565 5524 3714 5564 esse.

2077 5596 2376 5659 Quomodo
2425 5595 2844 5667 indignabatur
2883 5597 3404 5668 dissecabaturque
3451 5601 3714 5667 tyranus,

2074 5700 2188 5738 non
2220 5683 2419 5738 valens
2450 5701 2585 5738 eum
2634 5684 2753 5739 ulla
2784 5686 3005 5740 ratione
3061 5685 3291 5740 vincere
3326 5704 3338 5752 ;
3373 5702 3521 5756 quos
3573 5684 3713 5741 item

2071 5788 2378 5829 sermones
2409 5773 2481 5829 ad
2513 5789 2646 5829 eum
2679 5774 2971 5846 habuerit,
3007 5791 3162 5830 nunc
3190 5773 3429 5846 quidem
3470 5775 3716 5830 commi-
