4118 6440
398 387 514 455 311

1412 397 1728 469 GEORGII
1756 395 2030 462 *GYPBII
2062 396 2194 462 (ΞΡ.
2238 395 2768 467 PATRIARGHE

3669 402 3795 475 ³11

399 542 572 598 nans,
598 540 753 585 nunc
764 521 1010 599 palpans
1027 522 1423 598 etblandiens,
1438 531 1628 591 dicere
1642 533 1992 604 supersedeo
2026 549 2040 589 :

2180 530 2528 609 ινελευθερίας
2584 540 2771 608 πεῖραν
2831 532 3084 611 εἰσάγων,
3147 530 3323 613 λέγειν
3380 531 3488 592 ἐῶ·
3541 531 3670 593 ἀλλ’
3719 535 3797 607 ὡς

405 616 506 672 sed
541 620 606 671 ut
648 615 813 684 vidit,
846 615 1005 670 omni
1064 630 1170 672 sua
1197 613 1486 672 industria
1535 618 1741 675 effectu
1774 619 2041 687 fustrata,

405 704 709 777 repulsum
738 720 800 760 se
831 704 1093 779 risuique
1150 705 1476 777 expositum
1512 724 1525 773 ;
1559 711 1716 777 tunc,
1771 707 1929 764 velut
1984 708 2042 762 in

405 794 615 851 turrim
636 793 1041 851 ﬁrmissimam
1063 797 1120 851 et
1150 793 1535 866 immobilem,
1570 811 1843 869 magnam
1882 796 2045 854 illam

410 888 467 939 et
482 884 834 957 praecipuam
868 884 1083 939 diaboli
1114 883 1445 940 machinam
1489 887 1689 955 erexit,
1737 892 1924 942 rotam
1970 885 2049 943 vi-

409 973 635 1030 delicet.
668 974 799 1030 Haec
829 991 960 1030 vero
980 973 1319 1046 (dicendum
1340 983 1427 1030 est
1470 977 1627 1030 enim
1657 977 1729 1032 ad
1755 975 2048 1049 explican-

411 1064 553 1121 dum
582 1064 857 1120 tormenti
891 1079 1101 1136 genus,
1136 1064 1404 1134 quamvis
1434 1080 1540 1120 nec
1571 1064 1679 1121 hoc
1727 1065 1895 1120 facile
1949 1081 2050 1121 ex-

412 1152 630 1226 plicatu
661 1154 778 1226 sit),
809 1153 951 1222 haec,
983 1152 1325 1224 inquam,ex
1356 1152 1531 1224 lignis
1572 1155 2049 1226 componebatur,

414 1242 653 1299 dorsum
704 1242 942 1315 quidem
997 1243 1476 1298 circumferentia
1536 1242 1759 1298 habens
1827 1244 2054 1298 modice

415 1331 1001 1399 latum,latitudinem
1030 1347 1165 1385 vero
1196 1331 1507 1386 maximam
1525 1331 1585 1387 in
1610 1348 1676 1387 eo
1706 1333 1861 1403 quod
1901 1332 2055 1387 circa

417 1428 683 1478 centrum
732 1427 857 1477 erat
886 1420 1108 1492 spatio;
1140 1421 1457 1476 introrsum
1514 1420 1766 1477 discreta
1804 1426 2056 1492 quatuor

413 1511 619 1580 radiis,
653 1528 688 1567 a
716 1525 949 1567 summo
979 1510 1051 1565 ad
1108 1524 1409 1565 summum
1439 1508 1552 1564 sibi
1594 1510 2053 1577 occurrentibus,

419 1616 601 1672 seque
621 1600 866 1656 invicem
926 1599 1202 1671 utrinque
1256 1614 1357 1670 per
1398 1597 1653 1654 medium
1698 1598 1918 1654 directa
1964 1598 2058 1654 in-

418 1689 844 1748 tersecantibus
876 1704 890 1743 :
925 1687 1047 1743 axis
1076 1702 1269 1760 porro,
1318 1687 1470 1742 inter
1506 1688 1700 1743 radios
1757 1686 2057 1758 trajectus,

419 1780 696 1852 utrinque
782 1776 1179 1851 procurrebat,
1236 1775 1459 1832 habens
1542 1775 1877 1833 universum
1925 1778 2062 1831 τοίω

416 1868 734 1934 .circulum,
767 1883 883 1923 non
940 1865 1161 1922 circum
1209 1881 1271 1937 se
1322 1865 1675 1935 ducendum,
1710 1866 1811 1923 sed
1861 1881 2061 1921 secum

420 1956 753 2015 versatilem
779 1975 792 2013 :
827 1957 943 2013 duo
972 1955 1223 2027 denique
1252 1971 1424 2011 crura
1444 1953 1580 2011 hinc
1609 1960 1668 2010 et
1706 1955 1842 2010 hinc
1899 1958 2060 2026 apta-

425 2047 641 2103 bantur
670 2050 791 2102 arte
819 2043 1036 2112 fabrili,
1066 2060 1321 2117 quorum
1348 2043 1661 2100 summitas
1689 2060 1855 2100 axem
1885 2040 2062 2099 susti-

430 2152 596 2204 nens,
631 2136 712 2192 ita
749 2135 946 2209 ipsum
1003 2134 1317 2190 sublimem
1375 2133 1623 2189 faciebat
1673 2133 1944 2205 pendere,
2002 2135 2068 2187 ut

430 2230 629 2298 posset
656 2228 783 2280 rota
813 2222 1174 2280 circumferri
1205 2221 1523 2280 celerrime.
1566 2222 1637 2278 Et
1665 2222 1726 2277 in
1756 2222 1913 2277 hunc
1944 2220 2071 2293 qui-

433 2314 567 2370 dem
625 2314 868 2370 modum
920 2311 1243 2383 composita
1292 2315 1417 2368 erat
1458 2315 1625 2367 rota:
1686 2311 1897 2367 subtus
1938 2325 2070 2365 vero

435 2402 849 2459 sternebantur
868 2400 1100 2468 tabulas,
1133 2404 1401 2457 accurate
1431 2405 1742 2473 compactis
1791 2400 1863 2456 ad
1920 2397 2070 2454 invi-

436 2509 584 2561 cem,
616 2491 701 2548 sic
734 2495 799 2547 ut
828 2489 1006 2547 simul
1048 2506 1251 2546 omnes
1283 2490 1503 2561 junctae
1561 2488 1733 2545 unica
1760 2488 1963 2545 tabula
1988 2486 2072 2543 vi-

433 2583 746 2638 derentur:
779 2597 904 2653 quae
923 2579 1169 2635 ﬁrmiter
1199 2578 1589 2651 aﬂigebantur
1626 2578 1978 2651 pavimento,
2010 2580 2074 2632 ut

432 2679 630 2729 essent
658 2671 1049 2743 undequaque
1074 2667 1428 2739 immobiles,
1462 2668 1632 2723 uncis
1695 2666 1977 2722 violenter
2016 2670 2074 2721 et

433 2760 627 2816 fabrili
643 2759 937 2815 industria
966 2757 1272 2830 impactis:
1295 2760 1423 2812 tum
1445 2756 1655 2813 iisdem
1676 2755 2075 2829 inﬁgebantur

430 2852 616 2905 acutae
643 2848 937 2921 cuspides,
972 2851 1030 2903 et
1056 2845 1256 2915 cultri,
1288 2851 1345 2902 et
1388 2861 1580 2915 enses,
1612 2850 1670 2901 et
1706 2860 2074 2916 quaecunque

430 2937 653 3010 species
677 2936 1008 3010 gladiorum
1042 2953 1057 3004 ;
1091 2952 1349 3008 quorum
1380 2935 1535 2991 acies
1565 2939 1733 2991 erant
1781 2949 2071 2990 conversae

426 3027 504 3091 ad
533 3025 1060 3083 circumferentiam
1090 3029 1229 3082 rotas
1267 3042 1281 3093 ;
1306 3040 1454 3097 quas
1496 3023 1619 3079 haec
1647 3022 2070 3096 propemodum

428 3116 714 3189 attingere
734 3114 1110 3187 debebat,sed
1143 3130 1263 3170 non
1293 3129 1538 3187 prorsus
1570 3112 1903 3187 contingere
1934 3127 2068 3168 cum

427 3206 782 3273 vertebatur,
814 3204 928 3261 nisi
958 3202 1155 3276 aliquo
1190 3202 1443 3276 exterius
1464 3200 1718 3275 alligato.

504 3331 591 3386 12.
615 3328 774 3386 Talis
803 3333 927 3385 erat
946 3327 1224 3385 machina
1238 3324 1811 3401 universa,terribilis
1841 3324 2069 3393 auditu,

431 3419 565 3475 visu
593 3435 729 3474 vero
781 3418 952 3491 longe
988 3416 1345 3484 terribilior;
1399 3414 1591 3488 qualis
1651 3418 1844 3471 autem
1901 3414 2077 3470 fuerit

437 3506 783 3580 experienti,
817 3507 957 3580 quid
990 3523 1138 3580 opus
1167 3508 1257 3562 est
1284 3503 1675 3562 dicere‘Mlihi
1695 3504 2078 3562 sanevidetur

437 3596 657 3653 multos
730 3596 1103 3668 praesentium
1156 3595 1453 3650 exanimes
1485 3593 1774 3650 corruisse
1803 3638 1820 3658 ,
1891 3609 1960 3649 ex
2009 3611 2077 3651 eo

437 3685 629 3741 solum
660 3687 815 3756 quod
844 3690 1039 3741 tantos
1087 3683 1379 3740 cruciatus
1427 3681 1642 3738 intueri
1698 3682 2073 3753 cogebantur.

440 3775 570 3830 Non
599 3779 797 3831 tamen
826 3790 1142 3846 generosus
1192 3772 1290 3828 ille
1348 3776 1543 3844 atque,
1603 3776 1669 3826 ut
1712 3770 1796 3826 ita
1849 3771 2076 3844 loquar,

440 3863 865 3918 adamantinus
895 3862 1206 3934 despondit
1234 3860 1521 3930 animum,
1553 3861 1654 3916 sed
1697 3864 1859 3916 totus
1889 3861 2083 3916 divino

445 3951 889 4024 amoreplenus,
922 3957 1294 4022 mentemque
1314 3954 1372 4007 et
1401 3950 1680 4020 animam,
1713 3954 1888 4021 atque
1918 3950 2080 4022 ipsos

436 4040 613 4097 etiam
638 4040 1072 4113 quodammodo
1116 4056 1324 4096 sensus
1381 4040 1561 4094 beatae
1589 4036 1891 4110 applicaus
1946 4039 2076 4111 pui-

441 4128 785 4200 chritudini,
819 4144 997 4200 seque
1021 4128 1188 4200 signo
1232 4127 1427 4183 crucis
1458 4128 1751 4197 muniens,
1804 4126 2079 4185 omnibus

442 4217 824 4274 audientibus
854 4216 1250 4273 invincibilem
1282 4215 1497 4272 Christi
1528 4215 1849 4288 potentiam
1890 4216 2079 4288 preci-

445 4308 556 4363 bus
588 4307 919 4374 invocabat,
979 4322 1112 4362 cum
1162 4305 1377 4360 Davide
1407 4304 1805 4365 canenszNon
1861 4304 2079 4362 timebo

440 4395 618 4463 mala,
649 4396 930 4468 quoniam
958 4399 1023 4450 tu
1049 4410 1280 4450 mecum
1313 4410 1397 4461 es,
1430 4394 1539 4449 etsi
1597 4392 1969 4449 ambulavero
2018 4394 2078 4449 in

441 4485 634 4541 medio
659 4484 1095 4555 mortithaque
1109 4483 1315 4538 decore
1344 4481 1504 4538 omni
1535 4486 1776 4537 ornatus
1815 4482 2082 4538 veniebat

441 4574 627 4647 gradu
649 4574 875 4630 decenti
904 4573 977 4628 ad
1008 4570 1363 4639 machinam,
1387 4570 1554 4641 quasi
1576 4587 1705 4626 eam
1736 4587 1853 4626 non
1882 4586 2081 4644 exper-

2156 619 2497 697 ἀπεκρούσθη
2561 624 2651 678 καὶ
2708 623 2927 699 γέλωτα
2981 620 3169 704 ὄφλειν
3224 622 3420 699 ἐδόκει,
3484 626 3661 696 πάσης
3719 626 3800 690 εἰς

2153 716 2253 786 γῆν
2312 710 2477 767 αὐτοῦ
2533 714 2802 785 πεσούσης
2876 722 2977 785 τῆς
3051 713 3310 786 ἐπινοίας,
3366 715 3509 789 τότε,
3568 715 3646 777 ὡς
3698 713 3800 771 ἐπὶ

2153 798 2362 875 πύργον
2403 799 2610 879 ἇῤῥαγῆ
2640 823 2701 858 τε
2746 803 2837 858 καὶ
2887 804 3153 877 ἄσειστον,
3184 805 3247 860 τὸ
3308 805 3449 880 μέγα
3500 808 3661 860 τοῦτο
3707 804 3801 860 καὶ

2154 889 2459 967 πρόσφατον
2520 891 2700 962 ἵστησι
2779 897 2881 948 τοῦ
2963 888 3225 948 διαϐόλου
3308 896 3639 971 μηχάνημα,
3704 895 3799 948 τὸν

2155 979 2378 1054 τροχόν.
2439 980 2495 1034 '0
2553 977 2611 1034 δὲ
2667 983 2731 1049 ἦν
2786 980 3026 1055 (λεκτέον
3086 983 3186 1059 γὰρ
3259 982 3337 1046 εἷς
3406 980 3625 1056 ἔνδειξιν
3696 985 3801 1052 τῆς

2161 1068 2412 1143 βασάνου,
2444 1067 2539 1124 κᾶν
2571 1068 2679 1145 οὐχ
2708 1070 2823 1134 οἶός
2873 1071 2930 1125 τέ
2958 1070 3097 1126 ἐστιν
3148 1070 3388 1134 εὐκόλως
3434 1071 3707 1148 ῥηθῆναι)·
3742 1070 3811 1127 ἐκ.

2159 1156 2334 1227 ξύλων
2389 1157 2483 1230 μὲν
2540 1159 2947 1231 κατεσκεύαστο,
2982 1159 3217 1235 μετρίως
3267 1161 3362 1225 μὶν
3404 1163 3472 1216 τὰ
3516 1165 3658 1216 νῶτα
3706 1167 3810 1230 τῆς

2158 1246 2498 1324 περιφερείας
2579 1247 2755 1324 εὐρὺς,
2835 1248 3122 1325 εὐρύτατος
3206 1246 3263 1304 δὲ
3336 1254 3453 1312 τοῖς
3528 1249 3636 1305 ἀπὸ
3707 1254 3813 1305 τοῦ

2159 1334 2382 1411 κέντρου
2440 1333 2792 1409 διαστήμασι,
2851 1339 3088 1411 κνήμαις
3145 1359 3205 1394 τε
3248 1336 3500 1413 τέσσαρσι
3550 1338 3644 1394 καὶ
3708 1360 3813 1394 κα-

2162 1422 2275 1477 νόσι
2302 1424 2369 1477 τὰ
2402 1418 2547 1479 ἔνδον
2592 1422 3005 1499 διειλημμένος,
3038 1425 3129 1481 ἀπ’
3181 1425 3348 1502 ἄκρου
3392 1447 3455 1481 τε
3511 1425 3590 1491 εἷς
3640 1428 3808 1504 ἄκρον

2163 1510 2460 1583 ἀπαντῶσι,
2491 1512 2580 1567 καὶ
2628 1512 2916 1584 ἀλλήλους
2945 1512 3022 1578 είς
3063 1513 3225 1588 ὀρθὰς
3254 1515 3382 1592 παρ’
3437 1514 3659 1591 ἐκάτερα
3709 1519 3815 1572 τοῦ

2170 1600 2335 1674 μέσου
2362 1601 2670 1674 τέμνουσιν·
2706 1603 2842 1676 ἄξων
2899 1600 2959 1657 δὶ
3007 1603 3170 1658 αὐτοῦ
3218 1599 3308 1658 διὰ
3354 1603 3562 1660 τούτων
3606 1603 3817 1676 ἐληλα-

2171 1689 2354 1763 μένος,
2414 1689 2495 1767 ἐφ’
2566 1689 2788 1767 ἑκάτερα
2854 1686 3257 1768 προεϐέϐλητο,
3324 1689 3468 1769 ἔχων
3532 1692 3624 1748 τὸν
3675 1693 3821 1767 σύμ-

2168 1797 2343 1831 παντα
2396 1775 2621 1848 κύκλον,
2680 1779 2743 1834 ού
2801 1780 2925 1856 περὶ
2983 1779 3141 1835 αύτὸν
3217 1781 3607 1859 στρεφόμενον,
3660 1780 3823 1839 ἀλλὰ

2171 1864 2262 1921 σὺν
2322 1865 2486 1938 αὐτῷ’
2531 1865 2697 1939 σκέλη
2759 1865 2817 1924 δὲ
2868 1865 2965 1924 δύο
3018 1865 3141 1924 ἔνθα
3212 1868 3302 1924 καὶ
3363 1866 3487 1926 ἔνθα
3549 1870 3826 1927 τεκτόνων

2172 1960 2451 2030 μηχαναῖς
2493 1955 2844 2029 ἀνεστηκότα,
2902 1956 2954 2029 ἐξ
3012 1958 3190 2034 ἄκρων
3239 1956 3426 2035 ἀνεῖχε
3479 1959 3572 2015 τὸν
3630 1958 3825 2031 ἄξονα,

2170 2043 2368 2114 καὶτῷ
2411 2045 2681 2119 μετέωρον
2727 2049 2919 2101 τοῦτον
2965 2046 3056 2102 τὸν
3112 2045 3312 2118 τρόπον
3373 2046 3706 2125 ἐργάζεσθαι,
3736 2048 3825 2112 ὡς

2178 2130 2405 2202 ὀξύτατα
2468 2139 2700 2211 παρεῖχε
2759 2139 2840 2206 τῷ
2899 2139 3089 2211 τροχῷ
3141 2136 3540 2214 περιφέρεσθαι.
3588 2142 3644 2192 Ὁ
3722 2138 3829 2211 μὲν

2177 2220 2352 2283 οὕτως
2426 2221 2561 2298 εἶχε·
2635 2221 2842 2286 σανίδες
2922 2221 2981 2279 δὲ
3046 2222 3281 2280 κάτωθεν
3360 2225 3834 2302 ὑπεστρώννυντο,

2181 2305 2378 2387 ἀκριϐῆ
2416 2311 2510 2385 μὲν
2569 2313 2668 2381 τὴν
2724 2312 2859 2389 πρὸς
2888 2309 3142 2384 ἀλλήλας
3187 2314 3435 2389 ἁρμογὴν
3469 2310 3714 2390 ἔχουσαι,
3747 2316 3834 2379 ὡς

2177 2398 2268 2453 καὶ
2328 2399 2451 2473 μίαν
2501 2401 2708 2463 ἁπάσας
2764 2405 2834 2475 τῇ
2900 2402 3153 2478 συνεχείᾳ
3218 2399 3416 2474 δοκεῖν,
3479 2403 3706 2481 ἰσχυρὰν
3769 2402 3839 2461 δὲ

2181 2487 2269 2542 καὶ
2336 2488 2437 2558 τὴν
2520 2487 2603 2545 ἐπ’
2659 2486 2887 2568 ἐδάφους
2958 2488 3334 2566 προσήλωσιν,
3379 2489 3531 2554 ὅπως
3598 2492 3837 2564 ἀκίνητα

2181 2578 2515 2632 παντάπασιν
2553 2576 2752 2655 ἔχοιεν,
2809 2578 2900 2655 βίᾳ
2950 2599 3011 2634 τε
3058 2578 3284 2658 γόμφων
3356 2578 3693 2655 ἐνισχημένα
3737 2582 3835 2638 καὶ

2183 2663 2460 2739 ἐπιστήμη
2516 2663 2893 2744 δημιουργῶν.
2952 2666 3075 2723 Ἐπὶ
3139 2665 3197 2723 δέ
3258 2668 3463 2724 τούτων
3521 2667 3829 2744 ἐπήγνυντο

2184 2754 2281 2827 μέν
2333 2754 2475 2828 ὀξεῖς
2539 2749 2838 2829 ὀϐελίσκοι,
2884 2754 3183 2833 ἐπήγνυντο
3227 2754 3286 2813 δὲ
3328 2757 3420 2812 καὶ
3466 2755 3684 2820 κοπίδες
3731 2758 3827 2815 καὶ

2182 2847 2472 2920 μάχαιραι,
2520 2843 2610 2898 καὶ
2662 2846 2837 2900 πάντα
2889 2841 3007 2916 εἷ’δη
3067 2846 3231 2923 ξιφῶν
3290 2847 3553 2921 ἁπάντων,
3582 2866 3822 2924 τετραμ-

2183 2934 2344 3006 μένας
2401 2932 2641 3009 ἐχόντων
2696 2932 2833 3010 πρὸς
2890 2934 2990 3002 τήν
3045 2939 3256 3011 τροχοῦ
3318 2937 3656 3015 περιφέρειαν
3722 2936 3822 2999 τὰς

2177 3019 2334 3092 ἀκὰς,
2365 3021 2441 3075 ὧν
2494 3020 2583 3076 καὶ
2630 3020 2962 3097 παραψαύειν
3015 3022 3109 3096 μὶν
3157 3024 3328 3099 εἶχεν,
3359 3023 3421 3080 ού
3463 3025 3572 3098 μὴν
3622 3022 3681 3080 δὲ
3730 3023 3824 3079 καὶ

2180 3104 2419 3187 ἀκριϐῶς
2516 3109 2704 3184 ψαύειν
2781 3110 3176 3187 κυκλούμενος,
3258 3114 3334 3186 μή
3407 3133 3558 3177 τινος
3634 3111 3824 3186 ἔξωθεν

2179 3194 2583 3275 προσδεθέντος.

2260 3324 2344 3400 ιβ’.
2398 3324 2470 3379 Τὸ
2521 3326 2614 3398 μὲν
2667 3322 2735 3393 δὴ
2790 3323 3096 3402 μηχάνημα
3133 3329 3407 3397 τοιοῦτον,
3454 3321 3686 3405 φοϐερὸν
3732 3328 3830 3401 μὲν

2182 3417 2298 3475 τοῖς
2341 3412 2621 3487 ἀκούουσι,
2668 3419 2785 3476 τοῖς
2818 3415 2988 3489 ὁρῶσι
3018 3413 3078 3470 δὲ
3126 3412 3274 3470 πολὺ
3324 3411 3721 3494 φοϐερώτερον*
3768 3417 3835 3472 τὸ

2186 3498 2245 3556 δέ
2290 3501 2379 3557 καὶ
2431 3503 2506 3565 εἰς
2555 3508 2743 3578 πεῖραν
2803 3502 2954 3572 ἥκειν
2997 3503 3051 3558 τί
3096 3505 3210 3580 χρή
3259 3505 3349 3559 καὶ
3397 3504 3618 3582 λέγειν;
3670 3507 3837 3580 Ἐμοὶ

2187 3588 2336 3646 δοκεῖ
2375 3590 2466 3645 καὶ
2512 3588 2760 3654 πολλοὺς
2810 3591 2867 3646 ἂν
2921 3595 3028 3646 τῶν
3080 3590 3364 3669 παρόντων
3431 3591 3722 3658 ἀποθανεῖν
3775 3595 3839 3651 ἐκ

2189 3679 2354 3752 μόνου
2401 3684 2499 3734 τοῦ
2568 3685 2755 3756 τυχεῖν
2801 3678 3167 3751 τηλικούτους
3225 3682 3531 3755 θεωμένους
3595 3683 3836 3758 ἀγῶνας.

2186 3766 2340 3825 Ἀλλ’
2370 3768 2477 3844 οὐχ
2507 3768 2679 3832 οὕτως
2724 3769 2950 3839 ἐκεῖνος,
2982 3771 3010 3824 ὁ
3040 3769 3215 3833 πολὺς
3260 3772 3360 3840 τήν
3408 3771 3693 3848 καρτερίαν
3742 3773 3840 3828 καὶ

2187 3855 2565 3931 ἀδαμάντινος,
2598 3857 2687 3913 ἐπὶ
2730 3863 2897 3913 ταῦτα
2932 3864 3134 3935 χωρῶν
3169 3857 3423 3915 διετίθετο
3468 3860 3569 3929 τὴν
3620 3863 3835 3936 ψυχήνο

2185 3944 2315 4001 ἀλλ’
2342 3946 2476 4009 ὅλος
2507 3946 2641 4001 ὅλου
2672 3952 2771 4003 τοῦ
2815 3947 2964 4012 θείου
3012 3947 3343 4027 ἐμφορηθεὶς
3390 3946 3616 4024 ἔρωτος,
3647 3945 3840 4014 ἔνθους

2183 4056 2246 4089 τε
2293 4036 2533 4112 γεγονὼς
2586 4035 2675 4091 καὶ
2737 4036 3030 4112 μετέωρος,
3072 4040 3196 4092 νοῦν
3255 4058 3315 4092 τε
3367 4038 3458 4093 καὶ
3516 4038 3699 4114 ψυχὴν
3741 4039 3840 4094 καὶ

2190 4120 2427 4179 διάνοιαν
2476 4128 2576 4179 τοῦ
2635 4124 2900 4201 μακαρίου
2947 4124 3188 4189 κάλλους
3239 4124 3455 4201 ἐξάψας,
3505 4123 3588 4198 εἴη
3640 4124 3700 4181 δὲ
3758 4128 3841 4184 εί-

2186 4215 2305 4266 πεῖν
2353 4210 2442 4266 καὶ
2488 4212 2585 4274 τὰς
2651 4211 2925 4283 αἰσθήσεις
2991 4211 3171 4285 αύτᾶς,
3224 4213 3440 4287 σημείῳ
3494 4217 3843 4290 τε,σταῦροῦ

2189 4299 2546 4376 φραξάμενος,
2573 4298 2663 4354 καὶ
2732 4298 2802 4355 δι’
2867 4300 3038 4377 εὐχῆς
3097 4300 3310 4357 πάντων
3367 4301 3673 4360 ἀκουόντων
3730 4305 3838 4374 τὴν

2190 4385 2408 4464 ἄμαχον
2468 4392 2699 4461 Χριστοῦ
2758 4388 3188 4464 ἐπικεκλημένος
3248 4389 3431 4466 ἰσχὺν,
3492 4393 3628 4466 μετά
3673 4391 3842 4449 Δαυίδ

2187 4498 2247 4531 τε
2292 4476 2427 4533 κατὰ
2471 4477 2658 4553 καιρὸν
2708 4474 2872 4548 ᾅδων,
2903 4478 2977 4532 Oi)
3020 4473 3416 4556 φοϐηθήσομαι
3447 4481 3609 4551 κακὰ,
3641 4479 3725 4535 ὅτι
3777 4481 3844 4537 σὺ

2195 4566 2308 4639 μετ’
2367 4565 2504 4639 ἐμοῦ
2561 4565 2627 4636 εἴ,
2684 4565 2780 4621 κᾶν
2840 4564 2892 4620 ἐν
2942 4566 3091 4640 μέσῳ
3185 4567 3412 4631 θανάτου
3459 4568 3842 4644 πορεύσωμαι*

443 4631 635 4733 turus,
668 4664 770 4719 sed
811 4660 1316 4731 contemplaturus
1349 4631 1655 4715 'dhntaxat
1686 4677 1699 4727 ;
1732 4659 1885 4715 sicut
1939 4631 2070 4716 olim

2192 4631 2408 4730 ἐχώρει.
2451 4631 2674 4732 φαιδρδς
2734 4631 2975 4732 φαιδρῶς
3007 4631 3095 4713 ἐπὶ
3142 4656 3204 4711 τὸ
3265 4631 3597 4734 μηχάνημα,
3628 4631 3730 4720 ὡς.
3765 4659 3846 4721 εἲς

444 4752 599 4807 Elias
658 4750 922 4806 hilariter
966 4750 1205 4823 igneum
1263 4764 1501 4803 currum
1558 4748 1917 4816 conscendit,
1968 4748 2083 4805 nisi

446 4840 601 4911 quod
635 4841 745 4894 iste
775 4854 1082 4895 ascensum
1105 4837 1347 4892 haberet
1374 4836 1434 4891 in
1466 4834 1701 4905 coelum,
1722 4835 1818 4890 hic
1846 4853 1978 4892 vero
2009 4838 2082 4892 ad

444 4931 692 4983 mortem
722 4926 1043 4983 ambulare.
1075 4926 1255 4994 Tunc,
1288 4926 1546 4981 nudatur
1590 4924 1872 4991 vestibus,
1904 4941 2085 4997 supra

441 5020 631 5072 rotam
660 5014 1236 5082 curvatur,tenuibus
1267 5012 1447 5070 simul
1478 5016 1535 5069 et
1557 5012 1804 5068 fortibus
1833 5011 2084 5069 vinculis

440 5120 619 5176 super
640 5119 767 5159 eam
794 5102 1031 5175 ligatur.
1079 5103 1244 5157 Tunc
1277 5102 1402 5174 (sed
1436 5118 1468 5157 0
1496 5101 1507 5155 ι
1546 5101 1644 5174 qui
1666 5101 1853 5173 possit
1883 5101 2084 5165 audire

439 5194 663 5264 absque
693 5208 870 5248 sensu
901 5191 1138 5258 doloris,
1164 5191 1297 5262 quis
1322 5207 1558 5247 narrare
1587 5191 1715 5247 sine
1743 5189 2016 5262 lacrymis
2035 5188 2083 5261 ?)

436 5287 598 5352 tunc,
630 5280 894 5352 inquam,
920 5280 1105 5334 fertur
1131 5294 1336 5335 versus
1368 5279 1596 5351 gladios
1626 5284 1772 5346 rota,
1829 5278 2082 5333 circum-

440 5374 573 5427 acta
598 5368 842 5424 celerius
873 5367 1215 5440 carnificum
1236 5366 1670 5440 impellentium
1730 5366 2005 5422 manibus
2032 5371 2089 5423 et

440 5456 698 5514 mahinis
742 5455 1154 5512 adnitentium.
1215 5457 1378 5511 Tunc
1436 5473 1638 5512 omnes
1680 5454 1858 5511 simul
1906 5453 2085 5527 gladii

458 5562 636 5603 suum
668 5562 815 5617 opus
872 5544 1161 5616 agebant:
1211 5545 1742 5615 proscindebantur
1821 5544 2086 5599 membra

444 5638 675 5701 cuncta,
709 5634 813 5688 rivi
844 5632 1213 5706 proﬂuebant
1245 5634 1574 5705 sanguinis,
1608 5639 1664 5689 et
1722 5633 2086 5707 irigabantur

443 5740 671 5797 cruore,
703 5726 849 5796 rota,
881 5739 998 5795 aer,
1024 5721 1422 5794 pavimentum
1457 5738 1812 5796 ;carnesque
1839 5727 1898 5779 et
1925 5723 2085 5780 nervi

2192 4743 2420 4819 θεωρίαν
2486 4743 2715 4814 ἐκείνου,
2794 4741 2923 4799 ἀλλ’
2997 4743 3058 4798 οὐ
3107 4750 3299 4819 πεῖραν
3380 4746 3615 4819 ἰέμενος·
3673 4747 3846 4823 μόνος

2194 4828 2323 4894 ἴσως
2378 4829 2568 4893 Ἠλίας
2628 4830 2800 4892 οὕτως
2867 4828 3045 4902 ἡδέως
3118 4836 3216 4886 τοῦ
3282 4833 3505 4910 πυρίνου
3563 4826 3844 4891 ἐπέϐαινεν

2194 4921 2456 4997 ἅρματος’
2489 4918 2585 4975 κᾶν
2626 4920 2655 4975 ὁ
2698 4919 2792 4993 μὲν
2828 4918 2906 4983 εἷς
2951 4918 3172 4997 οὐρανὸν
3230 4920 3331 4990 τὴν
3389 4918 3576 4978 ἄνοδον
3636 4921 3846 4979 ἐποιεῖ-

2190 5029 2277 5079 το,
2337 5009 2365 5063 ὁ
2432 5005 2491 5063 δὲ
2571 5009 2669 5078 τὴν
2754 5006 2975 5085 πορείαν
3058 5006 3511 5083 ἀποθανούμενος.
3570 5012 3846 5077 Ἐντεῦθεν

2195 5096 2608 5174 ἐπιγυμνοῦται,
2691 5095 3072 5173 ἐπικυρτοῦται
3157 5102 3237 5170 τῷ
3319 5098 3534 5175 τροχῷ,
3619 5098 3847 5162 λεπτοῖς

2194 5188 2307 5260 ἅμα
2340 5186 2428 5242 καὶ
2488 5186 2736 5262 ἰσχυροῖς
2774 5190 2892 5247 τοῖς
2953 5185 3108 5257 ἱμᾶσι
3167 5182 3544 5263 στρεϐλοῦται.
3575 5189 3843 5247 Ἐντεῦθεν

2194 5276 2262 5351 (ὣ
2316 5277 2399 5339 τίς
2437 5275 2668 5337 ἀκούσας
2727 5274 2949 5336 ἀπαθῶς
3005 5274 3325 5346 ἀκούσεται;
3357 5283 3517 5340 ποῖος
3582 5275 3843 5353 ἀδακρυτὶ

2192 5370 2361 5420 ταῦτα
2413 5363 2738 5440 παρέλθοι,·)
2786 5362 3001 5440 φέρεται
3061 5364 3198 5418 κατὰ
3246 5370 3354 5420 τῶν
3409 5368 3597 5444 ξιφῶν,
3654 5366 3845 5437 ὀξύτε-

2197 5473 2286 5526 ρον
2343 5458 2441 5508 τοῦ
2497 5456 2706 5529 τροχοῦ
2761 5451 3094 5525 ποιουμένου
3162 5452 3253 5508 τὸν
3317 5452 3483 5523 δῖνον,
3540 5455 3629 5515 καὶ
3684 5454 3845 5531 χερσὶ

2198 5539 2600 5615 διερεθιζόντων
2635 5538 2877 5613 δημίων,
2917 5540 3007 5593 καὶ
3067 5548 3343 5616 μηχαναῖς
3403 5542 3844 5599 καταπινόντων.

2196 5632 2456 5696 Ἐνταῦθα
2514 5634 2604 5701 ἦν,
2662 5627 2753 5684 καί
2810 5629 2981 5683 πάντα
3038 5627 3249 5707 ἐνήργει
3306 5632 3452 5711 ξίφη,
3511 5633 3599 5691 καὶ
3632 5630 3842 5688 ’πάντα

2195 5719 2559 5799 ἀνερρήγνυτο
2628 5717 2794 5791 μέλη,
2857 5716 2948 5771 καὶ
3030 5719 3247 5795 κρουνοὶ
3329 5719 3555 5798 ατίματσς
3640 5718 3849 5799 ἔρῥεον,
