  <div class='ocr_page' id='page_1' title='image "/cluster/home/n/w/nwhite01/storage/ocr_20150623/142/mdp.39015078384792/164.png"; bbox 0 0 4118 6432; ppageno 0'>
   <div class='ocr_carea' id='block_1_1' title="bbox 410 415 2144 496">
    <p class='ocr_par' dir='ltr' id='par_1_1' title="bbox 410 415 2144 496">
     <span class='ocr_line' id='line_1_1' title="bbox 410 415 2144 496; baseline -0.006 1"><span class='ocrx_word' id='word_1_1' title='bbox 410 418 532 496; x_wconf 62' lang='grc' dir='ltr'>ΗΒ</span> <span class='ocrx_word' id='word_1_2' title='bbox 983 493 986 496; x_wconf 33' lang='grc' dir='ltr'>λ</span> <span class='ocrx_word' id='word_1_3' title='bbox 1665 415 2060 492; x_wconf 68' lang='lat' dir='ltr'>LAUDATIG</span> <span class='ocrx_word' id='word_1_4' title='bbox 2101 415 2144 486; x_wconf 83' lang='lat' dir='ltr'>.S</span> 
     </span>
    </p>
   </div>
   <div class='ocr_carea' id='block_1_2' title="bbox 405 550 2141 634">
    <p class='ocr_par' dir='ltr' id='par_1_2' title="bbox 405 550 2141 634">
     <span class='ocr_line' id='line_1_2' title="bbox 405 550 2141 634; baseline -0.003 -23"><span class='ocrx_word' id='word_1_5' title='bbox 405 552 501 611; x_wconf 75' lang='grc' dir='ltr'>καὶ</span> <span class='ocrx_word' id='word_1_6' title='bbox 581 552 778 611; x_wconf 69' lang='grc' dir='ltr'>πάντα</span> <span class='ocrx_word' id='word_1_7' title='bbox 823 551 1063 627; x_wconf 80' lang='grc' dir='ltr'>ἐδεύετο,</span> <span class='ocrx_word' id='word_1_8' title='bbox 1095 554 1332 634; x_wconf 77' lang='grc' dir='ltr'>τροχὸς,</span> <span class='ocrx_word' id='word_1_9' title='bbox 1383 551 1600 634; x_wconf 70' lang='grc' dir='ltr'>ἔδαφος,</span> <span class='ocrx_word' id='word_1_10' title='bbox 1659 551 1818 631; x_wconf 72' lang='grc' dir='ltr'>ἀνὴρ,</span> <span class='ocrx_word' id='word_1_11' title='bbox 1866 550 2056 628; x_wconf 79' lang='grc' dir='ltr'>σάρκες</span> <span class='ocrx_word' id='word_1_12' title='bbox 2085 551 2141 620; x_wconf 77' lang='grc' dir='ltr'><strong>Α</strong></span> 
     </span>
    </p>
   </div>
   <div class='ocr_carea' id='block_1_3' title="bbox 407 640 2054 722">
    <p class='ocr_par' dir='ltr' id='par_1_3' title="bbox 407 640 2054 722">
     <span class='ocr_line' id='line_1_3' title="bbox 407 640 2054 722; baseline -0.004 -22"><span class='ocrx_word' id='word_1_13' title='bbox 407 665 468 700; x_wconf 86' lang='grc' dir='ltr'>τε</span> <span class='ocrx_word' id='word_1_14' title='bbox 525 645 617 699; x_wconf 77' lang='grc' dir='ltr'>καὶ</span> <span class='ocrx_word' id='word_1_15' title='bbox 671 649 833 722; x_wconf 73' lang='grc' dir='ltr'>νεῦρα</span> <span class='ocrx_word' id='word_1_16' title='bbox 889 646 979 700; x_wconf 83' lang='grc' dir='ltr'>καὶ</span> <span class='ocrx_word' id='word_1_17' title='bbox 1038 645 1188 721; x_wconf 78' lang='grc' dir='ltr'>ὀστᾶ,</span> <span class='ocrx_word' id='word_1_18' title='bbox 1223 644 1410 717; x_wconf 79' lang='grc' dir='ltr'>ἐπίσης</span> <span class='ocrx_word' id='word_1_19' title='bbox 1468 644 1640 700; x_wconf 81' lang='grc' dir='ltr'>πάντα</span> <span class='ocrx_word' id='word_1_20' title='bbox 1689 647 1755 718; x_wconf 72' lang='grc' dir='ltr'>τῇ</span> <span class='ocrx_word' id='word_1_21' title='bbox 1820 641 1911 716; x_wconf 76' lang='grc' dir='ltr'>βίᾳ</span> <span class='ocrx_word' id='word_1_22' title='bbox 1964 640 2054 696; x_wconf 83' lang='grc' dir='ltr'>καὶ</span> 
     </span>
    </p>
   </div>
   <div class='ocr_carea' id='block_1_4' title="bbox 412 733 1278 809">
    <p class='ocr_par' dir='ltr' id='par_1_4' title="bbox 412 733 1278 809">
     <span class='ocr_line' id='line_1_4' title="bbox 412 733 1278 809; baseline 0.007 -21"><span class='ocrx_word' id='word_1_23' title='bbox 412 733 830 808; x_wconf 80' lang='grc' dir='ltr'>σπαραττόμενοι</span> <span class='ocrx_word' id='word_1_24' title='bbox 848 734 938 790; x_wconf 82' lang='grc' dir='ltr'>καὶ</span> <span class='ocrx_word' id='word_1_25' title='bbox 970 735 1278 809; x_wconf 81' lang='grc' dir='ltr'>ξαινόμενα.</span> 
     </span>
    </p>
   </div>
   <div class='ocr_carea' id='block_1_5' title="bbox 487 836 2055 920">
    <p class='ocr_par' dir='ltr' id='par_1_5' title="bbox 487 836 2055 920">
     <span class='ocr_line' id='line_1_5' title="bbox 487 836 2055 920; baseline -0.002 -26"><span class='ocrx_word' id='word_1_26' title='bbox 487 848 579 915; x_wconf 82' lang='grc' dir='ltr'>ιγ’.</span> <span class='ocrx_word' id='word_1_27' title='bbox 610 844 710 895; x_wconf 81' lang='grc' dir='ltr'>Καὶ</span> <span class='ocrx_word' id='word_1_28' title='bbox 766 842 835 898; x_wconf 79' lang='grc' dir='ltr'>τὰ</span> <span class='ocrx_word' id='word_1_29' title='bbox 895 844 990 916; x_wconf 81' lang='grc' dir='ltr'>μὲν</span> <span class='ocrx_word' id='word_1_30' title='bbox 1049 844 1124 904; x_wconf 86' lang='grc' dir='ltr'>ὡς</span> <span class='ocrx_word' id='word_1_31' title='bbox 1182 842 1257 904; x_wconf 82' lang='grc' dir='ltr'>εἷς</span> <span class='ocrx_word' id='word_1_32' title='bbox 1313 841 1442 919; x_wconf 79' lang='grc' dir='ltr'>ἀὲρα</span> <span class='ocrx_word' id='word_1_33' title='bbox 1478 841 1714 920; x_wconf 71' lang='grc' dir='ltr'>ἐφέρετο·</span> <span class='ocrx_word' id='word_1_34' title='bbox 1749 840 1777 894; x_wconf 81' lang='grc' dir='ltr'>ὁ</span> <span class='ocrx_word' id='word_1_35' title='bbox 1806 836 1852 894; x_wconf 78' lang='grc' dir='ltr'>δ’</span> <span class='ocrx_word' id='word_1_36' title='bbox 1884 836 2055 898; x_wconf 77' lang='grc' dir='ltr'>οὕτως</span> 
     </span>
    </p>
   </div>
   <div class='ocr_carea' id='block_1_6' title="bbox 419 925 2060 1004">
    <p class='ocr_par' dir='ltr' id='par_1_6' title="bbox 419 925 2060 1004">
     <span class='ocr_line' id='line_1_6' title="bbox 419 925 2060 1004; baseline -0.002 -21"><span class='ocrx_word' id='word_1_37' title='bbox 419 929 612 1004; x_wconf 75' lang='grc' dir='ltr'>ἱερείου</span> <span class='ocrx_word' id='word_1_38' title='bbox 664 927 820 999; x_wconf 83' lang='grc' dir='ltr'>δίκην</span> <span class='ocrx_word' id='word_1_39' title='bbox 865 932 1332 1004; x_wconf 77' lang='grc' dir='ltr'>κατα-τεμνόμενος</span> <span class='ocrx_word' id='word_1_40' title='bbox 1379 930 1469 985; x_wconf 85' lang='grc' dir='ltr'>καὶ</span> <span class='ocrx_word' id='word_1_41' title='bbox 1532 928 1910 1002; x_wconf 81' lang='grc' dir='ltr'>σπενδόμενος,</span> <span class='ocrx_word' id='word_1_42' title='bbox 1962 925 2060 980; x_wconf 81' lang='grc' dir='ltr'>οὐκ</span> 
     </span>
    </p>
   </div>
   <div class='ocr_carea' id='block_1_7' title="bbox 424 1013 2057 1096">
    <p class='ocr_par' dir='ltr' id='par_1_7' title="bbox 424 1013 2057 1096">
     <span class='ocr_line' id='line_1_7' title="bbox 424 1013 2057 1096; baseline -0.002 -25"><span class='ocrx_word' id='word_1_43' title='bbox 424 1017 573 1095; x_wconf 64' lang='grc' dir='ltr'>ἠφίει</span> <span class='ocrx_word' id='word_1_44' title='bbox 620 1021 831 1096; x_wconf 71' lang='grc' dir='ltr'>φωνὴν,</span> <span class='ocrx_word' id='word_1_45' title='bbox 883 1020 945 1074; x_wconf 81' lang='grc' dir='ltr'>ού</span> <span class='ocrx_word' id='word_1_46' title='bbox 993 1023 1290 1095; x_wconf 83' lang='grc' dir='ltr'>στεναγμὸν</span> <span class='ocrx_word' id='word_1_47' title='bbox 1341 1022 1660 1093; x_wconf 67' lang='grc' dir='ltr'>ἀνέπεμπεν,</span> <span class='ocrx_word' id='word_1_48' title='bbox 1718 1017 1830 1092; x_wconf 61' lang='grc' dir='ltr'>τούχ</span> <span class='ocrx_word' id='word_1_49' title='bbox 1877 1013 2057 1092; x_wconf 70' lang='grc' dir='ltr'>ἕτερον</span> 
     </span>
    </p>
   </div>
   <div class='ocr_carea' id='block_1_8' title="bbox 425 1105 2058 1182">
    <p class='ocr_par' dir='ltr' id='par_1_8' title="bbox 425 1105 2058 1182">
     <span class='ocr_line' id='line_1_8' title="bbox 425 1105 2058 1182; baseline 0.001 -20"><span class='ocrx_word' id='word_1_50' title='bbox 425 1105 578 1162; x_wconf 74' lang='grc' dir='ltr'>οὐδὲν</span> <span class='ocrx_word' id='word_1_51' title='bbox 633 1105 839 1162; x_wconf 77' lang='grc' dir='ltr'>ἐδείκνυ</span> <span class='ocrx_word' id='word_1_52' title='bbox 909 1112 1016 1163; x_wconf 89' lang='grc' dir='ltr'>τῶν</span> <span class='ocrx_word' id='word_1_53' title='bbox 1065 1107 1258 1179; x_wconf 79' lang='grc' dir='ltr'>ὀδύνην</span> <span class='ocrx_word' id='word_1_54' title='bbox 1307 1108 1779 1182; x_wconf 85' lang='grc' dir='ltr'>ὑποσημαινύντων</span> <span class='ocrx_word' id='word_1_55' title='bbox 1852 1111 2058 1181; x_wconf 80' lang='grc' dir='ltr'>ψυχῆς’</span> 
     </span>
    </p>
   </div>
   <div class='ocr_carea' id='block_1_9' title="bbox 421 1193 2058 1274">
    <p class='ocr_par' dir='ltr' id='par_1_9' title="bbox 421 1193 2058 1274">
     <span class='ocr_line' id='line_1_9' title="bbox 421 1193 2058 1274; baseline -0.001 -25"><span class='ocrx_word' id='word_1_56' title='bbox 421 1195 487 1250; x_wconf 77' lang='grc' dir='ltr'>οὐ</span> <span class='ocrx_word' id='word_1_57' title='bbox 533 1195 634 1272; x_wconf 70' lang='grc' dir='ltr'>γὰρ</span> <span class='ocrx_word' id='word_1_58' title='bbox 673 1195 835 1268; x_wconf 83' lang='grc' dir='ltr'>ἐῴκει</span> <span class='ocrx_word' id='word_1_59' title='bbox 880 1197 1173 1274; x_wconf 84' lang='grc' dir='ltr'>πάσχοντι,</span> <span class='ocrx_word' id='word_1_60' title='bbox 1222 1196 1347 1252; x_wconf 75' lang='grc' dir='ltr'>οὐδὲ</span> <span class='ocrx_word' id='word_1_61' title='bbox 1405 1196 1614 1271; x_wconf 74' lang='grc' dir='ltr'>σιδήρῳ</span> <span class='ocrx_word' id='word_1_62' title='bbox 1685 1193 1894 1270; x_wconf 82' lang='grc' dir='ltr'>μᾶλλον</span> <span class='ocrx_word' id='word_1_63' title='bbox 1961 1194 2058 1262; x_wconf 72' lang='grc' dir='ltr'>τὴν</span> 
     </span>
    </p>
   </div>
   <div class='ocr_carea' id='block_1_10' title="bbox 421 1281 2062 1361">
    <p class='ocr_par' dir='ltr' id='par_1_10' title="bbox 421 1281 2062 1361">
     <span class='ocr_line' id='line_1_10' title="bbox 421 1281 2062 1361; baseline -0.002 -21"><span class='ocrx_word' id='word_1_64' title='bbox 421 1283 662 1360; x_wconf 80' lang='grc' dir='ltr'>διαρτίαν</span> <span class='ocrx_word' id='word_1_65' title='bbox 713 1284 967 1358; x_wconf 78' lang='grc' dir='ltr'>λυομένῳ</span> <span class='ocrx_word' id='word_1_66' title='bbox 1026 1291 1122 1340; x_wconf 79' lang='grc' dir='ltr'>τοῦ</span> <span class='ocrx_word' id='word_1_67' title='bbox 1187 1288 1438 1360; x_wconf 88' lang='grc' dir='ltr'>σώματος</span> <span class='ocrx_word' id='word_1_68' title='bbox 1479 1283 1515 1355; x_wconf 73' lang='grc' dir='ltr'>ἤ</span> <span class='ocrx_word' id='word_1_69' title='bbox 1568 1283 1847 1361; x_wconf 73' lang='grc' dir='ltr'>βαθυτάτῳ</span> <span class='ocrx_word' id='word_1_70' title='bbox 1913 1281 2062 1354; x_wconf 78' lang='grc' dir='ltr'>ὕπνῳ</span> 
     </span>
    </p>
   </div>
   <div class='ocr_carea' id='block_1_11' title="bbox 413 1373 2058 1448">
    <p class='ocr_par' dir='ltr' id='par_1_11' title="bbox 413 1373 2058 1448">
     <span class='ocr_line' id='line_1_11' title="bbox 413 1373 2058 1448; baseline -0.002 -20"><span class='ocrx_word' id='word_1_71' title='bbox 413 1373 794 1448; x_wconf 75' lang='grc' dir='ltr'>κατεχομένῳ.</span> <span class='ocrx_word' id='word_1_72' title='bbox 828 1373 980 1444; x_wconf 75' lang='grc' dir='ltr'>Πλὴν</span> <span class='ocrx_word' id='word_1_73' title='bbox 1036 1373 1160 1430; x_wconf 86' lang='grc' dir='ltr'>ἀλλ’</span> <span class='ocrx_word' id='word_1_74' title='bbox 1209 1375 1268 1431; x_wconf 81' lang='grc' dir='ltr'>ἐκ</span> <span class='ocrx_word' id='word_1_75' title='bbox 1308 1375 1506 1430; x_wconf 88' lang='grc' dir='ltr'>τούτου</span> <span class='ocrx_word' id='word_1_76' title='bbox 1551 1373 1706 1445; x_wconf 80' lang='grc' dir='ltr'>δόξας</span> <span class='ocrx_word' id='word_1_77' title='bbox 1754 1373 2058 1444; x_wconf 82' lang='grc' dir='ltr'>ἀποθανεῖν,</span> 
     </span>
    </p>
   </div>
   <div class='ocr_carea' id='block_1_12' title="bbox 415 1458 2061 1533">
    <p class='ocr_par' dir='ltr' id='par_1_12' title="bbox 415 1458 2061 1533">
     <span class='ocr_line' id='line_1_12' title="bbox 415 1458 2061 1533; baseline -0.001 -18"><span class='ocrx_word' id='word_1_78' title='bbox 415 1461 518 1516; x_wconf 82' lang='grc' dir='ltr'>οὐκ</span> <span class='ocrx_word' id='word_1_79' title='bbox 594 1461 734 1517; x_wconf 80' lang='grc' dir='ltr'>ἔστιν</span> <span class='ocrx_word' id='word_1_80' title='bbox 800 1463 966 1518; x_wconf 81' lang='grc' dir='ltr'>εἰπεῖν</span> <span class='ocrx_word' id='word_1_81' title='bbox 1036 1463 1157 1519; x_wconf 79' lang='grc' dir='ltr'>ὅσον</span> <span class='ocrx_word' id='word_1_82' title='bbox 1225 1470 1328 1533; x_wconf 84' lang='grc' dir='ltr'>τῆς</span> <span class='ocrx_word' id='word_1_83' title='bbox 1392 1459 1638 1526; x_wconf 77' lang='grc' dir='ltr'>ἀσεϐείας</span> <span class='ocrx_word' id='word_1_84' title='bbox 1705 1458 2061 1522; x_wconf 80' lang='grc' dir='ltr'>σπουδασταῖς</span> 
     </span>
    </p>
   </div>
   <div class='ocr_carea' id='block_1_13' title="bbox 415 1548 2062 1630">
    <p class='ocr_par' dir='ltr' id='par_1_13' title="bbox 415 1548 2062 1630">
     <span class='ocr_line' id='line_1_13' title="bbox 415 1548 2062 1630; baseline -0.002 -24"><span class='ocrx_word' id='word_1_85' title='bbox 415 1551 776 1630; x_wconf 63' lang='grc' dir='ltr'>εὐφρανθῆναι</span> <span class='ocrx_word' id='word_1_86' title='bbox 831 1555 1094 1630; x_wconf 70' lang='grc' dir='ltr'>παρέσχε,</span> <span class='ocrx_word' id='word_1_87' title='bbox 1137 1557 1439 1630; x_wconf 77' lang='grc' dir='ltr'>πανήγυριν</span> <span class='ocrx_word' id='word_1_88' title='bbox 1491 1554 1736 1630; x_wconf 85' lang='grc' dir='ltr'>ἀτεχνῶς</span> <span class='ocrx_word' id='word_1_89' title='bbox 1783 1552 1872 1606; x_wconf 87' lang='grc' dir='ltr'>τὸν</span> <span class='ocrx_word' id='word_1_90' title='bbox 1925 1548 2062 1604; x_wconf 77' lang='grc' dir='ltr'>ἐκεί-</span> 
     </span>
    </p>
   </div>
   <div class='ocr_carea' id='block_1_14' title="bbox 412 1636 2061 1718">
    <p class='ocr_par' dir='ltr' id='par_1_14' title="bbox 412 1636 2061 1718">
     <span class='ocr_line' id='line_1_14' title="bbox 412 1636 2061 1718; baseline -0.001 -24"><span class='ocrx_word' id='word_1_91' title='bbox 412 1662 511 1700; x_wconf 83' lang='grc' dir='ltr'>νου</span> <span class='ocrx_word' id='word_1_92' title='bbox 544 1642 768 1706; x_wconf 84' lang='grc' dir='ltr'>θάνατον</span> <span class='ocrx_word' id='word_1_93' title='bbox 797 1643 1144 1718; x_wconf 73' lang='grc' dir='ltr'>ἡγουμένοις.</span> <span class='ocrx_word' id='word_1_94' title='bbox 1172 1646 1359 1716; x_wconf 86' lang='grc' dir='ltr'>Ὅμως</span> <span class='ocrx_word' id='word_1_95' title='bbox 1396 1645 1431 1713; x_wconf 80' lang='grc' dir='ltr'>ἡ</span> <span class='ocrx_word' id='word_1_96' title='bbox 1470 1642 1594 1698; x_wconf 89' lang='grc' dir='ltr'>τότε</span> <span class='ocrx_word' id='word_1_97' title='bbox 1638 1640 1831 1708; x_wconf 86' lang='grc' dir='ltr'>τελετή</span> <span class='ocrx_word' id='word_1_98' title='bbox 1878 1636 2061 1700; x_wconf 88' lang='grc' dir='ltr'>καλῶς</span> 
     </span>
    </p>
   </div>
   <div class='ocr_carea' id='block_1_15' title="bbox 411 1726 2063 1808">
    <p class='ocr_par' dir='ltr' id='par_1_15' title="bbox 411 1726 2063 1808">
     <span class='ocr_line' id='line_1_15' title="bbox 411 1726 2063 1808; baseline -0.001 -25"><span class='ocrx_word' id='word_1_99' title='bbox 411 1735 536 1791; x_wconf 80' lang='grc' dir='ltr'>τοῖς</span> <span class='ocrx_word' id='word_1_100' title='bbox 638 1727 1022 1806; x_wconf 68' lang='grc' dir='ltr'>λογισαμένοις</span> <span class='ocrx_word' id='word_1_101' title='bbox 1112 1735 1504 1808; x_wconf 73' lang='grc' dir='ltr'>τεκμήρασθαι,</span> <span class='ocrx_word' id='word_1_102' title='bbox 1587 1726 1840 1786; x_wconf 76' lang='grc' dir='ltr'>ἔσπευδον</span> <span class='ocrx_word' id='word_1_103' title='bbox 1927 1727 2063 1801; x_wconf 86' lang='grc' dir='ltr'>πρὸς</span> 
     </span>
    </p>
   </div>
   <div class='ocr_carea' id='block_1_16' title="bbox 416 1815 2063 1898">
    <p class='ocr_par' dir='ltr' id='par_1_16' title="bbox 416 1815 2063 1898">
     <span class='ocr_line' id='line_1_16' title="bbox 416 1815 2063 1898; baseline -0.002 -25"><span class='ocrx_word' id='word_1_104' title='bbox 416 1817 653 1894; x_wconf 76' lang='grc' dir='ltr'>βασιλέα</span> <span class='ocrx_word' id='word_1_105' title='bbox 700 1817 928 1890; x_wconf 89' lang='grc' dir='ltr'>πολλοὶ,</span> <span class='ocrx_word' id='word_1_106' title='bbox 979 1818 1158 1898; x_wconf 82' lang='grc' dir='ltr'>ὥσπερ</span> <span class='ocrx_word' id='word_1_107' title='bbox 1206 1823 1349 1885; x_wconf 73' lang='grc' dir='ltr'>τινες</span> <span class='ocrx_word' id='word_1_108' title='bbox 1398 1818 1616 1898; x_wconf 82' lang='grc' dir='ltr'>ἄγγελοι</span> <span class='ocrx_word' id='word_1_109' title='bbox 1670 1822 1778 1874; x_wconf 91' lang='grc' dir='ltr'>τῶν</span> <span class='ocrx_word' id='word_1_110' title='bbox 1827 1815 2063 1893; x_wconf 87' lang='grc' dir='ltr'>κρειττό-</span> 
     </span>
    </p>
   </div>
   <div class='ocr_carea' id='block_1_17' title="bbox 409 1905 2142 1993">
    <p class='ocr_par' dir='ltr' id='par_1_17' title="bbox 409 1905 2142 1993">
     <span class='ocr_line' id='line_1_17' title="bbox 409 1905 2142 1993; baseline -0.002 -29"><span class='ocrx_word' id='word_1_111' title='bbox 409 1929 523 1964; x_wconf 84' lang='grc' dir='ltr'>νων</span> <span class='ocrx_word' id='word_1_112' title='bbox 595 1907 861 1982; x_wconf 78' lang='grc' dir='ltr'>ἐσόμενοι,</span> <span class='ocrx_word' id='word_1_113' title='bbox 910 1907 1084 1973; x_wconf 81' lang='grc' dir='ltr'>ἄλλος</span> <span class='ocrx_word' id='word_1_114' title='bbox 1140 1908 1312 1966; x_wconf 76' lang='grc' dir='ltr'>ἄλλον</span> <span class='ocrx_word' id='word_1_115' title='bbox 1362 1909 1781 1990; x_wconf 75' lang='grc' dir='ltr'>προφθάνοντες,</span> <span class='ocrx_word' id='word_1_116' title='bbox 1830 1905 2062 1976; x_wconf 80' lang='grc' dir='ltr'>Νενική-</span> <span class='ocrx_word' id='word_1_117' title='bbox 2093 1927 2142 1993; x_wconf 82' lang='grc' dir='ltr'>Β</span> 
     </span>
    </p>
   </div>
   <div class='ocr_carea' id='block_1_18' title="bbox 409 1994 2063 2076">
    <p class='ocr_par' dir='ltr' id='par_1_18' title="bbox 409 1994 2063 2076">
     <span class='ocr_line' id='line_1_18' title="bbox 409 1994 2063 2076; baseline -0.002 -25"><span class='ocrx_word' id='word_1_118' title='bbox 409 2017 613 2068; x_wconf 83' lang='grc' dir='ltr'>καμεν,</span> <span class='ocrx_word' id='word_1_119' title='bbox 701 1994 972 2074; x_wconf 74' lang='grc' dir='ltr'>λέγοντες,</span> <span class='ocrx_word' id='word_1_120' title='bbox 1081 2001 1563 2076; x_wconf 77' lang='grc' dir='ltr'>περιγεγενήμεθα,</span> <span class='ocrx_word' id='word_1_121' title='bbox 1665 1995 2063 2073; x_wconf 77' lang='grc' dir='ltr'>κατείργασται,</span> 
     </span>
    </p>
   </div>
   <div class='ocr_carea' id='block_1_19' title="bbox 409 2083 2066 2162">
    <p class='ocr_par' dir='ltr' id='par_1_19' title="bbox 409 2083 2066 2162">
     <span class='ocr_line' id='line_1_19' title="bbox 409 2083 2066 2162; baseline -0.002 -20"><span class='ocrx_word' id='word_1_122' title='bbox 409 2087 696 2157; x_wconf 71' lang='grc' dir='ltr'>τέθνηκεν,</span> <span class='ocrx_word' id='word_1_123' title='bbox 735 2086 884 2160; x_wconf 81' lang='grc' dir='ltr'>ἀξίαν</span> <span class='ocrx_word' id='word_1_124' title='bbox 930 2095 1032 2157; x_wconf 84' lang='grc' dir='ltr'>τῆς</span> <span class='ocrx_word' id='word_1_125' title='bbox 1079 2089 1214 2144; x_wconf 85' lang='grc' dir='ltr'>κατά</span> <span class='ocrx_word' id='word_1_126' title='bbox 1260 2093 1368 2144; x_wconf 90' lang='grc' dir='ltr'>τῶν</span> <span class='ocrx_word' id='word_1_127' title='bbox 1414 2086 1735 2162; x_wconf 84' lang='grc' dir='ltr'>κρειττόνων</span> <span class='ocrx_word' id='word_1_128' title='bbox 1782 2083 2066 2160; x_wconf 76' lang='grc' dir='ltr'>παροινίας</span> 
     </span>
    </p>
   </div>
   <div class='ocr_carea' id='block_1_20' title="bbox 411 2170 2067 2253">
    <p class='ocr_par' dir='ltr' id='par_1_20' title="bbox 411 2170 2067 2253">
     <span class='ocr_line' id='line_1_20' title="bbox 411 2170 2067 2253; baseline -0.002 -23"><span class='ocrx_word' id='word_1_129' title='bbox 411 2173 533 2250; x_wconf 68' lang='grc' dir='ltr'>ἔχει</span> <span class='ocrx_word' id='word_1_130' title='bbox 583 2177 684 2244; x_wconf 80' lang='grc' dir='ltr'>τήν</span> <span class='ocrx_word' id='word_1_131' title='bbox 728 2170 990 2248; x_wconf 74' lang='grc' dir='ltr'>ἀμοιϐήν.</span> <span class='ocrx_word' id='word_1_132' title='bbox 1039 2181 1094 2231; x_wconf 92' lang='grc' dir='ltr'>Ὁ</span> <span class='ocrx_word' id='word_1_133' title='bbox 1133 2175 1211 2248; x_wconf 77' lang='grc' dir='ltr'>δὲ,</span> <span class='ocrx_word' id='word_1_134' title='bbox 1262 2176 1372 2250; x_wconf 78' lang='grc' dir='ltr'>ὅσῳ</span> <span class='ocrx_word' id='word_1_135' title='bbox 1413 2176 1504 2232; x_wconf 84' lang='grc' dir='ltr'>καὶ</span> <span class='ocrx_word' id='word_1_136' title='bbox 1556 2173 1918 2253; x_wconf 81' lang='grc' dir='ltr'>διαφερόντως</span> <span class='ocrx_word' id='word_1_137' title='bbox 1961 2176 2067 2227; x_wconf 86' lang='grc' dir='ltr'>τῶν</span> 
     </span>
    </p>
   </div>
   <div class='ocr_carea' id='block_1_21' title="bbox 415 2259 2067 2341">
    <p class='ocr_par' dir='ltr' id='par_1_21' title="bbox 415 2259 2067 2341">
     <span class='ocr_line' id='line_1_21' title="bbox 415 2259 2067 2341; baseline -0.002 -22"><span class='ocrx_word' id='word_1_138' title='bbox 415 2261 613 2319; x_wconf 79' lang='grc' dir='ltr'>ἄλλων</span> <span class='ocrx_word' id='word_1_139' title='bbox 653 2267 761 2318; x_wconf 88' lang='grc' dir='ltr'>τῶν</span> <span class='ocrx_word' id='word_1_140' title='bbox 817 2270 1159 2341; x_wconf 88' lang='grc' dir='ltr'>μαρτυρικῶν</span> <span class='ocrx_word' id='word_1_141' title='bbox 1205 2267 1450 2340; x_wconf 75' lang='grc' dir='ltr'>αἱμάτων</span> <span class='ocrx_word' id='word_1_142' title='bbox 1502 2263 1679 2339; x_wconf 79' lang='grc' dir='ltr'>ἐδίψα,</span> <span class='ocrx_word' id='word_1_143' title='bbox 1712 2263 1803 2320; x_wconf 84' lang='grc' dir='ltr'>καὶ</span> <span class='ocrx_word' id='word_1_144' title='bbox 1855 2259 2067 2335; x_wconf 80' lang='grc' dir='ltr'>μᾶλλον</span> 
     </span>
    </p>
   </div>
   <div class='ocr_carea' id='block_1_22' title="bbox 409 2346 2071 2431">
    <p class='ocr_par' dir='ltr' id='par_1_22' title="bbox 409 2346 2071 2431">
     <span class='ocr_line' id='line_1_22' title="bbox 409 2346 2071 2431; baseline -0.002 -25"><span class='ocrx_word' id='word_1_145' title='bbox 409 2357 713 2422; x_wconf 76' lang='grc' dir='ltr'>τηνικαῦτα</span> <span class='ocrx_word' id='word_1_146' title='bbox 773 2356 881 2406; x_wconf 89' lang='grc' dir='ltr'>τῶν</span> <span class='ocrx_word' id='word_1_147' title='bbox 946 2351 1129 2409; x_wconf 80' lang='grc' dir='ltr'>ἄλλων</span> <span class='ocrx_word' id='word_1_148' title='bbox 1196 2351 1381 2431; x_wconf 82' lang='grc' dir='ltr'>ἔγεμεν</span> <span class='ocrx_word' id='word_1_149' title='bbox 1446 2352 1673 2423; x_wconf 56' lang='grc' dir='ltr'>ᾗδονῆς,</span> <span class='ocrx_word' id='word_1_150' title='bbox 1723 2348 1932 2426; x_wconf 78' lang='grc' dir='ltr'>ἔχαιρε,</span> <span class='ocrx_word' id='word_1_151' title='bbox 1991 2346 2071 2403; x_wconf 83' lang='grc' dir='ltr'>δι-</span> 
     </span>
    </p>
   </div>
   <div class='ocr_carea' id='block_1_23' title="bbox 414 2436 2070 2518">
    <p class='ocr_par' dir='ltr' id='par_1_23' title="bbox 414 2436 2070 2518">
     <span class='ocr_line' id='line_1_23' title="bbox 414 2436 2070 2518; baseline -0.002 -24"><span class='ocrx_word' id='word_1_152' title='bbox 414 2440 696 2510; x_wconf 84' lang='grc' dir='ltr'>ανίστατο,</span> <span class='ocrx_word' id='word_1_153' title='bbox 753 2441 937 2496; x_wconf 74' lang='grc' dir='ltr'>ἑαυτὸν</span> <span class='ocrx_word' id='word_1_154' title='bbox 1013 2442 1100 2497; x_wconf 84' lang='grc' dir='ltr'>ὑπ’</span> <span class='ocrx_word' id='word_1_155' title='bbox 1157 2442 1490 2518; x_wconf 77' lang='grc' dir='ltr'>εὐφροσύνης</span> <span class='ocrx_word' id='word_1_156' title='bbox 1531 2441 1779 2517; x_wconf 75' lang='grc' dir='ltr'>κατέχειν</span> <span class='ocrx_word' id='word_1_157' title='bbox 1841 2438 1941 2493; x_wconf 78' lang='grc' dir='ltr'>οὐκ</span> <span class='ocrx_word' id='word_1_158' title='bbox 1996 2436 2070 2492; x_wconf 84' lang='grc' dir='ltr'>εἶ-</span> 
     </span>
    </p>
   </div>
   <div class='ocr_carea' id='block_1_24' title="bbox 410 2525 2073 2608">
    <p class='ocr_par' dir='ltr' id='par_1_24' title="bbox 410 2525 2073 2608">
     <span class='ocr_line' id='line_1_24' title="bbox 410 2525 2073 2608; baseline -0.004 -23"><span class='ocrx_word' id='word_1_159' title='bbox 410 2551 538 2608; x_wconf 83' lang='grc' dir='ltr'>χεν·</span> <span class='ocrx_word' id='word_1_160' title='bbox 589 2534 707 2592; x_wconf 83' lang='grc' dir='ltr'>τοῖς</span> <span class='ocrx_word' id='word_1_161' title='bbox 753 2551 813 2585; x_wconf 88' lang='grc' dir='ltr'>τε</span> <span class='ocrx_word' id='word_1_162' title='bbox 858 2530 1142 2600; x_wconf 74' lang='grc' dir='ltr'>πλήθεσινο</span> <span class='ocrx_word' id='word_1_163' title='bbox 1182 2532 1268 2594; x_wconf 84' lang='grc' dir='ltr'>-ὡς</span> <span class='ocrx_word' id='word_1_164' title='bbox 1319 2530 1404 2586; x_wconf 79' lang='grc' dir='ltr'>ἐπὶ</span> <span class='ocrx_word' id='word_1_165' title='bbox 1475 2528 1764 2605; x_wconf 82' lang='grc' dir='ltr'>παραδόξῳ</span> <span class='ocrx_word' id='word_1_166' title='bbox 1831 2526 1935 2582; x_wconf 81' lang='grc' dir='ltr'>τινὶ</span> <span class='ocrx_word' id='word_1_167' title='bbox 1983 2525 2073 2580; x_wconf 79' lang='grc' dir='ltr'>καὶ</span> 
     </span>
    </p>
   </div>
   <div class='ocr_carea' id='block_1_25' title="bbox 413 2613 2074 2698">
    <p class='ocr_par' dir='ltr' id='par_1_25' title="bbox 413 2613 2074 2698">
     <span class='ocr_line' id='line_1_25' title="bbox 413 2613 2074 2698; baseline -0.005 -22"><span class='ocrx_word' id='word_1_168' title='bbox 413 2618 638 2692; x_wconf 81' lang='grc' dir='ltr'>ἀπίστῳ</span> <span class='ocrx_word' id='word_1_169' title='bbox 710 2623 778 2694; x_wconf 81' lang='grc' dir='ltr'>τῇ</span> <span class='ocrx_word' id='word_1_170' title='bbox 843 2620 984 2694; x_wconf 79' lang='grc' dir='ltr'>νίκῃ,</span> <span class='ocrx_word' id='word_1_171' title='bbox 1053 2622 1242 2698; x_wconf 75' lang='grc' dir='ltr'>ἑορτὰς</span> <span class='ocrx_word' id='word_1_172' title='bbox 1307 2618 1650 2697; x_wconf 80' lang='grc' dir='ltr'>παρήγγειλε</span> <span class='ocrx_word' id='word_1_173' title='bbox 1713 2618 1803 2674; x_wconf 87' lang='grc' dir='ltr'>καὶ</span> <span class='ocrx_word' id='word_1_174' title='bbox 1867 2613 2074 2683; x_wconf 82' lang='grc' dir='ltr'>θυσίας,</span> 
     </span>
    </p>
   </div>
   <div class='ocr_carea' id='block_1_26' title="bbox 410 2699 2077 2786">
    <p class='ocr_par' dir='ltr' id='par_1_26' title="bbox 410 2699 2077 2786">
     <span class='ocr_line' id='line_1_26' title="bbox 410 2699 2077 2786; baseline -0.004 -22"><span class='ocrx_word' id='word_1_175' title='bbox 410 2708 507 2764; x_wconf 72' lang='grc' dir='ltr'>καὶ</span> <span class='ocrx_word' id='word_1_176' title='bbox 563 2707 724 2770; x_wconf 74' lang='grc' dir='ltr'>αὐτός</span> <span class='ocrx_word' id='word_1_177' title='bbox 767 2730 830 2784; x_wconf 90' lang='grc' dir='ltr'>γε</span> <span class='ocrx_word' id='word_1_178' title='bbox 885 2708 1094 2783; x_wconf 88' lang='grc' dir='ltr'>ὁμοίως</span> <span class='ocrx_word' id='word_1_179' title='bbox 1164 2709 1354 2766; x_wconf 78' lang='grc' dir='ltr'>ἐποίειο</span> <span class='ocrx_word' id='word_1_180' title='bbox 1410 2709 1496 2765; x_wconf 74' lang='grc' dir='ltr'>ἐπὶ</span> <span class='ocrx_word' id='word_1_181' title='bbox 1569 2709 1794 2786; x_wconf 77' lang='grc' dir='ltr'>βωμοὺς</span> <span class='ocrx_word' id='word_1_182' title='bbox 1862 2699 2077 2773; x_wconf 74' lang='grc' dir='ltr'>ἐϐάδιζε</span> 
     </span>
    </p>
   </div>
   <div class='ocr_carea' id='block_1_27' title="bbox 409 2796 1726 2874">
    <p class='ocr_par' dir='ltr' id='par_1_27' title="bbox 409 2796 1726 2874">
     <span class='ocr_line' id='line_1_27' title="bbox 409 2796 1726 2874; baseline 0 -22"><span class='ocrx_word' id='word_1_183' title='bbox 409 2797 506 2852; x_wconf 77' lang='grc' dir='ltr'>καὶ</span> <span class='ocrx_word' id='word_1_184' title='bbox 543 2797 683 2874; x_wconf 73' lang='grc' dir='ltr'>ἱερὰ,</span> <span class='ocrx_word' id='word_1_185' title='bbox 719 2797 1015 2861; x_wconf 79' lang='grc' dir='ltr'>ἐπινικίους</span> <span class='ocrx_word' id='word_1_186' title='bbox 1043 2798 1277 2855; x_wconf 81' lang='grc' dir='ltr'>τελέσων</span> <span class='ocrx_word' id='word_1_187' title='bbox 1309 2805 1426 2863; x_wconf 88' lang='grc' dir='ltr'>τοῖς</span> <span class='ocrx_word' id='word_1_188' title='bbox 1459 2796 1726 2873; x_wconf 82' lang='grc' dir='ltr'>δαίμοσιν.</span> 
     </span>
    </p>
   </div>
   <div class='ocr_carea' id='block_1_28' title="bbox 496 2880 2076 2955">
    <p class='ocr_par' dir='ltr' id='par_1_28' title="bbox 496 2880 2076 2955">
     <span class='ocr_line' id='line_1_28' title="bbox 496 2880 2076 2955; baseline -0.003 -17"><span class='ocrx_word' id='word_1_189' title='bbox 496 2881 582 2939; x_wconf 80' lang='grc' dir='ltr'>ιδ’.</span> <span class='ocrx_word' id='word_1_190' title='bbox 618 2883 773 2939; x_wconf 74' lang='grc' dir='ltr'>Οὕτω</span> <span class='ocrx_word' id='word_1_191' title='bbox 815 2888 1149 2942; x_wconf 87' lang='grc' dir='ltr'>παντάπασιν</span> <span class='ocrx_word' id='word_1_192' title='bbox 1199 2888 1401 2955; x_wconf 81' lang='grc' dir='ltr'>ἄτοπος</span> <span class='ocrx_word' id='word_1_193' title='bbox 1468 2887 1671 2949; x_wconf 78' lang='grc' dir='ltr'>ἐκεῖνος</span> <span class='ocrx_word' id='word_1_194' title='bbox 1736 2884 1825 2940; x_wconf 80' lang='grc' dir='ltr'>ἐπὶ</span> <span class='ocrx_word' id='word_1_195' title='bbox 1893 2880 2076 2937; x_wconf 86' lang='grc' dir='ltr'>τοιού-</span> 
     </span>
    </p>
   </div>
   <div class='ocr_carea' id='block_1_29' title="bbox 414 2970 2054 3052">
    <p class='ocr_par' dir='ltr' id='par_1_29' title="bbox 414 2970 2054 3052">
     <span class='ocr_line' id='line_1_29' title="bbox 414 2970 2054 3052; baseline -0.001 -25"><span class='ocrx_word' id='word_1_196' title='bbox 414 2993 536 3034; x_wconf 83' lang='grc' dir='ltr'>τοις</span> <span class='ocrx_word' id='word_1_197' title='bbox 569 2970 861 3047; x_wconf 76' lang='grc' dir='ltr'>ἡδόμενος,</span> <span class='ocrx_word' id='word_1_198' title='bbox 891 2974 990 3029; x_wconf 75' lang='grc' dir='ltr'>κᾶν</span> <span class='ocrx_word' id='word_1_199' title='bbox 1044 2974 1141 3030; x_wconf 80' lang='grc' dir='ltr'>οὐκ</span> <span class='ocrx_word' id='word_1_200' title='bbox 1189 2973 1391 3049; x_wconf 82' lang='grc' dir='ltr'>ἔμελλε</span> <span class='ocrx_word' id='word_1_201' title='bbox 1439 2977 1723 3052; x_wconf 74' lang='grc' dir='ltr'>χαιρήσειν</span> <span class='ocrx_word' id='word_1_202' title='bbox 1773 2971 1861 3028; x_wconf 84' lang='grc' dir='ltr'>ἐπὶ</span> <span class='ocrx_word' id='word_1_203' title='bbox 1908 2970 2054 3027; x_wconf 85' lang='grc' dir='ltr'>πολὺ</span> 
     </span>
    </p>
   </div>
   <div class='ocr_carea' id='block_1_30' title="bbox 423 3058 2078 3137">
    <p class='ocr_par' dir='ltr' id='par_1_30' title="bbox 423 3058 2078 3137">
     <span class='ocr_line' id='line_1_30' title="bbox 423 3058 2078 3137; baseline 0.004 -23"><span class='ocrx_word' id='word_1_204' title='bbox 423 3058 555 3115; x_wconf 72' lang='grc' dir='ltr'>οὐδὲ</span> <span class='ocrx_word' id='word_1_205' title='bbox 607 3069 707 3130; x_wconf 84' lang='grc' dir='ltr'>τῆς</span> <span class='ocrx_word' id='word_1_206' title='bbox 765 3062 973 3137; x_wconf 84' lang='grc' dir='ltr'>ἀλόγου</span> <span class='ocrx_word' id='word_1_207' title='bbox 1027 3063 1228 3133; x_wconf 78' lang='grc' dir='ltr'>ταύτης</span> <span class='ocrx_word' id='word_1_208' title='bbox 1284 3068 1508 3134; x_wconf 75' lang='grc' dir='ltr'>τελετῆς</span> <span class='ocrx_word' id='word_1_209' title='bbox 1571 3061 1922 3133; x_wconf 81' lang='grc' dir='ltr'>ἀπολαύσειν,</span> <span class='ocrx_word' id='word_1_210' title='bbox 1978 3066 2078 3115; x_wconf 77' lang='grc' dir='ltr'>τοῦ</span> 
     </span>
    </p>
   </div>
   <div class='ocr_carea' id='block_1_31' title="bbox 432 3149 2044 3231">
    <p class='ocr_par' dir='ltr' id='par_1_31' title="bbox 432 3149 2044 3231">
     <span class='ocr_line' id='line_1_31' title="bbox 432 3149 2044 3231; baseline -0.002 -25"><span class='ocrx_word' id='word_1_211' title='bbox 432 3150 513 3221; x_wconf 77' lang='grc' dir='ltr'>μὴ</span> <span class='ocrx_word' id='word_1_212' title='bbox 567 3154 1025 3227; x_wconf 61' lang='grc' dir='ltr'>ηταισχυνθῆναι</span> <span class='ocrx_word' id='word_1_213' title='bbox 1089 3157 1444 3231; x_wconf 76' lang='grc' dir='ltr'>προφητικῶς</span> <span class='ocrx_word' id='word_1_214' title='bbox 1511 3153 1707 3226; x_wconf 86' lang='grc' dir='ltr'>εἰπεῖν,</span> <span class='ocrx_word' id='word_1_215' title='bbox 1771 3151 1861 3207; x_wconf 84' lang='grc' dir='ltr'>καὶ</span> <span class='ocrx_word' id='word_1_216' title='bbox 1922 3149 2044 3204; x_wconf 87' lang='grc' dir='ltr'>ἀπω</span> 
     </span>
    </p>
   </div>
   <div class='ocr_carea' id='block_1_32' title="bbox 416 3238 2076 3319">
    <p class='ocr_par' dir='ltr' id='par_1_32' title="bbox 416 3238 2076 3319">
     <span class='ocr_line' id='line_1_32' title="bbox 416 3238 2076 3319; baseline 0 -27"><span class='ocrx_word' id='word_1_217' title='bbox 416 3239 610 3308; x_wconf 73' lang='grc' dir='ltr'>σθῆναι</span> <span class='ocrx_word' id='word_1_218' title='bbox 678 3239 738 3294; x_wconf 81' lang='grc' dir='ltr'>ἐκ</span> <span class='ocrx_word' id='word_1_219' title='bbox 792 3245 900 3296; x_wconf 89' lang='grc' dir='ltr'>τῶν</span> <span class='ocrx_word' id='word_1_220' title='bbox 984 3243 1375 3319; x_wconf 79' lang='grc' dir='ltr'>θυσιαστηρίων</span> <span class='ocrx_word' id='word_1_221' title='bbox 1458 3241 1643 3298; x_wconf 77' lang='grc' dir='ltr'>αὐτοῦ.</span> <span class='ocrx_word' id='word_1_222' title='bbox 1703 3239 1801 3296; x_wconf 83' lang='grc' dir='ltr'>Καὶ</span> <span class='ocrx_word' id='word_1_223' title='bbox 1857 3241 1962 3316; x_wconf 78' lang='grc' dir='ltr'>γὰρ</span> <span class='ocrx_word' id='word_1_224' title='bbox 2023 3238 2076 3293; x_wconf 77' lang='grc' dir='ltr'>ὲν</span> 
     </span>
    </p>
   </div>
   <div class='ocr_carea' id='block_1_33' title="bbox 423 3297 2148 3409">
    <p class='ocr_par' dir='ltr' id='par_1_33' title="bbox 423 3297 2148 3409">
     <span class='ocr_line' id='line_1_33' title="bbox 503 3297 1944 3319; baseline 0.009 -11"><span class='ocrx_word' id='word_1_225' title='bbox 503 3297 516 3308; x_wconf 89' lang='grc'><em>.</em></span> <span class='ocrx_word' id='word_1_226' title='bbox 988 3297 1010 3307; x_wconf 73' lang='grc' dir='ltr'>ν</span> <span class='ocrx_word' id='word_1_227' title='bbox 1186 3297 1254 3319; x_wconf 56' lang='grc' dir='ltr'>⁷η</span> <span class='ocrx_word' id='word_1_228' title='bbox 1360 3297 1365 3298; x_wconf 52' lang='grc' dir='ltr'><em>ν</em></span> <span class='ocrx_word' id='word_1_229' title='bbox 1542 3297 1545 3298; x_wconf 53' lang='grc' dir='ltr'>ν</span> <span class='ocrx_word' id='word_1_230' title='bbox 1873 3297 1882 3315; x_wconf 89' lang='grc' dir='ltr'>ι</span> <span class='ocrx_word' id='word_1_231' title='bbox 1935 3297 1944 3316; x_wconf 86' lang='grc' dir='ltr'>ι</span> 
     </span>
     <span class='ocr_line' id='line_1_34' title="bbox 423 3297 2148 3409; baseline 0.001 -28"><span class='ocrx_word' id='word_1_232' title='bbox 423 3326 641 3390; x_wconf 80' lang='grc' dir='ltr'>τούτοις</span> <span class='ocrx_word' id='word_1_233' title='bbox 713 3323 888 3400; x_wconf 71' lang='grc' dir='ltr'>ὄντος,</span> <span class='ocrx_word' id='word_1_234' title='bbox 961 3332 1362 3409; x_wconf 87' lang='grc' dir='ltr'>θαυματουργεῖ</span> <span class='ocrx_word' id='word_1_235' title='bbox 1435 3331 1522 3386; x_wconf 81' lang='grc' dir='ltr'>καὶ</span> <span class='ocrx_word' id='word_1_236' title='bbox 1596 3329 1758 3386; x_wconf 81' lang='grc' dir='ltr'>πάλιν</span> <span class='ocrx_word' id='word_1_237' title='bbox 1839 3329 2069 3406; x_wconf 87' lang='grc' dir='ltr'>Χριστὸς</span> <span class='ocrx_word' id='word_1_238' title='bbox 2105 3297 2148 3365; x_wconf 77' lang='lat' dir='ltr'>C</span> 
     </span>
    </p>
   </div>
   <div class='ocr_carea' id='block_1_34' title="bbox 415 3415 2071 3496">
    <p class='ocr_par' dir='ltr' id='par_1_34' title="bbox 415 3415 2071 3496">
     <span class='ocr_line' id='line_1_35' title="bbox 415 3415 2071 3496; baseline -0.001 -24"><span class='ocrx_word' id='word_1_239' title='bbox 415 3415 644 3481; x_wconf 74' lang='grc' dir='ltr'>ἐνταῦθα</span> <span class='ocrx_word' id='word_1_240' title='bbox 704 3419 775 3474; x_wconf 79' lang='grc' dir='ltr'>τὰ</span> <span class='ocrx_word' id='word_1_241' title='bbox 833 3422 930 3474; x_wconf 81' lang='grc' dir='ltr'>τοῦ</span> <span class='ocrx_word' id='word_1_242' title='bbox 991 3425 1244 3496; x_wconf 82' lang='grc' dir='ltr'>σταυροῦ,</span> <span class='ocrx_word' id='word_1_243' title='bbox 1285 3420 1378 3476; x_wconf 80' lang='grc' dir='ltr'>καὶ</span> <span class='ocrx_word' id='word_1_244' title='bbox 1444 3419 1739 3488; x_wconf 74' lang='grc' dir='ltr'>πάνταξῆν</span> <span class='ocrx_word' id='word_1_245' title='bbox 1807 3419 1948 3492; x_wconf 78' lang='grc' dir='ltr'>ὁμοῦ</span> <span class='ocrx_word' id='word_1_246' title='bbox 2003 3418 2071 3472; x_wconf 75' lang='grc' dir='ltr'>τὰ</span> 
     </span>
    </p>
   </div>
   <div class='ocr_carea' id='block_1_35' title="bbox 407 3503 2065 3586">
    <p class='ocr_par' dir='ltr' id='par_1_35' title="bbox 407 3503 2065 3586">
     <span class='ocr_line' id='line_1_36' title="bbox 407 3503 2065 3586; baseline 0.001 -27"><span class='ocrx_word' id='word_1_247' title='bbox 407 3503 670 3583; x_wconf 71' lang='grc' dir='ltr'>φρικώδη</span> <span class='ocrx_word' id='word_1_248' title='bbox 727 3507 868 3579; x_wconf 88' lang='grc' dir='ltr'>τότε,</span> <span class='ocrx_word' id='word_1_249' title='bbox 904 3507 964 3564; x_wconf 75' lang='grc' dir='ltr'>ἐκ</span> <span class='ocrx_word' id='word_1_250' title='bbox 1013 3513 1187 3586; x_wconf 77' lang='grc' dir='ltr'>νεφῶν</span> <span class='ocrx_word' id='word_1_251' title='bbox 1236 3506 1556 3585; x_wconf 83' lang='grc' dir='ltr'>καταιγίδες,</span> <span class='ocrx_word' id='word_1_252' title='bbox 1591 3507 1828 3586; x_wconf 78' lang='grc' dir='ltr'>ζόφωσις</span> <span class='ocrx_word' id='word_1_253' title='bbox 1885 3507 2009 3583; x_wconf 76' lang='grc' dir='ltr'>ἀὲρο</span> <span class='ocrx_word' id='word_1_254' title='bbox 2040 3527 2065 3568; x_wconf 93' lang='grc' dir='ltr'>ς</span> 
     </span>
    </p>
   </div>
   <div class='ocr_carea' id='block_1_36' title="bbox 387 3592 2072 3674">
    <p class='ocr_par' dir='ltr' id='par_1_36' title="bbox 387 3592 2072 3674">
     <span class='ocr_line' id='line_1_37' title="bbox 387 3592 2072 3674; baseline -0.002 -23"><span class='ocrx_word' id='word_1_255' title='bbox 387 3597 711 3668; x_wconf 82' lang='grc' dir='ltr'>νυκτερινὸν</span> <span class='ocrx_word' id='word_1_256' title='bbox 766 3592 970 3662; x_wconf 84' lang='grc' dir='ltr'>σκότος</span> <span class='ocrx_word' id='word_1_257' title='bbox 1039 3598 1090 3653; x_wconf 84' lang='grc' dir='ltr'>ἐν</span> <span class='ocrx_word' id='word_1_258' title='bbox 1146 3593 1486 3674; x_wconf 78' lang='grc' dir='ltr'>μεσημϐρίᾳ,</span> <span class='ocrx_word' id='word_1_259' title='bbox 1531 3593 1728 3660; x_wconf 88' lang='grc' dir='ltr'>κλόνος</span> <span class='ocrx_word' id='word_1_260' title='bbox 1788 3603 1912 3673; x_wconf 70' lang='grc' dir='ltr'>γῆς,</span> <span class='ocrx_word' id='word_1_261' title='bbox 1976 3617 2072 3668; x_wconf 86' lang='grc' dir='ltr'>μυ-</span> 
     </span>
    </p>
   </div>
   <div class='ocr_carea' id='block_1_37' title="bbox 386 3685 2074 3763">
    <p class='ocr_par' dir='ltr' id='par_1_37' title="bbox 386 3685 2074 3763">
     <span class='ocr_line' id='line_1_38' title="bbox 386 3685 2074 3763; baseline -0.001 -23"><span class='ocrx_word' id='word_1_262' title='bbox 386 3687 625 3758; x_wconf 64' lang='grc' dir='ltr'>κήματα</span> <span class='ocrx_word' id='word_1_263' title='bbox 671 3685 925 3760; x_wconf 78' lang='grc' dir='ltr'>ούρανοῦ,</span> <span class='ocrx_word' id='word_1_264' title='bbox 1005 3685 1224 3763; x_wconf 82' lang='grc' dir='ltr'>βολίδες</span> <span class='ocrx_word' id='word_1_265' title='bbox 1286 3687 1596 3763; x_wconf 77' lang='grc' dir='ltr'>ἀστραπῶν,</span> <span class='ocrx_word' id='word_1_266' title='bbox 1642 3688 1710 3742; x_wconf 79' lang='grc' dir='ltr'>τὰ</span> <span class='ocrx_word' id='word_1_267' title='bbox 1748 3690 1855 3741; x_wconf 92' lang='grc' dir='ltr'>τῶν</span> <span class='ocrx_word' id='word_1_268' title='bbox 1903 3685 2074 3760; x_wconf 75' lang='grc' dir='ltr'>Αἰγυ-</span> 
     </span>
    </p>
   </div>
   <div class='ocr_carea' id='block_1_38' title="bbox 390 3772 2072 3854">
    <p class='ocr_par' dir='ltr' id='par_1_38' title="bbox 390 3772 2072 3854">
     <span class='ocr_line' id='line_1_39' title="bbox 390 3772 2072 3854; baseline -0.001 -25"><span class='ocrx_word' id='word_1_269' title='bbox 390 3779 646 3829; x_wconf 79' lang='grc' dir='ltr'>πτιακῶν</span> <span class='ocrx_word' id='word_1_270' title='bbox 685 3772 920 3850; x_wconf 81' lang='grc' dir='ltr'>πληγῶν</span> <span class='ocrx_word' id='word_1_271' title='bbox 968 3774 1172 3848; x_wconf 87' lang='grc' dir='ltr'>πολλῷ</span> <span class='ocrx_word' id='word_1_272' title='bbox 1241 3772 1607 3854; x_wconf 74' lang='grc' dir='ltr'>φοϐερώτεραο</span> <span class='ocrx_word' id='word_1_273' title='bbox 1670 3775 1768 3830; x_wconf 80' lang='grc' dir='ltr'>οὐκ</span> <span class='ocrx_word' id='word_1_274' title='bbox 1840 3774 2072 3831; x_wconf 89' lang='grc' dir='ltr'>ἀκολου-</span> 
     </span>
    </p>
   </div>
   <div class='ocr_carea' id='block_1_39' title="bbox 394 3859 2074 3941">
    <p class='ocr_par' dir='ltr' id='par_1_39' title="bbox 394 3859 2074 3941">
     <span class='ocr_line' id='line_1_40' title="bbox 394 3859 2074 3941; baseline 0.001 -25"><span class='ocrx_word' id='word_1_275' title='bbox 394 3863 490 3935; x_wconf 69' lang='grc' dir='ltr'>θίᾳ</span> <span class='ocrx_word' id='word_1_276' title='bbox 535 3863 750 3941; x_wconf 51' lang='grc' dir='ltr'>(θύσεως</span> <span class='ocrx_word' id='word_1_277' title='bbox 795 3864 917 3919; x_wconf 85' lang='grc' dir='ltr'>τότε</span> <span class='ocrx_word' id='word_1_278' title='bbox 963 3859 1286 3938; x_wconf 71' lang='grc' dir='ltr'>συμϐάντα,</span> <span class='ocrx_word' id='word_1_279' title='bbox 1321 3863 1434 3920; x_wconf 75' lang='grc' dir='ltr'>οὐδ’</span> <span class='ocrx_word' id='word_1_280' title='bbox 1484 3863 1544 3920; x_wconf 80' lang='grc' dir='ltr'>ἔκ</span> <span class='ocrx_word' id='word_1_281' title='bbox 1580 3885 1728 3928; x_wconf 87' lang='grc' dir='ltr'>τινος</span> <span class='ocrx_word' id='word_1_282' title='bbox 1782 3863 2074 3940; x_wconf 85' lang='grc' dir='ltr'>συντυχίας</span> 
     </span>
    </p>
   </div>
   <div class='ocr_carea' id='block_1_40' title="bbox 399 3950 2070 4030">
    <p class='ocr_par' dir='ltr' id='par_1_40' title="bbox 399 3950 2070 4030">
     <span class='ocr_line' id='line_1_41' title="bbox 399 3950 2070 4030; baseline -0.001 -23"><span class='ocrx_word' id='word_1_283' title='bbox 399 3953 500 4016; x_wconf 74' lang='grc' dir='ltr'>καί</span> <span class='ocrx_word' id='word_1_284' title='bbox 551 3951 900 4025; x_wconf 85' lang='grc' dir='ltr'>ταυτομάτου</span> <span class='ocrx_word' id='word_1_285' title='bbox 950 3955 1112 4030; x_wconf 78' lang='grc' dir='ltr'>(ᾗπερ</span> <span class='ocrx_word' id='word_1_286' title='bbox 1163 3950 1294 4016; x_wconf 70' lang='grc' dir='ltr'>ἴσως</span> <span class='ocrx_word' id='word_1_287' title='bbox 1355 3950 1502 4024; x_wconf 79' lang='grc' dir='ltr'>ἔδοξε</span> <span class='ocrx_word' id='word_1_288' title='bbox 1569 3958 1684 4015; x_wconf 83' lang='grc' dir='ltr'>τοῖς</span> <span class='ocrx_word' id='word_1_289' title='bbox 1739 3953 1920 4017; x_wconf 84' lang='grc' dir='ltr'>ἀθὲοις</span> <span class='ocrx_word' id='word_1_290' title='bbox 1977 3975 2070 4007; x_wconf 91' lang='grc' dir='ltr'>τυ-</span> 
     </span>
    </p>
   </div>
   <div class='ocr_carea' id='block_1_41' title="bbox 398 4038 2076 4118">
    <p class='ocr_par' dir='ltr' id='par_1_41' title="bbox 398 4038 2076 4118">
     <span class='ocr_line' id='line_1_42' title="bbox 398 4038 2076 4118; baseline -0.001 -21"><span class='ocrx_word' id='word_1_291' title='bbox 398 4041 728 4118; x_wconf 62' lang='grc' dir='ltr'>Ῡλὼττουσι</span> <span class='ocrx_word' id='word_1_292' title='bbox 765 4042 864 4110; x_wconf 70' lang='grc' dir='ltr'>τὴν</span> <span class='ocrx_word' id='word_1_293' title='bbox 900 4038 1182 4116; x_wconf 80' lang='grc' dir='ltr'>διάνοιαν),</span> <span class='ocrx_word' id='word_1_294' title='bbox 1216 4046 1350 4097; x_wconf 72' lang='grc' dir='ltr'>Θεοῦ</span> <span class='ocrx_word' id='word_1_295' title='bbox 1384 4040 1466 4096; x_wconf 55' lang='grc' dir='ltr'>’δὲ</span> <span class='ocrx_word' id='word_1_296' title='bbox 1520 4041 1896 4117; x_wconf 84' lang='grc' dir='ltr'>προστάγματι</span> <span class='ocrx_word' id='word_1_297' title='bbox 1957 4061 2076 4095; x_wconf 89' lang='grc' dir='ltr'>συν-</span> 
     </span>
    </p>
   </div>
   <div class='ocr_carea' id='block_1_42' title="bbox 393 4126 2074 4206">
    <p class='ocr_par' dir='ltr' id='par_1_42' title="bbox 393 4126 2074 4206">
     <span class='ocr_line' id='line_1_43' title="bbox 393 4126 2074 4206; baseline 0 -22"><span class='ocrx_word' id='word_1_298' title='bbox 393 4127 807 4205; x_wconf 77' lang='grc' dir='ltr'>δεδραμηκότα,</span> <span class='ocrx_word' id='word_1_299' title='bbox 846 4126 1187 4200; x_wconf 76' lang='grc' dir='ltr'>δοξάζοντος</span> <span class='ocrx_word' id='word_1_300' title='bbox 1219 4131 1310 4185; x_wconf 84' lang='grc' dir='ltr'>τὸν</span> <span class='ocrx_word' id='word_1_301' title='bbox 1367 4130 1566 4186; x_wconf 81' lang='grc' dir='ltr'>οἰκεῖον</span> <span class='ocrx_word' id='word_1_302' title='bbox 1630 4130 1954 4206; x_wconf 78' lang='grc' dir='ltr'>θεράποντα,</span> <span class='ocrx_word' id='word_1_303' title='bbox 2013 4131 2074 4193; x_wconf 77' lang='grc' dir='ltr'>ὃς</span> 
     </span>
    </p>
   </div>
   <div class='ocr_carea' id='block_1_43' title="bbox 384 4216 2075 4294">
    <p class='ocr_par' dir='ltr' id='par_1_43' title="bbox 384 4216 2075 4294">
     <span class='ocr_line' id='line_1_44' title="bbox 384 4216 2075 4294; baseline 0 -20"><span class='ocrx_word' id='word_1_304' title='bbox 384 4218 486 4274; x_wconf 78' lang='grc' dir='ltr'>καὶ</span> <span class='ocrx_word' id='word_1_305' title='bbox 517 4223 758 4286; x_wconf 67' lang='grc' dir='ltr'>Μωυσῆν</span> <span class='ocrx_word' id='word_1_306' title='bbox 809 4217 862 4274; x_wconf 84' lang='grc' dir='ltr'>ἐν</span> <span class='ocrx_word' id='word_1_307' title='bbox 926 4218 1258 4294; x_wconf 84' lang='grc' dir='ltr'>Ἀσσυρίοις,</span> <span class='ocrx_word' id='word_1_308' title='bbox 1291 4220 1381 4274; x_wconf 84' lang='grc' dir='ltr'>καὶ</span> <span class='ocrx_word' id='word_1_309' title='bbox 1426 4217 1596 4275; x_wconf 75' lang='grc' dir='ltr'>ἄλλον</span> <span class='ocrx_word' id='word_1_310' title='bbox 1641 4216 1895 4294; x_wconf 78' lang='grc' dir='ltr'>ἀλλαχοῦ</span> <span class='ocrx_word' id='word_1_311' title='bbox 1941 4220 2075 4274; x_wconf 85' lang='grc' dir='ltr'>κατά</span> 
     </span>
    </p>
   </div>
   <div class='ocr_carea' id='block_1_44' title="bbox 389 4305 2076 4384">
    <p class='ocr_par' dir='ltr' id='par_1_44' title="bbox 389 4305 2076 4384">
     <span class='ocr_line' id='line_1_45' title="bbox 389 4305 2076 4384; baseline 0.001 -21"><span class='ocrx_word' id='word_1_312' title='bbox 389 4308 501 4376; x_wconf 71' lang='grc' dir='ltr'>τήν</span> <span class='ocrx_word' id='word_1_313' title='bbox 589 4305 759 4364; x_wconf 79' lang='grc' dir='ltr'>αὐτοῦ</span> <span class='ocrx_word' id='word_1_314' title='bbox 832 4307 1236 4383; x_wconf 80' lang='grc' dir='ltr'>ἀνεξιχνίαστον</span> <span class='ocrx_word' id='word_1_315' title='bbox 1321 4305 1609 4384; x_wconf 87' lang='grc' dir='ltr'>βούλησιν·</span> <span class='ocrx_word' id='word_1_316' title='bbox 1664 4308 1726 4370; x_wconf 82' lang='grc' dir='ltr'>ὃς</span> <span class='ocrx_word' id='word_1_317' title='bbox 1797 4307 1885 4362; x_wconf 82' lang='grc' dir='ltr'>καὶ</span> <span class='ocrx_word' id='word_1_318' title='bbox 1951 4308 2076 4364; x_wconf 89' lang='grc' dir='ltr'>τότε</span> 
     </span>
    </p>
   </div>
   <div class='ocr_carea' id='block_1_45' title="bbox 403 4393 2071 4474">
    <p class='ocr_par' dir='ltr' id='par_1_45' title="bbox 403 4393 2071 4474">
     <span class='ocr_line' id='line_1_46' title="bbox 403 4393 2071 4474; baseline 0 -22"><span class='ocrx_word' id='word_1_319' title='bbox 403 4393 663 4474; x_wconf 63' lang='grc' dir='ltr'>γύλακας</span> <span class='ocrx_word' id='word_1_320' title='bbox 701 4397 794 4468; x_wconf 80' lang='grc' dir='ltr'>μὲν</span> <span class='ocrx_word' id='word_1_321' title='bbox 825 4397 912 4452; x_wconf 81' lang='grc' dir='ltr'>καὶ</span> <span class='ocrx_word' id='word_1_322' title='bbox 945 4396 1069 4462; x_wconf 81' lang='grc' dir='ltr'>ὅσος</span> <span class='ocrx_word' id='word_1_323' title='bbox 1101 4393 1277 4460; x_wconf 77' lang='grc' dir='ltr'>ἄλλος</span> <span class='ocrx_word' id='word_1_324' title='bbox 1325 4395 1527 4471; x_wconf 74' lang='grc' dir='ltr'>ὅμιλος</span> <span class='ocrx_word' id='word_1_325' title='bbox 1565 4397 1632 4466; x_wconf 76' lang='grc' dir='ltr'>ἦν</span> <span class='ocrx_word' id='word_1_326' title='bbox 1675 4401 1793 4459; x_wconf 83' lang='grc' dir='ltr'>τοῖς</span> <span class='ocrx_word' id='word_1_327' title='bbox 1853 4393 2071 4470; x_wconf 80' lang='grc' dir='ltr'>δαίμοσι</span> 
     </span>
    </p>
   </div>
   <div class='ocr_carea' id='block_1_46' title="bbox 406 4481 2070 4563">
    <p class='ocr_par' dir='ltr' id='par_1_46' title="bbox 406 4481 2070 4563">
     <span class='ocr_line' id='line_1_47' title="bbox 406 4481 2070 4563; baseline 0.001 -25"><span class='ocrx_word' id='word_1_328' title='bbox 406 4481 799 4557; x_wconf 81' lang='grc' dir='ltr'>διασκεδάσας,</span> <span class='ocrx_word' id='word_1_329' title='bbox 836 4484 1054 4561; x_wconf 70' lang='grc' dir='ltr'>ἀγγέλῳ</span> <span class='ocrx_word' id='word_1_330' title='bbox 1084 4486 1260 4563; x_wconf 71' lang='grc' dir='ltr'>φωτὸς</span> <span class='ocrx_word' id='word_1_331' title='bbox 1285 4487 1648 4561; x_wconf 82' lang='grc' dir='ltr'>παρεμυθεῖτο</span> <span class='ocrx_word' id='word_1_332' title='bbox 1675 4485 1767 4540; x_wconf 85' lang='grc' dir='ltr'>τὸν</span> <span class='ocrx_word' id='word_1_333' title='bbox 1801 4483 2070 4556; x_wconf 76' lang='grc' dir='ltr'>ἀθλητὴν,</span> 
     </span>
    </p>
   </div>
   <div class='ocr_carea' id='block_1_47' title="bbox 408 4571 2068 4650">
    <p class='ocr_par' dir='ltr' id='par_1_47' title="bbox 408 4571 2068 4650">
     <span class='ocr_line' id='line_1_48' title="bbox 408 4571 2068 4650; baseline 0.001 -24"><span class='ocrx_word' id='word_1_334' title='bbox 408 4574 558 4646; x_wconf 73' lang='grc' dir='ltr'>ὁμοῦ</span> <span class='ocrx_word' id='word_1_335' title='bbox 593 4572 690 4646; x_wconf 75' lang='grc' dir='ltr'>μὲν</span> <span class='ocrx_word' id='word_1_336' title='bbox 725 4574 867 4635; x_wconf 80' lang='grc' dir='ltr'>ἀνείς</span> <span class='ocrx_word' id='word_1_337' title='bbox 895 4578 1000 4630; x_wconf 86' lang='grc' dir='ltr'>τῶν</span> <span class='ocrx_word' id='word_1_338' title='bbox 1038 4571 1272 4647; x_wconf 82' lang='grc' dir='ltr'>δεσμῶν,</span> <span class='ocrx_word' id='word_1_339' title='bbox 1306 4575 1446 4647; x_wconf 82' lang='grc' dir='ltr'>ὁμοῦ</span> <span class='ocrx_word' id='word_1_340' title='bbox 1499 4572 1556 4630; x_wconf 78' lang='grc' dir='ltr'>δὲ</span> <span class='ocrx_word' id='word_1_341' title='bbox 1607 4574 1682 4637; x_wconf 81' lang='grc' dir='ltr'>εἷς</span> <span class='ocrx_word' id='word_1_342' title='bbox 1736 4573 2068 4650; x_wconf 78' lang='grc' dir='ltr'>ὁλοκληρίαν</span> 
     </span>
    </p>
   </div>
   <div class='ocr_carea' id='block_1_48' title="bbox 399 4661 2145 4740">
    <p class='ocr_par' dir='ltr' id='par_1_48' title="bbox 399 4661 2145 4740">
     <span class='ocr_line' id='line_1_49' title="bbox 399 4661 2145 4740; baseline 0.001 -24"><span class='ocrx_word' id='word_1_343' title='bbox 399 4661 557 4723; x_wconf 77' lang='grc' dir='ltr'>αὖθις</span> <span class='ocrx_word' id='word_1_344' title='bbox 607 4661 913 4740; x_wconf 74' lang='grc' dir='ltr'>σοσφίγγων</span> <span class='ocrx_word' id='word_1_345' title='bbox 962 4662 1051 4718; x_wconf 75' lang='grc' dir='ltr'>καὶ</span> <span class='ocrx_word' id='word_1_346' title='bbox 1104 4662 1411 4737; x_wconf 83' lang='grc' dir='ltr'>θεραπεύων</span> <span class='ocrx_word' id='word_1_347' title='bbox 1462 4663 1528 4718; x_wconf 75' lang='grc' dir='ltr'>τὰ</span> <span class='ocrx_word' id='word_1_348' title='bbox 1571 4661 1873 4739; x_wconf 87' lang='grc' dir='ltr'>τραύματα,</span> <span class='ocrx_word' id='word_1_349' title='bbox 1924 4664 2065 4738; x_wconf 78' lang='grc' dir='ltr'>ὁμοῦ</span> <span class='ocrx_word' id='word_1_350' title='bbox 2096 4673 2145 4738; x_wconf 86' lang='lat' dir='ltr'><strong>D</strong></span> 
     </span>
    </p>
   </div>
   <div class='ocr_carea' id='block_1_49' title="bbox 406 4749 2060 4829">
    <p class='ocr_par' dir='ltr' id='par_1_49' title="bbox 406 4749 2060 4829">
     <span class='ocr_line' id='line_1_50' title="bbox 406 4749 2060 4829; baseline 0 -23"><span class='ocrx_word' id='word_1_351' title='bbox 406 4749 469 4806; x_wconf 73' lang='grc' dir='ltr'>δὲ</span> <span class='ocrx_word' id='word_1_352' title='bbox 523 4750 616 4804; x_wconf 80' lang='grc' dir='ltr'>καὶ</span> <span class='ocrx_word' id='word_1_353' title='bbox 691 4756 769 4822; x_wconf 82' lang='grc' dir='ltr'>τῷ</span> <span class='ocrx_word' id='word_1_354' title='bbox 831 4751 1073 4829; x_wconf 78' lang='grc' dir='ltr'>τυράννῳ</span> <span class='ocrx_word' id='word_1_355' title='bbox 1143 4752 1218 4814; x_wconf 80' lang='grc' dir='ltr'>εἰς</span> <span class='ocrx_word' id='word_1_356' title='bbox 1284 4750 1543 4823; x_wconf 81' lang='grc' dir='ltr'>ἔκπληξιν</span> <span class='ocrx_word' id='word_1_357' title='bbox 1609 4753 1698 4807; x_wconf 82' lang='grc' dir='ltr'>καὶ</span> <span class='ocrx_word' id='word_1_358' title='bbox 1767 4752 2060 4829; x_wconf 84' lang='grc' dir='ltr'>μαρτύριον</span> 
     </span>
    </p>
   </div>
   <div class='ocr_carea' id='block_1_50' title="bbox 407 4839 2058 4918">
    <p class='ocr_par' dir='ltr' id='par_1_50' title="bbox 407 4839 2058 4918">
     <span class='ocr_line' id='line_1_51' title="bbox 407 4839 2058 4918; baseline 0.002 -24"><span class='ocrx_word' id='word_1_359' title='bbox 407 4839 797 4917; x_wconf 62' lang='grc' dir='ltr'>ἐμφανισθῆναι</span> <span class='ocrx_word' id='word_1_360' title='bbox 889 4843 1256 4918; x_wconf 80' lang='grc' dir='ltr'>προστάττων,</span> <span class='ocrx_word' id='word_1_361' title='bbox 1327 4839 1550 4917; x_wconf 79' lang='grc' dir='ltr'>δύναμιν</span> <span class='ocrx_word' id='word_1_362' title='bbox 1623 4841 1711 4896; x_wconf 86' lang='grc' dir='ltr'>καὶ</span> <span class='ocrx_word' id='word_1_363' title='bbox 1807 4842 2058 4917; x_wconf 79' lang='grc' dir='ltr'>βοήθειαν</span> 
     </span>
    </p>
   </div>
   <div class='ocr_carea' id='block_1_51' title="bbox 403 4927 1464 5007">
    <p class='ocr_par' dir='ltr' id='par_1_51' title="bbox 403 4927 1464 5007">
     <span class='ocr_line' id='line_1_52' title="bbox 403 4927 1464 5007; baseline 0.004 -24"><span class='ocrx_word' id='word_1_364' title='bbox 403 4933 500 4984; x_wconf 80' lang='grc' dir='ltr'>νῦν</span> <span class='ocrx_word' id='word_1_365' title='bbox 528 4950 592 4984; x_wconf 85' lang='grc' dir='ltr'>τε</span> <span class='ocrx_word' id='word_1_366' title='bbox 620 4927 712 4985; x_wconf 78' lang='grc' dir='ltr'>καὶ</span> <span class='ocrx_word' id='word_1_367' title='bbox 742 4927 820 4992; x_wconf 83' lang='grc' dir='ltr'>εἰς</span> <span class='ocrx_word' id='word_1_368' title='bbox 847 4930 912 4986; x_wconf 88' lang='grc' dir='ltr'>τὸ</span> <span class='ocrx_word' id='word_1_369' title='bbox 945 4929 1066 5004; x_wconf 75' lang='grc' dir='ltr'>ἑξῆς</span> <span class='ocrx_word' id='word_1_370' title='bbox 1097 4929 1464 5007; x_wconf 84' lang='grc' dir='ltr'>ἐγγυώμενος.</span> 
     </span>
    </p>
   </div>
   <div class='ocr_carea' id='block_1_52' title="bbox 487 5033 2060 5115">
    <p class='ocr_par' dir='ltr' id='par_1_52' title="bbox 487 5033 2060 5115">
     <span class='ocr_line' id='line_1_53' title="bbox 487 5033 2060 5115; baseline 0.003 -27"><span class='ocrx_word' id='word_1_371' title='bbox 487 5037 562 5095; x_wconf 86' lang='grc' dir='ltr'>ιε’.</span> <span class='ocrx_word' id='word_1_372' title='bbox 621 5033 725 5090; x_wconf 73' lang='grc' dir='ltr'>Καί</span> <span class='ocrx_word' id='word_1_373' title='bbox 798 5039 864 5106; x_wconf 76' lang='grc' dir='ltr'>ἧν</span> <span class='ocrx_word' id='word_1_374' title='bbox 946 5037 1108 5092; x_wconf 79' lang='grc' dir='ltr'>τοῦτό</span> <span class='ocrx_word' id='word_1_375' title='bbox 1160 5057 1221 5115; x_wconf 86' lang='grc' dir='ltr'>γε</span> <span class='ocrx_word' id='word_1_376' title='bbox 1305 5038 1496 5114; x_wconf 80' lang='grc' dir='ltr'>βαρεῖά</span> <span class='ocrx_word' id='word_1_377' title='bbox 1540 5058 1626 5100; x_wconf 91' lang='grc' dir='ltr'>τις</span> <span class='ocrx_word' id='word_1_378' title='bbox 1709 5036 1896 5111; x_wconf 82' lang='grc' dir='ltr'>ἐκείνῳ</span> <span class='ocrx_word' id='word_1_379' title='bbox 1970 5039 2060 5094; x_wconf 81' lang='grc' dir='ltr'>καὶ</span> 
     </span>
    </p>
   </div>
   <div class='ocr_carea' id='block_1_53' title="bbox 406 5123 2055 5205">
    <p class='ocr_par' dir='ltr' id='par_1_53' title="bbox 406 5123 2055 5205">
     <span class='ocr_line' id='line_1_54' title="bbox 406 5123 2055 5205; baseline 0.007 -27"><span class='ocrx_word' id='word_1_380' title='bbox 406 5123 684 5202; x_wconf 56' lang='grc' dir='ltr'>ἇᾳόρητος</span> <span class='ocrx_word' id='word_1_381' title='bbox 741 5125 1026 5197; x_wconf 72' lang='grc' dir='ltr'>ἀκοὴ,Μί</span> <span class='ocrx_word' id='word_1_382' title='bbox 1081 5130 1150 5202; x_wconf 78' lang='grc' dir='ltr'>τῇ</span> <span class='ocrx_word' id='word_1_383' title='bbox 1207 5126 1444 5204; x_wconf 74' lang='grc' dir='ltr'>προτέρᾳ</span> <span class='ocrx_word' id='word_1_384' title='bbox 1498 5128 1656 5205; x_wconf 75' lang='grc' dir='ltr'>φήμῃ</span> <span class='ocrx_word' id='word_1_385' title='bbox 1713 5126 2055 5204; x_wconf 67' lang='grc' dir='ltr'>ἀπίρῥοπος’</span> 
     </span>
    </p>
   </div>
   <div class='ocr_carea' id='block_1_54' title="bbox 401 5212 2058 5292">
    <p class='ocr_par' dir='ltr' id='par_1_54' title="bbox 401 5212 2058 5292">
     <span class='ocr_line' id='line_1_55' title="bbox 401 5212 2058 5292; baseline 0.002 -25"><span class='ocrx_word' id='word_1_386' title='bbox 401 5218 572 5268; x_wconf 76' lang='grc' dir='ltr'>τοῦτο</span> <span class='ocrx_word' id='word_1_387' title='bbox 627 5216 725 5276; x_wconf 78' lang='grc' dir='ltr'>τὰς</span> <span class='ocrx_word' id='word_1_388' title='bbox 774 5212 975 5285; x_wconf 72' lang='grc' dir='ltr'>ἡδονὰς</span> <span class='ocrx_word' id='word_1_389' title='bbox 1020 5214 1228 5286; x_wconf 79' lang='grc' dir='ltr'>ἐκλύει,</span> <span class='ocrx_word' id='word_1_390' title='bbox 1258 5216 1352 5279; x_wconf 72' lang='grc' dir='ltr'>τὰς</span> <span class='ocrx_word' id='word_1_391' title='bbox 1413 5215 1598 5290; x_wconf 73' lang='grc' dir='ltr'>ἑορτὰς</span> <span class='ocrx_word' id='word_1_392' title='bbox 1663 5222 1937 5292; x_wconf 83' lang='grc' dir='ltr'>καταργεῖ,</span> <span class='ocrx_word' id='word_1_393' title='bbox 1968 5218 2058 5271; x_wconf 85' lang='grc' dir='ltr'>καὶ</span> 
     </span>
    </p>
   </div>
   <div class='ocr_carea' id='block_1_55' title="bbox 403 5302 2053 5381">
    <p class='ocr_par' dir='ltr' id='par_1_55' title="bbox 403 5302 2053 5381">
     <span class='ocr_line' id='line_1_56' title="bbox 403 5302 2053 5381; baseline 0.002 -25"><span class='ocrx_word' id='word_1_394' title='bbox 403 5304 473 5357; x_wconf 74' lang='grc' dir='ltr'>τὰ</span> <span class='ocrx_word' id='word_1_395' title='bbox 528 5302 766 5360; x_wconf 80' lang='grc' dir='ltr'>ἐπινίκια</span> <span class='ocrx_word' id='word_1_396' title='bbox 837 5303 928 5359; x_wconf 85' lang='grc' dir='ltr'>καὶ</span> <span class='ocrx_word' id='word_1_397' title='bbox 1014 5307 1346 5381; x_wconf 75' lang='grc' dir='ltr'>χαριστήρια</span> <span class='ocrx_word' id='word_1_398' title='bbox 1427 5305 1738 5381; x_wconf 75' lang='grc' dir='ltr'>περιτρέπει</span> <span class='ocrx_word' id='word_1_399' title='bbox 1824 5305 2053 5379; x_wconf 81' lang='grc' dir='ltr'>θύματα·</span> 
     </span>
    </p>
   </div>
   <div class='ocr_carea' id='block_1_56' title="bbox 403 5390 2055 5470">
    <p class='ocr_par' dir='ltr' id='par_1_56' title="bbox 403 5390 2055 5470">
     <span class='ocr_line' id='line_1_57' title="bbox 403 5390 2055 5470; baseline 0.002 -22"><span class='ocrx_word' id='word_1_400' title='bbox 403 5395 565 5449; x_wconf 81' lang='grc' dir='ltr'>τοῦτο</span> <span class='ocrx_word' id='word_1_401' title='bbox 624 5393 716 5448; x_wconf 81' lang='grc' dir='ltr'>καὶ</span> <span class='ocrx_word' id='word_1_402' title='bbox 773 5391 999 5448; x_wconf 80' lang='grc' dir='ltr'>ἄπιστον</span> <span class='ocrx_word' id='word_1_403' title='bbox 1057 5393 1280 5456; x_wconf 79' lang='grc' dir='ltr'>εἰκότως</span> <span class='ocrx_word' id='word_1_404' title='bbox 1328 5390 1503 5448; x_wconf 78' lang='grc' dir='ltr'>ἐδόκει</span> <span class='ocrx_word' id='word_1_405' title='bbox 1553 5391 1643 5448; x_wconf 83' lang='grc' dir='ltr'>διὰ</span> <span class='ocrx_word' id='word_1_406' title='bbox 1685 5395 1749 5448; x_wconf 85' lang='grc' dir='ltr'>τὸ</span> <span class='ocrx_word' id='word_1_407' title='bbox 1811 5393 2055 5470; x_wconf 76' lang='grc' dir='ltr'>μέγεθος.</span> 
     </span>
    </p>
   </div>
   <div class='ocr_carea' id='block_1_57' title="bbox 408 5469 2053 5558">
    <p class='ocr_par' dir='ltr' id='par_1_57' title="bbox 408 5469 2053 5558">
     <span class='ocr_line' id='line_1_58' title="bbox 408 5469 2053 5558; baseline -0.001 -18"><span class='ocrx_word' id='word_1_408' title='bbox 408 5481 506 5540; x_wconf 76' lang='grc' dir='ltr'>Καὶ</span> <span class='ocrx_word' id='word_1_409' title='bbox 565 5482 670 5557; x_wconf 74' lang='grc' dir='ltr'>γάρ</span> <span class='ocrx_word' id='word_1_410' title='bbox 728 5477 902 5544; x_wconf 69' lang='grc' dir='ltr'>ὄντως</span> <span class='ocrx_word' id='word_1_411' title='bbox 959 5485 1025 5552; x_wconf 70' lang='grc' dir='ltr'>ἦν</span> <span class='ocrx_word' id='word_1_412' title='bbox 1086 5480 1538 5558; x_wconf 78' lang='grc' dir='ltr'>δυσπαράδεκτον,</span> <span class='ocrx_word' id='word_1_413' title='bbox 1575 5482 1621 5537; x_wconf 82' lang='grc' dir='ltr'>εἰ</span> <span class='ocrx_word' id='word_1_414' title='bbox 1683 5469 2053 5555; x_wconf 79' lang='grc' dir='ltr'>μετ’.ἐκείνην</span> 
     </span>
    </p>
   </div>
   <div class='ocr_carea' id='block_1_58' title="bbox 400 5565 2056 5646">
    <p class='ocr_par' dir='ltr' id='par_1_58' title="bbox 400 5565 2056 5646">
     <span class='ocr_line' id='line_1_59' title="bbox 400 5565 2056 5646; baseline 0.001 -21"><span class='ocrx_word' id='word_1_415' title='bbox 400 5573 503 5640; x_wconf 71' lang='grc' dir='ltr'>τήν</span> <span class='ocrx_word' id='word_1_416' title='bbox 533 5569 782 5626; x_wconf 79' lang='grc' dir='ltr'>διάλυσιν</span> <span class='ocrx_word' id='word_1_417' title='bbox 815 5568 891 5627; x_wconf 76' lang='grc' dir='ltr'>ἔτι</span> <span class='ocrx_word' id='word_1_418' title='bbox 929 5571 1063 5645; x_wconf 85' lang='grc' dir='ltr'>μετά</span> <span class='ocrx_word' id='word_1_419' title='bbox 1092 5577 1196 5626; x_wconf 87' lang='grc' dir='ltr'>τῶν</span> <span class='ocrx_word' id='word_1_420' title='bbox 1249 5572 1464 5641; x_wconf 83' lang='grc' dir='ltr'>ζώντων</span> <span class='ocrx_word' id='word_1_421' title='bbox 1524 5577 1878 5646; x_wconf 69' lang='grc' dir='ltr'>περινοστεῖ..</span> <span class='ocrx_word' id='word_1_422' title='bbox 1909 5565 2056 5628; x_wconf 81' lang='grc' dir='ltr'>Ἐπεί</span> 
     </span>
    </p>
   </div>
   <div class='ocr_carea' id='block_1_59' title="bbox 405 5658 2055 5738">
    <p class='ocr_par' dir='ltr' id='par_1_59' title="bbox 405 5658 2055 5738">
     <span class='ocr_line' id='line_1_60' title="bbox 405 5658 2055 5738; baseline 0.001 -23"><span class='ocrx_word' id='word_1_423' title='bbox 405 5658 464 5715; x_wconf 75' lang='grc' dir='ltr'>δὲ</span> <span class='ocrx_word' id='word_1_424' title='bbox 538 5661 630 5717; x_wconf 81' lang='grc' dir='ltr'>καὶ</span> <span class='ocrx_word' id='word_1_425' title='bbox 705 5660 868 5723; x_wconf 80' lang='grc' dir='ltr'>αὐτὸς</span> <span class='ocrx_word' id='word_1_426' title='bbox 919 5658 1028 5731; x_wconf 73' lang='grc' dir='ltr'>ἤδη</span> <span class='ocrx_word' id='word_1_427' title='bbox 1073 5667 1276 5736; x_wconf 83' lang='grc' dir='ltr'>παρῆν,</span> <span class='ocrx_word' id='word_1_428' title='bbox 1329 5661 1420 5715; x_wconf 84' lang='grc' dir='ltr'>καὶ</span> <span class='ocrx_word' id='word_1_429' title='bbox 1481 5661 1784 5737; x_wconf 85' lang='grc' dir='ltr'>ὁρώμενος,</span> <span class='ocrx_word' id='word_1_430' title='bbox 1834 5661 2055 5738; x_wconf 80' lang='grc' dir='ltr'>ἐρωτώ-</span> 
     </span>
    </p>
   </div>
   <div class='ocr_carea' id='block_1_60' title="bbox 407 5749 2052 5832">
    <p class='ocr_par' dir='ltr' id='par_1_60' title="bbox 407 5749 2052 5832">
     <span class='ocr_line' id='line_1_61' title="bbox 407 5749 2052 5832; baseline 0.001 -26"><span class='ocrx_word' id='word_1_431' title='bbox 407 5770 590 5826; x_wconf 79' lang='grc' dir='ltr'>μενος,</span> <span class='ocrx_word' id='word_1_432' title='bbox 664 5749 1045 5832; x_wconf 67' lang='grc' dir='ltr'>ἐπαφώμενος,</span> <span class='ocrx_word' id='word_1_433' title='bbox 1119 5753 1388 5830; x_wconf 88' lang='grc' dir='ltr'>Γεώργιος</span> <span class='ocrx_word' id='word_1_434' title='bbox 1462 5754 1526 5820; x_wconf 74' lang='grc' dir='ltr'>ἦν</span> <span class='ocrx_word' id='word_1_435' title='bbox 1602 5755 1900 5828; x_wconf 79' lang='grc' dir='ltr'>πανταχοῦ,</span> <span class='ocrx_word' id='word_1_436' title='bbox 1956 5753 2052 5807; x_wconf 87' lang='grc' dir='ltr'>κάν</span> 
     </span>
    </p>
   </div>
   <div class='ocr_carea' id='block_1_61' title="bbox 2155 413 2557 482">
    <p class='ocr_par' dir='ltr' id='par_1_61' title="bbox 2155 413 2557 482">
     <span class='ocr_line' id='line_1_62' title="bbox 2155 413 2557 482; baseline 0.015 -6"><span class='ocrx_word' id='word_1_437' title='bbox 2155 459 2168 476; x_wconf 94' lang='grc'><strong>.</strong></span> <span class='ocrx_word' id='word_1_438' title='bbox 2215 413 2557 482; x_wconf 69' lang='lat' dir='ltr'>GEORGII;</span> 
     </span>
    </p>
   </div>
   <div class='ocr_carea' id='block_1_62' title="bbox 3681 403 3802 482">
    <p class='ocr_par' dir='ltr' id='par_1_62' title="bbox 3681 403 3802 482">
     <span class='ocr_line' id='line_1_63' title="bbox 3681 403 3802 482; baseline -0.025 -10"><span class='ocrx_word' id='word_1_439' title='bbox 3681 403 3802 482; x_wconf 67' lang='grc' dir='ltr'>ΒΜ</span> 
     </span>
    </p>
   </div>
   <div class='ocr_carea' id='block_1_63' title="bbox 2170 539 3798 627">
    <p class='ocr_par' dir='ltr' id='par_1_63' title="bbox 2170 539 3798 627">
     <span class='ocr_line' id='line_1_64' title="bbox 2170 539 3798 627; baseline -0.007 -16"><span class='ocrx_word' id='word_1_440' title='bbox 2170 556 2343 626; x_wconf 87' lang='lat' dir='ltr'>atque</span> <span class='ocrx_word' id='word_1_441' title='bbox 2372 569 2507 612; x_wconf 85' lang='lat' dir='ltr'>ossa</span> <span class='ocrx_word' id='word_1_442' title='bbox 2524 553 2674 627; x_wconf 90' lang='lat' dir='ltr'>ipsa,</span> <span class='ocrx_word' id='word_1_443' title='bbox 2701 551 2902 609; x_wconf 89' lang='lat' dir='ltr'>eadem</span> <span class='ocrx_word' id='word_1_444' title='bbox 2921 546 3197 605; x_wconf 80' lang='lat' dir='ltr'>violentia</span> <span class='ocrx_word' id='word_1_445' title='bbox 3214 543 3448 603; x_wconf 87' lang='lat' dir='ltr'>divulsa</span> <span class='ocrx_word' id='word_1_446' title='bbox 3467 559 3532 603; x_wconf 86' lang='lat' dir='ltr'>ac</span> <span class='ocrx_word' id='word_1_447' title='bbox 3554 539 3798 612; x_wconf 86' lang='lat' dir='ltr'>laniata,</span> 
     </span>
    </p>
   </div>
   <div class='ocr_carea' id='block_1_64' title="bbox 2167 638 3369 716">
    <p class='ocr_par' dir='ltr' id='par_1_64' title="bbox 2167 638 3369 716">
     <span class='ocr_line' id='line_1_65' title="bbox 2167 638 3369 716; baseline -0.004 -17"><span class='ocrx_word' id='word_1_448' title='bbox 2167 644 2224 699; x_wconf 88' lang='lat' dir='ltr'>in</span> <span class='ocrx_word' id='word_1_449' title='bbox 2255 660 2445 700; x_wconf 86' lang='lat' dir='ltr'>aerem</span> <span class='ocrx_word' id='word_1_450' title='bbox 2471 644 2904 716; x_wconf 79' lang='lat' dir='ltr'>quadamtenus</span> <span class='ocrx_word' id='word_1_451' title='bbox 2925 638 3369 713; x_wconf 84' lang='lat' dir='ltr'>spargebantur.</span> 
     </span>
    </p>
   </div>
   <div class='ocr_carea' id='block_1_65' title="bbox 2241 830 3801 912">
    <p class='ocr_par' dir='ltr' id='par_1_65' title="bbox 2241 830 3801 912">
     <span class='ocr_line' id='line_1_66' title="bbox 2241 830 3801 912; baseline -0.006 -17"><span class='ocrx_word' id='word_1_452' title='bbox 2241 842 2326 896; x_wconf 86' lang='grc'>13.</span> <span class='ocrx_word' id='word_1_453' title='bbox 2354 843 2482 912; x_wconf 86' lang='lat' dir='ltr'>Ipse</span> <span class='ocrx_word' id='word_1_454' title='bbox 2502 856 2655 906; x_wconf 90' lang='lat' dir='ltr'>vero,</span> <span class='ocrx_word' id='word_1_455' title='bbox 2688 840 2872 894; x_wconf 89' lang='lat' dir='ltr'>instar</span> <span class='ocrx_word' id='word_1_456' title='bbox 2889 837 3134 893; x_wconf 63' lang='lat' dir='ltr'>victima;</span> <span class='ocrx_word' id='word_1_457' title='bbox 3159 835 3241 890; x_wconf 88' lang='lat' dir='ltr'>sic</span> <span class='ocrx_word' id='word_1_458' title='bbox 3262 831 3595 889; x_wconf 89' lang='lat' dir='ltr'>conscissus</span> <span class='ocrx_word' id='word_1_459' title='bbox 3621 830 3801 888; x_wconf 91' lang='lat' dir='ltr'>lania-</span> 
     </span>
    </p>
   </div>
   <div class='ocr_carea' id='block_1_66' title="bbox 2166 922 3803 1001">
    <p class='ocr_par' dir='ltr' id='par_1_66' title="bbox 2166 922 3803 1001">
     <span class='ocr_line' id='line_1_67' title="bbox 2166 922 3803 1001; baseline -0.006 -16"><span class='ocrx_word' id='word_1_460' title='bbox 2166 934 2400 1001; x_wconf 90' lang='lat' dir='ltr'>tusque,</span> <span class='ocrx_word' id='word_1_461' title='bbox 2432 947 2534 986; x_wconf 92' lang='lat' dir='ltr'>nec</span> <span class='ocrx_word' id='word_1_462' title='bbox 2573 946 2792 997; x_wconf 88' lang='lat' dir='ltr'>vocem,</span> <span class='ocrx_word' id='word_1_463' title='bbox 2841 944 2945 983; x_wconf 90' lang='lat' dir='ltr'>nec</span> <span class='ocrx_word' id='word_1_464' title='bbox 2993 926 3274 999; x_wconf 77' lang='lat' dir='ltr'>gemitum</span> <span class='ocrx_word' id='word_1_465' title='bbox 3323 922 3644 990; x_wconf 81' lang='lat' dir='ltr'>emittebat,</span> <span class='ocrx_word' id='word_1_466' title='bbox 3697 937 3803 976; x_wconf 81' lang='lat' dir='ltr'>nec</span> 
     </span>
    </p>
   </div>
   <div class='ocr_carea' id='block_1_67' title="bbox 2169 1011 3798 1090">
    <p class='ocr_par' dir='ltr' id='par_1_67' title="bbox 2169 1011 3798 1090">
     <span class='ocr_line' id='line_1_68' title="bbox 2169 1011 3798 1090; baseline -0.006 -16"><span class='ocrx_word' id='word_1_467' title='bbox 2169 1019 2325 1075; x_wconf 81' lang='lat' dir='ltr'>aliud</span> <span class='ocrx_word' id='word_1_468' title='bbox 2347 1019 2534 1074; x_wconf 83' lang='lat' dir='ltr'>ullum</span> <span class='ocrx_word' id='word_1_469' title='bbox 2547 1019 2782 1090; x_wconf 87' lang='lat' dir='ltr'>signum</span> <span class='ocrx_word' id='word_1_470' title='bbox 2795 1017 3043 1074; x_wconf 86' lang='lat' dir='ltr'>dolentis</span> <span class='ocrx_word' id='word_1_471' title='bbox 3057 1014 3264 1080; x_wconf 89' lang='lat' dir='ltr'>animi;</span> <span class='ocrx_word' id='word_1_472' title='bbox 3283 1011 3632 1083; x_wconf 87' lang='lat' dir='ltr'>nequeenim</span> <span class='ocrx_word' id='word_1_473' title='bbox 3664 1026 3798 1066; x_wconf 91' lang='lat' dir='ltr'>cum</span> 
     </span>
    </p>
   </div>
   <div class='ocr_carea' id='block_1_68' title="bbox 2169 1099 3805 1179">
    <p class='ocr_par' dir='ltr' id='par_1_68' title="bbox 2169 1099 3805 1179">
     <span class='ocr_line' id='line_1_69' title="bbox 2169 1099 3805 1179; baseline -0.006 -15"><span class='ocrx_word' id='word_1_474' title='bbox 2169 1110 2388 1165; x_wconf 86' lang='lat' dir='ltr'>ferrum</span> <span class='ocrx_word' id='word_1_475' title='bbox 2415 1108 2755 1164; x_wconf 85' lang='lat' dir='ltr'>dissolveret</span> <span class='ocrx_word' id='word_1_476' title='bbox 2783 1121 3122 1179; x_wconf 85' lang='lat' dir='ltr'>compagem</span> <span class='ocrx_word' id='word_1_477' title='bbox 3150 1102 3429 1176; x_wconf 89' lang='lat' dir='ltr'>corporis,</span> <span class='ocrx_word' id='word_1_478' title='bbox 3466 1099 3652 1172; x_wconf 87' lang='lat' dir='ltr'>magis</span> <span class='ocrx_word' id='word_1_479' title='bbox 3684 1100 3805 1172; x_wconf 89' lang='lat' dir='ltr'>pati</span> 
     </span>
    </p>
   </div>
   <div class='ocr_carea' id='block_1_69' title="bbox 2170 1191 3806 1269">
    <p class='ocr_par' dir='ltr' id='par_1_69' title="bbox 2170 1191 3806 1269">
     <span class='ocr_line' id='line_1_70' title="bbox 2170 1191 3806 1269; baseline -0.007 -15"><span class='ocrx_word' id='word_1_480' title='bbox 2170 1198 2390 1269; x_wconf 88' lang='lat' dir='ltr'>aliquid</span> <span class='ocrx_word' id='word_1_481' title='bbox 2422 1198 2744 1264; x_wconf 81' lang='lat' dir='ltr'>videbatur,</span> <span class='ocrx_word' id='word_1_482' title='bbox 2778 1211 2954 1268; x_wconf 90' lang='lat' dir='ltr'>quam</span> <span class='ocrx_word' id='word_1_483' title='bbox 2986 1195 3084 1266; x_wconf 92' lang='lat' dir='ltr'>qui</span> <span class='ocrx_word' id='word_1_484' title='bbox 3109 1191 3395 1265; x_wconf 90' lang='lat' dir='ltr'>profundo</span> <span class='ocrx_word' id='word_1_485' title='bbox 3421 1206 3626 1245; x_wconf 89' lang='lat' dir='ltr'>somno</span> <span class='ocrx_word' id='word_1_486' title='bbox 3650 1193 3806 1244; x_wconf 90' lang='lat' dir='ltr'>tene-</span> 
     </span>
    </p>
   </div>
   <div class='ocr_carea' id='block_1_70' title="bbox 2169 1279 3804 1357">
    <p class='ocr_par' dir='ltr' id='par_1_70' title="bbox 2169 1279 3804 1357">
     <span class='ocr_line' id='line_1_71' title="bbox 2169 1279 3804 1357; baseline -0.007 -14"><span class='ocrx_word' id='word_1_487' title='bbox 2169 1292 2285 1343; x_wconf 87' lang='lat' dir='ltr'>tur.</span> <span class='ocrx_word' id='word_1_488' title='bbox 2333 1287 2617 1352; x_wconf 84' lang='lat' dir='ltr'>Quoniam</span> <span class='ocrx_word' id='word_1_489' title='bbox 2678 1289 2872 1342; x_wconf 89' lang='lat' dir='ltr'>autem</span> <span class='ocrx_word' id='word_1_490' title='bbox 2931 1286 3236 1357; x_wconf 81' lang='lat' dir='ltr'>propterea</span> <span class='ocrx_word' id='word_1_491' title='bbox 3291 1279 3630 1336; x_wconf 88' lang='lat' dir='ltr'>credebatur</span> <span class='ocrx_word' id='word_1_492' title='bbox 3677 1279 3804 1349; x_wconf 91' lang='lat' dir='ltr'>jam</span> 
     </span>
    </p>
   </div>
   <div class='ocr_carea' id='block_1_71' title="bbox 2173 1368 3805 1447">
    <p class='ocr_par' dir='ltr' id='par_1_71' title="bbox 2173 1368 3805 1447">
     <span class='ocr_line' id='line_1_72' title="bbox 2173 1368 3805 1447; baseline -0.007 -15"><span class='ocrx_word' id='word_1_493' title='bbox 2173 1376 2409 1447; x_wconf 87' lang='lat' dir='ltr'>obiisse,</span> <span class='ocrx_word' id='word_1_494' title='bbox 2440 1376 2594 1432; x_wconf 91' lang='lat' dir='ltr'>haud</span> <span class='ocrx_word' id='word_1_495' title='bbox 2623 1373 2789 1430; x_wconf 82' lang='lat' dir='ltr'>facile</span> <span class='ocrx_word' id='word_1_496' title='bbox 2819 1373 2974 1429; x_wconf 91' lang='lat' dir='ltr'>dictu</span> <span class='ocrx_word' id='word_1_497' title='bbox 3006 1376 3095 1428; x_wconf 88' lang='lat' dir='ltr'>est</span> <span class='ocrx_word' id='word_1_498' title='bbox 3128 1373 3413 1442; x_wconf 90' lang='lat' dir='ltr'>quantum</span> <span class='ocrx_word' id='word_1_499' title='bbox 3447 1368 3518 1423; x_wconf 91' lang='lat' dir='ltr'>de</span> <span class='ocrx_word' id='word_1_500' title='bbox 3550 1383 3614 1424; x_wconf 90' lang='lat' dir='ltr'>se</span> <span class='ocrx_word' id='word_1_501' title='bbox 3661 1384 3805 1438; x_wconf 62' lang='lat' dir='ltr'>pra;-</span> 
     </span>
    </p>
   </div>
   <div class='ocr_carea' id='block_1_72' title="bbox 2172 1456 3804 1537">
    <p class='ocr_par' dir='ltr' id='par_1_72' title="bbox 2172 1456 3804 1537">
     <span class='ocr_line' id='line_1_73' title="bbox 2172 1456 3804 1537; baseline -0.005 -17"><span class='ocrx_word' id='word_1_502' title='bbox 2172 1465 2363 1521; x_wconf 87' lang='lat' dir='ltr'>buerit</span> <span class='ocrx_word' id='word_1_503' title='bbox 2391 1465 2671 1537; x_wconf 87' lang='lat' dir='ltr'>gaudium</span> <span class='ocrx_word' id='word_1_504' title='bbox 2703 1463 3024 1536; x_wconf 88' lang='lat' dir='ltr'>impietatis</span> <span class='ocrx_word' id='word_1_505' title='bbox 3047 1459 3348 1523; x_wconf 84' lang='lat' dir='ltr'>studiosis,</span> <span class='ocrx_word' id='word_1_506' title='bbox 3381 1460 3626 1513; x_wconf 87' lang='lat' dir='ltr'>mortem</span> <span class='ocrx_word' id='word_1_507' title='bbox 3675 1456 3804 1527; x_wconf 88' lang='lat' dir='ltr'>ejus</span> 
     </span>
    </p>
   </div>
   <div class='ocr_carea' id='block_1_73' title="bbox 2174 1545 3806 1625">
    <p class='ocr_par' dir='ltr' id='par_1_73' title="bbox 2174 1545 3806 1625">
     <span class='ocr_line' id='line_1_74' title="bbox 2174 1545 3806 1625; baseline -0.006 -16"><span class='ocrx_word' id='word_1_508' title='bbox 2174 1570 2277 1625; x_wconf 89' lang='lat' dir='ltr'>pro</span> <span class='ocrx_word' id='word_1_509' title='bbox 2310 1570 2371 1609; x_wconf 91' lang='lat' dir='ltr'>re</span> <span class='ocrx_word' id='word_1_510' title='bbox 2397 1552 2771 1609; x_wconf 89' lang='lat' dir='ltr'>festivissima</span> <span class='ocrx_word' id='word_1_511' title='bbox 2790 1551 3162 1606; x_wconf 87' lang='lat' dir='ltr'>habentibus.</span> <span class='ocrx_word' id='word_1_512' title='bbox 3186 1553 3388 1618; x_wconf 88' lang='lat' dir='ltr'>Itaque</span> <span class='ocrx_word' id='word_1_513' title='bbox 3411 1545 3610 1602; x_wconf 87' lang='lat' dir='ltr'>statim</span> <span class='ocrx_word' id='word_1_514' title='bbox 3632 1547 3806 1617; x_wconf 87' lang='lat' dir='ltr'>atque</span> 
     </span>
    </p>
   </div>
   <div class='ocr_carea' id='block_1_74' title="bbox 2174 1633 3804 1701">
    <p class='ocr_par' dir='ltr' id='par_1_74' title="bbox 2174 1633 3804 1701">
     <span class='ocr_line' id='line_1_75' title="bbox 2174 1633 3804 1701; baseline -0.006 -4"><span class='ocrx_word' id='word_1_515' title='bbox 2174 1642 2317 1698; x_wconf 84' lang='lat' dir='ltr'>satis</span> <span class='ocrx_word' id='word_1_516' title='bbox 2346 1641 2504 1697; x_wconf 90' lang='lat' dir='ltr'>clara</span> <span class='ocrx_word' id='word_1_517' title='bbox 2553 1641 2713 1698; x_wconf 84' lang='lat' dir='ltr'>necis</span> <span class='ocrx_word' id='word_1_518' title='bbox 2761 1640 2976 1696; x_wconf 89' lang='lat' dir='ltr'>indicia</span> <span class='ocrx_word' id='word_1_519' title='bbox 3032 1655 3096 1694; x_wconf 89' lang='lat' dir='ltr'>se</span> <span class='ocrx_word' id='word_1_520' title='bbox 3156 1637 3364 1692; x_wconf 86' lang='lat' dir='ltr'>habere</span> <span class='ocrx_word' id='word_1_521' title='bbox 3411 1633 3804 1701; x_wconf 84' lang='lat' dir='ltr'>crediderunt,</span> 
     </span>
    </p>
   </div>
   <div class='ocr_carea' id='block_1_75' title="bbox 2173 1721 3809 1798">
    <p class='ocr_par' dir='ltr' id='par_1_75' title="bbox 2173 1721 3809 1798">
     <span class='ocr_line' id='line_1_76' title="bbox 2173 1721 3809 1798; baseline -0.006 -12"><span class='ocrx_word' id='word_1_522' title='bbox 2173 1731 2524 1786; x_wconf 86' lang='lat' dir='ltr'>festinarunt</span> <span class='ocrx_word' id='word_1_523' title='bbox 2553 1730 2816 1786; x_wconf 81' lang='lat' dir='ltr'>certatim</span> <span class='ocrx_word' id='word_1_524' title='bbox 2845 1730 2918 1785; x_wconf 89' lang='lat' dir='ltr'>ad</span> <span class='ocrx_word' id='word_1_525' title='bbox 2967 1727 3402 1798; x_wconf 77' lang='lat' dir='ltr'>imperatorem,</span> <span class='ocrx_word' id='word_1_526' title='bbox 3436 1723 3587 1780; x_wconf 88' lang='lat' dir='ltr'>alius</span> <span class='ocrx_word' id='word_1_527' title='bbox 3629 1721 3809 1778; x_wconf 90' lang='lat' dir='ltr'>alium</span> 
     </span>
    </p>
   </div>
   <div class='ocr_carea' id='block_1_76' title="bbox 2175 1811 3814 1893">
    <p class='ocr_par' dir='ltr' id='par_1_76' title="bbox 2175 1811 3814 1893">
     <span class='ocr_line' id='line_1_77' title="bbox 2175 1811 3814 1893; baseline -0.005 -17"><span class='ocrx_word' id='word_1_528' title='bbox 2175 1824 2606 1893; x_wconf 87' lang='lat' dir='ltr'>praevertentes,</span> <span class='ocrx_word' id='word_1_529' title='bbox 2667 1819 3072 1888; x_wconf 85' lang='lat' dir='ltr'>dicentesque:</span> <span class='ocrx_word' id='word_1_530' title='bbox 3127 1815 3410 1885; x_wconf 89' lang='lat' dir='ltr'>Vicimus,</span> <span class='ocrx_word' id='word_1_531' title='bbox 3482 1811 3814 1884; x_wconf 86' lang='lat' dir='ltr'>superiores</span> 
     </span>
    </p>
   </div>
   <div class='ocr_carea' id='block_1_77' title="bbox 2174 1901 3810 1979">
    <p class='ocr_par' dir='ltr' id='par_1_77' title="bbox 2174 1901 3810 1979">
     <span class='ocr_line' id='line_1_78' title="bbox 2174 1901 3810 1979; baseline -0.006 -14"><span class='ocrx_word' id='word_1_532' title='bbox 2174 1910 2466 1966; x_wconf 88' lang='lat' dir='ltr'>evasimus</span> <span class='ocrx_word' id='word_1_533' title='bbox 2492 1953 2505 1978; x_wconf 97' lang='lat'>,</span> <span class='ocrx_word' id='word_1_534' title='bbox 2537 1910 2725 1964; x_wconf 91' lang='lat' dir='ltr'>victus</span> <span class='ocrx_word' id='word_1_535' title='bbox 2754 1910 2862 1979; x_wconf 86' lang='lat' dir='ltr'>est,</span> <span class='ocrx_word' id='word_1_536' title='bbox 2907 1907 3194 1962; x_wconf 86' lang='lat' dir='ltr'>extinctus</span> <span class='ocrx_word' id='word_1_537' title='bbox 3243 1909 3370 1960; x_wconf 89' lang='lat' dir='ltr'>est:</span> <span class='ocrx_word' id='word_1_538' title='bbox 3414 1901 3651 1974; x_wconf 89' lang='lat' dir='ltr'>dignam</span> <span class='ocrx_word' id='word_1_539' title='bbox 3705 1911 3810 1973; x_wconf 87' lang='lat' dir='ltr'>pro</span> 
     </span>
    </p>
   </div>
   <div class='ocr_carea' id='block_1_78' title="bbox 2174 1991 3810 2070">
    <p class='ocr_par' dir='ltr' id='par_1_78' title="bbox 2174 1991 3810 2070">
     <span class='ocr_line' id='line_1_79' title="bbox 2174 1991 3810 2070; baseline -0.006 -15"><span class='ocrx_word' id='word_1_540' title='bbox 2174 1998 2336 2055; x_wconf 89' lang='lat' dir='ltr'>illata</span> <span class='ocrx_word' id='word_1_541' title='bbox 2365 1999 2540 2054; x_wconf 89' lang='lat' dir='ltr'>rebus</span> <span class='ocrx_word' id='word_1_542' title='bbox 2571 1997 2808 2070; x_wconf 84' lang='lat' dir='ltr'>optimis</span> <span class='ocrx_word' id='word_1_543' title='bbox 2839 1994 3191 2052; x_wconf 84' lang='lat' dir='ltr'>contumelia</span> <span class='ocrx_word' id='word_1_544' title='bbox 3226 1991 3668 2049; x_wconf 89' lang='lat' dir='ltr'>retributionem</span> <span class='ocrx_word' id='word_1_545' title='bbox 3715 2006 3810 2046; x_wconf 87' lang='lat' dir='ltr'>ac-</span> 
     </span>
    </p>
   </div>
   <div class='ocr_carea' id='block_1_79' title="bbox 2176 2079 3812 2160">
    <p class='ocr_par' dir='ltr' id='par_1_79' title="bbox 2176 2079 3812 2160">
     <span class='ocr_line' id='line_1_80' title="bbox 2176 2079 3812 2160; baseline -0.007 -16"><span class='ocrx_word' id='word_1_546' title='bbox 2176 2089 2346 2160; x_wconf 88' lang='lat' dir='ltr'>cepit.</span> <span class='ocrx_word' id='word_1_547' title='bbox 2380 2087 2480 2144; x_wconf 91' lang='lat' dir='ltr'>Ille</span> <span class='ocrx_word' id='word_1_548' title='bbox 2505 2092 2699 2143; x_wconf 91' lang='lat' dir='ltr'>autem</span> <span class='ocrx_word' id='word_1_549' title='bbox 2741 2089 2958 2159; x_wconf 91' lang='lat' dir='ltr'>quanto</span> <span class='ocrx_word' id='word_1_550' title='bbox 3008 2101 3123 2157; x_wconf 69' lang='lat' dir='ltr'>prae</span> <span class='ocrx_word' id='word_1_551' title='bbox 3166 2081 3386 2139; x_wconf 62' lang='lat' dir='ltr'>caeteris</span> <span class='ocrx_word' id='word_1_552' title='bbox 3426 2080 3615 2154; x_wconf 85' lang='lat' dir='ltr'>magis</span> <span class='ocrx_word' id='word_1_553' title='bbox 3664 2079 3812 2135; x_wconf 89' lang='lat' dir='ltr'>Mar-</span> 
     </span>
    </p>
   </div>
   <div class='ocr_carea' id='block_1_80' title="bbox 2175 2167 3812 2250">
    <p class='ocr_par' dir='ltr' id='par_1_80' title="bbox 2175 2167 3812 2250">
     <span class='ocr_line' id='line_1_81' title="bbox 2175 2167 3812 2250; baseline -0.009 -15"><span class='ocrx_word' id='word_1_554' title='bbox 2175 2177 2320 2250; x_wconf 83' lang='lat' dir='ltr'>tyris</span> <span class='ocrx_word' id='word_1_555' title='bbox 2359 2177 2707 2249; x_wconf 89' lang='lat' dir='ltr'>sanguinem</span> <span class='ocrx_word' id='word_1_556' title='bbox 2749 2175 3001 2242; x_wconf 87' lang='lat' dir='ltr'>sitiebat,</span> <span class='ocrx_word' id='word_1_557' title='bbox 3048 2175 3210 2228; x_wconf 89' lang='lat' dir='ltr'>tanto</span> <span class='ocrx_word' id='word_1_558' title='bbox 3260 2169 3468 2241; x_wconf 88' lang='lat' dir='ltr'>majori</span> <span class='ocrx_word' id='word_1_559' title='bbox 3514 2186 3630 2242; x_wconf 72' lang='lat' dir='ltr'>prae</span> <span class='ocrx_word' id='word_1_560' title='bbox 3667 2167 3812 2224; x_wconf 87' lang='lat' dir='ltr'>aliis</span> 
     </span>
    </p>
   </div>
   <div class='ocr_carea' id='block_1_81' title="bbox 2177 2257 3814 2340">
    <p class='ocr_par' dir='ltr' id='par_1_81' title="bbox 2177 2257 3814 2340">
     <span class='ocr_line' id='line_1_82' title="bbox 2177 2257 3814 2340; baseline -0.007 -18"><span class='ocrx_word' id='word_1_561' title='bbox 2177 2265 2513 2340; x_wconf 87' lang='lat' dir='ltr'>replebatur</span> <span class='ocrx_word' id='word_1_562' title='bbox 2540 2265 2772 2339; x_wconf 87' lang='lat' dir='ltr'>gaudio,</span> <span class='ocrx_word' id='word_1_563' title='bbox 2804 2262 3273 2333; x_wconf 82' lang='lat' dir='ltr'>exsultabatque,</span> <span class='ocrx_word' id='word_1_564' title='bbox 3302 2261 3497 2332; x_wconf 90' lang='lat' dir='ltr'>ipsum</span> <span class='ocrx_word' id='word_1_565' title='bbox 3529 2275 3592 2314; x_wconf 91' lang='lat' dir='ltr'>se</span> <span class='ocrx_word' id='word_1_566' title='bbox 3621 2257 3814 2313; x_wconf 89' lang='lat' dir='ltr'>conti-</span> 
     </span>
    </p>
   </div>
   <div class='ocr_carea' id='block_1_82' title="bbox 2178 2345 3815 2428">
    <p class='ocr_par' dir='ltr' id='par_1_82' title="bbox 2178 2345 3815 2428">
     <span class='ocr_line' id='line_1_83' title="bbox 2178 2345 3815 2428; baseline -0.006 -16"><span class='ocrx_word' id='word_1_567' title='bbox 2178 2372 2315 2412; x_wconf 89' lang='lat' dir='ltr'>nere</span> <span class='ocrx_word' id='word_1_568' title='bbox 2344 2355 2664 2428; x_wconf 89' lang='lat' dir='ltr'>nequiens;</span> <span class='ocrx_word' id='word_1_569' title='bbox 2697 2357 2754 2409; x_wconf 92' lang='lat' dir='ltr'>et</span> <span class='ocrx_word' id='word_1_570' title='bbox 2777 2357 3059 2425; x_wconf 88' lang='lat' dir='ltr'>tanquam</span> <span class='ocrx_word' id='word_1_571' title='bbox 3092 2366 3269 2422; x_wconf 90' lang='lat' dir='ltr'>super</span> <span class='ocrx_word' id='word_1_572' title='bbox 3297 2345 3628 2404; x_wconf 89' lang='lat' dir='ltr'>admirabili</span> <span class='ocrx_word' id='word_1_573' title='bbox 3676 2362 3815 2418; x_wconf 89' lang='lat' dir='ltr'>qua-</span> 
     </span>
    </p>
   </div>
   <div class='ocr_carea' id='block_1_83' title="bbox 2179 2434 3818 2515">
    <p class='ocr_par' dir='ltr' id='par_1_83' title="bbox 2179 2434 3818 2515">
     <span class='ocr_line' id='line_1_84' title="bbox 2179 2434 3818 2515; baseline -0.008 -13"><span class='ocrx_word' id='word_1_574' title='bbox 2179 2447 2315 2502; x_wconf 89' lang='lat' dir='ltr'>dam</span> <span class='ocrx_word' id='word_1_575' title='bbox 2347 2442 2791 2515; x_wconf 83' lang='lat' dir='ltr'>incredibilique</span> <span class='ocrx_word' id='word_1_576' title='bbox 2844 2440 3088 2497; x_wconf 82' lang='lat' dir='ltr'>victoria</span> <span class='ocrx_word' id='word_1_577' title='bbox 3139 2440 3353 2496; x_wconf 86' lang='lat' dir='ltr'>festum</span> <span class='ocrx_word' id='word_1_578' title='bbox 3410 2441 3467 2494; x_wconf 88' lang='lat' dir='ltr'>et</span> <span class='ocrx_word' id='word_1_579' title='bbox 3529 2434 3818 2492; x_wconf 85' lang='lat' dir='ltr'>sacriﬁcia</span> 
     </span>
    </p>
   </div>
   <div class='ocr_carea' id='block_1_84' title="bbox 2181 2524 3816 2606">
    <p class='ocr_par' dir='ltr' id='par_1_84' title="bbox 2181 2524 3816 2606">
     <span class='ocr_line' id='line_1_85' title="bbox 2181 2524 3816 2606; baseline -0.007 -15"><span class='ocrx_word' id='word_1_580' title='bbox 2181 2532 2394 2606; x_wconf 90' lang='lat' dir='ltr'>populo</span> <span class='ocrx_word' id='word_1_581' title='bbox 2438 2532 2724 2602; x_wconf 88' lang='lat' dir='ltr'>indicens,</span> <span class='ocrx_word' id='word_1_582' title='bbox 2783 2531 2855 2586; x_wconf 91' lang='lat' dir='ltr'>ad</span> <span class='ocrx_word' id='word_1_583' title='bbox 2914 2530 3067 2597; x_wconf 90' lang='lat' dir='ltr'>fana,</span> <span class='ocrx_word' id='word_1_584' title='bbox 3128 2529 3200 2584; x_wconf 90' lang='lat' dir='ltr'>ad</span> <span class='ocrx_word' id='word_1_585' title='bbox 3257 2543 3388 2584; x_wconf 89' lang='lat' dir='ltr'>aras</span> <span class='ocrx_word' id='word_1_586' title='bbox 3447 2524 3816 2598; x_wconf 88' lang='lat' dir='ltr'>pr0perabat,</span> 
     </span>
    </p>
   </div>
   <div class='ocr_carea' id='block_1_85' title="bbox 2183 2615 3606 2690">
    <p class='ocr_par' dir='ltr' id='par_1_85' title="bbox 2183 2615 3606 2690">
     <span class='ocr_line' id='line_1_86' title="bbox 2183 2615 3606 2690; baseline -0.007 -11"><span class='ocrx_word' id='word_1_587' title='bbox 2183 2623 2491 2680; x_wconf 86' lang='lat' dir='ltr'>oblaturus</span> <span class='ocrx_word' id='word_1_588' title='bbox 2525 2619 2890 2676; x_wconf 70' lang='lat' dir='ltr'>daemonibus</span> <span class='ocrx_word' id='word_1_589' title='bbox 2919 2616 3306 2690; x_wconf 82' lang='lat' dir='ltr'>triumphales</span> <span class='ocrx_word' id='word_1_590' title='bbox 3335 2615 3606 2688; x_wconf 77' lang='lat' dir='ltr'>hymnos.</span> 
     </span>
    </p>
   </div>
   <div class='ocr_carea' id='block_1_86' title="bbox 2260 2885 3817 2961">
    <p class='ocr_par' dir='ltr' id='par_1_86' title="bbox 2260 2885 3817 2961">
     <span class='ocr_line' id='line_1_87' title="bbox 2260 2885 3817 2961; baseline -0.003 -18"><span class='ocrx_word' id='word_1_591' title='bbox 2260 2891 2349 2953; x_wconf 78' lang='grc' dir='ltr'>14τ</span> <span class='ocrx_word' id='word_1_592' title='bbox 2379 2890 2924 2961; x_wconf 87' lang='lat' dir='ltr'>Itajucundabatur</span> <span class='ocrx_word' id='word_1_593' title='bbox 2952 2889 3192 2944; x_wconf 86' lang='lat' dir='ltr'>demens</span> <span class='ocrx_word' id='word_1_594' title='bbox 3222 2885 3320 2941; x_wconf 90' lang='lat' dir='ltr'>ille</span> <span class='ocrx_word' id='word_1_595' title='bbox 3353 2899 3531 2957; x_wconf 87' lang='lat' dir='ltr'>super</span> <span class='ocrx_word' id='word_1_596' title='bbox 3567 2897 3629 2939; x_wconf 91' lang='lat' dir='ltr'>re</span> <span class='ocrx_word' id='word_1_597' title='bbox 3668 2885 3817 2948; x_wconf 87' lang='lat' dir='ltr'>acta,</span> 
     </span>
    </p>
   </div>
   <div class='ocr_carea' id='block_1_87' title="bbox 2188 2974 3823 3050">
    <p class='ocr_par' dir='ltr' id='par_1_87' title="bbox 2188 2974 3823 3050">
     <span class='ocr_line' id='line_1_88' title="bbox 2188 2974 3823 3050; baseline -0.005 -16"><span class='ocrx_word' id='word_1_598' title='bbox 2188 2979 2454 3050; x_wconf 90' lang='lat' dir='ltr'>quamvis</span> <span class='ocrx_word' id='word_1_599' title='bbox 2483 2979 2639 3035; x_wconf 90' lang='lat' dir='ltr'>haud</span> <span class='ocrx_word' id='word_1_600' title='bbox 2673 2979 2770 3034; x_wconf 93' lang='lat' dir='ltr'>diu</span> <span class='ocrx_word' id='word_1_601' title='bbox 2805 2977 3114 3050; x_wconf 89' lang='lat' dir='ltr'>gavisurus</span> <span class='ocrx_word' id='word_1_602' title='bbox 3146 2983 3246 3031; x_wconf 88' lang='lat' dir='ltr'>aut</span> <span class='ocrx_word' id='word_1_603' title='bbox 3305 2974 3590 3029; x_wconf 84' lang='lat' dir='ltr'>fruiturus</span> <span class='ocrx_word' id='word_1_604' title='bbox 3635 2975 3823 3028; x_wconf 91' lang='lat' dir='ltr'>morte</span> 
     </span>
    </p>
   </div>
   <div class='ocr_carea' id='block_1_88' title="bbox 2187 3061 3820 3140">
    <p class='ocr_par' dir='ltr' id='par_1_88' title="bbox 2187 3061 3820 3140">
     <span class='ocr_line' id='line_1_89' title="bbox 2187 3061 3820 3140; baseline -0.006 -16"><span class='ocrx_word' id='word_1_605' title='bbox 2187 3068 2532 3140; x_wconf 88' lang='lat' dir='ltr'>insipienter</span> <span class='ocrx_word' id='word_1_606' title='bbox 2563 3067 2798 3132; x_wconf 88' lang='lat' dir='ltr'>credita,</span> <span class='ocrx_word' id='word_1_607' title='bbox 2831 3067 2971 3139; x_wconf 88' lang='lat' dir='ltr'>quid</span> <span class='ocrx_word' id='word_1_608' title='bbox 3001 3064 3454 3121; x_wconf 82' lang='lat' dir='ltr'>confunderetur</span> <span class='ocrx_word' id='word_1_609' title='bbox 3474 3063 3644 3134; x_wconf 84' lang='lat' dir='ltr'>juxta</span> <span class='ocrx_word' id='word_1_610' title='bbox 3682 3061 3820 3116; x_wconf 91' lang='lat' dir='ltr'>Pro-</span> 
     </span>
    </p>
   </div>
   <div class='ocr_carea' id='block_1_89' title="bbox 2189 3150 3820 3230">
    <p class='ocr_par' dir='ltr' id='par_1_89' title="bbox 2189 3150 3820 3230">
     <span class='ocr_line' id='line_1_90' title="bbox 2189 3150 3820 3230; baseline -0.004 -17"><span class='ocrx_word' id='word_1_611' title='bbox 2189 3157 2446 3230; x_wconf 90' lang='lat' dir='ltr'>phetam,</span> <span class='ocrx_word' id='word_1_612' title='bbox 2497 3161 2552 3213; x_wconf 90' lang='lat' dir='ltr'>et</span> <span class='ocrx_word' id='word_1_613' title='bbox 2598 3155 2976 3228; x_wconf 88' lang='lat' dir='ltr'>repelleretur</span> <span class='ocrx_word' id='word_1_614' title='bbox 3020 3156 3091 3210; x_wconf 91' lang='lat' dir='ltr'>ab</span> <span class='ocrx_word' id='word_1_615' title='bbox 3146 3153 3430 3210; x_wconf 88' lang='lat' dir='ltr'>altaribus</span> <span class='ocrx_word' id='word_1_616' title='bbox 3472 3151 3618 3207; x_wconf 91' lang='lat' dir='ltr'>suis.</span> <span class='ocrx_word' id='word_1_617' title='bbox 3666 3150 3820 3207; x_wconf 90' lang='lat' dir='ltr'>Dum</span> 
     </span>
    </p>
   </div>
   <div class='ocr_carea' id='block_1_90' title="bbox 2190 3239 3820 3318">
    <p class='ocr_par' dir='ltr' id='par_1_90' title="bbox 2190 3239 3820 3318">
     <span class='ocr_line' id='line_1_91' title="bbox 2190 3239 3820 3318; baseline -0.004 -16"><span class='ocrx_word' id='word_1_618' title='bbox 2190 3247 2345 3303; x_wconf 91' lang='lat' dir='ltr'>enim</span> <span class='ocrx_word' id='word_1_619' title='bbox 2367 3247 2486 3302; x_wconf 64' lang='lat' dir='ltr'>haec</span> <span class='ocrx_word' id='word_1_620' title='bbox 2506 3251 2720 3318; x_wconf 84' lang='lat' dir='ltr'>ageret,</span> <span class='ocrx_word' id='word_1_621' title='bbox 2744 3261 2981 3302; x_wconf 89' lang='lat' dir='ltr'>rursum</span> <span class='ocrx_word' id='word_1_622' title='bbox 3002 3244 3268 3301; x_wconf 88' lang='lat' dir='ltr'>Christus</span> <span class='ocrx_word' id='word_1_623' title='bbox 3291 3239 3820 3298; x_wconf 82' lang='lat' dir='ltr'>mirificavitcrucis</span> 
     </span>
    </p>
   </div>
   <div class='ocr_carea' id='block_1_91' title="bbox 2184 3329 3819 3408">
    <p class='ocr_par' dir='ltr' id='par_1_91' title="bbox 2184 3329 3819 3408">
     <span class='ocr_line' id='line_1_92' title="bbox 2184 3329 3819 3408; baseline -0.006 -16"><span class='ocrx_word' id='word_1_624' title='bbox 2184 3352 2302 3392; x_wconf 61' lang='lat' dir='ltr'>suae</span> <span class='ocrx_word' id='word_1_625' title='bbox 2334 3335 2630 3408; x_wconf 78' lang='lat' dir='ltr'>mysteria,</span> <span class='ocrx_word' id='word_1_626' title='bbox 2658 3339 2714 3390; x_wconf 91' lang='lat' dir='ltr'>et</span> <span class='ocrx_word' id='word_1_627' title='bbox 2743 3333 2941 3390; x_wconf 88' lang='lat' dir='ltr'>omnia</span> <span class='ocrx_word' id='word_1_628' title='bbox 2965 3332 3160 3390; x_wconf 91' lang='lat' dir='ltr'>subito</span> <span class='ocrx_word' id='word_1_629' title='bbox 3189 3347 3357 3388; x_wconf 89' lang='lat' dir='ltr'>versa</span> <span class='ocrx_word' id='word_1_630' title='bbox 3398 3333 3538 3386; x_wconf 88' lang='lat' dir='ltr'>sunt</span> <span class='ocrx_word' id='word_1_631' title='bbox 3573 3329 3635 3384; x_wconf 89' lang='lat' dir='ltr'>in</span> <span class='ocrx_word' id='word_1_632' title='bbox 3683 3329 3819 3384; x_wconf 90' lang='lat' dir='ltr'>hor-</span> 
     </span>
    </p>
   </div>
   <div class='ocr_carea' id='block_1_92' title="bbox 2183 3419 3818 3496">
    <p class='ocr_par' dir='ltr' id='par_1_92' title="bbox 2183 3419 3818 3496">
     <span class='ocr_line' id='line_1_93' title="bbox 2183 3419 3818 3496; baseline -0.002 -16"><span class='ocrx_word' id='word_1_633' title='bbox 2183 3440 2367 3480; x_wconf 86' lang='lat' dir='ltr'>rorem</span> <span class='ocrx_word' id='word_1_634' title='bbox 2400 3443 2412 3492; x_wconf 91' lang='lat'><strong>;</strong></span> <span class='ocrx_word' id='word_1_635' title='bbox 2447 3441 2579 3479; x_wconf 90' lang='lat' dir='ltr'>cum</span> <span class='ocrx_word' id='word_1_636' title='bbox 2602 3423 2862 3496; x_wconf 71' lang='lat' dir='ltr'>procellae</span> <span class='ocrx_word' id='word_1_637' title='bbox 2892 3422 3160 3490; x_wconf 90' lang='lat' dir='ltr'>nubium,</span> <span class='ocrx_word' id='word_1_638' title='bbox 3186 3420 3369 3493; x_wconf 89' lang='lat' dir='ltr'>caligo</span> <span class='ocrx_word' id='word_1_639' title='bbox 3392 3419 3562 3486; x_wconf 87' lang='lat' dir='ltr'>aeris,</span> <span class='ocrx_word' id='word_1_640' title='bbox 3584 3422 3818 3476; x_wconf 84' lang='lat' dir='ltr'>noctur-</span> 
     </span>
    </p>
   </div>
   <div class='ocr_carea' id='block_1_93' title="bbox 2182 3506 3815 3581">
    <p class='ocr_par' dir='ltr' id='par_1_93' title="bbox 2182 3506 3815 3581">
     <span class='ocr_line' id='line_1_94' title="bbox 2182 3506 3815 3581; baseline -0.004 -13"><span class='ocrx_word' id='word_1_641' title='bbox 2182 3531 2268 3569; x_wconf 79' lang='lat' dir='ltr'>nae</span> <span class='ocrx_word' id='word_1_642' title='bbox 2300 3513 2490 3569; x_wconf 91' lang='lat' dir='ltr'>medio</span> <span class='ocrx_word' id='word_1_643' title='bbox 2520 3513 2613 3568; x_wconf 90' lang='lat' dir='ltr'>die</span> <span class='ocrx_word' id='word_1_644' title='bbox 2642 3513 2914 3577; x_wconf 66' lang='lat' dir='ltr'>tenebrae,</span> <span class='ocrx_word' id='word_1_645' title='bbox 2947 3515 3141 3567; x_wconf 89' lang='lat' dir='ltr'>motus</span> <span class='ocrx_word' id='word_1_646' title='bbox 3157 3513 3340 3579; x_wconf 70' lang='lat' dir='ltr'>terrae,</span> <span class='ocrx_word' id='word_1_647' title='bbox 3364 3508 3627 3581; x_wconf 90' lang='lat' dir='ltr'>mugitus</span> <span class='ocrx_word' id='word_1_648' title='bbox 3665 3506 3815 3575; x_wconf 69' lang='lat' dir='ltr'>coeli,</span> 
     </span>
    </p>
   </div>
   <div class='ocr_carea' id='block_1_94' title="bbox 2183 3597 3816 3674">
    <p class='ocr_par' dir='ltr' id='par_1_94' title="bbox 2183 3597 3816 3674">
     <span class='ocr_line' id='line_1_95' title="bbox 2183 3597 3816 3674; baseline -0.004 -16"><span class='ocrx_word' id='word_1_649' title='bbox 2183 3603 2496 3658; x_wconf 87' lang='lat' dir='ltr'>fulminum</span> <span class='ocrx_word' id='word_1_650' title='bbox 2546 3604 2763 3674; x_wconf 88' lang='lat' dir='ltr'>jactus,</span> <span class='ocrx_word' id='word_1_651' title='bbox 2834 3600 3019 3656; x_wconf 88' lang='lat' dir='ltr'>multo</span> <span class='ocrx_word' id='word_1_652' title='bbox 3090 3598 3408 3655; x_wconf 88' lang='lat' dir='ltr'>terribilius</span> <span class='ocrx_word' id='word_1_653' title='bbox 3469 3597 3572 3669; x_wconf 91' lang='lat' dir='ltr'>qui</span> <span class='ocrx_word' id='word_1_654' title='bbox 3646 3598 3816 3669; x_wconf 68' lang='lat' dir='ltr'>Egy-</span> 
     </span>
    </p>
   </div>
   <div class='ocr_carea' id='block_1_95' title="bbox 2185 3685 3820 3764">
    <p class='ocr_par' dir='ltr' id='par_1_95' title="bbox 2185 3685 3820 3764">
     <span class='ocr_line' id='line_1_96' title="bbox 2185 3685 3820 3764; baseline -0.004 -17"><span class='ocrx_word' id='word_1_655' title='bbox 2185 3690 2390 3764; x_wconf 88' lang='lat' dir='ltr'>ptiacis</span> <span class='ocrx_word' id='word_1_656' title='bbox 2420 3691 2607 3763; x_wconf 87' lang='lat' dir='ltr'>plagis</span> <span class='ocrx_word' id='word_1_657' title='bbox 2639 3692 3046 3746; x_wconf 91' lang='lat' dir='ltr'>concurrerent</span> <span class='ocrx_word' id='word_1_658' title='bbox 3063 3706 3083 3750; x_wconf 72' lang='grc' dir='ltr'>,ο</span> <span class='ocrx_word' id='word_1_659' title='bbox 3106 3689 3282 3760; x_wconf 90' lang='lat' dir='ltr'>idque</span> <span class='ocrx_word' id='word_1_660' title='bbox 3330 3704 3445 3742; x_wconf 91' lang='lat' dir='ltr'>non</span> <span class='ocrx_word' id='word_1_661' title='bbox 3499 3702 3568 3742; x_wconf 84' lang='lat' dir='ltr'>ex</span> <span class='ocrx_word' id='word_1_662' title='bbox 3615 3685 3820 3741; x_wconf 89' lang='lat' dir='ltr'>ordine</span> 
     </span>
    </p>
   </div>
   <div class='ocr_carea' id='block_1_96' title="bbox 2185 3773 3821 3850">
    <p class='ocr_par' dir='ltr' id='par_1_96' title="bbox 2185 3773 3821 3850">
     <span class='ocr_line' id='line_1_97' title="bbox 2185 3773 3821 3850; baseline -0.005 -14"><span class='ocrx_word' id='word_1_663' title='bbox 2185 3780 2436 3836; x_wconf 80' lang='lat' dir='ltr'>naturali</span> <span class='ocrx_word' id='word_1_664' title='bbox 2469 3783 2570 3836; x_wconf 87' lang='lat' dir='ltr'>aut</span> <span class='ocrx_word' id='word_1_665' title='bbox 2598 3796 2737 3835; x_wconf 89' lang='lat' dir='ltr'>casu</span> <span class='ocrx_word' id='word_1_666' title='bbox 2766 3779 2964 3850; x_wconf 88' lang='lat' dir='ltr'>aliquo</span> <span class='ocrx_word' id='word_1_667' title='bbox 3013 3777 3532 3849; x_wconf 89' lang='lat' dir='ltr'>(quemadmodum</span> <span class='ocrx_word' id='word_1_668' title='bbox 3578 3773 3821 3830; x_wconf 85' lang='lat' dir='ltr'>forsitan</span> 
     </span>
    </p>
   </div>
   <div class='ocr_carea' id='block_1_97' title="bbox 2186 3862 3825 3940">
    <p class='ocr_par' dir='ltr' id='par_1_97' title="bbox 2186 3862 3825 3940">
     <span class='ocr_line' id='line_1_98' title="bbox 2186 3862 3825 3940; baseline -0.004 -16"><span class='ocrx_word' id='word_1_669' title='bbox 2186 3869 2380 3925; x_wconf 90' lang='lat' dir='ltr'>visum</span> <span class='ocrx_word' id='word_1_670' title='bbox 2411 3876 2497 3925; x_wconf 81' lang='lat' dir='ltr'>est</span> <span class='ocrx_word' id='word_1_671' title='bbox 2536 3869 2758 3940; x_wconf 91' lang='lat' dir='ltr'>impiis,</span> <span class='ocrx_word' id='word_1_672' title='bbox 2810 3871 3157 3923; x_wconf 83' lang='lat' dir='ltr'>excaecatum</span> <span class='ocrx_word' id='word_1_673' title='bbox 3201 3864 3555 3922; x_wconf 89' lang='lat' dir='ltr'>habentibus</span> <span class='ocrx_word' id='word_1_674' title='bbox 3602 3862 3825 3920; x_wconf 90' lang='lat' dir='ltr'>intelle-</span> 
     </span>
    </p>
   </div>
   <div class='ocr_carea' id='block_1_98' title="bbox 2189 3951 3821 4029">
    <p class='ocr_par' dir='ltr' id='par_1_98' title="bbox 2189 3951 3821 4029">
     <span class='ocr_line' id='line_1_99' title="bbox 2189 3951 3821 4029; baseline -0.005 -15"><span class='ocrx_word' id='word_1_675' title='bbox 2189 3959 2392 4029; x_wconf 91' lang='lat' dir='ltr'>ctum),</span> <span class='ocrx_word' id='word_1_676' title='bbox 2425 3959 2526 4014; x_wconf 89' lang='lat' dir='ltr'>sed</span> <span class='ocrx_word' id='word_1_677' title='bbox 2557 3973 2624 4014; x_wconf 85' lang='lat' dir='ltr'>ex</span> <span class='ocrx_word' id='word_1_678' title='bbox 2655 3958 2756 4013; x_wconf 90' lang='lat' dir='ltr'>Dei</span> <span class='ocrx_word' id='word_1_679' title='bbox 2789 3957 3086 4023; x_wconf 88' lang='lat' dir='ltr'>mandato,</span> <span class='ocrx_word' id='word_1_680' title='bbox 3119 3953 3500 4028; x_wconf 88' lang='lat' dir='ltr'>gloriﬁcantis</span> <span class='ocrx_word' id='word_1_681' title='bbox 3531 3951 3821 4020; x_wconf 86' lang='lat' dir='ltr'>famulum</span> 
     </span>
    </p>
   </div>
   <div class='ocr_carea' id='block_1_99' title="bbox 2185 4040 3820 4120">
    <p class='ocr_par' dir='ltr' id='par_1_99' title="bbox 2185 4040 3820 4120">
     <span class='ocr_line' id='line_1_100' title="bbox 2185 4040 3820 4120; baseline -0.006 -16"><span class='ocrx_word' id='word_1_682' title='bbox 2185 4064 2361 4105; x_wconf 91' lang='lat' dir='ltr'>suum</span> <span class='ocrx_word' id='word_1_683' title='bbox 2391 4047 2576 4120; x_wconf 83' lang='lat' dir='ltr'>signis</span> <span class='ocrx_word' id='word_1_684' title='bbox 2613 4051 2788 4118; x_wconf 89' lang='lat' dir='ltr'>atque</span> <span class='ocrx_word' id='word_1_685' title='bbox 2843 4044 3145 4117; x_wconf 89' lang='lat' dir='ltr'>prodigiis,</span> <span class='ocrx_word' id='word_1_686' title='bbox 3205 4041 3703 4116; x_wconf 88' lang='lat' dir='ltr'>quemadmodum</span> <span class='ocrx_word' id='word_1_687' title='bbox 3759 4040 3820 4095; x_wconf 92' lang='lat' dir='ltr'>in</span> 
     </span>
    </p>
   </div>
   <div class='ocr_carea' id='block_1_100' title="bbox 2183 4129 3821 4209">
    <p class='ocr_par' dir='ltr' id='par_1_100' title="bbox 2183 4129 3821 4209">
     <span class='ocr_line' id='line_1_101' title="bbox 2183 4129 3821 4209; baseline -0.005 -16"><span class='ocrx_word' id='word_1_688' title='bbox 2183 4137 2448 4209; x_wconf 69' lang='lat' dir='ltr'>Egypto,</span> <span class='ocrx_word' id='word_1_689' title='bbox 2483 4137 2762 4207; x_wconf 80' lang='lat' dir='ltr'>Moysem,</span> <span class='ocrx_word' id='word_1_690' title='bbox 2796 4139 2854 4190; x_wconf 90' lang='lat' dir='ltr'>et</span> <span class='ocrx_word' id='word_1_691' title='bbox 2882 4133 3175 4190; x_wconf 90' lang='lat' dir='ltr'>Danielem</span> <span class='ocrx_word' id='word_1_692' title='bbox 3235 4133 3385 4188; x_wconf 90' lang='lat' dir='ltr'>inter</span> <span class='ocrx_word' id='word_1_693' title='bbox 3425 4129 3712 4202; x_wconf 79' lang='lat' dir='ltr'>Assyrios,</span> <span class='ocrx_word' id='word_1_694' title='bbox 3763 4132 3821 4184; x_wconf 89' lang='lat' dir='ltr'>et</span> 
     </span>
    </p>
   </div>
   <div class='ocr_carea' id='block_1_101' title="bbox 2185 4218 3819 4293">
    <p class='ocr_par' dir='ltr' id='par_1_101' title="bbox 2185 4218 3819 4293">
     <span class='ocr_line' id='line_1_102' title="bbox 2185 4218 3819 4293; baseline -0.007 -10"><span class='ocrx_word' id='word_1_695' title='bbox 2185 4226 2329 4284; x_wconf 85' lang='lat' dir='ltr'>alios</span> <span class='ocrx_word' id='word_1_696' title='bbox 2359 4224 2522 4293; x_wconf 84' lang='lat' dir='ltr'>alibi,</span> <span class='ocrx_word' id='word_1_697' title='bbox 2571 4224 2897 4280; x_wconf 90' lang='lat' dir='ltr'>secundum</span> <span class='ocrx_word' id='word_1_698' title='bbox 2948 4219 3420 4279; x_wconf 88' lang='lat' dir='ltr'>inscrustabilem</span> <span class='ocrx_word' id='word_1_699' title='bbox 3460 4218 3819 4275; x_wconf 86' lang='lat' dir='ltr'>voluntatem</span> 
     </span>
    </p>
   </div>
   <div class='ocr_carea' id='block_1_102' title="bbox 2183 4307 3822 4381">
    <p class='ocr_par' dir='ltr' id='par_1_102' title="bbox 2183 4307 3822 4381">
     <span class='ocr_line' id='line_1_103' title="bbox 2183 4307 3822 4381; baseline -0.005 -11"><span class='ocrx_word' id='word_1_700' title='bbox 2183 4332 2375 4371; x_wconf 90' lang='lat' dir='ltr'>suam.</span> <span class='ocrx_word' id='word_1_701' title='bbox 2410 4315 2560 4379; x_wconf 91' lang='lat' dir='ltr'>Quin</span> <span class='ocrx_word' id='word_1_702' title='bbox 2609 4313 2781 4369; x_wconf 87' lang='lat' dir='ltr'>etiam</span> <span class='ocrx_word' id='word_1_703' title='bbox 2826 4313 3096 4369; x_wconf 90' lang='lat' dir='ltr'>custodes</span> <span class='ocrx_word' id='word_1_704' title='bbox 3145 4314 3202 4366; x_wconf 89' lang='lat' dir='ltr'>et</span> <span class='ocrx_word' id='word_1_705' title='bbox 3249 4311 3536 4381; x_wconf 89' lang='lat' dir='ltr'>quotquot</span> <span class='ocrx_word' id='word_1_706' title='bbox 3578 4307 3822 4362; x_wconf 87' lang='lat' dir='ltr'>aderant</span> 
     </span>
    </p>
   </div>
   <div class='ocr_carea' id='block_1_103' title="bbox 2183 4395 3822 4472">
    <p class='ocr_par' dir='ltr' id='par_1_103' title="bbox 2183 4395 3822 4472">
     <span class='ocr_line' id='line_1_104' title="bbox 2183 4395 3822 4472; baseline -0.007 -12"><span class='ocrx_word' id='word_1_707' title='bbox 2183 4403 2280 4460; x_wconf 87' lang='lat' dir='ltr'>alii</span> <span class='ocrx_word' id='word_1_708' title='bbox 2313 4403 2565 4459; x_wconf 90' lang='lat' dir='ltr'>cultores</span> <span class='ocrx_word' id='word_1_709' title='bbox 2594 4404 2927 4458; x_wconf 80' lang='lat' dir='ltr'>daemonum</span> <span class='ocrx_word' id='word_1_710' title='bbox 2954 4400 3314 4472; x_wconf 82' lang='lat' dir='ltr'>dispergens,</span> <span class='ocrx_word' id='word_1_711' title='bbox 3348 4395 3688 4452; x_wconf 90' lang='lat' dir='ltr'>missolucis</span> <span class='ocrx_word' id='word_1_712' title='bbox 3721 4411 3822 4450; x_wconf 92' lang='lat' dir='ltr'>an-</span> 
     </span>
    </p>
   </div>
   <div class='ocr_carea' id='block_1_104' title="bbox 2183 4481 3821 4564">
    <p class='ocr_par' dir='ltr' id='par_1_104' title="bbox 2183 4481 3821 4564">
     <span class='ocr_line' id='line_1_105' title="bbox 2183 4481 3821 4564; baseline -0.007 -16"><span class='ocrx_word' id='word_1_713' title='bbox 2183 4493 2310 4564; x_wconf 91' lang='lat' dir='ltr'>gelo</span> <span class='ocrx_word' id='word_1_714' title='bbox 2339 4492 2751 4548; x_wconf 83' lang='lat' dir='ltr'>consolabatur</span> <span class='ocrx_word' id='word_1_715' title='bbox 2793 4489 3098 4554; x_wconf 88' lang='lat' dir='ltr'>athletam,</span> <span class='ocrx_word' id='word_1_716' title='bbox 3151 4485 3445 4557; x_wconf 91' lang='lat' dir='ltr'>simulque</span> <span class='ocrx_word' id='word_1_717' title='bbox 3491 4488 3549 4540; x_wconf 91' lang='lat' dir='ltr'>et</span> <span class='ocrx_word' id='word_1_718' title='bbox 3591 4481 3821 4538; x_wconf 88' lang='lat' dir='ltr'>vincula</span> 
     </span>
    </p>
   </div>
   <div class='ocr_carea' id='block_1_105' title="bbox 2184 4571 3818 4650">
    <p class='ocr_par' dir='ltr' id='par_1_105' title="bbox 2184 4571 3818 4650">
     <span class='ocr_line' id='line_1_106' title="bbox 2184 4571 3818 4650; baseline -0.006 -13"><span class='ocrx_word' id='word_1_719' title='bbox 2184 4580 2468 4647; x_wconf 89' lang='lat' dir='ltr'>dissolvit,</span> <span class='ocrx_word' id='word_1_720' title='bbox 2500 4584 2556 4635; x_wconf 90' lang='lat' dir='ltr'>et</span> <span class='ocrx_word' id='word_1_721' title='bbox 2579 4579 2837 4650; x_wconf 88' lang='lat' dir='ltr'>corporis</span> <span class='ocrx_word' id='word_1_722' title='bbox 2868 4577 3257 4649; x_wconf 86' lang='lat' dir='ltr'>integritatem</span> <span class='ocrx_word' id='word_1_723' title='bbox 3298 4572 3555 4630; x_wconf 90' lang='lat' dir='ltr'>restituit</span> <span class='ocrx_word' id='word_1_724' title='bbox 3599 4571 3818 4628; x_wconf 88' lang='lat' dir='ltr'>curatis</span> 
     </span>
    </p>
   </div>
   <div class='ocr_carea' id='block_1_106' title="bbox 2177 4659 3813 4738">
    <p class='ocr_par' dir='ltr' id='par_1_106' title="bbox 2177 4659 3813 4738">
     <span class='ocr_line' id='line_1_107' title="bbox 2177 4659 3813 4738; baseline -0.007 -14"><span class='ocrx_word' id='word_1_725' title='bbox 2177 4668 2538 4736; x_wconf 90' lang='lat' dir='ltr'>vulneribus,</span> <span class='ocrx_word' id='word_1_726' title='bbox 2567 4668 2783 4738; x_wconf 90' lang='lat' dir='ltr'>jubens</span> <span class='ocrx_word' id='word_1_727' title='bbox 2815 4669 2880 4720; x_wconf 92' lang='lat' dir='ltr'>ut</span> <span class='ocrx_word' id='word_1_728' title='bbox 2909 4682 2969 4721; x_wconf 91' lang='lat' dir='ltr'>se</span> <span class='ocrx_word' id='word_1_729' title='bbox 2997 4669 3243 4737; x_wconf 85' lang='lat' dir='ltr'>tyranno</span> <span class='ocrx_word' id='word_1_730' title='bbox 3277 4662 3525 4729; x_wconf 77' lang='lat' dir='ltr'>sisteret,</span> <span class='ocrx_word' id='word_1_731' title='bbox 3559 4659 3631 4716; x_wconf 90' lang='lat' dir='ltr'>ad</span> <span class='ocrx_word' id='word_1_732' title='bbox 3683 4662 3813 4714; x_wconf 85' lang='lat' dir='ltr'>stu-</span> 
     </span>
    </p>
   </div>
   <div class='ocr_carea' id='block_1_107' title="bbox 2175 4747 3807 4829">
    <p class='ocr_par' dir='ltr' id='par_1_107' title="bbox 2175 4747 3807 4829">
     <span class='ocr_line' id='line_1_108' title="bbox 2175 4747 3807 4829; baseline -0.007 -16"><span class='ocrx_word' id='word_1_733' title='bbox 2175 4774 2376 4829; x_wconf 88' lang='lat' dir='ltr'>porem</span> <span class='ocrx_word' id='word_1_734' title='bbox 2399 4755 2939 4825; x_wconf 87' lang='lat' dir='ltr'>testimoniumque,</span> <span class='ocrx_word' id='word_1_735' title='bbox 2969 4757 3025 4808; x_wconf 89' lang='lat' dir='ltr'>et</span> <span class='ocrx_word' id='word_1_736' title='bbox 3054 4752 3231 4808; x_wconf 90' lang='lat' dir='ltr'>robur</span> <span class='ocrx_word' id='word_1_737' title='bbox 3279 4755 3453 4822; x_wconf 88' lang='lat' dir='ltr'>atque</span> <span class='ocrx_word' id='word_1_738' title='bbox 3500 4747 3807 4818; x_wconf 79' lang='lat' dir='ltr'>auxilium,</span> 
     </span>
    </p>
   </div>
   <div class='ocr_carea' id='block_1_108' title="bbox 2175 4839 3391 4917">
    <p class='ocr_par' dir='ltr' id='par_1_108' title="bbox 2175 4839 3391 4917">
     <span class='ocr_line' id='line_1_109' title="bbox 2175 4839 3391 4917; baseline -0.007 -15"><span class='ocrx_word' id='word_1_739' title='bbox 2175 4851 2237 4903; x_wconf 85' lang='lat' dir='ltr'>ut</span> <span class='ocrx_word' id='word_1_740' title='bbox 2267 4863 2441 4917; x_wconf 89' lang='lat' dir='ltr'>nunc,</span> <span class='ocrx_word' id='word_1_741' title='bbox 2475 4846 2558 4901; x_wconf 91' lang='lat' dir='ltr'>sic</span> <span class='ocrx_word' id='word_1_742' title='bbox 2587 4851 2645 4900; x_wconf 88' lang='lat' dir='ltr'>et</span> <span class='ocrx_word' id='word_1_743' title='bbox 2673 4845 2734 4899; x_wconf 86' lang='lat' dir='ltr'>in</span> <span class='ocrx_word' id='word_1_744' title='bbox 2763 4848 3059 4916; x_wconf 84' lang='lat' dir='ltr'>posterum</span> <span class='ocrx_word' id='word_1_745' title='bbox 3091 4839 3391 4914; x_wconf 89' lang='lat' dir='ltr'>pollicens.</span> 
     </span>
    </p>
   </div>
   <div class='ocr_carea' id='block_1_109' title="bbox 2247 5007 3815 5113">
    <p class='ocr_par' dir='ltr' id='par_1_109' title="bbox 2247 5007 3815 5113">
     <span class='ocr_line' id='line_1_110' title="bbox 2247 5007 3815 5113; baseline -0.004 -16"><span class='ocrx_word' id='word_1_746' title='bbox 2247 5043 2330 5097; x_wconf 84' lang='lat'>15.</span> <span class='ocrx_word' id='word_1_747' title='bbox 2363 5042 2495 5096; x_wconf 90' lang='lat' dir='ltr'>Fuit</span> <span class='ocrx_word' id='word_1_748' title='bbox 2524 5039 2778 5113; x_wconf 87' lang='lat' dir='ltr'>profecto</span> <span class='ocrx_word' id='word_1_749' title='bbox 2819 5055 2991 5112; x_wconf 89' lang='lat' dir='ltr'>grave</span> <span class='ocrx_word' id='word_1_750' title='bbox 3041 5007 3398 5092; x_wconf 76' lang='lat' dir='ltr'>Diocletiano</span> <span class='ocrx_word' id='word_1_751' title='bbox 3449 5039 3623 5107; x_wconf 88' lang='lat' dir='ltr'>atque</span> <span class='ocrx_word' id='word_1_752' title='bbox 3666 5033 3815 5090; x_wconf 88' lang='lat' dir='ltr'>into-</span> 
     </span>
    </p>
   </div>
   <div class='ocr_carea' id='block_1_110' title="bbox 2168 5121 3810 5200">
    <p class='ocr_par' dir='ltr' id='par_1_110' title="bbox 2168 5121 3810 5200">
     <span class='ocr_line' id='line_1_111' title="bbox 2168 5121 3810 5200; baseline -0.006 -14"><span class='ocrx_word' id='word_1_753' title='bbox 2168 5130 2407 5187; x_wconf 87' lang='lat' dir='ltr'>lerabile</span> <span class='ocrx_word' id='word_1_754' title='bbox 2436 5129 2544 5186; x_wconf 90' lang='lat' dir='ltr'>hoc</span> <span class='ocrx_word' id='word_1_755' title='bbox 2566 5128 2860 5198; x_wconf 84' lang='lat' dir='ltr'>nuntium,</span> <span class='ocrx_word' id='word_1_756' title='bbox 2881 5126 3059 5200; x_wconf 89' lang='lat' dir='ltr'>priori</span> <span class='ocrx_word' id='word_1_757' title='bbox 3081 5127 3247 5181; x_wconf 75' lang='lat' dir='ltr'>famae</span> <span class='ocrx_word' id='word_1_758' title='bbox 3270 5123 3627 5180; x_wconf 85' lang='lat' dir='ltr'>contrarium</span> <span class='ocrx_word' id='word_1_759' title='bbox 3653 5140 3667 5190; x_wconf 92' lang='lat'><strong>;</strong></span> <span class='ocrx_word' id='word_1_760' title='bbox 3699 5121 3810 5178; x_wconf 90' lang='lat' dir='ltr'>hoc</span> 
     </span>
    </p>
   </div>
   <div class='ocr_carea' id='block_1_111' title="bbox 2167 5211 3811 5293">
    <p class='ocr_par' dir='ltr' id='par_1_111' title="bbox 2167 5211 3811 5293">
     <span class='ocr_line' id='line_1_112' title="bbox 2167 5211 3811 5293; baseline -0.005 -18"><span class='ocrx_word' id='word_1_761' title='bbox 2167 5219 2384 5293; x_wconf 87' lang='lat' dir='ltr'>gaudia</span> <span class='ocrx_word' id='word_1_762' title='bbox 2412 5217 2696 5283; x_wconf 88' lang='lat' dir='ltr'>dissolvit,</span> <span class='ocrx_word' id='word_1_763' title='bbox 2729 5217 2875 5271; x_wconf 86' lang='lat' dir='ltr'>festa</span> <span class='ocrx_word' id='word_1_764' title='bbox 2903 5215 3182 5284; x_wconf 89' lang='lat' dir='ltr'>cohibuit,</span> <span class='ocrx_word' id='word_1_765' title='bbox 3201 5211 3585 5285; x_wconf 86' lang='lat' dir='ltr'>triumphalia</span> <span class='ocrx_word' id='word_1_766' title='bbox 3604 5216 3662 5266; x_wconf 91' lang='lat' dir='ltr'>et</span> <span class='ocrx_word' id='word_1_767' title='bbox 3681 5227 3811 5284; x_wconf 87' lang='lat' dir='ltr'>gra-</span> 
     </span>
    </p>
   </div>
   <div class='ocr_carea' id='block_1_112' title="bbox 2166 5299 3807 5375">
    <p class='ocr_par' dir='ltr' id='par_1_112' title="bbox 2166 5299 3807 5375">
     <span class='ocr_line' id='line_1_113' title="bbox 2166 5299 3807 5375; baseline -0.007 -11"><span class='ocrx_word' id='word_1_768' title='bbox 2166 5308 2439 5364; x_wconf 87' lang='lat' dir='ltr'>tulaloria</span> <span class='ocrx_word' id='word_1_769' title='bbox 2466 5305 2750 5362; x_wconf 84' lang='lat' dir='ltr'>sacriﬁcia</span> <span class='ocrx_word' id='word_1_770' title='bbox 2779 5305 2982 5360; x_wconf 89' lang='lat' dir='ltr'>evertit</span> <span class='ocrx_word' id='word_1_771' title='bbox 3006 5330 3020 5371; x_wconf 87' lang='lat'><strong>;</strong></span> <span class='ocrx_word' id='word_1_772' title='bbox 3052 5303 3191 5375; x_wconf 89' lang='lat' dir='ltr'>quin</span> <span class='ocrx_word' id='word_1_773' title='bbox 3225 5303 3401 5358; x_wconf 89' lang='lat' dir='ltr'>etiam</span> <span class='ocrx_word' id='word_1_774' title='bbox 3425 5305 3661 5373; x_wconf 87' lang='lat' dir='ltr'>propter</span> <span class='ocrx_word' id='word_1_775' title='bbox 3690 5299 3807 5354; x_wconf 90' lang='lat' dir='ltr'>mi-</span> 
     </span>
    </p>
   </div>
   <div class='ocr_carea' id='block_1_113' title="bbox 2167 5392 3804 5466">
    <p class='ocr_par' dir='ltr' id='par_1_113' title="bbox 2167 5392 3804 5466">
     <span class='ocr_line' id='line_1_114' title="bbox 2167 5392 3804 5466; baseline -0.005 -14"><span class='ocrx_word' id='word_1_776' title='bbox 2167 5396 2350 5452; x_wconf 89' lang='lat' dir='ltr'>raculi</span> <span class='ocrx_word' id='word_1_777' title='bbox 2375 5394 2836 5466; x_wconf 86' lang='lat' dir='ltr'>magnitudinem</span> <span class='ocrx_word' id='word_1_778' title='bbox 2866 5393 3204 5449; x_wconf 87' lang='lat' dir='ltr'>incredibile</span> <span class='ocrx_word' id='word_1_779' title='bbox 3233 5392 3541 5448; x_wconf 88' lang='lat' dir='ltr'>videbatur</span> <span class='ocrx_word' id='word_1_780' title='bbox 3564 5408 3577 5458; x_wconf 90' lang='lat'><strong>;</strong></span> <span class='ocrx_word' id='word_1_781' title='bbox 3602 5393 3659 5446; x_wconf 91' lang='lat' dir='ltr'>et</span> <span class='ocrx_word' id='word_1_782' title='bbox 3671 5404 3804 5445; x_wconf 86' lang='lat' dir='ltr'>vere</span> 
     </span>
    </p>
   </div>
   <div class='ocr_carea' id='block_1_114' title="bbox 2167 5478 3803 5554">
    <p class='ocr_par' dir='ltr' id='par_1_114' title="bbox 2167 5478 3803 5554">
     <span class='ocr_line' id='line_1_115' title="bbox 2167 5478 3803 5554; baseline -0.005 -14"><span class='ocrx_word' id='word_1_783' title='bbox 2167 5503 2281 5542; x_wconf 90' lang='lat' dir='ltr'>non</span> <span class='ocrx_word' id='word_1_784' title='bbox 2312 5488 2435 5541; x_wconf 88' lang='lat' dir='ltr'>erat</span> <span class='ocrx_word' id='word_1_785' title='bbox 2464 5483 2586 5539; x_wconf 87' lang='lat' dir='ltr'>ulla</span> <span class='ocrx_word' id='word_1_786' title='bbox 2613 5501 2683 5539; x_wconf 82' lang='lat' dir='ltr'>ex</span> <span class='ocrx_word' id='word_1_787' title='bbox 2722 5487 2882 5554; x_wconf 88' lang='lat' dir='ltr'>parte</span> <span class='ocrx_word' id='word_1_788' title='bbox 2913 5481 3248 5546; x_wconf 88' lang='lat' dir='ltr'>verisimile,</span> <span class='ocrx_word' id='word_1_789' title='bbox 3282 5481 3436 5553; x_wconf 89' lang='lat' dir='ltr'>quod</span> <span class='ocrx_word' id='word_1_790' title='bbox 3492 5482 3625 5552; x_wconf 89' lang='lat' dir='ltr'>post</span> <span class='ocrx_word' id='word_1_791' title='bbox 3644 5478 3803 5550; x_wconf 90' lang='lat' dir='ltr'>ejus-</span> 
     </span>
    </p>
   </div>
   <div class='ocr_carea' id='block_1_115' title="bbox 2167 5570 3800 5641">
    <p class='ocr_par' dir='ltr' id='par_1_115' title="bbox 2167 5570 3800 5641">
     <span class='ocr_line' id='line_1_116' title="bbox 2167 5570 3800 5641; baseline -0.006 -11"><span class='ocrx_word' id='word_1_792' title='bbox 2167 5575 2324 5630; x_wconf 90' lang='lat' dir='ltr'>modi</span> <span class='ocrx_word' id='word_1_793' title='bbox 2357 5573 2802 5629; x_wconf 86' lang='lat' dir='ltr'>dissolutionem</span> <span class='ocrx_word' id='word_1_794' title='bbox 2834 5572 3025 5628; x_wconf 90' lang='lat' dir='ltr'>adhuc</span> <span class='ocrx_word' id='word_1_795' title='bbox 3055 5573 3112 5626; x_wconf 93' lang='lat' dir='ltr'>in</span> <span class='ocrx_word' id='word_1_796' title='bbox 3145 5571 3288 5627; x_wconf 86' lang='lat' dir='ltr'>vivis</span> <span class='ocrx_word' id='word_1_797' title='bbox 3321 5570 3536 5641; x_wconf 75' lang='lat' dir='ltr'>Martyr</span> <span class='ocrx_word' id='word_1_798' title='bbox 3585 5571 3800 5638; x_wconf 84' lang='lat' dir='ltr'>ageret.</span> 
     </span>
    </p>
   </div>
   <div class='ocr_carea' id='block_1_116' title="bbox 2165 5655 3798 5735">
    <p class='ocr_par' dir='ltr' id='par_1_116' title="bbox 2165 5655 3798 5735">
     <span class='ocr_line' id='line_1_117' title="bbox 2165 5655 3798 5735; baseline -0.007 -15"><span class='ocrx_word' id='word_1_799' title='bbox 2165 5664 2308 5720; x_wconf 88' lang='lat' dir='ltr'>Cum</span> <span class='ocrx_word' id='word_1_800' title='bbox 2343 5667 2536 5719; x_wconf 88' lang='lat' dir='ltr'>autem</span> <span class='ocrx_word' id='word_1_801' title='bbox 2569 5679 2824 5735; x_wconf 67' lang='lat' dir='ltr'>praesens</span> <span class='ocrx_word' id='word_1_802' title='bbox 2855 5661 3059 5730; x_wconf 87' lang='lat' dir='ltr'>astitit,</span> <span class='ocrx_word' id='word_1_803' title='bbox 3093 5664 3148 5716; x_wconf 90' lang='lat' dir='ltr'>et</span> <span class='ocrx_word' id='word_1_804' title='bbox 3176 5659 3378 5730; x_wconf 91' lang='lat' dir='ltr'>videri,</span> <span class='ocrx_word' id='word_1_805' title='bbox 3433 5655 3798 5728; x_wconf 88' lang='lat' dir='ltr'>interrogari,</span> 
     </span>
    </p>
   </div>
   <div class='ocr_carea' id='block_1_117' title="bbox 2166 5744 3798 5826">
    <p class='ocr_par' dir='ltr' id='par_1_117' title="bbox 2166 5744 3798 5826">
     <span class='ocr_line' id='line_1_118' title="bbox 2166 5744 3798 5826; baseline -0.007 -14"><span class='ocrx_word' id='word_1_806' title='bbox 2166 5752 2355 5812; x_wconf 89' lang='lat' dir='ltr'>audiri</span> <span class='ocrx_word' id='word_1_807' title='bbox 2380 5752 2627 5826; x_wconf 88' lang='lat' dir='ltr'>loquens</span> <span class='ocrx_word' id='word_1_808' title='bbox 2657 5751 2864 5826; x_wconf 89' lang='lat' dir='ltr'>potuit,</span> <span class='ocrx_word' id='word_1_809' title='bbox 2898 5766 3076 5825; x_wconf 84' lang='lat' dir='ltr'>seque</span> <span class='ocrx_word' id='word_1_810' title='bbox 3105 5767 3206 5822; x_wconf 89' lang='lat' dir='ltr'>per</span> <span class='ocrx_word' id='word_1_811' title='bbox 3247 5746 3445 5805; x_wconf 88' lang='lat' dir='ltr'>omnia</span> <span class='ocrx_word' id='word_1_812' title='bbox 3486 5744 3798 5816; x_wconf 88' lang='lat' dir='ltr'>Georgium</span> 
     </span>
    </p>
   </div>
  </div>
