4118 6434
385 408 500 475 3ίῦ
1408 424 1720 489 GEORGII
1764 423 2011 489 CYPRI]

2140 425 2186 488 Ρ.
2228 421 2755 490 ΡΑΤΒῙΛΒΟΗᾸΞ
3646 423 3766 491 316

385 549 650 621 probavit
667 551 936 613 sensibus
958 560 1130 631 atque
1151 560 1476 632 responsis;
1499 565 1638 617 tunc
1655 561 1811 618 credi
1841 560 2011 633 ccepit

2136 562 2241 620 ταῖς
2298 557 2572 629 αἰσθήσεσι
2628 559 2723 615 κάν
2767 565 2888 623 ταῖς
2963 556 3295 634 ἀποκρίσεσι·
3347 537 3472 616 τότε
3545 555 3635 616 καὶ
3701 557 3762 617 τὸ

381 641 752 712 miraculum,
807 647 1093 720 multique
1145 651 1216 705 ad
1266 649 1560 708 Christum
1611 652 2007 707 transierunt:

2137 649 2300 720 δαῦμα
2357 648 2682 721 πιστεύεται,
2723 651 2811 705 καὶ
2871 647 3074 705 πολλοὶ
3131 651 3268 727 πρὸς
3326 649 3552 727 Χριστὸν
3603 653 3763 723 μετα-

379 745 629 802 quorum
649 734 826 806 aliqui
841 735 1068 794 latitare
1089 739 1346 796 volentes
1369 741 1510 796 satis
1531 740 1819 796 habebant
1841 740 2005 795 corde

2136 737 2370 791 τίθενται’
2429 739 2481 792 oi
2541 739 2634 811 μὲν
2695 741 2830 811 μετά
2888 745 3010 794 τοῦ¹
3048 737 3324 803 λανθάνειν
3413 737 3615 794 ἐθέλειν
3671 738 3762 794 καὶ

373 821 640 877 credere:
676 823 856 897 aliqui
881 844 993 882 non
1024 828 1435 885 dubitaverunt
1465 829 1640 884 etiam
1693 846 1789 884 ore
1823 829 1999 884 conﬁ-

2137 824 2262 900 ιόνῃ
2290 827 2554 882 πιστεύειν
2585 825 2800 902 καρδίᾳ,
2832 829 2886 883 bi
2937 826 2996 884 δὲ
3042 827 3131 883 καὶ
3186 832 3283 883 τοῦ
3342 827 3570 902 στόματι
3625 830 3763 902 ὁμο-

373 908 483 964 teri
535 910 730 982 ﬁdem,
780 920 838 970 et
867 932 898 970 e
927 918 1168 990 vestigio
1217 918 1604 974 conﬁdentius
1649 934 1857 990 agerc:
1910 917 1999 989 qui

2232 921 2306 970 εῖν
2363 915 2449 971 καὶ
2508 916 2696 972 αὐτίκα
2750 915 3230 994 παρρησιάζεσθαι,
3291 917 3343 971 οἳ
3399 917 3487 972 καὶ
3549 922 3628 992 τῷ
3674 915 3765 973 διὰ
3853 963 3857 971 .

375 997 568 1070 gladio
598 1005 857 1073 percussi
884 1007 954 1060 ad
987 1012 1252 1076 mortem,
1294 1025 1411 1064 suis
1442 1013 1562 1064 tam
1594 1007 1837 1080 publicas
1879 1024 2001 1063 con-

2134 1004 2307 1082 ξίφους
2371 1010 2634 1078 τιμῶνται
2711 1007 2944 1080 Θανάτῳ,
3002 1007 3190 1080 μισθὸν
3265 1011 3426 1061 τοῦτο
3509 1009 3609 1077 τῆς
3685 1005 3760 1069 εἷς

376 1086 645 1146 fessionis
702 1097 1026 1151 mercedem
1075 1103 1434 1171 receperunt.
1479 1099 1590 1155 Sed
1644 1115 1831 1170 neque
1882 1096 2002 1152 Ale-

2137 1092 2390 1169 τροῦπτον
2469 1093 2768 1172 ὁμολογίας
2849 1095 3154 1171 εὑράμενοι.
3217 1093 3351 1150 Οὐδὲ
3434 1093 3763 1170 Ἀλεξάνδρα

371 1180 590 1236 xandra
619 1181 957 1254 imperatrix
985 1187 1295 1258 spectaculi
1329 1187 1568 1244 novitati
1600 1189 1866 1244 resistere
1906 1203 1997 1257 po-

2136 1182 2237 1238 πότε
2292 1186 2326 1253 ἡ
2386 1183 2620 1258 βασιλὶς,
2671 1183 2784 1240 οὐδ’
2834 1185 2967 1254 αὐτὴ
3012 1183 3093 1258 τῷ
3141 1183 3428 1258 παραδόξῳ
3477 1192 3580 1254 τῆς
3641 1184 3762 1248 θέας

371 1268 504 1335 tuit,
565 1272 707 1343 quin
763 1273 948 1346 ipsam
1011 1293 1243 1349 quoque
1305 1278 1655 1334 miraculum
1721 1279 1997 1349 tangeret,

2131 1271 2396 1334 ξνάΛωτος
2445 1271 2674 1346 ἔμεινενο
2736 1275 2955 1329 ἅπτεται
3011 1272 3068 1329 δὲ
3125 1274 3379 1344 κάκείνης
3439 1273 3501 1328 τὸ
3558 1275 3757 1347 θαῦμα,

371 1361 860 1434 persuaderetque
890 1364 1177 1422 idolorum
1226 1383 1291 1422 ac
1336 1367 1664 1422 daemonum
1714 1364 1997 1422 culturam

2132 1361 2203 1415 ιαὶ
2260 1367 2444 1417 πεῖσαν
2495 1364 2594 1432 τὴν
2645 1363 2720 1426 εἰς
2765 1361 2968 1419 εἴδωλα
3015 1363 3105 1418 καὶ
3173 1359 3436 1436 δαίμονας
3502 1362 3758 1437 ἀτιμάσαι

371 1446 715 1521 abominari,
749 1457 923 1526 atque
954 1456 1022 1510 ad
1057 1455 1353 1512 Christum
1388 1456 1658 1512 transire.

1489 1456 1658 1512 nsire.
2114 1449 2310 1523 πίστιν,
2343 1452 2477 1527 πρὸς
2510 1453 2738 1528 Χριστὸν
2775 1447 3115 1526 μετεϐίϐασε.

444 1556 531 1610 16.
575 1556 779 1614 Solum
833 1560 1221 1618 Diocletianus
1279 1562 1519 1634 antiqtio
1569 1563 1665 1619 isti
1715 1562 2005 1618 Pharaoni

2187 1561 2272 1620 ις’.
2305 1557 2490 1615 Μόνου
2519 1563 2615 1614 τοῦ
2645 1557 2815 1613 πάλαι
2846 1559 3048 1634 Φαραὼ
3093 1556 3222 1621 ἴσως
3266 1561 3332 1628 ἦν
3381 1558 3471 1614 καὶ
3520 1559 3757 1631 Διοκλη-

368 1649 604 1716 propter
618 1647 797 1702 animi
822 1651 1257 1720 perversitatem
1280 1652 1492 1707 similis
1530 1653 1641 1708 fuit
1661 1651 1994 1707 obdurando

2126 1651 2292 1702 :tuvoii
2344 1654 2444 1716 τῆς
2500 1649 2879 1724 πονηροτάτης
2936 1651 3123 1724 ψυχῆς
3173 1649 3236 1703 τὸ
3294 1648 3430 1724 πρὸς
3498 1653 3752 1703 τοσοῦτον

372 1749 472 1788 cor
499 1735 687 1806 magis
718 1736 893 1793 etiam
925 1755 1102 1810 quam
1133 1739 1264 1796 ille:
1315 1740 1592 1812 quoniam
1623 1740 1718 1796 hic
1767 1739 1998 1812 quidem

2130 1733 2523 1809 ι-κληρόνεσθαι·
2553 1742 2650 1791 τοῦ
2681 1735 2740 1792 δὶ
2799 1736 2888 1792 καὶ
2950 1736 3184 1810 μᾶλλον,
3215 1736 3337 1792 ὅσον
3399 1735 3601 1799 ἐκεῖνος
3661 1738 3756 1811 μὶν

371 1821 760 1894 ﬂagellantem
793 1842 855 1881 se
883 1827 1154 1884 virtutem
1188 1829 1588 1895 conﬁtebatur,
1620 1832 1678 1884 et
1723 1827 1997 1900 respicie-

2127 1824 2198 1880 tui
2257 1823 2600 1900 άνωμολόγει
2654 1827 2754 1895 τὴν
2811 1825 3164 1899 μαστίζουσαν
3225 1823 3474 1900 δύναμιν,
3503 1825 3591 1880 xui
3632 1824 3753 1882 ἐπέ-

368 1911 488 1981 bat,
521 1917 578 1968 et
606 1915 882 1986 surgebat
912 1933 1101 1988 mane,
1132 1920 1188 1973 et
1218 1919 1460 1990 rogabat
1494 1923 1670 1974 Deum
1718 1922 1783 1973 ut
1811 1933 1994 1973 cessa-

2127 1934 2321 1990 πρεφε,
2351 1913 2441 1969 καὶ
2501 1913 2754 1990 ὥρθριζε,
2779 1915 2869 1969 καὶ
2927 1915 3123 1970 ἀνεῖναι
3179 1914 3274 1978 τὰς
3332 1913 3553 1991 πληγὰς
3601 1915 3753 1986 ἠντι-

369 2005 498 2056 rent
522 2002 725 2076 plagae,
757 2005 938 2063 donec
969 2008 1204 2064 tandem
1229 2007 1490 2064 animum
1514 2007 1862 2064 obstinavit:
1890 2007 1995 2062 iste

2128 1998 2263 2058 ἷόλει
2294 2003 2442 2073 Θεὸν,
2475 2003 2564 2058 καὶ
2599 2004 2685 2058 ἐπὶ
2732 2002 2926 2066 τέλους
2975 2003 3324 2081 λιθοκάρδιος
3368 2001 3588 2077 ἔμεινενο
3622 2005 3651 2059 ὁ
3695 2003 3754 2060 δὲ

364 2106 498 2147 vero
529 2110 717 2165 neque
746 2095 1090 2167 respiciebat
1119 2113 1306 2169 neque
1336 2097 1621 2152 sentiebat
1649 2097 1889 2168 majoris
1938 2111 1990 2152 se

2126 2089 2232 2147 »ὐδὲ
2289 2091 2660 2170 ἐπεστρέφετο,
2701 2089 2813 2147 οὐδ’
2869 2092 3136 2167 ᾐσθάνετο
3191 2094 3291 2161 τήν
3342 2092 3546 2169 ἀρχὴν,
3608 2090 3752 2148 ἀλλά

367 2179 732 2238 dominatum
759 2200 770 2238 :
805 2188 861 2239 et
889 2185 1162 2240 virtutem
1194 2186 1512 2258 quamdam
1535 2185 1776 2241 rationis
1796 2201 1993 2256 exper-

2125 2201 2226 2235 τινα
2289 2181 2412 2257 περὶ
2477 2181 2541 2235 τὸ
2607 2180 2880 2252 κολάζειν,
2953 2182 3067 2236 οἷον
3147 2180 3348 2256 ἄλογον
3420 2180 3751 2256 ἐναψάμενος

363 2273 481 2326 tem
512 2273 582 2326 ad
615 2275 1006 2344 torquendum
1038 2277 1360 2331 accendens
1406 2276 1604 2346 (quam
1661 2275 1881 2330 scimus
1923 2292 1989 2329 aa-

2121 2268 2357 2344 Ξῦναμιν,
2406 2273 2466 2340 ἢν
2525 2268 2593 2340 δὴ
2650 2271 2740 2326 καὶ
2795 2273 2894 2341 τὴν
2954 2271 3126 2346 πυρὸς
3178 2271 3332 2350 φύσιν
3392 2270 3536 2348 ἔχειν
3595 2272 3747 2344 ἴσμεν

365 2360 598 2431 qualem
629 2361 752 2434 igni
781 2365 848 2418 ad
885 2365 1172 2420 urendum
1203 2381 1349 2432 esse,
1381 2368 1438 2419 et
1469 2363 1670 2436 glaciei
1703 2364 1773 2419 ad
1827 2363 1991 2436 frige-

2126 2361 2228 2434 τερὶ
2257 2360 2319 2414 τὸ
2358 2358 2525 2414 καίειν
2570 2359 2658 2414 καὶ
2710 2359 2833 2437 περὶ
2888 2360 2952 2415 τὸ
3009 2359 3202 2436 ψύχειν
3264 2361 3325 2414 τὸ
3381 2359 3752 2436 κρύσταλλον,

364 2449 741 2523 faciendum),
773 2469 878 2508 nec
901 2454 972 2508 ad
1005 2452 1299 2509 modicum
1323 2453 1559 2525 quidem
1590 2452 1846 2508 cohiberi
1895 2470 1990 2525 po-

2123 2446 2220 2504 >ὕτ⁹
2278 2448 2595 2504 ἀνεκόπτετο
2655 2448 2748 2504 κᾶν
2812 2447 2898 2504 ἐπὶ
2952 2449 3116 2503 ποσὸν
3174 2448 3276 2504 ὑπὸ
3347 2445 3602 2522 μηδενὸς,
3661 2449 3749 2504 καὶ

365 2541 533 2608 terat,
566 2539 707 2610 quin
747 2538 867 2596 sum
911 2541 1338 2598 obsecundaret
1387 2541 1623 2597 malitias
1667 2558 1896 2612 semper
1925 2542 1991 2596 ad

2126 2537 2409 2614 προσετίθει
2466 2541 2535 2611 τῇ
2613 2538 2804 2592 ἑαυτοῦ
2879 2535 3060 2609 κακίᾳ,
3118 2537 3198 2592 ἀεὶ
3273 2537 3409 2613 πρὸς
3489 2539 3752 2614 βασάνους

285 2699 288 2702 ῃ
361 2629 654 2682 tormenta
697 2629 1077 2701 respiciendo,
1132 2646 1394 2704 novaque
1434 2629 1852 2702 suppliciorum
1901 2646 1911 2699 ι

2123 2629 2270 2702 δρῶν,
2301 2627 2391 2680 καὶ
2440 2625 2724 2704 καινότερα
2781 2627 3010 2682 ἐπινοῶν
3061 2625 3421 2701 κολαστήρια,
3481 2626 3570 2682 καὶ
3623 2627 3749 2699 μέν-

361 2730 501 2770 nera
545 2717 962 2788 conquirendo,
1015 2723 1072 2774 et
1126 2735 1261 2774 vero
1305 2719 1481 2774 etiam
1534 2718 1987 2774 adinveniendo:

2122 2737 2189 2771 τοι
2245 2714 2727 2792 προσεξευρίσκων,
2789 2712 2975 2785 ἐπειδή
3031 2714 3120 2771 καὶ
3178 2715 3344 2793 σοφὸς
3399 2717 3466 2784 ἦν
3521 2720 3618 2770 τοῦ
3656 2737 3748 2771 κα-

358 2807 482 2859 erat
511 2804 666 2860 enim
692 2805 764 2860 ad
797 2806 1283 2863 malefaciendum
1318 2807 1575 2880 sapiens,
1609 2808 1756 2862 bene
1799 2811 1984 2862 autem

2119 2811 2426 2874 ιοποιῆσαι,
2455 2805 2516 2858 τὸ
2549 2801 2606 2858 δὲ
2642 2801 2807 2858 καλὸν
2858 2811 3085 2874 ποιῆσαι
3138 2803 3237 2858 οὐκ
3281 2801 3532 2880 ἔγνωκεν.
3562 2805 3745 2876 Ὅμως

358 2891 546 2948 facere
566 2894 803 2950 omnino
834 2895 915 2950 nil
963 2902 1220 2952 noverat.
1275 2897 1474 2968 Itaque
1522 2895 1826 2952 exhibetur
1871 2900 1984 2950 tor-

2117 2891 2279 2967 μηδέν
2333 2913 2419 2947 τοι
2474 2891 2598 2947 τότε
2651 2892 3004 2964 πεπονηκότι,
3067 2889 3207 2966 μηδὲ
3260 2891 3743 2969 περιειργασμένῳ,

360 2981 540 3037 menti
564 2997 770 3054 genus,
801 2985 1023 3058 absque
1053 2986 1403 3058 cujusquam
1442 3002 1616 3057 opera
1644 2989 1744 3040 aut
1774 2983 1986 3054 labore,

2119 2981 2410 3055 κῦτόματός
2494 3003 2577 3043 τις
2655 2981 2994 3059 ἀναφαίνεται
3084 2981 3344 3054 τιμωρία·
3423 2985 3458 3052 ἡ
3519 2979 3578 3037 δὲ
3655 2981 3745 3037 καὶ

360 3070 459 3125 sed
492 3087 596 3126 suo
629 3070 816 3143 ipsius
848 3081 1008 3129 motu
1035 3074 1472 3146 peragendum;
1505 3073 1686 3144 idque
1732 3073 1986 3128 omnium

2120 3069 2378 3145 Βαρυτάτη
2408 3074 2514 3125 τῶν
2559 3072 2773 3125 ἀπασῶν
2827 3069 3113 3147 ἐτύγχανεν
3175 3067 3326 3139 οὖσα,
3357 3068 3470 3126 οὐδ’
3526 3069 3585 3125 ἄν
3643 3092 3746 3144 τις,

355 3159 794 3232 gravissimum,
826 3167 882 3217 et
911 3163 1080 3235 quale
1110 3179 1213 3219 nec
1243 3162 1432 3218 multa
1449 3163 1685 3234 quidem
1708 3161 1981 3218 industrii

2123 3159 2194 3215 tui
2249 3157 2454 3238 σφόδρα
2525 3158 2918 3235 φιλοπονήσας,
2969 3159 3144 3222 οὕτως
3199 3158 3418 3229 ἐποίησε
3474 3158 3749 3236 χαλεπήν·

357 3250 550 3320 potest
578 3265 612 3304 a
643 3266 936 3322 quoquam
967 3251 1249 3307 elaborari
1277 3269 1290 3306 :
1324 3267 1512 3323 neque
1553 3251 1671 3306 scio
1725 3267 1796 3306 an
1843 3249 1983 3306 alqu

357 3333 648 3363 "I‘:ﬂv\:nm
685 3337 955 3363 lam—di...—
987 3342 1136 3363 --ι-Α
1191 3337 1413 3363 -..ιη-12-
1467 3338 1578 3363 1...]-
1636 3339 1768 3363 -..ελ
1818 3337 1960 3363 ,....ιε

2127 3249 2195 3304 iui
2253 3248 2353 3303 οὐκ
2409 3245 2512 3303 οἶδ’
2550 3245 2606 3303 εἷ’
2624 3270 2708 3311 τις
2763 3247 2822 3303 ἐκ
2847 3253 2944 3303 τοῦ
2991 3249 3191 3311 παντὸς
3247 3248 3441 3312 αἰῶνος
3495 3254 3753 3305 τοσοῦτον

2127 3338 2384 3363 ‘_l_---..__.
2467 3336 2516 3363 -.2
2594 3338 2689 3363 μὶ.-
2776 3337 2905 3363 1---:
2993 3335 3402 3363 -r---_\-l___-__-..
3485 3337 3752 3363 9I_-___!__A

357 3333 652 3406 quispiam
683 3337 957 3393 omnibus
987 3342 1140 3393 retro
1190 3337 1416 3394 seculis
1467 3338 1582 3394 tale
1633 3339 1772 3410 quid
1817 3337 1983 3394 susti-

2125 3338 2408 3411 ὶπέμεινεν,
2463 3336 2523 3392 οὐ
2593 3338 2693 3413 γάρ
2771 3337 2909 3412 ἀκοῇ
2990 3335 3425 3416 παρειλήφαμεν.
3485 3337 3751 3414 Ἱερεμίας

356 3422 585 3493 nuerit;
644 3424 790 3479 nihil
847 3430 999 3481 certe
1058 3443 1320 3498 unquam
1375 3427 1568 3482 simile
1637 3426 1982 3482 audivimus.

2123 3428 2208 3503 (ἀρ
2243 3425 2294 3480 ἐν
2355 3425 2542 3498 λάκκῳ
2597 3424 2993 3503 ἐῤῥίφη,ἀλλά
3049 3421 3340 3503 βορϐόρου·
3389 3428 3479 3481 καὶ
3539 3426 3749 3496 Δανιὴλ

352 3513 635 3568 Jeremias
658 3513 814 3568 enim
836 3513 895 3568 in
915 3514 1107 3571 lacum
1127 3516 1426 3587 conjectus
1448 3520 1555 3583 est,
1573 3516 1673 3571 sed
1700 3516 1960 3572 lutosum

2121 3538 2154 3569 ;ν
2217 3515 2423 3588 λάκκῳ,
2482 3513 2629 3571 ἀλλὰ
2685 3513 2938 3571 λεόντων·
2999 3516 3050 3572 ἐν
3127 3516 3316 3590 λάκκῳ
3385 3517 3478 3590 μὲν
3565 3515 3747 3588 οὗτος,

355 3600 558 3656 Daniel
587 3601 647 3656 in
676 3601 806 3658 lacu
839 3604 966 3669 fuit,
1009 3605 1108 3661 sed
1157 3606 1412 3660 leonum.
1466 3605 1748 3677 Georgius
1797 3610 1981 3661 autem

2117 3603 2249 3660 ἱλλά
2301 3604 2491 3679 πυρός·
2543 3603 2806 3680 ἐτύγχανε
2869 3607 2962 3678 μὲν
3023 3605 3128 3682 γὰρ
3184 3603 3410 3680 πλήρης
3459 3601 3743 3677 ἀσϐέστου,

357 3689 533 3745 etiam
563 3689 622 3744 in
654 3689 846 3746 lacum
874 3697 964 3747 est
992 3693 1231 3762 missus,
1256 3693 1355 3748 sed
1383 3693 1651 3766 igneum:
1686 3699 1809 3750 erat
1835 3694 1983 3749 enim

2116 3695 2162 3763 ἢν
2252 3690 2372 3770 ἄρτι
2437 3693 2558 3748 τότε
2633 3691 3002 3757 διαλελοιπὼς
3066 3695 3236 3750 καίειν
3302 3694 3366 3750 τὸ
3447 3699 3578 3771 πῦρ,
3635 3699 3742 3770 πῦρ

358 3776 568 3850 plenus
606 3778 735 3834 viva
777 3780 955 3850 calce,
1005 3798 1181 3853 quam
1233 3782 1504 3838 desinens
1550 3788 1691 3838 tunc
1736 3783 1984 3855 primum

2115 3783 2302 3861 ὶφῆκεν
2360 3779 2522 3855 ἄλλο,
2579 3782 2823 3856 τοσούτῳ
2873 3783 3076 3861 φλογὸς
3155 3783 3526 3860 ἐνεργέστερον
3589 3785 3741 3853 ζώων

357 3883 526 3924 urere
556 3867 728 3940 ignis,
762 3869 956 3941 ignem
989 3871 1047 3926 in
1095 3888 1159 3927 eo
1207 3870 1520 3943 reliquerat
1579 3873 1781 3941 alium,
1829 3877 1983 3928 tantc

2118 3872 2526 3946 ιατεργάσασθαι
2591 3872 2840 3945 σώματα,
2899 3871 3012 3945 ὅσῳ
3083 3893 3143 3949 γε
3212 3869 3390 3943 δήπου
3463 3871 3554 3926 καὶ
3629 3873 3744 3944 μεθ’

355 3956 739 4014 efﬁcaciorem
771 3976 945 4032 quam
979 3965 1067 4016 est
1097 3961 1336 4017 ﬂamma
1364 3961 1435 4016 ad
1476 3959 1822 4016 animalium
1868 3977 1981 4016 cor-

2115 3959 2300 4029 Βλικῆς
2356 3960 2674 4036 παχύτητος
2730 3963 2796 4030 ἦν
2853 3960 2946 4015 xui
2993 3959 3741 4038 στεῤῥότητιπαρεμέμικτο·

355 4062 498 4119 pora
526 4047 900 4120 destruenda,
934 4053 1149 4121 quanto
1182 4049 1315 4122 plus
1347 4048 1667 4105 materialis
1707 4049 1981 4106 crassitiei

2119 4050 2168 4105 ιὰ
2209 4049 2313 4125 γὰρ
2369 4053 2592 4104 τοιαῦτα
2647 4049 2736 4104 καὶ
2785 4050 3186 4127 καυστικώτερα
3243 4049 3409 4126 λόγος
3465 4052 3601 4122 ἡμῖν
3654 4047 3745 4103 καὶ

357 4138 416 4190 et
445 4135 753 4193 soliditatis
779 4137 1033 4195 habebat
1059 4137 1416 4194 admistum:
1471 4155 1600 4210 quae
1649 4137 1806 4194 enim
1855 4142 1983 4194 sunt

2122 4141 2264 4213 τεῖρα
2320 4138 2640 4212 παρέστησε,
2699 4136 2841 4212 μηδὲ
2895 4136 3188 4213 ἱπτάμενον
3244 4140 3308 4194 τὸ
3362 4142 3471 4215 πῦρ
3527 4135 3748 4213 ἔχοντα,

357 4223 516 4294 talia,
535 4224 654 4281 haec
673 4230 732 4282 et
751 4225 973 4282 ratione
994 4230 1051 4282 et
1070 4226 1426 4299 experientia
1455 4227 1778 4299 probantur
1816 4227 1983 4283 etiam

2121 4224 2235 4299 ιηδ’
2286 4225 2337 4281 ἐν
2397 4223 2622 4303 παρόδῳ
2678 4231 2853 4300 καῖον,
2916 4228 3073 4301 μένον
3133 4224 3192 4283 δὲ
3235 4227 3437 4305 τρόπον
3484 4227 3626 4297 τινὰ,
3657 4227 3747 4282 καὶ

359 4329 489 4370 esse
519 4314 886 4384 ardentiora;
918 4332 1050 4372 cum
1077 4332 1192 4372 non
1225 4315 1768 4388 contineantignem
1791 4332 1985 4372 accen-

2120 4320 2220 4379 τοῖς
2277 4314 2551 4391 ἐγγίζουσι
2619 4313 3054 4394 προσφυόμενον.
3102 4305 3248 4372 Κατὰ
3298 4315 3477 4373 τοίνυν
3547 4315 3746 4371 τούτου

360 4418 493 4460 sum
523 4404 664 4460 etin
713 4405 1026 4461 transitum
1074 4407 1362 4475 urentem,
1412 4405 1513 4460 sed
1561 4405 1986 4476 quodammodo

2120 4403 2447 4479 ιιμούμενος
2502 4399 3005 4481 Ναϐουχοδονόσωρ
3059 4405 3152 4460 τὸν
3210 4399 3582 4474 Βαϐυλώνιον,
3624 4405 3746 4460 καθ’

358 4497 818 4565 permanentem,
851 4498 910 4550 et
938 4493 1011 4550 iis
1050 4493 1266 4566 quibus
1313 4493 1755 4566 approximatur
1803 4495 1984 4551 adhes-

2121 4496 2164 4564 ἢν
2197 4493 2401 4557 ἐκεῖνος
2453 4498 2571 4556 τοῖς
2622 4492 2748 4568 περὶ
2806 4492 3078 4568 Ἀζαρίαν,
3124 4494 3200 4567 μή
3256 4497 3326 4568 τῇ
3383 4493 3551 4549 κτίσει
3601 4492 3747 4568 παρὰ

355 4585 598 4638 rentem.
631 4582 898 4639 Imitatus
929 4588 1018 4638 est
1067 4584 1268 4654 utique
1315 4581 1709 4638 Diocletianus
1759 4584 1981 4656 Babylo-

2122 4582 2194 4638 τὸν
2271 4581 2522 4637 κτίσαντα
2579 4579 2854 4657 λατρεύειν
2942 4582 3315 4658 ἀνεχομένοις,
3357 4581 3602 4653 ἐξέκαυσε
3655 4582 3748 4636 κά-

355 4670 521 4726 nium
548 4672 1104 4738 Nabuchodonosor,
1133 4671 1322 4743 quoad
1358 4672 1652 4727 fornacem
1682 4689 1858 4744 quam
1898 4690 1981 4729 ac-

2118 4692 2276 4744 ιινον,
2336 4670 2656 4746 προστάττει
2736 4668 2891 4725 τόνδε
2963 4669 3204 4750 ῥιφῆναι,
3264 4669 3347 4726 ὅτι
3409 4673 3570 4740 ζῶντι
3627 4669 3744 4724 κατ’

352 4758 546 4814 cendit
575 4759 747 4816 sociis
777 4760 1017 4830 Azaria,
1049 4759 1458 4816 recusantibus
1489 4760 1730 4816 adorare
1761 4766 1978 4818 creatu-

2121 4760 2331 4823 κείνους
2375 4765 2706 4835 προσανεῖχε
2764 4764 2901 4832 Θεῷ,
2931 4759 3022 4814 καὶ
3079 4763 3284 4838 κωφοῖς
3340 4759 3431 4815 καὶ
3487 4758 3746 4828 ἀναισθή-

347 4863 474 4902 ram
503 4852 705 4903 contra
735 4850 1077 4905 mandatum
1126 4848 1435 4905 Creatoris.
1471 4849 1744 4922 Precepit
1790 4855 1973 4907 autem

1357 4848 1435 4904 'is.
1471 4849 1744 4922 Praecepit
1790 4855 1984 4907 autem
2093 4869 2211 4912 τοις
2241 4849 2303 4904 οὐ
2331 4854 2625 4925 προσεῖχεν
2656 4847 2983 4926 ἀγάλμασιν.

342 4935 462 5006 jaci
493 4935 804 5010 Georgium
835 4943 1139 5010 tyrannus,
1168 4937 1306 5009 quia
1344 4937 1496 4993 sicut
1531 4935 1636 5006 illi,
1693 4937 1809 4994 Deo
1857 4939 1984 4995 vivo
2034 4939 2358 5012 adhaerens,
2408 4941 2590 4997 mutis
2638 4944 2696 4996 et
2742 4938 3062 4996 insensatis
3114 4938 3447 4996 simulacris
3505 4937 3743 4996 nolebat

357 5026 847 5100 appropinquare.

424 5133 510 5187 17.
545 5134 707 5189 Tunc
736 5134 834 5190 ille
863 5135 1008 5191 dixit
1039 5137 1213 5192 verba
1243 5137 1364 5193 haec
1396 5137 1626 5193 Davidis
1659 5137 1730 5192 ad
1762 5137 1986 5200 Deum:

2173 5134 2237 5202 ιζ’
2244 5178 2257 5191 .
2316 5133 2416 5189 Καὶ
2472 5135 2540 5189 τά
2599 5133 2720 5208 ἐξῆς
2776 5135 3061 5212 φθέγγεται
3127 5135 3219 5208 μὶν
3285 5134 3352 5189 τὰ
3415 5137 3513 5189 τοῦ
3581 5130 3743 5188 Δαυῒδ

269 5243 276 5254 ·
352 5221 434 5277 Ne
463 5220 633 5294 longe
663 5223 841 5279 facias
873 5225 1275 5281 miserationes
1310 5230 1446 5282 tuas
1476 5244 1510 5281 a
1553 5242 1668 5293 me,
1709 5225 1895 5296 quoni;

2118 5223 2235 5298 τρὸς
2284 5223 2551 5293 Θεὸν,Μὴ
2613 5222 2886 5300 μακρύνῃς
2934 5223 3062 5286 τοὺς
3109 5221 3430 5299 οἷκτιρμούς
3477 5243 3597 5294 σου,
3651 5220 3744 5276 λέ-

350 5310 864 5367 circumdederunt
893 5329 985 5367 me
1017 5312 1171 5369 mala
1199 5331 1448 5385 quorum
1493 5332 1607 5371 non
1655 5318 1744 5370 est
1791 5329 1976 5368 numer

2117 5332 2230 5387 (ων,
2260 5310 2343 5367 ὅτι
2373 5311 2662 5389 περιέσχον
2699 5333 2766 5385 με
2811 5315 2970 5386 κακὰ,
3002 5315 3074 5368 ὧν
3135 5312 3234 5368 οὐκ
3290 5308 3430 5368 ἔστιν
3489 5310 3743 5386 ἀριθμός·

351 5415 490 5454 rus:
524 5401 830 5473 usurpavit
858 5401 1033 5457 etiam
1076 5403 1252 5457 verba
1299 5420 1634 5475 puerorum,
1687 5404 1746 5459 in
1791 5404 1977 5458 animc

2117 5400 2382 5478 ρθέγγεται
2441 5398 2499 5456 δὲ
2548 5401 2639 5457 καὶ
2695 5402 2764 5457 τὰ
2820 5406 2925 5456 τῶν
2960 5389 3191 5458 ’παίδων
3246 5400 3335 5457 ἐπὶ
3390 5407 3491 5471 τῆς
3549 5398 3743 5475 ὁμοίας

353 5488 599 5544 contrito
630 5493 687 5544 et
715 5489 924 5560 spiritu
983 5489 1337 5546 humilitatis
1387 5491 1763 5564 pronuntiata
1811 5490 1979 5547 simili

2115 5489 2328 5567 ρλογὸς,
2389 5489 2439 5545 ἐν
2494 5493 2648 5566 ψυχῇ
2724 5491 3106 5566 ωντετριμένῃ
3177 5489 3267 5546 καὶ
3323 5489 3587 5564 πνεύματι
3645 5509 3741 5544 τα-

357 5578 696 5633 occasione:
733 5578 812 5632 Ne
842 5579 1040 5634 tradas
1072 5595 1181 5632 nos
1224 5578 1284 5632 in
1337 5585 1705 5651 perpetuum,
1756 5586 1812 5636 et
1854 5596 1983 5635 erue

2115 5580 2425 5642 τεινώσεως·
2460 5582 2548 5650 Μὴ
2580 5577 2876 5655 παραδῲης
2907 5582 3054 5653 ἡμᾶς
3085 5579 3161 5643 εἰς
3213 5578 3392 5653 τέλος,
3419 5580 3508 5634 καὶ
3557 5577 3741 5652 ἐξελοῦ

359 5681 465 5720 nos
499 5665 556 5720 in
589 5665 956 5722 mirabilibus
987 5665 1126 5721 tuis.
1161 5667 1322 5732 Quod
1356 5672 1551 5723 autem
1581 5668 1748 5741 petiit
1796 5684 1985 5724 conse-

2114 5668 2247 5740 ἡμᾶς
2303 5667 2440 5722 κατὰ
2492 5669 2559 5723 τὰ
2608 5667 2880 5742 θαυμάσιά
2926 5688 3042 5725 σου.
3100 5669 3476 5746 Ἐπιτυγχάνει
3527 5664 3585 5722 δὲ
3639 5668 3740 5734 τῆς

356 5757 527 5811 cutus
557 5759 663 5826 est,
697 5771 886 5828 neque
933 5755 1212 5812 confusus
1253 5755 1311 5811 in
1361 5757 1786 5830 exspectatione
1841 5774 1982 5828 sua;

2113 5755 2289 5834 εὖγῆς,
2342 5756 2431 5814 καὶ
2486 5763 2588 5828 τῆς
2639 5753 2968 5834 προσδοκίας
3025 5755 3086 5813 οὗ
3153 5755 3590 5834 καταισχῦνεται·
3646 5752 3739 5811 καὶ
