4118 6426
995 12 998 14 η
1203 12 1208 14 .
1243 11 1377 16 _-__...
1849 11 1987 20 _____

139 57 528 78 .
691 57 702 78 ’Ξ

463 99 498 118 ’0:
737 99 740 102 ’

267 133 280 140 ο

384 433 498 497 317

1646 431 2042 498 LAUDATIO
2086 433 2150 495 S.
2199 427 2537 496 GEORGII.

3665 423 3786 488 318

371 567 609 638 σώζεται
666 563 761 643 μὶν
809 566 902 624 σὺν
950 565 1031 642 τῷ
1076 567 1275 643 Ἰωνᾷ,
1327 569 1551 638 σώζεται
1600 563 1656 624 δέ
1707 567 1840 642 μετά
1885 570 2021 643 Ἰερε-

2146 569 2402 628 salvatus
2433 588 2566 627 cum
2596 567 2763 642 Jona,
2795 568 3071 637 Jeremia,
3101 562 3338 623 Daniele
3365 591 3378 633 ;
3410 561 3606 639 ipsum
3637 579 3782 637 quo-

381 656 651 729 μὶου’καὶ
707 656 913 727 Δανιὴλ
949 705 963 730 ,
1022 659 1108 737 ὑφ’
1145 663 1211 729 ἧς
1261 659 1458 720 ἀσινεῖς
1515 657 1707 714 έκεῖνοι
1759 656 2034 731 δυνάμεως

383 745 436 801 έν
469 746 662 823 γαστρί
694 750 923 818 κήτους,
955 749 1044 803 καὶ
1095 743 1362 825 βορϐόρου
1411 747 1617 821 λάκκῳ,
1666 748 1754 803 καὶ
1801 747 2032 804 λεόντων

385 833 792 913 φυλάττονται,
870 835 961 891 καὶ
1037 837 1195 898 αὐτὸς
1263 836 1667 915 φυλαττόμενος
1701 881 1713 893 .
1777 838 1842 891 Ὠ
1896 837 2036 891 πόσα

389 925 516 986 Θεὸς
575 924 764 1000 λόγοις
817 924 1081 1001 ἀῤῥήτοις
1156 925 1464 999 οἰκονομίας
1525 931 1840 999 καινοτομεῖ
1874 971 1888 996 ,
1945 927 2034 981 καὶ

392 1011 620 1084 δοξάζων
679 1013 808 1076 τοὺς
860 1015 1052 1068 ἑαυτοῦ
1098 1014 1187 1069 καὶ
1223 1014 1351 1078 τοὺς
1400 1015 1655 1077 ἀπίστους
1685 1017 1720 1085 ἢ
1767 1015 2032 1092 ἐντρέπων

383 1104 422 1171 ἧ
475 1104 609 1176 πρὸς
671 1103 858 1158 ἑαυτὸν
921 1103 1318 1178 ἐκκαλούμενος
1355 1106 1366 1160 !
1400 1106 1465 1159 Ὠ
1520 1104 1662 1159 πόσα
1719 1103 2033 1180 μετατρέπει

378 1191 473 1245 καί
532 1191 938 1265 μετασκευάζει,
1003 1193 1268 1269 σωτηρίαν
1328 1194 1380 1249 έν
1436 1195 1742 1269 ἀνθρώποις
1800 1194 2032 1250 οἰκονο-

383 1282 542 1353 μῶνί
606 1285 720 1355 Πῦρ
798 1276 1072 1336 σϐέννυσιν
1109 1327 1123 1352 ,
1177 1281 1393 1353 ’ίστησιν
1471 1280 1662 1346 ὕδατος
1743 1282 1888 1358 ῥῦσιν
1925 1328 1938 1353 ,
1995 1284 2031 1353 ἢ

383 1367 604 1442 μᾶλλον
660 1369 830 1424 εἰπεῖν
879 1369 1050 1446 πυρὰς
1091 1370 1352 1446 ἐνέργειαν
1405 1370 1481 1434 εἷς
1529 1373 1627 1441 τὴν
1675 1376 1783 1426 τῶν
1826 1369 2031 1427 ὑδάτων

381 1457 676 1529 μεθίστησι
711 1502 726 1527 ,
780 1458 871 1513 καὶ
951 1457 1174 1534 δύναμιν
1253 1460 1316 1515 αὗ
1375 1458 1580 1516 ὑδάτων
1640 1460 1716 1524 εἷς
1779 1463 1879 1530 τήν
1937 1466 2034 1516 τοῦ

335 1546 556 1622 ’πυρὸς
621 1542 934 1620 μεταμείϐει
998 1569 1010 1581 ο
1071 1547 1362 1608 ὁπλοποιεῖ
1418 1548 1492 1611 εἰς
1549 1550 1753 1624 ἄμυναν
1823 1550 2035 1626 ἐχθρῶν

373 1636 481 1704 τήν
541 1636 756 1691 κτίσιν·
817 1636 962 1692 ἀλλά
1015 1637 1104 1691 καὶ
1166 1643 1598 1714 μεταστοιχειοῐι,
1661 1636 1852 1709 δεῆσαν
1905 1638 2032 1702 τοὺς

380 1724 624 1787 οἰκείους
682 1729 1062 1800 θαυμαστῶσαι
1119 1728 1443 1804 θεράποντας
1477 1747 1490 1758 ·
1549 1729 1579 1783 ὃ
1632 1726 1699 1798 δὴ
1776 1728 1866 1784 καὶ
1939 1733 2029 1784 νῦν

371 1833 550 1871 ποιει.

2146 678 2258 734 que
2290 661 2652 717 custodiente
2682 660 2883 716 eadem
2922 658 3154 724 virtute,
3186 673 3301 728 qua
3343 655 3427 710 illi
3477 655 3784 711 indemnes

2145 752 2204 806 in
2234 756 2429 806 ventre
2459 751 2592 819 ceti,
2625 751 2683 806 in
2723 751 2852 806 lacu
2885 747 3032 805 caani
3063 752 3121 804 et
3148 746 3385 802 leonum
3419 749 3559 800 sunt
3588 748 3780 801 custo-

2145 841 2271 896 diti.
2301 843 2482 906 Quam
2516 840 2702 895 multa
2731 857 2879 895 nova
2908 839 3176 909 designat
3200 841 3364 902 Deus,
3389 834 3781 891 ineﬁ‘abilibus

2144 929 2599 1002 dispensationis
2659 945 2924 1001 supernae
2983 926 3327 993 rationibus,
3378 928 3480 980 aut
3536 925 3782 980 Sanctos

2145 1037 2284 1076 suos
2313 1018 2665 1090 glorificans,
2699 1023 2800 1074 aut
2844 1016 3108 1073 inﬁdeles
3158 1015 3540 1082 confundens,
3570 1012 3658 1069 vel
3707 1013 3781 1068 ad

2144 1125 2272 1165 sese
2291 1109 2533 1164 vocans!
2561 1111 2742 1174 Quam
2766 1107 2951 1162 multa
2970 1105 3304 1162 transvertit
3322 1108 3381 1160 et
3399 1106 3778 1170 transmutat,

2142 1197 2450 1253 hominum
2501 1197 2677 1252 saluti
2725 1196 3120 1269 prospiciens!
3187 1197 3387 1266 Ignem
3439 1191 3778 1264 exstinguit,

2143 1287 2363 1342 ﬂuxum
2399 1303 2560 1358 aqum
2592 1286 2769 1352 sistit,
2793 1289 2912 1352 aut,
2945 1290 3009 1340 ut
3034 1283 3228 1340 verius
3259 1283 3471 1351 dicam,
3492 1281 3778 1354 Operatio-

2143 1392 2274 1430 nem
2307 1375 2462 1449 ignis
2492 1375 2549 1429 in
2591 1375 2987 1447 operationem
3019 1389 3182 1444 aqua;
3214 1372 3506 1442 transfert,
3539 1374 3596 1426 et
3645 1386 3774 1424 rur-

2143 1481 2274 1520 sum
2305 1481 2590 1536 aquarum
2623 1464 2894 1519 virtutem
2924 1463 2984 1517 in
3021 1462 3293 1517 virtutem
3327 1460 3480 1532 ignis
3510 1475 3781 1515 commu-

2140 1556 2227 1608 tat
2257 1570 2268 1606 :
2301 1555 2490 1609 armat
2519 1553 2578 1607 in
2611 1551 2888 1608 ultionem
2924 1551 3293 1607 inimicorum
3325 1551 3649 1604 creaturam
3676 1565 3688 1616 ;
3723 1551 3781 1602 et

2141 1639 2429 1696 elementa
2452 1640 2754 1712 convertit,
2779 1641 2978 1697 volens
3009 1656 3204 1696 servos
3236 1655 3374 1695 suos
3401 1635 3778 1694 admirabiles

2142 1730 2402 1800 reddere,
2433 1731 2932 1802 quemadmodum
2964 1733 3021 1786 et
3063 1745 3218 1786 nunc
3248 1729 3402 1785 fecit.

459 1908 552 1974 ιη’.
612 1899 754 2006 ἰΉδη
786 1905 920 2006 ῃμὲνὶ
970 1903 1071 1982 γὰρ
1132 1906 1160 1960 ὁ
1215 1905 1417 1970 λάκκος
1475 1905 1711 1963 ἐκλείετο
1744 1953 1757 1980 ,
1818 1904 2021 1973 ἔνδοθεν

2213 1912 2298 1967 18.
2329 1910 2459 1966 Jam
2507 1910 2692 1979 lacus,
2724 1910 2883 1966 intus
2936 1909 3158 1966 habens
3206 1907 3506 1979 athletam,
3539 1907 3776 1964 clausus

374 1990 527 2068 ἔχων
577 1993 670 2048 τὸν
719 1992 984 2065 ἀθλητήν,
1035 1994 1124 2049 καὶ
1177 1993 1542 2072 ἐσφραγίζετο,
1592 1996 1680 2050 καὶ
1721 1997 1750 2050 ὁ
1798 1997 1914 2051 κατ’
1943 1996 2033 2051 αύ-

374 2083 474 2137 τὸν
533 2078 740 2156 δρόμος
797 2080 956 2144 τέλος
1006 2078 1149 2159 ἔχειν
1199 2079 1629 2158 ὑπελαμϐάνετο,
1679 2084 1769 2139 καὶ
1826 2083 1878 2139 τί
1926 2087 2030 2162 γὰρ

377 2170 558 2232 ἄλλος
587 2176 704 2225 τοῖς
735 2191 799 2246 γε
845 2170 1054 2247 φύσεως
1101 2171 1426 2228 ἀκολουθίαν
1479 2178 1754 2248 μετροῦσι,
1794 2177 1926 2229 Θεοῦ
1975 2172 2034 2229 δὲ

379 2262 461 2332 μὴ
523 2259 912 2333 λογιζομένοις
988 2259 1142 2335 ἰσχύν
1179 2304 1192 2317 .
1251 2261 1413 2336 Τρίτη
1492 2259 1685 2318 λοιπὸν
1745 2269 1924 2339 παρῆν
1980 2262 2030 2334 ἐξ

376 2346 614 2419 ἐκείνου,
673 2348 760 2402 καὶ
809 2350 944 2418 ἦσαν
1006 2349 1219 2405 εντολαὶ
1269 2351 1369 2419 τήν
1426 2351 1638 2406 τίτανον
1698 2351 2029 2429 έκφορήσαν-

370 2458 474 2498 τας
533 2437 830 2512 ἀιρανίζειν,
890 2435 979 2490 καί
1036 2435 1090 2492 εἷ’
1136 2439 1190 2492 τί
1245 2443 1349 2492 τῶν
1409 2439 1580 2494 ὀστῶν
1636 2439 2025 2516 περιλείπεται·

374 2526 470 2594 Μὴ
500 2545 614 2578 τισι
660 2526 750 2578 καὶ
795 2529 982 2596 τοῦτο,
1023 2526 1205 2604 φησὶν,
1253 2526 1424 2582 ὀπίσω
1476 2529 1550 2591 εἰς
1605 2527 1769 2598 ζῆλον
1805 2526 1887 2599 εἷή
1931 2534 2028 2584 τοῦ

372 2612 534 2675 θεοὺς
598 2612 819 2670 ἀθετεῖν.
881 2619 1132 2690 Παρῆσαν
1193 2617 1244 2670 οἱ
1305 2616 1392 2671 ἐπὶ
1448 2615 1646 2690 τούτῳ,
1704 2621 1879 2695 παρῆν
1937 2619 2028 2673 καὶ

375 2701 586 2775 ὅμιλος
642 2697 834 2773 ἄλλος,
895 2702 1176 2782 ἐξεφόρουν
1211 2751 1225 2776 ,
1281 2703 1640 2781 ἐξεκάθαιρον,
1699 2704 1916 2782 ἔχοντες
1972 2707 2023 2761 έν

372 2796 452 2863 νῷ
509 2790 708 2865 πρᾶξαι
764 2791 854 2846 καὶ
910 2793 972 2846 τὸ
1041 2792 1368 2866 λειπόμενον
1404 2815 1416 2827 ·
1470 2795 1560 2850 καὶ
1615 2800 1909 2866 τηνικαῦτα
1963 2798 2025 2851 τὸ

374 2879 516 2954 μέγα
567 2883 747 2952 θαῦμα
792 2878 1099 2950 κατάδηλον
1141 2881 1366 2957 γίνεται.
1418 2885 1634 2960 Ὀρθιος
1670 2882 1880 2957 (ἵστατο,
1913 2882 2024 2940 ἄνω

373 2966 622 3044 βλέπων,
682 2968 757 3030 ὡς
817 2969 869 3023 ἒν
927 2969 1228 3046 εὐχομένου
1285 2975 1553 3047 σχήματι,
1609 2975 1794 3044 ἀσινὴς
1829 3020 1844 3046 ,
1904 2973 2024 3029 τότε

383 3056 601 3130 μᾶλλον
655 3057 692 3126 ἧ
741 3056 1004 3134 πρότερον
1059 3059 1464 3137 ἐξαστράπτων,
1522 3062 1822 3136 κρείττονός
1875 3084 2023 3126 τινος

385 3144 620 3223 φύσεως,
669 3145 769 3201 οὐκ
821 3146 1182 3224 ἀνθρωπίνης,
1236 3146 1477 3226 ἄγαλμα,
1527 3152 1706 3228 ὥςπερ
1757 3151 1833 3214 εἷς
1878 3154 2021 3207 τοῦτ’

378 3233 748 3308 ἇναχωνεῦσαι
809 3282 823 3307 ,
883 3235 1008 3292 ἀλλ’
1063 3238 1162 3293 οὐκ
1216 3239 1465 3318 ἀφανίσαι
1527 3245 1624 3296 τοῦ
1679 3239 1849 3319 πυρός
1907 3239 2018 3297 δε-

2141 2004 2264 2056 erat
2293 2004 2468 2072 atque
2507 2000 2812 2072 signatus;
2854 2000 2980 2071 jam
3029 2015 3236 2054 cursus
3285 1998 3413 2068 ejus
3460 1997 3779 2068 putabatur

2139 2093 2586 2146 consummatus
2614 2089 2780 2162 (quid
2809 2089 2965 2144 enim
2995 2086 3228 2159 aliud?)
3259 2087 3524 2142 ordinem
3555 2089 3776 2142 naturae

2141 2178 2539 2244 metientibus,
2570 2182 2627 2234 et
2664 2178 2764 2234 Dei
2796 2177 3114 2250 potentiam
3145 2193 3260 2232 non
3292 2175 3771 2247 recogitantibus.

2140 2267 2401 2339 Denique
2430 2267 2634 2323 tertius
2665 2268 2790 2323 dies
2819 2266 3023 2334 adfuit,
3056 2282 3123 2321 ex
3161 2277 3276 2338 quo
3305 2264 3442 2319 illuc
3471 2264 3778 2320 immissus

2139 2360 2263 2412 erat
2280 2357 2528 2412 Sanctus
2553 2374 2564 2412 :
2599 2359 3069 2428 praeceptumque
3089 2357 3178 2409 est
3208 2357 3272 2409 ut
3289 2356 3589 2425 exportata
3619 2353 3774 2408 calce

2139 2433 2543 2518 dissiparetur,
2577 2447 2624 2502 si
2677 2444 2814 2516 quid
2861 2443 3084 2500 ossium
3113 2447 3236 2499 erat
3277 2458 3498 2514 super:
3552 2443 3635 2497 Ne
3681 2441 3772 2497 vel

2137 2535 2247 2590 hcc
2278 2536 2492 2606 ipsum,
2523 2534 2843 2606 inquiebat,
2876 2537 3076 2606 postea
3107 2531 3332 2587 animos
3363 2533 3526 2587 daret
3555 2531 3769 2604 aliqui-

2137 2624 2247 2680 bus
2301 2626 2371 2680 ad
2418 2622 2814 2696 'rejiciendum
2862 2623 3103 2679 deorum
3157 2621 3466 2677 culturam.
3515 2621 3773 2676 Aderant

2135 2713 2313 2786 igitur
2342 2714 2558 2786 quibus
2603 2713 2661 2768 id
2707 2712 3072 2777 mandatum,
3104 2711 3305 2766 aderat
3349 2713 3406 2766 et
3456 2708 3771 2765 multitudo

2134 2803 2342 2876 ingens
2363 2801 2476 2858 alia
2498 2819 2510 2858 :
2542 2803 2853 2874 egerebant
2873 2799 3108 2870 calcem,
3132 2799 3533 2871 expurgabant
3553 2797 3770 2866 lacum,

2134 2897 2192 2948 et
2245 2910 2370 2965 quae
2421 2892 2662 2964 insuper
2705 2890 2992 2962 imperata
3030 2892 3195 2944 erant
3223 2887 3496 2959 perﬁcere
3523 2885 3770 2942 medita-

2131 2983 2366 3048 bantur,
2401 2981 2634 3053 quando
2666 2978 3025 3035 manifestari
3066 2977 3240 3050 ccepit
3285 2975 3634 3032 miraculum
3677 2975 3766 3030 in-

2130 3087 2295 3144 gens.
2328 3072 2500 3127 Stetit
2528 3069 2808 3142 Georgius
2837 3073 3064 3125 erectus
3094 3067 3155 3122 in
3186 3067 3381 3139 pedes,
3413 3081 3768 3137 sursumque

2129 3160 2310 3216 veluti
2356 3161 2697 3216 orabundus
2744 3158 2941 3215 oculos
2985 3156 3208 3223 extulit,
3241 3154 3459 3211 illaesus
3506 3154 3765 3224 omnino,

2130 3254 2188 3305 et
2215 3254 2356 3305 tunc
2390 3249 2577 3322 magis
2609 3264 2786 3321 quam
2819 3247 2983 3320 prius
3026 3245 3341 3318 refulgens,
3374 3247 3657 3316 tanquam
3713 3242 3764 3299 si

371 3321 659 3399 δεγμένου.
719 3325 840 3380 Ἐπὶ
896 3331 1023 3402 γοῦν
1078 3331 1238 3382 τοῦτο
1293 3328 1455 3385 πόσαι
1503 3331 1649 3406 παρά
1691 3308 1788 3386 toi}
1838 3328 2019 3405 δήμου

2131 3339 2338 3396 fuisset
2367 3337 2624 3394 melioris
2647 3337 2896 3410 alicujus
2926 3339 3148 3392 naturae
3178 3350 3352 3407 quam
3383 3332 3653 3388 humana:
3686 3333 3766 3388 si-

365 3411 498 3489 βοαὶ
530 3459 548 3484 ,
613 3411 740 3468 Θεὸν
811 3413 1262 3493 ἀνευφημούντων
1317 3419 1406 3473 καὶ
1487 3418 1647 3496 μέγαν
1704 3421 1794 3474 καὶ
1854 3419 2017 3493 μόνον

361 3501 796 3557 ἀποκαλούντων
855 3503 948 3558 τὸν
1025 3507 1295 3582 Γεωργίου
1352 3508 1579 3582 Χριστόν
1643 3510 1655 3564 !
1714 3508 1874 3564 πόσαι
1935 3507 2022 3565 διὰ

356 3595 534 3645 ταῦτα
554 3595 638 3662 τῷ
685 3592 933 3667 τυράννῳ
981 3589 1210 3670 πληγαί·
1265 3595 1326 3650 οὐ
1374 3593 1522 3672 λέγω
1569 3597 1662 3659 τὰς
1697 3598 1830 3672 μετά
1855 3603 2022 3654 ταῦτα

359 3676 750 3752 διαδεξομένας
784 3726 798 3751 ,
855 3679 982 3736 ἀλλ’
1047 3680 1100 3735 ἐν
1155 3687 1234 3756 τῷ
1307 3684 1530 3760 παρόντι
1610 3683 1698 3740 διὰ
1765 3688 1863 3757 τήν
1922 3691 2020 3758 τῆς

353 3768 534 3838 ἥττης
614 3768 877 3844 αἰσχύνην
910 3791 924 3804 ο
983 3768 1143 3825 πόσαι
1221 3769 1509 3846 δυσθυμίαι
1585 3775 1673 3830 καὶ
1753 3777 2020 3839 κακώσεις

353 3861 550 3933 ψυχῆς
583 3857 702 3920 ένὸς
734 3855 929 3932 ἀνδρὸς
958 3864 1194 3915 τοσαῦτα
1214 3860 1609 3939 φιλονεικοῦντι
1630 3867 2014 3941 περιγενέσθαι,

347 3948 440 4002 καὶ
473 3951 716 4002 τοσαῦτα
745 3946 1179 4024 ἀποτυγχάνοντι
1212 3969 1227 4020 ;

2132 3427 2500 3497 mulacrum;
2548 3431 2605 3484 et
2649 3425 3016 3499 ignis-illum
3067 3441 3180 3479 non
3229 3423 3612 3496 perdendum,
3664 3422 3766 3478 sed

2129 3517 2536 3573 reformandus
2595 3516 2934 3588 sucepisset.
2992 3513 3208 3569 Exinde
3264 3516 3484 3584 quanta
3539 3510 3766 3568 concla-

2105 3607 2308 3662 'matio
2337 3605 2562 3678 populi,
2584 3604 2968 3661 collaudantis
2997 3603 3202 3672 Deum,
3235 3617 3517 3673 magnum
3548 3604 3606 3656 et
3635 3600 3766 3655 uni-

2128 3713 2284 3760 cum,
2317 3700 2376 3752 et
2425 3695 2722 3752 Christum
2753 3692 2984 3765 Georgii
3014 3690 3373 3747 invocantis!
3409 3693 3642 3762 quantas
3696 3707 3765 3746 ex

2127 3785 2264 3840 hinc
2284 3783 2514 3857 tyranni
2541 3783 2722 3855 plaga:
2746 3799 2861 3838 non
2884 3782 3010 3837 dico
3033 3781 3092 3835 in
3115 3780 3378 3835 futurum
3397 3777 3759 3850 recipiendae,

2126 3875 2228 3930 sed
2259 3878 2318 3929 et
2357 3873 2418 3928 in
2461 3871 2754 3944 praesenti,
2787 3874 3024 3943 propter
3050 3869 3458 3926 verecundiam
3489 3867 3638 3922 irriti
3668 3884 3764 3923 co-

2126 3961 2337 4019 natus!
2371 3965 2590 4034 quanta
2617 3959 2798 4016 animi
2829 3958 3158 4032 desperatio
3197 3961 3255 4013 et
3295 3957 3594 4028 aegritudo,
3628 3972 3762 4012 cum

2122 4053 2212 4110 vir
2259 4069 2413 4108 unus
2455 4053 2760 4124 superaret
2788 4052 3089 4121 tantOpere
3118 4049 3480 4120 satagentem
3511 4045 3764 4116 vincere,

2124 4156 2348 4212 suaque
2376 4139 2806 4213 exspectatione
2833 4134 3178 4194 frustraretl

1880 4282 2112 4339 CAPUT
2151 4283 2249 4339 III.

1206 4377 1450 4450 Crepidis
1479 4378 1674 4448 ignitis
1703 4380 1973 4436 calceatus
2003 4380 2260 4451 Georgius
2289 4385 2592 4453 tyrannum
2619 4381 2920 4453 redarguit.

430 4519 518 4576 ιϐ’,
552 4517 734 4571 Δεινὸν
798 4517 891 4590 μὲν
945 4518 1044 4594 γὰρ
1101 4520 1168 4588 ἦν
1227 4518 1394 4591 αὐτῷ,
1445 4516 1630 4590 ἐπειδή
1686 4519 1774 4574 καί
1806 4519 2004 4592 ἀσύνη-

353 4607 446 4668 θες
482 4650 498 4675 ,
556 4605 622 4659 τὸ
679 4606 756 4678 μὴ
809 4610 989 4660 πεῖσαι
1050 4604 1390 4677 δυνηθῆναι,
1453 4605 1594 4680 μηδὲ
1647 4615 1746 4678 τῆς
1801 4608 2008 4665 ἐκείνου

352 4695 596 4769 γνώμης
649 4700 960 4767 κρατῆσαι’
1023 4693 1321 4772 δεινότερον
1391 4693 1449 4751 δὲ
1520 4695 1582 4752 τό
1666 4695 1805 4770 μηδὲ
1860 4700 2014 4754 θανα-

355 4784 530 4838 τῶσαι
590 4781 846 4857 ἰσχῦσαι·
902 4782 992 4838 καὶ
1046 4788 1214 4838 ταῦτα
1271 4783 1322 4839 ἐν
1382 4783 1568 4860 χερσὶν
1625 4780 1822 4860 ἔχοντα
1852 4833 1866 4859 ,
1921 4787 2011 4841 καὶ

355 4877 467 4927 τῶν
532 4870 796 4946 μεγίστων
855 4873 1183 4944 καθεκάστην
1243 4872 1393 4936 ἐντὸς
1437 4877 1696 4928 ποιοῦντα
1723 4871 2009 4934 κινδύνων.

359 4959 518 5016 Ἀλλ’
568 4959 806 5030 ὁπηνίκα
841 4961 932 5015 καὶ
983 4960 1111 5024 τοὺς
1164 4959 1336 5025 ἰδίους
1379 4959 1652 5033 Ἕλληνας
1690 4963 1828 5040 πρὸς
1875 4969 2010 5040 Χρι-

357 5048 482 5104 στὸν
527 5047 980 5124 μετατιθεμένους
1039 5051 1202 5124 ἑώρα,
1253 5049 1306 5104 τί
1364 5049 1545 5126 λέγεις
1604 5069 1619 5121 ;
1661 5051 1734 5106 Ού
1783 5053 2010 5108 θανάτου

359 5141 520 5193 τοῦτο
579 5137 900 5213 πικρότερον
960 5135 1134 5213 ἀνδρὶ,
1195 5143 1449 5194 τοσοῦτον
1501 5137 1639 5215 πρός
1713 5140 1880 5210 ζῆλον
1939 5141 2010 5196 εἱ-

360 5224 767 5300 δωλολατρείας
817 5225 1156 5301 έκκαιομέτῳ
1195 5227 1570 5305 ;Ὴγγέλλετο
1617 5227 1791 5302 μηδὲτ
1846 5229 2009 5285 αὐτοῦ

364 5313 507 5389 μηδὲ
562 5314 762 5386 ταύτην
821 5315 1009 5370 ἀτῦσαι
1064 5317 1164 5385 τήν
1216 5317 1462 5393 βάσανον,
1513 5317 1712 5373 ἐκεῖνον
1744 5325 2008 5393 περιεῖναι

361 5404 542 5481 ὥσπερ
600 5404 804 5479 χρυσὸν
864 5405 924 5459 ὲκ
979 5406 1149 5480 πυρὸς
1183 5451 1198 5475 ,
1257 5403 1606 5484 φαιδρότερον
1671 5407 1860 5462 ἑαυτοῦ
1915 5409 2004 5463 καὶ

355 5492 572 5550 καλλίω
626 5491 1006 5568 γεγενημένον·
1064 5495 1132 5549 τὰ
1185 5493 1375 5565 πλήθη
1434 5498 1534 5569 τῇς
1582 5495 1812 5571 πατρίου
1844 5493 2005 5568 δόξης

355 5580 670 5637 σαλεύεσθαι
705 5599 718 5612 ⁸
777 5581 868 5634 καὶ
925 5583 1076 5637 καθὲν
1134 5582 1362 5653 τούτων,
1423 5578 1604 5660 ὥσπερ
1660 5585 1712 5639 οἱ
1773 5586 2001 5659 βροντῆς

352 5669 482 5746 ἤχῳ
537 5669 938 5742 πληττόμενοι,
998 5670 1236 5742 ἐξίστατο
1289 5671 1378 5726 καὶ
1411 5673 1528 5748 εἶχε
1567 5677 1713 5750 σιγῇ,
1757 5673 1846 5728 καὶ
1874 5673 1999 5729 ἀνα-

358 5760 531 5838 φέρων
592 5757 692 5815 οὒκ
751 5756 1047 5839 ἀπέστρεφε
1103 5759 1194 5815 τὸν
1226 5761 1391 5838 Θυμὸν
1453 5760 1638 5836 αὐτοῦ,
1695 5760 1822 5818 ἀλλ’
1861 5762 2000 5838 ὑψη-

2187 4525 2274 4580 19.
2305 4528 2487 4580 Grave
2537 4527 2660 4580 erat
2709 4524 3084 4592 Diocletiano,
3127 4524 3265 4596 quia
3318 4523 3600 4590 insolens,
3647 4540 3754 4579 nec

2042 4661 2089 4726 D
2118 4614 2470 4685 persuadere
2501 4629 2670 4685 posse
2699 4613 2962 4686 Georgio,
2998 4630 3102 4668 nec
3157 4630 3191 4668 θ.
3234 4612 3530 4684 proposito
3571 4612 3756 4669 dimo-

2121 4718 2250 4726 -.-_-
2284 4719 2297 4726 -
2351 4703 2583 4726 ....---:.-_
2624 4707 2815 4726 1.-...-—
2861 4719 2964 4726 _-_
3009 4701 3260 4726 ---:J-_-
3298 4701 3528 4726 -.-ἕλκη
3565 4718 3733 4726 ...ι-ι.-

2121 4718 2253 4757 vere
2284 4719 2297 4756 :
2348 4703 2584 4774 gravius
2624 4707 2821 4757 tamen
2861 4719 2966 4758 nec
3005 4701 3264 4758 occidere
3295 4701 3533 4772 quidem
3564 4718 3758 4774 posse,

2122 4807 2258 4846 cum
2291 4791 2348 4846 id
2381 4791 2441 4847 in
2473 4791 2745 4846 manibus
2766 4791 2890 4847 suis
2919 4791 3135 4847 habere
3154 4791 3466 4854 videretur.
3490 4796 3547 4846 et
3577 4791 3759 4846 maxi-

2121 4879 2236 4935 mis
2290 4879 2566 4952 periculis
2621 4880 2880 4951 quotidie
2946 4879 3112 4935 illum
3179 4881 3587 4936 committeret.
3646 4880 3761 4937 Sed

2121 4965 2352 5040 quando
2381 4968 2646 5041 proprios
2677 4985 2815 5025 suos
2843 4967 3090 5040 gentiles
3135 4970 3206 5025 ad
3236 4969 3534 5026 Christum
3561 4973 3762 5026 trans-

2117 5056 2256 5114 iisse
2309 5057 2566 5125 videbat,
2627 5057 2765 5130 quid
2826 5057 3042 5113 dices?
3103 5058 3378 5131 Nunquid
3447 5076 3561 5114 non
3627 5059 3758 5131 ipsa

2120 5150 2304 5202 morte
2334 5146 2600 5202 acerbius
2629 5146 2738 5201 hoc
2771 5146 2880 5202 fuit
2908 5146 3155 5214 homini,
3184 5165 3370 5220 usque
3401 5149 3541 5204 adeo
3570 5149 3758 5205 inten-

2119 5252 2250 5290 sum
2299 5251 2402 5306 pro
2453 5234 2781 5291 idololatria
2820 5235 3009 5292 zelum
3049 5237 3337 5293 habenti?
3364 5231 3757 5295 Nuntiabatur

2117 5339 2306 5394 neque
2337 5322 2446 5378 hoc
2477 5322 2761 5394 supplicio
2793 5329 2985 5379 actum
3017 5341 3146 5380 esse
3175 5325 3476 5397 quidpiam
3509 5344 3522 5380 :
3557 5343 3758 5398 super-

2115 5411 2312 5467 stitem
2363 5410 2532 5466 illum
2571 5411 2795 5480 vivere;
2845 5429 3022 5484 seque
3074 5413 3200 5485 ipso
3253 5413 3644 5486 pulchriorem
3688 5431 3754 5470 ac

2113 5497 2478 5567 lucidiorem,
2510 5499 2670 5556 velut
2697 5518 2906 5557 aurum
2937 5517 3006 5558 ex
3042 5501 3174 5574 igne
3217 5504 3517 5574 prodisse;
3550 5503 3752 5558 multi-

2111 5588 2375 5644 tudinem
2419 5593 2613 5644 autem
2661 5589 2928 5646 vacillare
2975 5591 3034 5646 in
3085 5592 3240 5648 avita
3271 5591 3565 5666 religione.
3599 5592 3749 5648 Hinc

2110 5681 2393 5749 tanquam
2444 5679 2663 5734 tonitru
2710 5679 3036 5752 perculsus,
3069 5681 3372 5754 obstupuit
3423 5682 3744 5737 obmutuit-

2111 5783 2224 5840 que
2247 5783 2260 5834 ;
2294 5783 2410 5825 non
2432 5771 2628 5826 tamen
2651 5769 2998 5842 resipiscens
3018 5770 3262 5827 abstulit
3280 5770 3744 5846 indignationem
