  <div class='ocr_page' id='page_1' title='image "/cluster/home/n/w/nwhite01/storage/ocr_20150623/142/mdp.39015078384792/167.png"; bbox 0 0 4118 6432; ppageno 0'>
   <div class='ocr_carea' id='block_1_1' title="bbox 407 375 527 450">
    <p class='ocr_par' dir='ltr' id='par_1_1' title="bbox 407 375 527 450">
     <span class='ocr_line' id='line_1_1' title="bbox 407 375 527 450; baseline 0 -2"><span class='ocrx_word' id='word_1_1' title='bbox 407 375 527 450; x_wconf 56' lang='grc'><strong>’19</strong></span> 
     </span>
    </p>
   </div>
   <div class='ocr_carea' id='block_1_2' title="bbox 1405 343 2756 484">
    <p class='ocr_par' dir='ltr' id='par_1_2' title="bbox 1405 343 2756 484">
     <span class='ocr_line' id='line_1_2' title="bbox 1405 343 2756 484; baseline 0.007 -23"><span class='ocrx_word' id='word_1_2' title='bbox 1405 395 1718 468; x_wconf 77' lang='lat' dir='ltr'><strong>GEORGII</strong></span> <span class='ocrx_word' id='word_1_3' title='bbox 1740 343 2024 472; x_wconf 35' lang='lat' dir='ltr'><strong>&#39;CYPRII</strong></span> <span class='ocrx_word' id='word_1_4' title='bbox 2067 401 2187 467; x_wconf 82' lang='lat' dir='ltr'><strong>GP.</strong></span> <span class='ocrx_word' id='word_1_5' title='bbox 2232 404 2756 484; x_wconf 63' lang='lat' dir='ltr'><strong>PATMABCHE</strong></span> 
     </span>
    </p>
   </div>
   <div class='ocr_carea' id='block_1_3' title="bbox 407 517 2022 622">
    <p class='ocr_par' dir='ltr' id='par_1_3' title="bbox 407 517 2022 611">
     <span class='ocr_line' id='line_1_3' title="bbox 407 517 2022 611; baseline 0.017 -37"><span class='ocrx_word' id='word_1_6' title='bbox 407 532 578 576; x_wconf 84' lang='lat' dir='ltr'><strong>suam</strong></span> <span class='ocrx_word' id='word_1_7' title='bbox 615 517 688 578; x_wconf 88' lang='lat' dir='ltr'><strong>ab</strong></span> <span class='ocrx_word' id='word_1_8' title='bbox 727 537 815 595; x_wconf 91' lang='lat' dir='ltr'><strong>eo,</strong></span> <span class='ocrx_word' id='word_1_9' title='bbox 847 523 947 582; x_wconf 90' lang='lat' dir='ltr'><strong>sed</strong></span> <span class='ocrx_word' id='word_1_10' title='bbox 979 525 1168 588; x_wconf 86' lang='lat' dir='ltr'><strong>adhuc</strong></span> <span class='ocrx_word' id='word_1_11' title='bbox 1195 547 1439 592; x_wconf 89' lang='lat' dir='ltr'><strong>manum</strong></span> <span class='ocrx_word' id='word_1_12' title='bbox 1465 541 1758 598; x_wconf 78' lang='lat' dir='ltr'><strong>extentam</strong></span> <span class='ocrx_word' id='word_1_13' title='bbox 1789 541 2022 611; x_wconf 70' lang='lat' dir='ltr'><strong>habens,</strong></span> 
     </span>
    </p>
   </div>
   <div class='ocr_carea' id='block_1_4' title="bbox 2136 517 3784 622">
    <p class='ocr_par' dir='ltr' id='par_1_4' title="bbox 2148 537 3784 622">
     <span class='ocr_line' id='line_1_4' title="bbox 2148 537 3784 622; baseline 0.002 -27"><span class='ocrx_word' id='word_1_14' title='bbox 2148 537 2248 608; x_wconf 78' lang='grc' dir='ltr'>λὴν</span> <span class='ocrx_word' id='word_1_15' title='bbox 2280 539 2424 617; x_wconf 72' lang='grc' dir='ltr'>εἶχεν</span> <span class='ocrx_word' id='word_1_16' title='bbox 2482 539 2562 598; x_wconf 83' lang='grc' dir='ltr'>ἔτι</span> <span class='ocrx_word' id='word_1_17' title='bbox 2607 543 2706 612; x_wconf 79' lang='grc' dir='ltr'>τήν</span> <span class='ocrx_word' id='word_1_18' title='bbox 2755 546 2936 619; x_wconf 87' lang='grc' dir='ltr'>χεῖρα,</span> <span class='ocrx_word' id='word_1_19' title='bbox 2986 540 3075 598; x_wconf 82' lang='grc' dir='ltr'><strong>καὶ</strong></span> <span class='ocrx_word' id='word_1_20' title='bbox 3115 539 3261 620; x_wconf 80' lang='grc' dir='ltr'>πρὸς</span> <span class='ocrx_word' id='word_1_21' title='bbox 3313 537 3582 620; x_wconf 77' lang='grc' dir='ltr'><strong>τιμωρίας</strong></span> <span class='ocrx_word' id='word_1_22' title='bbox 3633 539 3784 622; x_wconf 73' lang='grc' dir='ltr'>ἐφώ-</span> 
     </span>
    </p>
   </div>
   <div class='ocr_carea' id='block_1_5' title="bbox 406 610 2034 693">
    <p class='ocr_par' dir='ltr' id='par_1_5' title="bbox 406 610 2034 693">
     <span class='ocr_line' id='line_1_5' title="bbox 406 610 2034 693; baseline 0.016 -30"><span class='ocrx_word' id='word_1_23' title='bbox 406 610 671 667; x_wconf 88' lang='lat' dir='ltr'><strong>eamdem</strong></span> <span class='ocrx_word' id='word_1_24' title='bbox 693 613 763 668; x_wconf 91' lang='lat' dir='ltr'><strong>ad</strong></span> <span class='ocrx_word' id='word_1_25' title='bbox 797 631 942 672; x_wconf 90' lang='lat' dir='ltr'><strong>nova</strong></span> <span class='ocrx_word' id='word_1_26' title='bbox 963 619 1252 693; x_wconf 87' lang='lat' dir='ltr'><strong>supplicia</strong></span> <span class='ocrx_word' id='word_1_27' title='bbox 1271 628 1536 684; x_wconf 79' lang='lat' dir='ltr'><strong>armavit.</strong></span> <span class='ocrx_word' id='word_1_28' title='bbox 1564 629 1817 687; x_wconf 82' lang='lat' dir='ltr'><strong>Rursum</strong></span> <span class='ocrx_word' id='word_1_29' title='bbox 1842 610 2034 689; x_wconf 89' lang='lat' dir='ltr'><strong>autem</strong></span> 
     </span>
    </p>
   </div>
   <div class='ocr_carea' id='block_1_6' title="bbox 407 700 2033 793">
    <p class='ocr_par' dir='ltr' id='par_1_6' title="bbox 407 700 2033 793">
     <span class='ocr_line' id='line_1_6' title="bbox 407 700 2033 793; baseline 0.017 -42"><span class='ocrx_word' id='word_1_30' title='bbox 407 713 540 753; x_wconf 89' lang='lat' dir='ltr'><strong>eum</strong></span> <span class='ocrx_word' id='word_1_31' title='bbox 564 700 780 771; x_wconf 89' lang='lat' dir='ltr'><strong>jubens</strong></span> <span class='ocrx_word' id='word_1_32' title='bbox 811 721 1004 763; x_wconf 90' lang='lat' dir='ltr'><strong>coram</strong></span> <span class='ocrx_word' id='word_1_33' title='bbox 1055 726 1115 765; x_wconf 91' lang='lat' dir='ltr'><strong>se</strong></span> <span class='ocrx_word' id='word_1_34' title='bbox 1162 716 1360 785; x_wconf 83' lang='lat' dir='ltr'><strong>statui,</strong></span> <span class='ocrx_word' id='word_1_35' title='bbox 1392 717 1577 774; x_wconf 91' lang='lat' dir='ltr'><strong>eidem</strong></span> <span class='ocrx_word' id='word_1_36' title='bbox 1627 720 1783 793; x_wconf 88' lang='lat' dir='ltr'><strong>loqui</strong></span> <span class='ocrx_word' id='word_1_37' title='bbox 1831 722 2033 791; x_wconf 82' lang='lat' dir='ltr'><strong>voluit,</strong></span> 
     </span>
    </p>
   </div>
   <div class='ocr_carea' id='block_1_7' title="bbox 408 785 2034 879">
    <p class='ocr_par' dir='ltr' id='par_1_7' title="bbox 408 785 2034 879">
     <span class='ocr_line' id='line_1_7' title="bbox 408 785 2034 879; baseline 0.018 -39"><span class='ocrx_word' id='word_1_38' title='bbox 408 785 543 842; x_wconf 90' lang='lat' dir='ltr'><strong>licet</strong></span> <span class='ocrx_word' id='word_1_39' title='bbox 581 790 663 844; x_wconf 92' lang='lat' dir='ltr'><strong>nil</strong></span> <span class='ocrx_word' id='word_1_40' title='bbox 707 790 945 852; x_wconf 84' lang='lat' dir='ltr'><strong>haberet</strong></span> <span class='ocrx_word' id='word_1_41' title='bbox 975 801 1127 867; x_wconf 91' lang='lat' dir='ltr'><strong>quod</strong></span> <span class='ocrx_word' id='word_1_42' title='bbox 1161 803 1581 863; x_wconf 80' lang='lat' dir='ltr'><strong>rationabiliter</strong></span> <span class='ocrx_word' id='word_1_43' title='bbox 1609 785 1842 879; x_wconf 76' lang='lat' dir='ltr'><strong>diceret,</strong></span> <span class='ocrx_word' id='word_1_44' title='bbox 1875 785 2034 868; x_wconf 84' lang='lat' dir='ltr'><strong>omni</strong></span> 
     </span>
    </p>
   </div>
   <div class='ocr_carea' id='block_1_8' title="bbox 406 877 2036 975">
    <p class='ocr_par' dir='ltr' id='par_1_8' title="bbox 406 877 2036 975">
     <span class='ocr_line' id='line_1_8' title="bbox 406 877 2036 975; baseline 0.019 -47"><span class='ocrx_word' id='word_1_45' title='bbox 406 877 543 931; x_wconf 90' lang='lat' dir='ltr'><strong>recti</strong></span> <span class='ocrx_word' id='word_1_46' title='bbox 571 882 857 938; x_wconf 82' lang='lat' dir='ltr'><strong>sermonis</strong></span> <span class='ocrx_word' id='word_1_47' title='bbox 880 885 1154 945; x_wconf 82' lang='lat' dir='ltr'><strong>facultate</strong></span> <span class='ocrx_word' id='word_1_48' title='bbox 1183 892 1516 952; x_wconf 91' lang='lat' dir='ltr'><strong>destitutus.</strong></span> <span class='ocrx_word' id='word_1_49' title='bbox 1540 899 1607 953; x_wconf 89' lang='lat' dir='ltr'><strong>Et</strong></span> <span class='ocrx_word' id='word_1_50' title='bbox 1634 877 1887 971; x_wconf 85' lang='lat' dir='ltr'><strong>primum</strong></span> <span class='ocrx_word' id='word_1_51' title='bbox 1912 903 2036 975; x_wconf 89' lang='lat' dir='ltr'><strong>qui-</strong></span> 
     </span>
    </p>
   </div>
   <div class='ocr_carea' id='block_1_9' title="bbox 401 963 2034 1049">
    <p class='ocr_par' dir='ltr' id='par_1_9' title="bbox 401 963 2034 1049">
     <span class='ocr_line' id='line_1_9' title="bbox 401 963 2034 1049; baseline 0.018 -30"><span class='ocrx_word' id='word_1_52' title='bbox 401 963 530 1020; x_wconf 87' lang='lat' dir='ltr'><strong>dem</strong></span> <span class='ocrx_word' id='word_1_53' title='bbox 565 969 636 1022; x_wconf 93' lang='lat' dir='ltr'><strong>ad</strong></span> <span class='ocrx_word' id='word_1_54' title='bbox 671 968 1171 1049; x_wconf 80' lang='lat' dir='ltr'><strong>interrogationes,</strong></span> <span class='ocrx_word' id='word_1_55' title='bbox 1205 982 1348 1038; x_wconf 86' lang='lat' dir='ltr'><strong>nihil</strong></span> <span class='ocrx_word' id='word_1_56' title='bbox 1381 987 1618 1045; x_wconf 88' lang='lat' dir='ltr'><strong>omnino</strong></span> <span class='ocrx_word' id='word_1_57' title='bbox 1658 991 1730 1045; x_wconf 89' lang='lat' dir='ltr'><strong>ad</strong></span> <span class='ocrx_word' id='word_1_58' title='bbox 1776 1009 1895 1047; x_wconf 89' lang='lat' dir='ltr'><strong>rem</strong></span> <span class='ocrx_word' id='word_1_59' title='bbox 1945 993 2034 1048; x_wconf 87' lang='lat' dir='ltr'><strong>fa-</strong></span> 
     </span>
    </p>
   </div>
   <div class='ocr_carea' id='block_1_10' title="bbox 402 1053 2034 1146">
    <p class='ocr_par' dir='ltr' id='par_1_10' title="bbox 402 1053 2034 1146">
     <span class='ocr_line' id='line_1_10' title="bbox 402 1053 2034 1146; baseline 0.018 -39"><span class='ocrx_word' id='word_1_60' title='bbox 402 1053 641 1124; x_wconf 88' lang='lat' dir='ltr'><strong>cientes,</strong></span> <span class='ocrx_word' id='word_1_61' title='bbox 673 1063 1159 1122; x_wconf 85' lang='lat' dir='ltr'><strong>convertebatur:</strong></span> <span class='ocrx_word' id='word_1_62' title='bbox 1210 1069 1391 1138; x_wconf 90' lang='lat' dir='ltr'><strong>Unde,</strong></span> <span class='ocrx_word' id='word_1_63' title='bbox 1434 1074 1724 1146; x_wconf 86' lang='lat' dir='ltr'><strong>inquiens,</strong></span> <span class='ocrx_word' id='word_1_64' title='bbox 1778 1083 1863 1134; x_wconf 89' lang='lat' dir='ltr'><strong>tot</strong></span> <span class='ocrx_word' id='word_1_65' title='bbox 1907 1083 2034 1135; x_wconf 87' lang='lat' dir='ltr'><strong>tan-</strong></span> 
     </span>
    </p>
   </div>
   <div class='ocr_carea' id='block_1_11' title="bbox 399 1145 2034 1236">
    <p class='ocr_par' dir='ltr' id='par_1_11' title="bbox 399 1145 2034 1236">
     <span class='ocr_line' id='line_1_11' title="bbox 399 1145 2034 1236; baseline 0.017 -40"><span class='ocrx_word' id='word_1_66' title='bbox 399 1145 606 1215; x_wconf 77' lang='lat' dir='ltr'><strong>tasque</strong></span> <span class='ocrx_word' id='word_1_67' title='bbox 682 1146 1109 1210; x_wconf 85' lang='lat' dir='ltr'><strong>incantationes</strong></span> <span class='ocrx_word' id='word_1_68' title='bbox 1182 1145 1781 1236; x_wconf 15' lang='lat' dir='ltr'><strong>didicisti?iquibus</strong></span> <span class='ocrx_word' id='word_1_69' title='bbox 1866 1172 2034 1224; x_wconf 90' lang='lat' dir='ltr'><strong>utens</strong></span> 
     </span>
    </p>
   </div>
   <div class='ocr_carea' id='block_1_12' title="bbox 397 1235 2032 1327">
    <p class='ocr_par' dir='ltr' id='par_1_12' title="bbox 397 1235 2032 1327">
     <span class='ocr_line' id='line_1_12' title="bbox 397 1235 2032 1327; baseline 0.017 -41"><span class='ocrx_word' id='word_1_70' title='bbox 397 1235 688 1291; x_wconf 92' lang='lat' dir='ltr'><strong>tormenta</strong></span> <span class='ocrx_word' id='word_1_71' title='bbox 735 1238 961 1312; x_wconf 81' lang='lat' dir='ltr'><strong>effugis,</strong></span> <span class='ocrx_word' id='word_1_72' title='bbox 997 1259 1122 1314; x_wconf 75' lang='lat' dir='ltr'><strong>quaa</strong></span> <span class='ocrx_word' id='word_1_73' title='bbox 1169 1247 1272 1302; x_wconf 84' lang='lat' dir='ltr'><strong>tibi</strong></span> <span class='ocrx_word' id='word_1_74' title='bbox 1324 1266 1425 1320; x_wconf 92' lang='lat' dir='ltr'><strong>per</strong></span> <span class='ocrx_word' id='word_1_75' title='bbox 1470 1235 1625 1324; x_wconf 84' lang='lat' dir='ltr'><strong>leges</strong></span> <span class='ocrx_word' id='word_1_76' title='bbox 1672 1259 1727 1308; x_wconf 90' lang='lat' dir='ltr'><strong>et</strong></span> <span class='ocrx_word' id='word_1_77' title='bbox 1779 1273 1882 1327; x_wconf 91' lang='lat' dir='ltr'><strong>per</strong></span> <span class='ocrx_word' id='word_1_78' title='bbox 1928 1273 2032 1311; x_wconf 89' lang='lat' dir='ltr'><strong>nos</strong></span> 
     </span>
    </p>
   </div>
   <div class='ocr_carea' id='block_1_13' title="bbox 396 1319 2030 1411">
    <p class='ocr_par' dir='ltr' id='par_1_13' title="bbox 396 1319 2030 1411">
     <span class='ocr_line' id='line_1_13' title="bbox 396 1319 2030 1411; baseline 0.016 -36"><span class='ocrx_word' id='word_1_79' title='bbox 396 1319 734 1380; x_wconf 89' lang='lat' dir='ltr'><strong>inferuntur</strong></span> <span class='ocrx_word' id='word_1_80' title='bbox 761 1345 773 1389; x_wconf 88' lang='lat'><strong>;</strong></span> <span class='ocrx_word' id='word_1_81' title='bbox 824 1334 880 1383; x_wconf 92' lang='lat' dir='ltr'><strong>et</strong></span> <span class='ocrx_word' id='word_1_82' title='bbox 927 1319 1412 1404; x_wconf 77' lang='lat' dir='ltr'><strong>imprudentiores</strong></span> <span class='ocrx_word' id='word_1_83' title='bbox 1445 1343 1656 1411; x_wconf 87' lang='lat' dir='ltr'><strong>partim</strong></span> <span class='ocrx_word' id='word_1_84' title='bbox 1689 1343 1746 1399; x_wconf 91' lang='lat' dir='ltr'><strong>in</strong></span> <span class='ocrx_word' id='word_1_85' title='bbox 1779 1345 2030 1400; x_wconf 79' lang='lat' dir='ltr'><strong>admira-</strong></span> 
     </span>
    </p>
   </div>
   <div class='ocr_carea' id='block_1_14' title="bbox 396 1409 2028 1499">
    <p class='ocr_par' dir='ltr' id='par_1_14' title="bbox 396 1409 2028 1499">
     <span class='ocr_line' id='line_1_14' title="bbox 396 1409 2028 1499; baseline 0.015 -33"><span class='ocrx_word' id='word_1_86' title='bbox 396 1409 616 1468; x_wconf 89' lang='lat' dir='ltr'><strong>tionem</strong></span> <span class='ocrx_word' id='word_1_87' title='bbox 675 1416 851 1487; x_wconf 87' lang='lat' dir='ltr'><strong>rapis,</strong></span> <span class='ocrx_word' id='word_1_88' title='bbox 908 1421 1116 1488; x_wconf 88' lang='lat' dir='ltr'><strong>partim</strong></span> <span class='ocrx_word' id='word_1_89' title='bbox 1176 1426 1349 1482; x_wconf 90' lang='lat' dir='ltr'><strong>etiam</strong></span> <span class='ocrx_word' id='word_1_90' title='bbox 1408 1409 1681 1499; x_wconf 85' lang='lat' dir='ltr'><strong>seducis;</strong></span> <span class='ocrx_word' id='word_1_91' title='bbox 1734 1433 2028 1490; x_wconf 85' lang='lat' dir='ltr'><strong>Christum</strong></span> 
     </span>
    </p>
   </div>
   <div class='ocr_carea' id='block_1_15' title="bbox 397 1503 2027 1589">
    <p class='ocr_par' dir='ltr' id='par_1_15' title="bbox 397 1503 2027 1589">
     <span class='ocr_line' id='line_1_15' title="bbox 397 1503 2027 1589; baseline 0.015 -35"><span class='ocrx_word' id='word_1_92' title='bbox 397 1503 708 1571; x_wconf 87' lang='lat' dir='ltr'><strong>quemdam</strong></span> <span class='ocrx_word' id='word_1_93' title='bbox 736 1508 1058 1577; x_wconf 72' lang='lat' dir='ltr'><strong>praedicans</strong></span> <span class='ocrx_word' id='word_1_94' title='bbox 1080 1513 1316 1571; x_wconf 91' lang='lat' dir='ltr'><strong>unicum</strong></span> <span class='ocrx_word' id='word_1_95' title='bbox 1347 1534 1476 1574; x_wconf 90' lang='lat' dir='ltr'><strong>esse</strong></span> <span class='ocrx_word' id='word_1_96' title='bbox 1500 1519 1705 1589; x_wconf 91' lang='lat' dir='ltr'><strong>Deum,</strong></span> <span class='ocrx_word' id='word_1_97' title='bbox 1730 1527 1785 1578; x_wconf 92' lang='lat' dir='ltr'><strong>et</strong></span> <span class='ocrx_word' id='word_1_98' title='bbox 1815 1540 2027 1579; x_wconf 90' lang='lat' dir='ltr'><strong>novum</strong></span> 
     </span>
    </p>
   </div>
   <div class='ocr_carea' id='block_1_16' title="bbox 393 1587 2029 1682">
    <p class='ocr_par' dir='ltr' id='par_1_16' title="bbox 393 1587 2029 1682">
     <span class='ocr_line' id='line_1_16' title="bbox 393 1587 2029 1682; baseline 0.017 -38"><span class='ocrx_word' id='word_1_99' title='bbox 393 1587 503 1646; x_wconf 83' lang='lat' dir='ltr'><strong>hoc</strong></span> <span class='ocrx_word' id='word_1_100' title='bbox 534 1591 910 1682; x_wconf 85' lang='lat' dir='ltr'><strong>insolensque</strong></span> <span class='ocrx_word' id='word_1_101' title='bbox 935 1603 1288 1670; x_wconf 70' lang='lat' dir='ltr'><strong>preconium</strong></span> <span class='ocrx_word' id='word_1_102' title='bbox 1319 1606 1544 1666; x_wconf 89' lang='lat' dir='ltr'><strong>habens</strong></span> <span class='ocrx_word' id='word_1_103' title='bbox 1572 1627 1674 1682; x_wconf 91' lang='lat' dir='ltr'><strong>pro</strong></span> <span class='ocrx_word' id='word_1_104' title='bbox 1692 1587 2029 1671; x_wconf 81' lang='lat' dir='ltr'><strong>velamento</strong></span> 
     </span>
    </p>
   </div>
   <div class='ocr_carea' id='block_1_17' title="bbox 392 1681 1095 1747">
    <p class='ocr_par' dir='ltr' id='par_1_17' title="bbox 392 1681 1095 1747">
     <span class='ocr_line' id='line_1_17' title="bbox 392 1681 1095 1747; baseline 0.021 -14"><span class='ocrx_word' id='word_1_105' title='bbox 392 1681 806 1741; x_wconf 90' lang='lat' dir='ltr'><strong>veneﬁciorum</strong></span> <span class='ocrx_word' id='word_1_106' title='bbox 836 1690 1070 1747; x_wconf 88' lang='lat' dir='ltr'><strong>tuorum</strong></span> <span class='ocrx_word' id='word_1_107' title='bbox 1083 1733 1095 1747; x_wconf 93' lang='lat'><em>.</em></span> 
     </span>
    </p>
   </div>
   <div class='ocr_carea' id='block_1_18' title="bbox 461 1788 2024 1881">
    <p class='ocr_par' dir='ltr' id='par_1_18' title="bbox 461 1788 2024 1881">
     <span class='ocr_line' id='line_1_18' title="bbox 461 1788 2024 1881; baseline 0.018 -40"><span class='ocrx_word' id='word_1_108' title='bbox 461 1788 552 1843; x_wconf 85' lang='lat'><strong>20.</strong></span> <span class='ocrx_word' id='word_1_109' title='bbox 586 1789 904 1865; x_wconf 84' lang='lat' dir='ltr'><strong>Postquam</strong></span> <span class='ocrx_word' id='word_1_110' title='bbox 935 1802 1127 1856; x_wconf 89' lang='lat' dir='ltr'><strong>autem</strong></span> <span class='ocrx_word' id='word_1_111' title='bbox 1168 1802 1474 1876; x_wconf 91' lang='lat' dir='ltr'><strong>indignum</strong></span> <span class='ocrx_word' id='word_1_112' title='bbox 1526 1825 1802 1881; x_wconf 89' lang='lat' dir='ltr'><strong>responso</strong></span> <span class='ocrx_word' id='word_1_113' title='bbox 1852 1810 2024 1866; x_wconf 90' lang='lat' dir='ltr'><strong>Geor-</strong></span> 
     </span>
    </p>
   </div>
   <div class='ocr_carea' id='block_1_19' title="bbox 2147 627 3790 708">
    <p class='ocr_par' dir='ltr' id='par_1_19' title="bbox 2147 627 3790 708">
     <span class='ocr_line' id='line_1_19' title="bbox 2147 627 3790 708; baseline 0.001 -24"><span class='ocrx_word' id='word_1_114' title='bbox 2147 627 2342 699; x_wconf 82' lang='grc' dir='ltr'>πλιζε.</span> <span class='ocrx_word' id='word_1_115' title='bbox 2396 630 2493 685; x_wconf 82' lang='grc' dir='ltr'><strong>Καὶ</strong></span> <span class='ocrx_word' id='word_1_116' title='bbox 2548 631 2731 704; x_wconf 83' lang='grc' dir='ltr'>μένται</span> <span class='ocrx_word' id='word_1_117' title='bbox 2787 630 2954 688; x_wconf 87' lang='grc' dir='ltr'>πάλαι</span> <span class='ocrx_word' id='word_1_118' title='bbox 3014 632 3186 706; x_wconf 69' lang='grc' dir='ltr'>ἑαυτῷ</span> <span class='ocrx_word' id='word_1_119' title='bbox 3243 633 3590 708; x_wconf 73' lang='grc' dir='ltr'><strong>παραστήσας</strong></span> <span class='ocrx_word' id='word_1_120' title='bbox 3647 631 3790 688; x_wconf 86' lang='grc' dir='ltr'>ἐκεῖ-</span> 
     </span>
    </p>
   </div>
   <div class='ocr_carea' id='block_1_20' title="bbox 2146 715 3788 799">
    <p class='ocr_par' dir='ltr' id='par_1_20' title="bbox 2146 715 3788 799">
     <span class='ocr_line' id='line_1_20' title="bbox 2146 715 3788 799; baseline 0.005 -27"><span class='ocrx_word' id='word_1_121' title='bbox 2146 740 2255 790; x_wconf 80' lang='grc' dir='ltr'>νον,</span> <span class='ocrx_word' id='word_1_122' title='bbox 2287 715 2540 776; x_wconf 79' lang='grc' dir='ltr'>ἐϐούλετο</span> <span class='ocrx_word' id='word_1_123' title='bbox 2574 723 2668 795; x_wconf 78' lang='grc' dir='ltr'><strong>μὶν</strong></span> <span class='ocrx_word' id='word_1_124' title='bbox 2712 743 2794 777; x_wconf 90' lang='grc' dir='ltr'><strong>τοι</strong></span> <span class='ocrx_word' id='word_1_125' title='bbox 2848 721 3034 795; x_wconf 82' lang='grc' dir='ltr'>εἰπεῖν,</span> <span class='ocrx_word' id='word_1_126' title='bbox 3093 723 3168 794; x_wconf 81' lang='grc' dir='ltr'>μὴ</span> <span class='ocrx_word' id='word_1_127' title='bbox 3213 717 3364 799; x_wconf 80' lang='grc' dir='ltr'>,ἔχων</span> <span class='ocrx_word' id='word_1_128' title='bbox 3399 718 3456 777; x_wconf 76' lang='grc' dir='ltr'>δὲ</span> <span class='ocrx_word' id='word_1_129' title='bbox 3485 720 3636 794; x_wconf 77' lang='grc' dir='ltr'>ὅμως</span> <span class='ocrx_word' id='word_1_130' title='bbox 3667 721 3788 787; x_wconf 78' lang='grc' dir='ltr'>ὅθεν</span> 
     </span>
    </p>
   </div>
   <div class='ocr_carea' id='block_1_21' title="bbox 2148 807 3788 882">
    <p class='ocr_par' dir='ltr' id='par_1_21' title="bbox 2148 807 3788 882">
     <span class='ocr_line' id='line_1_21' title="bbox 2148 807 3788 882; baseline 0.002 -20"><span class='ocrx_word' id='word_1_131' title='bbox 2148 807 2391 882; x_wconf 85' lang='grc' dir='ltr'>εύλόγως</span> <span class='ocrx_word' id='word_1_132' title='bbox 2445 855 2459 881; x_wconf 87' lang='grc'><strong>,</strong></span> <span class='ocrx_word' id='word_1_133' title='bbox 2502 811 2700 872; x_wconf 77' lang='grc' dir='ltr'>παντὸς</span> <span class='ocrx_word' id='word_1_134' title='bbox 2781 809 2939 866; x_wconf 84' lang='grc' dir='ltr'>αὐτὸν</span> <span class='ocrx_word' id='word_1_135' title='bbox 3032 808 3486 873; x_wconf 80' lang='grc' dir='ltr'>ἐπιλελοιπότος·</span> <span class='ocrx_word' id='word_1_136' title='bbox 3527 808 3736 866; x_wconf 85' lang='grc' dir='ltr'>δικαίου</span> <span class='ocrx_word' id='word_1_137' title='bbox 3773 857 3788 882; x_wconf 93' lang='grc'><strong>,</strong></span> 
     </span>
    </p>
   </div>
   <div class='ocr_carea' id='block_1_22' title="bbox 2145 897 3785 976">
    <p class='ocr_par' dir='ltr' id='par_1_22' title="bbox 2145 897 3785 976">
     <span class='ocr_line' id='line_1_22' title="bbox 2145 897 3785 976; baseline 0.003 -26"><span class='ocrx_word' id='word_1_138' title='bbox 2145 902 2333 972; x_wconf 83' lang='grc' dir='ltr'>πρῶτα</span> <span class='ocrx_word' id='word_1_139' title='bbox 2408 899 2500 970; x_wconf 74' lang='grc' dir='ltr'><strong>μέν</strong></span> <span class='ocrx_word' id='word_1_140' title='bbox 2572 900 2708 973; x_wconf 86' lang='grc' dir='ltr'>πρὸς</span> <span class='ocrx_word' id='word_1_141' title='bbox 2783 899 3074 971; x_wconf 70' lang='grc' dir='ltr'><strong>ἐρωτήσεις</strong></span> <span class='ocrx_word' id='word_1_142' title='bbox 3112 946 3126 968; x_wconf 92' lang='grc'><strong>,</strong></span> <span class='ocrx_word' id='word_1_143' title='bbox 3187 897 3356 972; x_wconf 74' lang='grc' dir='ltr'>μηδὲν</span> <span class='ocrx_word' id='word_1_144' title='bbox 3423 900 3486 954; x_wconf 88' lang='grc' dir='ltr'>τὸ</span> <span class='ocrx_word' id='word_1_145' title='bbox 3535 899 3785 976; x_wconf 86' lang='grc' dir='ltr'>παράπαν</span> 
     </span>
    </p>
   </div>
   <div class='ocr_carea' id='block_1_23' title="bbox 2144 987 3790 1067">
    <p class='ocr_par' dir='ltr' id='par_1_23' title="bbox 2144 987 3790 1067">
     <span class='ocr_line' id='line_1_23' title="bbox 2144 987 3790 1067; baseline 0.002 -27"><span class='ocrx_word' id='word_1_146' title='bbox 2144 987 2539 1061; x_wconf 78' lang='grc' dir='ltr'>προσηκούσας,</span> <span class='ocrx_word' id='word_1_147' title='bbox 2590 987 2859 1064; x_wconf 77' lang='grc' dir='ltr'>ἐτρέπετο”</span> <span class='ocrx_word' id='word_1_148' title='bbox 2907 989 3023 1058; x_wconf 76' lang='grc' dir='ltr'>καὶ,</span> <span class='ocrx_word' id='word_1_149' title='bbox 3056 993 3188 1056; x_wconf 77' lang='grc' dir='ltr'>Ποῦ,</span> <span class='ocrx_word' id='word_1_150' title='bbox 3223 989 3380 1067; x_wconf 83' lang='grc' dir='ltr'>φησὶ,</span> <span class='ocrx_word' id='word_1_151' title='bbox 3410 991 3504 1052; x_wconf 73' lang='grc' dir='ltr'>τὰς</span> <span class='ocrx_word' id='word_1_152' title='bbox 3534 990 3790 1053; x_wconf 74' lang='grc' dir='ltr'>τοιαύτας</span> 
     </span>
    </p>
   </div>
   <div class='ocr_carea' id='block_1_24' title="bbox 2141 1074 3787 1154">
    <p class='ocr_par' dir='ltr' id='par_1_24' title="bbox 2141 1074 3787 1154">
     <span class='ocr_line' id='line_1_24' title="bbox 2141 1074 3787 1154; baseline 0.003 -26"><span class='ocrx_word' id='word_1_153' title='bbox 2141 1075 2230 1129; x_wconf 86' lang='grc' dir='ltr'><strong>καὶ</strong></span> <span class='ocrx_word' id='word_1_154' title='bbox 2257 1075 2588 1147; x_wconf 74' lang='grc' dir='ltr'>τηλικαύτας</span> <span class='ocrx_word' id='word_1_155' title='bbox 2626 1078 2949 1154; x_wconf 82' lang='grc' dir='ltr'>μαγγανείας</span> <span class='ocrx_word' id='word_1_156' title='bbox 2980 1074 3125 1154; x_wconf 79' lang='grc' dir='ltr'>ἔχεις</span> <span class='ocrx_word' id='word_1_157' title='bbox 3159 1079 3491 1153; x_wconf 72' lang='grc' dir='ltr'>μεμαθηκώς</span> <span class='ocrx_word' id='word_1_158' title='bbox 3522 1097 3535 1147; x_wconf 88' lang='grc'><strong>;</strong></span> <span class='ocrx_word' id='word_1_159' title='bbox 3570 1081 3656 1141; x_wconf 86' lang='grc' dir='ltr'><strong>αῖς</strong></span> <span class='ocrx_word' id='word_1_160' title='bbox 3696 1079 3787 1134; x_wconf 85' lang='grc' dir='ltr'><strong>καὶ</strong></span> 
     </span>
    </p>
   </div>
   <div class='ocr_carea' id='block_1_25' title="bbox 2144 1164 3787 1244">
    <p class='ocr_par' dir='ltr' id='par_1_25' title="bbox 2144 1164 3787 1244">
     <span class='ocr_line' id='line_1_25' title="bbox 2144 1164 3787 1244; baseline 0.004 -27"><span class='ocrx_word' id='word_1_161' title='bbox 2144 1166 2430 1238; x_wconf 83' lang='grc' dir='ltr'>χρώμενος</span> <span class='ocrx_word' id='word_1_162' title='bbox 2463 1164 2826 1242; x_wconf 78' lang='grc' dir='ltr'>ἐκδιδράσκεις</span> <span class='ocrx_word' id='word_1_163' title='bbox 2861 1168 2955 1240; x_wconf 77' lang='grc' dir='ltr'><strong>μὶν</strong></span> <span class='ocrx_word' id='word_1_164' title='bbox 3009 1167 3270 1244; x_wconf 78' lang='grc' dir='ltr'>βασάνους</span> <span class='ocrx_word' id='word_1_165' title='bbox 3321 1167 3519 1230; x_wconf 85' lang='grc' dir='ltr'>ὁπόσας</span> <span class='ocrx_word' id='word_1_166' title='bbox 3568 1189 3658 1222; x_wconf 92' lang='grc' dir='ltr'><strong>σοι</strong></span> <span class='ocrx_word' id='word_1_167' title='bbox 3699 1167 3787 1223; x_wconf 84' lang='grc' dir='ltr'>νό-</span> 
     </span>
    </p>
   </div>
   <div class='ocr_carea' id='block_1_26' title="bbox 2147 1253 3783 1334">
    <p class='ocr_par' dir='ltr' id='par_1_26' title="bbox 2147 1253 3783 1334">
     <span class='ocr_line' id='line_1_26' title="bbox 2147 1253 3783 1334; baseline 0.003 -28"><span class='ocrx_word' id='word_1_168' title='bbox 2147 1274 2238 1324; x_wconf 85' lang='grc' dir='ltr'><strong>μοι</strong></span> <span class='ocrx_word' id='word_1_169' title='bbox 2271 1255 2358 1309; x_wconf 77' lang='grc' dir='ltr'><strong>καὶ</strong></span> <span class='ocrx_word' id='word_1_170' title='bbox 2390 1257 2551 1329; x_wconf 78' lang='grc' dir='ltr'>ἡμεῖς</span> <span class='ocrx_word' id='word_1_171' title='bbox 2586 1256 2952 1332; x_wconf 85' lang='grc' dir='ltr'>ἐπηγάγομεν,</span> <span class='ocrx_word' id='word_1_172' title='bbox 3007 1257 3210 1328; x_wconf 83' lang='grc' dir='ltr'>ἐξιστᾷς</span> <span class='ocrx_word' id='word_1_173' title='bbox 3260 1253 3318 1312; x_wconf 83' lang='grc' dir='ltr'><strong>δέ</strong></span> <span class='ocrx_word' id='word_1_174' title='bbox 3364 1258 3454 1312; x_wconf 87' lang='grc' dir='ltr'><strong>καὶ</strong></span> <span class='ocrx_word' id='word_1_175' title='bbox 3495 1255 3622 1318; x_wconf 76' lang='grc' dir='ltr'>τοὺς</span> <span class='ocrx_word' id='word_1_176' title='bbox 3653 1257 3783 1334; x_wconf 83' lang='grc' dir='ltr'>ἀφε-</span> 
     </span>
    </p>
   </div>
   <div class='ocr_carea' id='block_1_27' title="bbox 2143 1340 3783 1422">
    <p class='ocr_par' dir='ltr' id='par_1_27' title="bbox 2143 1340 3783 1422">
     <span class='ocr_line' id='line_1_27' title="bbox 2143 1340 3783 1422; baseline 0.002 -25"><span class='ocrx_word' id='word_1_177' title='bbox 2143 1340 2471 1418; x_wconf 83' lang='grc' dir='ltr'>λεστέρους,</span> <span class='ocrx_word' id='word_1_178' title='bbox 2528 1346 2654 1408; x_wconf 84' lang='grc' dir='ltr'>τοὺς</span> <span class='ocrx_word' id='word_1_179' title='bbox 2717 1343 2774 1401; x_wconf 71' lang='grc' dir='ltr'>δὲ</span> <span class='ocrx_word' id='word_1_180' title='bbox 2845 1345 2934 1400; x_wconf 78' lang='grc' dir='ltr'><strong>καὶ</strong></span> <span class='ocrx_word' id='word_1_181' title='bbox 2999 1347 3256 1422; x_wconf 88' lang='grc' dir='ltr'>παράγεις</span> <span class='ocrx_word' id='word_1_182' title='bbox 3290 1392 3307 1420; x_wconf 85' lang='grc'><strong>,</strong></span> <span class='ocrx_word' id='word_1_183' title='bbox 3365 1344 3591 1418; x_wconf 81' lang='grc' dir='ltr'>Χριστόν</span> <span class='ocrx_word' id='word_1_184' title='bbox 3662 1365 3783 1406; x_wconf 87' lang='grc' dir='ltr'>τινα</span> 
     </span>
    </p>
   </div>
   <div class='ocr_carea' id='block_1_28' title="bbox 2143 1431 3785 1512">
    <p class='ocr_par' dir='ltr' id='par_1_28' title="bbox 2143 1431 3785 1512">
     <span class='ocr_line' id='line_1_28' title="bbox 2143 1431 3785 1512; baseline 0.002 -28"><span class='ocrx_word' id='word_1_185' title='bbox 2143 1431 2300 1503; x_wconf 90' lang='grc' dir='ltr'>μόνον</span> <span class='ocrx_word' id='word_1_186' title='bbox 2356 1431 2745 1508; x_wconf 77' lang='grc' dir='ltr'>καταγγέλλων</span> <span class='ocrx_word' id='word_1_187' title='bbox 2805 1435 2932 1489; x_wconf 83' lang='grc' dir='ltr'>Θεὸν</span> <span class='ocrx_word' id='word_1_188' title='bbox 2970 1479 2984 1504; x_wconf 95' lang='grc'><strong>,</strong></span> <span class='ocrx_word' id='word_1_189' title='bbox 3040 1433 3321 1509; x_wconf 80' lang='grc' dir='ltr'>ἐπίκρυψιν</span> <span class='ocrx_word' id='word_1_190' title='bbox 3383 1437 3567 1512; x_wconf 80' lang='grc' dir='ltr'>σαφῶς</span> <span class='ocrx_word' id='word_1_191' title='bbox 3623 1454 3726 1508; x_wconf 88' lang='grc' dir='ltr'><strong>γοη</strong></span> <span class='ocrx_word' id='word_1_192' title='bbox 3760 1466 3785 1476; x_wconf 89' lang='grc'><strong><em>-</em></strong></span> 
     </span>
    </p>
   </div>
   <div class='ocr_carea' id='block_1_29' title="bbox 2136 1521 3781 1602">
    <p class='ocr_par' dir='ltr' id='par_1_29' title="bbox 2136 1521 3781 1602">
     <span class='ocr_line' id='line_1_29' title="bbox 2136 1521 3781 1602; baseline 0.001 -26"><span class='ocrx_word' id='word_1_193' title='bbox 2136 1521 2280 1583; x_wconf 81' lang='grc' dir='ltr'>τείας</span> <span class='ocrx_word' id='word_1_194' title='bbox 2309 1521 2370 1576; x_wconf 89' lang='grc' dir='ltr'><strong>τό</strong></span> <span class='ocrx_word' id='word_1_195' title='bbox 2417 1522 2722 1602; x_wconf 85' lang='grc' dir='ltr'>πρόσφατον</span> <span class='ocrx_word' id='word_1_196' title='bbox 2779 1527 2939 1580; x_wconf 77' lang='grc' dir='ltr'>τοῦτο</span> <span class='ocrx_word' id='word_1_197' title='bbox 2986 1524 3074 1580; x_wconf 76' lang='grc' dir='ltr'><strong>καὶ</strong></span> <span class='ocrx_word' id='word_1_198' title='bbox 3125 1525 3284 1594; x_wconf 80' lang='grc' dir='ltr'>ἄηθες</span> <span class='ocrx_word' id='word_1_199' title='bbox 3331 1521 3624 1598; x_wconf 75' lang='grc' dir='ltr'>εὑράμενος</span> <span class='ocrx_word' id='word_1_200' title='bbox 3675 1523 3781 1600; x_wconf 79' lang='grc' dir='ltr'>κή-</span> 
     </span>
    </p>
   </div>
   <div class='ocr_carea' id='block_1_30' title="bbox 2139 1629 2336 1686">
    <p class='ocr_par' dir='ltr' id='par_1_30' title="bbox 2139 1629 2336 1686">
     <span class='ocr_line' id='line_1_30' title="bbox 2139 1629 2336 1686; baseline 0.005 -1"><span class='ocrx_word' id='word_1_201' title='bbox 2139 1629 2336 1686; x_wconf 72' lang='grc' dir='ltr'><strong>ρυγμαα</strong></span> 
     </span>
    </p>
   </div>
   <div class='ocr_carea' id='block_1_31' title="bbox 2204 1803 3786 1884">
    <p class='ocr_par' dir='ltr' id='par_1_31' title="bbox 2204 1803 3786 1884">
     <span class='ocr_line' id='line_1_31' title="bbox 2204 1803 3786 1884; baseline 0 -20"><span class='ocrx_word' id='word_1_202' title='bbox 2204 1819 2294 1864; x_wconf 79' lang='grc' dir='ltr'><strong>κ’.</strong></span> <span class='ocrx_word' id='word_1_203' title='bbox 2355 1807 2467 1864; x_wconf 81' lang='grc' dir='ltr'><strong>Εἶθ’</strong></span> <span class='ocrx_word' id='word_1_204' title='bbox 2524 1809 2600 1872; x_wconf 86' lang='grc' dir='ltr'>ὡς</span> <span class='ocrx_word' id='word_1_205' title='bbox 2672 1806 2825 1865; x_wconf 70' lang='grc' dir='ltr'>οὐδὲν</span> <span class='ocrx_word' id='word_1_206' title='bbox 2881 1807 3081 1870; x_wconf 83' lang='grc' dir='ltr'>ἐκεῖνος</span> <span class='ocrx_word' id='word_1_207' title='bbox 3115 1851 3131 1878; x_wconf 99' lang='grc'><strong>,</strong></span> <span class='ocrx_word' id='word_1_208' title='bbox 3189 1809 3326 1884; x_wconf 89' lang='grc' dir='ltr'>πρὸς</span> <span class='ocrx_word' id='word_1_209' title='bbox 3403 1806 3462 1863; x_wconf 81' lang='grc' dir='ltr'>ὃν</span> <span class='ocrx_word' id='word_1_210' title='bbox 3536 1803 3662 1872; x_wconf 66' lang='grc' dir='ltr'>οὐδὲ</span> <span class='ocrx_word' id='word_1_211' title='bbox 3714 1807 3786 1872; x_wconf 69' lang='grc' dir='ltr'>τὰ</span> 
     </span>
    </p>
   </div>
   <div class='ocr_carea' id='block_1_32' title="bbox 392 1874 2022 1993">
    <p class='ocr_par' dir='ltr' id='par_1_32' title="bbox 392 1874 2022 1993">
     <span class='ocr_line' id='line_1_32' title="bbox 392 1874 2022 1969; baseline 0.017 -40"><span class='ocrx_word' id='word_1_212' title='bbox 392 1874 527 1947; x_wconf 84' lang='lat' dir='ltr'><strong>gius</strong></span> <span class='ocrx_word' id='word_1_213' title='bbox 556 1881 804 1948; x_wconf 90' lang='lat' dir='ltr'><strong>censuit,</strong></span> <span class='ocrx_word' id='word_1_214' title='bbox 839 1901 1013 1956; x_wconf 91' lang='lat' dir='ltr'><strong>quem</strong></span> <span class='ocrx_word' id='word_1_215' title='bbox 1065 1888 1192 1960; x_wconf 89' lang='lat' dir='ltr'><strong>ipsa</strong></span> <span class='ocrx_word' id='word_1_216' title='bbox 1237 1874 1411 1965; x_wconf 76' lang='lat' dir='ltr'><strong>opera</strong></span> <span class='ocrx_word' id='word_1_217' title='bbox 1459 1896 1869 1969; x_wconf 88' lang='lat' dir='ltr'><strong>sapientiorem</strong></span> <span class='ocrx_word' id='word_1_218' title='bbox 1911 1915 2022 1954; x_wconf 91' lang='lat' dir='ltr'><strong>non</strong></span> 
     </span>
     <span class='ocr_line' id='line_1_33' title="bbox 392 1964 1840 1993; baseline 0 0"><span class='ocrx_word' id='word_1_219' title='bbox 392 1964 686 1993; x_wconf 68' lang='lat' dir='ltr'><strong>6&#39;.--....-a-</strong></span> <span class='ocrx_word' id='word_1_220' title='bbox 739 1971 958 1993; x_wconf 57' lang='lat' dir='ltr'><strong>.__:__L,</strong></span> <span class='ocrx_word' id='word_1_221' title='bbox 1113 1983 1123 1993; x_wconf 90' lang='lat'><strong><em>.</em></strong></span> <span class='ocrx_word' id='word_1_222' title='bbox 1181 1981 1238 1993; x_wconf 61' lang='grc' dir='ltr'>,υ</span> <span class='ocrx_word' id='word_1_223' title='bbox 1319 1981 1328 1993; x_wconf 93' lang='grc'>.</span> <span class='ocrx_word' id='word_1_224' title='bbox 1375 1983 1409 1993; x_wconf 83' lang='grc'><strong>,.</strong></span> <span class='ocrx_word' id='word_1_225' title='bbox 1829 1989 1840 1993; x_wconf 91' lang='grc'><strong>-</strong></span> 
     </span>
    </p>
   </div>
   <div class='ocr_carea' id='block_1_33' title="bbox 2136 1874 3778 1993">
    <p class='ocr_par' dir='ltr' id='par_1_33' title="bbox 2136 1874 3778 1993">
     <span class='ocr_line' id='line_1_34' title="bbox 2136 1874 3778 1993; baseline -0.001 -41"><span class='ocrx_word' id='word_1_226' title='bbox 2136 1900 2428 1974; x_wconf 90' lang='grc' dir='ltr'>πράγματα</span> <span class='ocrx_word' id='word_1_227' title='bbox 2475 1896 2742 1954; x_wconf 76' lang='grc' dir='ltr'>διδάσκειν</span> <span class='ocrx_word' id='word_1_228' title='bbox 2793 1898 2938 1974; x_wconf 76' lang='grc' dir='ltr'>εἶχεν</span> <span class='ocrx_word' id='word_1_229' title='bbox 2964 1943 2978 1968; x_wconf 94' lang='grc'><strong>,</strong></span> <span class='ocrx_word' id='word_1_230' title='bbox 3019 1874 3190 1993; x_wconf 59' lang='grc' dir='ltr'><strong>⁸ἠξίου</strong></span> <span class='ocrx_word' id='word_1_231' title='bbox 3233 1874 3433 1993; x_wconf 48' lang='grc' dir='ltr'>’δοῦναι</span> <span class='ocrx_word' id='word_1_232' title='bbox 3491 1895 3778 1993; x_wconf 77' lang='grc' dir='ltr'>ἀπόκρισιν</span> 
     </span>
    </p>
   </div>
   <div class='ocr_carea' id='block_1_34' title="bbox 391 1964 2020 2060">
    <p class='ocr_par' dir='ltr' id='par_1_34' title="bbox 391 1964 2020 2060">
     <span class='ocr_line' id='line_1_35' title="bbox 391 1964 2020 2060; baseline 0.015 -42"><span class='ocrx_word' id='word_1_233' title='bbox 391 1964 687 2035; x_wconf 80' lang='lat' dir='ltr'><strong>facerent;</strong></span> <span class='ocrx_word' id='word_1_234' title='bbox 739 1971 996 2031; x_wconf 88' lang='lat' dir='ltr'><strong>minatus</strong></span> <span class='ocrx_word' id='word_1_235' title='bbox 1043 1983 1132 2033; x_wconf 93' lang='lat' dir='ltr'><strong>est</strong></span> <span class='ocrx_word' id='word_1_236' title='bbox 1177 1964 1564 2042; x_wconf 71' lang='lat' dir='ltr'><strong>Diocletianus</strong></span> <span class='ocrx_word' id='word_1_237' title='bbox 1611 2003 1713 2059; x_wconf 92' lang='lat' dir='ltr'><strong>per</strong></span> <span class='ocrx_word' id='word_1_238' title='bbox 1759 1989 2020 2060; x_wconf 91' lang='lat' dir='ltr'><strong>seipsum</strong></span> 
     </span>
    </p>
   </div>
   <div class='ocr_carea' id='block_1_35' title="bbox 385 2055 2013 2139">
    <p class='ocr_par' dir='ltr' id='par_1_35' title="bbox 385 2055 2013 2139">
     <span class='ocr_line' id='line_1_36' title="bbox 385 2055 2013 2139; baseline 0.019 -31"><span class='ocrx_word' id='word_1_239' title='bbox 385 2055 848 2126; x_wconf 79' lang='lat' dir='ltr'><strong>experimentum</strong></span> <span class='ocrx_word' id='word_1_240' title='bbox 879 2080 1129 2139; x_wconf 89' lang='lat' dir='ltr'><strong>sumere,</strong></span> <span class='ocrx_word' id='word_1_241' title='bbox 1162 2074 1360 2128; x_wconf 90' lang='lat' dir='ltr'><strong>utrum</strong></span> <span class='ocrx_word' id='word_1_242' title='bbox 1389 2091 1504 2130; x_wconf 90' lang='lat' dir='ltr'><strong>non</strong></span> <span class='ocrx_word' id='word_1_243' title='bbox 1535 2083 1730 2134; x_wconf 88' lang='lat' dir='ltr'><strong>essent</strong></span> <span class='ocrx_word' id='word_1_244' title='bbox 1758 2079 1858 2136; x_wconf 90' lang='lat' dir='ltr'><strong>illa</strong></span> <span class='ocrx_word' id='word_1_245' title='bbox 1887 2096 2013 2138; x_wconf 89' lang='lat' dir='ltr'><strong>ma-</strong></span> 
     </span>
    </p>
   </div>
   <div class='ocr_carea' id='block_1_36' title="bbox 391 2145 2028 2226">
    <p class='ocr_par' dir='ltr' id='par_1_36' title="bbox 391 2145 2028 2226">
     <span class='ocr_line' id='line_1_37' title="bbox 391 2145 2028 2226; baseline 0.017 -28"><span class='ocrx_word' id='word_1_246' title='bbox 391 2145 534 2216; x_wconf 78' lang='lat' dir='ltr'><strong>gicaa</strong></span> <span class='ocrx_word' id='word_1_247' title='bbox 565 2148 709 2204; x_wconf 90' lang='lat' dir='ltr'><strong>artis</strong></span> <span class='ocrx_word' id='word_1_248' title='bbox 746 2157 1030 2223; x_wconf 87' lang='lat' dir='ltr'><strong>portenta.</strong></span> <span class='ocrx_word' id='word_1_249' title='bbox 1064 2157 1219 2214; x_wconf 88' lang='lat' dir='ltr'><strong>Dixit</strong></span> <span class='ocrx_word' id='word_1_250' title='bbox 1251 2177 1264 2214; x_wconf 88' lang='lat'><strong>:</strong></span> <span class='ocrx_word' id='word_1_251' title='bbox 1312 2167 1369 2218; x_wconf 90' lang='lat' dir='ltr'><strong>et</strong></span> <span class='ocrx_word' id='word_1_252' title='bbox 1398 2167 1733 2222; x_wconf 87' lang='lat' dir='ltr'><strong>cruciatum</strong></span> <span class='ocrx_word' id='word_1_253' title='bbox 1767 2169 2028 2226; x_wconf 89' lang='lat' dir='ltr'><strong>cruciatu</strong></span> 
     </span>
    </p>
   </div>
   <div class='ocr_carea' id='block_1_37' title="bbox 397 2236 2030 2329">
    <p class='ocr_par' dir='ltr' id='par_1_37' title="bbox 397 2236 2030 2329">
     <span class='ocr_line' id='line_1_38' title="bbox 397 2236 2030 2329; baseline 0.017 -41"><span class='ocrx_word' id='word_1_254' title='bbox 397 2236 784 2309; x_wconf 85' lang='lat' dir='ltr'><strong>conjungens,</strong></span> <span class='ocrx_word' id='word_1_255' title='bbox 820 2246 994 2314; x_wconf 87' lang='lat' dir='ltr'><strong>atque</strong></span> <span class='ocrx_word' id='word_1_256' title='bbox 1023 2247 1138 2302; x_wconf 93' lang='lat' dir='ltr'><strong>duo</strong></span> <span class='ocrx_word' id='word_1_257' title='bbox 1167 2248 1343 2306; x_wconf 89' lang='lat' dir='ltr'><strong>simul</strong></span> <span class='ocrx_word' id='word_1_258' title='bbox 1375 2254 1661 2325; x_wconf 91' lang='lat' dir='ltr'><strong>supplicia</strong></span> <span class='ocrx_word' id='word_1_259' title='bbox 1691 2273 2030 2329; x_wconf 84' lang='lat' dir='ltr'><strong>congerens,</strong></span> 
     </span>
    </p>
   </div>
   <div class='ocr_carea' id='block_1_38' title="bbox 391 2327 2027 2412">
    <p class='ocr_par' dir='ltr' id='par_1_38' title="bbox 391 2327 2027 2412">
     <span class='ocr_line' id='line_1_39' title="bbox 391 2327 2027 2412; baseline 0.015 -33"><span class='ocrx_word' id='word_1_260' title='bbox 391 2338 458 2379; x_wconf 88' lang='lat' dir='ltr'><strong>eo</strong></span> <span class='ocrx_word' id='word_1_261' title='bbox 510 2327 664 2397; x_wconf 92' lang='lat' dir='ltr'><strong>quod</strong></span> <span class='ocrx_word' id='word_1_262' title='bbox 715 2328 788 2385; x_wconf 90' lang='lat' dir='ltr'><strong>iis</strong></span> <span class='ocrx_word' id='word_1_263' title='bbox 841 2332 1143 2404; x_wconf 90' lang='lat' dir='ltr'><strong>sigillatim</strong></span> <span class='ocrx_word' id='word_1_264' title='bbox 1196 2340 1279 2394; x_wconf 91' lang='lat' dir='ltr'><strong>uti</strong></span> <span class='ocrx_word' id='word_1_265' title='bbox 1318 2341 1611 2412; x_wconf 87' lang='lat' dir='ltr'><strong>judicaret</strong></span> <span class='ocrx_word' id='word_1_266' title='bbox 1652 2327 2027 2404; x_wconf 73' lang='lat' dir='ltr'><strong>temerarium</strong></span> 
     </span>
    </p>
   </div>
   <div class='ocr_carea' id='block_1_39' title="bbox 395 2415 2028 2508">
    <p class='ocr_par' dir='ltr' id='par_1_39' title="bbox 395 2415 2028 2508">
     <span class='ocr_line' id='line_1_40' title="bbox 395 2415 2028 2508; baseline 0.017 -42"><span class='ocrx_word' id='word_1_267' title='bbox 395 2425 542 2481; x_wconf 88' lang='lat' dir='ltr'><strong>esse,</strong></span> <span class='ocrx_word' id='word_1_268' title='bbox 577 2415 772 2487; x_wconf 85' lang='lat' dir='ltr'><strong>ignem</strong></span> <span class='ocrx_word' id='word_1_269' title='bbox 805 2424 1086 2491; x_wconf 89' lang='lat' dir='ltr'><strong>accendit,</strong></span> <span class='ocrx_word' id='word_1_270' title='bbox 1120 2426 1335 2485; x_wconf 88' lang='lat' dir='ltr'><strong>ferreas</strong></span> <span class='ocrx_word' id='word_1_271' title='bbox 1365 2432 1630 2504; x_wconf 84' lang='lat' dir='ltr'><strong>crepidas</strong></span> <span class='ocrx_word' id='word_1_272' title='bbox 1659 2435 1846 2491; x_wconf 90' lang='lat' dir='ltr'><strong>eidem</strong></span> <span class='ocrx_word' id='word_1_273' title='bbox 1881 2437 2028 2508; x_wconf 89' lang='lat' dir='ltr'><strong>inje-</strong></span> 
     </span>
    </p>
   </div>
   <div class='ocr_carea' id='block_1_40' title="bbox 391 2501 2023 2593">
    <p class='ocr_par' dir='ltr' id='par_1_40' title="bbox 391 2501 2023 2593">
     <span class='ocr_line' id='line_1_41' title="bbox 391 2501 2023 2593; baseline 0.017 -38"><span class='ocrx_word' id='word_1_274' title='bbox 391 2501 490 2570; x_wconf 87' lang='lat' dir='ltr'><strong>cit,</strong></span> <span class='ocrx_word' id='word_1_275' title='bbox 519 2503 795 2578; x_wconf 89' lang='lat' dir='ltr'><strong>ipsasque</strong></span> <span class='ocrx_word' id='word_1_276' title='bbox 823 2508 1012 2582; x_wconf 89' lang='lat' dir='ltr'><strong>longis</strong></span> <span class='ocrx_word' id='word_1_277' title='bbox 1042 2517 1098 2569; x_wconf 91' lang='lat' dir='ltr'><strong>et</strong></span> <span class='ocrx_word' id='word_1_278' title='bbox 1126 2518 1312 2573; x_wconf 90' lang='lat' dir='ltr'><strong>acutis</strong></span> <span class='ocrx_word' id='word_1_279' title='bbox 1341 2501 1520 2577; x_wconf 82' lang='lat' dir='ltr'><strong>clavis</strong></span> <span class='ocrx_word' id='word_1_280' title='bbox 1549 2524 1875 2593; x_wconf 86' lang='lat' dir='ltr'><strong>transﬁxit;</strong></span> <span class='ocrx_word' id='word_1_281' title='bbox 1910 2501 2023 2593; x_wconf 68' lang='lat' dir='ltr'><strong>his,</strong></span> 
     </span>
    </p>
   </div>
   <div class='ocr_carea' id='block_1_41' title="bbox 390 2595 2023 2687">
    <p class='ocr_par' dir='ltr' id='par_1_41' title="bbox 390 2595 2023 2687">
     <span class='ocr_line' id='line_1_42' title="bbox 390 2595 2023 2687; baseline 0.017 -41"><span class='ocrx_word' id='word_1_282' title='bbox 390 2595 673 2664; x_wconf 81' lang='lat' dir='ltr'><strong>tanquam</strong></span> <span class='ocrx_word' id='word_1_283' title='bbox 704 2599 1142 2669; x_wconf 86' lang='lat' dir='ltr'><strong>perfectissimis</strong></span> <span class='ocrx_word' id='word_1_284' title='bbox 1184 2609 1389 2664; x_wconf 90' lang='lat' dir='ltr'><strong>mortis</strong></span> <span class='ocrx_word' id='word_1_285' title='bbox 1432 2608 1674 2682; x_wconf 87' lang='lat' dir='ltr'><strong>laqueis,</strong></span> <span class='ocrx_word' id='word_1_286' title='bbox 1711 2614 2023 2687; x_wconf 81' lang='lat' dir='ltr'><strong>Martyrem</strong></span> 
     </span>
    </p>
   </div>
   <div class='ocr_carea' id='block_1_42' title="bbox 391 2680 2024 2761">
    <p class='ocr_par' dir='ltr' id='par_1_42' title="bbox 391 2680 2024 2761">
     <span class='ocr_line' id='line_1_43' title="bbox 391 2680 2024 2761; baseline 0.016 -26"><span class='ocrx_word' id='word_1_287' title='bbox 391 2680 662 2741; x_wconf 89' lang='lat' dir='ltr'><strong>induens.</strong></span> <span class='ocrx_word' id='word_1_288' title='bbox 726 2687 850 2758; x_wconf 90' lang='lat' dir='ltr'><strong>lpse</strong></span> <span class='ocrx_word' id='word_1_289' title='bbox 907 2696 1124 2758; x_wconf 90' lang='lat' dir='ltr'><strong>autem,</strong></span> <span class='ocrx_word' id='word_1_290' title='bbox 1173 2696 1316 2751; x_wconf 88' lang='lat' dir='ltr'><strong>nihil</strong></span> <span class='ocrx_word' id='word_1_291' title='bbox 1372 2699 1442 2754; x_wconf 90' lang='lat' dir='ltr'><strong>ad</strong></span> <span class='ocrx_word' id='word_1_292' title='bbox 1498 2680 1618 2756; x_wconf 69' lang='lat' dir='ltr'><strong>haec</strong></span> <span class='ocrx_word' id='word_1_293' title='bbox 1673 2680 2024 2761; x_wconf 67' lang='lat' dir='ltr'><strong>conterritus</strong></span> 
     </span>
    </p>
   </div>
   <div class='ocr_carea' id='block_1_43' title="bbox 391 2769 2024 2864">
    <p class='ocr_par' dir='ltr' id='par_1_43' title="bbox 391 2769 2024 2864">
     <span class='ocr_line' id='line_1_44' title="bbox 391 2769 2024 2864; baseline 0.017 -41"><span class='ocrx_word' id='word_1_294' title='bbox 391 2769 562 2840; x_wconf 84' lang='lat' dir='ltr'><strong>(quod</strong></span> <span class='ocrx_word' id='word_1_295' title='bbox 594 2773 764 2830; x_wconf 87' lang='lat' dir='ltr'><strong>nobis</strong></span> <span class='ocrx_word' id='word_1_296' title='bbox 803 2779 888 2832; x_wconf 87' lang='lat' dir='ltr'><strong>vel</strong></span> <span class='ocrx_word' id='word_1_297' title='bbox 933 2795 1001 2835; x_wconf 83' lang='lat' dir='ltr'><strong>ex</strong></span> <span class='ocrx_word' id='word_1_298' title='bbox 1043 2782 1166 2838; x_wconf 91' lang='lat' dir='ltr'><strong>solo</strong></span> <span class='ocrx_word' id='word_1_299' title='bbox 1199 2785 1400 2841; x_wconf 91' lang='lat' dir='ltr'><strong>auditu</strong></span> <span class='ocrx_word' id='word_1_300' title='bbox 1431 2790 1721 2860; x_wconf 90' lang='lat' dir='ltr'><strong>usuvenit,</strong></span> <span class='ocrx_word' id='word_1_301' title='bbox 1757 2794 2024 2864; x_wconf 88' lang='lat' dir='ltr'><strong>quamvis</strong></span> 
     </span>
    </p>
   </div>
   <div class='ocr_carea' id='block_1_44' title="bbox 387 2858 2024 2952">
    <p class='ocr_par' dir='ltr' id='par_1_44' title="bbox 387 2858 2024 2952">
     <span class='ocr_line' id='line_1_45' title="bbox 387 2858 2024 2952; baseline 0.016 -39"><span class='ocrx_word' id='word_1_302' title='bbox 387 2858 461 2914; x_wconf 88' lang='lat' dir='ltr'><strong>ab</strong></span> <span class='ocrx_word' id='word_1_303' title='bbox 509 2863 858 2933; x_wconf 87' lang='lat' dir='ltr'><strong>experientia</strong></span> <span class='ocrx_word' id='word_1_304' title='bbox 909 2872 1024 2924; x_wconf 87' lang='lat' dir='ltr'><strong>tam</strong></span> <span class='ocrx_word' id='word_1_305' title='bbox 1069 2870 1238 2945; x_wconf 85' lang='lat' dir='ltr'><strong>longe</strong></span> <span class='ocrx_word' id='word_1_306' title='bbox 1287 2877 1566 2947; x_wconf 89' lang='lat' dir='ltr'><strong>remotis),</strong></span> <span class='ocrx_word' id='word_1_307' title='bbox 1600 2858 1792 2952; x_wconf 75' lang='lat' dir='ltr'><strong>neque</strong></span> <span class='ocrx_word' id='word_1_308' title='bbox 1837 2883 1909 2938; x_wconf 91' lang='lat' dir='ltr'><strong>ab</strong></span> <span class='ocrx_word' id='word_1_309' title='bbox 1958 2899 2024 2939; x_wconf 89' lang='lat' dir='ltr'><strong>ea</strong></span> 
     </span>
    </p>
   </div>
   <div class='ocr_carea' id='block_1_45' title="bbox 389 2950 2026 3038">
    <p class='ocr_par' dir='ltr' id='par_1_45' title="bbox 389 2950 2026 3038">
     <span class='ocr_line' id='line_1_46' title="bbox 389 2950 2026 3038; baseline 0.015 -35"><span class='ocrx_word' id='word_1_310' title='bbox 389 2950 757 3020; x_wconf 82' lang='lat' dir='ltr'><strong>confidentia,</strong></span> <span class='ocrx_word' id='word_1_311' title='bbox 784 2972 960 3026; x_wconf 91' lang='lat' dir='ltr'><strong>quam</strong></span> <span class='ocrx_word' id='word_1_312' title='bbox 984 2957 1043 3014; x_wconf 89' lang='lat' dir='ltr'><strong>in</strong></span> <span class='ocrx_word' id='word_1_313' title='bbox 1067 2961 1351 3035; x_wconf 91' lang='lat' dir='ltr'><strong>principio</strong></span> <span class='ocrx_word' id='word_1_314' title='bbox 1378 2982 1481 3036; x_wconf 90' lang='lat' dir='ltr'><strong>pro</strong></span> <span class='ocrx_word' id='word_1_315' title='bbox 1507 2950 1718 3038; x_wconf 82' lang='lat' dir='ltr'><strong>pietate</strong></span> <span class='ocrx_word' id='word_1_316' title='bbox 1739 2976 2026 3027; x_wconf 89' lang='lat' dir='ltr'><strong>monstra-</strong></span> 
     </span>
    </p>
   </div>
   <div class='ocr_carea' id='block_1_46' title="bbox 387 3041 2024 3132">
    <p class='ocr_par' dir='ltr' id='par_1_46' title="bbox 387 3041 2024 3132">
     <span class='ocr_line' id='line_1_47' title="bbox 387 3041 2024 3132; baseline 0.015 -41"><span class='ocrx_word' id='word_1_317' title='bbox 387 3042 566 3107; x_wconf 89' lang='lat' dir='ltr'><strong>verat,</strong></span> <span class='ocrx_word' id='word_1_318' title='bbox 600 3041 923 3114; x_wconf 88' lang='lat' dir='ltr'><strong>quidquam</strong></span> <span class='ocrx_word' id='word_1_319' title='bbox 954 3047 1305 3118; x_wconf 90' lang='lat' dir='ltr'><strong>desciscens,</strong></span> <span class='ocrx_word' id='word_1_320' title='bbox 1340 3055 1440 3109; x_wconf 90' lang='lat' dir='ltr'><strong>sed</strong></span> <span class='ocrx_word' id='word_1_321' title='bbox 1492 3057 1795 3126; x_wconf 74' lang='lat' dir='ltr'><strong>quazstioni</strong></span> <span class='ocrx_word' id='word_1_322' title='bbox 1840 3060 2024 3132; x_wconf 91' lang='lat' dir='ltr'><strong>appli-</strong></span> 
     </span>
    </p>
   </div>
   <div class='ocr_carea' id='block_1_47' title="bbox 390 3125 2022 3220">
    <p class='ocr_par' dir='ltr' id='par_1_47' title="bbox 390 3125 2022 3220">
     <span class='ocr_line' id='line_1_48' title="bbox 390 3125 2022 3220; baseline 0.015 -39"><span class='ocrx_word' id='word_1_323' title='bbox 390 3125 560 3195; x_wconf 88' lang='lat' dir='ltr'><strong>citus,</strong></span> <span class='ocrx_word' id='word_1_324' title='bbox 609 3131 966 3203; x_wconf 87' lang='lat' dir='ltr'><strong>verberatus,</strong></span> <span class='ocrx_word' id='word_1_325' title='bbox 1017 3137 1304 3211; x_wconf 87' lang='lat' dir='ltr'><strong>pulsatus,</strong></span> <span class='ocrx_word' id='word_1_326' title='bbox 1358 3125 1546 3216; x_wconf 84' lang='lat' dir='ltr'><strong>magis</strong></span> <span class='ocrx_word' id='word_1_327' title='bbox 1601 3146 1792 3203; x_wconf 87' lang='lat' dir='ltr'><strong>alacer</strong></span> <span class='ocrx_word' id='word_1_328' title='bbox 1845 3125 2022 3220; x_wconf 70' lang='lat' dir='ltr'><strong>quam</strong></span> 
     </span>
    </p>
   </div>
   <div class='ocr_carea' id='block_1_48' title="bbox 390 3217 2020 3306">
    <p class='ocr_par' dir='ltr' id='par_1_48' title="bbox 390 3217 2020 3306">
     <span class='ocr_line' id='line_1_49' title="bbox 390 3217 2020 3306; baseline 0.014 -34"><span class='ocrx_word' id='word_1_329' title='bbox 390 3217 703 3276; x_wconf 86' lang='lat' dir='ltr'><strong>advenerat</strong></span> <span class='ocrx_word' id='word_1_330' title='bbox 731 3221 788 3277; x_wconf 92' lang='lat' dir='ltr'><strong>in</strong></span> <span class='ocrx_word' id='word_1_331' title='bbox 828 3239 1117 3282; x_wconf 90' lang='lat' dir='ltr'><strong>carcerem</strong></span> <span class='ocrx_word' id='word_1_332' title='bbox 1147 3229 1356 3298; x_wconf 87' lang='lat' dir='ltr'><strong>rediit;</strong></span> <span class='ocrx_word' id='word_1_333' title='bbox 1389 3250 1760 3306; x_wconf 90' lang='lat' dir='ltr'><strong>nequaquam</strong></span> <span class='ocrx_word' id='word_1_334' title='bbox 1785 3237 2020 3294; x_wconf 88' lang='lat' dir='ltr'><strong>interim</strong></span> 
     </span>
    </p>
   </div>
   <div class='ocr_carea' id='block_1_49' title="bbox 389 3304 2020 3382">
    <p class='ocr_par' dir='ltr' id='par_1_49' title="bbox 389 3304 2020 3382">
     <span class='ocr_line' id='line_1_50' title="bbox 389 3304 2020 3382; baseline 0.014 -22"><span class='ocrx_word' id='word_1_335' title='bbox 389 3304 450 3360; x_wconf 91' lang='lat' dir='ltr'><strong>in</strong></span> <span class='ocrx_word' id='word_1_336' title='bbox 489 3307 581 3364; x_wconf 92' lang='lat' dir='ltr'><strong>his</strong></span> <span class='ocrx_word' id='word_1_337' title='bbox 631 3311 906 3369; x_wconf 91' lang='lat' dir='ltr'><strong>omnibus</strong></span> <span class='ocrx_word' id='word_1_338' title='bbox 952 3315 1240 3374; x_wconf 90' lang='lat' dir='ltr'><strong>desistens</strong></span> <span class='ocrx_word' id='word_1_339' title='bbox 1287 3321 1359 3377; x_wconf 92' lang='lat' dir='ltr'><strong>ab</strong></span> <span class='ocrx_word' id='word_1_340' title='bbox 1407 3304 1664 3380; x_wconf 80' lang='lat' dir='ltr'><strong>oratione</strong></span> <span class='ocrx_word' id='word_1_341' title='bbox 1717 3326 1789 3380; x_wconf 93' lang='lat' dir='ltr'><strong>ad</strong></span> <span class='ocrx_word' id='word_1_342' title='bbox 1838 3326 2020 3382; x_wconf 90' lang='lat' dir='ltr'><strong>Deum</strong></span> 
     </span>
    </p>
   </div>
   <div class='ocr_carea' id='block_1_50' title="bbox 388 3395 2022 3487">
    <p class='ocr_par' dir='ltr' id='par_1_50' title="bbox 388 3395 2022 3487">
     <span class='ocr_line' id='line_1_51' title="bbox 388 3395 2022 3487; baseline 0.015 -38"><span class='ocrx_word' id='word_1_343' title='bbox 388 3395 671 3454; x_wconf 86' lang='lat' dir='ltr'><strong>facienda.</strong></span> <span class='ocrx_word' id='word_1_344' title='bbox 719 3400 782 3455; x_wconf 92' lang='lat' dir='ltr'><strong>In</strong></span> <span class='ocrx_word' id='word_1_345' title='bbox 837 3401 960 3458; x_wconf 90' lang='lat' dir='ltr'><strong>solo</strong></span> <span class='ocrx_word' id='word_1_346' title='bbox 1012 3405 1166 3462; x_wconf 86' lang='lat' dir='ltr'><strong>enim</strong></span> <span class='ocrx_word' id='word_1_347' title='bbox 1217 3407 1377 3465; x_wconf 79' lang='lat' dir='ltr'><strong>illius</strong></span> <span class='ocrx_word' id='word_1_348' title='bbox 1429 3411 1668 3482; x_wconf 89' lang='lat' dir='ltr'><strong>intuitu,</strong></span> <span class='ocrx_word' id='word_1_349' title='bbox 1712 3415 1810 3487; x_wconf 90' lang='lat' dir='ltr'><strong>qui</strong></span> <span class='ocrx_word' id='word_1_350' title='bbox 1861 3415 2022 3473; x_wconf 89' lang='lat' dir='ltr'><strong>solus</strong></span> 
     </span>
    </p>
   </div>
   <div class='ocr_carea' id='block_1_51' title="bbox 387 3482 2022 3562">
    <p class='ocr_par' dir='ltr' id='par_1_51' title="bbox 387 3482 2022 3562">
     <span class='ocr_line' id='line_1_52' title="bbox 387 3482 2022 3562; baseline 0.015 -25"><span class='ocrx_word' id='word_1_351' title='bbox 387 3482 708 3543; x_wconf 87' lang='lat' dir='ltr'><strong>immobilis</strong></span> <span class='ocrx_word' id='word_1_352' title='bbox 753 3494 862 3557; x_wconf 91' lang='lat' dir='ltr'><strong>est,</strong></span> <span class='ocrx_word' id='word_1_353' title='bbox 906 3491 1314 3552; x_wconf 82' lang='lat' dir='ltr'><strong>alienationem</strong></span> <span class='ocrx_word' id='word_1_354' title='bbox 1365 3500 1543 3555; x_wconf 90' lang='lat' dir='ltr'><strong>animi</strong></span> <span class='ocrx_word' id='word_1_355' title='bbox 1591 3519 1624 3556; x_wconf 94' lang='lat' dir='ltr'><strong>a</strong></span> <span class='ocrx_word' id='word_1_356' title='bbox 1669 3503 2022 3562; x_wconf 90' lang='lat' dir='ltr'><strong>cruciatibus</strong></span> 
     </span>
    </p>
   </div>
   <div class='ocr_carea' id='block_1_52' title="bbox 387 3577 2020 3666">
    <p class='ocr_par' dir='ltr' id='par_1_52' title="bbox 387 3577 2020 3666">
     <span class='ocr_line' id='line_1_53' title="bbox 387 3577 2020 3666; baseline 0.014 -40"><span class='ocrx_word' id='word_1_357' title='bbox 387 3577 725 3646; x_wconf 69' lang='lat' dir='ltr'><strong>naturaeque</strong></span> <span class='ocrx_word' id='word_1_358' title='bbox 757 3578 1226 3651; x_wconf 86' lang='lat' dir='ltr'><strong>depravationem</strong></span> <span class='ocrx_word' id='word_1_359' title='bbox 1259 3586 1536 3657; x_wconf 87' lang='lat' dir='ltr'><strong>sistebat;</strong></span> <span class='ocrx_word' id='word_1_360' title='bbox 1583 3595 1639 3646; x_wconf 91' lang='lat' dir='ltr'><strong>et</strong></span> <span class='ocrx_word' id='word_1_361' title='bbox 1683 3590 1840 3647; x_wconf 89' lang='lat' dir='ltr'><strong>intra</strong></span> <span class='ocrx_word' id='word_1_362' title='bbox 1869 3594 2020 3666; x_wconf 90' lang='lat' dir='ltr'><strong>seip-</strong></span> 
     </span>
    </p>
   </div>
   <div class='ocr_carea' id='block_1_53' title="bbox 386 3662 2020 3753">
    <p class='ocr_par' dir='ltr' id='par_1_53' title="bbox 386 3662 2020 3753">
     <span class='ocr_line' id='line_1_54' title="bbox 386 3662 2020 3753; baseline 0.015 -39"><span class='ocrx_word' id='word_1_363' title='bbox 386 3677 513 3716; x_wconf 89' lang='lat' dir='ltr'><strong>sam</strong></span> <span class='ocrx_word' id='word_1_364' title='bbox 561 3662 887 3722; x_wconf 90' lang='lat' dir='ltr'><strong>inordidate</strong></span> <span class='ocrx_word' id='word_1_365' title='bbox 939 3677 1311 3745; x_wconf 89' lang='lat' dir='ltr'><strong>commotam,</strong></span> <span class='ocrx_word' id='word_1_366' title='bbox 1355 3677 1901 3753; x_wconf 88' lang='lat' dir='ltr'><strong>periclitantemque</strong></span> <span class='ocrx_word' id='word_1_367' title='bbox 1949 3698 2020 3738; x_wconf 90' lang='lat' dir='ltr'><strong>ne</strong></span> 
     </span>
    </p>
   </div>
   <div class='ocr_carea' id='block_1_54' title="bbox 387 3749 2016 3842">
    <p class='ocr_par' dir='ltr' id='par_1_54' title="bbox 387 3749 2016 3842">
     <span class='ocr_line' id='line_1_55' title="bbox 387 3749 2016 3842; baseline 0.014 -38"><span class='ocrx_word' id='word_1_368' title='bbox 387 3749 678 3819; x_wconf 90' lang='lat' dir='ltr'><strong>deﬁceret,</strong></span> <span class='ocrx_word' id='word_1_369' title='bbox 703 3755 1053 3826; x_wconf 89' lang='lat' dir='ltr'><strong>reducebat;</strong></span> <span class='ocrx_word' id='word_1_370' title='bbox 1083 3763 1387 3820; x_wconf 87' lang='lat' dir='ltr'><strong>manifeste</strong></span> <span class='ocrx_word' id='word_1_371' title='bbox 1410 3749 1840 3838; x_wconf 77' lang='lat' dir='ltr'><strong>demonstrans,</strong></span> <span class='ocrx_word' id='word_1_372' title='bbox 1865 3773 2016 3842; x_wconf 91' lang='lat' dir='ltr'><strong>quod</strong></span> 
     </span>
    </p>
   </div>
   <div class='ocr_carea' id='block_1_55' title="bbox 388 3835 2022 3931">
    <p class='ocr_par' dir='ltr' id='par_1_55' title="bbox 388 3835 2022 3931">
     <span class='ocr_line' id='line_1_56' title="bbox 388 3835 2022 3931; baseline 0.015 -39"><span class='ocrx_word' id='word_1_373' title='bbox 388 3835 524 3893; x_wconf 88' lang='lat' dir='ltr'><strong>licet</strong></span> <span class='ocrx_word' id='word_1_374' title='bbox 568 3845 871 3914; x_wconf 84' lang='lat' dir='ltr'><strong>tyrannus,</strong></span> <span class='ocrx_word' id='word_1_375' title='bbox 919 3846 1036 3904; x_wconf 90' lang='lat' dir='ltr'><strong>imo</strong></span> <span class='ocrx_word' id='word_1_376' title='bbox 1093 3849 1357 3909; x_wconf 88' lang='lat' dir='ltr'><strong>homines</strong></span> <span class='ocrx_word' id='word_1_377' title='bbox 1414 3856 1688 3926; x_wconf 89' lang='lat' dir='ltr'><strong>universi,</strong></span> <span class='ocrx_word' id='word_1_378' title='bbox 1747 3875 2022 3931; x_wconf 86' lang='lat' dir='ltr'><strong>superare</strong></span> 
     </span>
    </p>
   </div>
   <div class='ocr_carea' id='block_1_56' title="bbox 387 3928 2020 4004">
    <p class='ocr_par' dir='ltr' id='par_1_56' title="bbox 387 3928 2020 4004">
     <span class='ocr_line' id='line_1_57' title="bbox 387 3928 2020 4004; baseline 0.014 -22"><span class='ocrx_word' id='word_1_379' title='bbox 387 3928 551 3999; x_wconf 70' lang='lat' dir='ltr'><strong>eum]</strong></span> <span class='ocrx_word' id='word_1_380' title='bbox 575 3933 1008 4001; x_wconf 89' lang='lat' dir='ltr'><strong>contenderent,</strong></span> <span class='ocrx_word' id='word_1_381' title='bbox 1054 3937 1112 3992; x_wconf 91' lang='lat' dir='ltr'><strong>in</strong></span> <span class='ocrx_word' id='word_1_382' title='bbox 1162 3955 1376 3997; x_wconf 90' lang='lat' dir='ltr'><strong>vanum</strong></span> <span class='ocrx_word' id='word_1_383' title='bbox 1426 3943 1754 4002; x_wconf 87' lang='lat' dir='ltr'><strong>laborantes</strong></span> <span class='ocrx_word' id='word_1_384' title='bbox 1805 3928 2020 4004; x_wconf 66' lang='lat' dir='ltr'><strong>refuta-</strong></span> 
     </span>
    </p>
   </div>
   <div class='ocr_carea' id='block_1_57' title="bbox 384 4020 2020 4094">
    <p class='ocr_par' dir='ltr' id='par_1_57' title="bbox 384 4020 2020 4094">
     <span class='ocr_line' id='line_1_58' title="bbox 384 4020 2020 4094; baseline 0.015 -24"><span class='ocrx_word' id='word_1_385' title='bbox 384 4020 608 4085; x_wconf 90' lang='lat' dir='ltr'><strong>rentur,</strong></span> <span class='ocrx_word' id='word_1_386' title='bbox 641 4022 874 4090; x_wconf 90' lang='lat' dir='ltr'><strong>quando</strong></span> <span class='ocrx_word' id='word_1_387' title='bbox 907 4038 1040 4080; x_wconf 91' lang='lat' dir='ltr'><strong>eum</strong></span> <span class='ocrx_word' id='word_1_388' title='bbox 1085 4025 1328 4086; x_wconf 88' lang='lat' dir='ltr'><strong>liberare</strong></span> <span class='ocrx_word' id='word_1_389' title='bbox 1378 4031 1550 4088; x_wconf 89' lang='lat' dir='ltr'><strong>vellet</strong></span> <span class='ocrx_word' id='word_1_390' title='bbox 1595 4033 1778 4090; x_wconf 87' lang='lat' dir='ltr'><strong>virtus</strong></span> <span class='ocrx_word' id='word_1_391' title='bbox 1825 4053 1860 4091; x_wconf 92' lang='lat' dir='ltr'><strong>a</strong></span> <span class='ocrx_word' id='word_1_392' title='bbox 1906 4037 2020 4094; x_wconf 88' lang='lat' dir='ltr'><strong>Deo</strong></span> 
     </span>
    </p>
   </div>
   <div class='ocr_carea' id='block_1_58' title="bbox 384 4107 724 4177">
    <p class='ocr_par' dir='ltr' id='par_1_58' title="bbox 384 4107 724 4177">
     <span class='ocr_line' id='line_1_59' title="bbox 384 4107 724 4177; baseline 0.012 -17"><span class='ocrx_word' id='word_1_393' title='bbox 384 4107 724 4177; x_wconf 86' lang='lat' dir='ltr'><strong>procedens.</strong></span> 
     </span>
    </p>
   </div>
   <div class='ocr_carea' id='block_1_59' title="bbox 449 4215 2018 4304">
    <p class='ocr_par' dir='ltr' id='par_1_59' title="bbox 449 4215 2018 4304">
     <span class='ocr_line' id='line_1_60' title="bbox 449 4215 2018 4304; baseline 0.014 -36"><span class='ocrx_word' id='word_1_394' title='bbox 449 4215 539 4270; x_wconf 84' lang='lat'><strong>21.</strong></span> <span class='ocrx_word' id='word_1_395' title='bbox 571 4217 760 4288; x_wconf 88' lang='lat' dir='ltr'><strong>Atque</strong></span> <span class='ocrx_word' id='word_1_396' title='bbox 791 4217 872 4274; x_wconf 90' lang='lat' dir='ltr'><strong>ita</strong></span> <span class='ocrx_word' id='word_1_397' title='bbox 901 4236 964 4275; x_wconf 90' lang='lat' dir='ltr'><strong>se</strong></span> <span class='ocrx_word' id='word_1_398' title='bbox 992 4219 1323 4282; x_wconf 90' lang='lat' dir='ltr'><strong>habuerunt</strong></span> <span class='ocrx_word' id='word_1_399' title='bbox 1353 4241 1420 4282; x_wconf 93' lang='lat' dir='ltr'><strong>ea</strong></span> <span class='ocrx_word' id='word_1_400' title='bbox 1457 4244 1584 4300; x_wconf 63' lang='lat' dir='ltr'><strong>qua:</strong></span> <span class='ocrx_word' id='word_1_401' title='bbox 1616 4229 1771 4287; x_wconf 87' lang='lat' dir='ltr'><strong>circa</strong></span> <span class='ocrx_word' id='word_1_402' title='bbox 1798 4231 2018 4304; x_wconf 84' lang='lat' dir='ltr'><strong>Marty-</strong></span> 
     </span>
    </p>
   </div>
   <div class='ocr_carea' id='block_1_60' title="bbox 382 4304 2022 4389">
    <p class='ocr_par' dir='ltr' id='par_1_60' title="bbox 382 4304 2022 4389">
     <span class='ocr_line' id='line_1_61' title="bbox 382 4304 2022 4389; baseline 0.013 -33"><span class='ocrx_word' id='word_1_403' title='bbox 382 4317 506 4358; x_wconf 89' lang='lat' dir='ltr'><strong>rem</strong></span> <span class='ocrx_word' id='word_1_404' title='bbox 538 4304 688 4374; x_wconf 57' lang='lat' dir='ltr'><strong>jacta</strong></span> <span class='ocrx_word' id='word_1_405' title='bbox 735 4311 918 4363; x_wconf 91' lang='lat' dir='ltr'><strong>sunt:</strong></span> <span class='ocrx_word' id='word_1_406' title='bbox 971 4311 1170 4382; x_wconf 89' lang='lat' dir='ltr'><strong>gravia</strong></span> <span class='ocrx_word' id='word_1_407' title='bbox 1215 4313 1341 4370; x_wconf 89' lang='lat' dir='ltr'><strong>sine</strong></span> <span class='ocrx_word' id='word_1_408' title='bbox 1384 4317 1574 4386; x_wconf 90' lang='lat' dir='ltr'><strong>quoad</strong></span> <span class='ocrx_word' id='word_1_409' title='bbox 1619 4319 1931 4389; x_wconf 89' lang='lat' dir='ltr'><strong>cruciatus,</strong></span> <span class='ocrx_word' id='word_1_410' title='bbox 1965 4326 2022 4377; x_wconf 92' lang='lat' dir='ltr'><strong>et</strong></span> 
     </span>
    </p>
   </div>
   <div class='ocr_carea' id='block_1_61' title="bbox 384 4391 2018 4472">
    <p class='ocr_par' dir='ltr' id='par_1_61' title="bbox 384 4391 2018 4472">
     <span class='ocr_line' id='line_1_62' title="bbox 384 4391 2018 4472; baseline 0.013 -28"><span class='ocrx_word' id='word_1_411' title='bbox 384 4391 518 4462; x_wconf 90' lang='lat' dir='ltr'><strong>plus</strong></span> <span class='ocrx_word' id='word_1_412' title='bbox 538 4408 716 4464; x_wconf 91' lang='lat' dir='ltr'><strong>quam</strong></span> <span class='ocrx_word' id='word_1_413' title='bbox 739 4397 973 4467; x_wconf 89' lang='lat' dir='ltr'><strong>gravia:</strong></span> <span class='ocrx_word' id='word_1_414' title='bbox 1006 4399 1140 4472; x_wconf 90' lang='lat' dir='ltr'><strong>quis</strong></span> <span class='ocrx_word' id='word_1_415' title='bbox 1163 4402 1318 4458; x_wconf 91' lang='lat' dir='ltr'><strong>enim</strong></span> <span class='ocrx_word' id='word_1_416' title='bbox 1342 4421 1453 4460; x_wconf 91' lang='lat' dir='ltr'><strong>non</strong></span> <span class='ocrx_word' id='word_1_417' title='bbox 1477 4407 1684 4462; x_wconf 85' lang='lat' dir='ltr'><strong>dixerit</strong></span> <span class='ocrx_word' id='word_1_418' title='bbox 1707 4408 1792 4464; x_wconf 90' lang='lat' dir='ltr'><strong>vel</strong></span> <span class='ocrx_word' id='word_1_419' title='bbox 1817 4409 2018 4465; x_wconf 88' lang='lat' dir='ltr'><strong>auditu</strong></span> 
     </span>
    </p>
   </div>
   <div class='ocr_carea' id='block_1_62' title="bbox 382 4477 2021 4570">
    <p class='ocr_par' dir='ltr' id='par_1_62' title="bbox 382 4477 2021 4570">
     <span class='ocr_line' id='line_1_63' title="bbox 382 4477 2021 4570; baseline 0.012 -37"><span class='ocrx_word' id='word_1_420' title='bbox 382 4477 770 4538; x_wconf 86' lang='lat' dir='ltr'><strong>intolerabilia</strong></span> <span class='ocrx_word' id='word_1_421' title='bbox 819 4487 995 4542; x_wconf 88' lang='lat' dir='ltr'><strong>esse?</strong></span> <span class='ocrx_word' id='word_1_422' title='bbox 1041 4489 1151 4546; x_wconf 90' lang='lat' dir='ltr'><strong>Sed</strong></span> <span class='ocrx_word' id='word_1_423' title='bbox 1200 4493 1424 4562; x_wconf 89' lang='lat' dir='ltr'><strong>majora</strong></span> <span class='ocrx_word' id='word_1_424' title='bbox 1469 4511 1500 4550; x_wconf 85' lang='grc' dir='ltr'><strong>θ</strong></span> <span class='ocrx_word' id='word_1_425' title='bbox 1547 4501 1749 4552; x_wconf 87' lang='lat' dir='ltr'><strong>contra</strong></span> <span class='ocrx_word' id='word_1_426' title='bbox 1796 4503 2021 4570; x_wconf 85' lang='lat' dir='ltr'><strong>oportet</strong></span> 
     </span>
    </p>
   </div>
   <div class='ocr_carea' id='block_1_63' title="bbox 383 4568 2022 4658">
    <p class='ocr_par' dir='ltr' id='par_1_63' title="bbox 383 4568 2022 4658">
     <span class='ocr_line' id='line_1_64' title="bbox 383 4568 2022 4658; baseline 0.013 -36"><span class='ocrx_word' id='word_1_427' title='bbox 383 4568 565 4626; x_wconf 87' lang='lat' dir='ltr'><strong>fuisse</strong></span> <span class='ocrx_word' id='word_1_428' title='bbox 595 4587 681 4641; x_wconf 89' lang='lat' dir='ltr'><strong>ea,</strong></span> <span class='ocrx_word' id='word_1_429' title='bbox 710 4590 840 4644; x_wconf 68' lang='lat' dir='ltr'><strong>quae</strong></span> <span class='ocrx_word' id='word_1_430' title='bbox 872 4593 972 4646; x_wconf 93' lang='lat' dir='ltr'><strong>pro</strong></span> <span class='ocrx_word' id='word_1_431' title='bbox 1003 4576 1189 4649; x_wconf 89' lang='lat' dir='ltr'><strong>ipsius</strong></span> <span class='ocrx_word' id='word_1_432' title='bbox 1220 4581 1552 4639; x_wconf 78' lang='lat' dir='ltr'><strong>defensione</strong></span> <span class='ocrx_word' id='word_1_433' title='bbox 1582 4590 1720 4640; x_wconf 91' lang='lat' dir='ltr'><strong>sunt</strong></span> <span class='ocrx_word' id='word_1_434' title='bbox 1749 4568 1932 4658; x_wconf 82' lang='lat' dir='ltr'><strong>gesta,</strong></span> <span class='ocrx_word' id='word_1_435' title='bbox 1957 4591 2022 4642; x_wconf 88' lang='lat' dir='ltr'><strong>ut</strong></span> 
     </span>
    </p>
   </div>
   <div class='ocr_carea' id='block_1_64' title="bbox 383 4661 2024 4747">
    <p class='ocr_par' dir='ltr' id='par_1_64' title="bbox 383 4661 2024 4747">
     <span class='ocr_line' id='line_1_65' title="bbox 383 4661 2024 4747; baseline 0.012 -36"><span class='ocrx_word' id='word_1_436' title='bbox 383 4672 489 4713; x_wconf 87' lang='lat' dir='ltr'><strong>nec</strong></span> <span class='ocrx_word' id='word_1_437' title='bbox 513 4661 824 4733; x_wconf 88' lang='lat' dir='ltr'><strong>vestigium</strong></span> <span class='ocrx_word' id='word_1_438' title='bbox 849 4665 1085 4735; x_wconf 92' lang='lat' dir='ltr'><strong>quidem</strong></span> <span class='ocrx_word' id='word_1_439' title='bbox 1113 4667 1339 4739; x_wconf 71' lang='lat' dir='ltr'><strong>injuria:</strong></span> <span class='ocrx_word' id='word_1_440' title='bbox 1371 4671 1430 4726; x_wconf 91' lang='lat' dir='ltr'><strong>in</strong></span> <span class='ocrx_word' id='word_1_441' title='bbox 1461 4672 1590 4743; x_wconf 88' lang='lat' dir='ltr'><strong>ejus</strong></span> <span class='ocrx_word' id='word_1_442' title='bbox 1610 4689 1868 4746; x_wconf 90' lang='lat' dir='ltr'><strong>corpore,</strong></span> <span class='ocrx_word' id='word_1_443' title='bbox 1893 4680 2024 4747; x_wconf 90' lang='lat' dir='ltr'><strong>post</strong></span> 
     </span>
    </p>
   </div>
   <div class='ocr_carea' id='block_1_65' title="bbox 379 4745 2019 4829">
    <p class='ocr_par' dir='ltr' id='par_1_65' title="bbox 379 4745 2019 4829">
     <span class='ocr_line' id='line_1_66' title="bbox 379 4745 2019 4829; baseline 0.013 -30"><span class='ocrx_word' id='word_1_444' title='bbox 379 4745 771 4806; x_wconf 88' lang='lat' dir='ltr'><strong>visitationem</strong></span> <span class='ocrx_word' id='word_1_445' title='bbox 804 4752 1081 4823; x_wconf 90' lang='lat' dir='ltr'><strong>divinam,</strong></span> <span class='ocrx_word' id='word_1_446' title='bbox 1115 4765 1456 4816; x_wconf 89' lang='lat' dir='ltr'><strong>remaneret.</strong></span> <span class='ocrx_word' id='word_1_447' title='bbox 1491 4763 1796 4829; x_wconf 88' lang='lat' dir='ltr'><strong>Quoniam,</strong></span> <span class='ocrx_word' id='word_1_448' title='bbox 1820 4764 1870 4820; x_wconf 89' lang='lat' dir='ltr'><strong>si</strong></span> <span class='ocrx_word' id='word_1_449' title='bbox 1902 4781 2019 4820; x_wconf 89' lang='lat' dir='ltr'><strong>non</strong></span> 
     </span>
    </p>
   </div>
   <div class='ocr_carea' id='block_1_66' title="bbox 378 4840 2021 4919">
    <p class='ocr_par' dir='ltr' id='par_1_66' title="bbox 378 4840 2021 4919">
     <span class='ocr_line' id='line_1_67' title="bbox 378 4840 2021 4919; baseline 0.013 -30"><span class='ocrx_word' id='word_1_450' title='bbox 378 4850 660 4907; x_wconf 89' lang='lat' dir='ltr'><strong>magnum</strong></span> <span class='ocrx_word' id='word_1_451' title='bbox 685 4840 829 4896; x_wconf 91' lang='lat' dir='ltr'><strong>mihi</strong></span> <span class='ocrx_word' id='word_1_452' title='bbox 862 4849 952 4898; x_wconf 89' lang='lat' dir='ltr'><strong>est</strong></span> <span class='ocrx_word' id='word_1_453' title='bbox 981 4843 1068 4901; x_wconf 89' lang='lat' dir='ltr'><strong>vel</strong></span> <span class='ocrx_word' id='word_1_454' title='bbox 1099 4847 1183 4902; x_wconf 90' lang='lat' dir='ltr'><strong>sic</strong></span> <span class='ocrx_word' id='word_1_455' title='bbox 1203 4851 1572 4919; x_wconf 89' lang='lat' dir='ltr'><strong>contendere,</strong></span> <span class='ocrx_word' id='word_1_456' title='bbox 1597 4850 1778 4908; x_wconf 91' lang='lat' dir='ltr'><strong>valuit</strong></span> <span class='ocrx_word' id='word_1_457' title='bbox 1799 4853 2021 4910; x_wconf 88' lang='lat' dir='ltr'><strong>malitia</strong></span> 
     </span>
    </p>
   </div>
   <div class='ocr_carea' id='block_1_67' title="bbox 377 4923 2014 5012">
    <p class='ocr_par' dir='ltr' id='par_1_67' title="bbox 377 4923 2014 5012">
     <span class='ocr_line' id='line_1_68' title="bbox 377 4923 2014 5012; baseline 0.013 -35"><span class='ocrx_word' id='word_1_458' title='bbox 377 4923 568 4980; x_wconf 89' lang='lat' dir='ltr'><strong>adhuc</strong></span> <span class='ocrx_word' id='word_1_459' title='bbox 601 4927 856 4999; x_wconf 88' lang='lat' dir='ltr'><strong>amplius</strong></span> <span class='ocrx_word' id='word_1_460' title='bbox 885 4931 945 4987; x_wconf 90' lang='lat' dir='ltr'><strong>in</strong></span> <span class='ocrx_word' id='word_1_461' title='bbox 990 4933 1062 4990; x_wconf 88' lang='lat' dir='ltr'><strong>iis</strong></span> <span class='ocrx_word' id='word_1_462' title='bbox 1093 4952 1219 5007; x_wconf 59' lang='lat' dir='ltr'><strong>quas</strong></span> <span class='ocrx_word' id='word_1_463' title='bbox 1253 4939 1506 5010; x_wconf 91' lang='lat' dir='ltr'><strong>partium</strong></span> <span class='ocrx_word' id='word_1_464' title='bbox 1538 4957 1781 4997; x_wconf 87' lang='lat' dir='ltr'><strong>suarum</strong></span> <span class='ocrx_word' id='word_1_465' title='bbox 1812 4946 2014 5012; x_wconf 90' lang='lat' dir='ltr'><strong>erant;</strong></span> 
     </span>
    </p>
   </div>
   <div class='ocr_carea' id='block_1_68' title="bbox 376 5011 2015 5103">
    <p class='ocr_par' dir='ltr' id='par_1_68' title="bbox 376 5011 2015 5103">
     <span class='ocr_line' id='line_1_69' title="bbox 376 5011 2015 5103; baseline 0.015 -38"><span class='ocrx_word' id='word_1_466' title='bbox 376 5011 480 5067; x_wconf 90' lang='lat' dir='ltr'><strong>sed</strong></span> <span class='ocrx_word' id='word_1_467' title='bbox 511 5029 814 5086; x_wconf 89' lang='lat' dir='ltr'><strong>nunquam</strong></span> <span class='ocrx_word' id='word_1_468' title='bbox 844 5023 1073 5078; x_wconf 89' lang='lat' dir='ltr'><strong>tantum</strong></span> <span class='ocrx_word' id='word_1_469' title='bbox 1103 5041 1310 5082; x_wconf 91' lang='lat' dir='ltr'><strong>nocere</strong></span> <span class='ocrx_word' id='word_1_470' title='bbox 1350 5028 1562 5098; x_wconf 90' lang='lat' dir='ltr'><strong>potuit,</strong></span> <span class='ocrx_word' id='word_1_471' title='bbox 1595 5034 1880 5100; x_wconf 91' lang='lat' dir='ltr'><strong>quantum</strong></span> <span class='ocrx_word' id='word_1_472' title='bbox 1914 5048 2015 5103; x_wconf 89' lang='lat' dir='ltr'><strong>po-</strong></span> 
     </span>
    </p>
   </div>
   <div class='ocr_carea' id='block_1_69' title="bbox 377 5099 2016 5192">
    <p class='ocr_par' dir='ltr' id='par_1_69' title="bbox 377 5099 2016 5192">
     <span class='ocr_line' id='line_1_70' title="bbox 377 5099 2016 5192; baseline 0.015 -39"><span class='ocrx_word' id='word_1_473' title='bbox 377 5099 493 5155; x_wconf 90' lang='lat' dir='ltr'><strong>tuit</strong></span> <span class='ocrx_word' id='word_1_474' title='bbox 521 5101 855 5162; x_wconf 82' lang='lat' dir='ltr'><strong>benefacere</strong></span> <span class='ocrx_word' id='word_1_475' title='bbox 898 5110 1075 5167; x_wconf 90' lang='lat' dir='ltr'><strong>Deus.</strong></span> <span class='ocrx_word' id='word_1_476' title='bbox 1111 5113 1502 5174; x_wconf 88' lang='lat' dir='ltr'><strong>Diocletianus</strong></span> <span class='ocrx_word' id='word_1_477' title='bbox 1532 5135 1664 5174; x_wconf 86' lang='lat' dir='ltr'><strong>vero</strong></span> <span class='ocrx_word' id='word_1_478' title='bbox 1707 5136 1895 5192; x_wconf 90' lang='lat' dir='ltr'><strong>neque</strong></span> <span class='ocrx_word' id='word_1_479' title='bbox 1922 5119 2016 5176; x_wconf 90' lang='lat' dir='ltr'><strong>hic</strong></span> 
     </span>
    </p>
   </div>
   <div class='ocr_carea' id='block_1_70' title="bbox 377 5190 2014 5280">
    <p class='ocr_par' dir='ltr' id='par_1_70' title="bbox 377 5190 2014 5280">
     <span class='ocr_line' id='line_1_71' title="bbox 377 5190 2014 5280; baseline 0.014 -37"><span class='ocrx_word' id='word_1_480' title='bbox 377 5190 658 5262; x_wconf 87' lang='lat' dir='ltr'><strong>substitit,</strong></span> <span class='ocrx_word' id='word_1_481' title='bbox 691 5195 878 5268; x_wconf 79' lang='lat' dir='ltr'><strong>n&#39;éque</strong></span> <span class='ocrx_word' id='word_1_482' title='bbox 926 5201 984 5254; x_wconf 90' lang='lat' dir='ltr'><strong>in</strong></span> <span class='ocrx_word' id='word_1_483' title='bbox 1034 5202 1126 5256; x_wconf 90' lang='lat' dir='ltr'><strong>his</strong></span> <span class='ocrx_word' id='word_1_484' title='bbox 1179 5204 1352 5260; x_wconf 90' lang='lat' dir='ltr'><strong>ﬁnem</strong></span> <span class='ocrx_word' id='word_1_485' title='bbox 1398 5207 1533 5262; x_wconf 86' lang='lat' dir='ltr'><strong>fecit</strong></span> <span class='ocrx_word' id='word_1_486' title='bbox 1570 5190 2014 5280; x_wconf 84' lang='lat' dir='ltr'><strong>suppliciorum,</strong></span> 
     </span>
    </p>
   </div>
   <div class='ocr_carea' id='block_1_71' title="bbox 377 5281 2010 5368">
    <p class='ocr_par' dir='ltr' id='par_1_71' title="bbox 377 5281 2010 5368">
     <span class='ocr_line' id='line_1_72' title="bbox 377 5281 2010 5368; baseline 0.013 -35"><span class='ocrx_word' id='word_1_487' title='bbox 377 5281 646 5350; x_wconf 87' lang='lat' dir='ltr'><strong>quamvis</strong></span> <span class='ocrx_word' id='word_1_488' title='bbox 675 5301 879 5342; x_wconf 89' lang='lat' dir='ltr'><strong>omnes</strong></span> <span class='ocrx_word' id='word_1_489' title='bbox 909 5293 1330 5349; x_wconf 90' lang='lat' dir='ltr'><strong>tormentorum</strong></span> <span class='ocrx_word' id='word_1_490' title='bbox 1366 5297 1589 5367; x_wconf 89' lang='lat' dir='ltr'><strong>species</strong></span> <span class='ocrx_word' id='word_1_491' title='bbox 1611 5298 1975 5368; x_wconf 85' lang='lat' dir='ltr'><strong>exposuisset</strong></span> <span class='ocrx_word' id='word_1_492' title='bbox 1999 5316 2010 5354; x_wconf 91' lang='lat'>:</span> 
     </span>
    </p>
   </div>
   <div class='ocr_carea' id='block_1_72' title="bbox 374 5366 2011 5454">
    <p class='ocr_par' dir='ltr' id='par_1_72' title="bbox 374 5366 2011 5454">
     <span class='ocr_line' id='line_1_73' title="bbox 374 5366 2011 5454; baseline 0.014 -35"><span class='ocrx_word' id='word_1_493' title='bbox 374 5366 498 5434; x_wconf 89' lang='lat' dir='ltr'><strong>sed,</strong></span> <span class='ocrx_word' id='word_1_494' title='bbox 532 5373 1028 5438; x_wconf 86' lang='lat' dir='ltr'><strong>quemadmodum</strong></span> <span class='ocrx_word' id='word_1_495' title='bbox 1060 5379 1159 5448; x_wconf 91' lang='lat' dir='ltr'><strong>qui</strong></span> <span class='ocrx_word' id='word_1_496' title='bbox 1206 5366 1422 5436; x_wconf 88' lang='lat' dir='ltr'><strong>circum</strong></span> <span class='ocrx_word' id='word_1_497' title='bbox 1455 5383 1695 5454; x_wconf 82' lang='lat' dir='ltr'><strong>globum</strong></span> <span class='ocrx_word' id='word_1_498' title='bbox 1727 5391 2011 5452; x_wconf 88' lang='lat' dir='ltr'><strong>currunt;</strong></span> 
     </span>
    </p>
   </div>
   <div class='ocr_carea' id='block_1_73' title="bbox 373 5454 2010 5545">
    <p class='ocr_par' dir='ltr' id='par_1_73' title="bbox 373 5454 2010 5545">
     <span class='ocr_line' id='line_1_74' title="bbox 373 5454 2010 5545; baseline 0.015 -37"><span class='ocrx_word' id='word_1_499' title='bbox 373 5454 444 5508; x_wconf 88' lang='lat' dir='ltr'><strong>ad</strong></span> <span class='ocrx_word' id='word_1_500' title='bbox 478 5454 630 5513; x_wconf 91' lang='lat' dir='ltr'><strong>idem</strong></span> <span class='ocrx_word' id='word_1_501' title='bbox 663 5477 896 5534; x_wconf 88' lang='lat' dir='ltr'><strong>semper</strong></span> <span class='ocrx_word' id='word_1_502' title='bbox 923 5466 1275 5538; x_wconf 81' lang='lat' dir='ltr'><strong>principium</strong></span> <span class='ocrx_word' id='word_1_503' title='bbox 1324 5471 1607 5536; x_wconf 82' lang='lat' dir='ltr'><strong>redeunt;</strong></span> <span class='ocrx_word' id='word_1_504' title='bbox 1641 5473 1724 5530; x_wconf 88' lang='lat' dir='ltr'><strong>sic</strong></span> <span class='ocrx_word' id='word_1_505' title='bbox 1765 5479 1822 5529; x_wconf 87' lang='lat' dir='ltr'><strong>et</strong></span> <span class='ocrx_word' id='word_1_506' title='bbox 1867 5475 2010 5545; x_wconf 87' lang='lat' dir='ltr'><strong>ipse,</strong></span> 
     </span>
    </p>
   </div>
   <div class='ocr_carea' id='block_1_74' title="bbox 369 5547 2014 5635">
    <p class='ocr_par' dir='ltr' id='par_1_74' title="bbox 369 5547 2014 5635">
     <span class='ocr_line' id='line_1_75' title="bbox 369 5547 2014 5635; baseline 0.015 -39"><span class='ocrx_word' id='word_1_507' title='bbox 369 5559 503 5598; x_wconf 91' lang='lat' dir='ltr'><strong>cum</strong></span> <span class='ocrx_word' id='word_1_508' title='bbox 536 5547 792 5619; x_wconf 87' lang='lat' dir='ltr'><strong>amplius</strong></span> <span class='ocrx_word' id='word_1_509' title='bbox 837 5552 888 5607; x_wconf 90' lang='lat' dir='ltr'><strong>ei</strong></span> <span class='ocrx_word' id='word_1_510' title='bbox 937 5570 1051 5609; x_wconf 92' lang='lat' dir='ltr'><strong>non</strong></span> <span class='ocrx_word' id='word_1_511' title='bbox 1093 5564 1427 5627; x_wconf 88' lang='lat' dir='ltr'><strong>superesset</strong></span> <span class='ocrx_word' id='word_1_512' title='bbox 1459 5562 1614 5632; x_wconf 91' lang='lat' dir='ltr'><strong>quod</strong></span> <span class='ocrx_word' id='word_1_513' title='bbox 1647 5567 1863 5635; x_wconf 86' lang='lat' dir='ltr'><strong>ageret,</strong></span> <span class='ocrx_word' id='word_1_514' title='bbox 1897 5581 2014 5620; x_wconf 90' lang='lat' dir='ltr'><strong>non</strong></span> 
     </span>
    </p>
   </div>
   <div class='ocr_carea' id='block_1_75' title="bbox 373 5631 2012 5721">
    <p class='ocr_par' dir='ltr' id='par_1_75' title="bbox 373 5631 2012 5721">
     <span class='ocr_line' id='line_1_76' title="bbox 373 5631 2012 5721; baseline 0.013 -34"><span class='ocrx_word' id='word_1_515' title='bbox 373 5631 684 5705; x_wconf 89' lang='lat' dir='ltr'><strong>despondit</strong></span> <span class='ocrx_word' id='word_1_516' title='bbox 731 5641 1020 5713; x_wconf 87' lang='lat' dir='ltr'><strong>animum,</strong></span> <span class='ocrx_word' id='word_1_517' title='bbox 1064 5648 1354 5702; x_wconf 89' lang='lat' dir='ltr'><strong>tormenta</strong></span> <span class='ocrx_word' id='word_1_518' title='bbox 1405 5631 1859 5721; x_wconf 83' lang='lat' dir='ltr'><strong>congeminans;</strong></span> <span class='ocrx_word' id='word_1_519' title='bbox 1911 5653 2012 5708; x_wconf 90' lang='lat' dir='ltr'><strong>sed</strong></span> 
     </span>
    </p>
   </div>
   <div class='ocr_carea' id='block_1_76' title="bbox 372 5728 2016 5814">
    <p class='ocr_par' dir='ltr' id='par_1_76' title="bbox 372 5728 2016 5814">
     <span class='ocr_line' id='line_1_77' title="bbox 372 5728 2016 5814; baseline 0.012 -34"><span class='ocrx_word' id='word_1_520' title='bbox 372 5738 610 5786; x_wconf 86' lang='lat' dir='ltr'><strong>rursum</strong></span> <span class='ocrx_word' id='word_1_521' title='bbox 641 5728 712 5789; x_wconf 88' lang='lat' dir='ltr'><strong>ad</strong></span> <span class='ocrx_word' id='word_1_522' title='bbox 746 5729 975 5803; x_wconf 85' lang='lat' dir='ltr'><strong>ﬂagella</strong></span> <span class='ocrx_word' id='word_1_523' title='bbox 1003 5733 1192 5807; x_wconf 86' lang='lat' dir='ltr'><strong>rediit,</strong></span> <span class='ocrx_word' id='word_1_524' title='bbox 1216 5734 1501 5809; x_wconf 81' lang='lat' dir='ltr'><strong>impietati</strong></span> <span class='ocrx_word' id='word_1_525' title='bbox 1527 5737 1888 5811; x_wconf 86' lang='lat' dir='ltr'><strong>impietatem</strong></span> <span class='ocrx_word' id='word_1_526' title='bbox 1919 5758 2016 5814; x_wconf 87' lang='lat' dir='ltr'><strong>ap-</strong></span> 
     </span>
    </p>
   </div>
   <div class='ocr_carea' id='block_1_77' title="bbox 2053 4659 3469 4746">
    <p class='ocr_par' dir='ltr' id='par_1_77' title="bbox 2053 4659 3469 4746">
     <span class='ocr_line' id='line_1_78' title="bbox 2053 4659 3469 4746; baseline -0.003 -22"><span class='ocrx_word' id='word_1_527' title='bbox 2053 4659 2100 4724; x_wconf 84' lang='lat' dir='ltr'><strong>D</strong></span> <span class='ocrx_word' id='word_1_528' title='bbox 2131 4673 2180 4729; x_wconf 79' lang='grc' dir='ltr'>εὶ</span> <span class='ocrx_word' id='word_1_529' title='bbox 2239 4674 2314 4746; x_wconf 79' lang='grc' dir='ltr'>μὴ</span> <span class='ocrx_word' id='word_1_530' title='bbox 2379 4671 2516 4746; x_wconf 91' lang='grc' dir='ltr'>μέγα</span> <span class='ocrx_word' id='word_1_531' title='bbox 2565 4669 2692 4741; x_wconf 84' lang='grc' dir='ltr'>ἐμοὶ</span> <span class='ocrx_word' id='word_1_532' title='bbox 2745 4668 2836 4725; x_wconf 85' lang='grc' dir='ltr'><strong>καὶ</strong></span> <span class='ocrx_word' id='word_1_533' title='bbox 2896 4667 3040 4724; x_wconf 76' lang='grc' dir='ltr'>οὕτω</span> <span class='ocrx_word' id='word_1_534' title='bbox 3097 4668 3469 4743; x_wconf 78' lang='grc' dir='ltr'>παρεξετάζειν</span> 
     </span>
    </p>
   </div>
   <div class='ocr_carea' id='block_1_78' title="bbox 2145 1985 3781 2062">
    <p class='ocr_par' dir='ltr' id='par_1_78' title="bbox 2145 1985 3781 2062">
     <span class='ocr_line' id='line_1_79' title="bbox 2145 1985 3781 2062; baseline -0.002 -20"><span class='ocrx_word' id='word_1_535' title='bbox 2145 1986 2324 2042; x_wconf 77' lang='grc' dir='ltr'>αὐτόν·</span> <span class='ocrx_word' id='word_1_536' title='bbox 2382 1985 2597 2042; x_wconf 86' lang='grc' dir='ltr'>ἀπειλεῖ</span> <span class='ocrx_word' id='word_1_537' title='bbox 2653 1985 2722 2043; x_wconf 88' lang='grc' dir='ltr'>δι’</span> <span class='ocrx_word' id='word_1_538' title='bbox 2769 1988 2962 2043; x_wconf 72' lang='grc' dir='ltr'>ἑαυτοῦ</span> <span class='ocrx_word' id='word_1_539' title='bbox 3019 1986 3282 2062; x_wconf 77' lang='grc' dir='ltr'>λήψεσθαι</span> <span class='ocrx_word' id='word_1_540' title='bbox 3328 1991 3545 2062; x_wconf 85' lang='grc' dir='ltr'>πεῖραν,</span> <span class='ocrx_word' id='word_1_541' title='bbox 3605 1985 3651 2040; x_wconf 81' lang='grc' dir='ltr'>εἰ</span> <span class='ocrx_word' id='word_1_542' title='bbox 3701 1987 3781 2058; x_wconf 81' lang='grc' dir='ltr'>μὴ</span> 
     </span>
    </p>
   </div>
   <div class='ocr_carea' id='block_1_79' title="bbox 2149 2073 3783 2154">
    <p class='ocr_par' dir='ltr' id='par_1_79' title="bbox 2149 2073 3783 2154">
     <span class='ocr_line' id='line_1_80' title="bbox 2149 2073 3783 2154; baseline -0.002 -22"><span class='ocrx_word' id='word_1_543' title='bbox 2149 2083 2464 2153; x_wconf 87' lang='grc' dir='ltr'>μαγγανεῖαι</span> <span class='ocrx_word' id='word_1_544' title='bbox 2532 2082 2699 2134; x_wconf 78' lang='grc' dir='ltr'>ταῦτα</span> <span class='ocrx_word' id='word_1_545' title='bbox 2743 2076 2833 2132; x_wconf 83' lang='grc' dir='ltr'><strong>καὶ</strong></span> <span class='ocrx_word' id='word_1_546' title='bbox 2887 2082 3178 2154; x_wconf 87' lang='grc' dir='ltr'>τερατεῖαι,</span> <span class='ocrx_word' id='word_1_547' title='bbox 3236 2073 3361 2153; x_wconf 83' lang='grc' dir='ltr'>ἔφη,</span> <span class='ocrx_word' id='word_1_548' title='bbox 3418 2080 3587 2131; x_wconf 80' lang='grc' dir='ltr'>ταῦτα</span> <span class='ocrx_word' id='word_1_549' title='bbox 3617 2093 3632 2108; x_wconf 82' lang='lat'><strong><em>°</em></strong></span> <span class='ocrx_word' id='word_1_550' title='bbox 3691 2075 3783 2132; x_wconf 81' lang='grc' dir='ltr'>καὶ</span> 
     </span>
    </p>
   </div>
   <div class='ocr_carea' id='block_1_80' title="bbox 2145 2162 3783 2243">
    <p class='ocr_par' dir='ltr' id='par_1_80' title="bbox 2145 2162 3783 2243">
     <span class='ocr_line' id='line_1_81' title="bbox 2145 2162 3783 2243; baseline -0.002 -21"><span class='ocrx_word' id='word_1_551' title='bbox 2145 2168 2374 2243; x_wconf 82' lang='grc' dir='ltr'>βάσανον</span> <span class='ocrx_word' id='word_1_552' title='bbox 2427 2165 2642 2242; x_wconf 82' lang='grc' dir='ltr'>βασάνῳ</span> <span class='ocrx_word' id='word_1_553' title='bbox 2702 2167 3091 2242; x_wconf 84' lang='grc' dir='ltr'>παραζευγνύει</span> <span class='ocrx_word' id='word_1_554' title='bbox 3124 2211 3140 2237; x_wconf 90' lang='grc'><strong>,</strong></span> <span class='ocrx_word' id='word_1_555' title='bbox 3187 2166 3278 2221; x_wconf 81' lang='grc' dir='ltr'><strong>καὶ</strong></span> <span class='ocrx_word' id='word_1_556' title='bbox 3332 2162 3530 2221; x_wconf 86' lang='grc' dir='ltr'>σύνδυο</span> <span class='ocrx_word' id='word_1_557' title='bbox 3585 2184 3726 2238; x_wconf 93' lang='grc' dir='ltr'>προσ</span> <span class='ocrx_word' id='word_1_558' title='bbox 3757 2196 3783 2208; x_wconf 92' lang='grc'><strong><em>-</em></strong></span> 
     </span>
    </p>
   </div>
   <div class='ocr_carea' id='block_1_81' title="bbox 2141 2250 3782 2332">
    <p class='ocr_par' dir='ltr' id='par_1_81' title="bbox 2141 2250 3782 2332">
     <span class='ocr_line' id='line_1_82' title="bbox 2141 2250 3782 2332; baseline -0.003 -21"><span class='ocrx_word' id='word_1_559' title='bbox 2141 2257 2338 2332; x_wconf 90' lang='grc' dir='ltr'>φέρει,</span> <span class='ocrx_word' id='word_1_560' title='bbox 2392 2256 2456 2310; x_wconf 86' lang='grc' dir='ltr'>τὸ</span> <span class='ocrx_word' id='word_1_561' title='bbox 2511 2256 2646 2311; x_wconf 82' lang='grc' dir='ltr'>κατὰ</span> <span class='ocrx_word' id='word_1_562' title='bbox 2704 2255 2827 2330; x_wconf 85' lang='grc' dir='ltr'>μίαν</span> <span class='ocrx_word' id='word_1_563' title='bbox 2880 2255 2954 2317; x_wconf 87' lang='grc' dir='ltr'><strong>ὠς</strong></span> <span class='ocrx_word' id='word_1_564' title='bbox 3026 2254 3254 2325; x_wconf 85' lang='grc' dir='ltr'>ἀνόητον</span> <span class='ocrx_word' id='word_1_565' title='bbox 3319 2250 3782 2332; x_wconf 82' lang='grc' dir='ltr'>ἀποδοκιμάσας,</span> 
     </span>
    </p>
   </div>
   <div class='ocr_carea' id='block_1_82' title="bbox 2140 2341 3782 2420">
    <p class='ocr_par' dir='ltr' id='par_1_82' title="bbox 2140 2341 3782 2420">
     <span class='ocr_line' id='line_1_83' title="bbox 2140 2341 3782 2420; baseline -0.003 -19"><span class='ocrx_word' id='word_1_566' title='bbox 2140 2345 2371 2414; x_wconf 83' lang='grc' dir='ltr'>Ἀνῆπτε</span> <span class='ocrx_word' id='word_1_567' title='bbox 2422 2349 2550 2419; x_wconf 80' lang='grc' dir='ltr'>πῦρ,</span> <span class='ocrx_word' id='word_1_568' title='bbox 2602 2344 2691 2399; x_wconf 85' lang='grc' dir='ltr'><strong>καὶ</strong></span> <span class='ocrx_word' id='word_1_569' title='bbox 2748 2343 3022 2420; x_wconf 89' lang='grc' dir='ltr'>κρηπῖδας</span> <span class='ocrx_word' id='word_1_570' title='bbox 3077 2341 3305 2414; x_wconf 80' lang='grc' dir='ltr'>σιδηρᾶς</span> <span class='ocrx_word' id='word_1_571' title='bbox 3349 2343 3649 2419; x_wconf 87' lang='grc' dir='ltr'>προσέφερε</span> <span class='ocrx_word' id='word_1_572' title='bbox 3702 2345 3782 2414; x_wconf 82' lang='grc' dir='ltr'>τῷ</span> 
     </span>
    </p>
   </div>
   <div class='ocr_carea' id='block_1_83' title="bbox 2134 2428 3783 2510">
    <p class='ocr_par' dir='ltr' id='par_1_83' title="bbox 2134 2428 3783 2510">
     <span class='ocr_line' id='line_1_84' title="bbox 2134 2428 3783 2510; baseline -0.001 -21"><span class='ocrx_word' id='word_1_573' title='bbox 2134 2436 2265 2510; x_wconf 82' lang='grc' dir='ltr'>πιρὶ</span> <span class='ocrx_word' id='word_1_574' title='bbox 2298 2481 2312 2505; x_wconf 94' lang='grc'><strong>,</strong></span> <span class='ocrx_word' id='word_1_575' title='bbox 2368 2434 2572 2489; x_wconf 84' lang='grc' dir='ltr'>τούτων</span> <span class='ocrx_word' id='word_1_576' title='bbox 2650 2434 2724 2496; x_wconf 82' lang='grc' dir='ltr'>ὡς</span> <span class='ocrx_word' id='word_1_577' title='bbox 2794 2433 3080 2507; x_wconf 79' lang='grc' dir='ltr'>ἐπιμήκεις</span> <span class='ocrx_word' id='word_1_578' title='bbox 3137 2433 3228 2487; x_wconf 87' lang='grc' dir='ltr'><strong>καὶ</strong></span> <span class='ocrx_word' id='word_1_579' title='bbox 3300 2431 3438 2504; x_wconf 83' lang='grc' dir='ltr'>ὀξεῖς</span> <span class='ocrx_word' id='word_1_580' title='bbox 3492 2428 3783 2500; x_wconf 78' lang='grc' dir='ltr'>διήλαυνεν</span> 
     </span>
    </p>
   </div>
   <div class='ocr_carea' id='block_1_84' title="bbox 2134 2519 3781 2597">
    <p class='ocr_par' dir='ltr' id='par_1_84' title="bbox 2134 2519 3781 2597">
     <span class='ocr_line' id='line_1_85' title="bbox 2134 2519 3781 2597; baseline -0.001 -20"><span class='ocrx_word' id='word_1_581' title='bbox 2134 2521 2195 2592; x_wconf 69' lang='grc' dir='ltr'>ἤ)</span> <span class='ocrx_word' id='word_1_582' title='bbox 2216 2544 2332 2595; x_wconf 86' lang='grc' dir='ltr'>ους,</span> <span class='ocrx_word' id='word_1_583' title='bbox 2407 2524 2499 2578; x_wconf 81' lang='grc' dir='ltr'><strong>καὶ</strong></span> <span class='ocrx_word' id='word_1_584' title='bbox 2569 2523 2785 2585; x_wconf 78' lang='grc' dir='ltr'>ταύταις</span> <span class='ocrx_word' id='word_1_585' title='bbox 2860 2522 3078 2597; x_wconf 82' lang='grc' dir='ltr'>παγίσιν</span> <span class='ocrx_word' id='word_1_586' title='bbox 3153 2519 3263 2592; x_wconf 70' lang='grc' dir='ltr'><strong>ἤδη</strong></span> <span class='ocrx_word' id='word_1_587' title='bbox 3327 2519 3781 2583; x_wconf 79' lang='grc' dir='ltr'>συντελεσθείσαις</span> 
     </span>
    </p>
   </div>
   <div class='ocr_carea' id='block_1_85' title="bbox 2135 2609 3774 2688">
    <p class='ocr_par' dir='ltr' id='par_1_85' title="bbox 2135 2609 3774 2688">
     <span class='ocr_line' id='line_1_86' title="bbox 2135 2609 3774 2688; baseline 0 -23"><span class='ocrx_word' id='word_1_588' title='bbox 2135 2614 2361 2674; x_wconf 63' lang='grc' dir='ltr'>θανάτου</span> <span class='ocrx_word' id='word_1_589' title='bbox 2409 2618 2648 2688; x_wconf 81' lang='grc' dir='ltr'>προσῆγε</span> <span class='ocrx_word' id='word_1_590' title='bbox 2692 2611 2782 2666; x_wconf 88' lang='grc' dir='ltr'>τὸν</span> <span class='ocrx_word' id='word_1_591' title='bbox 2831 2609 3107 2687; x_wconf 79' lang='grc' dir='ltr'>Μάρτυρα.</span> <span class='ocrx_word' id='word_1_592' title='bbox 3154 2611 3254 2666; x_wconf 81' lang='grc' dir='ltr'>Καὶ</span> <span class='ocrx_word' id='word_1_593' title='bbox 3299 2610 3359 2672; x_wconf 83' lang='grc' dir='ltr'><strong>’ὀς</strong></span> <span class='ocrx_word' id='word_1_594' title='bbox 3413 2609 3549 2684; x_wconf 87' lang='grc' dir='ltr'>πρὸς</span> <span class='ocrx_word' id='word_1_595' title='bbox 3606 2613 3774 2670; x_wconf 75' lang='grc' dir='ltr'>ταῦτα</span> 
     </span>
    </p>
   </div>
   <div class='ocr_carea' id='block_1_86' title="bbox 2135 2695 3772 2778">
    <p class='ocr_par' dir='ltr' id='par_1_86' title="bbox 2135 2695 3772 2778">
     <span class='ocr_line' id='line_1_87' title="bbox 2135 2695 3772 2778; baseline -0.002 -22"><span class='ocrx_word' id='word_1_596' title='bbox 2135 2697 2200 2770; x_wconf 73' lang='grc' dir='ltr'>δὴ</span> <span class='ocrx_word' id='word_1_597' title='bbox 2243 2700 2482 2777; x_wconf 89' lang='grc' dir='ltr'>βλέπων,</span> <span class='ocrx_word' id='word_1_598' title='bbox 2539 2701 2617 2773; x_wconf 80' lang='grc' dir='ltr'>μὴ</span> <span class='ocrx_word' id='word_1_599' title='bbox 2669 2700 2944 2778; x_wconf 82' lang='grc' dir='ltr'>πεφρικὼς</span> <span class='ocrx_word' id='word_1_600' title='bbox 2995 2700 3027 2754; x_wconf 87' lang='grc' dir='ltr'><strong>ὃ</strong></span> <span class='ocrx_word' id='word_1_601' title='bbox 3083 2703 3174 2754; x_wconf 77' lang='grc' dir='ltr'><strong>νῦν</strong></span> <span class='ocrx_word' id='word_1_602' title='bbox 3233 2700 3398 2770; x_wconf 78' lang='grc' dir='ltr'>ἡμεῖς</span> <span class='ocrx_word' id='word_1_603' title='bbox 3443 2698 3547 2753; x_wconf 85' lang='grc' dir='ltr'><strong>κάκ</strong></span> <span class='ocrx_word' id='word_1_604' title='bbox 3595 2695 3772 2770; x_wconf 88' lang='grc' dir='ltr'>μόνης</span> 
     </span>
    </p>
   </div>
   <div class='ocr_carea' id='block_1_87' title="bbox 2132 2785 3771 2865">
    <p class='ocr_par' dir='ltr' id='par_1_87' title="bbox 2132 2785 3771 2865">
     <span class='ocr_line' id='line_1_88' title="bbox 2132 2785 3771 2865; baseline -0.003 -21"><span class='ocrx_word' id='word_1_605' title='bbox 2132 2789 2416 2865; x_wconf 86' lang='grc' dir='ltr'>πάσχομεν</span> <span class='ocrx_word' id='word_1_606' title='bbox 2465 2791 2634 2859; x_wconf 77' lang='grc' dir='ltr'>ἀκοῆς</span> <span class='ocrx_word' id='word_1_607' title='bbox 2670 2835 2684 2862; x_wconf 88' lang='grc'><strong>,</strong></span> <span class='ocrx_word' id='word_1_608' title='bbox 2731 2790 2924 2865; x_wconf 87' lang='grc' dir='ltr'>καίπερ</span> <span class='ocrx_word' id='word_1_609' title='bbox 2975 2792 3232 2844; x_wconf 80' lang='grc' dir='ltr'>τοσοῦτον</span> <span class='ocrx_word' id='word_1_610' title='bbox 3284 2785 3639 2865; x_wconf 78' lang='grc' dir='ltr'>ἀφεστηκότες</span> <span class='ocrx_word' id='word_1_611' title='bbox 3667 2792 3771 2856; x_wconf 76' lang='grc' dir='ltr'>τῆς</span> 
     </span>
    </p>
   </div>
   <div class='ocr_carea' id='block_1_88' title="bbox 2131 2874 3773 2953">
    <p class='ocr_par' dir='ltr' id='par_1_88' title="bbox 2131 2874 3773 2953">
     <span class='ocr_line' id='line_1_89' title="bbox 2131 2874 3773 2953; baseline -0.002 -20"><span class='ocrx_word' id='word_1_612' title='bbox 2131 2879 2341 2953; x_wconf 86' lang='grc' dir='ltr'>πείρας,</span> <span class='ocrx_word' id='word_1_613' title='bbox 2397 2880 2472 2952; x_wconf 85' lang='grc' dir='ltr'>μή</span> <span class='ocrx_word' id='word_1_614' title='bbox 2520 2877 2910 2952; x_wconf 85' lang='grc' dir='ltr'>καταπλαγεὶς,</span> <span class='ocrx_word' id='word_1_615' title='bbox 2963 2878 3037 2949; x_wconf 78' lang='grc' dir='ltr'>μὴ</span> <span class='ocrx_word' id='word_1_616' title='bbox 3087 2883 3191 2945; x_wconf 82' lang='grc' dir='ltr'>τῆς</span> <span class='ocrx_word' id='word_1_617' title='bbox 3240 2874 3544 2952; x_wconf 79' lang='grc' dir='ltr'>παρῥησίας</span> <span class='ocrx_word' id='word_1_618' title='bbox 3599 2874 3773 2944; x_wconf 70' lang='grc' dir='ltr'>ἑαυτῷ</span> 
     </span>
    </p>
   </div>
   <div class='ocr_carea' id='block_1_89' title="bbox 2136 2961 3775 3044">
    <p class='ocr_par' dir='ltr' id='par_1_89' title="bbox 2136 2961 3775 3044">
     <span class='ocr_line' id='line_1_90' title="bbox 2136 2961 3775 3044; baseline -0.003 -22"><span class='ocrx_word' id='word_1_619' title='bbox 2136 2969 2212 3041; x_wconf 84' lang='grc' dir='ltr'>μή</span> <span class='ocrx_word' id='word_1_620' title='bbox 2243 2972 2349 3022; x_wconf 82' lang='grc' dir='ltr'>τῶν</span> <span class='ocrx_word' id='word_1_621' title='bbox 2403 2967 2454 3038; x_wconf 83' lang='grc' dir='ltr'>ἐξ</span> <span class='ocrx_word' id='word_1_622' title='bbox 2509 2967 2687 3044; x_wconf 75' lang='grc' dir='ltr'>ἀρχῆς</span> <span class='ocrx_word' id='word_1_623' title='bbox 2743 2967 2875 3041; x_wconf 71' lang='grc' dir='ltr'>ὑπὲρ</span> <span class='ocrx_word' id='word_1_624' title='bbox 2929 2961 3195 3028; x_wconf 80' lang='grc' dir='ltr'>εὐσεϐείας</span> <span class='ocrx_word' id='word_1_625' title='bbox 3257 2964 3615 3039; x_wconf 68' lang='grc' dir='ltr'>μεμψάμενος</span> <span class='ocrx_word' id='word_1_626' title='bbox 3672 2961 3775 3017; x_wconf 91' lang='grc' dir='ltr'>λο-</span> 
     </span>
    </p>
   </div>
   <div class='ocr_carea' id='block_1_90' title="bbox 2130 3051 3776 3132">
    <p class='ocr_par' dir='ltr' id='par_1_90' title="bbox 2130 3051 3776 3132">
     <span class='ocr_line' id='line_1_91' title="bbox 2130 3051 3776 3132; baseline -0.002 -22"><span class='ocrx_word' id='word_1_627' title='bbox 2130 3060 2364 3132; x_wconf 84' lang='grc' dir='ltr'>γισμῶν·</span> <span class='ocrx_word' id='word_1_628' title='bbox 2412 3055 2561 3112; x_wconf 81' lang='grc' dir='ltr'>ἀλλὰ</span> <span class='ocrx_word' id='word_1_629' title='bbox 2617 3057 2814 3118; x_wconf 87' lang='grc' dir='ltr'>παντὸς</span> <span class='ocrx_word' id='word_1_630' title='bbox 2884 3053 3098 3128; x_wconf 79' lang='grc' dir='ltr'>μᾶλλον</span> <span class='ocrx_word' id='word_1_631' title='bbox 3157 3053 3440 3128; x_wconf 82' lang='grc' dir='ltr'>πρόθυμος</span> <span class='ocrx_word' id='word_1_632' title='bbox 3499 3053 3572 3113; x_wconf 86' lang='grc' dir='ltr'><strong>ὡς</strong></span> <span class='ocrx_word' id='word_1_633' title='bbox 3631 3051 3776 3126; x_wconf 80' lang='grc' dir='ltr'>εἶχεν</span> 
     </span>
    </p>
   </div>
   <div class='ocr_carea' id='block_1_91' title="bbox 2132 3139 3777 3222">
    <p class='ocr_par' dir='ltr' id='par_1_91' title="bbox 2132 3139 3777 3222">
     <span class='ocr_line' id='line_1_92' title="bbox 2132 3139 3777 3222; baseline -0.002 -22"><span class='ocrx_word' id='word_1_634' title='bbox 2132 3144 2592 3222; x_wconf 85' lang='grc' dir='ltr'>ἐναρμοσάμενος,</span> <span class='ocrx_word' id='word_1_635' title='bbox 2647 3144 3007 3217; x_wconf 86' lang='grc' dir='ltr'>τυπτόμενος,</span> <span class='ocrx_word' id='word_1_636' title='bbox 3069 3142 3396 3215; x_wconf 81' lang='grc' dir='ltr'>ὠθούμενος,</span> <span class='ocrx_word' id='word_1_637' title='bbox 3455 3139 3777 3215; x_wconf 72' lang='grc' dir='ltr'>ἑλκόμενος,</span> 
     </span>
    </p>
   </div>
   <div class='ocr_carea' id='block_1_92' title="bbox 2131 3229 3780 3309">
    <p class='ocr_par' dir='ltr' id='par_1_92' title="bbox 2131 3229 3780 3309">
     <span class='ocr_line' id='line_1_93' title="bbox 2131 3229 3780 3309; baseline -0.002 -19"><span class='ocrx_word' id='word_1_638' title='bbox 2131 3229 2534 3306; x_wconf 77' lang='grc' dir='ltr'>καταλαμϐάνει</span> <span class='ocrx_word' id='word_1_639' title='bbox 2582 3234 2644 3289; x_wconf 81' lang='grc' dir='ltr'>τὸ</span> <span class='ocrx_word' id='word_1_640' title='bbox 2695 3231 3095 3309; x_wconf 81' lang='grc' dir='ltr'>δεσμωτήριον,</span> <span class='ocrx_word' id='word_1_641' title='bbox 3146 3229 3272 3288; x_wconf 67' lang='grc' dir='ltr'>οὐδὲ</span> <span class='ocrx_word' id='word_1_642' title='bbox 3317 3238 3416 3300; x_wconf 79' lang='grc' dir='ltr'>τῆς</span> <span class='ocrx_word' id='word_1_643' title='bbox 3459 3231 3597 3306; x_wconf 85' lang='grc' dir='ltr'>πρὸς</span> <span class='ocrx_word' id='word_1_644' title='bbox 3650 3230 3780 3288; x_wconf 85' lang='grc' dir='ltr'>Θεὸν</span> 
     </span>
    </p>
   </div>
   <div class='ocr_carea' id='block_1_93' title="bbox 2053 3291 3778 3395">
    <p class='ocr_par' dir='ltr' id='par_1_93' title="bbox 2053 3291 3778 3395">
     <span class='ocr_line' id='line_1_94' title="bbox 2053 3291 3778 3395; baseline -0.003 -18"><span class='ocrx_word' id='word_1_645' title='bbox 2053 3291 2096 3359; x_wconf 79' lang='lat' dir='ltr'><strong><em>C</em></strong></span> <span class='ocrx_word' id='word_1_646' title='bbox 2135 3323 2186 3378; x_wconf 84' lang='grc' dir='ltr'><strong>ἐν</strong></span> <span class='ocrx_word' id='word_1_647' title='bbox 2255 3291 2384 3377; x_wconf 76' lang='grc' dir='ltr'>πᾶσι</span> <span class='ocrx_word' id='word_1_648' title='bbox 2457 3323 2672 3385; x_wconf 87' lang='grc' dir='ltr'>τούτοις</span> <span class='ocrx_word' id='word_1_649' title='bbox 2745 3291 3176 3394; x_wconf 64' lang='grc' dir='ltr'>ἐπιλελησμένος</span> <span class='ocrx_word' id='word_1_650' title='bbox 3233 3319 3404 3395; x_wconf 79' lang='grc' dir='ltr'>εὐχῆς</span> <span class='ocrx_word' id='word_1_651' title='bbox 3436 3364 3450 3378; x_wconf 91' lang='grc'>.</span> <span class='ocrx_word' id='word_1_652' title='bbox 3514 3320 3600 3380; x_wconf 83' lang='grc' dir='ltr'>Ἐν</span> <span class='ocrx_word' id='word_1_653' title='bbox 3675 3319 3778 3394; x_wconf 75' lang='grc' dir='ltr'>γὰρ</span> 
     </span>
    </p>
   </div>
   <div class='ocr_carea' id='block_1_94' title="bbox 2134 3406 3776 3486">
    <p class='ocr_par' dir='ltr' id='par_1_94' title="bbox 2134 3406 3776 3486">
     <span class='ocr_line' id='line_1_95' title="bbox 2134 3406 3776 3486; baseline -0.003 -20"><span class='ocrx_word' id='word_1_654' title='bbox 2134 3411 2285 3485; x_wconf 89' lang='grc' dir='ltr'>μόνῳ</span> <span class='ocrx_word' id='word_1_655' title='bbox 2333 3409 2398 3480; x_wconf 77' lang='grc' dir='ltr'>δὴ</span> <span class='ocrx_word' id='word_1_656' title='bbox 2455 3411 2632 3484; x_wconf 82' lang='grc' dir='ltr'>τούτῳ</span> <span class='ocrx_word' id='word_1_657' title='bbox 2667 3457 2682 3483; x_wconf 87' lang='grc'><strong>,</strong></span> <span class='ocrx_word' id='word_1_658' title='bbox 2739 3415 2818 3483; x_wconf 81' lang='grc' dir='ltr'>τῷ</span> <span class='ocrx_word' id='word_1_659' title='bbox 2877 3408 3097 3486; x_wconf 86' lang='grc' dir='ltr'>βλέπειν</span> <span class='ocrx_word' id='word_1_660' title='bbox 3151 3407 3363 3482; x_wconf 81' lang='grc' dir='ltr'>δηλαδή</span> <span class='ocrx_word' id='word_1_661' title='bbox 3412 3408 3550 3482; x_wconf 81' lang='grc' dir='ltr'>πρὸς</span> <span class='ocrx_word' id='word_1_662' title='bbox 3612 3406 3776 3482; x_wconf 86' lang='grc' dir='ltr'>μόνον</span> 
     </span>
    </p>
   </div>
   <div class='ocr_carea' id='block_1_95' title="bbox 2131 3495 3780 3575">
    <p class='ocr_par' dir='ltr' id='par_1_95' title="bbox 2131 3495 3780 3575">
     <span class='ocr_line' id='line_1_96' title="bbox 2131 3495 3780 3575; baseline -0.002 -21"><span class='ocrx_word' id='word_1_663' title='bbox 2131 3501 2385 3570; x_wconf 86' lang='grc' dir='ltr'>ἀκίνητον</span> <span class='ocrx_word' id='word_1_664' title='bbox 2421 3546 2434 3570; x_wconf 89' lang='grc'><strong>,</strong></span> <span class='ocrx_word' id='word_1_665' title='bbox 2491 3502 2590 3570; x_wconf 76' lang='grc' dir='ltr'>τὴν</span> <span class='ocrx_word' id='word_1_666' title='bbox 2651 3501 2757 3555; x_wconf 86' lang='grc' dir='ltr'>ἀπὸ</span> <span class='ocrx_word' id='word_1_667' title='bbox 2827 3503 2936 3554; x_wconf 78' lang='grc' dir='ltr'><strong>τῶν</strong></span> <span class='ocrx_word' id='word_1_668' title='bbox 3010 3495 3331 3575; x_wconf 83' lang='grc' dir='ltr'>ἀλγηδόνων</span> <span class='ocrx_word' id='word_1_669' title='bbox 3385 3495 3629 3554; x_wconf 72' lang='grc' dir='ltr'>ἔκστασιν</span> <span class='ocrx_word' id='word_1_670' title='bbox 3687 3497 3780 3552; x_wconf 83' lang='grc' dir='ltr'>καὶ</span> 
     </span>
    </p>
   </div>
   <div class='ocr_carea' id='block_1_96' title="bbox 2129 3585 3780 3666">
    <p class='ocr_par' dir='ltr' id='par_1_96' title="bbox 2129 3585 3780 3666">
     <span class='ocr_line' id='line_1_97' title="bbox 2129 3585 3780 3666; baseline -0.001 -22"><span class='ocrx_word' id='word_1_671' title='bbox 2129 3589 2480 3666; x_wconf 77' lang='grc' dir='ltr'>παρατροπὴν</span> <span class='ocrx_word' id='word_1_672' title='bbox 2557 3595 2658 3658; x_wconf 82' lang='grc' dir='ltr'>τῆς</span> <span class='ocrx_word' id='word_1_673' title='bbox 2732 3587 2945 3666; x_wconf 83' lang='grc' dir='ltr'>φύσεως</span> <span class='ocrx_word' id='word_1_674' title='bbox 3013 3585 3138 3658; x_wconf 68' lang='grc' dir='ltr'>’ίστη</span> <span class='ocrx_word' id='word_1_675' title='bbox 3187 3633 3200 3659; x_wconf 93' lang='grc'><strong>,</strong></span> <span class='ocrx_word' id='word_1_676' title='bbox 3257 3585 3348 3642; x_wconf 82' lang='grc' dir='ltr'><strong>καὶ</strong></span> <span class='ocrx_word' id='word_1_677' title='bbox 3428 3585 3505 3648; x_wconf 78' lang='grc' dir='ltr'><strong>είς</strong></span> <span class='ocrx_word' id='word_1_678' title='bbox 3577 3585 3780 3654; x_wconf 68' lang='grc' dir='ltr'>ἑαυτὴν</span> 
     </span>
    </p>
   </div>
   <div class='ocr_carea' id='block_1_97' title="bbox 2129 3672 3776 3751">
    <p class='ocr_par' dir='ltr' id='par_1_97' title="bbox 2129 3672 3776 3751">
     <span class='ocr_line' id='line_1_98' title="bbox 2129 3672 3776 3751; baseline -0.002 -18"><span class='ocrx_word' id='word_1_679' title='bbox 2129 3677 2369 3740; x_wconf 81' lang='grc' dir='ltr'>ἀτάκτως</span> <span class='ocrx_word' id='word_1_680' title='bbox 2426 3677 2796 3751; x_wconf 66' lang='grc' dir='ltr'>σαλευομένην</span> <span class='ocrx_word' id='word_1_681' title='bbox 2836 3722 2852 3748; x_wconf 91' lang='grc'><strong>,</strong></span> <span class='ocrx_word' id='word_1_682' title='bbox 2890 3675 2979 3732; x_wconf 84' lang='grc' dir='ltr'><strong>καὶ</strong></span> <span class='ocrx_word' id='word_1_683' title='bbox 3037 3677 3114 3748; x_wconf 82' lang='grc' dir='ltr'>μὴ</span> <span class='ocrx_word' id='word_1_684' title='bbox 3174 3676 3307 3733; x_wconf 77' lang='grc' dir='ltr'>εἶναι</span> <span class='ocrx_word' id='word_1_685' title='bbox 3366 3672 3776 3736; x_wconf 78' lang='grc' dir='ltr'>κινδυνεύουσαν</span> 
     </span>
    </p>
   </div>
   <div class='ocr_carea' id='block_1_98' title="bbox 2130 3761 3781 3844">
    <p class='ocr_par' dir='ltr' id='par_1_98' title="bbox 2130 3761 3781 3844">
     <span class='ocr_line' id='line_1_99' title="bbox 2130 3761 3781 3844; baseline -0.004 -23"><span class='ocrx_word' id='word_1_686' title='bbox 2130 3766 2363 3842; x_wconf 81' lang='grc' dir='ltr'>ἐπανῆγε</span> <span class='ocrx_word' id='word_1_687' title='bbox 2395 3811 2408 3825; x_wconf 94' lang='grc'><strong>.</strong></span> <span class='ocrx_word' id='word_1_688' title='bbox 2468 3771 2638 3821; x_wconf 78' lang='grc' dir='ltr'>Τοῦτο</span> <span class='ocrx_word' id='word_1_689' title='bbox 2692 3769 2875 3844; x_wconf 80' lang='grc' dir='ltr'>σαφῶς</span> <span class='ocrx_word' id='word_1_690' title='bbox 2937 3761 3340 3837; x_wconf 82' lang='grc' dir='ltr'>ἐνδεικνύμενος</span> <span class='ocrx_word' id='word_1_691' title='bbox 3376 3805 3390 3820; x_wconf 93' lang='grc'><strong>.</strong></span> <span class='ocrx_word' id='word_1_692' title='bbox 3451 3763 3536 3820; x_wconf 80' lang='grc' dir='ltr'>ὅτι</span> <span class='ocrx_word' id='word_1_693' title='bbox 3595 3761 3692 3818; x_wconf 70' lang='grc' dir='ltr'>κᾶν</span> <span class='ocrx_word' id='word_1_694' title='bbox 3751 3762 3781 3816; x_wconf 82' lang='grc' dir='ltr'>ὁ</span> 
     </span>
    </p>
   </div>
   <div class='ocr_carea' id='block_1_99' title="bbox 2129 3851 3779 3932">
    <p class='ocr_par' dir='ltr' id='par_1_99' title="bbox 2129 3851 3779 3932">
     <span class='ocr_line' id='line_1_100' title="bbox 2129 3851 3779 3932; baseline -0.004 -22"><span class='ocrx_word' id='word_1_695' title='bbox 2129 3855 2386 3932; x_wconf 86' lang='grc' dir='ltr'>τύραννος</span> <span class='ocrx_word' id='word_1_696' title='bbox 2447 3901 2460 3927; x_wconf 94' lang='grc'><strong>,</strong></span> <span class='ocrx_word' id='word_1_697' title='bbox 2519 3855 2613 3910; x_wconf 72' lang='grc' dir='ltr'>κᾶν</span> <span class='ocrx_word' id='word_1_698' title='bbox 2697 3856 2892 3916; x_wconf 88' lang='grc' dir='ltr'>πάντες</span> <span class='ocrx_word' id='word_1_699' title='bbox 2996 3854 3268 3929; x_wconf 79' lang='grc' dir='ltr'>ἅνθρωποι</span> <span class='ocrx_word' id='word_1_700' title='bbox 3329 3896 3344 3922; x_wconf 95' lang='grc'><strong>,</strong></span> <span class='ocrx_word' id='word_1_701' title='bbox 3405 3851 3779 3927; x_wconf 63' lang='grc' dir='ltr'>περιγενέσθαι</span> 
     </span>
    </p>
   </div>
   <div class='ocr_carea' id='block_1_100' title="bbox 2131 3937 3781 4022">
    <p class='ocr_par' dir='ltr' id='par_1_100' title="bbox 2131 3937 3781 4022">
     <span class='ocr_line' id='line_1_101' title="bbox 2131 3937 3781 4022; baseline -0.002 -24"><span class='ocrx_word' id='word_1_702' title='bbox 2131 3943 2512 4022; x_wconf 82' lang='grc' dir='ltr'>φιλονεικῶσιν</span> <span class='ocrx_word' id='word_1_703' title='bbox 2557 3989 2570 4016; x_wconf 91' lang='grc'><strong>,</strong></span> <span class='ocrx_word' id='word_1_704' title='bbox 2650 3941 2920 4020; x_wconf 75' lang='grc' dir='ltr'>ἀπέραντα</span> <span class='ocrx_word' id='word_1_705' title='bbox 3003 3945 3290 4003; x_wconf 75' lang='grc' dir='ltr'>πονοῦντες</span> <span class='ocrx_word' id='word_1_706' title='bbox 3373 3937 3781 4015; x_wconf 78' lang='grc' dir='ltr'>ἀπελεχθήσον-</span> 
     </span>
    </p>
   </div>
   <div class='ocr_carea' id='block_1_101' title="bbox 2129 4025 3777 4110">
    <p class='ocr_par' dir='ltr' id='par_1_101' title="bbox 2129 4025 3777 4110">
     <span class='ocr_line' id='line_1_102' title="bbox 2129 4025 3777 4110; baseline -0.003 -24"><span class='ocrx_word' id='word_1_707' title='bbox 2129 4053 2263 4104; x_wconf 86' lang='grc' dir='ltr'>ται,</span> <span class='ocrx_word' id='word_1_708' title='bbox 2326 4032 2538 4110; x_wconf 79' lang='grc' dir='ltr'>ῥύεσθαί</span> <span class='ocrx_word' id='word_1_709' title='bbox 2611 4053 2674 4108; x_wconf 92' lang='grc' dir='ltr'><strong>γε</strong></span> <span class='ocrx_word' id='word_1_710' title='bbox 2752 4029 3097 4107; x_wconf 71' lang='grc' dir='ltr'>βουλομένης</span> <span class='ocrx_word' id='word_1_711' title='bbox 3171 4035 3272 4100; x_wconf 83' lang='grc' dir='ltr'>τῆς</span> <span class='ocrx_word' id='word_1_712' title='bbox 3351 4027 3551 4094; x_wconf 86' lang='grc' dir='ltr'>ἐκεῖθεν</span> <span class='ocrx_word' id='word_1_713' title='bbox 3620 4025 3777 4082; x_wconf 90' lang='grc' dir='ltr'>δυνά-</span> 
     </span>
    </p>
   </div>
   <div class='ocr_carea' id='block_1_102' title="bbox 2134 4143 2298 4196">
    <p class='ocr_par' dir='ltr' id='par_1_102' title="bbox 2134 4143 2298 4196">
     <span class='ocr_line' id='line_1_103' title="bbox 2134 4143 2298 4196; baseline 0.006 -21"><span class='ocrx_word' id='word_1_714' title='bbox 2134 4143 2298 4196; x_wconf 73' lang='grc' dir='ltr'>μεως.</span> 
     </span>
    </p>
   </div>
   <div class='ocr_carea' id='block_1_103' title="bbox 2198 4221 3774 4302">
    <p class='ocr_par' dir='ltr' id='par_1_103' title="bbox 2198 4221 3774 4302">
     <span class='ocr_line' id='line_1_104' title="bbox 2198 4221 3774 4302; baseline -0.004 -17"><span class='ocrx_word' id='word_1_715' title='bbox 2198 4231 2299 4288; x_wconf 88' lang='grc' dir='ltr'>κα’.</span> <span class='ocrx_word' id='word_1_716' title='bbox 2358 4231 2433 4284; x_wconf 79' lang='grc' dir='ltr'>Τὰ</span> <span class='ocrx_word' id='word_1_717' title='bbox 2491 4228 2585 4302; x_wconf 78' lang='grc' dir='ltr'><strong>μὶν</strong></span> <span class='ocrx_word' id='word_1_718' title='bbox 2644 4225 2711 4297; x_wconf 75' lang='grc' dir='ltr'>δὴ</span> <span class='ocrx_word' id='word_1_719' title='bbox 2764 4225 2902 4282; x_wconf 86' lang='grc' dir='ltr'><strong>κατᾶ</strong></span> <span class='ocrx_word' id='word_1_720' title='bbox 2955 4227 3047 4281; x_wconf 89' lang='grc' dir='ltr'>τὸν</span> <span class='ocrx_word' id='word_1_721' title='bbox 3103 4226 3367 4302; x_wconf 87' lang='grc' dir='ltr'>Μάρτυρα</span> <span class='ocrx_word' id='word_1_722' title='bbox 3423 4221 3598 4286; x_wconf 71' lang='grc' dir='ltr'>οὕτως</span> <span class='ocrx_word' id='word_1_723' title='bbox 3638 4222 3774 4300; x_wconf 77' lang='grc' dir='ltr'>εἶχεο</span> 
     </span>
    </p>
   </div>
   <div class='ocr_carea' id='block_1_104' title="bbox 2131 4310 3778 4392">
    <p class='ocr_par' dir='ltr' id='par_1_104' title="bbox 2131 4310 3778 4392">
     <span class='ocr_line' id='line_1_105' title="bbox 2131 4310 3778 4392; baseline -0.005 -18"><span class='ocrx_word' id='word_1_724' title='bbox 2131 4316 2275 4380; x_wconf 86' lang='grc' dir='ltr'>δεινά</span> <span class='ocrx_word' id='word_1_725' title='bbox 2333 4319 2427 4392; x_wconf 73' lang='grc' dir='ltr'><strong>μὲν</strong></span> <span class='ocrx_word' id='word_1_726' title='bbox 2485 4317 2553 4376; x_wconf 80' lang='grc' dir='ltr'>τὰ</span> <span class='ocrx_word' id='word_1_727' title='bbox 2601 4321 2708 4374; x_wconf 80' lang='grc' dir='ltr'><strong>τῶν</strong></span> <span class='ocrx_word' id='word_1_728' title='bbox 2770 4317 3034 4389; x_wconf 87' lang='grc' dir='ltr'>βασάνων,</span> <span class='ocrx_word' id='word_1_729' title='bbox 3091 4313 3181 4370; x_wconf 89' lang='grc' dir='ltr'><strong>καὶ</strong></span> <span class='ocrx_word' id='word_1_730' title='bbox 3238 4312 3376 4390; x_wconf 89' lang='grc' dir='ltr'>πέρα</span> <span class='ocrx_word' id='word_1_731' title='bbox 3432 4310 3641 4382; x_wconf 81' lang='grc' dir='ltr'>δεινῶν,</span> <span class='ocrx_word' id='word_1_732' title='bbox 3697 4311 3778 4375; x_wconf 90' lang='grc' dir='ltr'><strong>τίς</strong></span> 
     </span>
    </p>
   </div>
   <div class='ocr_carea' id='block_1_105' title="bbox 2127 4397 3780 4484">
    <p class='ocr_par' dir='ltr' id='par_1_105' title="bbox 2127 4397 3780 4484">
     <span class='ocr_line' id='line_1_106' title="bbox 2127 4397 3780 4484; baseline -0.004 -22"><span class='ocrx_word' id='word_1_733' title='bbox 2127 4407 2228 4484; x_wconf 80' lang='grc' dir='ltr'>γὰρ</span> <span class='ocrx_word' id='word_1_734' title='bbox 2287 4405 2386 4461; x_wconf 79' lang='grc' dir='ltr'><strong>οὐκ</strong></span> <span class='ocrx_word' id='word_1_735' title='bbox 2441 4405 2501 4461; x_wconf 80' lang='grc' dir='ltr'><strong>ἂν</strong></span> <span class='ocrx_word' id='word_1_736' title='bbox 2556 4402 2721 4479; x_wconf 74' lang='grc' dir='ltr'>εἷ’ποι,</span> <span class='ocrx_word' id='word_1_737' title='bbox 2779 4405 2869 4459; x_wconf 81' lang='grc' dir='ltr'><strong>καὶ</strong></span> <span class='ocrx_word' id='word_1_738' title='bbox 2927 4403 3116 4466; x_wconf 81' lang='grc' dir='ltr'>ἀκοαῖς</span> <span class='ocrx_word' id='word_1_739' title='bbox 3174 4397 3421 4481; x_wconf 84' lang='grc' dir='ltr'>ἀφόρητα</span> <span class='ocrx_word' id='word_1_740' title='bbox 3480 4421 3494 4472; x_wconf 87' lang='grc'>;</span> <span class='ocrx_word' id='word_1_741' title='bbox 3559 4401 3780 4476; x_wconf 86' lang='grc' dir='ltr'>μείζονα</span> 
     </span>
    </p>
   </div>
   <div class='ocr_carea' id='block_1_106' title="bbox 2130 4487 3781 4568">
    <p class='ocr_par' dir='ltr' id='par_1_106' title="bbox 2130 4487 3781 4568">
     <span class='ocr_line' id='line_1_107' title="bbox 2130 4487 3781 4568; baseline -0.004 -17"><span class='ocrx_word' id='word_1_742' title='bbox 2130 4494 2188 4552; x_wconf 78' lang='grc' dir='ltr'>δὲ</span> <span class='ocrx_word' id='word_1_743' title='bbox 2240 4495 2299 4551; x_wconf 87' lang='grc' dir='ltr'><strong>ἐκ</strong></span> <span class='ocrx_word' id='word_1_744' title='bbox 2343 4499 2441 4550; x_wconf 78' lang='grc' dir='ltr'>τοῦ</span> <span class='ocrx_word' id='word_1_745' title='bbox 2497 4493 2735 4550; x_wconf 76' lang='grc' dir='ltr'>ἐναντίου</span> <span class='ocrx_word' id='word_1_746' title='bbox 2790 4493 2858 4549; x_wconf 77' lang='grc' dir='ltr'>τὰ</span> <span class='ocrx_word' id='word_1_747' title='bbox 2911 4497 3018 4548; x_wconf 80' lang='grc' dir='ltr'>τῶν</span> <span class='ocrx_word' id='word_1_748' title='bbox 3074 4491 3442 4568; x_wconf 73' lang='grc' dir='ltr'>ἀντιλήψεων,</span> <span class='ocrx_word' id='word_1_749' title='bbox 3501 4491 3577 4554; x_wconf 86' lang='grc' dir='ltr'>ὡς</span> <span class='ocrx_word' id='word_1_750' title='bbox 3640 4487 3781 4564; x_wconf 78' lang='grc' dir='ltr'>μηδὲ</span> 
     </span>
    </p>
   </div>
   <div class='ocr_carea' id='block_1_107' title="bbox 2128 4577 3778 4657">
    <p class='ocr_par' dir='ltr' id='par_1_107' title="bbox 2128 4577 3778 4657">
     <span class='ocr_line' id='line_1_108' title="bbox 2128 4577 3778 4657; baseline -0.002 -18"><span class='ocrx_word' id='word_1_751' title='bbox 2128 4585 2417 4646; x_wconf 83' lang='grc' dir='ltr'>κακώσεως</span> <span class='ocrx_word' id='word_1_752' title='bbox 2464 4579 2619 4657; x_wconf 68' lang='grc' dir='ltr'>ἴχνος</span> <span class='ocrx_word' id='word_1_753' title='bbox 2670 4582 2793 4654; x_wconf 83' lang='grc' dir='ltr'>μετᾶ</span> <span class='ocrx_word' id='word_1_754' title='bbox 2857 4581 2957 4649; x_wconf 72' lang='grc' dir='ltr'>τὴν</span> <span class='ocrx_word' id='word_1_755' title='bbox 3013 4579 3286 4654; x_wconf 79' lang='grc' dir='ltr'>ἐπίσκεψιν</span> <span class='ocrx_word' id='word_1_756' title='bbox 3342 4579 3537 4652; x_wconf 75' lang='grc' dir='ltr'>μένεινο</span> <span class='ocrx_word' id='word_1_757' title='bbox 3575 4577 3778 4652; x_wconf 77' lang='grc' dir='ltr'>,ἐπειδὴ</span> 
     </span>
    </p>
   </div>
   <div class='ocr_carea' id='block_1_108' title="bbox 3526 4666 3779 4744">
    <p class='ocr_par' dir='ltr' id='par_1_108' title="bbox 3526 4666 3779 4744">
     <span class='ocr_line' id='line_1_109' title="bbox 3526 4666 3779 4744; baseline 0.012 -21"><span class='ocrx_word' id='word_1_758' title='bbox 3526 4713 3542 4737; x_wconf 95' lang='grc'><strong>,</strong></span> <span class='ocrx_word' id='word_1_759' title='bbox 3599 4666 3779 4744; x_wconf 77' lang='grc' dir='ltr'>ΐσχύει</span> 
     </span>
    </p>
   </div>
   <div class='ocr_carea' id='block_1_109' title="bbox 2133 4755 3778 4835">
    <p class='ocr_par' dir='ltr' id='par_1_109' title="bbox 2133 4755 3778 4835">
     <span class='ocr_line' id='line_1_110' title="bbox 2133 4755 3778 4835; baseline -0.001 -17"><span class='ocrx_word' id='word_1_760' title='bbox 2133 4763 2228 4835; x_wconf 89' lang='grc' dir='ltr'><strong>μέν</strong></span> <span class='ocrx_word' id='word_1_761' title='bbox 2287 4782 2371 4816; x_wconf 90' lang='grc' dir='ltr'><strong>τοι</strong></span> <span class='ocrx_word' id='word_1_762' title='bbox 2428 4759 2610 4829; x_wconf 83' lang='grc' dir='ltr'>κακία,</span> <span class='ocrx_word' id='word_1_763' title='bbox 2669 4759 2758 4814; x_wconf 87' lang='grc' dir='ltr'><strong>καὶ</strong></span> <span class='ocrx_word' id='word_1_764' title='bbox 2803 4758 2938 4814; x_wconf 88' lang='grc' dir='ltr'>πάνυ</span> <span class='ocrx_word' id='word_1_765' title='bbox 2985 4755 3130 4814; x_wconf 80' lang='grc' dir='ltr'>πολὺ</span> <span class='ocrx_word' id='word_1_766' title='bbox 3179 4756 3254 4819; x_wconf 86' lang='grc' dir='ltr'>εἰς</span> <span class='ocrx_word' id='word_1_767' title='bbox 3299 4757 3364 4814; x_wconf 77' lang='grc' dir='ltr'>τὸ</span> <span class='ocrx_word' id='word_1_768' title='bbox 3412 4757 3626 4826; x_wconf 68' lang='grc' dir='ltr'>ἑαυτῆς·</span> <span class='ocrx_word' id='word_1_769' title='bbox 3671 4761 3778 4826; x_wconf 73' lang='grc' dir='ltr'>ποῦ</span> 
     </span>
    </p>
   </div>
   <div class='ocr_carea' id='block_1_110' title="bbox 2131 4845 3776 4924">
    <p class='ocr_par' dir='ltr' id='par_1_110' title="bbox 2131 4845 3776 4924">
     <span class='ocr_line' id='line_1_111' title="bbox 2131 4845 3776 4924; baseline -0.004 -18"><span class='ocrx_word' id='word_1_770' title='bbox 2131 4849 2189 4908; x_wconf 82' lang='grc' dir='ltr'>δὲ</span> <span class='ocrx_word' id='word_1_771' title='bbox 2253 4848 2410 4923; x_wconf 75' lang='grc' dir='ltr'>ὅμως</span> <span class='ocrx_word' id='word_1_772' title='bbox 2487 4853 2744 4904; x_wconf 79' lang='grc' dir='ltr'>τοσοῦτον</span> <span class='ocrx_word' id='word_1_773' title='bbox 2779 4891 2794 4919; x_wconf 91' lang='grc'><strong>,</strong></span> <span class='ocrx_word' id='word_1_774' title='bbox 2869 4846 2991 4904; x_wconf 79' lang='grc' dir='ltr'>ὅσον</span> <span class='ocrx_word' id='word_1_775' title='bbox 3065 4846 3320 4924; x_wconf 79' lang='grc' dir='ltr'>ἀγαθῦναι</span> <span class='ocrx_word' id='word_1_776' title='bbox 3394 4845 3524 4910; x_wconf 85' lang='grc' dir='ltr'>Θεός</span> <span class='ocrx_word' id='word_1_777' title='bbox 3577 4865 3593 4920; x_wconf 82' lang='lat'><strong>;</strong></span> <span class='ocrx_word' id='word_1_778' title='bbox 3650 4853 3776 4922; x_wconf 66' lang='grc' dir='ltr'><strong>ᾼιθ-</strong></span> 
     </span>
    </p>
   </div>
   <div class='ocr_carea' id='block_1_111' title="bbox 2126 4931 3779 5016">
    <p class='ocr_par' dir='ltr' id='par_1_111' title="bbox 2126 4931 3779 5016">
     <span class='ocr_line' id='line_1_112' title="bbox 2126 4931 3779 5016; baseline -0.002 -21"><span class='ocrx_word' id='word_1_779' title='bbox 2126 4937 2420 5010; x_wconf 87' lang='grc' dir='ltr'>κλητιανὸς</span> <span class='ocrx_word' id='word_1_780' title='bbox 2470 4935 2528 4993; x_wconf 80' lang='grc' dir='ltr'>δὲ</span> <span class='ocrx_word' id='word_1_781' title='bbox 2575 4937 2635 4992; x_wconf 86' lang='grc' dir='ltr'><strong>οὐ</strong></span> <span class='ocrx_word' id='word_1_782' title='bbox 2690 4937 2856 5016; x_wconf 86' lang='grc' dir='ltr'>μέχρι</span> <span class='ocrx_word' id='word_1_783' title='bbox 2903 4934 3114 4992; x_wconf 87' lang='grc' dir='ltr'>τούτων</span> <span class='ocrx_word' id='word_1_784' title='bbox 3171 4931 3295 5014; x_wconf 78' lang='grc' dir='ltr'>ἔστη</span> <span class='ocrx_word' id='word_1_785' title='bbox 3323 4980 3338 5007; x_wconf 94' lang='grc'><strong>,</strong></span> <span class='ocrx_word' id='word_1_786' title='bbox 3388 4931 3504 4991; x_wconf 76' lang='grc' dir='ltr'>οὐδ’</span> <span class='ocrx_word' id='word_1_787' title='bbox 3550 4934 3779 4995; x_wconf 75' lang='grc' dir='ltr'>ἐνταῦθα</span> 
     </span>
    </p>
   </div>
   <div class='ocr_carea' id='block_1_112' title="bbox 2123 5021 3776 5105">
    <p class='ocr_par' dir='ltr' id='par_1_112' title="bbox 2123 5021 3776 5105">
     <span class='ocr_line' id='line_1_113' title="bbox 2123 5021 3776 5105; baseline -0.001 -20"><span class='ocrx_word' id='word_1_788' title='bbox 2123 5030 2192 5086; x_wconf 80' lang='grc' dir='ltr'>τὰ</span> <span class='ocrx_word' id='word_1_789' title='bbox 2273 5025 2540 5105; x_wconf 76' lang='grc' dir='ltr'>τιμωρίας</span> <span class='ocrx_word' id='word_1_790' title='bbox 2612 5025 2872 5101; x_wconf 83' lang='grc' dir='ltr'>ὡρίσατο,</span> <span class='ocrx_word' id='word_1_791' title='bbox 2935 5022 3123 5094; x_wconf 83' lang='grc' dir='ltr'>ἐπειδὴ</span> <span class='ocrx_word' id='word_1_792' title='bbox 3192 5021 3284 5080; x_wconf 73' lang='grc' dir='ltr'><strong>καὶ</strong></span> <span class='ocrx_word' id='word_1_793' title='bbox 3353 5025 3529 5083; x_wconf 75' lang='grc' dir='ltr'>πάντα</span> <span class='ocrx_word' id='word_1_794' title='bbox 3579 5025 3776 5102; x_wconf 70' lang='grc' dir='ltr'>,μετῄει</span> 
     </span>
    </p>
   </div>
   <div class='ocr_carea' id='block_1_113' title="bbox 2131 5113 3777 5194">
    <p class='ocr_par' dir='ltr' id='par_1_113' title="bbox 2131 5113 3777 5194">
     <span class='ocr_line' id='line_1_114' title="bbox 2131 5113 3777 5194; baseline -0.004 -22"><span class='ocrx_word' id='word_1_795' title='bbox 2131 5118 2378 5193; x_wconf 88' lang='grc' dir='ltr'>βασάνων</span> <span class='ocrx_word' id='word_1_796' title='bbox 2425 5113 2566 5187; x_wconf 75' lang='grc' dir='ltr'>εἷ’δηο</span> <span class='ocrx_word' id='word_1_797' title='bbox 2609 5113 2738 5174; x_wconf 86' lang='grc' dir='ltr'>ἀλλ’</span> <span class='ocrx_word' id='word_1_798' title='bbox 2794 5113 2974 5190; x_wconf 81' lang='grc' dir='ltr'>ὥσπερ</span> <span class='ocrx_word' id='word_1_799' title='bbox 3031 5113 3089 5168; x_wconf 75' lang='grc' dir='ltr'>οἱ</span> <span class='ocrx_word' id='word_1_800' title='bbox 3147 5116 3372 5191; x_wconf 79' lang='grc' dir='ltr'>σφαῖραν</span> <span class='ocrx_word' id='word_1_801' title='bbox 3416 5115 3777 5194; x_wconf 74' lang='grc' dir='ltr'>περιτρέχον-</span> 
     </span>
    </p>
   </div>
   <div class='ocr_carea' id='block_1_114' title="bbox 2124 5201 3772 5281">
    <p class='ocr_par' dir='ltr' id='par_1_114' title="bbox 2124 5201 3772 5281">
     <span class='ocr_line' id='line_1_115' title="bbox 2124 5201 3772 5281; baseline -0.004 -19"><span class='ocrx_word' id='word_1_802' title='bbox 2124 5227 2209 5269; x_wconf 86' lang='grc' dir='ltr'><strong>τες</strong></span> <span class='ocrx_word' id='word_1_803' title='bbox 2245 5250 2259 5276; x_wconf 94' lang='grc'><strong>,</strong></span> <span class='ocrx_word' id='word_1_804' title='bbox 2320 5205 2401 5260; x_wconf 85' lang='grc' dir='ltr'><strong>ἀεὶ</strong></span> <span class='ocrx_word' id='word_1_805' title='bbox 2474 5205 2574 5274; x_wconf 75' lang='grc' dir='ltr'>τήν</span> <span class='ocrx_word' id='word_1_806' title='bbox 2646 5204 2940 5281; x_wconf 79' lang='grc' dir='ltr'>περιφορὰν</span> <span class='ocrx_word' id='word_1_807' title='bbox 3016 5201 3356 5279; x_wconf 74' lang='grc' dir='ltr'>πληροῦντες</span> <span class='ocrx_word' id='word_1_808' title='bbox 3429 5202 3528 5272; x_wconf 74' lang='grc' dir='ltr'>τὴν</span> <span class='ocrx_word' id='word_1_809' title='bbox 3604 5202 3772 5273; x_wconf 69' lang='grc' dir='ltr'>αὐτὴν</span> 
     </span>
    </p>
   </div>
   <div class='ocr_carea' id='block_1_115' title="bbox 2124 5290 3772 5369">
    <p class='ocr_par' dir='ltr' id='par_1_115' title="bbox 2124 5290 3772 5369">
     <span class='ocr_line' id='line_1_116' title="bbox 2124 5290 3772 5369; baseline 0 -19"><span class='ocrx_word' id='word_1_810' title='bbox 2124 5299 2404 5365; x_wconf 72' lang='grc' dir='ltr'>ποιοῦνται</span> <span class='ocrx_word' id='word_1_811' title='bbox 2461 5293 2662 5369; x_wconf 76' lang='grc' dir='ltr'>ἀρχὴν,</span> <span class='ocrx_word' id='word_1_812' title='bbox 2726 5292 2868 5348; x_wconf 75' lang='grc' dir='ltr'>οὕτω</span> <span class='ocrx_word' id='word_1_813' title='bbox 2922 5313 3029 5348; x_wconf 89' lang='grc' dir='ltr'><strong>που</strong></span> <span class='ocrx_word' id='word_1_814' title='bbox 3091 5290 3182 5346; x_wconf 88' lang='grc' dir='ltr'><strong>καὶ</strong></span> <span class='ocrx_word' id='word_1_815' title='bbox 3239 5290 3427 5358; x_wconf 70' lang='grc' dir='ltr'>αὐτὸς,</span> <span class='ocrx_word' id='word_1_816' title='bbox 3480 5291 3560 5355; x_wconf 79' lang='grc' dir='ltr'>ὡς</span> <span class='ocrx_word' id='word_1_817' title='bbox 3619 5290 3772 5362; x_wconf 73' lang='grc' dir='ltr'>οὐδὲν</span> 
     </span>
    </p>
   </div>
   <div class='ocr_carea' id='block_1_116' title="bbox 2123 5377 3772 5458">
    <p class='ocr_par' dir='ltr' id='par_1_116' title="bbox 2123 5377 3772 5458">
     <span class='ocr_line' id='line_1_117' title="bbox 2123 5377 3772 5458; baseline -0.001 -22"><span class='ocrx_word' id='word_1_818' title='bbox 2123 5383 2189 5452; x_wconf 81' lang='grc' dir='ltr'>ἦν</span> <span class='ocrx_word' id='word_1_819' title='bbox 2224 5381 2370 5454; x_wconf 84' lang='grc' dir='ltr'>αύτῷ</span> <span class='ocrx_word' id='word_1_820' title='bbox 2413 5403 2465 5437; x_wconf 85' lang='grc' dir='ltr'><strong>τι</strong></span> <span class='ocrx_word' id='word_1_821' title='bbox 2513 5381 2678 5439; x_wconf 83' lang='grc' dir='ltr'>πλέον</span> <span class='ocrx_word' id='word_1_822' title='bbox 2727 5379 3093 5458; x_wconf 81' lang='grc' dir='ltr'>γεγενημένῳ,</span> <span class='ocrx_word' id='word_1_823' title='bbox 3145 5378 3243 5435; x_wconf 80' lang='grc' dir='ltr'><strong>οὐκ</strong></span> <span class='ocrx_word' id='word_1_824' title='bbox 3294 5379 3554 5454; x_wconf 78' lang='grc' dir='ltr'>ἀπείρηκε</span> <span class='ocrx_word' id='word_1_825' title='bbox 3601 5377 3772 5440; x_wconf 78' lang='grc' dir='ltr'>κολά-</span> 
     </span>
    </p>
   </div>
   <div class='ocr_carea' id='block_1_117' title="bbox 2128 5466 3770 5547">
    <p class='ocr_par' dir='ltr' id='par_1_117' title="bbox 2128 5466 3770 5547">
     <span class='ocr_line' id='line_1_118' title="bbox 2128 5466 3770 5547; baseline -0.002 -22"><span class='ocrx_word' id='word_1_826' title='bbox 2128 5477 2230 5539; x_wconf 85' lang='grc' dir='ltr'><strong>ζων</strong></span> <span class='ocrx_word' id='word_1_827' title='bbox 2267 5489 2280 5502; x_wconf 87' lang='grc'><strong>·</strong></span> <span class='ocrx_word' id='word_1_828' title='bbox 2341 5471 2633 5547; x_wconf 80' lang='grc' dir='ltr'>ἀρξάμενος</span> <span class='ocrx_word' id='word_1_829' title='bbox 2689 5468 2746 5526; x_wconf 74' lang='grc' dir='ltr'><strong>δὲ</strong></span> <span class='ocrx_word' id='word_1_830' title='bbox 2800 5471 2890 5526; x_wconf 85' lang='grc' dir='ltr'><strong>καὶ</strong></span> <span class='ocrx_word' id='word_1_831' title='bbox 2946 5467 3098 5530; x_wconf 79' lang='grc' dir='ltr'>αὖθις</span> <span class='ocrx_word' id='word_1_832' title='bbox 3156 5467 3216 5526; x_wconf 83' lang='grc' dir='ltr'><strong>ἐκ</strong></span> <span class='ocrx_word' id='word_1_833' title='bbox 3268 5475 3370 5540; x_wconf 80' lang='grc' dir='ltr'>τῆς</span> <span class='ocrx_word' id='word_1_834' title='bbox 3427 5468 3603 5542; x_wconf 73' lang='grc' dir='ltr'>αἰκίας</span> <span class='ocrx_word' id='word_1_835' title='bbox 3752 5516 3770 5544; x_wconf 74' lang='grc'><strong>,</strong></span> 
     </span>
    </p>
   </div>
   <div class='ocr_carea' id='block_1_118' title="bbox 2125 5555 3767 5638">
    <p class='ocr_par' dir='ltr' id='par_1_118' title="bbox 2125 5555 3767 5638">
     <span class='ocr_line' id='line_1_119' title="bbox 2125 5555 3767 5638; baseline 0 -24"><span class='ocrx_word' id='word_1_836' title='bbox 2125 5559 2323 5633; x_wconf 79' lang='grc' dir='ltr'>ἀνομίᾳ</span> <span class='ocrx_word' id='word_1_837' title='bbox 2394 5560 2700 5636; x_wconf 79' lang='grc' dir='ltr'>προστιθεὶς</span> <span class='ocrx_word' id='word_1_838' title='bbox 2777 5557 3000 5632; x_wconf 87' lang='grc' dir='ltr'>ἀνομίαν</span> <span class='ocrx_word' id='word_1_839' title='bbox 3073 5603 3087 5628; x_wconf 86' lang='grc'><strong>,</strong></span> <span class='ocrx_word' id='word_1_840' title='bbox 3142 5557 3232 5612; x_wconf 85' lang='grc' dir='ltr'><strong>καὶ</strong></span> <span class='ocrx_word' id='word_1_841' title='bbox 3292 5555 3482 5631; x_wconf 72' lang='grc' dir='ltr'>α’ίμασι</span> <span class='ocrx_word' id='word_1_842' title='bbox 3562 5557 3767 5638; x_wconf 82' lang='grc' dir='ltr'>μίσγων</span> 
     </span>
    </p>
   </div>
   <div class='ocr_carea' id='block_1_119' title="bbox 2123 5645 3770 5727">
    <p class='ocr_par' dir='ltr' id='par_1_119' title="bbox 2123 5645 3770 5727">
     <span class='ocr_line' id='line_1_120' title="bbox 2123 5645 3770 5727; baseline -0.001 -23"><span class='ocrx_word' id='word_1_843' title='bbox 2123 5646 2326 5723; x_wconf 76' lang='grc' dir='ltr'>α’ίματα</span> <span class='ocrx_word' id='word_1_844' title='bbox 2358 5690 2372 5704; x_wconf 90' lang='grc'><strong><em>.</em></strong></span> <span class='ocrx_word' id='word_1_845' title='bbox 2429 5651 2517 5712; x_wconf 85' lang='grc' dir='ltr'>Ὡς</span> <span class='ocrx_word' id='word_1_846' title='bbox 2582 5649 2683 5727; x_wconf 78' lang='grc' dir='ltr'>γὰρ</span> <span class='ocrx_word' id='word_1_847' title='bbox 2759 5649 2874 5710; x_wconf 80' lang='grc' dir='ltr'>ένὸς</span> <span class='ocrx_word' id='word_1_848' title='bbox 2944 5646 3141 5704; x_wconf 81' lang='grc' dir='ltr'>τούτου</span> <span class='ocrx_word' id='word_1_849' title='bbox 3217 5645 3476 5724; x_wconf 86' lang='grc' dir='ltr'>μεγίστου</span> <span class='ocrx_word' id='word_1_850' title='bbox 3548 5668 3609 5704; x_wconf 89' lang='grc' dir='ltr'><strong>τε</strong></span> <span class='ocrx_word' id='word_1_851' title='bbox 3678 5649 3770 5706; x_wconf 82' lang='grc' dir='ltr'>καὶ</span> 
     </span>
    </p>
   </div>
   <div class='ocr_carea' id='block_1_120' title="bbox 2124 5733 3774 5816">
    <p class='ocr_par' dir='ltr' id='par_1_120' title="bbox 2124 5733 3774 5816">
     <span class='ocr_line' id='line_1_121' title="bbox 2124 5733 3774 5816; baseline 0.002 -21"><span class='ocrx_word' id='word_1_852' title='bbox 2124 5739 2544 5816; x_wconf 76' lang='grc' dir='ltr'>ἀναγκαιοτάτου</span> <span class='ocrx_word' id='word_1_853' title='bbox 2627 5736 2841 5804; x_wconf 78' lang='grc' dir='ltr'>πάντων</span> <span class='ocrx_word' id='word_1_854' title='bbox 2916 5737 3140 5816; x_wconf 80' lang='grc' dir='ltr'>ἀγώνων</span> <span class='ocrx_word' id='word_1_855' title='bbox 3217 5733 3605 5816; x_wconf 77' lang='grc' dir='ltr'>τυγχάνοντος,</span> <span class='ocrx_word' id='word_1_856' title='bbox 3661 5740 3774 5798; x_wconf 78' lang='grc' dir='ltr'>τῶν</span> 
     </span>
    </p>
   </div>
  </div>
