4118 6466
1593 491 1992 577 Lanuuio
2036 513 2107 578 s.
2149 503 2488 574 GEORGII.

3617 506 3734 573 322

333 640 525 714 ἔλλων
577 635 774 711 Em.)th
825 648 1157 723 ἀποστήσας,
1215 647 1388 705 καίτοι
1446 628 1670 703 πολλῶν
1730 641 2019 721 σφοδρῶς,

2135 662 2337 713 onens,
2369 648 2425 700 et
2453 644 2723 717 sanguini
2755 645 3102 718 sanguinem
3140 646 3545 706 commiscens.
3577 650 3736 705 Tan-

333 743 689 819 ἐπικειμένων
739 741 1012 819 καὶπρός
1077 739 1237 795 ἐαυτά
1307 735 1696 811 μεθελκόντων,
1749 735 1810 789 οὐ
1881 732 1980 804 δη-

341 833 532 911 μοσίας
583 833 848 888 καθιστῶν
901 827 1218 900 διοικήσεις,
1261 827 1323 882 οὗ
1377 825 1665 887 πολιτικὰς
1736 821 1984 911 διορθοόῗ

346 909 500 998 μενος
565 917 980 994 πλημμελείας,
1045 917 1106 972 οὐ
1174 917 1381 978 πάσεις
1443 911 1852 990 καταπραῦνων,
1922 909 1984 966 οὗ

345 1011 620 1086 πολέμους
669 1007 726 1065 εὗ
777 1006 1170 1081 διατιθέμενος,
1211 1005 1346 1082 πρὸς
1403 1003 1566 1078 μόνον
1615 1000 1772 1058 τόνδε
1819 1002 1983 1070 συνή-

345 1105 549 1179 Θροισεν
619 1100 832 1169 ἑαυτὸν,
897 1096 1070 1152 πάντα
1133 1094 1318 1171 καιρὸν
1397 1092 1622 1156 ἐνταῦθα
1696 1088 1985 1147 καταναλί-

349 1213 490 1248 σκων
517 1189 601 1244 καὶ
629 1193 800 1243 πᾶσαν
835 1185 1100 1243 ἐπίνοιαν.

418 1457 527 1536 κβ’.
557 1456 734 1514 Τοῦτο
793 1450 851 1508 δὲ
906 1449 1077 1521 δῆλον
1135 1453 1396 1526 θεωροῦσι
1451 1449 1512 1504 τὸ
1572 1447 1794 1536 συνεχὲς
1853 1447 1992 1536 ὁμοῦ

344 1533 890 1617 καῖνέπιτεταμένον·
933 1543 1031 1609 τῆς
1087 1538 1210 1615 περὶ
1267 1542 1435 1593 ταῦτα
1485 1534 1744 1606 σπουδῆςο
1787 1533 1996 1608 ἡμέραν

345 1637 456 1712 γᾶρ
516 1633 730 1703 ἂιείνην
787 1630 931 1685 οὕτω
977 1628 1325 1704 παρέπεμψεν
1378 1626 1453 1712 είς
1497 1629 1562 1680 τὸ
1594 1623 1996 1700 δεσμωτήριον,

481 1722 528 1778 δ’
587 1718 959 1796 ἐπιγενομένη,
1016 1717 1207 1779 νυκτὸς
1267 1716 1342 1778 ὡς
1401 1710 1572 1770 ἔοικεν
1633 1713 1856 1787 ἀνομίαν
1909 1711 1997 1767 ἐπὶ

346 1783 454 1884 iii:
508 1783 705 1881 κοίτης
754 1783 919 1864 αῦτοῦ
976 1805 1450 1883 διαλογισάμενος,
1503 1802 1658 1866 εὐθὺς
1696 1804 1772 1865 ὡς
1819 1801 2000 1876 ἡμέρα

350 1888 676 1980 διεφαῖνετο,
763 1896 1004 1970 δημοσίᾳ
1083 1893 1487 1970 προκαθεσθεὶς,
1546 1891 1780 1953 πολλοῖς
1848 1892 2000 1980 ,ὁμοῦ

2095 750 2268 805 quam
2301 732 2457 788 enim
2478 733 2525 788 si
2544 751 2697 789 unus
2715 733 2809 788 hic
2828 733 2993 790 labor
3017 752 3132 806 prae
3152 737 3375 792 caeteris
3393 738 3667 795 omnibus
3684 738 3736 796 ei

2093 822 2384 877 maximus
2415 826 2589 888 esset,
2623 827 2679 877 et
2708 827 2842 878 ante
2874 827 3472 894 omnesjnecessarius
3498 846 3510 895 ;
3534 829 3736 885 tantis-

2095 927 2197 983 per
2227 910 2526 966 abstinens
2559 911 2629 966 ab
2663 911 2793 967 aliis
2825 913 3370 985 negotiis,quamvis
3391 918 3736 988 graviusin-

2097 998 2510 1054 cumbentibus
2533 1004 2588 1054 et
2609 1001 2680 1054 ad
2711 1017 2772 1055 se
2795 1001 3201 1074 trahentibus;
3221 1021 3336 1059 non
3357 1006 3620 1077 publicas
3643 1025 3739 1064 cu-

2097 1105 2234 1144 rans
2256 1087 2934 1157 administrationes,non
2966 1091 3228 1162 politicas
3250 1094 3509 1168 dirigens
3532 1097 3741 1153 sollici-

2097 1177 2349 1248 tudines,
2400 1194 2515 1233 non
2565 1178 2879 1235 seditiones
2929 1197 3198 1238 coercens
3261 1189 3360 1238 aut
3402 1183 3555 1241 bella
3606 1191 3740 1258 apte

2099 1267 2591 1337 ordinans,totum
2623 1284 2682 1324 se
2712 1275 2913 1325 contra
2942 1287 3126 1326 unum
3149 1272 3379 1347 collegit
3399 1274 3734 1348 Georgium,

2100 1373 2272 1413 omne
2303 1357 2360 1412 in
2380 1373 2446 1412 eo
2468 1361 2962 1430 tempus,omnem
2992 1359 3340 1418 industriam
3363 1381 3739 1423 consumens.

2173 1447 2260 1500 2‘2.
2295 1446 2412 1501 Hoc
2442 1451 2636 1502 autem
2689 1449 3067 1504 manifestum
3097 1451 3196 1506 {iet
3234 1455 3739 1513 considerantibus

2105 1535 2510 1592 assiduitatem
2539 1540 2597 1591 et
2642 1535 3024 1593 intentionem
3055 1540 3234 1596 studii
3265 1543 3439 1599 rebus
3468 1544 3599 1600 istis
3629 1547 3740 1600 im-

2105 1625 2291 1697 pensi.
2325 1624 2431 1680 Illa
2458 1625 2613 1680 enim
2646 1625 2735 1680 die
2764 1625 2823 1681 in
2857 1643 3145 1684 carcerem
3176 1647 3308 1686 eum
3338 1634 3534 1704 misit;
3570 1640 3744 1692 noctu

2108 1717 2327 1780 autem,
2359 1718 2424 1768 ut
2452 1713 2684 1781 assolet,
2716 1715 3086 1787 iniquitatem
3134 1721 3449 1779 meditatus
3479 1724 3536 1779 in
3569 1727 3751 1782 cubili

2109 1819 2376 1872 suo,mox
2409 1807 2472 1857 ut
2501 1803 2626 1858 dies
2655 1803 2843 1858 illuxit
2874 1822 2976 1877 pro
3009 1806 3284 1864 tribunali
3307 1813 3751 1884 sedens,multis

2110 1891 2626 1947 circumstantibus
2645 1893 2714 1946 ad
2739 1909 2940 1949 eorum
2961 1895 3060 1966 qui
3081 1897 3752 1974 advenirentsusceptio-

347 1979 472 2053 τοῖς
514 1990 864 2066 περιεστῶσιν
919 1985 1008 2041 ἐπὶ
1056 1983 1361 2057 καταλήψει
1410 1986 1520 2037 τῶν
1558 1979 1999 2057 ἐντυγχανόντων

427 2079 448 2084 _
528 2077 550 2084 -
813 2076 826 2084 .
1137 2074 1149 2084 .
1339 2066 1394 2084 ο.
1495 2071 1506 2084 .
1891 2074 1914 2084 ..

2130 1980 2653 2052 aem,stipatusque
2684 1981 2956 2038 satellitio
2985 1989 3043 2040 et
3073 1987 3338 2044 omnium
3369 1990 3427 2045 in
3459 2007 3521 2048 se
3550 1993 3752 2050 oculos

351 2079 449 2139 καῖ
526 2076 1004 2156 δορυφορούμενος
1063 2074 1154 2128 καὶ
1208 2066 1696 2149 περιϐλεπόμενος,
1753 2074 1999 2146 παρεῖναι

351 2159 592 2228 κελεύει.
659 2167 722 2222 Ὅ
794 2163 852 2220 δὲ
914 2169 1115 2239 παρῆν,
1182 2160 1461 2248 ἀμφότερα
1525 2161 1600 2222 ὡς
1699 2159 2006 2248 ἔρῥωμένος

354 2260 716 2332 ποιούμενος,
755 2253 846 2310 καὶ
899 2253 1077 2308 στάσιν
1129 2250 1362 2319 ὁπηνίκα
1407 2247 1615 2322 δεήσοι,
1646 2249 1735 2303 καὶ
1792 2248 2005 2318 κίνησιν

360 2347 490 2405 ὅποι
522 2347 784 2421 παρήκοι,
819 2341 987 2417 μηδὲν
1039 2340 1280 2403 συνόλως
1321 2338 1380 2394 ἐκ
1427 2344 1528 2410 τῆς
1566 2343 1674 2393 τῶν
1723 2335 2005 2413 κρηπίδων

359 2439 606 2513 ἀνάγκης
678 2429 1237 2510 παρεμποδιζόμενος,
1313 2434 1543 2504 πρᾶγμα
1632 2431 1792 2482 τοῦτο
1865 2426 2012 2503 πάρά

360 2532 538 2583 πᾶσαν
595 2523 719 2580 τότε
789 2519 1113 2598 προσδοκίαν
1173 2519 1352 2598 φανὲν.
1403 2517 1495 2580 Τίς
1550 2516 1651 2594 γὰρ
1710 2515 1768 2571 ἂν
1823 2517 2011 2590 ᾠήθην

364 2617 572 2672 ὁπόταν
607 2613 654 2668 εἷ
685 2611 772 2668 καὶ
817 2611 892 2685 μὴ
922 2609 1107 2666 τὲλεον
1161 2605 1392 2663 ἀπέλιπε
1419 2607 1520 2676 τήν
1571 2607 1736 2676 ζωὴν,
1766 2604 1891 2661 ἀλλ’
1919 2603 2009 2660 οὖν

365 2703 545 2766 οὕτως
608 2703 782 2774 ἑαυτῷ
845 2705 991 2755 ποτε
1026 2699 1333 2775 χρήσασθαι
1397 2693 1730 2766 δυνηθῆναι;
1781 2695 1909 2749 Νυνὶ
1965 2691 2012 2748 δ’

364 2793 662 2871 ἐκέχρητο,
696 2788 979 2866 ἐπικουρίᾳ
1026 2790 1183 2857 Θεοῦ,
1214 2785 1438 2862 πληγὴν
1492 2784 1705 2846 πάντως
1761 2783 2014 2860 προστρί-

364 2879 562 2945 ϐοντος
633 2878 1029 2950 Διοκλητιανῷ,
1097 2876 1223 2938 καὶ,
1264 2876 1335 2930 ὧν
1426 2873 1683 2950 ἐπήνεγκε
1769 2873 2009 2947 μείζονα.

361 2970 523 3031 Ἀλλ’
567 2966 752 3040 ἐπειδή
803 2973 864 3045 γε
911 2967 1113 3043 παρῆν,
1143 2967 1284 3041 ’Δρα
1327 2963 1379 3018 τί
1422 2984 1527 3034 σοι,
1578 2962 1762 3041 φησὶν,
1807 2959 2013 3034 ἡδονήν

365 3082 490 3116 τινα
541 3060 631 3114 καὶ
675 3059 837 3135 ’χάριν
893 3055 1185 3131 ἐσχήκασιν
1238 3053 1293 3108 αἱ
1339 3049 1644 3127 κρηπῖδες;
1691 3050 1727 3120 ἢ
1769 3050 1821 3105 τί
1865 3051 2012 3124 φῄςς

371 3144 468 3206 καὶ
499 3149 593 3204 τὸν
645 3149 722 3221 (1)
891 3145 1009 3206 πῶς
1065 3144 1170 3219 γὰρ
1227 3141 1335 3217 οὐχ
1388 3139 1612 3212 ἡδονὴν,
1665 3140 1710 3194 ὥ
1770 3139 2015 3216 βασιλεῦ,

381 3240 560 3318 φάναι,
594 3233 702 3310 μεθ’
731 3237 806 3290 ὧν
840 3234 945 3310 ἐγὼ
973 3228 1073 3302 τὴν
1100 3232 1238 3308 πρὸς
1266 3230 1395 3286 Θεὸν
1420 3227 1801 3302 ὲστελλόμηνς

455 3328 558 3403 κεί.
586 3327 654 3380 Τὸ
695 3322 751 3380 δὲ
800 3321 867 3392 δή
913 3320 1127 3397 θράσος,
1160 3318 1216 3375 αἳ
1257 3341 1318 3375 τε
1369 3324 1710 3395 μαγγανεῖαι,
1735 3319 1809 3390 τί,
1863 3319 2017 3396 φησὶ,

2116 2069 2406 2139 conjectos
2453 2068 2695 2139 habens,
2729 2069 2930 2126 adesse
2977 2071 3286 2146 Georgium
3327 2078 3516 2148 jubet.
3549 2080 3755 2137 Adfuit

2114 2163 2330 2226 autem,
2363 2161 2420 2212 et
2465 2157 2796 2226 stationem,
2831 2162 3064 2230 quando
3106 2180 3253 2236 opus
3301 2167 3429 2238 fuit,
3461 2174 3518 2226 et
3564 2171 3755 2228 inces-

2117 2263 2271 2317 sum,
2331 2246 2564 2318 quando
2621 2248 2996 2304 conveniebat
3052 2252 3268 2309 faciens
3321 2274 3333 2323 ;
3392 2258 3450 2313 in
3509 2265 3757 2332 utroque

2117 2335 2305 2405 fortis,
2338 2339 2394 2390 et
2424 2333 2567 2389 nihil
2599 2336 2836 2391 omnino
2884 2338 3201 2410 impeditus
3231 2347 3597 2418 crepidarum
3631 2367 3756 2407 mo-

2118 2423 2444 2487 lestia.Quaa
2476 2439 2569 2478 res
2599 2431 2806 2496 praeter
2834 2443 3064 2485 omnem
3099 2436 3587 2504 exspectationem
3625 2440 3757 2496 fuit.

2120 2513 2260 2576 Quis
2294 2512 2448 2568 enim
2498 2515 2909 2584 existimasset,
2943 2520 2992 2573 si
3025 2537 3136 2575 non
3171 2525 3407 2580 omnino
3438 2528 3763 2598 privaretur

2119 2602 2259 2668 vita,
2280 2603 2400 2658 fore
2432 2603 2496 2658 ut
2526 2602 2606 2658 ita
2635 2603 2814 2660 libere
2844 2605 3157 2678 aliquando
3188 2619 3385 2683 posset
3415 2616 3605 2688 seipso
3636 2619 3764 2674 uti?

2120 2691 2286 2747 Nunc
2332 2708 2464 2747 vero
2494 2693 2575 2748 ita
2620 2709 2682 2748 se
2712 2692 2981 2780 habebat,
3033 2700 3345 2758 auxiliante
3376 2705 3511 2777 Deo,
3547 2711 3603 2763 et
3646 2708 3760 2780 ipsi

2127 2780 2483 2836 Diocletiano
2512 2780 2726 2838 vulnus
2769 2779 3011 2840 faciente
3043 2789 3255 2860 majus,
3289 2808 3464 2863 quam
3496 2812 3623 2866 quae
3655 2779 3763 2868 pu-

2131 2871 2290 2925 tabat
2319 2885 2381 2924 se
2426 2868 2716 2926 intulisse.
2748 2872 3032 2935 Quoniam
3060 2880 3252 2934 tamen
3293 2883 3542 2954 astabat,
3575 2885 3764 2956 Forte,

2131 2959 2343 3030 inquit,
2370 2959 2631 3014 laetitiam
2663 2964 2720 3015 et
2749 2963 2993 3034 gratiam
3027 2967 3268 3038 crepidas
3299 2971 3772 3031 attulerunt?aut

2130 3049 2269 3120 quid
2319 3048 2455 3104 ais?
2483 3048 2589 3102 Cui‘
2633 3050 2932 3122 Georgius,
2965 3055 3283 3126 Quomodo,
3335 3058 3542 3131 inquit,
3574 3080 3607 3118 o
3654 3063 3766 3120 im-

2127 3141 2379 3208 perator,
2415 3152 2526 3191 non
2574 3137 2846 3194 afferrent
2892 3139 3175 3214 laetitiam,
3209 3162 3344 3202 cum
3394 3149 3608 3220 quibus
3656 3153 3768 3210 iter

2128 3225 2200 3280 ad
2232 3224 2417 3280 Deum
2451 3225 2751 3296 ingressus
2780 3229 2955 3283 sum?

2198 3316 2288 3368 23.
2334 3314 2462 3370 Haec
2514 3332 2646 3371 vero
2690 3317 2954 3390 audacia,
3010 3321 3199 3393 inquit
3248 3324 3660 3396 Diocletianus,
3708 3336 3768 3388 et

382 3385 672 3494 βούλονται
699 3433 712 3484 ;
743 3415 813 3470 Ἢ
841 3385 906 3467 οὐ
932 3385 1051 3472 ταῖς
1082 3385 1177 3484 μὲν
1208 3385 1420 3485 χαίρειν
1451 3385 1609 3494 ἐρεῖς,
1639 3385 1703 3464 to
1753 3385 1810 3462 δὲ
1855 3385 2016 3462 έαέταέ

2134 3403 2220 3458 ha:
2269 3404 2505 3476 magica
2535 3409 2688 3494 artes
2736 3407 2875 3479 quid
2909 3385 3140 3467 tandem
3171 3413 3282 3469 sibi
3329 3414 3574 3474 volunt?
3602 3385 3773 3474 Νὐιᾷὲ

378 3492 592 3575 ϐαλεῖς,
625 3502 725 3576 ὀψὲ
783 3499 852 3570 δὴ
905 3501 1108 3574 μαθὼν,
1142 3497 1241 3569 ὅση
1287 3498 1380 3572 μὲν
1435 3492 1618 3567 ὄνησις
1651 3496 2028 3574 σωφροσύνης,

379 3594 489 3666 ὅση
549 3587 612 3648 δὲ
667 3588 998 3667 Θρασύτητος
1060 3583 1281 3665 βλάϐης
1333 3587 1430 3641 Καὶ
1484 3591 1666 3656 ποῖον,
1723 3587 1912 3660 εἰπεῖν,
1968 3588 2031 3641 τὸ

378 3685 587 3761 θράσος
640 3676 872 3750 καλεῖς;
923 3681 962 3748 ἢ
1008 3679 1106 3746 τήν
1166 3674 1468 3753 παρῥησίαν
1522 3673 1658 3738 τίσως
1736 3679 1835 3745 τῆς
1891 3674 2032 3747 ἀλη-

376 3771 570 3840 Baiae;
619 3771 730 3838 Τὴν
779 3765 837 3823 δὲ
885 3764 1064 3828 οὐδεὶς
1122 3765 1294 3827 οὕτως
1361 3763 1632 3838 ὀνομάσας
1693 3762 1808 3840 ἔχει
1876 3764 2028 3835 ποτε,

378 3859 470 3916 ὅτι
522 3861 604 3933 μή
646 3855 1014 3928 δικαιοσύνην,
1043 3855 1134 3909 καὶ
1182 3851 1421 3930 ἀνδρίαν,
1451 3853 1540 3908 καὶ
1573 3850 1605 3908 ὅ
1632 3873 1684 3908 τι
1735 3852 2030 3909 κάλλιστον

380 3948 438 4006 ἓν
480 3949 722 4024 ἀρε-παῖζ’
770 3945 835 4000 τὸ
877 3945 982 4021 γὰρ
1036 3944 1111 4017 μή
1170 3940 1407 4015 καθάπαξ
1466 3940 1726 4013 ἀληθείας
1779 3941 2030 4020 ἀφανιζο-

384 4038 562 4111 μένης
618 4032 902 4110 ἀνέχεσθαι
970 4028 1165 4107 ψεῦδος
1221 4030 1294 4094 είς
1372 4033 1532 4105 μέσον
1611 4031 1746 4086 ἱέναι
1831 4031 2032 4094 παντὸς

385 4125 632 4200 μάλιστα
704 4123 893 4200 ἀρετή,
950 4123 1010 4186 ἢν
1071 4118 1330 4176 οὐδέποτε
1400 4121 1666 4197 Γεώργιον
1723 4121 1786 4175 τὸ
1842 4120 2034 4176 ἑαυτοῦ

383 4214 558 4290 μέρος
613 4207 958 4281 καταϐαλεῖν,
1017 4207 1142 4266 οὐδὲ
1202 4214 1271 4284 τῇ
1321 4210 1456 4287 πρὸς
1508 4207 1708 4281 ταύτην
1767 4207 2034 4286 ὀλιγωρίᾳ

381 4306 482 4360 τὸν
565 4299 867 4376 νομοθέτην
939 4298 1141 4370 ταύτης
1216 4293 1451 4376 ὑϐρίζειν
1527 4297 1677 4354 Θεόν·
1754 4295 1836 4354 δεῖ
1907 4298 2030 4375 γὰρ,

387 4391 611 4468 μᾶλλον
639 4389 698 4446 δὲ
733 4395 878 4445 πᾶσα
936 4385 1155 4465 ἀνάγκῃ,
1189 4393 1304 4460 Θεῷ
1361 4391 1673 4464 πειθαρχεῖν
1731 4385 1767 4456 ἤ
1825 4387 2033 4463 ἀνθρώ-

385 4503 537 4543 ποις.
585 4477 744 4536 Ἀλλ’
793 4475 978 4548 ἐπειδή
1028 4495 1088 4555 γε
1132 4477 1224 4532 καὶ
1277 4477 1340 4532 τὸ
1399 4474 1642 4552 δεύτερον
1705 4476 2036 4551 μαγγανείας

388 4571 692 4644 ἐμνήσθης,
722 4570 758 4637 ἡ
796 4563 988 4641 μὲνδὴ
1049 4564 1321 4642 παροιμία
1373 4565 1466 4620 καὶ
1520 4563 1742 4635 νηπίοις
1799 4563 2038 4620 ἁλιεῦσιν

393 4658 455 4716 ἐκ
511 4658 740 4734 πρώτης
797 4655 1020 4731 πληγῆς
1079 4652 1299 4709 δίδωσιν
1357 4651 1470 4708 οῦν⁸
1528 4652 1592 4708 σὺ
1647 4651 1706 4708 δὲ
1746 4658 1852 4708 ποῦ
1905 4673 2039 4709 ποτε

2139 3492 2280 3564 quid
2334 3492 2426 3548 his
2479 3493 2784 3563 valedices,
2825 3501 2882 3551 et
2922 3497 3096 3554 istam
3145 3502 3449 3574 depones;
3504 3506 3592 3563 vel
3641 3523 3772 3564 sero

2139 3581 2378 3636 edoctus
2409 3586 2692 3653 quantum
2727 3585 2944 3641 bonum
2977 3588 3158 3644 animi
3188 3593 3526 3664 moderatio,
3551 3596 3774 3653 malum

2141 3673 2336 3725 autem
2401 3672 2766 3728 contumacia
2814 3675 3014 3731 afferat
3055 3677 3083 3732 ?
3127 3679 3364 3743 Qualem
3415 3688 3498 3751 tu,
3548 3686 3780 3757 reponit

2139 3758 2440 3830 Georgius,
2473 3763 2900 3819 contumaciam
2940 3767 3198 3838 appellas
3218 3773 3243 3822 .9
3271 3788 3344 3827 an
3377 3773 3522 3829 forte
3545 3777 3776 3831 tuendas

2138 3847 2398 3904 veritatis
2429 3849 2702 3906 fiduciam
2724 3852 2751 3906 ‘?
2779 3856 2940 3910 Hanc
2975 3872 3110 3912 vero
3140 3858 3222 3914 sic
3254 3877 3423 3918 nemo
3449 3864 3774 3936 appellave-

2140 3937 2234 4004 rit,
2267 3938 2368 3992 sed
2404 3938 2724 4009 justitiam,
2755 3946 2813 3998 et
2859 3943 3280 4015 fortitudinem,
3313 3955 3370 4006 et
3421 3952 3467 4006 si
3497 3969 3614 4024 qua
3660 3954 3775 4010 alia

2137 4025 2420 4082 virtutum
2471 4027 2883 4098 pulcherrima.
2927 4031 3180 4090 Maxima
3227 4038 3382 4094 enim
3426 4041 3612 4098 virtus
3661 4048 3770 4111 est,

2141 4114 2292 4171 nolle
2321 4115 2438 4187 pati
2465 4120 2527 4171 ut
2544 4116 2767 4174 falsitas
2796 4119 2854 4174 in
2875 4123 3133 4179 medium
3151 4126 3475 4184 adducatur
3494 4130 3778 4186 exstincta

2138 4204 2378 4260 veritate
2422 4224 2436 4261 :
2491 4223 2669 4278 quam
2716 4225 2882 4265 suam
2929 4217 3152 4283 partem
3203 4233 3506 4288 nunquam
3552 4220 3780 4276 videbis

2141 4294 2406 4351 deserere
2435 4296 2743 4367 Georgium
2775 4304 2913 4367 ;aut
2941 4317 3008 4356 ex
3039 4303 3220 4358 animi
3253 4306 3405 4362 circa
3431 4324 3558 4363 eam
3602 4309 3782 4381 pusil-

2141 4383 2466 4441 lanimitate
2512 4385 2788 4457 injuriam
2838 4389 3093 4462 irrogare
3143 4393 3280 4464 Deo,
3330 4394 3493 4451 illam
3553 4413 3784 4455 servare

2142 4473 2517 4545 praecipienti.
2551 4475 2796 4533 Necesse
2834 4479 2992 4535 enim
3042 4482 3279 4538 omnino
3309 4488 3398 4539 est
3426 4485 3620 4556 potius
3667 4487 3785 4543 Deo

2143 4578 2323 4633 quam
2352 4563 2687 4620 hominibus
2721 4567 3264 4634 Obedire.Quoniam
3295 4588 3427 4628 vero
3458 4573 3633 4630 etiam
3664 4592 3786 4632 ma-

2144 4650 2405 4722 gicarum
2459 4655 2669 4708 artium
2725 4657 3063 4728 meministi,
3093 4659 3317 4731 vulgari
3366 4661 3602 4734 quidem
3648 4680 3782 4736 pro-

387 4748 485 4805 καὶ
540 4746 677 4821 μετὰ
724 4744 898 4801 τίνων·
941 4745 1150 4800 τάττειν
1207 4740 1342 4814 ἓξεις
1390 4741 1603 4814 σαυτὸν,
1663 4741 1798 4816 μετὰ
1844 4741 2019 4818 μυρίω

2144 4741 2341 4796 verbio
2390 4741 2624 4810 dicitur,
2673 4745 2867 4815 pueris
2917 4751 2974 4801 et
3039 4749 3426 4818 piscatoribus
3479 4767 3547 4806 ex
3592 4753 3786 4825 primo

390 4842 584 4914 πεῖραν
663 4840 782 4898 τοῖς
875 4833 1062 4896 αὐτοῖς
1144 4831 1484 4909 περιπίπτων
1578 4831 2037 4906 προσκόμμασιν;

390 4925 638 4981 ’Δκοΰων
702 4924 796 4997 μὶν
855 4921 960 4999 γὰρ
1018 4921 1218 4998 λόγους
1296 4920 1419 4996 περὶ
1475 4919 1752 4993 ἀληθείας,
1807 4917 2038 4997 ἔλεγχον

389 5015 487 5070 τὸν
542 5011 635 5069 διὰ
676 5015 786 5068 τῶν
844 5012 1180 5088 πραγμάτων
1235 5010 1531 5081 ἐπιζητεῖς·
1571 5014 1762 5064 τοῦτον
1818 5005 1876 5064 δὲ
1928 5006 2038 5079 ἤδη

395 5097 722 5176 λαμϐάνων,
755 5101 832 5163 ὡς
879 5097 968 5156 ἐπὶ
1030 5099 1223 5172 μόνους
1269 5097 1625 5160 διδασκάλους
1667 5098 1796 5161 τοὺς
1845 5097 2041 5174 λόγους

399 5189 738 5266 μεταπηδᾷς.
781 5185 875 5252 Τίς
943 5189 1133 5243 Λοιπὸν
1187 5188 1446 5264 βοηθήσει
1489 5191 1558 5262 τῇ
1607 5181 1866 5262 συντριϐῇ
1912 5205 2041 5257 σου;

396 5282 484 5343 Ιτίς
559 5299 656 5336 σου
708 5280 807 5348 τήν
883 5275 1149 5348 τοσαύτην
1234 5275 1567 5355 φιλονεικίαν
1654 5276 2042 5353 ἀποκρούσεται

396 5367 863 5445 λόγοςςΧριστ-ὸν
919 5367 1012 5441 μὲν
1066 5363 1156 5437 δὴ,
1193 5363 1436 5441 βασιλεῦ,
1469 5366 1521 5420 τί
1571 5363 1718 5441 λέγω
1775 5365 2043 5440 Χριστόνς

397 5462 634 5536 Χριστοῦ
698 5455 895 5527 κλῆσιν
977 5455 1040 5511 οὗ
1104 5454 1324 5534 φέρουσι
1385 5451 1662 5528 δαίμονες,
1729 5451 1930 5509 δεδίασι
1989 5451 2047 5509 δὲ

395 5548 486 5603 καὶ
543 5546 828 5623 τρέμουσι,
886 5544 974 5600 καὶ
1039 5544 1196 5618 μόνον
1271 5543 1590 5607 ἀκούσαντες
1657 5543 1787 5598 ὡσεὶ
1844 5543 2046 5605 καπνὸς

401 5633 768 5693 ἒκλείπουσιν·
841 5633 876 5688 ’ἀ
940 5631 998 5688 δὲ
1060 5633 1272 5710 γοήτων
1360 5631 1499 5688 ἐστὶν
1577 5627 1708 5708 ἔργα
1771 5629 2045 5707 δαιμὸνων

473 5781 552 5853 (1)
578 5777 931 5836 Exciderunt
978 5775 1090 5834 hoc
1134 5775 1260 5834 loco
1297 5776 1476 5853 verba
1521 5775 1738 5853 aliqua,
1767 5777 1844 5853 ad
1886 5791 2050 5853 com-

408 5846 689 5928 piendum
739 5866 984 5910 sensum
1032 5848 1406 5908 necessaria:
1446 5846 1726 5923 quod'ut'
1763 5846 2049 5924 intellige-

2139 4828 2303 4899 jactu
2334 4830 2592 4886 dandum
2619 4836 2713 4887 :tu
2743 4850 2874 4889 vero
2907 4835 3006 4890 ubi
3038 4840 3139 4891 aut
3169 4838 3320 4893 inter
3350 4855 3497 4910 quos
3525 4841 3784 4914 teipsum

2149 4918 2324 4974 debes
2383 4935 2638 4992 censere,
2683 4921 2740 4976 in
2791 4923 2994 4978 eadem
3043 4925 3396 4983 oli‘endieula
3456 4928 3792 5004 impingens

2151 5011 2284 5078 post
2331 5007 2599 5064 millenas
2645 5012 3030 5082 experientias
3053 5015 3082 5069 ?
3111 5015 3339 5071 Etenim
3389 5035 3691 5076 sermones
3723 5022 3795 5076 de

2150 5095 2391 5152 veritate
2423 5099 2688 5165 audiens,
2720 5115 2920 5155 eorum
2966 5103 3372 5161 certitudinem
3404 5108 3616 5178 quaeris
3647 5109 3794 5181 ipsis

2153 5185 2329 5242 rebus
2360 5188 2604 5258 experiri
2636 5205 2648 5242 :
2686 5189 2757 5243 ab
2789 5189 2880 5245 his
2912 5197 3104 5247 autem
3133 5200 3370 5266 sumpta
3417 5197 3791 5270 experientia,

2157 5275 2406 5330 recurris
2447 5276 2516 5330 ad
2569 5277 2763 5345 verba,
2799 5281 3078 5350 tanquam
3125 5281 3249 5338 sola
3298 5284 3506 5340 idonea
3547 5287 3620 5341 ad
3669 5303 3794 5343 ma-

2153 5363 2628 5434 gisterium.Quis
2658 5366 2895 5423 demum
2929 5369 3256 5426 medehitur
3284 5373 3618 5431 contritioni
3641 5377 3798 5431 tuae?

2156 5469 2282 5523 quae
2333 5452 2514 5508 oratio
2582 5455 2804 5510 refellat
2848 5462 3070 5514 tantam
3128 5465 3289 5516 tuam
3355 5463 3731 5535 pervicaciam
3777 5467 3801 5520 Ρ

2157 5540 2477 5610 Christum,
2495 5559 2526 5597 ο
2556 5541 3059 5619 imperator,(quid
3081 5554 3276 5604 autem
3299 5551 3591 5608 Christum
3616 5553 3797 5624 dico?)

2157 5627 2370 5685 Christi
2400 5646 2612 5687 nomen
2644 5649 2759 5688 non
2793 5636 3088 5694 sustinent
3118 5639 3433 5709 daemones,
3467 5642 3569 5698 sed
3600 5641 3801 5699 formi-

2159 5776 2338 5860 retur,
2372 5775 2786 5860 dispungimus
2815 5795 2941 5852 quas
2970 5785 3137 5839 erant
3175 5782 3234 5839 in
3263 5784 3555 5860 ecgrapho
3603 5787 3801 5855 nostro

2162 5844 2315 5904 male
2344 5844 2677 5922 conj—uncta.
