4118 6448
425 452 544 514 323

1444 443 1759 507 GEORGII
1804 440 2066 540 CYPRll
2108 440 2224 502 CP.
2270 442 2798 511 PATRIARCHE

3692 455 3813 520 324

427 581 570 639 dant
600 580 743 638 illud
767 586 822 638 et
847 578 1513 654 cqntremiscunt,eoque
1531 577 1617 633 vel
1645 576 1848 633 leviter
1868 570 2015 630 audil

2126 572 2312 641 [εἰσὶν
2372 575 2588 632 ἀπάται.
2648 581 2780 634 Ὅσα
2838 577 2895 636 δὲ
2951 582 3073 658 περὶ
3130 583 3279 656 ἡμᾶς
3331 581 3504 660 ἔγνως
3537 582 3815 662 συμϐάντα

424 678 706 744 tanquam
782 671 980 726 fumus
1051 669 1351 724 deﬁciunt.
1418 666 1813 724 Veneﬁcorum
1891 681 2066 736 Opera

426 764 755 818 daemonum
807 763 944 815 sunt
974 757 1466 829 illusiones;qum
1521 773 1650 812 vero
1699 755 1866 810 nobis
1914 754 2064 810 acci-

426 852 582 907 disse
613 850 788 917 nosti,
820 848 1086 904 Christus
1115 852 1202 903 est
1231 850 1504 919 operatus
1529 863 1543 913 ;
1569 845 1710 917 quid
1742 844 1920 916 igitur
1949 843 2059 914 ipsi

422 946 479 998 ct
531 937 942 996 daemonibus?
971 937 1109 1007 quid
1158 935 1327 991 nobis
1376 933 1720 990 Christianis
1767 937 1823 988 et
1872 932 2060 1004 magis

422 1045 732 1086 commune
761 1035 850 1085 est
871 1026 1210 1092 ?Quomodo
1236 1041 1351 1080 non
1383 1022 1629 1079 rebelles
1659 1023 1773 1078 Deo
1805 1038 1871 1076 ac
1901 1037 2061 1093 pror-

420 1137 522 1176 sus
580 1119 725 1175 fatui
783 1114 1109 1172 aestimandi
1169 1118 1328 1179 sunt,
1382 1111 1482 1184 qui
1539 1111 1632 1166 his
1688 1110 2059 1182 impudenter

417 1210 719 1266 ascribunt
747 1208 1019 1262 virtutem
1051 1205 1111 1260 in
1144 1203 1312 1259 nobis
1341 1207 1637 1258 ostensam
1661 1201 1688 1254 ?

483 1317 574 1372 24.
607 1315 768 1378 Quod
800 1315 849 1369 si
889 1328 1103 1384 magna
1130 1309 1237 1365 tibi
1266 1308 1370 1364 illa
1398 1309 1642 1380 ideoque
1691 1307 2054 1364 incredibilia

412 1407 720 1471 videntur;
748 1408 806 1459 et
837 1403 895 1457 in
927 1406 1027 1457 tua
1057 1399 1375 1471 persistens
1405 1396 1828 1463 incredulitate,
1863 1413 2052 1469 perse-

403 1512 571 1552 veras
603 1494 779 1550 etiam
831 1493 890 1546 in
933 1489 1229 1546 voluntate
1271 1486 1580 1558 torquendi
1632 1486 2048 1556 cruciandique

406 1602 520 1654 me,
552 1583 778 1654 majora
805 1581 979 1637 etiam
1028 1578 1269 1633 videbis.
1303 1576 1449 1639 Quid
1480 1575 1635 1632 enim
1682 1574 2046 1646 impossibile

397 1673 584 1746 ei,qui
616 1689 742 1744 quae
773 1687 889 1725 non
921 1671 1253 1736 sunt,vocat
1282 1667 1433 1721 sicut
1464 1681 1532 1719 ea
1558 1681 1685 1736 quia
1705 1665 1873 1719 sunt?
1895 1664 2040 1740 Quid

388 1764 712 1819 timeamus
743 1777 849 1815 nos
878 1759 929 1815 ei
961 1757 1275 1813 servientes
1294 1755 1322 1808 ?
1350 1757 1436 1809 An
1466 1752 1752 1809 vulnera?
1783 1770 1853 1808 an
1888 1770 2039 1808 mor-

385 1852 553 1908 tem?
607 1849 854 1905 Abunde
903 1863 971 1902 ea
1017 1849 1207 1912 sanat,
1256 1848 1312 1900 et
1359 1843 1430 1898 ab
1479 1842 1706 1898 inferno
1756 1843 2037 1898 reducens

2173 665 2402 737 Χριστὸς
2469 666 2769 742 εἰργάσατο·
2810 671 2863 723 τί
2919 673 3092 726 τοίνυν
3150 672 3294 746 αὖτῷ
3347 674 3436 729 καὶ
3495 673 3744 750 δαίμοσιν
3775 677 3813 747 ἠ¹

2172 751 2332 843 γόησι
2391 755 2480 809 καὶ
2538 758 2711 829 ἡμῖν;
2762 763 2886 821 Πῶς
2946 761 3006 815 οὐ
3077 759 3492 838 θεομαχούντων
3569 765 3813 843 ἀτεχνῶς

2172 839 2280 895 ἐστι
2337 844 2426 897 καὶ
2493 848 2908 921 παραπαιόντων
2984 850 3283 924 ἀνθρώπων
3356 853 3581 918 ἐκείνοις
3662 839 3812 912 ἀναι-

2168 929 2414 1070 ἔχύντως
2505 933 2850 1013 ἐπιφημίζειν
2947 940 3046 1008 τὴν
3147 947 3516 1018 καταργοῦσαν

2203 1041 2433 1070 υναιιιντ

2203 1041 2394 1093 υναμιν
2419 1041 2433 1092 ς

3615 945 3809 1010 αὐτοὺς

2229 1303 2330 1363 κδ’.
2379 1307 2442 1361 Εἰ
2491 1305 2538 1362 δ’
2586 1309 2667 1365 ὅτι
2717 1332 2799 1366 σοι
2852 1311 3065 1388 μεγάλα
3119 1319 3303 1389 ταῦτα,
3357 1313 3446 1372 διὰ
3490 1319 3650 1374 τοῦτό
3694 1340 3800 1375 που

2158 1394 2247 1482 καὶ
2305 1392 2728 1472 δυσπαράδεκτα,
2789 1399 2936 1478 εἷεπερ
2995 1402 3247 1477 ἐμμένεις
3305 1403 3382 1460 ἔτι
3438 1411 3506 1481 τῇ
3555 1407 3796 1482 ἀπιστίᾳ,

2157 1481 2202 1535 εἷ
2255 1487 2323 1556 τῇ
2378 1491 2474 1540 τοῦ
2525 1487 2773 1558 κολάζειν
2826 1492 3015 1566 γνώμῃ
3070 1493 3424 1570 προσανέχεις
3481 1495 3569 1550 καὶ
3626 1481 3799 1572 τιμωέ

2155 1577 2290 1642 ρεῖν,
2335 1575 2424 1628 xui
2479 1577 2647 1650 μείζω
2697 1579 2902 1634 τούτων
2958 1578 3099 1655 ὄψει.
3149 1583 3208 1636 Τί
3258 1585 3358 1660 γὰρ
3417 1583 3673 1642 ἀδύνατον
3716 1593 3795 1661 τῷ

2149 1659 2216 1714 τὰ
2248 1663 2323 1733 μή
2357 1659 2484 1718 ὄντα
2515 1666 2588 1728 ὡς
2621 1662 2743 1722 ὄντα
2771 1667 3063 1740 καλοῦντι;
3100 1671 3160 1725 Τί
3219 1669 3276 1726 δὲ
3331 1659 3422 1727 καὶ
3472 1677 3636 1748 ἡμεῖς
3677 1659 3783 1732 δειέ

2152 1747 2425 1824 λιάσωμεν
2475 1755 2621 1827 αὐτῴ
2688 1754 3072 1828 δουλεύοντεςς
3131 1760 3456 1836 Τραῦματα;
3521 1762 3783 1836 θάνατονς

2148 1837 2304 1929 Ἀλλ’
2372 1840 2511 1897 ἰᾶται
2571 1844 2757 1920 πολλῇ
2822 1851 2890 1920 τῇ
2951 1849 3256 1924 περιουσίᾳ,
3308 1849 3432 1906 ἀλλ’
3482 1851 3666 1929 ἀνάγει
3735 1855 3786 1926 ἐξ

383 1941 565 1996 vitam
617 1940 796 1995 donat
842 1941 1138 1992 aeternam.
1173 1935 1304 1999 Quae
1354 1937 1547 1988 autem
1581 1948 1738 1988 more
1789 1931 2015 2004 attinge

2149 1920 2300 1999 ᾅδου,
2349 1930 2437 1984 xui
2500 1934 2641 2002 ζωὴν
2701 1934 2918 1990 αἰώνιον
2990 1935 3232 1995 δίδωσιν.
3297 1939 3429 1994 Εἶτα
3479 1920 3784 2007 καί-ποῖος

389 2047 518 2100 nos,
549 2029 674 2100 ipso
709 2043 820 2082 non
855 2023 1223 2098 permittente
1246 2021 1274 2076 ?
1295 2027 1395 2077 aut
1426 2037 1776 2094 quocunque
1803 2037 2026 2088 eorum,

393 2135 540 2190 quos
569 2123 630 2172 tu
681 2131 833 2188 saepe
877 2114 1140 2180 adhibes,
1172 2112 1478 2166 modorum
1523 2109 1850 2165 inferetur?
1880 2115 2034 2164 Nun-

391 2207 534 2278 quid
567 2223 682 2262 non
713 2202 1106 2260 sustinuimus
1135 2199 1406 2272 ungulas,
1438 2199 1679 2270 lapides,
1713 2204 1889 2271 rotas,
1909 2199 2031 2270 gla-

389 2296 539 2362 dios,
599 2292 806 2368 ignes?
846 2292 1146 2348 mortifera
1202 2289 1438 2361 quidem
1495 2287 1712 2357 omnia,
1771 2287 1870 2342 sed
1930 2304 2032 2358 per

2145 2017 2304 2088 ἡμῶν
2356 2020 2543 2093 ἅψεται
2590 2022 2834 2096 θάνατος,
2883 2026 2958 2097 μή
3023 2033 3485 2103 παραχωροῦντος
3535 2029 3780 2102 έκείνου;

2141 2105 2230 2158 καὶ
2287 2103 2375 2162 διὰ
2421 2109 2564 2173 τίνος
2611 2112 2916 2187 γινόμενος,
2970 2115 3042 2168 ὧν
3096 2116 3158 2170 σὺ
3205 2120 3527 2194 προσφέρεις
3571 2118 3783 2176 πολλά-

2139 2213 2263 2264 mc;
2305 2196 2377 2250 Οὐ
2427 2198 2651 2272 ξεσμοὺς
2701 2202 3093 2277 ὑπεμείναμεν;
3140 2205 3202 2259 οὐ
3256 2207 3392 2280 βάρη
3453 2205 3654 2279 λίθων;
3715 2209 3778 2264 οὗ

2136 2283 2371 2359 τροχόνς
2433 2287 2494 2341 οὐ
2553 2288 2718 2367 Elea);
2768 2290 2828 2346 οὐ
2885 2296 3029 2368 πῦρ;
3084 2295 3172 2348 καὶ
3227 2294 3327 2370 γὰρ
3383 2299 3550 2351 ταῦτα
3605 2299 3777 2353 πάντα

382 2385 682 2440 Christum
733 2382 1058 2439 retudimus
1105 2381 1235 2451 ipsa
1263 2384 1321 2434 et
1359 2377 1644 2443 vicimus;
1679 2377 1875 2447 itaque
1927 2392 2030 2448 per

382 2475 580 2530 omnia
632 2481 866 2529 ostensa
895 2476 983 2527 est
1030 2469 1190 2526 salva
1221 2467 1421 2539 religio
1460 2471 1516 2522 et
1544 2466 1714 2520 ﬁrma
1759 2481 1892 2536 spes
1922 2482 2026 2520 no-

381 2568 524 2619 stra.
579 2563 691 2618 Sed
723 2561 861 2634 quid
913 2576 1018 2632 ego
1052 2559 1169 2613 haec
1222 2555 1346 2627 tibi,
1381 2555 1585 2611 auditu
1635 2554 1881 2626 gravia?
1910 2555 2023 2609 Ad-

381 2668 547 2707 move
577 2667 788 2706 aurum
821 2649 964 2721 igni,
995 2652 1050 2703 et
1082 2662 1286 2702 rursus
1320 2660 1528 2699 aurum
1558 2643 1784 2698 videbis
1812 2642 1979 2698 educi
2007 2660 2020 2709 ;

383 2739 610 2812 applica
655 2757 760 2795 nos
789 2739 999 2794 iterum
1038 2736 1369 2806 iterumque
1400 2732 1660 2796 torturis,
1695 2736 1752 2787 et
1796 2733 2020 2790 videbis

382 2832 666 2900 quantum
712 2827 1174 2884 Christianorum
1207 2825 1706 2896 opera-superent
1742 2821 2014 2879 virtutem

376 2933 682 2991 magorum
713 2918 1178 2987 demonumque.

439 3113 528 3167 25.
579 3112 708 3167 Haec
759 3111 997 3184 quidem
1044 3111 1326 3182 Georgius
1375 3127 1388 3166 :
1437 3107 1826 3164 Diocletianus
1874 3125 2006 3165 vero

367 3202 668 3274 quoniam,
687 3202 1009 3257 secundum
1038 3200 1194 3272 quod
1225 3198 1511 3270 scriptum
1543 3199 1865 3264 est,veritas
1890 3216 2005 3256 non

368 3296 492 3347 erat
521 3291 582 3345 in
628 3308 718 3358 eo,
748 3296 806 3346 et
834 3289 1069 3345 nolebat
1111 3286 1452 3359 intelligere,
1482 3288 1597 3342 vim
1630 3291 1824 3342 autem
1874 3304 2002 3343 ver-

2137 2370 2373 2431 θάνατοι.
2432 2375 2608 2432 Ἀλλὰ
2660 2376 2749 2433 διά
2820 2381 3047 2456 Χριστὸν
3129 2382 3217 2436 καὶ
3308 2384 3776 2460 ἀπεκρουσάμεθα,

2135 2461 2223 2514 καὶ
2275 2467 2653 2539 νενικήκαμεν
2710 2468 2852 2524 οὕτω
2901 2467 2989 2525 διὰ
3039 2470 3248 2526 πάντων
3307 2472 3541 2551 ἀσφαλὲς
3611 2478 3770 2548 ἡμῶν

2136 2549 2199 2603 τὸ
2260 2547 2438 2625 σέϐας,
2470 2555 2560 2610 καὶ
2623 2551 2811 2632 βεϐαία
2859 2560 2893 2627 ἡ
2939 2558 3094 2621 ἐλπὶς
3150 2547 3545 2616 ἀποδέδεικται.
3617 2547 3778 2620 Ἀλλ’

2133 2637 2231 2692 οὐκ
2279 2639 2500 2718 ἀπόχρη
2558 2665 2640 2699 σοι
2690 2651 2872 2701 ταῦτα·
2912 2647 3121 2723 βραχὺς
3152 2649 3180 2702 6
3211 2648 3399 2726 λόγος.
3452 2653 3769 2728 Προσάγαγε

2127 2731 2206 2798 τῷ
2260 2731 2390 2806 πυρὶ
2474 2734 2565 2788 τὸν
2636 2736 2859 2810 χρυσὸν,
2926 2737 3016 2792 xui
3070 2735 3212 2800 ’ίδοις
3295 2738 3459 2796 πάλιν
3545 2742 3765 2817 χρυσόν·

2126 2817 2438 2908 προσάγαγε
2491 2820 2582 2876 καὶ
2640 2821 2789 2880 αὖθις
2844 2824 2933 2908 xui
2988 2824 3258 2889 πολλάκις
3298 2830 3446 2901 ἡμᾶς
3499 2835 3618 2891 ταῖς
3669 2831 3766 2905 βα-

2125 2904 2326 2978 σάνοις,
2360 2909 2449 2962 καὶ
2482 2907 2617 2974 ἴδοις
2649 2911 2813 2967 πάλιν
2866 2904 2934 2968 τά
2991 2919 3323 2990 Χριστιανῶν
3385 2916 3580 2971 ὁπόσον
3629 2904 3764 2993 γοη-

2119 2998 2277 3048 τειῶν
2305 2997 2395 3050 καὶ
2428 2994 2722 3073 δαιμονίων
2754 2998 2925 3078 ἔργων
2961 2999 3258 3076 διῴκισται.

2188 3103 2279 3158 κε’.
2310 3108 2483 3160 Ταῦτα
2537 3107 2565 3161 ὁ
2627 3109 2719 3180 μὲν
2781 3105 3011 3184 εἰρηκεν·
3047 3111 3075 3165 6
3137 3107 3212 3181 δὲ,
3273 3108 3459 3181 ἐπειδὴ
3520 3113 3654 3168 κατά
3688 3113 3748 3167 τὸ

2111 3194 2487 3266 γεγραμμένον
2547 3195 2774 3267 ἀλήθεια
2829 3197 2930 3253 οὐκ
2981 3201 3046 3268 ἦν
3103 3198 3154 3252 ἐν
3211 3198 3357 3272 αὖτῷ
3402 3200 3491 3255 καὶ
3524 3200 3750 3276 ἐπίγνω-

2110 3299 2190 3333 σιν
2245 3282 2519 3354 ἀπώσατο,
2554 3281 2676 3340 οὕτε
2731 3289 2828 3356 τὴν
2889 3285 3043 3362 ἴσχὺν
3082 3292 3188 3342 τῶν
3232 3285 3413 3362 λόγων
3447 3289 3750 3366 ὑφίσταται,

366 3382 576 3437 borum
605 3399 720 3437 non
770 3379 956 3452 magis
987 3377 1335 3448 sustinebat,
1356 3394 1531 3450 quam
1563 3377 1769 3432 debilis
1798 3378 2003 3435 oculus

2126 3365 2239 3423 >ὐδὲ
2298 3370 2578 3449 ὀφθαγμὸς
2639 3375 2864 3445 ἀσθενὴς
2917 3349 3162 3446 ήιλιακῶν
3209 3349 3430 3432 ἀκτίνων
3463 3349 3750 3448 ἐπιϐολήνζ

368 3470 649 3527 solarium
699 3470 998 3525 radiorum
1030 3468 1356 3530 incursum,
1389 3466 1571 3522 multo
1603 3467 1790 3539 magis
1834 3469 2004 3524 corde

363 3565 709 3625 exaestuans,
741 3558 1086 3629 assurgebat
1131 3556 1191 3612 in
1224 3555 1607 3612 iracundiam.
1643 3556 1709 3611 Et
1747 3557 2002 3628 primum

357 3649 620 3721 quidem,
653 3653 718 3702 ut
764 3665 879 3703 non
921 3646 1218 3702 videretur
1264 3650 1556 3701 tormenta
1584 3645 1877 3701 innocenti
1907 3645 1999 3699 in-

353 3739 525 3806 ferre,
559 3736 882 3809 petulantis
911 3735 1124 3808 lingua:
1155 3738 1456 3806 peccatum
1485 3751 1613 3789 esse
1643 3734 1808 3802 dixit,
1843 3736 1999 3807 quod

361 3825 490 3898 ipso
515 3826 758 3896 jubente
782 3823 962 3880 nollet
992 3824 1288 3880 veritatem
1313 3821 1606 3878 adulando
1629 3823 1997 3880 obumbrare.

360 3915 580 3972 Deinde
610 3931 675 3970 os
703 3914 1084 3970 contunditur
1114 3913 1568 3984 Martyr,postea
1598 3913 1997 3983 suspenditur,

358 4006 430 4060 ad
480 4003 765 4076 principia
810 4003 1186 4060 toleratorum
1247 4002 1529 4057 hactenus
1573 4006 1998 4058 tormentorum

356 4094 636 4150 reductus
669 4112 682 4149 :
715 4097 840 4148 tum
874 4092 1201 4164 ﬂagellatur
1230 4095 1286 4146 et
1315 4091 1504 4146 nervis
1535 4091 1791 4146 caeditur.
1825 4090 1996 4148 Flue-

348 4182 493 4238 bant
523 4199 628 4255 per
655 4187 869 4238 terram
903 4181 1008 4237 rivi
1041 4179 1432 4253 sanguinis,et
1461 4196 1666 4234 carnes
1689 4197 1820 4235 cum
1851 4180 1996 4252 ipsis

346 4272 747 4327 miscebantur
778 4288 791 4326 :
827 4270 1323 4344 gratiosissimum
1367 4272 1561 4324 autem
1594 4268 1650 4322 in
1685 4267 1776 4324 his
1805 4271 1996 4324 omni-

354 4361 468 4415 bus
516 4365 658 4429 erat,
692 4361 847 4432 quod
879 4362 1175 4431 pateretur
1217 4357 1518 4429 Georgius,
1551 4357 1771 4412 doleret
1799 4363 1992 4414 autem

353 4447 768 4515 Diocletianus,
799 4465 934 4504 eum
986 4447 1188 4502 videns
1219 4446 1441 4516 absque
1488 4444 1684 4500 dolore
1736 4462 1990 4502 manere.

352 4538 659 4594 Jucundus
705 4537 988 4608 lectusque
1016 4542 1074 4593 et
1103 4551 1306 4591 sereno
1335 4532 1497 4589 vultu
1538 4539 1660 4588 erat
1689 4535 1988 4607 Georgius,

349 4643 418 4680 ea
448 4642 576 4697 quae
605 4627 876 4682 maximis
924 4625 1223 4682 beneﬁciis
1254 4623 1440 4679 affecti
1473 4623 1662 4678 solent
1691 4640 1823 4678 cum
1857 4640 1987 4695 gra-

2110 3459 2200 3512 xui
2255 3459 2398 3515 πολὺ
2455 3462 2622 3519 πλέον
2680 3463 2884 3527 ἐκκαείς
2943 3465 3040 3533 τὴν
3114 3463 3358 3541 καρδίαν,
3420 3463 3753 3522 διανίσταται

2110 3550 2247 3622 πρὸς
2281 3548 2463 3628 ὀργάς.
2497 3551 2593 3606 Καὶ
2627 3558 2814 3629 πρῶτα
2848 3554 2940 3627 μὲν
2991 3554 3068 3615 ὡς
3096 3553 3154 3608 ἂν
3213 3555 3288 3628 μή
3344 3554 3442 3618 τὰς
3496 3555 3754 3619 κολάσεις

2112 3639 2363 3702 ἀναιτίως
2421 3641 2704 3715 ὑπομένειν
2761 3641 2972 3714 δοκοίη,
3024 3642 3420 3717 θρασυστομίας
3495 3642 3753 3720 ἔγκλημα

2108 3731 2172 3798 ἦν
2232 3728 2400 3802 αὐτῷ,
2455 3730 2598 3785 οὕτω
2655 3732 2714 3786 τὸ
2775 3733 2850 3805 μὴ
2903 3733 3250 3795 θωπευτικῶς
3324 3733 3423 3802 τὴν
3495 3732 3753 3805 ἀλήθειαν

2108 3815 2407 3888 συσκιάζειν
2461 3818 2753 3882 καλοῦντος
2830 3819 3012 3875 αὐτοῦ’
3102 3821 3215 3876 εἶτα
3290 3820 3543 3878 ἐτύπτετο
3617 3822 3752 3878 κατᾶ

2107 3912 2203 3962 τοῦ
2235 3907 2522 3980 στόματος·
2573 3908 2686 3964 εἶτα
2739 3910 3027 3984 ἀνηρτᾶτο,
3059 3909 3146 3964 ἐπὶ
3203 3909 3270 3965 τὰ
3315 3910 3584 3987 προοίμια
3639 3915 3747 3966 τῶν

2107 3995 2381 4052 κολάσεων
2437 3996 2806 4068 ἀνεληλυθώς’
2869 3999 2980 4053 εἶτα
3037 3997 3254 4074 ᾐκίζετο
3311 4001 3400 4054 καὶ
3436 3999 3746 4076 βουνεύροις

2107 4085 2359 4156 ἐξαίνετο.
2393 4086 2613 4163 Ἕῤῥεον
2673 4085 2729 4142 δὲ
2786 4085 2988 4161 αἵματα
3044 4089 3179 4142 κατά
3233 4095 3360 4164 γῆς,
3409 4089 3498 4142 καὶ
3557 4091 3748 4166 σάρκες

2104 4174 2195 4230 σὺν
2251 4176 2466 4238 τούτοις
2516 4175 2788 4255 ἐφέροντο,
2847 4176 2936 4231 καὶ
2989 4176 3051 4230 τὸ
3108 4173 3175 4246 δὴ
3236 4178 3611 4252 χαριέστατον,
3669 4179 3745 4240 ὡς

2104 4265 2155 4320 ἐν
2205 4271 2321 4328 τοῖς
2375 4265 2645 4327 τοιούτοις
2691 4267 2720 4320 ὁ
2777 4266 2870 4338 μὲν
2931 4264 3187 4340 ἔπασχεν,
3236 4267 3264 4320 6
3314 4263 3372 4320 δὲ
3440 4264 3741 4344 ἐδυσφόρει,

2103 4353 2408 4430 ἀνάλγητον
2487 4353 2685 4411 ἐκεῖνον
2760 4359 3055 4410 κατανοῶν
3107 4355 3134 4408 ὁ
3215 4355 3307 4428 μὲν
3394 4356 3588 4428 σεμνὸς
3654 4356 3744 4426 ἦν,

2101 4441 2326 4522 φαιδρὸς
2367 4444 2457 4498 καὶ
2499 4442 2657 4516 ἡδὺς,
2706 4445 2772 4498 τὰ
2819 4448 2926 4498 τῶν
2979 4442 3312 4520 εὐχαρίστων
3365 4443 3441 4506 ὡς
3509 4443 3596 4499 ἐπὶ
3650 4465 3744 4518 με-

2097 4532 2303 4608 γίσταις
2364 4532 2685 4609 εὐεργεσίαις
2744 4533 2880 4609 πρὸς
2936 4532 3062 4588 Θεὸν
3123 4532 3211 4586 καὶ
3270 4529 3443 4607 λέγων
3513 4532 3604 4587 καὶ
3635 4527 3742 4586 δει-

2097 4621 2376 4695 κνύμενος·
2427 4625 2454 4677 6
2505 4620 2562 4677 δὲ
2638 4623 2959 4698 σκυθρωπὸς
3026 4621 3116 4675 καὶ
3180 4617 3510 4692 κατώδυνος,
3563 4619 3742 4696 ὥσπερ

346 4714 560 4770 tiarum
594 4716 818 4770 actione
848 4715 920 4770 ad
951 4716 1136 4770 Deum
1169 4715 1415 4785 loquens
1445 4717 1618 4783 atque
1650 4713 1990 4768 ostendens:

2126 4713 2298 4766 κεῖθεν
2359 4711 2434 4774 εἷς
2502 4711 2657 4767 αὐτὸν
2739 4716 2845 4766 τῶν
2930 4711 3251 4787 τρουμάτων
3335 4704 3744 4783 διαϐαινόντων,

349 4802 743 4860 Diocletianus
787 4821 921 4860 vero
959 4821 1159 4860 amaro
1191 4807 1314 4858 erat
1363 4800 1748 4872 moerentique
1773 4801 1990 4869 animo,

351 4891 528 4946 veluti
577 4893 626 4948 si
669 4893 742 4948 ab
790 4893 888 4950 illo
935 4895 994 4948 in
1047 4894 1242 4965 ipsum
1289 4891 1607 4948 transirent
1648 4891 1905 4962 verbera,
1937 4895 1994 4946 et

353 4980 518 5035 furor
546 4998 679 5036 eum
711 4982 992 5038 recentior
1014 4982 1636 5051 circumdederat,cum
1668 4982 1989 5048 carniﬁces,

355 5068 512 5126 velut
538 5070 689 5126 inter
713 5088 774 5126 se
806 5072 1126 5141 commissi,
1157 5073 1401 5126 invicem
1434 5086 1495 5126 se
1532 5069 1864 5125 viderentur
1894 5071 1993 5125 de-

351 5176 572 5228 vorare,
605 5160 730 5232 ipse
759 5178 911 5230 vero,
945 5162 1164 5217 alienas
1195 5177 1398 5216 carnes
1429 5159 1618 5232 palam
1653 5159 1989 5224 conﬁciens,

349 5248 612 5320 seipsum
662 5250 902 5306 sentiret
944 5250 1243 5306 dirissima
1291 5249 1532 5322 perpeti.
1567 5249 1713 5320 Ergo
1763 5247 1991 5304 consilii

348 5337 521 5410 inops
555 5355 620 5394 ac
651 5340 1149 5411 desperabundus,
1174 5340 1228 5394 id
1260 5338 1413 5409 quod
1446 5338 1688 5393 canibus
1722 5337 1993 5393 usuvenit

348 5426 702 5498 patiebatur,
753 5433 927 5499 atque
958 5429 1028 5484 ad
1061 5427 1363 5499 prOprium
1408 5427 1632 5482 redibat
1661 5427 1942 5482 vomitum
1970 5444 1985 5494 ;

346 5533 584 5572 rursum
605 5517 949 5573 veneﬁcium
966 5516 1278 5572 nominans
1297 5516 1449 5586 quod
1471 5516 1783 5582 ﬁcbat,non
1809 5515 1992 5570 animi

2101 4802 2189 4858 xui
2251 4803 2314 4857 τὸ
2368 4807 2474 4858 τῶν
2561 4802 2899 4875 μαινομένων
2969 4801 3139 4863 πάθος
3216 4798 3360 4871 αὐτῷ
3432 4799 3742 4873 καινότερον

2099 4892 2431 4969 περιίστατο.
2481 4893 2542 4945 Οἱ
2594 4892 2687 4964 μὲν
2735 4891 2838 4967 γὰρ
2907 4890 3107 4944 ἑαυτῶν
3179 4887 3475 4961 ἀπτόμενοι
3527 4889 3746 4964 ἑτέρους

2099 4981 2386 5037 κατεσθίειν
2436 4980 2770 5054 νομίζουσιν’
2825 4979 2853 5033 ό
2899 4977 2955 5033 δὲ
3002 4982 3186 5056 σαφῶς
3257 4975 3554 5052 ἀλλοτρίας
3615 4999 3742 5032 κατ-

2101 5071 2294 5148 εργαζό
2304 5093 2459 5145 μενος
2557 5072 2753 5146 σάρκας
2872 5071 3062 5124 ἑαυτοῦ
3169 5064 3318 5121 δεινὰ
3440 5067 3745 5144 πάσχοντος

2100 5161 2342 5236 ᾐθάνετο·
2405 5159 2542 5215 ὥστε
2597 5161 2685 5215 καὶ
2744 5158 3044 5234 ἀμηχανῶν
3106 5155 3165 5211 ἐκ
3219 5154 3416 5210 τούτου
3468 5154 3558 5208 καὶ
3627 5154 3743 5227 ἐξα-

2099 5249 2437 5326 πορούμενος
2493 5247 2554 5303 τὸ
2609 5253 2712 5303 τῶν
2771 5252 2943 5302 κυνῶν
3004 5241 3261 5321 ἔπασχεν,
3321 5244 3408 5298 ἐπὶ
3455 5245 3548 5298 τὸν
3604 5241 3741 5299 ἴδιον

2101 5338 2288 5413 ἔμετον
2359 5339 2662 5413 ἀνέστρεφε,
2710 5336 2798 5391 καὶ
2859 5335 3107 5412 γοητείαν
3159 5333 3321 5389 πάλιν
3384 5331 3635 5406 ὠνόμαζε
3678 5332 3742 5388 τὸ

2098 5435 2345 5506 πρᾶγμα,
2406 5427 2594 5482 οὔκουν
2671 5428 2854 5502 ψυχῆς
2925 5423 3294 5502 γενναιότητα,
3355 5419 3480 5477 οὐδὲ
3551 5440 3740 5497 καρτε-

2103 5505 2241 5597 ρίαν,
2301 5516 2425 5573 οὐδε
2482 5518 2625 5582 θείας
2683 5514 2835 5592 ἔργον
2904 5512 3200 5587 δυνάμεως·
3266 5513 3354 5568 καὶ
3427 5509 3588 5566 πάλιν
3666 5505 3743 5572 εἲς

344 5607 820 5680 generositatem,
853 5623 969 5661 non
1001 5603 1428 5671 fortitudinem,
1463 5621 1577 5659 non
1607 5604 1813 5660 divinae
1843 5621 1990 5676 opus

321 5681 604 5767 'virtutis,
651 5696 983 5767 iterumque
1023 5694 1319 5753 maleﬁcas
1369 5709 1673 5766 magorum
1727 5697 1881 5753 artes
1932 5695 1991 5752 in

351 5786 570 5848 crimen
601 5787 916 5845 adducens.

2103 5611 2334 5690 μαγικήν
2361 5605 2711 5686 κακοτεχνίαν
2746 5599 3023 5661 διέϐαλλε.
