4118 6484
343 477 468 539 325

1520 522 1521 525 η
1611 468 2005 532 LAUDATIO
2047 471 2114 533 S.
2161 469 2501 533 GEORGII.

3631 471 3748 533 326

1861 657 2110 714 CAPUT
2140 658 2229 714 IV.

1512 755 1774 825 Veneﬁcio
1801 765 2077 827 separata,
2096 757 2312 812 mortui
2347 757 2615 812 suscitati.

418 903 499 965 κς⁹
533 944 546 958 .
607 900 710 954 Καὶ
769 897 872 954 οὐκ
946 895 1006 952 ἂν
1066 895 1332 952 ἐπαύσατο
1397 898 1565 950 ταῦτα
1618 896 1892 972 κεκραγὼς
1946 916 2006 950 τε

2187 899 2280 953 26.
2311 898 2509 970 Neque
2540 897 2758 969 quievit
2794 897 2916 954 haec
2961 897 3221 954 clamans
3277 915 3750 970 asseverausque,

355 992 443 1048 καὶ
511 987 913 1062 διατεινόμενος
946 1030 962 1057 ,
1019 985 1065 1041 εἷ
1144 987 1218 1059 μὴ
1297 983 1653 1059 μετακληθεὶς
1723 981 2006 1058 ἅνθρωπος

369 1080 598 1156 μγικὴν
667 1076 744 1139 εἷς
821 1077 982 1152 ἄκρον
1065 1073 1429 1147 ἐξησκημένος
1486 1119 1502 1146 ,
1587 1072 1757 1149 λῆρον
1843 1077 2010 1127 ταῦτα

370 1170 578 1244 βοῶντα
632 1165 725 1221 καὶ
779 1165 1117 1241 συκοφάντην
1174 1161 1516 1238 ἀπήλεγχεν,
1573 1161 1673 1217 οὐκ
1717 1160 1804 1217 ἐπὶ
1833 1160 2010 1234 τούτῳ

365 1256 585 1327 κληθεὶς
645 1252 774 1310 οὐδὲ
829 1251 1263 1330 παραγενόμενος
1297 1268 1310 1281 ·
1372 1249 1498 1306 ἀλλ’
1557 1247 1744 1319 ἐπειδὴ
1801 1251 1861 1304 τὸ
1915 1253 2012 1304 τοῦ

365 1344 593 1418 Βαλαὰμ
645 1342 849 1420 τρόπον
914 1341 1038 1396 τινὰ
1110 1339 1376 1395 κάνταῦθα
1448 1333 1724 1393 συνέϐαινε
1757 1383 1772 1409 ,
1831 1358 1956 1412 μετε
1987 1369 2010 1380 -

363 1435 586 1513 πέμφθη
647 1430 705 1488 δὲ
764 1433 865 1506 ἄρα
919 1435 1000 1503 τῷ
1057 1433 1162 1485 τῶν
1220 1422 1524 1483 Μωαϐιτῶν
1587 1425 1801 1503 βασιλεῖ
1855 1447 2014 1482 κατα-

361 1523 666 1600 ρασόμενος
731 1525 851 1582 τοῖς
932 1519 1073 1578 υἱοῖς
1141 1514 1363 1593 Ἰσραήλ
1399 1535 1412 1548 ·
1463 1515 1552 1570 καὶ
1629 1513 1871 1571 σπεύδων
1944 1518 2010 1585 ἦν

362 1612 453 1670 ἐπὶ
503 1611 707 1684 τούτῳ,
761 1607 886 1664 ἀλλ’
936 1609 996 1662 ἄν
1027 1627 1109 1669 τις
1161 1604 1547 1682 ἀντικρούουσα
1593 1602 1839 1679 δύναμις.
1897 1603 2014 1659 ἀντὶ

358 1700 760 1775 καταρωμένου
833 1695 1164 1772 εὐλογοῦντα
1239 1692 1498 1749 ἐδείκνυεν
1560 1739 1574 1751 .
1631 1694 1720 1757 Ὦς
1796 1691 1854 1748 δὲ
1924 1692 2014 1748 καὶ

359 1790 506 1867 γόης
553 1788 706 1858 ἥκων
762 1788 934 1862 μάγος
981 1782 1212 1861 ἐλέγξων
1263 1783 1554 1860 Γεώργιον,
1612 1783 1702 1837 καὶ
1748 1784 2016 1858 καθαιρή-

358 1901 472 1935 σων
526 1875 686 1948 δῆθεν
731 1877 827 1938 τὰς
876 1874 1199 1950 μαγγανείας
1225 1918 1239 1943 ,
1283 1871 1542 1926 παντοίαν
1586 1893 1646 1926 τε
1705 1871 1880 1950 φέρων
1929 1870 2017 1926 ἐπὶ

358 1966 511 2039 τῷδε
566 1962 807 2034 σπουδὴν
841 2011 857 2037 ,
913 1964 1067 2036 ὅμως
1111 1959 1416 2016 τούναντίον
1463 1959 1682 2032 ἐποίει,
1740 1957 2020 2037 ἄνθρωπον

361 2057 527 2112 αὐτὸν
589 2052 870 2110 ἀπεδείκνυ
925 2051 1043 2122 θείᾳ
1114 2054 1296 2128 σαφῶς
1359 2049 1506 2126 χειρὶ
1558 2044 1967 2126 κυϐερνώμενον
2004 2094 2018 2121 ,

363 2146 518 2222 παρὰ
563 2147 820 2198 τοσοῦτον
871 2140 932 2196 ού
984 2137 1188 2194 δίκαιον
1235 2137 1486 2215 γοητείας
1535 2137 1790 2214 ἔγκλημα
1836 2137 1962 2216 φέρε
1989 2169 2022 2181 -

2119 986 2300 1043 donec
2330 986 2645 1042 accersitus
2693 987 2866 1042 homo
2900 986 2958 1041 in
3008 993 3131 1042 arte
3172 987 3400 1060 magica
3427 989 3755 1045 versatissi-

2121 1092 2253 1130 mus
2283 1075 2557 1130 insanum
2589 1079 2644 1130 et
2673 1074 3104 1131 calumniosum
3135 1092 3262 1131 esse
3292 1077 3436 1133 talia
3464 1078 3758 1134 afﬁrman-

2119 1167 2236 1219 tem
2269 1164 2538 1235 convicit,
2572 1181 2685 1219 non
2717 1164 2788 1219 ad
2821 1164 2928 1219 hoc
2956 1169 3194 1220 vocatus
3225 1182 3412 1238 neque
3447 1167 3756 1223 adductus.

2122 1252 2232 1307 Sed
2263 1251 2417 1307 idem
2451 1253 2880 1324 quadamtenus
2911 1251 3005 1307 hic
3034 1251 3243 1308 accidit
3272 1255 3426 1324 quod
3470 1253 3610 1310 olim
3643 1259 3758 1312 Ba-

2121 1339 2333 1412 laamo,
2367 1357 2540 1413 quem
2571 1358 2604 1396 a
2633 1357 2768 1413 rege
2795 1340 3177 1396 Moabitarum
3211 1343 3566 1398 accersitum
3596 1360 3756 1400 exse-

2121 1428 2271 1485 crari
2300 1428 2452 1484 ﬁlios
2482 1428 2680 1496 Israel,
2707 1429 2883 1500 idque
2930 1445 3100 1502 agere
3148 1431 3411 1488 studiose
3439 1431 3756 1506 volentem,

2122 1518 2412 1574 contraria
2441 1519 2710 1590 quaedam
2739 1518 2923 1573 virtus
2964 1535 3068 1591 pro
3121 1519 3527 1577 maledictione
3569 1522 3764 1596 coegit

2123 1607 2584 1663 benedictionem
2617 1608 2848 1663 inferre.
2899 1608 3047 1663 Nam
3104 1609 3417 1666 adveniens
3463 1612 3756 1668 veneficus

2124 1711 2334 1772 magus
2364 1695 2436 1751 ad
2467 1695 2924 1752 convincendum
2955 1696 3544 1772 Georgium,ejusque
3568 1701 3770 1756 incan-

2126 1785 2377 1840 tationes
2407 1783 2832 1856 dissolvendas,
2891 1789 2946 1840 et
3003 1785 3062 1840 in
3093 1785 3186 1842 his
3243 1803 3478 1843 omnem
3527 1805 3764 1861 operam

2127 1873 2437 1944 collocaris,
2461 1889 2702 1944 prorsus
2734 1872 3092 1929 contrarium
3138 1875 3275 1931 fecit
3307 1893 3320 1943 ;
3352 1877 3763 1934 demonstrans

2127 1962 2283 2034 quod
2315 1962 2597 2033 Georgius
2629 1966 2784 2017 esset
2813 1961 2987 2017 homo
3020 1961 3213 2017 divina
3243 1979 3418 2018 manu
3469 1965 3763 2037 guberna-

2126 2056 2244 2118 tus,
2277 2050 2368 2106 cui
2397 2054 2626 2106 tantum
2677 2049 2874 2106 aberat
2919 2053 2984 2104 ut
3028 2055 3227 2121 posset
3268 2052 3472 2108 merito
3502 2054 3765 2110 veneﬁcii

2129 2141 2348 2196 crimen
2379 2137 2942 2210 impingi,quantum
2983 2139 3200 2194 absunt
3237 2139 3483 2196 crimina
3510 2141 3767 2198 tenebris

369 2236 516 2302 σθαι,
577 2233 704 2307 παρ’
751 2231 876 2286 ὅσον
934 2227 1024 2283 καὶ
1067 2233 1172 2283 τῶν
1230 2231 1309 2298 τῷ
1364 2225 1540 2281 σκότει
1585 2226 1894 2302 προσόντων
1937 2225 2019 2281 αἷ-

529 2321 541 2331 .
761 2319 774 2331 .
882 2317 908 2331 ..
1015 2314 1041 2331 ρ.
1144 2316 1156 2331 ,
1343 2315 1363 2331 κ
1636 2315 1648 2331 ι
1781 2316 1794 2331 κ
1904 2320 1929 2330 ,.

2137 2227 2445 2301 gaudentia
2473 2231 2538 2282 ut
2559 2228 2723 2298 juste
2753 2227 2996 2300 possint
3027 2227 3214 2284 lucem
3267 2229 3625 2286 haereditare.
3662 2232 3772 2287 De—

370 2321 657 2395 τιαμάτων
719 2319 818 2374 οὐκ
882 2317 942 2373 ἂν
1013 2314 1237 2378 δικαίως
1305 2315 1684 2390 κληρονομοίη
1741 2316 1803 2370 τὸ
1858 2320 1972 2394 φῶς
2007 2334 2021 2347 ⁸

375 2408 589 2466 ἐδείκνυ
635 2407 724 2481 δὲ,
775 2407 837 2462 οὗ
883 2406 1072 2482 λόγοις
1118 2403 1367 2481 ἄντικρυς
1409 2408 1576 2460 ταῦτα
1626 2406 1765 2478 βοῶν
1817 2405 1886 2478 (εἷ
1933 2403 2022 2459 καὶ

370 2504 540 2555 τοῦτο
567 2503 650 2570 τῷ
679 2497 813 2569 μετά
838 2500 1009 2550 ταῦτα
1036 2488 1376 2568 συνέϐαινεν),
1410 2490 1590 2570 ἔργοις
1622 2491 1698 2566 δὲ,
1732 2494 1761 2548 ὃ
1791 2493 1880 2548 καὶ
1917 2497 2024 2548 τῶν

372 2586 560 2665 λόγων
587 2585 733 2641 πολὺ
765 2584 1140 2661 ἰσχυρότερον.

445 2677 547 2746 κζ’.
579 2671 722 2744 ’Ἤδη
779 2674 874 2746 μὲν
919 2673 1024 2748 γὰρ
1077 2673 1201 2740 ἧκεν
1250 2670 1424 2737 οὗτος,
1475 2671 1565 2726 καὶ
1613 2671 1897 2746 ἀγώνισμα
1929 2671 2022 2746 μὲν

368 2765 524 2838 αὐτῷ
583 2763 852 2841 προετέθη
887 2809 904 2835 ,
952 2765 1130 2816 πεῖσαι
1187 2760 1278 2815 τὸν
1345 2759 1600 2835 Μάρτυρα
1653 2757 1944 2832 δυνηθῆναι
1986 2762 2021 2830 ἢ

368 2855 693 2910 ἀποκτεῖναι
725 2870 740 2886 ⁸
797 2855 977 2906 πεῖσαι
1039 2850 1132 2924 μὲν
1188 2853 1331 2914 θεοῖς
1404 2853 1511 2904 τῶν
1573 2847 1853 2920 Ἐλλήνων
1913 2851 2026 2906 ἀντὶ

366 2946 616 3020 Χριστοῦ
670 2937 990 3018 προσελθεῖν
1025 2982 1040 3010 ,
1101 2938 1405 2993 ἀποκτεῖναι
1485 2935 1543 2992 δὲ
1618 2939 1693 3012 μὴ
1751 2939 2025 3014 πείσαντα,

376 3033 455 3095 ὡς
513 3032 577 3087 ἂν
611 3031 688 3105 μή
715 3029 806 3085 καὶ
835 3033 954 3091 τοῖς
1001 3025 1194 3090 ἄλλοις
1223 3026 1286 3082 τὸ
1314 3027 1431 3082 κατ’
1458 3027 1616 3082 αὐτὸν
1655 3026 2026 3107 βλασφημίας,

380 3121 542 3199 φησὶ,
599 3119 688 3175 καὶ
747 3116 1019 3179 ἀπειθείας
1091 3113 1434 3192 παράδειγμα
1486 3115 1698 3192 γένοιτο
1732 3160 1746 3174 .
1806 3115 2026 3182 νΑθλων

390 3208 453 3266 δὲ
501 3208 704 3264 τούτων
771 3207 1169 3280 τετελεσμένων
1205 3249 1220 3277 ,
1274 3202 1471 3282 δωρεαὶ
1541 3205 1982 3283 κατηγγέλλοντο
2011 3254 2026 3282 ,

390 3297 486 3354 καὶ
541 3298 758 3374 χάριτες
791 3341 809 3370 ,
863 3295 955 3351 καὶ
1008 3293 1212 3368 τιμαὶ,
1268 3293 1358 3349 καὶ
1414 3292 1512 3349 ὅσα
1565 3295 1702 3371 πρὸς
1761 3294 2028 3371 βασιλέως

390 3385 650 3461 διδόμενα
705 3382 918 3461 ψευδῶς
966 3382 1260 3460 μακαρίους
1306 3380 1434 3446 τοὺς
1481 3380 1808 3460 δεχομένους
1863 3391 2028 3441 ποιεῖ·

382 3477 425 3533 ἃ
484 3473 570 3531 δεῖ
621 3474 714 3529 καὶ
773 3471 1006 3534 ὑποστὰς
1055 3469 1264 3549 δράσειν
1323 3470 1547 3542 ἐκεῖνος,
1603 3473 1692 3527 καὶ
1750 3473 1823 3536 ὡς
1882 3471 1937 3530 εἷ’
1978 3497 2031 3531 τι

378 3563 572 3643 ἕτερον
614 3560 839 3640 ῥαδίως,
888 3560 1049 3624 αὐτὸς
1100 3561 1194 3634 μὲν
1245 3559 1332 3615 ἐπὶ
1382 3563 1633 3632 ζητήσεις
1678 3559 2030 3640 δηλητηρίων

2135 2316 2481 2372 monstravit
2533 2321 2728 2370 autem
2800 2332 2917 2371 non
2968 2317 3161 2373 verbis
3210 2317 3344 2386 ista,
3394 2335 3463 2374 ex
3513 2319 3776 2392 apposito

2133 2405 2393 2461 clamans
2425 2406 2441 2477 (
2474 2404 2742 2476 quamvis
2756 2404 2932 2460 etiam
2965 2405 3074 2461 hoc
3103 2411 3302 2477 postea
3331 2407 3614 2480 fecit),sed
3638 2426 3772 2481 ope-

2133 2495 2319 2563 ribus,
2353 2511 2602 2566 quorum
2630 2492 2800 2566 longe
2849 2496 3036 2565 major
3093 2500 3182 2550 est
3227 2513 3404 2568 quam
3460 2499 3769 2555 verborum

2131 2601 2241 2640 νιε.

2203 2673 2291 2730 27.
2323 2673 2453 2728 Mox
2480 2672 2634 2729 enim
2667 2677 2732 2728 ut
2760 2673 3011 2743 advenit,
3037 2674 3297 2746 suscepit
3324 2675 3384 2730 in
3413 2691 3495 2745 se,
3527 2677 3617 2732 vel
3640 2695 3769 2750 per-

2135 2763 2380 2818 suadere
2427 2761 2666 2834 Martyri
2719 2761 3130 2842 et‘gentilium
3192 2764 3334 2819 deos
3387 2782 3488 2836 pro
3537 2766 3765 2823 Christo

2137 2852 2403 2907 adoraret
2450 2850 2540 2907 vel
2589 2852 2925 2923 persuaderi
2970 2856 3312 2908 renuentem
3367 2855 3647 2927 occidere,
3699 2873 3773 2912 ne

2138 2939 2268 2996 aliis
2297 2956 2528 3012 quoque
2558 2941 2617 2994 in
2643 2940 2974 3012 exemplum
3005 2945 3176 3011 esset,
3211 2946 3275 2997 ut
3321 2942 3531 3012 aiebat,
3565 2945 3774 3002 inﬁde-

2140 3029 2324 3085 litatis
2353 3033 2411 3085 et
2457 3029 2835 3101 blasphemiae
2868 3047 2881 3086 :
2914 3030 3129 3101 quibus
3179 3032 3428 3103 peractis
3469 3034 3772 3105 promitte-

2140 3119 2354 3174 bantur
2384 3119 2435 3174 ei
2485 3135 2749 3189 munera,
2800 3119 2997 3191 gratiae
3045 3123 3220 3191 atque
3267 3119 3538 3194 honores,
3587 3139 3773 3195 eaque

2140 3209 2338 3264 omnia
2368 3224 2496 3279 quas
2527 3207 2598 3263 ab
2630 3207 2979 3280 imperatore
3011 3208 3148 3264 data
3177 3208 3320 3266 falso
3343 3215 3624 3282 putantur
3643 3214 3777 3270 bea-

2139 3302 2230 3354 tos
2254 3297 2460 3353 facere.
2494 3297 2561 3352 Et
2589 3297 2710 3352 haec
2758 3297 2996 3368 quidem
3027 3313 3089 3353 se
3144 3297 3435 3375 facturum
3488 3301 3774 3375 recipiens

2140 3391 2264 3444 tam
2303 3385 2473 3442 facile
2515 3402 2690 3457 quam
2740 3385 3062 3457 quidquam
3112 3373 3292 3458 aliud,
3335 3388 3408 3443 ad
3467 3373 3778 3460 quaerenda

2142 3475 2637 3549 praeparandaque
2684 3474 2962 3531 veneﬁcia
3043 3491 3105 3531 se
3161 3479 3460 3550 convertit,
3513 3479 3574 3535 in
3618 3481 3776 3538 diem

2143 3566 2472 3638 proximum
2503 3563 2783 3637 pollicens
2813 3564 3073 3619 dandum
3103 3581 3222 3621 suae
3252 3567 3394 3622 artis
3425 3569 3783 3640 experimen-

380 3633 486 3713 καὶ·
537 3633 820 3714 σκευασίας
874 3633 1145 3728 ἐτρέπετο,
1202 3649 1278 3712 εἷς
1328 3647 1500 3705 νέωτα
1548 3652 1638 3706 τὸν
1685 3658 1786 3723 τῆς
1813 3633 2026 3730 τέχνης

2143 3633 2294 3724 tum,
2326 3658 2384 3712 et
2431 3653 2611 3710 abiit:
2646 3652 2968 3710 dissolutus
3013 3669 3147 3709 vero
3206 3658 3296 3710 est
3346 3661 3682 3730 conventus,
3723 3665 3781 3716 et

383 3744 629 3821 ἔλεγχον
690 3737 882 3796 δώσειν
938 3738 1400 3817 ἐπαγγειλάμενος
1438 3787 1454 3814 ,
1515 3741 1543 3794 6
1604 3737 1662 3796 δὲ
1721 3742 2034 3822 ἀνεχώρει,

382 3833 644 3892 διελύετο
702 3827 758 3886 δὲ
806 3830 834 3884 6
878 3827 1174 3906 σύλλογος,
1223 3829 1316 3884 τὸν
1367 3826 1426 3884 δὲ
1463 3830 1552 3884 καὶ
1602 3829 1767 3886 πάλιν
1813 3831 1929 3908 εἶχε
1971 3833 2036 3888 τὸ

381 3921 794 3996 δεσμωτήριον.
857 3916 1013 3974 Ἀλλ’
1067 3920 1194 3987 ἧκεν
1241 3920 1278 3988 ἡ
1333 3917 1656 3994 προθεσμία,
1710 3920 1801 3974 καὶ
1847 3922 2038 3984 πάντες

378 4011 588 4068 αὐτίκα
637 4013 902 4084 παρῆσαν·
959 4013 1137 4082 παρῆν
1196 4007 1224 4061 6
1284 4008 1565 4086 φαρμακὸς
1614 4007 1701 4063 ἐπὶ
1760 4005 1878 4064 δυσὶ
1934 4031 2036 4066 πο-

382 4099 578 4175 μάτων
635 4093 799 4152 εἴδεσι
845 4099 1103 4173 γαυριῶν,
1153 4095 1228 4158 ὡς
1287 4095 1350 4150 τὸ
1401 4095 1504 4150 πὰν
1554 4095 1707 4160 εὐθὺς
1763 4097 1885 4153 τότε
1937 4104 2036 4154 τοῦ

379 4191 608 4265 ἀγῶνος
657 4184 1130 4262 περιγραψάμεναι·
1157 4203 1171 4218 ⁸
1220 4191 1399 4261 παρῆν
1460 4185 1488 4239 6
1543 4184 1781 4262 Μάρτυς,
1838 4187 2037 4253 ἀποθα-

376 4277 656 4351 νούμενος
704 4275 820 4329 κατ’
875 4273 1072 4336 αὐτοὺς
1128 4272 1315 4328 εἰπεῖν·
1377 4270 1765 4345 Διοκλητιανὸς
1819 4272 2036 4340 ε’ύελπις

384 4364 481 4422 διὰ
534 4368 710 4420 ταῦτα
753 4370 952 4439 παρῆν,
1005 4363 1096 4418 καί
1154 4363 1182 4417 ὁ
1241 4359 1458 4436 δῆμος,
1521 4364 1781 4441 μετέωροι
1839 4362 2034 4430 πάντες

379 4457 490 4526 τήν
517 4450 682 4510 τοῦδε
733 4450 923 4508 ὁποίαν
971 4448 1076 4525 ἕξει
1121 4448 1550 4526 ἀπεκδεχόμενοι
1598 4451 1876 4526 τελευτήν.
1908 4457 2032 4512 Ἕν-

379 4557 476 4610 θεν
534 4563 625 4598 τοι
682 4541 747 4596 τὸ
805 4541 901 4614 μὲν
960 4539 1106 4613 αὐτῳ
1158 4541 1466 4616 προσήγετο
1514 4539 1819 4618 φάρμακον·
1869 4544 1936 4613 ἧν
1977 4541 2035 4600 δὲ

380 4632 472 4688 ἵνα
519 4632 687 4702 πιὼν,
738 4628 947 4708 ἔκφρων
995 4629 1304 4706 γενόμενος,
1353 4627 1534 4685 ἐαυτὸν
1585 4630 1843 4707 ἐπιτρέψῃ
1888 4635 2035 4708 ἄγειν

377 4743 442 4779 τε
494 4721 589 4777 καὶ
646 4720 849 4797 φέρειν,
907 4717 1033 4774 ὅποι
1086 4739 1172 4781 τις
1234 4717 1515 4795 βούλεται’
1563 4721 1626 4774 τὸ
1684 4717 1788 4794 δὲ,
1846 4727 2035 4787 σκεῦος

382 4811 643 4888 ὑπάρχον
693 4810 959 4879 θανάτου,
1009 4805 1228 4886 δευτέρα
1271 4807 1432 4871 πόσις
1488 4807 1827 4883 ἐταμιεύετο.
1878 4810 2038 4868 Ἀλλ’

384 4897 515 4956 οὔτε
562 4897 739 4953 ἐκεῖνο
787 4895 961 4968 ἐξίστα
1005 4897 1165 4953 ποθὲν
1217 4942 1232 4970 ,
1263 4897 1353 4952 καὶ
1398 4898 1461 4952 τὸ
1516 4897 1806 4973 θανάσιμον
1867 4902 2033 4980 μέχρι

2145 3750 2414 3803 sanctum
2445 3745 2637 3800 denuo
2667 3758 2862 3798 carcer
2889 3741 3133 3814 excepit.
3167 3743 3340 3799 Venit
3369 3762 3504 3818 ergo
3553 3748 3781 3820 explan-

2146 3837 2230 3892 dae
2257 3831 2588 3906 sponsionis
2620 3831 2764 3900 dies,
2806 3835 2864 3887 et
2909 3847 3113 3888 omnes
3167 3849 3405 3889 rursum
3462 3841 3780 3908 praesentes

2147 3925 2401 3982 adfuere.
2427 3921 2766 3994 Comparuit
2784 3919 3323 3993 veneﬁcus,duplici
3344 3925 3577 3995 potione
3599 3926 3782 3983 fretus

2146 4014 2304 4070 velut
2334 4012 2433 4085 qui
2463 4011 2665 4084 paucis
2694 4014 2879 4067 totum
2905 4015 3199 4067 certamen
3221 4012 3776 4088 circumscripserat:

2145 4100 2473 4174 comparuit
2500 4105 2558 4156 et
2580 4103 2812 4172 Martyr,
2843 4104 2909 4154 ut
2938 4099 3050 4171 ipsi
3097 4090 3385 4172 dicebant,
3436 4103 3608 4159 morti
3655 4109 3780 4162 tra-

2145 4191 2391 4248 dendus.
2435 4188 2828 4245 Diocletianus
2877 4204 3108 4260 quoque
3156 4205 3370 4262 magna
3417 4208 3522 4264 spe
3568 4192 3778 4265 plenus

2145 4281 2398 4352 advenit,
2430 4283 2486 4336 et
2532 4277 2784 4351 populus
2832 4277 3094 4346 multus;
3129 4293 3332 4335 omnes
3379 4282 3651 4353 suspensi
3681 4299 3778 4338 ex-

2143 4369 2503 4442 spectatione
2549 4368 2900 4436 futurorum,
2979 4382 3154 4438 quem
3203 4384 3270 4423 ea
3319 4373 3515 4424 essent
3560 4370 3778 4428 exitum

2142 4459 2435 4515 habitura.
2470 4457 2551 4512 Ex
2579 4473 2697 4510 una
2743 4471 2878 4526 ergo
2922 4459 3084 4527 parte
3131 4457 3474 4526 producitur
3502 4458 3775 4530 pharma-

2141 4565 2299 4612 cum,
2332 4546 2485 4620 quod
2517 4550 2641 4602 erat
2667 4544 2800 4612 tale,
2835 4549 2900 4600 ut
2928 4544 3123 4616 ipsum
3156 4545 3360 4600 bibens
3391 4551 3551 4602 extra
3594 4565 3772 4606 usum

2139 4639 2305 4695 ﬁeret
2334 4635 2783 4706 rationis,seque
2813 4633 3091 4705 praeberet
3117 4635 3409 4705 agendum
3442 4636 3778 4695 ferendum-

2143 4744 2255 4800 que
2285 4729 2454 4797 prout
2483 4725 2616 4796 quis
2645 4721 2926 4778 voluisset
2956 4737 2969 4775 :
3003 4721 3251 4777 alterum
3281 4739 3415 4780 vero
3441 4741 3542 4782 vas
3571 4727 3773 4784 morti-

2143 4817 2332 4872 ferum
2389 4817 2514 4869 erat
2569 4828 2672 4883 pro
2729 4810 2984 4867 secunda
3040 4809 3271 4881 potione
3314 4817 3603 4884 paratum.
3662 4817 3775 4872 Sed

2144 4921 2332 4977 neque
2362 4903 2518 4958 istud
2549 4904 2809 4973 epotum,
2838 4898 3051 4954 mentis
3075 4902 3293 4955 statum
3324 4904 3641 4960 commovit
3669 4926 3684 4975 ς
3719 4908 3778 4962 et

378 4993 486 5045 τοῦ
531 4991 679 5042 πιεῖν
724 4985 1017 5061 θανάσιμον
1064 4989 1152 5057 ἦν.
1204 4985 1349 5041 Ἐπεὶ
1383 4983 1430 5040 δ’
1476 4985 1726 5056 ἐπέποτο,
1776 4988 2026 5064 ἐψεύσατο

2144 4994 2298 5066 quod
2328 4995 2595 5064 potatum
2624 4988 2925 5044 dicebatur
2954 5003 3083 5043 esse
3111 4989 3422 5059 letiferum,
3456 4992 3611 5048 haud
3644 5011 3775 5050 vero

375 5079 490 5148 τήν
519 5074 895 5152 προσηγορίαν
929 5118 945 5145 ,
995 5072 1146 5130 οὐδὲν
1201 5071 1413 5148 μᾶλλον
1463 5075 1537 5136 εἷς
1583 5074 1782 5131 ἐκεῖνον
1830 5079 1867 5148 ἢ
1906 5078 2034 5142 τοὺς

386 5168 469 5241 μὴ
519 5164 747 5226 πιόντας
797 5162 1123 5241 ἐνηργηκός·
1173 5165 1208 5233 ἢ
1265 5161 1476 5237 μᾶλλον
1529 5165 1718 5238 εἰπεῖν,
1757 5165 2036 5246 ἀμφότερα

383 5253 635 5310 ἔκστασιν
712 5253 804 5308 καὶ
876 5252 1117 5332 ἀφωνίαν
1194 5251 1473 5330 εἰργάσατο
1506 5300 1522 5327 ,
1582 5253 1680 5309 οὐκ
1747 5255 1824 5318 εῒς
1905 5256 2033 5321 τοὺς

375 5341 839 5420 προσηκαμένους
883 5341 974 5397 καὶ
1022 5341 1386 5418 γευσαμένους
1419 5385 1434 5412 ,
1469 5340 1596 5404 τοὺς
1646 5339 1704 5397 δὲ
1749 5364 2036 5421 προσενεγ-

373 5433 576 5494 κόντας
651 5429 743 5486 καὶ
817 5431 1101 5506 γεύσασθαι
1181 5429 1462 5493 πείσαντας
1510 5475 1523 5488 .
1588 5431 1860 5503 Ἐξίστατο
1918 5435 2033 5509 ,μὲν

371 5522 484 5597 γὰρ
535 5527 883 5596 παραχρῆμα
928 5521 989 5584 ’ὃς
1045 5519 1297 5576 ἐσκεύασε
1330 5521 1542 5596 μάγος,
1589 5520 1681 5576 καὶ
1713 5521 1890 5586 ἐννεὸς
1943 5525 2031 5594 ἦν·

373 5610 628 5682 ἐξίστατο
677 5607 1066 5680 Διοκλητιανὸς
1112 5609 1203 5665 καὶ
1253 5607 1594 5686 διηπορεῖτο·
1641 5608 1766 5666 οὐδὲ
1796 5612 1824 5666 6
1857 5609 2034 5688 δῆμος

373 5700 484 5778 ἄρα
526 5698 622 5755 καὶ
671 5698 726 5754 οἱ
773 5697 1034 5776 παρόντες
1087 5701 1186 5769 τῆς
1239 5695 1559 5774 συγκλήτου
1620 5699 1826 5780 βουλῆς
1882 5701 2036 5770 ἐκτὸς

375 5792 518 5865 ἦσαν
549 5787 830 5862 θαύματος
859 5788 951 5846 καὶ
980 5787 1317 5864 ἐκπλήξεως.

2144 5081 2381 5138 nomine
2412 5096 2474 5135 se
2513 5076 2792 5151 appellari
2831 5077 3112 5148 probavit,
3146 5077 3326 5134 nihilo
3370 5079 3502 5152 plus
3533 5081 3776 5155 Georgio

2144 5186 2358 5227 nocens
2401 5183 2578 5240 quam
2625 5166 2698 5221 iis
2767 5163 2866 5236 qui
2914 5165 3108 5236 ipsum
3148 5183 3279 5235 non
3326 5169 3640 5227 biberant:
3673 5176 3777 5228 aut

2143 5259 2339 5331 potius
2371 5261 2618 5327 utraque
2647 5253 2804 5326 potio
2844 5254 3252 5326 obstupescere
3295 5261 3352 5312 et
3381 5258 3781 5316 obmutescam

2145 5348 2280 5404 fecit
2325 5362 2441 5402 non
2489 5343 2587 5416 qui
2640 5341 2993 5416 gustaverat,
3065 5343 3164 5398 sed
3214 5346 3311 5416 qui
3374 5348 3776 5420 propinarant.

2145 5434 2462 5507 Obstupuit
2489 5433 2644 5488 enim
2677 5431 2774 5502 qui
2796 5430 3111 5502 pharmace
3127 5441 3551 5505 praeparaverat
3573 5454 3782 5509 magus

2146 5523 2452 5596 obstupuit
2482 5525 2538 5577 et
2579 5518 2968 5576 Diocletianus
3003 5535 3016 5574 :
3049 5520 3299 5591 populus
3347 5531 3542 5580 autem
3591 5530 3648 5582 et
3675 5525 3775 5598 qui

2145 5615 2294 5670 forte
2309 5629 2378 5668 ex
2406 5615 2611 5667 senatu
2641 5613 2781 5664 tunc
2810 5608 3073 5678 aderant,
3104 5625 3220 5666 non
3251 5617 3414 5669 erant
3445 5613 3779 5676 admiratio~

2146 5703 2240 5762 nis
2271 5699 2872 5776 consternationisque
2899 5701 3183 5773 expertes.
