4118 6462
407 461 524 527 32⁸7

407 690 605 740 autem
637 683 1092 740 festinavitinire
1122 685 1545 738 tormentorum
1577 682 1859 737 rationem
1891 687 2036 750 (om-

407 790 509 829 nes
537 773 693 829 enim
725 771 1017 827 cruciatus
1047 787 1186 826 suos
1212 771 1597 841 exsuperabat
1627 771 1810 839 rabie)
1841 775 1906 826 ut
1933 771 2036 825 ali-

405 863 559 934 quod
589 861 892 928 iuveniret,
925 861 1078 933 quod
1125 876 1240 915 non
1280 860 1512 915 afferret
1554 861 1730 915 etiam
1768 865 2032 915 mortem.

402 951 694 1022 Posquam
743 954 935 1005 autem
983 948 1127 1003 vidit
1175 947 1454 1003 defecisse
1497 948 1745 1004 frameas
1794 965 1933 1004 suas
1977 948 2035 1002 in

403 1039 602 1108 ﬁnem,
658 1043 718 1094 et
764 1037 963 1110 jacula
1017 1054 1144 1092 esse
1200 1036 1500 1104 exhausta,
1569 1041 1627 1092 et
1673 1052 2034 1108 quacunque

401 1127 555 1184 facta
582 1131 746 1184 erant
777 1144 891 1183 non
935 1125 1122 1198 magis
1171 1125 1504 1198 profecisse,
1537 1142 1713 1196 quam
1753 1125 1802 1181 si
1833 1131 2036 1181 contra

394 1220 652 1273 statuam
704 1215 794 1272 vel
835 1216 1106 1271 umbram
1151 1215 1400 1270 fuissent
1437 1214 1701 1269 adhibita
1753 1232 1765 1280 ;
1808 1219 2034 1270 mutata

392 1305 693 1377 pugnandi
725 1305 970 1372 ratione,
1001 1303 1178 1360 veluti
1208 1303 1459 1374 priorem
1493 1303 2035 1375 improbans,inivit

394 1396 569 1450 aliam
604 1410 617 1449 :
646 1409 719 1449 ne
740 1398 881 1450 tunc
929 1393 1166 1465 quidem
1208 1393 1280 1448 ab
1330 1391 1694 1447 immanitate
1725 1409 1832 1447 sua
1860 1391 2029 1462 quid-

392 1500 568 1556 quam
601 1483 933 1552 deflectens,
967 1482 1067 1538 sed
1098 1496 1227 1536 eam
1278 1480 1570 1536 industrie
1621 1480 2030 1552 malitioseque

391 1572 791 1629 dissimulans.
825 1572 1125 1644 Cogitabat
1153 1571 1309 1627 enim
1339 1569 1492 1624 intra
1521 1586 1602 1638 se,
1636 1570 1787 1641 quod
1815 1570 1863 1624 si
1897 1569 2030 1641 quis

389 1662 858 1734 generosioribus
890 1659 1103 1717 animis
1134 1658 1416 1714 sazvitiam
1457 1658 1877 1726 admoverit,eo
1903 1675 2027 1729 ipso

391 1751 726 1806 fidentiores
757 1767 854 1806 eos
881 1749 1104 1814 reddat,
1137 1748 1186 1803 si
1212 1763 1342 1802 vero
1393 1747 1839 1816 mansuetudine
1879 1763 2027 1817 qua-

391 1839 527 1895 dam
559 1857 625 1895 ac
655 1838 891 1896 lenitate
920 1836 1227 1909 temperati
1250 1852 1548 1892 sermones
1580 1835 1812 1904 fuerint,
1844 1835 2026 1890 emol-

389 1928 526 1985 litos
553 1928 684 1985 illos
713 1929 951 1983 tandem
983 1926 1095 1982 sibi
1137 1925 1376 1980 habebit
1422 1925 1808 1996 obsequentes
1842 1941 1854 1978 :
1887 1941 2023 1979 nam

387 2016 562 2072 etiam
593 2018 809 2073 ferrum
842 2014 968 2071 oleo
999 2013 1273 2084 lasvigari,
1306 2014 1575 2084 quamvis
1605 2013 1711 2068 hoc
1758 2011 2026 2068 mollissi-

387 2121 575 2174 mum,
606 2104 761 2161 istud
793 2104 1178 2160 durissimum
1209 2103 1303 2158 sit.
1334 2102 1480 2166 Quid
1520 2102 1700 2174 igitur
1727 2101 1754 2156 ‘I
1785 2101 2024 2156 Larvam

384 2195 636 2250 assumit
682 2193 938 2250 lenitatis
987 2208 1100 2260 ;ex
1149 2190 1516 2247 severissimo
1563 2190 1624 2245 in
1672 2189 2022 2245 melliﬂuum

380 2282 781 2354 blandumque
810 2282 1263 2338 transformatur
1293 2297 1307 2348 ;
1343 2285 1469 2334 tum
1498 2278 1808 2350 benignius
1850 2278 2020 2336 solito

388 2388 524 2427 eum
572 2372 820 2427 intuitus
864 2377 921 2426 et
985 2369 1143 2424 vocis
1192 2370 1480 2424 feritatem
1533 2369 1832 2423 dimittens
1866 2385 1878 2423 :
1911 2369 2018 2439 Tu,

385 2460 598 2532 inquit,
631 2478 663 2515 ο
695 2461 892 2527 homo,
939 2457 1317 2513 difﬁcultates
1365 2457 1813 2512 difﬁcultatibus
1857 2457 2018 2514 inne-

389 2555 572 2620 ctens,
606 2551 677 2604 ad
709 2554 1027 2605 extremam
1060 2564 1165 2602 nos
1209 2547 1669 2618 desperationem
1701 2546 2016 2601 adduxisti.

387 2641 699 2710 Quousque
749 2643 944 2694 autem
993 2637 1106 2692 ista
1135 2636 1163 2690 *ἲ
1206 2640 1262 2691 et
1313 2636 1544 2706 quando
1586 2635 1849 2707 quiesces
1875 2636 1903 2690 ’ἲ
1932 2638 2017 2690 An

383 2745 519 2800 ergo
553 2745 660 2784 nos
688 2731 914 2798 oportet
942 2724 1149 2781 lassari
1181 2741 1283 2796 per
1309 2724 1507 2780 omnia
1552 2724 1882 2781 molestiam
1912 2725 2018 2780 tibi

381 2833 451 2873 ex
489 2817 819 2890 ignorantia
862 2816 1238 2879 facescentes,
1287 2819 1344 2870 et
1391 2814 1496 2868 tibi
1544 2815 1689 2868 alias
1721 2813 2017 2868 conciliari

378 2905 636 2963 volentes
663 2907 691 2961 ‘2
721 2906 870 2961 Doce
899 2921 1028 2976 quae
1060 2904 1137 2960 sit
1168 2902 1270 2958 illa
1315 2903 1420 2958 tibi
1475 2903 1761 2958 assistens
1808 2903 2012 2972 virtus,

381 3011 485 3067 per
512 3011 689 3067 quam
732 2999 816 3049 tot
857 2998 1134 3064 tantaque
1173 2991 1406 3047 evasisti
1439 2991 1793 3047 discrimina.
1845 2997 2013 3060 Doce,

382 3085 646 3157 inquam,
676 3083 765 3140 vel
821 3099 998 3150 nunc,
1047 3081 1184 3136 licet
1229 3085 1361 3136 ante
1411 3078 1668 3136 nolueris
1701 3096 1712 3133 :
1748 3085 1806 3135 et
1830 3097 1935 3136 nos
1982 3097 2017 3136 a

381 3173 755 3246 perplexitate
804 3173 1011 3239 exime,
1075 3170 1330 3242 teipsum
1393 3169 1463 3224 ab
1505 3169 1912 3240 inquietudine
1959 3176 2016 3226 et

378 3262 658 3320 tumultu.
685 3265 770 3317 An
802 3260 1102 3317 existimas
1133 3276 1238 3315 nos
1272 3258 1666 3330 provocandos
1699 3259 1771 3314 ad
1792 3261 2015 3315 iracun-

1426 456 1738 523 GEORGII
1781 459 2045 524 CYPRII
2089 455 2184 524 GP
2255 458 2778 526 PATRIARCH/E

475 597 565 652 28.
598 596 665 650 Et
694 594 814 650 hac
844 591 1079 666 quidem
1107 592 1190 649 sic
1243 596 1372 648 acta
1420 597 1560 648 sunt
1591 609 1604 648 :
1639 592 2038 648 Diocletianus
2073 597 2129 660 Α
2227 594 2333 661 κη’.

3679 467 3801 537 328

2392 594 2711 666 Τοῦτοᾙμὲν
2771 591 2861 647 οὖν
2921 594 3092 657 οὕτως
3151 595 3294 673 εἶχες
3353 598 3440 652 καὶ
3495 598 3559 654 τὰ
3628 600 3794 677 μέχρι

2146 681 2338 735 τούτου
2391 681 2511 751 ὀξὺς
2561 685 2625 751 ἦν
2676 685 2704 736 ὁ
2736 682 3124 752 Διοκλητιανὸς
3152 687 3250 754 τὴν
3292 683 3380 741 διὰ
3406 693 3514 742 τῶν
3551 689 3794 764 βασάνων

2146 772 2260 824 κατ’
2320 769 2518 824 ἐκείνου
2567 777 2800 847 χωρῶν·
2859 773 2954 835 τὰς
3008 775 3110 848 γὰρ
3165 775 3367 837 ἁπάσας
3425 777 3569 850 αὐτῷ
3627 779 3792 836 κολά-

2145 879 2255 920 σεις
2329 858 2530 929 λύττης
2606 856 2883 935 ὑπερϐολῇ
2959 860 3032 924 ὥς
3109 883 3227 918 τινα
3305 864 3426 938 μίαν
3507 867 3789 944 ὑπήνεγκε,

2149 945 2289 1020 μηδὲ
2345 944 2469 1009 δοὺς
2530 947 2852 1003 ἀναπνεῦσαι
2925 952 2996 1021 τῇ
3053 950 3303 1028 συνεχείᾳ
3336 973 3348 985 ·
3409 952 3524 1008 ἐπεὶ
3582 953 3639 1010 δὲ
3693 958 3792 1020 τάς

2145 1036 2338 1090 ἑαυτοῦ
2397 1035 2665 1114 ῥομφαίας
2717 1037 2793 1099 εἷς
2842 1036 3002 1101 τέλος
3061 1039 3440 1104 ἐκλελοιπυίας
3496 1044 3681 1118 ἑώρα,
3721 1046 3789 1101 τά

2141 1146 2200 1180 τε
2260 1125 2395 1201 βέλη
2455 1127 2904 1200 συντετελεσμένα
2938 1175 2952 1201 ,
3013 1130 3101 1184 καί
3174 1152 3225 1185 τι
3299 1131 3582 1207 γενόμενον
3640 1134 3787 1208 αὖτῷ

2142 1214 2307 1270 πλέον
2365 1213 2539 1286 οὐδὲν,
2598 1216 2632 1283 ἢ
2695 1216 2816 1271 ὅσον
2858 1219 2993 1293 πρὸς
3052 1217 3335 1296 ἀνδριάντα
3393 1219 3429 1290 ἢ
3487 1223 3636 1277 σκιὰν
3685 1225 3786 1294 τήν

2141 1303 2344 1358 ἐκείνου
2423 1305 2798 1378 καθισταμένῳ
2863 1308 2960 1375 τήν
3025 1311 3209 1383 μάχην
3245 1357 3261 1380 ,
3313 1308 3494 1385 ὥσπερ
3573 1311 3782 1384 ἐκείνην

2139 1391 2530 1467 ἀπαγορεύσας,
2591 1393 2769 1464 ἄλλην
2823 1396 3113 1470 τρέπεται·
3174 1397 3262 1452 καὶ
3319 1397 3444 1454 οὐδὲ
3498 1405 3586 1454 νῦν
3643 1401 3780 1457 ἀπο-

2140 1482 2364 1554 θέμενος
2431 1483 2492 1537 τὸ
2573 1480 2836 1558 θηριῶδες
2909 1489 3006 1538 τοῦ
3081 1485 3286 1562 τρόπου
3359 1489 3447 1542 καὶ
3523 1489 3780 1563 μανικόν,

2136 1571 2455 1647 πανούργως
2515 1568 2570 1625 δέ
2625 1593 2740 1632 πως
2805 1572 2931 1628 αὐτὸ
2986 1574 3075 1628 καὶ
3125 1577 3411 1646 κακοήθως
3470 1578 3778 1642 συστείλας.

2137 1660 2340 1714 Διελὼν
2397 1661 2497 1735 γάρ
2553 1661 2678 1735 παρ’
2728 1661 2919 1733 ἐαυτῷ,
2965 1662 3041 1724 ὡς
3085 1663 3131 1716 εἷ
3163 1665 3297 1736 μετά
3349 1665 3495 1728 τινός
3537 1688 3620 1728 τις
3663 1674 3784 1732 τοῖς

2134 1749 2523 1823 γενναιοτέροις
2583 1749 2942 1827 προσφέροιτο
2999 1749 3383 1827 χαλεπότητος
3417 1799 3430 1824 ,
3486 1758 3632 1810 τοῦτ’
3688 1757 3780 1811 αὐ-

2132 1841 2248 1897 τοῖς
2295 1835 2573 1892 αὐθάδειαν
2626 1837 3037 1913 ἀπεργάζεσθαι,
3090 1838 3250 1896 si’xetv
3301 1840 3392 1917 βίᾳ
3438 1842 3781 1922 μεγαλοφυία

2134 1928 2319 1999 ψυχῆς
2375 1927 2448 1998 μὴ
2498 1923 2974 2002 καταδεχομένοις·
3028 1928 3086 1982 ἃν
3139 1927 3186 1983 δ’
3217 1930 3318 2004 ἄρα
3364 1931 3472 1985 τινὶ
3512 1933 3778 2008 πραότητι

2132 2014 2222 2068 καὶ
2305 2013 2562 2086 ἐπιεικείᾳ
2635 2015 2764 2078 τοὺς
2851 2016 3044 2092 λόγους
3129 2018 3410 2094 κεράννυσι
3480 2019 3776 2096 τέγγοντας

2131 2099 2240 2172 ἤδη
2275 2148 2289 2173 ,
2350 2103 2472 2157 τότε
2543 2103 2633 2158 καὶ
2714 2103 2986 2160 ὑπείκουσι
3060 2107 3172 2177 (καὶ
3227 2109 3326 2184 γὰρ
3397 2109 3486 2162 καὶ
3549 2107 3776 2184 σίδηρος

2133 2190 2320 2263 ἐλαίῳ,
2346 2192 2544 2268 τρόπον
2576 2193 2697 2247 τινά
2726 2195 2754 2247 ὁ
2786 2192 3154 2270 σκληρότατος
3203 2200 3283 2268 τῷ
3336 2197 3768 2271 μαλθακωτάτῳ,

2133 2279 2422 2351 λεαίνεται)
2455 2327 2468 2353 ,
2521 2280 2574 2335 τί
2619 2288 2805 2352 ποιεῖ;
2863 2279 3254 2356 Ἀναλαμϐάνει
3309 2306 3364 2340 τι
3427 2293 3772 2362 προσωπεῖον

2132 2368 2436 2442 ἐπιεικείας,
2494 2371 2584 2425 καὶ
2631 2372 2765 2446 πρὸς
2813 2373 2876 2426 τὸ
2933 2372 3211 2449 μειλίχιον
3261 2375 3349 2429 καὶ
3396 2379 3665 2451 προσηνὲς
3716 2377 3776 2434 ἐκ

2127 2464 2224 2513 τοῦ
2295 2461 2424 2535 ἄγαν
2482 2459 2752 2536 αὐστηροῦ
2817 2462 3206 2536 μεθαρμόζεται
3242 2508 3254 2520 .
3311 2464 3484 2539 Ταύτῃ
3534 2487 3619 2521 τοι
3676 2467 3766 2522 καὶ

2128 2549 2475 2624 ἡμερώτερον
2531 2553 2627 2602 τοῦ
2676 2551 2938 2619 συνήθους
2991 2546 3266 2624 ἐμϐλέψας
3315 2552 3507 2626 ἐκείνῳ
3539 2601 3552 2627 ,
3611 2558 3775 2611 καθυ-

2127 2637 2242 2714 φείς
2289 2658 2347 2691 τε
2394 2638 2482 2692 καὶ
2527 2639 2626 2706 τήν
2672 2637 2966 2714 ἀγριότητα
3008 2646 3109 2708 τῆς
3158 2648 3382 2718 φωνῆς,
3441 2643 3537 2715 Σὺ,
3582 2644 3765 2722 φησὶν,

2127 2727 2389 2799 ἄνθρωπε,
2449 2726 2698 2803 ἀπορίαις
2754 2726 3078 2800 συμπλέκων
3139 2729 3414 2806 ἀπορίας,
3474 2733 3552 2794 είς
3622 2735 3770 2804 ἀμη-

2125 2815 2319 2892 χανίας
2365 2818 2513 2888 ἡμᾶς
2559 2817 2653 2877 τὰς
2703 2815 2933 2890 ἐσχάτας
2981 2811 3295 2890 ἐμϐάλλεις.
3357 2817 3530 2875 Ἀλλᾶ
3587 2822 3754 2896 μέχρι

2121 2904 2268 2967 τίνος
2300 2900 2443 2959 ἔσται
2488 2908 2656 2959 ταῦτα
2685 2923 2698 2974 ;
2730 2905 2820 2958 καὶ
2871 2904 3004 2959 πότε
3050 2906 3304 2962 παύσεται
3339 2927 3351 2977 ;
3385 2910 3452 2964 Ἦ
3494 2905 3582 2962 διὰ
3628 2929 3754 2963 παν-

2120 2995 2214 3056 τὸς
2269 2995 2490 3067 κάμνειν
2548 2996 2697 3066 ἡμᾶς
2755 2991 2850 3065 διῖ,
2905 2994 3194 3070 πράγματα
3247 2996 3298 3068 ἐξ
3349 2997 3560 3073 ἀγνοίας
3593 2994 3751 3074 ἔχον-

2120 3104 2239 3156 τας,
2284 3083 2372 3137 καὶ
2421 3083 2505 3136 σοὶ
2558 3083 2813 3157 ἑτέρωθεν
2867 3084 3253 3157 προξενοῦντας
3287 3105 3300 3155 ;
3335 3084 3550 3157 Δίδαξον
3598 3087 3678 3149 τίς
3716 3089 3753 3158 ἡ

2123 3174 2350 3228 συνοῦσά
2397 3193 2480 3226 σοι
2533 3168 2757 3244 δύναμις
2793 3216 2807 3244 ,
2860 3169 2928 3226 δι’
2973 3173 3042 3242 ἧς
3089 3171 3235 3248 ἔχεις
3282 3173 3411 3237 τοὺς
3467 3176 3757 3238 τοσούτους

2121 3262 2208 3316 καὶ
2288 3258 2648 3332 τηλικούτους
2719 3257 3000 3322 κινδύνους
3074 3260 3412 3340 ἐκπεφευγὼς
3473 3310 3487 3332 ,
3547 3262 3758 3336 δίδαξον

376 3353 532 3410 diam
563 3351 764 3408 audita
791 3348 1279 3419 verltate,tibique
1307 3363 1436 3404 eam
1468 3348 1772 3418 exponenti
1804 3365 2011 3420 graves

2125 3355 2206 3406 νῦν
2250 3354 2402 3425 γοῦν,
2460 3349 2506 3404 εἰ
2555 3349 2644 3404 καὶ
2702 3350 2776 3422 μή
2825 3350 3107 3426 πρότερον,
3154 3351 3243 3405 καὶ
3297 3350 3609 3425 ἀπάλλαξον
3669 3355 3764 3426 μὲν

375 3441 634 3499 futuros?
662 3441 742 3496 Ne
774 3437 1244 3510 tibi,quaaso,hoc
1274 3438 1669 3510 persuaseris:
1705 3439 2011 3494 audiemus

375 3537 433 3587 te
463 3547 640 3603 quam
685 3527 1142 3585 clementissime
1186 3526 1755 3598 jucundissimeque,
1789 3527 1929 3597 quin
1955 3533 2013 3584 et

377 3617 841 3692 gratificabimur
869 3616 974 3671 tibi
1006 3620 1292 3687 quantum
1320 3615 1408 3671 fas
1441 3615 1568 3682 erit,
1602 3615 1650 3670 si
1681 3633 1788 3671 nos
1819 3618 1890 3672 ab
1921 3618 2010 3671 in-

377 3713 633 3766 veterato
655 3723 846 3763 errore
876 3704 1202 3762 abduxeris.

2119 3439 2176 3494 ἐκ
2227 3445 2324 3493 τοῦ
2381 3432 2669 3511 [θάμϐους]
2703 3436 2902 3499 εὐθέως
2958 3440 3128 3512 ἡμᾶς.
3189 3438 3501 3510 ἀπαλλαξον
3558 3439 3616 3497 δὲ
3669 3443 3763 3497 καὶ

2120 3530 2308 3583 σαυτὸν
2351 3522 2584 3602 θορύϐου
2631 3529 2720 3581 καὶ
2768 3530 3050 3602 ταραχῆς,
3103 3530 3170 3582 Ἢ
3217 3527 3362 3604 τάχα
3399 3531 3536 3605 πρὸς
3589 3531 3765 3606 ὀργὴν

2120 3616 2220 3673 οἴει
2268 3617 2684 3688 ’ἀκουσομένους
2740 3618 2932 3688 ἡμᾶς,
2989 3616 3078 3671 καί
3143 3638 3228 3671 σοι
3305 3615 3762 3695 δυσχερανοῦντας

2117 3710 2216 3776 τήν
2248 3706 2503 3776 ἀλήθειαν
2551 3703 2798 3776 διεξιόντι
2833 3725 2846 3775 ;
2878 3706 2948 3760 Τὸ
3000 3704 3056 3759 δὲ
3099 3705 3206 3781 οὐχ
3255 3705 3430 3768 οὕτως
3479 3703 3644 3776 ἔσται,
3682 3710 3758 3780 μή

381 3802 540 3854 τοῦτο
568 3794 814 3868 νομίσῃς·
850 3793 972 3849 ἀλλ’
996 3792 1313 3866 ἀνεξικάκως
1349 3793 1440 3866 μὲν
1473 3792 1547 3856 ὠς
1578 3791 1652 3847 ἔνι
1688 3793 1919 3867 μάλιστα
1949 3795 2037 3850 καὶ
2084 3796 2289 3871 ἱλαρῶς
2336 3795 2693 3869 ἀκουσόμεθα·
2741 3795 3079 3870 χαριούμεθα
3111 3793 3169 3850 δέ
3219 3816 3300 3849 σοι
3353 3796 3442 3850 καὶ
3481 3798 3550 3851 τὰ
3581 3797 3760 3852 εικότα

384 3886 547 3966 μόλις
578 3889 723 3960 ἡμᾶς
748 3891 847 3954 τῆς
885 3889 1089 3958 μακρᾶς
1121 3904 1251 3938 ποτε
1279 3883 1611 3958 ἀπαγαγόντι
1642 3882 2110 3959 περιπλανήσεως.

444 4001 535 4056 29.
567 3999 698 4056 Hec
727 3999 843 4067 ille,
878 4001 1130 4053 mentem
1167 3997 1357 4052 verbis
1406 3997 1724 4068 occultans,
1756 4015 1868 4053 non
1901 4014 1998 4053 ve-

371 4089 603 4146 ritatem
635 4088 939 4161 requirens
973 4104 985 4142 :
1013 4089 1139 4158 jam
1179 4087 1333 4142 enim
1384 4086 1594 4144 millies
1643 4094 1699 4144 et
1727 4088 1915 4160 palam
1949 4089 2000 4145 ei

371 4181 592 4235 dictum
623 4185 746 4234 erat
774 4195 808 4233 a
839 4178 1109 4249 Martyre,
1135 4176 1348 4232 Christi
1392 4176 1663 4232 virtutem
1692 4179 1894 4234 adesse
1925 4178 1998 4235 iis

369 4269 470 4340 qui
510 4269 704 4340 ipsum
743 4267 1093 4323 conﬁtentur
1135 4282 1262 4321 esse
1308 4270 1485 4321 Deum
1521 4291 1534 4333 ;
1567 4271 1739 4337 atque
1787 4266 1870 4322 ita
1902 4283 1999 4323 eos

370 4359 495 4413 ﬁeri
540 4358 698 4413 omni
748 4355 1006 4429 periculo
1054 4355 1341 4424 fortiores,
1388 4359 1764 4427 potentesque
1813 4357 1881 4412 ad
1917 4357 1997 4412 fa-

373 4445 575 4504 cienda
604 4447 774 4519 signa
803 4449 977 4517 atque
1005 4445 1317 4515 omnigena
1362 4444 1646 4500 miracula
1674 4446 1732 4500 in
1768 4446 2001 4501 demon-

371 4536 710 4592 strationem
767 4534 1047 4591 veritatis.
1097 4533 1311 4588 Verum
1367 4532 1664 4589 simulatio
1714 4533 1834 4588 hanc
1879 4538 2004 4590 erat

370 4629 544 4696 atque
575 4624 853 4695 adulatio,
878 4629 935 4680 et
963 4625 1057 4679 via
1100 4624 1388 4725 quaedam,
1439 4628 1503 4677 ut
1557 4623 1750 4694 aptius
1799 4623 2004 4695 loquar
2031 4661 2078 4725 D

367 4729 484 4784 qua
512 4713 708 4784 ipsum
737 4713 796 4768 in
832 4729 1000 4769 suam
1034 4711 1328 4784 pelliceret
1371 4711 1729 4767 voluntatem
1778 4717 2002 4783 pertra-

364 4801 641 4874 beretque
675 4827 690 4870 ;
724 4807 788 4858 ut
818 4803 892 4870 ei,
926 4803 1025 4873 qui
1058 4807 1177 4857 tam
1232 4800 1474 4856 comiter
1524 4800 2004 4874 familiariterque

371 4890 578 4960 agebat
604 4908 825 4958 secum,
858 4892 984 4964 pari
1017 4907 1246 4963 quoque
1270 4889 1661 4946 familiaritate
1692 4907 1752 4946 se
1767 4892 2006 4962 conjun-

372 4983 532 5050 geret
579 4979 881 5052 Georgius,
932 4982 1328 5053 gauderetque
1387 4981 1456 5034 ab
1506 4979 1632 5051 ipso
1682 4979 2001 5036 honorari:

373 5067 670 5123 nesciebat
699 5073 892 5124 autem
924 5071 1077 5141 quod
1108 5069 1366 5141 seipsum
1397 5068 1706 5140 deciperet,
1725 5085 2004 5141 magnum

369 5155 629 5212 veritatis
654 5164 1140 5231 propugnatorem
1157 5158 1227 5214 iis
1247 5159 1438 5213 verbis
1457 5157 2007 5229 aggressus,quibus

370 5243 662 5316 mancipia
691 5246 1417 5309 demulcentur.Quomodo
1447 5247 1602 5300 enim
1632 5252 1828 5318 posset
1845 5246 2004 5302 illius

364 5333 653 5404 sapientia
680 5334 898 5391 talibus
928 5336 1296 5391 sermonibus
1326 5335 1652 5406 decipi,aut
1681 5339 1878 5391 tantus
1902 5353 2003 5406 pro

359 5421 638 5494 religione
666 5424 825 5480 zelus
858 5425 1014 5480 aliud
1073 5425 1376 5496 quidpiam
1436 5424 1575 5495 pati,
1637 5441 1818 5496 quam
1875 5441 1999 5494 quae

361 5513 525 5568 decet
552 5512 611 5568 in
643 5513 751 5570 hac
782 5531 958 5569 causa
989 5519 1045 5568 et
1101 5513 1354 5584 cogitare
1393 5517 1449 5567 et
1477 5512 1639 5584 loqui
1671 5514 1699 5566 ?
1729 5515 2001 5569 Amorem

363 5617 497 5661 Vero
523 5601 704 5672 illius,
735 5619 849 5677 quo
888 5603 1086 5660 anima
1134 5603 1260 5673 ejus
1310 5601 1551 5659 ardebat
1597 5602 1668 5658 ad
1701 5603 2002 5660 Christum

443 5782 519 5862 (3)
550 5781 758 5842 Malem
789 5781 976 5857 legere
1006 5776 1297 5862 διαλέγων.

2175 3995 2251 4049 κθ¹
2285 4039 2298 4052 .
2355 3997 2529 4048 Ταῦτα
2583 3989 2640 4048 δὲ
2697 3989 2884 4053 ἄλλως
2941 3991 3224 4070 ἐφθέγγετο
3257 4039 3272 4065 ,
3333 3992 3430 4048 οὐκ
3486 3992 3748 4064 ἀλήθειαν

2108 4084 2489 4161 ἐρευνώμενος
2549 4079 2718 4136 πάλαι
2770 4080 2870 4157 γάρ
2928 4080 3073 4152 αὐτῴ
3129 4078 3298 4150 δῆλον
3357 4083 3443 4154 ἦν,
3495 4083 3748 4157 μυριάκις

2106 4175 2241 4252 πρὸς
2271 4177 2366 4228 τοῦ
2416 4170 2696 4246 Μάρτυρος
2745 4169 3052 4244 εἰρημένον,
3101 4169 3176 4232 ὡς
3227 4172 3261 4240 ἡ
3318 4175 3550 4246 Χριστοῦ
3602 4168 3756 4225 δύνα-

2115 4287 2206 4338 μις
2237 4267 2464 4318 συνοῦσα
2491 4265 2606 4322 τοῖς
2635 4260 2762 4314 Θεὸν
2814 4258 3175 4335 ὁμολογοῦσιν
3222 4259 3404 4334 αὐτὸν,
3452 4263 3611 4315 τοῦτο
3658 4259 3754 4333 μὲν

2110 4351 2369 4430 ἰσχυροὺς
2426 4350 2561 4404 κατά
2616 4349 2814 4410 παντὸς
2857 4345 3104 4403 κινδύνου
3161 4353 3418 4405 ποιεῖται.
3478 4353 3638 4403 τοῦτο
3697 4345 3756 4402 δὲ

2107 4443 2196 4498 καὶ
2253 4440 2490 4514 σημείων
2568 4436 2894 4514 αὐτουργοὺς
2964 4437 3055 4492 καὶ
3125 4436 3396 4492 παντοίων
3461 4437 3753 4511 θαυμάτων

2109 4533 2246 4608 πρὸς
2273 4531 2370 4599 τὴν
2420 4532 2516 4583 τοῦ
2570 4525 2737 4603 λόγου
2790 4529 2886 4595 τῆς
2937 4524 3198 4596 ἀληθείας
3243 4523 3544 4597 ἀπόδειξιν.
3612 4525 3750 4583 Ἀλλ

2109 4623 2176 4691 ἦν
2230 4619 2498 4695 πρόφασις
2553 4621 2712 4671 τοῦτο
2787 4615 2878 4670 καὶ
2935 4613 3215 4685 κολακεία,
3291 4615 3326 4684 ἢ
3387 4613 3512 4678 ὁδὸς
3592 4615 3761 4670 εἰπεῖν

2113 4706 2438 4784 οἰκειότερον
2511 4707 2645 4760 κατά
2718 4711 2820 4774 τῆς
2897 4703 3099 4759 ἐκείνου
3173 4705 3453 4780 γνώμης,
3515 4725 3559 4760 ει
3641 4724 3760 4766 πως

2115 4796 2363 4868 ἡδυνθεὶς
2421 4793 2657 4870 λόγοις,
2705 4793 2872 4867 ταύτῃ
2940 4793 3272 4868 παρασυρείη
3349 4792 3554 4868 ἱλαρῶς
3608 4793 3756 4866 αὐτῷ

2113 4887 2535 4961 προσενεχθέντα
2609 4884 2961 4957 ἀνθιΛαρῆναι
3030 4879 3494 4959 φιλοτιμήσασθαι
3528 4901 3541 4913 ·
3602 4881 3758 4954 ὅμως

2115 4975 2389 5032 ἐλάνθανεν
2449 4974 2632 5028 ἐαυτὸν
2693 4973 2904 5026 ἀπατῶν
2933 5015 2948 5042 ,
3003 4967 3193 5046 λόγοις
3229 5017 3242 5029 .
3311 4972 3390 5032 οἷς
3446 4969 3758 5045 ἀνδράποδα

2114 5065 2412 5137 κηλοῦνται
2446 5108 2459 5120 .
2517 5062 2596 5135 τῷ
2673 5061 2894 5136 μεγάλῳ
2967 5067 3069 5129 τῆς
3125 5058 3382 5130 ἀληθείας
3439 5061 3758 5136 προσφέρων

2115 5156 2385 5231 ἀγωνιστῇ
2421 5175 2432 5188 ·
2485 5156 2589 5206 ποῦ
2640 5153 2741 5226 γὰρ
2792 5147 2896 5204 ἔδει
2943 5150 3040 5218 τὴν
3095 5150 3300 5205 ἐκείνου
3349 5149 3536 5226 σοφίαν
3586 5152 3757 5219 ἡττη-

2115 5243 2544 5314 θῆναιτοιούτυυ
2577 5261 2590 5310 ;
2631 5245 2727 5295 τοῦ
2778 5237 2835 5294 δὲ
2876 5241 2968 5294 τὸν
3017 5245 3275 5295 τοσοῦτον
3325 5239 3456 5314 ὑπὲρ
3489 5233 3761 5300 εὐσεϐείας

2117 5334 2282 5403 ζῆλον
2317 5331 2455 5388 ἄλΛο
2511 5353 2564 5385 τι
2620 5335 3040 5412 παραχωρῆσαι,
3091 5329 3125 5397 ἢ
3167 5329 3264 5383 ’ὃσα
3318 5328 3450 5403 ὑπὲρ
3483 5322 3756 5389 εὐσεϐείας

2111 5419 2289 5498 ἔχεται
2352 5466 2365 5490 ,
2422 5420 2511 5476 καὶ
2594 5417 2944 5488 διανοηθῆναι
2989 5417 3079 5472 καὶ
3131 5418 3494 5495 φθέγξασθαι;
3553 5418 3641 5472 τὸν
3714 5413 3766 5470 δ’

2116 5512 2245 5586 ὑπὲρ
2295 5514 2526 5588 Χριστοῦ
2583 5513 2678 5563 τοῦ
2723 5508 2889 5581 μόνου
2937 5507 3106 5561 καλοῦ
3161 5507 3332 5569 οὕτως
3377 5507 3578 5561 ἐκείνου
3637 5503 3766 5584 φλέ-

2111 5622 2272 5679 γοντα
2300 5602 2397 5671 τὴν
2430 5599 2613 5676 ψυχὴν
2666 5595 2860 5675 ἔρωτα,
2910 5601 3029 5660 πῶς
3076 5597 3141 5668 ἧν
3194 5596 3336 5660 εἰκὸς
3389 5594 3572 5674 ἐτέρου
3612 5594 3761 5664 τινὸς
