4118 6464
258 462 381 523 θυ

1511 462 1910 526 LAUDATIO
1944 465 2023 525 \S.
2071 460 2411 526 GEORGII.

3534 461 3655 521 330

256 586 516 662 ἐπιθυμίᾳ
565 593 678 644 τῶν
734 588 886 645 κάτω
942 588 1124 646 δοῦναι
1181 589 1557 668 παρείσδυσιν..
1617 589 1751 648 Οὔτε
1804 594 1906 670 γὰρ

2024 595 2194 651 unice
2240 595 2564 651 formosum
2613 591 3001 665 diligendum,
3053 591 3344 662 quomodo
3418 590 3658 649 alterius

256 697 381 733 ποτε
444 682 560 746 ζῶα
618 679 719 747 τήν
770 679 944 756 πυρὸς
1002 680 1188 755 χώραν
1245 682 1372 757 παρ’
1429 682 1642 745 ἑαυτοῖς
1699 681 1911 761 τρέφειν

253 765 360 822 οἶόν
413 786 476 820 τε
507 813 525 839 ,
583 763 622 835 ἤ
678 787 729 821 τι
789 762 974 841 ἕτερον
1038 765 1288 845 δέχεσθαι
1343 774 1449 825 τῶν
1506 768 1652 825 κάτω
1707 792 1767 826 τε
1820 770 1909 826 καὶ

252 851 473 931 γηΐνων·
530 853 657 910 οὕτε
711 856 813 925 τὴν
872 855 1076 912 ἐκείνου
1124 859 1330 935 ψυχὴν,
1388 864 1705 935 πρυτανεῖον
1763 858 1909 924 θείου

258 945 627 1018 γεγενημένην
676 944 877 1021 πυρὸς,
928 943 1195 1021 λογισμόν
1244 968 1363 1002 τινα
1415 947 1719 1023 προίεσθαι,
1782 948 1910 1024 βλέ-

264 1034 379 1086 πειν
435 1031 544 1106 ὅτῳ
623 1029 835 1104 δήποτε
906 1034 1096 1111 τρόπῳ
1174 1035 1560 1113 εἰσηγούμενον
1617 1037 1754 1114 πρὸς
1811 1039 1910 1107 τὴν

267 1119 426 1189 ὓλην.
458 1118 634 1190 Δῆλον
669 1118 728 1177 δὲ
755 1126 943 1196 τοῦτο,
975 1124 1058 1186 οἷς
1086 1144 1146 1179 τε
1194 1124 1488 1201 εἰργάζετο,
1540 1128 1624 1190 οἷς
1663 1148 1723 1182 τε
1751 1126 1907 1202 ἐκαρ-

265 1209 427 1285 τέρει,
455 1209 540 1265 καὶ
573 1211 656 1273 οἷς
677 1209 804 1266 τότε
832 1211 972 1288 πρὸς
995 1212 1087 1268 τὸν
1116 1212 1371 1287 τύραννον
1402 1212 1605 1291 ἔλεγεν.

329 1388 401 1442 λ’.
463 1389 533 1441 Ἦ
608 1408 717 1442 που
770 1385 855 1459 σύ,
919 1387 1070 1466 φησὶ,
1134 1388 1356 1465 βασιλεῦ
1391 1434 1406 1461 ,
1463 1390 1747 1467 καινότερα
1801 1395 1909 1446 τῶν

255 1474 523 1552 πρότριτα
576 1475 668 1532 καὶ
729 1477 862 1552 χθὲς
920 1476 1223 1554 εἰρημένων
1305 1478 1621 1545 ἀκούσεσθαι
1673 1478 1907 1556 προσδο-

248 1569 358 1619 κῶν
388 1609 405 1635 ,
465 1565 569 1634 τήν
644 1565 812 1633 αὐτὴν
893 1566 974 1621 ἀεὶ
1031 1566 1154 1643 περὶ
1210 1572 1317 1622 τῶν
1376 1567 1552 1624 αὐτῶν
1608 1569 1907 1647 προτείνεις

249 1652 563 1730 iptio-ruam;
609 1653 683 1709 Ού
742 1655 850 1728 μὴν
908 1656 999 1710 καὶ
1054 1655 1278 1731 ἀκούσῃ,
1341 1655 1489 1734 εἷ’περ
1550 1658 1624 1721 εἷς
1684 1658 1822 1714 ἐστιν
1879 1660 1907 1714 6

247 1745 344 1812 τῆς
403 1740 670 1813 ἀληθείας
700 1743 731 1797 6
758 1742 929 1819 λόγος
968 1745 1058 1799 καὶ
1087 1744 1295 1807 ἀπλοῦς
1347 1748 1437 1802 καὶ
1493 1746 1760 1822 σύντομος
1818 1749 1908 1803 καὶ

251 1833 423 1910 σαφής
455 1874 475 1901 ,
536 1828 686 1907 εἴπερ
741 1832 832 1887 καὶ
885 1836 1050 1907 ἡμεῖς
1124 1838 1222 1889 τοῦ
1277 1835 1477 1898 παντὸς
1532 1840 1694 1910 τιμᾷν
1759 1833 1910 1910 ἷῖτμεν

251 1919 517 1992 ἀλήθειαν
573 1922 664 1976 καὶ
722 1919 785 1977 ού
841 1923 989 1998 παρὰ
1038 1921 1207 1995 μέλος
1257 1923 1618 2001 φθεγγόμεθα,
1661 1921 1787 1980 οὐδὲ
1813 1928 1904 1979 νῦν

256 2010 350 2082 μὲν
394 2014 569 2066 ταῦτα
611 2014 732 2073 τοῖς
780 2010 1204 2086 πυνθανομένοις
1255 2013 1452 2090 φαμὲν,
1499 2018 1579 2086 τῷ
1637 2012 1907 2091 μεθαρμό-

252 2103 435 2167 ζεσθαι
492 2099 631 2174 πρὸς
696 2098 933 2161 ἐκείνους
1006 2100 1073 2155 τὰ
1149 2095 1275 2156 ὄντα
1346 2102 1858 2179 παραχαράττοντες
1890 2147 1904 2161 .

250 2187 314 2241 Εἰ
347 2184 396 2242 δ’
454 2186 541 2242 ὅτι
599 2187 761 2251 αὐτός
817 2187 1045 2264 ἐρωτᾷς,
1100 2189 1152 2243 τί
1204 2194 1366 2246 τοῦτο
1410 2188 1601 2246 διοίσει
1628 2195 1747 2255 τοῖς
1781 2191 1904 2265 μίαν

251 2275 421 2344 αὐτὴν
493 2277 585 2332 τὸν
662 2276 744 2332 ἀεὶ
822 2271 1175 2354 πρεσϐεύουσι
1251 2279 1451 2356 χρόνον
1485 2323 1500 2350 ,
1560 2281 1649 2335 καὶ
1719 2281 1909 2350 κοινὴν

254 2363 426 2421 εἰδόσι
506 2367 647 2442 πρὸς
724 2366 978 2436 ἅπαντας,
1054 2365 1192 2423 ὥστε
1262 2366 1465 2424 ,πείθειν
1547 2365 1907 2443 μεταϐάλλειν

253 2454 426 2525 αὐτήν
460 2474 476 2524 ;
509 2451 674 2510 Οὐδὲν
730 2454 968 2529 πάντως,
1020 2453 1233 2528 οὔκουν,
1292 2455 1418 2512 οὐδὲ
1471 2453 1903 2533 μεταϐαλοῦμεν.

258 2541 419 2601 Ἀλλ’
448 2540 602 2619 εἴπερ
661 2539 832 2607 ὅντως
882 2551 982 2615 τῆς
1037 2543 1294 2617 ἀληθείας
1352 2545 1531 2623 λέγεις
1589 2547 1734 2624 ἐρᾷν,
1788 2545 1906 2602 ἰδού

251 2653 335 2687 σοι
393 2634 526 2710 παρ’
578 2634 740 2706 ἡμῶν
795 2633 1055 2705 ἀληθείας
1113 2633 1331 2711 ῥήματα
1364 2680 1379 2708 ,
1434 2637 1525 2691 καὶ
1599 2635 1764 2693 πάλιν
1821 2657 1906 2691 σοι

251 2721 342 2775 καὶ
398 2719 676 2784 πολλάκις
733 2722 824 2777 τὸν
884 2721 1044 2778 αὐτὸν
1119 2721 1279 2800 λόγον
1336 2724 1562 2801 ἐροῦμεν
1599 2743 1612 2756 ·
1675 2725 1905 2802 Χριστὸς

464 2808 728 2886 ἐνισχύει,
785 2812 1016 2888 Χριστὸς
1072 2813 1223 2885 ἡμᾶς
1280 2811 1493 2890 ῥύεται,
1549 2815 1778 2891 Χριστὸς
1836 2813 1907 2870 δι’

252 2900 414 2971 ἡμῶν
460 2904 668 2973 σημεῖα
718 2897 1014 2975 ἐργάζεται.
1073 2900 1139 2954 Εἰ
1195 2898 1253 2956 δέ
1305 2922 1426 2957 τινα
1480 2901 1660 2957 πίστιν
1711 2903 1905 2959 ἐκτῶν

252 2984 425 3063 ἔργων
489 2993 693 3060 ζητεῖς,
744 2984 855 3057 ἤδη
917 2989 1013 3061 μὲν
1068 2988 1158 3044 καὶ
1214 2989 1477 3065 πρότερον
1537 2988 1790 3070 εἷ’ληφας,
1842 2992 1905 3047 οὐ

259 3077 370 3149 μὴν
425 3074 572 3131 ἀλλὰ
615 3075 707 3131 καὶ
767 3075 917 3138 αὺθις
970 3071 1156 3131 λαϐεῖν
1206 3075 1424 3149 ἔξεστιν·
1458 3077 1573 3135 ο⁹ίδε
1618 3080 1722 3157 γὰρ
1752 3080 1906 3136 αὐτοὶ

256 3167 429 3236 ἡμεῖς
480 3163 693 3238 ’ἐτοιμοί
753 3185 837 3220 σοι
893 3166 1065 3221 πάντα
1136 3167 1326 3222 παθεῖν
1361 3187 1375 3201 ·
1435 3169 1525 3224 καὶ
1593 3167 1759 3224 πάλιν
1818 3168 1905 3226 ἐπὶ

259 3250 397 3327 ἔργα
423 3252 611 3328 χώρει,
641 3252 731 3308 καὶ
779 3258 904 3330 χρῶ
949 3260 1070 3317 ταῖς
1116 3255 1295 3330 χερσὶ,
1335 3257 1425 3311 καὶ
1471 3254 1657 3335 φείδου
1711 3256 1902 3333 μηδὲν,

248 3338 348 3396 ἵνα
376 3340 467 3395 καὶ
521 3339 683 3397 πάλιν
743 3347 910 3418 γνῷς,
968 3341 1054 3397 ὅτι
1113 3345 1229 3417 μεθ’
1276 3346 1436 3418 ἡμῶν
1469 3347 1498 3401 ὁ
1529 3347 1677 3421 Θεὸς,
1732 3335 1976 3403 διασε-(Ῑ

251 3428 434 3500 δάζων
461 3431 563 3500 τήν
592 3432 708 3486 καθ’
733 3433 894 3505 ἡμῶν
930 3430 1188 3509 ὑμετέραν
1224 3431 1456 3509 βουλήν.
1480 3486 1483 3491 ,

318 3519 427 3575 λα’.
484 3523 663 3575 Ταῦτα
717 3517 776 3575 δὲ
831 3520 1113 3598 εἰρηκότος
1167 3521 1366 3594 αὐτοῦ,
1426 3523 1527 3579 ούκ
1578 3527 1644 3593 ἦν
1700 3523 1901 3598 ἐκεῖνος

248 3609 416 3686 σοφὸς
476 3606 617 3663 ὥστε
675 3610 921 3679 συνιέναι,
980 3607 1104 3665 οὐδὲ
1157 3608 1396 3680 ἐκζητῶν
1451 3612 1544 3667 τὸν
1602 3613 1749 3685 Θεὸν,
1796 3592 1899 3668 ’ἄν-

250 3709 471 3774 θρωπος
528 3699 598 3767 ἦν
658 3696 1031 3761 ἀπολωλεκὼς
1092 3697 1298 3775 βουλὴν
1333 3747 1349 3773 ,
1402 3699 1711 3775 ἐπιστήμην
1768 3706 1902 3757 Θεοῦ

250 3786 372 3842 οὔτε
402 3783 558 3862 ἔχων
618 3783 741 3842 οὔτε
796 3785 1115 3863 δεχόμενος.
1168 3790 1266 3843 Διά
1313 3793 1475 3845 τοῦτο
1522 3789 1611 3845 καὶ
1655 3795 1904 3865 μιμεῖται

248 3876 375 3938 τοὺς
432 3873 609 3930 πάλαι
681 3872 958 3931 Ἰουδαίων
1015 3874 1211 3940 παῖδας
1248 3898 1262 3913 ’
1323 3872 1553 3934 ἔϐλεπον
1634 3879 1728 3952 μὲν
1800 3879 1902 3956 γὰρ

252 3962 450 4020 ἐκεῖνοι
510 3965 641 4039 παρ’
693 3964 924 4038 ἑαυτοῖς,
983 3962 1184 4035 ἤκουον
1244 3968 1370 4044 παρ’
1427 3966 1631 4044 ἑτέροις
1673 3969 1900 4045 Χριστὸν

251 4054 503 4128 θαύματα
564 4050 884 4108 ἐκτελοῦντα
912 4099 930 4128 ,
989 4059 1192 4127 σημεῖα
1221 4100 1237 4126 ,
1296 4051 1550 4129 δυνάμεις
1587 4075 1600 4088 ·
1665 4057 1754 4112 καὶ
1831 4059 1905 4121 ὡς

256 4139 429 4215 μηδὲν
474 4139 708 4215 ἰδόντες,
763 4138 893 4216 μηδ’
950 4142 1270 4213 ἀκηκοότες,
1317 4143 1386 4198 τὰ
1438 4143 1572 4200 αὐτὰ
1621 4150 1906 4216 ζητοῦντες

250 4234 647 4308 προσήρχοντο
683 4276 696 4288 .
755 4225 1149 4308 Ἐμϐρόντητοι
1183 4276 1199 4303 ,
1256 4228 1375 4309 ἄρτι
1448 4231 1675 4309 βλέπετε
1706 4279 1721 4306 ,
1776 4236 1905 4312 χθὲς

254 4319 532 4395 ἑωράκατε
566 4364 581 4391 ,
637 4319 745 4396 πρὸ
798 4325 901 4390 τῆς
973 4319 1104 4395 χθὲς
1176 4319 1264 4375 καὶ
1342 4319 1585 4377 ἐπέκεινα
1648 4322 1905 4387 ὡσαύτως

257 4406 448 4482 εἴδετε,
508 4407 627 4463 εἶτα
681 4407 759 4472 εἷς
812 4408 908 4471 τὰς
964 4408 1128 4471 αὐτὰς
1181 4407 1639 4474 ἀποτελευτῶντες
1679 4411 1907 4490 ἀπορίας

259 4496 420 4566 ἣκετε
450 4516 466 4566 ;
497 4495 737 4559 Τούτους
782 4493 851 4565 δὴ
908 4497 1247 4572 μιμούμενος
1303 4499 1393 4554 καὶ
1451 4499 1629 4570 αὐτὸς,
1690 4499 1908 4557 ἀπόδει-

258 4588 336 4659 ξιν
392 4592 496 4657 τῆς
552 4590 786 4661 Χριστοῦ
844 4583 1123 4660 δυνάμεως
1194 4586 1463 4651 πολλάκις
1523 4584 1704 4645 λαϐὼν
1746 4635 1760 4663 ,
1817 4592 1909 4646 καὶ

258 4674 426 4730 πάλιν
485 4679 642 4746 ζητεῖ
673 4696 686 4709 ·
737 4680 888 4746 ζητεῖ
947 4677 1042 4750 μὲν
1098 4674 1189 4732 οὗν
1224 4721 1240 4747 ,
1300 4677 1408 4754 οὐχ
1460 4676 1609 4742 ὅπως
1664 4678 1908 4760 εἰληφὼς

262 4763 577 4819 κατευθύνοι
622 4764 721 4834 τήν
780 4761 1001 4841 καρδίαν
1050 4765 1263 4836 ἑαυτοῦ,
1316 4767 1406 4821 καὶ
1452 4767 1643 4829 πιστὸς
1689 4769 1910 4844 γένηται

266 4852 324 4925 (ἦ
358 4853 465 4928 γὰρ
495 4850 672 4907 πάλαι
723 4846 907 4909 λαϐὼν
958 4853 1193 4931 ἐγεγόνει
1230 4873 1244 4925 ;
1276 4855 1312 4924 ἥ
1361 4856 1464 4931 γὰρ
1510 4854 1679 4912 πάλαι
1730 4856 1915 4912 κατεύ-

275 4942 397 4996 θυνε
418 4961 437 5011 ;
571 4940 899 5019 ἐκπειράζων
961 4938 1019 4998 δὲ
1076 4943 1239 5017 μόνον
1298 4943 1455 5016 αἰτεῖ,
1514 4942 1597 5000 ὅτι
1652 4947 1743 5000 καὶ
1799 4947 1916 5002 κατ’

267 5028 505 5093 ἐκείνους
558 5030 716 5106 γενεά
768 5051 852 5093 τις
908 5031 976 5101 ἦν
1028 5031 1225 5089 σκολιᾶ
1263 5031 1353 5087 καὶ
1393 5033 1913 5109 παραπικραίνουσα,

1937 1968 1985 2034 Β

2020 685 2332 754 cujusdam
2362 680 2697 754 cupiditatis
2727 697 2906 737 causa
2934 679 3212 752 possibile
3243 684 3368 735 erat
3396 681 3658 753 praecipi-

2019 776 2145 828 tare
2174 773 2448 828 deorsum
2470 772 2498 825 ‘I
2527 771 2725 842 Neque
2757 771 2911 825 enim
2944 767 3221 825 animalia
3250 786 3514 840 unquam
3546 769 3661 826 alia

2019 863 2446 916 consueverunt
2473 875 2578 932 per
2605 875 2667 914 se
2693 857 2884 914 vivere
2911 856 2972 912 in
3002 856 3236 929 regione
3256 857 3438 930 ignis;
3474 872 3662 929 neque

2018 948 2295 1021 possibile
2325 953 2472 1017 erat,
2502 951 2568 1003 ut
2597 947 2794 1003 anima
2820 945 2922 1002 illa
2941 946 3069 1017 jam
3100 946 3254 1002 facta
3283 945 3463 1001 divini
3504 946 3661 1019 ignis

2017 1036 2471 1109 receptaculum,
2522 1036 2840 1109 cogitatum
2888 1034 3239 1106 admitteret,
3313 1051 3660 1108 quacunque

2019 1126 2244 1183 ratione
2265 1126 2336 1182 ad
2360 1130 2593 1181 terrena
2617 1124 3018 1180 inducentem:
3042 1124 3217 1196 idque
3236 1126 3365 1179 tum
3385 1124 3658 1196 operibus

2017 1214 2226 1287 patuit,
2259 1218 2387 1269 tum
2435 1212 2754 1270 tolerandis
2800 1212 3128 1284 tormentis,
3175 1216 3305 1268 tum
3352 1213 3541 1269 verbis
3582 1214 3657 1270 ad

2016 1308 2333 1377 tyrannum
2364 1302 2682 1375 productis.

2087 1392 2181 1449 30.
2222 1392 2544 1458 Quomodo,
2574 1390 2789 1463 inquit,
2817 1408 2849 1446 ο
2879 1390 3214 1464 imperator,
3252 1390 3326 1447 iis
3348 1407 3476 1463 qua;
3505 1391 3659 1447 atri-

2018 1480 2133 1535 duo
2162 1480 2281 1536 imo
2313 1483 2445 1536 ante
2473 1479 2600 1536 dies
2628 1480 2777 1535 duos
2808 1478 3100 1551 audivisti,
3124 1477 3409 1535 oblivione
3425 1483 3657 1551 praeter-

2016 1568 2137 1635 itis,
2168 1568 2434 1626 eamdem
2465 1584 2697 1641 semper
2726 1569 2797 1624 de
2844 1568 3066 1624 eisdem
3118 1568 3292 1624 rebus
3339 1568 3660 1641 interroga-

2015 1658 2236 1714 tionem
2257 1658 2571 1731 przstendis
2582 1658 2611 1713 *ἶ
2636 1657 2928 1729 siquidem
2947 1660 3006 1713 et
3018 1673 3122 1713 nos
3136 1657 3374 1713 omnino
3388 1658 3659 1716 novimus

2014 1747 2314 1803 veritatem
2355 1752 2572 1815 tenere,
2600 1763 2788 1818 neque
2816 1762 2946 1802 eam
2976 1762 3081 1819 per
3109 1750 3305 1819 partes
3348 1746 3656 1817 edicimus,

2017 1836 2392 1892 membratim
2420 1852 2549 1891 eam
2581 1836 2886 1908 loquentes
2910 1854 2924 1903 ;
2950 1851 3134 1906 neque
3161 1837 3333 1892 modo
3350 1836 3455 1902 sic,
3483 1835 3655 1891 modo

2018 1923 2188 1981 aliter
2230 1925 2730 1997 interrogantibus
2778 1925 3220 1997 respondemus,
3270 1928 3338 1980 ut
3381 1941 3487 1980 nos
3538 1922 3655 1979 illis

2018 2014 2549 2084 accommodamus,
2581 2013 2886 2070 veritatem
2919 2013 3333 2070 adulterantes.
3356 2012 3417 2068 Si
3438 2029 3572 2069 vero
3598 2016 3657 2069 et

2015 2105 2082 2158 tu
2110 2119 2239 2158 eam
2265 2118 2451 2170 amas,
2483 2102 2775 2174 quomodo
2800 2104 3031 2158 tantum
3061 2103 3360 2175 discrepas
3390 2101 3464 2158 ab
3512 2101 3652 2171 illis,

2016 2190 2116 2263 qui
2146 2191 2335 2263 ipsam
2366 2190 2550 2247 solam
2574 2190 2774 2247 colunt
2798 2190 2959 2247 omni
2988 2194 3271 2264 tempore,
3302 2195 3359 2247 et
3387 2190 3656 2247 eamdem

2014 2296 2154 2353 erga
2182 2296 2387 2336 omnes
2416 2295 2545 2336 esse
2575 2279 2790 2348 sciunt,
2820 2283 2888 2335 ut
2923 2280 3175 2336 suadeas
3224 2279 3296 2336 ab
3348 2296 3416 2336 ea
3465 2279 3656 2337 disce-

2016 2369 2151 2425 dere
2170 2370 2198 2423 ?
2221 2369 2346 2425 Non
2376 2370 2653 2441 profecto,
2678 2386 2796 2425 non
2818 2368 3198 2426 discedimus.
3223 2369 3285 2424 Si
3307 2372 3504 2425 tamen
3525 2383 3658 2425 vere

2019 2457 2166 2513 dicis
2195 2459 2351 2530 quod
2389 2458 2689 2515 veritatem
2740 2474 2926 2527 amas,
2977 2458 3114 2514 audi
3150 2464 3227 2513 'ex
3273 2457 3441 2514 nobis
3486 2459 3660 2513 verba

2018 2546 2328 2615 veritatis;
2375 2546 2590 2603 iterum
2632 2551 2688 2603 et
2731 2547 2944 2603 iterum
2987 2547 3259 2603 eumdem
3329 2563 3658 2603 sermonem

2015 2634 2349 2707 loquimur:
2401 2635 2669 2692 Christus
2714 2652 2822 2692 nos
2871 2635 3176 2692 confortat.
3230 2635 3501 2691 Christus
3550 2652 3658 2692 nos

2015 2724 2243 2790 liberat,
2277 2723 2543 2780 Christus
2572 2740 2677 2797 per
2705 2741 2812 2781 nos
2843 2725 3013 2797 signa
3042 2727 3335 2797 operatur.
3356 2725 3418 2780 Id
3441 2724 3490 2780 si
3512 2723 3656 2781 velis

2016 2812 2292 2885 operibus
2334 2813 2798 2885 comprobatum,
2851 2814 3120 2885 quamvis
3187 2813 3650 2886 experimentum

2007 2903 2133 2975 jam
2149 2901 2494 2974 sumpseris,
2519 2900 2676 2957 aliud
2698 2904 2893 2957 tamen
2917 2918 3153 2958 rursum
3176 2918 3408 2958 sumere
3431 2901 3649 2958 licebit.
3729 2925 3745 2934 -

2014 2992 2159 3047 Ecce
2189 2990 2344 3047 enim
2373 2994 2609 3063 paratos
2638 3007 2746 3046 nos
2777 2989 2898 3063 pati
2951 2991 3186 3046 omnia:
3236 2990 3367 3047 veni
3414 3007 3651 3047 rursum
3738 3016 3743 3023 ι

2016 3080 2088 3135 ad
2119 3096 2314 3151 opera,
2345 3085 2403 3135 et
2431 3079 2707 3134 manibus
2751 3081 2933 3146 utere,
2986 3078 3132 3134 nihil
3175 3079 3534 3148 formidans;
3585 3083 3653 3134 ut

2014 3184 2331 3241 cognoscas
2377 3168 2590 3224 iterum
2638 3167 2777 3240 quia
2827 3172 2979 3225 Deus
3021 3168 3329 3225 nobiscum
3378 3172 3485 3239 est,
3551 3172 3655 3224 tua

2013 3260 2218 3313 contra
2245 3272 2353 3313 nos
2382 3246 2625 3313 consilia
2654 3255 2971 3328 dissipans.

2081 3524 2172 3581 3|.
2207 3525 2334 3580 Haec
2356 3541 2422 3597 eo
2453 3525 2703 3592 dicente,
2736 3541 2850 3580 non
2892 3529 3016 3581 erat
3043 3523 3141 3580 ille
3188 3523 3524 3597 intelligens
3555 3528 3657 3581 aut

2014 3612 2315 3686 requirens
2356 3618 2583 3670 Deum:
2634 3614 2810 3670 homo
2877 3617 3002 3669 erat
3060 3613 3303 3670 consilio
3366 3614 3651 3685 privatus,

2014 3701 2284 3758 notitiam
2328 3707 2524 3759 autem
2565 3702 2667 3758 Dei
2716 3719 2821 3758 nec
2876 3702 3099 3758 habens
3150 3718 3255 3758 nec
3304 3703 3653 3775 suscipiens,

2012 3790 2225 3847 similis
2256 3791 2444 3847 factus
2473 3790 2693 3847 Judaeis
2738 3791 3035 3862 antiquis:
3093 3807 3229 3847 nam
3277 3789 3364 3845 illi
3412 3791 3650 3863 quidem

2012 3896 2114 3952 per
2144 3880 2368 3952 seipsos
2404 3879 2682 3937 videbant
2719 3879 3150 3952 audiebantque
3192 3881 3264 3936 ab
3313 3879 3430 3936 illis
3478 3880 3649 3937 Chri-

2013 3970 2172 4023 stum
2226 3968 2534 4024 facientem
2584 3967 2889 4037 miracula,
2939 3968 3109 4041 signa
3153 3972 3211 4024 et
3256 3969 3541 4028 virtutes:
3594 3972 3651 4024 et

2010 4059 2295 4128 tanquam
2324 4057 2373 4112 si
2406 4056 2554 4112 nihil
2582 4057 2867 4114 vidissent
2904 4056 3402 4129 audivissentque,
3456 4056 3647 4113 venie-

2013 4145 2156 4201 bant
2184 4146 2387 4202 eadem
2412 4145 2802 4218 requirentes.
2838 4146 2882 4202 Ο
2903 4145 3123 4217 stupidi
3150 4145 3163 4200 l
3195 4145 3398 4202 Adhuc
3417 4146 3649 4214 videtis,

2014 4236 2071 4288 et
2099 4233 2226 4290 heri
2255 4234 2508 4305 vidistis,
2539 4238 2597 4290 et
2625 4234 3051 4291 nudiustertius
3087 4238 3146 4290 et
3190 4233 3291 4290 diu
3339 4238 3510 4290 antea
3554 4251 3649 4290 co-

2014 4322 2299 4397 gnovistis
2330 4324 2533 4380 eadem
2561 4348 2575 4393 ;
2606 4327 2662 4380 et
2689 4324 2751 4378 in
2779 4325 2981 4379 eadem
3013 4322 3239 4379 consilii
3269 4323 3652 4396 ambiguitate

2019 4412 2372 4483 desinentes,
2406 4411 2613 4468 venitis
2632 4411 2661 4467 ‘2
2690 4411 2806 4467 Hos
2835 4411 3015 4485 igitur
3062 4410 3325 4466 imitatus
3353 4411 3655 4468 Diocletia-

2018 4519 2155 4571 nus,
2186 4504 2320 4574 post
2344 4501 2806 4557 demonstratam
2835 4500 2946 4557 sibi
2978 4499 3191 4573 sapius
3220 4499 3435 4557 Christi
3465 4501 3654 4556 virtu-

2014 4596 2161 4659 tem,
2192 4606 2430 4647 rursum
2467 4590 2710 4662 quaerit:
2760 4590 2966 4661 quaerit
3011 4592 3228 4658 autem,
3278 4606 3394 4645 non
3443 4594 3509 4646 ut
3557 4605 3656 4646 ac-

1942 4702 1989 4768 D
2019 4684 2187 4753 cepta
2216 4678 2711 4735 demonstratione
2740 4678 3016 4735 rectiﬁcet
3043 4695 3142 4734 cor
3169 4694 3344 4734 suum
3369 4683 3428 4734 et
3467 4679 3657 4736 ﬁdelis

2020 4769 2349 4838 efﬁciatur;
2391 4768 2491 4825 sed
2540 4767 2804 4824 tentandi
2852 4768 3158 4823 dumtaxat
3205 4784 3383 4823 causa
3426 4768 3658 4839 quierit,

2023 4858 2184 4931 quia,
2216 4857 2367 4913 sicut
2395 4861 2452 4913 et
2481 4854 2585 4923 illi,
2615 4855 2912 4929 generatio
2943 4860 3069 4912 erat
3097 4872 3273 4928 prava
3314 4860 3373 4913 et
3419 4873 3657 4930 exaspe-

2022 4964 2182 5018 rans,
2215 4947 2454 5019 spiritus
2487 4947 2707 5002 vadens
2735 4950 2794 5002 et
2823 4961 2939 5001 non
2969 4945 3218 5001 rediens.

265 5123 482 5192 πνεῦμα
509 5118 875 5196 πορευόμενον
905 5118 994 5175 καὶ
1026 5120 1125 5176 οὐκ
1154 5119 1492 5200 ἐπιστρέφον.

340 5207 429 5284 λβ¹
451 5250 465 5262 .
526 5210 711 5273 ’Βνθεν
770 5229 857 5264 τοι
917 5210 1007 5264 καὶ
1062 5207 1309 5286 παριδὼν,
1363 5211 1458 5284 μὲν
1510 5208 1689 5267 τᾶλλα
1746 5212 1906 5268 ὁπόσα

2097 5215 2187 5270 32.
2220 5214 2389 5287 Ergo,
2431 5217 2670 5269 caeteras
2729 5228 2933 5268 omnes
2984 5212 3403 5269 miraculorum
3440 5215 3665 5288 species

269 5298 560 5372 θαυμάτων
619 5294 736 5367 εἴδη
771 5344 788 5370 ,
847 5295 1166 5375 ἀναδραμὼν
1223 5296 1281 5354 δὲ
1334 5300 1472 5376 πρὸς
1529 5299 1659 5355 αὐτὸ
1702 5302 1767 5357 τὸ
1830 5302 1906 5377 μέ-

2027 5303 2501 5375 praetermittens,
2531 5306 2589 5358 et
2617 5301 2686 5357 ad
2730 5301 2787 5357 id
2819 5301 2973 5373 quod
3024 5301 3289 5357 omnium
3342 5306 3431 5358 est
3486 5304 3669 5359 maxi-

269 5405 454 5459 γιστον
526 5385 628 5454 τήν
704 5384 1040 5457 ἐξανάστασιν
1112 5392 1221 5443 τῶν
1274 5393 1476 5464 νεκρῶν
1508 5432 1523 5458 ,
1578 5394 1721 5445 τοῦτ’
1792 5389 1906 5445 αὐτὶ

2029 5409 2194 5449 mum
2226 5395 2590 5447 mortuorum
2633 5390 3137 5446 resuscitationem
3191 5391 3508 5458 transiens,
3556 5391 3666 5448 hoc

269 5472 462 5530 οὔκουν
516 5471 703 5552 ἕτερον
750 5473 1103 5553 ἐνεργηθῆναι
1160 5475 1405 5551 κελεύει,
1466 5476 1540 5541 ὠς
1583 5480 1683 5549 τὴν
1726 5478 1906 5535 παλιν·

2029 5482 2249 5554 ipsum,
2280 5497 2397 5536 non
2418 5478 2597 5548 aliud,
2616 5479 2840 5551 operari
2852 5479 3023 5551 jubet
3048 5506 3062 5548 -,
3083 5478 3243 5535 velut
3278 5481 3665 5553 regeneratio-

273 5562 457 5635 ζωΐαν,
520 5561 618 5618 κᾶν
673 5562 753 5643 ἐφ’
802 5564 879 5619 ἐνί
924 5585 1031 5620 τινι
1084 5569 1191 5621 τῶν
1222 5567 1393 5622 πάλαι
1435 5566 1770 5638 τεθνηκότων
1809 5566 1906 5638 ἤδὶ

2033 5585 2190 5636 nem,
2225 5570 2285 5625 in
2315 5586 2431 5625 uno
2454 5568 2648 5639 aliquo
2680 5573 3046 5625 mortuorum
3076 5569 3310 5635 factam,
3359 5568 3666 5626 habiturus

271 5651 668 5727 τετελεσμὲνην
716 5699 731 5725 ,
792 5654 1050 5730 ἀποχρῶν
1129 5655 1374 5730 ἡγεῖσθαι
1460 5656 1753 5734 μαρτύριον
1823 5665 1906 5728 τῆι

2035 5674 2141 5731 pro
2160 5658 2498 5715 testimonio
2519 5657 2701 5714 totius
2720 5656 2954 5714 virtutis
2974 5661 3031 5714 et
3058 5656 3377 5713 divinitatis
3415 5656 3628 5714 Christi
3652 5676 3666 5727 ;

274 5738 362 5799 ἐπὶ
418 5739 546 5801 λᾶστ
606 5728 1193 5818 δυνάμεως-Χριστοῦ
1235 5744 1324 5800 καὶ
1382 5728 1658 5819 θεότητοςλ
1708 5728 1906 5830 ’ἀγνοῶ’

2035 5728 2313 5824 ignorans
2333 5751 2528 5808 tamen
2554 5764 2731 5825 quam
2753 5763 2962 5824 parum
2988 5746 3151 5809 utilis
3170 5745 3282 5805 sibi
3303 5746 3499 5803 futura
3516 5750 3672 5806 esset

554 5870 828 5937 PATBOL.
875 5869 987 5935 Gs.
1030 5869 1256 5939 CXLII.

3317 5872 3385 5935 11
