4118 6490
459 463 570 522 331

1478 460 1795 523 GEORGII
1837 459 2101 521 CYPRII
2144 458 2268 522 ΠΡ.
2310 458 2845 523 ΡΑἸἪΙΛΒΟΗᾸΞ

458 596 580 652 haec
605 594 1093 667 experientia,qui
1125 594 1329 649 statim
1361 610 1396 649 a
1425 596 1652 665 patrato
1683 593 1966 650 miraculo
2008 609 2095 647 re-

2210 589 2285 652 ὡς
2336 590 2398 645 οὐ
2449 588 2745 653 λυσιτελῶς
2794 593 2966 664 ἐαυτῷ
3009 592 3108 660 τήν
3173 588 3364 668 πεῖραν
3404 591 3607 663 ταύτην
3665 592 3853 669 μετέρ-

459 684 708 758 plendus
737 687 892 740 esset
922 683 1346 756 indignatione.
1379 683 1487 747 Qui
1518 683 1675 741 enim
1700 683 1893 754 priora
1922 681 2099 737 mira-

459 774 592 830 cula
648 774 835 829 fuerat
882 773 1035 829 circa
1083 778 1398 845 martyrem
1446 777 1742 844 operatus,
1792 772 1945 828 circa
1990 771 2099 826 hoc

459 879 644 918 unum
676 861 1060 918 nihilominus
1089 865 1214 916 erat
1246 866 1491 933 potens:
1543 861 1812 932 quamvis
1858 877 1973 915 non
2016 859 2101 914 ita

450 951 742 1022 judicaret
770 951 1181 1021 Diocletianus,
1215 968 1403 1022 neque
1431 950 1545 1006 sibi
1601 951 1660 1005 id
1701 950 2095 1022 persuaderet,

458 1046 612 1097 certo
645 1042 886 1097 credens
916 1039 1282 1113 impossibile
1320 1041 1440 1096 fore
1483 1040 1639 1112 quod
1688 1040 2093 1111 imperaverat.

459 1131 646 1195 Quare
675 1135 1124 1186 monumentum
1155 1130 1598 1193 demonstravit,
1630 1131 1687 1184 et
1716 1128 1777 1183 in
1801 1144 1867 1184 eo
1897 1128 2101 1183 defun-

456 1222 619 1274 ctum
647 1219 720 1274 ab
760 1219 931 1274 annis
979 1217 1202 1288 multis,
1248 1219 1560 1289 ipsumque
1600 1217 1772 1288 jubet
1820 1215 2095 1271 excitari:

456 1308 593 1379 Age,
645 1307 939 1378 inquiens,
982 1307 1179 1362 vivum
1230 1306 1387 1361 hunc
1439 1306 1604 1376 siste,
1672 1304 2095 1369 ambulantem,

457 1394 829 1464 sentientem,
860 1400 915 1451 et
945 1395 1061 1452 alia
1084 1412 1446 1467 quaecunque
1476 1412 1583 1451 nos
1613 1394 1861 1449 facimus
1883 1393 2097 1450 facien-

456 1488 575 1540 tem
603 1502 618 1553 ;
650 1488 708 1541 et
727 1485 842 1553 abi,
875 1485 1043 1540 nobis
1074 1485 1147 1540 de
1182 1485 1421 1540 veritate
1472 1483 1787 1557 persuasio,
1834 1482 2099 1554 nihilque

456 1573 530 1629 de
555 1577 760 1630 catero
790 1573 1078 1630 habituris
1109 1574 1260 1629 circa
1298 1572 1411 1629 alia
1441 1572 1731 1633 dubitare,
1782 1575 2095 1643 postquam

458 1662 518 1717 id
548 1662 769 1718 factum
800 1661 991 1732 fuerit,
1026 1662 1181 1733 quod
1222 1663 1416 1732 majus
1455 1666 1548 1717 est
1593 1660 1892 1716 omnibus.
1953 1661 2096 1725 Quis

460 1751 616 1806 enim
647 1751 1013 1823 tergiversari
1040 1755 1099 1806 et
1128 1750 1406 1823 refragari
1434 1749 1606 1807 vellet
1652 1748 1927 1821 amplius,
1977 1755 2099 1805 tam

460 1839 696 1896 evidens
725 1843 1139 1913 argumentum
1170 1840 1393 1896 habens
1435 1839 1548 1895 sibi
1591 1839 1926 1911 oppositum
1949 1838 1977 1892 ‘I
2006 1838 2099 1892 Sic

460 1927 578 1983 ille.
611 1931 745 1995 Qua
784 1933 981 1985 autem
1010 1933 1211 1985 secuta
1239 1933 1397 1999 sunt,
1432 1928 1724 1999 quomodo
1749 1926 1925 1998 digne
1964 1926 2097 1998 quis

2207 698 2363 753 χεται
2395 726 2409 750 ,
2467 680 2656 735 αὐτίκα
2723 685 2820 735 τοῦ
2893 680 3168 754 θαύματος
3224 680 3314 736 καὶ
3387 678 3854 755 τελεσθησομένου

2206 767 2294 821 καὶ
2345 768 2522 837 πάσης
2582 768 2746 824 αὐτοῦ
2798 771 2898 839 τήν
2943 771 3127 845 ψυχὴν
3160 770 3393 844 ἀθυμίας
3436 770 3848 846 πληρώσοντος.

2206 858 2263 909 Ὀ
2317 858 2417 933 γὰρ
2476 857 2651 913 ἐκεῖνα
2705 860 2773 913 τὰ
2828 861 3018 934 πρώην
3076 862 3507 936 τερατουργήσας
3578 861 3703 937 περὶ
3757 860 3851 914 τὸν

2209 946 2465 1021 Μάρτυρα
2523 944 2645 1002 ούδὶ
2700 948 2823 1023 περὶ
2877 968 3037 1002 τουτο
3096 946 3310 1011 πάντως
3381 946 3638 1012 ἀδύνατος
3684 947 3850 1003 ἔσται’

2210 1035 2303 1090 κᾶν
2337 1035 2444 1111 οὐχ
2487 1035 2659 1098 οῧτως
2710 1036 2985 1111 ἐλογίζετο
3035 1036 3446 1110 Διοκλητιανὸς,
3495 1035 3622 1093 οὐδὲ
3670 1038 3854 1093 ἑαυτὸν

2208 1122 2383 1179 ἔπειθε
2413 1171 2429 1197 ,
2479 1128 2560 1196 τῷ
2618 1122 2861 1198 ἀδυνάτῳ
2935 1129 3031 1180 τοῦ
3107 1126 3475 1201 ἐπιτάγματος
3528 1128 3803 1189 πεποιθὼς
3836 1170 3848 1184 .

2208 1216 2361 1275 Ὅθεν
2421 1214 2509 1269 καὶ
2569 1211 2811 1289 λάρνακα
2866 1212 3180 1283 ἐπεδείκνυ,
3221 1216 3310 1270 καὶ
3364 1215 3607 1285 πολυετῆ
3662 1217 3849 1293 νεκρὸν

2208 1301 2563 1377 κατήγγειλεν
2624 1302 2674 1356 ἐν
2729 1302 2892 1376 αὐτῇ,
2944 1304 3033 1357 καὶ
3091 1304 3381 1381 ἀνεγείρειν
3441 1304 3672 1361 κελεύει’
3725 1307 3848 1374 Ἴθι,

2208 1391 2379 1465 λέγων
2413 1437 2427 1463 ,
2508 1396 2681 1459 ζῶντα
2750 1390 2906 1447 τόνδε
2938 1440 2954 1465 ,
3027 1394 3341 1467 κινούμενον
3383 1439 3398 1465 ,
3469 1394 3849 1469 αἰσθανόμενον

2206 1479 2385 1535 τάλλα
2460 1478 2673 1535 δείκνυε
2742 1483 3042 1555 πράττοντα
3112 1485 3227 1537 καθ’
3295 1486 3445 1557 ἡμᾶς
3484 1528 3499 1554 ,
3556 1482 3647 1539 καὶ
3702 1483 3851 1539 ἄπιθι

2206 1568 2391 1629 πείσας
2439 1570 2607 1640 ήμάς,
2665 1567 2833 1642 μηδέν
2876 1591 2958 1624 σοι
2988 1574 3085 1624 τοῦ
3134 1569 3333 1626 λοιποῦ
3363 1570 3489 1648 περί
3528 1576 3636 1629 τῶν
3666 1570 3850 1630 ἄλλων

2209 1653 2435 1731 ἔχοντας
2488 1653 2878 1735 ἀμφιϐάλλειν,
2936 1663 3033 1713 τοῦ
3087 1659 3337 1733 μείζονος
3391 1657 3502 1731 ἤδη
3553 1661 3851 1736 γεγενημέ-

2207 1766 2321 1801 νου’
2382 1748 2417 1815 ἢ
2476 1746 2557 1808 τίς
2633 1746 2690 1802 ἂν
2770 1744 2845 1802 ἔτι
2922 1749 3359 1824 περιεργαζεσθαι
3438 1748 3696 1825 βούλοιτο
3761 1748 3851 1805 καὶ

2208 1833 2689 1911 πολυπραγμονεῖν
2716 1880 2730 1906 ,
2788 1841 3041 1891 τοσοῦτον
3099 1833 3242 1913 ἔχων
3298 1836 3349 1910 ἐξ
3409 1837 3642 1902 ἐναντίας
3699 1838 3851 1894 ἱστά-

2212 1946 2370 1997 μενον
2421 1920 2651 2000 ἔλεγχον
2681 1970 2695 1995 ,
2724 1924 2909 1988 Οὕτως
2957 1922 3133 2001 ἔλεγε·
3179 1926 3247 1981 τὰ
3293 1924 3339 1981 δ’
3388 1927 3619 1984 ἐντεῦθεν
3663 1926 3750 1990 τίς
3793 1927 3853 1983 ἂν

461 1977 578 1983 _---_
619 1977 742 1995 ν..
786 1977 981 1985 ___-_
1010 1977 1211 1985 ____-_
1240 1977 1397 1999 πη,
1436 1977 1719 1999 1___-_-
1755 1977 1919 1998 _,o__
1972 1977 2095 1998 Γ--

461 2017 751 2089 explicet?
779 2022 882 2074 aut
909 2019 1123 2090 potius,
1157 2019 1448 2090 quomodo
1479 2018 1625 2073 satis
1656 2017 1902 2072 miretur
1921 2015 1949 2069 ?
1992 2031 2095 2070 nec

2208 1977 2368 2087 ἀξίως
2426 1977 3119 2090 -έρεῖῆξμάλλονήδέωτιίς

459 2105 615 2162 enim
643 2106 730 2162 vel
760 2106 869 2162 hoc
899 2111 988 2163 est
1007 2107 1193 2175 facile,
1225 2123 1293 2163 eo
1316 2107 1471 2179 quod
1503 2106 1584 2162 rei
1628 2104 2098 2178 magnitudinem

459 2211 665 2268 capere
686 2204 936 2268 nequeat
963 2195 1319 2252 intellectus.

529 2284 619 2338 33.
651 2284 900 2340 Sustulit
927 2284 1211 2357 Georgius
1240 2284 1300 2339 in
1333 2284 1541 2340 cmlum
1564 2283 1766 2340 oculos
1789 2289 1909 2341 tam
1934 2300 2096 2339 men-

458 2372 538 2428 tis
570 2389 747 2444 quam
796 2374 1074 2445 corporis,
1124 2379 1181 2429 et
1228 2373 1607 2430 audientibus
1658 2372 1947 2428 universis
1996 2372 2098 2427 Dei

459 2460 755 2533 magnalia
774 2461 1109 2534 gloriﬁcans
1130 2469 1305 2534 atque
1329 2461 1763 2531 concelebrans,
1801 2459 2100 2532 simulque

458 2566 594 2607 eum
624 2551 1152 2607 commonefaciens
1211 2550 1569 2607 mirabilium
1595 2567 1861 2620 suorum,
1896 2555 1953 2605 et
1982 2566 2101 2605 ma-

456 2639 610 2695 xime
639 2638 799 2695 illius
829 2639 1113 2712 triumphi
1144 2656 1319 2711 quem
1349 2640 1513 2695 duxit
1541 2641 1613 2695 de
1639 2645 1823 2695 morte
1841 2655 1942 2710 per
1962 2654 2096 2695 sus-

459 2728 795 2784 citationem
822 2730 940 2785 vita
968 2730 1339 2797 functorum;
1402 2729 1605 2799 oravit,
1662 2733 1727 2783 ut
1768 2728 1923 2799 quod
1972 2743 2100 2799 pro-

460 2818 716 2889 positum
747 2835 904 2874 nunc
933 2823 1057 2874 erat
1084 2818 1456 2886 miraculum,
1488 2818 1559 2873 ad
1590 2818 1769 2872 ﬁnem
1811 2816 2099 2873 adducere

458 2906 814 2978 dignaretur.
847 2908 1073 2964 Etenim
1104 2909 1349 2965 ﬁdenter
1379 2912 1609 2980 poterat
1657 2905 1948 2977 ejusmodi
1997 2923 2097 2978 pe-

457 2996 691 3052 titiones
719 3001 776 3052 et
804 2997 988 3053 facere
1013 3003 1071 3054 et
1098 3014 1331 3071 sperare
1360 3015 1372 3053 :
1410 2997 1595 3052 facere
1645 2996 1907 3067 quidem,
1959 2995 2100 3067 quia

460 3085 638 3141 ﬁdem
668 3086 921 3142 habebat
958 3092 1185 3143 montes
1207 3086 1653 3143 transferentem
1679 3103 1692 3153 ;
1727 3100 1961 3156 sperare
1992 3101 2097 3140 au-

458 3178 600 3244 tem,
633 3180 758 3230 tum
789 3180 1025 3248 propter
1052 3176 1395 3232 discrimina
1415 3192 1541 3247 quae
1571 3174 1731 3230 illius
1753 3190 1931 3230 causa
1965 3174 2100 3229 sub-

459 3262 627 3332 ierat,
656 3268 784 3319 tum
814 3268 1050 3336 propter
1077 3264 1445 3320 infallibilem
1489 3263 1702 3319 Christi
1756 3262 2097 3334 promissio-

2210 2100 2335 2158 ούδῖε
2381 2104 2485 2179 γὰρ
2532 2108 2694 2158 τοῦτο
2748 2103 2955 2179 ῥᾴδιον,
3004 2111 3104 2174 τῆς
3152 2101 3390 2167 διανοίας
3443 2106 3518 2179 μὴ
3560 2105 3853 2183 χωρούσης

2207 2192 2270 2247 τὸ
2296 2197 2395 2247 τοῦ
2424 2194 2742 2266 πράγματος
2777 2193 3021 2268 μέγεθος.

2280 2280 2381 2357 λγ’.
2416 2283 2638 2343 Ἐκεῖςεν
2683 2280 2758 2343 εἰς
2808 2282 3069 2357 οὐρανοὺς
3118 2282 3210 2337 σὺν
3241 2288 3355 2345 τοῖς
3406 2288 3615 2358 νοεροῖς
3649 2283 3855 2362 ὀφθαλ-

2213 2376 2335 2443 μοῖς
2365 2370 2596 2425 ἀνέτεινε
2647 2370 2773 2433 τοὺς
2818 2377 2916 2425 τοῦ
2971 2373 3246 2445 σώματος,
3300 2373 3389 2427 καὶ
3438 2374 3581 2446 ὁμοῦ
3632 2374 3727 2446 μὶν
3782 2374 3858 2436 εἰς

2208 2459 2443 2530 ἐπήκοον
2488 2461 2557 2515 τὰ
2609 2466 2707 2515 τοῦ
2780 2466 2914 2516 Θεοῦ
2975 2460 3239 2537 μεγαλεῖα
3296 2463 3569 2524 ἐκθειάσας
3642 2484 3703 2518 τε
3766 2463 3856 2519 καὶ

2210 2550 2471 2621 ὑμνήσας,
2520 2551 2661 2623 ὁμοῦ
2719 2548 2776 2605 δὲ
2823 2552 2913 2606 καὶ
2969 2556 3077 2606 τῶν
3139 2551 3303 2606 αὐτοῦ
3358 2552 3651 2625 τεραπίων
3698 2552 3857 2609 αὐτὸν

2209 2639 2518 2712 ἀναμνήσας
2553 2685 2567 2712 ,
2624 2639 2713 2694 καὶ
2785 2638 3023 2712 μάλιστα
3091 2645 3189 2696 τοῦ
3244 2642 3379 2696 κατὰ
3449 2643 3679 2705 θανάτου
3734 2660 3858 2717 τρο-

2206 2727 2370 2781 παίου
2416 2728 2505 2781 καὶ
2552 2736 2652 2797 τῆς
2701 2727 2898 2792 ἐκεῖθεν
2948 2734 3057 2784 τῶν
3106 2734 3310 2805 νεκρῶν
3361 2730 3713 2803 ἀναστάσεως,
3746 2730 3855 2786 δεῖ·

2206 2836 2293 2870 ται
2340 2817 2430 2870 καὶ
2473 2821 2570 2871 τοῦ
2621 2818 2983 2892 προκειμένου
3037 2815 3198 2873 τοῦδε
3253 2820 3351 2887 τήν
3405 2818 3680 2875 τελείωσιν
3732 2818 3849 2874 ἐπι-

2206 2909 2406 2961 νεῦσαι·
2465 2906 2554 2959 καὶ
2609 2907 2710 2981 γὰρ
2765 2906 2882 2982 εἶχε
2939 2906 3153 2983 θαρρεῖν
3201 2908 3518 2963 τὰτοιαῦτα
3561 2912 3664 2964 τῶν
3697 2909 3852 2979 αἰτη-

2212 2997 2393 3068 μάτων
2450 2995 2539 3049 καὶ
2598 2990 2890 3068 λαμϐάνειν
2950 2994 3212 3065 ἐλπίζειν·
3269 3001 3431 3053 τοῦτο
3494 2997 3585 3070 μὲν
3634 2996 3716 3053 ὅτι
3759 2997 3850 3053 καὶ

2206 3084 2383 3139 πίστιν
2445 3084 2622 3160 εἶχεν,
2682 3084 2781 3161 ὅρη
2848 3084 3239 3159 μεθισταμένην
3297 3086 3588 3163 ἰσχύουσαν
3624 3108 3636 3122 ·
3692 3090 3851 3144 τοῦτο

2208 3171 2266 3228 δὲ
2294 3174 2396 3228 κάκ
2445 3178 2550 3228 τῶν
2602 3174 2733 3249 ὑπὲρ
2783 3173 2987 3229 ἐκείνου
3015 3172 3278 3229 κινδύνων
3323 3175 3413 3229 καὶ
3459 3182 3559 3244 τῆς
3590 3172 3854 3249 ἀψευδοῦς

2210 3263 2579 3338 ὑποσχέσεως,
2638 3262 2810 3317 πάντα
2863 3268 2981 3325 τοῖς
3036 3262 3259 3325 οἰκείοις
3316 3257 3549 3338 βεϐαίως
3595 3263 3858 3340 ἐπαγγελ-

464 3367 619 3419 nem,
666 3370 783 3424 qua
838 3353 1109 3409 ﬁdelibus
1165 3353 1288 3409 suis
1342 3352 1588 3407 ﬁrmiter
1640 3356 1729 3406 est
1776 3350 2094 3423 pollicitus,

2211 3349 2474 3425 λομένης,
2506 3354 2640 3405 Ὅσα
2686 3351 2745 3405 ἂν
2794 3351 3110 3423 αἰτήσησθε,
3162 3350 3419 3425 λήψεσθε.
3473 3353 3573 3407 Καὶ
3622 3351 3715 3423 δὴ,
3754 3360 3859 3423 τῆς

466 3456 828 3514 quaecunque
873 3442 1146 3514 petierint
1186 3446 1547 3515 accepturos.
1600 3441 1784 3496 Factae
1836 3440 1895 3495 in
1944 3440 2101 3496 hunc

468 3531 708 3586 modum
761 3530 1008 3587 orationi
1066 3531 1273 3586 annuit
1322 3532 1492 3599 Deus,
1549 3534 1606 3585 et
1679 3530 1930 3601 desuper
1992 3546 2102 3584 vox

469 3620 712 3692 grandis
738 3621 950 3692 erupit,
982 3624 1263 3692 quantam
1293 3636 1442 3692 aegre
1471 3618 1758 3675 sustinere
1789 3634 1960 3675 aures
1998 3635 2101 3690 po-

470 3714 681 3778 terant,
708 3726 929 3782 suaque
957 3709 1321 3765 vehementia
1351 3714 1590 3764 cunctos
1629 3708 1901 3763 attonuit.
1950 3708 2100 3766 Tum

467 3797 779 3854 invisibilis
824 3798 1090 3869 quaedam
1136 3798 1324 3853 virtus
1370 3796 1621 3870 sepulcri
1671 3797 2099 3868 operimentum

467 3889 729 3956 abstulit,
760 3892 818 3943 et
845 3887 1025 3944 aridis
1055 3887 1172 3943 illis
1201 3887 1433 3943 ossibus
1462 3885 1735 3958 spiritum
1765 3887 1893 3940 vitae
1942 3886 2100 3942 infu-

468 3978 589 4046 dit,
610 3978 904 4048 simulque
931 3981 987 4032 et
1014 3981 1281 4032 mortuus
1313 3975 1583 4047 surrexit,
1616 3979 1673 4030 et
1699 3975 1878 4029 totius
1899 3975 2101 4047 populi

465 4067 868 4134 conclamatio,
891 4065 1344 4137 magniﬁcantis,
1376 4062 1693 4132 laudantis,
1722 4062 2101 4136 gloriﬁcantia

461 4156 780 4221 Christum,
812 4172 1065 4227 eumque
1094 4171 1295 4211 verum
1327 4159 1509 4209 Deum
1542 4153 1893 4210 confitentis.
1924 4153 2099 4209 Deni-

460 4263 573 4319 que
602 4246 702 4318 qui
746 4262 781 4301 a
827 4244 1074 4300 mortuis
1122 4244 1438 4299 resurrexit
1486 4242 1753 4297 conﬁteri
1803 4242 1976 4314 coepit
2031 4259 2096 4298 ac

2212 3441 2412 3503 ἱκεσίας
2454 3440 2630 3502 οὕτως
2675 3445 2922 3517 καθαρῶς
2975 3441 3359 3516 περιεχούσης,
3420 3439 3649 3497 ἐπινεύει
3701 3442 3853 3517 Θεὸς,

2208 3531 2297 3585 καὶ
2348 3529 2606 3606 ῥήγνυταί
2649 3550 2734 3591 τις
2790 3528 2987 3584 ἄνωθεν
3043 3533 3187 3606 ἦχος
3243 3530 3426 3606 μέγας,
3484 3533 3601 3586 οἷον
3650 3530 3749 3587 οὐκ
3791 3531 3852 3587 ἂν

2213 3617 2410 3695 ῥᾳδίως
2456 3618 2746 3695 προσίοιπο
2805 3618 2942 3687 ἀκοὴ
2977 3663 2991 3690 ,
3043 3619 3133 3674 καὶ
3207 3620 3408 3682 πάντας
3463 3618 3720 3694 ἐξέπληξε
3773 3626 3854 3694 τῷ

2210 3706 2415 3784 στεῤῥῷ
2464 3715 2562 3778 τῆς
2604 3710 2801 3783 ἠχοῦς·
2851 3707 2940 3762 καί
2991 3729 3074 3770 τις
3130 3707 3357 3784 ἀόρατος
3403 3708 3489 3763 ἐπὶ
3532 3708 3712 3783 τούτῳ
3758 3708 3852 3765 δύ-

2208 3817 2369 3870 ναμις
2417 3793 2553 3872 αἴρει
2601 3798 2665 3852 τὸ
2713 3794 2981 3870 κάλυμμα
3023 3804 3125 3867 τῆς
3156 3802 3358 3873 σοροῦ,
3405 3797 3493 3853 καὶ
3543 3796 3630 3853 ἐπὶ
3671 3799 3852 3872 τούτῳ

2207 3892 2325 3948 τοῖς
2385 3886 2569 3959 ξηροῖς
2622 3885 2827 3948 ὀστέοις
2891 3882 3097 3940 δίδοται
3153 3891 3363 3958 πνεῦμα
3424 3889 3588 3956 ζωῆς.
3641 3888 3762 3942 Ἐπὶ
3795 3885 3856 3943 δὲ

2206 3975 2407 4047 τούτῳ,
2463 3974 2636 4050 ταχὺς
2690 3972 2962 4029 ἀνίσταται
3022 3976 3051 4030 6
3099 3974 3323 4050 νεκρός·
3382 3975 3473 4030 καὶ
3529 3975 3615 4030 ἐπὶ
3670 3975 3852 4049 τούτῳ

2213 4065 2315 4139 βοὴ
2375 4065 2575 4126 παντὸς
2627 4066 2691 4133 ἦν
2749 4069 2845 4118 τοῦ
2903 4061 3118 4137 δήμου,
3177 4062 3588 4139 μεγαλυνόντων
3616 4111 3629 4137 ,
3690 4064 3861 4143 εὐφη-

2212 4153 2474 4227 μούντων,
2534 4151 2885 4224 δοξαζόντων,
2936 4154 3163 4229 Χριστὸν
3220 4152 3480 4223 ἀληθινὸν
3534 4155 3659 4209 Θεὸν
3721 4155 3861 4229 ὅμο-

2208 4240 2515 4318 λογούντων
2551 4287 2564 4299 .
2622 4241 2853 4317 Ἐξῆρχε
2905 4244 3006 4311 τῆς
3063 4240 3363 4318 ὁμολογίας
3429 4241 3629 4314 ταύτης
3707 4245 3736 4298 ὁ
3795 4242 3859 4299 ἐκ

460 4337 773 4409 praedicare
818 4334 880 4389 in
930 4334 1194 4389 omnium
1247 4332 1509 4398 auribus,
1558 4335 1733 4403 atque
1779 4331 2095 4403 apostolico

2208 4336 2403 4409 νεκρῶν
2453 4331 2676 4393 ἀναστὰς
2710 4377 2725 4403 ,
2788 4330 3047 4407 ἐκήρυττε
3113 4331 3325 4386 πάντων
3379 4332 3684 4387 ἀκουόντων
3713 4378 3727 4404 ,
3786 4334 3859 4388 τὰ

461 4427 624 4498 fungi
656 4439 933 4490 munere;
969 4438 1125 4477 nunc
1156 4422 1228 4477 ad
1261 4421 1626 4492 sequendum
1656 4419 1948 4475 Christum
1994 4437 2095 4475 ex-

2208 4426 2307 4475 τῶν
2343 4419 2659 4476 ἀποστόλων
2718 4419 3022 4498 ἐφθέγγετο,
3077 4420 3168 4475 καὶ
3223 4424 3314 4475 νῦν
3379 4420 3474 4493 μὶν
3529 4422 3852 4497 προτρέπων

457 4515 719 4581 hortans,
752 4529 908 4567 nunc
937 4510 1228 4566 idolorum
1258 4510 1482 4565 cultum
1516 4509 1888 4576 dissuadens,
1913 4513 2093 4581 utque

2208 4511 2278 4572 εἷς
2336 4511 2601 4586 Χριστὸν,
2660 4514 2747 4564 νῦν
2807 4506 2865 4563 δὲ
2918 4514 3025 4564 τῶν
3082 4506 3327 4565 εἰδώλων
3390 4510 3628 4586 ἀπάγων,
3688 4510 3850 4567 αὐτὸν

456 4621 518 4660 se
549 4606 913 4675 susciperent
951 4602 1195 4672 dignum
1228 4603 1454 4666 testem,
1480 4598 1581 4670 qui
1612 4614 1889 4670 corporea
1915 4615 2090 4654 exsu-

2208 4599 2355 4669 ἠξίου
2411 4597 2658 4675 δέχεσθαι
2713 4597 2956 4674 μάρτυρα
3023 4595 3092 4651 δι’
3151 4597 3457 4659 ἀποθέσεως
3512 4604 3609 4654 τοῦ
3666 4620 3852 4674 σωμαο

454 4699 551 4750 tus
589 4693 835 4764 caligine
891 4690 1211 4760 didicisset,
1271 4695 1555 4760 quantum
1613 4688 1672 4742 in
1731 4687 1959 4743 Christo
2015 4687 2092 4743 sit

2208 4693 2349 4743 τικοῦ
2410 4688 2614 4766 ζόφου,
2678 4686 2800 4743 ὅσον
2859 4687 2909 4743 έν
2967 4692 3185 4763 Χριστῷ
3240 4688 3303 4742 τὸ
3360 4685 3550 4762 κέρδος
3608 4708 3852 4762 καταμα-

452 4784 702 4851 lucrum,
762 4787 1095 4854 quantaque
1163 4779 1472 4834 infelicitas
1527 4776 1724 4832 aeterni
1784 4777 1959 4848 ignis,
2036 4779 2093 4832 et

2208 4779 2396 4850 θόντα,
2458 4777 2579 4840 ὅσος
2659 4777 2711 4831 ἐν
2787 4773 3180 4849 δεισιδαιμονίᾳ
3236 4778 3265 4831 6
3322 4774 3617 4848 κίνδυνος,
3675 4778 3848 4851 πυρὸς

453 4871 742 4944 caliginis,
810 4874 867 4924 et
934 4869 1171 4938 vermis,
1231 4872 1289 4923 et
1364 4868 1771 4938 cujuscunque
1845 4865 2086 4920 alterius

452 4959 613 5030 mali,
668 4959 741 5013 iis
784 4957 1088 5030 praeparati
1142 4956 1242 5028 qui
1299 4954 1661 5034 daemonibus
1726 4971 1789 5009 se
1846 4956 2085 5025 conjun-

451 5053 618 5121 gunt.

517 5138 606 5191 34.
639 5136 768 5192 Scio
792 5133 1141 5190 miraculum
1172 5132 1282 5189 hoc
1312 5150 1428 5188 non
1460 5132 1679 5203 suscipi
1723 5131 1795 5185 ab
1839 5131 2081 5186 auribus

444 5224 901 5290 incredulorum,
931 5223 1078 5278 nihil
1111 5223 1265 5278 enim
1289 5239 1490 5278 eorum
1521 5238 1647 5291 quae
1680 5219 1923 5292 pulchra
1943 5224 2083 5274 sunt

443 5315 592 5388 ipsis
619 5314 847 5369 videtur
883 5313 995 5367 ﬁde
1050 5312 1332 5384 dignum:
1385 5311 1485 5366 sed
1532 5327 1659 5366 eam
1710 5308 1877 5365 facile
1925 5310 2078 5380 apud

442 5404 571 5477 pios
597 5402 878 5458 inveniet.
919 5401 979 5456 Si
1036 5401 1194 5456 enim
1254 5415 1421 5456 verax
1476 5404 1565 5455 est
1616 5399 1901 5466 Christus,
1953 5414 2081 5469 pro-

443 5493 683 5549 mittens
714 5491 869 5562 quod
910 5490 1134 5561 majora
1182 5489 1349 5561 signa
1404 5505 1581 5560 quam
1632 5488 1882 5543 faciebat
1928 5487 2076 5558 ipse,

434 5583 692 5639 facerent
721 5579 1022 5636 credentes
1053 5578 1111 5633 in
1145 5595 1206 5633 se
1230 5603 1245 5646 ;
1276 5578 1541 5634 Christus
1565 5590 1761 5633 autem
1783 5574 2075 5647 ejusmodi

2196 4866 2572 4939 ἀτελευτήτου,
2627 4867 2716 4921 καὶ
2776 4866 3000 4928 σκότους
3049 4866 3139 4920 καὶ
3198 4865 3508 4936 σκώληκος,
3566 4866 3659 4921 καὶ
3706 4887 3843 4923 παν-

2193 4956 2285 5017 τὺς
2316 4954 2493 5018 εἴδους
2524 4959 2690 5010 κακοῦ
2723 4953 3062 5030 διαδέχεσθαι
3115 4951 3413 5027 μέλλοντος
3460 4954 3585 5017 τοὺς
3633 4974 3842 5030 προσα-

2191 5047 2451 5121 νέχοντας
2484 5042 2722 5117 δαίμοσι.

2263 5132 2389 5190 λδ’.
2449 5138 2618 5188 Τοῦτο
2672 5134 2735 5188 τὸ
2792 5137 2972 5206 θαῦμα
3024 5131 3211 5195 ἀκοαῖς
3284 5132 3378 5205 μὶν
3450 5132 3686 5189 ἀπίστων
3755 5130 3845 5189 οἶδ

2190 5221 2271 5277 ὅτι
2335 5220 2805 5297 δυσπαράδεκτον,
2865 5218 3017 5275 οὐδὲν
3078 5222 3183 5295 γὰρ
3242 5221 3425 5283 αὐτοῖς
3486 5227 3594 5277 τῶν
3652 5227 3840 5279 καλῶν

2190 5311 2495 5381 ἀξιόπιστον
2532 5333 2545 5345 ·
2606 5305 2842 5365 εὐσεϐέσι
2901 5306 2960 5364 δὲ
3014 5309 3104 5363 καὶ
3165 5307 3283 5364 λίαν
3346 5309 3842 5387 ὁμολογούμενον.

2188 5400 2249 5455 Εἰ
2310 5401 2411 5476 γὰρ
2466 5397 2701 5472 ἀψευδὴς
2754 5398 2980 5473 Χριστός
3014 5442 3028 5467 ,
3089 5399 3118 5452 6
3186 5397 3644 5475 ἐπαγγειλάμενος
3687 5443 3702 5468 ,
3749 5402 3845 5456 καὶ

2186 5488 2259 5541 ὧν
2297 5486 2471 5550 ,αυτὸς
2526 5488 2769 5561 σημείων
2822 5485 3098 5563 ἐργάζεται
3163 5487 3385 5559 μείζονα
3430 5491 3681 5559 ποιήσειν
3707 5488 3842 5552 τοὺς

2186 5575 2261 5637 εἷς
2290 5576 2446 5631 αὐτὸν
2499 5574 2873 5645 πιστεύοντας,
2924 5576 3155 5650 Χριστὸς
3188 5573 3246 5631 δὲ
3299 5575 3508 5653 μυρίων
3537 5576 3839 5653 αὐτουργὸς

435 5671 605 5745 signa
633 5669 872 5725 millena
901 5667 1072 5736 fecit;
1115 5666 1249 5738 quis
1295 5666 1757 5723 Christianorum
1808 5680 2074 5737 unquam

2208 5665 2464 5719 τοιούτων·
2520 5662 2600 5725 τίς
2659 5663 2762 5739 ἄρα
2815 5662 2948 5716 ποτὲ
2996 5667 3104 5717 τῶν
3155 5670 3258 5733 τῆς
3306 5664 3542 5738 ποίμνης
3596 5669 3835 5739 Χριστοῦ

432 5760 504 5819 de
559 5758 659 5816 illo
717 5756 1088 5834 dubitaverit,
1149 5755 1395 5814 audiens
1456 5755 1743 5831 primum.
1777 5754 1968 5812 Ellam
2018 5758 2076 5813 et

2208 5748 2485 5833 ιμφιϐαλεῖ
2560 5751 2685 5835 περὶ
2737 5750 2955 5830 τούτου,
3032 5750 3244 5811 ἀκούων
3312 5753 3406 5831 μὶν
3474 5752 3659 5812 Ἠλίαν
3731 5755 3830 5814 καὶ
