4118 6478
255 493 367 557 333

1510 485 1913 551 LAUDATIO
1958 487 2025 546 S.
2072 485 2416 549 GEORGII.

3535 488 3655 549 334

257 623 553 680 Ἐλισαῖον
580 623 648 679 τὸ
674 621 967 699 πρότερον,
1006 620 1217 677 ἀκούων
1252 617 1311 675 δὲ
1356 619 1446 674 καὶ
1485 617 1614 679 τοὺς
1661 620 1894 691 Χριστοῦ

2012 617 2296 689 Βιίεωυω,
2329 618 2540 675 deinde
2586 618 2802 675 Christi
2833 618 3155 692 discipulos
3187 620 3325 677 talia
3353 636 3483 677 esse
3512 637 3649 693 ope-

254 714 489 786 μαθητάς
542 710 769 788 ὕστερον
820 714 1047 767 τοιαῦτα
1116 708 1530 785 ἐνηργηκόταςς
1589 711 1758 762 Τοῦτο
1806 704 1895 761 καὶ

251 800 393 857 αὖτοί
444 798 719 871 δήπουθεν
750 797 1045 871 Ἕλληνες,
1076 795 1264 854 πολλὰ
1314 797 1439 871 περὶ
1479 800 1587 852 τῶν
1629 794 1898 873 σφετέρων

253 888 516 963 δαιμόνων
546 889 730 946 τεκαὶ
780 891 919 945 θεῶν
970 888 1046 950 ὡς
1095 885 1340 943 δύνανται
1392 884 1710 962 ληροῦντες,
1743 883 1896 957 ὅμως

256 985 487 1055 κρεῖττον
549 977 896 1053 ὁμολογοῦσι
945 984 1044 1047 τῆς
1093 975 1312 1032 ἐκείνων
1365 972 1682 1048 δυνάμεως·
1735 977 1897 1028 τοῦτο

262 1069 345 1125 καὶ
379 1074 502 1131 τοῖς
548 1066 822 1139 πλήθεσιν
892 1065 1241 1143 ἰσχυρότερον
1290 1065 1505 1121 πάντων
1549 1068 1657 1119 τῶν
1709 1060 1895 1118 ἄλλων

268 1155 435 1231 δόξαν,
484 1158 572 1213 καὶ
649 1156 1005 1233 ἰσχυρότερον
1079 1154 1376 1229 ἁψάμενον,
1453 1152 1700 1228 ὀξύτερον
1772 1149 1899 1212 τοὺς

264 1246 540 1309 πλείστους
622 1243 974 1319 μεθείλκυσεν
1043 1244 1118 1307 εἷς
1176 1244 1429 1318 Χριστὸν,
1474 1242 1611 1299 κατὰ
1684 1238 1896 1313 δήμους

259 1342 443 1392 πεῖσαν
494 1334 643 1407 αὐτῷ
692 1335 997 1411 προσιέναι,
1053 1333 1145 1389 καὶ
1200 1332 1263 1389 οὐ
1317 1333 1433 1386 κατ’
1489 1330 1720 1407 ἀριθμόν
1777 1348 1899 1385 τινα

255 1427 545 1503 γνώριμον,
578 1426 665 1487 οἷς
710 1422 778 1495 δὴ
812 1430 1155 1500 παραχρῆμα
1199 1422 1289 1479 καὶ
1338 1425 1449 1477 τῶν
1496 1418 1750 1495 μεγάλων
1799 1425 1899 1487 τῆς

256 1513 559 1588 ὁμολογίας
615 1511 822 1583 ταύτης
883 1515 1088 1586 μισθῶν
1147 1504 1454 1588 ἆῤῥαϐὦνες
1502 1506 1754 1586 ἐφοίτων.
1805 1506 1896 1569 Τίς

255 1605 351 1679 γὰρ
394 1602 460 1657 ἂν
512 1601 779 1678 ἀριθμοίη
824 1602 891 1656 τὰ
941 1601 1028 1656 ἐπὶ
1074 1599 1292 1662 τούτοις
1342 1597 1608 1673 θαύματα,
1660 1595 1800 1652 ὅσων
1839 1616 1900 1651 τε

256 1692 583 1764 νοσημάτων
611 1690 852 1767 χρονίων
897 1688 1053 1752 λύσις
1105 1690 1373 1764 ὑπῆρχεν,
1407 1685 1548 1742 ὅσων
1589 1707 1647 1740 τε
1693 1689 1896 1761 χειρῶν

254 1779 597 1855 παρειμένων
672 1777 835 1855 ἰσχὺς
903 1776 993 1834 καὶ
1065 1778 1203 1833 κατά
1257 1775 1413 1856 φύσιν
1484 1774 1761 1852 ἐνέργειας
1821 1773 1896 1836 ὡς

258 1867 552 1943 βλέποντες
603 1866 741 1935 ἦσαν
788 1863 1010 1944 τυφλοὶ,
1059 1865 1120 1922 ἐκ
1174 1869 1271 1920 τοῦ
1332 1862 1550 1940 βλέπειν
1610 1863 1747 1940 πρὸς
1802 1861 1895 1919 τὸν

253 1957 443 2026 νοητὸν
478 1953 770 2047 ὀφθαλμόν
801 1975 817 2026 ;
846 1955 936 2047 ὡς,
956 1953 1139 2030 χωλοὶ
1168 1952 1296 2047 τοὺς
1338 1950 1510 2047 πόδας
1559 1950 1896 2047 ἐρῥιὶἰνυντος
1927 1981 1976 2047 Β

255 2047 324 2108 ὡς
396 2051 507 2102 πᾶν
586 2041 729 2100 εἶδος
804 2045 1114 2118 νοσήματος
1169 2040 1585 2119 ἐδραπετεύετο;
1642 2039 1737 2096 κᾶν
1794 2040 1894 2109 τὴν

252 2139 353 2190 τῶν
407 2131 691 2206 δαιμόνων
751 2129 905 2206 εἴπῃς
958 2131 1239 2207 ἐπήρειαν,
1280 2128 1394 2189 οὐδ’
1452 2129 1588 2199 αὐτὴ
1644 2128 1768 2185 τότε
1795 2133 1897 2183 τοῦ

257 2226 329 2295 μή
382 2219 635 2280 ἐκποδὼν
692 2220 936 2296 γενέσθαι
992 2221 1264 2295 ὑπέμεινε,
1314 2219 1404 2276 καὶ
1470 2218 1633 2293 μόνον
1685 2239 1768 2281 τις
1825 2221 1895 2292 τῇ

252 2311 428 2368 πίστει
455 2313 833 2387 προσ-ἤρχετο.

319 2488 420 2547 λε’.
480 2486 661 2549 Ἀλλὰ
712 2489 776 2543 τὸ
829 2485 1124 2562 Γλυκερίου
1190 2488 1311 2549 πῶς
1366 2482 1427 2539 ἄν
1496 2504 1580 2545 τις
1652 2482 1900 2558 παρέλθῃ

250 2581 465 2652 θαῦμας
522 2577 771 2654 Γεωργὸς
826 2576 896 2646 ἦν
955 2575 1132 2644 οὗτος,
1187 2572 1279 2629 χαί
1333 2572 1456 2649 περὶ
1511 2579 1613 2648 γῆν
1668 2572 1759 2628 τὸν
1815 2571 1895 2626 ἀεὶ

251 2669 449 2749 χρόνον
503 2664 671 2744 ἔχων,
702 2664 793 2721 καί
848 2687 911 2741 γε
964 2665 1234 2742 ἀροτριῶν
1296 2662 1348 2718 ἐν
1394 2661 1568 2738 βουσί.
1602 2660 1701 2715 Καὶ
1748 2661 1776 2714 ὁ
1809 2661 1898 2714 θα-

249 2758 407 2833 τέρου
433 2760 547 2812 τῶν
584 2755 726 2831 βοῶν
776 2754 880 2810 ὑπὸ
932 2754 1085 2830 ζυγὸν
1122 2750 1500 2823 ὠλισθηκότος
1553 2749 1642 2805 καὶ
1696 2750 1853 2831 τεθνη
1879 2765 1893 2781 ⁸

250 2845 431 2916 κότος,
496 2842 601 2899 οὐκ
653 2841 880 2907 ἀθέατος
938 2839 1013 2897 ὢν
1074 2843 1182 2895 τῶν
1254 2838 1379 2894 τότε
1433 2837 1740 2911 θαυμάτων,
1798 2838 1899 2905 ἧκε

253 2933 547 3011 δρομαῖος,
619 2928 933 3008 ἐξαγγέλλει
1011 2930 1074 2985 τὸ
1155 2928 1349 3002 πάθος,
1431 2927 1522 2983 καὶ
1605 2921 1896 2982 ἀναϐιῶναι

248 3023 310 3078 τὸ
336 3029 542 3091 κτῆνος
571 3020 728 3077 αἰτεῖ.
762 3020 962 3096 Τυχὼν
989 3016 1080 3075 οὖν
1131 3018 1206 3081 ὡς
1249 3013 1439 3091 ᾔτησε,
1470 3016 1562 3072 καὶ
1602 3013 1775 3078 πολὺς
1821 3013 1895 3070 ὢν

250 3113 352 3179 τὴν
446 3106 885 3184 εὐγνωμοσύνην,
934 3107 1010 3169 ὡς
1091 3105 1181 3161 καὶ
1252 3104 1427 3160 πάντα
1505 3102 1670 3179 λόγον
1728 3102 1897 3175 αὐτῷ,

253 3197 395 3271 ἰδίᾳ,
453 3195 705 3270 δημοσίᾳ,
766 3196 895 3267 ἄνω,
953 3194 1121 3266 κάτω,
1182 3193 1409 3271 Χριστὸν
1481 3190 1894 3270 εὖφημοῦμενον

257 3283 413 3364 ἔχειν
466 3286 556 3341 καὶ
597 3286 663 3340 τὰ
704 3287 938 3361 Χριστοῦ
995 3282 1261 3357 θαύματα,
1302 3281 1440 3360 ξίφει
1494 3282 1594 3350 τήν
1650 3279 1893 3359 κεφαλὴν

1101 3339 1113 3357 .
1247 3339 1378 3360 ιτ,
1552 3339 1562 3350 .
1726 3339 1862 3359 ,.

251 3339 583 3454 ἆξαιρεῖται,
641 3373 783 3428 οὕτω
847 3375 943 3427 τοῦ
1013 3370 1274 3445 τυράννου
1338 3370 1748 3447 προστάξαντος,
1806 3368 1897 3425 καὶ
1926 3339 1970 3407 C'

248 3463 462 3539 μάρτυς
506 3463 641 3537 πρὸς
686 3462 913 3538 Χριστὸν
976 3460 1347 3536 παραγίνεται.
1401 3457 1658 3535 Δεύτερος
1719 3456 1897 3531 τούτῳ

242 3553 598 3631 προστίθεται
655 3553 683 3606 ὁ
742 3550 804 3607 ἐκ
854 3554 1055 3626 νεκρῶν
1117 3548 1366 3617 ἀναστὰς,
1425 3547 1700 3622 ὁρώμενος
1757 3548 1898 3620 ὁμοῦ

244 3645 334 3700 καὶ
394 3640 790 3721 φθεγγόμενος,
851 3636 1178 3703 διδάσκαλος
1250 3631 1520 3700 εὐσεϐείας
1584 3636 1895 3712 γενόμενος.

246 3733 346 3790 Καὶ
406 3731 599 3807 τρίτος
658 3730 756 3799 τὴν
812 3726 980 3798 αὖτήν
1033 3723 1217 3783 ἄπεισι
1270 3732 1365 3781 τοῦ
1427 3726 1725 3802 μαρτυρίου
1773 3723 1895 3780 ὁδὸν

247 3824 275 3876 ὁ
303 3822 441 3899 χθὲς
502 3819 597 3877 καὶ
648 3818 913 3894 πρότριτα
973 3815 1164 3895 μάγος,
1198 3815 1311 3870 νυνὶ
1354 3813 1412 3870 δὲ
1443 3814 1611 3891 κῆρυξ
1644 3819 1898 3891 Χριστοῦ,

247 3907 646 3985 αὗτομολήσας
702 3906 772 3982 τῇ
820 3906 1017 3980 πίστει,
1049 3905 1140 3962 καὶ
1194 3906 1294 3975 τήν
1348 3908 1454 3960 τῶν
1503 3901 1772 3978 δαιμόνων
1825 3904 1902 3967 ὡς

248 3998 642 4057 ἀπολλύουσαν
712 3995 981 4070 ἀτιμάσας
1040 3994 1346 4070 θρησκείαν.
1406 3992 1507 4048 Καὶ
1565 3992 1599 4047 ἃ
1658 3994 1753 4066 μὲν
1810 3990 1900 4048 οὖν

247 4090 461 4168 γέγονε,
514 4088 613 4142 τοῦ
681 4084 804 4163 περὶ
875 4086 966 4141 τὸν
1035 4084 1221 4160 νεκρὸν
1284 4081 1567 4159 τεραστίου
1612 4076 1901 4168 προϐεϐη-

245 4177 431 4249 κότος,
462 4175 537 4231 τὰ
593 4173 687 4247 μὲν
742 4170 974 4250 εἴρηται,
1013 4172 1081 4227 τὰ
1137 4169 1195 4227 δὲ
1242 4177 1483 4247 παρῆκεν
1534 4171 1562 4224 ὁ
1609 4167 1799 4246 λόγος,
1841 4171 1906 4225 τὸ

250 4272 428 4336 μῆκος
488 4263 881 4342 ὑφορώμενοςο
930 4260 966 4315 ἃ
993 4257 1052 4316 δὲ
1079 4260 1146 4330 ἦν
1195 4259 1333 4332 μετὰ
1377 4263 1547 4333 ταῦτα
1604 4258 1695 4314 καὶ
1750 4258 1906 4336 ἀναγ-

247 4360 403 4411 καῖον
437 4352 639 4409 εἰπεῖν.

2007 711 2162 763 ratos
2198 708 2226 762 ?
2285 707 2402 778 ipsi
2449 712 2646 764 autem
2699 707 2967 780 gentiles,
3000 708 3384 779 quantumvis
3415 711 3486 765 de
3535 709 3650 766 diis

2006 796 2426 867 dasmoniisque
2481 797 2606 853 suis
2664 801 2885 870 quanta
2939 803 3187 869 possunt
3224 798 3429 855 deliria
3485 815 3649 855 com—

2007 885 2209 953 menti,
2237 901 2439 941 eorum
2469 885 2682 941 virtute
2733 887 2927 954 majus
2958 887 3069 943 hoc
3097 904 3226 944 esse
3273 889 3643 945 conﬁtentur.

2007 975 2210 1045 Itaque
2239 977 2296 1031 et
2324 974 2690 1030 multitudini
2721 976 3000 1046 majorem
3033 977 3103 1034 de
3139 977 3480 1035 Christianae
3512 977 3648 1033 reli-

2005 1062 2196 1135 gionis
2216 1063 2457 1119 veritate
2486 1063 2929 1120 aestimationem
2952 1064 3298 1122 miraculum
3322 1066 3433 1123 hoc
3461 1066 3649 1140 inges-

2005 1151 2287 1224 sit,quam
2313 1156 2519 1209 cetera
2546 1153 2779 1222 omnia;
2804 1158 2860 1209 et
2888 1154 3355 1227 quamplurimos
3375 1156 3551 1212 traxit
3575 1158 3647 1213 ad

2006 1240 2326 1312 Christum,
2374 1242 2732 1313 persuadens
2778 1244 3085 1299 turmatim
3118 1248 3175 1299 et
3226 1245 3447 1316 absque
3491 1249 3648 1302 certo

2008 1336 2251 1385 numero
2281 1330 2552 1385 accedere
2579 1330 2652 1386 ad
2685 1328 2850 1386 illum
2883 1331 3136 1403 :quibus
3167 1333 3342 1388 etiam
3374 1334 3651 1391 continuo

2007 1419 2155 1474 data:
2211 1424 2350 1474 sunt
2404 1418 2587 1474 arrhae
2646 1419 3036 1476 maximorum
3095 1423 3491 1493 praemiorum,
3543 1423 3651 1479 tali

2006 1507 2357 1564 confessioni
2404 1507 2857 1581 propositorum.
2906 1508 3049 1572 Quis
3094 1510 3252 1566 enim
3297 1511 3652 1568 recensuerit

2008 1600 2229 1667 quanta
2256 1600 2389 1669 post
2417 1596 2538 1652 haec
2568 1600 2772 1653 secuta
2800 1596 3084 1654 miracula
3112 1598 3444 1671 sint,quam
3476 1599 3650 1657 multi

2008 1700 2303 1758 quamque
2334 1685 2597 1743 diuturni
2642 1685 2834 1741 morbi
2862 1686 3072 1758 sanati,
3100 1692 3158 1743 et
3188 1692 3474 1759 quantum
3520 1705 3653 1747 sese

2007 1774 2326 1830 exseruerit
2370 1773 2555 1830 virtus
2587 1779 2806 1830 natura;
2837 1775 3102 1832 ordinem
3153 1777 3650 1850 supergrediens?

2008 1863 2307 1930 Quomodo
2337 1864 2471 1919 caeci
2499 1863 2694 1919 videre
2722 1864 3021 1936 coeperint,
3052 1869 3185 1937 post
3232 1870 3527 1938 receptum
3559 1867 3650 1922 in-

2007 1952 2237 2008 terioris
2267 1950 2421 2008 oculi
2450 1951 2695 2009 lumen?
2725 1954 3017 2024 quomodo
3064 1953 3290 2011 claudis
3320 1955 3650 2012 confirmati

2007 2041 2124 2098 sint
2170 2039 2393 2113 pedes?
2437 2041 2729 2112 quomodo
2777 2058 2964 2114 genus
3010 2058 3184 2098 omne
3232 2044 3650 2116 aegritudinum

2004 2129 2322 2187 curatum?
2369 2130 2523 2201 quod
2572 2134 2767 2186 autem
2820 2131 2892 2186 ad
2941 2131 3273 2188 daemonum
3317 2132 3653 2189 violentiam

2005 2219 2232 2290 attinet,
2290 2218 2411 2275 hzec
2477 2235 2708 2291 quoque
2767 2236 2884 2275 non
2942 2223 3169 2291 poterat
3227 2220 3348 2277 ulla
3425 2222 3652 2278 ratione

2005 2308 2342 2376 subsistere,
2401 2306 2453 2363 si
2525 2309 2659 2379 quis
2733 2309 3018 2366 duntaxat
3091 2325 3227 2366 eum
3302 2310 3417 2366 ﬁde
3490 2326 3652 2368 acce-

2006 2396 2202 2453 debat.

2075 2486 2164 2540 35.
2197 2485 2307 2542 Sed
2361 2486 2654 2557 quomodo
2702 2486 3059 2557 praeteriero,
3091 2489 3248 2559 quod
3297 2489 3516 2545 factum
3564 2494 3656 2546 est

2005 2573 2286 2647 Glycerio,
2337 2573 2737 2631 miraculum?
2774 2576 3042 2649 Agricola
3084 2576 3179 2632 hic
3226 2581 3350 2634 erat
3397 2582 3455 2633 et
3501 2579 3656 2635 circa

2003 2667 2220 2719 terram
2254 2680 2486 2736 semper
2513 2665 2925 2735 occupabatur,
2957 2682 3134 2737 quam
3156 2666 3383 2737 junctis
3414 2667 3487 2722 ad
3519 2684 3653 2722 ara-

2004 2755 2163 2808 trum
2197 2752 2384 2808 bobus
2413 2755 2553 2807 tunc
2584 2752 3033 2823 proscindebat:
3067 2770 3319 2827 cumque
3348 2772 3464 2811 non
3498 2758 3655 2811 esset

2007 2856 2214 2913 expers
2244 2840 2661 2897 miraculorum
2692 2858 2727 2896 a
2756 2845 2956 2897 sancto
2985 2842 3229 2915 Georgio
3269 2847 3650 2915 patratorum,

2007 2934 2065 2986 et
2110 2946 2352 2986 suorum
2405 2929 2807 3002 subjugalium
2856 2931 3006 2987 alter
3053 2932 3329 2989 deﬁciens
3385 2936 3654 2989 mortuus

2007 3022 2182 3087 esset,
2234 3018 2541 3074 confestim
2590 3018 2885 3086 cucurrit;
2918 3023 2976 3075 et
3005 3020 3145 3092 quid
3194 3021 3502 3077 accidisset
3548 3039 3652 3076 an-

2007 3107 2309 3174 nuntians,
2342 3109 2543 3163 bovem
2576 3123 2809 3180 quoque
2836 3125 3010 3164 suum
3042 3109 3315 3165 suscitari
3345 3109 3655 3182 petiiLOb-

2004 3201 2164 3254 tento
2207 3201 2406 3252 autem
2455 3213 2523 3252 eo
2550 3197 2706 3268 quod
2755 3196 3168 3268 postulaverat,
3198 3202 3399 3270 gratus
3450 3199 3653 3254 admo-

2006 3287 2148 3342 dum
2179 3301 2283 3359 pro
2328 3286 2633 3358 beneflcio,
2667 3302 2801 3342 cum
2849 3285 3080 3342 nullum
3125 3287 3306 3343 alium
3356 3304 3534 3360 quam
3582 3289 3654 3345 de

2006 3375 2235 3431 Christo
2283 3390 2613 3431 sermonem
2662 3374 2924 3442 haberet,
2967 3391 3220 3448 eumque
3267 3377 3536 3449 privatim
3586 3393 3653 3433 ac

2008 3463 2262 3537 publice,
2311 3480 2548 3520 sursum
2597 3479 2664 3519 ac
2713 3464 2987 3520 deorsum
3056 3465 3412 3537 praedicandi
3475 3466 3649 3522 ﬁnem

2007 3551 2234 3608 nullum
2253 3552 2466 3608 faceret
2493 3570 2506 3620 ;
2541 3552 2728 3624 capite
2749 3551 2955 3624 plexus
2976 3553 3350 3625 fuit,jubeute
3378 3558 3647 3627 tyranno,

2008 3646 2063 3697 et
2093 3642 2309 3713 Martyr
2336 3640 2409 3696 ad
2436 3640 2732 3697 Christum
2763 3642 3029 3698 accessit.
3054 3642 3199 3698 Huic
3228 3644 3530 3716 appositus
3559 3648 3649 3700 est

2009 3730 2323 3797 secundus,
2354 3728 2453 3785 ille
2498 3730 2598 3801 qui
2630 3730 2819 3786 fuerat
2857 3732 3173 3787 suscitatus
3210 3750 3246 3787 a
3290 3733 3557 3801 mortuis,
3589 3736 3647 3788 et

2011 3818 2206 3892 palam
2237 3818 2483 3891 loquens
2530 3819 2720 3875 factus
2752 3823 2876 3876 erat
2907 3821 3186 3893 magister
3230 3820 3488 3893 pietatis.
3520 3822 3655 3877 Ter-

2010 3908 2133 3966 tius
2162 3908 2414 3980 denique
2441 3908 2709 3964 eamdem
2739 3909 3001 3981 martyrii
3030 3910 3183 3965 viam
3213 3910 3518 3983 ingressus
3544 3914 3654 3977 est,

2012 3996 2064 4054 is
2092 3997 2190 4070 qui
2239 3997 2365 4053 heri
2394 4000 2451 4052 et
2497 4001 2671 4053 antea
2715 4014 2946 4071 magus,
2979 4016 3133 4054 nunc
3182 4015 3370 4071 praeco
3417 3999 3651 4067 Christi,

2015 4085 2190 4141 {idem
2238 4085 2543 4141 confessus
2568 4088 2712 4152 erat,
2744 4089 2802 4141 et
2830 4086 3164 4143 daemonum
3206 4087 3495 4143 culturam
3527 4092 3656 4142 tan-

2015 4189 2192 4246 quam
2244 4172 2630 4245 perniciosam
2679 4174 2953 4244 ejurarat.
3006 4179 3193 4247 Atque
3241 4175 3361 4231 hac
3406 4192 3472 4231 ea
3520 4179 3659 4232 sunt

2017 4279 2144 4335 qua
2173 4261 2327 4319 circa
2377 4266 2671 4335 patratum
2702 4263 2764 4319 in
2796 4268 3025 4320 mortuo
3055 4264 3406 4321 miraculum
3435 4264 3658 4321 accide-

2018 4356 2177 4420 runt,
2209 4368 2462 4423 quorum
2511 4352 2750 4424 quidem
2780 4369 2916 4425 pars
2964 4354 3259 4410 memoriae
3289 4353 3504 4410 tradita
3547 4358 3659 4425 est,

258 4444 446 4502 altera
469 4441 831 4516 prolixitatis
857 4440 1108 4499 vitanda
1156 4456 1334 4497 causa
1363 4438 1627 4497 involuta
1656 4439 1890 4498 silentio
1925 4459 1939 4499 :
1972 4458 2100 4514 quas
2128 4457 2264 4498 vero
2293 4441 2668 4515 postmodum
2700 4447 3012 4499 consecuta
3049 4447 3190 4499 sunt
3217 4458 3453 4500 necesse
3482 4443 3660 4502 etiam

254 4538 344 4590 est
370 4547 675 4592 enarrare.

946 4764 1211 4819 Extrema
1239 4760 1461 4833 Georgii
1487 4760 1554 4819 de
1580 4763 1745 4821 idolis
2040 4672 2280 4838 :‘Lapztis
2307 4765 2643 4838 supplicium
2669 4767 2979 4823 toleratam.

338 4878 440 4945 λς’.
479 4880 650 4956 Ὁρῶν
709 4878 739 4933 ὁ
782 4874 1172 4948 Διοκλητιανὸς
1222 4877 1313 4932 τὸν
1370 4878 1788 4952 Χριστιανισμὸν
1842 4877 1900 4933 eli

2094 4882 2181 4937 36.
2215 4881 2592 4954 Conspiciens
2613 4881 3005 4938 Diocletianus
3041 4882 3554 4940 Christianismum
3575 4884 3668 4939 in-

266 4969 467 5045 πυρσὸν
499 4966 802 5046 ἀναφθέντα
844 4963 1088 5036 ἤδη,ὡς
1142 4965 1201 5021 ἐκ
1258 4973 1556 5042 σπινθῆρος
1616 4972 1712 5022 τοῦ
1775 4966 1910 5042 μάρ-

262 5077 428 5133 τυρός
482 5054 809 5134 ἀρξάμενον,
862 5055 952 5111 καὶ
1010 5052 1235 5113 πολλῶν
1320 5056 1415 5128 μὲν
1488 5050 1910 5129 ἐπιλαϐόμενον,

262 5145 486 5202 πολλῶν
515 5144 576 5201 δὲ
625 5142 923 5220 μέλλοντα,
953 5143 1049 5199 κᾶν
1102 5146 1177 5217 μή
1230 5165 1313 5208 τις
1370 5145 1544 5222 φθάσῃ
1596 5146 1908 5221 κατασχὼν,

262 5235 477 5312 talia:
555 5233 616 5290 ἃν
691 5231 936 5290 ἐπελθεῖν
1019 5233 1255 5306 κάκεῖνα,
1314 5232 1404 5288 καὶ
1488 5230 1910 5310 δυσχερέστατον

265 5322 471 5381 ἔσεσθαι
500 5330 620 5387 τοῖς
652 5323 923 5401 ἀπείργειν
959 5321 1353 5399 βουλομένοις·
1411 5326 1572 5377 τοῦτο
1629 5319 1695 5392 δὴ
1746 5323 1911 5399 ὁρῶν,

263 5414 328 5468 τὸ
508 5409 759 5469 ἐκποδὼν
814 5418 1063 5483 ποιῆσαι,
1099 5406 1249 5485 εἴπερ
1300 5431 1351 5465 τι
1380 5406 1585 5488 ἕτερον,
1616 5410 1913 5487 προθύμως

265 5503 355 5575 ἦν,
385 5504 675 5559 ὑπώπτευε
703 5498 762 5557 δὲ
814 5499 966 5575 ὅμως
1021 5500 1120 5569 τὴν
1181 5497 1501 5573 διαμαρτίαν
1555 5499 1645 5555 καὶ
1703 5499 1914 5577 κατωρ-

269 5589 447 5666 ῥώδεε,
505 5588 694 5652 δειλὸς
766 5588 904 5667 πρὸς
974 5588 1076 5658 τὴν
1144 5587 1484 5665 ἐπιχείρησιν
1552 5586 1612 5643 ἐκ
1688 5589 1914 5665 πρώτης

268 5680 448 5757 πείρας
504 5679 845 5758 γενόμενος’
902 5677 967 5733 τὸ
1024 5673 1071 5731 δ’
1118 5674 1184 5732 αὖ
1241 5676 1424 5733 ἄνετον
1479 5675 1635 5739 ἐάσας
1700 5697 1915 5755 περινο-

268 5776 431 5849 στεῖν,
458 5766 578 5831 οὔτ’
633 5766 797 5851 ἔφερε
863 5768 1003 5845 (πῶς
1059 5764 1199 5847 γάρς
1255 5764 1644 5843 Διοκλητιανός
1698 5786 1762 5845 γε
1820 5763 1914 5842 ὢν,

2020 4972 2141 5026 star
2169 4970 2321 5042 ignis
2360 4971 2486 5041 jam
2538 4988 2870 5043 accensum,
2902 4976 3185 5045 tanquam
3237 4989 3307 5029 ex
3354 4973 3606 5030 scintilla
3636 4989 3671 5029 a

2021 5059 2271 5131 Martyre
2320 5060 2598 5131 profecta,
2650 5076 2904 5132 eumque
2952 5078 2986 5116 a
3038 5061 3249 5118 multis
3292 5064 3419 5134 jam
3468 5080 3668 5119 susce-

2023 5152 2212 5220 ptum,
2239 5166 2272 5203 a
2301 5147 2503 5203 multis
2536 5149 3121 5221 suscipiendum,nisi
3155 5152 3288 5223 quis
3322 5152 3669 5224 impediret;

2022 5236 2131 5292 hoc
2170 5241 2363 5291 autem
2418 5238 2682 5292 futurum
2732 5237 3168 5295 difficillimum.
3220 5241 3370 5309 Haec,
3402 5241 3670 5313 inquam,

2020 5324 2247 5392 videns,
2282 5324 2424 5380 nihil
2458 5325 2569 5381 sibi
2604 5326 2766 5398 prius
2796 5327 3129 5383 faciendum
3154 5330 3461 5401 judicavit,
3490 5346 3670 5403 quam

2026 5418 2090 5468 ut
2119 5415 2187 5468 de
2242 5414 2433 5470 medio
2463 5413 2693 5471 tolleret
2736 5415 3049 5489 Georgium
3086 5435 3099 5472 :
3136 5420 3442 5474 verebatur
3472 5424 3670 5474 tamen

2024 5517 2095 5557 ne
2124 5502 2505 5558 frustraretur
2551 5506 2846 5576 proposito
2874 5523 2888 5574 ;
2921 5510 2976 5561 et
3020 5507 3371 5564 formidabat
3417 5524 3536 5563 rem
3570 5523 3671 5579 ag-

2024 5590 2208 5663 gredi,
2243 5590 2622 5648 meticulosus
2672 5593 2913 5650 effectus
2963 5596 3223 5667 priorum
3272 5595 3669 5667 experientia:

2026 5695 2261 5735 rursum
2310 5684 2531 5747 autem,
2564 5684 2628 5736 ut
2679 5680 2825 5738 liber
2854 5682 3014 5739 abire
3059 5685 3518 5757 permitteretur,
3551 5684 3672 5756 pati

2025 5785 2140 5826 non
2189 5771 2456 5845 poterat;
2504 5785 2638 5829 cum
2688 5771 2892 5846 utique
2949 5772 3342 5832 Diocletianus
3391 5777 3569 5846 esset,
3616 5776 3675 5831 et
