4118 6478
469 487 586 546 335

1485 479 1800 540 GEORGII
1847 477 2111 540 CYPRII
2156 479 2274 539 CP.
2321 479 2852 542 PATRIARGHE

3747 478 3862 542 336

471 633 636 673 suam
691 617 878 688 ipsius
926 615 1044 670 fore
1092 613 1482 669 calamitatem
1532 612 1807 677 crederet,
1858 610 1908 665 si
1956 607 2089 664 idoli

2221 607 2310 661 καὶ
2375 610 2570 680 ζημίαν
2613 610 2784 680 ἑαυτῷ
2834 605 3021 669 ἄλλως
3082 605 3289 671 ἔσεσθαι
3340 606 3858 685 καταφρονουμένων

471 709 898 778 spernerentur.
932 704 1117 758 Media
1161 703 1339 774 igitur
1394 701 1486 756 via
1533 701 1857 771 ingressus,
1891 698 2108 754 carceri

469 795 710 851 inclusit
738 794 1072 865 Georgium,
1103 791 1421 848 exstimans
1463 789 1896 862 impediendam
1929 787 2108 843 mira-

469 885 734 940 culorum
784 883 1190 955 frequentiam,
1243 881 1474 952 quando
1529 896 1699 934 nemo
1748 878 1987 933 auderet
2035 877 2106 931 ad

464 973 725 1028 vinctum
774 972 1063 1037 accedere,
1111 969 1308 1041 itaque
1355 973 1711 1024 cessaturum
1764 965 2106 1038 propensio-

467 1077 602 1117 nem
634 1060 1031 1117 multitudinis
1061 1061 1131 1114 ad
1165 1059 1525 1130 religionem.
1558 1056 1751 1112 Potuit
1783 1071 1922 1111 sane
1953 1070 2108 1109 exse-

467 1151 685 1207 cutioni
714 1152 992 1206 mandare
1022 1148 1331 1204 consilium
1373 1148 1526 1219 quod
1558 1151 1822 1217 ceperat;
1857 1144 2106 1200 traditus

466 1241 621 1295 enim
652 1241 711 1294 in
746 1239 1068 1295 custodiam
1092 1242 1181 1293 est
1209 1242 1446 1292 sanctus
1472 1255 1483 1290 :
1510 1237 1608 1290 sed
1641 1234 1699 1288 id
1731 1235 1900 1305 cujus
1931 1249 2108 1288 causa

464 1327 571 1384 hoc
619 1330 838 1384 factum
885 1333 992 1395 est,
1025 1328 1290 1382 effectum
1342 1331 1623 1396 tyrannus
1674 1325 1811 1378 dare
1844 1341 1958 1378 non
2005 1339 2103 1394 po-

465 1418 610 1485 tuit;
645 1418 901 1472 Verbum
949 1415 1106 1472 enim
1137 1415 1258 1480 Dei,
1292 1420 1354 1469 ut
1405 1413 1622 1468 Paulus
1674 1412 1953 1483 loquitur,
1989 1429 2103 1466 non

464 1511 553 1562 est
600 1507 926 1578 alligatum,
959 1504 1100 1576 quin
1152 1504 1268 1558 imo
1305 1505 1428 1574 jam
1483 1503 1670 1574 magis
1704 1500 1880 1557 libere
1928 1518 2102 1571 quam

463 1600 635 1652 antea
684 1595 965 1650 miracula
994 1593 1407 1665 sequebantur,
1441 1597 1497 1647 et
1545 1591 1907 1646 audientium
1959 1589 2100 1645 ﬁde-

461 1683 724 1755 liumque
754 1682 1013 1754 quotidie
1045 1681 1368 1754 augebatur
1398 1695 1700 1736 numerus.

531 1773 620 1827 37.
680 1773 906 1827 Interea
971 1771 1206 1836 dicitur,
1265 1773 1322 1824 et
1375 1769 1588 1824 dicitur
1643 1784 1794 1835 vere,
1856 1768 2010 1838 quod
2069 1784 2102 1821 a

460 1861 684 1916 Christo
715 1860 1002 1933 acceperit
1029 1860 1245 1931 Martyr
1274 1875 1391 1915 suae
1423 1858 1494 1913 ad
1525 1873 1659 1914 eum
1696 1855 2100 1912 dissolutionis

460 1949 716 2022 signum.
748 1949 981 2020 Accepit
1009 1952 1203 2004 autem
1239 1947 1347 2003 hoc
1377 1947 1568 2002 modo.
1602 1945 1886 2018 Apparuit
1914 1945 1966 1999 ei
1999 1962 2102 2017 per

460 2055 734 2096 somnum
788 2038 1075 2107 Christus,
1125 2036 1424 2107 multaque
1476 2036 1526 2091 ei
1576 2035 1718 2090 dixit
1763 2051 1832 2090 ex
1883 2034 2098 2106 quibus

458 2142 671 2198 magno
703 2126 913 2199 gaudio
966 2125 1295 2196 ﬁduciaque
1325 2125 1578 2196 repletus
1615 2125 1694 2179 sit
1724 2141 1736 2178 :
1774 2124 2096 2195 proximam

456 2220 651 2270 autem
702 2215 1111 2287 migrationem
1159 2214 1416 2268 indicare
1445 2213 1644 2268 volens
1681 2212 1910 2268 coronis
1959 2214 2094 2284 qui-

457 2305 709 2359 busdam
742 2302 1256 2375 splendidissimis,
1283 2301 1797 2372 incomparabilem
1829 2301 2092 2356 decorem

455 2392 827 2461 habentibus,
860 2393 1085 2447 ornavit
1131 2396 1304 2462 caput
1341 2391 1626 2462 Martyris,
1658 2391 1814 2461 quod
1860 2395 1984 2445 erat
2013 2391 2096 2446 si-

457 2498 638 2554 gnum
669 2482 796 2551 ejus
828 2498 1003 2553 quam
1036 2481 1190 2552 apud
1223 2480 1417 2552 ipsum
1449 2484 1796 2551 accepturus
1824 2485 1948 2535 erat
1978 2479 2094 2535 cla-

458 2571 648 2627 ritatis
673 2589 686 2639 ;
715 2570 987 2642 promisit
1018 2575 1209 2625 autem
1243 2585 1378 2624 eum
1409 2569 1698 2624 victurum
1735 2573 1790 2624 et
1819 2574 2094 2641 regnatu~

456 2675 588 2714 rum
620 2674 818 2714 secum
851 2659 1126 2729 quoniam
1159 2656 1248 2712 sui
1279 2673 1456 2712 causa
1483 2657 1870 2712 mortiﬁcatus
1910 2658 2097 2713 fuerat

455 2752 577 2803 tota
619 2747 731 2815 die,
786 2747 972 2802 factus
1013 2746 1174 2802 velut
1218 2762 1406 2818 agnus
1461 2745 1792 2802 occisionis.
1841 2746 1932 2800 Sic
1983 2747 2095 2802 ista

457 2842 787 2892 narrantur.
816 2835 1210 2892 Diocletianus
1241 2841 1436 2890 autem
1461 2835 2089 2905 audiens,contrarium

455 2943 694 2997 prorsus
741 2942 917 2998 quam
966 2925 1076 2980 sibi
1125 2923 1491 2996 promiserat,
1541 2923 1759 2978 exitum
1817 2924 2093 2980 habuisse

454 3031 628 3070 suum
659 3015 811 3070 circa
838 3015 1148 3084 Martyrem
1177 3013 1671 3079 consilium,haud
1705 3013 1803 3067 diu
1837 3014 2093 3084 perstitit

452 3103 511 3158 in
543 3104 832 3159 sententia
879 3103 1074 3174 ipsum
1127 3102 1417 3173 captivum
1456 3101 1752 3161 detinendi
1789 3118 1801 3156 :
1837 3103 1935 3158 sed
1985 3120 2090 3175 pro

452 3192 731 3248 tribunali
763 3193 994 3262 sedens,
1027 3191 1322 3246 assidente
1353 3207 1565 3262 magno
1595 3207 1836 3246 numero
1867 3197 2090 3248 senato-

450 3299 604 3352 rum,
631 3286 688 3337 et
717 3280 902 3337 multo
931 3279 1145 3352 populo
1168 3278 1607 3344 circumstante,
1632 3279 1828 3335 induci
1859 3295 1992 3336 cum
2017 3281 2088 3337 ad

452 3385 513 3426 se
535 3370 736 3439 jussit.

521 3460 608 3512 38.
645 3459 902 3513 Rursum
950 3457 1129 3529 igitur
1171 3457 1467 3512 simulatio
1519 3457 1860 3529 assumitur,
1893 3474 2088 3530 perso-

453 3562 644 3618 naque
666 3545 986 3602 clementiae
1008 3552 1066 3601 et
1091 3545 1558 3602 mansuetudinis
1583 3563 1595 3601 :
1626 3564 1860 3602 rursum
1888 3548 2091 3605 dolosa

453 3652 628 3691 scena
678 3640 736 3690 et
779 3635 1062 3690 comoedia
1111 3635 1442 3703 instruitur,
1494 3652 1679 3707 neque
1726 3637 1879 3692 enim
1930 3638 2087 3693 aliud

452 3739 620 3795 agere
650 3727 893 3795 poterat,
925 3723 1196 3795 repulsus
1227 3724 1285 3778 in
1331 3725 1627 3795 omnibus,
1660 3731 1716 3780 et
1745 3727 1942 3782 omnia
1969 3732 2086 3782 tor-

453 3817 780 3867 mentorum
829 3829 1042 3884 genera
1089 3813 1306 3868 frustra
1361 3819 1653 3884 expertus,
1703 3820 1988 3887 tanquam
2038 3817 2088 3872 si

453 3917 587 3956 cum
618 3901 1038 3957 immortalium
1067 3901 1264 3973 aliquo
1297 3918 1417 3957 rem
1452 3903 1773 3958 habuisset.
1809 3906 2087 3962 Instruxit

451 3995 646 4046 autem
696 3990 936 4046 ridicule
983 4007 1239 4061 scenam,
1281 3992 1448 4062 quasi
1501 3993 1757 4048 crederet
1807 4011 1910 4065 per
1956 4011 2083 4051 eam

450 4080 647 4134 omnia
692 4079 1050 4135 conficienda
1080 4097 1093 4134 :
1127 4081 1220 4134 cui
1264 4081 1441 4148 enim,
1471 4085 1752 4154 tanquam
1803 4100 1934 4138 cum
1965 4085 2086 4141 viro

448 4185 797 4241 congressus
827 4185 962 4223 cum
992 4169 1151 4224 omni
1182 4185 1288 4224 sua
1315 4170 1895 4240 potentia,victoriam
1926 4174 1996 4228 de
2026 4190 2086 4229 se

445 4257 781 4331 reliquerat,
808 4257 965 4323 huic,
1001 4263 1276 4329 tanquam
1324 4275 1453 4313 cum
1479 4259 1792 4329 juvenculo
1825 4266 2081 4329 acturus,

444 4364 578 4403 cum
625 4346 923 4402 blanditiis
971 4347 1448 4419 appropinquans
1496 4348 1663 4419 (vide,
1699 4350 1955 4421 obsecro,
1989 4369 2084 4408 ne-

443 4437 690 4508 quitiam
713 4435 1157 4506 hominis‘)quali
1182 4441 1518 4507 quantoque
1535 4438 1780 4493 artiﬁcio
1802 4457 1944 4496 usus
1968 4458 2081 4496 non

442 4530 574 4581 est?
604 4525 864 4580 Primum
898 4525 1078 4596 igitur
1106 4523 1309 4580 laudes
1340 4526 1487 4594 ejus,
1513 4527 1784 4596 qualibus
1811 4527 2079 4585 humanae

440 4620 665 4670 mentes
712 4615 961 4669 maxime
990 4614 1321 4686 capiuntur,
1379 4615 1580 4670 efferre
1627 4616 1818 4688 cmpit,
1850 4623 1908 4673 et
1946 4620 2078 4690 quis

2220 695 2516 770 εἷδώλων)·
2580 696 2668 752 διὰ
2711 697 2872 752 τοῦτό
2903 719 2962 773 γε
2995 695 3171 768 δήπου
3229 697 3319 751 καὶ
3383 697 3547 769 μέσην
3612 694 3856 773 βαδίσας,

2218 783 2576 860 δεσμωτηρίῳ
2626 787 3010 863 καθείργνυσι·
3061 787 3126 840 τά
3175 807 3234 841 τε
3301 785 3548 859 θαύματα
3613 785 3856 861 ἐπισχεῖν

2217 874 2275 930 ἐκ
2355 875 2549 930 τούτου
2655 873 3070 947 διανοούμενος,
3161 872 3394 948 μηδενὸς
3495 877 3860 951 θαρσήσοντος

2215 964 2488 1039 προσιέναι
2550 961 2819 1036 δεσμώτῃ,
2857 964 2943 1017 καὶ
3001 967 3095 1017 τοῦ
3149 962 3484 1036 μετακλίνειν
3546 965 3610 1018 τὰ
3667 964 3854 1035 πλήθη

2215 1055 2349 1128 πρὸς
2410 1048 2673 1108 εὐσέϐειαν
2725 1054 3050 1108 ἀποπαῦσαι.
3085 1052 3183 1106 Καὶ
3229 1053 3290 1107 τὸ
3343 1054 3436 1126 μὲν
3489 1051 3678 1128 ἴσχυσε
3727 1051 3854 1128 δρᾶ-

2214 1163 2297 1195 σαι
2334 1141 2633 1216 (παρέδωκε
2661 1142 2760 1217 γὰρ
2811 1139 3220 1216 δεσμωτηρίῳ)·
3276 1141 3338 1196 οὗ
3388 1139 3444 1196 δὲ
3496 1142 3656 1218 χάριν
3712 1144 3860 1197 τοῦτ’

2215 1227 2422 1306 ἔδρασε,
2452 1231 2661 1285 τελέσαι
2695 1231 2793 1284 οὐκ
2840 1228 3064 1305 ἷ’σχυσε’
3125 1231 3213 1284 καὶ
3263 1232 3363 1306 γὰρ
3411 1230 3500 1285 ὅτε
3551 1230 3714 1307 λόγος
3759 1235 3856 1286 τοῦ

2213 1325 2367 1382 θεοῦ,
2402 1321 2474 1380 ὥς
2532 1341 2661 1397 φησι
2721 1318 2958 1389 Παῦλος,
3017 1320 3115 1374 ούκ
3172 1317 3404 1387 ἐδέδετο,
3462 1319 3540 1374 ἔτι
3599 1317 3657 1374 δέ
3711 1319 3855 1376 πολὺ

2217 1407 2426 1481 μᾶλλον
2474 1409 2770 1484 ἐλευθέρως
2820 1409 2941 1462 τότε
2996 1409 3062 1462 τά
3119 1429 3175 1463 τε
3236 1410 3481 1481 θαύματα
3539 1408 3850 1481 ἠκολούθει,

2212 1497 2437 1552 πολλῶν
2479 1500 2754 1572 προσιέναι
2801 1497 3159 1570 τολμώντων,
3191 1498 3281 1552 καὶ
3327 1502 3434 1552 τῶν
3494 1503 3699 1553 πιστῶν
3757 1520 3850 1553 κα-

2213 1589 2470 1657 θεκάστην
2506 1588 2752 1662 ὑπῆρχεν
2783 1584 3040 1648 ἐπίδοσις.

2286 1766 2384 1834 λζ’.
2436 1768 2597 1820 Ἔνθα
2648 1763 2714 1833 δὴ
2767 1764 2997 1841 λέγεται,
3048 1765 3268 1836 ἀληθῶς
3320 1763 3377 1820 δὲ
3429 1764 3660 1842 λέγεται,
3707 1766 3853 1840 παρὰ

2209 1858 2440 1927 Χριστοῦ
2477 1855 2567 1908 τὸν
2620 1854 2873 1929 Μάρτυρα
2918 1855 2982 1909 τὸ
3029 1853 3278 1928 σύνθημα
3327 1849 3513 1909 λαϐεῖν
3562 1862 3663 1924 τῆς
3715 1856 3851 1929 πρὸς

2132 1943 2367 2046 Βαύτὸν
2444 1942 2789 2004 ἀναλύσεως·
2867 1937 3052 1997 λαϐεῖν
3133 1940 3190 1997 δὲ
3264 1941 3392 2011 ὧδε,
3471 1942 3627 1998 αὐτὸν
3705 1943 3851 2015 αύτῷ

2209 2033 2433 2108 Χριστὸν
2473 2034 2588 2086 καθ’
2631 2032 2828 2093 ὕπνους
2876 2031 3284 2110 ἐμφανισθῆναι,
3314 2031 3501 2088 πολλά
3544 2053 3601 2087 τε
3655 2033 3847 2104 εἰπεῖν,

2210 2122 2259 2192 ἐξ
2328 2124 2401 2175 ὧν
2479 2127 2650 2196 χαρᾶς
2728 2128 2827 2190 τῆς
2904 2121 3163 2195 μεγίστης
3234 2120 3322 2175 καὶ
3398 2123 3625 2195 θάρσους
3701 2121 3846 2192 πλη-

2209 2216 2400 2287 ρῶσαι,
2471 2212 2559 2264 καὶ
2643 2208 2708 2278 δὴ
2784 2210 2873 2264 καὶ
2945 2211 3044 2278 τήν
3129 2207 3393 2283 ἐκδημίαν
3478 2213 3845 2283 σημήνασθαι,

2206 2300 2486 2378 στεφάνοις
2523 2321 2581 2355 τε
2629 2299 2809 2361 αὐτοῖς
2860 2299 3268 2374 λαμπροτάτοις
3322 2300 3604 2375 ἀμήχανον
3659 2297 3846 2375 ἔχουσι

2203 2390 2265 2443 τὸ
2323 2387 2530 2450 κάλλος
2599 2390 2697 2457 τὴν
2773 2389 3102 2464 μαρτυρικήν
3178 2387 3418 2466 κεφαλήν
3496 2389 3844 2465 καταστέψαι,

2205 2473 2486 2550 σύμϐολον
2517 2482 2676 2532 τουτο
2723 2485 2821 2547 τῆς
2877 2478 3009 2550 μετᾶ
3053 2482 3219 2532 ταῦτα
3267 2475 3650 2550 διαδεξομένης
3703 2477 3844 2552 λαμ-

2203 2566 2512 2642 πρότητος·
2574 2566 2662 2620 καὶ
2725 2565 2904 2638 μέντοι
2967 2569 3212 2637 συζήσειν
3293 2566 3436 2638 αὐτῷ
3489 2567 3580 2621 καὶ
3636 2563 3845 2641 συμϐα-

2204 2656 2464 2711 σιλεύσειν
2530 2655 2970 2731 ἐπαγγείλασθαι,
3031 2653 3217 2725 ἐπειδὴ
3265 2656 3354 2710 καὶ
3438 2655 3601 2710 αὐτοῦ
3668 2654 3840 2713 ἕνεκεν

2202 2745 2519 2808 ἐθανατοῦτο
2578 2743 2714 2813 ὅλην
2791 2746 2888 2812 τήν
2971 2743 3202 2820 ἡμέραν,
3262 2743 3351 2798 καί
3421 2745 3496 2806 ὡς
3571 2741 3838 2820 πρόϐατον

2203 2841 2412 2912 σφαγῆς
2474 2833 2770 2908 ἐλογίζετο.
2833 2833 2986 2888 Οὕτω
3061 2839 3227 2888 ταῦτα
3296 2833 3539 2909 λέγεται’
3600 2834 3834 2905 Διοκλη-

2198 2925 2380 2984 τιανὸς
2429 2921 2486 2976 δὲ
2530 2925 2568 2993 ᾗ
2601 2919 2929 2998 βεϐούληται
2980 2922 3103 2998 περὶ
3159 2923 3248 2977 τὸν
3302 2924 3575 2998 Μάρτυρα,
3616 2923 3834 2978 τούναν-

2197 3014 2312 3067 τίον
2373 3007 2682 3087 προϐαίνειν
2748 3011 2995 3083 ἀκούσας,
3056 3011 3154 3066 οὐκ
3228 3011 3315 3067 ἐπὶ
3390 3012 3535 3068 πολὺ
3608 3017 3674 3088 τῇ
3739 3017 3835 3068 τοῦ

2201 3099 2484 3174 δεσμώτην
2527 3100 2684 3154 αὐτὸν
2731 3096 2876 3174 ἔχειν
2932 3100 3166 3173 ἐνέμεινε
3214 3102 3436 3177 γνώμῃ·
3493 3099 3640 3158 ἀλλά
3691 3123 3836 3164 τινος

2201 3191 2286 3246 ἐπὶ
2349 3191 2593 3264 βήματος
2651 3189 2888 3262 καθίσας,
2952 3187 3121 3245 ἄλλον
3177 3211 3236 3244 τε
3292 3187 3468 3263 δῆμον
3530 3189 3841 3266 συγκλήτου

2203 3279 2408 3356 βουλῆς
2439 3278 2679 3347 καθίσας,
2712 3277 2880 3333 ἄλλον
2925 3300 2985 3334 τε
3038 3277 3214 3352 δῆμον
3269 3279 3442 3351 ἑαυτῷ
3488 3283 3838 3356 περιστήσας,

2728 2128 2827 2190 τῆς

2119 3353 2162 3419 C
2200 3366 2524 3424 εἴσκαλεῖται
2557 3368 2694 3443 πρὸς
2725 3367 2927 3424 ἑαυτόν.

2271 3458 2377 3529 λη’.
2431 3457 2528 3512 Καὶ
2588 3455 2752 3511 πάλιν
2823 3456 3100 3532 ὑπόκρισις
3168 3456 3411 3528 ἐνταῦθα,
3480 3455 3569 3511 καὶ
3631 3457 3838 3535 ἡμερό-

2196 3569 2359 3618 τητος
2416 3546 2505 3601 καὶ
2564 3545 2852 3607 ἐπιεικείας
2918 3545 3301 3621 προσποίησις,
3343 3545 3432 3600 καὶ
3489 3544 3654 3601 πάλιν
3713 3544 3837 3601 δου-

2203 3637 2489 3712 λοπρεπῶς
2541 3634 2628 3690 ἐπὶ
2669 3636 2736 3689 τὰ
2783 3632 3029 3710 δράματα
3079 3629 3404 3707 μεταϐαίνει,
3435 3634 3526 3688 καὶ
3567 3635 3666 3703 τὴν
3710 3656 3838 3706 σκη-

2198 3729 2295 3796 νὴν
2354 3725 2438 3800 (οὐ
2512 3725 2612 3800 γὰρ
2689 3725 2832 3800 εἶχεν
2889 3723 3100 3798 ἄλλως)
3155 3731 3604 3800 προσενεχθῆναι,
3666 3727 3838 3779 πάντα

2198 3820 2478 3890 τιμωριῶν
2551 3812 2895 3882 διεληλυθὼς
2953 3811 3093 3885 εἷ’δη,
3141 3814 3230 3868 καὶ
3291 3811 3378 3868 διὰ
3429 3815 3643 3869 πάντων
3699 3814 3832 3868 ἀπο-

2199 3904 2498 3981 κρουσθεὶς,
2585 3903 2763 3979 ὥσπερ
2847 3903 3093 3975 ἀθανάτῳ
3183 3902 3289 3957 τινὶ
3372 3902 3836 3982 προσφερόμενος,

2205 3989 2509 4068 μεταϐαίνει
2591 3993 2771 4066 μέντοι
2847 3991 3100 4068 γελοίως,
3159 3990 3307 4067 εἷ’περ
3363 3992 3530 4062 ταύτη
3589 4013 3668 4047 τοι
3727 3996 3834 4046 τῶν

2201 4085 2447 4140 ἁπάντων
2506 4081 2745 4137 άνύσσειν
2801 4078 2970 4154 ᾤετο·
3030 4083 3076 4154 ᾦ
3133 4083 3236 4158 γὰρ
3306 4083 3379 4143 ὡς
3459 4081 3592 4157 πρὸς
3670 4078 3838 4156 ἄνδρα

2200 4174 2333 4246 μετᾶ
2381 4175 2558 4243 πάσης
2609 4172 2848 4247 προσιὼν
2893 4179 2993 4240 τῆς
3058 4171 3246 4246 ἷ¹σχύος
3300 4175 3554 4225 τοσοῦτον
3610 4172 3834 4243 ἡττᾶτο,

2194 4268 2310 4324 πῶς
2379 4263 2480 4336 ἄρα
2546 4261 2632 4314 οἷά
2695 4281 2799 4314 τινι
2873 4259 3137 4334 μειρακίῳ
3202 4259 3462 4332 μαλακῶς
3528 4259 3834 4334 προσερχό-

2197 4373 2376 4424 μενος,
2429 4349 2569 4405 έλεῖν
2640 4370 2770 4403 ποτε
2817 4348 2999 4424 εἶχεν;
3048 4350 3238 4422 Ὅμως
3290 4353 3540 4403 σκοπεῖτε
3585 4349 3683 4417 τὴν
3737 4368 3840 4402 πο-

2195 4440 2406 4515 νηρίαν,
2443 4441 2554 4512 μεθ’
2603 4438 2731 4508 ὅσης
2775 4437 2864 4492 καὶ
2926 4435 3046 4498 ο⁹ίας
3099 4439 3198 4506 τῆς
3254 4438 3456 4512 τέχνης
3513 4435 3835 4512 εἰσέρχεται.

2195 4533 2418 4603 Πρῶτον
2479 4528 2570 4600 μὲν
2645 4526 2894 4586 ἐπαίνους
2950 4524 3235 4599 κατέλεγεν
3299 4525 3528 4596 ἐκείνου,
3589 4527 3672 4586 οἷς
3734 4523 3835 4598 μά-

2192 4614 2350 4670 λιστα
2407 4615 2700 4689 ἀνθρώπιον
2761 4613 3079 4690 θηρεύονται
3137 4619 3391 4690 γνῶμαι·
3441 4614 3522 4675 τίς
3581 4614 3640 4668 ἂν
3697 4609 3805 4684 διεξ

440 4702 647 4759 dixerit
675 4708 925 4774 quantas
950 4707 971 4758 Ρ
1001 4701 1369 4758 Nobilitatem
1400 4703 1729 4776 extollebat,
1755 4706 2080 4762 admiraba-

2202 4705 2273 4779 ᾖει
2325 4704 2516 4773 ὅσους;
2568 4704 2850 4780 Εὐγένειαν
2905 4703 3112 4777 ἐπῄνει,
3166 4703 3418 4775 σώματος
3471 4701 3690 4781 εὐφυίαν
3743 4701 3832 4756 καὶ

440 4796 537 4847 tur
565 4792 826 4864 corporis
855 4792 1119 4848 decorem
1153 4796 1210 4847 et
1239 4792 1736 4864 pulchritudinem
1769 4811 1902 4850 cum
1926 4795 2081 4851 forti-

438 4881 641 4936 tudine
672 4886 846 4952 atque
894 4881 1074 4936 animi
1105 4882 1487 4951 generositate
1527 4884 1920 4954 conjunctam,
1951 4890 2078 4941 tum

437 4970 657 5042 ingenii
707 4987 951 5025 acumen
995 4987 1060 5026 ac
1102 4971 1422 5043 prudentiae
1471 4972 1826 5028 ﬁrmitatem.
1878 4973 2076 5046 Neque

438 5059 615 5130 enim,
649 5059 972 5129 inquiebat,
1002 5059 1092 5114 vel
1145 5060 1203 5114 in
1253 5063 1509 5115 extrema
1558 5065 1852 5116 senectute
1899 5063 2071 5118 talem

437 5147 604 5203 facile
649 5148 906 5202 inveniet
931 5147 1163 5219 aliquis,
1197 5149 1414 5204 nedum
1445 5149 1505 5204 in
1538 5166 1774 5222 corpore
1823 5155 1944 5206 tam
1975 5152 2073 5207 de-

434 5236 604 5291 licato
636 5241 692 5290 et
736 5240 899 5290 aetate
929 5241 1048 5290 tam
1095 5242 1312 5293 tenera.
1345 5237 1560 5293 Deinde
1614 5239 1724 5293 sibi
1775 5239 1885 5310 ipsi
1936 5257 2073 5295 con-

430 5325 931 5395 viciabatur,quod
964 5341 1078 5380 non
1111 5325 1436 5396 puduisset,
1473 5343 1574 5382 nec
1605 5327 1883 5384 misertus
1914 5327 2072 5384 illius

431 5418 605 5480 esset,
639 5430 742 5468 nec
792 5417 1095 5468 mansuete
1144 5413 1592 5486 humaniterque
1623 5415 1720 5471 illo
1773 5433 1937 5481 usus,
1971 5417 2071 5471 sed

428 5502 615 5558 instar
647 5504 776 5557 feras
823 5501 1021 5556 bestiae
1048 5501 1359 5557 crudeliter
1406 5504 1883 5575 immaniterque.
1937 5505 2073 5560 Post

427 5593 551 5647 haec
577 5590 962 5663 supplicabat,
996 5595 1053 5645 et
1083 5591 1302 5661 ignosci
1333 5591 1440 5646 sibi
1484 5595 1678 5649 omnia
1712 5593 2067 5666 postulabat,

427 5686 708 5753 tanquam
741 5679 931 5734 ﬁlium
977 5684 1157 5750 pater.
1193 5680 1339 5746 Quid
1373 5679 1548 5749 enim,
1579 5682 1898 5755 inquiebat,
1932 5685 2068 5739 atti-

429 5775 527 5832 net
557 5787 648 5827 me
695 5767 886 5828 dicere
935 5784 1112 5844 quam
1162 5767 1348 5826 multa
1394 5769 1506 5827 alia
1551 5771 1660 5828 tibi
1711 5771 1832 5829 sint
1858 5789 1927 5829 ex
1975 5790 2068 5832 me

2187 4793 2416 4865 κάλλος,
2453 4794 2644 4870 ῥώμην
2703 4793 2790 4848 καὶ
2841 4791 3084 4869 ἀνδρείαν
3147 4791 3431 4865 ἐθαύμαζε,
3482 4793 3573 4847 καὶ
3625 4791 3832 4846 σύνεσιν

2188 4885 2324 4958 πρὸς
2355 4883 2589 4955 τούτοις,
2625 4884 2713 4937 καὶ
2763 4885 3112 4960 φρονήματος
3162 4881 3559 4955 σταθηρότητα.
3593 4877 3719 4935 Οὐδ’
3750 4878 3833 4953 ἂν,

2187 4973 2318 5051 φησί
2374 4994 2480 5041 τις,
2528 4971 2617 5026 καί
2675 4971 2724 5026 ἐν
2787 4972 2990 5047 ἐσχάτῃ
3044 4970 3215 5042 πολίᾷ
3259 4971 3519 5040 τοιαύτην
3583 4969 3830 5046 εὐρήσοι,

2188 5065 2351 5134 μήτοι
2402 5064 2454 5138 γ’
2506 5062 2557 5117 ἐν
2614 5061 2785 5123 οὕτως
2846 5059 3040 5133 ἅπαλῷ
3086 5064 3164 5132 τῷ
3220 5060 3454 5132 σώματι,
3487 5058 3576 5114 καὶ
3627 5058 3716 5130 νέᾳ
3763 5061 3832 5133 τῇ

2183 5150 2395 5222 ἡλικίᾳ.
2430 5151 2680 5227 Δεύτερον
2733 5151 2922 5204 ἐαυτοῦ
2969 5149 3140 5225 ψόγον
3211 5148 3468 5222 ἐποιεῖτο,
3519 5150 3592 5222 μὴ
3665 5144 3832 5226 φειδὼ

2185 5235 2466 5301 λαϐόντος.
2530 5242 2604 5312 μὴ
2663 5239 3116 5311 οἷκτειρήσαντος,
3181 5239 3256 5311 μὴ
3306 5237 3528 5314 ἡμέρως
3588 5237 3624 5306 ἢ
3684 5234 3832 5298 ὅλως

2181 5328 2531 5402 ἀνσρωπίνως
2587 5326 2938 5403 χρησαμένου
3007 5327 3172 5399 αὐτῷ,
3230 5325 3374 5383 ἀλλά
3425 5347 3575 5387 τινος
3637 5324 3832 5400 θηρίου

2179 5418 2378 5493 τρόπον
2434 5418 2719 5492 αὐστηρῶς
2795 5417 2884 5471 καὶ
2943 5417 3166 5492 ἀγρίως.
3233 5417 3353 5472 Ἐπὶ
3406 5415 3623 5478 τούτοις
3679 5416 3832 5484 ἠντι-

2181 5501 2358 5574 ϐόλει,
2405 5505 2494 5559 καὶ
2542 5504 2871 5580 συγγνώμην
2930 5504 3143 5559 πάντων
3193 5501 3333 5579 ᾔτει,
3385 5505 3458 5568 ὡς
3509 5501 3676 5558 παῖδα
3724 5523 3830 5556 πα-

2177 5598 2301 5671 τήρ.
2355 5594 2453 5648 Καί
2493 5615 2554 5669 γε
2600 5594 2675 5656 ὡς
2733 5597 2895 5667 ἡμεῖς
2957 5593 3207 5669 ἐγνωκὼς
3267 5595 3423 5668 εἶναι,
3456 5594 3508 5649 τί
3567 5595 3679 5670 χρὴ
3739 5594 3832 5647 καὶ

2180 5683 2354 5761 λέγειν
2387 5682 2484 5737 ὅσα
2516 5704 2601 5738 σοι
2653 5681 2798 5737 ἄλλα
2845 5683 3170 5757 προσέσται;
3204 5681 3330 5740 ἀλλ’
3380 5683 3430 5738 ἐν
3488 5683 3606 5737 υἱοῦ
3663 5679 3834 5757 μοίρᾳ

2175 5778 2254 5848 τῷ
2307 5770 2525 5852 βασιλεῖ
2570 5769 2711 5847 τῷδε
2761 5774 2980 5851 γενήσῃ,
3026 5773 3114 5830 καὶ
3163 5774 3328 5850 τιμῆς
3375 5770 3664 5830 ἀπολαύων
3729 5773 3831 5842 τῆς
