4118 6444
278 461 401 525 337

1539 463 1944 530 LAUDATIO
1991 467 2058 529 S.
2104 466 2445 531 GEORGII.

3575 461 3695 524 338

280 597 398 670 μεθ’
457 597 609 671 ἡμᾶς
669 592 850 651 οὐδενὶ
927 592 1073 664 πλὴν
1129 599 1292 670 ἡμῶν
1366 597 1709 672 καταλείψεις
1780 600 1923 674 ὑπερ

2057 608 2257 674 parata
2289 603 2316 656 ?
2347 603 2471 658 Non
2505 607 2626 658 tam
2683 619 2859 675 quam
2912 599 3278 657 familiariter
3319 604 3492 656 notus
3522 599 3694 655 habe-

277 682 479 756 6ολήν·
529 686 594 741 τὸ
643 683 701 741 δὲ
747 685 1012 741 τοσούτου
1058 691 1265 762 τυχεῖν,
1315 684 1464 748 οἶδας
1511 688 1600 743 καὶ
1655 688 1834 760 αὐτὸς,
1867 689 1940 750 ὡς

279 773 543 848 εὗδαιμον
606 776 736 851 παρ’
765 775 1080 849 ἀνθρώποις
1133 777 1224 830 καὶ
1286 778 1546 852 μακάριον
1598 777 1727 832 εἶναι
1782 777 1942 851 νομί-

281 871 448 934 ζεται.

359 1042 438 1098 λθ⁹
475 1045 631 1099 Ταῦτ’
682 1041 776 1100 ἕλε
940 1044 955 1066 ‘
1005 1064 1034 1080 ’ν
1072 1048 1099 1081 τ’
1331 1043 1376 1088 ί“
1807 1047 1819 1067 ’
1907 1043 1936 1065 τ’

555 1085 558 1088 ~
777 1065 956 1120 γε,και
1017 1065 1170 1099 ιαστα
1210 1061 1435 1119 παγ.οες
1491 1047 1647 1119 ἦσαν,
1700 1057 1800 1109 καθ
1877 1067 1938 1100 ου

295 1134 391 1206 μὲν
423 1132 751 1204 ἐπινενόηται
804 1131 1086 1206 οὐδαμῶς,
1139 1137 1253 1188 κατ’
1286 1133 1450 1189 αὐτοῦ
1503 1132 1560 1189 δὲ
1609 1135 1667 1197 ὃς
1711 1135 1935 1206 ἐπενόη-

292 1242 395 1278 σεν·
460 1221 730 1278 ἁλίσκεται
791 1222 896 1298 γὰρ
956 1222 1006 1276 ἐν
1068 1222 1303 1296 τούτοις,
1365 1224 1440 1286 ὡς
1490 1223 1539 1279 ἐν
1602 1221 1760 1286 ἰδίοις
1809 1245 1933 1279 πτε-

285 1318 453 1388 ροῖς,
514 1312 584 1373 ὥς
649 1333 812 1390 φησιν
873 1314 907 1382 ἡ
967 1312 1280 1388 παροιμία’
1340 1313 1430 1367 καὶ
1489 1314 1650 1391 σοφὸς
1709 1311 1781 1367 ὢν
1841 1319 1936 1367 τοῦ

280 1403 670 1477 κακουργῆσαι,
717 1400 1134 1479 ἀντισοφίζεται’
1188 1402 1277 1456 καὶ
1327 1401 1358 1456 ὅ
1406 1424 1566 1480 φησιν
1619 1404 1647 1457 ὁ
1690 1401 1936 1476 Ψαλμῳ-

276 1488 388 1561 δὸς,
423 1490 476 1544 ἐν
504 1497 626 1553 τοῖς
671 1489 851 1568 ἔργοις
895 1496 1004 1546 τῶν
1053 1495 1253 1566 χειρῶν
1301 1490 1463 1547 αὐτοῦ
1509 1497 1782 1566 (τοσοῦτον
1832 1493 1932 1568 γὰρ

279 1581 712 1656 μεθαρμοστέον,
761 1585 867 1635 τῶν
920 1578 977 1634 δὲ
1037 1580 1445 1656 βουλευμάτων)
1496 1581 1821 1656 ἁμαρτωλὸς
1861 1581 1932 1636 ὢν

274 1664 740 1743 συλλαμϐάνεται.
801 1673 926 1731 Πῶς
987 1667 1043 1724 δὲ
1095 1674 1254 1724 τοῦτο
1296 1671 1595 1746 ;Ἃρπάζει
1653 1670 1781 1733 τοὺς
1839 1669 1932 1724 λό-

273 1781 398 1833 γους
459 1760 490 1812 ὁ
545 1758 786 1831 Μάρτυς,
843 1758 932 1813 καί
987 1780 1105 1813 τινα
1157 1761 1466 1834 καινοτέραν
1521 1758 1756 1824 ἐντεῦθεν
1808 1758 1932 1814 ὁδὸν

272 1848 404 1902 κατὰ
465 1845 747 1920 δαιμόνων
811 1847 1109 1921 μελετήσας
1160 1856 1452 1924 τραπῆναι,
1498 1849 1587 1903 καὶ
1622 1848 1930 1904 τελευταῖον

2051 691 2227 759 beris,
2272 694 2370 748 sed
2407 692 2510 747 filii
2540 692 2663 748 loco
2695 691 2839 747 mihi
2874 691 2989 746 eris
3021 710 3034 758 ;
3069 694 3126 746 et
3154 690 3403 746 honores
3423 689 3689 761 recipies,

2053 781 2267 851 quibus
2301 780 2449 836 nulli
2481 786 2872 854 praeterquam
2906 781 3074 836 nobis
3105 779 3346 836 inferior
3373 780 3487 835 eris
3522 797 3534 834 :
3569 779 3690 835 haec

2051 873 2247 924 autem
2278 874 2501 941 quanta
2531 871 2686 942 apud
2717 870 2986 926 homines
3017 885 3146 925 esse
3175 872 3477 941 reputetur
3505 867 3689 925 felici-

2049 962 2160 1023 tas,
2194 959 2325 1030 quis
2354 959 2585 1032 ignorat
2610 959 2639 1014 ?

2122 1048 2210 1103 39.
2243 1048 2371 1103 Haec
2404 1050 2578 1104 verba
2605 1048 2788 1116 illius,
2820 1050 2937 1104 imo
2969 1049 3163 1120 laquei
3192 1052 3376 1118 erant,
3410 1065 3524 1104 non
3557 1049 3687 1120 qui-

2048 1137 2180 1194 dem
2213 1137 2265 1192 ei
2295 1142 2497 1192 contra
2527 1155 2698 1209 quem
2730 1139 3135 1206 tendebantur,
3168 1138 3267 1193 sed
3316 1137 3553 1208 ipsimet
3583 1138 3685 1209 qui

2046 1244 2116 1284 ea
2145 1227 2583 1297 excogitaverat.
2617 1229 2830 1299 Captus
2862 1227 3016 1282 enim
3048 1228 3106 1281 in
3137 1225 3254 1281 illis
3283 1230 3371 1282 est
3402 1230 3683 1297 tanquam

2047 1317 2109 1371 in
2143 1317 2394 1388 propriis
2435 1316 2624 1381 retiis,
2658 1322 2723 1370 ut
2755 1315 2930 1370 habet
2961 1315 3241 1386 parmmia
3273 1331 3287 1370 :
3323 1314 3684 1386 callidusque

2045 1407 2116 1460 ad
2148 1405 2478 1460 faciendum
2507 1404 2678 1472 male,
2714 1405 2838 1476 pari
2871 1404 3187 1460 calliditate
3245 1405 3520 1476 deceptus
3551 1405 3679 1474 fuit,

2044 1500 2101 1551 et
2131 1495 2282 1550 sicut
2311 1494 2622 1550 Psalmista
2651 1494 2930 1566 loquitur,
2964 1493 3023 1548 in
3085 1493 3356 1565 operibus
3397 1510 3680 1550 manuum

2044 1601 2286 1640 suarum
2337 1584 2514 1655 (quod
2566 1587 2795 1638 tantum
2844 1583 3016 1648 valet,
3051 1599 3117 1638 ac
3175 1582 3225 1637 si
3269 1583 3589 1638 transferas
3620 1583 3680 1638 in

2043 1673 2302 1729 consiliis
2332 1673 2478 1744 suis)
2509 1673 2966 1744 comprehensus
2996 1677 3084 1726 est
3107 1672 3460 1742 peccator.ld
3483 1677 3678 1728 autem

2042 1763 2334 1834 quomodo
2371 1761 2690 1834 ?Arripuit
2743 1761 2919 1817 verba
2973 1760 3207 1833 tyranni
3262 1761 3564 1832 Georgius,
3623 1766 3681 1816 et

2041 1867 2248 1906 novam
2284 1851 2601 1922 quamdam
2633 1850 2909 1906 adversus
2935 1851 3226 1905 daemones
3256 1849 3553 1922 pugnandi
3585 1868 3675 1905 ra-

272 1934 335 2004 δὴ
392 1940 565 1992 τοῦτο
634 1936 1077 2014 περισανέστατον
1153 1937 1411 2013 τρόπαιον
1489 1945 1700 2011 στῆσαι,
1759 1959 1923 2015 προσ-

2038 1940 2259 2019 tionem
2300 1941 2644 2008 meditatus,
2698 1957 2813 2012 qua
2869 1939 2980 1994 sibi
3037 1939 3358 2010 perfectum
3416 1938 3672 1995 clarissi-

268 2030 509 2081 ποιεῖται
559 2031 679 2088 τοῖς
731 2025 1049 2102 λεγομένοις
1097 2033 1424 2103 προσσχεῖν,
1469 2033 1640 2082 πᾶσαν
1686 2026 1922 2084 ἔνστασιν

269 2115 636 2188 ἀποθέμενος·
681 2116 772 2169 καὶ
814 2120 1092 2185 τοσοῦτον,
1141 2115 1217 2178 ὡς
1261 2117 1350 2171 καὶ
1411 2116 1696 2191 βούλεσθαι
1752 2139 1923 2193 παρα-

268 2213 470 2280 χρῆμα
512 2208 673 2278 κοινῇ
735 2210 848 2276 μετ’
895 2204 1057 2259 αὐτοῦ
1104 2202 1338 2280 βαδίζειν
1384 2205 1461 2267 εἷς
1509 2205 1646 2282 ἱερὰ,
1697 2206 1786 2261 καὶ
1823 2209 1922 2276 τὴν

269 2294 406 2370 πρὸς
463 2293 624 2356 θεοὺς
695 2291 1030 2348 ἐπισπεύδειν
1107 2293 1350 2371 πορείαν.
1426 2296 1525 2349 Καὶ
1598 2300 1758 2351 τοῦτο
1831 2298 1922 2369 μὲν

270 2382 400 2445 ἴσως
431 2382 555 2459 ἔχει
609 2383 733 2437 τινὰ
773 2380 937 2437 δόλον
987 2382 1076 2437 καὶ
1126 2385 1400 2460 μηχανὴν,
1453 2383 1578 2440 ἀλλ’
1627 2385 1726 2440 οὐκ
1770 2385 1922 2441 ἀπεί-

269 2491 430 2544 ρηται
497 2471 638 2545 μετὰ
674 2466 940 2546 στρεϐλοῦ
997 2468 1327 2550 διαστρέφειν
1363 2518 1378 2543 ,
1435 2469 1559 2526 οὐδὲ
1630 2473 1766 2548 πρὸς
1830 2473 1922 2528 τὸν

267 2559 522 2637 πλαγίως
583 2560 884 2636 ἑρχόμενον
965 2562 1042 2634 μὴ
1115 2559 1366 2636 πλαγίως
1420 2561 1717 2616 ἀντεπιέναι
1755 2606 1766 2619 .
1825 2563 1925 2618 Καὶ

265 2653 433 2703 ταῦτα
491 2649 620 2724 περὶ
676 2647 936 2703 τοιούτων
994 2648 1084 2704 καὶ
1140 2650 1244 2725 γὰρ
1306 2649 1443 2711 ἅπας
1490 2649 1732 2724 τρόπος,
1793 2649 1924 2728 ὅπερ

267 2735 326 2791 ἄν
386 2758 472 2798 τις
531 2735 722 2793 κακίαν
788 2737 1013 2816 ἐκφύγῃ,
1071 2737 1363 2808 εὐθύτητος
1417 2737 1616 2814 τρόπος
1675 2740 1873 2803 ἐκεῖνος
1910 2784 1924 2811 ,

266 2827 355 2881 καὶ
386 2832 565 2881 πᾶσαν
613 2827 650 2896 ἢ
683 2822 743 2880 άν
792 2848 876 2889 τις
938 2825 1093 2901 μετίῃ
1137 2829 1272 2882 κατὰ
1330 2824 1600 2901 δαιμόνων
1661 2827 1921 2900 ἐπίνοιαν,

269 2917 464 2987 ἀρετῆς
496 2913 624 2978 ὁδὸς
660 2915 817 2986 αὕτη,
850 2915 1276 2994 ἀναμφηρίστως
1325 2917 1559 2994 φέρουσα
1605 2919 1742 2994 πρὸς
1775 2919 1920 2977 Θεόν.

342 3007 416 3076 μ’.
446 3005 550 3059 Καὶ
578 3005 674 3066 τὰς
728 3005 824 3078 μὲν
877 3003 964 3060 ἐπὶ
1007 3004 1185 3078 τούτῳ
1230 3005 1627 3076 Διοκλητιανοῦ
1674 3009 1763 3061 καὶ
1814 3012 1921 3062 τῶν

267 3091 688 3169 εἶδωλολατρῶν
740 3091 964 3166 ἡδονὰς,
1021 3094 1109 3149 καὶ
1161 3094 1412 3171 κρότους,
1468 3095 1557 3150 καὶ
1610 3095 1921 3174 εὐφημίας,

271 3183 365 3236 καὶ
445 3179 680 3255 δημόσια
753 3182 1084 3258 κηρύγματα
1118 3228 1132 3253 ,
1187 3185 1390 3246 πάντας
1472 3183 1560 3239 ἐπὶ
1623 3187 1722 3253 τήν
1799 3186 1924 3241 τότε

272 3269 645 3347 συγκαλοῦντα
719 3272 903 3336 θυσίαν
935 3317 950 3342 ,
1007 3272 1058 3326 τί
1111 3271 1194 3334 τίς
1250 3273 1307 3327 ἂν
1369 3271 1519 3348 λέγοι
1570 3293 1584 3344 ;
1636 3272 1792 3330 Ἀλλ’
1848 3275 1921 3337 ὡς

2037 2046 2318 2102 mumque
2346 2031 2417 2085 de
2447 2028 2566 2085 illis
2594 2029 2916 2101 trophaeum
2949 2029 3344 2095 constitueret,
3377 2026 3676 2084 simulavit

2035 2136 2098 2175 se
2129 2119 2499 2191 acquiescere
2527 2118 2720 2188 dictis,
2753 2119 2913 2174 omni
2952 2117 3217 2190 deposita
3265 2117 3480 2173 mentis
3533 2135 3670 2173 con-

2037 2209 2278 2274 stantia,
2310 2223 2496 2279 usque
2527 2209 2668 2263 adeo
2701 2211 2766 2262 ut
2792 2206 2966 2262 vellet
3018 2207 3216 2262 statim
3249 2223 3382 2262 cum
3438 2207 3565 2278 ipso
3599 2207 3672 2262 ad

2037 2298 2280 2355 delubra
2308 2297 2599 2370 progredi,
2634 2301 2690 2352 et
2717 2298 2789 2352 ad
2829 2297 3201 2353 honorandos
3231 2297 3368 2352 deos
3399 2297 3673 2353 festinare

2036 2393 2101 2443 In
2138 2404 2252 2460 quo
2279 2386 2516 2459 quidem
2547 2386 2719 2442 dolus
2751 2387 2963 2458 aliquis
2995 2389 3050 2441 et
3079 2385 3368 2441 calliditas
3399 2386 3511 2440 fuit
3542 2387 3670 2441 :sed

2036 2494 2153 2532 non
2187 2480 2274 2532 est
2330 2475 2586 2531 alienum
2645 2493 2678 2530 a
2708 2477 2930 2531 ratione
2987 2491 3121 2530 cum
3171 2478 3404 2530 versuto
3444 2475 3674 2545 oblique

2035 2581 2226 2639 agere,
2257 2569 2313 2620 et
2343 2564 2540 2621 dolose
2570 2565 2857 2620 incedenti
2887 2565 2948 2619 in
2980 2564 3109 2620 dolo
3131 2580 3364 2635 quoque
3393 2564 3624 2620 obviare
3659 2582 3670 2620 :

2034 2654 2228 2710 omnis
2257 2654 2412 2708 enim
2445 2654 2656 2708 modus
2688 2669 2801 2724 quo
2849 2652 2980 2724 quis
3030 2652 3402 2725 iniquitatem
3450 2653 3670 2726 effugit,

2034 2747 2227 2799 rectus
2258 2742 2482 2798 censeri
2514 2741 2705 2807 debet,
2737 2746 2795 2797 et
2826 2757 3260 2812 quamcumque
3309 2741 3443 2811 quis
3473 2747 3675 2798 contra

2034 2834 2333 2888 daemones
2363 2830 2560 2886 inierit
2578 2829 2755 2896 viam,
2781 2829 3012 2884 virtutis
3041 2829 3133 2884 via
3189 2833 3297 2896 est,
3339 2830 3559 2902 absque
3591 2832 3674 2886 di-

2033 2921 2309 2977 verticulo
2340 2921 2590 2975 ductura
2619 2920 2690 2974 ad
2720 2919 2925 2974 Deum.

2105 3011 2192 3064 40.
2225 3009 2366 3073 Quis
2397 3011 2596 3080 posset
2651 3006 2936 3078 explicare
2990 3005 3182 3062 verbis
3240 3005 3582 3062 Diocletiani
3614 3013 3672 3064 et

2033 3097 2477 3155 idololatrarum
2517 3113 2694 3169 super
2722 3095 2881 3151 hisce
2907 3095 3188 3163 laetitiam,
3219 3094 3582 3167 plaususque
3613 3101 3671 3152 et

2033 3187 2457 3261 gratulationes
2510 3202 2575 3241 ac
2619 3183 2906 3258 praeconia
2934 3184 3187 3256 publica,
3221 3184 3436 3256 quibus
3466 3201 3668 3240 omnes

2033 3277 2502 3333 convocabantur
2527 3275 2598 3330 ad
2629 3272 2980 3329 sacriﬁcium
3012 3273 3039 3327 ?
3060 3275 3201 3328 Cum
3234 3277 3428 3328 autem
3459 3272 3670 3344 plenus

265 3360 498 3437 πλήρης
545 3364 609 3429 ἦν
663 3364 699 3431 ἡ
734 3363 1039 3438 πανήγυρις
1094 3362 1183 3417 καὶ
1241 3361 1530 3436 προῦκειτο
1591 3361 1751 3436 θύειν,
1799 3363 1922 3419 τότε

2038 3369 2192 3421 esset
2220 3368 2560 3430 conventus,
2580 3367 2636 3418 et
2664 3366 2817 3418 esset
2835 3367 3068 3432 tempus
3100 3342 3670 3434 sacriﬁcandi—,atque

266 3451 505 3525 μάρτυρι
562 3451 753 3512 πάντες
814 3449 1111 3521 ένητένιζον
1165 3447 1486 3524 θυσομένῳ⁰
1543 3450 1763 3517 ἐνταῦθα
1819 3451 1919 3525 δὴ,

265 3535 452 3613 ὥσπερ
515 3537 897 3616 ὼαρῥιφέντος
955 3535 1125 3594 κύϐου
1183 3537 1454 3616 δευτέρου,
1511 3540 1682 3595 πάντα
1738 3541 1814 3604 ὡς
1869 3540 1919 3594 ἐν

264 3625 538 3700 ὀστράκου
586 3630 915 3702 περιτροπῇ,
962 3627 1026 3682 τὸ
1070 3635 1171 3698 τῆς
1217 3628 1537 3704 παροιμίας,
1578 3628 1799 3704 γίνεται’
1832 3630 1922 3684 καὶ

263 3715 637 3771 καταλύονται
718 3716 812 3788 μὶν
889 3715 1211 3793 εὐφροσύναι
1299 3723 1486 3788 πᾶσαι,
1563 3717 1920 3774 καταλύονται

263 3802 315 3859 δὲ
347 3804 560 3881 ἑορταὶ,
593 3804 683 3858 καὶ
728 3803 924 3868 πένθος
964 3806 1064 3874 τήν
1114 3806 1284 3881 χαρὰν
1339 3803 1666 3881 διαδέχεται,
1717 3807 1792 3869 ὡς
1831 3809 1920 3862 καὶ

261 3890 410 3964 δόξαι
468 3893 573 3960 τήν
628 3893 891 3969 πρότερον
950 3890 1151 3963 ἡδονὴν
1219 3893 1493 3969 ὀνείρατος
1552 3895 1682 3949 εἶναι
1742 3900 1921 3973 σαφῶς

259 3981 484 4053 ἡδονήν.
554 3981 665 4036 Οὐκ
735 3978 891 4058 ἔφερε
959 3985 1060 4052 τήν
1135 3983 1421 4060 Μάρτυρος
1495 3983 1788 4057 παρουσίαν
1855 3985 1922 4040 τὰ

261 4071 560 4148 ἀγάλματα
594 4117 610 4141 ,
669 4071 771 4148 οὐχ
845 4072 1126 4144 ὑπέμεινεν
1204 4071 1360 4149 ἐγγὺς
1431 4072 1581 4127 ἰόντα
1613 4118 1626 4144 ,
1683 4074 1745 4128 τὸ
1819 4082 1918 4144 τῆς

264 4168 414 4223 σκιᾶς
485 4159 656 4224 ἔπαθε
727 4160 1048 4236 προσιόντος
1123 4160 1307 4230 ἡλίου.
1380 4162 1613 4237 Ἠρώτα,
1693 4165 1738 4216 εἱ
1808 4163 1919 4218 θεοί

267 4251 368 4305 εἶσι
402 4269 418 4281 ·
478 4250 574 4304 καὶ
631 4251 875 4326 σχήματι
933 4249 1176 4305 ἀνένευον
1230 4250 1320 4306 καὶ
1379 4255 1532 4328 φωνῇ
1566 4297 1580 4322 ,
1635 4250 1717 4307 ὅτι
1751 4299 1764 4324 ,
1812 4251 1921 4307 Οὐκ

268 4338 446 4410 ἐσμὲν,
527 4337 760 4413 ἔλεγον.
819 4337 971 4394 Θύειν
1027 4344 1405 4416 προσεποιεῖτο
1437 4386 1450 4412 ,
1507 4339 1596 4395 καὶ
1654 4339 1753 4395 οὐκ
1806 4339 1916 4396 έδέ-

266 4450 458 4505 χοντο,
515 4427 665 4484 ἀλλὰ
708 4430 959 4485 στένοντα
1008 4429 1098 4484 καὶ
1146 4429 1412 4506 τρέμοντα
1463 4431 1781 4506 ὑπεχώρουν
1829 4431 1919 4486 καὶ

270 4516 688 4575 ὗπῑστέλλοντο.
748 4519 847 4574 Καὶ
903 4523 1071 4574 ταῦτα
1124 4520 1219 4592 μὲν
1263 4520 1388 4596 πρὶν
1433 4520 1468 4588 ἢ
1501 4519 1683 4582 αὐτοῖς
1734 4515 1920 4596 ἐμϐρι-

273 4612 569 4679 μῆσασθαι·
612 4607 728 4663 ἐπεὶ
778 4605 835 4663 δὲ
886 4609 975 4663 καὶ
1023 4603 1364 4682 ἐνεϐριμᾶτο,
1413 4608 1510 4663 οὐκ
1557 4607 1633 4663 ἔτι
1686 4608 1916 4663 ὑπόστα-

2033 3469 2238 3510 omnes
2277 3453 2337 3506 in
2382 3452 2692 3524 Martyrem
2741 3449 3206 3506 sacriﬁcaturum
3254 3451 3484 3516 intenti,
3528 3456 3670 3506 tunc

2033 3541 2226 3598 subito
2261 3557 2538 3596 conversa
2567 3543 2658 3595 est
2687 3539 2830 3606 alea,
2865 3543 2922 3594 et
2951 3539 3144 3594 omnis
3169 3538 3269 3594 illa
3288 3538 3669 3604 laetitia,festi-

2031 3632 2179 3686 vitas
2209 3630 2421 3696 omnis,
2454 3627 2749 3684 dissoluta
2780 3631 2940 3698 sunt,
2971 3632 3028 3682 et
3068 3627 3280 3699 gaudio
3309 3626 3503 3684 luctus
3533 3645 3665 3684 suc-

2031 3721 2228 3787 cessit,
2265 3723 2332 3774 ut
2356 3721 2659 3790 appareret
2693 3717 2846 3789 quod
2891 3716 3050 3788 prior
3092 3715 3191 3771 illa
3231 3715 3501 3788 voluptas
3549 3734 3665 3773 non

2031 3807 2145 3862 nisi
2178 3822 2404 3861 merum
2437 3805 2643 3859 fuisset
2671 3803 2990 3859 somnium.
3040 3804 3165 3859 Non
3215 3805 3370 3860 enim
3413 3822 3662 3876 prasen-

2030 3897 2172 3951 tiam
2206 3893 2480 3967 Martyris
2506 3892 2881 3949 sustinebant
2911 3892 3244 3964 simulacra,
3305 3893 3533 3966 sibique
3563 3911 3664 3966 ap-

2031 3985 2519 4058 propinquantem
2550 3999 2664 4038 non
2695 3983 2978 4048 tulerunt,
3011 3983 3112 4037 sed
3129 3987 3411 4053 tanquam
3443 3983 3662 4039 umbra:

2030 4077 2394 4130 evanuerunt
2425 4071 2548 4128 sole
2574 4077 2936 4127 transeunte.
2979 4070 3362 4143 Interrogavit
3392 4087 3488 4126 eos
3520 4088 3662 4128 num

2028 4167 2224 4218 essent
2252 4161 2334 4216 dii
2368 4179 2380 4217 :
2415 4167 2471 4217 et
2499 4160 2583 4215 illi
2615 4165 2781 4232 gestu
2807 4176 2872 4214 ac
2894 4176 3032 4215 voce
3059 4160 3488 4230 responderunt
3519 4160 3663 4216 :Non

2030 4268 2266 4306 sumus.
2300 4249 2625 4306 Sacriﬁcari
2657 4249 2742 4305 eis
2763 4248 2964 4319 jussit,
3016 4251 3073 4302 at
3115 4263 3230 4303 non
3282 4253 3667 4318 susceperunt

2029 4341 2318 4397 sacriﬁcia
2352 4360 2364 4408 ;
2399 4341 2500 4396 sed
2529 4343 2829 4411 gementes
2884 4342 3317 4408 trementesque
3372 4338 3666 4394 daemones

2028 4429 2538 4502 subterfugiebant
2558 4445 2623 4483 ac
2652 4427 3074 4483 subtrahebant
3102 4427 3260 4482 se.Et
3280 4426 3400 4481 haec
3426 4425 3664 4497 quidem

2030 4523 2345 4589 antequam
2371 4518 2456 4572 eis
2485 4516 2962 4572 comminaretur:
2998 4519 3062 4568 ut
3090 4518 3284 4569 autem
3317 4514 3664 4570 comminari

2029 4608 2114 4663 eis
2141 4608 2332 4679 coepit,
2364 4624 2478 4662 non
2511 4610 2635 4661 erat
2661 4605 2914 4676 amplius
2945 4603 3305 4660 subsistendi
3343 4603 3526 4670 locus,
3559 4605 3660 4660 sed

271 4719 350 4759 σις
412 4697 590 4752 αὐτῶν
626 4741 641 4766 ,
696 4694 839 4752 ἀλλά
889 4718 972 4759 τις
1046 4701 1207 4772 θροῦς
1267 4695 1571 4773 διηγείρετο
1636 4698 1723 4752 καὶ
1779 4699 1922 4773 ἦχος

2038 4696 2300 4752 tumulus
2331 4695 2571 4766 quidam
2603 4693 3044 4758 excitabatur,et
3073 4691 3467 4748 lamentabilis
3483 4709 3664 4750 sonus

279 4785 576 4862 θρηνώδης
628 4785 979 4858 οἰμωζόντων
1037 4789 1192 4856 θεῶν,
1249 4787 1340 4841 καὶ
1397 4783 1576 4861 ὥσπερ
1634 4787 1686 4842 ἐν
1733 4809 1921 4842 νυκτο-

281 4876 459 4951 μαχίᾳ
493 4918 508 4943 ,
565 4875 601 4944 ἢ
682 4872 1102 4949 διαπληκτισμῷ
1179 4875 1482 4950 μεθυόντων
1568 4877 1916 4931 συνέπτυσσον

269 4961 549 5034 ἀλλήλοις
597 4963 688 5017 καὶ
743 4965 1119 5040 προσήρασσον
1149 5009 1164 5035 ,
1220 4963 1528 5040 ἀγάλμασιν
1585 4963 1917 5040 ἀγάλματα,

269 5053 357 5107 καὶ
421 5051 537 5107 θεοὶ
619 5053 763 5114 θεοῖς
797 5098 810 5123 ,
870 5051 1093 5128 χρύσεοι
1151 5052 1454 5128 χαλκείοις,
1531 5053 1620 5107 καὶ
1695 5052 1920 5115 λιθίνοις

273 5141 596 5220 ἀμφότεροι,
645 5140 737 5195 καὶ
790 5139 1004 5202 τούτοις
1045 5141 1098 5195 οἱ
1155 5140 1207 5211 ἐξ
1264 5141 1502 5217 ἀργύρου
1555 5142 1646 5196 καὶ
1705 5140 1920 5213 ξύλων,

274 5230 364 5284 καὶ
419 5230 880 5307 συγκατεφέροπο
933 5228 1022 5284 καὶ
1079 5224 1472 5305 συνετρίϐοντο,
1530 5229 1618 5284 καὶ
1665 5232 1730 5299 ἧν
1782 5231 1922 5302 ὁμοῦ

278 5321 449 5374 πάντα
523 5320 790 5394 χρήματα
870 5323 1004 5382 θεῶν
1068 5318 1158 5373 καὶ
1233 5317 1544 5391 θραύσματα
1618 5320 1923 5397 ἀναπεφυρ-

281 5408 428 5480 μένα,
471 5403 615 5480 ὤμῳ
669 5405 864 5480 ξυλίνῳ
919 5406 1136 5482 χαλκῆς
1193 5404 1363 5478 δεξιᾶς
1411 5408 1486 5470 ὡς
1544 5403 1703 5482 ἕνυχε
1755 5428 1922 5484 προσ-

279 5497 674 5572 πηγνυμὲνης,
724 5495 812 5550 καὶ
870 5499 1049 5572 χρυσῇ
1099 5494 1308 5573 κεφαλῇ
1367 5493 1589 5559 λιθίνων
1648 5494 1918 5569 ἐπικειμέ-

280 5607 374 5640 νων
429 5584 643 5641 σκελῶν
680 5603 693 5615 ·
742 5586 889 5660 τάχα
965 5581 1020 5638 δὲ
1054 5629 1068 5654 ,
1128 5584 1204 5646 ὡς
1264 5584 1315 5639 έν
1370 5583 1594 5658 τοιαύτῇ
1662 5584 1920 5660 συγχύσει

284 5673 431 5730 θείων
461 5673 646 5748 μελῶν
679 5675 780 5748 (4),
829 5676 937 5726 τῶν
984 5677 1082 5726 τοῦ
1129 5674 1324 5748 Ἀρεος
1372 5673 1461 5728 καὶ
1491 5678 1586 5727 τοῦ
1636 5674 1921 5752 Ἡφαίστου

347 5783 424 5852 (4)
453 5780 1006 5854 Perturbatioihaud
1037 5781 1230 5854 minor
1247 5799 1453 5854 vocum
1475 5798 1652 5853 quam
1683 5782 1920 5854 rei,quaa

289 5853 630 5912 describitur
658 5854 720 5910 in
752 5853 956 5910 eodem
985 5853 1424 5926 ecgrapho,hac
1453 5858 1562 5926 est,
1574 5856 1682 5907 τῶν
1715 5853 1914 5929 Ἀρεῶν

2033 4785 2274 4841 deorum
2305 4783 2733 4856 quiritantium,
2765 4800 2831 4838 ac
2860 4781 3040 4836 veluti
3063 4781 3121 4835 in
3153 4786 3438 4836 nocturna
3467 4798 3664 4854 pugna

2027 4873 2114 4930 vel
2145 4875 2439 4930 ebriorum
2473 4872 2764 4943 conﬂictu,
2811 4870 3234 4926 collidebantur
3281 4870 3661 4926 cumulaban-

2029 4969 2244 5035 turque
2278 4963 2388 5018 sibi
2437 4961 2684 5016 invicem
2741 4958 3058 5016 simulacra
3114 4958 3466 5027 simulacris,
3498 4964 3555 5015 et
3582 4960 3663 5015 dii

2031 5052 2168 5118 diis,
2197 5052 2356 5107 aurei
2390 5051 2586 5116 aeneis,
2619 5055 2676 5104 et
2706 5051 2970 5120 utrisque
3000 5047 3233 5120 lapidei,
3291 5065 3423 5104 cum
3455 5048 3666 5119 hisque

2033 5141 2434 5196 miscebantur
2482 5137 2737 5210 argentei
2780 5154 2846 5193 ac
2900 5137 3098 5209 lignei,
3157 5136 3335 5193 simul
3392 5138 3668 5208 prostrati

2037 5235 2214 5301 atque
2245 5228 2644 5284 contriti.Erat
2673 5232 2866 5282 autem
2889 5226 3083 5303 videre
3106 5226 3411 5282 commista
3424 5228 3668 5282 deorum

2033 5333 2385 5390 quacunque
2416 5334 2484 5372 ex
2514 5316 2757 5372 materia
2785 5317 3166 5371 tormatorum
3225 5315 3534 5388 fragmina,
3564 5316 3670 5370 hu-

2033 5425 2193 5463 mero
2221 5406 2439 5461 scilicet
2470 5405 2659 5477 ligneo
2678 5421 2896 5460 aeneam
2928 5405 3222 5460 dexteram
3239 5403 3477 5458 fortuito
3509 5420 3666 5459 com-

2032 5501 2283 5569 pactam,
2317 5510 2679 5566 aureumque
2707 5499 2882 5565 caput
2909 5494 3178 5550 cruribus
3207 5492 3416 5565 ligneis
3445 5492 3668 5548 incum-

2035 5587 2198 5641 bens.
2235 5584 2498 5640 Forsitan
2532 5588 2725 5638 autem
2767 5588 2953 5649 (tanta
2994 5587 3117 5639 erat
3151 5582 3548 5638 membrorum
3579 5581 3666 5636 di-

2032 5676 2301 5730 vinorum
2328 5672 2613 5743 confusio)
2642 5672 2843 5728 Martis
2871 5672 3234 5743 Vulcanique
3267 5675 3460 5743 partes
3491 5669 3662 5726 alicui

2029 5784 2125 5856 τοῦ
2153 5778 2438 5856 Ἡφαίστου
2469 5778 2558 5833 καὶ
2587 5779 2926 5856 παρειμένων
2953 5782 3020 5852 τῇ
3052 5782 3148 5832 τοῦ
3181 5778 3322 5848 Διὸς,
3354 5777 3506 5848 quod
3538 5793 3663 5832 mo-

2032 5854 2162 5911 dica
2189 5851 2511 5909 mutatione
2539 5851 2916 5909 correximus.
