4118 6448
433 457 553 519 339

1457 459 1774 522 GEORGII
1817 456 2079 519 CYPRII
2123 455 2242 518 GP.
2290 457 2814 520 PATRIARCHIE

3709 453 3831 514 340

433 591 596 648 Jovis
627 590 776 664 parti
825 591 1364 663 committebantur,
1415 593 1556 649 adeo
1606 597 1670 648 ut
1727 606 2068 648 mancorum

2212 591 2521 664 παρειμένων
2591 591 2696 644 τινὶ
2767 594 2865 644 τοῦ
2923 587 3045 650 Διός
3080 635 3094 660 ,
3155 588 3230 649 ὡς
3301 586 3433 642 εἶναι
3517 587 3672 662 βάσιν
3722 591 3831 642 τῶν

435 681 695 736 crurium
731 681 885 736 basis
917 682 1081 737 fieret
1098 687 1271 753 caput
1298 698 1686 754 aureum,quo
1715 681 2075 752 totusOlym-

436 787 546 843 pus
575 772 744 839 juxta
773 776 974 841 poetas
1005 772 1378 826 convertitur.
1415 777 1499 826 Ita
1527 778 1667 827 tunc
1701 771 2073 826 membratim

433 859 960 930 complodebantur
990 860 1090 926 dii,
1113 861 1446 916 miserabile
1466 860 1866 933 spectaculum
1901 859 2078 914 idolo-

438 948 607 1004 latris
638 949 770 1002 facti
803 974 816 1014 ;
850 954 905 1004 et
935 949 1147 1004 chorus
1179 949 1278 1004 ille
1309 951 1365 1004 in
1401 952 1623 1005 luctum
1672 954 1760 1005 cst
1791 953 2074 1015 mutatus,

437 1037 771 1092 simulacris
796 1038 1059 1109 ipsorum
1090 1038 1398 1095 inutilibus
1427 1038 1691 1094 redditis.

511 1252 601 1315 41,
634 1249 778 1305 Hinc
808 1267 977 1321 porro
1035 1252 1346 1308 manifeste
1394 1256 1633 1325 apparet
1691 1269 1866 1324 quam
1923 1251 2081 1306 difli-

445 1341 629 1395 culter
660 1339 1011 1412 superabilis
1043 1341 1266 1396 malitia
1315 1343 1390 1396 sit
1443 1349 1613 1414 atque
1647 1341 2080 1407 inexcusabilis,

450 1446 587 1484 cum
620 1428 801 1484 semel
834 1429 1092 1483 animam
1126 1430 1509 1485 inhabitatam
1537 1431 1813 1502 possidet,
1846 1431 1988 1484 adeo
2021 1433 2086 1483 ut

452 1517 543 1573 sui
574 1516 675 1572 illa
713 1521 918 1588 potens
973 1534 1086 1572 non
1149 1518 1244 1584 sit,
1305 1520 1524 1573 amisso
1584 1517 1870 1572 ratiocinii
1902 1517 2083 1582 freno,

449 1607 602 1661 facta
660 1606 1018 1676 mancipium
1067 1607 1385 1676 pravitatis.
1447 1607 1744 1670 Quomodo
1810 1607 1966 1660 enim
2015 1604 2086 1659 ad

452 1695 752 1750 Christum
785 1712 898 1749 non
930 1694 1290 1750 transierunt
1309 1696 1577 1767 gentiles.
1603 1695 1797 1750 statim
1831 1699 2004 1765 atque
2021 1711 2090 1748 ex

451 1783 788 1838 istiusmodi
811 1783 978 1854 signo
1008 1789 1132 1838 tum
1156 1783 1426 1839 eximiam
1461 1785 1588 1854 ejus
1611 1784 2090 1854 potentiam,tum

453 1873 873 1929 daemoniorum
906 1889 1201 1928 summam
1227 1873 1687 1928 imbecillitatem
1718 1871 2093 1927 didicerunt?

454 1962 752 2027 Quomodo
783 1978 898 2016 non
930 1962 1350 2017 crediderunt?
1380 1963 1677 2034 Numquid
1720 1977 1836 2017 non
1869 1960 2092 2016 levissi-

2212 1956 2464 2017 ἀσθενείας
2519 1955 2918 2027 καταμαθόντες
2964 1971 2978 2020 ;

457 2067 620 2106 mum
652 2051 761 2105 hoc
791 2051 1179 2122 est,quodque
1199 2050 1285 2106 vel
1308 2049 1667 2106 irrationalis
1690 2056 1902 2105 natura
1924 2065 2093 2120 agere

455 2143 656 2212 posset
684 2140 711 2193 ‘2
742 2139 1040 2203 Quomodo
1073 2139 1252 2210 igitur
1281 2145 1648 2194 mortuorum
1680 2139 1968 2194 idolorum
1991 2139 2095 2192 im-

459 2229 778 2300 potentiam
810 2232 1220 2300 cognoverunt,
1255 2232 1311 2282 et
1365 2233 1782 2298 cognoscentes
1840 2244 1954 2284 non
2014 2243 2096 2281 re-

458 2318 776 2390 pudiarunt
807 2317 835 2371 ?
858 2321 942 2370 An
977 2317 1121 2371 forte
1141 2316 1514 2372 insensibiles
1545 2320 1826 2371 erantaut
1854 2314 2096 2370 rationis

457 2424 568 2463 usu
600 2405 809 2478 privati
834 2405 863 2460 τ
892 2406 990 2477 qui
1024 2422 1137 2460 non
1172 2406 1603 2478 cognoscebant
1631 2421 1700 2460 ea
1727 2421 1857 2476 qua!
1878 2405 1935 2458 in
1968 2404 2094 2459 suis

455 2498 719 2568 ipsorum
774 2493 960 2550 oculis
998 2494 1348 2565 gerebantur
1393 2495 1421 2548 ?
1468 2495 1600 2558 Sed,
1655 2499 1720 2548 ut
1773 2493 1910 2560 dixi,
1959 2509 2090 2548 cum

457 2583 682 2639 malitia
702 2584 762 2637 in
789 2599 888 2639 eos
919 2587 1147 2637 tantum
1180 2581 1468 2638 obtineret
1514 2583 1902 2648 dominatum,
1936 2581 2097 2636 nulla

454 2674 592 2729 boni
624 2671 876 2743 cognitio
907 2671 1180 2743 prodesse
1211 2672 1284 2726 iis
1334 2672 1541 2743 potuit,
1603 2689 1789 2743 usque
1818 2671 1960 2726 adeo
1990 2671 2096 2725 ob-

459 2762 680 2818 strictis
709 2762 974 2833 pejorum
1007 2760 1289 2815 servituti.
1323 2761 1639 2832 Oportebat
1686 2760 1841 2815 enim
1891 2775 2095 2814 omnes

455 2856 595 2906 tunc
627 2857 938 2922 praesentes
985 2850 1384 2904 infirmitatem
1439 2849 1652 2904 erroris
1700 2865 2092 2919 cognoscere:

456 2938 544 2994 illi
575 2945 770 2995 autem
803 2956 1043 3010 prorsus
1074 2939 1427 2994 contrarium
1467 2938 1669 2992 fecere.
1701 2937 1925 2992 Incensi
1954 2937 2095 3002 zelo,

460 3032 698 3100 propter
727 3026 884 3082 idola
916 3031 1224 3099 prostrata,
1259 3027 1577 3097 insurgunt
1627 3027 1684 3080 in
1732 3026 2048 3080 vindictam
2082 3043 2095 3080 :

460 3123 517 3173 et
547 3117 642 3172 alii
672 3117 909 3188 quidem
939 3116 1324 3170 verberabant
1355 3115 1690 3186 Georgium,
1752 3119 1807 3169 et
1857 3113 1954 3168 alii
1981 3120 2098 3168 tra-

459 3207 697 3270 hebant,
729 3205 826 3259 alii
859 3204 1105 3259 invicem
1156 3209 1359 3259 contra
1407 3220 1541 3258 eum
1596 3203 2096 3257 exhortabantur:

461 3383 682 3439 laniare
715 3401 728 3449 ;
765 3383 1171 3452 fecissentque,
1205 3381 1316 3435 nisi
1347 3382 1418 3436 ab
1467 3381 1592 3452 ipso
1636 3385 1880 3451 tyranno
1913 3380 2098 3451 profe-

463 3477 626 3527 ctum
659 3473 1024 3540 mandatum,
1058 3469 1323 3542 ipsorum
1350 3469 1727 3540 repressisset
1765 3467 2051 3540 impetum
2085 3485 2098 3534 ;

467 3565 738 3616 sanctum
769 3577 902 3614 vero
924 3575 1122 3614 coram
1155 3557 1253 3614 illo
1286 3557 1554 3624 stitisset,
1588 3575 1700 3612 non
1756 3563 1820 3612 ut
1861 3558 2103 3628 patienti

471 3652 829 3720 parceretur,
862 3649 963 3704 sed
1015 3653 1079 3703 ut
1126 3649 1449 3719 majoribus
1478 3647 1785 3702 tormentis
1835 3652 1892 3702 et
1920 3651 2105 3702 morte

465 3736 829 3808 gravioribus
859 3738 1204 3792 afficeretur.

539 3879 626 3932 42.
667 3878 850 3951 Igitur
903 3896 1138 3934 rursum
1197 3895 1434 3951 agones,
1495 3895 1732 3934 rursum
1791 3877 2109 3934 certamina

469 3966 778 4023 exantlatis
827 3968 989 4038 paria
1045 3969 1351 4023 subeunda
1401 3967 1655 4023 fuissent
1712 3989 1725 4036 :,
1785 3968 1899 4022 nisi
1955 3968 2110 4023 Deus

470 4055 778 4120 adfuisset,
811 4055 1092 4111 athletam
1129 4073 1306 4111 suum
1339 4058 1408 4111 ad
1443 4073 1505 4111 se
1561 4073 1827 4112 evocans.
1863 4057 1972 4112 Sed
2001 4056 2111 4112 hoc

472 4145 642 4216 paulo
674 4149 806 4216 post
837 4165 852 4212 ς
888 4162 1043 4199 nunc
1074 4150 1271 4199 autem
1296 4145 1553 4215 primum
1595 4146 1804 4212 eidem,
1837 4143 1994 4199 velut
2021 4145 2110 4199 in-

471 4237 656 4305 grato,
683 4232 968 4289 illudebat
997 4239 1301 4306 tyrannus,
1334 4234 1490 4304 quod
1524 4233 1580 4287 in
1606 4234 1788 4288 risum
1822 4250 1888 4289 ac
1910 4235 2112 4305 jocum

470 4322 757 4378 convertit
785 4339 952 4377 suam
977 4339 1117 4394 erga
1148 4323 1342 4393 ipsum
1397 4321 1826 4378 humanitatem
1861 4340 1874 4389 ;
1907 4322 2113 4379 deinde

470 4411 717 4482 impium
753 4412 1156 4483 audacemque
1176 4410 1592 4477 vocabat,nulli
1614 4411 1670 4466 in
1705 4427 1838 4466 eum
1859 4412 2114 4466 convicio

473 4500 798 4556 abstinens.
852 4501 988 4564 Quae
1065 4517 1198 4556 cum
1258 4499 1454 4555 omnia
1513 4501 1731 4555 frustra
1788 4506 2002 4570 essent,
2060 4505 2116 4556 et

470 4591 688 4662 Martyr
727 4589 1018 4646 idolorum
1072 4590 1476 4660 impotentiam
1505 4589 1694 4644 eidem
1725 4605 1756 4644 e
1788 4593 1992 4644 contra
2021 4606 2114 4644 ex-

2181 679 2599 751 πεπηηωμένων
2650 683 2873 750 κνημῶν
2925 679 3024 746 τὴν
3071 678 3162 732 τὸν
3190 676 3320 732 ὅλον
3372 674 3656 748 Ὄλυμπον
3687 686 3834 750 παρά

2183 774 2439 836 ποιηταῖς
2495 769 2887 845 συστρέφουσαν
2944 766 3190 844 κεφαλήν
3223 810 3234 822 .
3297 764 3451 820 Οὕτω
3514 765 3639 820 τότε
3688 764 3835 838 παρά

2189 853 2354 926 μέλος
2415 855 2665 929 ἐκρότουν
2727 857 2860 924 θεοὶ,
2931 856 3121 929 πικρὸν
3180 859 3340 908 τοῦτο
3389 855 3562 926 θέαμα
3607 858 3725 914 τοῖς
3759 851 3831 906 εἷ’-

2187 939 2563 1019 δωλολάτραις
2612 944 2911 1019 γινόμενοι·
2976 943 3118 998 οὕτω
3173 943 3263 997 καὶ
3323 943 3350 996 ὁ
3411 941 3583 1018 χορὸς
3631 941 3833 1002 ἐκεῖνος

2188 1033 2262 1093 εἷς
2310 1033 2502 1095 πένθος
2553 1034 2913 1112 μετεστράφη,
2961 1031 3366 1108 ἀχρειωθέντων
3410 1035 3517 1086 τῶν
3571 1025 3836 1102 σέϐασμα-

2186 1143 2294 1176 των
2327 1121 2528 1183 αὐτοῖς.

2265 1249 2373 1318 μα’.
2432 1247 2593 1300 Ἔνθα
2646 1267 2731 1300 τοι
2787 1245 2876 1300 καὶ
2934 1250 3114 1322 σαφῶς
3165 1241 3547 1311 διαδείκνυται,
3598 1242 3673 1304 ὡς
3715 1239 3838 1296 δυσ-

2192 1332 2539 1388 απάλλακτόν
2593 1356 2643 1388 τι
2697 1340 2921 1409 πρᾶγμα
2976 1330 3209 1407 πονηρία
3267 1333 3354 1386 καὶ
3415 1328 3833 1401 δυσαπόνιπτον,

2195 1425 2327 1495 ἅπαξ
2391 1423 2766 1478 εἷ’σοικισθεῖσα
2819 1423 2907 1477 καὶ
2957 1441 3303 1497 κατασχουσα
3355 1423 3565 1496 ψυχὴν,
3618 1417 3690 1480 ὡς
3740 1417 3840 1472 οὐκ

2196 1509 2267 1566 ἔτ’
2327 1512 2384 1565 ἂν
2444 1508 2525 1581 εἷή
2584 1512 2705 1566 τότε
2761 1512 2914 1586 ψυχὴ
2976 1510 3168 1579 ἐαυτῆς
3221 1511 3315 1571 τὰς
3364 1509 3518 1578 ἡνίας
3565 1504 3843 1582 προδοῦσα

2195 1606 2300 1655 τῶν
2362 1601 2668 1675 λογισμῶν,
2728 1601 2816 1654 καὶ
2875 1599 3136 1674 γενομένη
3212 1599 3398 1660 κακίας
3455 1595 3788 1673 ἀνδράποδον
3827 1638 3839 1649 .

2199 1693 2264 1744 Ἦ
2324 1695 2438 1750 πῶς
2514 1689 2589 1750 είς
2670 1690 2893 1764 Χριστὸν
2970 1688 3031 1742 οὗ
3111 1687 3462 1760 μετετέθησαν
3521 1683 3843 1754 Ἕλληνες,

2200 1779 2388 1834 αὐτίκα
2440 1778 2564 1832 τότε
2626 1779 2676 1831 ἐν
2755 1776 2934 1849 ταύτῷ
2988 1777 3076 1831 καὶ
3151 1778 3214 1831 τὸ
3269 1773 3454 1851 περιὸν
3528 1773 3690 1828 αὐτοῦ
3743 1780 3844 1842 τῆς

2204 1865 2483 1939 δυνάμεως
2535 1910 2549 1934 ,
2605 1867 2695 1920 καὶ
2776 1867 2837 1920 τὸ
2919 1873 3020 1934 τῆς
3099 1862 3417 1937 δαιμονικῆς
3504 1857 3848 1937 ὑπερϐάλλον

3031 1958 3150 2014 Πῶς
3206 1953 3305 2008 οὐκ
3363 1951 3673 2007 ἐπίστευσαν
3727 1952 3846 2020 ;Ἢ

2198 2045 2260 2100 τό
2291 2066 2354 2119 γε
2383 2043 2739 2121 φαυλότατον,
2773 2044 2862 2097 καὶ
2894 2041 3025 2118 ὅπερ
3076 2043 3170 2096 κᾶν
3206 2041 3402 2117 ἄλογος
3453 2061 3608 2118 φυσις
3656 2037 3845 2115 ἴσχυσε

2201 2134 2529 2209 καταπρᾶξαι
2565 2153 2577 2201 ;
2619 2138 2743 2194 Πῶς
2793 2131 2892 2187 οὒκ
2947 2131 3216 2186 ἀσθένειαν
3273 2136 3381 2185 τῶν
3434 2134 3636 2205 νεκρῶν
3689 2127 3848 2182 εἰδώ-

2204 2223 2312 2278 λων
2374 2223 2737 2296 κατέγνωσαν,
2788 2220 2877 2275 καὶ
2934 2219 3283 2296 καταγνόντες
3336 2216 3640 2294 ἀπέσχοντο
3695 2236 3708 2286 ;
3753 2217 3841 2284 Μὴ

2205 2313 2309 2388 γὰρ
2367 2312 2698 2381 ἀναισθήτπς
2746 2310 2893 2386 εἶχον
2937 2329 2951 2378 ;
3002 2307 3117 2364 οὐδ’
3165 2307 3472 2384 ἐλογίζοντο
3507 2327 3519 2375 ;
3555 2305 3679 2361 οὐδὲ
3707 2309 3850 2381 γνῶ-

2207 2423 2287 2455 σιν
2334 2405 2442 2454 τῶν
2496 2399 2548 2454 έν
2601 2397 2908 2476 ὀφθαλμοῖς
2958 2395 3250 2473 δρωμένων
3305 2390 3654 2468 ἐλάμϐανονς
3693 2392 3848 2449 Ἀλλ’

2208 2490 2337 2565 ὅπερ
2397 2487 2549 2566 ἔφην,
2608 2493 2704 2542 τοῦ
2759 2491 2926 2542 κακοῦ
2985 2489 3110 2562 παρ’
3164 2485 3337 2541 αὐτῶν
3387 2487 3486 2554 τὴν
3540 2488 3686 2562 σφῶν
3739 2483 3854 2538 ἐπι-

2199 2580 2490 2654 τραπέντος
2548 2577 2760 2653 κυρείαν
2796 2624 2809 2649 ,
2871 2574 2984 2630 οὐδ’
3041 2579 3075 2645 ἡ
3134 2577 3373 2650 τάγαθοῦ
3441 2579 3638 2650 γνῶσις
3705 2574 3850 2649 εἶχεν

2204 2669 2386 2738 ὀνῆναι
2422 2715 2437 2739 ,
2494 2671 2750 2722 τοσοῦτον
2825 2663 3374 2737 καταδεδουλωμένου
3446 2669 3526 2735 τῷ
3592 2662 3846 2739 χείρονι.

2205 2760 2330 2814 Δέον
2389 2756 2478 2812 καὶ
2536 2757 2640 2831 γὰρ
2695 2755 2817 2810 τότε
2883 2751 3160 2816 συνιέντας
3214 2761 3314 2823 τῆς
3367 2753 3636 2814 ἀσθενείας
3695 2773 3851 2806 κατα-

2203 2852 2397 2923 γνῶναι
2446 2848 2543 2914 τῆς
2595 2844 2826 2914 πλάνης·
2872 2845 2923 2899 οἱ
2974 2841 3031 2898 δὶ
3080 2843 3385 2898 τούναντίον
3429 2845 3561 2897 ἅπαν
3610 2845 3847 2910 ποιοῦσι,

2207 2936 2604 3006 ζηλοτυποῦσιν
2692 2934 2821 3009 ὑπὲρ
2908 2933 3082 2987 αὑτῶν
3156 2934 3419 3005 κειμένων
3456 2979 3470 3003 ,
3546 2930 3632 2985 καὶ
3706 2929 3847 3005 πρὸς

2206 3027 2410 3097 ἄμυναν
2471 3021 2820 3098 διεγείρονται
2853 3041 2865 3054 ⁸
2929 3021 3057 3084 ὥσθ’
3141 3021 3192 3075 οἶ
3266 3022 3360 3093 μὲν
3429 3018 3652 3074 ἔτυπτον
3712 3020 3846 3073 ἀπο-

2207 3109 2634 3185 λαμϐανόμενοι,
2695 3113 2747 3165 οἳ
2805 3109 2863 3165 δὲ
2907 3109 3109 3179 εἷλκον,
3155 3111 3207 3166 οἱ
3256 3107 3303 3164 δ’
3350 3108 3636 3179 ἀλλήλους
3676 3104 3848 3162 διεκε-

2176 3201 2449 3256 -λεύοντσ
2483 3203 2614 3269 ἦσαν
2649 3197 2706 3254 δὲ
2754 3200 2806 3254 οἳ
2857 3199 2946 3254 καὶ
2993 3205 3111 3261 τοῖς
3163 3195 3346 3253 ὀδοῦσι
3375 3194 3589 3270 ἕτοιμοι
3633 3195 3853 3252 διασπα-

461 3312 564 3350 nec
596 3295 834 3349 deerant
865 3295 963 3365 qui
996 3293 1184 3364 parati
1215 3297 1412 3347 essent
1469 3291 1592 3346 suis
1632 3308 1766 3346 eum
1825 3291 2098 3346 dentibus
2131 3324 2172 3390 ρ
2211 3293 2416 3367 ράττειν
2455 3311 2468 3321 ο

2526 3293 2658 3358 ἦσαν
2695 3335 2709 3360 ,
2768 3289 2857 3342 καὶ
2929 3288 3027 3343 οὐκ
3100 3286 3159 3342 ἂν
3237 3287 3540 3362 ἀπέσχοντο
3576 3333 3590 3356 ,
3650 3286 3696 3342 εἰ
3775 3286 3851 3358 μὴ

2209 3381 2534 3456 πρόσταγμα
2591 3383 2689 3432 τοῦ
2736 3379 2992 3453 τυράννου
3052 3378 3278 3454 φθάσαν,
3337 3375 3548 3431 ἐκείνων
3611 3376 3706 3448 μὲν
3759 3375 3860 3442 τήν

2214 3469 2391 3544 ὁρμὴν
2425 3465 2666 3538 ἔστησεν,
2717 3466 2874 3521 αὐτὸν
2927 3464 2972 3521 δ’
3013 3466 3199 3539 ἐκείνῳ
3244 3457 3597 3541 παρέστησεν,
3643 3463 3704 3519 οὗ
3738 3485 3857 3541 φει-

2214 3557 2431 3630 σαμένῳ
2478 3556 2809 3631 πάσχοντος,
2863 3554 2989 3610 ἀλλ’
3038 3553 3124 3610 ἐπὶ
3172 3553 3381 3626 μείζοσι
3427 3552 3722 3629 τιμωρίαις
3770 3551 3858 3607 καὶ

2213 3645 2440 3700 θανάτου
2471 3642 2902 3720 χαλεπωτέραις.

2293 3876 2382 3951 μβ’
2418 3920 2430 3931 .
2489 3873 2588 3928 Καὶ
2656 3870 2782 3947 τάχ’
2841 3873 2898 3928 ἂν
2956 3874 3157 3949 ἀγῶνες
3225 3873 3362 3942 ἦσαν
3418 3872 3508 3928 καὶ
3567 3871 3715 3937 αὖθις
3771 3873 3862 3928 καὶ

2218 3961 2398 4018 ἄθλων
2449 3961 2667 4036 δευτέρα
2715 3959 2988 4035 περίοδος,
3037 3962 3083 4016 εἰ
3135 3963 3210 4035 μὴ
3260 3963 3390 4024 Θεὸς
3438 3961 3635 4038 ἐπέσχε
3665 4004 3681 4029 ,
3728 3962 3864 4037 πρὸς

2219 4053 2405 4107 ἑαυτὸν
2464 4051 2936 4124 μετακεκλημένος
2993 4052 3083 4105 τὸν
3145 4049 3386 4121 ἀθλητήν
3416 4091 3428 4104 .
3490 4049 3668 4106 Ἀλλά
3703 4055 3866 4106 τοῦτο

2224 4143 2318 4215 μὶν
2383 4141 2574 4217 μικρὸν
2631 4140 2849 4216 ὕστερον
2883 4157 2894 4171 ·
2956 4140 3020 4194 τὸ
3077 4137 3135 4194 δὲ
3191 4144 3279 4194 νῦν
3334 4139 3463 4194 εἶναι
3516 4143 3703 4215 πρῶτα
3765 4139 3861 4211 μὲν

2221 4229 2490 4284 ἔσκωπτεν
2568 4228 2646 4291 εἲς
2722 4227 3109 4304 ἀγνωμοσύνην
3180 4226 3380 4282 ἐκεῖνον
3455 4229 3484 4282 ὁ
3552 4227 3806 4302 τύραννος
3848 4272 3867 4297 ,

2223 4318 2517 4394 ἐμπαιγμῷ
2582 4319 2669 4372 καὶ
2746 4316 2950 4392 γέλωτι
3023 4319 3122 4386 τὴν
3186 4317 3322 4390 πρὸς
3373 4316 3534 4372 αὐτὸν
3593 4316 3867 4390 εὐμένειαν

2222 4407 2612 4481 ἀμειψάμενον·
2667 4407 2780 4462 εἶτα
2837 4406 3052 4460 ἀνόσιον
3111 4403 3314 4474 ἐκάλει,
3373 4404 3718 4479 πάντολμον,
3775 4405 3870 4460 οῦ-

2223 4495 2308 4551 δὲν
2342 4496 2371 4550 ὅ
2400 4518 2452 4551 τι
2488 4498 2563 4568 μή
2593 4500 2700 4550 τῶν
2741 4491 2948 4570 ὕϐρεων
2998 4492 3267 4572 προῦφερε
3312 4496 3428 4548 κατ’
3475 4494 3658 4550 αὐτοῦ.
3692 4496 3781 4557 Ὠς
3813 4493 3872 4549 δὲ

2221 4585 2392 4641 πάντα
2433 4582 2855 4660 λοιδορούμενος
2913 4584 3237 4662 ἐνεφορήθη,
3289 4583 3378 4638 καὶ
3428 4585 3458 4638 ὁ
3505 4583 3718 4659 Μάρτυς
3769 4585 3868 4653 τὴν

471 4679 773 4749 probraret
806 4697 819 4746 ;
854 4680 1131 4750 quodque
1162 4678 1241 4732 dii
1272 4695 1387 4733 non
1411 4677 1731 4749 cssent,qui
1764 4694 1930 4732 suam
1947 4679 2094 4734 susti

2223 4680 2329 4730 τῶν
2390 4673 2632 4728 εἶλδώλων
2684 4673 2954 4729 ἀσθένειαν
3011 4669 3372 4741 ἀντωνείδισε,
3425 4672 3512 4727 καὶ
3554 4675 3656 4742 τὴν
3701 4671 3868 4748 ἄρνη-

475 4783 612 4822 nere
645 4768 1032 4839 nequiverant
1085 4767 1476 4838 praesentiam,
1512 4765 1733 4820 addens
1779 4767 2116 4821 earumdem

477 4854 778 4925 planctum
809 4861 866 4911 et
896 4872 1102 4912 casum
1156 4859 1215 4910 et
1271 4854 1680 4910 contritionem
1716 4873 1728 4921 ;
1763 4871 1829 4909 ac
1875 4855 2007 4909 deni
2047 4871 2119 4910 ne

479 4944 927 5000 obdurationem
961 4945 1272 5016 animi,per
1303 4961 1478 5015 quam
1513 4943 1687 5015 lignis
1709 4943 2120 5015 lapidibusque

484 5032 838 5088 inscnsatior
897 5051 1024 5090 esse
1083 5035 1507 5106 perseverabat,
1566 5032 1836 5104 quamvis
1867 5032 2119 5088 externis

487 5123 763 5177 sensibus
795 5129 1074 5178 uteretur.
1112 5123 1228 5190 Bis,
1261 5124 1525 5194 inquam,
1570 5121 2118 5193 reprehensionibus

486 5211 1000 5267 vehementissime
1032 5212 1259 5283 pulsato
1291 5215 1536 5282 tyranno
1564 5210 1634 5265 fel
1671 5211 1991 5266 draconum
2020 5227 2115 5265 ac-

484 5315 724 5354 censum
760 5306 869 5370 est,
901 5305 958 5354 et
986 5316 1272 5356 venenum
1307 5300 1574 5371 aspidum
1609 5297 2117 5370 insanabile,sym-

490 5388 625 5443 bota
656 5389 850 5444 cordis
870 5406 1048 5459 supra
1060 5391 1298 5444 modum
1315 5389 1635 5444 aestuantis.
1665 5391 1949 5459 Aspectus
1967 5391 2114 5458 ejus.

477 5481 544 5530 ut
575 5493 707 5532 cum
742 5478 936 5532 divino
954 5477 1181 5532 Nahum
1212 5477 1614 5548 loquar,quasi
1641 5477 1940 5549 lampades
1968 5477 2116 5549 ignis

477 5569 534 5619 et
565 5567 730 5633 quasi
764 5565 995 5638 fulgura
1025 5565 1542 5630 discurrentia;vox
1563 5571 1755 5620 autem
1785 5571 1908 5621 erat
1939 5581 2116 5636 quam

480 5654 733 5709 ferarum
769 5654 1156 5711 truculentior
1188 5673 1200 5723 ;
1235 5671 1350 5724 qua
1382 5654 1615 5711 lictores
1643 5655 1846 5711 adesse
1891 5655 2113 5725 jussos,

479 5747 789 5812 tormenta,
843 5744 1101 5801 manicas
1150 5748 1207 5800 et
1255 5744 1564 5814 compedes
1613 5744 1816 5801 afferre
1852 5744 2113 5816 ;ignem,

2229 4785 2308 4818 σιν
2353 4768 2450 4818 τοῦ
2511 4765 2586 4835 μὴ
2641 4763 2774 4818 εἶναι
2823 4761 2998 4833 θεοὺς,
3054 4763 3142 4817 καὶ
3189 4762 3253 4816 τὸ
3309 4763 3384 4835 μή
3431 4763 3720 4835 ὑπομεῖναι
3767 4783 3870 4817 πα-

2229 4853 2406 4928 ρόντα,
2465 4853 2554 4908 καὶ
2611 4853 2703 4907 τὸν
2757 4855 2975 4925 θρῆνον,
3033 4851 3123 4906 καὶ
3177 4852 3276 4920 τήν
3343 4855 3568 4924 πτῶσιν,
3625 4851 3714 4906 καὶ
3770 4853 3870 4920 τὴν

2228 4937 2514 5016 συντριϐἡν
2548 4986 2561 5011 ,
2602 4942 2694 4996 καὶ
2738 4941 3046 4997 τελευταῖον
3109 4941 3209 5008 τὴν
3259 4941 3514 5015 πώρωσιν
3556 4940 3724 5010 αὐτῆς
3771 4944 3871 5010 τῆς

2225 5035 2431 5106 ψυχῆς,
2478 5028 2546 5085 δι’
2597 5033 2659 5099 ἧς
2710 5030 2798 5085 καὶ
2852 5028 3018 5084 λίθων
3069 5028 3516 5104 ἀναισθητότερα
3562 5030 3652 5084 καὶ
3696 5027 3873 5100 ξύλων

2228 5118 2642 5193 διαμεμένηκε,
2699 5119 2794 5173 κᾶν
2853 5124 2974 5180 ταῖς
3027 5116 3215 5191 ἔξωθεν
3276 5118 3582 5188 αἰσθήσεσιν
3641 5118 3832 5195 ἐνεργῇ
3862 5161 3876 5178 .

2226 5208 2356 5262 Τότε
2410 5206 2476 5276 δὴ
2539 5205 2876 5284 σφοδρότατα
2930 5212 3047 5268 τοῖς
3110 5205 3364 5282 ἐλέγχοις
3424 5205 3878 5280 μωλωπισθέντι,

2227 5298 2396 5368 θυμὸς
2458 5295 2760 5370 δρακόντων
2826 5297 3094 5366 ἀνήπτετο
3146 5340 3159 5366 ,
3219 5295 3308 5350 καὶ
3393 5297 3564 5369 Θυμὸς
3639 5293 3878 5352 ἀσπίδων

2228 5384 2464 5451 ἀνίατος,
2513 5385 2601 5438 καὶ
2655 5379 2908 5457 σύμϐολα
2962 5390 3064 5453 τῆς
3105 5383 3372 5453 τοσαύτης
3419 5381 3644 5460 καρδίας
3693 5383 3882 5440 ἐκκαό-

2226 5493 2379 5534 σεως·
2490 5495 2547 5527 τε
2597 5472 2780 5549 ὅρασις
2830 5472 2958 5527 ὡσεὶ
3013 5469 3291 5545 λαμπάδες
3342 5473 3512 5549 πυρὸς
3569 5475 3748 5547 (τοῦτο
3805 5471 3874 5544 δὴ

2223 5561 2285 5617 τὸ
2315 5567 2410 5616 τοῦ
2465 5563 2608 5618 θείου
2635 5562 2845 5636 Ναοὺμ)
2895 5561 2982 5616 καὶ
3031 5562 3107 5624 ὡς
3150 5561 3413 5638 ἀστραπαὶ
3465 5560 3869 5639 διατρέχουσαι,

2223 5651 2258 5720 ἦ
2316 5671 2374 5706 τε
2431 5652 2582 5729 φωνή
2656 5651 2858 5726 θηρίων
2916 5652 3221 5727 ἀγριωτέρα
3277 5652 3619 5728 ὑπάρχουσα,
3679 5649 3745 5707 δι’
3799 5656 3872 5722 ἧς

2225 5738 2456 5814 δημίους
2506 5746 2771 5817 παρεῖναι,
2823 5735 3084 5817 στρέϐλας
3137 5745 3425 5814 παρεῖναι,
3472 5746 3662 5819 χεῖρας
3715 5739 3870 5812 σιδη-
