4118 6424
279 444 403 508 341

1542 446 1946 510 LAUDATlO
1989 445 2052 511 8.
2104 446 2443 510 GEORGII.

3572 441 3691 507 342

279 582 396 650 ρᾶς,
426 570 706 646 κρηπῖδας
754 570 1010 651 σιδηρᾶς,
1070 579 1198 653 πῦρ,
1252 575 1427 655 ξίφος,
1484 577 1713 654 τροχὸν,
1764 576 1935 632 πάντα

2052 578 2329 652 gladium,
2359 583 2569 650 rotam,
2601 582 2657 635 et
2687 576 2885 635 omnia
2913 574 3336 650 suppliciorum
3359 590 3572 647 genera
3593 576 3693 647 ju-

278 665 527 741 βασάνων
559 661 683 733 εἷ’ὂη
717 662 1084 722 ἐνεκελεύετο.

348 757 459 829 μγ’.
499 755 567 809 Ἃ
626 751 693 821 δὴ
753 752 844 810 καὶ
905 753 984 815 εἲς
1045 753 1205 826 μέσον
1269 753 1440 826 ἰόντα,
1499 756 1589 809 καὶ
1647 753 1798 817 αὖθις
1850 752 1939 809 διὰ

273 848 368 899 τοῦ
455 847 797 918 μαΡτυρικοῦ
885 845 1104 918 χρωτὸς
1208 842 1541 914 ἐξετάζεσθαι
1640 842 1936 916 μέλλοντα,

276 931 582 1010 περιτρέπει
646 932 804 1001 Θεὸς,
855 932 947 986 καὶ
1000 930 1241 1008 ἄπρακτα
1294 930 1566 987 δείκνυσι·
1626 931 1933 1009 περιτρέπει

284 1021 485 1094 δὲ,ούκ
530 1020 714 1096 ἆωρίᾳ
768 1020 862 1075 τὸν
927 1020 1181 1097 τύραννον
1237 1021 1470 1094 πλήξας,
1523 1019 1647 1076 οὐδὲ
1693 1027 1936 1098 κεραυνῷ

294 1110 468 1187 βαλὼν
498 1112 721 1182 ἄνωθεν,
755 1110 832 1165 ὧν
883 1109 1055 1165 πάλαι
1104 1116 1292 1186 τυχεῖν
1355 1109 1520 1184 ἄξιος,
1551 1112 1642 1181 ἦν,
1674 1109 1801 1166 ἀλλ’
1860 1111 1934 1173 εἷς

298 1200 569 1275 ἐπίγνωσιν
651 1200 847 1255 ἑαυτοῦ
925 1196 1014 1254 διὰ
1079 1204 1175 1255 τοῦ
1246 1200 1518 1277 μάρτυρος
1573 1202 1672 1269 τὴν
1733 1199 1936 1255 ἐκείνου

296 1287 763 1366 προσκεκλημένος
822 1292 1069 1365 γυναῖκα,
1127 1290 1219 1344 καὶ
1293 1290 1388 1351 τὰς
1479 1289 1681 1345 ἐκείνου
1763 1289 1937 1352 πάσας

300 1379 372 1435 ἐπ’
398 1378 557 1447 τᾶς-ἧν
602 1377 809 1454 τρέψας
841 1374 1155 1455 φροντίδας.
1184 1380 1276 1432 Ὃν
1304 1378 1409 1455 γὰρ
1465 1379 1666 1455 τρόπον
1722 1377 1934 1434 πολλα-

293 1467 434 1544 χόθεν
491 1489 580 1529 τις
644 1465 1017 1542 βαλλόμενος,
1078 1466 1157 1522 ἀεὶ
1234 1467 1369 1539 πρὸς
1448 1467 1575 1529 τοὺς
1635 1466 1934 1543 βάλλοντας

286 1558 493 1631 μετάγει
540 1557 644 1617 τὰς
698 1561 927 1632 χεῖρας·
988 1554 1133 1609 οὕτω
1189 1556 1461 1628 κάκεῖνος,
1512 1556 1765 1631 ἑτέρωθεν
1813 1557 1937 1612 τότε

275 1646 517 1718 νύξαντος
575 1649 679 1699 τοῦ
726 1648 884 1711 Θεοῦ,
934 1643 1068 1706 ὅλος
1120 1644 1277 1708 εὐθὺς
1337 1644 1507 1700 ἐκεῖσε
1554 1645 1799 1718 μετέστη,
1846 1652 1935 1703 καὶ

272 1734 389 1797 ὅλος
451 1734 675 1811 ἐγένετο
733 1738 829 1788 τοῦ
888 1735 988 1802 τὴν
1050 1740 1280 1808 γυναῖκα
1338 1735 1510 1807 ἑαυτῷ
1539 1734 1932 1799 ἀνασώσασθαι.

272 1824 360 1878 Καὲ
414 1822 622 1891 πολλὴ
682 1823 779 1895 μὲν
839 1822 1057 1898 ὑπῆρχε
1113 1820 1260 1895 αἰθτῷ
1306 1822 1443 1898 πρὸς
1488 1828 1650 1879 τοῦτο
1701 1823 1932 1895 σπουδὴ,

271 1914 439 1968 πάντα
507 1916 765 1966 ποιοῦντι
822 1911 914 1965 καὶ
987 1909 1234 1987 λέγοντι·
1297 1909 1443 1981 πλὴν
1500 1909 1615 1977 οὔθ’
1672 1913 1934 1990 ὑπαγαγέ-
1968 1952 2015 2017 Β

301 2003 326 2017 ι.
452 1999 549 2017 η,
837 1999 852 2017 κ
913 2001 938 2017 .,
1084 2000 1106 2016 η
1310 2008 1338 2017 ..
1554 2003 1579 2017 ι.
1616 2006 1644 2017 ..
1777 2002 1787 2017 ,

272 2003 387 2056 σθαι
436 1999 714 2072 ἠδύνατο,
763 1999 854 2055 καὶ
903 2001 1041 2054 ἅπαν
1084 2000 1114 2054 ’ὃ
1162 2008 1411 2076 προσῆγε
1459 2003 1678 2064 πειθοῦς
1722 2002 1936 2079 φάρμα-

279 2112 395 2164 κον,
450 2087 727 2163 ἐμπόδιον
774 2090 842 2158 ἦν
892 2089 968 2151 εἰς
1014 2089 1270 2160 πειθὼ,ἢ
1325 2087 1537 2163 μᾶλλον
1583 2091 1772 2163 εἰπεῖν,
1819 2091 1943 2170 ἐφό-

281 2176 395 2235 διον
460 2179 545 2240 εἷς
604 2178 861 2255 Χριστὸν,
912 2180 1126 2233 πάντων
1186 2178 1322 2253 αὐτῇ
1379 2180 1469 2234 καὶ
1522 2184 1630 2234 τῶν
1692 2181 1940 2235 ἐναντίων

277 2269 350 2330 είς
434 2262 720 2323 εὐσέϐειαν
789 2267 1212 2343 συνεργούντων,
1274 2268 1303 2321 ’ὁ
1360 2268 1449 2323 καὶ
1506 2267 1722 2332 Παῦλός
1780 2291 1941 2348 φησιν

272 2357 400 2433 περὶ
458 2360 574 2411 τῶν
637 2355 1014 2432 ἐργαζομένων
1070 2356 1133 2410 τὸ
1188 2356 1387 2431 ἀγαθὸν
1464 2356 1603 2413 ὥστε
1661 2359 1942 2423 κάντεῦθεν

271 2446 703 2521 ἀποκρουσθεὶς,
736 2446 826 2500 καὶ
882 2442 1348 2521 συλλογισάμενος
1406 2446 1538 2523 ὑπὲρ
1594 2446 1732 2502 ὅσων
1794 2446 1946 2527 ὦφλε

268 2540 351 2606 τῷ
407 2535 653 2610 μάρτυρι
712 2532 981 2608 αἰσχύνην
1040 2533 1129 2588 καὶ
1188 2533 1425 2609 γέλωτα,
1482 2540 1643 2590 τοῦτο
1705 2538 1798 2610 μὲν
1858 2535 1945 2591 διὰ

272 2624 482 2687 παντὸς
510 2628 614 2677 τοῦ
664 2622 875 2696 ἀγῶνος
932 2621 1114 2691 ἥττων
1163 2622 1371 2701 φανεὶς,
1420 2628 1603 2697 τοῦτο,
1640 2622 1698 2679 δὲ
1749 2626 1945 2699 ἐμπαι-

273 2714 455 2789 χθεὶς,
483 2716 655 2767 τοῦτο
686 2710 746 2766 δὲ
772 2711 863 2766 καὶ
893 2710 1143 2773 πολλοὺς
1193 2716 1300 2767 τῶν
1362 2710 1578 2768 οἰκείων
1637 2714 1726 2768 καὶ
1778 2714 1944 2783 αὐτὴν

274 2823 341 2878 γε
412 2803 520 2870 τὴν
596 2807 831 2876 γοναῖκα
904 2800 1205 2878 ἀφαιρεθείς
1232 2823 1243 2835 ·
1308 2802 1383 2875 μὴ
1452 2800 1769 2877 ἐρωτήσεως
1845 2809 1945 2858 τοῦ

275 2889 511 2959 λοιποῦ,
548 2892 626 2963 μὴ
662 2890 910 2966 ῥήματος
970 2890 1201 2962 ἀξιώσας
1233 2889 1443 2964 (ἐπειδή
1499 2892 1589 2946 καὶ
1644 2892 1709 2946 τὸ
1759 2890 1948 2948 δεσπο-

276 2980 434 3036 τικὸν
468 2981 584 3053 ἅμα
618 2979 745 3056 περὶ
792 2986 891 3049 τῆς
939 2976 1202 3052 ἐκδημίας
1251 2979 1551 3050 συνήλαυνε
1604 2981 1949 3059 πρόσταγμα)

284 3068 458 3145 ἔγνω,
520 3066 700 3124 τᾶλλα
773 3064 1041 3143 παριδὼν,
1115 3068 1214 3137 τὴν
1293 3067 1601 3124 τελευταίαν
1680 3069 1943 3149 ἀπόφασιν

292 3157 578 3231 ἐξενεγκεῖν
645 3158 762 3211 κατ’
819 3156 1014 3211 αὐτοῦ·
1069 3159 1106 3226 ἡ
1161 3154 1218 3211 δὲ
1280 3158 1348 3226 ἦν
1423 3158 1777 3235 ἀφαίρεθῆναι
1843 3162 1943 3229 τὴν

290 3245 559 3323 κεφαλήν.
616 3246 713 3300 Καὶ
780 3245 983 3314 ταύτην
1042 3244 1339 3321 ἐξήνεγκεν,
1397 3246 1459 3300 οὗ
1521 3246 1732 3321 μᾶλλον
1782 3248 1941 3304 αὐτὸν

288 3334 515 3405 ἐξιστῶν
556 3339 666 3389 τῶν
717 3334 1025 3411 παρόντων,
1065 3336 1101 3404 ἢ
1152 3336 1338 3390 ἑαυτὸν
1382 3338 1717 3412 πραγμάτων
1767 3338 1941 3393 ἀπαλ-
1972 3318 2016 3389 C

282 3425 522 3494 Αάττων,
573 3424 664 3478 καὶ
720 3420 927 3499 ἄλγους
987 3424 1077 3478 καὶ
1139 3422 1333 3494 ὀδύνης
1384 3426 1592 3500 ψυχῆς,
1652 3426 1686 3479 ἃ
1736 3434 1944 3501 προσῆν

283 3513 433 3585 αύτῷ
491 3511 552 3567 ἐκ
607 3516 708 3567 τοῦ
767 3513 846 3585 μὴ
893 3511 1162 3589 κρείττονι
1218 3521 1444 3591 φανῆναι
1505 3512 1792 3569 δύνασθαι·
1853 3516 1943 3571 καὶ

283 3607 450 3657 ταῦτα
477 3598 687 3663 πάντας
741 3599 938 3677 σχεδὸν
1002 3602 1316 3678 ἀνθρώπους
1373 3600 1556 3679 ἔχοντι
1615 3602 1794 3681 ὥσπερ
1840 3605 1945 3659 ἀπὸ

284 3690 552 3765 νεύματος
586 3691 988 3767 ὑπηρετοῦντας
1018 3690 1182 3763 αὐτῷ.

2046 671 2221 726 bebat
2250 685 2553 742 exponere.

2120 761 2207 814 43.
2241 760 2351 814 Sed
2382 759 2504 813 haec
2534 758 2733 813 omnia
2784 774 2916 813 cum
2949 761 3147 813 essent
3190 755 3443 812 adducta
3471 756 3530 810 in
3561 772 3689 811 me-

2048 848 2232 916 dium,
2253 852 2309 903 et
2340 848 2398 903 in
2424 864 2635 918 corpus
2658 846 2930 919 Martyris
2961 847 3150 902 denuo
3175 846 3512 913 exserenda,
3537 861 3688 901 ever-

2046 937 2118 992 tit
2146 943 2297 993 Deus
2337 941 2395 992 et
2442 936 2674 991 inutilia
2706 935 2957 992 reddidit
3003 954 3016 991 :
3069 936 3245 1007 idque
3275 952 3389 991 non
3438 934 3692 991 caecitate

2044 1031 2360 1098 tyrannum
2392 1026 2746 1098 percutiens,
2778 1041 2892 1080 non
2922 1024 3159 1093 ifulmen
3190 1025 3441 1095 desuper
3468 1024 3527 1079 in
3558 1039 3692 1080 eum

2039 1116 2287 1187 jaciens,
2322 1114 2537 1187 quibus
2569 1113 2873 1185 suppliciis
2891 1115 3018 1185 jam
3045 1114 3270 1186 pridem
3292 1114 3505 1186 dignus
3527 1117 3688 1182 erat;

2044 1221 2246 1259 verum
2279 1205 2349 1259 ad
2385 1204 2475 1259 sui
2507 1204 2864 1275 agnitionem
2919 1203 3215 1259 adducens
3247 1219 3349 1275 per
3380 1201 3690 1275 Georgium

2045 1292 2340 1366 propriam
2372 1291 2532 1348 illius
2562 1308 2823 1359 uxorem,
2853 1308 3168 1361 omnesque
3196 1294 3323 1363 ejus
3354 1308 3525 1347 curas
3554 1307 3691 1348 con-

2046 1386 2139 1438 tra
2167 1382 2357 1453 ipsam
2398 1385 2760 1437 convertens.
2792 1382 2918 1436 Non
2967 1382 3145 1450 enim,
3195 1381 3695 1453 quemadmodum

2047 1471 2395 1544 plerumque
2444 1471 2494 1526 is
2543 1471 2644 1541 qui
2695 1470 3015 1542 impetitur,
3049 1487 3261 1526 manus
3311 1470 3591 1526 convertit
3632 1469 3693 1525 in

2047 1562 2413 1631 impetentes,
2448 1559 2531 1616 sic
2578 1564 2634 1615 et
2682 1560 3075 1615 Diocletianus
3104 1578 3116 1627 ;
3149 1559 3275 1627 sed,
3308 1558 3577 1615 stimulos
3609 1559 3692 1614 ei-

2048 1649 2178 1705 dem
2238 1648 2474 1704 aliunde
2529 1652 2877 1721 suggerente
2933 1652 3068 1720 Deo,
3101 1653 3258 1704 totus
3306 1664 3340 1704 a
3395 1648 3691 1720 proposito

2046 1743 2251 1810 raptus
2281 1743 2387 1808 est,
2421 1741 2698 1810 totusque
2728 1738 2787 1792 in
2819 1754 2885 1793 eo
2916 1753 3045 1793 esse
3075 1738 3249 1809 coepit
3283 1740 3350 1793 ut
3380 1753 3549 1793 suam
3580 1737 3694 1793 sibi

2047 1832 2304 1885 servaret
2333 1843 2594 1883 uxorem.
2627 1826 2908 1899 Magnum
2961 1842 3100 1882 sane
3151 1826 3413 1883 studium
3442 1826 3579 1881 huic
3610 1826 3691 1881 rei

2045 1915 2365 1990 impendit;
2399 1916 2500 1971 sed
2526 1915 2727 1971 omnia
2756 1915 2987 1970 facienti
3019 1915 3352 1986 dicentique
3382 1914 3527 1970 nihil
3557 1931 3694 1986 pro-

2052 2007 2220 2062 desse
2250 2006 2439 2077 potuit
2473 2022 2485 2059 :
2521 2005 2912 2076 quodcunque
2947 2008 3144 2060 autem
3175 2004 3558 2076 pharmacum
3588 2004 3695 2060 ad-

2050 2094 2307 2163 hibebat,
2341 2094 2826 2166 impedimentum
2859 2098 2984 2148 erat
3009 2093 3080 2149 ad
3110 2093 3568 2165 persuasionem,
3592 2097 3696 2149 aut

2051 2184 2247 2257 potius
2275 2182 2718 2239 incitamentum
2739 2183 2809 2238 ad
2829 2182 3144 2252 Christum,
3168 2198 3303 2238 cum
3329 2182 3697 2239 adversantia

2053 2272 2251 2328 omnia
2281 2271 2386 2343 piae
2408 2270 2639 2325 mulieri
2671 2274 3119 2341 cooperarentur
3143 2269 3203 2325 in
3226 2270 3467 2338 bonum,
3492 2286 3693 2341 quem-

2054 2361 2371 2416 admodum
2403 2359 2621 2415 Paulus
2664 2358 2929 2431 loquitur
2956 2360 3028 2414 de
3074 2358 3457 2431 diligentibus
3487 2363 3692 2415 Deum.

2052 2450 2236 2523 Igitur
2263 2466 2331 2505 ex
2360 2449 2468 2504 hac
2498 2448 2673 2504 etiam
2706 2451 2870 2519 parte
2897 2447 3191 2519 repulsus,
3225 2464 3330 2503 nec
3354 2447 3469 2503 nisi
3499 2448 3699 2504 confu-

2053 2540 2278 2596 sionem
2309 2556 2375 2594 ac
2406 2538 2591 2595 risum
2623 2538 2880 2593 referens
2900 2553 2972 2592 ex
3000 2537 3275 2592 omnibus
3301 2553 3428 2608 quae
3459 2538 3697 2611 Martyri

2053 2628 2320 2694 debebat,
2354 2626 2490 2682 hinc
2520 2626 2580 2681 in
2614 2626 2774 2681 omni
2806 2625 3124 2681 certamine
3155 2626 3364 2694 victus,
3397 2626 3532 2681 inde
3562 2624 3695 2681 illu-

2053 2734 2179 2784 sus,
2213 2721 2388 2788 atque
2418 2714 2623 2771 multis
2654 2714 2779 2770 suis
2830 2713 3217 2769 familiaribus
3246 2714 3492 2786 ipsaque
3521 2730 3699 2771 uxore

2054 2806 2337 2878 privatus,
2371 2821 2485 2859 non
2517 2802 2773 2876 amplius
2801 2802 3255 2876 interrogatione
3274 2804 3584 2875 Martyrem
3617 2803 3699 2858 di-

2054 2895 2344 2967 gnabatur
2372 2892 2460 2948 vel
2484 2892 2755 2964 alloquio.
2777 2892 3062 2957 Quoniam
3091 2892 3367 2963 verojam
3397 2896 3699 2949 emanarat

2054 2984 2308 3040 edictum
2332 2984 2403 3038 de
2423 2982 2707 3048 discessu,
2728 2980 2949 3036 caeteris
2965 2980 3241 3036 omnibus
3261 2980 3690 3052 praetermissis,

2054 3077 2375 3128 extremam
2407 3076 2611 3127 contra
2660 3069 2969 3143 Georgium
3024 3070 3370 3126 sententiam
3402 3068 3646 3141 protulit
3677 3088 3691 3125 :

2052 3161 2324 3217 videlicet
2356 3164 2421 3215 ut
2468 3159 2657 3232 capite
2702 3157 3068 3231 plecteretur.
3117 3156 3365 3213 Protulit
3394 3161 3588 3213 autem
3619 3156 3691 3211 il-

2053 3250 2195 3321 lam,
2231 3266 2346 3305 non
2390 3249 2579 3321 magis
2620 3248 2816 3320 ipsum
2850 3246 3079 3318 fugiens
3126 3262 3302 3317 quam
3354 3249 3691 3318 praesentes,

2053 3339 2341 3412 planeque
2362 3337 2845 3410 desperabundus
2869 3352 2984 3408 pra:
3001 3334 3197 3391 dolore
3225 3338 3284 3391 et
3304 3334 3694 3391 amaritudine

2056 3428 2398 3500 spiritus,ex
2428 3443 2495 3482 eo
2527 3426 2680 3498 quod
2713 3440 2988 3497 superare
3016 3441 3132 3480 non
3164 3424 3452 3497 potuisset
3479 3423 3692 3497 Marty-

2055 3534 2199 3588 rem,
2232 3518 2356 3589 ipse
2386 3532 2449 3572 se
2497 3516 2599 3587 qui
2646 3530 2849 3570 omnes
2898 3513 3080 3569 ferme
3127 3513 3397 3570 homines
3441 3512 3697 3570 habebat

2055 3605 2167 3661 sibi
2196 3606 2267 3661 ad
2294 3609 2502 3661 nutum
2539 3602 2910 3659 famulantes.

1805 3836 2175 3894 EPILOGUS.

353 3955 464 4031 μδ.
496 3954 601 4012 Καὶ
630 3955 833 4033 γίνεται
879 3953 947 4026 δὴ
1004 3961 1197 4013 τοῦτον
1252 3959 1345 4013 τὸν
1402 3958 1602 4034 τρόπον
1658 3961 1722 4014 τὸ
1777 3959 1941 4036 πέρας

285 4052 385 4101 τῶν
419 4046 660 4122 ἀγώνων
691 4050 772 4118 τῷ
827 4044 1096 4123 μάρτυριο
1145 4047 1235 4103 καὶ
1294 4046 1466 4110 οὕτως
1513 4047 1944 4123 ἀγωνισάμενος,

284 4137 369 4191 καὶ
448 4134 603 4190 οὕτω
662 4136 884 4211 θέατρον
953 4135 1044 4191 καὶ
1127 4134 1387 4212 ἀγγέλοις
1469 4138 1558 4191 καὶ
1642 4137 1945 4214 ἀνθρώποις

284 4225 602 4302 γενόμενος,
663 4223 809 4279 οὕτω
883 4224 1020 4300 πρὸς
1074 4225 1299 4302 Χριστὸν
1357 4227 1446 4280 τὸν
1511 4226 1676 4301 μέγαν
1734 4226 1941 4303 ἀγωνο-

286 4314 442 4384 θέτην
529 4313 623 4367 καὶ
702 4310 1100 4391 στεφανοδότην
1181 4315 1486 4390 ἀνέρχεται,
1567 4316 1629 4370 οὗ
1706 4316 1795 4369 καὶ
1876 4317 1944 4371 τὰ

286 4404 560 4478 στίγματα
612 4399 893 4476 βαστάζων
951 4402 1042 4456 καὶ
1109 4399 1448 4475 προδεικνὺς,
1514 4402 1793 4481 σύμφυτος
1845 4408 1941 4458 τοῦ

285 4492 486 4553 πάθους
547 4489 869 4565 γνωρίζεται
927 4490 1017 4545 καὶ
1085 4489 1533 4568 συγκληρονόμος
1598 4495 1697 4561 τῆς
1784 4490 1942 4564 δόξης

288 4580 671 4656 ἀναγορεύεται
705 4621 719 4635 .

290 4667 570 4742 δαιμονες,
671 4669 1004 4740 ἡττήθησαν,
1084 4668 1454 4745 ᾐσχύνθησαν,
1541 4670 1937 4746 ὑπεχώρησαν·

289 4760 422 4814 ὥστε
484 4757 792 4834 μέμφεσθαι
853 4757 1086 4830 ἑαυτοῖς,
1146 4757 1232 4813 ὅτι
1283 4763 1363 4831 τῷ
1420 4759 1676 4831 ἀηττήτῳ
1743 4761 1939 4835 προσέ-

288 4843 497 4904 ϐαλλον
551 4848 653 4915 τὴν
694 4846 896 4923 ἀρχὴν,
927 4847 1226 4923 μέμφεσθαι
1284 4845 1342 4903 δὲ
1397 4848 1488 4904 καὶ
1544 4848 1940 4921 Διοκλητιανῷ,

287 4936 369 4992 ὅτι
428 4931 665 5014 ὄργανον
718 4934 902 4996 αὐτοῖς
958 4935 1251 5009 γενόμενος
1324 4935 1409 4991 ἐπ’
1466 4937 1651 5007 αὐτὸν,
1718 4931 1939 5013 ὄργανον

296 5023 534 5098 μᾶλλον,
566 5030 685 5086 τοῖς
719 5024 1088 5099 χρησαμένοις
1138 5024 1269 5100 ὑπὲρ
1317 5023 1389 5080 ὧν
1443 5024 1543 5080 οὐκ
1597 5023 1938 5099 ἐσπούδαζεν,

292 5114 461 5184 ἥττης
517 5113 610 5169 καὶ
659 5109 873 5183 ἀδοξίας
928 5110 1159 5187 ἐγένετο,
1183 5114 1274 5168 καὶ
1331 5114 1575 5187 τοσούτῳ
1631 5101 1939 5189 γεεπλέον,

285 5202 395 5276 ὅσῳ
444 5202 536 5257 καὶ
596 5199 768 5257 πλέον
825 5208 1265 5276 καθυπουργῆσαι
1312 5189 1940 5281 ἑφιλονείκησελξΓόύτου

290 5294 385 5361 τήν
444 5292 731 5364 ὑπομονὴν
787 5288 1157 5364 ἐξεπλάγησαν
1217 5288 1466 5366 ἄγγελοι,
1516 5291 1561 5346 εἷ
1618 5291 1667 5346 ἐν
1717 5273 1939 5365 ’σώματι

296 5380 366 5436 ὢν
428 5379 744 5455 ἄνθρωπος,
802 5378 848 5432 εἷ
903 5376 1286 5452 συνδεδεμένος
1343 5379 1418 5435 ἔτι
1476 5384 1545 5454 τῇ
1603 5380 1725 5455 ὕλῃ,
1777 5381 1822 5435 εἰ
1877 5382 1939 5435 τὸ

289 5472 448 5546 βάρος
528 5470 631 5525 οὐκ
714 5468 1073 5543 ἀποθέμενος,
1126 5469 1225 5525 οὐκ
1300 5468 1557 5546 ἐνάρκησε
1628 5470 1764 5546 πρὸς
1843 5470 1939 5533 τὰς

286 5560 568 5635 βασάνους,
606 5558 706 5614 οὐκ
749 5554 1069 5627 ἐδειλίασεν,
1100 5557 1191 5613 οὖν
1242 5556 1469 5615 ἐνέδωκε
1521 5564 1641 5621 ταῖς
1702 5556 1936 5630 ὀδύναις,

289 5650 383 5706 οὐκ
438 5648 607 5707 ἔπαθε
668 5648 737 5702 τὸ
791 5654 895 5716 τῆς
928 5644 1088 5719 ὕλης,
1121 5646 1219 5703 οὐκ
1247 5647 1561 5720 ἠλλοιώθη,
1595 5647 1657 5703 οὐ
1714 5643 1937 5721 μετεϐά-

292 5733 433 5814 λετο,
494 5737 600 5795 οὐκ
675 5735 762 5791 ἐπ’
828 5727 1108 5811 ἀμφότερα
1160 5733 1286 5808 εἶδε,
1341 5737 1403 5792 οὐ
1458 5737 1593 5813 πρὸς
1651 5736 1740 5791 τὸν
1800 5740 1935 5811 χοῦν

2125 3962 2213 4016 44.
2247 3960 2366 4017 Ηοο
2412 3962 2585 4017 modo
2627 3961 2804 4016 ﬁnem
2855 3963 3203 4032 acceperunt
3245 3974 3461 4031 agones
3509 3957 3695 4015 sancti

2054 4050 2280 4123 Georgii
2318 4068 2331 4105 :
2365 4049 2563 4121 sicque
2610 4050 2915 4106 decertans
2943 4054 3001 4104 et
3042 4047 3439 4121 spectaculum
3472 4045 3695 4120 angelis

2053 4143 2227 4213 atque
2273 4140 2613 4196 hominibus
2665 4140 2872 4209 factus,
2917 4139 3163 4195 excessit
3209 4136 3577 4194 coronandus
3619 4136 3691 4191 ad

2054 4229 2465 4302 agonothetam
2495 4233 2554 4284 et
2598 4229 2936 4297 Christum;
2972 4229 3099 4299 ejus
3148 4227 3425 4300 stigmata
3452 4229 3693 4297 portans

2052 4334 2119 4374 ac
2168 4318 2362 4389 palam
2405 4322 2726 4383 ostentans,
2776 4317 2968 4372 socius
3015 4315 3235 4372 exstitit
3282 4314 3593 4387 passionis,
3637 4316 3697 4368 et

2052 4407 2304 4464 cohaeres
2335 4406 2528 4479 gloria
2580 4406 2918 4462 nominatus
2965 4409 3072 4461 est.
3122 4403 3521 4460 Constantiam
3562 4404 3692 4473 ejus

2051 4496 2475 4552 exhorruerunt
2518 4496 2829 4565 daemones,
2859 4495 3113 4565 victique
3143 4497 3200 4548 et
3246 4491 3474 4547 confusi
3504 4507 3691 4547 reces-

830 4579 1036 4634 Τούτου
1139 4581 1240 4649 τὴν
1344 4580 1626 4657 καρτερίαν
1729 4578 1939 4659 ἔφριξαν

2052 4590 2274 4652 serunt,
2308 4586 2451 4640 adeo
2480 4588 2545 4639 ut
2573 4583 2796 4655 seipsos
2816 4583 3139 4655 culparent,
3159 4582 3313 4653 quod
3344 4597 3378 4636 a
3407 4579 3692 4653 principio

2051 4679 2245 4729 essent
2277 4690 2409 4729 cum
2443 4674 2503 4728 in
2533 4672 2744 4728 invicto
2761 4672 3095 4745 congressi;
3128 4669 3431 4742 culparent
3459 4685 3692 4742 quoque

2052 4761 2499 4832 Diocletianum,
2562 4762 2715 4833 quod
2772 4760 2918 4832 ipsis
2992 4760 3454 4815 instrumentum
3502 4758 3690 4815 factus

2051 4856 2255 4906 contra
2276 4851 2610 4923 Martyrem,
2633 4866 2736 4922 per
2756 4866 2823 4905 ea
2843 4848 3058 4921 quibus
3079 4864 3223 4904 usus
3248 4851 3372 4903 erat
3390 4848 3462 4903 ad
3486 4862 3689 4903 eorum

2048 4940 2361 5010 intentum,
2394 4940 2582 4994 factus
2624 4942 2779 4994 esset
2806 4937 2953 5010 ipsis
3001 4938 3458 4993 instrumentum
3504 4934 3690 4992 cladis

2047 5033 2103 5084 et
2151 5027 2484 5099 ignominias
2512 5045 2526 5095 ;
2557 5026 2733 5097 idque
2781 5029 2942 5081 tanto
2987 5026 3198 5099 magis,
3230 5028 3451 5097 quanto
3499 5025 3689 5098 magis

2047 5117 2275 5172 vincere
2334 5116 2738 5171 contendebat.
2792 5114 3139 5172 Patientiam
3195 5116 3323 5187 ejus
3372 5115 3689 5186 obstupue-

2053 5210 2192 5260 runt
2220 5204 2430 5277 angeli,
2472 5204 2649 5275 quod,
2683 5220 2815 5260 cum
2848 5203 3021 5259 homo
3066 5208 3222 5260 esset
3250 5218 3485 5275 corpore
3515 5205 3694 5258 mate-

2054 5294 2181 5348 riali
2213 5293 2629 5358 circumdatus,
2661 5298 2719 5347 et
2760 5309 2932 5365 grave
2978 5293 3088 5349 hoc
3116 5309 3265 5349 onus
3317 5293 3567 5347 necdum
3598 5292 3694 5347 de-

2050 5382 2381 5455 posuisset;
2414 5399 2529 5437 non
2575 5386 2771 5436 tamen
2821 5381 3083 5455 elanguit
3113 5383 3183 5438 ad
3230 5385 3542 5448 tormenta,
3574 5398 3690 5437 non

2047 5471 2403 5538 formidavit,
2434 5488 2549 5527 non
2600 5471 2843 5526 tradidit
2885 5472 3144 5544 seipsum
3194 5472 3512 5539 doloribus,
3546 5470 3692 5525 nihil

2047 5559 2298 5615 materiae
2358 5576 2678 5614 consonum
2738 5577 2949 5633 passus
3003 5565 3113 5626 est,
3154 5577 3258 5616 nec
3305 5577 3339 5615 a
3392 5558 3689 5631 proposito

2047 5648 2334 5704 alienatus
2383 5649 2784 5720 abductusque
2818 5668 2831 5718 ;
2866 5667 2978 5706 non
3024 5649 3316 5705 haesitavit
3362 5648 3422 5703 in
3462 5651 3685 5719 partem

2049 5738 2410 5807 alterutram,
2445 5754 2561 5795 non
2589 5738 2753 5795 humi
2786 5740 3039 5813 respexit
3067 5741 3355 5796 formatus
3385 5752 3453 5792 ex
3480 5736 3683 5792 humo.
