4118 6432
426 437 542 500 343

1437 433 1756 498 GEORGII
1799 431 2061 495 CYPRII
2106 429 2224 492 GP.
2270 430 2800 494 PATRIARCHE

3701 429 3818 490 3M

427 587 544 625 non
575 568 823 640 denique
851 584 1025 624 suum
1079 567 1234 623 unde
1276 571 1551 639 sumptus
1581 571 1705 621 erat
1755 564 2058 637 requisivit

2178 560 2388 631 ἐκινήθη
2431 563 2458 614 ὂ
2500 561 2557 615 ἐκ
2595 561 2750 636 χοὸς,
2785 559 2845 614 οὐ
2893 561 2993 629 τήν
3054 557 3253 614 οἰκείαν
3309 557 3537 632 ἐξῄτησε
3593 560 3814 635 χώραν⁸

425 659 642 725 locum,
675 659 774 714 sed
825 661 981 713 totus
1031 657 1090 711 in
1135 674 1334 712 eorum
1387 656 1602 727 quibus
1645 657 1922 710 fruuntur
1951 654 2063 726 ipsi

427 747 617 820 angeli
650 745 1133 816 contemplatione
1182 746 1424 814 deﬁxus,
1458 745 1717 817 ipsisque
1750 743 2062 799 assimilari

428 837 802 907 contendens,
824 836 939 890 vim
964 836 1074 890 sibi
1099 835 1317 903 intulit,
1340 834 1517 890 veluti
1540 835 1588 890 si
1616 839 1882 889 naturam
1905 849 2063 888 com-

428 941 782 995 munemque
814 939 1066 979 massam
1099 924 1402 994 ejurasset.

499 1015 585 1068 45.
619 1013 957 1068 Admiratus
996 1017 1084 1067 est
1113 1028 1246 1066 eum
1301 1013 1645 1067 Sanctorum
1677 1011 1910 1076 chorus,
1944 1027 2064 1066 me-

427 1103 590 1158 dium
622 1102 1034 1174 excipientium
1067 1100 1680 1171 considerantiumque
1710 1100 1973 1172 singulos
2005 1115 2066 1155 se

427 1193 500 1249 ab
530 1209 643 1247 uno
694 1192 791 1246 illo
842 1197 1165 1264 superatos,
1200 1191 1510 1262 ipsumque
1561 1190 1788 1245 reveriti
1829 1190 2063 1243 beatum

425 1282 902 1353 praadicaverunt.
921 1281 1165 1351 Agnovit
1192 1279 1251 1333 in
1271 1295 1336 1333 eo
1352 1278 1646 1333 Abraham
1677 1279 1848 1332 ﬁdem
1874 1294 2064 1344 suam,

427 1387 531 1442 per
560 1385 736 1441 quam
770 1368 1023 1424 salvatus
1055 1374 1111 1423 et
1138 1368 1364 1422 amicus
1394 1367 1495 1423 Dei
1525 1368 1714 1422 factus
1744 1372 1849 1422 est.
1875 1368 2067 1437 Agno-

425 1459 507 1513 vit
533 1459 640 1514 Job
657 1466 713 1513 et
743 1457 972 1528 plagam
992 1462 1048 1511 et
1066 1456 1402 1528 patientiam
1425 1474 1437 1522 ;
1461 1461 1700 1526 uterque
1722 1461 1914 1510 autem
1939 1455 2067 1524 ejus

427 1564 564 1619 erga
594 1563 877 1619 pauperes
920 1545 1325 1601 liberalitatem
1361 1545 1639 1599 laudavit.
1673 1543 2069 1600 Consideravit

425 1637 487 1692 in
519 1653 584 1692 eo
614 1640 839 1708 Moyses
888 1649 1147 1690 amorem
1186 1652 1324 1705 erga
1369 1633 1719 1705 proximum,
1752 1634 1852 1689 sed
1899 1632 2067 1705 longe

428 1743 604 1799 quam
645 1725 926 1781 habuerat
954 1724 1078 1796 ipse
1127 1722 1527 1779 sublimiorem
1558 1723 2016 1793 divinioremque
2051 1746 2065 1778 :

425 1815 694 1871 asstuavit
722 1813 875 1869 enim
916 1813 1034 1868 zelo
1065 1813 1279 1884 Martyr
1309 1829 1410 1884 pro
1443 1812 1752 1867 animabus
1803 1809 2066 1883 tyranni-

2171 649 2296 705 ἀλλ’
2337 651 2468 712 ὅλος
2496 652 2562 719 ἦν
2595 651 2728 724 πρὸς
2758 650 2824 703 τά
2854 648 3069 704 ἐκείνων
3120 647 3360 725 βλέπων,
3389 650 3481 703 καὶ
3546 647 3814 718 ἐσωθῆναι

2173 738 2515 817 φιλονεικῶν,
2549 735 2808 808 ἐκϐιάζων
2842 737 3021 813 ὥσπερ
3050 739 3149 808 τὴν
3182 737 3360 816 φύσιν,
3391 738 3482 792 καὶ
3529 739 3593 792 τὸ
3636 744 3820 815 κρᾶμα

2173 829 2525 905 ἀρνούμενος.

2249 1008 2346 1079 με’.
2406 1011 2602 1060 Τοῦτον
2677 1007 2766 1060 καὶ
2843 1004 3011 1080 χορὸς
3091 1003 3288 1080 ’Δγίων
3367 1003 3656 1077 ἐθαύμασε,
3731 1005 3819 1059 καὶ

2180 1095 2337 1168 μέσον
2395 1091 2804 1168 περιλαϐόντες,
2856 1095 2918 1148 τὸ
2993 1094 3267 1170 ὑστέρημα
3337 1091 3559 1155 ἕκαστος
3630 1095 3820 1149 ἑαυτοῦ

2176 1185 2227 1238 ἐν
2289 1185 2364 1238 ἑνὶ
2421 1184 2597 1256 τούτῳ
2656 1182 3085 1259 πεπληρωμένον
3141 1187 3548 1253 κατανοοῦντες,
3589 1180 3817 1256 ᾐδέσθη·

2175 1294 2268 1328 σαν
2319 1273 2407 1327 καὶ
2465 1272 2812 1348 ἐμακάρισαν.
2866 1270 3016 1326 Εἰδεν
3080 1267 3328 1346 Ἀϐραάμ
3374 1271 3424 1325 ἐν
3497 1272 3677 1344 τούτῳ
3732 1273 3819 1326 καὶ

2174 1365 2272 1431 τήν
2334 1363 2533 1416 οἰκείαν
2591 1359 2895 1432 πίστιν,δι’
2951 1365 3015 1429 ἧς
3075 1359 3391 1432 ἐδικαιώθη,
3433 1361 3614 1416 καὶτὸ
3659 1359 3817 1438 φιλό-

2174 1454 2313 1508 θεον.
2366 1450 2514 1506 mea.
2575 1447 2698 1506 Ἰὼϐ
2756 1452 2844 1506 καὶ
2900 1452 2998 1519 τὴν
3057 1450 3299 1525 πληγήν,
3338 1451 3427 1504 καὶ
3485 1451 3582 1517 τὴν
3634 1471 3822 1525 καρτε-

2177 1543 2311 1615 ρίαν,
2357 1542 2445 1595 καὶ
2522 1541 2819 1618 ἀμφότεροι
2894 1542 2992 1608 τὴν
3064 1538 3506 1617 φιλοπτωχείαν·
3570 1536 3708 1593 εἶδον
3765 1537 3822 1594 δὲ

2174 1630 2261 1684 καὶ
2311 1635 2417 1684 τῶν
2467 1629 2680 1684 οἰκείων
2741 1629 2982 1683 ἐπέκεινα
3040 1629 3131 1682 τὸν
3188 1629 3320 1704 ὑπὲρ
3377 1632 3609 1702 Χριστοῦ
3661 1630 3819 1691 θάνα-

2173 1741 2284 1774 τον.
2338 1718 2634 1788 Κατενόησε
2692 1725 2925 1787 Μωυσῆς
2973 1717 3184 1793 ἀγάπην
3253 1716 3377 1792 περὶ
3432 1716 3559 1778 τοὺς
3618 1717 3823 1795 ὁμοφύ-

2177 1807 2306 1869 λους
2355 1807 2406 1862 ἐν
2459 1808 2659 1878 τούτῳ,
2702 1806 2827 1861 ἀλλ’
2872 1809 2938 1875 ἧς
2991 1806 3148 1868 αὐτὸς
3200 1803 3431 1881 ἔσχηκεν
3483 1802 3820 1881 ὑψηλοτέραν

427 1904 562 1958 dem
607 1903 988 1974 patientibus,
1033 1917 1146 1956 non
1200 1918 1302 1972 pro
1357 1901 1697 1972 corporibus
1741 1901 1800 1955 in
1851 1900 1973 1954 luto
2011 1904 2064 1954 et

2178 1897 2264 1951 καὶ
2323 1898 2591 1971 θειοτέραν
2675 1901 2894 1972 μακρῷ·
2958 1896 3089 1971 ὑπὲρ
3149 1895 3247 1971 γὰρ
3304 1898 3496 1971 ψυχῶν
3558 1894 3824 1969 ἐπυροῦτο

425 1992 606 2048 latere
636 2007 961 2046 aerumnosa
991 1989 1291 2062 occupatis
1325 2007 1338 2056 ;
1371 1989 1556 2062 signis
1585 1993 1783 2044 autem
1816 1987 2070 2060 ﬂagella-

426 2082 531 2147 vit,
555 2098 669 2136 non
702 2082 1030 2152 Egyptum,
1063 2080 1163 2134 sed
1196 2079 1368 2134 corda
1396 2079 1710 2150 impiorum
1737 2096 1750 2145 ;
1783 2083 1839 2134 et
1870 2078 2069 2133 invisi-

427 2170 606 2226 bilem
637 2170 1020 2234 Pharaonem,
1052 2185 1183 2222 cum
1235 2167 1393 2222 omni
1424 2184 1531 2222 sua
1579 2168 1813 2234 virtute,
1840 2184 1953 2222 non
2008 2167 2066 2220 in

429 2260 598 2331 aquis
630 2259 892 2324 marinis,
926 2258 1026 2313 sed
1057 2256 1117 2312 in
1167 2274 1270 2311 suo
1302 2257 1580 2312 demersit
1623 2256 1948 2328 sanguine;
1982 2255 2064 2311 la-

430 2349 599 2404 bores
627 2364 760 2403 vero
790 2352 846 2403 et
875 2345 1072 2418 praelia
1119 2345 1250 2411 alia,
1286 2363 1400 2400 non
1447 2346 1725 2401 adversus
1757 2349 1921 2400 terra;
1953 2345 2066 2400 hu-

421 2439 524 2510 jus
559 2440 818 2509 potentes
848 2453 952 2507 pro
975 2435 1202 2489 modica
1230 2435 1515 2489 sustinuit
1536 2435 1888 2503 haereditate,
1912 2439 1977 2489 ut
2006 2435 2064 2490 in

428 2543 556 2582 eam
612 2525 914 2580 induceret
963 2523 1254 2578 carnalem
1311 2523 1524 2591 Israel;
1586 2525 1687 2579 sed
1736 2541 1839 2596 pro
1889 2541 2064 2596 regno

425 2615 662 2680 caelesti,
695 2614 973 2669 adversus
1006 2613 1297 2684 principes
1327 2618 1384 2667 et
1415 2617 1753 2684 potestates,
1785 2615 2064 2669 adversus

423 2703 629 2760 mundi
658 2707 906 2758 rectores
939 2702 1310 2757 tenebrarum
1367 2701 1598 2757 harum.
1636 2701 1790 2757 Eliss
1838 2702 2061 2758 zeloten

421 2810 556 2848 eum
589 2792 839 2864 agnovit,
873 2807 1032 2862 aeque
1063 2807 1128 2845 ac
1158 2791 1440 2862 seipsum,
1464 2791 1523 2845 in
1555 2792 1921 2863 coarguenda
1950 2791 2061 2846 im-

423 2882 684 2955 pietate:
749 2880 849 2935 sed
901 2879 1136 2951 quando
1183 2879 1425 2951 propius
1473 2895 1604 2934 eum
1657 2880 1903 2950 aspexit,
1944 2897 2058 2935 non

420 2971 609 3043 potuit
660 2969 848 3024 visum
898 2967 1197 3022 intendere
1244 2967 1301 3020 in
1350 2983 1504 3022 eum.
1541 2967 1664 3022 Non
1715 2969 1871 3022 enim
1915 2969 2062 3040 fugit

422 3059 637 3131 Martyr
665 3075 699 3113 a
750 3056 896 3112 facie
944 3055 1443 3128 persequentium,
1476 3073 1591 3110 non
1639 3056 1697 3110 in
1749 3056 2061 3113 solitudine

422 3148 658 3203 abditus
680 3145 948 3218 privatim
966 3144 1399 3199 lamentahatur
1415 3144 1768 3215 impietatem
1797 3144 2021 3200 lsraelis
2042 3163 2055 3200 :

424 3237 523 3291 sed
558 3235 752 3290 media
769 3235 827 3288 in
856 3233 1111 3306 pericula
1133 3248 1259 3288 sese
1276 3232 1552 3301 inferens,
1576 3232 1737 3287 illata
1757 3233 2055 3301 sustinuit,

2177 1987 2616 2062 τυραννουμένων
2673 1987 2700 2040 ὁ
2759 1986 2999 2058 Μάρτυς,
3047 1983 3107 2038 οὐ
3167 1985 3432 2056 σωμάτων
3510 1981 3676 2056 πηλῷ
3733 1983 3823 2037 καὶ

2177 2075 2402 2146 πλινθίᾳ
2456 2073 2977 2147 ταλαιπωρούντων·
3031 2073 3276 2143 σηηείοις
3322 2094 3400 2144 τε,
3451 2072 3512 2127 οὐ
3564 2073 3662 2140 τήν
3716 2070 3817 2127 Δῖ-

2176 2185 2401 2240 γυπτον,
2434 2164 2579 2220 ἀλλὰ
2633 2161 2856 2238 καρδίας
2921 2162 3090 2217 ἀθέων
3152 2161 3420 2235 ἐμάστιξε,
3469 2161 3558 2216 καὶ
3618 2163 3819 2236 Φαραὼ

2173 2254 2265 2308 τὸν
2307 2254 2501 2323 νοητὸν
2555 2254 2686 2326 μετὰ
2731 2259 2830 2322 τῆς
2887 2253 2974 2306 ὑπ’
3012 2251 3168 2306 αὐτὸν
3231 2249 3533 2324 δυνάμεως,
3594 2250 3693 2305 οὐκ
3766 2249 3818 2305 ἐν

2176 2341 2327 2397 ὕδασι
2375 2342 2669 2414 θαλάσσης,
2713 2343 2766 2396 ἐν
2816 2339 3002 2414 α’ίμασι
3050 2339 3107 2396 δὶ
3152 2346 3267 2403 τοῖς
3322 2341 3512 2395 ἑαυτοῦ
3563 2339 3824 2396 κατεπόν-

2171 2454 2313 2487 τισε·
2367 2432 2564 2493 πόνους
2621 2452 2679 2486 τε
2748 2431 2837 2486 καὶ
2906 2431 3085 2507 μάχας
3133 2427 3327 2500 ἄλλας,
3383 2429 3444 2484 οὐ
3501 2430 3636 2505 πρὸς
3693 2430 3824 2492 τοὺς

2173 2527 2496 2599 κρατοῦντας
2554 2528 2654 2590 τῆς
2713 2522 2859 2575 κάτω
2908 2527 3034 2594 γῆς,
3086 2520 3175 2574 καὶ
3225 2520 3347 2594 περὶ
3397 2525 3593 2595 μικρᾶς
3626 2517 3821 2574 ἐνεδεί-

2175 2611 2322 2681 ξατο,
2374 2608 2466 2664 ’ίνα
2530 2609 3064 2684 κατακληρονομηθῇ
3124 2610 3152 2663 ὁ
3207 2608 3266 2664 ἐκ
3320 2608 3518 2684 σαρκὸς
3578 2606 3818 2684 Ἰσραὴλ,

2176 2699 2300 2755 ἀλλ’
2333 2700 2464 2775 ὑπὲρ
2519 2704 2625 2753 τῶν
2684 2698 2971 2774 οὐρανίων,
3002 2699 3091 2753 καὶ
3150 2698 3288 2773 πρὸς
3342 2699 3438 2759 τὰς
3498 2697 3668 2773 ἀρχὰς
3721 2701 3818 2751 τοῦ

2176 2788 2429 2858 σκότους,
2477 2792 2612 2864 πρὸς
2670 2790 2764 2849 τὰς
2816 2787 3053 2860 ἐξουσίας
3103 2788 3192 2842 καὶ
3238 2787 3330 2841 τὸν
3381 2786 3811 2862 κοσμοκράτορα.

2174 2877 2361 2940 Ἠλίας
2411 2874 2606 2953 ἔγνωκε
2656 2877 2748 2948 μὲν
2819 2875 3112 2947 ζηλωτὴν,
3145 2875 3235 2930 καὶ
3299 2874 3450 2931 τόνδε
3496 2875 3569 2937 ὡς
3628 2874 3810 2928 ἐαυτὸν

2173 2967 2262 3021 καὶ
2337 2966 2562 3038 ἀνομίαν
2633 2964 2961 3042 ἐλέγχοντα’
3004 2967 3033 3020 ’ὀ
3081 2963 3126 3020 δ’
3183 2965 3428 3021 ἐπέκεινα
3503 2964 3684 3029 ἐθεᾶτο
3758 2963 3808 3018 ἐν

2171 3056 2372 3128 τούτῳ,
2405 3055 2504 3110 οὐκ
2552 3055 2694 3130 εἶχεν
2747 3054 2797 3110 ἐν
2840 3054 2985 3126 αὐτῷ
3025 3051 3277 3109 κατιδεῖν.
3324 3053 3398 3107 Οὐ
3445 3055 3547 3130 γὰρ
3598 3050 3813 3131 ἔφευγεν

2174 3145 2277 3199 ἀπὸ
2325 3145 2622 3221 προσώπου
2669 3149 2776 3198 τῶν
2828 3142 3132 3198 διωκόντων
3184 3143 3212 3197 ὁ
3245 3144 3490 3216 Μάρτυς,
3525 3139 3638 3196 οὐδ’
3688 3141 3816 3217 ἐρη-

2178 3233 2273 3306 μίᾳ
2325 3233 2614 3308 γενόμενος
2674 3233 2763 3286 καὶ
2836 3229 3237 3305 καλυψάμενος,
3295 3234 3480 3306 ἡσυχῆ
3537 3231 3636 3300 τήν
3699 3230 3817 3285 ἀσέ-

424 3325 749 3380 secundum
795 3321 1314 3394 promptitudinem
1367 3321 1613 3392 spiritus
1645 3338 1854 3392 corpus
1885 3339 2060 3378 suum

2178 3303 2584 3398 BSt-GVVEOP-ﬁvn
2639 3326 2734 3376 τοῦ
2786 3303 3221 3396 Ἰσραήλονάλγ
3279 3321 3355 3383 εἰς
3407 3303 3610 3394 ⁷μέσους
3661 3319 3818 3384 ὠθῶν

424 3412 540 3467 illis
570 3412 870 3467 exhibens.
904 3410 1056 3466 Socii
1085 3410 1320 3480 Azarize,
1353 3413 1409 3464 et
1440 3408 1662 3476 Daniel,
1696 3410 1755 3465 in
1789 3410 1917 3467 lacu
1947 3429 2062 3467 non

423 3499 536 3555 nisi
568 3498 1146 3570 comprehensionem
1179 3502 1236 3553 et
1269 3499 1746 3555 circumstantem
1777 3500 1972 3572 ignem
2004 3501 2064 3556 in

422 3588 600 3658 seipsi
633 3587 1012 3657 invenientes,
1046 3586 1272 3658 reliqua
1301 3586 1498 3642 omnia
1523 3587 1582 3642 in
1605 3587 1731 3660 ipso
1764 3589 2065 3661 superiora

423 3676 868 3730 conﬁtebantur.
901 3675 1046 3739 Quid
1081 3692 1212 3730 vero
1239 3676 1447 3730 attinet
1473 3692 1930 3732 commemorare
1958 3695 2063 3733 caa-

423 3767 578 3818 teros
599 3763 627 3816 ‘I
653 3762 934 3833 Discipuli
962 3762 1198 3832 Christi,
1225 3762 1324 3834 qui
1355 3768 1540 3818 totum
1565 3766 1850 3820 mundum
1883 3767 2063 3821 Evan-

426 3851 575 3925 gelio
605 3851 887 3922 complexi
937 3856 1094 3920 sunt,
1129 3868 1405 3922 magnum
1458 3853 1563 3908 hoc
1593 3871 1710 3908 suae
1743 3855 2064 3910 confessio-

426 3941 519 3995 nis
547 3956 785 4012 germen
815 3939 1132 4004 intueutes,
1171 3939 1253 3994 sic
1303 3940 1582 3996 ferentem
1612 3941 1822 3998 Christi
1854 3960 2062 3998 nomen

428 4045 623 4084 coram
658 4028 893 4099 regibus
935 4033 992 4083 et
1039 4028 1320 4099 tyrannis,
1353 4045 1545 4084 coram
1593 4029 1855 4086 millibus
1886 4031 2068 4088 homi-

429 4135 592 4186 num,
617 4119 676 4172 in
699 4117 951 4172 maximo
971 4117 1229 4184 theatro;
1263 4118 1345 4173 sic
1375 4118 1617 4174 ﬁdenter
1632 4120 2063 4190 praedicantem,

427 4211 706 4278 tantoque
736 4222 873 4278 erga
901 4222 1033 4261 eum
1066 4223 1238 4277 quem
1273 4207 1621 4278 pradicabat
1652 4225 1848 4264 amore
1877 4209 2070 4266 incen-

428 4312 582 4364 sum,
615 4300 681 4350 ut
711 4295 952 4350 minime
984 4298 1356 4349 cunctaretur
1405 4299 1506 4349 aut
1535 4296 1855 4368 ambigeret
1885 4299 2065 4354 amori

427 4383 826 4440 obsecundare
855 4399 959 4455 per
989 4383 1226 4450 omnia;
1259 4383 1467 4438 deinde
1499 4389 1802 4456 propterea
1845 4386 2067 4457 patien-

425 4476 544 4528 tem
600 4472 793 4528 solum
851 4473 1067 4543 ipsum,
1113 4475 1394 4542 quantum
1444 4472 1620 4527 simul
1667 4491 1870 4530 omnes
1914 4479 2068 4547 passi

428 4561 692 4629 fuerant;
727 4559 1099 4616 exsultabant
1128 4561 1364 4632 gaudio,
1397 4565 1452 4616 et
1479 4561 1656 4616 veluti
1688 4580 1929 4620 suarum
1983 4583 2072 4621 co-

2173 3413 2357 3467 ἐαυτὸν
2414 3410 2541 3472 τοὺς
2615 3407 2912 3481 κινδύνους,
2961 3410 3028 3464 τὰ
3085 3409 3300 3464 ἐπιόντα
3356 3409 3630 3486 ὑφίστατο,
3686 3410 3822 3462 κατὰ

2169 3502 2269 3570 τήν
2328 3499 2630 3576 προθυμίαν
2687 3503 2784 3554 τοῦ
2832 3497 3139 3571 πνεύματος
3194 3498 3284 3553 καὶ
3341 3498 3439 3566 τὴν
3501 3498 3679 3571 ὁρμὴν
3714 3494 3821 3552 δει-

2172 3589 2346 3643 κνύων
2390 3593 2487 3642 τοῦ
2537 3588 2812 3661 σώματος.
2867 3587 2929 3640 Οἱ
2968 3587 3092 3661 περὶ
3139 3587 3387 3663 Ἀζαρίαν
3444 3585 3535 3641 καὶ
3589 3586 3818 3657 Δανιὴλ,

2171 3677 2270 3744 τὴν
2329 3675 2380 3730 ἐν
2436 3675 2622 3748 λάκκῳ
2672 3677 2934 3751 κάθειρξιν
2996 3674 3086 3730 καὶ
3142 3676 3240 3743 τήν
3300 3675 3670 3751 πὸρισχοῦσαν
3731 3673 3821 3729 αὐ-

2171 3770 2288 3827 τοῖς
2321 3764 2496 3842 φλόγα
2555 3759 2718 3837 μόνον
2777 3765 2986 3827 ἑαυτοῖς
3042 3761 3614 3833 συνειδότες,τ’ἄλλα
3669 3762 3820 3836 μόνῳ

2174 3853 2650 3930 προσεμαρτύρουν
2729 3853 2894 3926 αὐτῷ.
2955 3854 3015 3907 Τί
3090 3855 3202 3928 χρή
3270 3851 3397 3914 τοὺς
3455 3853 3570 3907 καθ’
3624 3848 3823 3906 ἕκαστα

2175 3943 2390 4018 λέγειν;
2446 3940 2606 3998 Ἀλλ’
2663 3943 2714 3996 οἰ
2772 3947 3004 4016 Χριστοῦ
3067 3941 3323 4015 μαθηταὶ,
3381 3941 3433 3995 οἰ
3486 3941 3585 4009 τὴν
3643 3939 3822 3995 οἰκου-

2180 4034 2342 4107 μένην
2432 4036 2512 4104 τῷ
2589 4029 2906 4107 Εὐαγγελίῳ
2980 4025 3386 4107 περιλαϐόντες,
3464 4033 3654 4084 τοῦτον
3725 4029 3819 4084 τὸν

2180 4122 2319 4197 μέγα
2345 4128 2447 4190 τῆς
2503 4122 2703 4176 δαυτῶν
2760 4117 3062 4196 ὁμολογίας
3115 4118 3332 4194 θρέμμα
3391 4115 3618 4187 ἰδόντες,
3649 4116 3822 4180 οὕτως

2178 4211 2411 4266 ἐναντίον
2475 4209 2739 4284 βασιλέων
2798 4208 2886 4263 καὶ
2960 4207 3252 4283 τυράννων,
3308 4208 3397 4263 καὶ
3456 4207 3542 4262 ἐπὶ
3601 4206 3824 4284 θεάτρου

2181 4300 2432 4374 μεγίστου
2481 4298 2569 4352 καὶ
2641 4295 2915 4374 μυριάδων
2977 4297 3268 4373 ἀνθρώπων
3329 4297 3392 4351 τὸ
3437 4301 3668 4374 Χριστοῦ
3729 4297 3825 4372 βα-

2178 4388 2435 4456 στάζοντα
2491 4384 2692 4459 ὄνομα,
2740 4385 2884 4440 οὕτω
2947 4385 3080 4458 μετὰ
3133 4384 3436 4461 παρῥησίας
3493 4385 3828 4460 κηρύττοντα

2177 4477 2288 4548 (καὶ
2339 4477 2454 4549 μεθ’
2504 4475 2622 4530 οἵου
2668 4475 2804 4551 πρὸς
2861 4475 2951 4530 τὸν
3004 4474 3405 4550 κηρυττόμενον
3468 4473 3708 4551 ἔρωτος;
3751 4476 3827 4537 ὡς

2185 4567 2310 4639 μήτ’
2345 4564 2627 4635 ἐνεστῶτα,
2676 4567 2814 4636 μήτε
2865 4561 3139 4636 μέλλοντα
3183 4569 3283 4632 τῆς
3323 4560 3616 4632 διακονίας,
3642 4564 3678 4633 ἢ
3729 4571 3828 4633 τῆς

427 4666 703 4705 ronarum
754 4655 930 4722 atque
977 4651 1158 4705 beatae
1211 4651 1602 4720 jucunditatis
1652 4652 2064 4710 incrementum

2186 4654 2395 4729 ἀγάπης
2469 4653 2752 4728 χωρίζειν)
2802 4653 3042 4707 παθόντα
3126 4672 3183 4706 τε
3255 4649 3343 4706 διὰ
3414 4652 3583 4707 ταῦτα
3666 4653 3829 4726 μόνον

428 4738 808 4810 accipiebant,
857 4755 924 4793 ex
972 4744 1134 4794 tanta
1178 4738 1580 4810 plenitudine;
1632 4739 1901 4813 discipuli
1953 4744 2075 4815 glo-

428 4826 598 4891 riam,
631 4843 799 4882 suam
830 4844 957 4883 esse
989 4829 1410 4884 existimantes.

2187 4745 2367 4812 αὐτὸν,
2435 4744 2608 4797 ὁπόσα
2689 4744 2896 4803 ἑαυτοῖς
2971 4742 3113 4814 ὁμοῦ
3191 4745 3420 4806 παθοῦσι
3513 4740 3829 4816 συνῄδεσαν,

2186 4831 2520 4908 ἠγάλλοντο,
2552 4829 2641 4885 καὶ
2672 4830 2746 4892 ὡς
2799 4830 2885 4884 ἐπὶ
2938 4829 3161 4904 μεγίστῃ
3198 4829 3542 4908 καρποφορίᾳ
3586 4833 3830 4907 προσθή-

430 4933 550 4984 κην,
610 4914 802 4968 ὡσανεὶ
859 4916 949 4968 καὶ
1003 4921 1108 4969 τῶν
1179 4915 1448 4993 στεφάνων
1510 4918 1599 4971 καὶ
1657 4924 1754 4985 τῆς
1817 4919 2084 4994 μακαρίας
2140 4921 2475 5000 εὐφροσύνης
2548 4917 2824 4994 ἐδέχοντο,
2874 4917 3010 4974 ἰδίαν
3070 4921 3270 4974 ἑαυτῶν
3328 4916 3680 4994 εὐδοκίμησιν
3728 4921 3828 4989 τὴν

426 5006 523 5055 τοῦ
559 5004 800 5073 μαθητοῦ
829 5003 988 5057 ποιού
998 5024 1170 5076 μενοι.

500 5092 587 5146 46.
623 5092 715 5147 Sic
747 5091 869 5162 ille,
903 5098 960 5148 et
1000 5110 1134 5150 cum
1166 5095 1346 5151 tantis
1399 5095 1576 5152 beata
1625 5097 1833 5153 mortis
1863 5115 2072 5156 monu-

428 5181 642 5235 mentis
691 5182 981 5252 apparuit,
1015 5187 1146 5253 post
1173 5184 1470 5255 apostolos
1522 5185 1962 5258 prophetasque
2017 5193 2074 5244 et

426 5268 649 5324 Veteris
681 5271 1035 5325 Testamenti
1054 5272 1268 5341 justos,
1289 5273 1556 5346 princeps
1575 5276 1632 5328 in
1663 5274 1837 5330 choro
1859 5277 2072 5350 Marty-

425 5374 578 5423 rum,
613 5359 981 5430 primamque
1029 5359 1521 5431 pulchritudinem
1556 5363 1698 5418 facie
1731 5365 1800 5419 ad
1835 5365 2065 5436 faciem,

424 5464 538 5501 non
565 5449 692 5518 jam
730 5463 830 5517 per
861 5447 1163 5518 speculum
1196 5449 1254 5503 in
1287 5451 1613 5521 aenigmate,
1638 5453 2064 5524 contemplans,

419 5535 559 5590 vivit
607 5553 801 5590 coram
857 5535 1115 5592 Domino.
1170 5537 1450 5610 Impletur
1478 5540 1632 5594 enim
1687 5541 1744 5594 in
1790 5557 1855 5596 eo
1905 5543 2064 5599 lsaiaa

419 5626 761 5679 vaticinium
794 5624 1042 5680 dicentis
1076 5644 1088 5680 :
1122 5626 1191 5680 Et
1218 5628 1598 5682 mundabitur
1624 5629 1796 5701 plaga
1823 5632 1972 5701 ejus,
2005 5637 2064 5689 et

420 5713 588 5784 vivet,
624 5721 670 5767 el
729 5713 1189 5770 misericordiam
1242 5720 1649 5786 consequetur,
1683 5721 1738 5772 et
1767 5717 2056 5790 glorifica-

2259 5101 2364 5172 μςῖ
2416 5097 2601 5160 Οὕτως
2655 5097 2858 5159 ἐκεῖνος
2906 5099 2995 5152 καὶ
3047 5098 3180 5171 μετᾶ
3223 5095 3486 5152 τοιούτων
3529 5101 3639 5153 τῶν
3688 5119 3828 5172 γνω-
3907 5105 3922 5120 ’

2184 5188 2458 5263 ρισμάτων
2527 5189 2626 5256 τῆς
2701 5186 2964 5262 μακαρίας
3029 5185 3294 5264 ἐπιφαίνει
3390 5185 3622 5258 λήξεως,
3696 5187 3833 5259 μετᾶ

2178 5275 2521 5349 ἀποστόλων,
2577 5276 2712 5348 μετᾶ
2782 5273 3001 5330 δικαίων
3071 5274 3158 5329 καί
3217 5279 3535 5352 προφητῶν,
3581 5278 3678 5329 τοῦ
3721 5279 3831 5329 τῶν

2180 5365 2464 5440 μαρτύρων
2529 5363 2771 5440 ἐξάρχων
2826 5368 3021 5440 χοροῦ,
3053 5363 3140 5418 καί
3200 5361 3269 5418 δι’
3302 5361 3478 5426 εἶ’δους
3523 5367 3620 5418 τοῦ
3676 5364 3831 5436 πρώ-

2172 5475 2267 5508 του
2324 5451 2590 5520 κάλλους,
2645 5452 2744 5507 οὐκ
2801 5452 2852 5507 ἐν
2919 5451 3166 5527 ἐσόπτρῳ
3241 5449 3354 5506 οὐδ’
3405 5451 3455 5506 ἐν
3514 5451 3826 5527 αἰνίγμασιν

2173 5541 2608 5620 ἐμφορούμενος,
2694 5541 2835 5595 οὕτω
2919 5538 3199 5616 συνάγεται
3279 5539 3510 5595 ἐναντίον
3603 5540 3826 5617 Κυρίου,

2173 5628 2606 5706 Συμπληροῦται
2656 5631 2756 5706 γὰρ
2809 5627 3023 5690 Ἠσαίας
3071 5632 3171 5700 τήν
3218 5630 3526 5708 εὐφημίαν·
3577 5629 3675 5684 Καὶ
3728 5651 3828 5684 κα.

2168 5720 2435 5796 θαρίζεται
2494 5720 2597 5774 ἀπὸ
2659 5725 2758 5787 τῆς
2819 5715 3063 5792 πληγῆς,
3121 5719 3210 5773 καὶ
3273 5725 3335 5788 ζῆ
3409 5717 3499 5775 καὶ
3571 5717 3826 5790 ἐλιεῖται,
