4118 6420
310 441 432 504 345

1313 443 1712 508 LAUDATIO
1753 442 2175 508 MICHAELIS
2221 443 2710 509 PALEOLOGI.

3592 442 3710 526 346

303 574 392 630 καὶ
451 570 730 645 δοξάζεται
781 573 861 636 εἷς
942 574 1036 630 τὸν
1086 573 1274 632 αἰῶνα.
1337 577 1434 632 Καὶ
1520 576 1792 632 ἐπέκειναο
1854 577 1952 632 Καὶ

2067 579 2226 636 bitur
2251 579 2313 635 in
2344 579 2661 635 sacula.Ac
2692 582 2932 652 postea:
2969 581 3037 634 Et
3057 577 3167 635 erit
3187 577 3299 652 ipsi
3331 575 3616 634 Dominus
3646 577 3707 634 in

301 665 501 741 γίνεται
558 663 710 736 αὐτῷ
763 664 960 741 Κύριος
1021 670 1136 744 φῶς
1190 667 1433 735 αἰώνιον,
1471 665 1806 742 ἀναπληρῶν
1866 669 1961 729 τὰς

303 753 513 830 ἡμέρας
559 757 660 808 τοῦ
720 755 945 816 πένθους
995 756 1181 814 αὐτοῦ.
1235 758 1333 811 Διά
1373 761 1540 812 ταῦτα
1585 757 1674 811 καὶ
1707 754 1818 811 ἄνω
1865 758 1958 829 μὲν

309 843 606 917 εὑρίσκεται
665 845 736 898 τὰ
789 845 926 919 πρὸς
992 845 1084 900 τὸν
1143 845 1271 901 Θεὸν
1348 848 1506 919 ἡμῶν
1589 845 1813 919 μεσίτης
1869 847 1960 900 καὶ

311 929 673 1002 διαλλακτής·
735 933 883 987 κάτω
942 929 1000 988 δὲ
1053 934 1143 988 καὶ
1197 941 1299 1004 τῆς
1357 933 1689 1011 παρῥησίας,
1719 933 1807 990 καὶ
1858 942 1962 1004 τῆς

321 1021 441 1096 ὅπερ
504 1023 673 1094 ἡμῶν
744 1020 966 1093 ἱκεσίας,
1040 1021 1234 1098 ἐναργῆ
1313 1025 1606 1100 παρέχεται
1682 1025 1749 1079 τὰ
1813 1045 1956 1099 γνω-

328 1111 558 1186 ρίσματα.
628 1110 743 1164 Τίνι
820 1111 923 1188 γὰρ
1001 1111 1060 1166 οὐ
1136 1109 1684 1186 συναντιλομϐἀνεται
1761 1115 1954 1187 ἀρετὴν

332 1200 559 1272 μετιόντι,
614 1199 705 1254 καὶ
762 1199 891 1263 τοὺς
944 1196 1143 1264 πόνους
1201 1201 1263 1256 οὐ
1323 1203 1798 1280 συνεπικουφίζει;
1843 1203 1954 1258 Τίνι

328 1287 666 1344 κινδυνεύοντι
785 1289 948 1360 μόνον
1055 1288 1368 1361 ἐπικληθεὶς
1470 1291 1531 1346 οὐ
1636 1292 1954 1368 παρίσταται

330 1378 544 1452 βοηθός
605 1377 784 1434 Ποίων
857 1379 909 1449 ἐξ
983 1380 1223 1454 ἀναγκῶν
1289 1380 1351 1435 οὗ
1410 1379 1611 1457 ῥύεται,
1667 1381 1822 1436 τίνων
1899 1382 1958 1437 ἐκ

325 1467 710 1541 περιστάσεων;
743 1467 926 1543 ἱατρός
986 1467 1037 1523 ἐν
1095 1470 1296 1541 νόσοις,
1355 1469 1407 1524 ἐν
1467 1467 1707 1545 Θαλάσσῃ
1762 1466 1954 1548 κυϐερ-

317 1558 491 1628 νήτης,
519 1556 821 1633 πρόμαχος
871 1556 924 1611 ἐν
972 1555 1262 1631 πολέμοις,
1317 1558 1368 1613 ἐν
1425 1565 1729 1636 συμφοραῖς
1787 1581 1955 1636 παρα-

311 1642 564 1721 κλήτωρ·
631 1647 704 1700 ἒνὶ
758 1641 930 1722 λόγῳ,
972 1647 1158 1710 κοινὸς
1215 1649 1353 1723 ρσρὰ
1408 1653 1542 1704 Θεοῦ
1598 1650 1688 1704 τὸν
1753 1651 1956 1704 ἅπαντα

305 1734 494 1809 χρόνον
551 1734 706 1804 ἥκων
767 1735 1053 1811 εὐεργέτης
1112 1740 1191 1807 τῷ
1254 1736 1378 1812 βίῳ,
1434 1739 1622 1807 κοινήν
1684 1739 1758 1801 εἰς
1807 1742 1955 1812 ἡμᾶς

300 1822 375 1878 ἀεὶ
428 1823 527 1878 καὶ
585 1826 687 1893 τήν
744 1822 1073 1897 κηδεμονίαν
1134 1823 1482 1881 ἐνδείκνυται.
1519 1829 1616 1882 Διά
1673 1833 1836 1882 τοῦτο
1865 1828 1956 1884 καὶ

300 1912 357 1966 τὸ
409 1919 520 1982 τῆς
598 1919 819 1992 Γραφῆς
891 1915 1143 1988 πάρεστιν
1217 1916 1344 1990 ὁρᾷν
1417 1921 1599 1994 σαφῶς
1659 1916 1739 1972 ἐπ’
1795 1918 1954 1973 αὐτὸν

299 1999 776 2076 ἐκπληρούμενον,
854 2001 1100 2065 Βασιλεὶς
1184 2005 1414 2080 ὁρῶντες
1486 2006 1666 2075 αὐτὸν,
1743 2008 1832 2062 καὶ
1905 2006 1954 2062 ἐν

305 2090 471 2146 εἰκόνι
562 2097 822 2146 τοσοῦτον
905 2091 1250 2168 προσθετέον,
1327 2093 1650 2167 ἀνίστανται,
1731 2098 1822 2150 ἅτε
1887 2097 1956 2152 τὰ

307 2179 535 2256 μέγιστα
612 2182 826 2244 ἑαυτοῖς
899 2183 1026 2258 παρ’
1094 2182 1258 2237 αὐτοῦ
1333 2179 1632 2247 συνειδότες
1718 2186 1952 2261 βοηθου-

305 2268 515 2341 μένοις.
547 2271 850 2346 ’Δργοντες
907 2275 1290 2346 προσκυνοῦσιν
1349 2271 1532 2327 αὐτόν’
1592 2270 1714 2343 ἔθνη
1777 2275 1811 2328 ’ἀ
1858 2274 1956 2330 οὐκ

301 2355 521 2430 ᾔδεισαν
579 2359 739 2414 αὐτὸν
798 2357 1202 2431 ἐπικαλοῦνται,
1252 2362 1341 2416 καὶ
1391 2359 1516 2416 λαοὶ
1573 2363 1624 2416 οἳ
1683 2363 1782 2418 οὐκ
1837 2363 1950 2419 έπί-

299 2467 519 2502 στανται
579 2447 663 2503 ἐπ’
721 2449 876 2504 αὐτὸν
962 2449 1380 2527 καταφεύγουσιν
1454 2447 1630 2506 ἕνεκεν
1701 2459 1802 2522 τῆς
1862 2450 1951 2507 δό-

2071 668 2261 724 lucem
2301 669 2739 741 sempiternam,
2771 673 2829 725 et
2858 667 3325 740 complebuntur,
3359 668 3484 723 dies
3512 667 3706 724 luctus

2069 758 2278 829 ipsius.
2312 759 2615 830 Propterea
2643 759 2818 814 etiam
2855 758 2914 813 in
2972 756 3133 814 caalis
3190 763 3248 812 et
3304 761 3501 813 noster
3549 757 3704 829 apud

2069 848 2252 904 Deum
2285 847 2570 903 mediator
2593 851 2650 904 et
2677 847 3013 920 paciﬁcator
3040 865 3053 914 ;
3079 847 3138 901 in
3162 845 3333 902 terris
3359 850 3552 902 autem
3586 863 3704 901 suae

2071 938 2222 1010 apud
2252 937 2435 993 Deum
2465 937 2664 1009 gratiae
2698 941 2872 1008 atque
2901 935 3337 992 intercessionis
3377 938 3594 1007 praebet
3621 935 3706 990 in-

2067 1026 2219 1084 dicia
2250 1027 2566 1082 luculenta.
2599 1025 2703 1082 Cui
2761 1027 2916 1082 enim
2956 1027 3028 1082 ad
3075 1026 3351 1081 virtutem
3410 1024 3706 1080 anhelanti

2069 1133 2182 1172 non
2206 1116 2494 1181 subvenit,
2527 1115 2782 1172 laborem
2816 1115 3128 1171 sublevans
3150 1116 3178 1170 ?
3217 1115 3311 1170 cui
3354 1113 3705 1186 periclitanti

2067 1205 2374 1261 auxiliator
2403 1222 2517 1260 non
2547 1206 2728 1275 adest,
2772 1205 3071 1259 invocatus
3091 1205 3118 1258 ‘I
3148 1205 3229 1260 Ex
3257 1203 3470 1268 quibus
3501 1218 3706 1259 neces-

2065 1295 2338 1350 sitatibus
2398 1311 2512 1350 non
2571 1294 2769 1350 eruit?
2819 1293 3033 1366 quibus
3065 1293 3122 1347 in
3154 1291 3560 1347 occasionibus
3589 1290 3706 1345 cui-

2067 1401 2244 1456 quam
2275 1384 2502 1440 defuit‘?
2533 1384 2795 1440 medicus
2826 1385 2884 1437 in
2934 1381 3176 1453 morbis,
3207 1381 3267 1436 in
3299 1381 3444 1436 mari
3492 1380 3702 1453 guber-

2067 1478 2662 1546 nator,propugnator
2692 1473 2749 1527 in
2775 1471 3030 1538 bellis,in
3065 1471 3323 1526 adversis
3345 1469 3700 1526 consolator:

2066 1580 2182 1618 uno
2212 1562 2385 1618 verbo
2410 1562 2743 1618 communis
2779 1561 2933 1634 apud
2984 1561 3167 1616 Deum
3227 1559 3386 1615 omni
3443 1563 3706 1630 tempore

2065 1651 2400 1707 benefactor
2428 1650 2486 1705 in
2514 1651 2622 1705 hac
2651 1651 2792 1717 vita,
2825 1665 3196 1705 communem
3227 1663 3363 1720 erga
3401 1665 3506 1703 nos
3557 1646 3706 1719 gerit

2068 1739 2542 1796 sollicitudinem.
2575 1739 2938 1811 Quapropter
2965 1737 3138 1794 etiam
3169 1737 3328 1793 istud
3387 1735 3703 1808 Scriptura

2065 1829 2125 1884 in
2156 1845 2222 1884 eo
2271 1829 2576 1884 manifeste
2629 1829 2886 1884 cernitur
2941 1826 3210 1899 impleri:
3272 1826 3454 1898 Reges
3511 1824 3706 1880 vident

2066 1917 2263 1990 ipsum
2294 1917 2378 1974 vel
2413 1918 2471 1972 in
2501 1917 2756 1990 imagine
2806 1915 3195 1988 propositum,
3227 1918 3284 1970 et
3311 1917 3700 1986 consurgunt,

2067 2006 2285 2062 conscii
2316 2006 2428 2061 sibi
2470 2005 2858 2061 maximorum
2890 2005 3240 2060 auxiliorum
3271 2020 3373 2075 per
3419 2019 3553 2058 eum
3611 2003 3706 2058 ob-

2061 2099 2356 2151 tentorum
2383 2114 2395 2150 :
2429 2099 2631 2167 gentes
2654 2112 2782 2167 quas
2803 2111 2937 2151 eum
2969 2111 3082 2149 non
3109 2095 3410 2160 noverunt,
3444 2107 3600 2158 eum,
3632 2091 3704 2146 ad

2063 2187 2260 2258 ipsum
2289 2187 2670 2259 confugiunt:
2733 2189 2968 2258 propter
3021 2183 3287 2257 gloriam,
3349 2199 3467 2254 qua
3509 2182 3704 2254 ipsum

2064 2277 2329 2332 omnium
2377 2276 2662 2332 Dominus
2717 2274 3098 2348 glorificavit:
3160 2273 3297 2345 quia
3351 2272 3515 2328 decet
3569 2287 3704 2327 eum

2063 2365 2248 2438 gloria
2277 2365 2336 2420 in
2369 2365 2580 2421 saecula
2609 2365 2975 2421 saeculorum.
3011 2366 3214 2420 Amen.

300 2536 416 2609 ξης,
475 2539 544 2606 ἧς
621 2536 777 2593 αὐτὸν
837 2538 865 2593 ὁ
914 2536 1127 2593 πάντων
1205 2534 1478 2612 Δεσπότης
1552 2538 1817 2615 ἐδόξασεν,
1877 2541 1959 2598 ὅτι
2034 2543 2181 2616 αὐτῷ
2249 2543 2440 2620 πρέπει
2510 2539 2634 2613 δόξα
2711 2541 2786 2604 εἷς
2852 2539 2979 2603 τοὺς
3038 2539 3238 2604 αἰῶνας
3297 2543 3404 2595 τῶν
3465 2538 3701 2596 αἰώνων.

296 2625 505 2699 Ἀμήν.

298 2807 3707 2844 W

1620 2950 1744 3000 ΤΟΥ
1782 2949 2145 3004 ΑΓΙΩΤΑΤΟΥ
2183 2953 2394 3002 ΚΥΡΟΥ

455 3092 1787 3267 ΓΡΗΓΟΡΙΟΥ
1901 3097 2373 3269 ΤΟΥ
2491 3091 3554 3268 ΚΥΠΡΙΟΥ

672 3377 1716 3478 ΑΡΧΙΕΠΙΣΚΟΠΟΥ
1818 3379 3326 3481 ΚΩΝΣΤΑΝΤΙΝΟΥΠΟΛΕΩΣ

1412 3557 1754 3609 ΕΓΚΩΜΙΟΝ
1791 3560 1904 3609 ΕΙΣ
1944 3559 2074 3610 TON
2110 3523 2593 3614 AI‘TOKi’ATOPA

592 3703 1194 3834 ΚΥΡΟΝ
1308 3704 2010 3834 ΜΙΧΑΗΛ
2119 3703 3402 3837 ΠΑΛΑΙΟΛΟΓΟΝ

1532 3917 1648 3966 ΚΑΙ
1688 3917 1866 3966 NEON
1907 3915 2476 3968 KQNXTANTINON'.

1630 4154 2086 4212 SANCTISSIMI
2115 4155 2374 4212 DOMINI

1099 4301 2084 4454 GREGORII
2222 4301 2912 4456 GYPRII

736 4545 1707 4642 ARCHIEPISCOPI
1793 4544 3264 4644 CONSTANTINOPOLITANI

1707 4716 1974 4774 ORATIO
2005 4717 2452 4773 LAUDATORIA

386 4859 562 4986 IN
652 4861 1001 4986 IMP.
1096 4861 1250 4984 D.
1350 4860 2336 4986 MIGHAELEM
2424 4855 3618 4983 PAL/EOLOGUM

1592 5056 1828 5114 NOVUM
1905 5056 2421 5114 CONSTANTINUM

693 5181 1079 5254 (Boissonad.,
1100 5181 1394 5238 Anecdota
1416 5184 1631 5238 Grmca.
1663 5185 1809 5237 tom.
1843 5181 1886 5250 Ι,
1920 5199 1978 5255 p.
2005 5182 2130 5239 313.
2162 5181 2344 5238 Paris.
2379 5180 2517 5237 1829
2546 5196 2614 5237 ex
2645 5179 3059 5252 Typograpbeo
3089 5177 3312 5252 Regio.)

371 5406 561 5462 Καινὸν
643 5401 819 5475 οὐδὲν,
878 5401 1120 5469 θειότατε
1179 5401 1425 5480 βασιλεῦ,
1488 5402 1534 5460 εἷ
1590 5403 1839 5467 τοιοῦτός
1893 5425 1953 5460 τε

2134 5405 2227 5462 Nil
2258 5405 2493 5472 mirum,
2525 5403 2718 5460 divine
2749 5403 3084 5476 imperator,
3102 5403 3151 5458 si
3184 5419 3286 5475 pro
3317 5400 3530 5459 indolis
3561 5418 3701 5458 mets

303 5494 395 5569 ὢν,
451 5496 542 5551 καὶ
621 5493 796 5556 οὕτως
873 5492 959 5547 ὑπ’
1027 5492 1255 5569 ἀπορίας
1337 5492 1782 5567 κατειλημμένος
1855 5493 1945 5548 καὶ

307 5585 591 5657 ἀσθενείας,
625 5583 790 5658 μέρος
843 5586 951 5637 τῶν
1011 5586 1112 5637 σῶν
1167 5581 1457 5638 ἐπαινετῶν
1501 5582 1591 5638 καὶ
1639 5582 1798 5645 αὐτὸς
1832 5581 1943 5658 ἐγε-

378 5733 392 5764 ι
427 5726 508 5784 Ex
537 5725 736 5784 codice
759 5723 940 5799 regio,
971 5726 1132 5800 3010,
1163 5744 1220 5801 p.
1250 5728 1342 5785 71.

2056 5494 2456 5551 mediocritate
2520 5509 2832 5549 numerum
2890 5493 3392 5566 panegyristarum
3465 5495 3700 5546 tuorum

2056 5587 2335 5642 aucturus
2364 5583 2552 5639 venio.
2587 5583 2714 5640 Non
2743 5581 2900 5641 enim
2931 5581 3376 5641 dissimulanter
3403 5580 3493 5654 egi
3539 5580 3698 5654 ejus-
