4118 6464
364 431 479 495 351

1387 436 1699 500 GEORGII
1744 437 2010 500 CYPRII
2053 436 2172 500 ΟΡ.
2222 434 2748 499 PATRIARCHAE

3647 430 3766 493 352

368 564 536 621 nimii
567 563 788 622 calores
818 564 1036 638 zephiri
1076 583 1141 622 ac
1189 568 1374 624 boreae
1429 570 1569 624 ﬂatu
1629 569 2002 638 minuuntur,

2121 568 2414 643 περίεστιν,
2447 567 2582 620 ὥστε
2636 564 2819 627 καλῶς
2881 563 2940 618 ἂν
2992 561 3113 639 ἔχοι
3168 555 3540 638 παραϐάλλειν
3600 561 3766 631 αὐτὴν

366 671 472 710 nec
529 655 642 710 nisi
699 671 907 711 nomen
969 657 1188 712 aestatis
1246 658 1324 712 ibi
1384 658 1852 730 deprehenderis.
1903 660 2008 715 Per

366 743 617 800 hiemem
668 749 822 799 terra
861 763 976 800 non
1009 746 1278 816 dehiscit,
1311 751 1367 802 et
1413 749 1644 821 frigoris
1696 749 2004 805 vehemen-

365 834 506 888 tiam
538 835 752 890 evitare
782 834 1031 891 facultas
1061 842 1151 892 est
1195 842 1250 892 et
1296 838 1566 893 exercitia
1595 839 1890 910 equestria
1923 840 2002 894 fa-

367 938 492 978 cere
523 923 649 977 sine
681 923 958 993 periculo,
989 925 1124 996 quia
1154 925 1232 980 ibi
1264 927 1456 982 minor
1483 932 1573 984 est
1602 927 1813 984 hiemis
1845 944 2005 1000 aspe-

366 1010 526 1067 ritas.
561 1011 702 1066 Cum
735 1013 890 1068 enim
927 1015 1062 1068 anni
1114 1019 1378 1087 tempora
1425 1017 1576 1072 dulci
1631 1018 1741 1072 sibi
1789 1018 1848 1072 in
1897 1018 2004 1073 hac

367 1101 508 1155 urbe
541 1100 794 1157 mixtura
823 1105 1140 1158 succedant
1171 1105 1469 1160 fastidium
1503 1123 1616 1161 non
1651 1111 1866 1176 creant,
1891 1107 2004 1162 alia

367 1188 517 1245 alius
541 1191 900 1260 jucunditati
932 1192 1151 1263 adjicit.
1188 1193 1345 1248 Talis
1377 1194 1556 1266 igitur
1593 1200 1832 1266 apparet
1863 1197 2002 1250 urbs

367 1280 556 1351 quoad
617 1296 830 1348 aerem,
891 1281 1028 1336 anni
1086 1286 1350 1353 tempora
1405 1288 1461 1337 et
1517 1283 1625 1338 loci
1682 1289 2000 1339 naturam:

368 1383 581 1440 magna
637 1385 704 1424 ex
752 1374 914 1440 parte
963 1370 1355 1426 continentem
1407 1388 1720 1443 occupans,
1751 1377 1808 1428 et
1856 1373 2002 1428 mari

367 1457 734 1525 incumbens,
792 1459 1054 1514 aedificiis
1124 1460 1448 1515 innumeris
1521 1461 1790 1533 insignis,
1851 1463 2003 1517 cives

367 1546 666 1602 nobilitate
717 1547 971 1619 quadam
1017 1549 1423 1622 praefulgentes
1473 1550 1592 1619 alil,
1627 1555 1704 1617 et,
1740 1557 1803 1606 ut
1847 1551 2004 1606 brevi

367 1634 580 1700 dicam,
617 1636 852 1691 urbium
885 1642 1173 1709 quotquot
1203 1638 1404 1709 regina
1433 1644 1522 1694 est
1547 1657 1613 1694 ac
1643 1645 1900 1695 vocatur.

2116 658 2252 732 πρὸς
2295 659 2394 725 τὴν
2449 656 2662 731 γείτονα
2717 655 3011 711 Θάλασσαν·
3074 651 3195 707 οὕτε
3265 654 3365 727 γὰρ
3426 650 3603 722 ἐκείνη
3669 673 3762 725 με-

2116 748 2310 822 γέθους
2340 745 2622 820 περιουσίᾳ
2664 743 3046 820 στενοχωροῖτ⁹
3077 739 3134 796 ἄν
3186 762 3318 795 ποτε
3370 741 3470 796 ὑπὸ
3519 749 3619 810 τῆς
3667 741 3762 815 ἐμ·

2116 831 2292 905 ϐολῆς
2337 840 2440 888 τῶν
2484 834 2796 910 εἰσρεόντων
2846 833 2921 894 εἰς
2966 832 3132 899 αὐτὴν
3175 834 3458 902 ποταμῶν,
3507 831 3603 884 xliv
3653 830 3762 885 εἶσ-

2117 926 2310 1002 ρέωσιν
2357 925 2438 979 ὅτι
2487 924 2736 979 πλεῖστοι
2788 923 2878 977 καὶ
2935 922 3207 996 μέγιστοι,
3241 917 3352 983 οὔθ’
3381 922 3416 989 ἡ
3448 917 3609 981 πόλις
3659 920 3762 974 ὑπὸ

2113 1020 2211 1069 τοῦ
2268 1013 2516 1084 πλήθους
2574 1017 2678 1066 τῶν
2740 1010 3170 1083 ἐπιδημούντων,
3219 1007 3310 1063 xui
3362 1007 3406 1063 εί
3463 1010 3600 1063 κατὰ
3661 1031 3760 1082 μυ-

2116 1101 2300 1180 ριάδας
2349 1104 2670 1181 ἐφίσταιντο,
2724 1101 2846 1174 ἐμοὶ
2898 1101 3094 1169 δοκεῖν,
3138 1093 3440 1171 συμϐάντος
3497 1097 3586 1152 xui
3644 1097 3764 1152 τού-

2113 1215 2208 1247 του
2269 1198 2334 1266 τῇ
2381 1192 2539 1247 πόλει
2611 1191 2788 1264 ὥσπερ
2873 1187 3179 1260 ἐξεπίτηδες
3238 1186 3644 1262 διευτεθουμένῖλ
3695 1189 3764 1242 τὰ

2113 1285 2287 1336 πάντα
2371 1283 2506 1358 πρὸς
2577 1283 2674 1349 τὴν
2753 1282 2850 1348 σῆν
2918 1276 3260 1355 παραδοχήν,
3332 1277 3574 1352 βασιλεῦ.
3639 1277 3761 1345 Καὶ,

2115 1372 2294 1444 ὥσπερ
2342 1372 2405 1425 τὸ
2445 1379 2546 1440 τῆς
2594 1377 2694 1446 γῆς
2746 1367 2938 1446 ἔδαφος
2982 1368 3129 1447 φέρει
3159 1367 3222 1422 τά
3254 1367 3441 1440 πάντα,
3475 1366 3616 1422 οὕτω
3671 1365 3761 1421 καὶ

2112 1464 2147 1530 ἡ
2179 1461 2340 1523 πόλις
2400 1463 2598 1522 πάντας
2659 1460 2973 1534 ἀνθρώπους
3027 1454 3142 1533 ἔχει
3201 1457 3458 1513 δεικνύναι
3501 1456 3552 1527 ἐξ
3583 1454 3763 1520 ἔθνους

2112 1551 2309 1612 παντὸς
2387 1551 2476 1604 καὶ
2542 1550 2749 1625 γένους,
2813 1546 3110 1618 Ἐλλήνων,
3165 1542 3449 1623 βαρϐάρων
3519 1542 3760 1615 ὁτωνδή-

2118 1642 2238 1694 ποτ’
2271 1640 2588 1716 ἀνθρώπων,
2621 1638 2726 1714 ούχ
2754 1641 2913 1706 ἦττον
2946 1636 3081 1691 κατά
3130 1636 3315 1712 χρείαν
3363 1638 3398 1704 ἢ
3451 1636 3586 1710 πρὸς
3636 1635 3756 1688 θέαν

367 1723 780 1801 ἀφικνουμένων
839 1731 938 1794 τῆς
994 1724 1231 1788 πόλεως.
1264 1728 1361 1780 Τὸν
1418 1725 1474 1781 δέ
1503 1732 1553 1803 γ’
1585 1729 1714 1802 ὑπὲρ
1771 1727 2012 1806 κεφαλῆς
2071 1730 2200 1805 ἀέρα
2256 1737 2358 1799 τῆς
2407 1727 2623 1790 πόλεως
2674 1728 2762 1783 καὶ
2811 1727 2968 1801 αὐτον
3019 1725 3073 1782 εἷ’
3113 1747 3197 1788 τις
3229 1731 3444 1780 σκοπεῖν
3482 1723 3758 1801 βούλοιτο,

367 1812 440 1874 ὡς
497 1810 632 1882 ἡδύς
683 1834 742 1867 τε
797 1814 885 1868 καὶ
935 1815 1166 1890 καθαρὸς
1220 1815 1309 1870 καὶ
1379 1817 1573 1878 παντὸς
1645 1816 1919 1872 ἀναπνέειν
1999 1817 2437 1894 ὀνησιμὼτεροςί
2512 1816 2644 1872 Οὔτε
2720 1817 2822 1892 γὰρ
2906 1815 3091 1892 θέρους
3175 1813 3356 1884 λυπεῖ,
3417 1809 3758 1888 ἀμϐλυτέρας

363 1902 458 1965 τὰς
513 1907 610 1956 τοῦ
670 1910 957 1980 φωπῆρος
1016 1905 1232 1967 ἀκτῖνας
1281 1905 1473 1980 βορέου
1523 1907 1611 1961 καὶ
1672 1906 1898 1983 ζεφύρου
1949 1913 2142 1970 πνοαῖς
2195 1907 2574 1984 ἐργαζόμενος,
2635 1907 2709 1968 ὡς
2763 1906 2989 1978 ὀνόματι
3041 1905 3197 1979 μόνον
3249 1906 3375 1980 παρ’
3422 1907 3556 1977 ἡμῖν
3627 1903 3761 1957 εἶναι

363 1989 427 2046 τὸ
481 1992 633 2068 θέρος
691 1989 896 2047 δοκεῖν·
949 1991 1071 2048 οὔτε
1121 1999 1397 2068 χειμῶνος
1451 1997 1660 2071 μυχοὺς
1715 2001 1890 2066 ζητεῖ)
1938 1995 2046 2051 ἔστι
2113 2004 2215 2073 γῆς
2278 1997 2368 2052 καὶ
2432 1994 2746 2057 καταδύσεις
2813 1994 3195 2073 φροντίζοντας
3252 1994 3349 2062 τὴν
3414 1997 3511 2047 τοῦ
3569 1995 3761 2068 καιροῦ

368 2077 644 2156 διαδρᾶναι
724 2079 1048 2156 δριμύτητα,
1126 2085 1240 2156 μετ’
1316 2082 1493 2146 ἀδείας
1570 2082 1627 2139 δὲ
1702 2085 1790 2139 xui
1866 2084 2244 2160 περιπολεύειν
2322 2083 2487 2156 ἔξεστι
2563 2087 2904 2156 ἱππάζεσθαι,
2980 2083 3068 2138 xui
3138 2090 3240 2138 πᾶν
3321 2084 3499 2136 ὁτιοῦν
3585 2087 3760 2136 ποιεῖν

367 2171 508 2242 ὁμοῦ
560 2169 766 2246 μεγάλῃ
826 2170 1094 2246 ῥᾳστώνῃ,
1152 2170 1386 2245 μηδενὸς
1448 2173 1507 2228 ἐκ
1560 2177 1657 2242 τῆς
1730 2173 1872 2249 ὥρας
1946 2176 2374 2251 προσισταμένου
2442 2179 2549 2230 τῶν
2608 2173 2906 2247 λυπηρῶν’
2966 2174 3021 2227 at
3094 2173 3194 2248 γὰρ
3272 2171 3410 2247 ὧραι
3477 2171 3613 2225 κατὰ
3660 2172 3760 2239 τήν

365 2258 525 2314 πόλιν
612 2259 791 2328 ἠπίως
877 2260 1150 2332 ἀλλήλαις
1237 2262 1648 2338 ἐπιμιγνύμεναι
1735 2264 1821 2318 καὶ
1907 2265 2264 2340 ἀναχεόμεναι
2355 2260 2754 2337 μεταϐάλλουσι
2841 2261 3229 2332 λανθανόντως,
3290 2259 3428 2315 ὥστε
3483 2258 3571 2315 xui
3635 2259 3757 2334 μίαν

367 2347 528 2410 αὐτὰς
585 2352 652 2422 τῇ
710 2349 992 2424 ἀνακράσει
1054 2348 1250 2424 δοκεῖν,
1308 2352 1395 2406 xui
1455 2353 1873 2430 σωφρονίζονται
1933 2351 1999 2407 δι’
2055 2352 2343 2424 ἀλλήλων,
2404 2355 2595 2424 ἑκάστη
2656 2353 2721 2408 τὰ
2774 2354 2900 2428 παρ’
2958 2353 3154 2421 ἑαυτῆς
3208 2355 3326 2412 ταῖς
3386 2351 3591 2425 ἑτέραις
3650 2349 3758 2403 εἷσ-

369 2437 618 2516 φέρουσα.
653 2437 806 2494 Οὕτω
863 2439 1039 2494 τοίνυν
1071 2443 1105 2509 ἡ
1138 2440 1300 2503 πόλις
1359 2441 1448 2496 καὶ
1506 2443 1659 2516 ὡρῶν
1719 2443 1806 2497 καὶ
1866 2442 2035 2518 ἀέρων
2095 2444 2185 2497 καὶ
2241 2444 2436 2506 θέσεως
2493 2439 2716 2518 ἔχουσα,
2747 2439 2933 2511 πολλή
2999 2441 3091 2515 μὶν
3151 2437 3281 2496 οῦσα
3335 2440 3452 2494 κατ’
3507 2436 3758 2514 ἤπειρον,

366 2524 553 2596 πολλή
589 2524 763 2582 δὲκαὶ
798 2530 962 2602 μέσην
997 2528 1260 2592 θάλατταν
1292 2531 1573 2606 σχίζουσα,
1605 2531 1830 2603 ποικίλη
1883 2529 1939 2586 δὲ
1985 2531 2073 2586 καὶ
2132 2533 2330 2610 ἄφατος
2388 2538 2501 2594 τοῖς
2558 2530 2987 2604 οἰκοδομήμασι,
3019 2528 3183 2603 δήμῳ
3241 2527 3298 2584 δὲ
3353 2529 3490 2603 πρὸς
3543 2527 3762 2590 τούτοις

366 2616 457 2671 καὶ
515 2615 764 2680 πολίταις
822 2623 936 2680 τοῖς
992 2619 1259 2695 κρείττοσι
1317 2627 1433 2685 καθ’
1491 2616 1800 2697 ὑπερϐολὴν
1862 2619 2321 2698 λελαμπρυσμένη
2383 2627 2488 2676 τῶν
2550 2619 2758 2694 ἄλλων,
2792 2618 2972 2693 δικαίᾳ
3027 2623 3194 2696 ψήφῳ
3250 2618 3449 2680 παντὸς
3494 2623 3602 2673 τῶν
3658 2616 3762 2672 πό-

369 2703 508 2760 λεων
550 2705 764 2782 βασιλὶς
793 2707 883 2762 καὶ
916 2702 1024 2763 ἔστι
1055 2709 1144 2764 καὶ
1179 2709 1519 2783 ὀνομάζεται.

442 2796 600 2853 Talis
631 2797 751 2854 haec
780 2799 922 2855 urbs
953 2799 1327 2857 celeberrima
1374 2818 1508 2857 cum
1548 2805 1721 2870 esset,
1756 2802 2006 2873 majores

2182 2800 2355 2870 Αὕτη,
2414 2799 2656 2876 βασιλεῦ,
2713 2798 2936 2870 τοιαύτη
2997 2819 3054 2853 τε
3112 2795 3244 2853 οῦσα
3308 2797 3398 2852 καὶ
3477 2795 3551 2857 είς
3606 2796 3760 2859 τοῦθ’

369 2889 507 2942 tuos
537 2887 728 2959 regios
759 2891 824 2942 ut
853 2889 1106 2944 fructum
1144 2905 1271 2946 sese
1301 2891 1548 2963 dignum
1581 2890 1720 2946 tulit
1747 2895 1805 2946 et
1833 2892 2011 2947 decus

371 2992 548 3032 suum
578 2976 637 3031 in
677 2976 1059 3049 imperatores
1109 2980 1308 3050 rejecit
1350 2983 1406 3036 et
1454 2981 1686 3052 proprio
1731 2996 1793 3036 se
1839 2997 2008 3036 orna-

373 3069 572 3120 mento
593 3066 1007 3138 magniﬁcavit,
1024 3067 1169 3122 nihil
1190 3068 1360 3124 alieni
1383 3069 1606 3125 decoris
1629 3069 2010 3134 admittendo,

372 3153 504 3210 Ideo
536 3155 676 3210 urbs
705 3159 896 3212 tantas
943 3156 1004 3211 in
1056 3156 1266 3213 melius
1313 3156 1748 3213 vicissitudines
1777 3161 2014 3230 experta

369 3247 479 3311 est,
513 3249 578 3299 ut
605 3260 667 3300 se
696 3244 886 3317 ipsam
917 3261 1227 3318 superasse
1253 3251 1312 3302 et
1340 3263 1371 3303 e
1399 3251 1696 3303 senectute
1711 3247 1781 3303 ad
1802 3263 2010 3302 novam

361 3333 666 3404 juventam
744 3334 1054 3391 emersisse
1125 3335 1408 3404 videatur,
1486 3336 1639 3392 sicut
1702 3335 2008 3408 aliquoties

369 3421 430 3476 in
483 3419 732 3494 singulis
792 3423 1132 3495 corporibus
1187 3424 1414 3480 evenire
1467 3424 1753 3480 videmus.
1783 3425 2008 3489 Quanto

369 3510 528 3566 enim
587 3510 967 3583 imperatores
1025 3512 1208 3568 nostri
1263 3530 1363 3569 eos
1414 3514 1514 3585 qui
1563 3513 1717 3570 idem
1769 3514 2008 3570 honoris

371 3598 509 3656 alibi
536 3599 836 3672 fastigium
867 3602 1162 3657 consecuti
1194 3607 1351 3674 sunt,
1380 3603 1546 3658 facile
1589 3608 1892 3676 superant,
1923 3604 2007 3660 sic

370 3687 546 3742 etiam
604 3688 792 3758 patria
832 3689 962 3761 ipsa
1009 3691 1080 3746 ob
1130 3689 1262 3746 illos
1315 3692 1569 3747 maxima
1625 3692 2008 3764 prosperitate

370 3775 670 3831 fruebatur
702 3793 714 3831 :
751 3793 816 3832 ac
848 3795 1017 3850 porro
1051 3783 1336 3851 quantum
1370 3782 1510 3837 urbs
1541 3785 1740 3837 nostra
1784 3782 2007 3838 caeteris

371 3864 706 3921 civitatibus
735 3867 988 3924 distabat
1025 3869 1098 3940 (ei
1131 3870 1286 3924 enim
1314 3875 1515 3942 utpote
1546 3871 1757 3943 regines
1788 3876 2004 3928 caetera:

371 3970 576 4010 omnes
607 3955 930 4027 cedebant),
961 3956 1044 4012 sic
1090 3958 1484 4015 dominatores
1534 3959 1716 4015 nostri
1765 3959 2006 4032 aequali-

369 4043 483 4099 bus
514 4043 637 4099 suis
685 4044 1041 4115 praestabant
1086 4051 1145 4101 et
1173 4047 1430 4103 immane
1475 4053 1760 4121 quantum
1811 4067 2005 4106 rerum

2119 2887 2327 2958 ἤκουσα
2377 2887 2592 2958 κλέους,
2624 2888 2750 2950 τοὺς
2807 2887 2985 2963 ἱερούς
3045 2907 3140 2940 σου
3195 2885 3496 2963 προγόνους
3545 2883 3634 2938 καὶ
3683 2884 3758 2944 ὡς

2117 2979 2322 3056 καρπὸν
2400 2979 2562 3048 ἀνῆκε
2638 2977 2786 3052 μάλα
2859 2977 3203 3053 πρὸσήκοντα
3285 2976 3448 3048 ἑαυτῇ
3514 2973 3625 3043 καὶ,
3683 2973 3757 3034 ὡς

2117 3069 2307 3141 κόσμω
2376 3066 2739 3146 διαφερόντως
2799 3063 3167 3138 ἐπαινουμένω
3244 3063 3485 3139 εὐτυχῶς
3567 3060 3760 3122 αὐτοὺς

2117 3157 2468 3227 πλουτήσασα
2556 3153 2799 3232 βασιλεῖς
2875 3156 2972 3228 (4),
3029 3153 3244 3216 τούτοις
3325 3150 3762 3216 ἐκαλλωπίσατο,

2119 3246 2298 3322 ὥσπερ
2330 3247 2420 3300 xui
2451 3247 2548 3315 τὴν
2582 3252 2685 3320 γῆν
2740 3243 2906 3313 αὐτὴν
2941 3245 3153 3320 ὁρῶμεν
3183 3248 3300 3303 ταῖς
3359 3239 3521 3302 ἰδίαις
3575 3246 3766 3315 γοναῖς

2115 3336 2467 3412 κεχρημένην
2497 3335 2572 3397 εἷς
2605 3334 2809 3406 κόσμον
2863 3332 3084 3404 οἰκεῖον,
3113 3333 3203 3386 καὶ
3249 3329 3455 3392 κάλλος
3508 3327 3763 3403 οὐδαμῶς

2115 3424 2472 3502 προσιεμένην
2506 3421 2820 3499 ἀλλότριον.
2853 3421 2952 3477 Καὶ
2993 3421 3237 3494 τοσούτῳ
3282 3419 3419 3495 πρὸς
3465 3419 3534 3474 τὰ
3583 3419 3760 3494 κρείτ-

2112 3537 2192 3569 τω
2248 3511 2339 3568 διὰ
2389 3512 2604 3568 τουτονὶ
2661 3512 2752 3567 τὸν
2810 3511 3012 3585 κόσμον
3044 3513 3080 3580 ἡ
3111 3508 3272 3571 πόλις
3302 3505 3588 3580 ἐπέδωκεν,
3620 3506 3761 3562 ὥστε

2114 3603 2202 3658 καὶ
2243 3603 2436 3672 ἑαυτῆς
2487 3599 2687 3678 βελτίω
2737 3608 2962 3679 φανῆναι
3002 3597 3199 3671 πολλῷ
3240 3597 3330 3653 καὶ
3381 3599 3515 3671 πρὸς
3573 3596 3754 3669 ἀκμὴν

2116 3691 2258 3768 ὥρας
2304 3693 2362 3746 ἐκ
2425 3690 2787 3767 γεγηρακυίας
2844 3687 3016 3744 ἐλθεῖν
3074 3688 3163 3744 καὶ
3226 3681 3428 3757 ἀνηῦᾷν
3480 3683 3650 3756 δόξαι,
3699 3686 3756 3740 ’ὸν

2113 3781 2311 3857 τρόπον
2362 3779 2452 3835 καὶ
2503 3779 2602 3835 ὅσα
2651 3785 2754 3835 τῶν
2798 3780 3066 3853 σωμάτων
3096 3777 3147 3848 ἐξ
3179 3774 3494 3850 ἐπιμελείας
3543 3776 3757 3848 ὁρῶμεν

2114 3870 2434 3949 τρεφόμενα,
2485 3869 2582 3924 Kui
2638 3871 2738 3945 γὰρ
2804 3867 2925 3923 ὅσον
2977 3867 3167 3922 ἐκεῖνοι
3243 3870 3351 3921 τῶν
3407 3865 3630 3919 πώποτε
3687 3864 3761 3924 εἲς

2112 3961 2300 4016 τουτὸν
2346 3959 2529 4020 αὐτοῖς
2579 3958 2887 4032 ἀξιώματος
2963 3957 3272 4036 ἀφιγμένων
3313 3959 3523 4029 κρατεῖν
3577 3951 3760 4025 ἐνομί-

2119 4056 2293 4123 ζοντο,
2344 4052 2600 4103 τοσοῦτον
2655 4047 2745 4102 καὶ
2821 4047 3013 4114 ἑαυτὴν
3071 4047 3106 4114 ἠ
3166 4042 3358 4118 πατρὶς
3405 4040 3474 4098 δι’
3526 4039 3760 4102 ἐκείνους

371 4135 672 4204 gestarum
728 4131 915 4204 gloria
963 4137 1098 4205 post
1153 4150 1214 4190 se
1271 4135 1705 4208 relinquebant,
1737 4138 2008 4195 felicitate

2122 4137 2513 4212 εύδαιμονοῦσα
2555 4133 2904 4213 παρέδραμε-
2955 4134 3044 4189 καὶ
3095 4131 3246 4196 αὖθις
3295 4132 3353 4187 ’ὸν
3413 4128 3578 4206 λόγον
3622 4127 3760 4204 πρὸς

374 4236 538 4293 asque
587 4236 652 4276 ac
697 4221 1012 4278 virtutibus
1060 4224 1266 4294 adjuti.
1317 4224 1479 4288 Quod
1528 4232 1722 4282 autem
1762 4227 2012 4284 maxime

375 4310 732 4378 mirandum,
767 4311 1010 4367 fortunae
1035 4311 1430 4370 inconstantia
1449 4332 1567 4386 qua
1589 4316 1732 4372 nihil
1757 4334 2014 4373 commu-

377 4399 532 4469 nius,
591 4400 997 4473 imperatores,
1053 4401 1203 4458 filios
1279 4419 1346 4458 ac
1418 4410 1656 4478 nepotes
1711 4423 2015 4478 nunquam

377 4488 656 4556 deseruit,
682 4489 801 4545 imo
830 4494 1111 4562 perpetuo
1143 4491 1554 4564 magniﬁcavit,
1579 4495 1795 4550 nedum
1826 4495 2020 4550 humi-

379 4578 560 4635 liavit.
595 4579 716 4644 Quo
745 4579 901 4635 enim
932 4583 1192 4652 tempore
1238 4586 1393 4638 terra
1443 4585 1740 4639 communi
1787 4583 2020 4640 calami-

378 4672 497 4725 tate
527 4669 921 4742 premebatur,
954 4673 1012 4724 et
1058 4671 1246 4742 patria
1292 4671 1422 4744 ipsa
1467 4672 1642 4729 variis
1689 4675 1878 4730 modis
1925 4692 2020 4731 ve-

381 4759 650 4826 xabatur,
677 4762 734 4814 et
790 4775 881 4814 res
937 4759 1202 4816 funditus
1250 4763 1650 4831 mutabantur,
1683 4781 1866 4819 unum
1910 4765 2020 4821 hoc

380 4863 566 4920 genus
593 4845 780 4920 gloria
809 4865 918 4904 sua
948 4848 1188 4904 minime
1209 4850 1559 4906 destitutum
1589 4852 1841 4909 est.Sors
1863 4853 2020 4909 enim

383 4935 567 4992 voluit
596 4951 698 5008 per
737 4939 793 4991 te
824 4936 1021 4992 omnia
1067 4938 1235 4993 nobis
1286 4939 1439 4995 bona
1484 4941 1772 5012 repartiri,
1799 4942 2023 4998 arboris

380 5023 646 5096 frugiferi
669 5025 753 5082 sic
777 5042 1018 5082 munere
1043 5027 1476 5100 fungentem,in
1501 5046 1614 5101 quo
1639 5047 1812 5102 poma
1833 5031 2025 5088 dulcia

385 5130 450 5169 ac
480 5112 648 5168 utilia
693 5119 1067 5170 enascuntur.
1111 5116 1171 5172 Si
1221 5121 1418 5173 autem
1449 5123 1745 5190 sceptrum
1793 5136 2026 5192 quoque

379 5219 484 5276 per
516 5202 754 5274 aliquod
786 5207 1020 5276 tempus
1051 5221 1082 5258 a
1125 5207 1449 5277 majoribus
1501 5207 1570 5263 ad
1622 5208 1879 5264 minores
1908 5208 2024 5264 ela-

379 5308 556 5364 psum
605 5295 717 5358 est,
761 5292 845 5347 nil
903 5293 1138 5348 mirum.
1171 5295 1522 5366 Aliquandiu
1570 5297 1725 5351 enim
1780 5313 2024 5370 regnum

380 5386 550 5436 tuum
577 5380 861 5436 familiam
886 5385 1050 5438 tuam
1074 5383 1289 5451 deﬁcit,
1323 5390 1384 5439 ut
1415 5390 1614 5456 postea
1636 5391 2025 5459 praeparatum

450 5508 532 5580 (4)
562 5506 904 5580 Michaelem
946 5507 1331 5580 Paluaologum
1381 5514 1437 5580 et
1481 5510 1882 5565 Andronicum
1935 5528 2024 5567 se-

381 5578 612 5651 niOrem
640 5609 705 5620 —
739 5579 830 5634 Sic
858 5579 1138 5651 Georgius
1167 5578 1502 5651 Acropolita
1551 5581 1766 5651 Hister.
1800 5583 1891 5651 46,
1927 5583 2026 5638 de-

383 5649 1036 5725 Mauuele__Anc_lronico
1075 5668 1087 5705 :
1119 5649 1217 5725 Τὸν
1262 5649 1358 5704 τοῦ
1385 5649 1652 5725 -μεγάλου
1703 5649 2028 5725 δομεστίκου

381 5723 595 5796 πρῶτον
629 5719 743 5776 υῒὸν
772 5721 863 5776 τὸν
895 5720 1178 5794 Κομνηνὸν
1219 5719 1468 5798 Μιχαὴλ,
1493 5719 1559 5776 ’ὃν
1615 5725 1748 5796 μετὰ
1773 5719 2030 5799 ’χρόνους

2118 4233 2225 4284 τῶν
2291 4226 2507 4282 πόλεων
2560 4227 2654 4287 τὰς
2714 4223 2910 4287 λοιπὰς
2985 4219 3213 4298 ἔσχηκεν
3290 4221 3424 4292 αὐτή
3482 4219 3762 4290 (ἥττηνται

2122 4318 2225 4394 γὰρ
2254 4316 2456 4387 ταύτης
2496 4316 2551 4370 αἱ
2581 4321 2745 4369 πᾶσαι
2776 4313 2864 4368 xui
2912 4315 3018 4367 τῶν
3071 4306 3368 4389 πρεσϐείων
3427 4309 3764 4380 ἐξίστανται),

2122 4407 2214 4462 τὸν
2299 4405 2457 4461 αὐτὸν
2533 4402 2669 4474 δῆτα
2743 4404 2980 4458 κάκεῖνοι
3067 4398 3234 4476 λόγον
3319 4399 3456 4474 πρὸς
3532 4399 3766 4458 ἅπαντας

2122 4497 2251 4558 τοὺς
2324 4493 2830 4571 προκεκρατηκότας
2905 4490 3179 4560 διέσωζον,
3245 4490 3460 4544 πάντων
3524 4486 3768 4563 ὑπερκεί-

2131 4608 2282 4664 μενοι
2335 4589 2436 4641 τῶν
2485 4581 2716 4654 λοιπῶν,
2749 4581 2850 4636 κωὶ
2899 4579 3044 4656 παρὰ
3088 4579 3311 4651 πάντας,
3344 4577 3467 4634 ὅσον
3515 4575 3770 4632 πλεῖστον

2131 4676 2274 4747 ἐνῆν,
2309 4672 2498 4750 ἀρίστῃ
2551 4671 2693 4746 νύχῃ
2747 4670 2836 4725 xui
2891 4670 3104 4744 ἀρεταῖς
3163 4666 3528 4743 ἐπαιρόμενοι.
3559 4665 3663 4750 Καὶν
3707 4665 3769 4718 τὸ

2131 4763 2197 4833 δὴ
2246 4749 2690 4836 θαυμασιώτατόν
2743 4780 2800 4814 τε
2853 4758 2943 4814 καὶ
2987 4756 3291 4834 κράτιστον,
3339 4757 3402 4810 τὸ
3444 4761 3543 4823 τῆς
3590 4749 3768 4809 εὐδαι-

2135 4853 2324 4929 μονίας
2393 4850 2582 4921 καλὸν,
2649 4847 2779 4925 ὅπερ
2847 4846 3039 4925 φιλοῦν
3105 4845 3186 4900 ἀεὶ
3263 4843 3610 4919 μεταπίπτειν
3681 4841 3772 4896 καὶ

2079 4986 2085 4990 -
2136 4939 2484 5016 μεταδιώκειν
2529 4936 2729 4994 ἄλλοτε
2776 4935 2939 5012 ἄλλῃ,
2971 4935 3154 4999 αὐτοῖς
3198 4956 3258 4991 τε
3303 4934 3394 4989 καὶ
3435 4933 3636 4994 τέκνοις
3682 4933 3772 4986 xui

2129 5036 2246 5094 τοῖς
2297 5029 2356 5085 ἐκ
2400 5029 2604 5084 τούτων
2648 5033 2776 5082 πᾶσι
2825 5025 2894 5081 δι’
2943 5025 3135 5102 ἀρετὴν
3185 5025 3396 5086 πάντως
3451 5019 3564 5078 οὔτ’
3604 5018 3776 5092 ἠλατ-

2132 5121 2277 5190 τώθη
2337 5121 2434 5172 τοῦ
2496 5117 2766 5192 μεγέθους,
2815 5113 2904 5170 xui
2957 5113 3025 5170 τὰ
3084 5111 3297 5191 μεγάλα
3353 5109 3612 5170 ἐπέδωκε.
3667 5113 3773 5168 Τοῦ

2131 5211 2232 5284 γὰρ
2285 5211 2469 5262 κοινοῦ
2533 5207 2630 5274 τῆς
2699 5204 3024 5278 οἰκουμένης
3081 5205 3367 5266 συστάντος
3428 5202 3629 5262 πάθους
3683 5198 3774 5254 καὶ

2131 5304 2231 5367 τῆς
2287 5293 2545 5369 πατρίδος
2597 5293 2804 5365 κίνησιν
2863 5291 3172 5364 κινηθείσης
3228 5293 3294 5362 ἢν
3355 5290 3453 5347 οὐκ
3511 5287 3615 5346 ἔδει
3674 5290 3773 5364 (5),

2133 5407 2346 5442 παντων
2377 5382 2433 5440 δὲ
2468 5387 2576 5439 τῶν
2623 5383 2674 5438 ἐν
2725 5383 2860 5458 αὐτῇ
2904 5377 3212 5458 μεταϐολὴν
3260 5377 3619 5457 δεδεγμένων,
3650 5377 3779 5435 ἀλλ’

2135 5510 2284 5581 τινὰς
2341 5513 2376 5580 ἡ
2433 5513 2562 5581 τῶν-
2597 5507 2881 5581 Ῥωμαίων
2957 5504 3336 5578 πεπλούτηκεν
3396 5505 3471 5569 εἷς
3530 5503 3781 5581 εὐτυχίαν

2136 5580 2338 5651 ταύτης
2361 5578 2450 5636 καὶ
2482 5578 2740 5650 εὐδοξίαν.

2209 5650 2532 5726 (5)⁷Ιηηυὶῐ.
2565 5659 2730 5726 puto,
2763 5651 3020 5725 Byzantii
3051 5650 3536 5725 expugnationem
3591 5666 3627 5708 a
3683 5653 3779 5707 La-

2137 5725 2278 5783 tinis
2309 5727 2541 5784 factam.
