4118 6426
325 404 438 492 35:

1330 425 1726 490 LAUDATIO
1768 425 2186 489 MICHAELIS
2228 427 2718 492 PAL/EOLOGI.

3604 437 3722 498 354

322 562 387 632 ἣν
441 559 541 616 οὔκ
594 557 837 638 ὤφελον,
891 558 1043 634 μόνῳ
1081 562 1161 631 τῷ
1223 557 1459 632 τοιούτῳ
1510 557 1651 634 γένει
1700 558 1830 619 Θεὸς
1886 559 1976 612 τὸν

2095 576 2154 617 ac
2183 561 2518 618 roboratum
2573 563 2777 620 eodem
2832 579 2968 620 cum
3025 565 3234 637 majori
3293 566 3601 640 splendore
3657 587 3724 628 ac

318 644 490 707 ὄλϐον
518 656 622 719 τῆς
656 647 820 721 δόξης
873 653 1168 726 τετήρηκεν
1218 646 1624 722 ἀμετάπτωτον,
1672 644 1891 721 μέλλων
1920 668 1977 702 σε

319 740 534 801 πάντως
561 740 627 794 τὸ
670 739 850 794 κοινὸν
899 741 1035 812 ἡμῖν
1088 738 1286 814 ἀγαθὸν
1326 736 1562 793 ἐντεῦθεν
1619 741 1973 813 παραγαγεῖν,

322 828 505 903 ὥσπερ
549 828 610 884 ἐκ
667 825 890 903 δένδρου
949 827 1259 905 ἐρρωμένου
1309 847 1369 882 τε
1394 831 1512 888 τοῖς
1569 831 1698 880 πᾶσι
1756 824 1848 880 καὶ
1896 825 1978 880 εὐ-

319 922 517 994 γενοῦς
558 917 767 992 καρπὸν
822 914 969 990 μάλα
1015 913 1148 987 ἡδὺν
1197 914 1287 972 καὶ
1336 915 1640 994 ὠφέλιμον.
1674 913 1737 968 Εἰ
1784 911 1843 969 δὲ
1888 913 1976 969 καὶ

318 1009 387 1063 τὰ
433 1009 685 1083 σκῆπτρα
734 1006 873 1083 πρὸς
936 1007 1127 1083 μικρὸν
1181 999 1547 1079 μεταϐέϐηκεν
1599 1006 1698 1078 (6),
1751 1003 1813 1057 οὗ
1862 1006 1975 1079 χρὴ

322 1096 620 1168 θαυμάζειν
649 1095 788 1172 πρὸς
816 1098 1008 1150 τοῦτο’
1050 1094 1185 1171 πρὸς
1218 1093 1404 1171 ὀλίγον
1453 1093 1553 1170 γὰρ
1600 1095 1635 1162 ἡ
1687 1091 1836 1168 ἀρχὴ
1880 1096 1979 1147 τοῦ

324 1189 423 1241 σοῦ
480 1185 673 1260 γένους
729 1181 937 1256 ἐξέστη,
970 1182 1015 1237 εἰ
1067 1182 1158 1237 καὶ
1221 1180 1367 1245 ὅλως
1424 1181 1631 1253 ἐξέστη,
1672 1179 1765 1258 ἵν’,
1798 1182 1978 1257 ὥσπερ

330 1273 811 1350 παρασκευασμένη
885 1272 975 1327 καὶ
1050 1270 1239 1348 χρόνῳ
1320 1274 1787 1351 προσχρησαμένη
1871 1273 1979 1327 τινὶ

334 1363 464 1440 πρὸς
488 1360 818 1439 ἀνάῤῥωσιν,
850 1357 999 1422 αὖθίς
1048 1380 1134 1415 σοι
1185 1362 1319 1435 μετά
1361 1361 1616 1427 πλείονος
1662 1371 1764 1435 τῆς
1822 1360 1979 1418 δυνά-

333 1473 474 1525 μεως
516 1447 653 1525 ἔλθῃ
718 1451 810 1505 καὶ
858 1445 1183 1526 προσδράμῃ
1241 1452 1377 1524 μετὰ
1433 1451 1851 1529 λαμπρότητος.
1901 1457 1981 1508 Δι’

326 1540 360 1595 ἃ
384 1538 453 1610 δὴ
494 1539 588 1595 καὶ
621 1534 886 1614 διάδοχος
921 1544 1024 1607 τῆς
1070 1545 1339 1613 πατρικῆς
1392 1539 1649 1618 εὐτυχίας
1681 1543 1709 1596 ὁ
1740 1542 1831 1604 σὸς
1875 1562 1979 1597 πα-

320 1632 447 1705 τὴρ,
478 1628 574 1684 καὶ
605 1626 819 1705 κλῆρος
865 1626 1014 1699 αὐτῷ
1055 1632 1309 1704 πατρῷος
1362 1630 1431 1685 τὰ
1483 1630 1543 1686 έκ
1598 1630 1785 1707 γένους
1839 1628 1982 1702 καλᾲ

323 1719 464 1793 μετὰ
508 1715 778 1789 πλείστης
818 1714 952 1788 ὅσης
989 1722 1091 1787 τῆς
1136 1712 1843 1797 ἐπιδόσεωςπεριίσταται,
1889 1720 1980 1774 καὶ

314 1812 568 1885 κρεῖττον
629 1806 667 1876 ἢ
723 1810 839 1861 κατ’
897 1804 1089 1881 εὐχὴν,
1146 1805 1215 1875 ἢν
1279 1808 1509 1884 πατέρες
1585 1813 1702 1872 τοῖς
1772 1809 1981 1870 τέκνοις

2083 647 2288 705 robore
2315 655 2717 707 reverteretur.
2751 652 2969 708 Idcirco
3000 660 3165 726 pater
3212 658 3353 712 tuus
3418 675 3725 717 successor

2083 743 2258 809 atque
2289 739 2454 796 heres
2491 740 2658 797 avitae
2713 740 3007 797 felicitatis
3065 744 3271 816 fulget,
3330 745 3508 819 idque
3565 749 3723 806 ultra

2084 828 2526 899 prosperitatem
2555 845 2730 900 quam
2782 835 3046 902 parentes
3078 831 3277 890 liberis
3334 843 3724 909 augurantur,

2086 914 2135 969 si
2167 915 2254 971 fas
2284 921 2373 972 est
2400 918 2727 973 secundum
2759 919 2909 975 facta
2963 920 3216 992 alicujus
3265 924 3464 981 futura
3514 927 3725 999 praedi-

2086 1019 2233 1060 cere.
2251 1005 2307 1061 Is
2332 1005 2433 1078 qui
2464 1022 2742 1079 magnum
2776 1012 2951 1080 atque
2980 1009 3270 1067 illustrem
3302 1013 3447 1069 vidit
3503 1018 3724 1074 Andro-

2086 1093 2306 1163 nicum,
2329 1110 2420 1150 me
2452 1096 2923 1168 comprehendet,
2957 1102 3013 1154 et
3058 1100 3369 1157 verborum
3415 1105 3723 1164 veritatem

2086 1197 2119 1237 ο
2149 1184 2323 1239 rebus
2351 1200 2386 1239 a
2411 1184 2534 1240 viro
2564 1185 2751 1257 gestis
2782 1190 3080 1257 agnoscet.
3114 1189 3311 1245 Multae
3369 1192 3525 1249 enim
3584 1201 3726 1253 sunt

2087 1270 2217 1343 ejus
2246 1271 2317 1328 de
2336 1271 2607 1329 hostibus
2636 1272 2884 1329 victorias
2914 1274 2974 1329 in
3024 1275 3255 1335 Oriente
3302 1282 3359 1335 et
3415 1279 3722 1342 Occidente

2088 1364 2410 1432 reportata,
2438 1360 2624 1418 multa
2652 1366 2869 1435 tropaea
2897 1364 3113 1422 dextra
3143 1366 3370 1424 invictae
3396 1370 3725 1431 fortitudini

2089 1448 2301 1504 debita.
2325 1448 2547 1521 Ingenii
2578 1465 2749 1521 porro
2783 1466 3028 1508 acumen
3052 1456 3110 1508 et
3148 1453 3497 1527 humanitas,
3543 1475 3721 1532 quam

2087 1536 2148 1592 in
2179 1536 2413 1607 regibus
2443 1541 2501 1593 et
2530 1539 2838 1612 praecipuis
2885 1541 3350 1615 magistratibus,
3399 1552 3724 1621 senatuque

2089 1625 2452 1682 admiramur
2479 1643 2673 1683 rerum
2712 1627 3092 1685 honestarum
3122 1632 3387 1705 exempla
3439 1640 3722 1710 suppedi-

2087 1715 2267 1771 tando
2295 1720 2354 1772 et
2404 1714 2846 1774 multitudinem
2877 1717 3070 1790 ipsam
3101 1721 3172 1776 ad
3220 1722 3366 1779 bene
3404 1727 3722 1798 agendum,

2090 1804 2161 1859 ad
2194 1820 2424 1860 morum
2446 1804 2812 1862 honestatem
2842 1806 3114 1864 excitant.
3147 1809 3303 1867 Deus
3332 1812 3441 1869 tibi
3470 1819 3598 1871 vitae
3630 1833 3724 1873 co-

318 1897 673 1974 έπεῦχονται,
706 1893 753 1949 εἰ
783 1895 897 1971 χρὴ
934 1894 1003 1948 τὰ
1048 1891 1239 1949 δέοντα
1286 1892 1479 1972 λέγειν,
1510 1898 1647 1953 κατᾶ
1693 1899 1789 1962 τὰς
1839 1895 1978 1973 πρά-

321 1987 343 2000 .
480 1985 498 2000 .
541 1983 563 2000 η
597 1983 610 2000 .
675 1986 688 2000 .
872 1980 947 2000 ..ν
1123 1981 1138 2000 .
1208 1988 1231 1999 ..
1404 1983 1457 2000 τι,
1570 1988 1583 2000 .
1751 1985 1802 2000 ,ι
1964 1986 1978 2000 .

2095 1892 2293 1949 mitem
2323 1896 2571 1950 matrem
2623 1895 2917 1967 egregiam
2963 1896 3120 1953 velut
3167 1900 3388 1970 praemii
3444 1900 3570 1960 loco
3624 1922 3724 1978 pro

319 1987 429 2058 ξεις
478 1983 840 2058 ἐκλάμψαντι.
872 1980 947 2042 Ei’
986 2004 1070 2046 τις
1120 1981 1320 2040 ἐκεῖνον
1372 1983 1488 2041 οἶδε
1530 1988 1623 2042 τὸν
1674 1985 1848 2042 πολὺν
1891 1986 1981 2041 καὶ

2095 1982 2303 2037 virtute
2330 1987 2434 2038 tua
2482 1986 2540 2039 et
2597 1983 2741 2038 tein
2798 1984 3005 2056 primis
3061 1985 3471 2059 dignissimam
3528 1994 3721 2064 dedit;

323 2077 497 2152 μέγαν
558 2071 907 2150 Ἀνδρόνικον
951 2073 1050 2147 (7),
1083 2070 1224 2128 οἶδεν
1278 2074 1308 2128 ὃ
1368 2073 1516 2151 λέγω
1571 2077 1662 2131 καὶ
1699 2077 1799 2144 τήν
1850 2080 1979 2147 τῶν,

318 2163 515 2240 λόγων
547 2162 806 2233 ἀλήθειαν
835 2159 894 2216 ἐκ
919 2164 1029 2216 τῶν
1059 2159 1232 2238 ἔργων
1279 2167 1379 2217 τοῦ
1435 2160 1628 2241 ἀνδρὸς
1689 2162 1982 2240 ἐπιγνώσε-

318 2276 434 2311 ται.
472 2251 574 2308 Καὶ
627 2250 732 2327 γὰρ
777 2249 973 2306 τούτου
1008 2247 1216 2305 πολλαὶ
1251 2251 1345 2325 μὲν
1404 2259 1518 2308 κατ’
1547 2251 1757 2329 ἐχθρῶν
1816 2251 1978 2325 νίκαι,

322 2346 379 2399 αἱ
414 2342 514 2417 μὲν
550 2339 639 2396 ἐπὶ
666 2343 764 2410 τῆς
821 2339 982 2413 ἑῴας,
1013 2340 1069 2394 αἱ
1125 2336 1183 2394 δὲ
1237 2338 1327 2395 καί
1383 2342 1521 2397 κατὰ
1573 2343 1671 2411 τὴν
1734 2341 1977 2416 ἑσπέριον

322 2432 487 2504 λῆξιν
545 2429 835 2507 γενόμεναι
884 2430 981 2503 (8),
1011 2426 1198 2483 πολλᾶ
1248 2426 1307 2484 δὲ
1354 2430 1444 2485 καὶ
1492 2430 1560 2486 τὰ
1604 2430 1839 2507 τρόπαια
1884 2431 1980 2485 ἂν·-

323 2522 623 2593 υποστάτῳ
671 2518 830 2596 ῥώμῃ
894 2515 1065 2588 δεξίᾰς
1122 2517 1474 2592 ἀνιστάμενα·
1528 2522 1564 2591 ἡ
1615 2519 1873 2599 φρόνησις
1922 2515 1981 2574 δὲ

322 2612 413 2668 καὶ
444 2615 486 2682 ἡ
516 2610 658 2687 πρὸς
718 2601 1028 2685 ὑπερϐολὴν
1077 2606 1456 2686 φιλανθρωπία
1483 2610 1552 2664 τά
1582 2609 1978 2683 ἐπισημότατα,

323 2702 377 2773 ἐξ
428 2702 509 2756 ὧν
559 2699 865 2772 θαυμαστὸς
927 2697 1022 2770 μὶν
1083 2696 1174 2751 καὶ
1231 2698 1377 2774 παρὰ
1436 2695 1714 2773 βασιλεῦσι
1770 2698 1860 2752 καὶ
1913 2698 1981 2752 τὰ

2091 2086 2269 2142 quam
2300 2070 2347 2126 si
2377 2072 2532 2143 quod
2563 2087 2680 2127 uno
2734 2073 2927 2141 verbo,
2952 2076 3010 2128 et
3037 2090 3176 2145 non,
3207 2075 3359 2133 sicut
3408 2079 3549 2137 dicit
3592 2082 3723 2138 Pin-

2091 2161 2268 2216 darus
2335 2160 2538 2233 lingua
2618 2162 2996 2218 mendacibus
3055 2166 3429 2236 procudendo
3485 2169 3727 2229 laudare

2088 2248 2249 2316 velit,
2280 2249 2522 2305 unicum
2553 2265 2726 2306 sexus
2786 2250 3048 2306 feminini
3104 2255 3401 2327 exemplar
3446 2262 3505 2314 et
3550 2277 3726 2318 orna-

2090 2342 2356 2395 mentum
2406 2339 2679 2411 quodque
2722 2356 2927 2396 omnes
2958 2342 3223 2398 omnium
3256 2344 3572 2406 mulierum
3612 2351 3728 2408 vir-

2089 2431 2245 2484 tutes
2271 2428 2329 2483 in
2361 2444 2424 2484 se
2480 2444 2599 2483 una
2644 2428 2895 2496 exhibet,
2938 2430 3098 2485 omni
3149 2433 3286 2503 jure
3325 2431 3555 2497 dixerit.
3612 2441 3727 2498 Re-

2086 2534 2221 2573 vera
2247 2517 2370 2573 haac
2396 2520 2453 2572 te
2484 2516 2645 2590 origo
2702 2518 2943 2573 decebat
2992 2518 3227 2577 familias
3259 2540 3272 2588 ;
3305 2529 3470 2596 pater
3524 2530 3727 2588 multis

2087 2605 2342 2664 victoriis
2370 2604 2637 2677 illustris,
2673 2610 2858 2662 mater
2886 2608 3047 2662 omni
3076 2609 3363 2670 virtutum
3394 2612 3568 2674 laude
3625 2636 3724 2677 cu-

2089 2694 2313 2752 mulata
2341 2699 2397 2751 et
2425 2695 2638 2751 eximia
2678 2696 2963 2752 modestia
2992 2702 3215 2755 ornata.

320 2795 521 2868 πρῶτα
602 2792 711 2843 τῶν
784 2785 1107 2873 ἀξιωμάτων
1174 2786 1494 2864 φερόμενος,
1551 2787 1855 2860 θαυμαστὸς
1914 2783 1971 2841 δὲ
2026 2786 2117 2873 καὶ
2175 2784 2321 2861 παρὰ
2373 2786 2442 2856 τῇ
2503 2781 2774 2873 γερουσίᾳ,
2835 2781 3009 2859 ἔργων
3064 2785 3247 2850 αὐτοῖς
3309 2791 3521 2866 ἀγαθῶν
3578 2816 3723 2873 χρη-

328 2880 572 2953 ματίζων
626 2872 991 2951 παράδειγμα,
1051 2874 1357 2950 ἀξιέραστος
1417 2873 1475 2931 δὲ
1529 2876 1618 2931 καὶ
1674 2875 1832 2931 παντὶ
1883 2879 1964 2948 τῷ
2020 2871 2317 2947 δημοτικῇ,
2388 2870 2766 2948 χρηστότητος
2844 2873 3067 2948 τρόποις
3153 2876 3469 2956 ἀναφλέγων
3528 2870 3723 2951 αὖτοὺς

324 2967 464 3045 πρὸς
518 2968 620 3035 τὴν
674 2963 903 3021 εὔνοιαν.
963 2966 1030 3043 ᾮ
1085 2964 1176 3019 καὶ
1231 2963 1493 3020 κοινωνὸν
1553 2964 1674 3041 βίου
1734 2966 1864 3028 Θεὸς
1913 2965 2015 3035 τὴν
2069 2963 2379 3037 θαυμαστήν
2440 2982 2535 3048 σου
2591 2961 2831 3038 παρέσχε
2893 2962 3099 3037 μητέρα
3148 2966 3247 3040 (9),
3281 2967 3467 3043 ἆθλον,
3509 2972 3544 3043 ἢ
3596 2976 3728 3048 (οὐκ

329 3057 448 3135 ἔχω
480 3057 591 3131 (40)
619 3059 737 3117 πῶς
790 3050 979 3116 ἄλλως
1034 3052 1225 3129 εἷπεῖν)
1257 3054 1451 3130 ἀρετῆς
1508 3061 1608 3124 τῆς
1665 3052 1888 3127 ἐκείνου,
1918 3053 2009 3108 καὶ
2064 3052 2225 3129 γέρας
2284 3045 2648 3129 διαφερόντως
2701 3050 2937 3125 τοιούτῳ
2989 3060 3265 3129 προσῆκον
3323 3055 3497 3135 ἀνδρὶ,
3554 3045 3642 3137 ἢν,
3678 3065 3732 3122 εἴ

332 3168 421 3208 τις
465 3147 526 3200 τὸ
558 3151 662 3200 πᾶν
723 3144 800 3206 ὡς
857 3137 1108 3220 ἔμϐραχυ
1168 3142 1425 3219 βούλοιτο
1484 3143 1686 3219 λέγειν,
1715 3142 1805 3199 καὶ
1868 3144 1943 3217 μή
1990 3143 2089 3212 τὴν
2148 3140 2417 3218 γλῶτταν,
2472 3140 2607 3195 κατὰ
2662 3137 2928 3216 Πίνδαρον
2989 3140 3180 3216 εἰπεῖν,
3224 3145 3431 3223 τέγγειν
3489 3149 3541 3205 έν
3595 3155 3725 3227 ψεύ-

336 3233 418 3291 δει
450 3236 560 3308 (14(
586 3231 813 3310 ἄγαλμα
859 3236 958 3288 τοῦ
1014 3230 1212 3304 θήλεος
1268 3229 1414 3288 εἷ’ποι
1470 3232 1561 3288 καὶ
1616 3232 1819 3307 κόσμον
1880 3232 2077 3309 ὡραῖον
2136 3235 2216 3303 τῷ
2269 3228 2429 3306 γένει,
2462 3230 2538 3292 ὡς
2598 3228 2767 3302 μόνην
2824 3236 3090 3305 γυναικῶν
3139 3233 3355 3291 ἀπασῶν
3415 3235 3557 3294 ἰδέαν
3585 3244 3722 3300 ἄπα-

333 3345 429 3381 σαν
485 3323 676 3400 ἀρετῆς
733 3329 864 3393 τῆς.
899 3320 952 3377 ἐν
1002 3325 1080 3394 τῷ
1137 3320 1297 3392 θήλει
1351 3321 1754 3393 πλουτήσασαν,
1788 3322 1991 3398 Ἐχρῆν
2050 3321 2153 3397 γὰρ
2209 3321 2284 3382 ὡς
2340 3317 2561 3390 ἀληθῶς
2614 3319 2878 3390 τοιαύτηκ
2904 3316 3444 3395 προκαεαϐεϐλῆσθαί
3475 3350 3570 3385 σου
3625 3338 3721 3389 τοῦ

326 3416 521 3491 γένους
573 3409 836 3489 κρηπῖδα,
880 3411 970 3466 καὶ
1026 3409 1214 3473 τοκέας
1272 3409 1439 3488 ἔχειν,
1489 3411 1694 3486 πατέρα
1753 3411 1846 3485 μὲν
1903 3411 1961 3466 ’ὸν
2019 3413 2056 3481 ἡ
2113 3409 2237 3480 νίκη
2296 3406 2566 3472 πολλάκις
2624 3408 2904 3485 ἐγνώρισε,
2961 3415 3209 3468 τικοῦσαν
3265 3416 3323 3469 οὲ
3381 3424 3723 3496 θαυμαζομέ..

322 3526 422 3576 νην
456 3502 513 3574 ἐξ
541 3502 747 3578 ἀρετῶν
775 3499 897 3556 ὅσαι
927 3496 996 3568 δὴ
1025 3502 1295 3575 γυναικῶν
1324 3499 1450 3573 εἰσι,
1479 3500 1569 3555 καὶ
1606 3499 1702 3562 τὰς
1735 3499 1931 3563 λοιπὰς
1962 3498 2430 3574 ἀποκρύπτουσαν.

398 3644 583 3701 Ἀλλᾶ
627 3644 681 3700 τί
742 3665 837 3718 μοι
887 3648 1250 3720 μακρηγορεῖν
1302 3644 1371 3697 τὰ
1416 3647 1522 3698 τῶν
1563 3643 1809 3719 πατέρων
1841 3640 1977 3714 διεξ-

2162 3645 2273 3701 Sed
2305 3660 2409 3699 cur
2438 3647 2745 3711 parentum
2775 3643 2964 3717 elogia
2994 3647 3222 3718 profero
3252 3650 3394 3707 dum
3453 3654 3723 3716 arborem

329 3736 491 3808 ιόντι,
561 3733 679 3789 ἐνὸν
737 3731 797 3787 έκ
850 3736 953 3787 τοῦ
1023 3736 1234 3807 καρποῦ
1290 3731 1354 3786 τὸ
1411 3728 1628 3806 δένδρον
1696 3733 1977 3808 γινώσκειν

324 3824 432 3880 κάκ
473 3826 576 3879 τοῦ
620 3819 921 3899 φερομένου
966 3820 1202 3893 νάματος
1249 3821 1348 3889 τὴν
1403 3823 1628 3896 πηγήν;
1679 3820 1776 3893 Σὺ,
1830 3822 1980 3897 βασι-

327 3911 447 3984 λεῦ,
480 3913 512 3966 ὁ
569 3908 776 3986 γλυκὺς
833 3913 912 3979 τῷ
968 3903 1081 3963 ὄντι
1137 3908 1344 3984 καρπὸς
1393 3908 1483 3964 καὶ
1531 3909 1689 3964 παντὶ
1734 3913 1815 3982 τῷ
1844 3910 1981 3986 γένει

325 4002 630 4076 σωτήριος,
678 3997 740 4052 σὺ
796 3994 1116 4074 προῦκυψας
1163 3995 1213 4070 ἐξ
1273 3995 1513 4054 ἐκείνων.
1543 3998 1645 4053 Καὶ
1701 3998 1781 4061 τίς
1838 4000 1985 4076 παρὰ

323 4090 529 4159 ταύτην
591 4088 790 4161 μείζων
842 4083 1271 4159 εὐδαιμονία;ἢ
1328 4086 1410 4149 τίς
1469 4085 1528 4142 ἂν
1580 4089 1693 4160 (12)
1722 4086 1847 4163 ἔχοι
1903 4088 1987 4167 ἐφ’

328 4181 482 4255 ᾧπερ
536 4175 750 4251 μᾶλλον
796 4177 1177 4251 καυχήσαιτο;
1228 4176 1442 4252 Ἀρκεῖν
1493 4176 1587 4250 μὲν
1654 4174 1743 4231 οὖν
1800 4176 1984 4240 αὐτοῖς

331 4269 487 4342 οἶμαι
524 4266 691 4340 μόνον
722 4266 813 4320 τὸν
845 4266 936 4319 σὸν
965 4263 1124 4319 τόκον
1156 4265 1291 4340 πρὸς
1337 4264 1631 4344 εὐφημίαν,
1671 4265 1761 4320 καὶ
1806 4267 1985 4340 τούτῳ

338 4359 489 4431 μόνῳ
552 4352 789 4429 μάλιστα
843 4352 1054 4409 πάντων
1108 4354 1493 4426 θαυμάζεσθαι,
1547 4353 1641 4409 κᾶν
1712 4354 1763 4409 εἶ’
1814 4353 1981 4430 μηδὲν

331 4446 519 4508 αὐτοῖς
566 4442 713 4517 ἄξιον
767 4442 987 4499 ἐπαίνου
1018 4442 1070 4516 ἐξ
1096 4441 1292 4519 ἀρετῆς
1349 4439 1493 4505 ῗδίας
1552 4442 1856 4520 ἐτύγχανεν.
1890 4447 1984 4508 Οἷς

334 4537 437 4612 γὰρ
516 4528 802 4610 πρόσεστιν
868 4531 929 4588 ἐκ
1002 4534 1110 4587 τῶν
1183 4530 1528 4605 τελεωτέρων
1600 4533 1982 4607 θαυμάζεσθαι,

333 4625 548 4686 τούτοις
602 4622 802 4693 ἥκιστα
877 4620 1044 4697 λόγος
1109 4620 1200 4677 καὶ
1256 4624 1365 4676 τῶν
1429 4622 1762 4699 μικροτέρων
1821 4623 1983 4699 χάριν

336 4714 671 4791 καρποῦσθαι
700 4711 792 4767 τὸν
825 4708 1063 4767 ἔπαινον.

408 4800 571 4859 Ἀλλ’
601 4800 827 4865 ἐνταῦθα
851 4803 949 4855 τοῦ
1001 4798 1169 4876 λόγου
1215 4797 1511 4875 γενόμενος
1558 4802 1647 4855 καὶ
1693 4805 1801 4856 τῶν
1849 4822 1985 4879 προ-

338 4891 517 4967 θύρων
562 4887 673 4962 ἤδη
726 4894 832 4944 τῶν
879 4889 1017 4944 κατὰ
1050 4887 1109 4944 δὲ
1138 4886 1629 4963 πλεονεκτημάτων
1687 4890 1982 4966 ἁψάμενος,

409 5071 487 5142 (6)
517 5071 789 5142 Sceptra_
820 5067 1046 5125 scilicet
1074 5085 1109 5142 ο
1140 5067 1355 5142 Graecis
1411 5068 1867 5142 imperatoribus
1910 5071 1985 5127 ad

342 5139 579 5198 Latinos
608 5139 913 5212 translata,
945 5141 1100 5212 quod
1146 5140 1338 5196 evenit
1354 5139 1519 5212 anno
1546 5141 1708 5212 71204.

409 5214 490 5285 (7)
517 5210 920 5285 Andronicum
959 5210 1328 5285 Comnenum
1352 5210 1764 5285 Paleologum,
1783 5213 1985 5284 dequo

342 5281 602 5357 Ca'ngius
631 5285 787 5357 Fami
794 5284 835 5339 ι.
848 5287 1128 5357 ‘ByzAantL
1143 5300 1209 5357 p._
1231 5281 1358 5337 231.

412 5301 463 5340 ιιι
507 5301 602 5340 ius
631 5300 835 5339 ramu.
867 5300 1100 5357 uyzanz.
1143 5300 1203 5355 p.
1231 5300 1358 5337 κστ.

412 5300 817 5425 (Βῗουροωείο
848 5353 1052 5411 laudat
1089 5353 1154 5411 G.
1187 5351 1513 5425 Acropolita
1560 5352 1705 5425 I-list.
1737 5355 1806 5409 46
1840 5373 1853 5411 :
1884 5354 1982 5409 Τὸν

344 5420 513 5498 μέγαν
540 5420 569 5498 '_
594 5422 912 5498 δομέστικον
980 5425 1072 5479 τὸν
1149 5420 1428 5498 Κομνηνὸν
1484 5420 1829 5498 Ἀνδρόνικον
1889 5425 1988 5480 Τὸν

339 5494 815 5573 Παλαιολόγον.τ.,
843 5497 912 5550 τὰ
956 5499 1147 5573 πρῷτα
1202 5494 1433 5573 φέροντα
1486 5494 1701 5573 τῶνέν
1762 5516 1990 5573 στρατη-

340 5568 487 5644 γίαις
540 5564 899 5644 τεταγμένων,
962 5564 1143 5644 ἄνδρα-
1191 5564 1552 5644 συνετιρτατον
1610 5565 1700 5644 καὶ
1725 5564 1988 5644 ,πραότα-

341 5634 454 5727 τον,
485 5634 893 5727 ηἰ“ᾦἐίδότα’
1060 5634 1280 5727 μάχην,
1307 5634 1529 5724 ὁπλίσαι
1580 5638 1680 5726 καὶ
1721 5634 1991 5727 διέυθῦναι

342 5707 475 5769 λαόν
500 5710 593 5768 καὶ
621 5711 675 5769 έν
718 5707 1047 5787 πολεμικοῖς
1077 5707 1193 5766 ’καῖ’
1218 5707 1533 5788 εἰρηνικοῖς
1588 5713 1708 5774 τοῖς
1755 5714 1989 5793 καιροῖς.

2015 5014 2063 5081 Β

2092 5139 2227 5266 ge];
2260 5144 2317 5196 et
2343 5139 2523 5195 Alexii
2552 5139 2865 5195 Andronici
2898 5156 2911 5195 :
2944 5139 3339 5215 vide—Niceph.
3366 5142 3602 5217 Gregor.
3637 5161 3733 5217 In,

2090 3749 2120 3788 e
2151 3731 2437 3789 fructibus
2468 3747 2815 3804 cognoscere
2844 3738 2902 3789 et
2919 3751 2988 3790 ex
3031 3752 3185 3807 aqua
3230 3738 3406 3796 fontis
3452 3747 3724 3803 naturam

2090 3822 2418 3895 perapicere
2472 3820 2664 3877 licet?
2721 3822 2831 3887 Tu,
2889 3823 3229 3896 imperator,
3302 3827 3525 3887 fructus
3583 3851 3725 3892 sane

2092 3910 2280 3967 dulcis
2309 3913 2366 3965 et
2393 3910 2554 3966 omni
2582 3910 2887 3967 hominum
2908 3913 3105 3984 generi
3163 3914 3438 3974 salutaris
3495 3937 3563 3976 ex
3611 3923 3727 3980 illis

2092 3998 2412 4070 prognatus
2436 4014 2498 4053 es
2530 4015 2544 4067 ;
2577 3999 2732 4070 quod
2766 3999 2905 4071 quid
2940 4000 3342 4075 felicius,quid
3373 4004 3731 4079 gloriosius?

2092 4085 2377 4159 Equidem
2406 4085 2538 4142 illos
2569 4103 2850 4159 magnum
2881 4105 3031 4160 opus
3061 4090 3267 4148 fecisse
3289 4093 3490 4164 judico
3520 4100 3576 4153 te
3595 4115 3730 4170 pro-

2095 4176 2342 4232 creando
2371 4179 2428 4231 et
2447 4175 2606 4231 omni
2636 4176 3021 4234 admiratione
3051 4180 3260 4252 dignos
3291 4198 3517 4256 censeo,
3551 4187 3727 4245 etiam

2094 4266 2144 4322 si
2170 4264 2399 4320 nullum
2429 4264 2673 4337 propriae
2704 4265 2933 4323 virtutis
2992 4268 3244 4340 speciem
3301 4270 3459 4327 aliud
3516 4274 3731 4333 edidis-

2093 4358 2243 4412 sent.
2273 4354 2381 4419 Qui
2407 4353 2563 4411 enim
2594 4370 2942 4427 magnarum
2973 4373 3168 4414 rerum
3197 4357 3386 4431 gloria
3414 4362 3729 4434 excellunt,

2093 4444 2136 4499 ii
2163 4460 2279 4499 non
2313 4459 2461 4515 opus
2485 4442 2704 4499 habent
2734 4447 2799 4499 ut
2817 4460 2887 4501 ex
2915 4443 3109 4516 parvis
3147 4444 3382 4503 laudem
3436 4464 3733 4523 compare-

2094 4549 2249 4590 mus.

2163 4800 2273 4856 Sed
2296 4800 2438 4856 dum
2469 4799 2539 4855 de
2568 4799 2742 4856 rebus
2773 4816 2808 4855 a
2835 4800 3087 4873 tegestis
3116 4800 3381 4876 proloqui
3411 4807 3593 4877 tento,
3645 4806 3732 4863 vi-

2093 4890 2271 4959 rium,
2303 4905 2567 4945 mearum
2599 4888 2959 4945 debilitatem
2990 4889 3198 4959 sentio,
3239 4890 3451 4948 similis
3502 4892 3576 4950 iis
3631 4895 3733 4968 qui

2163 5069 2241 5142 (9)
2275 5068 2419 5142 Filia
2448 5067 2805 5142 fuitrlrenes,
2838 5066 3359 5142 filiaimperatoris
3387 5071 3571 5128 Alexii
3617 5075 3734 5128 An-

2164 5281 2276 5354 (10)
2306 5281 2496 5358 codex
2536 5279 2571 5349 ἢ
2632 5278 2731 5358 οὐκ
2784 5275 2920 5358 ἔχω.
2962 5282 3179 5339 Forsan
3234 5280 3397 5358 ἆθλον
3612 5283 3738 5358 (οὐκ

2096 5347 2211 5427 ἔχω
2259 5347 2410 5427 313.3%.
2442 5356 2508 5420 ε.)
2560 5347 2572 5408 ὲ
2630 5357 2697 5407 ut
2744 5347 3009 5410 videatur
3064 5359 3258 5411 orator
3303 5347 3488 5427 aliudf
3519 5347 3733 5427 nomen

2096 5421 2230 5505 Ιίρεῐ
2268 5421 2778 5505 ᾇθλ,9,ν,(1υωξ’θι“9;
2829 5442 2913 5496 ac,
2964 5443 3080 5483 non
3128 5426 3379 5498 invento,
3433 5426 3531 5484 οὐκ
3596 5422 3732 5505 ἔχω,

2097 5491 2199 5561 ait,
2222 5497 2338 5556 πῶς
2370 5491 2556 5555 ἄλλως
2587 5491 2778 5551 εἷπεῖνξ

2196 5566 2282 5639 11)
2314 5566 2543 5639 ξίηάοιν.
2562 5565 2674 5639 01.-
2697 5584 2772 5635 ιν,
2794 5569 2885 5639 28.

2196 5570 2282 5639 11)
2316 5570 2543 5622 Pindar.
2578 5570 2663 5622 Ol.
2697 5584 2772 5635 1v,
2794 5570 2885 5624 28.

2167 5570 2282 5712 E12)
2311 5638 2530 5697 Forsan
2552 5638 2588 5709 ἢ
2620 5636 2674 5694 τί
2700 5656 2781 5703 τις
2811 5635 2895 5698 ἄν.
