4118 6428
1430 393 1751 461 GEORGII
1792 389 2023 455 CYPBJ

2136 388 2219 450 LP.
2263 384 2795 451 PATBIARCHE
3689 388 3808 451 356

413 408 533 472 355

412 543 688 615 exiguum
717 535 1123 595 tantummodo
1152 544 1503 606 magnarum
1554 544 1771 596 rerum,
1831 523 2024 598 quibu:

2163 516 2375 615 μᾶλλ-ον
2408 517 2645 615 ἐμαυτοῦ
2698 518 2951 615 ἀσθενοῦς
2995 512 3152 582 ὄντος
3209 518 3533 594 αἰσθάνομαι
3591 520 3674 577 ἐπ’
3708 520 3804 579 αὖ·

412 631 824 696 interfuerunt,
869 604 1277 682 testimonium
1311 618 1581 676 exhibere
1620 616 1815 672 valent
1848 632 1861 683 ;
1895 612 2024 667 undi

2157 612 2274 670 τοῖς
2307 604 2508 683 ἔργοις,
2542 606 2721 683 ὥσπερ
2752 608 2803 663 oi
2862 604 2950 661 διὰ
3004 614 3104 677 τῆς
3156 607 3346 684 πείρας
3397 607 3804 685 προσομιλοῦνο

410 725 478 779 fit
508 726 571 778 ut
600 694 959 791 ingeniolum
1020 728 1214 768 meum
1246 728 1280 766 a
1338 706 1743 779 magnitudine
1806 702 2024 759 lauduu

2156 716 2245 757 τες
2292 697 2801 791 τοῖςπράγλμασιν,
2835 694 2959 751 ὅσον
3023 697 3116 770 μὶν
3179 696 3304 770 ἐμοὶ
3366 697 3592 773 ἀπορίας
3647 719 3808 754 κατα-

412 811 628 884 quipus
660 782 874 879 dignus
921 820 1005 869 es,
1056 802 1385 872 superetur.
1446 794 1592 851 Hinc
1641 798 1854 858 metus,
1913 789 2024 846 hin<

2154 786 2368 884 μαρὼν,
2417 783 2540 840 ὅσον
2594 782 2658 884 ‘SE
2684 790 2839 884 κτοῖς
2900 791 3014 848 σοῖς
3072 784 3370 861 ἐγκωμίοις
3420 787 3485 841 τὸ
3554 785 3779 863 μέγεθος

411 871 609 969 sudor,
638 871 952 967 antequam
997 895 1052 946 te
1084 871 1346 945 laudanti
1379 902 1527 957 opus
1558 884 1811 940 arduum
1841 894 2018 952 aggre

2154 872 2328 947 Ταύτῃ
2378 894 2463 928 τοι
2521 873 2610 929 καὶ
2679 871 2917 945 δέδοικα,
2974 874 3100 951 πρὶν
3159 875 3195 943 ἢ
3250 880 3434 953 σαφῶς
3490 875 3801 951 παρακύψαι

410 990 556 1045 diar.
585 958 745 1052 Quod
777 958 933 1038 enim
963 977 1329 1035 fundamenti
1350 973 1603 1031 ccelestis
1623 968 2024 1042 contemplato

2151 965 2268 1052 τοῖς
2343 958 2514 1029 ἔνδον,
2572 961 2662 1017 καὶ
2731 962 3147 1039 περιρραίνομαι
3225 964 3328 1020 ὑπὸ
3396 970 3498 1032 τῆς
3569 964 3803 1041 ἀγωνίας

394 1079 558 1135 ribus
589 1045 802 1132 accidit
830 1072 1089 1143 (stupent
1119 1068 1191 1123 de
1222 1066 1293 1121 iis
1324 1080 1450 1137 quas
1476 1062 1699 1126 vident,
1758 1074 1863 1114 nec
1918 1057 2024 1112 vis:

2157 1045 2486 1143 ἴδρῶσιριαὶ
2523 1050 2689 1143 *ὅστις
2745 1052 2987 1143 γενωμαι
3044 1051 3257 1128 ἀπορῶ.
3299 1050 3397 1106 Καὶ
3455 1052 3581 1129 γὰρ,
3613 1051 3644 1108 ὅ
3676 1051 3801 1127 περὶ

396 1167 571 1240 digno
603 1164 776 1220 modo
806 1136 997 1216 dicere
1044 1162 1147 1213 aut
1199 1152 1467 1211 meditari
1524 1149 1764 1220 valent),
1821 1148 1879 1202 id
1935 1162 2024 1217 egt

2146 1136 2275 1201 τοὺς
2331 1139 2423 1193 τὸν
2480 1139 2704 1214 οὐρανὸν
2782 1140 3083 1216 βλέποντας
3145 1139 3283 1196 ἔστιν
3355 1137 3484 1197 ἰδεῖν
3539 1138 3799 1215 (Ἱσπανται

392 1226 625 1330 quoque
653 1254 927 1323 expertus
985 1263 1140 1302 sum.
1174 1244 1323 1300 Dum
1366 1257 1459 1298 res
1489 1258 1522 1295 a
1552 1245 1606 1294 te
1635 1243 1831 1311 gestas
1862 1242 2024 1307 atque

2146 1226 2251 1327 γαρ
2302 1229 2666 1330 ηαυμοίζοντες
2712 1230 2823 1302 (13)
2877 1230 2971 1301 μὲν
3022 1229 3102 1307 ἐφ’
3151 1230 3234 1291 οἷς
3281 1230 3503 1305 ὁρῶσιν,
3546 1226 3690 1299 ἄξιον
3741 1226 3799 1285 δὲ

378 1324 810 1402 humanitatem
845 1336 1162 1411 perpendo,
1189 1348 1355 1389 mens
1380 1329 1675 1386 taciturna
1727 1324 2034 1398 stupescit,

375 1435 553 1506 idque
586 1431 835 1486 fortasse
867 1425 1065 1481 minus
1096 1424 1169 1478 ob
1220 1417 1682 1490 ineloquentiam
1733 1430 1910 1487 quam
1960 1412 2033 1467 ob

377 1501 573 1580 rerum
603 1517 1035 1576 laudandarum
1092 1508 1563 1583 magnitudinem
1604 1521 1736 1577 quae
1784 1501 2033 1574 impedit

383 1610 705 1684 quominus
764 1606 872 1660 rite
920 1604 1308 1673 exponantur.
1370 1596 1480 1652 Sed
1561 1611 1665 1649 cur
1720 1589 2033 1648 haesitem?

389 1677 725 1757 13ericulum
745 1694 828 1751 rei
851 1690 1183 1749 faciendum
1209 1686 1354 1743 mihi
1380 1703 1394 1755 ;
1425 1681 1757 1739 laudandus
1787 1683 1853 1735 tu
1885 1677 2031 1734 mihi

386 1807 471 1859 es,
503 1792 561 1845 et
589 1787 639 1844 si
671 1784 869 1841 minus
898 1782 1045 1838 bene
1075 1778 1245 1849 facio,
1263 1775 1345 1832 rei
1376 1770 1694 1830 difﬁcultas
1732 1786 1826 1826 me
1854 1784 2029 1825 excu-

385 1856 557 1935 sabit.
590 1874 696 1932 Ubi
727 1872 884 1929 enim
916 1886 1007 1925 res
1044 1867 1242 1940 aliqua
1292 1866 1546 1940 mentem
1567 1864 1637 1940 _e_t
1688 1856 2023 1938 facundiam

383 1929 768 2014 transcendit,
844 1940 1058 1999 oratori
1113 1929 1204 1994 vel
1289 1936 1487 1991 minus
1564 1931 1773 1987 idoneo
1857 1929 2026 1984 venia

383 2037 592 2096 aderit.

2057 1895 2104 1961 B

2142 1316 2249 1366 τῶν
2307 1314 2601 1389 ὁρωμένων
2656 1315 2771 1372 οὔτ’
2826 1317 3015 1389 εἰπεῖν,
3049 1315 3162 1374 οὔθ’
3218 1315 3368 1381 ὅλως
3423 1319 3610 1387 νοῆσαι
3646 1317 3794 1395 ίσχύ·

2143 1404 2306 1475 ουσι),
2362 1407 2509 1459 τοῦτ’
2563 1406 2693 1461 αὐτὸ
2748 1404 2836 1465 καί
2907 1406 3066 1470 αὐτὸς
3140 1406 3384 1483 ἀτεχνῶς
3462 1406 3797 1463 ἐπεπόνθειν-

2142 1489 2355 1567 ἀφωνίᾳ
2400 1492 2779 1569 κατείλημμαι
2842 1500 2959 1575 τοῖς
3035 1501 3152 1559 σοῖς
3223 1490 3574 1573 προσϐλέψας
3634 1495 3795 1573 χαρί-

2139 1598 2326 1658 σμασι,
2359 1580 2448 1635 καί
2480 1604 2576 1656 μοι
2625 1584 2693 1639 τὰ
2736 1588 2834 1638 τοῦ
2887 1581 3059 1659 λόγου
3108 1586 3215 1660 πρὸ
3251 1587 3349 1653 τῆς
3398 1584 3586 1661 πείρας
3637 1584 3794 1662 ἐλέγ-

2138 1686 2324 1742 χεταν
2369 1671 2460 1724 καὶ
2508 1672 2656 1725 τοῦτ’
2714 1669 2843 1736 ἴσως
2902 1672 2964 1728 οὐ
3015 1673 3163 1751 παρὰ
3212 1674 3314 1743 τῆν
3373 1679 3472 1730 τοῦ
3530 1672 3793 1750 λέγοντος

2141 1752 2354 1826 μᾶλλον
2419 1758 2684 1815 ἀσθένειαν
2735 1762 2772 1830 ἢ
2813 1762 2913 1830 τήν
2989 1766 3098 1816 τῶν
3161 1763 3498 1837 πραγμάτων
3561 1756 3794 1839 ὑπερϐο-

2137 1839 2261 1913 λὴν,
2292 1846 2382 1900 καὶ
2430 1847 2492 1901 τὸ
2543 1849 2620 1921 μὴ
2679 1848 2918 1921 καθάπαξ
2974 1849 3130 1929 φύσιν
3186 1851 3336 1907 ταῦτ’
3382 1846 3527 1929 ἔχειν
3589 1849 3786 1907 ὑποπί-

2134 1950 2285 1985 πτειν
2346 1933 2502 2010 λόγῳ
2549 1933 2640 1991 διὰ
2686 1939 2749 1992 τὸ
2801 1938 3046 2014 μέγεθος.
3079 1936 3234 2007 Πλήν
3289 1938 3344 1993 τί
3400 1939 3514 2017 χρὴ
3560 1944 3788 2010 παθεῖνί

2132 2017 2443 2093 τολμητέον
2500 2026 2591 2080 καὶ
2649 2025 2820 2089 οὕτως
2878 2025 3058 2103 ἔγοντί
3117 2047 3210 2101 μοι
3267 2028 3367 2097 τὴν
3424 2032 3639 2107 πεῖραν,
3693 2027 3787 2084 καὶ

378 2131 496 2187 τοῖς
568 2121 803 2181 ἐπαίνοις
874 2116 1181 2194 προσιτέον,
1234 2113 1311 2175 ὡς
1369 2108 1613 2184 δύναμις,
1675 2106 1847 2162 αὐτῶν
1906 2106 2040 2178 ἡμῖν
2097 2106 2299 2172 ἶκανῶς
2356 2116 2461 2167 τῶν
2520 2115 2852 2192 πραγμάτων
2913 2117 3011 2185 τὴν
3077 2117 3400 2194 συγγνώμην
3477 2106 3790 2190 ἐξαιτουμὲ-

600 2215 623 2227 -
744 2211 757 2227 ι
919 2206 935 2227 κ
989 2203 1014 2227 s
1050 2204 1071 2227 ,L
1272 2202 1416 2227 -..τέω
1464 2195 1767 2227 ε---0.ξ..-.
1815 2194 1903 2227 ..-ἱ
1954 2191 2210 2227 “AR-":1-
2280 2203 2343 2227 Δ
2416 2199 2625 2227 ,λλ-*κ
2704 2203 2848 2227 nun
2912 2225 3007 2227 i_,s
3124 2205 3168 2227 Α
3242 2209 3301 2227 κ-
3377 2203 3433 2227 πρ
3548 2226 3563 2227 κ
3715 2207 3726 2227 ι

380 2237 515 2271 νων.
568 2215 649 2275 οἷς
848 2206 937 2262 καὶ
986 2203 1224 2260 διάνοιαν
1269 2202 1416 2256 ταῦθ’
1464 2195 1771 2275 ὑπερϐαίνει
1815 2194 1905 2248 καὶ
1954 2191 2210 2267 οὐδαμῶς
2280 2203 2346 2274 τῇ
2695 2203 3029 2281 ριιτερίληιιιτοτα⁹
3234 2209 3314 2279 τῷ
3377 2203 3590 2286 λέγοντι
3656 2207 3792 2262 πάν-

570 2301 585 2316 ι
677 2301 691 2316 ι
764 2305 791 2316 ...
866 2295 938 2316 υι
1039 2293 1052 2316 2
1107 2293 1266 2316 ιαμ--
1331 2290 1654 2316 z---.-:-.-.._.
1710 2284 1858 2316 -7...“
1916 2283 2013 2316 ..ι-Δ..
2047 2288 2377 2316 -........'._-_._.
2414 2290 2682 2316 2-__1v__u

385 2325 516 2377 τως,
543 2301 588 2358 εὶ
624 2283 826 2376 μὴ’τῆς
855 2295 1002 2367 ἀξίας
1034 2293 1294 2371 ἐφίκοιτο,
1327 2290 1681 2365 ἀποχρῶσαν,
1709 2284 1885 2357 οἶμαι,
1916 2283 2013 2352 τήν
2046 2288 2378 2363 συγγνώμην
2412 2290 2708 2368 ἐργάζεται,

456 2394 631 2457 Deus,
656 2390 758 2462 qui
786 2387 1215 2459 te,imperator,
1250 2379 1446 2455 populi
1480 2379 1566 2434 tui
1598 2377 2026 2433 dominatorem

383 2461 710 2556 designavit
740 2476 939 2534 omnia
970 2473 1139 2546 quted
1166 2473 1237 2528 ad
1254 2470 1618 2543 regnandum
1635 2461 2029 2521 conducibilia

383 2576 543 2640 sunt,
590 2571 747 2626 bona
802 2564 1063 2638 corporis
1112 2559 1411 2633 animique
1462 2558 1544 2613 ita
1599 2555 1703 2610 tibi
1762 2550 2026 2625 imperti-

378 2661 481 2730 vit,
514 2639 758 2715 utnulla
787 2672 848 2712 re
880 2670 1076 2726 egeas,
1108 2650 1327 2724 quippe
1357 2647 1458 2720 qui
1510 2663 1625 2701 non
1684 2643 1768 2699 ita
1825 2639 2025 2713 magni

382 2750 563 2806 facias
592 2765 660 2804 ea
690 2762 820 2820 qua:
849 2742 1038 2800 caeteri
1069 2745 1229 2796 tanto
1292 2753 1427 2793 cum
1485 2734 1682 2792 studio
1731 2731 2022 2789 ambiunt.

379 2839 602 2895 Natura
630 2819 811 2910 igitur
839 2833 950 2889 sibi
1004 2829 1118 2901 ipsi
1150 2825 1545 2900 congratulari
1601 2826 1796 2895 potest
1850 2821 1920 2876 de
1951 2819 2025 2874 iis

387 2927 604 2999 quibus
632 2929 687 2980 te
709 2919 1064 2993 majoremin
1088 2917 1323 2973 modum
1339 2914 1576 2970 dotavit.
1612 2912 1830 2967 Forma)
1865 2925 2025 2963 nam-

380 3033 495 3088 que
523 3010 862 3070 excellentia
883 3013 1127 3083 prazstas
1159 3010 1223 3061 ut
1251 3003 1339 3060 vel
1369 3002 1567 3058 minus
1583 2999 1820 3055 formosi
1844 3013 2023 3069 quam

383 3110 447 3160 tu
479 3103 603 3177 ipse
624 3119 686 3161 es
718 3102 775 3155 in
792 3097 1174 3157 admiratione
1204 3094 1411 3150 forent.
1470 3089 1864 3147 Membrorum
1896 3103 2025 3141 cor-

378 3175 539 3266 poris
566 3192 652 3247 tui
683 3186 1009 3251 harmonia,
1036 3183 1291 3257 partium
1344 3180 1629 3236 mirificus
1686 3176 1826 3231 ordo
1875 3175 2023 3230 citra

379 3265 776 3355 vituperium;
820 3275 1101 3347 analogiaa
1163 3270 1363 3328 omnia
1418 3270 1500 3324 ita
1545 3265 1901 3339 respondent
1957 3268 2023 3319 ut

382 3352 528 3428 nihil
558 3369 617 3425 in
646 3374 705 3424 te
760 3365 917 3422 cerni
988 3361 1174 3435 possit
1229 3359 1385 3432 quod
1437 3361 1657 3413 natura;
1722 3352 2023 3425 principiis

382 3457 761 3515 condradicat
773 3458 875 3510 aut
888 3452 1153 3525 perfectae
1173 3447 1409 3503 musica:
1434 3443 1662 3517 regulas
1694 3442 2018 3516 impugnet.

382 3548 507 3602 Huc
535 3547 685 3602 adde
713 3542 869 3615 quod
916 3541 1112 3595 formae
1171 3538 1349 3592 robur
1392 3534 1563 3605 adsit,
1597 3538 1654 3589 et
1686 3530 2023 3604 quicunque

380 3638 437 3691 te
466 3633 693 3697 viderit,
726 3647 861 3686 cum
893 3627 1132 3682 Platone
1161 3623 1437 3680 clamabit
1481 3626 1539 3677 te
1568 3615 2022 3692 pulchritudinis

376 3723 568 3778 ideam
619 3725 676 3776 et
734 3717 1113 3789 archetypum
1169 3712 1460 3769 exhibere.
1520 3710 1665 3765 Hinc
1722 3707 1900 3764 etiam
1966 3711 2022 3760 te

379 3809 716 3883 aspicientis
747 3805 901 3863 oculi
926 3803 1127 3859 satiari
1156 3816 1457 3872 nunquam
1498 3801 1762 3871 possunt,
1822 3800 2019 3851 tuum-

380 3916 493 3972 que
550 3896 780 3954 vultum
838 3891 1218 3964 contemplari
1286 3907 1389 3962 pro
1439 3886 1875 3959 jucundissimo
1933 3888 2023 3941 est

381 3985 733 4061 spectaculo.
766 3983 930 4048 Quod
958 3981 1010 4037 si
1042 3982 1290 4051 sirenes,
1323 3983 1387 4034 ut
1416 3981 1596 4050 poetae
1657 3976 2017 4042 fabulantur,

381 4083 555 4134 cantu
578 4074 942 4134 audientium
973 4088 1146 4128 aures
1175 4072 1518 4142 rapuerunt,
1552 4072 1613 4122 tu
1650 4084 1766 4123 non
1827 4080 2019 4132 aures,

379 4168 531 4225 sicut
558 4168 706 4235 istae,
745 4164 845 4222 sed
876 4160 1075 4220 oculos
1103 4161 1261 4233 ipsos
1310 4174 1552 4216 sensum
1593 4158 1893 4225 tutiorem,
1934 4153 2023 4208 in-

376 4252 990 4325 cantabas;corporis
1048 4249 1205 4306 enim
1264 4253 1366 4305 tua
1421 4248 1609 4304 forma
1648 4246 1780 4318 plus
1840 4260 2019 4317 quam

376 4346 625 4404 illarum
657 4347 867 4401 cantus
896 4340 1127 4397 animos
1163 4337 1529 4394 demulcebat
1560 4354 1573 4404 ;
1608 4351 1714 4390 nec
1771 4334 2021 4406 denique

377 4436 438 4491 in
498 4433 816 4508 perniciem
876 4428 1100 4486 deliciis
1149 4430 1371 4500 captos,
1420 4429 1486 4482 ut
1535 4424 1669 4491 illm,
1722 4422 2018 4493 trahebas,

379 4524 481 4579 sed
540 4524 834 4595 voluptate
886 4535 953 4575 ac
1001 4516 1386 4573 admiratione
1424 4513 1628 4587 plenos
1659 4512 2018 4579 dimittebas,

2210 2377 2307 2430 Σοὶ
2341 2380 2435 2451 μὶν
2478 2379 2568 2434 οὖν
2618 2383 2770 2452 Θεὸς,
2808 2380 3050 2458 βασιλεῦ,
3088 2384 3285 2439 ἄνωθέν
3339 2404 3397 2438 σε
3440 2387 3538 2439 τοῦ
3587 2383 3794 2440 οἰκείου

2137 2460 2271 2552 λαοῦ
2301 2468 2642 2543 γραψάμενος
2690 2469 2951 2548 ἄρχοντα,
2984 2474 3156 2527 πάντα
3200 2467 3476 2548 πρέποντα
3516 2476 3588 2549 τῇ
3639 2474 3789 2552 ἀρχῇ

2136 2550 2445 2629 ἐχαρίσατο,
2473 2558 2542 2611 τὰ
2594 2557 2653 2613 ἐκ
2708 2564 2804 2614 τοῦ
2863 2560 3136 2633 σώματος,
3183 2560 3251 2617 τὰ
3305 2559 3364 2616 ἐκ
3417 2563 3518 2631 τῆς
3576 2550 3787 2638 ψυχῆς,

2132 2642 2200 2695 τὰ
2255 2641 2314 2698 ἐκ
2362 2647 2467 2698 τῶν
2520 2642 2727 2719 ἔξωθεν,
2757 2647 2834 2711 ὡς
2864 2644 3081 2710 οὐδενὸς
3139 2647 3190 2703 ἐν
3252 2646 3429 2705 οὐδενὶ
3485 2648 3781 2725 λείπεσθαι,

2138 2728 2374 2801 μάλιστα
2424 2731 2481 2787 δὲ
2526 2734 2613 2789 καὶ
2662 2736 2810 2790 κάτω
2875 2735 3078 2791 τιθέναι
3136 2737 3341 2802 πάντας
3388 2739 3506 2793 καθ’
3555 2737 3652 2794 ὅσα
3696 2761 3782 2804 τις

2135 2813 2249 2894 ἔχει
2313 2820 2817 2895 φιλοτιμήσασθαι·
2873 2824 2999 2880 ὥστ’
3058 2826 3182 2899 ἐμοὶ
3242 2823 3418 2882 δοκεῖν
3472 2827 3561 2882 καὶ
3615 2826 3781 2896 αὐτὴν

2133 2906 2220 2962 ἐπὶ
2252 2909 2335 2963 σοὶ
2365 2911 2463 2979 τῆν
2510 2914 2697 2982 κοινὴν
2747 2916 2906 2987 ἡμῶν
2951 2915 3106 2992 φύσιν
3148 2917 3446 2988 κομπάζειν
3501 2912 3662 2992 ἔχειν,
3697 2917 3777 2981 οἷς

2130 3002 2378 3060 τοιοῦτος
2442 3000 2531 3055 καὶ
2605 3005 2739 3075 μετὰ
2800 3003 3075 3059 τοσούτων
3133 3004 3223 3059 καὶ
3279 3004 3621 3076 τηλικούτων
3672 3010 3777 3059 τῶν

2132 3086 2484 3162 χαρισμάτων
2534 3089 2794 3167 ἐξέθορες.
2834 3092 2931 3147 Καὶ
2981 3094 3084 3169 γὰρ
3138 3092 3255 3169 ὥρᾳ
3304 3094 3398 3166 μὲν
3450 3092 3640 3149 αὐτίκα
3692 3093 3781 3148 καὶ

2130 3171 2325 3229 κάλλει
2356 3173 2595 3255 διέφερες
2626 3180 2880 3252 σώματος
2907 3183 3040 3255 (14),
3072 3180 3163 3237 καὶ
3225 3181 3370 3244 ὅστις
3427 3183 3565 3238 κατὰ
3617 3187 3788 3238 ταῦτα

2132 3259 2377 3339 δεύτερος
2431 3267 2563 3339 μετὰ
2619 3267 2676 3322 σὲ
2727 3273 2835 3324 τῶν
2895 3268 3081 3326 ἄλλων
3135 3273 3252 3326 καθ’
3282 3266 3603 3347 ,ὑπερϐολὴν
3658 3292 3786 3348 κρα-

2286 3352 2620 3453 ςένομίςετοὶ
2667 3363 2926 3435 παρεῖχες
3011 3358 3193 3432 μελῶν
3252 3358 3588 3437 συμμετρίαν
3645 3361 3783 3436 πρὸς

2133 3438 2373 3514 ἄλληλα,
2405 3444 2494 3498 καὶ
2525 3445 2661 3518 πρὸς
2692 3448 2941 3501 σύστασιν
2968 3452 3065 3503 τοῦ
3099 3447 3233 3503 ὅλου
3264 3448 3472 3528 εὐφυῶς
3525 3449 3592 3504 τὰ
3642 3448 3781 3526 μέρη

2132 3529 2471 3606 συνέτρεχον,
2523 3534 2747 3610 ἐτήρουν
2790 3532 2835 3589 δ’
2883 3534 2933 3591 ἐν
2982 3534 3257 3607 ἀλλήλοις
3310 3537 3535 3613 ἀρίστην
3581 3537 3779 3594 ἀναλο-

2130 3618 2271 3692 γίαν,
2302 3620 2392 3674 καὶ
2422 3621 2520 3689 τὴν
2553 3623 2814 3697 ἁρμονίαν
2870 3625 2945 3687 ὡς
2994 3622 3262 3681 κάλλιστα
3308 3621 3508 3695 ἔσωζον
3536 3668 3549 3680 .
3604 3626 3779 3699 ἀσύμ-

2134 3727 2326 3783 μετρον
2357 3705 2414 3764 δέ
2440 3731 2492 3764 τι
2522 3710 2558 3779 ἢ
2589 3712 2678 3765 καὶ
2726 3710 3061 3787 ἀνάρμοστον
3110 3714 3176 3783 ἧν
3223 3712 3372 3776 ὅλως
3429 3715 3557 3791 ὁρᾷν
3616 3712 3779 3771 οὐδα-

2134 3801 2262 3869 μοῦ,
2295 3795 2385 3851 διὰ
2424 3806 2525 3868 τῆς
2573 3796 2695 3869 ἴσης
2742 3800 3054 3877 ἀναλογίας,
3083 3810 3185 3872 τῆς
3228 3802 3279 3875 ἐξ
3330 3803 3530 3878 ἀρχῆς,
3591 3804 3774 3859 κινού-

2131 3906 2230 3956 σης
2262 3885 2344 3941 ἀεί
2374 3909 2431 3941 σε
2464 3895 2563 3957 τῆς
2595 3888 2827 3966 φύσεως,
2858 3889 2947 3946 καί
2975 3897 3229 3967 κρεῖττογ
3259 3891 3293 3960 ῆ
3326 3898 3444 3956 καθ’
3492 3892 3769 3948 ὁντιναοῦν

2134 3984 2399 4048 μουσικῆς
2456 3976 2812 4051 ἐπιστήμονα.
2874 3980 3143 4044 Ἐντεῦθεν
3198 3979 3382 4036 τοίνυν
3451 3980 3542 4036 καὶ
3617 3980 3773 4056 ἰσχὺς

2130 4062 2488 4134 ἐπηκολούθει
2518 4070 2597 4138 τῷ
2624 4065 2817 4124 κάλλει
2868 4068 2956 4123 καὶ
3019 4068 3181 4144 ῥώμη
3231 4073 3310 4141 τῷ
3367 4068 3632 4144 εὐρυθμίᾳ
3673 4072 3774 4125 τοῦ

2129 4153 2403 4226 σώματος.
2462 4154 2562 4209 Καί
2619 4156 2726 4212 πού
2779 4177 2862 4219 τις
2916 4158 3063 4234 τάχα
3106 4162 3216 4213 τῶν
3272 4157 3580 4231 θεωμένων,
3636 4157 3775 4215 κατὰ

2133 4240 2397 4298 Πλάτωνα
2427 4245 2620 4320 λέγων,
2653 4244 2797 4301 εἶπεν
2840 4243 2900 4301 ἄν
2949 4267 3006 4302 σε
3053 4244 3297 4310 κάλλους
3346 4244 3490 4305 ἰδέαν
3539 4248 3628 4304 καὶ
3676 4248 3777 4303 πά-

2091 4382 2095 4387 .
2127 4352 2229 4401 σης
2253 4332 2557 4409 ἀρχέτυπον
2590 4334 2951 4411 ὡραιότητος·
2984 4332 3055 4390 δι’
3098 4336 3128 4391 ὃ
3175 4335 3266 4392 καὶ
3324 4336 3599 4409 θεώμενος
3652 4334 3780 4393 ἀκό-

2130 4440 2314 4496 ρεστον
2372 4422 2616 4499 ὑπῆρχες
2663 4418 2817 4497 ὄψεσι
2861 4431 3078 4500 χρῆμα,
3122 4422 3213 4480 καὶ
3260 4429 3367 4487 πᾶς
3419 4446 3503 4487 τις
3560 4424 3779 4500 βλέπων

2129 4509 2205 4572 εἷς
2237 4510 2295 4564 σὲ
2339 4509 2466 4574 τοὺς
2519 4509 2836 4589 ὀφθαλμοὺς
2888 4513 3201 4589 μεταφέρειν
3251 4513 3353 4570 οὐκ
3399 4511 3627 4583 ἤθελενο
3675 4511 3781 4590 ἤρ-

380 4613 532 4668 Dum
562 4613 634 4667 de
689 4609 903 4666 futuris
955 4604 1357 4670 meditabaris,
1406 4602 1577 4658 multi
1633 4601 1740 4658 tibi
1801 4602 2020 4658 fatidici

2136 4620 2239 4662 διεις
2298 4599 2399 4679 γὰρ
2458 4599 2575 4661 ἀντὶ
2630 4602 2832 4664 παντὸς
2870 4599 3094 4671 ἡδίστου
3140 4601 3409 4675 θεάματος
3470 4601 3636 4676 μόνος
3688 4602 3785 4660 «.6-

379 4700 534 4756 clare
562 4700 823 4754 videntes
852 4696 1126 4753 astabant
1155 4693 1293 4766 quia
1321 4692 1496 4748 homo
1553 4692 1655 4763 qui
1715 4690 2016 4748 oculorum

2136 4689 2217 4750 τὸς
2272 4689 2676 4766 καθορώμενος.
2723 4690 2821 4745 Καὶ
2881 4696 3147 4765 Σειρῆνας
3227 4690 3322 4764 μὶν
3374 4691 3597 4760 ποιηταί
3653 4712 3780 4770 φασι

379 4788 594 4844 mentis
614 4786 1023 4859 lippitudinem
1039 4781 1269 4854 abjecit,
1287 4798 1482 4837 rerum
1498 4781 1827 4837 futurarum
1850 4781 2019 4852 quasi

2136 4777 2254 4841 τοὺς
2301 4777 2437 4853 πρὸς
2497 4779 2595 4846 τήν
2662 4776 2810 4851 ᾠδὴν
2859 4779 3033 4834 αὐτῶν
3092 4777 3376 4843 ἐπαΐοντας
3431 4779 3660 4856 ἀναρτᾶν
3720 4778 3781 4835 ἐκ

378 4876 754 4950 praesentium
796 4872 1077 4947 praesagio
1145 4871 1379 4926 fruitur.
1438 4871 1552 4924 Cur
1607 4873 1801 4925 antem
1858 4875 2021 4925 vates

2136 4870 2236 4921 τῶν
2265 4864 2418 4921 ὤτων
2439 4888 2450 4901 ⁸
2486 4866 2549 4921 σὺ
2580 4863 2637 4922 δὲ
2667 4867 2729 4922 οὐ
2758 4869 2857 4937 τὴν
2910 4869 3079 4936 ἀκοὴν
3108 4867 3417 4943 ἐγοήτευες,
3452 4870 3527 4931 ὡς
3558 4868 3779 4940 ἐκεῖναι,

380 4965 538 5021 solos
566 4963 671 5019 tibi
702 4980 829 5019 esse
866 4963 993 5017 dico
1024 4960 1240 5016 mentis
1297 4957 1481 5014 oculis
1540 4959 1763 5030 puros?
1818 4962 2023 5014 Nonne

2136 4954 2276 5010 ἀλλὰ
2330 4956 2427 5017 τὰς
2484 4951 2635 5030 ὅψεις
2692 4956 2876 5029 αὐτὰς,
2921 4957 3019 5025 τῆν
3080 4955 3475 5035 ἀσφαλεστέραν
3529 4955 3778 5026 αἴσθησιν

381 5053 696 5109 multitudo
719 5051 871 5107 clare
900 5051 1101 5106 videns
1135 5048 1401 5104 unanimi
1440 5052 1498 5103 te
1536 5051 1820 5103 concentu
1854 5047 2020 5119 hym-

2136 5041 2367 5120 ἔθελγες,
2397 5045 2612 5117 μείζονα
2642 5042 2896 5100 δύνασθαι
2942 5045 3080 5119 πρὸς
3125 5046 3190 5102 τὸ
3237 5045 3450 5121 θέλγειν
3499 5049 3599 5116 τῆς
3648 5043 3783 5101 ἐκεί-

381 5144 492 5208 nis,
517 5140 650 5196 licet
704 5140 903 5195 furtim
961 5137 1275 5203 celebrant,
1329 5154 1457 5209 quae
1491 5153 1597 5191 nos
1649 5153 1805 5191 nunc
1835 5135 2022 5192 oculis

2136 5156 2236 5188 νων
2270 5130 2418 5206 ᾠδῆς
2445 5135 2544 5203 τῆν
2577 5132 2854 5202 καλλονῆν
2912 5135 3169 5211 παρέχων
3211 5140 3308 5190 τοῦ
3356 5135 3639 5208 σώματος’
3688 5133 3780 5190 καὶ

379 5229 695 5289 videmus?
718 5229 908 5284 Forlia
936 5228 1090 5282 enim
1142 5226 1378 5299 ingenia
1432 5226 1817 5282 invisibilium
1876 5243 2021 5297 quo-

2136 5223 2232 5277 ούκ
2261 5221 2522 5285 ἀπώλλυς
2555 5219 2817 5295 ούμενουν
2860 5222 2986 5285 τοὺς
3018 5223 3248 5287 ἁλόντας
3299 5223 3385 5279 ἐπὶ
3435 5223 3628 5286 τέλους
3678 5222 3783 5279 ὥσ-

383 5338 497 5395 que
528 5335 725 5375 rerum
750 5316 1038 5388 imagines
1069 5316 1141 5371 ad
1172 5317 1367 5371 vivum
1425 5316 1778 5389 exprimunt.
1808 5317 2023 5381 Quem-

2136 5331 2232 5388 περ
2291 5310 2507 5383 ἐκεῖναι,
2555 5305 2902 5389 παρέπεμπες
2950 5310 3007 5367 δὲ
3061 5314 3176 5386 μεθ’
3226 5312 3359 5384 ὅσης
3424 5315 3523 5383 τῆς
3579 5310 3782 5383 ἡδονῆς

2204 5456 2318 5528 (14)
2350 5456 2711 5547 Nice‘phorus
2740 5457 2908 5545 Greg.
2942 5475 3027 5530 III,
3058 5457 3112 5525 4,
3148 5459 3200 5525 1,
3231 5458 3303 5514 de
3328 5457 3425 5513 illo
3472 5456 3775 5515 Michaele'

2139 5525 2364 5580 Πολλὴν
2411 5524 2495 5580 ἐπι
2537 5547 2634 5580 του
2681 5547 2976 5580 ποοσωπου
3031 5528 3206 5580 ιοὲοων
3250 5525 3572 5580 ἱλαρότητα.
3611 5528 3775 5580 Nica-

2190 5524 2364 5596 ολλῆν
2411 5524 2511 5581 ἐπῖ
2537 5531 2634 5581 τοῦ
2681 5524 2976 5603 προσώπου
3011 5524 3103 5606 ’φὲν
3134 5549 3206 5582 ων
3250 5525 3572 5605 ἱλαρότητα.
3611 5528 3781 5588 Nice-

2190 5602 2388 5658 horum
2417 5600 2735 5658 Phrantzes
2764 5599 3041 5658 describit
3077 5546 3348 5658 (ξω-οηίοί
3376 5600 3562 5658 initio.

2136 5598 2388 5674 phorum
2417 5598 2735 5659 Phrantzes
2764 5598 3055 5659 describit
3077 5598 3562 5660 Chronici'initio.

456 5464 570 5590 g3)
633 5458 1007 5539 Lucutionem
1081 5457 1369 5540 θαυμάζειν
1415 5457 1736 5539 ⁸ἱστάμενος
1812 5453 2025 5534 ἄφωνος

422 5537 458 5590 d
507 5536 623 5590 ibet
677 5532 990 5590 Gregorius
1046 5529 1291 5590 Cyprius
1347 5530 1513 5585 initio
1571 5531 1749 5586 maris
1797 5530 2024 5586 Lauda-

384 5530 623 5592 adhibet
677 5530 990 5603 Gregorius
1046 5530 1291 5601 Cyprius
1347 5530 1513 5585 initio
1571 5531 1749 5586 maris
1797 5530 2024 5586 Lauda-

383 5607 580 5665 tionis.
639 5605 925 5663 Homerus
985 5618 998 5659 :
1058 5599 1248 5677 Ἡμεῖς
1310 5595 1355 5656 δ’
1435 5598 1678 5664 ἑσταότες
1756 5599 2027 5675 θαυμάζο..

389 5697 483 5762 μεν
491 5718 504 5738 ο
