4118 6438
295 434 414 495 357
1305 427 1708 492 LAUDATIO
1749 423 2166 489 meamne
2209 423 2699 489 PALEOLOGI.
3476 406 3481 421 '
3576 432 3698 496 sse

286 565 503 620 καίτοι)
532 562 838 637 θαύματος.
885 563 1116 625 Μάντεις
1163 559 1230 633 δή
1274 581 1356 616 σοι
1401 563 1482 632 τῷ
1509 558 1633 613 τότε
1676 557 1800 633 περὶ
1833 560 1940 610 τῶν

2065 557 2371 613 admodum
2421 559 2578 615 enim
2629 560 2772 617 solis
2816 562 3076 619 nondum
3136 565 3247 620 orti
3304 565 3451 622 radii
3511 566 3696 625 solem

293 653 610 727 μελλόντων
661 651 871 709 πολλοὶ
929 657 953 724 (
1026 654 1067 727 ),
1126 647 1349 712 ὁπόσοις
1399 650 1428 704 ὁ
1473 645 1623 703 ἔνδον
1667 644 1949 725 ὀφθαλμὸς

2065 647 2340 702 orientem
2391 650 2762 719 annnntiant,
2812 651 2895 707 ita
2940 658 3002 706 tu
3053 669 3305 727 quoque,
3358 656 3694 732 imperator,

289 743 606 821 ἐκαθαίρετο
634 789 647 815 ,
692 742 776 797 ὅτι
824 742 917 796 καὶ
971 743 1253 817 ἅνθρωπος
1299 740 1397 809 τήν
1445 738 1634 810 λήμην
1687 754 1948 809 περιῃρη-

2065 735 2223 809 regni
2280 736 2543 809 symbola
2607 737 2936 796 clarissima
3000 742 3506 816 prosignificabas,
3567 750 3695 819 ejus

296 834 454 907 μένος
481 837 593 888 τῶν
646 829 826 907 ὄψεων
869 838 971 901 τῆς
1018 834 1203 905 ψυχῆς
1247 829 1337 884 καὶ
1380 832 1488 883 τῶν
1541 823 1693 881 οὔπω
1728 823 1947 899 γεγονό-

2065 825 2211 895 quod
2261 825 2528 881 futurum
2585 833 2757 891 esset,
2808 834 3010 901 typum
3058 835 3521 903 praenuntiando.
3576 837 3692 909 Sic,

288 945 396 979 των
447 923 525 984 ὡς
571 919 685 992 ἤδη
735 921 1016 998 παρόντων
1067 920 1395 983 αἰσθάνεται.
1448 916 1549 971 Καὶ
1596 915 1650 969 τί
1699 911 1765 981 δὴ
1807 911 1948 987 λέγω

2065 913 2394 984 imperator,
2437 914 2571 970 inde
2617 933 2651 970 a
2696 933 2875 987 puero
2926 919 2982 974 in
3034 921 3417 980 admiratione
3465 926 3694 995 positus

291 1012 429 1067 εἷναί
488 1032 575 1066 σοι
637 1010 858 1085 μάντεις
920 1010 1117 1083 μόνους
1172 1008 1299 1070 τοὺς
1355 1004 1622 1082 καθαροὺς
1688 1004 1788 1071 τήν
1831 998 1946 1055 διάσ-

2065 1017 2207 1071 sras,
2241 1006 2298 1057 et
2349 1003 2538 1074 quivis
2593 1009 2650 1059 te
2706 1007 2928 1079 audire,
2983 1013 3038 1065 te
3094 1011 3370 1069 admirari
3428 1014 3487 1070 in
3543 1017 3694 1073 votis

289 1123 460 1173 νοιαν,
494 1100 637 1155 ὅπου
667 1102 759 1156 καὶ
804 1106 922 1162 τοῖς
968 1096 1203 1160 πολλοῖς
1252 1097 1387 1174 πρὸς
1417 1096 1475 1150 σε
1502 1093 1794 1167 θεωμένοις
1824 1090 1947 1144 καθ-
2057 1089 2328 1146 habebat.

292 1191 471 1246 ίστατο
526 1188 699 1259 δῆλα,
758 1190 849 1245 καὶ
904 1189 1097 1250 πάντες
1150 1183 1389 1261 ἔψαλλον
1455 1185 1568 1257 μὲν,
1629 1182 1731 1236 ὑπὸ
1775 1178 1902 1240 τοὺς
1962 1174 2183 1269 ὀδόντας
2230 1175 2277 1232 δ’
2329 1178 2419 1233 οὗν
2467 1178 2639 1252 ὅμως,
2695 1179 2828 1258 ἅπερ
2882 1184 2996 1238 νυνὶ
3047 1187 3162 1250 τοῖς
3211 1189 3518 1267 ὀφθαλμοῖς
3547 1193 3692 1269 ὁρῶ-

304 1301 394 1352 μεν
451 1282 620 1353 ἡμεῖς
658 1280 758 1349 ςαι
819 1279 923 1354 γὰρ
984 1274 1216 1352 μεγάλαι
1277 1273 1460 1353 φύσεις
1521 1272 1757 1347 ἐναργεῖς
1788 1268 1878 1323 καὶ
1934 1270 2040 1321 τῶν
2101 1267 2312 1357 ἀφανῶν
2360 1269 2454 1330 τὰς
2513 1269 2748 1334 εἰκασίας
2803 1274 3124 1350 παρέχουσι·
3170 1280 3259 1333 καὶ
3304 1280 3483 1357 ὥσπερ
3514 1267 3694 1337 αἱῄτοῦ

306 1351 584 1444 βωστῆρος
644 1351 904 1439 ἀκτῖνες,
940 1351 1106 1440 μήπω
1161 1351 1478 1419 καὶταῦτα
1545 1361 1637 1416 τὸν
1718 1357 1965 1433 ὁρίζοντα
2043 1351 2391 1432 ὑπερϐάντος,
2463 1365 2579 1413 κατ’
2652 1359 2882 1437 ούρανοῦ
2957 1363 3348 1441 ἐξαπλούμεναι
3428 1371 3695 1444 μηνύουσι

302 1427 397 1526 τήν
437 1427 714 1527 ἀνατολὴν
744 1503 760 1527 ,
815 1457 907 1512 τὸν
970 1454 1125 1510 αὐτὸν
1185 1451 1323 1523 δῆτα
1377 1451 1576 1528 τρόπον
1634 1448 1724 1504 καὶ
1782 1445 1964 1514 αὐτὸς,
2027 1444 2288 1521 βασιλεῦ,
2354 1446 2499 1520 μάλα
2556 1448 2745 1526 ἐναργῆ
2797 1452 2863 1506 τὰ
2915 1450 3166 1526 σύμϐολα
3211 1454 3534 1537 προῦφαινες
3590 1468 3692 1532 τῆς

303 1549 473 1623 ἀρχῆς
511 1590 527 1611 ,
567 1546 661 1602 καὶ
690 1546 1132 1622 προχαράγματα
1183 1548 1289 1597 τῶν
1354 1539 1665 1616 μελλόντων
1721 1535 1828 1613 πρὸ
1883 1539 1980 1590 τοῦ
2034 1538 2225 1623 καιροῦ
2280 1536 2667 1615 κώυπέφαινες
2695 1585 2706 1596 .
2765 1539 2955 1612 Οὕτω,
3022 1543 3279 1619 βασιλεῦ,
3339 1535 3482 1621 ἄξιον
3538 1550 3690 1613 εὐθὺς

296 1621 615 1691 ἐκνπαιδων
663 1621 756 1691 καὶ
805 1621 974 1704 ἀκοῆς
1016 1633 1106 1689 καὶ
1155 1631 1322 1708 λόγου
1376 1630 1466 1686 καὶ
1519 1628 1794 1701 θαύματος
1851 1626 2097 1701 ὑπῆρχες
2129 1621 2399 1699 διήγημα,
2428 1624 2744 1701 λεγόμενος,
2793 1630 3142 1707 ἀκουόμενος,
3205 1638 3319 1709 μετ’
3376 1637 3689 1711 ἐκπλήξεως

294 1724 738 1799 θωμαζόμενος.

362 1816 457 1884 Μὴ
491 1814 667 1885 ξὲνοις
720 1810 779 1869 δὲ
821 1809 1242 1889 παραδείγμασι,
1291 1808 1682 1887 γνησιωτάτοις
1741 1802 1800 1859 δὲ
1845 1804 1946 1891 μά-

2123 1803 2249 1859 Non
2280 1804 2486 1863 alienis
2518 1813 2712 1865 autem
2742 1812 2991 1885 exmplis
3021 1832 3187 1888 usus,
3219 1819 3318 1874 sed
3367 1824 3607 1891 paterna
3636 1826 3694 1877 et

294 1901 459 1958 λιστα
506 1907 710 1959 σαυτοῦ
753 1902 844 1958 καὶ
880 1907 996 1964 τοῖς
1045 1901 1106 1955 ἐκ
1152 1897 1398 1976 πατέρων
1446 1897 1791 1964 ἀκολουθῶν,
1841 1890 1948 1947 ἐδι-

295 1990 500 2048 δάσκου
527 1992 627 2055 τὰς
664 1992 759 2066 μὲν
806 1997 998 2068 χεῖρας
1049 1989 1124 2051 εἰς
1160 1987 1432 2061 πόλεμον,
1478 1985 1602 2047 τοὺς
1650 1980 1950 2044 δακτύλους

294 2079 375 2154 δὲ,
436 2081 577 2137 κατὰ
628 2080 722 2136 τὸν
781 2085 923 2144 θεῖον
981 2080 1140 2157 φάναι
1199 2075 1363 2135 Δαυΐδ
1397 2121 1412 2148 ,
1475 2074 1552 2137 εἰς
1609 2071 1899 2150 παράταξιν
1934 2114 1948 2140 ,

295 2168 505 2225 ἀσπίδα
530 2169 829 2247 κουφίζων,
874 2168 964 2223 καὶ
1012 2162 1144 2243 δόρυ
1189 2163 1515 2243 κραδαίνων,
1561 2162 1651 2218 καὶ
1679 2161 1808 2232 τόξα
1860 2158 1950 2214 καί

298 2260 440 2336 βέλη
474 2261 567 2315 καὶ
598 2259 746 2338 ξίφη,
797 2259 873 2321 ὡς
919 2257 1041 2327 ἐνῆν
1071 2252 1380 2327 δεξιώτατα,
1415 2251 1950 2329 μεταχειριζόμενοςυ

293 2350 356 2418 ἢ,
390 2346 610 2422 μᾶλλον
674 2347 858 2419 εἰπεῖν,
921 2342 1025 2400 ἔδει
1078 2366 1163 2400 σοι
1218 2345 1354 2419 πρὸς
1395 2348 1564 2399 ταῦτα
1600 2338 1947 2401 διδασκαλίας

297 2436 477 2510 οὐδὲν,
530 2434 778 2509 οἴκοθεν,
814 2436 905 2491 καὶ
951 2440 1193 2512 κρεῖττον
1238 2431 1381 2509 ἤπερ
1430 2432 1569 2487 ἐστὶν
1621 2430 1810 2499 εἰπεῖν,
1859 2449 1950 2483 κα-

292 2532 584 2604 τορθοῦντι
640 2526 709 2581 τὰ
760 2525 953 2599 πάντα,
1007 2524 1121 2593 καὶ,
1186 2522 1399 2599 μεγέθει
1448 2521 1656 2600 φύσεως
1700 2566 1714 2592 ,
1770 2514 1951 2574 πόνων

299 2616 421 2693 ἄτερ
475 2613 835 2690 ἐργαζομένῳ
881 2612 914 2669 ἃ
962 2618 1077 2675 τοῖς
1121 2618 1280 2667 πᾶσιν
1327 2611 1521 2673 ἆπλῶς
1571 2610 1950 2686 κατορθοῦνται

297 2704 493 2781 χρόνῳ
520 2700 723 2757 πολλῶ
746 2701 837 2756 καὶ
870 2700 1093 2771 ἀσκήσει
1122 2704 1190 2774 τῇ
1228 2700 1455 2773 μείζονι.

370 2794 614 2865 ’Δρετῶν
660 2787 719 2844 δὲ
765 2790 840 2852 ὡς
872 2790 1018 2866 εἶχες
1065 2788 1156 2844 καὶ
1189 2790 1613 2864 παραστήματος
1650 2789 1835 2861 ψυχῆς
1863 2784 1953 2839 καὶ

297 2880 511 2956 παγίων
592 2880 741 2948 ἠθῶν
809 2878 901 2933 καὶ
977 2882 1183 2956 φρενῶν
1246 2871 1537 2946 ἐπηϐόλων
1572 2918 1587 2945 ,
1642 2874 1731 2929 καὶ
1786 2878 1955 2929 ταῦτα

303 2973 481 3044 μήπω
528 2966 905 3044 παραγγείλας
951 2968 1044 3022 τὸν
1098 2966 1345 3043 μείρακα,
1397 2963 1520 3021 ἀλλ’
1574 2965 1625 3019 ἐν
1683 2962 1955 3039 ὑγροτέρῳ

303 3064 386 3131 τῶ
443 3058 677 3130 σώματι,
735 3061 855 3118 πῶς
914 3054 974 3110 ἅν
1030 3076 1115 3118 τις
1174 3054 1338 3110 εἰπὼν
1399 3054 1593 3115 ἱκανῶς
1637 3052 1833 3107 ἐσεῖται
1878 3050 1953 3106 εἰ-

2062 1893 2295 1965 propria
2351 1901 2611 1979 secutus,
2659 1916 2870 1957 manus
2917 1906 3050 1960 tuas
3098 1906 3170 1961 ad
3216 1907 3505 1979 praelium.
3545 1910 3695 1983 digi-

2059 1984 2172 2049 tos,
2214 1986 2536 2042 secundum
2569 1989 2803 2045 Davidis
2853 1991 3115 2049 divinum
3163 2011 3418 2066 carmen,
3452 1998 3525 2053 ad
3571 1998 3697 2055 bel-

2060 2068 2186 2125 lum
2217 2071 2501 2141 formasti,
2533 2074 2801 2149 clypeum
2829 2079 3104 2151 tollendo,
3137 2083 3367 2141 hastam
3392 2086 3696 2158 vibrando,

2061 2175 2283 2229 arcum,
2315 2163 2585 2235 sagittas,
2634 2183 2834 2223 ensem
2890 2169 3134 2227 solerter
3179 2176 3519 2246 tractando;
3571 2183 3693 2248 aut,

2060 2251 2125 2302 ut
2151 2248 2343 2306 verius
2391 2252 2603 2323 dicam,
2638 2258 2915 2329 magistro
2967 2261 3038 2315 ad
3097 2261 3375 2321 discenda
3426 2283 3495 2323 ea
3550 2284 3698 2340 opus

2059 2353 2175 2392 non
2210 2338 2503 2412 habebas;
2539 2343 2749 2402 melius
2780 2349 2937 2403 enim
2969 2365 3146 2420 quam
3180 2353 3314 2424 quis
3362 2338 3693 2424 crediderit,

2059 2431 2123 2480 tu
2163 2428 2360 2485 omnia
2404 2430 2551 2487 felici
2601 2431 2797 2491 indole
2843 2441 2900 2491 et
2948 2438 3108 2495 nullo
3158 2443 3370 2499 sudore
3401 2446 3696 2518 peregisti,

2063 2531 2187 2587 quin
2218 2518 2439 2575 caeteris
2469 2519 2655 2577 multo
2686 2522 2883 2580 labore
2930 2541 2996 2582 ac
3040 2528 3253 2585 sudore
3299 2532 3510 2603 majori
3560 2550 3698 2591 con-

2065 2607 2244 2661 stant.

2132 2776 2432 2840 Quomodo
2454 2779 2587 2851 quis
2618 2799 2789 2854 porro
2819 2784 2961 2841 satis
2991 2787 3165 2860 digne
3211 2789 3476 2848 laudabit
3515 2796 3696 2852 animi

2061 2864 2147 2919 tui
2203 2869 2611 2940 constantiam,
2657 2888 2887 2929 morum
2944 2880 3002 2931 et
3059 2876 3278 2950 ingenii
3337 2881 3696 2957 ﬁrmitatem,

2063 2970 2191 3025 qua
2240 2957 2435 3012 omnia
2492 2958 2551 3014 in
2607 2964 2662 3015 te
2717 2979 2831 3018 non
2890 2963 3336 3037 adolescentem,
3368 2973 3469 3027 sed
3507 2974 3699 3031 virum

2066 3050 2362 3100 maturum
2393 3046 2774 3105 indicabant?
2803 3052 2883 3108 Te
2911 3054 2968 3108 in
3000 3053 3144 3126 ipsis
3177 3055 3375 3114 fasciis
3406 3061 3614 3134 pietas,
3646 3069 3704 3119 te

311 3149 433 3202 πών
467 3140 767 3215 ςΕύσέὄεια
809 3146 913 3221 γὰρ
970 3144 1031 3200 ἐκ
1083 3145 1402 3222 σπαργάνων
1459 3141 1650 3198 αὐτίκα
1696 3143 1759 3242 τὸ
1805 3140 1952 3214 πάμ-

2067 3132 2371 3190 haeredites
2400 3139 2457 3190 et
2485 3136 2801 3196 thesaurus
2832 3142 3239 3201 inamissibilis
3272 3150 3562 3220 majorum
3584 3132 3703 3208 am-

324 3257 468 3310 μεγα
515 3242 708 3312 χρῆμα
752 3229 1146 3311 παραλαϐοῦσα
1197 3254 1274 3305 σε,
1335 3235 1363 3287 ὁ
1421 3232 1481 3287 ἐκ
1532 3231 1816 3308 προγόνων
1871 3251 1953 3285 σοι

2070 3222 2293 3296 plexus,
2327 3229 2488 3297 patre
2517 3227 2662 3284 duce
2692 3228 2751 3285 in
2801 3248 3034 3289 omnem
3084 3238 3361 3293 virtutem
3411 3238 3699 3311 initiavit;

318 3324 522 3400 κλῆρος
590 3324 682 3379 καὶ
754 3322 1105 3401 ἀναφαίρετος
1175 3322 1446 3397 θησαυρὸς
1499 3368 1513 3394 ,
1569 3322 1825 3397 κράτιστα
1889 3318 1956 3389 δὴ

312 3415 451 3492 πρὸς
480 3415 575 3475 τὰς
603 3414 720 3469 κατ’
748 3412 915 3482 αὐτὴν
967 3412 1156 3489 ἀρετὰς
1207 3410 1310 3466 ὑπὸ
1360 3410 1692 3485 καθηγεμόνι
1737 3414 1816 3482 τῷ
1861 3430 1960 3464 πα-

305 3504 397 3580 τρὶ
454 3500 788 3576 ἐξεπαίδευεν
823 3521 837 3536 ·
900 3502 960 3573 ἢ,
1014 3495 1078 3556 τό
1128 3521 1189 3578 γε
1235 3499 1616 3572 ἀληθέστερον,
1663 3497 1815 3553 οὐδὲν
1854 3496 1961 3555 ἔδει

306 3614 396 3648 σοι
455 3587 584 3646 οὔτε
635 3595 734 3645 τοῦ
790 3588 1164 3665 ῥυθμίσοντος,
1226 3584 1350 3643 οὔτε
1402 3592 1498 3642 τοῦ
1539 3585 1960 3651 παιδεύσοντος·

308 3682 375 3736 οὐ
423 3680 531 3756 γὰρ
579 3682 713 3748 ἦσαν
760 3680 813 3733 αἱ
862 3677 1043 3753 ἀρεταὶ
1090 3678 1236 3753 παρὰ
1282 3677 1367 3732 σοὶ
1419 3673 1687 3746 διδακταὶ,
1733 3676 1829 3733 κᾶν
1876 3678 1958 3734 ὅτι

313 3770 558 3843 μάλιστα
615 3765 867 3830 διδακτὰς
924 3766 1087 3828 αὐτὰς
1147 3767 1197 3820 οἱ
1253 3764 1426 3850 πάλαι
1483 3764 1736 3829 ὑπέθεντο
1771 3785 1784 3797 ·
1836 3766 1961 3823 ἀλλ’

308 3858 494 3933 ὥσπερ
524 3854 738 3912 ὠδίνων
784 3854 980 3918 ταύτας
1026 3854 1076 3909 ἐν
1106 3857 1176 3928 τῇ
1220 3856 1396 3931 ψυχῇ,
1430 3853 1732 3924 ἁπαλότητι
1765 3852 1823 3910 δὲ
1852 3856 1959 3909 σώ-

311 3968 482 4021 ματος
548 3947 626 4018 μὴ
682 3940 826 4021 ἔχων
888 3944 1097 4020 ἀθρόως
1170 3941 1376 4005 ἁπάσας
1451 3948 1793 4019 προενεγκεῖν
1830 3991 1843 4017 ,
1904 3943 1956 4000 ἐν

306 4036 496 4112 χρόνῳ
525 4032 703 4089 δέοντι
748 4034 840 4088 καὶ
885 4031 1080 4103 ἡλικίᾳ
1126 4030 1423 4108 πρεπούσῃ,
1475 4030 1655 4109 ὥσπερ
1697 4034 1818 4088 τινὰ
1866 4032 1958 4089 τό-

300 4145 393 4179 κον
430 4123 627 4199 εὐγενῆ
658 4143 718 4177 τε
758 4122 847 4176 καὶ
897 4121 1131 4197 ὥριμον,
1182 4120 1257 4182 είς
1305 4124 1417 4197 φῶς
1465 4122 1601 4175 κατά
1652 4120 1774 4193 μίαν
1821 4142 1959 4199 προ-

298 4215 558 4288 ήνεγκας.
611 4211 712 4266 Καὶ
758 4214 949 4287 πρῶτα
999 4210 1091 4282 μὲν
1142 4208 1209 4278 δὴ
1261 4209 1338 4271 ὡς
1384 4208 1471 4264 ἐπὶ
1497 4207 1727 4284 κρηπῖδι
1766 4214 1837 4285 τῇ
1868 4209 1955 4266 εἷ)-

298 4297 480 4372 σεὸείᾳ
533 4301 637 4369 τήν
692 4297 909 4375 ἀνδρίαν
971 4297 1235 4369 ἐπέθηκας
1272 4343 1286 4369 ,
1345 4298 1439 4352 εἶθ’
1495 4297 1619 4371 ἐξῆς
1696 4298 1957 4362 ἐπετίθεις

300 4392 396 4459 τήν
445 4388 736 4467 φρόνησιν,
785 4386 1106 4464 σωφροσύνη
1158 4384 1216 4441 δὲ
1265 4384 1514 4464 ἐφείπετο
1559 4385 1813 4458 ταύταις,
1859 4387 1951 4465 ῥᾳ-

304 4476 433 4541 δίως
490 4478 584 4533 καὶ
643 4474 956 4551 δικαιοσύνῃ
1006 4476 1371 4553 προσέτρεχες
1407 4495 1419 4508 ·
1481 4476 1659 4552 σειρὰν
1716 4476 1774 4531 ἂν
1838 4476 1954 4532 εἶπέ

304 4588 382 4631 τις
440 4566 641 4628 ταύτας
700 4541 1026 4643 χρυσῆνιτε
1053 4541 1169 4620 ’καὶ
1214 4541 1367 4640 ’ἱερὰν
1421 4564 1511 4619 καὶ
1558 4570 1677 4627 τοῖς
1716 4563 1952 4629 πολλοῖς
1983 4541 2032 4607 Ῑ)

308 4656 569 4713 ἂπλοκον.
605 4654 702 4710 Καὶ
733 4653 799 4725 δὴ
824 4654 971 4724 καλὴ
1024 4655 1117 4728 μὲν
1166 4653 1256 4709 καὶ
1303 4656 1338 4723 ἡ
1387 4660 1486 4723 τῆς
1537 4654 1770 4717 πίστεως
1818 4655 1954 4731 πρὸς

308 4748 370 4800 τὰ
399 4745 530 4821 ἔργα
588 4745 915 4815 συνέλευσις,
970 4744 1059 4799 καὶ
1119 4746 1154 4813 ἡ
1184 4749 1293 4799 τῶν
1350 4741 1523 4819 ἔργων
1568 4742 1633 4799 αὖ
1682 4745 1819 4820 πρὸς
1854 4746 1952 4816 τὴν

308 4835 484 4891 πίστιν
542 4832 829 4910 ἀνάκρασις
887 4833 976 4888 καὶ
1032 4832 1311 4909 ἀνάχυσις,
1371 4832 1446 4894 ὡς
1498 4829 1621 4887 οὔτε
1665 4840 1767 4902 τῆς
1816 4832 1955 4889 εύσε-

308 4918 453 4988 δείας
501 4922 830 5001 ὠφελούσης
879 4919 1070 4995 μηδὲν,
1122 4922 1168 4975 εἷ
1221 4923 1295 4995 μή
1346 4919 1723 4992 καταλλήλοις
1776 4927 1954 4991 ζωπυ-

306 5018 455 5089 ροῖτο
482 5019 603 5074 τοῖς
635 5011 836 5089 ἔργοις,
881 5010 970 5066 καὶ
1004 5016 1107 5065 τῶν
1158 5012 1399 5083 πράξεων
1449 5007 1513 5064 αὖ
1558 5010 1950 5087 νεκρουμένων,

307 5099 363 5155 ἃν
398 5102 476 5175 μὴ
506 5105 578 5176 τῇ
627 5099 883 5177 ὀρθότητι
930 5105 1034 5154 τῶν
1087 5097 1375 5174 δογμάτων
1426 5099 1782 5169 στηρίζοιντοο
1825 5098 1955 5155 οὐδὲ

302 5192 399 5266 γὰρ
432 5189 596 5261 ἔστιν,
628 5190 729 5245 οὐκ
775 5185 938 5261 ἔστιν,
990 5188 1074 5244 ὅτι
1126 5190 1201 5261 μὴ
1257 5189 1371 5262 μετ’
1420 5184 1713 5262 εὐσεϐείας,
1756 5190 1949 5265 ἀρετήν

298 5277 386 5332 καί
414 5279 552 5334 εἶναι
597 5280 689 5334 καὶ
741 5279 1097 5351 ὀνομάζεσθαι
1130 5297 1145 5311 ’
1192 5277 1300 5353 οὐχ
1347 5276 1543 5345 ἥκιστα
1591 5274 1649 5331 δὲ
1689 5277 1833 5348 καλὴ
1863 5277 1953 5333 καί

298 5368 332 5435 ἡ
362 5371 469 5423 τῶν
516 5369 721 5445 ἀρετῶν
770 5368 908 5444 πρὸς
958 5364 1215 5438 ἀλλήλας
1268 5362 1547 5441 συνδρομή
1598 5386 1658 5420 τε
1704 5367 1794 5421 καὶ
1826 5367 1950 5421 σύν-

301 5466 463 5519 θεσις.
505 5457 871 5531 Έπεμέμικτο
918 5457 1020 5533 γὰρ
1066 5460 1137 5531 τῇ
1182 5452 1377 5532 ἀνδρίᾳ
1423 5457 1459 5525 ἡ
1514 5454 1803 5533 φρόνησις,
1847 5477 1950 5533 ’χα-

2067 3317 2186 3374 aut.
2222 3318 2287 3369 ut
2313 3314 2505 3371 verius
2534 3317 2724 3374 dicam
2760 3335 2774 3376 :
2809 3337 2924 3376 non
2955 3322 3280 3396 directoris,
3314 3344 3428 3382 non
3467 3329 3699 3386 institu-

2066 3404 2210 3460 toris
2258 3421 2406 3476 opus
2455 3404 2731 3464 habebas.
2763 3408 3019 3467 Virtutes
3067 3414 3223 3469 enim
3272 3418 3426 3488 apud
3479 3422 3535 3474 te
3582 3437 3698 3476 non

2068 3493 2331 3550 doctrina
2360 3499 2546 3562 erant,
2580 3496 2689 3551 etsi
2737 3500 2989 3569 majores
3036 3504 3218 3558 nostri
3266 3522 3366 3561 eas
3412 3506 3703 3567 docendas

2069 3584 2494 3656 discendasque
2524 3587 2939 3658 autumabant;
2964 3588 3082 3646 imo
3114 3608 3211 3648 eas
3233 3592 3292 3648 in
3317 3595 3511 3653 animo
3535 3599 3706 3670 quasi

2068 3673 2419 3745 parturiens,
2451 3677 2709 3746 tempore
2740 3682 2798 3732 et
2827 3677 2991 3735 aetate
3020 3683 3361 3752 opportunis
3391 3690 3456 3740 ut
3472 3691 3706 3758 partum

2068 3779 2414 3835 generosum
2449 3767 2505 3819 et
2535 3770 2832 3822 maturum
2855 3768 3118 3840 singulas
3142 3771 3200 3826 in
3232 3772 3423 3829 lucem
3443 3777 3703 3834 edidisti.

2069 3853 2271 3908 Pietati
2342 3857 2541 3925 utpote
2599 3854 2977 3913 fundamento
3033 3860 3433 3918 fortitudinem
3492 3883 3704 3939 super-

2068 3942 2424 4014 imposuisti,
2484 3942 2613 3999 dein
2674 3945 3043 4015 prudentiam
3103 3966 3236 4004 cum
3294 3953 3583 4011 modestia
3638 3972 3705 4012 ac

2058 4032 2295 4103 justitia
2350 4047 2467 4103 qua
2523 4032 2861 4089 excellebas.
2912 4036 3187 4093 Catenam
3248 4040 3381 4110 quis
3440 4059 3707 4114 auream,

2068 4136 2293 4176 sacram
2327 4120 2460 4193 quis
2486 4121 2716 4178 dixerit.
2747 4123 2818 4178 Et
2861 4125 3112 4196 profecto
3161 4127 3404 4199 pulchra
3450 4136 3539 4186 est
3568 4132 3705 4190 fidei

2066 4226 2201 4265 cum
2250 4211 2523 4281 operibus
2569 4212 2885 4268 connexio:
2920 4218 2977 4270 et
3022 4214 3238 4271 iterum
3286 4233 3528 4289 Operum
3567 4238 3702 4278 cum

2065 4297 2179 4353 ﬁde
2208 4299 2543 4370 conjunctio
2574 4305 2631 4356 et
2675 4301 2947 4369 societas,
2978 4303 3059 4359 ita
3116 4308 3180 4359 ut
3234 4305 3381 4361 nihil
3438 4309 3707 4379 proﬁciat

2065 4386 2250 4458 pietas
2299 4387 2414 4444 nisi
2458 4389 2730 4461 congruis
2776 4390 3098 4447 vivificetur
3143 4393 3438 4464 operibus,
3466 4400 3524 4451 et
3560 4397 3702 4454 item

2067 4493 2243 4548 opera
2269 4477 2524 4544 {mortua
2577 4479 2716 4547 sint,
2784 4480 2899 4535 nisi
2959 4479 3306 4537 rectitudine
3357 4484 3702 4556 dogmatum

2064 4568 2523 4637 conﬁrmentur;
2573 4585 2679 4625 nec
2728 4569 2883 4625 enim
2933 4574 3142 4642 potest,
3175 4588 3293 4626 non
3342 4577 3530 4643 potest
3576 4574 3704 4630 sine

2065 4656 2298 4729 pietate,
2330 4657 2515 4712 virtus
2545 4674 2674 4713 esse
2703 4663 2763 4715 et
2790 4658 3081 4715 nominari
3113 4676 3128 4717 :
3178 4677 3295 4716 non
3342 4661 3540 4719 minus
3568 4663 3698 4735 pul-

2064 4745 2207 4800 chra
2262 4750 2351 4801 est
2401 4746 2680 4801 virtutum
2743 4765 2877 4803 cum
2933 4747 3229 4804 alterutris
3281 4756 3596 4807 concentus
3645 4756 3703 4808 et

2065 4833 2351 4906 cognatio.
2410 4834 2750 4890 Consociata
2806 4840 2895 4889 est
2949 4836 3103 4890 enim
3164 4853 3297 4892 cum
3357 4839 3702 4896 strenuitate

2064 4923 2391 4994 prudentia,
2426 4924 2678 4989 frenum,
2729 4929 2795 4979 ut
2849 4925 2932 4979 ita
2988 4924 3199 4994 dicam,
3257 4930 3313 4981 et
3367 4926 3698 5001 disciplina,

2064 5027 2191 5082 quae
2223 5011 2464 5067 solerter
2492 5012 2739 5067 nimium
2772 5018 3037 5068 coercent
3066 5013 3372 5086 impetum.
3392 5017 3700 5087 Sapientia:

2062 5118 2195 5156 vero
2208 5102 2481 5156 decorum
2498 5107 2905 5156 ornamentum
2922 5102 3183 5158 insecuta
3199 5108 3287 5159 est
3304 5106 3696 5176 prudentiam,

2061 5188 2220 5245 illius
2267 5190 2643 5261 potissimum
2692 5207 2906 5249 corona
2956 5197 3012 5248 et
3058 5195 3503 5250 consummatio.
3548 5197 3699 5261 Quo-

2063 5280 2235 5334 modo
2285 5279 2442 5334 enim
2494 5280 2627 5350 quis
2679 5289 2935 5335 mentem
2966 5286 3066 5336 aut
3098 5281 3459 5338 intellectum
3489 5284 3703 5339 habere

2063 5368 2373 5437 videbitur,
2417 5368 2703 5439 sapientia
2751 5386 2866 5424 non
2910 5369 3273 5426 exornatus?
3326 5373 3401 5427 At
3452 5370 3512 5426 in
3572 5371 3704 5428 istis

2060 5457 2474 5531 perfectionem
2524 5456 2636 5513 nisi
2684 5458 2888 5515 adesse
2934 5459 3246 5529 videretur,
3298 5477 3413 5516 non
3471 5476 3703 5517 morum

373 5654 488 5739 (15)
515 5654 784 5714 Meminit
810 5656 1174 5732 Nicephorus
1203 5657 1439 5731 Gregor.
1471 5673 1558 5727 ιιι,
1590 5656 1643 5726 4,
1673 5655 1730 5731 4,
1760 5657 1869 5710 τῶν
1900 5676 1953 5739 πε

2065 5653 2361 5727 ιληθέντων
2408 5654 2534 5734 περὶ
2586 5654 2751 5712 αὐτοῦ
2790 5652 2884 5713 εἶτ’
2914 5656 2966 5730 ἐξ
3015 5656 3235 5733 ὀνείρων
3284 5655 3374 5714 καὶ
3412 5653 3696 5732 κληδόνων

305 5743 486 5782 τινων.
