4118 6438
430 407 546 468 359

1452 401 1768 464 GEORGII
1811 399 2076 462 CYPRII
2120 399 2238 460 GP.
2284 399 2813 463 PATBIARCHIE

3704 405 3824 464 360

428 537 716 594 rectitudo
747 535 1055 592 comitetur
1082 537 1140 589 et
1166 533 1560 606 subsequatur
1581 533 1833 604 justitia.
1858 536 2056 588 Acces-

2179 526 2352 599 λινὸς,
2385 530 2458 590 ὡς
2489 527 2548 583 ἄν
2579 529 2720 585 εἴποι
2755 550 2860 601 τις,
2909 530 2999 585 καὶ
3050 528 3414 607 παιδαγωγια,
3463 527 3651 603 δεξιῶς
3691 533 3819 609 ἄγαν

434 629 512 684 sit
541 642 674 698 ergo
707 641 832 680 meo
865 623 984 696 regi
1008 622 1262 694 justitia,
1296 639 1412 694 qua
1446 622 1806 695 compleatur
1848 622 2064 694 perfec-

432 719 513 772 tio
543 721 599 771 el:
627 717 821 786 pateat
850 713 1173 784 integritas.

2173 620 2234 673 τὸ
2261 617 2405 674 πολύ
2443 626 2542 687 τῆς
2589 621 2855 689 κινήσεως
2902 619 3288 697 ἀναγρούουσα·
3346 622 3409 675 τὸ
3466 618 3525 676 δὲ
3569 628 3668 691 τῆς
3713 643 3818 676 σω-

2177 708 2450 784 φροσύνης
2481 709 2648 762 καλὸν
2697 707 2900 781 κόσμος
2948 713 3016 782 τῇ
3063 712 3319 787 φρονήσει
3371 711 3670 779 συνείπετο,
3720 711 3822 783 μά-

430 803 587 859 λιστα
643 799 699 856 δὲ
753 799 952 870 ταύτης
1012 798 1415 876 ἐπισφράγισμα
1472 799 1560 853 καὶ
1609 801 1952 874 συντήρησις.
2004 799 2073 852 Ἦ
2117 802 2234 858 πῶς
2284 794 2341 851 ἄν
2375 817 2458 858 τις
2504 795 2559 852 εὖ
2589 796 2865 873 λογισμῶν
2913 798 3002 852 καὶ
3044 801 3305 861 συνέσεως
3336 797 3479 875 ἔχων
3512 802 3819 878 φανήσεται,

428 890 745 968 σωφροσύνῃ
780 890 854 962 μὴ
883 888 1278 962 σεμνυνόμενος
1313 907 1326 957 ;
1358 886 1516 942 Ἀλλ’
1549 888 1609 943 οὐ
1639 890 1744 961 μην
1775 885 1888 942 οὐδ’
1919 886 1969 942 ἐν
2001 886 2216 948 τούτοις
2248 886 2306 940 ἂν
2337 886 2467 940 εἶναι
2501 883 2645 956 δόξαι
2676 887 2739 940 τὸ
2763 887 2996 958 τέλειον,
3022 887 3079 942 ἂν
3108 889 3183 961 μή
3214 889 3302 942 καὶ
3327 884 3543 965 τρόπων
3593 887 3819 960 εὐθύτης

427 983 735 1056 συνομαρτῇ
766 979 854 1034 καὶ
887 975 1009 1046 δίκη
1044 976 1328 1055 ἐφέπηται.
1363 983 1545 1048 Παρῆν
1569 982 1696 1051 γοῦν
1733 976 1818 1032 ἐπὶ
1849 983 1978 1030 πᾶσι
2008 975 2096 1030 καὶ
2130 973 2438 1044 δικαιοσύνη
2470 976 2531 1030 τὸ
2558 975 2765 1031 τέλειον
2799 976 3050 1050 ὁρίζουσα
3078 982 3158 1050 τῷ
3190 977 3307 1051 ἐμῷ
3341 977 3556 1054 βασιλεῖ
3583 978 3673 1033 καὶ
3718 979 3816 1048 τὴν

428 1069 784 1146 ἀκεραιότητα
814 1066 1198 1144 ἐπιγράφουσα.

498 1162 567 1216 Ει
596 1161 716 1215 haec
745 1160 982 1232 quidem
1013 1176 1048 1214 a
1085 1174 1263 1230 puero
1312 1174 1413 1229 per
1459 1162 1514 1213 te
1562 1159 1790 1230 incepta
1839 1157 2062 1212 indesi-

426 1253 632 1304 nenter
663 1253 833 1304 aucta
862 1252 1206 1314 remanent;
1241 1262 1396 1301 nunc
1441 1263 1574 1302 vero
1629 1246 1796 1301 nobis
1845 1247 1904 1301 in
1954 1245 2064 1300 ini-

423 1337 574 1392 tium
605 1335 1042 1409 quodammodo
1073 1350 1400 1390 sermonem
1435 1335 1843 1391 revocantibus
1891 1334 2064 1408 paulo

425 1425 601 1482 altius
631 1425 1010 1497 repetendum
1041 1429 1149 1479 est.

493 1515 759 1570 Habebas
791 1529 930 1584 ergo
961 1511 1236 1584 corporis,
1272 1511 1528 1568 habebas
1558 1516 1616 1568 et
1645 1512 1825 1568 animi
1874 1513 2062 1582 dotes,

423 1607 481 1658 et
536 1604 616 1658 ita
677 1607 741 1656 ut
801 1600 1010 1656 melius
1062 1601 1166 1655 tibi
1224 1601 1558 1673 contingere
1615 1618 1729 1656 non
1764 1602 2060 1673 potuerit:

415 1691 650 1763 juvenis
682 1695 739 1746 et
776 1690 897 1746 haec
949 1690 1291 1762 perﬁciebas
1339 1695 1396 1745 et
1441 1691 1701 1761 corporis
1753 1689 2067 1745 mollitiora

425 1796 667 1853 quaeque
698 1780 1050 1852 repudiabas
1083 1795 1096 1834 :
1145 1795 1278 1834 cum
1308 1795 1441 1834 vero
1472 1779 1728 1850 oportuit
1756 1780 1814 1834 in
1868 1795 2062 1835 rerum

2246 1153 2342 1208 Καὶ
2401 1159 2566 1208 ταῦτα
2625 1155 2738 1227 μὲν,
2797 1155 3041 1231 ἠργμένα
3097 1177 3181 1210 σοι
3239 1154 3298 1210 ἐκ
3349 1153 3588 1226 παιδὸς,
3651 1159 3818 1233 μέχρι

2173 1243 2366 1305 παντὸς
2425 1240 2664 1317 διαμένει
2714 1241 3063 1317 ἐπιδιδόμενα
3094 1263 3106 1277 ·
3165 1244 3277 1299 νυνὶ
3331 1242 3388 1299 δὲ
3438 1247 3629 1322 μικρὸν
3679 1243 3818 1301 ἄνω-

2175 1343 2260 1394 θεν
2295 1330 2514 1407 ἀρκτέον
2564 1335 2699 1406 ἡμῖν
2745 1333 2820 1394 ὦς
2869 1333 2946 1396 είς
2994 1334 3170 1410 ἀρχὴν
3197 1333 3289 1388 τὸν
3326 1331 3492 1409 λόγον
3525 1335 3818 1411 ἀναγαγοῦ-

2173 1440 2276 1478 σιν.

2245 1509 2409 1584 Εἶχες
2444 1511 2538 1582 μὲν
2572 1509 2714 1566 οὕτω
2746 1512 3020 1584 σώματος,
3053 1512 3198 1589 εἶχες
3229 1510 3287 1567 δὲ
3336 1512 3424 1568 καὶ
3467 1516 3652 1589 ψυχῆς
3700 1513 3820 1587 ἀρε-

2174 1603 2302 1669 τῶν,
2335 1598 2424 1652 καὶ
2477 1600 2551 1660 ὡς
2597 1599 2696 1653 οὐκ
2745 1599 2803 1653 ἂν
2864 1598 3059 1675 ἑτέρως
3106 1595 3379 1670 ξυνέϐαινε
3430 1601 3668 1676 βέλτιον,
3699 1601 3818 1663 νέος

2172 1686 2260 1740 καὶ
2328 1692 2495 1741 ταῦτα
2549 1685 2722 1742 τελῶν
2772 1687 2860 1743 καὶ
2919 1687 3243 1766 ἁπαλώτερα
3295 1691 3363 1744 τά
3401 1695 3510 1745 ’τοῦ
3563 1693 3815 1764 σώματος

2172 1770 2628 1850 προϐαλλόμενος
2657 1795 2671 1808 ·
2723 1777 2836 1832 ἐπεὶ
2905 1776 2962 1832 δέ
3007 1779 3095 1833 καὶ
3150 1778 3483 1853 πραγμάτων
3531 1777 3636 1835 ἔδει
3680 1780 3817 1854 πρὸς

424 1868 783 1926 curriculum
816 1868 1068 1940 prodire,
1099 1872 1156 1922 et
1179 1869 1516 1940 exponendo
1539 1885 1889 1940 cognoscere
1912 1885 2056 1940 quae,

2172 1864 2466 1938 γυμνάσιον
2526 1873 2872 1939 καταστῆναι,
2931 1868 3018 1922 καὶ
3073 1869 3233 1944 πείρᾳ
3287 1874 3485 1943 γνῶναι
3541 1871 3674 1944 ἅπερ
3725 1867 3820 1923 καί

423 1959 600 2014 etiam
657 1963 971 2028 antequam
1030 1962 1302 2029 expertus
1348 1957 1450 2024 sis,
1503 1957 1682 2012 animi
1751 1957 2058 2030 magnani-

425 2047 626 2102 mitate
700 2061 941 2101 noveras
997 2049 1134 2114 (non
1195 2045 1350 2099 enim
1409 2047 1710 2116 oportebat
1784 2050 1840 2101 te
1919 2046 2062 2101 satis

426 2135 667 2191 scientia
724 2150 828 2206 per
882 2133 1252 2206 prudentiam
1311 2132 1724 2205 locupletatum
1786 2135 1844 2188 in
1894 2150 2060 2206 expe-

424 2224 626 2278 riendo
671 2221 1019 2290 claudicare,
1074 2227 1138 2276 ut
1185 2221 1268 2276 illi
1319 2223 1419 2294 qui
1470 2222 1686 2277 habent
1731 2223 2060 2294 generalem

421 2327 617 2368 rerum
649 2312 1062 2384 cognitionem,
1094 2314 1292 2367 errant
1326 2327 1459 2366 vero
1508 2311 1661 2365 circa
1710 2311 1964 2384 singula,
1995 2329 2061 2366 eo

421 2401 577 2473 quod
609 2399 724 2455 illis
756 2416 859 2472 per
899 2415 1138 2455 sensum
1194 2416 1307 2454 non
1361 2400 1597 2455 fuerunt
1645 2400 2058 2471 manifestata),

419 2490 572 2545 inter
593 2489 885 2561 principes
915 2493 1179 2544 versatus
1207 2505 1292 2554 es,
1314 2487 1432 2543 illis
1462 2488 1691 2560 egregie
1713 2489 1771 2542 in
1795 2489 2059 2544 notitiam

420 2577 781 2650 perveniens.
813 2577 964 2633 inter
1012 2593 1160 2649 quos
1207 2577 1658 2648 predestinatus
1715 2592 1843 2632 eras
1904 2577 2056 2632 brevi

416 2666 730 2740 imperium
753 2682 1055 2738 occupare.

491 2755 737 2811 Maxime
767 2754 1005 2827 quidem
1036 2755 1362 2810 mirabatur
1409 2759 1465 2809 te
1514 2758 1761 2827 patruus
1791 2755 1888 2810 ille
1920 2759 2060 2810 tuus

419 2849 476 2901 et
507 2862 624 2912 rex,
658 2850 895 2918 propter
923 2845 1180 2916 corporis
1211 2845 1373 2900 dotes
1404 2845 1620 2916 quibus
1651 2850 1708 2899 et
1735 2843 2057 2916 pulchritu-

419 2934 552 2989 dine
582 2933 832 3006 aaquales
878 2939 934 2988 et
983 2933 1326 2988 fortitudine
1375 2933 1626 3004 majores
1677 2939 1814 2988 natu
1866 2932 2056 2989 vince-

417 3023 570 3079 bas:
617 3023 942 3078 mirabatur
997 3025 1054 3076 te
1110 3022 1285 3076 etiam
1343 3027 1579 3093 propter
1634 3022 1814 3076 animi
1872 3021 2055 3091 dotes,

417 3112 737 3184 praesertim
769 3115 1024 3167 mentem
1069 3115 1125 3166 et
1176 3109 1358 3165 animi
1413 3109 1802 3181 praesentiam,
1840 3109 2058 3180 quibus

416 3201 513 3256 ille
560 3200 864 3256 videbatur
913 3204 1152 3254 caeteros
1199 3215 1495 3271 superare,
1528 3215 1729 3253 omnes
1775 3215 1908 3254 vero
1958 3215 2053 3254 su-

2171 1952 2276 2028 πρὸ
2319 1961 2418 2022 τῆς
2471 1955 2658 2030 πείρας
2706 1959 2892 2032 ψυχῆς
2939 1951 3281 2035 μεγαλοφυίᾳ
3329 1957 3622 2034 ἐγνώρισας
3668 1956 3818 2030 (οὐδὲ

2169 2044 2270 2118 γαρ
2320 2039 2424 2097 ἔδει
2482 2044 2690 2114 σκάζειν
2746 2049 2815 2118 τῇ
2875 2045 3126 2123 ἐμπειρίᾳ
3181 2047 3550 2123 ἀποχρώντως
3605 2049 3706 2116 τήν
3758 2048 3818 2104 ἐκ

2169 2140 2269 2199 τῖς
2348 2134 2600 2207 γνώσεως
2674 2134 2981 2207 ἐπιστήμην
3051 2135 3432 2207 πλουτοῦντα,
3480 2137 3614 2191 κατᾶ
3686 2137 3815 2200 τοὺς

2169 2218 2397 2295 ἔχοντας
2446 2223 2540 2295 μὶν
2595 2223 2657 2276 τὸ
2713 2223 2951 2278 καθόλου
3013 2221 3081 2277 δι’
3138 2224 3466 2298 ἐπιστήμης,
3517 2223 3819 2302 παραλογι-

2175 2309 2457 2382 ζομένους,
2492 2309 2549 2365 δὲ
2594 2317 2709 2373 τοῖς
2753 2319 2868 2375 καθ’
2905 2309 3122 2384 ἕκαστα,
3151 2317 3230 2384 τῷ
3262 2315 3337 2386 μὴ
3381 2313 3662 2383 ἐπιστῆσαι
3692 2315 3819 2369 τού-

2169 2418 2285 2460 τοις
2316 2400 2404 2453 καὶ
2457 2399 2546 2454 διὰ
2593 2407 2692 2469 τῆς
2762 2400 3106 2474 αἰσθήσεως),
3164 2401 3216 2456 ἐν
3263 2401 3577 2477 ἀνακτόροις
3623 2401 3821 2479 διέτρι-

2175 2483 2289 2556 ϐες,
2323 2486 2505 2550 καλῶς
2555 2489 2632 2550 εἰς
2675 2494 2873 2564 γνῶσιν
2927 2489 3137 2544 ἐκείνων
3188 2490 3530 2564 ίκνούμενος,
3581 2492 3655 2546 ὧν
3692 2492 3826 2564 μετὰ

2177 2575 2356 2652 βραχὺ
2386 2579 2484 2646 τὴν
2517 2577 2693 2654 ἀρχὴν
2728 2579 3128 2654 ἐγχειρισθῆναι
3161 2580 3462 2655 προώρισο.

2243 2754 2461 2828 Ἀμέλει
2519 2777 2605 2810 τοι
2661 2757 2750 2811 καὶ
2797 2761 2903 2812 τῶν
2950 2762 3047 2813 τοῦ
3094 2758 3347 2831 σώματος
3386 2759 3809 2835 προτερημάτων

2168 2842 2432 2916 ἐθαύμαζέ
2483 2866 2539 2898 σε
2584 2846 2612 2899 ὁ
2659 2847 2802 2908 θεῖος
2849 2848 2961 2920 (16)
3010 2847 3210 2909 ἐκεῖνος
3259 2848 3348 2902 καὶ
3411 2848 3678 2924 βασιλεὺς,
3729 2850 3810 2912 οἷς

2167 2933 2461 3006 ὡραιότητι
2513 2934 2606 3006 μὲν
2633 2938 2741 2988 τῶν
2781 2932 3098 3006 ὁμηλίκων,
3132 2934 3285 2992 ἰσχύϊ
3314 2933 3372 2991 δὲ
3401 2937 3488 2992 καὶ
3512 2942 3615 2992 τῶν
3650 2938 3808 3013 ὑπερ-

2166 3019 2376 3091 ηλίκων
2430 3021 2685 3098 ἐκράτειςο
2742 3022 3008 3096 ἐθαύμαζε
3065 3021 3122 3078 δέ
3173 3046 3230 3079 σε
3279 3027 3367 3080 καὶ
3407 3032 3515 3081 τῶν
3562 3033 3659 3096 τῆς
3704 3030 3804 3100 ψυ-

2167 3117 2300 3185 χῆς,
2335 3110 2568 3183 μάλιστα
2607 3111 2664 3165 δὲ
2701 3113 2798 3180 τῆς
2846 3133 2905 3166 τε
2953 3114 3215 3176 συνέσεως
3262 3114 3350 3169 καὶ
3398 3117 3498 3184 τῆς
3533 3115 3810 3192 ἀγχινοίας

2163 3205 2270 3253 τῶν
2313 3198 2618 3274 λογισμῶν,
2665 3202 2782 3264 καθ’
2824 3200 2882 3263 ἃς
2935 3198 3106 3257 ἐδόκει
3156 3203 3248 3275 μὲν
3299 3202 3501 3266 ἐκεῖνος
3549 3209 3658 3259 τῶν
3711 3203 3810 3259 ἄλ-

419 3307 621 3362 perare
663 3293 720 3345 te
769 3288 894 3344 solo
942 3259 1446 3360 impeditus.erat.
1479 3259 1602 3342 Non
1652 3287 1808 3342 enim
1863 3289 1922 3342 in
1964 3287 2054 3342 his

2172 3285 2278 3342 λων
2309 3294 2542 3361 κρατεῖν,
2596 3289 2698 3344 ὑπὸ
2745 3294 2842 3344 σοῦ
2897 3287 2954 3344 δὲ
3007 3291 3174 3364 μόνου
3211 3297 3319 3346 τῶν
3348 3295 3561 3348 πάντων
3594 3300 3808 3370 κρατεῖν

416 3384 646 3435 tantum
693 3382 750 3433 et
798 3376 959 3450 pueri
1009 3376 1117 3431 tibi
1170 3381 1336 3432 aetate
1384 3392 1706 3447 compares,
1747 3376 1848 3432 sed
1879 3376 2054 3432 etiam

417 3473 483 3524 ut
512 3467 852 3523 Homericus
879 3482 1053 3522 senex
1082 3470 1139 3521 te
1168 3466 1538 3533 ostendebas,
1571 3470 1627 3521 et
1660 3469 1722 3520 ut
1751 3465 1901 3520 alius
1931 3466 2057 3536 qui-

413 3557 524 3623 vis,
555 3557 604 3611 si
638 3556 732 3625 sit,
764 3554 1051 3627 sapientia
1083 3555 1701 3626 praastantiorEtenim
1734 3571 1848 3609 non
1881 3554 2053 3610 modo

414 3645 641 3701 artibus
673 3662 798 3716 qua:
849 3649 1148 3717 stuporem
1199 3645 1565 3700 incutiebant
1614 3651 1856 3700 ornatus
1901 3662 2053 3712 eras,

415 3733 515 3789 sed
549 3738 604 3788 et
632 3733 835 3805 lingua
864 3732 989 3788 sola
1021 3732 1285 3787 omnium
1314 3750 1505 3788 rerum
1526 3733 2054 3805 cogitatarumcon-

414 3821 665 3895 gruenti,
701 3821 938 3877 ﬂexibili
968 3826 1027 3877 et
1057 3839 1288 3886 canora,
1321 3826 1383 3876 tu
1432 3822 1514 3877 ait
1554 3822 1844 3878 Aristonis
1895 3822 2052 3878 ﬁlius

413 3911 600 3982 Plato,
660 3915 718 3966 et
773 3910 956 3966 nihilo
1015 3911 1327 3974 aberranti,
1359 3910 1443 3966 ita
1491 3915 1555 3966 ut
1603 3910 1801 3966 nullus
1857 3917 2048 3966 tecum

412 4001 599 4074 possit
624 3999 892 4065 conferri,
925 4016 1031 4055 nec
1061 4000 1272 4072 poetici
1315 4000 1551 4072 quidem
1595 4000 1856 4056 seniores
1905 4017 2050 4072 quos

412 4089 719 4156 Homerus,
779 4092 1012 4161 propter
1065 4088 1222 4144 vocis
1280 4090 1682 4159 canoritatem,
1752 4094 2046 4160 comparat

412 4179 629 4235 cicadis
683 4194 859 4249 super
915 4179 1151 4233 arbores
1201 4177 1612 4248 insidentibus,
1647 4184 1712 4234 ut
1751 4178 2051 4234 Homerice

409 4266 637 4340 loquar,
672 4272 729 4324 et
759 4283 996 4323 suavem
1029 4270 1264 4322 cantum
1296 4266 1697 4325 fundentibus.

483 4447 551 4502 Et
583 4463 697 4503 non
728 4463 798 4502 ex
826 4445 944 4502 illis
991 4450 1224 4501 tantum
1275 4462 1401 4517 quae
1451 4451 1507 4500 te
1556 4445 1708 4502 inter
1762 4445 2051 4518 principes

412 4536 796 4592 innotuerunt
842 4535 1084 4592 laudum
1139 4534 1441 4590 materiam
1495 4540 1552 4590 et
1597 4536 1865 4607 primitas
1903 4535 2047 4590 hau-

2163 3377 2448 3434 ἐκωκύετο.
2513 3375 2718 3440 Παῖδας
2774 3380 2876 3454 γὰρ
2936 3379 3021 3434 ἐπὶ
3073 3381 3289 3443 τούτοις
3340 3381 3403 3436 οὐ
3461 3382 3624 3455 μόνον
3681 3382 3809 3446 τοὺς

2162 3467 2296 3520 κατὰ
2323 3468 2412 3521 τὸν
2449 3467 2605 3522 αὐτόν
2658 3488 2738 3522 σοι
2791 3469 3010 3544 χρόνον,
3055 3469 3200 3525 ἀλλὰ
3239 3470 3328 3525 καὶ
3373 3470 3464 3526 τὸν
3511 3473 3809 3548 Ὁμηρικὸν

2163 3553 2422 3618 ἐδείκνυες
2471 3558 2697 3632 γέροντα
2725 3559 2856 3631 (17),
2891 3558 2981 3612 καὶ
3024 3557 3074 3612 εἷ’
3119 3580 3200 3620 τις
3247 3558 3420 3622 ἄλλος
3467 3559 3554 3615 ἐπὶ
3602 3561 3806 3617 συνέσει

2163 3641 2391 3720 διέφερε·
2442 3645 2530 3698 καὶ
2577 3645 2678 3720 γὰρ
2735 3652 2994 3722 παρεῖχες
3047 3647 3108 3702 οὐ
3159 3648 3324 3721 μόνον
3367 3651 3616 3722 νοήματα
3671 3651 3809 3726 πρὸς

2161 3731 2419 3802 ἔκπληξιν
2469 3732 2927 3807 προκαλούμενοι,
2987 3734 3131 3790 ἀλλὰ
3185 3737 3273 3791 καὶ
3317 3736 3562 3812 γλῶτταν
3635 3739 3804 3812 μόνην

2157 3826 2266 3876 τῶν
2324 3822 2538 3876 ἀπασῶν
2615 3829 2732 3878 τοῖς
2790 3825 3029 3893 νοηθεὶσι
3081 3820 3475 3899 συμϐαίνουσαν
3511 3871 3526 3898 ,
3586 3824 3805 3904 εὔστρο-

2161 3910 2257 3987 φόν
2289 3931 2347 3964 τε
2383 3911 2472 3965 καὶ
2522 3911 2743 3988 λιγυρὰν
2801 3914 2936 3968 κατὰ
2989 3915 3079 3969 τὸν
3142 3915 3466 3991 ’Δρίστωνος
3517 3915 3803 3990 Πλάτωνα,

2159 3999 2247 4054 καὶ
2305 4000 2441 4074 πρὸς
2491 3997 2642 4055 οὐδὲν
2697 4001 3122 4075 ὀλισθαίνουσαν,
3173 4004 3247 4066 ὡς
3301 4002 3484 4077 μηδέν’
3533 4005 3667 4061 εἶναι
3697 4027 3808 4062 πα·-

2161 4082 2525 4162 ραϐαλλεσθαι
2574 4089 2712 4162 πρὸς
2761 4090 2838 4163 σέ,
2895 4088 3037 4163 μηδὲ
3081 4090 3208 4154 τοὺς
3249 4099 3350 4162 τῆς
3397 4097 3672 4165 ποιήσεως
3712 4093 3808 4166 δη-

2165 4175 2516 4252 μογέροντας,
2571 4177 2662 4238 οὒς
2690 4178 2781 4232 καὶ
2827 4178 3052 4250 τέττιξιν
3101 4183 3346 4256 Ὅμηρος
3395 4179 3570 4238 εἷ’κασε
3619 4180 3707 4238 διὰ
3741 4184 3808 4238 τὸ

2157 4270 2258 4333 τῆς
2310 4268 2495 4342 φωνῆς
2535 4265 2779 4342 λιγυρὸν,
2831 4265 3099 4342 δενδρέοις
3148 4269 3518 4347 ἐφεζομένοις,
3554 4270 3646 4327 τίνα
3690 4275 3809 4337 καθ’

2159 4355 2406 4430 Ὅμηρον
2438 4352 2597 4425 εἴπω,
2629 4356 2717 4410 καὶ
2748 4354 2854 4411 ὅπα
2886 4358 3161 4431 πέμπουσι
3194 4357 3544 4436 λειριόεσσαν.

2231 4443 2328 4497 Καὶ
2353 4443 2415 4498 οὐ
2451 4444 2614 4516 μόνον
2648 4447 2732 4507 οἷς
2766 4445 2816 4500 ἐν
2847 4452 2962 4508 τοῖς
3011 4448 3326 4524 ἀνακτόροις
3377 4449 3595 4528 ἐφαίνου
3633 4455 3806 4506 ποιῶν

2160 4530 2391 4586 ἐπαίνων
2441 4531 2720 4597 ὑποθέσεις
2763 4541 3020 4612 παρεῖχες
3069 4536 3155 4592 καὶ
3207 4537 3484 4616 ἀφορμὴν,
3529 4538 3674 4596 ἀλλά
3701 4562 3808 4596 που

412 4625 543 4681 sisti
569 4644 582 4694 ;
617 4626 717 4680 sed
749 4624 925 4681 etiam
957 4641 1060 4696 per
1087 4623 1208 4678 haec
1229 4640 1354 4695 quea
1381 4623 1440 4677 in
1464 4623 1614 4679 bello
1635 4623 2056 4680 exhibuistiad-

2172 4619 2249 4675 καὶ
2303 4622 2382 4682 οἷς
2422 4622 2556 4676 κατά
2602 4621 2846 4696 πόλεμον
2895 4622 3231 4681 ἐπεδείκνυσο
3282 4629 3370 4682 καὶ
3425 4629 3638 4692 τούτοις
3669 4631 3808 4706 πρὸς

416 4713 786 4770 mirationem
820 4729 882 4768 es
913 4716 1420 4779 consecutus,cum
1448 4713 1518 4768 ad
1543 4717 1871 4784 opportuna
1892 4729 2058 4785 expe-

414 4803 626 4858 dienda
654 4807 710 4858 et
747 4807 978 4858 matura
1033 4806 1090 4857 et
1145 4818 1310 4858 sacra
1357 4801 1774 4858 deliberatione
1819 4801 2053 4860 Themi-

415 4891 596 4946 stocle
652 4889 1019 4946 excellentior
1076 4889 1384 4946 exstiteris.
1436 4889 1560 4945 Non
1614 4891 1740 4960 jam
1801 4889 2052 4946 multum

413 4979 678 5050 elapsum
737 4985 826 5035 est
879 4984 1114 5052 tempus
1167 4995 1236 5034 ex
1293 4995 1408 5050 quo
1467 4977 1682 5033 bellum
1741 4985 1865 5033 erat
1921 4983 2055 5035 ante

414 5071 610 5141 portas
670 5071 726 5123 et
781 5083 874 5123 res
931 5067 1310 5140 postulabant
1357 5072 1872 5139 propugnatorem,
1903 5071 1960 5122 et
1991 5073 2051 5123 tu

406 5156 641 5228 juvenis
662 5172 790 5211 eras
812 5155 1348 5228 singularissimum
1371 5157 1685 5227 quemdam
1707 5156 1856 5210 inter
1877 5157 2054 5212 duces

411 5247 704 5316 (juvenem
765 5243 977 5315 aliquis
1035 5245 1187 5300 dicet
1236 5246 1294 5300 in
1352 5234 1760 5301 Macedonibus
1805 5243 2055 5300 Alexan-

414 5336 651 5403 drum);
686 5332 778 5388 bic
819 5333 1007 5406 magis
1052 5338 1249 5406 aperte
1297 5351 1473 5406 quam
1524 5338 1695 5389 antea
1752 5333 2053 5406 ingenium

413 5429 583 5480 tuum
615 5421 980 5496 signiﬁcasti.
1029 5422 1314 5478 Exercitui
1368 5425 1523 5478 enim
1573 5440 1752 5494 quam
1805 5423 2057 5481 solertis-

487 5566 598 5639 (16)
631 5565 936 5639 Theodore.
965 5564 1264 5639 Michaelis
1296 5582 1440 5620 uxor
1471 5565 1662 5639 neptis
1695 5569 1818 5621 erat
1861 5564 2056 5620 fratris

418 5636 830 5711 imperatoris;
855 5641 1006 5711 _erat_
1048 5653 1184 5709 ergo
1231 5637 1549 5711 imperator
1584 5636 1841 5711 Joannes
1869 5641 2056 5692 Ducas

414 5706 712 5780 Vatacius,
742 5706 1045 5770 Michaetis
1075 5706 1242 5780 θεῖος,
1273 5706 1336 5766 id
1359 5711 1469 5779 est,
1490 5712 1758 5786 patruus,
1781 5708 1899 5768 imo
1929 5724 2058 5784 pro-

2164 4714 2343 4782 θαῦμα
2407 4707 2699 4787 διήγειρες,
2747 4715 3028 4789 κράτιστος
3084 4715 3172 4770 καὶ
3230 4717 3360 4793 ὑπὲρ
3416 4718 3507 4774 τὸν
3553 4725 3814 4792 Θεμιστο-

2162 4796 2295 4853 κλέα
2324 4798 2610 4874 γενόμενος
2654 4799 2862 4878 φύσεώς
2898 4823 2956 4856 τε
3009 4799 3230 4877 δυνάμει
3270 4804 3360 4858 καὶ
3405 4803 3638 4878 μελέτης
3674 4808 3807 4883 βρα-

2163 4885 2360 4961 χύτητι
2393 4885 2806 4964 ἀποσχεδιάζειν
2855 4891 2922 4945 τὰ
2973 4889 3174 4949 δέοντα.
3227 4893 3314 4954 Ὠς
3359 4893 3463 4969 γὰρ
3511 4894 3573 4949 ού
3608 4895 3809 4970 συχνὸς

2162 4975 2441 5052 παρερῥύη
2493 4977 2694 5052 χρόνος
2750 4979 2839 5033 καὶ
2895 4977 3144 5054 πόλεμος
3195 4982 3262 5050 ἢν
3331 4980 3417 5038 ἐπὶ
3477 4982 3682 5059 θύραις,
3716 4983 3811 5038 καὶ

2159 5064 2252 5119 τὸν
2309 5066 2679 5140 ἀμυνούμενον
2734 5067 2913 5123 ἐκάλει
2959 5071 3027 5124 τὰ
3081 5072 3394 5146 πράγματα,
3449 5072 3537 5127 καὶ
3585 5072 3647 5127 σὺ
3695 5073 3814 5146 μεί-

2164 5154 2257 5229 ραξ
2311 5163 2493 5231 παρῆς
2549 5162 2865 5232 στρατηγῶν
2923 5159 2986 5212 τὸ
3049 5159 3360 5215 καινότατον
3419 5162 3554 5233 (νέον
3610 5158 3669 5215 ἄν
3727 5184 3810 5226 τις

2165 5243 2306 5297 εἶπεν
2370 5242 2421 5297 ἐν
2465 5241 2768 5300 Μακεδόσιν
2826 5244 3222 5324 Ἃλέξανδρον),
3287 5247 3511 5304 ἐνταῦθα
3558 5247 3808 5322 ἐκδήλως

2169 5329 2378 5404 μᾶλλον
2402 5329 2542 5406 ἤπερ
2571 5333 2634 5387 τὸ
2664 5335 2926 5411 πρότερον
2952 5337 3050 5404 τὴν
3085 5341 3280 5391 σαυτοῦ
3311 5337 3464 5415 φύσιν
3511 5340 3625 5402 οἷος
3667 5341 3811 5409 ἦσθα

2160 5426 2276 5482 τοῖς
2328 5427 2487 5476 πᾶσιν
2550 5421 2844 5498 ἐγνώρισας
2879 5468 2891 5481 .
2955 5426 3326 5502 Ἐστρατήγεις
3405 5429 3500 5502 μὲν
3570 5429 3674 5504 γὰρ
3733 5431 3812 5493 ὡς

2166 5567 2428 5637 patruus.

2241 5636 2358 5708 (17)
2388 5637 2450 5694 Id
2483 5642 2594 5708 est,
2626 5638 2948 5698 Nestorem.
