4118 6466
222 460 345 529 361

1242 457 1640 523 LAUDATIO
1682 456 2105 522 MICHAELIS
2152 458 2638 522 PAUEOLOGI.

3519 459 3640 522 362

223 594 340 650 οἶόν
364 595 417 648 τ’
463 593 533 662 ἦν
586 589 902 665 δεξιώτατα,
935 587 1022 645 καῖ
1070 587 1222 645 οὐδὲν
1270 589 1414 660 ἀπῆν
1464 589 1561 645 ὅσα
1614 596 1715 661 τῆς
1748 592 1879 667 ἀγα-

1997 593 2142 649 sime
2174 610 2440 666 przeeras,
2474 592 2695 649 nullius
2724 592 2894 664 inops
2924 608 2994 648 ex
3023 593 3298 649 omnibus
3329 608 3455 666 qua:
3487 593 3639 651 bono

220 692 323 755 θῆς
350 682 710 758 στρατηγίας·
771 681 985 757 ἐμάχου
1034 677 1081 735 δ’
1133 681 1186 735 ἐν
1243 686 1360 742 τοῖς
1418 681 1758 756 προμάχοις,
1809 680 1885 743 ὡς

224 773 394 847 μόνον
449 773 541 828 ἐπὶ
597 770 779 843 τούτῳ
827 769 1155 843 ταττόμενος
1225 771 1314 825 καὶ
1368 767 1536 843 μηδὲν
1584 769 1882 848 φροντίζων

217 863 489 939 περὶτῶν
530 859 754 932 τάξεων,
804 861 866 930 ἣ⁶
915 858 978 914 τό
1022 880 1083 935 γε
1131 856 1496 929 ἀληθέστατον
1545 860 1725 937 φάναι,
1780 860 1886 935 φά-

219 951 441 1028 λαγγας
512 951 654 1006 κατά
718 949 912 1004 ταυτὸν
982 947 1229 1021 ἐκόσμεις
1285 948 1375 1003 καὶ
1430 955 1608 1023 παρῆς
1664 948 1885 1003 ἱππεῦσι

226 1041 548 1119 μαχόμενος
579 1086 594 1112 ,
659 1037 856 1108 πεζοὺς
906 1036 1213 1114 παρέθηγες
1273 1037 1348 1099 εἷς
1401 1038 1501 1107 τὴν
1558 1035 1883 1111 συμπλοκὴν

223 1133 314 1186 καὶ
369 1128 649 1203 πολέμιον
724 1122 958 1189 ἔϐαλλες
1008 1122 1339 1201 κατακάρδια
1372 1171 1387 1198 ,
1444 1125 1536 1181 καὶ
1599 1127 1885 1201 καθώσπερ

230 1223 355 1295 παρ’
380 1221 618 1294 Ὁμήρῳ
652 1217 991 1291 μανθάνομεν
1040 1214 1132 1270 τὸν
1183 1213 1235 1268 ἐν
1291 1219 1434 1279 θεοῖς
1489 1214 1883 1291 μαχιμώτατον

235 1314 326 1363 νῦν
362 1310 453 1381 μὲν
485 1301 794 1383 ἔμπροσθεν
835 1305 1090 1378 ὁρμῶντα
1133 1308 1232 1359 τοῦ
1276 1306 1560 1376 Ἕκτορος,
1608 1300 1809 1358 ἄλλοτε
1841 1299 1887 1356 δ’

242 1396 305 1451 αὖ
334 1393 543 1451 ὄπισθεν
597 1395 679 1457 εἷς
724 1394 822 1462 τὴν
870 1396 976 1447 τῶν
1023 1389 1309 1463 Ἑλλήνων
1353 1390 1714 1462 κατάπληξιν,
1769 1412 1886 1446 τοι-

245 1490 394 1549 οῦτος
422 1484 509 1540 καὶ
543 1483 705 1545 αὐτὸς
732 1488 915 1558 παρῆς
961 1485 1041 1553 τῷ
1083 1478 1317 1554 πολέμῳ
1363 1480 1639 1557 πτερωτὸς
1683 1478 1886 1556 ὥσπερ,

242 1580 487 1636 παντοῖος
542 1573 598 1628 ὲν
640 1576 763 1634 ταῖς
814 1570 1160 1643 συμπλοκαῖς
1208 1571 1298 1625 καὶ
1350 1569 1485 1644 μετά
1529 1570 1743 1624 πάντων
1800 1589 1886 1645 γι-

233 1665 480 1737 νόμενος,
508 1662 604 1719 καὶ
634 1659 808 1723 ἄλλος
857 1661 1031 1736 Ἀρης
1086 1662 1277 1733 μακρῷ
1323 1662 1420 1713 τοῦ
1465 1662 1758 1729 ποιητικοῦ
1788 1679 1886 1736 φο-

232 1749 535 1829 ϐερώτερος
583 1749 721 1807 κατὰ
762 1752 873 1805 τῶν
923 1747 1175 1803 ἐναντίων
1227 1747 1542 1824 φερόμενος.
1592 1749 1758 1802 Ἔνθα
1797 1746 1887 1802 καὶ

228 1843 593 1919 στρατιώτης,
627 1837 885 1917 ῥᾳθύμως
936 1835 1079 1913 ἔχων
1132 1842 1231 1906 τῆς
1277 1834 1626 1910 συμπλοκῆς,
1659 1835 1711 1891 ἐν
1744 1835 1890 1909 λήθῃ

219 1939 321 2001 τῆς
351 1930 651 2008 ῥᾳθυμίας,
689 1927 827 2003 πρὸς
875 1927 933 1982 σε
985 1923 1225 2002 βλέπων,
1275 1925 1582 1999 καθίστατο,
1634 1925 1725 1980 καὶ
1754 1923 1888 1988 ὅλος
1916 1967 1966 2032 Β

214 2028 317 2091 τῆς
367 2019 567 2095 μάχης
617 2017 815 2093 ἐγίνετο
848 2061 862 2088 ,
911 2015 1002 2071 καὶ
1049 2013 1219 2087 ὁμόσε
1264 2014 1400 2070 κατά
1444 2019 1551 2069 τῶν
1601 2013 1888 2088 πολεμίων

215 2110 468 2188 ἐφέρετο,
496 2107 592 2164 καὶ
634 2107 663 2162 ὁ
710 2103 919 2161 οἴκοθεν
965 2105 1249 2181 πρόθυμος
1303 2101 1516 2177 μᾶλλον
1569 2101 1658 2158 διὰ
1699 2104 1757 2158 σὲ
1783 2104 1882 2173 τὴν

211 2197 533 2277 προθυμίαν
586 2194 869 2252 ἐπέτεινεν.
923 2191 987 2247 Εἰ
1037 2189 1094 2247 δέ
1133 2190 1242 2247 πού
1288 2213 1373 2255 τις
1419 2193 1512 2247 καὶ
1566 2192 1884 2269 μαχόμενος

210 2289 679 2365 τετραυμάτιοτο,
712 2281 866 2339 οὐδὲν
895 2283 962 2351 ἦν
1012 2281 1157 2353 αύτῷ
1202 2280 1266 2337 τὸ
1315 2284 1531 2358 τραῦμα
1571 2286 1670 2336 τοῦ
1713 2282 1883 2337 πολε-

220 2382 347 2451 μεῖν
407 2372 672 2450 ἐμποδών
701 2419 713 2430 .
768 2370 957 2447 ἤρκεις
1010 2370 1114 2446 γὰρ
1167 2369 1366 2443 αὐτὸς,
1425 2369 1543 2425 ἀντὶ
1596 2369 1883 2448 φαρμάκου

215 2465 429 2528 παντὸς
459 2464 554 2520 καὶ
602 2459 966 2538 ψυχαγωγίας
1014 2458 1248 2533 ἁπάσης,
1313 2460 1612 2536 ὁρώμενος.
1661 2463 1742 2532 τῷ
1778 2460 1881 2535 γὰρ

217 2554 402 2617 οὕτως
461 2550 668 2628 ἔχοντα
710 2547 1017 2622 προθυμίας
1076 2545 1295 2623 βλέπειν
1352 2549 1487 2625 πρὸς
1535 2547 1592 2602 σὲ
1637 2553 1743 2610 πᾶς
1797 2568 1882 2609 τις

216 2642 420 2698 ἑαυτοῦ
475 2640 622 2718 ῥᾴων
650 2635 821 2694 ἐδόκει
869 2636 961 2692 καὶ
1005 2637 1144 2712 πρὸς
1186 2636 1255 2691 τὰ
1307 2633 1455 2691 δεινὰ
1502 2635 1879 2712 ἀκμαιότερος.

220 2730 401 2786 Φίλον
432 2729 542 2806 γάρ
574 2730 651 2791 ὡς
683 2726 769 2783 ἐπὶ
801 2724 864 2781 τὰ
912 2723 1165 2781 πλεῖστον
1213 2730 1332 2787 τοῖς
1362 2724 1696 2802 ἀρχομένοις
1746 2725 1883 2802 πρὸς

215 2824 321 2892 τήν
344 2824 449 2875 τοῦ
481 2820 750 2897 ἄρχοντος
790 2813 898 2887 ἕξιν
949 2813 1183 2888 μάλιστα
1229 2812 1574 2888 διατίθεσθαι,
1626 2811 1732 2870 εἱίτε
1777 2834 1879 2869 κα-

222 2915 360 2981 κῶς,
415 2906 527 2962 εἴτε
554 2906 646 2961 καὶ
679 2906 757 2968 ὡς
807 2902 1004 2980 ἑτέρως
1051 2902 1294 2981 φαίνοιτο
1344 2901 1565 2979 ἔχουσα.
1614 2904 1717 2957 Καὶ
1767 2900 1880 2957 διε-

219 2997 401 3059 τέλεις
452 2997 484 3051 ὁ
526 2992 703 3050 πάντα
751 2991 919 3055 καλὸς
967 2992 1089 3048 τότε
1140 2993 1235 3066 μὲν
1292 2993 1618 3069 στρατηγὸς,
1664 2993 1780 3047 νυνὶ
1833 2990 1880 3047 δ’

1994 683 2346 739 conveniunt
2391 681 2768 755 imperatori;
2798 681 3104 754 pugnabas
3143 682 3204 738 in
3251 682 3443 755 prima
3478 683 3640 756 ,acie,

1994 772 2165 843 quasi
2196 772 2266 827 ad
2300 772 2410 828 hoc
2453 771 2808 827 constitutus
2838 775 2895 827 et
2921 771 3108 826 nihilo
3140 771 3402 826 intentus
3433 772 3505 827 ad
3554 789 3645 829 or-

1994 860 2181 928 dines,
2233 865 2354 929 aut,
2387 865 2451 916 ut
2479 860 2672 916 verius
2717 861 2948 932 loquar,
2998 861 3238 932 agmina
3289 860 3643 933 disponebas

1995 949 2175 1006 simul
2206 967 2271 1005 ac
2326 949 2616 1005 dimicans
2645 949 2797 1005 inter
2825 949 3052 1021 equites
3081 949 3313 1018 aderas,
3348 949 3408 1005 in
3457 950 3642 1006 aciem

1995 1038 2324 1111 abripiebas
2372 1037 2591 1095 milites
2621 1042 2679 1094 et
2722 1037 2874 1094 ictus
2905 1038 3198 1112 dirigebas
3253 1040 3327 1094 ad
3375 1038 3641 1095 hostium

1994 1130 2264 1199 pectora;
2294 1130 2353 1182 et
2399 1127 2918 1199 quemadmodum,
2953 1131 3018 1182 ut
3047 1128 3119 1183 ob
3170 1128 3416 1183 Homero
3462 1127 3641 1183 disci-

1996 1232 2151 1284 mus,
2186 1217 2427 1272 deorum
2457 1215 2942 1272 bellicosissimus
2973 1233 3129 1272 nunc
3158 1219 3292 1272 ante
3333 1216 3637 1273 Hectorem

1997 1304 2322 1375 advolabat,
2354 1321 2511 1360 nunc
2559 1308 2691 1377 post
2732 1304 2902 1360 illum
2933 1306 3005 1360 ad
3049 1305 3278 1361 Graecos
3324 1304 3636 1377 feriendos,

1994 1392 2129 1449 talis
2180 1396 2237 1449 et
2280 1399 2344 1450 tu
2396 1410 2525 1449 eras
2576 1395 2636 1449 in
2683 1392 2855 1463 bello,
2892 1393 3110 1465 ubique
3138 1393 3200 1449 in
3231 1393 3352 1450 acie
3399 1398 3457 1451 et
3502 1411 3638 1451 cum

1997 1483 2272 1539 omnibus
2329 1500 2605 1556 praesens,
2655 1487 2713 1538 et
2757 1482 2904 1538 alter
2971 1483 3129 1538 Mars
3176 1483 3400 1556 poetico
3459 1487 3640 1540 Marte

1997 1570 2169 1643 longe
2223 1571 2537 1628 terribilior
2609 1571 2875 1627 irruebas
2930 1571 2991 1626 in
3058 1571 3277 1629 hostes.
3329 1576 3642 1644 Propterea

1998 1660 2167 1717 miles
2216 1661 2463 1733 ignavus
2491 1661 2552 1715 in
2602 1660 2819 1733 pralio,
2850 1665 2910 1716 te
2939 1660 3174 1717 intuens
3215 1660 3507 1733 ignaviam
3536 1663 3640 1717 de-

1997 1749 2262 1806 discebat
2289 1752 2347 1806 et
2364 1752 2523 1805 totus
2550 1748 2612 1805 in
2633 1765 2833 1822 pugna
2858 1750 3201 1806 versabatur
3229 1753 3286 1806 et
3306 1767 3425 1806 una
3443 1754 3638 1807 tecum

1997 1838 2339 1895 convolabat
2367 1839 2439 1894 ad
2460 1837 2743 1905 hostes,et
2772 1836 2943 1894 miles
2973 1842 3181 1911 suopte
3207 1837 3442 1911 ingenio
3496 1841 3641 1895 stre-

1996 1944 2152 1984 nuus
2180 1944 2284 2000 per
2329 1931 2387 1982 te
2416 1927 2821 1983 strenuitatem
2852 1927 3198 2000 adaugebat.
3229 1927 3290 1983 Si
3331 1927 3462 1998 quis
3492 1928 3639 1984 forte

1995 2020 2152 2073 esset
2197 2015 2556 2085 vulneratus,
2590 2015 2775 2072 nihilo
2802 2015 3018 2072 vulnus
3048 2019 3173 2072 erat
3201 2015 3286 2071 illi
3332 2016 3636 2088 pugnandi

1994 2105 2483 2178 impedimentum
2515 2123 2528 2161 :
2563 2105 2710 2165 satis
2759 2108 2886 2161 erat
2931 2105 3109 2175 enim,
3141 2103 3335 2160 omnis
3379 2104 3638 2161 medica-

1994 2193 2172 2251 minis
2198 2194 2323 2250 vice
2374 2198 2432 2250 et
2461 2194 2655 2250 omnis
2685 2194 2879 2251 solatii
2906 2198 2963 2250 te
3003 2193 3221 2250 vidisse
3251 2210 3265 2248 :
3298 2210 3435 2253 nam
3465 2198 3523 2249 te
3552 2193 3637 2249 ita

1991 2283 2245 2340 alacrem
2319 2282 2657 2355 inspiciens,
2735 2283 2988 2355 quisque
3064 2283 3256 2355 seipso
3330 2282 3637 2340 videbatur

1994 2373 2192 2429 sanior
2221 2376 2279 2428 et
2325 2373 2605 2428 adversus
2633 2371 2894 2444 pericula
2938 2371 3206 2429 validior.
3237 2374 3451 2428 Amant
3478 2372 3637 2428 enim

1991 2460 2336 2534 plerumque
2382 2461 2629 2533 subjecti
2660 2461 2732 2517 ad
2762 2459 3132 2533 imperatoris
3180 2460 3503 2533 praesertim
3533 2460 3638 2516 ha-

1992 2550 2182 2605 bitum
2209 2566 2339 2607 sese
2381 2565 2752 2623 componere,
2783 2550 2904 2606 sive
2949 2549 3100 2606 male
3143 2551 3263 2606 sive
3291 2549 3460 2606 aliter
3509 2566 3639 2607 sese

1991 2655 2186 2711 gerere
2233 2640 2517 2695 videatur.
2550 2640 2621 2696 Et
2666 2644 2807 2696 tunc
2835 2640 2955 2695 dux
2998 2639 3191 2696 bonus
3235 2639 3456 2696 militiae
3502 2655 3634 2711 per-

1990 2728 2294 2797 manebas,
2344 2729 2518 2784 modo
2566 2732 2763 2784 autem
2808 2744 2906 2783 rex
2951 2730 3010 2783 in
3059 2729 3273 2785 bonam
3335 2729 3632 2785 fortunam

1989 2816 2476 2885 Christianorum,
2532 2833 2601 2872 ex
2657 2834 2770 2889 quo
2830 2817 3018 2888 primo
3092 2816 3334 2873 emicuit
3384 2817 3634 2873 barbula

1988 2922 2176 2978 usque
2204 2907 2275 2961 ad
2325 2910 2444 2962 tres
2472 2905 2768 2978 proximos
2817 2904 2942 2961 dies
2972 2906 3032 2961 in
3080 2905 3218 2962 belli
3268 2906 3543 2978 periculis
3574 2910 3633 2963 et

1988 2994 2407 3050 certaminibus
2451 2998 2738 3050 versatus.
2784 2994 2983 3050 Ceteri
3036 2995 3274 3065 quidem
3322 2994 3633 3067 indulgent

224 3086 308 3141 ἐπ’
338 3085 516 3161 ἀγαθῇ
543 3083 689 3159 τύχῃ
738 3086 1071 3159 Χριστιανῶν
1125 3078 1402 3157 βασιλεὺς,
1455 3080 1507 3152 ἐξ
1558 3081 1619 3136 οὗ
1662 3085 1875 3158 πρῶτον

1993 3083 2280 3139 venationi
2311 3083 2430 3139 sive
2459 3100 2592 3139 cum
2623 3084 2888 3152 canibus,
2921 3083 3041 3139 sive
3069 3084 3132 3138 in
3173 3100 3345 3155 equo,
3378 3087 3434 3139 et
3463 3084 3626 3141 omni

229 3171 426 3228 ἴουλον
458 3170 629 3235 εἷλκες
665 3169 832 3247 μέχρι
860 3173 958 3240 τῆς
987 3168 1251 3245 πρότριτα
1295 3174 1412 3231 τοῖς
1458 3170 1594 3225 κατὰ
1630 3168 1876 3244 πόλεμον

1993 3172 2169 3227 turbae
2218 3172 2775 3229 oblectamentorum
2823 3171 3039 3244 quibus
3068 3189 3304 3245 operam
3337 3173 3481 3229 dant
3527 3174 3628 3230 ho-

233 3258 510 3323 κινδύνοις
558 3261 645 3315 καὶ
695 3260 901 3336 μάχαις
944 3253 1471 3336 παραϐαλλόμενος,
1534 3259 1633 3313 Καὶ
1681 3258 1877 3322 ἄλλοις

1988 3260 2212 3329 mines;
2244 3265 2309 3316 tu
2339 3265 2534 3317 autem
2557 3260 2706 3317 nulli
2732 3260 3096 3333 eorum,felix
3127 3261 3179 3317 si
3208 3278 3342 3318 cum
3362 3262 3631 3322 libertate

238 3351 339 3425 μὲν
368 3349 695 3425 κυνηγεσίων
744 3344 911 3422 ἔμελε
954 3349 1043 3402 καὶ
1092 3348 1263 3421 θήρας
1306 3347 1397 3402 καὶ
1445 3348 1544 3417 τῆς
1588 3348 1704 3403 καθ’
1751 3345 1881 3417 ἡδο-

1993 3350 2337 3406 necessariis
2364 3353 2684 3421 vacares,et
2706 3354 2906 3406 noctes
2936 3354 3087 3407 totas
3117 3367 3234 3407 non
3265 3352 3506 3408 duceres
3538 3352 3633 3409 in-

232 3441 333 3509 νὴν
382 3441 650 3509 ἱππικῆς,
698 3436 789 3492 καὶ
839 3435 1013 3491 ὁπόσα
1056 3434 1340 3511 περιουσίᾳ
1396 3434 1674 3513 ῥᾳστώνης
1733 3436 1885 3514 ἐργά-

232 3535 412 3599 ζονται
472 3524 772 3603 ἅνθρωποι·
836 3523 921 3579 σοὶ
979 3521 1036 3579 δὲ
1091 3523 1299 3579 τούτων
1349 3520 1502 3578 οὒδέν
1533 3543 1546 3556 ·
1606 3524 1881 3601 ἀγαπητόν

232 3616 288 3674 δὲ
313 3619 406 3675 καὶ
438 3617 489 3671 εἰ
524 3617 644 3690 μετ’
671 3611 853 3677 ἀδείας
902 3618 1149 3690 μετεῖχες
1203 3617 1312 3668 τῶν
1361 3612 1687 3689 ἀναγκαίων,
1740 3611 1884 3669 ἀλλά

230 3709 305 3782 μὴ
356 3705 564 3767 νύκτας
624 3702 759 3767 ὅλας
818 3700 1003 3778 ὃιῆγες
1059 3701 1368 3778 ἀγρύπνους
1402 3744 1416 3758 .
1478 3701 1577 3756 Καὶ
1633 3703 1734 3778 γὰρ
1791 3703 1882 3758 καὶ

225 3798 369 3850 τοῦτ’
399 3794 629 3873 ἐφαίνου
658 3793 888 3868 πάσχων
932 3792 968 3860 ἢ
1017 3795 1189 3846 ποιῶν
1231 3790 1268 3860 ἢ
1317 3790 1440 3865 (οὐκ
1488 3787 1603 3866 ἔχω
1649 3795 1768 3854 πῶς
1809 3793 1882 3845 εἱ-

227 3890 344 3939 πεῖν
389 3872 629 3957 ἄλλως),
671 3878 765 3936 ἵνα
804 3882 875 3936 τὰ
906 3881 1021 3953 μεθ’
1064 3872 1275 3957 ἡμέραν
1316 3878 1481 3956 σχοίη
1535 3878 1741 3954 καλῶς,
1790 3881 1881 3935 καὶ

230 3974 257 4027 ὁ
282 3978 446 4028 πᾶσιν
470 3972 552 4033 είς
582 3969 878 4025 ἀνάπαυσιν
931 3968 1213 4043 ἀνειμένος
1250 3970 1437 4046 καιρὸς
1488 3968 1574 4024 σοὶ
1612 3969 1702 4024 καὶ
1736 3969 1882 4043 μόνῳ

232 4060 353 4117 0&3‘5
404 4061 538 4137 μίαν
583 4056 765 4115 ἐδίδου
819 4063 941 4120 ταῖς
990 4058 1266 4138 φροντίσιν
1324 4057 1654 4115 ἀνάπαυλαν.
1716 4058 1880 4132 Ἡμέ-

232 4171 325 4226 ρας
380 4149 441 4206 δὲ
486 4150 626 4227 πρὸς
677 4147 853 4222 ἀκμὰς
903 4147 1136 4224 ἐχώρεις
1184 4144 1424 4224 δοράτων
1472 4147 1561 4203 καὶ
1620 4146 1882 4203 συνεπλέ-

230 4260 323 4294 κου
378 4244 503 4301 τοῖς
560 4235 886 4312 πολεμίοις,
943 4237 1039 4292 κάν
1086 4240 1204 4299 τοῖς
1253 4237 1494 4312 πρώτοις
1543 4240 1650 4291 τῶν
1705 4234 1884 4291 κινδυ-

231 4327 490 4384 νευόντων
542 4325 749 4389 έτέλεις
797 4324 1278 4405 ἀναστρεφόμενος,
1324 4330 1472 4381 τοῦτ’
1518 4325 1632 4390 ἀνθ’
1677 4323 1881 4396 ἡδονῆς

238 4418 440 4489 ἀπάσης
488 4414 838 4493 αἱρούμενος,
896 4415 959 4470 τὸ
1001 4411 1208 4489 μηδένα
1252 4412 1518 4489 πολέμιον
1576 4416 1707 4489 μήθ’
1736 4414 1881 4477 ὅλως

239 4507 366 4562 εἶναι
416 4511 501 4579 τῷ
537 4504 797 4582 ἡμετέρῳ
862 4504 1002 4580 γένει
1031 4548 1053 4577 ,
1116 4506 1256 4579 μήτε
1316 4505 1424 4577 μὴν
1478 4503 1834 4577 ὀνομάζεσθαι
1866 4547 1881 4561 .

238 4595 558 4672 Ἔπράττετο
608 4589 669 4649 δέ
716 4614 802 4648 σοι
842 4593 980 4648 κατά
1023 4592 1119 4655 τὰς
1170 4592 1350 4670 μάχας
1400 4590 1750 4669 αὐτοσχέδιον
1790 4592 1882 4648 ού-

1993 3439 2484 3495 somnes.Etenim
2514 3444 2569 3495 te
2598 3439 2707 3495 hoc
2733 3439 3014 3496 tolerasse
3043 3443 3273 3496 constat
3301 3444 3403 3496 aut
3425 3441 3634 3499 fecisse

1993 3527 2305 3599 aut...(non
2325 3528 2511 3584 habeo
2540 3529 2699 3600 quod
2720 3528 2888 3584 aliter
2917 3529 3224 3601 dicam),ut
3248 3546 3373 3601 qum
3396 3530 3489 3586 die
3510 3547 3637 3604 ges-

1991 3633 2152 3673 seras
2181 3617 2426 3672 feliciter
2454 3618 2663 3673 cedant
2686 3622 2771 3685 ;et
2800 3618 3075 3674 omnibus
3104 3619 3177 3674 ad
3210 3618 3634 3690 quiescendum

1991 3706 2291 3761 addictum
2304 3710 2420 3761 tem
2429 3722 2539 3778 pus
2552 3705 2773 3761 nullam
2798 3706 3248 3778 cogitationibus
3263 3707 3440 3764 dabat
3451 3725 3640 3765 cessa-

1989 3793 2228 3850 tionem.
2260 3793 2362 3849 Die
2390 3793 2694 3850 hastarum
2726 3797 3039 3867 oppetebas
3072 3802 3469 3866 mucrones,et
3498 3814 3635 3854 cum

1988 3883 2259 3939 hostibus
2306 3899 2521 3939 manus
2549 3884 2896 3940 conserebas
2942 3888 3000 3940 et
3036 3885 3188 3941 inter
3213 3885 3434 3958 primos
3482 3887 3636 3959 peri-

1990 3970 2259 4027 clitantes
2307 3972 2613 4044 pugnabas
2642 3978 2930 4041 versatus,
2960 3973 3105 4029 illud
3139 3975 3300 4030 omni
3348 3974 3634 4047 voluptati

1991 4064 2373 4132 anteponens,
2431 4061 2586 4132 quod
2645 4060 2846 4117 nullus
2901 4061 3090 4120 hostis
3147 4079 3340 4136 neque
3395 4063 3635 4123 omnino

1991 4148 2068 4205 sit
2120 4152 2334 4205 nostra;
2401 4149 2579 4222 genti,
2638 4166 2825 4222 neque
2881 4150 3058 4207 etiam
3131 4152 3487 4229 nominetur.
3540 4151 3634 4210 Nil

1991 4253 2429 4309 praeproperum
2461 4255 2494 4293 a
2522 4242 2578 4295 te
2602 4238 2662 4294 in
2684 4239 2900 4311 praeliis
2928 4240 3210 4312 agebatur
3255 4258 3362 4298 nec
3408 4243 3635 4298 evenie-

1990 4326 2092 4382 bat
2120 4326 2444 4399 quidquam
2476 4327 2884 4400 improvisum,
2919 4330 3021 4385 sed
3050 4346 3283 4402 semper
3308 4331 3369 4385 in
3409 4330 3634 4403 agendo

1992 4418 2116 4471 erat
2200 4415 2509 4472 consilium
2576 4415 2798 4489 aliquid
2874 4422 2932 4473 et
3020 4417 3382 4475 deliberatio.
3448 4420 3635 4484 Quam

1993 4505 2297 4576 oportebat
2339 4504 2557 4561 milites
2589 4505 2689 4578 qui
2736 4509 2795 4561 te
2833 4510 3255 4580 conspexerant
3280 4506 3497 4563 talibus
3550 4524 3638 4563 ar-

1993 4593 2289 4665 gumentis
2336 4593 2652 4649 dimicare!
2685 4594 2998 4667 Nunquam
3047 4595 3204 4651 enim
3248 4595 3531 4651 nimirum
3578 4599 3638 4652 te

247 4680 348 4752 ἓίεν,
377 4680 492 4739 οὐδ’
520 4684 595 4746 ὡς
626 4680 817 4757 ἔτυχεν
863 4676 1319 4756 ἀπροϐούλευτον,
1369 4682 1563 4757 γνώμη
1605 4678 1661 4736 δέ
1690 4703 1772 4744 τις
1802 4681 1883 4737 ἀεὶ

1995 4680 2117 4736 falli
2177 4681 2436 4754 contigit,
2482 4682 2583 4738 sed
2640 4681 3017 4739 felicissimus
3074 4683 3262 4739 exitus
3319 4684 3638 4757 propositis

243 4772 328 4827 καὶ
353 4767 749 4851 προϐούλευμα
782 4774 891 4825 τῶν
941 4769 1327 4847 πραττομένων
1376 4769 1598 4845 ἐγίνετο*
1651 4771 1728 4834 ὡς
1778 4768 1883 4826 ἔδει

246 4881 307 4935 γε
330 4863 413 4917 καὶ
442 4866 538 4917 νῦν
568 4860 698 4923 τοὺς
727 4862 957 4936 στρατοῦ
978 4854 1468 4935 προϐεϐλημένους
1520 4860 1622 4915 ὑπὸ
1650 4860 1887 4935 τοιούτῳ

247 4952 653 5027 στρατηγεῖσθαι
697 4953 780 5021 τῷ
827 4947 1081 5025 λογισμῷ
1108 4951 1121 5005 l
1152 4950 1222 5003 Ἥ
1273 4951 1377 5026 γὰρ
1425 4948 1485 5004 ἂν
1524 4949 1613 5004 καὶ
1645 4947 1888 5027 σφάλλε-

250 5040 358 5093 σθαι
390 5041 484 5115 μὲν
540 5033 844 5094 συνέϐαινεν
901 5037 1178 5111 οὐδαμῶς,
1241 5038 1389 5113 μάλα
1446 5036 1504 5093 δὲ
1554 5035 1722 5109 δεξιὸν
1769 5044 1885 5101 τοῖς

253 5124 588 5204 δεδογμένοις
644 5129 709 5183 τὸ
762 5128 931 5204 πέρας
990 5122 1280 5182 συνέϐαινε.
1343 5127 1419 5181 Σὺ
1479 5124 1556 5197 δὲ,
1615 5126 1838 5202 βασιλεῦ
1869 5172 1885 5200 ,

255 5216 388 5271 οὕτω
431 5220 604 5274 πάντα
647 5216 873 5287 ἐποίεις,
917 5216 1007 5271 καὶ
1050 5215 1219 5270 πάντα
1262 5212 1463 5291 ῥᾳδίως
1518 5214 1713 5287 ἐνίκας,
1760 5215 1885 5286 τοίη

259 5300 314 5358 δέ
342 5326 420 5360 σοι
451 5305 803 5384 έπιτάρῥοθος
832 5306 928 5375 ἦεν
960 5306 1189 5375 Ἀθήνη,
1219 5307 1466 5378 *Όμηρος
1485 5306 1599 5378 (18)
1630 5304 1689 5359 ἃν
1719 5306 1886 5376 εἶπεν,

258 5393 298 5461 ἡ
324 5394 379 5448 ἐκ
401 5401 496 5450 τοῦ
526 5397 801 5471 μετεώρου
831 5395 922 5450 καὶ
978 5391 1196 5468 ὑψηλοῦ
1246 5415 1342 5448 σου
1390 5398 1488 5447 νοῦ
1523 5392 1889 5473 ὡπλισμένηφ

260 5483 346 5536 καὶ
373 5480 646 5561 δύσμαχος
676 5482 1100 5561 ἀπογεννωμένη
1151 5481 1432 5560 φρόνησις.
1464 5481 1529 5536 Εἰ
1582 5479 1640 5537 δέ
1667 5503 1772 5537 που
1800 5482 1891 5537 καὶ

261 5568 425 5647 τύχης
475 5573 750 5651 βασκανίᾳ,
795 5574 887 5629 οἷα
930 5568 1119 5627 πο)λά
1167 5573 1283 5627 κατ’
1332 5570 1643 5648 ἀνθρώπους
1691 5566 1893 5645 συμϐαί

342 5786 439 5869 (18)
466 5788 625 5847 Iliad.
661 5809 703 5853 ε.
736 5790 862 5846 803.

525 5917 787 6001 Punct.
834 5915 947 5979 Gn.
996 5910 1224 5979 CXLII.

1994 4770 2114 4827 tuis
2145 4770 2364 4826 aderat.
2412 4771 2519 4840 Tu,
2552 4787 2671 4839 rex,
2703 4771 2788 4827 sic
2833 4772 3032 4829 omnia
3060 4772 3274 4845 agebas
3325 4773 3524 4829 omnia
3557 4773 3638 4830 fa-

1996 4858 2102 4915 cile
2147 4860 2489 4932 superabas,
2522 4860 2841 4917 auxiliante
2870 4860 2977 4916 tibi
3023 4861 3298 4933 Minerva,
3331 4866 3398 4917 ut
3433 4865 3640 4918 Home-

1996 4965 2099 5004 rus
2146 4949 2383 5017 diceret,
2412 4948 2514 5004 illa
2562 4948 2784 5005 scilicet
2814 4966 2883 5005 ex
2908 4949 3027 5006 alta
3064 4954 3122 5006 et
3150 4950 3394 5006 sublimi
3444 4954 3640 5007 mente

1996 5042 2122 5093 orta
2164 5041 2391 5093 armata
2438 5042 2497 5093 et
2540 5036 2980 5110 inexpugnabili
3027 5038 3333 5110 sapientia.
3384 5039 3444 5094 Si
3494 5040 3640 5095 forte

1996 5125 2218 5182 invidia
2263 5127 2528 5194 fortuna,
2568 5130 2635 5182 ut
2682 5144 2834 5199 saepe
2881 5129 3037 5199 apud
3086 5127 3358 5186 homines
3406 5129 3635 5198 accidit,
3674 5191 3677 5193 ς

1995 5220 2191 5288 partes
2216 5219 2327 5271 tuae
2356 5216 2597 5272 victoria
2627 5216 2990 5286 orbarentur,
3023 5216 3191 5273 facile
3222 5218 3437 5273 damna
3476 5219 3644 5273 resti-

1996 5306 2227 5374 tuebas,
2276 5308 2333 5360 et
2374 5309 2567 5361 tecum
2616 5322 2823 5361 rursus
2872 5305 3191 5378 apparebat
3246 5309 3525 5378 potestas.
3574 5307 3645 5361 Et

1997 5392 2197 5465 itaque
2226 5393 2308 5449 sic
2334 5391 2579 5449 feliciter
2602 5394 2778 5450 simul
2801 5412 2867 5450 ac
2897 5394 3108 5451 callide
3127 5395 3441 5451 exercitum
3475 5395 3646 5451 duce-

2000 5483 2127 5551 bas,
2161 5487 2226 5537 ut
2278 5486 2513 5538 tuorum
2547 5481 2803 5538 militum
2852 5483 3329 5557 promptissimos
3377 5499 3643 5557 quosque

2002 5571 2075 5627 ad
2107 5570 2328 5644 aliquid
2360 5575 2665 5629 strenuum
2695 5574 3012 5645 agendum,
3043 5577 3102 5630 et
3129 5572 3540 5645 ignavissimos
3572 5572 3645 5631 ad

3302 5914 3373 5983 ιιι
