4118 6488
495 493 617 557 363

1520 492 1837 555 GEORGII
1879 490 2143 553 CYPRII
2186 488 2306 554 GP.
2349 491 2878 557 PATRIARGHE.

3775 498 3883 573 364

495 627 834 701 patiendum
883 625 1199 683 incitares:
1243 625 1457 697 quibus
1510 625 1669 681 enim
1714 624 2124 681 excellentissi-

2244 644 2351 696 νει,
2391 626 2454 679 τὸ
2499 624 2635 680 κατά
2682 628 2741 680 σέ
2783 628 2881 695 τῆς
2931 626 3083 697 νίκης
3134 625 3396 702 έστέρετο,
3449 623 3649 704 ῥᾳδίως
3705 626 3887 709 ἀνέφε-

494 732 660 773 mum
685 719 744 772 te
789 715 1145 788 praestabant
1173 716 1300 769 tum
1329 714 1389 769 in
1419 714 1751 787 cogitando,
1784 718 1908 769 tum
1951 714 2009 768 in
2039 714 2138 770 de-

492 805 814 875 liberando,
844 807 971 860 tum
1023 805 1084 859 in
1132 803 1543 876 aggrediendo,
1592 819 1695 875 per
1742 803 1874 859 illos
1921 804 2138 859 efficie-

490 894 600 951 bas
618 893 892 950 militiam
920 897 1085 949 tuam
1116 892 1333 949 claram
1364 896 1422 948 et
1448 893 1963 965 inexpugnabilem
1989 911 2002 959 ;
2037 909 2140 965 per

493 980 625 1039 illos
670 981 779 1038 tibi
824 981 1068 1054 contigit
1127 980 1361 1054 tropaeis
1408 981 1731 1054 adjungere
1794 986 2030 1053 tropaea,
2079 986 2139 1038 et

489 1070 784 1143 prioribus
810 1070 1069 1128 victoriis
1100 1070 1247 1127 alias
1277 1071 1488 1126 addere
1517 1070 1811 1127 victorias.

2250 734 2335 789 ρες
2379 719 2486 768 τῶν
2537 713 2892 792 σφαλμάτων,
2942 715 3031 770 καὶ
3079 713 3242 771 πάλιν
3294 714 3467 772 ἐδόκει
3513 718 3647 790 μετά
3688 723 3784 773 σοῦ
3828 718 3888 773 τὸ

2246 808 2477 877 κρατεῖν.
2532 804 2631 857 Καὶ
2679 804 2857 859 τοίνυν
2892 851 2907 877 ,
2967 803 3111 862 οὕτω
3168 810 3481 882 στρατηγῶν
3544 806 3790 882 εὐτυχῶς
3837 828 3895 863 τε

2248 893 2361 965 ἅμα
2415 892 2505 948 καὶ
2563 890 2772 966 δεξιῶς,
2833 891 3023 969 δρᾶσαι
3084 894 3177 968 μέν
3230 916 3283 949 τι
3350 894 3489 967 πρὸς
3545 895 3895 971 γενναιότητα

2242 983 2333 1036 καὶ
2364 981 2486 1037 λίαν
2513 987 2724 1057 ταχεῖς,
2755 983 2832 1046 ὡς
2861 980 3206 1059 βραδυτάτως
3246 985 3357 1058 (19)
3391 981 3449 1039 δὲ
3477 986 3663 1040 παθεῖν
3697 984 3896 1049 ἐποίεις

2242 1071 2370 1134 τοὺς
2403 1071 2506 1126 ὑπὸ
2556 1072 2633 1126 σέα
2686 1074 2768 1133 οἷς
2806 1074 2908 1148 γὰρ
2957 1072 3239 1148 κράτιστον
3293 1078 3553 1149 παρεῖχες
3599 1076 3791 1129 σαυτὸν
3841 1073 3891 1130 ἐν

489 1158 779 1233 νὸήμασιν,
830 1157 882 1213 ἐν
940 1153 1301 1233 συμϐουλαῖς,
1361 1158 1413 1212 ἐν
1472 1157 1882 1234 ἐπιχειρήμασι,
1939 1159 2153 1223 τούτοις
2212 1159 2280 1230 δὴ
2338 1161 2426 1215 καὶ
2472 1161 2537 1215 τὸ
2595 1161 2698 1216 ὑπὸ
2756 1162 2813 1215 σὲ
2871 1164 3256 1238 στρατιωτικὸν
3307 1160 3628 1236 εὐδοκιμοῦν
3688 1163 3890 1227 ἐποίεις

491 1248 583 1301 καὶ
642 1243 922 1322 δύσμαχον
959 1290 973 1303 .

490 1336 891 1414 προστίθεσθαι.

561 1428 849 1502 Sicigitur
868 1444 931 1484 se
950 1427 1187 1500 gerebat
1206 1427 1266 1483 in
1285 1426 1437 1486 bello
1460 1433 1518 1484 et
1537 1427 1755 1485 nemini
1768 1429 2136 1485 strenuitatis

492 1518 895 1591 prastantiam
924 1515 1180 1587 reliquit,
1197 1532 1399 1573 verum
1430 1516 1491 1572 in
1522 1521 1782 1589 tempore
1810 1518 2137 1590 tranquilli-

489 1607 630 1664 tatis
659 1611 716 1663 et
743 1606 926 1679 pacis,
959 1610 1061 1661 aut
1090 1622 1223 1661 cum
1254 1607 1557 1678 oportebat
1586 1607 1657 1663 de
1687 1608 1863 1663 rebus
1893 1607 2135 1680 agendis

491 1697 643 1753 ferre
694 1695 1036 1762 sententias,
1086 1695 1436 1752 concedebat
1482 1696 1666 1751 cuivis
1713 1696 1968 1752 senatori
2015 1697 2135 1752 sive

491 1801 666 1858 parvo
698 1784 820 1842 sive
864 1784 1095 1857 majori,
1129 1788 1231 1840 aut
1267 1783 1457 1858 magis
1501 1800 1679 1856 quam
1709 1800 1914 1840 omnes
1960 1785 2135 1840 verba

492 1875 741 1931 faciebat
786 1878 845 1929 et
891 1875 962 1929 de
1010 1873 1357 1940 evertendis,
1390 1876 1455 1927 ut
1502 1873 1684 1944 aiunt,
1716 1871 1950 1928 illorum
1999 1888 2131 1928 sen-

491 1963 691 2020 tentiis
717 1963 1148 2026 moliebatur,et
1165 1968 1362 2019 tamen
1392 1970 1768 2034 conspectum
1789 1967 1913 2018 erat
1932 1966 2135 2034 postea

1033 1247 1118 1317 Ἐξ
1176 1245 1250 1299 ὧν
1324 1241 1594 1300 συνέϐαινε
1666 1248 1940 1321 τροπαίων
1995 1248 2305 1317 ἐξάπτεσθαι
2363 1249 2616 1322 τρόπαια,
2675 1250 2764 1303 καὶ
2820 1250 2991 1312 νίκαις
3048 1245 3454 1324 προλαὸούσαις
3510 1251 3656 1314 νίκας
3710 1252 3891 1329 ἑτέρας

2316 1427 2510 1482 Καὶτά
2558 1428 2653 1500 μὲν
2703 1425 2770 1497 δὴ
2816 1431 2951 1483 κατά
2995 1428 3241 1503 πόλεμον
3283 1430 3531 1493 τοιοῦτός
3575 1451 3633 1485 τε
3682 1428 3786 1507 ἄρα
3821 1432 3888 1500 ἦν

2241 1516 2332 1571 καὶ
2380 1514 2598 1592 ἀνδρίας
2667 1512 2977 1593 ὑπερϐολὴν
3039 1517 3324 1574 κατέλιπεν
3386 1516 3588 1574 οὖδενί’
3646 1518 3697 1574 ἐν
3757 1521 3891 1589 ἡσυο

2242 1606 2370 1681 χίας
2420 1604 2477 1660 δὲ
2514 1607 2688 1682 καιρῴ
2736 1606 2825 1660 καὶ
2876 1606 3121 1683 εἰρήνης,
3154 1608 3190 1677 ἢ
3222 1608 3311 1662 καὶ
3350 1607 3513 1663 ὁπότε
3549 1607 3752 1681 βουλᾶς
3785 1605 3893 1663 ἔδει

2243 1695 2364 1770 περὶ
2410 1699 2505 1748 τοῦ
2554 1695 2607 1749 τί
2662 1695 2721 1749 ἃν
2772 1694 2855 1765 εἴη
2903 1696 3167 1771 πρακτέον
3221 1696 3538 1773 ἐξενεγκεῖν,
3579 1698 3896 1773 παρεχώρει

2240 1789 2346 1838 τῶν
2378 1805 2482 1838 τινι
2513 1791 2614 1853 τῆς
2667 1784 2945 1860 γερουσίας
2974 1786 3010 1853 ἢ
3065 1790 3244 1859 μικρῷ
3291 1787 3327 1854 ἢ
3377 1785 3603 1859 μείζονι,
3654 1788 3691 1855 ἢ
3740 1784 3900 1862 ἔλεγε

2246 1874 2341 1947 μὲν
2394 1874 2526 1949 ὑπὲρ
2555 1875 2756 1935 πάντας
2814 1874 2903 1928 καὶ
2952 1876 3101 1929 κάτω
3159 1880 3360 1947 πεσεῖν,
3417 1877 3479 1930 τὸ
3544 1879 3645 1930 τοῦ
3702 1873 3899 1951 λόγου,

2240 1963 2335 2024 τάς
2388 1961 2601 2018 ἐκείνων
2651 1963 3012 2039 παρεσκεύαζε
3057 1966 3307 2039 γνώμας,
3357 1963 3633 2041 ἠλέγχετο
3688 1962 3748 2019 δὲ
3782 1966 3902 2038 μεθ’

492 2070 611 2110 non
640 2054 789 2109 bene
818 2051 905 2108 illi
936 2053 1140 2108 cedere
1168 2050 1457 2108 consilia?
1488 2057 1576 2106 An
1607 2068 1741 2107 cum
1773 2052 1971 2107 omnia
2000 2068 2124 2124 pro-

2243 2051 2462 2127 ὕστερόν
2490 2074 2621 2108 ποτε
2655 2054 2733 2124 μὴ
2764 2050 2947 2115 καλῶς
2996 2051 3140 2129 ἔχειν
3189 2053 3336 2127 αὐτῷ
3380 2055 3447 2107 τὰ
3500 2052 3851 2128 βουλεύματα
3882 2074 3896 2126 ;

490 2158 659 2215 spere
718 2142 884 2199 ibant
926 2145 984 2198 et
1027 2141 1241 2197 melius
1306 2157 1482 2213 quam
1532 2140 1772 2211 diceres,
1820 2140 1946 2212 ipse
1995 2156 2134 2196 suas

490 2230 692 2287 felices
738 2230 1062 2287 sententias
1109 2229 1433 2303 refugiebat
1493 2230 1718 2302 agendo
1765 2230 2133 2295 confirmare,

492 2325 550 2378 et
575 2320 755 2376 alium
787 2319 967 2392 seipsi
1010 2320 1328 2391 subrogare
1350 2318 1697 2390 judicabat?
1725 2318 2132 2391 Nequaquam.

492 2410 605 2467 Sed
635 2408 834 2466 omnia
860 2408 960 2465 ille
989 2413 1137 2477 erat,
1167 2409 1286 2463 dux
1312 2407 1469 2479 felix,
1500 2406 1745 2464 bellator
1773 2407 1980 2477 solers,
2002 2424 2135 2464 con-

492 2497 751 2555 siliarius
796 2497 1077 2571 Optimus,
1109 2513 1304 2553 rerum
1334 2496 1685 2569 agendarum
1732 2514 1960 2564 suasor,
1992 2513 2133 2570 ope-

488 2605 622 2644 rum
670 2591 952 2661 patrator,
986 2588 1046 2641 in
1094 2603 1348 2658 summa,
1379 2585 1539 2642 solus
1570 2587 1669 2658 qui
1724 2603 1900 2658 super
1929 2602 2133 2642 omnes

489 2677 851 2735 necessarias
881 2692 975 2732 res
1005 2675 1341 2749 perspiciat,
1373 2679 1432 2731 et
1458 2674 1617 2731 solus
1660 2675 1924 2731 omnium
1957 2675 2133 2748 digna

489 2765 752 2825 consiliis
779 2782 956 2839 opera
983 2764 1270 2822 exhibeat.

556 3036 1008 3109 Sed,postquam
1040 3052 1075 3091 a
1104 3035 1272 3092 nobis
1301 3037 1475 3107 prout
1499 3051 1605 3107 par
1624 3037 1748 3089 erat
1764 3032 1970 3090 laudes
1992 3033 2134 3090 obti-

488 3126 693 3193 nuisti,
725 3130 783 3182 te
830 3141 1017 3197 usque
1046 3126 1119 3180 ad
1150 3129 1345 3197 partes
1375 3123 1515 3180 solis
1558 3122 1799 3179 orientis
1827 3123 2133 3195 Oportebat

490 3216 737 3273 ulterius
783 3215 1114 3287 procedere,
1162 3218 1221 3269 et
1267 3230 1477 3270 nomen
1531 3217 1701 3268 tuum
1750 3211 2130 3268 inclarescere

452 3305 547 3372 ‘in
578 3303 873 3378 gentibus,
905 3308 1081 3375 atque
1123 3301 1454 3375 praestantis
1483 3300 1717 3357 virtutis
1769 3299 2128 3357 laudatorem

487 3394 686 3466 ipsum
733 3392 977 3464 adipisci
1025 3391 1361 3459 barbarum,
1397 3395 1461 3445 ut
1505 3391 1587 3445 ita
1616 3406 1790 3462 Opera
1816 3394 1919 3446 tua
1964 3390 2127 3446 testi-

488 3482 687 3539 monio
717 3486 1121 3539 extraneorum
1153 3480 1419 3553 digniora
1448 3479 1560 3535 ﬁde
1589 3479 1897 3536 videantur
1928 3481 2129 3552 (quod-

484 3587 719 3644 cunque
746 3571 904 3626 enim
926 3569 1313 3626 domesticum
1336 3571 1424 3624 est
1445 3568 1504 3623 in
1532 3568 1924 3640 suspicionem
1949 3569 2122 3640 cadit,

482 3661 624 3733 quia
651 3658 976 3732 periculum
1006 3662 1095 3714 est
1123 3675 1195 3714 ne
1223 3657 1523 3714 veritatem
1554 3662 2125 3731 corrumpat,utpote

482 3747 812 3821 cognationi
862 3749 1187 3820 ereptum);
1236 3746 1425 3818 quid?
1454 3745 1528 3801 Ut
1572 3746 1694 3801 haec
1742 3747 1942 3803 omnia
1990 3764 2121 3819 pro-

482 3836 816 3892 ﬁciscentur
843 3852 878 3890 a
908 3833 1193 3907 principio
1238 3832 1394 3889 malo
1425 3837 1482 3888 et
1510 3849 1777 3905 perverso
1827 3837 2001 3906 atque
2034 3833 2124 3888 in-

482 3924 659 3996 digno
688 3924 841 3996 quod
872 3923 948 3979 sit
976 3940 1155 3978 causa
1182 3921 1317 3977 talis
1348 3922 1482 3978 ﬁnis
1502 3922 1530 3976 ?
1564 3922 1784 3978 Invidia
1812 3923 2121 3978 adversum

481 4017 539 4068 te
570 4011 971 4068 inﬂammatur
991 4012 1062 4067 ab
1092 4010 1188 4066 his
1209 4027 1359 4083 quos
1380 4029 1495 4067 non
1517 4012 1971 4083 oportebat,rem
1992 4028 2121 4067 vere

480 4101 807 4158 inauditam
838 4105 897 4157 et
926 4101 1230 4173 indignam
1259 4116 1467 4172 genere
1496 4100 1995 4157 Christianorum!
2022 4101 2123 4157 Sa-

481 4190 846 4264 pientissime
875 4193 1071 4245 autem
1101 4189 1216 4244 dici
1246 4188 1343 4243 hic
1373 4188 1518 4243 mihi
1547 4189 1776 4244 videtur
1805 4189 1949 4244 illud
1991 4189 2119 4246 Pla-

477 4281 656 4349 tonis,
691 4281 845 4352 quod
877 4295 992 4335 non
1025 4281 1266 4350 possent
1295 4278 1534 4333 omnino
1565 4278 1768 4333 abesse
1798 4277 1953 4335 mala
1983 4279 2122 4351 quia

477 4369 700 4442 aliquid
744 4368 1017 4426 contrarii
1052 4367 1153 4423 fati
1180 4367 1251 4422 ad
1281 4366 1501 4421 bonum
1534 4366 1913 4423 nutriendum
1947 4368 2117 4423 relin-

475 4463 687 4531 quatur
734 4473 970 4514 necesse
1018 4460 1143 4524 est;
1174 4460 1230 4511 et
1281 4456 1457 4511 etiam
1511 4455 1730 4510 scimus
1776 4457 2013 4527 rubum,
2055 4462 2120 4513 ut

475 4548 663 4616 aiunt,
716 4546 880 4603 nasci
929 4546 987 4600 in
1038 4544 1225 4601 vinea.
1274 4544 1400 4599 Non
1460 4559 1597 4616 ergo
1650 4544 1983 4601 mirandum
2031 4552 2119 4603 est

475 4638 631 4711 quod
674 4637 830 4709 apud
859 4652 965 4691 nos
998 4633 1315 4690 calamitati
1366 4632 1531 4689 locus
1562 4632 1737 4688 fuerit
1767 4637 1823 4689 et
1866 4634 2114 4705 invidias,

480 4743 607 4799 quae
655 4727 873 4782 mirum
923 4725 984 4780 in
1033 4724 1274 4779 modum
1321 4721 1595 4793 crudelis,
1645 4720 1825 4777 altam
1875 4726 2119 4781 moverit

2243 2141 2277 2209 ἢ
2311 2141 2480 2196 πάντα
2530 2142 2623 2214 μὲν
2666 2146 2832 2196 ταῦτα
2882 2141 3064 2205 καλῶς
3105 2143 3194 2197 καὶ
3242 2143 3318 2207 ὡς
3369 2142 3466 2197 οὐκ
3515 2142 3574 2197 ἂν
3626 2140 3769 2198 εἷ’ποι
3809 2163 3896 2205 τις

2247 2228 2481 2305 βέλτιον,
2545 2228 2725 2306 ἔργοις
2786 2229 2843 2285 δὲ
2897 2233 2996 2300 τήν
3056 2233 3245 2287 ἑαυτοῦ
3293 2232 3479 2294 καλῶς
3518 2228 3750 2307 ἔχουσαν
3802 2233 3900 2306 βε-

2243 2314 2473 2374 ϐαιῶσαι
2504 2321 2734 2395 γνώμην
2787 2319 2946 2382 αὐτὸς
3000 2321 3093 2392 μὲν
3141 2322 3397 2393 ἀπώκνει,
3448 2318 3632 2397 ἕτερον
3681 2318 3729 2375 δ’
3776 2320 3896 2377 ἀντ’

2242 2408 2407 2463 αὐτοῦ
2455 2408 2541 2463 ἐπὶ
2588 2414 2696 2464 τῶν
2750 2406 2924 2485 ἔργων
2974 2417 3301 2480 καταστῆναι
3349 2410 3551 2481 ἠξίου;
3595 2407 3894 2484 Οὕμενουν,

2242 2495 2388 2552 ἀλλά
2431 2499 2499 2552 τὰ
2543 2499 2717 2553 πάντα
2763 2497 2948 2570 αὖτὸς,
2999 2499 3302 2575 στρατηγὸς
3352 2499 3612 2575 εὐτυχής,
3661 2497 3898 2574 πολεμι-

2241 2587 2372 2655 στὴς
2407 2584 2602 2657 δεξιὸς,
2653 2582 2970 2661 σύμϐουλος
3018 2588 3241 2667 ἀγαθᾷς,
3287 2593 3396 2643 τῶν
3438 2589 3723 2665 πρακτέων
3751 2589 3897 2667 ὑφη-

2239 2676 2436 2751 γητῆς,
2465 2680 2573 2731 τῶν
2606 2672 2779 2752 ἔργων
2814 2678 2842 2731 ὁ
2892 2660 3220 2753 πληρωτὴς,
3268 2678 3345 2733 ἑνὶ
3376 2660 3531 2754 λόγιρ
3560 2677 3747 2751 εἲπεῖν,
3793 2660 3895 2753 μό-

2240 2786 2329 2826 νος
2379 2764 2510 2840 ὑπέρ
2568 2764 2771 2827 πάντας
2821 2769 3035 2820 σκοπῶν
3085 2768 3151 2821 τὰ
3205 2765 3535 2839 συνοίσοντα,
3582 2766 3673 2822 καὶ
3723 2766 3895 2840 μόνος

2238 2859 2346 2907 τῶν
2379 2854 2623 2909 ἀπάντων
2675 2854 2836 2925 ἀξίως
2885 2859 2993 2910 τῶν
3045 2856 3370 2929 σκεμμάτων
3413 2856 3480 2911 τὰ
3519 2852 3649 2933 ἔργα
3677 2853 3890 2911 δεικνύ-

2244 2964 2426 3017 μενος.

2309 3031 2467 3088 Ἀλλ’
2495 3029 2788 3108 ἐπειδήπερ
2832 3033 3037 3095 ἱκανῶς
3085 3032 3201 3109 εἶχέ
3247 3054 3332 3094 σοι
3362 3036 3428 3089 τὰ
3472 3040 3569 3104 τῆς
3597 3039 3721 3110 παρ’
3747 3036 3884 3108 ἡμῖν

2241 3121 2587 3198 ἀναρρήσεως
2620 3168 2634 3195 ,
2696 3120 2803 3177 ἔδει
2883 3120 2940 3177 δὲ
3012 3122 3103 3178 καὶ
3172 3125 3475 3201 περαιτέρω
3552 3122 3713 3200 μέχρι
3772 3128 3882 3180 τῶν

2238 3212 2374 3286 πρὸς
2424 3210 2710 3286 ἀνίσχοντα
2753 3209 2915 3280 ἤλιον
2967 3209 3255 3288 παρελθεῖν
3303 3233 3380 3284 σε,
3430 3211 3521 3267 καὶ
3572 3209 3740 3281 δῆλόν
3791 3233 3889 3267 σου

2237 3299 2327 3354 καὶ
2354 3305 2471 3362 τοῖς
2501 3297 2670 3355 ἔθνεσι
2721 3299 2963 3375 γενέσθαι
3009 3302 3073 3356 τὸ
3122 3295 3315 3375 ὄνομα,
3365 3301 3455 3356 καί
3500 3322 3561 3377 γε
3590 3301 3728 3377 πρὸς
3764 3299 3890 3358 έπέ-

2240 3409 2386 3442 κεινα
2433 3395 2533 3458 τῆς
2591 3388 2787 3465 ἀρετῆς
2836 3388 3117 3461 ἐπαινέτην
3170 3387 3476 3460 πλουτῆσαι
3532 3390 3631 3445 καὶ
3690 3385 3893 3467 βάρϐα-

2242 3498 2357 3553 ρον,
2417 3477 2483 3531 ἶν’
2543 3476 2685 3532 οὕτω
2743 3499 2825 3532 σοι
2870 3478 3280 3554 ἀξιοπιστότερα
3335 3479 3590 3558 φαίνηται
3628 3478 3707 3549 ξτά
3756 3478 3890 3555 ἔργα

2231 3570 2301 3639 τῇ
2363 3567 2631 3642 μαρτυρίᾳ
2686 3571 2792 3622 τῶν
2848 3566 3154 3640 ἀλλοτρίων
3216 3568 3299 3642 (τὸ
3345 3568 3449 3645 γὰρ
3498 3568 3700 3624 οἰκεῖον
3746 3570 3887 3624 ἅπαν

2235 3656 2321 3709 καὶ
2380 3655 2642 3729 ὕποπτον,
2704 3657 2779 3718 ὡς
2822 3653 2993 3711 δεινὸν
3037 3660 3107 3731 τῇ
3150 3654 3382 3728 ἀληθείᾳ
3428 3654 3775 3729 λυμήνασθαι
3814 3660 3889 3733 τῇ

2234 3745 2516 3820 συγγενείᾳ
2572 3744 2986 3820 κλεπτόμενον),
3037 3746 3090 3800 τί
3146 3746 3392 3822 γίνεται;
3446 3746 3535 3807 Ὠς
3593 3743 3645 3816 ἐξ
3703 3747 3892 3822 ἀρχῆς

2231 3839 2457 3888 κινεῖται
2511 3838 2678 3889 ταῦτα
2722 3840 2965 3911 πονηρᾶς
3018 3856 3076 3889 τε
3123 3835 3212 3889 καὶ
3265 3833 3538 3909 ὀλεθρίου,
3567 3834 3658 3889 καὶ
3687 3834 3892 3903 ἥκιστα

2230 3923 2480 3977 τοιούτου
2549 3922 2742 3986 τέλους
2818 3922 2991 3985 αἰτίας
3064 3923 3195 3978 εἶναι
3249 3922 3560 4000 πρεπούσης
3617 3925 3630 3978 ί
3686 3922 3889 4000 φθόνος

2231 4011 2516 4066 ἀνάπτεται
2574 4014 2709 4065 κατά
2764 4017 2859 4065 σιῦ
2907 4013 3034 4087 παρ’
3090 4012 3164 4066 ὦν
3216 4011 3316 4067 οὐκ
3364 4010 3491 4067 ἔδει·
3542 4016 3767 4089 πρᾶγμα
3803 4012 3888 4075 ὡς

2232 4098 2449 4170 ἀληθῶς
2509 4096 2707 4155 ἄτοπον
2761 4100 2851 4155 καὶ
2892 4105 2990 4155 τοῦ
3034 4104 3365 4177 Χριστιανῶν
3415 4101 3605 4177 γένους
3644 4100 3886 4171 ἀνάξιον.

2231 4187 2377 4257 Ολὴν
2436 4187 2658 4243 ἐνταῦθα
2714 4193 2892 4266 σοφῶς
2952 4186 3084 4263 ἄγαν
3165 4189 3408 4265 εἰρῆσθαι
3465 4186 3617 4244 δοκεῖ
3668 4188 3731 4243 τὸ
3778 4194 3891 4244 τοῦ

2232 4276 2544 4349 Πλάτωνος,
2599 4278 2676 4339 ὡς
2734 4277 2796 4332 οὐ
2847 4275 3069 4333 δυνατὸν
3119 4276 3414 4333 ἀπολέσθαι
3461 4278 3763 4332 παντάπασι
3811 4278 3891 4333 τὰ

2228 4369 2385 4436 κακὰ,
2418 4362 2567 4429 ὄντος
2617 4367 2906 4443 ἀναγκαίου
2956 4365 3340 4431 ὑπολείπεσθαί
3385 4388 3439 4421 τι
3485 4374 3585 4437 τῆς
3636 4364 3888 4430 ἐναντίας

2232 4457 2423 4531 μοίρας
2452 4457 2658 4533 τροφὴν
2707 4460 2788 4528 τῷ
2837 4454 3037 4532 ἀγαθῷ·
3090 4455 3236 4512 ἀλλά
3283 4456 3394 4528 καὶ,
3442 4456 3507 4511 τὸ
3553 4462 3652 4525 τῆς
3680 4476 3888 4531 παροι-

2232 4545 2375 4618 μίας,
2407 4544 2624 4623 ιρύεσθαι
2672 4545 2761 4600 καὶ
2816 4545 2868 4601 ἐν
2913 4544 3150 4619 ἀμπέλῳ
3199 4546 3364 4618 βάτον
3415 4543 3739 4618 ἠκούσαμεν.
3771 4542 3887 4599 Οὕ-

2225 4656 2353 4689 κουν
2404 4634 2588 4689 καινόν
2627 4655 2701 4707 τι,
2748 4634 2793 4689 εἰ
2826 4633 2915 4690 καί
2943 4637 3071 4710 παρ’
3099 4638 3234 4708 ἡμῖν
3270 4633 3492 4689 ἐνταῦθα
3519 4635 3705 4711 χώραν
3746 4630 3889 4711 ἔσχε

2224 4724 2287 4778 τὸ
2317 4725 2509 4796 πάθος,
2540 4723 2629 4778 καὶ
2662 4724 2689 4777 ὁ
2721 4725 2914 4802 φθόνος
2965 4725 3040 4786 ὡς
3092 4723 3335 4786 ἐκτόπως
3383 4720 3556 4785 δεινὸς
3595 4723 3685 4778 καὶ
3731 4723 3888 4797 ὑψη-

477 4815 799 4885 ﬂammam,
832 4819 1008 4887 atque
1056 4812 1358 4869 materiem
1384 4811 1840 4866 comburendam
1880 4818 1935 4869 et
1966 4814 2118 4871 faces

2237 4814 2328 4881 λὴν
2392 4811 2556 4886 αἶ’ρων
2616 4814 2713 4881 τήν
2783 4812 2979 4891 φλόγα,
3034 4811 3172 4883 ὕλην
3232 4813 3427 4867 ὡσανεὶ
3486 4810 3723 4888 λιπαράν
3781 4814 3884 4867 καί

474 4908 609 4961 tuas
639 4905 891 4962 effecerit
928 4904 1192 4960 virtutes.
1225 4902 1294 4956 Et
1322 4918 1438 4956 non
1471 4900 1614 4956 satis
1645 4900 1789 4956 illud
1833 4902 2111 4973 immane,

472 4993 843 5050 vehementer
870 4992 1004 5048 licet
1023 4991 1405 5061 immane,sed
1438 4989 1612 5045 etiam
1641 4989 1874 5063 linguas
1908 5008 2111 5049 eorum

473 5081 626 5138 sicut
653 5082 874 5154 gladies
905 5082 1110 5137 exinde
1138 5085 1342 5136 contra
1371 5084 1426 5135 te
1459 5084 1741 5134 acuerunt
1769 5080 2032 5154 maligni,
2058 5087 2115 5138 et

471 5170 781 5226 consilium
832 5169 1119 5226 consiliati
1172 5173 1331 5239 sunt,
1364 5169 1463 5224 sed
1496 5186 1610 5223 non
1650 5167 1908 5240 sapiens,
1939 5175 2113 5242 prout

466 5265 621 5316 recte
642 5260 824 5316 Isaias
853 5264 909 5315 et
936 5259 1114 5314 David
1137 5258 1269 5314 illos
1294 5258 1728 5329 descripserunt
1761 5277 1773 5313 :
1808 5258 1901 5313 hic
1930 5260 2107 5315 etiam

466 5349 716 5406 mentita
761 5352 852 5404 est
898 5347 1179 5419 iniquitas
1228 5346 1361 5417 sibi,
1414 5351 1480 5401 ut
1528 5346 1608 5401 ait
1654 5347 1868 5402 iterum
1913 5349 2108 5404 divina

461 5437 785 5511 Scriptura,
829 5443 888 5492 et
930 5435 1169 5502 invidia,
1222 5451 1352 5506 quae
1418 5434 1671 5505 pessime
1743 5437 2105 5506 pessumdat,

459 5527 584 5584 viro
613 5524 912 5583 innocenti
958 5541 1074 5581 non
1130 5523 1447 5596 praevaluit.
1482 5524 1607 5579 Non
1639 5524 1793 5579 enim
1841 5525 2104 5581 futurum

459 5621 584 5676 erat
629 5620 697 5672 ut
743 5629 975 5688 semper
1020 5613 1176 5670 Dcus
1220 5612 1529 5679 sustineat,
1562 5617 1619 5668 et
1670 5612 1826 5668 sinat
1872 5613 2103 5670 invidiae

527 5760 640 5835 (19)
691 5760 932 5835 Forsan,
988 5752 1380 5832 βραδυτάτους,
1410 5755 1781 5814 coucinniore
1823 5774 1957 5815 cum
2006 5778 2102 5813 τα-

484 5831 562 5900 εῖς
590 5831 895 5892 antithesi.

2225 4902 2542 4975 ὑπέκκαυμα
2596 4902 2689 4964 τὰς
2745 4902 2838 4964 σάς
2901 4902 3232 4975 ποιούμενος
3288 4901 3499 4977 ἀρετάς.
3559 4901 3659 4955 Καὶ
3716 4897 3886 4957 οὔπω

2220 5012 2281 5067 γε
2328 4995 2487 5045 τοῦτο
2538 4988 2723 5061 δεινὸν,
2773 4991 2964 5068 καίπερ
3014 4988 3132 5045 λίαν
3183 4989 3427 5066 ὑπάρχον
3480 4987 3675 5059 δεινὸν,
3724 4988 3885 5046 ἀλλά

2220 5080 2309 5133 καὶ
2356 5080 2449 5141 τὰς
2500 5077 2751 5154 γλώττας
2802 5080 2961 5142 αὐτὸς
3020 5081 3096 5143 ὡς
3146 5079 3416 5157 ῥομφαίας
3465 5078 3702 5143 έντευθεν
3733 5081 3886 5135 κατὰ

2221 5173 2317 5222 σοῦ
2348 5173 2637 5242 στομοῦσιν
2669 5170 2721 5222 οἱ
2769 5169 3022 5244 πονηροὶ,
3077 5169 3167 5223 καὶ
3227 5168 3432 5244 βουλὴν
3495 5166 3882 5244 βουλεύουσιν,

2770 5306 2785 5331 ,
2838 5257 3024 5320 καλῶς
3082 5260 3192 5332 (20)
3252 5255 3469 5319 Ἠσαίας
3524 5255 3720 5319 αὐτοὺς
3778 5259 3885 5313 καὶ

2220 5345 2381 5401 Aemi?)
2437 5347 2813 5417 ἐστηλίτευσαν
2850 5366 2863 5379 ⁸
2927 5345 3049 5402 ἔνθα
3118 5346 3207 5402 καί
3278 5345 3536 5421 ἐψεύσατο
3591 5348 3628 5416 ἡ
3689 5343 3891 5403 ἀδικία

2218 5438 2431 5506 ἑαυτὴν,
2462 5438 2524 5491 τὸ
2554 5444 2652 5506 τῆς
2684 5436 2825 5499 θείας
2866 5436 2955 5491 καὶ
3007 5435 3158 5499 αὖθις
3204 5435 3363 5515 φάναι
3416 5442 3654 5514 Γραφῆς,
3705 5435 3797 5490 καὶ
3848 5437 3887 5492 ὁ

2215 5526 2420 5580 κάκιστ’
2477 5525 2852 5599 ἀπολούμενος
2900 5527 3093 5603 φθόνος
3144 5526 3383 5599 ἀμώμου
3425 5524 3532 5600 οὐχ
3579 5524 3890 5602 ὑπερίσχυ-

2214 5635 2319 5669 σεν.
2355 5615 2428 5668 Οὐ
2475 5616 2578 5690 γὰρ
2626 5611 2828 5688 ἔμελλε
2879 5615 3042 5692 μέχρι
3088 5616 3287 5679 παντὸς
3334 5614 3661 5690 ἀνασχέσθαι
3710 5616 3879 5693 Θεὸς,

2219 5256 2347 5311 ἀλλ’
2406 5258 2466 5312 οὐ
2517 5259 2739 5327 συνετήν

2285 5760 2397 5833 (20)
2428 5759 2670 5830 Forsan,
2698 5758 2896 5821 καθώς.
