4118 6438
185 497 311 561 385

1201 499 1603 562 LAUDATIO
1648 498 2073 561 MICHAELIS
2114 500 2610 561 PALIEOLOGI.

3491 500 3610 561 366

184 628 318 691 058‘s
366 636 777 707 παραχωρῆσαι
834 629 906 705 τῇ
969 630 1207 707 πονηρίᾳ
1262 632 1316 693 ἐς
1362 633 1497 686 ἅπαν
1547 631 1850 708 παῤῥησιά-

1987 634 2142 688 ibere
2171 633 2369 689 omnia
2400 633 2609 699 dicere,
2643 648 2715 689 ne
2745 648 2876 705 quae
2932 633 3087 706 apud
3133 649 3242 688 nos
3293 636 3613 690 evenerunt

193 725 375 790 ζεσοαι
409 764 425 792 ,
473 718 571 774 ’ίνα
626 720 702 792 μὴ
756 717 1072 795 ἀπρονόητα
1118 719 1365 798 φέρεσθαι
1424 718 1550 795 δόξῃ
1606 722 1674 775 τὰ
1729 722 1848 775 καθ’

189 814 342 883 ἡμᾶς
369 810 512 864 κατὰ
537 810 670 871 τοὺς
700 807 754 879 ἐξ
782 808 1092 882 αὐτομάτου
1119 810 1188 864 τὰ
1215 811 1386 865 πάντα
1412 813 1729 886 γεννῶντας,
1760 809 1849 863 καὶ

184 899 374 955 κακίαν
411 895 614 953 δίκαιοι
652 899 1029 972 μεταμάθωσι.

266 988 461 1063 Περσὶς
492 985 551 1042 δὲ
591 985 789 1041 λοιπὸν
839 985 966 1063 ἔσγε
1011 1008 1070 1042 σε
1116 990 1249 1061 (21),
1296 987 1468 1044 νεύσει
1516 992 1613 1043 τοῦ
1662 989 1848 1065 Κρείυ-

199 1097 359 1140 τονος
385 1078 482 1146 τήν
528 1071 833 1145 ἐπιϐουλὴν
886 1074 1196 1152 διαδράντα,
1247 1078 1337 1133 καὶ
1384 1079 1418 1147 ἡ
1474 1074 1744 1153 βάρϐαρος
1775 1085 1846 1152 γῆ

207 1165 348 1240 (ἴστε
378 1163 433 1221 δὲ
455 1167 648 1228 πάντες
679 1167 710 1220 ὃ
760 1165 904 1241 λέγω
950 1165 1040 1221 καὶ
1086 1171 1181 1221 τοῦ
1230 1163 1539 1237 διδάξοντπ
1584 1167 1683 1222 οὐκ
1729 1168 1848 1222 ἀνέ-

202 1255 529 1331 χεσθε),ιιαὶ
576 1253 714 1325 αὕτη
768 1252 953 1317 καλῶς
1002 1252 1168 1325 ἔσωζε
1214 1256 1305 1311 τὸν
1360 1255 1511 1333 φύσει
1559 1254 1847 1329 πολέμιον.

196 1343 577 1419 Θεμιποκλῆν
624 1343 771 1397 εἶπεν
824 1341 885 1397 ἄν
933 1365 1017 1406 τις
1062 1340 1244 1421 ἕτερον
1292 1346 1436 1421 παρὰ
1492 1348 1744 1421 Πέρσαις,
1787 1346 1848 1414 ἢ,

197 1432 446 1507 μάλιστά
492 1454 558 1509 γε
604 1430 960 1507 οἷ’κειότερον,
1010 1434 1156 1510 παρά
1206 1433 1438 1496 Σκύθαις
1492 1435 1738 1511 Ἀστέρα,
1787 1435 1849 1488 τὸ

189 1530 291 1593 τῆς
349 1520 696 1599 παροιμίας.
751 1520 910 1577 Ἀλλ’
956 1519 1074 1577 οὐδ’
1121 1521 1346 1587 ἐνταῦθα
1399 1523 1688 1599 γενόμενος
1742 1528 1847 1578 τῶν

193 1615 443 1682 συνήθων
498 1611 757 1685 ἠμέλεις,
812 1609 933 1666 οὐδ’
979 1607 1130 1685 ᾔδεις
1180 1612 1433 1689 κρύπτειν
1477 1613 1540 1667 τὸ
1573 1612 1848 1690 φρόνημα,

192 1724 281 1757 και
310 1698 636 1757 συστέλλειν
684 1700 753 1755 τὰ
782 1697 930 1776 ἔργα,
980 1700 1069 1755 καὶ
1124 1707 1317 1776 σχῆμα
1364 1700 1694 1779 φαυλότερον
1742 1699 1849 1756 δει-

193 1790 392 1864 κνύναι,
455 1790 551 1845 καὶ
608 1790 671 1844 τὸ
718 1788 932 1851 ἀσθενὲς
989 1789 1385 1865 ὑποκρίνεσθαι·
1438 1788 1561 1858 οὐδὲ
1606 1792 1707 1867 γὰρ
1763 1792 1853 1864 μέ-

186 1901 282 1957 χρι
347 1882 646 1954 μιμήσεως
699 1879 765 1933 τὸ
823 1878 1027 1954 ἀγεννὲς
1085 1877 1324 1957 ἐφιλεῖτό
1385 1900 1506 1934 σοι·
1563 1879 1707 1935 ἀλλὰ
1762 1881 1851 1934 καὶ

182 1969 393 2039 taz’mg;
664 1966 951 2042 ἆπανταχῆ
1031 1967 1321 2038 ἀνέστησας
1392 1969 1625 2044 τρόπαια
1681 2016 1696 2041 ,
1762 1970 1852 2024 καὶ

180 2060 453 2135 παρέςχει
503 2055 898 2131 εὐδαιμονῆσαι
944 2062 1060 2119 τοῖς
1112 2056 1361 2133 Πέρσαις,
1410 2060 1501 2113 καὶ
1546 2058 1671 2121 τοὺς
1709 2080 1851 2136 πρη-

180 2151 411 2222 στήρων
464 2144 627 2217 δίκην
684 2145 934 2208 ἐπιόντας
1001 2146 1347 2221 Μασσαγέτας
1395 2143 1664 2226 ἐφόϐησας
1714 2151 1850 2223 (23],

178 2238 276 2292 καὶ
341 2233 567 2298 οὐδενὸς
629 2233 889 2291 οὐδέποτε
946 2236 1005 2290 τὸ
1067 2238 1231 2312 μέχρι
1297 2241 1393 2291 σοῦ
1450 2237 1855 2302 ἐναντιωθέντος

178 2327 405 2399 αὐτοῖς,
466 2323 632 2387 αὑτός
695 2346 750 2379 τε
796 2324 1123 2401 στρατηγίας
1176 2325 1383 2399 μείζονι
1436 2326 1711 2402 ἐπιστήμῃ
1765 2328 1855 2382 καὶ

180 2413 450 2491 ἀνδρείας
503 2408 787 2489 ὑπερϐολῇ
833 2414 972 2469 κατὰ
1014 2413 1307 2489 πρόσωπον
1358 2412 1517 2487 ἔστης
1552 2466 1566 2490 ,
1622 2419 1710 2472 καὶ
1767 2418 1857 2472 ἆν-

182 2502 402 2581 δρικῶς
456 2502 754 2579 ἠγωνίσω,
801 2504 892 2557 καὶ
938 2503 1194 2580 κράτιστα
1251 2503 1320 2574 δὴ
1376 2507 1590 2561 πάντων
1648 2506 1859 2583 ἀνθρώ-

185 2615 313 2650 πων
364 2595 466 2662 τήν
518 2593 699 2668 ὁρμὴν
752 2591 963 2646 ἐκείνων
1011 2591 1291 2667 ἀνέκοψας.
1345 2596 1444 2649 Καὶ
1489 2594 1631 2649 οὕτω
1667 2594 1859 2650 λοιπὸν

194 2686 232 2752 ἡ
266 2680 491 2756 πατρὶς,
522 2679 667 2735 οὕτω
699 2677 756 2734 δὲ
808 2680 898 2734 καὶ
948 2682 983 2749 ἡ
1024 2678 1336 2751 ἀλλοδαπή,
1369 2678 1529 2758 ἔσχον
1560 2681 1864 2738 ἀπολαῦσαί

201 2793 302 2828 σου
331 2775 447 2825 τῶν
478 2768 689 2842 καλῶν,
737 2769 828 2823 καὶ
878 2770 945 2838 ἦν
992 2767 1185 2844 σχεδὸν
1242 2768 1420 2833 οὐδεὶς
1468 2770 1614 2834 ὅστις
1654 2772 1866 2849 ἀνθρώ-

198 2882 325 2915 πων
380 2857 634 2913 ἁπάντων
687 2864 789 2927 τῆς
836 2864 934 2922 σῆς
980 2860 1172 2936 φήμης
1222 2859 1476 2930 ἀνήκοος.
1531 2860 1675 2936 Πρὸς
1701 2865 1868 2915 ταῦτα

202 2948 297 3003 καὶ
329 2944 648 3017 Μιλτιάδην
696 2946 789 3001 τὸν
842 2944 893 3001 ἐν
942 2947 1239 3022 Μαραθῶνι
1284 2948 1566 3024 παρῆλθες
1618 2955 1734 3013 τοῖς
1780 2944 1867 3024 ἕρ-

205 3059 354 3114 γοις,
402 3037 500 3091 καὶ
544 3032 925 3108 Θεμιστοκλῆν
984 3036 1101 3089 καί’
1148 3034 1372 3109 Κίμωνα
1425 3037 1516 3091 καὶ
1574 3038 1866 3114 Περικλῆν,

208 3124 343 3185 τοὺς
370 3125 485 3179 καθ’
521 3123 553 3179 δ
601 3145 651 3179 τι
703 3122 764 3179 ἂν
811 3122 954 3178 εἴποι
1002 3145 1088 3186 τις
1137 3120 1623 3200 διαϐεϐοημένους,
1670 3127 1872 3182 συνέσει

221 3234 285 3267 τε
334 3212 427 3267 καὶ
481 3210 689 3289 ἀνδρείᾳ
743 3212 836 3268 καὶ
889 3212 1144 3290 καρτερίᾳ
1216 3217 1407 3290 ψυχῆς
1457 3260 1473 3287 ,
1535 3220 1727 3292 μακρῷ
1794 3221 1874 3288 τῷ

238 3300 391 3374 μέσῳ
416 3298 773 3376 παρέδραμες,
824 3300 917 3355 καὶ
962 3302 1053 3355 τὸν
1101 3301 1150 3356 ἐν
1203 3300 1372 3376 Πύλῳ
1423 3303 1511 3358 καὶ
1556 3304 1874 3382 Σφακτηρίᾳ

1958 722 2275 793 improvisa
2326 738 2455 779 esse
2500 723 2828 790 videantur,
2862 725 2928 778 ut
2973 722 3076 794 qui
3123 721 3363 779 fortuito
3414 722 3614 780 omnia

1959 811 2190 882 ginunt,
2220 816 2278 866 et
2305 812 2650 883 pravitatem
2673 811 2828 882 justi
2856 811 3184 869 dediscant.

2031 988 2205 1045 Persa
2251 990 2490 1060 quidem
2551 992 2755 1062 postea
2809 990 3016 1047 habuit
3054 995 3133 1059 te,
3164 992 3268 1048 Dei
3319 995 3469 1048 nutu
3524 992 3616 1049 in-

1959 1076 2142 1134 sidias
2199 1078 2595 1150 eti‘ugientem,
2623 1084 2679 1135 et
2732 1080 2986 1136 barbara
3041 1079 3219 1137 tellus
3249 1080 3437 1153 (scitis
3485 1097 3615 1137 om-

1959 1183 2063 1222 nes
2095 1168 2251 1238 quod
2286 1167 2416 1223 dico
2462 1174 2520 1223 et
2570 1185 2664 1224 me
2712 1172 3090 1225 narraturum
3137 1186 3255 1225 non
3302 1168 3609 1242 toleratis),

1960 1259 2016 1311 et
2044 1253 2148 1311 illa
2176 1259 2253 1324 te,
2286 1260 2499 1312 natura
2545 1256 2682 1313 licet
2712 1257 3041 1325 inimicum,
3075 1259 3294 1331 optime
3341 1257 3607 1315 servavit.

1959 1343 2404 1401 Themistoclem
2462 1345 2711 1401 alterum
2750 1348 2905 1419 apud
2953 1347 3160 1403 Persas
3212 1347 3457 1416 diceres,
3509 1351 3611 1403 aut
3694 1410 3697 1423 ,

1962 1433 2115 1503 quod
2166 1433 2539 1505 potissimum
2594 1435 2811 1491 rectius
2863 1440 2974 1506 est,
3005 1438 3211 1493 Astera
3258 1436 3414 1509 apud
3463 1435 3608 1508 Scy-

1959 1521 2115 1591 thas,
2146 1527 2212 1577 ut
2240 1523 2417 1579 estin
2460 1524 2780 1596 proverbio.
2814 1524 2914 1580 Hic
2964 1530 3163 1583 autem
3210 1543 3245 1581 a
3291 1528 3606 1582 consuetu-

1960 1611 2097 1667 dine
2127 1629 2244 1667 non
2292 1612 2633 1669 discedebas
2654 1617 2710 1669 et
2738 1613 3041 1670 nesciebas
3093 1613 3281 1671 celare
3309 1614 3607 1682 ferociam,

1959 1705 2016 1756 et
2045 1701 2117 1757 ab
2148 1701 2421 1773 operibus
2453 1702 2769 1772 abstinere,
2801 1707 2978 1775 atque
3007 1702 3275 1759 habitum
3307 1703 3613 1760 ostendere

1959 1789 2357 1859 humiliorem,
2413 1795 2471 1846 et
2520 1790 2878 1847 debilitatem
2928 1790 3251 1847 simulare:
3286 1808 3402 1847 non
3456 1790 3613 1848 enim

1962 1894 2027 1934 eo
2057 1896 2245 1951 usque
2293 1897 2327 1935 a
2364 1884 2421 1937 te
2452 1881 2762 1937 amabatur
2792 1880 3153 1954 ignobilitas,
3185 1885 3253 1936 ut
3299 1898 3429 1937 eam
3476 1880 3615 1935 imi-

1962 1968 2104 2025 teris
2139 1985 2153 2024 :
2185 1971 2284 2025 sed
2316 1969 2374 2024 in
2414 1969 2516 2025 illa
2545 1974 2699 2026 terra
2746 1988 2933 2042 usque
2960 1987 3194 2043 quoque
3225 1969 3459 2027 erexisti
3488 1956 3613 2026 tro-i

1962 2075 2105 2130 paea,
2137 2062 2194 2113 et
2222 2058 2428 2114 Persas
2462 2059 2521 2113 in
2570 2059 2959 2131 prosperitate
3005 2059 3386 2129 constituisti,
3420 2063 3478 2115 et
3508 2075 3615 2115 ceu

1961 2146 2135 2202 turbo
2186 2146 2396 2219 igneus
2450 2146 2739 2203 irruentes
2793 2147 3054 2204 terruisti
3110 2147 3492 2221 Massagetas,
3534 2152 3610 2219 et,

1966 2236 2180 2307 quibus
2222 2253 2392 2292 nemo
2425 2253 2688 2308 unquam
2721 2254 2911 2309 usque
2949 2238 3020 2293 ad
3050 2241 3107 2293 te
3136 2237 3481 2294 adversatus
3521 2253 3612 2293 es-

1967 2330 2077 2394 set,
2109 2324 2227 2381 illis
2261 2330 2325 2380 tu
2366 2326 2493 2397 ipse
2524 2343 2659 2381 cum
2690 2326 2948 2381 maxima
2996 2325 3241 2382 scientia
3287 2325 3528 2382 militari
3557 2329 3616 2382 et

1968 2414 2233 2470 inaudita
2248 2414 2590 2469 strenuitate
2611 2431 2644 2469 a
2664 2414 2851 2470 fronte
2869 2414 3137 2471 restitisti
3154 2419 3214 2471 et
3231 2414 3477 2472 viriliter
3505 2432 3614 2488 pu-

1970 2504 2185 2576 gnasti,
2220 2508 2276 2558 et
2307 2503 2571 2558 omnium
2601 2503 2909 2558 hominum
2948 2504 3229 2559 acerrime
3256 2502 3493 2560 illorum
3524 2520 3619 2560 re—

1970 2592 2220 2648 tundisti
2250 2591 2558 2663 impetum.
2584 2594 2652 2647 Et
2692 2592 2774 2648 ita
2813 2594 3051 2648 demum
3084 2593 3296 2664 patria,
3326 2593 3408 2648 ita
3438 2597 3494 2652 et
3524 2610 3623 2649 ex-

1972 2685 2175 2737 tranea
2205 2697 2347 2753 gens
2379 2697 2447 2735 ex
2474 2680 2768 2752 praeclaris
2815 2681 3173 2737 facinoribus
3198 2681 3455 2738 fructum
3487 2699 3623 2754 per-

1975 2770 2165 2841 cipere
2222 2773 2557 2841 potuerunt,
2590 2775 2647 2824 et
2702 2770 2796 2824 vix
2851 2773 2976 2825 erat
3028 2769 3242 2843 aliquis
3302 2770 3402 2843 qui
3459 2775 3627 2827 tuam

1978 2860 2197 2914 famam
2228 2875 2343 2914 non
2378 2859 2693 2914 audierit...
2728 2859 2877 2924 Quin
2901 2858 3220 2915 Miltiadem
3251 2860 3406 2932 apud
3438 2860 3627 2916 Mara~

1976 2948 2216 3003 thonem
2250 2948 2429 3019 gestis
2460 2963 2818 3019 praegressus
2848 2964 2909 3003 es
2943 2965 2955 3002 :
2992 2952 3050 3004 et
3089 2947 3543 3005 Themistoclem
3574 2954 3631 3005 et

1979 3036 2279 3104 Cimonem
2310 3040 2367 3091 et
2396 3035 2694 3105 Periclem,
2724 3041 3011 3107 quantum
3054 3036 3188 3109 quis
3238 3037 3459 3094 diceret
3480 3035 3630 3093 cele-

1980 3125 2198 3193 bratos,
2233 3124 2547 3197 prudentia
2591 3133 2647 3180 et
2693 3126 3038 3182 strenuitate
3085 3129 3258 3197 atque
3307 3126 3487 3182 animi
3528 3142 3631 3198 pa-

1983 3213 2207 3281 tientia,
2261 3214 2432 3286 longe
2482 3213 2801 3286 superasti;
2837 3218 2894 3269 et
2923 3214 3371 3270 Demosthenem
3411 3214 3547 3287 Pylo
3577 3219 3635 3269 et

1983 3302 2333 3373 Sphacterim
2401 3302 2676 3358 adversus
2744 3303 3212 3359 Lacedaemonios
3287 3304 3636 3359 strenuitate

235 3389 371 3445 κατὰ
422 3386 863 3464 Λακεδαιμονίων
919 3388 1299 3464 ἀριστεύσαντα
1366 3394 1712 3465 Δημοσθένην
1768 3396 1866 3467 (24ξ

1990 3391 2397 3463 conspicuum,
2430 3392 2556 3464 ipse
2594 3396 2695 3447 tua
2744 3392 2977 3465 egregia
3023 3392 3371 3449 strenuitate
3419 3392 3638 3449 obscu-

232 3478 293 3533 σὺ
347 3478 531 3542 καλῶς
592 3477 885 3556 ἀριστεύων
945 3477 1253 3555 ἀπέκρυψας
1289 3524 1301 3538 .
1374 3482 1668 3544 Παυσανίας
1744 3481 1801 3537 δὲ
1851 3484 1879 3537 ὁ

226 3566 660 3641 Λακεδαιμόνιος
738 3568 849 3643 (καὶ
922 3567 1116 3623 τούτου
1192 3570 1363 3645 μάχαι
1454 3572 1881 3648 κατορθούμεναι

227 3659 294 3715 τά
340 3658 703 3735 γνωρίσματα
746 3658 837 3713 καὶ
896 3656 1085 3721 πόλεις
1161 3658 1513 3733 ἁλισκόμεναι
1570 3661 1726 3716 τόσαι
1791 3663 1880 3717 καὶ

226 3748 401 3820 τόσαι,
452 3747 547 3803 καὶ
597 3751 819 3822 Περσῶν
869 3747 1236 3823 ὑποχωροῦσα
1281 3746 1531 3822 δύναμις,
1578 3750 1666 3805 καὶ
1715 3753 1883 3824 Ουμὸς

234 3838 319 3893 καὶ
372 3837 637 3916 φρόνημα
708 3843 807 3906 τῆς
882 3836 1137 3911 Σπάρτης
1204 3832 1513 3913 ἀπόζοντα),
1594 3838 1737 3894 ἀλλὰ
1792 3842 1881 3895 καὶ

236 3928 390 3989 οὗτος
439 3932 573 3988 παῖς
625 3920 995 4002 παραϐάλλειν
1049 3928 1183 4004 πρὸς
1244 3927 1319 3984 σέ.
1377 3927 1639 4003 Βρασίδαν
1690 3926 1747 3983 δὲ
1789 3931 1879 3984 τὸν

236 4016 585 4090 Σπαρτιάτην
623 4016 788 4090 μέγαν
824 4012 936 4069 οἶδε
982 4017 1070 4071 καὶ
1121 4014 1279 4070 αὐτόν
1330 4019 1364 4085 ἡ
1414 4020 1695 4096 συγγραφή
1747 4026 1880 4074 Θου-

237 4104 452 4161 κυδίδου
490 4150 506 4175 ,
558 4104 653 4159 καὶ
726 4103 1147 4182 Ἀμφιπολίταις
1216 4103 1283 4159 δι’
1341 4106 1533 4181 ἀρετὴν
1606 4110 1884 4181 ’Ἅγνωνος

237 4195 709 4268 προτετιμημένον
758 4198 857 4247 τοῦ
904 4194 1143 4249 οἰκιστοῦ
1201 4197 1331 4267 (25)’
1383 4195 1443 4249 ού
1498 4196 1675 4267 μέντοι
1706 4218 1764 4272 γε
1794 4199 1883 4252 καὶ

244 4284 449 4359 μεγάλα
500 4284 684 4358 λέγειν
716 4280 829 4353 ἐξὸν
860 4282 926 4337 τὰ
970 4281 1195 4353 ἐκείνου,
1249 4283 1325 4345 εἷς
1379 4286 1598 4357 μνήμην
1650 4285 1884 4362 ἐρχομέ-

245 4394 343 4427 νων
388 4378 505 4429 τῶν
562 4375 670 4427 σῶν
708 4415 721 4427 .
782 4371 1104 4441 Σκηπίωνας
1162 4371 1250 4426 καὶ
1308 4368 1553 4434 ’Δννίϐας
1619 4374 1708 4428 καὶ
1759 4373 1886 4437 τοὺς

252 4462 652 4535 Ἑπαμεινώνας
884 4457 1067 4530 καλοὶ,
1114 4460 1277 4537 φησὶν
1321 4460 1349 4514 ὁ
1381 4458 1567 4536 λόγος,
1626 4462 1714 4516 καὶ
1742 4461 1891 4517 οὗτοι

348 4547 364 4565 Ι

250 4547 516 4625 γεγόνασιν
566 4547 760 4623 ἄνδρες
815 4550 906 4604 καὶ
956 4554 1272 4625 στρατηγεῖν
1332 4547 1497 4622 δεξιοί
1532 4569 1543 4581 ο
1602 4549 1748 4619 πλὴν
1806 4551 1893 4606 καί

252 4641 315 4693 τά
339 4642 547 4696 τούτων
599 4638 769 4715 μέχρι
800 4644 897 4693 σοῦ
941 4639 1222 4712 θαυμαστά
1254 4659 1267 4670 ·
1319 4636 1611 4717 ἐπειδήπερ
1662 4642 1891 4715 ἠγάπων

1990 3480 2154 3536 rasti.
2186 3479 2506 3536 Pausanias
2551 3485 2745 3537 autem
2797 3481 3268 3549 Lacedaamonius
3315 3482 3509 3553 (cujus
3540 3480 3639 3536 de-

1992 3585 2126 3625 cora
2158 3587 2172 3624 :
2206 3569 2528 3624 certamina
2576 3586 2851 3642 prospere
2894 3574 3078 3643 gesta,
3110 3574 3168 3626 et
3213 3573 3303 3626 tot
3329 3587 3397 3625 ac
3424 3573 3510 3625 tot
3538 3586 3642 3625 ur-

1991 3659 2093 3713 bes
2151 3662 2356 3728 captze,
2406 3662 2580 3729 atque
2628 3659 2854 3730 dejecta
2902 3658 3210 3715 Persarum
3270 3662 3550 3731 potestas,
3586 3661 3645 3714 et

1992 3746 2303 3818 prudentia
2344 3751 2521 3818 atque
2564 3748 2841 3803 fortitudo
2871 3747 3087 3818 quibus
3134 3749 3347 3820 Sparta
3393 3746 3642 3819 revixit),

1993 3834 2089 3890 ille
2118 3837 2295 3890 etiam
2337 3852 2482 3907 puer
2510 3840 2599 3891 est
2628 3836 2676 3891 si
2707 3840 2900 3891 tecum
2950 3838 3300 3893 conferatur.
3335 3836 3640 3892 Brasidam

1993 3925 2262 3995 equidem
2292 3928 2640 3995 Spartanum
2677 3930 2741 3980 ut
2769 3943 3051 3998 magnum
3080 3926 3257 3982 etiam
3285 3926 3488 3981 laudat
3517 3925 3637 3980 his-

1992 4014 2143 4068 toria
2215 4012 2604 4085 Thucydidis,
2665 4018 2866 4086 utpote
2940 4032 3114 4087 quem
3174 4012 3640 4086 Amphipolitani

1992 4102 2220 4173 Agnoni
2285 4103 2570 4157 conditori
2636 4105 3094 4175 praeposuerint;
3156 4108 3413 4159 attamen
3480 4102 3640 4157 illius

1994 4195 2158 4263 gesta
2187 4206 2402 4262 magna
2429 4191 2719 4263 appellare
2762 4210 2878 4247 non
2918 4193 3005 4248 fas
3036 4196 3145 4265 est,
3177 4208 3312 4247 cum
3344 4189 3637 4246 memoria:

1995 4283 2098 4334 tua
2137 4280 2537 4335 obversantur.
2572 4281 2873 4353 Scipiones
2920 4286 2976 4336 et
3021 4280 3341 4336 Annibales
3390 4283 3447 4335 et
3492 4279 3639 4350 Epa-

2000 4367 2309 4423 minondas
2344 4369 2497 4424 fama
2528 4372 2833 4440 prazdicat;
2888 4369 2974 4425 illi
3019 4369 3174 4426 enim
3206 4371 3265 4424 in
3298 4386 3358 4424 re
3401 4365 3644 4423 militari

2002 4456 2467 4513 administranda
2496 4458 2737 4514 solertes
2766 4464 2823 4514 et
2851 4458 2992 4515 clari
3020 4459 3394 4524 exstiterunt;
3427 4460 3486 4512 et
3512 4455 3643 4510 ideo

2002 4545 2237 4602 illorum
2271 4546 2527 4602 facinora
2556 4565 2743 4619 usque
2765 4549 2838 4603 ad
2868 4552 2923 4603 te
2955 4548 3166 4603 mirata
3195 4547 3459 4613 luerunt;
3493 4559 3650 4600 nunc

2006 4639 2203 4691 autem
2234 4634 2342 4691 hoc
2373 4636 2515 4691 satis
2547 4637 2846 4705 ducerent,
2876 4637 2925 4693 si
2956 4637 3134 4692 etiam
3172 4636 3325 4691 inter
3351 4633 3513 4703 vivos
3544 4650 3653 4688 nu-

265 4725 338 4799 ἇν,
392 4728 441 4784 εἰ
486 4727 568 4783 ἔτι
633 4729 766 4802 μετὰ
819 4732 927 4782 τῶν
992 4729 1204 4796 ζώντων
1266 4726 1506 4801 ἐτέλουν,
1564 4730 1654 4784 καὶ
1712 4730 1757 4784 εἰ
1820 4754 1866 4805 μ·

2008 4731 2397 4792 merarentur,
2431 4743 2546 4781 non
2578 4725 2833 4781 multum
2878 4730 3010 4799 post
3053 4730 3108 4781 te
3157 4724 3446 4781 incedere.
3480 4722 3572 4778 Sic
3601 4724 3662 4779 et

262 4816 444 4889 πολλῷ
486 4838 585 4872 σου
634 4816 862 4871 κατόπιν
921 4813 1253 4892 βαδίζουσιν.
1305 4816 1459 4872 Οὕτω
1503 4819 1592 4872 καὶ
1653 4820 1866 4874 συνετοὶ]

2016 4814 2309 4885 sapientes
2338 4819 2394 4869 et
2424 4820 2691 4870 strenuos
2723 4815 3051 4871 obscurasti
3082 4819 3140 4869 et
3169 4814 3228 4869 in
3259 4812 3421 4870 omni
3448 4812 3663 4869 virtute

268 4907 347 4959 καὶ
395 4904 668 4982 ἀνδρείους
733 4904 1093 4981 ἀπέκρυψας,
1170 4906 1261 4961 καὶ
1336 4907 1470 4962 κατὰ
1539 4915 1637 4977 τῆς
1710 4909 1866 4984 ἀρετῆ

2018 4903 2267 4959 retulisti
2301 4903 2556 4975 palmam
2581 4922 2593 4958 :
2615 4905 2757 4960 adeo
2789 4905 2959 4960 nobis
2989 4904 3247 4960 secunda
3275 4902 3486 4976 primis
3511 4906 3665 4957 tem-

273 4995 502 5051 ἁπάντων
534 4993 767 5071 ἤγειρας
796 4995 1074 5071 τρόπαιον
1107 4999 1366 5050 τοσοῦτον
1406 4998 1542 5069 ἡμῖν
1590 4998 1657 5052 τά
1688 4995 1866 5075 δεύτερ

2019 5009 2130 5065 pus
2162 4992 2403 5049 meliora
2432 4993 2647 5049 attulit.

270 5087 366 5137 τῶν
396 5086 628 5159 πρώτων
656 5085 684 5139 ὁ
713 5084 913 5159 χρόνος
950 5082 1148 5159 βελτίω
1175 5083 1453 5159 ἐξήνεγκε.

338 5173 626 5229 Καὶταῦτα
676 5176 861 5248 μέντοι
907 5171 1053 5246 μάλα
1103 5194 1185 5228 σοι
1235 5176 1582 5248 προσήκοντα
1627 5184 1726 5247 τῆς
1763 5179 1863 5253 βασ

2092 5173 2220 5227 llaec
2251 5175 2391 5228 sunt
2438 5173 2709 5244 equidem
2743 5173 2995 5229 maxime
3044 5174 3148 5230 tibi
3198 5189 3458 5245 congrua
3503 5169 3667 5242 regni

343 5334 449 5410 (_2_l)
478 5335 720 5410 Fugisse
748 5335 1092 5410 Michaelem
1133 5335 1204 5391 ad
1246 5336 1422 5392 Iconii
1448 5337 1768 5410 sultanum,
1802 5340 1913 5395 sibi
2024 5333 2519 5410 proficiscebatur,
2558 5336 2804 5410 Tartari,
2836 5354 3013 5410 quos
3064 5338 3422 5408 Massagetas
3478 5335 3666 5395 vocat,

343 5352 720 5409 (161)1'1131886
748 5352 1092 5392 Michaelem
1133 5352 1204 5391 aa
1246 5352 1422 5392 iconu
1448 5352 1768 5410 sultanum,
1802 5352 1913 5395 eum
2024 5352 2519 5460 groncisccnatur,
2560 5352 2804 5405 lartari,
2865 5354 3013 5409 quos
3065 5352 3422 5408 massagetas
3478 5352 3666 5395 vocat,

285 5419 315 5458 ο
338 5405 632 5488 Theodoro
676 5408 909 5488 _Las_c_ari
940 5409 1288 5488 imperatore
1308 5479 1322 5488 _
1340 5413 1715 5488 metuentem,
1740 5428 1914 5488 quem
2063 5406 2385 5488 “icephoru‘s
2417 5407 2684 5488 scythas,
2703 5408 2764 5488 in
2790 5408 3101 5480 Phrygiam
3123 5425 3256 5463 cum
3281 5421 3493 5488 magno
3514 5419 3672 5488 exex:

286 5477 535 5535 malevoli
570 5486 629 5536 et
678 5481 951 5535 invidiosi
983 5473 1205 5534 inimici
1254 5479 1531 5536 adversus
1581 5498 1643 5537 se
1692 5473 1918 5538 i'ntlam-
2026 5473 2510 5533 citu'irruebantf
2535 5478 2817 5534 Selectam
2849 5473 3092 5536 su'ourum
3134 5473 3674 5535 manum-Michaeli

288 5549 530 5625 mabant,
588 5557 866 5609 narratur
916 5568 950 5605 a
1000 5550 1324 5623 Nicephoro
1378 5551 1651 5625 Gregora,
1700 5556 1915 5610 llistor.
2029 5548 2297 5625 saltantis
2329 5565 2527 5619 parere
2551 5551 2749 5625 jussit.
2780 5584 2846 5592 —
2872 5553 3016 5608 Vide
3045 5551 3286 5623 Niceph.
3317 5549 3426 5604 loc.
3460 5566 3511 5603 c.

287 5622 447 5697 ιῐιέ.Δ
572 5694 582 5697 Α
814 5695 831 5697 _
984 5692 1000 5697 _
1142 5620 1159 5623 '
1208 5692 1222 5697 Δ
1460 5620 1521 5697 _"
1734 5696 1741 5697 ί
1774 5694 1783 5697 _
1837 5690 1859 5697 Α
2100 5622 2211 5697 (2:1)
2242 5620 2357 5697 lies
2387 5626 2525 5697 nota
2553 5638 2583 5676 e
2614 5622 2952 5697 Thucydide
2983 5642 3049 5680 ac
3078 5620 3346 5678 Diodoro.

349 5692 453 5765 (‘22)
481 5694 690 5765 Ταύτης
738 5692 1111 5753 referendum
1155 5692 1228 5749 ad
1278 5693 1598 5765 superiora,
1639 5697 1673 5765 ἡ
1722 5690 1866 5771 βάρϐχ

2242 5691 2386 5771 Yide
2421 5691 2680 5771 Thucyd.
2718 5690 2877 5771 1v;gc.
2914 5697 3043 5771 102._
3641 5758 3654 5769 ,

2124 5764 2217 5837 26)
2245 5762 2336 5818 Sic
2377 5762 2736 5841 codem—loco
2785 5769 2982 5841 forsan
3030 5769 3279 5841 integro,
3313 5777 3449 5823 cum
3497 5762 3684 5836 possit

2033 5833 2161 5896 esse
2188 5833 2616 5917 praepositionis
2643 5838 2888 5917 ellipsis.

290 5777 558 5918 9⁸³ῐέῗῆ
584 5839 719 5914 ipso
748 5843 1017 5917 tempore
1059 5852 1175 5910 quo
1223 5836 1296 5895 ad
1346 5835 1646 5898 sultanum
1677 5838 1924 5899 Michael
