4118 6466
501 490 622 553 367

1524 486 1837 549 GEORGII
1881 484 2140 548 CYPRII
2184 486 2302 547 GP.
2351 486 2882 549 PATRIARCHE

3782 482 3904 550 368

505 622 809 695 prommia,‘
839 624 897 676 et
953 621 1228 676 decorum
1277 635 1345 676 ex
1398 620 1669 691 operibus
1718 619 2143 685 testimonium,

2269 617 2409 680 λείας
2467 620 2753 694 προοίμια,
2805 618 2909 673 κάκ
2953 621 3060 672 τῶν
3101 612 3274 694 ἔργων
3322 614 3602 695 πρέπουσα
3633 616 3900 693 μαρτυρία

507 712 663 783 quod
692 728 806 766 non
837 709 1074 782 indigne
1098 709 1410 781 imperium
1444 709 1745 781 ingressus
1776 726 1859 765 es.

578 801 721 855 Cum
751 803 945 855 autem
976 799 1281 870 oportebat
1322 802 1378 853 te
1416 801 1501 853 tot
1530 815 1595 853 ac
1625 802 1920 853 tantarum
1951 814 2146 853 rerum

506 890 833 946 mercedem
864 905 898 944 a
921 888 1038 943 Deo
1080 886 1361 959 accipere,
1388 891 1445 943 et
1488 904 1590 959 per
1632 892 1689 942 te
1737 888 1879 960 erigi
1912 904 2003 943 res
2036 888 2147 942 Ro-

505 994 816 1034 manorum
846 976 1082 1049 (etenim
1122 976 1343 1049 duplici
1378 977 1514 1048 jure
1561 992 1806 1049 regnum
1835 977 1941 1032 tibi
1969 974 2149 1031 tribui

503 1067 851 1139 videbatur),
882 1071 939 1121 et
994 1069 1059 1121 ut
1102 1065 1337 1121 virtutis
1387 1065 1713 1137 praemium,
1745 1069 1804 1121 et
1852 1070 1917 1120 ut
1962 1063 2151 1137 plebis

504 1156 789 1211 universae
814 1154 1026 1227 gratia,
1058 1153 1281 1227 aliquid
1324 1154 1517 1210 evenit
1555 1171 1731 1226 quam
1764 1153 2016 1209 maxime
2046 1170 2150 1208 no-

505 1245 751 1301 tandum
784 1249 840 1300 et
869 1244 1086 1299 mirum
1117 1248 1176 1299 et
1205 1258 1404 1299 revera
1449 1259 1597 1315 opus
1629 1243 1747 1297 Dei.
1781 1241 2040 1298 Transiit
2068 1242 2153 1297 in-

504 1333 670 1389 vidiae
704 1331 978 1405 procella,
1000 1336 1235 1403 tempus
1265 1330 1412 1386 illud
1442 1331 1911 1399 obtrectationis;
1942 1335 1999 1386 et
2026 1334 2091 1385 tu
2122 1346 2154 1385 e

507 1423 806 1495 superiore
833 1421 1070 1494 regione
1111 1420 1436 1476 lentissimo
1467 1420 1650 1492 gradu
1684 1435 1984 1492 regressus
2014 1436 2151 1475 con-

505 1528 747 1569 versans
786 1511 938 1566 inter
988 1527 1115 1578 nos,
1147 1526 1245 1565 ver
1292 1513 1501 1564 nostra;
1544 1508 1753 1565 salutis
1802 1508 2154 1581 praesigniﬁ-

509 1618 671 1668 cans,
704 1605 762 1655 et
804 1600 863 1654 in
913 1599 1082 1654 nobis
1139 1599 1476 1665 constitisti,
1506 1615 1653 1670 quos
1710 1598 1974 1653 futurum
2030 1601 2156 1654 erat

508 1695 576 1746 ut
604 1689 912 1761 splendore
941 1692 1042 1743 tuo
1073 1688 1394 1743 viridantes
1425 1692 1481 1741 et
1514 1687 1843 1742 fructiferos
1871 1687 2151 1742 efficeres.

509 1780 578 1835 Et
606 1783 664 1835 te
693 1795 829 1833 cum
874 1782 1037 1833 tanta
1064 1782 1276 1833 Virtute
1323 1775 1503 1831 simul
1552 1793 1618 1832 ac
1665 1775 2065 1832 benevolentia
2093 1775 2153 1830 in

509 1867 694 1940 patria
742 1867 1027 1923 reducens
1081 1866 1367 1922 exercitus
1407 1870 1464 1921 et
1510 1864 1663 1921 bella
1713 1866 1926 1920 iterum
1983 1864 2158 1920 habe-

508 1958 672 2025 bant,
705 1961 761 2012 et
802 1956 1015 2011 iterum
1070 1972 1162 2011 res
1219 1959 1451 2011 nostras
1482 1954 1738 2011 victoriis
1794 1954 2152 2010 illustrabas.

510 2048 637 2102 Non
667 2048 792 2101 erat
847 2045 1002 2100 enim
1062 2049 1295 2117 tempus
1322 2045 1423 2099 ubi
1462 2045 1534 2100 ab
1588 2044 1680 2099 his
1711 2044 2106 2116 requiesceres
2139 2060 2151 2098 :

512 2136 635 2204 sed,
669 2134 838 2207 quasi
870 2151 936 2189 ex
981 2137 1189 2190 natura
1220 2138 1322 2189 tua
1351 2133 1597 2189 sortitus
1626 2148 1786 2189 esses
1835 2149 2065 2205 semper
2094 2131 2154 2186 in
2192 2180 2201 2185 _

512 2222 955 2279 discriminibus
984 2221 1199 2277 versari
1241 2226 1297 2276 et
1343 2222 1401 2275 in
1436 2221 1556 2276 vita
1605 2220 1862 2293 pericula
1909 2220 2156 2293 experiri

512 2317 639 2368 tum
670 2330 705 2367 a
734 2311 901 2367 nobis
952 2316 1078 2366 tum
1124 2328 1157 2365 a
1202 2309 1491 2379 Barbaris,
1540 2315 1666 2365 tum
1715 2327 1749 2365 a
1794 2308 2155 2381 quibuslibet

512 2401 852 2456 hominibus
908 2400 1060 2456 inter
1114 2416 1261 2471 quos
1294 2403 1668 2455 conversatus
1711 2416 1795 2467 es,
1834 2398 2157 2455 certamina

513 2490 621 2545 tibi
650 2490 1053 2559 observantur,
1081 2493 1158 2557 et,
1191 2504 1315 2544 rem
1362 2487 1799 2543 incredibilem!
1833 2488 1984 2559 quod
2033 2487 2158 2542 for-

512 2577 661 2633 tuito
693 2578 1027 2649 contingere
1078 2578 1227 2632 solet
1281 2576 1506 2633 caeteris
1531 2577 1671 2648 (non
1719 2575 1876 2631 enim
1926 2591 2159 2648 semper

513 2665 916 2738 periclitantur
960 2665 1273 2736 homines),
1307 2665 1415 2720 hoc
1444 2665 1549 2719 tibi
1580 2680 1813 2735 semper
1840 2664 2069 2735 obtigit,
2100 2668 2160 2719 et

512 2772 630 2811 non
686 2756 923 2819 frustra,
959 2760 1023 2809 ut
1053 2754 1322 2821 arbitror,
1357 2771 1461 2809 nec
1515 2754 1738 2825 absque
1792 2753 2159 2808 Providentia

513 2861 641 2916 quae
670 2843 867 2900 omnia
896 2843 1205 2915 praanoscit
1250 2848 1309 2898 et
1355 2842 1604 2898 ordinat.
1638 2842 1954 2913 Oportebat
1976 2841 2155 2910 enim,

512 2935 816 3006 Oportebat
854 2938 911 2988 te
952 2931 1155 2988 multis
1201 2931 1261 2986 in
1306 2931 1557 2988 caminis
1585 2934 1879 2987 versatum
1912 2947 2065 2999 esse,
2095 2934 2161 2985 ut

514 3023 599 3078 sic
642 3022 924 3094 probatus
975 3036 1285 3093 appareres
1315 3024 1372 3075 et
1400 3037 1577 3091 super
1605 3035 1815 3075 aurum
1864 3019 2157 3074 sincerum

515 3111 789 3184 fulgeres.

586 3291 739 3346 Dum
770 3305 907 3363 ergo
948 3289 1101 3345 circa
1147 3292 1203 3344 te
1249 3288 1330 3344 ita
1375 3304 1437 3344 se
1485 3304 1579 3343 res
1627 3287 1864 3356 habent,
1898 3286 2161 3343 concedit

2259 709 2334 782 μὴ
2368 708 2425 762 ἂν
2459 709 2682 779 ἀναξίως
2706 703 2957 778 ἑπιόῆναί
2985 729 3043 763 σε
3069 713 3173 777 τῆς
3204 706 3408 784 ἀρχῆς.

2327 797 2475 851 Ἐπεὶ
2524 794 2581 851 δέ
2639 818 2695 852 σε
2748 799 2811 852 τὸ
2866 798 3026 874 γέρας
3080 797 3219 872 πρὸς
3274 801 3409 851 Θεοῦ
3465 801 3571 851 τῶν
3627 796 3894 853 τοσούτων

2255 886 2344 941 καὶ
2390 885 2733 957 τηλικούτων
2782 884 2889 941 ἔδει
2943 880 3147 959 λαϐεῖν,
3194 885 3283 940 καὶ
3330 885 3625 959 Ῥωμαίοις
3666 884 3756 941 διὰ
3806 890 3899 942 σοῦ

2258 975 2659 1044 ἐπανασωθῆναι
2730 975 2801 1029 τὰ
2854 973 3145 1051 πράγματα
3202 974 3313 1049 (καὶ
3359 975 3461 1050 γὰρ
3518 974 3759 1053 φαίνεταί
3815 996 3897 1030 σοι

2258 1063 2327 1119 δι’
2358 1064 2636 1139 ἀμφότερα
2682 1066 2717 1132 ἠ
2758 1061 3005 1139 βαςιλεία
3051 1065 3442 1139 χορηγηθεῖσα,
3490 1064 3581 1118 καὶ
3627 1065 3703 1127 ὡς
3736 1062 3899 1120 ἆθλον

2255 1161 2355 1223 τῆς
2411 1154 2628 1228 ἀρετῆς,
2685 1153 2773 1206 xui
2829 1152 2904 1214 ὡς
2959 1151 3235 1227 εὐεργεσία
3285 1152 3484 1214 παντὸς
3537 1157 3637 1208 τοῦ
3695 1152 3900 1227 λαοῦ),

2256 1242 2460 1320 γίνεταί
2506 1263 2558 1296 τι
2606 1242 2682 1303 ὡς
2732 1240 2852 1296 λίαν
2905 1240 3170 1317 ἐξαίρετον
3217 1238 3309 1295 καί
3357 1239 3655 1315 θαυμάσιον
3697 1242 3789 1297 καὶ
3827 1242 3903 1304 ὡς

2260 1331 2482 1403 ἀληθῶς
2537 1329 2689 1406 ἔργον
2742 1334 2898 1387 Θεοῦ.
2958 1336 3244 1406 ΠαρῆΛθεν
3299 1331 3327 1385 6
3380 1334 3478 1384 τοῦ
3538 1332 3736 1409 φθόνου
3783 1350 3905 1407 χει-

2264 1422 2377 1495 μὼν
2429 1422 2563 1493 (27),
2622 1420 2651 1472 6
2706 1420 2892 1495 καιρὸς
2942 1418 3145 1481 ἐκεῖνος
3190 1425 3291 1489 τῆς
3341 1419 3651 1493 βασκανίας·
3700 1420 3792 1475 καὶ
3844 1417 3906 1474 σὺ

2258 1508 2575 1581 κινούμενος
2608 1506 2805 1573 ἄνωθεν
2858 1510 2970 1583 (28)
3010 1505 3377 1584 σχολαιοτέρᾳ
3419 1511 3486 1582 τῇ
3535 1505 3742 1584 βαδίσει
3792 1510 3910 1581 (29)

2262 1597 2514 1672 ἐνδημεῖς
2563 1598 2697 1670 πρὸς
2738 1601 2905 1670 ἡμᾶς,
2954 1594 3046 1673 ἔαρ
3092 1597 3405 1676 προφαίνων
3460 1599 3765 1674 σωτήριον,
3816 1595 3907 1652 καὶ

2264 1687 2533 1762 στηρίζεις
2587 1688 2713 1763 παρ’
2784 1689 2918 1759 ἡμῖν
2998 1686 3221 1741 ἐνταῦθα
3252 1731 3267 1757 ,
3327 1685 3419 1748 οὓς
3490 1685 3719 1760 ἔμελλες
3778 1685 3904 1741 ὅσον

2264 1776 2417 1831 οὔπω
2453 1781 2570 1838 ταῖς
2615 1774 2991 1852 εἲληθερήσεσι
3033 1773 3331 1847 τεθηλότας
3378 1775 3467 1831 καὶ
3511 1774 3775 1852 γονίμους
3828 1775 3913 1852 ἐρ-

2263 1865 2545 1941 γάσασθαι.
2605 1866 2703 1919 Καὶ
2761 1862 2827 1935 δή
2888 1885 2946 1919 σε
3005 1865 3138 1939 μετᾶ
3192 1864 3450 1933 τοιαύτης
3497 1871 3601 1935 τῆς
3644 1862 3913 1940 ἐνεργείας

2266 1957 2379 2029 ἅμα
2431 1955 2521 2009 xui
2575 1961 2677 2023 τῆς
2752 1954 2978 2031 χάριτος
3056 1950 3502 2028 ἐπιδεδημηκότα
3574 1952 3913 2030 ἐκστρατεῖαι

2263 2044 2425 2100 πάλιν
2455 2043 2544 2098 καὶ
2574 2040 2812 2116 πόλεμοι
2869 2042 3034 2097 πάλιν
3086 2042 3234 2119 εἶχον
3279 2044 3405 2119 παρ’
3449 2042 3655 2115 αὐτοῖς,
3687 2043 3779 2098 καὶ
3808 2042 3912 2099 πά-

2264 2132 2351 2188 λιν
2383 2132 2555 2194 νίκαις
2588 2130 2838 2204 ἐκόσμεις
2878 2131 2946 2186 τὰ
2987 2132 3104 2186 καθ’
3132 2134 3301 2205 ἡμᾶς.
3351 2127 3487 2186 Οὐδὲ
3532 2132 3633 2207 γὰρ
3681 2134 3748 2200 ἦν
3788 2153 3916 2187 και-

2266 2222 2358 2298 ρὸς
2389 2221 2478 2276 ὅτε
2507 2220 2713 2275 τούτων
2745 2219 3039 2295 ἡσύχαζες·
3092 2217 3236 2291 ἀλλ’,
3291 2218 3475 2296 ὥσπερ
3523 2223 3594 2293 τῇ
3644 2223 3712 2293 σῇ
3756 2220 3920 2299 φύσει

2264 2311 2687 2385 κεκληρωμένου
2733 2313 2831 2363 τοῦ
2879 2306 3095 2382 ὁμιλεῖν
3142 2309 3223 2364 ἀεὶ
3267 2314 3386 2370 τοῖς
3434 2306 3633 2372 δεινοῖς
3679 2310 3769 2364 καὶ
3825 2308 3914 2364 διὰ

2269 2398 2390 2477 pia»
2419 2405 2535 2460 τοῖς
2562 2395 2835 2460 κινδύνοις
2877 2396 3342 2474 παρεξετάζεσθαι,
3387 2398 3516 2473 παρ’
3558 2400 3718 2472 ἡμῖν,
3767 2400 3917 2475 παρὰ

2269 2483 2586 2565 βαρϐάροις,
2636 2489 2763 2563 παρ’
2810 2486 3168 2557 ὁσοισδήποτε
3213 2486 3405 2562 τύχοις
3451 2486 3753 2562 ἀνθρώπων
3781 2532 3799 2560 ,
3851 2487 3917 2541 τὰ

2263 2584 2363 2647 τῆς
2427 2578 2613 2652 μάχης
2666 2576 2900 2646 συνήντα
2954 2596 3059 2648 σοι,
3118 2574 3207 2630 καὶ
3261 2576 3323 2630 τὸ
3380 2572 3721 2653 παράδοξον,
3780 2575 3916 2652 ὅπερ

2264 2665 2505 2741 τυχαίως
2564 2659 2875 2739 συμϐαίνειν
2924 2663 3103 2728 εἰώθει
3148 2668 3265 2727 τοῖς
3313 2661 3505 2726 ἄλλοις
3546 2664 3632 2740 (ού
3679 2667 3782 2742 γὰρ
3831 2665 3917 2720 ἀεὶ

2265 2752 2661 2809 κινδυνεύουσιν
2742 2750 3039 2828 ἄνθρωποι)
3082 2797 3096 2823 ,
3154 2752 3316 2807 τοῦτό
3390 2774 3476 2808 σοι
3550 2750 3639 2808 διὰ
3712 2753 3919 2815 παντὸς

2268 2843 2534 2917 ἐξεγένετο
2581 2841 2672 2896 καὶ
2712 2841 2811 2897 οὐκ
2857 2841 3297 2920 ἀσυμφερόντως,
3360 2841 3485 2917 ἐμοὶ
3541 2840 3735 2915 δοκεῖν,
3795 2839 3918 2896 οὐδ’

2269 2930 2370 3005 ἔξω
2426 2931 2682 3009 προνοίας
2739 2929 2829 2985 καὶ
2884 2931 3225 3007 προμηθείας
3296 2939 3397 3001 τῆς
3475 2930 3784 3002 διοικούσης
3850 2930 3917 2984 τὸ

2268 3029 2393 3077 πᾶν.
2436 3019 2584 3076 Ἔδει
2643 3020 2768 3096 γὰρ,
2831 3015 2939 3075 ἔδει
2994 3041 3052 3075 σε
3106 3019 3324 3083 πάντως
3364 3019 3601 3084 πολλοῖς
3647 3019 3916 3097 πρότερον

2270 3108 2614 3185 ὁμιλήσαντα
2687 3113 2805 3170 τοῖς
2858 3107 3256 3185 χωνευτηρίοις
3289 3156 3305 3182 ,
3355 3108 3500 3163 οὕτω
3575 3106 3797 3183 δόκιμόν
3855 3128 3919 3162 τε

2270 3208 2498 3279 φανῆναι
2524 3199 2615 3254 καὶ
2650 3198 2781 3273 ὑπὲρ
2812 3198 2903 3252 τὸν
2934 3192 3238 3269 ἀκίϐδηλον
3272 3195 3488 3272 λάμψαι
3515 3197 3742 3275 χρυσόν.

2339 3293 2635 3366 Τοιγαροῦν
2694 3287 2784 3342 καὶ
2839 3285 2982 3342 οὕτω
3037 3307 3155 3349 πως
3210 3285 3447 3363 ἐχόντων
3506 3291 3613 3343 τῶν
3670 3286 3797 3363 περὶ
3840 3285 3920 3358 σὶ,

516 3384 758 3449 naturae,
800 3384 976 3451 atque
1025 3378 1241 3449 migrat
1284 3394 1316 3433 e
1362 3377 1537 3432 rebus
1582 3377 1840 3444 caducis,
1872 3376 1973 3448 qui
2018 3380 2157 3431 tunc

2272 3364 2574 3452 λειτουργεῖ
2624 3375 2691 3429 τὰ
2749 3372 3079 3451 ὀφειλόμενα
3129 3377 3199 3448 τῇ
3256 3372 3477 3448 γενέσει,
3526 3374 3618 3429 καὶ
3669 3373 3925 3449 μεθίστα-

515 3468 800 3540 temporis
829 3467 887 3521 in
916 3466 1129 3522 throno
1172 3466 1476 3538 potestatis
1502 3465 1815 3521 insidebat.
1849 3464 2163 3536 Oportebat

518 3562 713 3611 autem
745 3556 972 3628 plebem
1012 3556 1072 3609 in
1121 3555 1229 3609 hac
1260 3554 1605 3611 necessitate
1649 3555 1986 3621 adductam,
2017 3554 2158 3609 duc-

518 3650 640 3700 tore
688 3650 940 3712 mortuo,
970 3644 1303 3700 visitatione
1333 3660 1401 3699 ex
1439 3643 1556 3701 alto
1597 3645 1800 3716 utique
1827 3644 2073 3710 visitari,
2104 3647 2163 3699 et

518 3734 578 3788 in
611 3732 850 3789 meliore
881 3738 1037 3789 statu
1087 3733 1384 3788 constitui.
1417 3737 1485 3789 Et
1533 3750 1649 3789 non
1699 3750 1806 3789 nos
1854 3733 2159 3789 sublevem

517 3823 732 3893 tardat,
764 3838 871 3877 nec
920 3828 1184 3877 moratur
1231 3822 1332 3894 qui
1381 3823 1579 3878 omnia
1632 3821 1816 3891 videt;
1877 3822 2160 3878 festinans

520 3914 738 3978 autem,
770 3911 910 3967 facit
964 3927 1067 3983 per
1118 3915 1175 3965 te
1221 3911 1638 3982 visitationem,
1670 3915 1727 3967 et
1763 3911 1958 3966 visitat
2013 3927 2161 3983 quos

519 4000 823 4072 oportebat
863 4000 1196 4055 visitatione
1238 3999 1456 4067 divina,
1489 4000 1641 4055 sicut
1690 4016 2000 4071 oppressos
2053 3998 2161 4054 luti

519 4094 577 4145 et
629 4088 826 4146 lateris
884 4089 1154 4160 operibus
1206 4105 1309 4160 per
1360 4092 1614 4161 Moysem
1654 4088 1975 4160 (visitavit),
2008 4087 2163 4144 sicut

517 4178 749 4234 eosdem
799 4182 959 4233 extra
1006 4182 1222 4232 terram
1271 4182 1536 4232 sanctam
1594 4182 2021 4233 commorantes
2060 4191 2163 4248 per

515 4267 716 4333 Josue,
748 4270 814 4321 ut
842 4282 945 4338 per
974 4266 1152 4321 David
1193 4266 1369 4320 Israel
1419 4267 1490 4321 ab
1540 4265 1669 4321 aliis
1726 4265 1958 4338 populis
1985 4280 2158 4320 vexa-

513 4361 664 4428 tum,
696 4360 751 4411 et
779 4360 835 4411 te
862 4371 1056 4427 regem
1107 4354 1297 4410 sancit
1327 4360 1385 4410 et
1416 4355 1587 4427 ungit
1632 4360 1810 4426 caput
1836 4360 2005 4410 tuum
2037 4354 2159 4409 oleo

513 4444 919 4501 exsultationis
950 4461 1067 4516 prae
1090 4444 1364 4500 omnibus
1387 4444 1523 4499 ﬁliis
1554 4444 1861 4499 hominum
1893 4443 2157 4514 ejusdem

513 4534 884 4591 consortibus
915 4540 1168 4601 natura;
1208 4538 1266 4588 et
1295 4532 1642 4588 salvatorem
1675 4533 2072 4588 Romanorum
2102 4537 2161 4588 et

510 4624 905 4693 liberatorem,
929 4629 987 4679 et
1013 4627 1063 4678 si
1094 4622 1232 4695 quid
1267 4621 1426 4678 aliud
1458 4621 1763 4677 salvatoris
1789 4637 2001 4677 nomen
2032 4621 2158 4677 dari

511 4717 727 4786 potest,
758 4717 837 4783 te,
868 4729 987 4779 rex,
1018 4711 1287 4783 praebuit,
1322 4726 1390 4766 ex
1433 4711 1580 4783 ipsis
1627 4711 1900 4783 Operibus
1928 4710 2033 4766 tibi
2063 4726 2157 4767 co—
2190 4738 2239 4805 Β

513 4817 765 4873 gnomen
791 4806 1197 4858 consecutum.

587 5071 715 5125 Haec
745 5069 855 5124 fuit
885 5070 1053 5126 nobis
1082 5070 1275 5142 prima
1296 5069 1534 5126 urbium
1567 5069 1849 5125 serenitas
1873 5072 1931 5125 et
1961 5084 2156 5124 rerum

513 5159 861 5215 instauratio
893 5164 949 5214 et
984 5161 1177 5215 omnis
1221 5158 1347 5215 vita:
1392 5160 1463 5214 ad
1515 5157 1757 5215 meliora
1805 5158 2105 5214 conversio
2142 5174 2154 5212 :

511 5247 868 5319 hinc'posita
896 5253 1035 5303 sunt
1070 5249 1452 5304 fundamenta
1484 5253 1696 5304 nostra:
1729 5248 2157 5320 prosperitatis,

579 5462 692 5533 (27)
723 5459 991 5533 Innuitur
1016 5459 1381 5533 simultatum
1414 5463 1570 5519 inter
1594 5461 1937 5519 Michaelem
1969 5467 2024 5519 et
2054 5462 2158 5519 im-

507 5531 833 5607 peratorem
865 5532 1018 5607 finis.
1036 5531 1460 5607 _Vide_Niceph.
1494 5536 1663 5607 Greg.
1701 5553 1788 5605 In,
1813 5540 1870 5603 2,
1898 5537 1951 5589 3.

579 5605 694 5678 (28)
723 5605 807 5678 Ex
834 5603 1088 5678 Phrygia
1117 5602 1361 5678 scilicet.

580 5674 692 5752 (29)
723 5676 870 5752 Nota
897 5674 972 5752 in'
988 5674 1253 5752 margine
1281 5694 1370 5751 γρ.
1402 5678 1471 5748 τῇ
1507 5674 1676 5752 βάσει.

577 5748 691 5821 (30)
724 5746 1061 5821 Theodorus
1090 5746 1374 5821 Lascaris.

577 5818 692 5903 (31)
734 5823 954 5880 Auctor
1002 5819 1189 5894 Epist.
1242 5820 1313 5880 ad
1369 5818 1546 5881 Hebr.
1593 5838 1638 5894 ι,
1682 5823 1720 5880 9
1770 5838 1787 5883 :
1836 5818 1941 5877 Διὰ
1993 5821 2155 5879 τοῦτο

2265 3487 2352 3521 ται
2399 3470 2508 3519 τῶν
2560 3463 2790 3541 ῥεόντων
2840 3463 2868 3517 ὁ
2897 3464 3014 3518 κατ’
3060 3462 3231 3517 ἐκεῖνο
3277 3467 3470 3539 καιροῦ
3522 3461 3611 3517 ἐπὶ
3654 3468 3757 3519 τοῦ
3802 3460 3927 3540 θρό-

2267 3576 2362 3610 νου
2390 3557 2488 3623 τῆς
2521 3554 2699 3630 ἀρχῆς
2749 3551 3105 3624 καθεζόμενος
3336 3551 3428 3613 Ei:
3454 3556 3617 3607 τοῦτο
3657 3549 3717 3606 δὲ
3744 3552 3924 3627 τύχης

2266 3646 2357 3699 τὸν
2411 3642 2539 3698 λαὸν
2590 3640 2903 3720 ἀφιγμένον,
2953 3641 3041 3695 καὶ
3093 3644 3191 3695 τοῦ
3240 3637 3574 3717 δημαγωγοῦ
3623 3640 3933 3719 παρελθόν-

2266 3754 2381 3805 τος,
2416 3729 2523 3786 ἔδεί
2551 3731 2762 3792 πάντως
2815 3728 3086 3801 ἐπισκοπῇ
3126 3727 3444 3808 ἐπεσκέφθαι
3501 3727 3554 3801 ἐξ
3604 3728 3783 3805 ὕψους
3832 3728 3924 3784 καὶ

2264 3822 2401 3897 πρὸς
2451 3819 2654 3897 βελτίω
2710 3819 2951 3895 γενέσθαι
3001 3818 3359 3875 κατάστασιν.
3399 3818 3497 3873 Καὶ
3548 3815 3617 3887 δὴ
3673 3817 3737 3873 ού
3785 3817 3925 3892 μὲλ-

2270 3910 2353 3967 λει
2383 3910 2520 3987 πρὸς
2568 3910 2667 3978 τὴν
2718 3907 2927 3984 χρείαν,
2964 3904 3079 3962 οὐδ’
3124 3904 3484 3963 ἀναοάλλεται
3542 3907 3571 3961 6
3609 3904 3765 3962 πάντ’
3796 3906 3927 3985 ἐφο-

2270 4005 2398 4076 ρῶν·
2454 3998 2694 4076 ταχύνας
2743 3996 2820 4070 δὲ,
2878 4002 3115 4052 ποιεῖται
3171 3993 3261 4050 διὰ
3316 4000 3413 4051 σοῦ
3464 3997 3562 4066 τὴν
3615 3994 3925 4065 ἐπισκοπὴν

2268 4090 2379 4163 (καὶ
2436 4087 2809 4144 ἐπισκέπτεται
2866 4086 2959 4149 οὓς
3014 4082 3120 4140 ἔδει
3193 4084 3464 4160 ἐπισκοπῇ
3520 4083 3787 4162 θειοτέρα,
3850 4085 3929 4147 ὡς

2267 4180 2391 4241 τοὺς
2436 4183 2513 4251 τῷ
2553 4175 2720 4249 πηλῷ
2747 4176 2837 4231 xui
2881 4179 2952 4249 τῇ
2999 4172 3253 4247 πλινθείᾳ
3297 4174 3787 4249 ταλαιπωροῦντας
3838 4170 3933 4228 διὰ

2268 4267 2527 4341 Μωσέως,
2560 4267 2635 4329 ὡς
2675 4264 2803 4327 τοὺς
2843 4262 3036 4327 αὐτοὺς
3088 4262 3313 4326 τούτους
3364 4260 3432 4317 δι’
3461 4264 3641 4334 Ἰησοῦ
3687 4261 3796 4334 ἔξω
3825 4269 3934 4333 τῆς

2268 4357 2418 4433 ἁγίας
2473 4350 2847 4432 διατρίϐοντας
2892 4356 3014 4430 γῆς,
3071 4353 3147 4415 ὠς
3205 4349 3295 4407 διὰ
3343 4349 3506 4407 Δαυῖδ
3556 4353 3648 4407 τὸν
3695 4350 3936 4427 Ἰσραὴλ

2270 4447 2371 4501 ὑπὸ
2418 4450 2525 4501 τῶν
2587 4443 2918 4523 ἀλλοφύλων
2965 4440 3348 4515 κακούμενον),
3398 4441 3487 4496 καὶ
3535 4438 3820 4517 βασιλεύει
3850 4461 3930 4512 σε,

2266 4536 2356 4590 καὶ
2387 4535 2530 4610 χρίει
2564 4555 2659 4588 σου
2701 4534 2799 4601 τὴν
2845 4530 3087 4610 κεφαλὴν
3126 4528 3506 4607 ἀγαλλιάσεως
3554 4527 3729 4604 ἐλαίῳ
3779 4530 3934 4606 παρὰ

2265 4624 2466 4687 πάντας
2519 4623 2817 4700 ἀνθρώπων
2871 4620 3023 4683 υἱοὺς
3065 4619 3195 4684 τοὺς
3241 4626 3343 4691 τῆς
3396 4619 3566 4689 αὐτῆς
3620 4618 3935 4696 μετασχόν-

2267 4736 2361 4777 τας
2408 4713 2615 4791 φύσεως
2664 4714 2800 4785 (31),
2848 4710 2938 4766 καὶ
2987 4712 3207 4787 σωτῆρα
3251 4709 3534 4783 Ῥωμαίων
3580 4707 3672 4764 καὶ
3724 4708 3935 4786 ῥύστην

2267 4804 2358 4858 xui
2414 4799 2739 4876 κηδεμόνα,
2795 4800 2885 4855 καί
2945 4796 2999 4854 εἷ’
3045 4821 3098 4854 τι
3153 4798 3350 4854 τούτου
3409 4793 3933 4876 σωτηριωδέστερον

2268 4892 2463 4967 ὐνομα,
2492 4892 2570 4960 σε,
2623 4887 2867 4967 βασιλεῖ’),
2920 4886 3309 4962 ἀναδείκνυσιν,
3358 4884 3537 4965 ἔργοις
3584 4886 3780 4951 αὐτοῖς
3825 4888 3932 4958 τὴν

2269 4979 2583 5056 ἐπωνυμίαν
2614 4980 2865 5057 κυρώσας
2899 4999 3004 5036 σοι.

2336 5070 2484 5141 Αὕτη
2544 5069 2723 5125 τοίνυν
2782 5071 2917 5142 ἡμῖν
2974 5088 3167 5143 πρωτη
3236 5064 3451 5123 πόλεων
3512 5064 3789 5142 εύημερία
3844 5065 3940 5120 xui

2265 5160 2585 5222 κατάστασις
2636 5158 2973 5235 πραγμάτων
3053 5157 3143 5212 καὶ
3226 5157 3346 5232 βίου
3411 5156 3608 5219 παντὸς
3662 5157 3812 5232 πρὸς
3870 5156 3937 5210 τὸ

2272 5248 2485 5326 βέλτιον
2547 5246 2901 5323 μεταποίησις
2936 5266 2949 5280 ·
3010 5245 3247 5302 ἐντεῦθεν
3323 5240 3524 5323 κρηπῖξ
3598 5240 3936 5316 κατεδλήθη

2268 5460 2453 5540 ἔχρισὲ
2486 5484 2543 5540 σε
2597 5464 2624 5518 ὁ
2683 5461 2837 5540 Θεᾷς,
2893 5462 2922 5516 6
2954 5461 3083 5523 Θεός
3131 5481 3249 5540 σου,
3303 5459 3486 5540 ἔλ-αιον
3535 5456 3941 5540 ἀγαλλιάσεως

2267 5532 2411 5611 stupui
2463 5534 2589 5596 τοὺς
2648 5533 2916 5608 μετόχους
2976 5554 3090 5587 σου.
3148 5535 3486 5611 Notandum
3542 5532 3937 5611 Gregorium,

2267 5605 2612 5681 scriptorem
2641 5605 3015 5681 accuratum__
3031 5610 3089 5662 et
3129 5607 3391 5681 doctum,
3423 5605 3725 5681 respuisse
3783 5622 3941 5679 pra-

2266 5672 2407 5737 vauf
2431 5678 2723 5754 syntaxim
2752 5681 2937 5756 χρῖσαι
2970 5672 3152 5731 ἔλαιον
3161 5721 3177 5750 ,
3198 5682 3257 5736 et
3274 5678 3467 5737 dativo
3490 5672 3763 5750 legitimo
3783 5672 3940 5738 'esse

2267 5768 2463 5810 usum.
