4118 6428
244 444 378 514 369

1256 441 1665 508 LAUDATIO
1707 440 2130 542 MICHAELIS
2171 442 2663 509 PALJEOLOGI.

3545 441 3666 508 370

241 586 345 652 τῆς
390 575 668 655 ἡμετέρας
720 573 1090 651 εὐδαιμονίας.
1138 578 1308 632 Τοῦτο
1367 576 1593 653 γεγονὸς
1641 575 1740 645 τὴν
1790 575 1903 638 καθ’

2022 576 2169 635 illud
2200 579 2495 636 fortunam
2525 579 2804 635 adversus
2830 593 2935 635 nos
2960 580 3340 652 pugnantem,
3366 576 3519 635 sicut
3538 582 3663 635 tor—

241 672 406 743 ἠμῶν
456 669 896 743 στρατευομένην
942 665 1153 742 Τύχην,
1206 664 1389 742 ὥσπερ
1437 663 1746 742 χειμάρρου
1805 685 1902 741 φο-

243 760 364 837 ρὰν,
402 757 770 833 ἀνεχαίτισεν.
806 757 1043 834 Ἐφάνης
1087 756 1188 833 γὰρ
1239 755 1267 809 ὁ
1322 754 1484 828 μόνος
1534 754 1714 815 ἱκανὸς
1758 753 1903 808 ἀντι-

244 845 409 919 ϐῆναι
436 852 557 910 τοῖς
598 844 1008 922 δυστυχήμασι,
1038 845 1127 901 καὶ
1178 842 1342 921 λόγος
1396 844 1613 920 ὑπῆρχε
1658 846 1763 897 τῶν
1815 839 1906 896 λυ-

244 936 491 994 πούντων
538 932 747 997 οὐδείς.
792 934 1067 1010 Ἀνέσχες,
1119 934 1163 986 ὦ
1218 931 1353 1008 μέγα
1398 930 1675 1010 φωσφόρε,
1703 929 1794 985 καὶ
1839 931 1907 984 τὰ

247 1031 360 1082 τῶν
407 1025 614 1101 ἐχθρῶν
664 1023 829 1102 νέφη,
880 1024 1014 1096 ἅπερ
1072 1020 1350 1077 συνίστατο
1395 1021 1512 1075 καθ’
1560 1022 1742 1093 ἡμῶν,
1793 1016 1906 1074 διε-

250 1113 400 1185 l'w-r,
430 1135 487 1170 τε
511 1119 875 1189 παραχρῆμα,
906 1111 998 1166 καὶ
1048 1108 1160 1166 οὐδ’
1212 1110 1257 1165 εί
1306 1110 1405 1178 τὴν
1451 1110 1629 1185 ἀρχὴν
1678 1108 1900 1178 συνέστη

251 1205 593 1280 γινώσκεται.
638 1201 797 1256 Οὕτω
849 1201 1005 1269 κοινή
1068 1197 1196 1272 δόξα
1235 1197 1528 1272 Ῥωμαίοις
1575 1200 1610 1267 ἡ
1661 1198 1726 1267 σὴ
1779 1194 1905 1268 δόξα

251 1295 553 1370 γεγένηται,
597 1290 742 1346 οὕτω
790 1287 887 1345 καί
929 1296 1030 1359 τῆς
1062 1295 1161 1359 σῆς
1198 1287 1380 1365 τύχης
1412 1286 1598 1349 καλῶς
1628 1287 1697 1341 τὰ
1733 1286 1905 1340 πάντα

256 1381 556 1454 ἆπήλαυσε.
1462 1428 1467 1433 .

320 1471 419 1526 Καέ
467 1467 530 1540 δή
576 1468 811 1545 λαμπρά
858 1467 953 1541 μέν
1007 1487 1102 1520 σου
1148 1466 1238 1519 καὶ
1291 1461 1388 1520 ὅσα
1437 1486 1520 1527 τις
1572 1462 1689 1540 ἔχει
1725 1462 1899 1540 λέγειν

248 1562 354 1634 πρὸ
397 1566 497 1629 τῆς
545 1558 751 1634 ἀρχῆς·
803 1555 1003 1628 πολλῷ
1069 1552 1127 1610 δὲ
1187 1552 1405 1610 καλλίω
1464 1555 1555 1608 καὶ
1612 1553 1899 1632 περιφανέ-

247 1670 399 1727 στερα
467 1647 561 1703 καὶ
631 1645 798 1723 λόγον
861 1643 1053 1700 οὐδένα
1114 1643 1373 1700 λείποντα
1442 1638 1776 1719 ὑπερϐολῆς,
1834 1644 1902 1698 τὰ

246 1741 378 1813 μετὰ
421 1738 529 1806 τὴν
578 1735 788 1813 ἀρχήν.
819 1734 948 1789 Τίνα
979 1730 1035 1789 δὲ
1065 1732 1213 1809 λέγω
1260 1733 1328 1787 τὰ
1373 1732 1482 1806 πρὸ
1526 1739 1626 1801 τῆς
1678 1732 1896 1807 ἀρχῆς;

238 1831 317 1886 Τὰ
347 1828 532 1902 σεμνὰ
560 1826 1016 1902 στρατηγήματα,
1045 1822 1113 1877 τὰ
1162 1823 1297 1877 κατὰ
1344 1825 1453 1876 τῶν
1499 1820 1708 1897 ἐχθρῶν
1755 1820 1895 1897 ἀγω-

228 1918 490 1991 νίσματα,
569 1914 668 1976 τὰς
731 1916 1042 1991 περιφανεῖς
1109 1910 1279 1983 νίκας,
1328 1906 1589 1981 τάπίδοξα
1644 1909 1898 1986 τρόπαια,
1929 1947 1979 2013 Β

225 2004 410 2062 τᾶλλα
460 2003 565 2059 ὅσα
611 2001 703 2059 καί
752 2004 839 2057 οἷα
889 1999 1242 2078 διαπέπραξαι
1291 1998 1712 2077 ἀγωνιζόμενος,
1777 2000 1900 2075 βου-

229 2094 564 2169 λευόμενος,
600 2090 653 2148 ἐν
704 2091 879 2164 νυκτὶ,
931 2089 985 2146 έν
1030 2090 1233 2164 ἡμέρᾳ,
1279 2088 1331 2144 ἐν
1382 2088 1567 2166 χρόνῳ
1605 2085 1763 2143 παντί
1810 2087 1899 2143 καὶ

229 2184 408 2258 τόπῳ.
443 2179 611 2241 Ἀλλ’
661 2181 777 2237 ἐπεὶ
826 2178 1088 2251 κατέστης
1133 2178 1222 2234 ἐπὶ
1264 2182 1371 2233 τῶν
1431 2180 1742 2254 σκήπτρων,
1774 2197 1897 2232 τοσ-

231 2279 393 2331 οὖτον
447 2270 879 2346 ὑπερηκόντισας
925 2271 1065 2343 (πῶς
1129 2266 1189 2323 ἂν
1253 2264 1462 2342 εἴποιμι
1533 2266 1899 2342 εὐπρεπῶς;),

234 2362 362 2419 ὅσον
395 2363 822 2437 μοναρχοῦντος
867 2356 956 2412 καὶ
1006 2360 1312 2433 στρατηγοῦ
1362 2357 1425 2412 τὸ
1474 2354 1729 2435 διάφορον
1765 2356 1896 2430 (32)·

231 2452 298 2508 οὐ
350 2451 462 2528 γὰρ
512 2448 723 2528 ἔφερες,
757 2447 834 2510 εἷς
879 2447 943 2502 τὸ
996 2447 1248 2522 μέγιστον
1295 2452 1396 2516 τῆς
1440 2448 1611 2519 τιμῆς
1658 2442 1901 2518 ἀνηγμέ-

231 2563 321 2604 νος
383 2539 495 2595 ὑπὸ
542 2542 702 2610 Θεοῦ,
745 2536 836 2592 καὶ
890 2532 1067 2609 ὄνομα
1119 2534 1364 2612 εἰληφὼς
1413 2535 1476 2589 τὸ
1526 2534 1655 2609 ὑπὲρ
1704 2538 1807 2588 πᾶν
1849 2532 1901 2588 έν

238 2631 554 2705 ἀνθρώποις
615 2623 811 2700 ὄνομα,
862 2626 938 2699 μή
988 2622 1187 2696 πολλῷ
1247 2622 1329 2697 τῷ
1399 2623 1547 2698 μέσῳ
1593 2623 1661 2677 τὰ
1704 2624 1896 2696 πρώην

237 2721 616 2796 παρενεγκεῖν,
682 2715 774 2771 καὶ
857 2710 1227 2784 καταλλήλως
1294 2716 1375 2785 τῷ
1437 2712 1704 2785 ἀξιώματι
1781 2716 1896 2773 τοῖς

242 2807 730 2881 πλεονεκτήμασιν
800 2801 1097 2876 ἐπιδοῦναι,
1147 2799 1288 2856 ὥστε
1347 2801 1422 2874 μὴ
1474 2799 1680 2856 ἐλάττω
1728 2800 1900 2877 φαίνε-

237 2902 358 2955 σθαι
405 2901 585 2952 ταῦτα
637 2894 899 2971 παρέχειν
941 2896 1038 2947 τοῦ
1104 2892 1413 2966 σχήματος.
1463 2887 1665 2944 Οὐκοῦν
1728 2887 1895 2945 καλὸν

238 2988 300 3045 ἂν
354 2986 443 3058 εἴη
492 2985 585 3040 καὶ
630 2982 754 3039 λίαν
797 2987 1076 3059 προσῆκον
1129 2980 1319 3056 μικρὸν
1370 2977 1493 3033 ὅσον
1555 2978 1645 3034 καὶ
1690 2980 1897 3034 τούτων

238 3076 569 3155 infitiantem,
598 3073 690 3129 καὶ
739 3076 858 3134 τοῖς
907 3074 1112 3131 κοινοῖς
1159 3070 1320 3142 ἡμῶν
1371 3067 1714 3144 εὐτυχήμασι
1759 3068 1895 3144 πρὸς

239 3154 508 3222 τοσοῦτον
556 3162 930 3239 εὐωχηθῆναι,
980 3157 1103 3215 ὅσον
1151 3159 1180 3212 ὁ
1222 3158 1409 3233 παρὼν
1456 3154 1613 3231 ἡμῖν⁶ι
1648 3159 1895 3234 παραθή-

246 3274 425 3325 mat,
457 3246 636 3329 λόγος,
663 3246 720 3306 εἷ’
759 3270 824 3326 γε
857 3249 933 3323 μὴ
962 3247 1030 3303 τὰ
1079 3246 1248 3321 μείζω
1292 3244 1384 3301 καί
1423 3245 1748 3322 τελειώτερα
1792 3266 1891 3301 πα-

2016 667 2197 723 rentis
2251 667 2538 740 impetum
2587 668 2885 740 repressit.
2962 667 3132 724 Solus
3204 669 3479 724 exstitisti
3559 668 3661 741 qui

2015 758 2191 813 rebus
2220 758 2477 814 adversis
2503 759 2736 814 obstare
2766 759 2979 830 possis,
3001 762 3059 813 et
3087 757 3286 814 nullus
3316 759 3389 814 de
3418 758 3657 815 calami-

2015 847 2240 903 tatibus
2260 848 2388 918 jam
2421 864 2613 903 sermo
2643 847 2772 903 fuit.
2837 848 3200 921 Apparuisti,
3224 865 3256 903 ο
3280 864 3491 920 magne
3548 848 3656 916 sol,

2014 938 2072 991 et
2091 934 2465 992 inimicorum
2496 937 2705 1004 nubes,
2736 954 2861 1009 quae
2894 937 3205 993 adversum
3226 940 3283 993 te
3311 941 3656 993 coacervata;

2013 1025 2267 1096 fuerant,
2316 1026 2605 1099 extemplo
2654 1026 2949 1098 dissipatas
3005 1030 3167 1093 sunt,
3229 1043 3333 1082 nec
3391 1027 3441 1082 si
3491 1027 3656 1099 prius

2014 1115 2474 1187 conspiraverint
2504 1115 2894 1187 cognoscitur.
2927 1115 3020 1170 Sic
3043 1119 3146 1170 tua
3176 1115 3360 1187 gloria
3391 1116 3657 1171 omnium

2014 1206 2414 1261 Romanorum
2436 1204 2622 1277 gloria
2651 1205 2802 1260 facta
2829 1208 2938 1276 est,
2971 1204 3053 1261 sic
3079 1208 3136 1260 et
3164 1209 3328 1261 tuam
3362 1206 3655 1267 fortunam

2012 1296 2160 1352 bene
2190 1294 2388 1350 omnia
2419 1293 2935 1367 participaverunt.

2084 1473 2364 1529 Praeclara
2420 1478 2559 1529 sunt
2631 1473 2911 1528 nimirum
2992 1473 3191 1530 omnia
3248 1490 3376 1545 quae
3444 1473 3658 1546 aliquis

2010 1563 2187 1619 habet
2219 1562 2411 1618 dicere
2440 1567 2753 1634 antequam
2785 1563 3059 1634 imperes,
3100 1562 3283 1619 multo
3333 1580 3469 1618 vero
3527 1564 3675 1635 pu‘:

2010 1651 2242 1707 chriora
2269 1655 2327 1706 et
2354 1652 2544 1723 magis
2573 1652 2892 1723 conspicua
2921 1654 2978 1706 et
3006 1652 3167 1707 omni
3192 1668 3463 1707 sermone
3488 1651 3658 1725 longe

2009 1739 2343 1809 excelsiora,
2375 1756 2502 1811 quaa
2535 1741 2677 1795 dum
2709 1740 3043 1811 imperabas
3072 1740 3263 1812 egisti.
3291 1743 3431 1806 Quae
3487 1745 3656 1797 antc-

2010 1846 2189 1901 quam
2219 1828 2472 1901 imperes
2502 1828 2671 1884 dico?
2701 1829 2958 1885 Honesta
2987 1830 3153 1885 ducis
3213 1831 3490 1901 facinora,
3550 1832 3652 1887 ad-

2009 1935 2213 1976 versus
2243 1919 2441 1974 hostes
2471 1917 2809 1989 certamina,
2860 1917 3167 1989 praeclaras
3222 1918 3513 1987 victorias,
3566 1921 3652 1975 in-

2010 2008 2295 2081 signaque
2323 2011 2563 2081 tropaea,
2594 2011 2652 2063 et
2681 2012 2887 2063 caetera
2915 2025 3280 2080 quascunque
3312 2009 3483 2080 egisti
3520 2012 3650 2066 tum

2008 2098 2346 2171 pugnando,
2395 2100 2525 2151 tum
2581 2095 2981 2166 deliberando,
3058 2100 3226 2154 nocte
3300 2098 3530 2169 dieque,
3587 2099 3650 2154 in

2010 2186 2169 2243 omni
2198 2186 2323 2243 loco
2352 2189 2410 2243 et
2465 2189 2746 2258 tempore.
2799 2186 3116 2257 Postquam
3174 2189 3372 2242 autem
3422 2192 3651 2261 sceptra

2007 2275 2273 2342 tenuisti,
2334 2276 2567 2329 tantum
2597 2272 2743 2329 alios
2800 2274 3091 2346 superasti
3146 2276 3460 2347 (quomodo
3518 2293 3652 2332 con-

2009 2368 2284 2437 gruenter
2312 2362 2560 2419 dixerim
2588 2363 2658 2434 ?),
2682 2368 2972 2435 quantum
3032 2364 3186 2419 inter
3241 2365 3652 2436 imperatorem

2008 2457 2066 2509 et
2090 2455 2300 2509 ducem
2332 2451 2619 2509 exercitus
2650 2451 2967 2508 discrimen
2997 2470 3010 2507 :
3046 2469 3162 2508 non
3193 2453 3350 2507 enim
3367 2452 3649 2522 tolerasti,

2009 2543 2082 2599 ad
2111 2545 2344 2598 tantum
2375 2540 2656 2597 honorem
2688 2558 2792 2614 per
2830 2542 3012 2597 Deum
3046 2542 3354 2609 adductus,
3414 2543 3653 2598 nomine

2009 2648 2187 2704 super
2241 2646 2414 2686 omne
2469 2646 2682 2686 nomen
2740 2630 2893 2685 inter
2946 2630 3216 2686 homines
3275 2636 3535 2704 accepto,
3595 2636 3652 2687 te

2007 2737 2220 2794 magno
2250 2719 2551 2776 intervallo
2573 2722 2841 2775 anteacta
2868 2736 2983 2774 non
3017 2736 3295 2791 superare
3324 2724 3382 2775 et
3408 2721 3654 2793 conjun-

2007 2814 2162 2866 ctam
2192 2809 2545 2882 dignitatem
2571 2813 2629 2865 et
2657 2810 2867 2865 decora
2893 2826 3011 2865 non
3050 2825 3142 2864 am
3150 2809 3420 2882 pliﬁcari,
3473 2810 3557 2866 ita
3585 2815 3651 2866 ut

2005 2899 2119 2955 ista
2149 2915 2266 2955 non
2295 2898 2424 2971 ipso
2454 2898 2662 2954 habitu
2692 2897 2921 2954 minora
2950 2914 3077 2954 esse
3122 2899 3447 2955 videantur.
3508 2899 3645 2955 Pul-

2004 2987 2210 3043 chrum
2243 3002 2379 3059 ergo
2410 2990 2563 3042 essst
2590 2985 2711 3040 haec
2741 3002 2974 3058 quoque
3004 2984 3311 3058 panlulum
3362 2986 3648 3059 attingere

2005 3080 2064 3132 et
2088 3079 2319 3132 tantum
2347 3074 2765 3147 prosperitates
2794 3079 3026 3131 nostras
3051 3079 3306 3148 gustare,
3358 3080 3644 3147 quantum

2002 3165 2065 3221 in
2089 3164 2347 3221 medium
2373 3180 2630 3237 praesens
2659 3179 2853 3219 sermo
2879 3163 3394 3235 aﬁ‘eret,siquidem
3416 3165 3645 3235 majora

2003 3258 2062 3310 et
2091 3253 2435 3326 perfectiora
2459 3253 2633 3309 aﬂ'ere
2645 3268 2759 3307 non
2785 3252 3014 3324 poterit.
3047 3253 3172 3309 Non
3196 3256 3519 3309 autemnon
3533 3253 3644 3310 hoc

244 3313 485 3420 μθεῖναι
536 3313 868 3411 ’δυνήσεταιί
918 3313 1245 3412 ὸύδεγὰνρ,
1311 3334 1373 3390 οὐ
1436 3340 1597 3390 τοῦτο
1661 3313 1890 3400 καθυπι-

2014 3342 2311 3416 pollicetur
2334 3342 2528 3413 (nemo
2551 3340 2991 3413 succenseat),si
3017 3341 3255 3414 quidem
3276 3359 3392 3398 non
3417 3347 3643 3399 tantum

236 3437 486 3509 σχνεῖται
544 3428 845 3504 (νεμεσάτω
901 3423 1136 3500 μηδεὶς),
1186 3423 1302 3480 ἐπεί
1356 3423 1442 3479 τοί
1495 3445 1559 3499 γε
1608 3425 1671 3479 οὐ
1733 3425 1891 3499 μόνον

237 3522 379 3577 κατᾶ
410 3519 541 3594 μίαν
575 3515 883 3594 ἐρχομένοις
912 3516 1010 3577 τὰς
1037 3514 1285 3569 ἀπάντων
1321 3514 1503 3592 φωνὰς
1541 3510 1681 3569 οἶδεν
1734 3515 1893 3589 ὑπερ-

235 3608 441 3667 ϐαίνειν
476 3610 549 3663 τὰ
582 3611 684 3663 τοῦ
735 3603 1026 3682 βασιλέως·
1060 3601 1184 3659 ἀλλ’
1230 3600 1366 3671 οὐδ’,
1399 3602 1445 3657 εἰ
1492 3608 1654 3658 πᾶσαι
1703 3603 1898 3673 συνῆλ-

240 3701 335 3754 θον
383 3697 468 3760 εἷς
508 3693 708 3750 ταυτὸν
755 3694 831 3755 ὡς
880 3692 988 3747 ἀπὸ
1034 3692 1399 3764 συνθήματος,
1451 3691 1599 3745 εἷπον
1649 3690 1709 3746 ἂν
1762 3690 1899 3746 ὥστε

238 3789 341 3857 τήν
409 3785 568 3856 ἀξίαν
629 3787 819 3838 σῶσαιο
895 3782 926 3835 ’ὸ
985 3779 1075 3836 καὶ
1140 3784 1300 3836 τοῦτο
1363 3781 1562 3843 παντὸς
1622 3779 1899 3855 θαύματος

241 3878 415 3951 ἄξιον,
484 3870 632 3948 μηδὲ
679 3869 931 3926 δύνασθαι
985 3869 1164 3945 λέγειν
1220 3873 1290 3943 τῇ
1333 3868 1554 3945 γλώττῃ
1602 3870 1736 3945 ἅπερ
1783 3874 1899 3931 τοῖς

243 3966 427 4042 ἔργοις
480 3961 647 4023 αὐτὸς
685 3962 938 4032 πράττων
996 3956 1429 4035 διωμολόγηται.
1462 3959 1561 4013 Καὶ
1601 3961 1899 4034 τεκμήριον

239 4060 340 4111 τοῦ
380 4052 579 4129 λόγου*
607 4047 813 4105 πολλοὶ
867 4048 961 4122 μὲν
1010 4048 1133 4123 περὶ
1176 4046 1382 4102 τούτων
1423 4047 1511 4101 καὶ
1544 4048 1736 4121 πρώην
1770 4046 1900 4102 εἰσὶν

244 4143 521 4212 εἰπόντες,
580 4139 672 4194 καὶ
725 4141 818 4193 νῦν
883 4135 1067 4213 ἄνδρες
1120 4136 1281 4191 καλοὶ
1338 4136 1561 4210 κάγαθοὶ
1626 4136 1716 4190 καὶ
1780 4136 1904 4209 περὶ

243 4236 308 4289 τὸ
338 4231 529 4307 λέγειν
558 4226 758 4285 δεινοί·
790 4224 967 4288 οὐδεὶς
1001 4223 1047 4280 δ’
1078 4223 1230 4298 ὅμως
1289 4223 1365 4287 εἷς
1413 4222 1570 4286 τέλος
1614 4229 1723 4280 τῶν
1769 4245 1903 4298 προ-

245 4321 519 4395 κειμένων
600 4315 822 4388 ὲξίκετο.
882 4312 1129 4371 Μάλιστα
1207 4314 1302 4387 μὲν
1373 4311 1464 4368 οὖν
1524 4313 1905 4390 ἀπεχρήσαντο

243 4417 367 4473 10?;
426 4407 622 4483 λόγοις
673 4406 748 4468 ὡς
807 4403 932 4473 ἐνῆν
981 4402 1395 4479 προσηκόντως,
1439 4403 1528 4458 καὶ
1587 4400 1683 4458 διὰ
1728 4404 1907 4473 πάσης

246 4498 427 4570 ἦλθον
474 4503 583 4566 τῆς
640 4489 943 4570 ἀκριϐείας,
991 4491 1113 4547 ὅσον
1180 4492 1479 4568 ἀνθρώπων
1534 4489 1763 4566 δύναμις
1821 4492 1906 4546 τέ-

249 4610 437 4661 ταται,
477 4583 775 4661 πληρῶσαι
814 4580 873 4638 δὲ
916 4583 1017 4651 τήν
1064 4581 1211 4653 ἀξίαν
1262 4579 1438 4643 οὐδεὶς
1488 4578 1701 4637 οὐδέπω
1752 4578 1907 4636 δυνα-

2003 3430 2348 3504 singulatim
2369 3431 2704 3502 prodientes
2725 3431 2991 3486 omnium
3017 3447 3185 3487 voces
3212 3431 3366 3503 regis
3389 3432 3648 3488 facinora

2005 3536 2284 3594 superare
2325 3519 2589 3588 valeant;
2624 3520 2726 3576 sed
2786 3535 2996 3592 neque,
3025 3521 3077 3575 si
3123 3537 3331 3576 omnes
3388 3520 3555 3592 quasi
3579 3538 3650 3577 ex

2007 3610 2176 3683 signo
2206 3610 2267 3665 in
2299 3625 2483 3664 unum
2497 3609 2889 3681 convenerint,
2922 3609 3206 3665 dixissent
3240 3610 3324 3665 ita
3353 3613 3419 3665 ut
3456 3611 3650 3682 dignl-

2005 3703 2188 3756 tatem
2219 3701 2496 3755 tueantur
2526 3717 2538 3753 :
2567 3697 2712 3752 illud
2735 3701 2824 3754 est
2853 3698 3012 3753 omni
3045 3698 3352 3754 miratione
3381 3699 3649 3772 dignum,

2010 3789 2166 3861 quod
2198 3804 2313 3843 non
2345 3786 2566 3859 possim
2589 3786 2781 3842 dicere
2813 3787 3035 3858 lingua,
3071 3804 3201 3859 quae
3231 3788 3469 3859 quidem
3509 3781 3652 3861 ope-

2010 3876 2176 3932 ribus
2197 3874 2296 3930 ille
2347 3875 2406 3930 in
2456 3876 2678 3947 agendo
2738 3876 3069 3931 confitetur.
3116 3878 3183 3931 Et
3232 3877 3544 3932 verborum
3592 3877 3654 3933 in

2010 3964 2413 4021 testimonium
2439 3981 2452 4019 :
2486 3964 2657 4019 multi
2689 3964 2925 4036 quidem
2967 3966 3040 4020 do
3070 3965 3231 4021 hisce
3257 3967 3430 4021 rebus
3464 3973 3652 4039 antea,

2012 4059 2071 4110 et
2098 4070 2256 4109 nunc
2271 4053 2378 4108 viri
2395 4052 2535 4108 clari
2568 4053 2824 4125 bonique
2862 4058 2920 4109 et
2948 4054 3179 4110 dicendi
3229 4054 3472 4111 solertes
3500 4055 3655 4111 dixe-

2013 4146 2151 4198 runt
2183 4159 2195 4198 :
2220 4142 2419 4197 nullus
2445 4145 2641 4198 autem
2665 4160 2861 4198 rerum
2891 4142 3318 4199 sublimitatem
3350 4147 3655 4200 assecutus

2015 4236 2121 4289 est.
2156 4232 2406 4287 Maxime
2431 4230 2712 4287 nimirum
2738 4248 3017 4303 congrua,
3049 4237 3223 4305 prout
3248 4233 3307 4288 in
3359 4233 3478 4289 illis
3535 4238 3659 4288 erat

2013 4321 2190 4377 verba
2212 4321 2418 4386 fecere,
2451 4325 2509 4376 et
2543 4337 2678 4376 cum
2701 4321 2860 4376 omni
2892 4321 3194 4393 diligentia
3224 4325 3656 4393 processerunt,

2017 4413 2302 4483 quantum
2334 4410 2633 4466 contendit
2652 4410 2912 4466 humana
2942 4409 3490 4481 facultas,dignitati
3521 4425 3658 4466 vero

2018 4499 2396 4571 adaequandae
2442 4515 2612 4554 nemo
2643 4515 2905 4570 unquam
2936 4498 3182 4555 idoneus
3213 4499 3456 4564 exstitit,
3490 4499 3659 4555 factis

2018 4602 2229 4658 nempe
2249 4602 2371 4641 sem
2381 4602 2482 4658 per
2508 4584 2972 4658 praecellentibus
3002 4587 3059 4641 et
3077 4585 3253 4640 verba
3273 4584 3437 4639 humi
3462 4602 3662 4656 repere

249 4679 348 4740 τὸς
423 4672 721 4752 κατεφάνη,
781 4669 1180 4748 ὑπερκειμένων
1241 4670 1325 4725 ἀεὶ
1396 4674 1504 4724 τῶν
1576 4672 1903 4746 πραγμάτων

2021 4675 2385 4748 cogentibus.
2421 4675 2717 4738 Quantum
2746 4673 2860 4729 ista
2890 4676 3030 4728 sunt
3057 4689 3326 4728 eccessus
3374 4672 3660 4741 difﬁcilia,

255 4765 352 4822 καὶ
406 4762 540 4826 τοὺς
599 4757 802 4837 λόγους
848 4758 1029 4835 χαμαὶ
1089 4757 1290 4835 βαίνειν
1349 4758 1583 4817 ἐώντων.
1616 4761 1775 4814 Ὅσον
1806 4758 1911 4835 γὰρ

254 4854 438 4911 ἐκεῖνα
497 4851 808 4930 δυσέφικτα,
837 4852 1092 4904 τοσοῦτον
1136 4848 1227 4903 καὶ
1273 4852 1351 4920 τῷ
1400 4846 1615 4924 λέγοντι
1645 4848 1708 4902 τὸ
1754 4847 1915 4902 ἀσθε-

250 4946 346 5008 νὲς
400 4941 769 5019 περιγίνεται.
822 4938 1002 5012 Χωρὶς
1074 4935 1133 4992 δὲ
1202 4935 1434 5008 τούτων,
1494 4938 1539 4991 ὧ
1597 4942 1739 5000 θεῖος
1804 4941 1910 4991 τῶν

251 5032 629 5111 παρεστώτων
676 5028 871 5105 χορὸς,
927 5027 1094 5101 μικρὰ
1155 5026 1249 5099 μὲν
1318 5024 1442 5080 ὅταν
1514 5022 1649 5080 εἷ’πω
1695 5028 1808 5098 (33)
1849 5025 1916 5080 τὰ

258 5120 646 5201 ῥηθησόμενα,
678 5115 984 5194 συγκρίνων
1020 5114 1155 5171 αὐτά
1203 5116 1336 5191 πρὸς
1381 5116 1481 5184 τὴν
1537 5113 1673 5185 ὅλην
1725 5113 1916 5177 θάλασ,

256 5234 357 5268 σαν
412 5214 527 5267 τῶν
582 5207 821 5276 καλῶν,’
853 5205 1003 5281 λέγω
1065 5203 1248 5281 μικρά·
1307 5202 1422 5258 ἐπεὶ
1498 5203 1586 5258 καὶ
1638 5205 1809 5276 ταῦτ’,
1869 5203 1918 5258 εἴ

254 5302 381 5365 καθ’
408 5298 545 5355 αὐτὰ
597 5299 886 5373 θεωροῖντο,
922 5292 1131 5369 μεγάλα
1173 5294 1233 5348 τέ
1272 5292 1404 5365 ἐστι,
1435 5294 1525 5347 καὶ
1577 5293 1741 5368 μέρος
1789 5292 1915 5346 τού-

253 5408 370 5446 των
418 5387 626 5466 βραχὺ,
690 5386 767 5459 μὴ
814 5383 898 5439 ὅτι
946 5403 1011 5459 γε
1053 5383 1121 5437 τὰ
1148 5384 1320 5437 πάτνα
1347 5381 1799 5455 συνηθροισμένα,
1826 5385 1935 5436 καί

257 5484 361 5536 τοῦ
390 5476 640 5554 μάλιστα
682 5472 1154 5554 φιλοτιμουμένου
1194 5467 1421 5547 ἤρκεσεν
1471 5469 1530 5525 ἂν
1580 5470 1658 5533 εἷς
1700 5467 1919 5526 ἔπαινον

335 5714 450 5787 (32)
495 5712 753 5787 Videtur
823 5721 1037 5787 nomen
1098 5705 1320 5787 deesse,
1370 5706 1525 5787 quod
1557 5704 1919 5787 fuerit‘verbi

272 5776 712 5869 ὑπερηκόντισα
770 5779 1056 5854 regimen.
1118 5776 1517 5851 Chrysostomi
1571 5776 1782 5836 Homil.
1841 5794 1918 5850 ιν,

2020 4768 2252 4821 tantum
2308 4767 2366 4819 et
2421 4780 2530 4819 sua
2580 4762 2795 4819 dicenti
2874 4761 3189 4817 innotescit
3265 4760 3659 4818 imbecillitas.

2024 4852 2237 4908 Praeter
2261 4851 2382 4923 his,
2414 4868 2446 4907 ο
2476 4851 2673 4907 divina
2704 4850 3028 4907 astantium
3056 4866 3292 4914 corona,
3331 4848 3505 4905 exilia
3533 4866 3662 4906 esse

2023 4958 2158 4998 cum
2182 4940 2299 4996 dixi
2321 4957 2449 5011 quae
2480 4943 2825 4995 narraturus
2846 4954 2979 4994 sum
3001 4938 3124 4994 haec
3154 4938 3503 4994 conferendo
3527 4955 3662 4993 cum

2025 5033 2144 5086 toto
2204 5030 2479 5085 decorum
2520 5027 2775 5093 ﬂamine,
2828 5043 3015 5098 pauca
3056 5026 3206 5095 dico,
3249 5042 3383 5082 cum
3438 5026 3559 5094 illa,
3613 5027 3664 5083 si

2024 5118 2269 5175 seorsim
2302 5116 2732 5183 examinentur,
2765 5132 2981 5188 magna
3001 5114 3180 5171 etiam
3204 5120 3363 5186 sunt,
3412 5119 3470 5172 et
3499 5116 3666 5171 mini-

2026 5224 2183 5263 mam
2206 5207 2436 5263 illorum
2467 5210 2712 5277 partem,
2746 5222 2859 5261 non
2882 5205 3010 5260 dico
3056 5204 3256 5260 omnia
3296 5209 3665 5278 congregata,

2027 5313 2196 5352 nemo
2228 5301 2317 5352 est
2375 5296 2477 5368 qui
2536 5295 2788 5367 perfecto
2840 5294 3079 5350 laudare
3137 5295 3413 5350 studeat:
3469 5295 3667 5367 itaque

2027 5402 2143 5440 non
2170 5385 2312 5440 illud
2340 5389 2557 5455 metuo,
2591 5400 2664 5440 ne
2720 5384 2895 5439 rebus
2947 5383 3283 5452 audiendis,
3337 5383 3667 5456 indigentes

2028 5474 2165 5546 (non
2188 5474 2298 5530 hoc
2328 5473 2608 5546 cogitabit
2635 5473 2996 5546 quisquam),
3029 5473 3131 5529 sed
3180 5472 3373 5543 potius
3404 5489 3476 5528 ne
3536 5489 3671 5527 cum

2026 5709 2170 5763 tom.
2196 5706 2255 5778 l,
2276 5722 2332 5778 p.
2374 5706 2461 5778 46.

2101 5777 2210 5851 (33)
2244 5775 2502 5851 Respicit
2534 5778 2690 5851 quod
2713 5778 2884 5834 modo
2916 5775 3080 5832 dixit.
