  <div class='ocr_page' id='page_1' title='image "/cluster/home/n/w/nwhite01/storage/ocr_20150623/142/mdp.39015078384792/193.png"; bbox 0 0 4118 6476; ppageno 0'>
   <div class='ocr_carea' id='block_1_1' title="bbox 420 422 3825 494">
    <p class='ocr_par' dir='ltr' id='par_1_1' title="bbox 420 422 3825 494">
     <span class='ocr_line' id='line_1_1' title="bbox 420 422 3825 494; baseline 0.002 -10"><span class='ocrx_word' id='word_1_1' title='bbox 420 422 534 485; x_wconf 81' lang='grc'><strong>371</strong></span> <span class='ocrx_word' id='word_1_2' title='bbox 1445 424 1759 487; x_wconf 74' lang='lat' dir='ltr'><strong>GEORGII</strong></span> <span class='ocrx_word' id='word_1_3' title='bbox 1805 425 2067 489; x_wconf 83' lang='lat' dir='ltr'><strong>CYPRlI</strong></span> <span class='ocrx_word' id='word_1_4' title='bbox 2110 425 2228 489; x_wconf 84' lang='lat' dir='ltr'><strong>GP.</strong></span> <span class='ocrx_word' id='word_1_5' title='bbox 2276 426 2808 494; x_wconf 67' lang='lat' dir='ltr'><strong>PATRIARCHJE</strong></span> <span class='ocrx_word' id='word_1_6' title='bbox 3702 426 3825 492; x_wconf 73' lang='lat'><strong>372</strong></span> 
     </span>
    </p>
   </div>
   <div class='ocr_carea' id='block_1_2' title="bbox 420 554 2087 638">
    <p class='ocr_par' dir='ltr' id='par_1_2' title="bbox 420 554 2062 629">
     <span class='ocr_line' id='line_1_2' title="bbox 420 554 2062 629; baseline 0 -15"><span class='ocrx_word' id='word_1_7' title='bbox 420 555 973 629; x_wconf 82' lang='lat' dir='ltr'><strong>stupore,vertigine</strong></span> <span class='ocrx_word' id='word_1_8' title='bbox 994 554 1346 629; x_wconf 83' lang='lat' dir='ltr'><strong>laborantes,</strong></span> <span class='ocrx_word' id='word_1_9' title='bbox 1373 556 1593 613; x_wconf 78' lang='lat' dir='ltr'><strong>abeatis</strong></span> <span class='ocrx_word' id='word_1_10' title='bbox 1622 575 1839 614; x_wconf 85' lang='lat' dir='ltr'><strong>nausea</strong></span> <span class='ocrx_word' id='word_1_11' title='bbox 1869 564 1925 614; x_wconf 86' lang='lat' dir='ltr'><strong>et</strong></span> <span class='ocrx_word' id='word_1_12' title='bbox 1948 566 2062 615; x_wconf 90' lang='lat' dir='ltr'><strong>tur-</strong></span> 
     </span>
    </p>
   </div>
   <div class='ocr_carea' id='block_1_3' title="bbox 2201 554 3821 638">
    <p class='ocr_par' dir='ltr' id='par_1_3' title="bbox 2202 556 3821 638">
     <span class='ocr_line' id='line_1_3' title="bbox 2202 556 3821 638; baseline 0.002 -24"><span class='ocrx_word' id='word_1_13' title='bbox 2202 559 2384 630; x_wconf 74' lang='grc' dir='ltr'>ντελῆ”</span> <span class='ocrx_word' id='word_1_14' title='bbox 2437 562 2564 616; x_wconf 75' lang='grc' dir='ltr'>ὥστ’</span> <span class='ocrx_word' id='word_1_15' title='bbox 2609 562 2715 638; x_wconf 70' lang='grc' dir='ltr'><strong>οὐχ</strong></span> <span class='ocrx_word' id='word_1_16' title='bbox 2765 562 2915 624; x_wconf 78' lang='grc' dir='ltr'>ὅπως</span> <span class='ocrx_word' id='word_1_17' title='bbox 2964 560 3318 634; x_wconf 69' lang='grc' dir='ltr'><strong>ἀκουσμάτων</strong></span> <span class='ocrx_word' id='word_1_18' title='bbox 3371 557 3565 623; x_wconf 83' lang='grc' dir='ltr'>ἐνδέως</span> <span class='ocrx_word' id='word_1_19' title='bbox 3616 556 3821 637; x_wconf 77' lang='grc' dir='ltr'>ἔχοιτε,</span> 
     </span>
    </p>
   </div>
   <div class='ocr_carea' id='block_1_4' title="bbox 417 646 2087 725">
    <p class='ocr_par' dir='ltr' id='par_1_4' title="bbox 417 646 955 718">
     <span class='ocr_line' id='line_1_4' title="bbox 417 646 955 718; baseline 0.002 -16"><span class='ocrx_word' id='word_1_20' title='bbox 417 646 651 703; x_wconf 84' lang='lat' dir='ltr'><strong>batione</strong></span> <span class='ocrx_word' id='word_1_21' title='bbox 684 646 955 718; x_wconf 90' lang='lat' dir='ltr'><strong>correpti.</strong></span> 
     </span>
    </p>
   </div>
   <div class='ocr_carea' id='block_1_5' title="bbox 2201 646 3824 725">
    <p class='ocr_par' dir='ltr' id='par_1_5' title="bbox 2201 650 3824 725">
     <span class='ocr_line' id='line_1_5' title="bbox 2201 650 3824 725; baseline 0.002 -23"><span class='ocrx_word' id='word_1_22' title='bbox 2201 653 2322 703; x_wconf 69' lang='grc' dir='ltr'>ὀὔτ’</span> <span class='ocrx_word' id='word_1_23' title='bbox 2354 652 2458 725; x_wconf 77' lang='grc' dir='ltr'>ἐγὼ</span> <span class='ocrx_word' id='word_1_24' title='bbox 2517 650 2733 706; x_wconf 72' lang='grc' dir='ltr'>δέδοικα</span> <span class='ocrx_word' id='word_1_25' title='bbox 2787 653 2889 724; x_wconf 75' lang='grc' dir='ltr'>(μή</span> <span class='ocrx_word' id='word_1_26' title='bbox 2947 657 3106 705; x_wconf 70' lang='grc' dir='ltr'>τοῦτο</span> <span class='ocrx_word' id='word_1_27' title='bbox 3164 652 3364 724; x_wconf 78' lang='grc' dir='ltr'>νομίσῃ</span> <span class='ocrx_word' id='word_1_28' title='bbox 3419 655 3547 720; x_wconf 82' lang='grc' dir='ltr'>τις),</span> <span class='ocrx_word' id='word_1_29' title='bbox 3585 650 3824 724; x_wconf 73' lang='grc' dir='ltr'>μάλιστα</span> 
     </span>
    </p>
   </div>
   <div class='ocr_carea' id='block_1_6' title="bbox 2179 736 3827 815">
    <p class='ocr_par' dir='ltr' id='par_1_6' title="bbox 2179 736 3827 815">
     <span class='ocr_line' id='line_1_6' title="bbox 2179 736 3827 815; baseline 0.002 -24"><span class='ocrx_word' id='word_1_30' title='bbox 2179 736 2223 791; x_wconf 79' lang='grc' dir='ltr'><strong>δ’</strong></span> <span class='ocrx_word' id='word_1_31' title='bbox 2275 740 2423 801; x_wconf 70' lang='grc' dir='ltr'>ὅπως</span> <span class='ocrx_word' id='word_1_32' title='bbox 2478 742 2575 812; x_wconf 63' lang='grc' dir='ltr'><strong>μή,</strong></span> <span class='ocrx_word' id='word_1_33' title='bbox 2615 742 2729 813; x_wconf 76' lang='grc' dir='ltr'>μετ’</span> <span class='ocrx_word' id='word_1_34' title='bbox 2780 739 3089 810; x_wconf 76' lang='grc' dir='ltr'>ἐκπλήξεως</span> <span class='ocrx_word' id='word_1_35' title='bbox 3147 739 3570 815; x_wconf 75' lang='grc' dir='ltr'>ἰλιγγιάσαντες,</span> <span class='ocrx_word' id='word_1_36' title='bbox 3628 738 3827 809; x_wconf 81' lang='grc' dir='ltr'><strong>ἀπίητε</strong></span> 
     </span>
    </p>
   </div>
   <div class='ocr_carea' id='block_1_7' title="bbox 2177 828 3331 904">
    <p class='ocr_par' dir='ltr' id='par_1_7' title="bbox 2177 828 3331 904">
     <span class='ocr_line' id='line_1_7' title="bbox 2177 828 3331 904; baseline 0.003 -25"><span class='ocrx_word' id='word_1_37' title='bbox 2177 834 2491 899; x_wconf 76' lang='grc' dir='ltr'>ναυτιασμῷ</span> <span class='ocrx_word' id='word_1_38' title='bbox 2521 828 2949 901; x_wconf 67' lang='grc' dir='ltr'>κατειλημμένοι</span> <span class='ocrx_word' id='word_1_39' title='bbox 2977 829 3065 883; x_wconf 79' lang='grc' dir='ltr'><strong>καὶ</strong></span> <span class='ocrx_word' id='word_1_40' title='bbox 3096 832 3331 904; x_wconf 75' lang='grc' dir='ltr'>ταραχῇ.</span> 
     </span>
    </p>
   </div>
   <div class='ocr_carea' id='block_1_8' title="bbox 2252 915 3829 993">
    <p class='ocr_par' dir='ltr' id='par_1_8' title="bbox 2252 915 3829 993">
     <span class='ocr_line' id='line_1_8' title="bbox 2252 915 3829 993; baseline 0.001 -23"><span class='ocrx_word' id='word_1_41' title='bbox 2252 916 2327 970; x_wconf 66' lang='grc' dir='ltr'><strong>Σὺ</strong></span> <span class='ocrx_word' id='word_1_42' title='bbox 2379 919 2472 989; x_wconf 69' lang='grc' dir='ltr'><strong>μὲν</strong></span> <span class='ocrx_word' id='word_1_43' title='bbox 2526 916 2639 988; x_wconf 74' lang='grc' dir='ltr'>οὖν,</span> <span class='ocrx_word' id='word_1_44' title='bbox 2679 919 2918 981; x_wconf 75' lang='grc' dir='ltr'>θειότατε</span> <span class='ocrx_word' id='word_1_45' title='bbox 2970 917 3215 993; x_wconf 78' lang='grc' dir='ltr'>βασιλεῦ,</span> <span class='ocrx_word' id='word_1_46' title='bbox 3258 919 3333 979; x_wconf 81' lang='grc' dir='ltr'><strong>ὡς</strong></span> <span class='ocrx_word' id='word_1_47' title='bbox 3383 918 3516 990; x_wconf 73' lang='grc' dir='ltr'>μετὰ</span> <span class='ocrx_word' id='word_1_48' title='bbox 3568 915 3829 986; x_wconf 72' lang='grc' dir='ltr'><strong>τοιαύτης</strong></span> 
     </span>
    </p>
   </div>
   <div class='ocr_carea' id='block_1_9' title="bbox 2178 1000 3832 1079">
    <p class='ocr_par' dir='ltr' id='par_1_9' title="bbox 2178 1000 3832 1079">
     <span class='ocr_line' id='line_1_9' title="bbox 2178 1000 3832 1079; baseline 0 -21"><span class='ocrx_word' id='word_1_49' title='bbox 2178 1005 2267 1058; x_wconf 82' lang='grc' dir='ltr'><strong>καὶ</strong></span> <span class='ocrx_word' id='word_1_50' title='bbox 2297 1006 2564 1075; x_wconf 68' lang='grc' dir='ltr'>τοσαύτης</span> <span class='ocrx_word' id='word_1_51' title='bbox 2592 1013 2694 1074; x_wconf 79' lang='grc' dir='ltr'><strong>τῆς</strong></span> <span class='ocrx_word' id='word_1_52' title='bbox 2726 1007 2954 1079; x_wconf 73' lang='grc' dir='ltr'>χάριτος</span> <span class='ocrx_word' id='word_1_53' title='bbox 2988 1005 3178 1077; x_wconf 81' lang='grc' dir='ltr'>σεμνὸς</span> <span class='ocrx_word' id='word_1_54' title='bbox 3221 1008 3432 1076; x_wconf 79' lang='grc' dir='ltr'>σεμνῶς</span> <span class='ocrx_word' id='word_1_55' title='bbox 3483 1004 3619 1077; x_wconf 80' lang='grc' dir='ltr'>πρὸς</span> <span class='ocrx_word' id='word_1_56' title='bbox 3667 1000 3832 1073; x_wconf 78' lang='grc' dir='ltr'>τήνδε</span> 
     </span>
    </p>
   </div>
   <div class='ocr_carea' id='block_1_10' title="bbox 497 914 2071 987">
    <p class='ocr_par' dir='ltr' id='par_1_10' title="bbox 497 914 2071 987">
     <span class='ocr_line' id='line_1_10' title="bbox 497 914 2071 987; baseline 0.004 -17"><span class='ocrx_word' id='word_1_57' title='bbox 497 915 582 970; x_wconf 91' lang='lat' dir='ltr'><strong>Tu</strong></span> <span class='ocrx_word' id='word_1_58' title='bbox 605 931 764 987; x_wconf 88' lang='lat' dir='ltr'><strong>ergo,</strong></span> <span class='ocrx_word' id='word_1_59' title='bbox 797 914 1160 971; x_wconf 85' lang='lat' dir='ltr'><strong>divinissime</strong></span> <span class='ocrx_word' id='word_1_60' title='bbox 1192 934 1309 985; x_wconf 79' lang='lat' dir='ltr'><strong>rex,</strong></span> <span class='ocrx_word' id='word_1_61' title='bbox 1342 917 1441 972; x_wconf 89' lang='lat' dir='ltr'><strong>ubi</strong></span> <span class='ocrx_word' id='word_1_62' title='bbox 1466 932 1599 972; x_wconf 92' lang='lat' dir='ltr'><strong>cum</strong></span> <span class='ocrx_word' id='word_1_63' title='bbox 1660 917 1759 973; x_wconf 87' lang='lat' dir='ltr'><strong>tali</strong></span> <span class='ocrx_word' id='word_1_64' title='bbox 1786 935 1849 973; x_wconf 89' lang='lat' dir='ltr'><strong>ac</strong></span> <span class='ocrx_word' id='word_1_65' title='bbox 1907 925 2071 976; x_wconf 90' lang='lat' dir='ltr'><strong>tanta</strong></span> 
     </span>
    </p>
   </div>
   <div class='ocr_carea' id='block_1_11' title="bbox 427 1003 2067 1081">
    <p class='ocr_par' dir='ltr' id='par_1_11' title="bbox 427 1003 2067 1081">
     <span class='ocr_line' id='line_1_11' title="bbox 427 1003 2067 1081; baseline 0.004 -23"><span class='ocrx_word' id='word_1_66' title='bbox 427 1004 614 1078; x_wconf 83' lang='lat' dir='ltr'><strong>gloria</strong></span> <span class='ocrx_word' id='word_1_67' title='bbox 644 1003 838 1060; x_wconf 89' lang='lat' dir='ltr'><strong>clarus</strong></span> <span class='ocrx_word' id='word_1_68' title='bbox 868 1004 1019 1060; x_wconf 89' lang='lat' dir='ltr'><strong>clare</strong></span> <span class='ocrx_word' id='word_1_69' title='bbox 1051 1006 1371 1077; x_wconf 80' lang='lat' dir='ltr'><strong>perrexeris</strong></span> <span class='ocrx_word' id='word_1_70' title='bbox 1427 1009 1499 1063; x_wconf 87' lang='lat' dir='ltr'><strong>ad</strong></span> <span class='ocrx_word' id='word_1_71' title='bbox 1552 1007 1800 1079; x_wconf 77' lang='lat' dir='ltr'><strong>regalem</strong></span> <span class='ocrx_word' id='word_1_72' title='bbox 1862 1026 2067 1081; x_wconf 86' lang='lat' dir='ltr'><strong>specu-</strong></span> 
     </span>
    </p>
   </div>
   <div class='ocr_carea' id='block_1_12' title="bbox 426 1092 2070 1169">
    <p class='ocr_par' dir='ltr' id='par_1_12' title="bbox 426 1092 2070 1169">
     <span class='ocr_line' id='line_1_12' title="bbox 426 1092 2070 1169; baseline 0.003 -20"><span class='ocrx_word' id='word_1_73' title='bbox 426 1092 545 1149; x_wconf 89' lang='lat' dir='ltr'><strong>lam</strong></span> <span class='ocrx_word' id='word_1_74' title='bbox 576 1097 633 1148; x_wconf 91' lang='lat' dir='ltr'><strong>et</strong></span> <span class='ocrx_word' id='word_1_75' title='bbox 661 1093 971 1164; x_wconf 87' lang='lat' dir='ltr'><strong>imperium</strong></span> <span class='ocrx_word' id='word_1_76' title='bbox 1002 1095 1341 1161; x_wconf 83' lang='lat' dir='ltr'><strong>servaveris,</strong></span> <span class='ocrx_word' id='word_1_77' title='bbox 1365 1096 1678 1169; x_wconf 90' lang='lat' dir='ltr'><strong>imperium</strong></span> <span class='ocrx_word' id='word_1_78' title='bbox 1725 1114 1839 1152; x_wconf 90' lang='lat' dir='ltr'><strong>non</strong></span> <span class='ocrx_word' id='word_1_79' title='bbox 1872 1100 2070 1154; x_wconf 91' lang='lat' dir='ltr'><strong>minus</strong></span> 
     </span>
    </p>
   </div>
   <div class='ocr_carea' id='block_1_13' title="bbox 429 1185 2069 1257">
    <p class='ocr_par' dir='ltr' id='par_1_13' title="bbox 429 1185 2069 1257">
     <span class='ocr_line' id='line_1_13' title="bbox 429 1185 2069 1257; baseline 0.004 -21"><span class='ocrx_word' id='word_1_80' title='bbox 429 1185 668 1255; x_wconf 84' lang='lat' dir='ltr'><strong>propter</strong></span> <span class='ocrx_word' id='word_1_81' title='bbox 696 1186 752 1238; x_wconf 90' lang='lat' dir='ltr'><strong>te</strong></span> <span class='ocrx_word' id='word_1_82' title='bbox 777 1199 953 1254; x_wconf 88' lang='lat' dir='ltr'><strong>quam</strong></span> <span class='ocrx_word' id='word_1_83' title='bbox 998 1199 1068 1239; x_wconf 85' lang='lat' dir='ltr'><strong>ex</strong></span> <span class='ocrx_word' id='word_1_84' title='bbox 1109 1188 1318 1240; x_wconf 88' lang='lat' dir='ltr'><strong>natura</strong></span> <span class='ocrx_word' id='word_1_85' title='bbox 1368 1203 1476 1240; x_wconf 90' lang='lat' dir='ltr'><strong>sua</strong></span> <span class='ocrx_word' id='word_1_86' title='bbox 1533 1187 1890 1257; x_wconf 87' lang='lat' dir='ltr'><strong>mirandum,</strong></span> <span class='ocrx_word' id='word_1_87' title='bbox 1953 1206 2069 1243; x_wconf 88' lang='lat' dir='ltr'><strong>non</strong></span> 
     </span>
    </p>
   </div>
   <div class='ocr_carea' id='block_1_14' title="bbox 422 1271 2072 1347">
    <p class='ocr_par' dir='ltr' id='par_1_14' title="bbox 422 1271 2072 1347">
     <span class='ocr_line' id='line_1_14' title="bbox 422 1271 2072 1347; baseline 0.004 -20"><span class='ocrx_word' id='word_1_88' title='bbox 422 1271 761 1344; x_wconf 83' lang='lat' dir='ltr'><strong>judicavisti</strong></span> <span class='ocrx_word' id='word_1_89' title='bbox 792 1276 850 1326; x_wconf 90' lang='lat' dir='ltr'><strong>te</strong></span> <span class='ocrx_word' id='word_1_90' title='bbox 882 1276 1145 1344; x_wconf 82' lang='lat' dir='ltr'><strong>oportere</strong></span> <span class='ocrx_word' id='word_1_91' title='bbox 1169 1274 1443 1347; x_wconf 84' lang='lat' dir='ltr'><strong>deinceps</strong></span> <span class='ocrx_word' id='word_1_92' title='bbox 1475 1292 1509 1329; x_wconf 88' lang='lat' dir='ltr'><strong>a</strong></span> <span class='ocrx_word' id='word_1_93' title='bbox 1554 1276 1854 1332; x_wconf 86' lang='lat' dir='ltr'><strong>laboribus</strong></span> <span class='ocrx_word' id='word_1_94' title='bbox 1887 1278 2072 1333; x_wconf 88' lang='lat' dir='ltr'><strong>absti-</strong></span> 
     </span>
    </p>
   </div>
   <div class='ocr_carea' id='block_1_15' title="bbox 430 1361 2072 1421">
    <p class='ocr_par' dir='ltr' id='par_1_15' title="bbox 430 1361 2072 1421">
     <span class='ocr_line' id='line_1_15' title="bbox 430 1361 2072 1421; baseline 0.003 -5"><span class='ocrx_word' id='word_1_95' title='bbox 430 1377 569 1417; x_wconf 87' lang='lat' dir='ltr'><strong>nere</strong></span> <span class='ocrx_word' id='word_1_96' title='bbox 597 1364 655 1415; x_wconf 91' lang='lat' dir='ltr'><strong>et</strong></span> <span class='ocrx_word' id='word_1_97' title='bbox 684 1361 1090 1417; x_wconf 82' lang='lat' dir='ltr'><strong>auctoritatem</strong></span> <span class='ocrx_word' id='word_1_98' title='bbox 1122 1363 1193 1417; x_wconf 91' lang='lat' dir='ltr'><strong>ad</strong></span> <span class='ocrx_word' id='word_1_99' title='bbox 1223 1363 1351 1418; x_wconf 62' lang='lat' dir='ltr'><strong>vita)</strong></span> <span class='ocrx_word' id='word_1_100' title='bbox 1408 1363 1684 1419; x_wconf 88' lang='lat' dir='ltr'><strong>facilioris</strong></span> <span class='ocrx_word' id='word_1_101' title='bbox 1733 1366 2072 1421; x_wconf 89' lang='lat' dir='ltr'><strong>institutum</strong></span> 
     </span>
    </p>
   </div>
   <div class='ocr_carea' id='block_1_16' title="bbox 2178 1089 3829 1169">
    <p class='ocr_par' dir='ltr' id='par_1_16' title="bbox 2178 1089 3829 1169">
     <span class='ocr_line' id='line_1_16' title="bbox 2178 1089 3829 1169; baseline -0.002 -20"><span class='ocrx_word' id='word_1_102' title='bbox 2178 1096 2276 1163; x_wconf 74' lang='grc' dir='ltr'>τήν</span> <span class='ocrx_word' id='word_1_103' title='bbox 2330 1093 2602 1169; x_wconf 82' lang='grc' dir='ltr'>βασίλειον</span> <span class='ocrx_word' id='word_1_104' title='bbox 2650 1094 2946 1167; x_wconf 73' lang='grc' dir='ltr'>ἀνέδραμες</span> <span class='ocrx_word' id='word_1_105' title='bbox 2996 1094 3243 1159; x_wconf 76' lang='grc' dir='ltr'>σκοπιὰν,</span> <span class='ocrx_word' id='word_1_106' title='bbox 3289 1094 3379 1147; x_wconf 81' lang='grc' dir='ltr'><strong>καὶ</strong></span> <span class='ocrx_word' id='word_1_107' title='bbox 3439 1089 3682 1161; x_wconf 77' lang='grc' dir='ltr'>διεζώσω</span> <span class='ocrx_word' id='word_1_108' title='bbox 3726 1092 3829 1160; x_wconf 75' lang='grc' dir='ltr'>τῆν</span> 
     </span>
    </p>
   </div>
   <div class='ocr_carea' id='block_1_17' title="bbox 2182 1180 3833 1259">
    <p class='ocr_par' dir='ltr' id='par_1_17' title="bbox 2182 1180 3833 1259">
     <span class='ocr_line' id='line_1_17' title="bbox 2182 1180 3833 1259; baseline -0.003 -21"><span class='ocrx_word' id='word_1_109' title='bbox 2182 1185 2381 1259; x_wconf 66' lang='grc' dir='ltr'>ἀρχήν,</span> <span class='ocrx_word' id='word_1_110' title='bbox 2414 1185 2512 1252; x_wconf 78' lang='grc' dir='ltr'>τὴν</span> <span class='ocrx_word' id='word_1_111' title='bbox 2569 1184 2677 1258; x_wconf 66' lang='grc' dir='ltr'><strong>οὐχ</strong></span> <span class='ocrx_word' id='word_1_112' title='bbox 2734 1186 2894 1252; x_wconf 73' lang='grc' dir='ltr'>ἦττον</span> <span class='ocrx_word' id='word_1_113' title='bbox 2955 1181 3043 1237; x_wconf 74' lang='grc' dir='ltr'><strong>διὰ</strong></span> <span class='ocrx_word' id='word_1_114' title='bbox 3101 1184 3158 1237; x_wconf 70' lang='grc' dir='ltr'>σὲ</span> <span class='ocrx_word' id='word_1_115' title='bbox 3217 1180 3469 1251; x_wconf 73' lang='grc' dir='ltr'>ζηλωτὴν</span> <span class='ocrx_word' id='word_1_116' title='bbox 3503 1182 3648 1251; x_wconf 73' lang='grc' dir='ltr'><strong>ἣτῷ</strong></span> <span class='ocrx_word' id='word_1_117' title='bbox 3695 1180 3833 1235; x_wconf 71' lang='grc' dir='ltr'>εἶναι</span> 
     </span>
    </p>
   </div>
   <div class='ocr_carea' id='block_1_18' title="bbox 2183 1270 3833 1349">
    <p class='ocr_par' dir='ltr' id='par_1_18' title="bbox 2183 1270 3833 1349">
     <span class='ocr_line' id='line_1_18' title="bbox 2183 1270 3833 1349; baseline -0.002 -23"><span class='ocrx_word' id='word_1_118' title='bbox 2183 1274 2383 1349; x_wconf 63' lang='grc' dir='ltr'>ἀρχεὶμ,</span> <span class='ocrx_word' id='word_1_119' title='bbox 2437 1272 2535 1327; x_wconf 69' lang='grc' dir='ltr'><strong>οὐκ</strong></span> <span class='ocrx_word' id='word_1_120' title='bbox 2578 1274 2767 1345; x_wconf 81' lang='grc' dir='ltr'>ᾠήθης</span> <span class='ocrx_word' id='word_1_121' title='bbox 2818 1270 2927 1327; x_wconf 79' lang='grc' dir='ltr'>δεῖν</span> <span class='ocrx_word' id='word_1_122' title='bbox 2973 1270 3196 1327; x_wconf 68' lang='grc' dir='ltr'>ένταῦθά</span> <span class='ocrx_word' id='word_1_123' title='bbox 3235 1291 3295 1326; x_wconf 86' lang='grc' dir='ltr'>τε</span> <span class='ocrx_word' id='word_1_124' title='bbox 3338 1278 3529 1339; x_wconf 81' lang='grc' dir='ltr'>στῆναι</span> <span class='ocrx_word' id='word_1_125' title='bbox 3579 1273 3688 1324; x_wconf 91' lang='grc' dir='ltr'><strong>τῶν</strong></span> <span class='ocrx_word' id='word_1_126' title='bbox 3728 1270 3833 1324; x_wconf 84' lang='grc' dir='ltr'><strong>πό-</strong></span> 
     </span>
    </p>
   </div>
   <div class='ocr_carea' id='block_1_19' title="bbox 2181 1359 3837 1437">
    <p class='ocr_par' dir='ltr' id='par_1_19' title="bbox 2181 1359 3837 1437">
     <span class='ocr_line' id='line_1_19' title="bbox 2181 1359 3837 1437; baseline -0.002 -22"><span class='ocrx_word' id='word_1_127' title='bbox 2181 1368 2286 1415; x_wconf 71' lang='grc' dir='ltr'><strong>νων</strong></span> <span class='ocrx_word' id='word_1_128' title='bbox 2338 1362 2425 1415; x_wconf 75' lang='grc' dir='ltr'><strong>καὶ</strong></span> <span class='ocrx_word' id='word_1_129' title='bbox 2592 1361 2804 1433; x_wconf 71' lang='grc' dir='ltr'>ἐξουσία</span> <span class='ocrx_word' id='word_1_130' title='bbox 2852 1362 2927 1422; x_wconf 75' lang='grc' dir='ltr'>εἰς</span> <span class='ocrx_word' id='word_1_131' title='bbox 2981 1361 3255 1437; x_wconf 72' lang='grc' dir='ltr'><strong>ῥᾳστώνης</strong></span> <span class='ocrx_word' id='word_1_132' title='bbox 3316 1359 3563 1414; x_wconf 76' lang='grc' dir='ltr'>ὑπόθεσιν</span> <span class='ocrx_word' id='word_1_133' title='bbox 3619 1362 3837 1434; x_wconf 87' lang='grc' dir='ltr'>χρήσα-</span> 
     </span>
    </p>
   </div>
   <div class='ocr_carea' id='block_1_20' title="bbox 431 1450 2076 1527">
    <p class='ocr_par' dir='ltr' id='par_1_20' title="bbox 431 1450 2076 1527">
     <span class='ocr_line' id='line_1_20' title="bbox 431 1450 2076 1527; baseline 0.002 -20"><span class='ocrx_word' id='word_1_134' title='bbox 431 1466 736 1523; x_wconf 85' lang='lat' dir='ltr'><strong>usurpare,</strong></span> <span class='ocrx_word' id='word_1_135' title='bbox 768 1467 956 1522; x_wconf 89' lang='lat' dir='ltr'><strong>neque</strong></span> <span class='ocrx_word' id='word_1_136' title='bbox 985 1450 1161 1506; x_wconf 85' lang='lat' dir='ltr'><strong>etiam</strong></span> <span class='ocrx_word' id='word_1_137' title='bbox 1183 1470 1310 1524; x_wconf 82' lang='lat' dir='ltr'><strong>quae</strong></span> <span class='ocrx_word' id='word_1_138' title='bbox 1335 1453 1440 1508; x_wconf 88' lang='lat' dir='ltr'><strong>tibi</strong></span> <span class='ocrx_word' id='word_1_139' title='bbox 1470 1453 1723 1509; x_wconf 86' lang='lat' dir='ltr'><strong>licebant</strong></span> <span class='ocrx_word' id='word_1_140' title='bbox 1751 1459 1851 1510; x_wconf 87' lang='lat' dir='ltr'><strong>aut</strong></span> <span class='ocrx_word' id='word_1_141' title='bbox 1906 1473 2076 1527; x_wconf 89' lang='lat' dir='ltr'><strong>agere</strong></span> 
     </span>
    </p>
   </div>
   <div class='ocr_carea' id='block_1_21' title="bbox 433 1539 2075 1613">
    <p class='ocr_par' dir='ltr' id='par_1_21' title="bbox 433 1539 2075 1613">
     <span class='ocr_line' id='line_1_21' title="bbox 433 1539 2075 1613; baseline 0.002 -17"><span class='ocrx_word' id='word_1_142' title='bbox 433 1543 536 1596; x_wconf 86' lang='lat' dir='ltr'><strong>aut</strong></span> <span class='ocrx_word' id='word_1_143' title='bbox 563 1542 828 1611; x_wconf 87' lang='lat' dir='ltr'><strong>expetere</strong></span> <span class='ocrx_word' id='word_1_144' title='bbox 861 1557 874 1594; x_wconf 92' lang='lat'>:</span> <span class='ocrx_word' id='word_1_145' title='bbox 908 1539 1031 1594; x_wconf 68' lang='lat' dir='ltr'><strong>haec</strong></span> <span class='ocrx_word' id='word_1_146' title='bbox 1060 1540 1216 1595; x_wconf 90' lang='lat' dir='ltr'><strong>enim</strong></span> <span class='ocrx_word' id='word_1_147' title='bbox 1248 1541 1447 1613; x_wconf 87' lang='lat' dir='ltr'><strong>pusilli</strong></span> <span class='ocrx_word' id='word_1_148' title='bbox 1478 1547 1533 1597; x_wconf 91' lang='lat' dir='ltr'><strong>et</strong></span> <span class='ocrx_word' id='word_1_149' title='bbox 1566 1543 1747 1598; x_wconf 88' lang='lat' dir='ltr'><strong>animi</strong></span> <span class='ocrx_word' id='word_1_150' title='bbox 1779 1548 1835 1598; x_wconf 88' lang='lat' dir='ltr'><strong>et</strong></span> <span class='ocrx_word' id='word_1_151' title='bbox 1860 1546 2075 1599; x_wconf 88' lang='lat' dir='ltr'><strong>mentis</strong></span> 
     </span>
    </p>
   </div>
   <div class='ocr_carea' id='block_1_22' title="bbox 437 1627 2075 1701">
    <p class='ocr_par' dir='ltr' id='par_1_22' title="bbox 437 1627 2075 1701">
     <span class='ocr_line' id='line_1_22' title="bbox 437 1627 2075 1701; baseline 0.001 -16"><span class='ocrx_word' id='word_1_152' title='bbox 437 1644 566 1686; x_wconf 90' lang='lat' dir='ltr'><strong>esse</strong></span> <span class='ocrx_word' id='word_1_153' title='bbox 598 1627 981 1695; x_wconf 83' lang='lat' dir='ltr'><strong>existimasti;</strong></span> <span class='ocrx_word' id='word_1_154' title='bbox 1036 1630 1137 1684; x_wconf 89' lang='lat' dir='ltr'><strong>sed</strong></span> <span class='ocrx_word' id='word_1_155' title='bbox 1185 1646 1252 1685; x_wconf 85' lang='lat' dir='ltr'><strong>ex</strong></span> <span class='ocrx_word' id='word_1_156' title='bbox 1304 1629 1624 1701; x_wconf 91' lang='lat' dir='ltr'><strong>primordio</strong></span> <span class='ocrx_word' id='word_1_157' title='bbox 1682 1648 1774 1687; x_wconf 88' lang='lat' dir='ltr'><strong>res</strong></span> <span class='ocrx_word' id='word_1_158' title='bbox 1824 1633 2075 1688; x_wconf 77' lang='lat' dir='ltr'><strong>maxime</strong></span> 
     </span>
    </p>
   </div>
   <div class='ocr_carea' id='block_1_23' title="bbox 439 1717 2081 1793">
    <p class='ocr_par' dir='ltr' id='par_1_23' title="bbox 439 1717 2081 1793">
     <span class='ocr_line' id='line_1_23' title="bbox 439 1717 2081 1793; baseline 0.002 -20"><span class='ocrx_word' id='word_1_159' title='bbox 439 1718 597 1790; x_wconf 85' lang='lat' dir='ltr'><strong>regie</strong></span> <span class='ocrx_word' id='word_1_160' title='bbox 622 1717 894 1783; x_wconf 87' lang='lat' dir='ltr'><strong>intuitus,</strong></span> <span class='ocrx_word' id='word_1_161' title='bbox 926 1718 1159 1790; x_wconf 83' lang='lat' dir='ltr'><strong>peragis</strong></span> <span class='ocrx_word' id='word_1_162' title='bbox 1182 1735 1329 1791; x_wconf 89' lang='lat' dir='ltr'><strong>opus</strong></span> <span class='ocrx_word' id='word_1_163' title='bbox 1347 1736 1543 1775; x_wconf 86' lang='lat' dir='ltr'><strong>revera</strong></span> <span class='ocrx_word' id='word_1_164' title='bbox 1565 1723 1679 1776; x_wconf 70' lang='lat' dir='ltr'><strong>tua:</strong></span> <span class='ocrx_word' id='word_1_165' title='bbox 1708 1721 2005 1793; x_wconf 73' lang='lat' dir='ltr'><strong>sapientiae</strong></span> <span class='ocrx_word' id='word_1_166' title='bbox 2020 1727 2081 1777; x_wconf 88' lang='lat' dir='ltr'><strong>et</strong></span> 
     </span>
    </p>
   </div>
   <div class='ocr_carea' id='block_1_24' title="bbox 439 1804 2078 1880">
    <p class='ocr_par' dir='ltr' id='par_1_24' title="bbox 439 1804 2078 1880">
     <span class='ocr_line' id='line_1_24' title="bbox 439 1804 2078 1880; baseline 0.004 -19"><span class='ocrx_word' id='word_1_167' title='bbox 439 1806 637 1879; x_wconf 60' lang='lat' dir='ltr'><strong>gratia;</strong></span> <span class='ocrx_word' id='word_1_168' title='bbox 668 1804 941 1872; x_wconf 70' lang='lat' dir='ltr'><strong>caelestis,</strong></span> <span class='ocrx_word' id='word_1_169' title='bbox 972 1808 1129 1878; x_wconf 90' lang='lat' dir='ltr'><strong>quod</strong></span> <span class='ocrx_word' id='word_1_170' title='bbox 1167 1811 1223 1862; x_wconf 89' lang='lat' dir='ltr'><strong>et</strong></span> <span class='ocrx_word' id='word_1_171' title='bbox 1270 1808 1391 1880; x_wconf 89' lang='lat' dir='ltr'><strong>regi</strong></span> <span class='ocrx_word' id='word_1_172' title='bbox 1440 1808 1641 1880; x_wconf 88' lang='lat' dir='ltr'><strong>utique</strong></span> <span class='ocrx_word' id='word_1_173' title='bbox 1698 1809 1882 1866; x_wconf 89' lang='lat' dir='ltr'><strong>facere</strong></span> <span class='ocrx_word' id='word_1_174' title='bbox 1941 1828 2078 1867; x_wconf 89' lang='lat' dir='ltr'><strong>con-</strong></span> 
     </span>
    </p>
   </div>
   <div class='ocr_carea' id='block_1_25' title="bbox 2184 1446 3832 1523">
    <p class='ocr_par' dir='ltr' id='par_1_25' title="bbox 2184 1446 3832 1523">
     <span class='ocr_line' id='line_1_25' title="bbox 2184 1446 3832 1523; baseline -0.001 -19"><span class='ocrx_word' id='word_1_175' title='bbox 2184 1452 2323 1520; x_wconf 80' lang='grc' dir='ltr'>σθαι,</span> <span class='ocrx_word' id='word_1_176' title='bbox 2356 1452 2501 1523; x_wconf 72' lang='grc' dir='ltr'>παρὰ</span> <span class='ocrx_word' id='word_1_177' title='bbox 2531 1449 2589 1506; x_wconf 74' lang='grc' dir='ltr'><strong>δὲ</strong></span> <span class='ocrx_word' id='word_1_178' title='bbox 2630 1456 2738 1505; x_wconf 89' lang='grc' dir='ltr'><strong>τῶν</strong></span> <span class='ocrx_word' id='word_1_179' title='bbox 2801 1450 3028 1505; x_wconf 77' lang='grc' dir='ltr'>ἐνόντων</span> <span class='ocrx_word' id='word_1_180' title='bbox 3090 1452 3222 1523; x_wconf 79' lang='grc' dir='ltr'>μήθ’</span> <span class='ocrx_word' id='word_1_181' title='bbox 3250 1446 3462 1504; x_wconf 70' lang='grc' dir='ltr'>ὁδεῦσαι</span> <span class='ocrx_word' id='word_1_182' title='bbox 3525 1451 3667 1521; x_wconf 83' lang='grc' dir='ltr'>μήτε</span> <span class='ocrx_word' id='word_1_183' title='bbox 3724 1449 3832 1520; x_wconf 71' lang='grc' dir='ltr'><strong>μὴν</strong></span> 
     </span>
    </p>
   </div>
   <div class='ocr_carea' id='block_1_26' title="bbox 2184 1536 3837 1614">
    <p class='ocr_par' dir='ltr' id='par_1_26' title="bbox 2184 1536 3837 1614">
     <span class='ocr_line' id='line_1_26' title="bbox 2184 1536 3837 1614; baseline -0.002 -21"><span class='ocrx_word' id='word_1_184' title='bbox 2184 1542 2624 1613; x_wconf 75' lang='grc' dir='ltr'>προθυμηθῆναι·</span> <span class='ocrx_word' id='word_1_185' title='bbox 2722 1540 2977 1614; x_wconf 71' lang='grc' dir='ltr'>ἀγεννοῦς</span> <span class='ocrx_word' id='word_1_186' title='bbox 3067 1541 3168 1614; x_wconf 70' lang='grc' dir='ltr'>γὰρ</span> <span class='ocrx_word' id='word_1_187' title='bbox 3242 1542 3408 1592; x_wconf 78' lang='grc' dir='ltr'>ταῦτα</span> <span class='ocrx_word' id='word_1_188' title='bbox 3480 1536 3571 1592; x_wconf 82' lang='grc' dir='ltr'><strong>καὶ</strong></span> <span class='ocrx_word' id='word_1_189' title='bbox 3646 1539 3837 1611; x_wconf 74' lang='grc' dir='ltr'>ψυχῆς</span> 
     </span>
    </p>
   </div>
   <div class='ocr_carea' id='block_1_27' title="bbox 2189 1623 3844 1706">
    <p class='ocr_par' dir='ltr' id='par_1_27' title="bbox 2189 1623 3844 1706">
     <span class='ocr_line' id='line_1_27' title="bbox 2189 1623 3844 1706; baseline -0.002 -24"><span class='ocrx_word' id='word_1_190' title='bbox 2189 1624 2452 1690; x_wconf 65' lang='grc' dir='ltr'>ὑπέλαϐες</span> <span class='ocrx_word' id='word_1_191' title='bbox 2482 1630 2571 1683; x_wconf 87' lang='grc' dir='ltr'><strong>καὶ</strong></span> <span class='ocrx_word' id='word_1_192' title='bbox 2613 1632 2985 1706; x_wconf 55' lang='grc' dir='ltr'>φρονήματος</span> <span class='ocrx_word' id='word_1_193' title='bbox 3038 1627 3165 1683; x_wconf 74' lang='grc' dir='ltr'>ἀλλ’</span> <span class='ocrx_word' id='word_1_194' title='bbox 3217 1627 3276 1682; x_wconf 85' lang='grc' dir='ltr'><strong>ἐκ</strong></span> <span class='ocrx_word' id='word_1_195' title='bbox 3321 1625 3627 1703; x_wconf 81' lang='grc' dir='ltr'>προοιμίων</span> <span class='ocrx_word' id='word_1_196' title='bbox 3688 1623 3844 1698; x_wconf 69' lang='grc' dir='ltr'>μάλα</span> 
     </span>
    </p>
   </div>
   <div class='ocr_carea' id='block_1_28' title="bbox 2192 1713 3840 1793">
    <p class='ocr_par' dir='ltr' id='par_1_28' title="bbox 2192 1713 3840 1793">
     <span class='ocr_line' id='line_1_28' title="bbox 2192 1713 3840 1793; baseline -0.002 -22"><span class='ocrx_word' id='word_1_197' title='bbox 2192 1716 2490 1793; x_wconf 77' lang='grc' dir='ltr'><strong>βασιλικῶς</strong></span> <span class='ocrx_word' id='word_1_198' title='bbox 2539 1716 2978 1791; x_wconf 78' lang='grc' dir='ltr'>διασκεψάμενος,</span> <span class='ocrx_word' id='word_1_199' title='bbox 3030 1722 3205 1779; x_wconf 79' lang='grc' dir='ltr'>ποιεῖς</span> <span class='ocrx_word' id='word_1_200' title='bbox 3256 1713 3411 1790; x_wconf 83' lang='grc' dir='ltr'>ἔργον</span> <span class='ocrx_word' id='word_1_201' title='bbox 3458 1722 3561 1783; x_wconf 76' lang='grc' dir='ltr'>τῆς</span> <span class='ocrx_word' id='word_1_202' title='bbox 3601 1720 3700 1783; x_wconf 81' lang='grc' dir='ltr'><strong>σῆς</strong></span> <span class='ocrx_word' id='word_1_203' title='bbox 3751 1734 3840 1768; x_wconf 86' lang='grc' dir='ltr'><strong>σο-</strong></span> 
     </span>
    </p>
   </div>
   <div class='ocr_carea' id='block_1_29' title="bbox 2190 1799 3853 1884">
    <p class='ocr_par' dir='ltr' id='par_1_29' title="bbox 2190 1799 3853 1884">
     <span class='ocr_line' id='line_1_29' title="bbox 2190 1799 3853 1884; baseline -0.002 -24"><span class='ocrx_word' id='word_1_204' title='bbox 2190 1807 2310 1884; x_wconf 72' lang='grc' dir='ltr'>φίας</span> <span class='ocrx_word' id='word_1_205' title='bbox 2357 1812 2436 1879; x_wconf 81' lang='grc' dir='ltr'>τῷ</span> <span class='ocrx_word' id='word_1_206' title='bbox 2485 1802 2601 1862; x_wconf 74' lang='grc' dir='ltr'>ὄντι</span> <span class='ocrx_word' id='word_1_207' title='bbox 2646 1806 2734 1861; x_wconf 86' lang='grc' dir='ltr'><strong>καὶ</strong></span> <span class='ocrx_word' id='word_1_208' title='bbox 2768 1811 2865 1876; x_wconf 72' lang='grc' dir='ltr'><strong>τῆς</strong></span> <span class='ocrx_word' id='word_1_209' title='bbox 2899 1806 3099 1869; x_wconf 76' lang='grc' dir='ltr'>ἄνωθεν</span> <span class='ocrx_word' id='word_1_210' title='bbox 3135 1805 3386 1881; x_wconf 78' lang='grc' dir='ltr'>χάριτος,</span> <span class='ocrx_word' id='word_1_211' title='bbox 3413 1806 3443 1860; x_wconf 87' lang='grc' dir='ltr'><strong>’ὀ</strong></span> <span class='ocrx_word' id='word_1_212' title='bbox 3490 1803 3579 1859; x_wconf 84' lang='grc' dir='ltr'><strong>καὶ</strong></span> <span class='ocrx_word' id='word_1_213' title='bbox 3630 1799 3853 1878; x_wconf 88' lang='grc' dir='ltr'>βασιλεῖ</span> 
     </span>
    </p>
   </div>
   <div class='ocr_carea' id='block_1_30' title="bbox 440 1893 2087 2003">
    <p class='ocr_par' dir='ltr' id='par_1_30' title="bbox 440 1895 2082 1969">
     <span class='ocr_line' id='line_1_30' title="bbox 440 1895 2082 1969; baseline 0.004 -19"><span class='ocrx_word' id='word_1_214' title='bbox 440 1895 985 1969; x_wconf 87' lang='lat' dir='ltr'><strong>gruebat:sursum</strong></span> <span class='ocrx_word' id='word_1_215' title='bbox 1015 1896 1171 1951; x_wconf 88' lang='lat' dir='ltr'><strong>enim</strong></span> <span class='ocrx_word' id='word_1_216' title='bbox 1193 1896 1394 1952; x_wconf 91' lang='lat' dir='ltr'><strong>oculos</strong></span> <span class='ocrx_word' id='word_1_217' title='bbox 1450 1896 1659 1954; x_wconf 69' lang='lat' dir='ltr'><strong>animae</strong></span> <span class='ocrx_word' id='word_1_218' title='bbox 1708 1899 1981 1956; x_wconf 89' lang='lat' dir='ltr'><strong>attollens</strong></span> <span class='ocrx_word' id='word_1_219' title='bbox 2024 1905 2082 1956; x_wconf 87' lang='lat' dir='ltr'><strong>et</strong></span> 
     </span>
    </p>
   </div>
   <div class='ocr_carea' id='block_1_31' title="bbox 2201 1893 3846 2003">
    <p class='ocr_par' dir='ltr' id='par_1_31' title="bbox 2201 1893 3846 2003">
     <span class='ocr_line' id='line_1_31' title="bbox 2201 1893 3846 1972; baseline -0.003 -21"><span class='ocrx_word' id='word_1_220' title='bbox 2201 1898 2386 1957; x_wconf 81' lang='grc' dir='ltr'>παντὸς</span> <span class='ocrx_word' id='word_1_221' title='bbox 2444 1896 2693 1971; x_wconf 69' lang='grc' dir='ltr'>πράττειν</span> <span class='ocrx_word' id='word_1_222' title='bbox 2750 1894 3178 1972; x_wconf 78' lang='grc' dir='ltr'><strong>ἁρμοδιώτατον·</strong></span> <span class='ocrx_word' id='word_1_223' title='bbox 3243 1894 3380 1967; x_wconf 75' lang='grc' dir='ltr'>ὑψοῦ</span> <span class='ocrx_word' id='word_1_224' title='bbox 3444 1894 3546 1968; x_wconf 71' lang='grc' dir='ltr'>γὰρ</span> <span class='ocrx_word' id='word_1_225' title='bbox 3616 1893 3680 1947; x_wconf 76' lang='grc' dir='ltr'>τὸ</span> <span class='ocrx_word' id='word_1_226' title='bbox 3740 1898 3846 1960; x_wconf 81' lang='grc' dir='ltr'><strong>τῆς</strong></span> 
     </span>
     <span class='ocr_line' id='line_1_32' title="bbox 2207 1982 3781 2003; baseline 0 0"><span class='ocrx_word' id='word_1_227' title='bbox 2207 1990 2217 2003; x_wconf 76' lang='grc' dir='ltr'>ι</span> <span class='ocrx_word' id='word_1_228' title='bbox 2320 1993 2345 2002; x_wconf 79' lang='grc' dir='ltr'><strong>-ι-</strong></span> <span class='ocrx_word' id='word_1_229' title='bbox 2435 1982 2460 2003; x_wconf 62' lang='grc' dir='ltr'>Ὦθ</span> <span class='ocrx_word' id='word_1_230' title='bbox 2650 1983 2675 2003; x_wconf 56' lang='grc' dir='ltr'>ᾗ</span> <span class='ocrx_word' id='word_1_231' title='bbox 2718 1986 2727 2003; x_wconf 80' lang='grc'><strong><em>1</em></strong></span> <span class='ocrx_word' id='word_1_232' title='bbox 2961 1986 2974 2000; x_wconf 61' lang='grc' dir='ltr'>δ</span> <span class='ocrx_word' id='word_1_233' title='bbox 3079 1990 3105 2000; x_wconf 73' lang='grc' dir='ltr'><strong>ιν</strong></span> <span class='ocrx_word' id='word_1_234' title='bbox 3270 1983 3295 2003; x_wconf 67' lang='grc' dir='ltr'><strong>(α’</strong></span> <span class='ocrx_word' id='word_1_235' title='bbox 3470 1983 3505 2003; x_wconf 29' lang='grc' dir='ltr'>γε</span> <span class='ocrx_word' id='word_1_236' title='bbox 3564 1984 3657 2003; x_wconf 24' lang='grc' dir='ltr'><strong>,να</strong></span> <span class='ocrx_word' id='word_1_237' title='bbox 3710 1982 3781 2003; x_wconf 59' lang='lat' dir='ltr'><strong>9n,</strong></span> 
     </span>
    </p>
   </div>
   <div class='ocr_carea' id='block_1_32' title="bbox 441 1983 2084 2057">
    <p class='ocr_par' dir='ltr' id='par_1_32' title="bbox 441 1983 2084 2057">
     <span class='ocr_line' id='line_1_33' title="bbox 441 1983 2084 2057; baseline 0.004 -18"><span class='ocrx_word' id='word_1_238' title='bbox 441 1999 677 2040; x_wconf 90' lang='lat' dir='ltr'><strong>omnem</strong></span> <span class='ocrx_word' id='word_1_239' title='bbox 707 1983 1003 2057; x_wconf 83' lang='lat' dir='ltr'><strong>regionem</strong></span> <span class='ocrx_word' id='word_1_240' title='bbox 1037 2001 1215 2056; x_wconf 88' lang='lat' dir='ltr'><strong>quam</strong></span> <span class='ocrx_word' id='word_1_241' title='bbox 1265 1987 1663 2042; x_wconf 82' lang='lat' dir='ltr'><strong>Romanorum</strong></span> <span class='ocrx_word' id='word_1_242' title='bbox 1718 1989 2084 2046; x_wconf 83' lang='lat' dir='ltr'><strong>auctoritatis</strong></span> 
     </span>
    </p>
   </div>
   <div class='ocr_carea' id='block_1_33' title="bbox 440 2072 2086 2147">
    <p class='ocr_par' dir='ltr' id='par_1_33' title="bbox 440 2072 2086 2147">
     <span class='ocr_line' id='line_1_34' title="bbox 440 2072 2086 2147; baseline 0.004 -20"><span class='ocrx_word' id='word_1_243' title='bbox 440 2072 926 2128; x_wconf 89' lang='lat' dir='ltr'><strong>circumscribant</strong></span> <span class='ocrx_word' id='word_1_244' title='bbox 953 2072 1154 2128; x_wconf 89' lang='lat' dir='ltr'><strong>circuli</strong></span> <span class='ocrx_word' id='word_1_245' title='bbox 1204 2074 1534 2146; x_wconf 81' lang='lat' dir='ltr'><strong>diligenter,</strong></span> <span class='ocrx_word' id='word_1_246' title='bbox 1596 2082 1884 2147; x_wconf 89' lang='lat' dir='ltr'><strong>quantum</strong></span> <span class='ocrx_word' id='word_1_247' title='bbox 1938 2078 1997 2133; x_wconf 90' lang='lat' dir='ltr'><strong>in</strong></span> <span class='ocrx_word' id='word_1_248' title='bbox 2028 2082 2086 2133; x_wconf 91' lang='lat' dir='ltr'><strong>te</strong></span> 
     </span>
    </p>
   </div>
   <div class='ocr_carea' id='block_1_34' title="bbox 440 2161 2086 2235">
    <p class='ocr_par' dir='ltr' id='par_1_34' title="bbox 440 2161 2086 2235">
     <span class='ocr_line' id='line_1_35' title="bbox 440 2161 2086 2235; baseline 0.004 -18"><span class='ocrx_word' id='word_1_249' title='bbox 440 2166 585 2230; x_wconf 87' lang='lat' dir='ltr'><strong>erat,</strong></span> <span class='ocrx_word' id='word_1_250' title='bbox 617 2161 838 2217; x_wconf 88' lang='lat' dir='ltr'><strong>circum</strong></span> <span class='ocrx_word' id='word_1_251' title='bbox 869 2162 1371 2235; x_wconf 83' lang='lat' dir='ltr'><strong>amplectens,non</strong></span> <span class='ocrx_word' id='word_1_252' title='bbox 1404 2164 1536 2221; x_wconf 90' lang='lat' dir='ltr'><strong>illos</strong></span> <span class='ocrx_word' id='word_1_253' title='bbox 1563 2166 1706 2221; x_wconf 83' lang='lat' dir='ltr'><strong>satis</strong></span> <span class='ocrx_word' id='word_1_254' title='bbox 1732 2167 1949 2223; x_wconf 88' lang='lat' dir='ltr'><strong>duxisti</strong></span> <span class='ocrx_word' id='word_1_255' title='bbox 1980 2184 2086 2223; x_wconf 92' lang='lat' dir='ltr'><strong>nec</strong></span> 
     </span>
    </p>
   </div>
   <div class='ocr_carea' id='block_1_35' title="bbox 443 2250 2087 2325">
    <p class='ocr_par' dir='ltr' id='par_1_35' title="bbox 443 2250 2087 2325">
     <span class='ocr_line' id='line_1_36' title="bbox 443 2250 2087 2325; baseline 0.003 -18"><span class='ocrx_word' id='word_1_256' title='bbox 443 2250 644 2307; x_wconf 85' lang='lat' dir='ltr'><strong>dixisti</strong></span> <span class='ocrx_word' id='word_1_257' title='bbox 673 2250 734 2306; x_wconf 88' lang='lat' dir='ltr'><strong>in</strong></span> <span class='ocrx_word' id='word_1_258' title='bbox 756 2250 874 2306; x_wconf 90' lang='lat' dir='ltr'><strong>illis</strong></span> <span class='ocrx_word' id='word_1_259' title='bbox 902 2254 1133 2307; x_wconf 88' lang='lat' dir='ltr'><strong>tantum</strong></span> <span class='ocrx_word' id='word_1_260' title='bbox 1166 2256 1324 2308; x_wconf 89' lang='lat' dir='ltr'><strong>tuam</strong></span> <span class='ocrx_word' id='word_1_261' title='bbox 1358 2259 1576 2310; x_wconf 85' lang='lat' dir='ltr'><strong>sortem</strong></span> <span class='ocrx_word' id='word_1_262' title='bbox 1624 2256 1931 2325; x_wconf 85' lang='lat' dir='ltr'><strong>contineri,</strong></span> <span class='ocrx_word' id='word_1_263' title='bbox 1978 2256 2087 2313; x_wconf 91' lang='lat' dir='ltr'><strong>hoc</strong></span> 
     </span>
    </p>
   </div>
   <div class='ocr_carea' id='block_1_36' title="bbox 446 2340 2090 2416">
    <p class='ocr_par' dir='ltr' id='par_1_36' title="bbox 446 2340 2090 2416">
     <span class='ocr_line' id='line_1_37' title="bbox 446 2340 2090 2416; baseline 0.003 -21"><span class='ocrx_word' id='word_1_264' title='bbox 446 2344 503 2396; x_wconf 91' lang='lat' dir='ltr'><strong>et</strong></span> <span class='ocrx_word' id='word_1_265' title='bbox 528 2344 859 2411; x_wconf 87' lang='lat' dir='ltr'><strong>contentus,</strong></span> <span class='ocrx_word' id='word_1_266' title='bbox 893 2344 958 2395; x_wconf 91' lang='lat' dir='ltr'><strong>ut</strong></span> <span class='ocrx_word' id='word_1_267' title='bbox 986 2340 1247 2412; x_wconf 88' lang='lat' dir='ltr'><strong>plerique</strong></span> <span class='ocrx_word' id='word_1_268' title='bbox 1276 2358 1345 2397; x_wconf 85' lang='lat' dir='ltr'><strong>ex</strong></span> <span class='ocrx_word' id='word_1_269' title='bbox 1380 2343 1474 2398; x_wconf 90' lang='lat' dir='ltr'><strong>his</strong></span> <span class='ocrx_word' id='word_1_270' title='bbox 1505 2344 1605 2415; x_wconf 88' lang='lat' dir='ltr'><strong>qui</strong></span> <span class='ocrx_word' id='word_1_271' title='bbox 1637 2344 1948 2416; x_wconf 90' lang='lat' dir='ltr'><strong>imperium</strong></span> <span class='ocrx_word' id='word_1_272' title='bbox 2000 2363 2090 2402; x_wconf 91' lang='lat' dir='ltr'><strong>oc-</strong></span> 
     </span>
    </p>
   </div>
   <div class='ocr_carea' id='block_1_37' title="bbox 386 2430 2088 2507">
    <p class='ocr_par' dir='ltr' id='par_1_37' title="bbox 386 2430 2088 2507">
     <span class='ocr_line' id='line_1_38' title="bbox 386 2430 2088 2507; baseline 0.004 -23"><span class='ocrx_word' id='word_1_273' title='bbox 386 2442 391 2447; x_wconf 88' lang='lat'><em>&#39;</em></span> <span class='ocrx_word' id='word_1_274' title='bbox 449 2433 827 2502; x_wconf 88' lang='lat' dir='ltr'><strong>cupaverunt,</strong></span> <span class='ocrx_word' id='word_1_275' title='bbox 861 2430 1017 2501; x_wconf 93' lang='lat' dir='ltr'><strong>quod</strong></span> <span class='ocrx_word' id='word_1_276' title='bbox 1051 2446 1167 2485; x_wconf 88' lang='lat' dir='ltr'><strong>non</strong></span> <span class='ocrx_word' id='word_1_277' title='bbox 1194 2432 1371 2487; x_wconf 88' lang='lat' dir='ltr'><strong>etiam</strong></span> <span class='ocrx_word' id='word_1_278' title='bbox 1401 2432 1592 2487; x_wconf 90' lang='lat' dir='ltr'><strong>vicina</strong></span> <span class='ocrx_word' id='word_1_279' title='bbox 1614 2434 1887 2505; x_wconf 87' lang='lat' dir='ltr'><strong>gentibus</strong></span> <span class='ocrx_word' id='word_1_280' title='bbox 1917 2451 2088 2507; x_wconf 89' lang='lat' dir='ltr'><strong>urge-</strong></span> 
     </span>
    </p>
   </div>
   <div class='ocr_carea' id='block_1_38' title="bbox 447 2518 2089 2592">
    <p class='ocr_par' dir='ltr' id='par_1_38' title="bbox 447 2518 2089 2592">
     <span class='ocr_line' id='line_1_39' title="bbox 447 2518 2089 2592; baseline 0.004 -19"><span class='ocrx_word' id='word_1_281' title='bbox 447 2522 688 2587; x_wconf 88' lang='lat' dir='ltr'><strong>rentur;</strong></span> <span class='ocrx_word' id='word_1_282' title='bbox 718 2518 821 2573; x_wconf 89' lang='lat' dir='ltr'><strong>sed</strong></span> <span class='ocrx_word' id='word_1_283' title='bbox 853 2518 968 2573; x_wconf 90' lang='lat' dir='ltr'><strong>nisi</strong></span> <span class='ocrx_word' id='word_1_284' title='bbox 1000 2534 1175 2590; x_wconf 86' lang='lat' dir='ltr'><strong>quam</strong></span> <span class='ocrx_word' id='word_1_285' title='bbox 1206 2520 1458 2576; x_wconf 87' lang='lat' dir='ltr'><strong>maxime</strong></span> <span class='ocrx_word' id='word_1_286' title='bbox 1511 2537 1757 2592; x_wconf 83' lang='lat' dir='ltr'><strong>regnum</strong></span> <span class='ocrx_word' id='word_1_287' title='bbox 1815 2522 2089 2580; x_wconf 88' lang='lat' dir='ltr'><strong>dilatares</strong></span> 
     </span>
    </p>
   </div>
   <div class='ocr_carea' id='block_1_39' title="bbox 450 2609 2092 2681">
    <p class='ocr_par' dir='ltr' id='par_1_39' title="bbox 450 2609 2092 2681">
     <span class='ocr_line' id='line_1_40' title="bbox 450 2609 2092 2681; baseline 0.004 -19"><span class='ocrx_word' id='word_1_288' title='bbox 450 2611 509 2662; x_wconf 87' lang='lat' dir='ltr'><strong>et</strong></span> <span class='ocrx_word' id='word_1_289' title='bbox 537 2622 908 2679; x_wconf 87' lang='lat' dir='ltr'><strong>oppugnares</strong></span> <span class='ocrx_word' id='word_1_290' title='bbox 934 2612 1235 2664; x_wconf 84' lang='lat' dir='ltr'><strong>vexatores</strong></span> <span class='ocrx_word' id='word_1_291' title='bbox 1265 2609 1518 2681; x_wconf 90' lang='lat' dir='ltr'><strong>imperii,</strong></span> <span class='ocrx_word' id='word_1_292' title='bbox 1551 2611 1864 2666; x_wconf 89' lang='lat' dir='ltr'><strong>discrimen</strong></span> <span class='ocrx_word' id='word_1_293' title='bbox 1895 2616 1953 2667; x_wconf 91' lang='lat' dir='ltr'><strong>et</strong></span> <span class='ocrx_word' id='word_1_294' title='bbox 1974 2612 2092 2668; x_wconf 87' lang='lat' dir='ltr'><strong>dis-</strong></span> 
     </span>
    </p>
   </div>
   <div class='ocr_carea' id='block_1_40' title="bbox 449 2696 1616 2755">
    <p class='ocr_par' dir='ltr' id='par_1_40' title="bbox 449 2696 1616 2755">
     <span class='ocr_line' id='line_1_41' title="bbox 449 2696 1616 2755; baseline 0.003 -3"><span class='ocrx_word' id='word_1_295' title='bbox 449 2696 767 2752; x_wconf 89' lang='lat' dir='ltr'><strong>criminum</strong></span> <span class='ocrx_word' id='word_1_296' title='bbox 797 2696 1119 2752; x_wconf 80' lang='lat' dir='ltr'><strong>maximum</strong></span> <span class='ocrx_word' id='word_1_297' title='bbox 1150 2714 1276 2753; x_wconf 87' lang='lat' dir='ltr'><strong>esse</strong></span> <span class='ocrx_word' id='word_1_298' title='bbox 1316 2698 1616 2755; x_wconf 88' lang='lat' dir='ltr'><strong>censuisti.</strong></span> 
     </span>
    </p>
   </div>
   <div class='ocr_carea' id='block_1_41' title="bbox 520 2784 2093 2861">
    <p class='ocr_par' dir='ltr' id='par_1_41' title="bbox 520 2784 2093 2861">
     <span class='ocr_line' id='line_1_42' title="bbox 520 2784 2093 2861; baseline 0.004 -21"><span class='ocrx_word' id='word_1_299' title='bbox 520 2784 668 2841; x_wconf 90' lang='lat' dir='ltr'><strong>Hinc</strong></span> <span class='ocrx_word' id='word_1_300' title='bbox 696 2801 833 2857; x_wconf 89' lang='lat' dir='ltr'><strong>ergo</strong></span> <span class='ocrx_word' id='word_1_301' title='bbox 890 2785 1104 2857; x_wconf 82' lang='lat' dir='ltr'><strong>aspicis</strong></span> <span class='ocrx_word' id='word_1_302' title='bbox 1134 2787 1626 2859; x_wconf 90' lang='lat' dir='ltr'><strong>Peloponnesum,</strong></span> <span class='ocrx_word' id='word_1_303' title='bbox 1672 2789 1889 2861; x_wconf 89' lang='lat' dir='ltr'><strong>aspicis</strong></span> <span class='ocrx_word' id='word_1_304' title='bbox 1937 2790 2093 2847; x_wconf 76' lang='lat' dir='ltr'><strong>B030-</strong></span> 
     </span>
    </p>
   </div>
   <div class='ocr_carea' id='block_1_42' title="bbox 447 2874 2088 2949">
    <p class='ocr_par' dir='ltr' id='par_1_42' title="bbox 447 2874 2088 2949">
     <span class='ocr_line' id='line_1_43' title="bbox 447 2874 2088 2949; baseline 0.004 -21"><span class='ocrx_word' id='word_1_305' title='bbox 447 2875 614 2942; x_wconf 90' lang='lat' dir='ltr'><strong>tiam,</strong></span> <span class='ocrx_word' id='word_1_306' title='bbox 645 2874 923 2929; x_wconf 65' lang='lat' dir='ltr'><strong>Euboeam</strong></span> <span class='ocrx_word' id='word_1_307' title='bbox 952 2874 1139 2942; x_wconf 87' lang='lat' dir='ltr'><strong>illam,</strong></span> <span class='ocrx_word' id='word_1_308' title='bbox 1166 2876 1746 2949; x_wconf 87' lang='lat' dir='ltr'><strong>Atticam,antiquam</strong></span> <span class='ocrx_word' id='word_1_309' title='bbox 1779 2878 2088 2949; x_wconf 67' lang='lat' dir='ltr'><strong>Graeciam;</strong></span> 
     </span>
    </p>
   </div>
   <div class='ocr_carea' id='block_1_43' title="bbox 448 2961 2091 3041">
    <p class='ocr_par' dir='ltr' id='par_1_43' title="bbox 448 2961 2091 3041">
     <span class='ocr_line' id='line_1_44' title="bbox 448 2961 2091 3041; baseline 0.004 -24"><span class='ocrx_word' id='word_1_310' title='bbox 448 2961 615 3017; x_wconf 89' lang='lat' dir='ltr'><strong>illinc</strong></span> <span class='ocrx_word' id='word_1_311' title='bbox 647 2962 720 3017; x_wconf 86' lang='lat' dir='ltr'><strong>ad</strong></span> <span class='ocrx_word' id='word_1_312' title='bbox 748 2962 994 3035; x_wconf 80' lang='lat' dir='ltr'><strong>Mysiam</strong></span> <span class='ocrx_word' id='word_1_313' title='bbox 1026 2965 1312 3020; x_wconf 89' lang='lat' dir='ltr'><strong>convertis</strong></span> <span class='ocrx_word' id='word_1_314' title='bbox 1344 2965 1566 3034; x_wconf 89' lang='lat' dir='ltr'><strong>oculos,</strong></span> <span class='ocrx_word' id='word_1_315' title='bbox 1599 2983 1818 3039; x_wconf 90' lang='lat' dir='ltr'><strong>gnarus</strong></span> <span class='ocrx_word' id='word_1_316' title='bbox 1867 2967 2091 3041; x_wconf 87' lang='lat' dir='ltr'><strong>aliquid</strong></span> 
     </span>
    </p>
   </div>
   <div class='ocr_carea' id='block_1_44' title="bbox 449 3051 2092 3123">
    <p class='ocr_par' dir='ltr' id='par_1_44' title="bbox 449 3051 2092 3123">
     <span class='ocr_line' id='line_1_45' title="bbox 449 3051 2092 3123; baseline 0.004 -17"><span class='ocrx_word' id='word_1_317' title='bbox 449 3054 783 3107; x_wconf 89' lang='lat' dir='ltr'><strong>nostrorum</strong></span> <span class='ocrx_word' id='word_1_318' title='bbox 814 3052 969 3123; x_wconf 89' lang='lat' dir='ltr'><strong>apud</strong></span> <span class='ocrx_word' id='word_1_319' title='bbox 993 3051 1127 3107; x_wconf 88' lang='lat' dir='ltr'><strong>illos</strong></span> <span class='ocrx_word' id='word_1_320' title='bbox 1158 3068 1307 3108; x_wconf 90' lang='lat' dir='ltr'><strong>esse.</strong></span> <span class='ocrx_word' id='word_1_321' title='bbox 1341 3053 1641 3110; x_wconf 84' lang='lat' dir='ltr'><strong>Convertis</strong></span> <span class='ocrx_word' id='word_1_322' title='bbox 1662 3072 1869 3111; x_wconf 90' lang='lat' dir='ltr'><strong>rursus</strong></span> <span class='ocrx_word' id='word_1_323' title='bbox 1891 3056 2092 3113; x_wconf 92' lang='lat' dir='ltr'><strong>oculos</strong></span> 
     </span>
    </p>
   </div>
   <div class='ocr_carea' id='block_1_45' title="bbox 449 3139 2093 3216">
    <p class='ocr_par' dir='ltr' id='par_1_45' title="bbox 449 3139 2093 3216">
     <span class='ocr_line' id='line_1_46' title="bbox 449 3139 2093 3216; baseline 0.004 -21"><span class='ocrx_word' id='word_1_324' title='bbox 449 3156 627 3211; x_wconf 89' lang='lat' dir='ltr'><strong>super</strong></span> <span class='ocrx_word' id='word_1_325' title='bbox 669 3140 891 3206; x_wconf 88' lang='lat' dir='ltr'><strong>Asiam,</strong></span> <span class='ocrx_word' id='word_1_326' title='bbox 946 3139 1125 3196; x_wconf 89' lang='lat' dir='ltr'><strong>Vides</strong></span> <span class='ocrx_word' id='word_1_327' title='bbox 1205 3142 1467 3199; x_wconf 90' lang='lat' dir='ltr'><strong>Ismaelis</strong></span> <span class='ocrx_word' id='word_1_328' title='bbox 1520 3148 1728 3216; x_wconf 86' lang='lat' dir='ltr'><strong>gnatos</strong></span> <span class='ocrx_word' id='word_1_329' title='bbox 1777 3145 2093 3201; x_wconf 72' lang='lat' dir='ltr'><strong>saevissime</strong></span> 
     </span>
    </p>
   </div>
   <div class='ocr_carea' id='block_1_46' title="bbox 447 3228 2087 3303">
    <p class='ocr_par' dir='ltr' id='par_1_46' title="bbox 447 3228 2087 3303">
     <span class='ocr_line' id='line_1_47' title="bbox 447 3228 2087 3303; baseline 0.003 -18"><span class='ocrx_word' id='word_1_330' title='bbox 447 3228 819 3285; x_wconf 87' lang='lat' dir='ltr'><strong>dominantes</strong></span> <span class='ocrx_word' id='word_1_331' title='bbox 847 3231 906 3284; x_wconf 88' lang='lat' dir='ltr'><strong>et</strong></span> <span class='ocrx_word' id='word_1_332' title='bbox 949 3228 1117 3285; x_wconf 88' lang='lat' dir='ltr'><strong>valde</strong></span> <span class='ocrx_word' id='word_1_333' title='bbox 1166 3231 1564 3303; x_wconf 84' lang='lat' dir='ltr'><strong>Opprimentes</strong></span> <span class='ocrx_word' id='word_1_334' title='bbox 1615 3249 1828 3289; x_wconf 87' lang='lat' dir='ltr'><strong>novum</strong></span> <span class='ocrx_word' id='word_1_335' title='bbox 1888 3233 2087 3301; x_wconf 89' lang='lat' dir='ltr'><strong>Israel,</strong></span> 
     </span>
    </p>
   </div>
   <div class='ocr_carea' id='block_1_47' title="bbox 2194 1982 3847 2060">
    <p class='ocr_par' dir='ltr' id='par_1_47' title="bbox 2194 1982 3847 2060">
     <span class='ocr_line' id='line_1_48' title="bbox 2194 1982 3847 2060; baseline -0.004 -20"><span class='ocrx_word' id='word_1_336' title='bbox 2194 1990 2382 2060; x_wconf 77' lang='grc' dir='ltr'>ψυχῆς</span> <span class='ocrx_word' id='word_1_337' title='bbox 2432 1982 2589 2058; x_wconf 74' lang='grc' dir='ltr'>ὄμμα</span> <span class='ocrx_word' id='word_1_338' title='bbox 2647 1983 2855 2059; x_wconf 76' lang='grc' dir='ltr'>διάρας,</span> <span class='ocrx_word' id='word_1_339' title='bbox 2888 1986 2978 2040; x_wconf 87' lang='grc' dir='ltr'><strong>καὶ</strong></span> <span class='ocrx_word' id='word_1_340' title='bbox 3036 1990 3205 2039; x_wconf 71' lang='grc' dir='ltr'>πᾶσαν</span> <span class='ocrx_word' id='word_1_341' title='bbox 3266 1983 3395 2053; x_wconf 76' lang='grc' dir='ltr'>ὅσην</span> <span class='ocrx_word' id='word_1_342' title='bbox 3458 1983 3511 2036; x_wconf 71' lang='grc' dir='ltr'>οἳ</span> <span class='ocrx_word' id='word_1_343' title='bbox 3560 1984 3661 2050; x_wconf 73' lang='grc' dir='ltr'><strong>τῆς</strong></span> <span class='ocrx_word' id='word_1_344' title='bbox 3710 1982 3847 2035; x_wconf 87' lang='grc' dir='ltr'><strong>Ῥω-</strong></span> 
     </span>
    </p>
   </div>
   <div class='ocr_carea' id='block_1_48' title="bbox 2199 2065 3849 2151">
    <p class='ocr_par' dir='ltr' id='par_1_48' title="bbox 2199 2065 3849 2151">
     <span class='ocr_line' id='line_1_49' title="bbox 2199 2065 3849 2151; baseline -0.004 -21"><span class='ocrx_word' id='word_1_345' title='bbox 2199 2074 2372 2149; x_wconf 86' lang='grc' dir='ltr'>μαίων</span> <span class='ocrx_word' id='word_1_346' title='bbox 2423 2075 2722 2151; x_wconf 76' lang='grc' dir='ltr'>ἡγεμονίας</span> <span class='ocrx_word' id='word_1_347' title='bbox 2780 2079 3175 2151; x_wconf 74' lang='grc' dir='ltr'>περιγράφουσι</span> <span class='ocrx_word' id='word_1_348' title='bbox 3230 2072 3425 2128; x_wconf 77' lang='grc' dir='ltr'>κύκλοι</span> <span class='ocrx_word' id='word_1_349' title='bbox 3475 2065 3737 2147; x_wconf 72' lang='grc' dir='ltr'>ἀκριϐῶς,</span> <span class='ocrx_word' id='word_1_350' title='bbox 3770 2069 3849 2131; x_wconf 87' lang='grc' dir='ltr'><strong>ὡς</strong></span> 
     </span>
    </p>
   </div>
   <div class='ocr_carea' id='block_1_49' title="bbox 2195 2155 3851 2242">
    <p class='ocr_par' dir='ltr' id='par_1_49' title="bbox 2195 2155 3851 2242">
     <span class='ocr_line' id='line_1_50' title="bbox 2195 2155 3851 2242; baseline -0.004 -24"><span class='ocrx_word' id='word_1_351' title='bbox 2195 2164 2310 2219; x_wconf 77' lang='grc' dir='ltr'>οἷόν</span> <span class='ocrx_word' id='word_1_352' title='bbox 2340 2166 2388 2219; x_wconf 86' lang='grc' dir='ltr'><strong>τ’</strong></span> <span class='ocrx_word' id='word_1_353' title='bbox 2430 2166 2519 2237; x_wconf 78' lang='grc' dir='ltr'><strong>ἦν,</strong></span> <span class='ocrx_word' id='word_1_354' title='bbox 2557 2161 2950 2242; x_wconf 75' lang='grc' dir='ltr'>περιειληφὼς,</span> <span class='ocrx_word' id='word_1_355' title='bbox 2981 2163 3080 2218; x_wconf 76' lang='grc' dir='ltr'>οὐκ</span> <span class='ocrx_word' id='word_1_356' title='bbox 3126 2163 3413 2238; x_wconf 80' lang='grc' dir='ltr'>ἠγάπησας</span> <span class='ocrx_word' id='word_1_357' title='bbox 3468 2158 3687 2220; x_wconf 78' lang='grc' dir='ltr'><strong>τούτοις</strong></span> <span class='ocrx_word' id='word_1_358' title='bbox 3731 2155 3851 2213; x_wconf 78' lang='grc' dir='ltr'><strong>οὐδ’</strong></span> 
     </span>
    </p>
   </div>
   <div class='ocr_carea' id='block_1_50' title="bbox 2198 2246 3848 2329">
    <p class='ocr_par' dir='ltr' id='par_1_50' title="bbox 2198 2246 3848 2329">
     <span class='ocr_line' id='line_1_51' title="bbox 2198 2246 3848 2329; baseline -0.004 -21"><span class='ocrx_word' id='word_1_359' title='bbox 2198 2254 2348 2316; x_wconf 80' lang='grc' dir='ltr'>εἶπας</span> <span class='ocrx_word' id='word_1_360' title='bbox 2403 2253 2569 2329; x_wconf 80' lang='grc' dir='ltr'>μέχρι</span> <span class='ocrx_word' id='word_1_361' title='bbox 2616 2253 2822 2308; x_wconf 84' lang='grc' dir='ltr'>τούτων</span> <span class='ocrx_word' id='word_1_362' title='bbox 2870 2250 3258 2308; x_wconf 83' lang='grc' dir='ltr'>ἐπεκτείνεσθαί</span> <span class='ocrx_word' id='word_1_363' title='bbox 3303 2271 3398 2304; x_wconf 89' lang='grc' dir='ltr'><strong>σου</strong></span> <span class='ocrx_word' id='word_1_364' title='bbox 3450 2250 3550 2317; x_wconf 82' lang='grc' dir='ltr'>τήν</span> <span class='ocrx_word' id='word_1_365' title='bbox 3599 2246 3848 2322; x_wconf 79' lang='grc' dir='ltr'>κληρου-</span> 
     </span>
    </p>
   </div>
   <div class='ocr_carea' id='block_1_51' title="bbox 2196 2335 3849 2418">
    <p class='ocr_par' dir='ltr' id='par_1_51' title="bbox 2196 2335 3849 2418">
     <span class='ocr_line' id='line_1_52' title="bbox 2196 2335 3849 2418; baseline -0.004 -21"><span class='ocrx_word' id='word_1_366' title='bbox 2196 2342 2345 2418; x_wconf 80' lang='grc' dir='ltr'>χίαν,</span> <span class='ocrx_word' id='word_1_367' title='bbox 2404 2342 2778 2415; x_wconf 83' lang='grc' dir='ltr'>ἀσπαζόμενος</span> <span class='ocrx_word' id='word_1_368' title='bbox 2842 2342 2932 2397; x_wconf 81' lang='grc' dir='ltr'><strong>καὶ</strong></span> <span class='ocrx_word' id='word_1_369' title='bbox 2987 2346 3169 2412; x_wconf 76' lang='grc' dir='ltr'>τοῦτο,</span> <span class='ocrx_word' id='word_1_370' title='bbox 3227 2340 3363 2395; x_wconf 72' lang='grc' dir='ltr'>κατὰ</span> <span class='ocrx_word' id='word_1_371' title='bbox 3414 2337 3542 2400; x_wconf 81' lang='grc' dir='ltr'>τοὺς</span> <span class='ocrx_word' id='word_1_372' title='bbox 3600 2335 3849 2398; x_wconf 77' lang='grc' dir='ltr'>πολλοὺς</span> 
     </span>
    </p>
   </div>
   <div class='ocr_carea' id='block_1_52' title="bbox 2194 2424 3847 2507">
    <p class='ocr_par' dir='ltr' id='par_1_52' title="bbox 2194 2424 3847 2507">
     <span class='ocr_line' id='line_1_53' title="bbox 2194 2424 3847 2507; baseline -0.005 -21"><span class='ocrx_word' id='word_1_373' title='bbox 2194 2436 2301 2486; x_wconf 88' lang='grc' dir='ltr'><strong>τῶν</strong></span> <span class='ocrx_word' id='word_1_374' title='bbox 2350 2430 2772 2504; x_wconf 82' lang='grc' dir='ltr'>ἐπειλημμένων</span> <span class='ocrx_word' id='word_1_375' title='bbox 2814 2431 3012 2507; x_wconf 76' lang='grc' dir='ltr'>ἀρχῆς,</span> <span class='ocrx_word' id='word_1_376' title='bbox 3064 2429 3110 2485; x_wconf 77' lang='grc' dir='ltr'><strong>εἰ</strong></span> <span class='ocrx_word' id='word_1_377' title='bbox 3162 2430 3238 2503; x_wconf 78' lang='grc' dir='ltr'>μὴ</span> <span class='ocrx_word' id='word_1_378' title='bbox 3284 2425 3361 2483; x_wconf 84' lang='grc' dir='ltr'><strong>ἔτι</strong></span> <span class='ocrx_word' id='word_1_379' title='bbox 3409 2427 3478 2482; x_wconf 79' lang='grc' dir='ltr'><strong>τὰ</strong></span> <span class='ocrx_word' id='word_1_380' title='bbox 3523 2424 3677 2501; x_wconf 81' lang='grc' dir='ltr'>πέριξ</span> <span class='ocrx_word' id='word_1_381' title='bbox 3727 2446 3847 2479; x_wconf 84' lang='grc' dir='ltr'>στε-</span> 
     </span>
    </p>
   </div>
   <div class='ocr_carea' id='block_1_53' title="bbox 2196 2513 3851 2591">
    <p class='ocr_par' dir='ltr' id='par_1_53' title="bbox 2196 2513 3851 2591">
     <span class='ocr_line' id='line_1_54' title="bbox 2196 2513 3851 2591; baseline -0.004 -16"><span class='ocrx_word' id='word_1_382' title='bbox 2196 2524 2377 2575; x_wconf 85' lang='grc' dir='ltr'>νοῖντο</span> <span class='ocrx_word' id='word_1_383' title='bbox 2421 2525 2540 2583; x_wconf 84' lang='grc' dir='ltr'>τοῖς</span> <span class='ocrx_word' id='word_1_384' title='bbox 2592 2519 2812 2576; x_wconf 80' lang='grc' dir='ltr'>ἔθνεσιν·</span> <span class='ocrx_word' id='word_1_385' title='bbox 2865 2518 3013 2587; x_wconf 83' lang='grc' dir='ltr'>ἀλλ’,</span> <span class='ocrx_word' id='word_1_386' title='bbox 3060 2519 3105 2574; x_wconf 75' lang='grc' dir='ltr'><strong>εί</strong></span> <span class='ocrx_word' id='word_1_387' title='bbox 3153 2520 3228 2591; x_wconf 86' lang='grc' dir='ltr'>μή</span> <span class='ocrx_word' id='word_1_388' title='bbox 3281 2516 3370 2572; x_wconf 83' lang='grc' dir='ltr'><strong>ἐπὶ</strong></span> <span class='ocrx_word' id='word_1_389' title='bbox 3416 2514 3671 2571; x_wconf 80' lang='grc' dir='ltr'>πλεῖστον</span> <span class='ocrx_word' id='word_1_390' title='bbox 3722 2513 3851 2569; x_wconf 75' lang='grc' dir='ltr'>ὅσον</span> 
     </span>
    </p>
   </div>
   <div class='ocr_carea' id='block_1_54' title="bbox 2199 2602 3846 2683">
    <p class='ocr_par' dir='ltr' id='par_1_54' title="bbox 2199 2602 3846 2683">
     <span class='ocr_line' id='line_1_55' title="bbox 2199 2602 3846 2683; baseline -0.005 -18"><span class='ocrx_word' id='word_1_391' title='bbox 2199 2609 2525 2665; x_wconf 85' lang='grc' dir='ltr'>ἐπεκτείναιο</span> <span class='ocrx_word' id='word_1_392' title='bbox 2577 2610 2666 2664; x_wconf 79' lang='grc' dir='ltr'><strong>καὶ</strong></span> <span class='ocrx_word' id='word_1_393' title='bbox 2723 2609 2860 2665; x_wconf 77' lang='grc' dir='ltr'>κατὰ</span> <span class='ocrx_word' id='word_1_394' title='bbox 2914 2613 3021 2664; x_wconf 87' lang='grc' dir='ltr'><strong>τῶν</strong></span> <span class='ocrx_word' id='word_1_395' title='bbox 3091 2609 3271 2683; x_wconf 79' lang='grc' dir='ltr'>ἀρχῆς</span> <span class='ocrx_word' id='word_1_396' title='bbox 3324 2604 3557 2675; x_wconf 81' lang='grc' dir='ltr'>ἐπεξίοις</span> <span class='ocrx_word' id='word_1_397' title='bbox 3613 2602 3846 2679; x_wconf 82' lang='grc' dir='ltr'>ἐπηρεα-</span> 
     </span>
    </p>
   </div>
   <div class='ocr_carea' id='block_1_55' title="bbox 2200 2694 3575 2773">
    <p class='ocr_par' dir='ltr' id='par_1_55' title="bbox 2200 2694 3575 2773">
     <span class='ocr_line' id='line_1_56' title="bbox 2200 2694 3575 2773; baseline -0.004 -20"><span class='ocrx_word' id='word_1_398' title='bbox 2200 2704 2361 2768; x_wconf 86' lang='grc' dir='ltr'>στῶν,</span> <span class='ocrx_word' id='word_1_399' title='bbox 2395 2695 2568 2753; x_wconf 79' lang='grc' dir='ltr'>δεινὸν</span> <span class='ocrx_word' id='word_1_400' title='bbox 2593 2699 2684 2753; x_wconf 80' lang='grc' dir='ltr'><strong>καὶ</strong></span> <span class='ocrx_word' id='word_1_401' title='bbox 2714 2698 2851 2773; x_wconf 88' lang='grc' dir='ltr'>πέρα</span> <span class='ocrx_word' id='word_1_402' title='bbox 2881 2695 3067 2752; x_wconf 84' lang='grc' dir='ltr'>δεινῶν</span> <span class='ocrx_word' id='word_1_403' title='bbox 3102 2697 3238 2752; x_wconf 80' lang='grc' dir='ltr'>εἶναι</span> <span class='ocrx_word' id='word_1_404' title='bbox 3267 2694 3575 2767; x_wconf 83' lang='grc' dir='ltr'>νενόμικας.</span> 
     </span>
    </p>
   </div>
   <div class='ocr_carea' id='block_1_56' title="bbox 2270 2779 3843 2862">
    <p class='ocr_par' dir='ltr' id='par_1_56' title="bbox 2270 2779 3843 2862">
     <span class='ocr_line' id='line_1_57' title="bbox 2270 2779 3843 2862; baseline -0.005 -20"><span class='ocrx_word' id='word_1_405' title='bbox 2270 2789 2451 2842; x_wconf 82' lang='grc' dir='ltr'>Ἔνθεν</span> <span class='ocrx_word' id='word_1_406' title='bbox 2509 2808 2593 2842; x_wconf 88' lang='grc' dir='ltr'><strong>τοι</strong></span> <span class='ocrx_word' id='word_1_407' title='bbox 2661 2788 2749 2841; x_wconf 83' lang='grc' dir='ltr'><strong>καὶ</strong></span> <span class='ocrx_word' id='word_1_408' title='bbox 2826 2786 3047 2862; x_wconf 88' lang='grc' dir='ltr'>βλέπεις</span> <span class='ocrx_word' id='word_1_409' title='bbox 3122 2783 3559 2853; x_wconf 83' lang='grc' dir='ltr'>Πελοπόννησον,</span> <span class='ocrx_word' id='word_1_410' title='bbox 3620 2779 3843 2856; x_wconf 75' lang='grc' dir='ltr'>βλέπεις</span> 
     </span>
    </p>
   </div>
   <div class='ocr_carea' id='block_1_57' title="bbox 2200 2870 3839 2946">
    <p class='ocr_par' dir='ltr' id='par_1_57' title="bbox 2200 2870 3839 2946">
     <span class='ocr_line' id='line_1_58' title="bbox 2200 2870 3839 2946; baseline -0.004 -16"><span class='ocrx_word' id='word_1_411' title='bbox 2200 2876 2483 2946; x_wconf 84' lang='grc' dir='ltr'>Βοιωτίαν,</span> <span class='ocrx_word' id='word_1_412' title='bbox 2513 2877 2614 2946; x_wconf 73' lang='grc' dir='ltr'>τὴν</span> <span class='ocrx_word' id='word_1_413' title='bbox 2668 2870 2902 2930; x_wconf 75' lang='grc' dir='ltr'>Εὔϐοιαν</span> <span class='ocrx_word' id='word_1_414' title='bbox 2959 2874 3188 2945; x_wconf 77' lang='grc' dir='ltr'>ἐκείνην,</span> <span class='ocrx_word' id='word_1_415' title='bbox 3243 2875 3343 2942; x_wconf 80' lang='grc' dir='ltr'>τήν</span> <span class='ocrx_word' id='word_1_416' title='bbox 3404 2872 3676 2939; x_wconf 71' lang='grc' dir='ltr'>Ἀττικὴν,</span> <span class='ocrx_word' id='word_1_417' title='bbox 3736 2871 3839 2938; x_wconf 82' lang='grc' dir='ltr'>τὴν</span> 
     </span>
    </p>
   </div>
   <div class='ocr_carea' id='block_1_58' title="bbox 2202 2962 3839 3041">
    <p class='ocr_par' dir='ltr' id='par_1_58' title="bbox 2202 2962 3839 3041">
     <span class='ocr_line' id='line_1_59' title="bbox 2202 2962 3839 3041; baseline -0.005 -21"><span class='ocrx_word' id='word_1_418' title='bbox 2202 2965 2432 3041; x_wconf 80' lang='grc' dir='ltr'>ἀρχαίαν</span> <span class='ocrx_word' id='word_1_419' title='bbox 2466 2962 2726 3020; x_wconf 78' lang='grc' dir='ltr'>Ἑλλάδα·</span> <span class='ocrx_word' id='word_1_420' title='bbox 2769 2963 2965 3019; x_wconf 80' lang='grc' dir='ltr'>ἐκεῖθεν</span> <span class='ocrx_word' id='word_1_421' title='bbox 3017 2963 3104 3018; x_wconf 83' lang='grc' dir='ltr'><strong>ἐπὶ</strong></span> <span class='ocrx_word' id='word_1_422' title='bbox 3153 2964 3221 3017; x_wconf 71' lang='grc' dir='ltr'>τὰ</span> <span class='ocrx_word' id='word_1_423' title='bbox 3264 2966 3370 3017; x_wconf 87' lang='grc' dir='ltr'><strong>τῶν</strong></span> <span class='ocrx_word' id='word_1_424' title='bbox 3424 2963 3622 3018; x_wconf 83' lang='grc' dir='ltr'>Μυσῶν</span> <span class='ocrx_word' id='word_1_425' title='bbox 3677 2978 3839 3031; x_wconf 90' lang='grc' dir='ltr'>μετα-</span> 
     </span>
    </p>
   </div>
   <div class='ocr_carea' id='block_1_59' title="bbox 2197 3048 3839 3129">
    <p class='ocr_par' dir='ltr' id='par_1_59' title="bbox 2197 3048 3839 3129">
     <span class='ocr_line' id='line_1_60' title="bbox 2197 3048 3839 3129; baseline -0.005 -20"><span class='ocrx_word' id='word_1_426' title='bbox 2197 3054 2355 3124; x_wconf 88' lang='grc' dir='ltr'>τίθης</span> <span class='ocrx_word' id='word_1_427' title='bbox 2384 3056 2498 3128; x_wconf 81' lang='grc'><strong>(34)</strong></span> <span class='ocrx_word' id='word_1_428' title='bbox 2529 3055 2591 3109; x_wconf 85' lang='grc' dir='ltr'><strong>τὸ</strong></span> <span class='ocrx_word' id='word_1_429' title='bbox 2650 3048 2825 3127; x_wconf 70' lang='grc' dir='ltr'>ὄμμα·</span> <span class='ocrx_word' id='word_1_430' title='bbox 2884 3050 3051 3129; x_wconf 81' lang='grc' dir='ltr'>ἔγνως</span> <span class='ocrx_word' id='word_1_431' title='bbox 3111 3052 3244 3106; x_wconf 81' lang='grc' dir='ltr'>εἶναί</span> <span class='ocrx_word' id='word_1_432' title='bbox 3300 3072 3353 3106; x_wconf 89' lang='grc' dir='ltr'><strong>τι</strong></span> <span class='ocrx_word' id='word_1_433' title='bbox 3400 3055 3509 3104; x_wconf 84' lang='grc' dir='ltr'><strong>τῶν</strong></span> <span class='ocrx_word' id='word_1_434' title='bbox 3560 3049 3839 3123; x_wconf 78' lang='grc' dir='ltr'>ἡμετέρων</span> 
     </span>
    </p>
   </div>
   <div class='ocr_carea' id='block_1_60' title="bbox 2199 3137 3843 3219">
    <p class='ocr_par' dir='ltr' id='par_1_60' title="bbox 2199 3137 3843 3219">
     <span class='ocr_line' id='line_1_61' title="bbox 2199 3137 3843 3219; baseline -0.005 -21"><span class='ocrx_word' id='word_1_435' title='bbox 2199 3144 2289 3198; x_wconf 87' lang='grc' dir='ltr'><strong>καὶ</strong></span> <span class='ocrx_word' id='word_1_436' title='bbox 2346 3145 2472 3219; x_wconf 88' lang='grc' dir='ltr'>παρ’</span> <span class='ocrx_word' id='word_1_437' title='bbox 2531 3142 2778 3204; x_wconf 74' lang='grc' dir='ltr'>ἐκείνοις.</span> <span class='ocrx_word' id='word_1_438' title='bbox 2834 3142 3059 3218; x_wconf 87' lang='grc' dir='ltr'>Τρέπεις</span> <span class='ocrx_word' id='word_1_439' title='bbox 3113 3138 3278 3195; x_wconf 79' lang='grc' dir='ltr'>πάλιν</span> <span class='ocrx_word' id='word_1_440' title='bbox 3366 3138 3507 3194; x_wconf 77' lang='grc' dir='ltr'>ἔνθεν</span> <span class='ocrx_word' id='word_1_441' title='bbox 3587 3137 3673 3193; x_wconf 79' lang='grc' dir='ltr'><strong>ἐπὶ</strong></span> <span class='ocrx_word' id='word_1_442' title='bbox 3744 3137 3843 3205; x_wconf 83' lang='grc' dir='ltr'>τὴν</span> 
     </span>
    </p>
   </div>
   <div class='ocr_carea' id='block_1_61' title="bbox 2199 3224 3848 3309">
    <p class='ocr_par' dir='ltr' id='par_1_61' title="bbox 2199 3224 3848 3309">
     <span class='ocr_line' id='line_1_62' title="bbox 2199 3224 3848 3309; baseline -0.006 -20"><span class='ocrx_word' id='word_1_443' title='bbox 2199 3232 2378 3290; x_wconf 81' lang='grc' dir='ltr'>Ἀσίαν</span> <span class='ocrx_word' id='word_1_444' title='bbox 2436 3231 2563 3294; x_wconf 78' lang='grc' dir='ltr'><strong>τοὺς</strong></span> <span class='ocrx_word' id='word_1_445' title='bbox 2626 3231 2968 3309; x_wconf 70' lang='grc' dir='ltr'>ὀφθαλμούς·</span> <span class='ocrx_word' id='word_1_446' title='bbox 3028 3231 3157 3305; x_wconf 80' lang='grc' dir='ltr'>ὁρᾷς</span> <span class='ocrx_word' id='word_1_447' title='bbox 3213 3228 3341 3290; x_wconf 70' lang='grc' dir='ltr'>τοὺς</span> <span class='ocrx_word' id='word_1_448' title='bbox 3375 3227 3425 3298; x_wconf 83' lang='grc' dir='ltr'>ἐξ</span> <span class='ocrx_word' id='word_1_449' title='bbox 3456 3224 3690 3300; x_wconf 82' lang='grc' dir='ltr'>Ἰσμαὴλ</span> <span class='ocrx_word' id='word_1_450' title='bbox 3751 3225 3848 3299; x_wconf 84' lang='grc' dir='ltr'>ἐμ-</span> 
     </span>
    </p>
   </div>
   <div class='ocr_carea' id='block_1_62' title="bbox 449 3309 2087 3397">
    <p class='ocr_par' dir='ltr' id='par_1_62' title="bbox 449 3316 2087 3392">
     <span class='ocr_line' id='line_1_63' title="bbox 449 3316 2087 3392; baseline 0.003 -19"><span class='ocrx_word' id='word_1_451' title='bbox 449 3316 774 3389; x_wconf 89' lang='lat' dir='ltr'><strong>urbemque</strong></span> <span class='ocrx_word' id='word_1_452' title='bbox 820 3316 985 3374; x_wconf 89' lang='lat' dir='ltr'><strong>illam</strong></span> <span class='ocrx_word' id='word_1_453' title='bbox 1056 3319 1181 3389; x_wconf 89' lang='lat' dir='ltr'><strong>(sed</strong></span> <span class='ocrx_word' id='word_1_454' title='bbox 1246 3320 1590 3392; x_wconf 82' lang='lat' dir='ltr'><strong>ambiguum</strong></span> <span class='ocrx_word' id='word_1_455' title='bbox 1668 3326 1756 3377; x_wconf 89' lang='lat' dir='ltr'><strong>est</strong></span> <span class='ocrx_word' id='word_1_456' title='bbox 1827 3340 1902 3378; x_wconf 91' lang='lat' dir='ltr'><strong>au</strong></span> <span class='ocrx_word' id='word_1_457' title='bbox 1951 3327 2087 3378; x_wconf 89' lang='lat' dir='ltr'><strong>tunc</strong></span> 
     </span>
    </p>
   </div>
   <div class='ocr_carea' id='block_1_63' title="bbox 2201 3309 3855 3397">
    <p class='ocr_par' dir='ltr' id='par_1_63' title="bbox 2203 3313 3855 3397">
     <span class='ocr_line' id='line_1_64' title="bbox 2203 3313 3855 3397; baseline -0.005 -22"><span class='ocrx_word' id='word_1_458' title='bbox 2203 3316 2522 3397; x_wconf 75' lang='grc' dir='ltr'>ϐριθέστατα</span> <span class='ocrx_word' id='word_1_459' title='bbox 2577 3320 2952 3393; x_wconf 79' lang='grc' dir='ltr'>ἐπικειμένους</span> <span class='ocrx_word' id='word_1_460' title='bbox 3005 3320 3095 3374; x_wconf 77' lang='grc' dir='ltr'><strong>καὶ</strong></span> <span class='ocrx_word' id='word_1_461' title='bbox 3157 3315 3305 3391; x_wconf 76' lang='grc' dir='ltr'>μάλα</span> <span class='ocrx_word' id='word_1_462' title='bbox 3350 3317 3441 3372; x_wconf 84' lang='grc' dir='ltr'>τὸν</span> <span class='ocrx_word' id='word_1_463' title='bbox 3493 3317 3610 3371; x_wconf 87' lang='grc' dir='ltr'>νέον</span> <span class='ocrx_word' id='word_1_464' title='bbox 3639 3313 3855 3369; x_wconf 86' lang='grc' dir='ltr'>συνθλί-</span> 
     </span>
    </p>
   </div>
   <div class='ocr_carea' id='block_1_64' title="bbox 448 3405 2091 3483">
    <p class='ocr_par' dir='ltr' id='par_1_64' title="bbox 448 3405 2091 3483">
     <span class='ocr_line' id='line_1_65' title="bbox 448 3405 2091 3483; baseline 0.004 -23"><span class='ocrx_word' id='word_1_465' title='bbox 448 3405 736 3477; x_wconf 87' lang='lat' dir='ltr'><strong>temporis</strong></span> <span class='ocrx_word' id='word_1_466' title='bbox 793 3406 999 3462; x_wconf 85' lang='lat' dir='ltr'><strong>urbem</strong></span> <span class='ocrx_word' id='word_1_467' title='bbox 1078 3407 1369 3463; x_wconf 88' lang='lat' dir='ltr'><strong>nominari</strong></span> <span class='ocrx_word' id='word_1_468' title='bbox 1425 3410 1683 3481; x_wconf 89' lang='lat' dir='ltr'><strong>deberet)</strong></span> <span class='ocrx_word' id='word_1_469' title='bbox 1741 3412 2091 3483; x_wconf 83' lang='lat' dir='ltr'><strong>Scytharum</strong></span> 
     </span>
    </p>
   </div>
   <div class='ocr_carea' id='block_1_65' title="bbox 452 3494 2095 3573">
    <p class='ocr_par' dir='ltr' id='par_1_65' title="bbox 452 3494 2095 3573">
     <span class='ocr_line' id='line_1_66' title="bbox 452 3494 2095 3573; baseline 0.005 -24"><span class='ocrx_word' id='word_1_470' title='bbox 452 3494 668 3550; x_wconf 88' lang='lat' dir='ltr'><strong>deserti</strong></span> <span class='ocrx_word' id='word_1_471' title='bbox 698 3495 1055 3567; x_wconf 69' lang='lat' dir='ltr'><strong>praebentem</strong></span> <span class='ocrx_word' id='word_1_472' title='bbox 1086 3497 1364 3569; x_wconf 88' lang='lat' dir='ltr'><strong>speciem,</strong></span> <span class='ocrx_word' id='word_1_473' title='bbox 1395 3502 1453 3553; x_wconf 91' lang='lat' dir='ltr'><strong>et</strong></span> <span class='ocrx_word' id='word_1_474' title='bbox 1502 3500 1822 3571; x_wconf 89' lang='lat' dir='ltr'><strong>cognovisti</strong></span> <span class='ocrx_word' id='word_1_475' title='bbox 1855 3517 2095 3573; x_wconf 92' lang='lat' dir='ltr'><strong>quomo-</strong></span> 
     </span>
    </p>
   </div>
   <div class='ocr_carea' id='block_1_66' title="bbox 455 3582 2092 3660">
    <p class='ocr_par' dir='ltr' id='par_1_66' title="bbox 455 3582 2092 3660">
     <span class='ocr_line' id='line_1_67' title="bbox 455 3582 2092 3660; baseline 0.005 -23"><span class='ocrx_word' id='word_1_476' title='bbox 455 3582 529 3637; x_wconf 92' lang='lat' dir='ltr'><strong>do</strong></span> <span class='ocrx_word' id='word_1_477' title='bbox 549 3585 755 3643; x_wconf 88' lang='lat' dir='ltr'><strong>erat.et</strong></span> <span class='ocrx_word' id='word_1_478' title='bbox 781 3582 1694 3659; x_wconf 86' lang='lat' dir='ltr'><strong>vidensingemuisti,excogitans</strong></span> <span class='ocrx_word' id='word_1_479' title='bbox 1708 3590 1780 3643; x_wconf 90' lang='lat' dir='ltr'><strong>ad</strong></span> <span class='ocrx_word' id='word_1_480' title='bbox 1812 3594 2092 3660; x_wconf 88' lang='lat' dir='ltr'><strong>quantam</strong></span> 
     </span>
    </p>
   </div>
   <div class='ocr_carea' id='block_1_67' title="bbox 454 3670 2093 3751">
    <p class='ocr_par' dir='ltr' id='par_1_67' title="bbox 454 3670 2093 3751">
     <span class='ocr_line' id='line_1_68' title="bbox 454 3670 2093 3751; baseline 0.005 -26"><span class='ocrx_word' id='word_1_481' title='bbox 454 3670 864 3727; x_wconf 86' lang='lat' dir='ltr'><strong>necessitatem</strong></span> <span class='ocrx_word' id='word_1_482' title='bbox 895 3676 1095 3730; x_wconf 90' lang='lat' dir='ltr'><strong>nostra</strong></span> <span class='ocrx_word' id='word_1_483' title='bbox 1141 3674 1495 3747; x_wconf 87' lang='lat' dir='ltr'><strong>devenerint,</strong></span> <span class='ocrx_word' id='word_1_484' title='bbox 1554 3681 1611 3732; x_wconf 93' lang='lat' dir='ltr'><strong>et</strong></span> <span class='ocrx_word' id='word_1_485' title='bbox 1639 3694 1744 3733; x_wconf 91' lang='lat' dir='ltr'><strong>nos</strong></span> <span class='ocrx_word' id='word_1_486' title='bbox 1799 3694 1926 3733; x_wconf 90' lang='lat' dir='ltr'><strong>esse</strong></span> <span class='ocrx_word' id='word_1_487' title='bbox 1972 3678 2093 3751; x_wconf 89' lang='lat' dir='ltr'><strong>ple-</strong></span> 
     </span>
    </p>
   </div>
   <div class='ocr_carea' id='block_1_68' title="bbox 454 3759 2094 3837">
    <p class='ocr_par' dir='ltr' id='par_1_68' title="bbox 454 3759 2094 3837">
     <span class='ocr_line' id='line_1_69' title="bbox 454 3759 2094 3837; baseline 0.005 -24"><span class='ocrx_word' id='word_1_488' title='bbox 454 3759 654 3830; x_wconf 88' lang='lat' dir='ltr'><strong>risque</strong></span> <span class='ocrx_word' id='word_1_489' title='bbox 684 3764 1041 3832; x_wconf 90' lang='lat' dir='ltr'><strong>portentum,</strong></span> <span class='ocrx_word' id='word_1_490' title='bbox 1071 3761 1393 3820; x_wconf 89' lang='lat' dir='ltr'><strong>ludibrium</strong></span> <span class='ocrx_word' id='word_1_491' title='bbox 1447 3766 1723 3822; x_wconf 89' lang='lat' dir='ltr'><strong>omnibus</strong></span> <span class='ocrx_word' id='word_1_492' title='bbox 1769 3768 1868 3837; x_wconf 89' lang='lat' dir='ltr'><strong>qui</strong></span> <span class='ocrx_word' id='word_1_493' title='bbox 1927 3768 2094 3822; x_wconf 91' lang='lat' dir='ltr'><strong>nobis</strong></span> 
     </span>
    </p>
   </div>
   <div class='ocr_carea' id='block_1_69' title="bbox 455 3848 2092 3926">
    <p class='ocr_par' dir='ltr' id='par_1_69' title="bbox 455 3848 2092 3926">
     <span class='ocr_line' id='line_1_70' title="bbox 455 3848 2092 3926; baseline 0.005 -24"><span class='ocrx_word' id='word_1_494' title='bbox 455 3848 943 3919; x_wconf 87' lang='lat' dir='ltr'><strong>circumstabant,</strong></span> <span class='ocrx_word' id='word_1_495' title='bbox 973 3855 1029 3907; x_wconf 90' lang='lat' dir='ltr'><strong>et</strong></span> <span class='ocrx_word' id='word_1_496' title='bbox 1045 3851 1305 3908; x_wconf 88' lang='lat' dir='ltr'><strong>fabulam</strong></span> <span class='ocrx_word' id='word_1_497' title='bbox 1336 3854 1395 3908; x_wconf 93' lang='lat' dir='ltr'><strong>in</strong></span> <span class='ocrx_word' id='word_1_498' title='bbox 1426 3855 1721 3926; x_wconf 88' lang='lat' dir='ltr'><strong>gentibus.</strong></span> <span class='ocrx_word' id='word_1_499' title='bbox 1761 3855 2092 3912; x_wconf 78' lang='lat' dir='ltr'><strong>Vindictam</strong></span> 
     </span>
    </p>
   </div>
   <div class='ocr_carea' id='block_1_70' title="bbox 455 3935 2093 4013">
    <p class='ocr_par' dir='ltr' id='par_1_70' title="bbox 455 3935 2093 4013">
     <span class='ocr_line' id='line_1_71' title="bbox 455 3935 2093 4013; baseline 0.006 -23"><span class='ocrx_word' id='word_1_500' title='bbox 455 3952 573 3991; x_wconf 90' lang='lat' dir='ltr'><strong>non</strong></span> <span class='ocrx_word' id='word_1_501' title='bbox 605 3935 910 4006; x_wconf 89' lang='lat' dir='ltr'><strong>distulisti,</strong></span> <span class='ocrx_word' id='word_1_502' title='bbox 943 3938 1178 3996; x_wconf 90' lang='lat' dir='ltr'><strong>illorum</strong></span> <span class='ocrx_word' id='word_1_503' title='bbox 1211 3943 1311 4013; x_wconf 92' lang='lat' dir='ltr'><strong>qui</strong></span> <span class='ocrx_word' id='word_1_504' title='bbox 1362 3942 1468 3997; x_wconf 90' lang='lat' dir='ltr'><strong>tibi</strong></span> <span class='ocrx_word' id='word_1_505' title='bbox 1518 3948 1683 3998; x_wconf 89' lang='lat' dir='ltr'><strong>erant</strong></span> <span class='ocrx_word' id='word_1_506' title='bbox 1733 3945 2093 4000; x_wconf 89' lang='lat' dir='ltr'><strong>adversaturi</strong></span> 
     </span>
    </p>
   </div>
   <div class='ocr_carea' id='block_1_71' title="bbox 455 4028 2093 4104">
    <p class='ocr_par' dir='ltr' id='par_1_71' title="bbox 455 4028 2093 4104">
     <span class='ocr_line' id='line_1_72' title="bbox 455 4028 2093 4104; baseline 0.005 -24"><span class='ocrx_word' id='word_1_507' title='bbox 455 4041 770 4081; x_wconf 89' lang='lat' dir='ltr'><strong>numerum</strong></span> <span class='ocrx_word' id='word_1_508' title='bbox 802 4028 999 4082; x_wconf 88' lang='lat' dir='ltr'><strong>statim</strong></span> <span class='ocrx_word' id='word_1_509' title='bbox 1022 4029 1377 4101; x_wconf 88' lang='lat' dir='ltr'><strong>suspicatus,</strong></span> <span class='ocrx_word' id='word_1_510' title='bbox 1411 4047 1515 4086; x_wconf 92' lang='lat' dir='ltr'><strong>nec</strong></span> <span class='ocrx_word' id='word_1_511' title='bbox 1544 4032 1807 4087; x_wconf 88' lang='lat' dir='ltr'><strong>tolerasti</strong></span> <span class='ocrx_word' id='word_1_512' title='bbox 1840 4033 2093 4104; x_wconf 89' lang='lat' dir='ltr'><strong>amplius</strong></span> 
     </span>
    </p>
   </div>
   <div class='ocr_carea' id='block_1_72' title="bbox 453 4116 2093 4192">
    <p class='ocr_par' dir='ltr' id='par_1_72' title="bbox 453 4116 2093 4192">
     <span class='ocr_line' id='line_1_73' title="bbox 453 4116 2093 4192; baseline 0.003 -20"><span class='ocrx_word' id='word_1_513' title='bbox 453 4121 620 4172; x_wconf 90' lang='lat' dir='ltr'><strong>tuam</strong></span> <span class='ocrx_word' id='word_1_514' title='bbox 650 4116 1045 4173; x_wconf 63' lang='lat' dir='ltr'><strong>hereditatem</strong></span> <span class='ocrx_word' id='word_1_515' title='bbox 1064 4119 1135 4173; x_wconf 88' lang='lat' dir='ltr'><strong>ab</strong></span> <span class='ocrx_word' id='word_1_516' title='bbox 1160 4118 1293 4174; x_wconf 89' lang='lat' dir='ltr'><strong>aliis</strong></span> <span class='ocrx_word' id='word_1_517' title='bbox 1322 4120 1515 4175; x_wconf 89' lang='lat' dir='ltr'><strong>videre</strong></span> <span class='ocrx_word' id='word_1_518' title='bbox 1527 4123 2093 4192; x_wconf 86' lang='lat' dir='ltr'><strong>occupatam,etiam-</strong></span> 
     </span>
    </p>
   </div>
   <div class='ocr_carea' id='block_1_73' title="bbox 454 4204 2092 4282">
    <p class='ocr_par' dir='ltr' id='par_1_73' title="bbox 454 4204 2092 4282">
     <span class='ocr_line' id='line_1_74' title="bbox 454 4204 2092 4282; baseline 0.002 -21"><span class='ocrx_word' id='word_1_519' title='bbox 454 4204 504 4261; x_wconf 90' lang='lat' dir='ltr'><strong>si</strong></span> <span class='ocrx_word' id='word_1_520' title='bbox 536 4207 770 4276; x_wconf 90' lang='lat' dir='ltr'><strong>tempus</strong></span> <span class='ocrx_word' id='word_1_521' title='bbox 793 4221 884 4261; x_wconf 90' lang='lat' dir='ltr'><strong>res</strong></span> <span class='ocrx_word' id='word_1_522' title='bbox 904 4206 985 4260; x_wconf 85' lang='lat' dir='ltr'><strong>ita</strong></span> <span class='ocrx_word' id='word_1_523' title='bbox 1013 4224 1075 4262; x_wconf 91' lang='lat' dir='ltr'><strong>se</strong></span> <span class='ocrx_word' id='word_1_524' title='bbox 1105 4207 1509 4280; x_wconf 88' lang='lat' dir='ltr'><strong>habere&#39;quam</strong></span> <span class='ocrx_word' id='word_1_525' title='bbox 1542 4210 1793 4264; x_wconf 74' lang='lat' dir='ltr'><strong>maxime</strong></span> <span class='ocrx_word' id='word_1_526' title='bbox 1823 4212 2092 4282; x_wconf 84' lang='lat' dir='ltr'><strong>coegerit,</strong></span> 
     </span>
    </p>
   </div>
   <div class='ocr_carea' id='block_1_74' title="bbox 454 4294 2095 4370">
    <p class='ocr_par' dir='ltr' id='par_1_74' title="bbox 454 4294 2095 4370">
     <span class='ocr_line' id='line_1_75' title="bbox 454 4294 2095 4370; baseline 0.003 -21"><span class='ocrx_word' id='word_1_527' title='bbox 454 4294 555 4349; x_wconf 89' lang='lat' dir='ltr'><strong>sed</strong></span> <span class='ocrx_word' id='word_1_528' title='bbox 586 4294 703 4350; x_wconf 90' lang='lat' dir='ltr'><strong>Deo</strong></span> <span class='ocrx_word' id='word_1_529' title='bbox 734 4295 1033 4350; x_wconf 77' lang='lat' dir='ltr'><strong>confidens</strong></span> <span class='ocrx_word' id='word_1_530' title='bbox 1087 4300 1144 4351; x_wconf 90' lang='lat' dir='ltr'><strong>et</strong></span> <span class='ocrx_word' id='word_1_531' title='bbox 1166 4297 1343 4352; x_wconf 90' lang='lat' dir='ltr'><strong>simul</strong></span> <span class='ocrx_word' id='word_1_532' title='bbox 1376 4297 1654 4370; x_wconf 74' lang='lat' dir='ltr'><strong>pleraque</strong></span> <span class='ocrx_word' id='word_1_533' title='bbox 1701 4300 1932 4369; x_wconf 79' lang='lat' dir='ltr'><strong>negotia</strong></span> <span class='ocrx_word' id='word_1_534' title='bbox 1981 4316 2095 4354; x_wconf 90' lang='lat' dir='ltr'><strong>non</strong></span> 
     </span>
    </p>
   </div>
   <div class='ocr_carea' id='block_1_75' title="bbox 453 4386 2096 4456">
    <p class='ocr_par' dir='ltr' id='par_1_75' title="bbox 453 4386 2096 4456">
     <span class='ocr_line' id='line_1_76' title="bbox 453 4386 2096 4456; baseline 0.002 -16"><span class='ocrx_word' id='word_1_535' title='bbox 453 4388 577 4440; x_wconf 89' lang='lat' dir='ltr'><strong>tam</strong></span> <span class='ocrx_word' id='word_1_536' title='bbox 608 4398 853 4439; x_wconf 89' lang='lat' dir='ltr'><strong>numero</strong></span> <span class='ocrx_word' id='word_1_537' title='bbox 886 4402 1062 4456; x_wconf 90' lang='lat' dir='ltr'><strong>quam</strong></span> <span class='ocrx_word' id='word_1_538' title='bbox 1112 4386 1428 4456; x_wconf 88' lang='lat' dir='ltr'><strong>prudentia</strong></span> <span class='ocrx_word' id='word_1_539' title='bbox 1460 4391 1518 4442; x_wconf 87' lang='lat' dir='ltr'><strong>et</strong></span> <span class='ocrx_word' id='word_1_540' title='bbox 1574 4389 1753 4442; x_wconf 90' lang='lat' dir='ltr'><strong>animi</strong></span> <span class='ocrx_word' id='word_1_541' title='bbox 1812 4388 2096 4443; x_wconf 89' lang='lat' dir='ltr'><strong>latiudine</strong></span> 
     </span>
    </p>
   </div>
   <div class='ocr_carea' id='block_1_76' title="bbox 453 4472 2097 4545">
    <p class='ocr_par' dir='ltr' id='par_1_76' title="bbox 453 4472 2097 4545">
     <span class='ocr_line' id='line_1_77' title="bbox 453 4472 2097 4545; baseline 0.002 -17"><span class='ocrx_word' id='word_1_542' title='bbox 453 4472 766 4545; x_wconf 84' lang='lat' dir='ltr'><strong>dijudicari</strong></span> <span class='ocrx_word' id='word_1_543' title='bbox 789 4476 974 4540; x_wconf 89' lang='lat' dir='ltr'><strong>ratus,</strong></span> <span class='ocrx_word' id='word_1_544' title='bbox 1009 4474 1289 4531; x_wconf 88' lang='lat' dir='ltr'><strong>adversus</strong></span> <span class='ocrx_word' id='word_1_545' title='bbox 1319 4492 1522 4531; x_wconf 88' lang='lat' dir='ltr'><strong>omnes</strong></span> <span class='ocrx_word' id='word_1_546' title='bbox 1550 4476 1704 4532; x_wconf 89' lang='lat' dir='ltr'><strong>vires</strong></span> <span class='ocrx_word' id='word_1_547' title='bbox 1762 4477 2097 4533; x_wconf 83' lang='lat' dir='ltr'><strong>convertisti</strong></span> 
     </span>
    </p>
   </div>
   <div class='ocr_carea' id='block_1_77' title="bbox 456 4562 2098 4637">
    <p class='ocr_par' dir='ltr' id='par_1_77' title="bbox 456 4562 2098 4637">
     <span class='ocr_line' id='line_1_78' title="bbox 456 4562 2098 4637; baseline 0.003 -21"><span class='ocrx_word' id='word_1_548' title='bbox 456 4565 515 4617; x_wconf 89' lang='lat' dir='ltr'><strong>et</strong></span> <span class='ocrx_word' id='word_1_549' title='bbox 534 4577 847 4617; x_wconf 86' lang='lat' dir='ltr'><strong>commune</strong></span> <span class='ocrx_word' id='word_1_550' title='bbox 876 4562 1344 4636; x_wconf 87' lang='lat' dir='ltr'><strong>redintegravisti</strong></span> <span class='ocrx_word' id='word_1_551' title='bbox 1388 4564 1629 4633; x_wconf 92' lang='lat' dir='ltr'><strong>bellum,</strong></span> <span class='ocrx_word' id='word_1_552' title='bbox 1658 4567 1772 4620; x_wconf 90' lang='lat' dir='ltr'><strong>tria</strong></span> <span class='ocrx_word' id='word_1_553' title='bbox 1826 4565 2098 4637; x_wconf 91' lang='lat' dir='ltr'><strong>pulcher-</strong></span> 
     </span>
    </p>
   </div>
   <div class='ocr_carea' id='block_1_78' title="bbox 2201 3398 3852 3485">
    <p class='ocr_par' dir='ltr' id='par_1_78' title="bbox 2201 3398 3852 3485">
     <span class='ocr_line' id='line_1_79' title="bbox 2201 3398 3852 3485; baseline -0.004 -21"><span class='ocrx_word' id='word_1_554' title='bbox 2201 3406 2392 3472; x_wconf 73' lang='grc' dir='ltr'>ϐοντας</span> <span class='ocrx_word' id='word_1_555' title='bbox 2451 3409 2692 3485; x_wconf 85' lang='grc' dir='ltr'>Ἰσραήλ·</span> <span class='ocrx_word' id='word_1_556' title='bbox 2747 3408 2909 3463; x_wconf 79' lang='grc' dir='ltr'>πόλιν</span> <span class='ocrx_word' id='word_1_557' title='bbox 2972 3406 3031 3463; x_wconf 73' lang='grc' dir='ltr'><strong>δὲ</strong></span> <span class='ocrx_word' id='word_1_558' title='bbox 3091 3408 3291 3477; x_wconf 77' lang='grc' dir='ltr'>ταύτην</span> <span class='ocrx_word' id='word_1_559' title='bbox 3338 3404 3484 3477; x_wconf 80' lang='grc' dir='ltr'>(ἀλλ’</span> <span class='ocrx_word' id='word_1_560' title='bbox 3537 3398 3852 3481; x_wconf 71' lang='grc' dir='ltr'>ἀμφίϐολον</span> 
     </span>
    </p>
   </div>
   <div class='ocr_carea' id='block_1_79' title="bbox 2204 3494 3853 3570">
    <p class='ocr_par' dir='ltr' id='par_1_79' title="bbox 2204 3494 3853 3570">
     <span class='ocr_line' id='line_1_80' title="bbox 2204 3494 3853 3570; baseline -0.004 -17"><span class='ocrx_word' id='word_1_561' title='bbox 2204 3499 2249 3553; x_wconf 79' lang='grc' dir='ltr'>εἰ</span> <span class='ocrx_word' id='word_1_562' title='bbox 2288 3500 2376 3553; x_wconf 82' lang='grc' dir='ltr'><strong>καὶ</strong></span> <span class='ocrx_word' id='word_1_563' title='bbox 2405 3498 2570 3554; x_wconf 85' lang='grc' dir='ltr'>πόλιν</span> <span class='ocrx_word' id='word_1_564' title='bbox 2627 3494 2733 3553; x_wconf 76' lang='grc' dir='ltr'>ἔδει</span> <span class='ocrx_word' id='word_1_565' title='bbox 2795 3496 3075 3570; x_wconf 75' lang='grc' dir='ltr'>ὀνομάζειν</span> <span class='ocrx_word' id='word_1_566' title='bbox 3133 3496 3213 3567; x_wconf 81' lang='grc' dir='ltr'>τῷ</span> <span class='ocrx_word' id='word_1_567' title='bbox 3260 3496 3403 3568; x_wconf 88' lang='grc' dir='ltr'>τότε)</span> <span class='ocrx_word' id='word_1_568' title='bbox 3458 3495 3558 3563; x_wconf 75' lang='grc' dir='ltr'><strong>τὴν</strong></span> <span class='ocrx_word' id='word_1_569' title='bbox 3620 3496 3853 3557; x_wconf 80' lang='grc' dir='ltr'>Σκυθῶν</span> 
     </span>
    </p>
   </div>
   <div class='ocr_carea' id='block_1_80' title="bbox 2202 3578 3855 3665">
    <p class='ocr_par' dir='ltr' id='par_1_80' title="bbox 2202 3578 3855 3665">
     <span class='ocr_line' id='line_1_81' title="bbox 2202 3578 3855 3665; baseline -0.004 -23"><span class='ocrx_word' id='word_1_570' title='bbox 2202 3588 2432 3661; x_wconf 80' lang='grc' dir='ltr'>ἐρημίαν</span> <span class='ocrx_word' id='word_1_571' title='bbox 2656 3586 3038 3665; x_wconf 74' lang='grc' dir='ltr'>ἐμφαίνουσαν,</span> <span class='ocrx_word' id='word_1_572' title='bbox 3092 3586 3181 3640; x_wconf 85' lang='grc' dir='ltr'><strong>καὶ</strong></span> <span class='ocrx_word' id='word_1_573' title='bbox 3254 3584 3457 3654; x_wconf 80' lang='grc' dir='ltr'>ταύτην</span> <span class='ocrx_word' id='word_1_574' title='bbox 3538 3578 3704 3658; x_wconf 80' lang='grc' dir='ltr'>ἔγνως</span> <span class='ocrx_word' id='word_1_575' title='bbox 3778 3581 3855 3643; x_wconf 83' lang='grc' dir='ltr'><strong>ὡς</strong></span> 
     </span>
    </p>
   </div>
   <div class='ocr_carea' id='block_1_81' title="bbox 2204 3669 3852 3752">
    <p class='ocr_par' dir='ltr' id='par_1_81' title="bbox 2204 3669 3852 3752">
     <span class='ocr_line' id='line_1_82' title="bbox 2204 3669 3852 3752; baseline -0.004 -21"><span class='ocrx_word' id='word_1_576' title='bbox 2204 3677 2342 3752; x_wconf 74' lang='grc' dir='ltr'>εἶχε,</span> <span class='ocrx_word' id='word_1_577' title='bbox 2396 3677 2485 3731; x_wconf 82' lang='grc' dir='ltr'><strong>καὶ</strong></span> <span class='ocrx_word' id='word_1_578' title='bbox 2545 3675 2675 3731; x_wconf 78' lang='grc' dir='ltr'>ἰδὼν</span> <span class='ocrx_word' id='word_1_579' title='bbox 2734 3675 2986 3752; x_wconf 63' lang='grc' dir='ltr'>ἦλγησας</span> <span class='ocrx_word' id='word_1_580' title='bbox 3040 3669 3500 3749; x_wconf 80' lang='grc' dir='ltr'>ἀναλογιζόμενος</span> <span class='ocrx_word' id='word_1_581' title='bbox 3574 3671 3651 3734; x_wconf 80' lang='grc' dir='ltr'>εἷς</span> <span class='ocrx_word' id='word_1_582' title='bbox 3735 3671 3852 3725; x_wconf 76' lang='grc' dir='ltr'><strong>οἷον</strong></span> 
     </span>
    </p>
   </div>
   <div class='ocr_carea' id='block_1_82' title="bbox 2200 3760 3851 3839">
    <p class='ocr_par' dir='ltr' id='par_1_82' title="bbox 2200 3760 3851 3839">
     <span class='ocr_line' id='line_1_83' title="bbox 2200 3760 3851 3839; baseline -0.004 -18"><span class='ocrx_word' id='word_1_583' title='bbox 2200 3764 2361 3827; x_wconf 89' lang='grc' dir='ltr'>τέλος</span> <span class='ocrx_word' id='word_1_584' title='bbox 2411 3768 2714 3836; x_wconf 79' lang='grc' dir='ltr'>κατήντησε</span> <span class='ocrx_word' id='word_1_585' title='bbox 2765 3765 2834 3821; x_wconf 71' lang='grc' dir='ltr'><strong>τὰ</strong></span> <span class='ocrx_word' id='word_1_586' title='bbox 2888 3765 3147 3839; x_wconf 76' lang='grc' dir='ltr'>ἡμέτερα,</span> <span class='ocrx_word' id='word_1_587' title='bbox 3201 3762 3289 3817; x_wconf 83' lang='grc' dir='ltr'><strong>καὶ</strong></span> <span class='ocrx_word' id='word_1_588' title='bbox 3368 3763 3442 3823; x_wconf 84' lang='grc' dir='ltr'>ὡς</span> <span class='ocrx_word' id='word_1_589' title='bbox 3512 3760 3851 3836; x_wconf 76' lang='grc' dir='ltr'>ἐγενήθημεν</span> 
     </span>
    </p>
   </div>
   <div class='ocr_carea' id='block_1_83' title="bbox 2201 3847 3853 3929">
    <p class='ocr_par' dir='ltr' id='par_1_83' title="bbox 2201 3847 3853 3929">
     <span class='ocr_line' id='line_1_84' title="bbox 2201 3847 3853 3929; baseline -0.005 -20"><span class='ocrx_word' id='word_1_590' title='bbox 2201 3855 2357 3929; x_wconf 85' lang='grc' dir='ltr'>τέρας</span> <span class='ocrx_word' id='word_1_591' title='bbox 2385 3859 2504 3917; x_wconf 85' lang='grc' dir='ltr'>τοῖς</span> <span class='ocrx_word' id='word_1_592' title='bbox 2532 3852 2795 3926; x_wconf 79' lang='grc' dir='ltr'>πολλοῖς,</span> <span class='ocrx_word' id='word_1_593' title='bbox 2833 3852 3209 3929; x_wconf 82' lang='grc' dir='ltr'>μυκτηρισμὸς</span> <span class='ocrx_word' id='word_1_594' title='bbox 3250 3855 3368 3913; x_wconf 84' lang='grc' dir='ltr'><strong>τοῖς</strong></span> <span class='ocrx_word' id='word_1_595' title='bbox 3425 3847 3616 3921; x_wconf 70' lang='grc' dir='ltr'>κύκλῳ</span> <span class='ocrx_word' id='word_1_596' title='bbox 3663 3851 3853 3921; x_wconf 76' lang='grc' dir='ltr'>ἡμῶν,</span> 
     </span>
    </p>
   </div>
   <div class='ocr_carea' id='block_1_84' title="bbox 2203 3935 3857 4018">
    <p class='ocr_par' dir='ltr' id='par_1_84' title="bbox 2203 3935 3857 4018">
     <span class='ocr_line' id='line_1_85' title="bbox 2203 3935 3857 4018; baseline -0.004 -21"><span class='ocrx_word' id='word_1_597' title='bbox 2203 3943 2289 3997; x_wconf 84' lang='grc' dir='ltr'><strong>καὶ</strong></span> <span class='ocrx_word' id='word_1_598' title='bbox 2345 3938 2633 4018; x_wconf 74' lang='grc' dir='ltr'>παραϐολὴ</span> <span class='ocrx_word' id='word_1_599' title='bbox 2695 3942 2746 3996; x_wconf 85' lang='grc' dir='ltr'><strong>ἐν</strong></span> <span class='ocrx_word' id='word_1_600' title='bbox 2801 3947 2919 4003; x_wconf 84' lang='grc' dir='ltr'>τοῖς</span> <span class='ocrx_word' id='word_1_601' title='bbox 2978 3939 3195 3995; x_wconf 83' lang='grc' dir='ltr'>ἔθνεσιν.</span> <span class='ocrx_word' id='word_1_602' title='bbox 3251 3941 3436 4002; x_wconf 82' lang='grc' dir='ltr'>Ἔνθεν</span> <span class='ocrx_word' id='word_1_603' title='bbox 3468 3958 3554 3993; x_wconf 87' lang='grc' dir='ltr'>τοι</span> <span class='ocrx_word' id='word_1_604' title='bbox 3612 3937 3704 3992; x_wconf 83' lang='grc' dir='ltr'><strong>καὶ</strong></span> <span class='ocrx_word' id='word_1_605' title='bbox 3755 3935 3857 3991; x_wconf 82' lang='grc' dir='ltr'>οὐκ</span> 
     </span>
    </p>
   </div>
   <div class='ocr_carea' id='block_1_85' title="bbox 2204 4024 3857 4104">
    <p class='ocr_par' dir='ltr' id='par_1_85' title="bbox 2204 4024 3857 4104">
     <span class='ocr_line' id='line_1_86' title="bbox 2204 4024 3857 4104; baseline -0.003 -19"><span class='ocrx_word' id='word_1_606' title='bbox 2204 4027 2470 4087; x_wconf 71' lang='grc' dir='ltr'>ἀνεϐάλου</span> <span class='ocrx_word' id='word_1_607' title='bbox 2508 4034 2607 4100; x_wconf 68' lang='grc' dir='ltr'><strong>τὴν</strong></span> <span class='ocrx_word' id='word_1_608' title='bbox 2658 4033 2882 4104; x_wconf 79' lang='grc' dir='ltr'>ἄμυναν,</span> <span class='ocrx_word' id='word_1_609' title='bbox 2911 4035 3017 4084; x_wconf 87' lang='grc' dir='ltr'><strong>τῶν</strong></span> <span class='ocrx_word' id='word_1_610' title='bbox 3071 4027 3614 4100; x_wconf 87' lang='grc' dir='ltr'>ἐναντιωθησομένων</span> <span class='ocrx_word' id='word_1_611' title='bbox 3659 4024 3857 4081; x_wconf 77' lang='grc' dir='ltr'>αὐτίκα</span> 
     </span>
    </p>
   </div>
   <div class='ocr_carea' id='block_1_86' title="bbox 2206 4113 3857 4198">
    <p class='ocr_par' dir='ltr' id='par_1_86' title="bbox 2206 4113 3857 4198">
     <span class='ocr_line' id='line_1_87' title="bbox 2206 4113 3857 4198; baseline -0.004 -23"><span class='ocrx_word' id='word_1_612' title='bbox 2206 4121 2556 4198; x_wconf 77' lang='grc' dir='ltr'>ὑφορώμενος</span> <span class='ocrx_word' id='word_1_613' title='bbox 2612 4120 2707 4181; x_wconf 70' lang='grc' dir='ltr'><strong>τὰς</strong></span> <span class='ocrx_word' id='word_1_614' title='bbox 2764 4118 2997 4189; x_wconf 79' lang='grc' dir='ltr'>πληθῦς,</span> <span class='ocrx_word' id='word_1_615' title='bbox 3030 4115 3143 4173; x_wconf 78' lang='grc' dir='ltr'><strong>οὐδ’</strong></span> <span class='ocrx_word' id='word_1_616' title='bbox 3182 4114 3363 4194; x_wconf 77' lang='grc' dir='ltr'>ἔφερες</span> <span class='ocrx_word' id='word_1_617' title='bbox 3423 4115 3511 4170; x_wconf 76' lang='grc' dir='ltr'><strong>ἐπὶ</strong></span> <span class='ocrx_word' id='word_1_618' title='bbox 3561 4113 3729 4171; x_wconf 84' lang='grc' dir='ltr'>πλέον</span> <span class='ocrx_word' id='word_1_619' title='bbox 3788 4115 3857 4169; x_wconf 74' lang='grc' dir='ltr'>τὰ</span> 
     </span>
    </p>
   </div>
   <div class='ocr_carea' id='block_1_87' title="bbox 2203 4202 3863 4284">
    <p class='ocr_par' dir='ltr' id='par_1_87' title="bbox 2203 4202 3863 4284">
     <span class='ocr_line' id='line_1_88' title="bbox 2203 4202 3863 4284; baseline -0.005 -20"><span class='ocrx_word' id='word_1_620' title='bbox 2203 4217 2301 4279; x_wconf 73' lang='grc' dir='ltr'><strong>τῆς</strong></span> <span class='ocrx_word' id='word_1_621' title='bbox 2362 4215 2557 4264; x_wconf 76' lang='grc' dir='ltr'>σαυτοῦ</span> <span class='ocrx_word' id='word_1_622' title='bbox 2614 4207 2991 4284; x_wconf 82' lang='grc' dir='ltr'>κληρονομίας</span> <span class='ocrx_word' id='word_1_623' title='bbox 3050 4207 3136 4284; x_wconf 72' lang='grc' dir='ltr'><strong>ὑφ’</strong></span> <span class='ocrx_word' id='word_1_624' title='bbox 3193 4207 3386 4280; x_wconf 71' lang='grc' dir='ltr'>ἑτέρων</span> <span class='ocrx_word' id='word_1_625' title='bbox 3445 4206 3573 4280; x_wconf 80' lang='grc' dir='ltr'><strong>ὁρᾷν</strong></span> <span class='ocrx_word' id='word_1_626' title='bbox 3627 4202 3863 4277; x_wconf 83' lang='grc' dir='ltr'>κατεχό-</span> 
     </span>
    </p>
   </div>
   <div class='ocr_carea' id='block_1_88' title="bbox 2209 4291 3857 4372">
    <p class='ocr_par' dir='ltr' id='par_1_88' title="bbox 2209 4291 3857 4372">
     <span class='ocr_line' id='line_1_89' title="bbox 2209 4291 3857 4372; baseline -0.005 -20"><span class='ocrx_word' id='word_1_627' title='bbox 2209 4320 2358 4372; x_wconf 82' lang='grc' dir='ltr'>μενα,</span> <span class='ocrx_word' id='word_1_628' title='bbox 2392 4297 2485 4352; x_wconf 66' lang='grc' dir='ltr'>κᾶν</span> <span class='ocrx_word' id='word_1_629' title='bbox 2547 4296 2628 4352; x_wconf 81' lang='grc' dir='ltr'><strong>ὅτι</strong></span> <span class='ocrx_word' id='word_1_630' title='bbox 2700 4295 2935 4369; x_wconf 77' lang='grc' dir='ltr'>μάλιστα</span> <span class='ocrx_word' id='word_1_631' title='bbox 2990 4295 3164 4356; x_wconf 77' lang='grc' dir='ltr'>οὕτως</span> <span class='ocrx_word' id='word_1_632' title='bbox 3224 4292 3369 4370; x_wconf 72' lang='grc' dir='ltr'>ἔχειν</span> <span class='ocrx_word' id='word_1_633' title='bbox 3421 4294 3450 4347; x_wconf 87' lang='grc' dir='ltr'>ὁ</span> <span class='ocrx_word' id='word_1_634' title='bbox 3495 4291 3681 4367; x_wconf 84' lang='grc' dir='ltr'>καιρὸς</span> <span class='ocrx_word' id='word_1_635' title='bbox 3724 4310 3857 4344; x_wconf 88' lang='grc' dir='ltr'>κατ-</span> 
     </span>
    </p>
   </div>
   <div class='ocr_carea' id='block_1_89' title="bbox 2206 4379 3857 4463">
    <p class='ocr_par' dir='ltr' id='par_1_89' title="bbox 2206 4379 3857 4463">
     <span class='ocr_line' id='line_1_90' title="bbox 2206 4379 3857 4463; baseline -0.005 -22"><span class='ocrx_word' id='word_1_636' title='bbox 2206 4390 2523 4463; x_wconf 73' lang='grc' dir='ltr'>ηνάγκαζεν,</span> <span class='ocrx_word' id='word_1_637' title='bbox 2575 4388 2691 4457; x_wconf 81' lang='grc' dir='ltr'><strong>Θεῴ</strong></span> <span class='ocrx_word' id='word_1_638' title='bbox 2750 4383 2807 4440; x_wconf 73' lang='grc' dir='ltr'><strong>δὲ</strong></span> <span class='ocrx_word' id='word_1_639' title='bbox 2861 4387 3095 4455; x_wconf 82' lang='grc' dir='ltr'>πιθήσας</span> <span class='ocrx_word' id='word_1_640' title='bbox 3346 4382 3435 4436; x_wconf 85' lang='grc' dir='ltr'><strong>καὶ</strong></span> <span class='ocrx_word' id='word_1_641' title='bbox 3493 4383 3607 4453; x_wconf 77' lang='grc' dir='ltr'>ἅμα</span> <span class='ocrx_word' id='word_1_642' title='bbox 3658 4379 3732 4442; x_wconf 83' lang='grc' dir='ltr'><strong>ὡς</strong></span> <span class='ocrx_word' id='word_1_643' title='bbox 3791 4379 3857 4433; x_wconf 74' lang='grc' dir='ltr'>οὐ</span> 
     </span>
    </p>
   </div>
   <div class='ocr_carea' id='block_1_90' title="bbox 2204 4468 3859 4548">
    <p class='ocr_par' dir='ltr' id='par_1_90' title="bbox 2204 4468 3859 4548">
     <span class='ocr_line' id='line_1_91' title="bbox 2204 4468 3859 4548; baseline -0.004 -18"><span class='ocrx_word' id='word_1_644' title='bbox 2204 4481 2457 4531; x_wconf 79' lang='grc' dir='ltr'>τοσοῦτον</span> <span class='ocrx_word' id='word_1_645' title='bbox 2505 4482 2620 4535; x_wconf 79' lang='grc' dir='ltr'><strong>τοῖς</strong></span> <span class='ocrx_word' id='word_1_646' title='bbox 2667 4472 2953 4544; x_wconf 75' lang='grc' dir='ltr'>πλήθεσιν,</span> <span class='ocrx_word' id='word_1_647' title='bbox 2987 4472 3095 4546; x_wconf 78' lang='grc' dir='ltr'><strong>δςῳ</strong></span> <span class='ocrx_word' id='word_1_648' title='bbox 3154 4473 3464 4548; x_wconf 76' lang='grc' dir='ltr'>φρονήματι</span> <span class='ocrx_word' id='word_1_649' title='bbox 3521 4468 3611 4524; x_wconf 87' lang='grc' dir='ltr'><strong>καὶ</strong></span> <span class='ocrx_word' id='word_1_650' title='bbox 3667 4487 3859 4541; x_wconf 83' lang='grc' dir='ltr'>καρτε-</span> 
     </span>
    </p>
   </div>
   <div class='ocr_carea' id='block_1_91' title="bbox 2209 4553 3859 4640">
    <p class='ocr_par' dir='ltr' id='par_1_91' title="bbox 2209 4553 3859 4640">
     <span class='ocr_line' id='line_1_92' title="bbox 2209 4553 3859 4640; baseline -0.005 -21"><span class='ocrx_word' id='word_1_651' title='bbox 2209 4565 2297 4640; x_wconf 79' lang='grc' dir='ltr'><strong>ρίᾳ</strong></span> <span class='ocrx_word' id='word_1_652' title='bbox 2342 4568 2551 4639; x_wconf 79' lang='grc' dir='ltr'>ψυχῆς,</span> <span class='ocrx_word' id='word_1_653' title='bbox 2579 4565 2648 4617; x_wconf 78' lang='grc' dir='ltr'><strong>τὰ</strong></span> <span class='ocrx_word' id='word_1_654' title='bbox 2688 4562 2865 4618; x_wconf 86' lang='grc' dir='ltr'>πλείω</span> <span class='ocrx_word' id='word_1_655' title='bbox 2914 4562 3152 4635; x_wconf 87' lang='grc' dir='ltr'>κρίνεται</span> <span class='ocrx_word' id='word_1_656' title='bbox 3202 4564 3310 4615; x_wconf 87' lang='grc' dir='ltr'><strong>τῶν</strong></span> <span class='ocrx_word' id='word_1_657' title='bbox 3359 4558 3693 4635; x_wconf 79' lang='grc' dir='ltr'>πραγμάτων</span> <span class='ocrx_word' id='word_1_658' title='bbox 3740 4553 3859 4611; x_wconf 81' lang='grc' dir='ltr'>δια-</span> 
     </span>
    </p>
   </div>
   <div class='ocr_carea' id='block_1_92' title="bbox 457 4644 2087 4738">
    <p class='ocr_par' dir='ltr' id='par_1_92' title="bbox 457 4650 2087 4728">
     <span class='ocr_line' id='line_1_93' title="bbox 457 4650 2087 4728; baseline 0.002 -22"><span class='ocrx_word' id='word_1_659' title='bbox 457 4650 609 4707; x_wconf 90' lang='lat' dir='ltr'><strong>rima</strong></span> <span class='ocrx_word' id='word_1_660' title='bbox 637 4650 914 4707; x_wconf 90' lang='lat' dir='ltr'><strong>omnibus</strong></span> <span class='ocrx_word' id='word_1_661' title='bbox 944 4653 1284 4709; x_wconf 89' lang='lat' dir='ltr'><strong>nominibus</strong></span> <span class='ocrx_word' id='word_1_662' title='bbox 1314 4653 1451 4709; x_wconf 90' lang='lat' dir='ltr'><strong>hinc</strong></span> <span class='ocrx_word' id='word_1_663' title='bbox 1472 4655 1834 4726; x_wconf 82' lang='lat' dir='ltr'><strong>signiﬁcans,</strong></span> <span class='ocrx_word' id='word_1_664' title='bbox 1865 4655 2087 4728; x_wconf 89' lang='lat' dir='ltr'><strong>sapien-</strong></span> 
     </span>
    </p>
   </div>
   <div class='ocr_carea' id='block_1_93' title="bbox 2201 4644 3856 4738">
    <p class='ocr_par' dir='ltr' id='par_1_93' title="bbox 2206 4644 3856 4725">
     <span class='ocr_line' id='line_1_94' title="bbox 2206 4644 3856 4725; baseline -0.006 -16"><span class='ocrx_word' id='word_1_665' title='bbox 2206 4652 2437 4725; x_wconf 77' lang='grc' dir='ltr'>νοηθείς,</span> <span class='ocrx_word' id='word_1_666' title='bbox 2495 4652 2629 4707; x_wconf 76' lang='grc' dir='ltr'>κατὰ</span> <span class='ocrx_word' id='word_1_667' title='bbox 2678 4649 2892 4706; x_wconf 75' lang='grc' dir='ltr'>πάντων</span> <span class='ocrx_word' id='word_1_668' title='bbox 2951 4650 3243 4724; x_wconf 80' lang='grc' dir='ltr'>ἐξέπεμπες</span> <span class='ocrx_word' id='word_1_669' title='bbox 3296 4649 3391 4710; x_wconf 81' lang='grc' dir='ltr'><strong>τὰς</strong></span> <span class='ocrx_word' id='word_1_670' title='bbox 3452 4644 3707 4721; x_wconf 82' lang='grc' dir='ltr'>δυνάμεις</span> <span class='ocrx_word' id='word_1_671' title='bbox 3760 4645 3856 4700; x_wconf 83' lang='grc' dir='ltr'><strong>καὶ</strong></span> 
     </span>
    </p>
   </div>
   <div class='ocr_carea' id='block_1_94' title="bbox 454 4739 2095 4818">
    <p class='ocr_par' dir='ltr' id='par_1_94' title="bbox 454 4739 2095 4818">
     <span class='ocr_line' id='line_1_95' title="bbox 454 4739 2095 4818; baseline 0.003 -23"><span class='ocrx_word' id='word_1_672' title='bbox 454 4739 550 4795; x_wconf 72' lang='lat' dir='ltr'><strong>tiae</strong></span> <span class='ocrx_word' id='word_1_673' title='bbox 608 4740 1031 4813; x_wconf 66' lang='lat' dir='ltr'><strong>praestantiam,</strong></span> <span class='ocrx_word' id='word_1_674' title='bbox 1091 4744 1462 4798; x_wconf 88' lang='lat' dir='ltr'><strong>strenuitatis</strong></span> <span class='ocrx_word' id='word_1_675' title='bbox 1538 4743 1960 4818; x_wconf 83' lang='lat' dir='ltr'><strong>excellentiam,</strong></span> <span class='ocrx_word' id='word_1_676' title='bbox 2018 4750 2095 4815; x_wconf 88' lang='lat' dir='ltr'><strong>et,</strong></span> 
     </span>
    </p>
   </div>
   <div class='ocr_carea' id='block_1_95' title="bbox 456 4829 2099 4904">
    <p class='ocr_par' dir='ltr' id='par_1_95' title="bbox 456 4829 2099 4904">
     <span class='ocr_line' id='line_1_96' title="bbox 456 4829 2099 4904; baseline 0.002 -20"><span class='ocrx_word' id='word_1_677' title='bbox 456 4829 611 4900; x_wconf 90' lang='lat' dir='ltr'><strong>quod</strong></span> <span class='ocrx_word' id='word_1_678' title='bbox 643 4829 917 4886; x_wconf 89' lang='lat' dir='ltr'><strong>omnibus</strong></span> <span class='ocrx_word' id='word_1_679' title='bbox 947 4836 1235 4904; x_wconf 85' lang='lat' dir='ltr'><strong>superest,</strong></span> <span class='ocrx_word' id='word_1_680' title='bbox 1271 4833 1637 4888; x_wconf 53' lang='lat' dir='ltr'><strong>conﬁdentia</strong></span> <span class='ocrx_word' id='word_1_681' title='bbox 1681 4832 1740 4888; x_wconf 91' lang='lat' dir='ltr'><strong>in</strong></span> <span class='ocrx_word' id='word_1_682' title='bbox 1771 4834 1954 4888; x_wconf 90' lang='lat' dir='ltr'><strong>Deum</strong></span> <span class='ocrx_word' id='word_1_683' title='bbox 2012 4848 2099 4888; x_wconf 90' lang='lat' dir='ltr'><strong>se-</strong></span> 
     </span>
    </p>
   </div>
   <div class='ocr_carea' id='block_1_96' title="bbox 457 4916 2097 4993">
    <p class='ocr_par' dir='ltr' id='par_1_96' title="bbox 457 4916 2097 4993">
     <span class='ocr_line' id='line_1_97' title="bbox 457 4916 2097 4993; baseline 0.004 -22"><span class='ocrx_word' id='word_1_684' title='bbox 457 4916 785 4974; x_wconf 87' lang='lat' dir='ltr'><strong>curitatem.</strong></span> <span class='ocrx_word' id='word_1_685' title='bbox 818 4919 930 4974; x_wconf 92' lang='lat' dir='ltr'><strong>Sed</strong></span> <span class='ocrx_word' id='word_1_686' title='bbox 976 4926 1120 4991; x_wconf 90' lang='lat' dir='ltr'><strong>quot</strong></span> <span class='ocrx_word' id='word_1_687' title='bbox 1156 4921 1331 4977; x_wconf 90' lang='lat' dir='ltr'><strong>urbes</strong></span> <span class='ocrx_word' id='word_1_688' title='bbox 1391 4922 1713 4993; x_wconf 80' lang='lat' dir='ltr'><strong>subjecisti,</strong></span> <span class='ocrx_word' id='word_1_689' title='bbox 1770 4922 1916 4977; x_wconf 88' lang='lat' dir='ltr'><strong>alias</strong></span> <span class='ocrx_word' id='word_1_690' title='bbox 1971 4922 2097 4993; x_wconf 87' lang='lat' dir='ltr'><strong>lege</strong></span> 
     </span>
    </p>
   </div>
   <div class='ocr_carea' id='block_1_97' title="bbox 456 5005 2098 5081">
    <p class='ocr_par' dir='ltr' id='par_1_97' title="bbox 456 5005 2098 5081">
     <span class='ocr_line' id='line_1_98' title="bbox 456 5005 2098 5081; baseline 0.003 -20"><span class='ocrx_word' id='word_1_691' title='bbox 456 5005 614 5075; x_wconf 87' lang='lat' dir='ltr'><strong>belli,</strong></span> <span class='ocrx_word' id='word_1_692' title='bbox 648 5006 791 5063; x_wconf 86' lang='lat' dir='ltr'><strong>alias</strong></span> <span class='ocrx_word' id='word_1_693' title='bbox 816 5009 1013 5064; x_wconf 87' lang='lat' dir='ltr'><strong>statim</strong></span> <span class='ocrx_word' id='word_1_694' title='bbox 1028 5010 1380 5065; x_wconf 88' lang='lat' dir='ltr'><strong>deditionem</strong></span> <span class='ocrx_word' id='word_1_695' title='bbox 1415 5011 2098 5081; x_wconf 80' lang='lat' dir='ltr'><strong>facientes,quonammo-</strong></span> 
     </span>
    </p>
   </div>
   <div class='ocr_carea' id='block_1_98' title="bbox 455 5096 2093 5172">
    <p class='ocr_par' dir='ltr' id='par_1_98' title="bbox 455 5096 2093 5172">
     <span class='ocr_line' id='line_1_99' title="bbox 455 5096 2093 5172; baseline 0.002 -22"><span class='ocrx_word' id='word_1_696' title='bbox 455 5096 529 5150; x_wconf 95' lang='lat' dir='ltr'><strong>do</strong></span> <span class='ocrx_word' id='word_1_697' title='bbox 559 5097 893 5171; x_wconf 86' lang='lat' dir='ltr'><strong>expurgasti</strong></span> <span class='ocrx_word' id='word_1_698' title='bbox 925 5096 1152 5171; x_wconf 88' lang='lat' dir='ltr'><strong>Pelopis</strong></span> <span class='ocrx_word' id='word_1_699' title='bbox 1195 5104 1428 5168; x_wconf 87' lang='lat' dir='ltr'><strong>terram,</strong></span> <span class='ocrx_word' id='word_1_700' title='bbox 1481 5101 1773 5172; x_wconf 91' lang='lat' dir='ltr'><strong>quomodo</strong></span> <span class='ocrx_word' id='word_1_701' title='bbox 1807 5101 1865 5153; x_wconf 84' lang='lat' dir='ltr'><strong>in</strong></span> <span class='ocrx_word' id='word_1_702' title='bbox 1925 5100 2093 5155; x_wconf 88' lang='lat' dir='ltr'><strong>ditio-</strong></span> 
     </span>
    </p>
   </div>
   <div class='ocr_carea' id='block_1_99' title="bbox 455 5186 2095 5260">
    <p class='ocr_par' dir='ltr' id='par_1_99' title="bbox 455 5186 2095 5260">
     <span class='ocr_line' id='line_1_100' title="bbox 455 5186 2095 5260; baseline 0.003 -20"><span class='ocrx_word' id='word_1_703' title='bbox 455 5201 590 5241; x_wconf 89' lang='lat' dir='ltr'><strong>nem</strong></span> <span class='ocrx_word' id='word_1_704' title='bbox 612 5186 921 5241; x_wconf 89' lang='lat' dir='ltr'><strong>Laconiam</strong></span> <span class='ocrx_word' id='word_1_705' title='bbox 953 5187 1247 5242; x_wconf 89' lang='lat' dir='ltr'><strong>adduxisti</strong></span> <span class='ocrx_word' id='word_1_706' title='bbox 1279 5193 1335 5244; x_wconf 91' lang='lat' dir='ltr'><strong>et</strong></span> <span class='ocrx_word' id='word_1_707' title='bbox 1384 5189 1602 5244; x_wconf 84' lang='lat' dir='ltr'><strong>Achaia</strong></span> <span class='ocrx_word' id='word_1_708' title='bbox 1657 5189 1872 5260; x_wconf 85' lang='lat' dir='ltr'><strong>potitus</strong></span> <span class='ocrx_word' id='word_1_709' title='bbox 1926 5206 2007 5259; x_wconf 87' lang='lat' dir='ltr'><strong>es,</strong></span> <span class='ocrx_word' id='word_1_710' title='bbox 2041 5198 2095 5245; x_wconf 88' lang='lat' dir='ltr'><strong>el</strong></span> 
     </span>
    </p>
   </div>
   <div class='ocr_carea' id='block_1_100' title="bbox 452 5274 2091 5349">
    <p class='ocr_par' dir='ltr' id='par_1_100' title="bbox 452 5274 2091 5349">
     <span class='ocr_line' id='line_1_101' title="bbox 452 5274 2091 5349; baseline 0 -18"><span class='ocrx_word' id='word_1_711' title='bbox 452 5274 631 5331; x_wconf 85' lang='lat' dir='ltr'><strong>Italos</strong></span> <span class='ocrx_word' id='word_1_712' title='bbox 660 5275 813 5331; x_wconf 86' lang='lat' dir='ltr'><strong>sicut</strong></span> <span class='ocrx_word' id='word_1_713' title='bbox 842 5279 1038 5347; x_wconf 83' lang='lat' dir='ltr'><strong>petras</strong></span> <span class='ocrx_word' id='word_1_714' title='bbox 1070 5276 1305 5332; x_wconf 83' lang='lat' dir='ltr'><strong>timidas</strong></span> <span class='ocrx_word' id='word_1_715' title='bbox 1337 5279 1608 5349; x_wconf 68' lang='lat' dir='ltr'><strong>praesidia</strong></span> <span class='ocrx_word' id='word_1_716' title='bbox 1640 5278 1968 5348; x_wconf 82' lang='lat' dir='ltr'><strong>relinquere</strong></span> <span class='ocrx_word' id='word_1_717' title='bbox 1998 5296 2091 5332; x_wconf 88' lang='lat' dir='ltr'><strong>co-</strong></span> 
     </span>
    </p>
   </div>
   <div class='ocr_carea' id='block_1_101' title="bbox 452 5364 2094 5439">
    <p class='ocr_par' dir='ltr' id='par_1_101' title="bbox 452 5364 2094 5439">
     <span class='ocr_line' id='line_1_102' title="bbox 452 5364 2094 5439; baseline 0.001 -19"><span class='ocrx_word' id='word_1_718' title='bbox 452 5371 629 5421; x_wconf 83' lang='lat' dir='ltr'><strong>natus</strong></span> <span class='ocrx_word' id='word_1_719' title='bbox 682 5381 764 5436; x_wconf 87' lang='lat' dir='ltr'><strong>es,</strong></span> <span class='ocrx_word' id='word_1_720' title='bbox 816 5364 1002 5420; x_wconf 68' lang='lat' dir='ltr'><strong>caeteri</strong></span> <span class='ocrx_word' id='word_1_721' title='bbox 1052 5365 1254 5420; x_wconf 89' lang='lat' dir='ltr'><strong>dicunt</strong></span> <span class='ocrx_word' id='word_1_722' title='bbox 1303 5371 1359 5421; x_wconf 89' lang='lat' dir='ltr'><strong>et</strong></span> <span class='ocrx_word' id='word_1_723' title='bbox 1408 5368 1702 5423; x_wconf 82' lang='lat' dir='ltr'><strong>celebrant</strong></span> <span class='ocrx_word' id='word_1_724' title='bbox 1759 5367 2094 5439; x_wconf 80' lang='lat' dir='ltr'><strong>quicunque</strong></span> 
     </span>
    </p>
   </div>
   <div class='ocr_carea' id='block_1_102' title="bbox 522 5541 2089 5616">
    <p class='ocr_par' dir='ltr' id='par_1_102' title="bbox 522 5541 2089 5616">
     <span class='ocr_line' id='line_1_103' title="bbox 522 5541 2089 5616; baseline 0 -17"><span class='ocrx_word' id='word_1_725' title='bbox 522 5544 636 5616; x_wconf 77' lang='grc'>(34)</span> <span class='ocrx_word' id='word_1_726' title='bbox 668 5541 1096 5616; x_wconf 76' lang='lat' dir='ltr'><strong>Quaminnuat</strong></span> <span class='ocrx_word' id='word_1_727' title='bbox 1152 5541 1453 5616; x_wconf 84' lang='lat' dir='ltr'><strong>Michaelis</strong></span> <span class='ocrx_word' id='word_1_728' title='bbox 1502 5545 1922 5615; x_wconf 79' lang='lat' dir='ltr'><strong>expeditionem</strong></span> <span class='ocrx_word' id='word_1_729' title='bbox 1976 5561 2089 5599; x_wconf 90' lang='lat' dir='ltr'><strong>non</strong></span> 
     </span>
    </p>
   </div>
   <div class='ocr_carea' id='block_1_103' title="bbox 450 5614 2089 5688">
    <p class='ocr_par' dir='ltr' id='par_1_103' title="bbox 450 5614 2089 5688">
     <span class='ocr_line' id='line_1_104' title="bbox 450 5614 2089 5688; baseline -0.001 -16"><span class='ocrx_word' id='word_1_730' title='bbox 450 5617 598 5672; x_wconf 90' lang='lat' dir='ltr'><strong>bene</strong></span> <span class='ocrx_word' id='word_1_731' title='bbox 618 5614 907 5688; x_wconf 80' lang='lat' dir='ltr'><strong>comperi.</strong></span> <span class='ocrx_word' id='word_1_732' title='bbox 945 5614 1228 5688; x_wconf 71' lang='lat' dir='ltr'><strong>Caeterum</strong></span> <span class='ocrx_word' id='word_1_733' title='bbox 1260 5615 1400 5686; x_wconf 78' lang='lat' dir='ltr'><strong>Mysi</strong></span> <span class='ocrx_word' id='word_1_734' title='bbox 1432 5614 1765 5687; x_wconf 78' lang='lat' dir='ltr'><strong>Byzantinis</strong></span> <span class='ocrx_word' id='word_1_735' title='bbox 1799 5621 1938 5671; x_wconf 90' lang='lat' dir='ltr'><strong>sunt</strong></span> <span class='ocrx_word' id='word_1_736' title='bbox 1968 5618 2089 5688; x_wconf 85' lang='lat' dir='ltr'><strong>ple-</strong></span> 
     </span>
    </p>
   </div>
   <div class='ocr_carea' id='block_1_104' title="bbox 450 5686 994 5759">
    <p class='ocr_par' dir='ltr' id='par_1_104' title="bbox 450 5686 994 5759">
     <span class='ocr_line' id='line_1_105' title="bbox 450 5686 994 5759; baseline -0.009 -14"><span class='ocrx_word' id='word_1_737' title='bbox 450 5703 703 5759; x_wconf 90' lang='lat' dir='ltr'><strong>rumque</strong></span> <span class='ocrx_word' id='word_1_738' title='bbox 742 5686 994 5759; x_wconf 79' lang='lat' dir='ltr'><strong>Bulgari.</strong></span> 
     </span>
    </p>
   </div>
   <div class='ocr_carea' id='block_1_105' title="bbox 523 5757 1846 5834">
    <p class='ocr_par' dir='ltr' id='par_1_105' title="bbox 523 5757 1846 5834">
     <span class='ocr_line' id='line_1_106' title="bbox 523 5757 1846 5834; baseline -0.002 -18"><span class='ocrx_word' id='word_1_739' title='bbox 523 5757 635 5834; x_wconf 80' lang='lat'><strong>(35)</strong></span> <span class='ocrx_word' id='word_1_740' title='bbox 664 5757 877 5816; x_wconf 78' lang='lat' dir='ltr'><strong>Notum</strong></span> <span class='ocrx_word' id='word_1_741' title='bbox 907 5758 997 5814; x_wconf 90' lang='lat' dir='ltr'><strong>vel</strong></span> <span class='ocrx_word' id='word_1_742' title='bbox 1028 5772 1096 5812; x_wconf 88' lang='lat' dir='ltr'><strong>ex</strong></span> <span class='ocrx_word' id='word_1_743' title='bbox 1126 5757 1423 5830; x_wconf 83' lang='lat' dir='ltr'><strong>Apostolio</strong></span> <span class='ocrx_word' id='word_1_744' title='bbox 1454 5758 1846 5831; x_wconf 89' lang='lat' dir='ltr'><strong>proverbium.</strong></span> 
     </span>
    </p>
   </div>
   <div class='ocr_carea' id='block_1_106' title="bbox 2207 4733 3858 4817">
    <p class='ocr_par' dir='ltr' id='par_1_106' title="bbox 2207 4733 3858 4817">
     <span class='ocr_line' id='line_1_107' title="bbox 2207 4733 3858 4817; baseline -0.006 -19"><span class='ocrx_word' id='word_1_745' title='bbox 2207 4744 2387 4798; x_wconf 85' lang='grc' dir='ltr'>κοινὸν</span> <span class='ocrx_word' id='word_1_746' title='bbox 2440 4740 2782 4817; x_wconf 71' lang='grc' dir='ltr'>ἀνερῥίπισας</span> <span class='ocrx_word' id='word_1_747' title='bbox 2830 4740 3096 4813; x_wconf 74' lang='grc' dir='ltr'>πόλεμον,</span> <span class='ocrx_word' id='word_1_748' title='bbox 3145 4738 3267 4814; x_wconf 86' lang='grc' dir='ltr'>τρία</span> <span class='ocrx_word' id='word_1_749' title='bbox 3322 4739 3389 4792; x_wconf 80' lang='grc' dir='ltr'><strong>τὰ</strong></span> <span class='ocrx_word' id='word_1_750' title='bbox 3433 4733 3705 4791; x_wconf 83' lang='grc' dir='ltr'>κάλλιστα</span> <span class='ocrx_word' id='word_1_751' title='bbox 3753 4739 3858 4789; x_wconf 77' lang='grc' dir='ltr'><strong>πᾶ-</strong></span> 
     </span>
    </p>
   </div>
   <div class='ocr_carea' id='block_1_107' title="bbox 2207 4825 3853 4906">
    <p class='ocr_par' dir='ltr' id='par_1_107' title="bbox 2207 4825 3853 4906">
     <span class='ocr_line' id='line_1_108' title="bbox 2207 4825 3853 4906; baseline -0.005 -21"><span class='ocrx_word' id='word_1_752' title='bbox 2207 4854 2286 4886; x_wconf 88' lang='grc' dir='ltr'><strong>σιν</strong></span> <span class='ocrx_word' id='word_1_753' title='bbox 2330 4831 2638 4906; x_wconf 79' lang='grc' dir='ltr'>ἀνθρώποις</span> <span class='ocrx_word' id='word_1_754' title='bbox 2687 4830 2915 4883; x_wconf 69' lang='grc' dir='ltr'>ἐντεῦθεν</span> <span class='ocrx_word' id='word_1_755' title='bbox 2967 4825 3344 4903; x_wconf 78' lang='grc' dir='ltr'>παραδεικνύς,</span> <span class='ocrx_word' id='word_1_756' title='bbox 3402 4826 3465 4880; x_wconf 89' lang='grc' dir='ltr'>τὸ</span> <span class='ocrx_word' id='word_1_757' title='bbox 3509 4825 3693 4900; x_wconf 83' lang='grc' dir='ltr'>περιὸν</span> <span class='ocrx_word' id='word_1_758' title='bbox 3750 4830 3853 4893; x_wconf 77' lang='grc' dir='ltr'>τῆς</span> 
     </span>
    </p>
   </div>
   <div class='ocr_carea' id='block_1_108' title="bbox 2207 4915 3850 4997">
    <p class='ocr_par' dir='ltr' id='par_1_108' title="bbox 2207 4915 3850 4997">
     <span class='ocr_line' id='line_1_109' title="bbox 2207 4915 3850 4997; baseline -0.005 -23"><span class='ocrx_word' id='word_1_759' title='bbox 2207 4921 2415 4997; x_wconf 71' lang='grc' dir='ltr'>σοφίας,</span> <span class='ocrx_word' id='word_1_760' title='bbox 2448 4921 2509 4974; x_wconf 87' lang='grc' dir='ltr'><strong>τὸ</strong></span> <span class='ocrx_word' id='word_1_761' title='bbox 2556 4926 2655 4988; x_wconf 77' lang='grc' dir='ltr'>τῆς</span> <span class='ocrx_word' id='word_1_762' title='bbox 2715 4916 2931 4989; x_wconf 76' lang='grc' dir='ltr'>ἀνδρίας</span> <span class='ocrx_word' id='word_1_763' title='bbox 2994 4919 3241 4992; x_wconf 78' lang='grc' dir='ltr'>μέγεθος,</span> <span class='ocrx_word' id='word_1_764' title='bbox 3274 4916 3386 4985; x_wconf 82' lang='grc' dir='ltr'>καὶ,</span> <span class='ocrx_word' id='word_1_765' title='bbox 3418 4915 3448 4969; x_wconf 82' lang='grc' dir='ltr'><strong>’ὀ</strong></span> <span class='ocrx_word' id='word_1_766' title='bbox 3477 4915 3689 4968; x_wconf 76' lang='grc' dir='ltr'>πάντων</span> <span class='ocrx_word' id='word_1_767' title='bbox 3740 4917 3850 4966; x_wconf 83' lang='grc' dir='ltr'><strong>τῶν</strong></span> 
     </span>
    </p>
   </div>
   <div class='ocr_carea' id='block_1_109' title="bbox 2206 5003 3856 5085">
    <p class='ocr_par' dir='ltr' id='par_1_109' title="bbox 2206 5003 3856 5085">
     <span class='ocr_line' id='line_1_110' title="bbox 2206 5003 3856 5085; baseline -0.006 -21"><span class='ocrx_word' id='word_1_768' title='bbox 2206 5008 2390 5065; x_wconf 82' lang='grc' dir='ltr'>ἄλλων</span> <span class='ocrx_word' id='word_1_769' title='bbox 2426 5009 2686 5078; x_wconf 82' lang='grc' dir='ltr'>ἐπέκεινα,</span> <span class='ocrx_word' id='word_1_770' title='bbox 2716 5008 2778 5061; x_wconf 81' lang='grc' dir='ltr'>τὸ</span> <span class='ocrx_word' id='word_1_771' title='bbox 2811 5006 3043 5085; x_wconf 71' lang='grc' dir='ltr'>ἀσφαλὲς</span> <span class='ocrx_word' id='word_1_772' title='bbox 3076 5012 3173 5075; x_wconf 78' lang='grc' dir='ltr'><strong>τῆς</strong></span> <span class='ocrx_word' id='word_1_773' title='bbox 3214 5006 3349 5081; x_wconf 86' lang='grc' dir='ltr'>πρὸς</span> <span class='ocrx_word' id='word_1_774' title='bbox 3408 5003 3534 5057; x_wconf 84' lang='grc' dir='ltr'>Θεὸν</span> <span class='ocrx_word' id='word_1_775' title='bbox 3584 5003 3856 5071; x_wconf 79' lang='grc' dir='ltr'>πεποιθή-</span> 
     </span>
    </p>
   </div>
   <div class='ocr_carea' id='block_1_110' title="bbox 2208 5090 3854 5169">
    <p class='ocr_par' dir='ltr' id='par_1_110' title="bbox 2208 5090 3854 5169">
     <span class='ocr_line' id='line_1_111' title="bbox 2208 5090 3854 5169; baseline -0.005 -17"><span class='ocrx_word' id='word_1_776' title='bbox 2208 5121 2364 5160; x_wconf 86' lang='grc' dir='ltr'>σεως.</span> <span class='ocrx_word' id='word_1_777' title='bbox 2397 5096 2552 5154; x_wconf 70' lang='grc' dir='ltr'>Ἀλλ’</span> <span class='ocrx_word' id='word_1_778' title='bbox 2585 5096 2708 5158; x_wconf 78' lang='grc' dir='ltr'>ὅσας</span> <span class='ocrx_word' id='word_1_779' title='bbox 2744 5095 2923 5169; x_wconf 86' lang='grc' dir='ltr'>μέντοι</span> <span class='ocrx_word' id='word_1_780' title='bbox 2973 5093 3189 5150; x_wconf 79' lang='grc' dir='ltr'>πόλεων</span> <span class='ocrx_word' id='word_1_781' title='bbox 3235 5095 3556 5169; x_wconf 87' lang='grc' dir='ltr'>παρεστήσω</span> <span class='ocrx_word' id='word_1_782' title='bbox 3602 5090 3854 5145; x_wconf 72' lang='grc' dir='ltr'>τούντεῦ-</span> 
     </span>
    </p>
   </div>
   <div class='ocr_carea' id='block_1_111' title="bbox 2205 5179 3851 5260">
    <p class='ocr_par' dir='ltr' id='par_1_111' title="bbox 2205 5179 3851 5260">
     <span class='ocr_line' id='line_1_112' title="bbox 2205 5179 3851 5260; baseline -0.005 -19"><span class='ocrx_word' id='word_1_783' title='bbox 2205 5190 2308 5257; x_wconf 83' lang='grc' dir='ltr'>θεν,</span> <span class='ocrx_word' id='word_1_784' title='bbox 2341 5188 2437 5249; x_wconf 67' lang='grc' dir='ltr'>τὰς</span> <span class='ocrx_word' id='word_1_785' title='bbox 2472 5188 2565 5259; x_wconf 71' lang='grc' dir='ltr'><strong>μὲν</strong></span> <span class='ocrx_word' id='word_1_786' title='bbox 2600 5188 2791 5260; x_wconf 77' lang='grc' dir='ltr'>Ἀρεος</span> <span class='ocrx_word' id='word_1_787' title='bbox 2839 5185 3014 5257; x_wconf 80' lang='grc' dir='ltr'>νόμῳ,</span> <span class='ocrx_word' id='word_1_788' title='bbox 3047 5184 3141 5247; x_wconf 78' lang='grc' dir='ltr'><strong>τὰς</strong></span> <span class='ocrx_word' id='word_1_789' title='bbox 3193 5181 3251 5238; x_wconf 73' lang='grc' dir='ltr'>δὲ</span> <span class='ocrx_word' id='word_1_790' title='bbox 3300 5182 3391 5238; x_wconf 85' lang='grc' dir='ltr'><strong>καὶ</strong></span> <span class='ocrx_word' id='word_1_791' title='bbox 3439 5179 3851 5257; x_wconf 74' lang='grc' dir='ltr'>προσπεσούσας</span> 
     </span>
    </p>
   </div>
   <div class='ocr_carea' id='block_1_112' title="bbox 2207 5271 3853 5349">
    <p class='ocr_par' dir='ltr' id='par_1_112' title="bbox 2207 5271 3853 5349">
     <span class='ocr_line' id='line_1_113' title="bbox 2207 5271 3853 5349; baseline -0.006 -18"><span class='ocrx_word' id='word_1_792' title='bbox 2207 5277 2415 5347; x_wconf 67' lang='grc' dir='ltr'>αὐτίκα,</span> <span class='ocrx_word' id='word_1_793' title='bbox 2462 5277 2538 5338; x_wconf 80' lang='grc' dir='ltr'><strong>ὡς</strong></span> <span class='ocrx_word' id='word_1_794' title='bbox 2594 5274 2860 5349; x_wconf 74' lang='grc' dir='ltr'>ἐκάθηρας</span> <span class='ocrx_word' id='word_1_795' title='bbox 2916 5276 3016 5342; x_wconf 74' lang='grc' dir='ltr'><strong>τὴν</strong></span> <span class='ocrx_word' id='word_1_796' title='bbox 3072 5278 3170 5329; x_wconf 74' lang='grc' dir='ltr'>τοῦ</span> <span class='ocrx_word' id='word_1_797' title='bbox 3228 5272 3498 5341; x_wconf 80' lang='grc' dir='ltr'>Πέλοπος,</span> <span class='ocrx_word' id='word_1_798' title='bbox 3549 5271 3623 5332; x_wconf 84' lang='grc' dir='ltr'><strong>ὡς</strong></span> <span class='ocrx_word' id='word_1_799' title='bbox 3680 5289 3853 5342; x_wconf 88' lang='grc' dir='ltr'>προσ-</span> 
     </span>
    </p>
   </div>
   <div class='ocr_carea' id='block_1_113' title="bbox 2205 5356 3851 5437">
    <p class='ocr_par' dir='ltr' id='par_1_113' title="bbox 2205 5356 3851 5437">
     <span class='ocr_line' id='line_1_114' title="bbox 2205 5356 3851 5437; baseline -0.005 -18"><span class='ocrx_word' id='word_1_800' title='bbox 2205 5367 2447 5435; x_wconf 79' lang='grc' dir='ltr'>εποιήσω</span> <span class='ocrx_word' id='word_1_801' title='bbox 2505 5365 2603 5432; x_wconf 71' lang='grc' dir='ltr'>τὴν</span> <span class='ocrx_word' id='word_1_802' title='bbox 2666 5364 3007 5433; x_wconf 73' lang='grc' dir='ltr'>Λακωνικὴν,</span> <span class='ocrx_word' id='word_1_803' title='bbox 3038 5363 3127 5417; x_wconf 82' lang='grc' dir='ltr'><strong>καὶ</strong></span> <span class='ocrx_word' id='word_1_804' title='bbox 3180 5366 3279 5431; x_wconf 72' lang='grc' dir='ltr'>της</span> <span class='ocrx_word' id='word_1_805' title='bbox 3330 5358 3558 5437; x_wconf 78' lang='grc' dir='ltr'>’Δχαίας</span> <span class='ocrx_word' id='word_1_806' title='bbox 3619 5356 3851 5430; x_wconf 72' lang='grc' dir='ltr'>ἐκράτη-</span> 
     </span>
    </p>
   </div>
   <div class='ocr_carea' id='block_1_114' title="bbox 2280 5538 3848 5624">
    <p class='ocr_par' dir='ltr' id='par_1_114' title="bbox 2280 5538 3848 5624">
     <span class='ocr_line' id='line_1_115' title="bbox 2280 5538 3848 5624; baseline -0.006 -24"><span class='ocrx_word' id='word_1_807' title='bbox 2280 5544 2390 5616; x_wconf 85' lang='grc'><strong>(36)</strong></span> <span class='ocrx_word' id='word_1_808' title='bbox 2421 5543 2554 5624; x_wconf 41' lang='lat' dir='ltr'><strong>.Sic.</strong></span> <span class='ocrx_word' id='word_1_809' title='bbox 2605 5543 2804 5624; x_wconf 73' lang='lat' dir='ltr'><strong>codex.</strong></span> <span class='ocrx_word' id='word_1_810' title='bbox 2836 5540 3100 5624; x_wconf 72' lang='lat' dir='ltr'><strong>Scripsit,</strong></span> <span class='ocrx_word' id='word_1_811' title='bbox 3143 5538 3699 5624; x_wconf 46' lang='lat' dir='ltr'><strong>.puto,‘7taw010:t§a.1¢</strong></span> <span class='ocrx_word' id='word_1_812' title='bbox 3741 5553 3848 5591; x_wconf 83' lang='lat' dir='ltr'><strong>au-</strong></span> 
     </span>
    </p>
   </div>
   <div class='ocr_carea' id='block_1_115' title="bbox 2200 5613 3849 5743">
    <p class='ocr_par' dir='ltr' id='par_1_115' title="bbox 2200 5613 3849 5743">
     <span class='ocr_line' id='line_1_116' title="bbox 2202 5613 3849 5686; baseline -0.005 -15"><span class='ocrx_word' id='word_1_813' title='bbox 2202 5613 2345 5682; x_wconf 82' lang='lat' dir='ltr'><strong>ctor,</strong></span> <span class='ocrx_word' id='word_1_814' title='bbox 2374 5613 2438 5670; x_wconf 80' lang='lat' dir='ltr'><strong>ni</strong></span> <span class='ocrx_word' id='word_1_815' title='bbox 2466 5614 2710 5671; x_wconf 89' lang='lat' dir='ltr'><strong>volucrii</strong></span> <span class='ocrx_word' id='word_1_816' title='bbox 2742 5613 2976 5686; x_wconf 77' lang='lat' dir='ltr'><strong>poetice</strong></span> <span class='ocrx_word' id='word_1_817' title='bbox 2997 5613 3349 5686; x_wconf 89' lang='lat' dir='ltr'><strong>loqui,quod</strong></span> <span class='ocrx_word' id='word_1_818' title='bbox 3383 5628 3539 5668; x_wconf 90' lang='lat' dir='ltr'><strong>nunc</strong></span> <span class='ocrx_word' id='word_1_819' title='bbox 3560 5613 3849 5680; x_wconf 88' lang='lat' dir='ltr'><strong>intempe-</strong></span> 
     </span>
     <span class='ocr_line' id='line_1_117' title="bbox 2200 5688 2441 5743; baseline -0.008 0"><span class='ocrx_word' id='word_1_820' title='bbox 2200 5688 2441 5743; x_wconf 90' lang='lat' dir='ltr'><strong>stivum.</strong></span> 
     </span>
    </p>
   </div>
  </div>
