4118 6438
299 409 421 474 373

1314 412 1715 479 LAUDATIO
1759 412 2180 477 MICHAELIS
2226 412 2708 476 PALIEOLOGI.

3589 406 3710 472 374

296 563 406 605 σας.
446 539 696 606 Ἰταλοὺς
758 539 818 599 δὲ
873 543 940 600 τὰ
998 544 1250 624 φρούρια,
1310 545 1387 609 ὡς
1438 550 1658 608 πτῶκας
1704 545 1800 610 τὰς
1859 546 1938 601 πέ·

2065 546 2270 620 lingua
2309 545 2529 619 pollent
2580 549 2638 601 et
2678 542 3011 618 eloquentia
3059 559 3237 616 super
3286 557 3491 599 omnes
3536 558 3707 600 exor-

286 654 437 709 τρας,
500 631 756 688 ὑπελθεῖν
816 634 1237 711 παρεσκεύασας,
1292 634 1560 713 λεγόντων
1633 633 1807 711 ἕτεροι
1863 636 1951 689 καὶ

286 720 635 796 ὑμνούντων,
667 718 866 779 ὁπόσοι
897 725 986 780 καὶ
1045 724 1292 800 γλῶτταν
1352 725 1552 796 ἱκανοὶ,
1585 725 1811 787 ὁπόσοις
1860 725 1949 779 καὶ

279 813 345 866 τὸ
375 809 560 887 λέγειν
619 811 872 868 ἐπέκεινα
928 818 1034 868 τῶν
1094 813 1281 869 ἄλλων
1342 812 1667 890 δεδώρηται·
1712 813 1834 886 ἐμοὶ
1892 810 1950 867 δὲ

288 902 427 976 πρὸς
498 906 764 956 τοσοῦτον
843 904 1174 979 πραγμάτων
1262 901 1607 976 διανήξασθαι
1683 903 1944 977 πέλαγος,

297 991 479 1067 βραχὺ
505 990 595 1045 καὶ
637 996 810 1047 τοῦτα
867 992 1276 1070 περιφερομένῳ
1331 997 1427 1047 τοῦ
1480 992 1652 1069 λόγου
1709 992 1945 1063 ἀκάτιον,

295 1084 599 1157 περιφανῶς
630 1077 856 1143 αῦθαδές
886 1102 948 1136 τε
989 1079 1137 1137 δοκεῖ
1174 1082 1262 1137 καὶ
1307 1080 1464 1158 ἔργον
1523 1082 1693 1157 γέμον
1752 1080 1945 1158 θρασύ-

292 1188 485 1237 τητος.
533 1166 684 1237 Πλὴν
741 1168 939 1225 ἐκεῖθεν
998 1172 1132 1243 ἡμῖν
1218 1170 1554 1249 εὐφροσύνης
1618 1171 1802 1247 ἡμέρα
1855 1169 1945 1225 καὶ

297 1260 599 1334 πανήγυρις
629 1260 768 1321 ἅπας
803 1260 833 1313 ὁ
865 1258 1004 1335 βίος,
1035 1259 1123 1314 καὶ
1174 1257 1415 1334 διαμένει
1461 1260 1623 1337 μέχρι
1652 1267 1752 1330 τῆς
1787 1257 1944 1336 δεῦρο

294 1344 560 1418 αὐξόμενα
629 1348 697 1401 τά
771 1346 1033 1424 ἡμέτερα,
1091 1348 1158 1402 τὰ
1206 1346 1264 1403 δὲ
1326 1354 1433 1403 τῶν
1520 1343 1807 1425 βαρϐάρων
1867 1348 1944 1410 εἰς

294 1433 553 1510 ἀνάρῥουν
584 1442 779 1512 χωρεῖ,
830 1436 921 1492 καὶ
954 1436 1180 1511 ἀκμάζει
1218 1439 1286 1492 τά
1333 1439 1450 1492 κατ’
1504 1438 1719 1493 ἐκείνων
1776 1434 1940 1492 δεινά·

293 1520 378 1578 διὸ
408 1523 492 1577 καί
524 1522 848 1581 σπεύδουσιν
882 1525 959 1588 ὡς
986 1524 1037 1580 ἐν
1070 1546 1219 1581 νυκτι
1268 1523 1472 1602 διάγειν
1529 1527 1620 1581 τὸν
1682 1525 1820 1602 βίον,
1866 1528 1943 1600 μὴ

2066 641 2315 693 nantur:
2353 636 2495 691 mihi
2529 640 2726 692 autem
2758 635 2911 691 circa
2938 634 3061 690 haec
3111 648 3411 690 sermones
3460 648 3702 705 parvum

2062 727 2397 799 cymbalum
2446 724 2901 794 circumferenti,
2950 728 3183 779 tantum
3238 738 3436 778 rerum
3484 726 3701 778 ﬂumen

2059 814 2414 886 perlustrare
2441 815 2748 870 manifeste
2776 814 3005 869 videtur
3027 829 3175 885 opus
3205 811 3465 867 insolens
3489 827 3556 866 ac
3579 810 3701 883 ple-

2057 920 2200 958 num
2232 904 2603 959 temeritatis.
2654 907 2938 958 Praeterea
2988 901 3159 957 nobis
3207 900 3419 956 laetitiae
3468 899 3594 955 dies
3644 902 3702 955 et
3782 907 3791 918 '

2056 994 2161 1049 tibi
2191 992 2321 1049 laus
2352 992 2543 1047 omnis
2572 992 2709 1059 vita,
2743 995 2799 1047 et
2826 991 3112 1047 hactenus
3141 1007 3233 1047 res
3265 993 3475 1046 nostra)
3516 992 3699 1045 auctae

2057 1087 2316 1149 manent,
2353 1082 2740 1137 Barbarorum
2760 1097 2891 1137 vero
2922 1097 3015 1136 res
3042 1080 3101 1136 in
3132 1095 3386 1152 praeceps
3418 1082 3617 1150 ruunt,
3642 1082 3701 1134 et

2057 1175 2379 1244 augescunt
2407 1170 2642 1226 illorum
2675 1168 2990 1242 angustiae;
3021 1169 3219 1241 itaque
3240 1172 3509 1240 quaerunt
3529 1166 3699 1239 quasi

2054 1260 2114 1315 in
2156 1265 2323 1315 nocte
2376 1260 2583 1331 degere
2638 1259 2837 1326 vitam,
2897 1256 3036 1329 quia
3089 1261 3224 1313 tuos
3278 1273 3394 1312 non
3451 1260 3699 1328 possunt

2054 1350 2343 1421 respicere
2391 1348 2769 1420 splendores:
2830 1348 2983 1403 feras
3058 1346 3277 1401 diceres
3354 1349 3694 1413 nocturnas,

2055 1456 2183 1511 quae
2242 1454 2356 1493 non
2415 1436 2732 1493 tolerantes
2781 1436 2936 1491 diem
2981 1435 3415 1491 illucescentem
3477 1434 3696 1504 videre,

2053 1528 2113 1583 in
2148 1532 2277 1583 acta
2306 1526 2564 1582 nemoris
2594 1530 2653 1582 et
2682 1524 2935 1581 latebras
2961 1526 3258 1582 recedunt.

292 1610 507 1689 ἔχοντες
564 1615 706 1690 πρὸς
762 1615 858 1677 τὰς
916 1617 1013 1679 σάς
1065 1615 1515 1694 ἀντοφθαλμίζειν
1547 1613 1931 1695 φαιδρότηταςο
1963 1623 2131 1692 θῆρας
2181 1614 2240 1670 ἂν
2297 1611 2439 1668 εἷ’ποι
2470 1635 2552 1675 τις
2602 1614 2935 1689 ἀνημέρους,
2969 1613 3045 1685 μὴ
3104 1612 3361 1691 φέροντας
3413 1613 3539 1689 ὁρᾷν
3597 1613 3698 1683 τήν

286 1703 499 1777 ἡμέραν
532 1702 891 1780 αὐγάζουσαν,
923 1706 1058 1781 πρὸς
1088 1702 1147 1760 δὲ
1173 1707 1242 1760 τὰ
1271 1706 1407 1781 βάθη
1440 1712 1541 1776 τῆς
1571 1705 1710 1775 ὕλης
1738 1704 1829 1761 καὶ
1858 1707 1953 1768 τὰς
1982 1702 2295 1766 καταδύσεις
2329 1702 2734 1778 ἐπειγομένους.

346 1791 449 1846 Καὶ
481 1791 647 1867 γνοίη
679 1790 728 1847 δ’
758 1790 819 1848 ἄν
849 1815 932 1857 τις
980 1796 1042 1849 τὸ
1095 1794 1315 1867 ἀληθὲς,
1352 1793 1515 1867 μόνον
1572 1794 1619 1848 εἰ
1668 1794 1934 1871 προσέχοι

2115 1796 2186 1850 Et
2215 1797 2588 1866 cognosceret
2616 1792 2830 1865 aliquis
2856 1792 3183 1865 veritatem,
3216 1793 3267 1849 si
3308 1795 3539 1849 tantum
3568 1793 3694 1849 ani-

270 1880 362 1934 τόν
393 1885 552 1937 νοῦν.
589 1883 812 1956 Πέρσαι,
863 1888 1107 1955 Λατῖνοι,
1161 1881 1355 1955 Μυσοὶ,
1388 1884 1523 1957 πρὸς
1577 1883 1793 1945 τούτοις
1848 1882 1937 1938 καὶ

272 1969 504 2041 Σκύθαι,
536 1971 634 2025 καὶ
689 1969 790 2025 ὅσα
842 1976 949 2027 τῶν
1009 1971 1175 2026 ἐθνῶν
1238 1972 1631 2047 μαχιμώτατα,
1689 1972 1777 2026 ὁτὲ
1839 1972 1935 2045 μὶν

271 2056 389 2130 ἰδίᾳ
432 2056 669 2115 ἕκαστον
718 2059 891 2130 ἔθνος,
923 2062 991 2131 ἦν
1044 2060 1133 2116 ὅτε
1180 2060 1271 2116 καὶ
1324 2062 1376 2115 οἱ
1423 2061 1620 2123 πάντες
1647 2060 1838 2136 ἀθρόον
1888 2060 1938 2131 ἐξ

271 2144 583 2220 ἀνατολῶν,
619 2148 678 2205 ἐκ
706 2146 951 2222 δυσμῶν,
984 2150 1045 2205 ἐκ
1088 2156 1218 2226 γῆς,
1251 2149 1310 2205 ἐκ
1363 2147 1657 2221 θαλάττης,
1688 2150 1749 2205 ἐκ
1803 2171 1939 2205 παν-

269 2236 368 2298 τὸς
397 2234 632 2313 μέρους,
662 2233 1126 2312 προσϐάλλοντες,
1154 2240 1292 2294 κατά
1336 2236 1556 2308 πολλὴν
1610 2236 1787 2294 ἄδειαν
1838 2239 1937 2308 τήν

272 2324 554 2399 ἡμετέραν
599 2327 950 2403 κατέτρεχον,
980 2328 1070 2382 καὶ
1129 2326 1312 2406 ὥσπερ
1366 2328 1561 2403 πληγή
1617 2350 1700 2390 τις
1755 2326 1936 2384 δυσία-

268 2434 367 2476 τος
417 2414 597 2489 ταύτῃ
641 2415 901 2472 ἐνέκειντο
945 2414 1362 2491 λυμαινόμενοι·
1393 2419 1455 2473 τὸ
1500 2416 1557 2473 δὲ
1603 2419 1766 2473 κακὸν
1822 2418 1937 2474 ἐπι-

277 2504 467 2577 μένον,
512 2509 595 2579 τῷ
652 2505 837 2582 χρόνῳ
893 2507 984 2561 καὶ
1038 2506 1481 2584 κραταιούμενον,
1532 2507 1700 2583 τάχα,
1754 2508 1800 2563 εἰ
1861 2510 1937 2581 μή

272 2591 513 2665 ἔστησας
544 2592 608 2649 σὺ
635 2599 798 2650 τοῦτο
831 2594 991 2671 ἰσχὺν
1019 2594 1265 2673 εἰληφὼς
1298 2596 1358 2651 ἐκ
1410 2600 1565 2666 Θεοῦ,
1598 2596 1654 2659 ἐς
1710 2594 1941 2672 ἔσχατον

288 2684 349 2738 ἃν
403 2683 720 2761 ἀφανισμοῦ
776 2681 1062 2761 παρήλασε
1114 2683 1182 2738 τὰ
1236 2682 1498 2758 ἡμέτερα.
1531 2682 1690 2739 Ἀλλ’
1734 2685 1801 2754 ἦν
1852 2686 1941 2758 μέ-

279 2793 380 2849 χρι
434 2780 541 2842 τῆς
601 2779 702 2843 σῆς
761 2770 1076 2844 ἀναδείξεως
1131 2776 1320 2841 ταῦτα,
1352 2773 1508 2843 καἰὴ
1552 2774 1709 2836 νόσος
1774 2774 1939 2851 μέχρι

280 2862 404 2917 τότε
458 2866 736 2938 κρατοῦσα
791 2861 1055 2940 ἐφαίνετο.
1091 2861 1240 2917 Ἐπεὶ
1300 2859 1357 2916 δὲ
1399 2860 1643 2938 ἀνέσχες,
1676 2864 1766 2917 καὶ
1794 2883 1937 2939 πρη-

282 2958 489 3025 στῆρας
578 2948 729 3025 μάλα
809 2946 1078 3030 φοϐεροὺς
1164 2951 1505 3026 ἁπανταχόσε
1574 2951 1779 3030 ἠφίεις,
1830 2948 1940 3006 οὔτ’

284 3038 454 3114 ἔσχον
485 3037 645 3109 ἄντην
669 3038 825 3112 ἰδεῖν,
855 3039 946 3095 καὶ
976 3043 1012 3110 ἡ
1046 3039 1337 3102 ὑπόστασις
1377 3039 1551 3095 αὐτῶν
1608 3041 1715 3116 πρὸ
1770 3060 1940 3116 προσ-

292 3131 455 3183 ώπου
514 3149 601 3183 σου
648 3128 872 3200 καλάμη
936 3150 1019 3193 τις
1066 3130 1133 3198 ἧν
1189 3126 1329 3205 πρὸς
1386 3130 1653 3205 σπινθῆρα
1698 3126 1788 3184 καί
1819 3124 1937 3184 ἅνε-

294 3237 406 3292 μον
434 3219 683 3292 Τὴν
718 3215 779 3273 δὲ
807 3219 1011 3292 σεμνὴν
1054 3216 1254 3288 ταύτην
1313 3217 1474 3273 πόλιν
1530 3219 1629 3288 τὴν
1685 3216 1937 3294 βασιλεύ-

292 3327 459 3361 ουσαν
535 3306 619 3361 καί
687 3328 720 3342 ’-
768 3305 782 3327 '
983 3306 997 3323 ’
1096 3306 1110 3324 ‘
1624 3303 1649 3345 τ’
1890 3307 1904 3326 ‘

465 3352 480 3379 ,
699 3327 889 3378 ταυτην
951 3304 1120 3381 (αλλα
1190 3303 1396 3362 δίκαιον
1456 3307 1516 3361 ἂν
1594 3328 1677 3377 ε.η
1751 3326 1942 3382 μικρον

285 3397 717 3471 ἀναχωρήσαντα
771 3394 899 3472 περὶ
946 3394 1150 3465 ταύτης
1238 3396 1431 3450 εἷπεῖν⁴
1521 3394 1758 3451 ἐντεῦθεν
1840 3395 1941 3471 γὰρ

280 3483 434 3540 ἔσται
520 3483 758 3540 κατιδεῖν
845 3484 1221 3560 ἐναργέστερον
1300 3484 1375 3546 ὡς
1452 3481 1811 3560 δαψιλέστερα
1863 3488 1943 3556 τῷ

278 3573 545 3650 ἡμετέρῳ
577 3572 795 3650 βασιλεῖ
820 3574 890 3629 τὰ
922 3580 1023 3643 τῆς
1073 3569 1273 3638 ἄνωθεν
1318 3572 1440 3643 ἥκει
1496 3572 1689 3649 ῥοπῆς,
1721 3572 1835 3627 ἀνθ’
1878 3572 1939 3627 οὗ

278 3663 374 3719 καὶ
428 3664 503 3718 τὰ
563 3661 775 3741 μεγάλα
830 3659 1018 3739 δρᾶσαι
1077 3662 1152 3725 ὡς
1212 3661 1380 3739 ῥᾷστα
1409 3661 1763 3738 ἐργαζόμενος
1822 3662 1941 3741 φαί-

278 3754 478 3826 νεται),
519 3751 612 3807 καὶ
660 3751 863 3823 ταύτην
912 3754 979 3821 ἧς
1011 3751 1100 3807 ὑπ’
1144 3750 1370 3826 οὐρανὸν
1402 3749 1502 3806 οὐκ
1532 3748 1634 3806 οἶδ’
1666 3750 1713 3805 εἰ
1740 3749 1936 3807 καλλί-

278 3862 415 3913 στην
446 3837 589 3896 εἶδεν
623 3841 650 3895 ὁ
679 3838 864 3911 ἥλιος,
901 3838 1167 3915 βασιλέων
1200 3837 1361 3895 οὖσαν
1422 3840 1623 3910 ἑστίαν,
1650 3841 1687 3909 ἢ
1723 3839 1935 3914 μᾶλλον

278 3934 425 3987 Θεοῦ·
444 3949 509 3984 τε
538 3927 748 4005 χωρίον
782 3927 1045 4005 ἐξαίρετον
1088 3926 1179 3983 καί
1231 3927 1455 4001 τέμενος
1513 3929 1682 4005 ἱερὸν,
1715 3923 1935 4000 συνέϐη,

273 4020 419 4075 κατά
446 4018 619 4092 νόμον
647 4024 750 4090 τῆς
781 4015 1126 4092 ἀνθρωπίνης
1153 4016 1354 4093 τύχης,
1389 4017 1493 4072 ὑπὸ
1551 4022 1743 4093 χεῖρας
1806 4018 1935 4094 βαρ-

280 4103 470 4185 ϐάρων
503 4106 703 4163 ἐλθεῖν.

352 4197 453 4252 Καί
518 4217 583 4271 γε
641 4192 837 4269 μηδεὶς
896 4194 985 4250 ὑπ’
1014 4194 1187 4250 αἰτίαν
1243 4194 1373 4260 τοὺς
1420 4194 1655 4271 πατέρας
1685 4195 1932 4269 ποιείτω,

279 4285 455 4359 μηδὲν
540 4284 864 4360 ἰσχύσαντας
936 4282 1165 4362 φυλάξαι
1237 4283 1517 4355 τοιαύτην,
1592 4281 1750 4339 οὖσαν
1832 4286 1933 4354 τὴν

276 4377 514 4431 ἱαυτῶνο
575 4369 729 4427 οὐδὲν
782 4373 882 4448 γάρ
941 4374 1078 4446 πρὸς
1128 4371 1345 4427 ἐκείνων
1402 4376 1510 4427 τῶν
1593 4368 1931 4446 ξυμϐάντων,

274 4463 458 4530 οὐδὲν,
512 4459 626 4517 οὐδ’
676 4465 712 4532 ἡ
769 4467 877 4517 τῶν
962 4460 1312 4517 ἐνοικούντων
1384 4462 1625 4517 ἀσθένεια
1679 4462 1933 4539 πρόξενος

2050 1901 2144 1940 mo
2185 1883 2469 1940 intendat.
2500 1883 2707 1950 Persae,
2743 1881 2952 1949 Latini,
2985 1882 3133 1955 Mysi
3161 1885 3219 1938 et
3261 1883 3502 1955 insuper
3551 1883 3691 1955 Scy~

2047 1973 2182 2043 thas,
2215 1978 2272 2028 et
2302 1988 2665 2044 quaecunque
2695 1975 2896 2044 gentes
2925 1970 3408 2040 bellicosissima,
3434 1970 3551 2028 sive
3574 1971 3692 2028 sin-

2048 2061 2187 2136 gula
2240 2061 2398 2117 natio
2449 2060 2744 2133 privatim,
2794 2061 2914 2117 sive
2979 2077 3183 2117 omnes
3234 2062 3558 2133 conjuncta
3623 2077 3694 2118 ex

2049 2151 2292 2218 oriente,
2325 2166 2395 2206 ex
2415 2150 2728 2217 occidente,
2770 2164 2801 2205 e
2830 2154 3005 2219 terra,
3036 2166 3066 2205 e
3098 2150 3268 2223 mari,
3300 2166 3369 2206 ex
3390 2149 3551 2206 omni
3600 2167 3692 2207 re-

2048 2239 2221 2313 gione
2250 2239 2564 2305 irruentes,
2598 2254 2811 2311 magna
2839 2240 3155 2295 securitate
3182 2242 3399 2296 terram
3430 2247 3691 2295 nostram

2048 2332 2555 2402 oppugnaverunt,
2587 2331 2666 2396 et,
2694 2327 2873 2384 veluti
2906 2328 3104 2400 aliqua
3126 2328 3299 2402 plaga
3318 2328 3690 2398 insanabilis,

2050 2416 2136 2473 illi
2168 2417 2545 2473 adhaeserunt
2573 2417 2808 2474 infesti:
2842 2417 2997 2489 quod
3037 2416 3260 2473 malum
3308 2416 3518 2473 stabile
3561 2417 3691 2489 qui-

2051 2507 2185 2563 dem
2216 2524 2284 2563 ac
2313 2510 2576 2578 tempore
2604 2507 2966 2575 roboratum,
3015 2505 3297 2576 celeriter,
3340 2506 3456 2562 nisi
3506 2510 3572 2562 tu
3619 2506 3692 2562 ad

2050 2594 2197 2652 illud
2227 2596 2618 2651 inhibendum
2646 2597 2802 2652 viros
2832 2613 2867 2651 a
2895 2595 3013 2652 Deo
3043 2595 3429 2667 suscepisses,
3478 2595 3551 2650 ad
3597 2610 3692 2651 ex-

2048 2689 2297 2741 tremam
2329 2684 2645 2756 perniciem
2687 2688 2890 2740 nostra
2938 2684 3298 2741 adduxisset.
3352 2684 3481 2740 Haec
3528 2687 3695 2740 erant

2051 2774 2385 2845 usquedum
2427 2772 2648 2829 electus
2687 2772 2887 2843 fueris,
2936 2778 2995 2829 et
3041 2774 3283 2830 morbus
3330 2772 3692 2829 invalescens

2048 2864 2374 2920 videbatur.
2406 2865 2724 2934 Postquam
2756 2867 2953 2919 autem
2992 2862 3352 2935 apparueris,
3395 2867 3693 2921 vexatores

2051 2952 2303 3008 maxime
2334 2952 2625 3008 timendos
2656 2952 2829 3025 plane
2866 2951 3188 3019 dimittens,
3221 2968 3337 3007 non
3377 2953 3696 3023 potuerunt

2049 3044 2106 3097 te
2137 3044 2344 3097 contra
2370 3040 2606 3109 intueri,
2638 3045 2697 3097 et
2721 3040 2957 3097 illorum
2989 3040 3254 3106 audacia,
3288 3043 3424 3096 ante
3482 3038 3690 3095 faciem

2047 3133 2236 3201 tuam,
2267 3134 2391 3186 erat
2423 3129 2595 3203 quasi
2624 3129 2842 3201 stipula
2891 3130 2963 3185 ad
2996 3128 3312 3185 scintillam
3343 3132 3398 3184 et
3426 3132 3690 3185 ventum.

2050 3218 2394 3275 Praeclaram
2425 3223 2624 3275 autem
2655 3218 2816 3274 illam
2836 3218 3153 3290 civitatem,
3176 3217 3236 3273 in
3258 3233 3436 3290 quam
3460 3233 3692 3288 regnas,

2051 3312 2109 3364 et
2139 3307 2300 3363 illam
2332 3308 2457 3380 (sed
2486 3324 2718 3380 aequum
2744 3311 2901 3364 esset
2928 3306 3237 3379 paululum
3268 3306 3495 3380 digredi
3526 3309 3591 3361 ut
3620 3306 3692 3362 de

2051 3413 2117 3452 ea
2144 3396 2390 3468 loquar:
2450 3396 2658 3453 exinde
2714 3396 2872 3452 enim
2920 3397 3115 3452 videre
3162 3396 3274 3451 erit
3320 3395 3691 3467 apertissime

2051 3486 2604 3558 quam'copiosiora
2650 3501 2720 3542 ex
2767 3484 2910 3541 coelo
2949 3501 3079 3541 meo
3130 3485 3253 3557 regi
3312 3486 3692 3540 occurrerunt

2049 3573 2343 3646 praesidia,
2374 3579 2611 3646 propter
2639 3575 2795 3646 quod
2825 3577 2884 3629 et
2911 3575 2973 3630 in
3014 3573 3244 3648 magnis
3273 3572 3557 3630 faciendis
3604 3572 3691 3628 in-

2049 3662 2325 3719 cumbere
2356 3662 2631 3719 facillime
2659 3662 2907 3735 videtur)
2940 3666 2998 3718 et
3023 3662 3207 3730 illam,
3239 3679 3356 3734 qua
3384 3663 3495 3720 sub
3543 3660 3688 3718 casio

2048 3769 2123 3808 an
2156 3752 2242 3807 sol
2273 3751 2667 3824 pulchriorem
2694 3752 2889 3808 videat
2918 3751 3135 3823 nescio,
3162 3768 3299 3808 cum
3332 3752 3411 3809 sit
3437 3767 3687 3825 regnum

2048 3841 2215 3897 sedes
2239 3844 2297 3897 et
2326 3841 2652 3913 praesertim
2676 3840 2778 3896 Dei
2820 3841 3100 3913 oppidum
3149 3839 3399 3897 electum
3449 3844 3507 3897 et
3556 3858 3690 3898 san-

2046 3932 2209 3985 ctum
2240 3929 2665 4001 sanctuarium,
2698 3928 2911 3985 accidit
2924 3931 3094 4002 juxta
3113 3929 3387 3987 humanae
3407 3929 3584 3988 sortis
3604 3930 3686 3987 le-

2046 4032 2149 4089 ges
2178 4018 2238 4073 in
2270 4018 2545 4075 manibus
2576 4018 2968 4075 Barbarorum
2994 4019 3292 4077 cecidisse.

2115 4197 2187 4252 Et
2216 4212 2289 4253 ne
2319 4197 2636 4270 quisquam
2686 4196 2830 4252 illud
2881 4196 3114 4253 crimini
3162 4200 3351 4255 vertat
3392 4197 3682 4270 patribus,

2044 4286 2147 4357 qui
2177 4303 2329 4354 eam,
2364 4303 2500 4342 cum
2529 4286 2647 4342 illis
2698 4290 2825 4342 erat
2868 4302 3119 4356 servare,
3168 4304 3283 4342 non
3332 4286 3683 4343 valuerunt:

2045 4375 2191 4430 nihil
2221 4376 2379 4431 enim
2409 4394 2479 4431 ex
2502 4375 2596 4431 his
2623 4393 2750 4447 qua:
2774 4376 2858 4432 eis
2890 4380 3226 4447 evenerunt,
3258 4375 3425 4442 nihil,
3475 4392 3547 4432 ne
3594 4376 3685 4431 in-

2044 4464 2300 4520 colarum
2357 4466 2593 4537 quidem
2637 4465 3010 4522 imbecillitas
3064 4469 3269 4521 auctor
3322 4465 3434 4520 fuit
3481 4466 3686 4522 urbem

274 4557 378 4610 τοῦ
437 4550 778 4627 δυστυχῆσαι
831 4551 932 4619 τήν
987 4549 1149 4605 πόλιν
1202 4550 1433 4625 ἐγένετο.
1487 4550 1663 4608 Ἀλλά
1716 4557 1819 4613 πᾶς
1856 4573 1938 4614 τις

2050 4552 2366 4609 infaustam
2407 4554 2720 4610 exstitisse.
2765 4555 2876 4611 Sed
2927 4554 3261 4625 quicunque
3304 4553 3413 4609 hoc
3461 4553 3574 4609 sibi
3622 4553 3684 4611 in

278 4643 361 4706 εἷς
389 4640 594 4702 ταύτας
629 4639 837 4701 ἐννοιας
868 4637 1192 4715 ἐρχόμενος,
1227 4637 1386 4701 εἰδὼς
1416 4640 1492 4702 ὡς
1542 4636 1695 4695 οὐδὲν
1738 4644 1847 4695 τῶν
1880 4640 1931 4696 ἐν

276 4732 597 4807 ἀνθρώποις
657 4728 911 4798 ἀκίνητον
962 4726 1087 4783 οὐδὲ
1148 4722 1385 4804 βέϐαιον,
1420 4726 1554 4784 ἴδιον
1591 4726 1649 4783 δὲ
1673 4734 1772 4785 τοῦ
1809 4731 1933 4800 θνη-

275 4826 380 4886 τοῦ
429 4820 630 4896 γένους
687 4819 744 4872 αἱ
804 4811 1124 4890 μεταϐολαὶ,
1175 4818 1265 4873 καὶ
1318 4818 1583 4893 παγιότης
1639 4818 1703 4873 τὸ
1765 4816 1931 4891 μηδὲν

279 4912 412 4967 εἶναι
442 4910 672 4985 πάγιον,
704 4905 793 4961 καὶ
854 4903 1132 4982 ἅνθρωπος
1181 4911 1314 4962 Θεοῦ
1372 4906 1644 4981 παίγνιον,
1678 4907 1723 4961 εἰ
1781 4909 1934 4980 θέμις

278 5002 449 5057 εἰπεῖν
538 4997 677 5053 κατὰ
751 4993 1038 5063 Πλάτωνα,
1096 4994 1457 5073 στρεφόμενός
1517 5017 1574 5050 τε
1629 4996 1718 5050 καὶ
1779 5017 1936 5069 μετα-

280 5088 652 5167 στρεφόμενος
686 5085 762 5146 ὡς
792 5089 872 5156 τῷ
913 5083 1195 5162 στρέφοντι
1257 5082 1549 5158 βουλητὸν,
1601 5086 1931 5160 συγγνώμην

274 5200 336 5236 τε
364 5184 485 5239 τοῖς
513 5174 809 5253 προγόνοις
836 5173 1036 5249 ἐχέτω,
1066 5174 1155 5229 καὶ
1184 5173 1261 5235 ὡς
1322 5172 1604 5244 όλισθῆναί
1662 5194 1794 5228 ποτε
1846 5173 1935 5227 καὶ

275 5267 481 5339 ταύτην
538 5263 647 5322 ἔδει
725 5264 1014 5337 ἀναγκαῖον
1081 5262 1213 5317 εἶναι
1299 5259 1560 5338 δεχέσθω·
1622 5262 1936 5339 ἀνθρώπους

278 5360 379 5437 γὰρ
409 5353 575 5419 ὄντας
608 5355 687 5428 μή
717 5358 909 5427 πεῖραν
940 5346 1126 5407 λαϐεῖν
1182 5372 1315 5406 ποτε
1364 5349 1453 5407 καί
1507 5356 1612 5406 τῶν
1669 5354 1745 5425 μὴ
1802 5353 1938 5407 κατά

279 5450 516 5524 γνώμην
576 5442 857 5499 ἀδύνατον.
910 5445 1205 5518 Τοιγαροῦν
1262 5439 1362 5496 καῖ
1420 5442 1721 5515 κάμπτεται
1783 5441 1937 5515 ἀναγ-

279 5536 447 5598 καίως
502 5537 540 5605 ἡ
605 5529 841 5608 βασιλὶς,
898 5529 990 5584 καὶ
1035 5530 1238 5606 γίνεται
1312 5534 1514 5605 χειρῶν
1592 5525 1932 5605 βαρϐαρικῶν

351 5680 473 5751 (37)
501 5670 1041 5751 Respiciens-potuit
1078 5671 1297 5751 _Psalm.
1333 5689 1542 5751 Lanam,
1578 5671 1641 5726 13
1674 5689 1697 5751 :_
1719 5676 1775 5724 Ὀ
1805 5669 1935 5751 Θεός

288 5740 415 5827 μοί),
579 5740 775 5808 αὖτοὺς
809 5740 886 5807 ἁῖς
926 5743 1153 5820 τροχὸν,
1185 5743 1259 5807 ὡς
1287 5740 1542 5817 καλάμην
1575 5742 1711 5797 κατὰ
1766 5741 1935 5817 πρόσ-

2045 4642 2311 4698 animum
2334 4642 2585 4709 induxit,
2621 4648 2901 4715 reputans
2929 4643 3011 4698 nil
3041 4660 3170 4700 esse
3203 4643 3685 4702 incommutabile

2044 4746 2149 4786 nec
2180 4732 2440 4801 firmum,
2472 4731 2776 4804 proprium
2804 4748 2939 4789 vero
2969 4731 3240 4788 mortalis
3280 4732 3511 4805 generis
3553 4750 3684 4790 esse

2045 4819 2422 4888 mutationes,
2457 4826 2515 4876 et
2542 4820 2921 4877 stabilitatem
2950 4819 3031 4876 nil
3061 4836 3190 4877 esse
3225 4821 3460 4893 stabile,
3507 4825 3684 4894 atque

2047 4908 2347 4964 hominem
2379 4909 2481 4964 Dei
2503 4908 2843 4977 ludibrium,
2895 4910 2944 4964 si
2994 4908 3308 4966 Platonicis
3356 4912 3550 4967 verbis
3594 4912 3682 4968 uti

2046 4997 2240 5064 liccat,
2267 4998 2421 5068 quod
2452 4997 2698 5053 vertitur
2726 5002 2784 5052 et
2812 4998 3188 5066 convertitur,
3225 5002 3398 5071 prout
3438 5001 3685 5057 vertenti

2045 5083 2241 5152 libeat,
2276 5087 2501 5141 veniam
2530 5087 2627 5141 det
2658 5084 2999 5157 majoribus,
3033 5090 3091 5141 et
3120 5085 3284 5143 illam
3332 5090 3687 5162 quandoque

2045 5175 2325 5230 cecidisse
2378 5174 2768 5230 necessariam
2825 5174 3006 5231 fuisse
3087 5181 3355 5234 censeat:
3417 5178 3689 5237 homines

2046 5264 2203 5319 enim
2236 5281 2351 5319 non
2383 5263 2697 5335 aliquando
2746 5280 2839 5319 res
2886 5267 3089 5321 contra
3116 5265 3477 5324 voluntatem
3518 5285 3687 5342 expe-

2046 5352 2148 5406 riri
2178 5352 2338 5408 nullo
2368 5356 2535 5423 pacto
2564 5350 2691 5406 fieri
2719 5356 2928 5423 potest.
2970 5353 3172 5426 Itaque
3224 5356 3549 5413 necessarie
3596 5358 3689 5414 fa-

2045 5442 2209 5497 tiscit
2237 5441 2439 5513 regina
2468 5440 2691 5508 civitas,
2726 5445 2783 5498 et
2812 5443 2879 5497 ﬁt
2905 5443 3293 5501 Barbarorum
3326 5462 3688 5518 supervacua

2045 5546 2268 5585 merces
2288 5535 2344 5585 et
2363 5529 2746 5586 obcaecatione
2775 5530 3005 5587 laeditur
3028 5534 3187 5589 orbis
3216 5533 3444 5605 oculus,
3466 5538 3587 5603 aut,
3624 5538 3691 5591 ut

2046 5692 2193 5725 ωπον
2254 5669 2451 5744 ἀνέμου
2502 5672 2601 5728 Est
2654 5673 2830 5730 etiam
2898 5673 3185 5738 ὑπόστασις
3243 5675 3417 5731 αὐτῶν
3470 5676 3684 5735 locutio

2044 5744 2113 5801 in'
2134 5745 2340 5803 Bibliis
2373 5747 2665 5816 frequens.
