4118 6442
429 443 558 508 375

1466 447 1780 513 GEORGII
1824 444 2087 511 CYPRII
2129 444 2247 509 ΟΡ.
2289 441 2822 507 ΡΑἸἮῙΑΗΟΒᾸΞ

3718 438 3840 503 376

436 581 659 637 rectius
689 579 915 653 loquar,
955 586 1149 639 vertex
1195 586 1358 639 terra:
1408 600 1534 656 qua:
1581 585 1693 640 sub
1741 583 1883 641 ccelo
1925 583 2113 654 jacet,

2227 576 2592 653 ταρανάλωμα,
2641 574 2732 629 καὶ
2781 575 3030 649 πήρωσιν
3081 573 3111 629 ὁ
3158 580 3258 644 τῆς
3305 566 3632 647 οἰκουμένης
3682 567 3841 649 δέχε-

440 669 694 741 ejicitur,
715 675 773 725 et
802 676 1045 742 pereunt
1072 689 1277 728 omnes
1325 673 1586 731 civitates
1630 673 1747 728 sive
1791 673 1850 727 in
1898 671 2081 727 conti-

443 764 636 829 nente,
670 760 790 815 sive
835 761 895 815 in
936 762 1126 817 medio
1175 762 1345 828 mari,
1394 779 1775 835 quascunque
1820 761 2083 817 incolunt

444 849 750 904 homines:
785 853 842 905 et
870 851 1228 922 perturbatio
1256 856 1314 907 et
1351 851 1616 907 confusio
1659 858 1717 908 et
1763 851 2080 918 innovatio,

443 942 503 993 et
535 937 583 993 si
607 937 745 1010 quid
779 939 936 994 aliud
968 945 1179 1010 praeter
1208 941 1542 1013 opinionem
1574 942 1671 1008 sit,
1703 941 1928 997 invadit
1956 957 2083 996 om-

445 1026 581 1094 nia;
609 1032 669 1082 et
700 1027 910 1083 cmlum
939 1044 1009 1084 ex
1038 1028 1176 1097 alto,
1208 1034 1273 1085 ut
1301 1029 1550 1102 opinior,
1587 1036 1859 1087 cruentas
1908 1029 2088 1085 mittit

444 1115 664 1187 stellas,
696 1120 753 1171 et
782 1117 963 1189 gemit
993 1123 1284 1174 astrorum
1317 1119 1553 1187 chorus,
1587 1125 1644 1175 et
1669 1120 1940 1175 tenebras
1998 1118 2087 1173 lu-

446 1221 547 1273 na,
571 1206 841 1261 ﬂentium
871 1223 1053 1278 more,
1088 1208 1269 1274 subit,
1301 1213 1358 1264 et
1386 1209 1472 1265 sol
1504 1209 1747 1281 frigidos
1769 1226 1947 1281 super
1975 1213 2091 1264 ter-

449 1309 576 1350 ram
622 1294 818 1351 radios
859 1296 1097 1357 emittit.
1149 1301 1272 1362 aut,
1322 1302 1387 1353 ut
1437 1300 1654 1355 rectius
1699 1299 1925 1371 loquar,
1975 1314 2090 1354 non

449 1381 648 1439 emisit
677 1384 939 1450 omnino,
969 1390 1301 1440 commotus
1330 1391 1387 1441 et
1415 1386 1541 1457 ipse
1586 1385 1748 1441 clade
1797 1385 2049 1439 civitatis
2076 1402 2090 1439 :

460 1473 703 1545 insuper
731 1490 864 1529 mox
893 1478 1049 1529 terra
1078 1474 1371 1547 immugit,
1405 1492 1503 1531 aer
1543 1475 1709 1545 quasi
1759 1474 1944 1529 tristis
1983 1473 2096 1529 alte

463 1561 799 1618 infuscatus
843 1566 952 1630 est,
1006 1567 1066 1618 et
1112 1580 1271 1619 mare
1316 1568 1479 1619 extra
1523 1564 1764 1619 solitum
1812 1563 2097 1633 zestuavit,

461 1651 633 1722 quasi
664 1651 1057 1707 calamitatem
1087 1655 1349 1709 nostram
1380 1669 1495 1708 non
1526 1653 1833 1723 sustineat,
1857 1656 2100 1708 conten-

461 1741 609 1796 dens
632 1740 703 1796 ad
738 1739 918 1795 alium
968 1740 1162 1797 locum
1197 1758 1263 1796 ac
1311 1757 1487 1812 quem
1535 1748 1780 1813 occupat
1826 1740 2104 1796 transmi-

454 1844 662 1901 grare:
698 1846 813 1884 non
855 1829 1013 1885 enim
1064 1829 1367 1886 tolerabile
1413 1835 1540 1886 erat
1584 1836 1747 1887 terrae
1795 1846 2106 1887 ornamen-

455 1922 584 1973 tum
615 1917 718 1974 tali
758 1919 1004 1974 fortuna
1054 1935 1182 1976 esse
1231 1919 1570 1992 obnoxium,
1622 1937 1727 1977 nec
1778 1920 2103 1980 videbatur.

454 2005 693 2062 civitate
726 2007 1110 2078 periclitante,
1144 2007 1367 2081 aliquid
1397 2013 1455 2065 et
1474 2010 1628 2081 quod
1658 2009 1810 2065 inter
1836 2009 2105 2065 homines

466 2095 643 2152 solita
672 2099 831 2160 sunt,
881 2097 1144 2154 evenire:
1196 2102 1468 2155 caeterum
1516 2098 1821 2171 oportebat
1866 2098 2010 2154 illud
2048 2103 2107 2155 et

461 2201 591 2241 rem
620 2184 958 2257 impellebat
985 2188 1252 2258 quaedam
1286 2190 1628 2254 necessitas,
1658 2205 1776 2261 qua
1800 2187 1880 2244 nil
1904 2187 2109 2244 dicunt

465 2290 597 2331 esse
640 2273 992 2343 violentius;
1042 2280 1100 2331 et
1147 2276 1341 2348 reipsa
1386 2277 1627 2334 accedit.
1677 2281 1999 2349 Postquam
2046 2278 2107 2332 in

470 2361 893 2419 desolationem
941 2364 1160 2429 subito,
1200 2366 1372 2437 juxta
1403 2365 1618 2422 Psalmi
1660 2367 1856 2435 verba,
1906 2365 2110 2422 civitas

470 2451 699 2519 incidit,
731 2455 790 2508 et
820 2452 967 2508 nihil
1006 2469 1075 2509 ex
1115 2454 1208 2509 his
1257 2471 1385 2527 quis
1433 2455 1493 2510 in
1543 2472 1610 2511 ea
1656 2460 1822 2511 erant
1868 2455 2110 2520 mansit,

473 2541 574 2596 ubi
622 2540 750 2610 fuit,
802 2542 1239 2614 perturbatione
1286 2560 1401 2614 qua
1449 2543 1610 2599 illam
1659 2544 1719 2598 in
1764 2545 1931 2616 pejus
1998 2542 2117 2615 egit

477 2630 817 2702 perturbata
845 2634 971 2699 est;
1005 2634 1063 2685 et
1089 2630 1192 2686 illa
1231 2631 1470 2704 templa,
1519 2631 1734 2705 quibus
1781 2632 2118 2705 pulchriora

477 2735 583 2775 nec
611 2717 766 2775 oculi
796 2735 1057 2791 unquam
1089 2720 1303 2787 videre,
1336 2738 1440 2777 nec
1471 2721 1711 2777 auditus
1741 2721 1965 2791 audire,
1998 2722 2117 2777 imo

477 2824 583 2863 nec
609 2807 846 2863 animus
876 2808 1094 2880 ﬁngere
1141 2826 1260 2865 non
1302 2809 1580 2876 valerent,
1630 2810 1850 2866 directa
1891 2811 2115 2877 ferunt;

476 2897 629 2953 mdes
649 2895 896 2969 publica:
916 2913 981 2953 ac
998 2897 1329 2971 populares,
1348 2915 1475 2971 qua:
1495 2899 1761 2955 animum
1776 2899 2121 2972 spectatoris

476 2985 784 3058 splendore
812 2986 1150 3058 pascebant,
1193 2991 1389 3043 stratae
1432 2989 1706 3057 fuerunt;
1756 2987 2120 3043 lavacrorum

477 3073 713 3129 luxuria
741 3079 798 3130 et
825 3075 1134 3132 varietates
1156 3076 1484 3148 porticuum
1510 3076 1609 3148 qui
1633 3077 1893 3148 undique
1914 3077 2122 3132 urbem

480 3162 838 3230 dividebant,
898 3167 1074 3235 atque
1138 3169 1305 3238 septa
1370 3170 1428 3221 et
1490 3166 1598 3221 fori
1664 3166 1889 3238 species
1958 3166 2125 3221 humi

479 3257 859 3321 corruerunt;
891 3253 1038 3309 nihil
1082 3252 1374 3325 reliquum
1422 3257 1513 3311 est
1557 3254 1752 3310 videre
1801 3254 1913 3310 nisi
1958 3255 2127 3310 rude-

480 3358 615 3397 rum
644 3341 928 3413 tumulos,
960 3341 1063 3413 qui
1085 3342 1375 3398 inducunt
1393 3342 1488 3398 hic
1509 3343 1692 3400 fuisse
1710 3342 2001 3400 civitatem
2026 3359 2120 3399 co-
2152 3327 2197 3394 C

481 3430 689 3502 gitare.
727 3429 1047 3502 Postquam
1077 3430 1160 3485 ita
1183 3447 1246 3487 se
1276 3447 1367 3487 res
1398 3430 1752 3499 habuerunt,
1778 3439 1947 3487 tuum
1976 3448 2126 3503 opus

482 3521 607 3574 erat
636 3534 671 3573 a
700 3518 843 3574 coelo
873 3518 1255 3588 destinatum,
1292 3523 1350 3575 et
1377 3519 1567 3576 honor
1611 3520 1817 3576 urbem
1865 3520 2126 3592 primum

484 3606 820 3662 instaurare
849 3611 907 3663 et
936 3607 1009 3663 ad
1039 3607 1353 3679 pristinum
1387 3609 1625 3664 reddere
1668 3613 1912 3665 statum.
1954 3609 2130 3681 Opor-

485 3694 648 3750 tebat
678 3711 817 3751 sane
855 3694 916 3750 in
947 3695 1232 3768 regalium
1258 3713 1456 3752 rerum
1487 3698 1769 3753 ditionem
1799 3697 2051 3765 venisse,
2072 3702 2130 3753 et

486 3782 697 3839 throno
728 3784 888 3856 regio
919 3784 1206 3841 insedisse
1236 3786 1336 3857 qui
1375 3791 1509 3842 ante
1551 3791 1817 3858 tempora
1857 3787 2129 3843 innume-

489 3871 699 3927 rabilia
727 3873 800 3928 ad
833 3873 943 3928 hoc
964 3874 1409 3945 praedestinatus
1430 3879 1542 3946 est,
1564 3879 1622 3931 et
1642 3876 1819 3931 simul
1842 3878 1997 3947 quod
2025 3894 2133 3931 nu-

492 3976 597 4033 per
624 3959 684 4015 in
734 3977 1002 4019 sermone
1052 3963 1193 4029 dixi,
1243 3963 1467 4019 scilicet
1510 3969 1568 4019 te
1612 3964 1780 4036 regiae
1820 3966 2131 4037 potestatis

486 4054 787 4121 unguento
818 4051 1059 4106 unicum
1111 4052 1313 4121 fuisse,
1366 4059 1432 4108 ut
1480 4070 1595 4109 non
1646 4053 1895 4125 quilibet
1932 4054 2128 4124 homo,

488 4138 869 4195 manifestum
899 4139 1048 4196 bene
1078 4144 1168 4196 est
1198 4145 1256 4196 et
1284 4140 1509 4198 salvum
1550 4142 1807 4199 veritate.

2187 688 2273 722 ται
2330 664 2701 744 ὀφθαλμὸς,ἤ
2765 662 2982 737 μᾶλλον
3031 663 3223 734 εἰπεῖν,
3265 666 3301 733 ἡ
3348 664 3560 740 κορυφὴ
3601 670 3703 733 τῆς
3753 663 3842 718 ὑπ’

2191 757 2418 832 οὐρανὸν
2454 756 2780 833 ἀσαιρεῖται,
2821 753 2910 807 καὶ
2941 757 3219 828 νεκροῦται
3270 751 3370 806 ὅσα
3413 756 3523 806 τῶν
3572 750 3849 825 πολισμά-

2191 866 2299 901 των
2338 843 2444 900 εἴτε
2490 847 2608 899 κατ’
2652 844 2905 919 ἤπειρον,
2939 840 3045 897 εἴτε
3087 844 3177 897 καὶ
3226 844 3363 896 κατά
3415 843 3583 914 μέσην
3644 841 3847 906 θάλατ-

2192 957 2286 991 ταν
2340 933 2557 1011 ἔχουσιν
2609 933 2907 1008 ἄνθρωποι,
2953 932 3045 986 καὶ
3094 932 3280 1002 ἀταξία
3314 931 3405 986 καὶ
3450 931 3714 1007 σύγχυσις
3755 931 3849 985 καὶ

2194 1024 2538 1097 καινοτομία,
2575 1021 2663 1077 καί
2714 1020 2767 1077 εἴ
2805 1043 2857 1076 τι
2908 1019 3093 1097 ’ἕτερον
3145 1024 3255 1075 τῶν
3300 1017 3640 1096 παραδόξων,
3684 1040 3852 1075 κατα-

2197 1107 2462 1185 λαμϐάνει
2505 1111 2567 1165 τὸ
2636 1118 2763 1166 πᾶν·
2810 1110 2903 1164 καὶ
2964 1110 3194 1186 οὐρανὸς
3261 1110 3485 1178 ἄνωθεν,
3533 1110 3611 1170 ὡς
3672 1109 3851 1182 οἶμαι,

2198 1201 2505 1275 αἱματηρὰς
2580 1201 2782 1273 πέμπει
2836 1198 3098 1275 σταγόνας
3143 1200 3279 1272 (38),
3332 1198 3419 1253 καὶ
3471 1199 3646 1273 χορὸς
3695 1198 3853 1254 ἀστέ-

2203 1313 2310 1367 ρων
2357 1295 2563 1365 θρηνεῖ,
2595 1289 2683 1343 καὶ
2732 1288 2921 1350 σκότος
2965 1291 3001 1357 ἡ
3049 1286 3254 1358 σελήνη
3303 1288 3460 1361 νόμῳ
3507 1287 3850 1342 πενθούντων

2206 1381 2519 1455 ὑπέρχεται,
2552 1379 2639 1433 καὶ
2690 1380 2718 1432 ό
2759 1378 3045 1456 φωσφόρος
3096 1380 3325 1452 στυγνὰς
3370 1378 3509 1431 κατά
3552 1380 3653 1453 γῆς
3703 1377 3859 1431 ἀκτῖ-

2203 1491 2294 1531 νας
2353 1469 2598 1546 ἀφίησιν,
2628 1468 2689 1537 ἢ,
2733 1466 2944 1540 μᾶλλον
2995 1467 3187 1538 εἰπεῖν,
3245 1464 3362 1521 οὐδ’
3406 1466 3609 1543 ἀφῆκεν
3680 1464 3856 1535 ὅλως,

2206 1559 2491 1621 πεπονθὼς
2548 1559 2637 1612 καί
2697 1557 2857 1619 αὐτὸς
2915 1557 3052 1632 πρὸς
3109 1556 3173 1611 τὸ
3230 1556 3403 1620 πάθος
3456 1563 3560 1625 τῆς
3611 1554 3859 1618 πόλεως·

2210 1648 2291 1726 ἐφ’
2320 1649 2401 1709 οἷς
2457 1649 2603 1722 τάχα
2657 1647 2747 1701 καὶ
2800 1654 2870 1721 γῆ
2937 1646 3031 1718 μὲν
3083 1645 3415 1719 ἐμυκήσατο,
3447 1644 3554 1719 ἀὴρ
3588 1642 3645 1700 δὲ
3674 1644 3862 1721 ὥσπερ

2212 1741 2492 1811 κατηφιῶν
2544 1735 2596 1797 ἐς
2650 1737 2813 1810 βάθος
2861 1734 3159 1805 τεθόλωτο,
3191 1735 3280 1790 καὶ
3327 1732 3571 1789 Θάλασσα
3621 1734 3770 1810 παρά
3799 1737 3866 1789 τὸ

2219 1826 2409 1888 εἰωθὸς
2465 1825 2781 1897 ἐπωρίνετο,
2839 1823 3019 1900 ὥσπερ
3090 1825 3167 1897 μή
3235 1821 3502 1897 δυναμένη
3567 1824 3706 1899 πρὸς
3761 1826 3865 1892 τὴν

2220 1916 2501 1993 συμφοράν
2549 1916 2685 1988 (39),
2732 1913 2870 1988 πρὸς
2923 1910 2982 1967 δὲ
3046 1913 3213 1968 τόπον
3278 1910 3484 1989 ἓτερον,
3533 1912 3646 1968 ἀνθ’
3695 1913 3870 1989 οὗπερ

2212 2001 2350 2081 ἔχει,
2387 2007 2799 2077 μεταναστεῦσαι
2840 1998 3246 2079 φιλονεικοῦσα·
3298 1997 3425 2055 οὐδὲ
3472 1998 3577 2076 γάρ
3620 2000 3688 2068 ἦν
3736 1999 3873 2055 ἀνα-

2213 2093 2408 2169 σχετὸν
2451 2093 2514 2147 τὸ
2561 2088 2782 2167 ἄγαλμα
2833 2096 2935 2159 τῆς
2982 2088 3313 2163 οἰκουμένης
3363 2089 3467 2144 ὑπὸ
3520 2086 3733 2144 τοιάνδε
3771 2089 3874 2145 τύ-

2215 2204 2324 2259 χην
2359 2183 2510 2259 ὁρᾷν,
2538 2179 2654 2237 οὐδ’
2684 2179 2857 2237 ἐδόκει
2888 2202 2941 2236 τι
2978 2185 3088 2237 τῶν
3138 2181 3256 2236 κατ’
3298 2179 3620 2255 ἀνθρώπους
3671 2178 3874 2243 εἷωθό-

2214 2294 2324 2327 των
2351 2266 2688 2344 συμϐαίνειν,
2722 2270 3091 2345 ἁλισκομένης
3119 2273 3218 2339 τῆς
3267 2268 3507 2331 πόλεως·
3555 2267 3707 2338 πλὴν
3759 2266 3874 2324 ἔδει

2216 2361 2477 2438 γενέσθαι,
2541 2360 2633 2415 καὶ
2718 2358 2925 2435 ἀνάγκη
2996 2380 3078 2422 τις
3147 2358 3304 2414 ἐκίνει
3378 2357 3441 2412 τὸ
3506 2363 3754 2434 πρᾶγμα,
3806 2361 3878 2429 ἧς

2222 2448 2373 2505 οὐδὲν
2431 2449 2558 2526 φασὶ
2633 2449 2958 2525 βιαιότερονο
3017 2447 3108 2503 καὶ
3195 2446 3374 2521 μέντοι
3456 2446 3546 2502 καὶ
3621 2447 3874 2523 γέγονεν.

2222 2539 2372 2595 Ἐπεὶ
2431 2536 2478 2593 δ’
2529 2537 2739 2614 ἐγένετο
2795 2537 2885 2592 καὶ
2942 2537 3017 2599 εἷς
3078 2536 3357 2613 ἐρήμωσιν
3389 2534 3629 2608 ἐξάπινα,
3661 2534 3878 2610 ψαλμι-

2223 2633 2331 2690 κῶς
2381 2627 2571 2696 εἰπεῖν,
2600 2627 2669 2682 τά
2713 2630 2812 2695 τῆς
2862 2625 3080 2689 πόλεως
3128 2624 3290 2695 ἦλθε,
3319 2625 3409 2680 καὶ
3462 2622 3614 2680 οὐδὲν
3652 2629 3762 2679 τῶν
3816 2626 3873 2681 ἐν

2224 2717 2364 2791 αὐτῇ
2426 2718 2726 2791 μεμένηκεν
2790 2716 2869 2794 ἐφ’
2929 2717 3079 2791 ᾧπερ
3131 2713 3417 2790 ἐτύγχανε,
3449 2714 3660 2785 κίνησιν
3695 2711 3755 2769 δὲ
3809 2715 3883 2769 τά

2225 2808 2400 2862 πάντα
2443 2804 2695 2876 κεκίνητο
2741 2806 2840 2874 τήν
2892 2804 2981 2860 ἐπὶ
3044 2804 3109 2859 τὸ
3175 2809 3386 2879 χεῖρον,
3436 2802 3526 2858 καὶ
3591 2802 3703 2858 ναοὶ
3774 2805 3877 2875 μὲν

2228 2897 2444 2965 ἐκεῖνοι,
2475 2897 2550 2949 ὧν
2605 2893 2823 2950 καλλίω
2880 2890 2993 2948 οὔτ’
3048 2892 3327 2972 ἀφθαλμοὶ
3390 2892 3490 2948 οὐκ
3546 2888 3701 2969 ἔσχον
3738 2889 3880 2948 ἰδεῖν

2230 2982 2494 3057 οὐδαμοῦ,
2527 2980 2639 3038 οὔτ’
2670 2982 2809 3051 ἀκοὴ
2839 2982 3086 3051 ἀκοῦσαι,
3119 2980 3246 3037 ἀλλ’
3291 2980 3418 3037 οὐδὲ
3465 2986 3590 3044 νοῦς
3636 2980 3885 3037 ἀναπλά-

2230 3074 2439 3146 σασθαι,
2488 3073 2951 3149 κατεστράφησαν,
3019 3068 3309 3143 οἱκοδομαὶ
3370 3068 3429 3125 δὲ
3498 3067 3759 3144 δημόσιαί
3826 3091 3891 3125 τε

2231 3161 2322 3218 καὶ
2354 3159 2672 3235 δημοτικαὶ,
2705 3160 2955 3216 ἐπιῶσαι
3006 3159 3097 3214 καὶ
3150 3159 3243 3215 τὸν
3301 3161 3494 3229 θεατὴν
3531 3162 3601 3233 τῇ
3662 3156 3893 3237 φαιδρό-

2232 3273 2383 3322 τητι,
2448 3244 2885 3319 κατεϐλήθησαν,
2943 3248 3227 3324 λουτήρων
3304 3245 3364 3303 δὲ
3432 3242 3730 3325 ἀϐρότητες
3796 3248 3891 3303 καὶ

2233 3338 2504 3397 ποικιλίαι
2535 3360 2705 3394 στοων
2738 3339 3054 3414 ἁπανταχοῦ
3107 3337 3475 3414 μεριζομένων
3522 3341 3622 3393 τοῦ
3672 3334 3891 3411 ἄστεος,

2233 3431 2324 3486 καὶ
2371 3423 2680 3505 περίϐολοι,
2729 3427 2818 3483 καὶ
2866 3429 3068 3504 ἀγορᾶς
3113 3434 3328 3503 σχῆμα,
3377 3428 3514 3481 κατά
3556 3432 3663 3502 γῆς
3706 3423 3895 3502 ἤχθη-

2237 3539 2354 3587 σαν,
2405 3515 2774 3572 ἀπολέλειπτο
2822 3513 2881 3571 δὲ
2945 3516 3110 3589 μόνον
3180 3515 3431 3592 ἐρειπίων
3498 3516 3627 3591 ὁρᾷν
3704 3513 3895 3571 κολω-

2235 3606 2361 3669 νοῦς
2415 3608 2549 3680 (40),
2606 3604 2769 3661 πόλιν
2824 3604 2956 3660 εἶναί
3034 3625 3167 3660 ποτε
3240 3608 3408 3658 ταῦτα
3464 3600 3897 3679 συλλογίσασθαι

2238 3695 2675 3773 παρεχομένους*
2732 3692 2922 3764 ἐπειδή
2949 3694 3093 3750 οὕτω
3122 3695 3271 3749 ταῦτ’
3300 3689 3446 3768 ἔσχε,
3479 3693 3569 3748 σὸν
3618 3694 3687 3763 ἦν
3736 3692 3899 3771 ἔργον

2240 3787 2440 3840 ἄνωθεν
2520 3781 3080 3858 ἀποτεταμιευμένον,
3144 3782 3358 3856 ἀξίωμά
3418 3803 3478 3837 τε
3549 3783 3613 3837 τὸ
3676 3788 3899 3859 πρῶτον

2235 3876 2336 3944 τὴν
2363 3874 2531 3929 πόλιυ
2560 3869 2847 3929 ἀναλαϐεῖν
2898 3874 2988 3928 καὶ
3037 3872 3174 3949 πρὸς
3220 3874 3320 3941 τήν
3371 3872 3603 3948 ἀρχαίαν
3649 3873 3902 3947 γενέσθαι

2237 3962 2577 4019 κατάστασιν.
2630 3964 2834 4037 Ἐχρῆν
2878 3962 2980 4037 γὰρ
3027 3962 3105 4023 ὡς
3146 3960 3367 4031 ἀληθῶς
3433 3960 3523 4015 καὶ
3585 3964 3692 4014 τῶν
3739 3962 3904 4037 βασι-

2239 4050 2401 4107 λείων
2452 4052 2504 4107 ἐν
2562 4051 2883 4127 κατασχέσει
2937 4049 3179 4126 γενέσθαι
3238 4050 3327 4104 καὶ
3377 4054 3475 4104 τοῦ
3526 4049 3719 4126 θρόνου
3764 4062 3907 4115 καθ-

2243 4148 2400 4212 ζῆσκι
2448 4145 2547 4211 τῆς
2605 4140 2884 4217 βασιλείας
2914 4140 3074 4213 (40⁸),
3105 4140 3164 4201 ’ὸς
3191 4137 3281 4193 καὶ
3329 4138 3435 4213 πρὸ
3482 4138 3696 4214 χρόνων
3738 4137 3904 4194 ἀπεί-

490 4246 600 4302 ρων
656 4226 732 4288 sic
788 4231 949 4281 τοῦτο
1010 4228 1309 4304 προώρισοσ
1369 4230 1460 4283 καὶ
1520 4231 1823 4304 ἄμαὸπρὸ
1884 4234 2080 4307 μικροῦ
2139 4253 2233 4304 μοι
2294 4229 2463 4306 λόγος
2521 4230 2727 4305 ῥηθεὶς,
2761 4229 2818 4283 σὲ
2868 4230 2949 4301 τῷ
2975 4235 3076 4297 τῆς
3108 4227 3383 4304 βασιλείας
3416 4226 3573 4304 μύρῳ
3600 4235 3903 4303 χρισθῆναι

487 4316 562 4378 ὡς
596 4313 774 4378 οὐδεὶς
805 4316 1099 4392 ἀνθρώπων
1134 4316 1412 4388 οὐδέποτε,
1446 4316 1616 4387 δῆλός
1647 4318 1784 4373 ἐστιν
1816 4316 1960 4394 ἔχων
1991 4320 2175 4383 καλῶς
2209 4318 2297 4375 καί
2327 4317 2558 4391 ἀληθείᾳ
2586 4317 2918 4391 σωζόμενος.

557 4408 629 4463 Ει
657 4411 933 4479 praeterea
971 4408 1099 4480 ipsa
1147 4408 1301 4465 facta
1348 4409 1659 4464 verborum
1708 4411 2133 4466 conﬁrmarunt

486 4498 809 4554 veritatem.
844 4497 1069 4570 Regum
1101 4498 1259 4553 enim
1310 4497 1413 4569 qui
1460 4498 1805 4570 priusquam
1854 4504 1917 4554 tu
1961 4501 2135 4556 exsti-

2314 4408 2412 4464 Καὶ
2471 4405 2539 4477 δὴ
2597 4406 2732 4463 αὐτά
2801 4428 2894 4480 μοι
2945 4408 3014 4461 τὰ
3065 4405 3357 4482 πράγματα
3411 4410 3517 4460 τῶν
3581 4404 3903 4482 λεγομένων

2241 4497 2497 4573 ἐπικυροῖ
2549 4497 2648 4565 τὴν
2708 4495 2991 4567 ἀλήθειαν.
3024 4493 3273 4557 Βασιλεῖς
3316 4495 3418 4570 γάρ
3463 4494 3516 4549 οἳ
3543 4494 3814 4572 πρότερον
3863 4499 3902 4567 ἢ

490 4590 710 4655 terunt,
742 4585 841 4642 alii
872 4585 1207 4643 incolebant
1236 4586 1551 4659 civitatem,
1583 4591 1760 4659 atque
1810 4588 2027 4645 divitiis
2076 4606 2113 4645 e‘

2240 4588 2299 4642 σὲ
2328 4594 2582 4666 φανῆναι,
2618 4587 2669 4640 οἱ
2704 4586 2798 4659 μὲν
2846 4587 2945 4655 τὴν
2998 4583 3163 4641 πόλιν
3215 4589 3490 4659 κατεῖχον,
3521 4583 3612 4639 καὶ
3667 4583 3905 4660 πλούτῳ

491 4675 673 4748 copiis
702 4675 1033 4731 innumeris
1065 4681 1123 4731 et
1152 4677 1429 4731 omnibus
1479 4692 1606 4748 quae
1655 4678 1726 4732 ad
1779 4676 2001 4733 bellum
2049 4678 2110 4733 in

2241 4676 2333 4731 καὶ
2376 4675 2791 4750 στρατευμάτων
2847 4675 3095 4748 μυριάσι,
3144 4673 3236 4727 καὶ
3303 4678 3422 4735 τοῖς
3467 4671 3565 4727 ὅσα
3608 4673 3749 4749 πρὸς
3796 4674 3909 4729 πό-

491 4764 755 4820 serviunt
784 4764 1135 4832 difﬂuentes,
1167 4765 1500 4822 invasiones
1530 4765 1822 4822 faciebant
1849 4772 1907 4822 et
1935 4767 2131 4823 incur-

492 4853 707 4920 siones,
739 4857 797 4909 et
824 4853 883 4908 in
911 4855 1192 4911 ditionem
1221 4853 1480 4927 aliquam
1503 4859 1735 4928 gentem
1755 4856 2127 4929 redigebant;

490 4944 548 4996 et
577 4941 815 5011 quidem
846 4943 971 4998 haec
1000 4944 1252 5016 agebant
1281 4944 1382 5015 qui
1414 4944 1667 5000 maxime
1693 4946 1957 5001 omnium
1989 4962 2129 5017 ope-

488 5027 652 5084 ribus
697 5028 886 5085 inﬂati
938 5037 1115 5087 sunt:
1176 5032 1274 5087 alii
1321 5049 1477 5100 vero,
1536 5032 1880 5088 habitabant
1933 5037 1991 5088 et
2043 5033 2127 5087 illi

486 5118 754 5173 eamdem
783 5135 850 5173 ac
879 5119 931 5174 ei
961 5120 1275 5189 civitatem,
1317 5122 1418 5177 sed
1478 5138 1592 5176 non
1640 5120 1911 5177 volebant
1957 5122 2127 5193 quid-

486 5222 663 5277 quam
695 5209 797 5261 aut
838 5223 1005 5279 agere
1052 5212 1155 5263 aut
1195 5210 1542 5282 excogitare,
1604 5210 1751 5265 illud
1803 5209 1948 5266 satis
1999 5228 2127 5268 esse

555 5330 667 5401 (38)
696 5329 1003 5401 Respectu,
1035 5335 1195 5401 puto,
1225 5333 1295 5386 ad
1344 5332 1575 5389 Homeri
1624 5333 1816 5390 locum
1866 5335 2027 5390 Iliad.
2062 5354 2121 5391 π.

484 5402 589 5477 4ᾦὸ
624 5396 829 5477 {0333’-
868 5396 1133 5477 ἀπίσθῇσε
1182 5396 1383 5477 ’πατήρ
1459 5402 1663 5477 ἀνᾷρῶν
1718 5425 1776 5458 τε
1833 5409 1965 5477 θεῶν
2014 5426 2120 5477 Ατε,

485 5468 849 5555 Αἰματοέσσας
882 5468 939 5525 δὲ
967 5468 1159 5544 ψιάδας
1207 5468 1480 5528 κατέκευεν
1534 5468 1709 5550 ἔραζε,
1744 5473 1916 5529 ΙΙαῖόα
1963 5468 2121 5552 φίλον

484 5563 683 5596 τιμων.

548 5564 794 5691 Sic
824 5614 1019 5691 codex.
1055 5615 1239 5691 Locus
1269 5633 1380 5671 non
1422 5622 1519 5691 est;
1562 5618 1803 5691 integer.
1854 5618 2125 5691 suppleri

488 5686 1311 5769 potest,‘dumﬂcodex_melior
1332 5686 1831 5769 reperiaturﬁtpo;
1861 5686 1959 5757 τὴν
1980 5686 2125 5769 συμ-

490 5753 656 5833 ῖροράν
692 5753 842 5815 ἰδεῖν.
877 5758 1283 5831 Conjecturam
1326 5753 1562 5817 ﬁrmant
1608 5753 1750 5833 quae
1774 5753 2123 5833 sequuntu‘r.

2244 4763 2412 4837 λεμον
2479 4763 2646 4835 τελεῖ,
2718 4763 3021 4840 βρίθοντες,
3090 4760 3385 4833 ἐξελεύσεις
3451 4760 3736 4818 ἐποιοῦντο
3809 4765 3904 4819 καί

2242 4850 2608 4929 καταδρομάς,
2635 4851 2726 4907 καὶ
2774 4848 3207 4907 κατεδουλοῦντό
3255 4872 3374 4905 τινα
3416 4854 3524 4905 τῶν
3575 4849 3769 4922 ἐθνῶν,
3808 4854 3902 4908 καὶ

2238 4943 2388 4996 ταῦτ’
2430 4940 2646 4995 ἐποίουν
2701 4940 2754 4994 οἱ
2809 4939 3045 5014 μάλιστα
3084 4943 3194 4994 τῶν
3264 4940 3514 4994 ἁπάντων
3582 4937 3665 4994 ἐπ’
3711 4936 3901 5017 ἔργοις

2242 5032 2628 5106 φρονήσαντες·
2663 5030 2714 5083 o't
2748 5026 2824 5101 δὲ,
2868 5026 3046 5097 ᾤκουν
3103 5028 3196 5102 μὲν
3245 5028 3335 5082 καὶ
3383 5029 3533 5083 οὗτοι
3581 5029 3680 5097 τὴν
3727 5029 3903 5099 αὐτὴν

2241 5118 2462 5180 ἐκείνοις
2493 5118 2679 5187 πόλιν,
2711 5120 2845 5186 ἦσαν
2879 5116 2925 5171 δ’
2953 5118 3105 5189 ὅμως
3136 5118 3283 5193 παρά
3309 5122 3471 5172 τοῦτο
3522 5114 3694 5190 μηδὲν
3756 5122 3903 5192 μήτε

2237 5209 2488 5282 πράττειν
2575 5209 2713 5280 μήτε
2808 5204 3136 5270 διανοεῖσθαι
3221 5203 3529 5279 δυνάμενοι,
3614 5207 3899 5283 ἀγαπητὸν

2308 5333 2420 5405 (40)
2453 5334 2683 5407 Similia
2729 5334 2800 5407 de
2830 5333 3046 5407 eadem,
3070 5348 3131 5387 re
3158 5331 3671 5407 verbaANic‘ephori
3720 5334 3895 5407 Greg.

2238 5399 2324 5478 1v,:
2373 5399 2412 5460 2
2469 5424 2481 5461 :
2541 5406 2637 5478 ’ῌν
2699 5403 2793 5476 μὲν
2852 5401 2942 5457 οὖν
3001 5400 3132 5456 ἰδεῖν
3178 5404 3279 5478 τήν
3335 5399 3740 5478 βασιλεύουσαν-
3782 5399 3894 5458 τιῖῖν

2235 5474 2449 5601 Ξτόλεων
2494 5472 3049 5552 πεδίονάφανισμοῦ,
3095 5475 3297 5546 μεστὴν
3335 5472 3605 5548 ’ἐρειπίων
3655 5474 3747 5528 καὶ
3794 5496 3898 5530 κο-

2275 5568 2448 5601 ωνων.

2275 5568 2346 5601 (υν
2353 5569 2448 5600 ων.

2306 5618 2763 5691 (4Ο)1)υ1)ἱιομᾴρ
2796 5617 2902 5675 hac
2946 5633 3085 5691 voce
3132 5634 3206 5674 an
3248 5618 3397 5691 bene
3435 5633 3567 5673 eam
3614 5617 3888 5691 legerim.

2235 5684 2475 5758 Forsan,
2538 5684 2815 5764 βασιλίδος
2887 5689 3093 5759 Codex,
3162 5692 3228 5745 ut
3282 5689 3532 5759 videtur,
3628 5684 3890 5763 βᾶσίλας.
