4118 6456
326 456 432 522 877

1328 453 1727 522 LAUDATIO
1769 447 2196 518 MICHAELlS
2241 448 2703 518 PALEOLOGI.

3591 436 3713 505 378

321 589 613 669 ἡγούμενοι
644 588 736 647 καὶ
761 595 944 664 τοῦτο,
976 589 1023 647 εἰ
1070 593 1145 666 μὴ
1193 595 1299 649 τῶν
1358 590 1580 648 ἐνόντων
1627 589 1956 645 ἐκπίπτοιεν.

2095 592 2204 665 'ati,
2238 597 2392 668 quod
2441 614 2558 654 non
2615 613 2649 652 a
2696 593 2958 670 potentia
2984 593 3335 671 exciderent,
3392 598 3559 655 erant
3604 611 3709 653 au-

321 683 451 753 ἦσαν
482 679 532 736 δ’
557 678 756 744 οἵτινες
782 682 959 758 (τρίτη
993 683 1139 753 τάξις
1171 681 1304 754 αὕτη
1355 686 1459 736 τῶν
1518 688 1620 751 τῆς
1681 678 1959 757 βασιλίδος

2095 705 2187 745 em
2220 688 2460 761 quidam
2515 688 2746 760 (tertius
2775 686 2917 743 ordo
2958 685 3058 743 ille
3087 690 3175 743 est
3231 704 3434 744 eorum
3484 685 3585 761 qui
3615 703 3709 743 res

321 770 775 848 κεκρατηκότων),
810 771 862 826 οἳ
919 768 1032 826 οὐδ’
1090 771 1219 827 αὐτὸ
1274 776 1434 826 τοῦτο
1507 770 1738 849 φυλάξαι
1812 767 1961 826 δεδύ-

324 882 499 933 νηντο,
548 860 630 937 ἐφ’
684 861 760 915 ὧν
816 858 943 930 ἥλω
996 861 1059 915 τὸ
1117 860 1409 938 κεφάλαιον
1461 868 1562 930 τῆς
1620 859 1820 936 ἀρχῆς,
1872 858 1963 914 καὶ

330 949 714 1026 κατεχόρευσαν
750 944 1015 1026 βάρϐαροί
1054 970 1192 1012 τινες
1241 949 1329 1004 καὶ
1376 949 1652 1025 ’Δσσύριοι
1699 956 1800 1019 τῆς
1842 946 1963 1010 νέας

339 1041 490 1112 Σιὼν,
538 1039 630 1093 καὶ
680 1035 947 1093 ἔκπτωσιν
992 1042 1156 1112 ἡμεῖς
1200 1040 1412 1112 ἀπρεπῆ
1463 1038 1861 1112 ἐπεπόνθειμεν.
1903 1038 1967 1091 Ol.

342 1126 396 1184 δὲ
443 1129 547 1202 μετ’
574 1128 813 1190 ἐκείνους
862 1124 1048 1201 ἄνδρες
1097 1128 1305 1202 ἀρεϊκοὶ
1353 1128 1660 1204 γεγονότες,
1692 1129 1782 1183 καὶ
1826 1127 1966 1183 πολ-

340 1216 463 1279 lo’x
488 1213 755 1279 πολλάκις
800 1214 1156 1292 διενεγκόντες
1203 1216 1482 1291 πολέμους
1532 1217 1620 1272 καὶ
1666 1216 1965 1292 ὑπερσχόν-

334 1327 435 1378 τες,
493 1306 673 1382 ὥσπερ
735 1305 787 1361 ἐν
845 1307 1105 1383 ὑπερορίᾳ
1177 1313 1391 1383 κρατεῖν
1473 1308 1549 1380 μή
1621 1306 1967 1382 ἀνεχόμενοι,

327 1395 510 1451 πολλά
542 1396 638 1468 μὲν
673 1393 1054 1450 διεπύκτευσαν
1084 1397 1221 1473 πρὸς
1271 1398 1369 1465 τήν
1426 1398 1749 1473 καταγωγὴν
1809 1416 1968 1472 στρα-

324 1485 631 1558 τευόμενοι,
690 1486 1109 1560 μηχανώμενοι,
1168 1485 1587 1563 ἐπιχειροῦντες,
1635 1484 1693 1540 ἐκ
1742 1493 1870 1562 γῆς,
1915 1485 1974 1541 ἐκ

324 1573 619 1646 θαλάττης,
670 1573 730 1628 ἐκ
785 1573 956 1629 τόπου
1011 1575 1211 1637 παντὸς
1269 1574 1357 1630 καὶ
1406 1575 1635 1652 τρόπου,
1687 1572 1876 1650 δρᾶσαι
1916 1572 1973 1629 δὲ

318 1664 459 1726 τὲως
488 1666 592 1732 τῆς
622 1662 929 1739 προθυμίας
980 1662 1192 1735 ἐπάξιον
1253 1662 1405 1719 οὐδὲν
1459 1661 1706 1727 οὐδόλως
1764 1664 1975 1741 ἐξίσχυ-

319 1774 439 1808 σαν.
469 1754 544 1807 Τὸ
574 1750 635 1807 δὲ
664 1752 779 1822 σὸν,
812 1753 1037 1823 ὁποῖον;
1069 1751 1368 1825 Ἐκπληξις
1402 1755 1644 1831 ἀτεχνῶς
1690 1753 1780 1809 καὶ
1838 1753 1977 1828 πέρα

318 1841 606 1915 θαύματος
656 1842 718 1896 τὸ
768 1840 1084 1918 γενόμενον,
1137 1841 1263 1898 ὥστ’
1321 1840 1434 1897 οὐδ’
1491 1841 1605 1920 ἔχει
1664 1844 1801 1920 πρὸς
1843 1842 1975 1917 ὅπερ

316 1930 380 1986 ἂν
436 1931 539 2029 καὶ
586 1930 951 2006 συγκρίνοιτο.
982 1933 1314 2006 Παρεστήσω
1368 1929 1554 2029 πόλιν,
1617 1938 1732 2005 μεθ’
1789 1929 1974 1986 ὅπλων
2008 1963 2057 2029 Β

319 2021 444 2094 μὲν,
474 2016 627 2089 πλὴν
683 2021 928 2094 αἱμάτων
987 2020 1186 2096 χωρὶς,
1216 2021 1308 2076 καὶ
1357 2018 1520 2076 πόλιν
1550 2022 1613 2091 ἣν
1641 2022 1693 2076 οἱ
1726 2023 1819 2095 μὲν
1868 2024 1973 2075 τῶν

316 2108 437 2165 ἄνω
483 2108 756 2185 βασιλέων
806 2110 1082 2186 κατέχειν,
1130 2111 1181 2164 οἱ
1248 2108 1307 2166 δὲ
1363 2116 1657 2187 κατασχεῖν
1704 2114 1816 2186 (41)
1880 2110 1979 2165 οὐκ

317 2196 615 2269 ἠδύναντο,
654 2197 745 2253 καὶ
801 2204 1017 2275 κρατεῖς
1073 2196 1259 2262 ἄστεος
1316 2198 1449 2277 ὅπερ
1509 2200 1704 2257 ἐκεῖνοι
1755 2197 1979 2255 ἀπώλε-

322 2308 442 2359 σαν,
498 2286 590 2342 καὶ
652 2284 815 2350 δίδως
869 2294 995 2364 παρ’
1053 2286 1250 2344 ἐλπίδα
1304 2287 1597 2363 Ῥωμαίοις
1653 2293 1855 2367 τρυφᾷν
1914 2289 1980 2344 τὰ

323 2379 434 2446 τῆς
485 2373 770 2451 βασιλίδος
814 2374 978 2448 καλὰ,
1006 2378 1081 2432 ὧν
1131 2376 1394 2455 ἐξόριστοι
1441 2376 1670 2435 πολλῶν
1710 2376 1820 2450 ἤδη
1849 2376 1982 2454 χρό-

321 2486 438 2521 νων
470 2464 795 2542 ἐτύγχανον.

402 2554 505 2610 Καὶ
538 2554 608 2610 οὗ
640 2555 804 2629 μόνον
835 2577 899 2632 γε
925 2561 1108 2630 τοῦτο,
1140 2556 1287 2613 ἀλλά
1330 2557 1420 2612 καὶ
1473 2557 1537 2612 τὸ
1594 2555 1732 2613 ἴδιον
1792 2560 1985 2633 σχῆμα

334 2644 523 2707 καλῶς
571 2649 642 2718 τῇ
691 2649 759 2719 σῇ
808 2645 1101 2722 προνοίᾳη
1147 2643 1314 2708 πόλις
1362 2641 1610 2718 ἀνέλαϐε,
1639 2647 1730 2701 καὶ
1779 2648 1807 2701 6
1836 2645 1985 2719 περί-

340 2730 511 2797 ϐολος
554 2732 705 2807 μάλα
751 2739 962 2808 σεμνῶς
1018 2734 1284 2807 ἀνεσώθη,
1315 2735 1405 2790 καὶ
1465 2735 1719 2809 μονονοὺ,
1754 2760 1782 2788 ‹‹
1813 2734 1984 2799 Πόλις

341 2823 453 2896 εἰμὶ
500 2822 593 2878 καὶ
642 2820 791 2885 αὖθις
825 2820 916 2878 διὰ
944 2825 1021 2897 σε,
1056 2847 1086 2877 ›)
1121 2825 1225 2901 βοᾷ
1285 2822 1519 2901 βασιλὶς,
1551 2850 1581 2878 ‹‹
1614 2826 1673 2880 ὃν
1730 2825 1987 2882 ἀπώλεσα

340 2913 543 2986 κόσμον
604 2907 951 2968 ἀναλαϐοῦσα
1007 2911 1381 2992 φαιδρότερον,
1420 2914 1511 2969 καὶ
1564 2916 1683 2985 τὴν
1720 2917 1984 2993 στεφάνην

343 3000 583 3065 ἐπιθεῖσα
641 3005 711 3075 τῇ
768 3001 1003 3079 κεφαλῇ,
1033 3004 1096 3071 ἦν
1128 3003 1156 3057 ὁ
1203 3002 1404 3079 χρόνος
1461 3004 1603 3077 ὁμοῦ
1656 3004 1746 3059 καὶ
1804 3010 1985 3081 χεῖρες

346 3090 559 3162 ἀνόμων
627 3089 704 3153 εἷς
762 3088 932 3169 ἐδάφη
966 3093 1316 3167 κατήρειψαν.
1368 3116 1398 3144 ››
1448 3095 1601 3157 Ὅθεν
1658 3094 1770 3165 καὶ,
1804 3093 1853 3149 εἴ
1910 3097 1985 3167 μὴ

352 3182 445 3250 τῷ
479 3173 662 3255 ἑτέρῳ,
692 3175 748 3235 ἕν
806 3201 868 3257 γε
923 3179 1059 3242 τέως
1245 3179 1486 3257 βασιλίδι
1522 3182 1686 3260 μυρία
1744 3204 1839 3237 σου
1887 3190 1987 3253 τῆς

306 3270 313 3275 ’
360 3265 760 3344 μεγαλοψυχίας
788 3268 1160 3346 γνωρίσματα.
1193 3272 1303 3339 Τῆς
1342 3267 1401 3325 δὲ
1459 3292 1554 3326 σου
1612 3272 1739 3349 περὶ
1791 3273 1854 3327 τὸ
1902 3274 1985 3328 θε-

2072 793 2269 850 regere
2299 776 2554 833 civitatis
2602 776 2995 848 occupavere),
3045 777 3147 848 qui
3202 794 3316 833 non
3347 777 3456 833 hoc
3510 775 3707 849 ipsum

2073 883 2300 923 servare
2328 869 2664 938 potuerunt,
2723 866 2940 937 quibus
2970 870 3144 936 caput
3184 866 3414 938 imperii
3443 868 3708 938 ereptum

2074 959 2182 1021 est,
2239 958 2297 1011 et
2326 955 2762 1011 exsultaverunt
2801 955 3039 1011 Barbari
3084 955 3324 1027 quidam
3380 959 3440 1012 et
3493 953 3712 1029 Assyrii

2075 1061 2231 1099 novae
2245 1045 2465 1113 Sion,et
2480 1045 2839 1101 eversionem
2861 1044 3165 1118 indignam
3177 1062 3285 1101 nos
3301 1045 3459 1117 passi
3480 1060 3711 1101 sumus.

2077 1134 2185 1199 Qui
2241 1139 2373 1206 post
2418 1133 2549 1190 illos
2576 1135 2685 1190 viri
2736 1134 2996 1191 bellicosi
3026 1135 3372 1191 exstiterunt
3426 1138 3481 1190 et
3527 1133 3717 1190 multa

2079 1224 2492 1280 sustinuerunt
2520 1223 2720 1296 praelia
2749 1228 2806 1280 et
2834 1223 3292 1295 vicerunt,quasi
3323 1240 3440 1279 non
3470 1222 3718 1279 toleran-

2078 1317 2169 1368 tes
2199 1313 2257 1367 in
2317 1312 2489 1368 exilio
2541 1313 2850 1385 imperare,
2899 1313 3087 1369 multa
3115 1314 3186 1369 ad
3230 1312 3485 1369 reditum
3530 1316 3716 1369 tenta-

2080 1419 2231 1469 vere,
2266 1406 2393 1458 tum
2425 1401 2747 1472 militando,
2781 1407 2909 1458 tum
2953 1402 3363 1473 machinando,
3412 1407 3542 1458 tum
3591 1419 3718 1459 mo-

2081 1492 2295 1561 liendo,
2328 1509 2396 1547 ex
2424 1495 2599 1561 terra,
2630 1508 2700 1546 ex
2728 1491 2900 1558 mari,
2946 1495 3003 1546 et
3048 1490 3209 1547 omni
3253 1490 3379 1547 loco
3412 1495 3469 1546 et
3520 1491 3716 1559 modo,

2082 1580 2269 1635 facere
2288 1596 2422 1636 vero
2446 1580 2768 1652 quidquam
2786 1579 3032 1651 dignum
3053 1595 3254 1635 eorum
3276 1578 3572 1636 alacritate
3602 1580 3718 1636 uti-

2083 1684 2196 1739 que
2228 1685 2342 1724 non
2388 1668 2715 1724 valuerunt.
2763 1669 2953 1723 Tuum
3002 1684 3135 1724 vero
3164 1684 3332 1741 opus,
3371 1667 3543 1740 quale
3572 1672 3662 1724 est
3690 1668 3719 1723 Τ

2082 1761 2297 1830 Stupor
2341 1761 2495 1814 certe
2549 1758 2760 1813 incutit
2807 1760 2864 1813 et
2891 1760 2981 1813 est
3008 1773 3188 1831 supra
3245 1757 3716 1828 admirationem,

2084 1847 2169 1904 ita
2197 1851 2264 1903 ut
2293 1846 2441 1902 nihil
2471 1847 2684 1903 habeat
2733 1846 2827 1901 cui
2875 1847 3226 1903 conferatur.
3257 1846 3553 1919 Subegisti
3583 1846 3723 1903 civi-

2083 1940 2286 2004 tatem,
2320 1953 2424 2009 per
2452 1953 2617 1993 arma
2644 1936 2902 2007 quidem,
2935 1936 3038 1993 sed
3068 1937 3196 1993 sine
3225 1936 3532 2010 sanguine,
3564 1940 3621 1994 et
3649 1937 3727 1992 ci-

2083 2027 2322 2083 vitatem
2350 2043 2528 2098 quam
2558 2025 2941 2097 pristinorum
2963 2041 3168 2098 regum
3191 2024 3289 2082 alii
3324 2026 3593 2095 retinere,
3624 2025 3726 2082 alii

2086 2131 2370 2189 occupare
2398 2131 2515 2172 non
2545 2104 2875 2187 potuerant,
2905 2117 2962 2171 et
3012 2131 3263 2187 occupas
3292 2114 3499 2171 urbem
3546 2130 3726 2187 quam

2088 2204 2185 2262 isti
2216 2204 2617 2277 perdiderunt,
2647 2206 2706 2259 et
2727 2203 2832 2259 das
2855 2205 3063 2275 praeter
3092 2202 3581 2260 existimationem
3611 2204 3722 2260 Ro-

2089 2292 2283 2349 manis
2338 2291 2752 2365 splendoribus
2806 2290 3080 2348 delectari
3134 2292 3348 2365 reginae
3390 2291 3664 2361 civitatis,
3696 2308 3727 2350 e

2090 2380 2306 2453 quibus
2346 2383 2603 2436 extorres
2629 2379 2802 2453 longo
2833 2378 3045 2437 abhinc
3070 2383 3332 2453 tempore
3360 2380 3616 2437 fuerunt.

2160 2560 2233 2615 Et
2259 2576 2377 2616 non
2407 2560 2517 2616 hoc
2547 2559 2739 2615 solum
2770 2558 3008 2631 quidem
3067 2558 3168 2615 sed
3228 2558 3402 2615 etiam
3436 2557 3730 2631 propriam

2091 2648 2346 2721 speciem
2398 2652 2499 2704 tua
2552 2646 2915 2719 providentia
2962 2647 3103 2703 urbs
3150 2646 3360 2703 eximie
3390 2646 3730 2719 resumpsit,

2092 2742 2150 2794 et
2178 2740 2410 2810 septum
2467 2735 2892 2809 gloriosissime
2947 2735 3283 2793 restitutum
3339 2739 3449 2803 est,
3507 2739 3565 2792 et
3614 2736 3733 2791 fere

2094 2848 2122 2877 «
2156 2827 2304 2883 Urbs
2335 2842 2439 2899 per
2465 2828 2524 2882 te
2552 2841 2686 2881 sum
2716 2841 2942 2891 rursus,
2971 2842 2999 2876 ι
3035 2823 3252 2881 clamat
3280 2824 3482 2897 regina
3505 2823 3731 2895 civitas,

2101 2935 2122 2965 ι
2155 2916 2361 2971 decore
2411 2917 2615 2971 ornata
2644 2929 2825 2986 quam
2876 2913 3168 2986 perditum
3219 2912 3633 2985 splendidiore,
3672 2916 3732 2969 et

2094 3004 2345 3077 positam
2368 3002 2781 3076 capitibabens
2798 3018 3277 3074 coronam,quam
3297 3006 3531 3075 tempus
3555 3001 3734 3058 simul

2095 3076 2162 3150 ac
2192 3110 2404 3149 manus
2446 3092 2785 3165 iniquorum
2831 3090 2998 3147 humi
3054 3076 3419 3163 dejecerant;
3451 3112 3480 3142 »
3514 3091 3736 3163 itaque,

2096 3182 2322 3239 etiamsi
2356 3198 2474 3237 non
2501 3180 2647 3237 alias
2678 3180 2954 3247 forent,in
2985 3180 3366 3253 Urbe-regina
3394 3178 3580 3236 millia
3599 3183 3742 3236 sunt

2098 3275 2211 3327 tua:
2233 3269 2735 3344 magnanimitatis
2750 3267 3103 3325 indicia.Tui
3124 3284 3257 3325 vero
3278 3268 3339 3323 in
3362 3273 3475 3325 Deo
3496 3267 3739 3325 colendo

354 3336 590 3433 ραπεύειν
708 3336 853 3414 θεῖον
884 3336 1218 3435 θερμότητος
1247 3336 1433 3415 πολλά
1467 3358 1652 3434 μέντοι
1686 3336 1788 3416 ’καὶ
1844 3359 1982 3417 ἄλλα

2100 3336 2586 3417 διιᾶοῐιίενεχεῐαιιῑ
2613 3362 2671 3415 et
2700 3361 2903 3415 caetera
2929 3357 3117 3414 multa
3142 3356 3500 3430 testimonia,
3516 3355 3740 3430 templa

348 3447 633 3520 τεκμήρια,
692 3445 850 3502 θείων
932 3452 1075 3502 ναῶν
1136 3449 1449 3524 ἁπανταχοῦ
1520 3456 1622 3519 τῆς
1704 3450 1989 3524 Ῥωμαίων

347 3532 720 3608 ἀνοικοδομαί,
778 3534 939 3607 ξένων
1014 3536 1348 3613 καταγωγαὶ,
1416 3537 1715 3594 νοσούντων
1797 3540 1986 3614 ἐπιμέ-

346 3622 506 3694 λειαι,
566 3623 804 3679 ἀσθενῶν
891 3623 1141 3701 ἰατρεῖαι,
1194 3625 1327 3680 κάπὶ
1401 3630 1470 3701 τῇ
1529 3632 1674 3705 σφῶν
1736 3628 1989 3703 θεραπείᾳ

343 3710 603 3789 πρόσοδοι
632 3712 1050 3792 ἀφοσιούμεναι,
1083 3714 1192 3790 οὐχ
1220 3717 1382 3783 ἧττον
1410 3713 1467 3770 δὲ
1500 3713 1565 3787 δή
1608 3738 1713 3771 που
1744 3718 1833 3773 καὶ
1878 3723 1987 3773 τῶν

344 3803 776 3880 φροντιστηρίων
818 3801 908 3857 καὶ
949 3802 1321 3879 ἀσκητηρίων,
1348 3802 1447 3859 ὅσα
1492 3826 1552 3881 γε
1600 3802 1668 3875 δὴ
1717 3806 1806 3861 καὶ
1854 3808 1990 3863 κατά

346 3892 531 3954 πόλεις
590 3892 682 3947 καὶ
739 3891 792 3946 ἐν
853 3891 1110 3968 ἐρημίαις
1168 3893 1471 3970 ἀνήγειρας,
1503 3895 1698 3968 τὰμὲν
1734 3892 1986 3970 ἀνδράσιν

348 3982 599 4056 ἀνειμένα
655 3985 773 4054 Θεῷ
827 3983 1199 4058 καθιερωθεῖσι
1262 3981 1349 4036 καὶ
1408 3982 1669 4038 ἀποστᾶσι
1728 3989 1836 4040 τῶν
1870 3984 1989 4040 ὑλι-

347 4075 471 4143 κῶν,
528 4071 600 4124 τά
652 4066 711 4124 δὲ
786 4070 991 4145 γυναιξὶ
1067 4070 1475 4149 νυμφευθείσαις
1524 4072 1741 4147 Χριστῷ
1799 4073 1875 4136 εἵς
1934 4096 1993 4129 τε

347 4163 529 4235 ψυχῆς
586 4160 873 4236 προκοπὴν
931 4160 1021 4214 καὶ
1078 4159 1366 4235 παρθενίας
1425 4163 1777 4238 συντήρησιν,
1807 4164 1862 4217 αἳ
1902 4162 1995 4235 δή·

349 4270 448 4304 που
479 4248 571 4304 καὶ
604 4248 814 4320 κόσμου
843 4248 932 4303 καὶ
961 4252 1068 4303 τῶν
1094 4247 1144 4303 ἐν
1193 4248 1387 4323 κόσμῳ
1433 4251 1623 4313 ἑαυτὰς
1680 4250 1992 4330 ἠλλοτρίω-

350 4359 459 4393 σαν.
522 4339 631 4393 Ἐῶ
690 4335 748 4393 δὲ
808 4336 985 4413 λέγειν
1072 4335 1389 4413 ἀντιλήψεις
1472 4340 1990 4419 ἀπωρφανισμένων,

350 4427 623 4504 παρθένων
679 4426 897 4502 ἀπόρων
956 4424 1428 4504 προικοδοτήσεις,
1486 4426 1681 4493 ἐνδεῶς
1754 4431 1990 4507 ἐχόντων

355 4515 470 4592 βίου
500 4515 905 4591 πλουτισμοὺς,
936 4516 1025 4572 καὶ
1052 4513 1232 4572 τᾶλλα
1289 4515 1388 4571 ὅσα
1440 4517 1530 4572 καὶ
1584 4519 1673 4573 οἶα
1703 4519 1780 4582 εἰς
1812 4521 1992 4578 ἀπαλ-

349 4606 522 4682 λαγὴν
577 4603 735 4660 παντὶ
784 4608 891 4661 τῶν
950 4602 1269 4660 λυπούντων
1300 4605 1691 4680 οἰκονομεῖται,
1722 4608 1813 4665 καὶ
1845 4608 1994 4674 ὅπως

2097 3448 2294 3505 divina
2323 3448 2541 3521 ubique
2586 3451 2982 3505 Romanorum
3012 3450 3177 3503 terra;
3208 3446 3496 3519 restituta,
3545 3449 3735 3503 extra-

2099 3554 2342 3594 neorum
2374 3536 2649 3609 hospitia,
2680 3536 3100 3609 aegrotantibus
3130 3552 3281 3592 curua
3310 3536 3481 3604 datm,
3511 3534 3734 3592 inﬁrmi

2097 3627 2307 3695 sanati,
2368 3643 2484 3683 non
2546 3625 2742 3681 minus
2798 3641 2866 3683 ac
2921 3628 3238 3681 conventus
3292 3628 3351 3681 et
3379 3624 3738 3681 monasteria

2099 3733 2281 3789 quum
2313 3716 2373 3770 in
2403 3715 2670 3778 urbibus,
2701 3718 2830 3770 tum
2861 3714 2920 3769 in
2951 3714 3200 3770 desertis
3228 3717 3439 3781 erecta,
3483 3730 3736 3786 quorum

2099 3806 2214 3861 alia
2242 3803 2591 3861 commisisti
2633 3803 2773 3860 viris
2803 3804 2919 3859 Deo
2972 3803 3326 3860 consecratis
3354 3807 3413 3860 et
3449 3820 3483 3859 a
3528 3806 3740 3859 terres-

2098 3895 2288 3951 tribus
2318 3892 2663 3961 alienis,alia
2685 3896 2881 3948 autem
2913 3890 3260 3949 mulieribus
3291 3891 3491 3965 nuptis
3512 3891 3741 3948 Christo

2099 3984 2171 4041 ad
2202 3983 2462 4039 animam
2496 3981 2907 4054 perﬁciendam
2937 3985 2994 4037 et
3023 3982 3468 4038 custodiendam
3496 3980 3741 4054 virgini-

2099 4076 2277 4129 tatem
2306 4091 2319 4142 ;
2353 4089 2479 4145 qua;
2509 4090 2543 4127 a
2575 4071 2793 4129 mundo
2850 4075 2907 4126 et
2936 4071 3109 4127 rebus
3142 4069 3458 4126 mundanis
3513 4070 3740 4141 seipsas

2101 4165 2561 4236 segregaverant.
2621 4160 2835 4216 Omitto
2890 4163 3085 4215 autem
3116 4159 3309 4215 dicere
3338 4158 3736 4230 orphanorum

2101 4251 2528 4325 adoptationes,
2558 4250 2852 4323 virginum
2898 4249 3142 4320 inopum
3201 4246 3548 4314 dotationes,
3580 4247 3738 4303 victu

2100 4340 2501 4414 indigentibus
2535 4338 2880 4395 facultatum
2938 4337 3413 4401 condonationes,
3444 4340 3503 4391 et
3531 4340 3740 4392 caetera

2102 4430 2303 4487 omn-ia
2330 4447 2457 4503 quae
2481 4430 2553 4485 ad
2582 4428 2713 4484 vitae
2742 4425 3179 4483 conversionem
3203 4424 3436 4481 afﬂictis
3465 4423 3742 4480 omnibus

2102 4521 2419 4578 distributa
2448 4520 2698 4585 fuerant,
2728 4521 2786 4573 et
2820 4516 3112 4589 quomodo
3170 4531 3272 4587 per
3301 4513 3744 4571 beneﬁcentiam

2102 4610 2397 4683 copiosius
2427 4611 2670 4664 manant
2700 4605 3036 4661 divitiarum
3067 4609 3304 4660 tuarum
3334 4601 3748 4676 ﬂumina,quo-

354 4696 442 4769 μὲν
495 4696 580 4751 ἐπ’
637 4694 854 4767 εύποιίᾳ
936 4691 1319 4771 δαψιλέστερον
1374 4692 1590 4749 νάουσιν
1642 4697 1696 4751 οἱ
1744 4700 1982 4773 ποταμοί

2095 4701 2269 4759 modo
2290 4698 2495 4756 exinde
2516 4714 2618 4769 pro
2639 4700 2697 4752 te
2711 4695 2897 4752 Deum
2940 4692 3237 4766 deprecari
3260 4692 3513 4765 quisque
3546 4709 3740 4750 move-

352 4805 441 4840 σου
467 4789 578 4840 τῶν
627 4786 932 4860 θησαυρῶν,
966 4781 1115 4847 ὅπως
1161 4781 1206 4839 δ’
1251 4782 1486 4840 ἐντεῦθεν
1539 4790 1642 4849 πᾶς
1691 4808 1774 4850 τις
1820 4786 1995 4867 ἐντυγ-

350 4876 531 4950 χάνειν
592 4871 910 4951 διεγείρεται
968 4873 1101 4949 ὑπὲρ
1159 4876 1256 4927 σοῦ
1300 4877 1381 4945 τῷ
1431 4876 1566 4947 Θεῷ,
1598 4874 1697 4943 τὴν
1758 4872 1816 4931 δὲ
1865 4882 1992 4957 περὶ

349 4965 407 5019 τὸ
436 4964 680 5036 ὑπήκοον
712 4960 863 5025 ὅπως
890 4983 951 5018 τε
979 4963 1211 5032 σώζοιτο
1260 4960 1541 5037 πρόνοιαν,
1574 4963 1673 5032 τὴν
1724 4961 1783 5020 δὲ
1830 4988 1987 5023 σπου·

352 5050 445 5123 δῆν
477 5052 629 5116 ὅπως
668 5053 745 5127 μὴ
770 5051 914 5129 παρά
941 5055 1050 5106 τῶν
1077 5051 1288 5128 ἐχθρῶν
1319 5048 1546 5106 πολλῶν
1578 5046 1748 5108 ὄντων
1797 5052 1992 5129 λυμαί-

349 5164 512 5214 νοιτο,
542 5145 643 5213 τήν
673 5143 811 5197 κατά
846 5142 1019 5196 πάντα
1047 5141 1247 5217 χρόνον
1280 5138 1539 5218 φροντίδα
1584 5142 1675 5195 καὶ
1727 5143 1988 5219 μέριμναν

2101 4798 2218 4859 tur,
2259 4793 2423 4845 tuam
2455 4786 2525 4843 ad
2554 4784 2839 4857 populum
2887 4782 3241 4839 servandum
3291 4780 3739 4854 providentiam,

2099 4886 2265 4938 tuam
2296 4894 2367 4934 ne
2398 4894 2433 4932 a
2457 4874 2660 4931 multis
2692 4871 2968 4928 inimicus
3002 4871 3079 4926 sit
3114 4869 3427 4926 infestatus
3455 4869 3740 4927 sollicitu-

2102 4970 2324 5035 dinem,
2342 4963 2722 5037 cogitationes
2750 4965 2807 5018 et
2834 4977 3005 5016 curas
3031 4959 3342 5015 diuturnas
3364 4963 3429 5015 ut
3448 4959 3521 5015 ad
3542 4958 3743 5016 melio-

2102 5077 2167 5115 ra
2188 5058 2468 5129 augescat
2487 5062 2542 5109 et
2570 5050 2853 5125 proficiat,
2885 5053 3125 5122 prOpter
3153 5066 3279 5121 qua:
3306 5066 3422 5105 non
3452 5049 3558 5105 das
3586 5065 3745 5105 som-

2102 5165 2245 5204 num
2277 5144 2482 5210 oculis,
2524 5144 2785 5197 nostram
2836 5138 3181 5211 perquirens
3236 5136 3746 5210 tranquillitatem.

350 5232 492 5295 ὅπως
544 5234 594 5287 τ’
653 5228 928 5301 ἐπιδῖδοίη
984 5230 1076 5285 καὶ
1130 5229 1433 5306 προκόπτοι
1494 5229 1581 5285 ἐπὶ
1630 5232 1691 5285 τὸ
1743 5231 1980 5309 βέλτιον,
2014 5237 2123 5292 ἀνθ’
2167 5237 2240 5290 ὧν
2288 5232 2377 5288 καὶ
2425 5230 2487 5285 οὐ
2537 5226 2699 5290 δίδως
2754 5226 2916 5281 ὕπνον
2970 5231 3085 5289 τοῖς
3135 5226 3465 5303 ὀφθαλμοῖς,
3500 5222 3568 5279 δι’
3598 5223 3745 5301 ἐρεύ-

347 5343 442 5393 νης
467 5324 568 5391 τὴν
595 5318 867 5396 ἡμετέραν
896 5316 1042 5396 ἔχων
1074 5318 1388 5377 ἀνάπαυσιν.

416 5412 515 5467 Καὶ
542 5415 711 5465 ταῦτα
737 5407 804 5480 δὴ
837 5411 1007 5465 πάντα
1053 5409 1136 5472 τίς
1169 5408 1228 5465 ἂν
1282 5409 1366 5480 εἴη
1426 5409 1596 5486 λέγων
1655 5411 1792 5487 πρὸς
1845 5412 1988 5484 ἀξίαν

348 5500 532 5571 εἷπὼν,
561 5502 597 5571 ἢ
648 5505 807 5564 ποῖος
863 5503 1013 5574 νοῦς,
1045 5498 1098 5562 ἐς
1159 5496 1275 5556 δέον
1333 5495 1669 5577 περιλαϐὼν,
1702 5499 1994 5577 ἀποχρών-

415 5718 532 5790 (ﬂ)
587 5714 875 5790 subtilius
915 5713 1140 5788 aliquid
1200 5714 1781 5790 discriminis_ponit
1835 5733 1992 5790 nunc

352 5786 776 5865 ἰιιῐοιίκατόχειν
812 5791 874 5845 et
924 5786 1235 5867 κατασχεῖν,
1291 5805 1544 5861 quorum
1574 5786 1872 5864 illuc_esse
1899 5788 1992 5847 vi-

2177 5415 2244 5470 Et
2293 5413 2414 5469 haec
2467 5408 2663 5465 omnia
2711 5407 2843 5480 quis
2875 5424 3156 5463 enarrans
3188 5406 3475 5480 condigne
3505 5421 3743 5462 enarra-

2102 5506 2212 5575 ret,
2243 5505 2344 5559 aut
2373 5498 2562 5573 qualis
2592 5514 2782 5567 mens,
2812 5496 2956 5553 satis
2984 5497 3298 5564 immensa,
3333 5495 3746 5553 convenienter

2105 5718 2278 5775 detur
2304 5730 2589 5790 occupare,
2619 5714 2728 5790 hoc
2755 5714 3020 5790 retinere,
3051 5712 3139 5790 vel
3170 5711 3313 5769 illud
3342 5712 3600 5790 retinere,
3632 5709 3742 5771 hoc

2108 5805 2394 5868 occupare.
2430 5785 2655 5847 Forsan
2685 5785 2848 5846 locus
2878 5791 2970 5843 est
3006 5785 3209 5845 leviter
3232 5786 3563 5857 corruptus.
