4118 6428
366 400 489 467 379

1391 412 1707 479 GEORGII
1750 412 2011 478 CYPRH
2051 414 2170 481 GP.
2220 414 2743 480 PATRIARCHIE

3646 412 3781 479 380.

360 537 564 614 lingua
584 540 908 614 exprimere
929 542 1114 613 daret,
1140 561 1272 601 cum
1304 550 1360 602 te
1391 552 1691 620 regnante,
1707 551 1907 603 nostra
1934 548 2002 604 ad

2117 567 2225 609 τως
2256 550 2323 620 τῇ
2353 544 2577 622 γλώττη
2630 544 2930 622 διηγεῖσθαι
2980 545 3239 622 παρέχοι,
3270 544 3470 603 ὁπόταν
3521 545 3625 603 ὑπὸ
3679 545 3765 606 σοὶ

359 634 585 688 tantam
614 635 961 704 potestatem
1006 639 1417 707 pervenerunt,
1462 641 1527 691 ut
1575 634 1797 692 bellum
1828 653 2004 708 exop-

354 723 480 774 tent
508 719 771 790 milites;
827 721 1048 779 bellum
1082 729 1280 780 autem
1330 725 1525 781 videre
1576 728 1890 798 nequeant,
1925 729 2001 795 et,

350 806 400 863 si
434 813 702 881 oporteat
730 809 873 866 illud
907 813 1259 885 quandoque
1289 813 1598 881 sustinere,
1631 829 1809 885 super
1854 820 2005 870 terra

352 896 610 952 hostium
642 914 757 953 non
806 916 983 973 super
1014 906 1213 958 nostra
1260 901 1610 958 sustinatur.
1664 901 1867 959 Nonne
1898 919 2003 975 ag-

356 984 517 1040 mina
544 990 746 1042 nostra
773 986 834 1043 in
866 988 1064 1044 hostili
1105 995 1261 1046 terra
1280 991 1309 1046 ?
1338 1006 1529 1047 nonne
1584 991 1870 1048 exercitus
1900 992 2001 1063 qui

355 1089 484 1129 eam
512 1078 660 1130 nutu
688 1075 884 1132 ferunt
913 1082 971 1133 et
1005 1079 1235 1151 agunt?
1255 1080 1457 1136 Nonne
1490 1080 1766 1136 Romanis
1799 1081 2000 1152 praesi-

356 1163 453 1218 dia
469 1179 595 1235 quae
618 1168 778 1221 stant
799 1166 858 1221 in
886 1168 1276 1225 Barbarorum
1306 1168 1497 1242 plaga,
1522 1185 1649 1241 quae
1678 1173 1735 1224 et
1764 1167 1999 1224 illorum

357 1269 781 1327 usquequaque
836 1258 1160 1313 retundunt
1203 1258 1505 1330 impetus?
1550 1259 1631 1314 Ex
1680 1257 1789 1314 hoc
1837 1258 1901 1312 ﬁt
1937 1261 2001 1313 ut

352 1358 468 1398 non
499 1345 791 1415 quomodo
812 1344 917 1400 tibi
951 1347 1419 1403 adversabuntur
1447 1346 1601 1403 sicut
1630 1347 1794 1418 prius
1817 1352 1999 1402 atten-

353 1432 517 1501 dant,
550 1434 652 1489 sed
687 1436 975 1505 quomodo
1007 1435 1066 1491 in
1097 1437 1321 1509 agendo
1366 1440 1422 1492 te
1452 1436 1727 1492 benevolo
1773 1441 1829 1491 et
1875 1435 2000 1490 cle-

352 1521 537 1577 menti
566 1526 825 1579 utentur.
854 1524 921 1580 Et
949 1542 1085 1598 ergo
1113 1527 1310 1582 videre
1340 1530 1428 1582 est
1480 1525 1740 1594 Latinos,
1785 1541 1888 1597 pro
1933 1524 2000 1579 il-

354 1608 546 1667 lorum
579 1613 854 1685 superbia
882 1618 940 1670 et
970 1615 1324 1687 arrogantia,
1374 1614 1435 1669 in
1468 1614 1696 1671 civitate
1726 1614 1998 1670 obsessos

354 1703 414 1756 et
442 1704 645 1774 captos
682 1705 740 1757 et
768 1702 951 1760 nihilo
1006 1703 1370 1772 humiliores,
1403 1704 1650 1777 Scythas
1681 1704 1996 1775 subjectos,

356 1791 583 1862 Moysos
614 1789 867 1859 deditos,
890 1792 1095 1850 Persas
1119 1798 1177 1849 et
1197 1793 1397 1849 Medos
1427 1793 1499 1849 ad
1530 1792 1888 1849 exorandum
1908 1808 1998 1848 ve-

353 1877 582 1935 nientes
610 1883 670 1935 et
698 1881 947 1952 genibus
1004 1882 1477 1955 procumbentes,
1529 1899 1665 1938 cum
1714 1880 1910 1938 servili
1941 1884 1999 1937 et

350 1965 554 2024 habitu
583 1972 642 2024 et
678 1985 897 2041 animo,
928 1987 1163 2028 omnem
1193 1976 1428 2045 gentem
1470 1976 1528 2027 et
1556 1970 1865 2028 hominum
1894 1986 1994 2043 ge-

350 2071 464 2111 nus
493 2055 603 2112 tibi
633 2074 855 2115 morem
886 2064 1153 2133 gerentes
1182 2060 1436 2134 et,quasi
1467 2060 1766 2117 meliorem
1791 2076 1996 2132 quam-

354 2143 491 2201 dam
537 2145 855 2216 fortunam,
887 2149 997 2205 sub
1040 2153 1097 2205 te
1135 2150 1377 2206 vivendo
1427 2149 1794 2207 occasionem
1844 2148 1994 2204 acci-

351 2232 602 2306 pientes.
635 2237 1000 2311 Quapropter
1052 2254 1197 2311 gens
1226 2243 1448 2306 nostra,
1497 2238 1668 2311 quasi
1699 2236 1869 2293 unico
1898 2252 1996 2293 ore

355 2325 1045 2393 uteretur,vehementius
1061 2344 1238 2401 quam
1260 2328 1433 2383 turba
1452 2326 1594 2384 dicit
1615 2331 1674 2383 et
1690 2325 1999 2383 celelebrat

360 2411 720 2482 felicitatem,
768 2418 826 2471 et
871 2419 1040 2472 tuum
1092 2415 1432 2489 imperium,
1464 2432 1566 2489 per
1611 2415 1768 2488 quod
1816 2414 1889 2470 ad
1921 2413 1997 2469 i1-

353 2498 473 2558 lam
514 2505 820 2574 provectus
868 2508 979 2575 est,
1010 2508 1292 2561 internum
1340 2521 1575 2562 manere
1605 2504 1950 2576 deprecatur
1979 2520 1993 2558 :

350 2606 470 2646 non
530 2592 687 2648 enim
717 2593 1090 2660 necessitate,
1122 2611 1242 2662 rex,
1276 2595 1378 2650 sed
1411 2610 1608 2651 amore
1636 2593 1741 2649 tibi
1773 2593 1998 2648 obtem-

353 2683 543 2752 parat,
576 2697 682 2737 nec
706 2687 910 2739 coacta
928 2687 1225 2751 curvatur,
1255 2684 1357 2740 sed
1388 2683 1473 2739 tui
1498 2683 1585 2739 tui
1614 2681 1808 2738 studio
1837 2680 1997 2737 vinc-

349 2771 438 2837 ta,
497 2769 668 2826 nutui
708 2775 811 2828 tuo
877 2772 1239 2844 obsequitur.
1285 2774 1489 2846 Itaque
1536 2772 1766 2828 munita
1806 2775 1865 2827 et
1925 2769 1998 2825 ab

356 2858 518 2914 omni
549 2859 681 2916 dolo
710 2864 841 2917 tuta
867 2861 975 2917 tibi
999 2865 1331 2918 asservatur
1355 2862 1517 2935 regia
1543 2864 1801 2934 potestas
1833 2877 1847 2916 :
1882 2875 1999 2915 non

355 2947 513 3004 enim
543 2952 754 3021 potest,
795 2967 912 3006 non
956 2955 1147 3024 potest
1197 2951 1509 3024 imperium
1550 2949 1782 3005 ﬁrmius
1839 2947 1998 3004 inve-

356 3035 470 3093 niri
522 3053 702 3109 quam
748 3038 1062 3112 imperium
1117 3056 1318 3097 amore
1373 3039 1809 3107 fundatum;et
1854 3037 2000 3094 satis

352 3140 566 3199 magna
593 3130 684 3183 est
711 3128 978 3185 custodia
1006 3128 1130 3203 regi
1154 3130 1555 3200 subjectorum
1585 3126 1999 3184 amor.Idcirco

350 3213 630 3271 nimirum
680 3217 881 3274 omnia
931 3234 1059 3291 quas
1105 3218 1417 3290 vis,jussu
1460 3222 1582 3288 tuo,
1615 3215 2001 3273 conﬁciantur

2025 1933 2074 1998 B

2114 637 2395 712 προμηθεῖ
2423 635 2476 698 ἐς
2507 640 2763 690 τοσοῦτον
2795 635 2986 712 ἰσχύος
3018 638 3115 705 ἧκε
3158 637 3227 691 τὰ
3271 638 3391 692 καθ’
3419 639 3591 710 ἡμᾶς,
3624 636 3768 695 ὥστε

2110 723 2361 799 πολέμου
2396 726 2489 799 μὲν
2522 724 2644 801 ἐρᾷν
2674 724 2803 787 τοὺς
2852 747 2960 779 των
3018 723 3228 798 ὅπλων,
3260 724 3507 799 πόλεμον
3569 724 3628 782 δὲ
3685 730 3762 802 μὴ

2110 812 2257 890 ἔχειν
2317 811 2470 886 ἰδεῖν,
2505 813 2603 868 κᾶν
2657 810 2750 888 δέῃ
2803 813 2993 868 τοῦτόν
3048 834 3179 869 ποτε
3235 814 3421 890 χρόνῳ
3478 823 3763 886 συστῆναι,

2112 903 2199 958 ἐπὶ
2230 909 2327 971 τῆς
2359 907 2464 957 τῶν
2496 902 2728 979 ἐχθρῶν,
2763 901 2864 958 οὐκ
2892 901 2981 957 ἐπὶ
3037 909 3139 972 τῆς
3195 904 3467 978 ἡμετέρας
3516 904 3763 960 συνίστα-

2109 994 2250 1048 σθαι.
2283 994 2349 1048 Ἦ
2382 991 2510 1067 οὐχὶ
2544 990 2708 1067 λόχοι
2740 990 2827 1046 ἐπὶ
2870 999 2969 1061 τῆς
3027 992 3299 1065 πολεμίας
3354 993 3617 1070 ἡμέτεροι
3654 1014 3667 1063 ;
3700 995 3762 1050 οὐ

2109 1080 2482 1158 στρατεύματα
2511 1082 2742 1158 φέροντα
2787 1081 2988 1151 ταύτην
3046 1080 3135 1135 καὶ
3193 1082 3389 1158 ἄγοντα
3438 1083 3577 1138 κατὰ
3632 1082 3764 1158 βού-

2110 1169 2308 1240 λησιν;
2341 1169 2403 1224 οὐ
2462 1169 2695 1246 φρούρια
2751 1170 3043 1242 Ῥωμαίοις
3102 1168 3194 1225 ἐπὶ
3240 1171 3343 1239 τῆς
3387 1175 3497 1225 τῶν
3552 1166 3768 1247 βαρϐά-

2109 1279 2217 1333 ρων
2272 1260 2553 1332 ίστάμενα,
2599 1258 2936 1335 πανταχόθεν
2996 1257 3181 1322 αὐτοῖς
3238 1260 3333 1321 τάς
3392 1259 3567 1335 ὁρμὰς
3625 1260 3764 1315 ἀπο-

2106 1345 2396 1417 κλείοντα;
2432 1346 2513 1424 ἐφ’
2544 1348 2625 1409 οἷς
2658 1346 2767 1423 οὐχ
2809 1346 2958 1410 ὅπως
3004 1345 3201 1402 ἐκεῖνοι
3251 1348 3579 1423 μαχέσονται
3630 1350 3769 1404 καθά

2103 1436 2195 1491 καὶ
2254 1436 2513 1513 πρότερον
2575 1435 2919 1505 σκέπτονται,
2979 1436 3104 1492 ἀλλ’
3158 1436 3311 1500 ὅπως
3365 1458 3418 1492 τι
3468 1438 3765 1514 πράξαντες

2107 1525 2364 1599 εὐμενοῦς
2414 1546 2508 1580 σου
2556 1526 2647 1581 καὶ
2689 1523 2830 1582 ’ίλεω
2876 1524 3112 1602 τύχωσι.
3145 1526 3246 1581 Καὶ
3293 1530 3426 1601 γοῦν
3472 1528 3600 1603 όρᾷν
3652 1525 3761 1583 ἔστι

2106 1613 2366 1676 Λατίνους
2396 1615 2509 1669 ἀντὶ
2537 1619 2645 1670 τῶν
2698 1612 3064 1690 μεγαλαύχων
3124 1612 3341 1670 ἐκείνων
3400 1614 3490 1670 καί
3547 1616 3762 1693 ἀγερώ-

2106 1723 2223 1779 χων
2246 1700 2750 1777 πολιορκουμένους
2780 1703 2869 1758 καὶ
2907 1703 3317 1779 πορθουμένους
3375 1703 3467 1760 καὶ
3513 1703 3661 1766 τίνος
3694 1704 3759 1759 οὐ

2103 1791 2542 1869 ταπεινοτέρους,
2611 1793 2819 1855 Σκύθας
2881 1792 3219 1866 ὑπείκοντας,
3252 1792 3473 1855 Μυσοὺς
3522 1813 3758 1870 προσερ-

2105 1879 2397 1957 χομένους,
2432 1882 2639 1955 Πέρσας
2666 1881 2758 1936 καί
2784 1878 3010 1952 Μήδους
3039 1880 3116 1943 εἷς
3149 1880 3375 1937 ἱκετείαν
3438 1879 3757 1957 βαδίζοντας

2104 1970 2194 2025 καὶ
2224 1975 2651 2046 γονυπετοῦντας
2687 1970 2821 2044 μετᾶ
2864 1968 3124 2027 δουλικοῦ
3178 1970 3271 2026 καὶ
3326 1973 3615 2046 σχήματος
3663 1970 3755 2026 καὶ

2104 2062 2478 2137 φρονήματος,
2508 2065 2612 2114 πᾶν
2655 2057 2808 2124 ἔθνος
2854 2058 2945 2115 καὶ
2999 2058 3149 2135 γένος
3202 2058 3500 2136 ἀνθρώπων
3558 2058 3755 2115 ὑποπί-

2102 2168 2333 2210 πτοντας
2385 2147 2497 2221 καὶ,
2536 2146 2718 2224 ὥσπερ
2781 2144 2924 2202 ἄλλο
2978 2168 3032 2202 τι
3081 2143 3451 2224 χρηστότερον
3501 2144 3755 2225 ἕρμαιον,

2104 2237 2165 2292 τὸ
2225 2237 2329 2292 ὑπὸ
2388 2237 2473 2291 σοὶ
2551 2234 2728 2292 τελεῖν
2799 2237 3260 2313 καθαρπάζοντας.
3317 2238 3477 2313 Ὑπὲρ
3553 2237 3627 2292 ὧν
3691 2238 3757 2293 τὸ

2104 2327 2371 2402 ἡμέτερον
2431 2324 2624 2403 φῦλον,
2683 2326 2758 2389 ὡς
2817 2327 2894 2382 ἒνί
2948 2326 3295 2402 κεχρημένον
3362 2330 3445 2399 τῷ
3501 2325 3756 2399 στόματι,

2105 2419 2282 2493 χοροῦ
2364 2409 2740 2493 ἀκριϐέστερον
2820 2414 3106 2493 φθέγγεται
3207 2414 3299 2470 καὶ
3400 2415 3755 2493 πανηγυρίζει

2103 2506 2204 2573 τὴν
2233 2501 2602 2578 εὐδαιμονίαν,
2633 2505 2723 2558 καὶ
2751 2505 2851 2574 τὴν
2884 2506 2982 2575 σὴν
3028 2505 3231 2580 ἀρχὴν,
3265 2502 3335 2560 δι’
3389 2506 3456 2575 ἢν
3516 2504 3570 2567 ἐς
3626 2504 3757 2560 ταύ-

2103 2615 2203 2665 την
2236 2593 2536 2664 ἀπήντηκε,
2572 2593 2749 2666 μένειν
2808 2594 2885 2657 είς
2941 2593 3114 2650 αἰῶνα
3172 2592 3481 2669 ἐπεύχεται·
3532 2592 3596 2649 οὐ
3650 2595 3754 2670 γάρ

2105 2682 2331 2758 ἀνάγκῃ,
2366 2680 2612 2758 βασιλεῦ,
2644 2681 2772 2738 ἀλλ’
2812 2680 2997 2755 εὐνοίᾳ
3040 2681 3302 2758 τυγχάνει
3362 2679 3753 2756 δουλούμενον,

2107 2769 2233 2827 οὐδὲ
2278 2768 2867 2846 καταδυναστευόμενον
2912 2767 3220 2839 ὑποκλίνει,
3252 2767 3402 2826 ἀλλά
3454 2770 3610 2844 πόθῳ
3667 2790 3757 2825 σοι

2109 2857 2394 2933 δεδεμένον
2450 2859 2711 2934 ὑπηρετεῖ
2766 2881 2862 2915 σου
2915 2858 2996 2933 τῷ
3051 2857 3300 2932 νεύματι.
3357 2861 3500 2917 Ἀνθ’
3547 2859 3612 2914 οὐ
3669 2881 3754 2915 σοι

2107 2949 2197 3005 καὶ
2228 2948 2399 3025 ἐχυρά
2423 2948 2515 3003 καὶ
2543 2946 2710 3003 δόλου
2757 2948 2958 3012 παντὸς
3013 2948 3263 3026 ὑπεράνω
3318 2949 3387 3004 τὰ
3438 2955 3540 3018 τῆς
3603 2950 3754 3023 βασι-

2110 3037 2257 3100 λείας
2315 3037 2657 3115 φυλάττεται·
2720 3037 2782 3092 οὐ
2839 3038 2941 3114 γάρ
3000 3033 3165 3105 ἔστιν,
3215 3036 3316 3092 οὐκ
3373 3033 3513 3092 ἔστιν
3575 3036 3753 3112 ἀρχὴν

2108 3125 2461 3203 ἱσχυροτέραν
2547 3126 2718 3202 εὑρεῖν
2803 3132 2903 3196 τῆς
2981 3123 3158 3198 εὐνοίᾳ
3206 3126 3611 3202 τειχιζομένης,
3667 3125 3760 3185 καὶ

2108 3216 2412 3292 ἀποχρῶσα
2468 3212 2685 3293 φυλακὴ
2776 3213 2993 3290 βασιλεῖ
3053 3218 3163 3270 τῶν
3223 3213 3668 3291 ὑποτεταγμένων
3721 3217 3760 3285 ἡ

350 3307 408 3359 et
438 3303 619 3361 multo
648 3306 996 3378 expeditius,
1045 3311 1112 3363 ut
1139 3311 1229 3363 est
1282 3307 1344 3362 in
1369 3305 1695 3379 proverbio,
1737 3319 1916 3377 quam
1946 3302 1997 3359 si

2114 3291 2310 3359 εὔνοια.
2344 3304 2421 3358 Δι’
2462 3291 2497 3357 ἃ
2527 3300 2596 3372 δὴ
2643 3303 2733 3358 καὶ
2761 3300 2998 3359 τελεῖται
3056 3307 3160 3359 πᾶν
3190 3303 3220 3359 ’ὀ
3251 3302 3312 3359 ἂν
3341 3302 3379 3377 ᾗ
3438 3300 3761 3377 βουλομένῳ

357 3392 491 3465 quis
520 3392 801 3450 chordam
859 3395 1313 3468 praestringeret,
1347 3399 1405 3451 et
1432 3393 1628 3467 siquid
1667 3393 1794 3450 ﬁeri
1825 3407 1994 3466 opor-

355 3482 495 3548 teat,
527 3481 787 3540 indicare
818 3484 962 3541 satis
991 3488 1101 3551 est,
1133 3490 1191 3541 et
1210 3484 1430 3540 factum
1462 3488 1552 3540 est
1584 3500 1598 3538 :
1631 3483 1768 3538 hinc
1798 3487 1996 3538 osten-

358 3568 500 3625 dant
525 3585 782 3642 quonam
815 3574 989 3630 modo
1018 3578 1075 3630 et
1105 3589 1239 3630 cum
1268 3576 1489 3646 quanto
1509 3588 1707 3629 amore
1736 3570 1999 3644 imperiis

361 3661 589 3731 oportet
617 3661 939 3734 subjacere.

433 3854 548 3926 Sic,
578 3872 698 3928 rex,
732 3857 1124 3930 pulcherrime
1150 3863 1209 3915 et
1227 3856 1752 3931 congruentissime
1778 3858 1843 3911 tu
1875 3852 2002 3909 illo-

366 3960 500 4000 rum
555 3945 872 4018 perfrueris
927 3947 1277 4014 obedientia,
1336 3946 1422 4002 illi
1491 3963 1625 4002 vero
1682 3945 1847 4000 felice
1902 3947 2006 3999 tua

365 4032 603 4090 fortuna
631 4038 689 4090 et
717 4036 941 4093 caeteris
989 4052 1370 4109 quascunque,
1402 4052 1472 4092 ex
1526 4034 1644 4091 alto
1672 4033 2002 4091 roboratus.

366 4122 630 4193 quotidie
655 4123 867 4183 videris
901 4121 2001 4198 facere,dicere,agere,deliberari,con-

367 4211 784 4282 sulere,omnia
810 4214 1058 4288 operari.
1079 4215 1204 4272 Non
1235 4214 1393 4271 enim
1423 4212 1538 4269 alia
1566 4216 1657 4269 est
1686 4211 1791 4268 tibi
1808 4225 2004 4283 opera-

366 4317 543 4372 quam
574 4306 640 4360 ut
668 4307 870 4359 nostra
902 4304 1048 4361 bene
1076 4304 1332 4361 habeant
1360 4300 1684 4374 invigilare,
1715 4316 1819 4356 nec
1862 4315 2006 4372 gan-

367 4391 531 4448 dium
556 4396 721 4449 extra
748 4394 1152 4465 subjectorum
1191 4392 1546 4461 felicitatem,
1579 4405 1686 4446 nec
1715 4391 1848 4462 post
1876 4403 2005 4445 eam

368 4478 590 4554 latitia,
652 4486 711 4537 et
739 4482 856 4538 fere
913 4483 1187 4556 operibus
1227 4481 1448 4537 clamas
1503 4496 1517 4534 :
1567 4478 1809 4550 Propria
1856 4475 2009 4549 regis

364 4570 573 4640 virtus,
605 4570 898 4644 negligere
928 4575 986 4628 et
1013 4588 1141 4643 sua,
1174 4570 1225 4628 si
1254 4556 1580 4643 oportuerit
1620 4567 1690 4624 ad
1716 4566 2007 4637 subjecto-

370 4676 502 4717 rum
533 4660 866 4719 utilitatem.
900 4683 930 4712 »

439 4930 514 4983 At
542 4944 678 4985 cum
706 4946 773 4986 eo
805 4945 991 5003 usque
1019 4929 1310 4987 sermonis
1347 4944 1693 5002 progressus
1724 4943 1881 4992 sum,
1912 4925 2011 4980 de-

373 5016 565 5072 sidero
619 5034 744 5074 rem
797 5019 857 5073 in
919 5020 1265 5076 memoriam
1314 5020 1610 5087 reducere,
1668 5016 1824 5089 quod
1857 5013 2012 5086 regis

374 5104 790 5163 sollicitudinis
832 5107 1083 5164 maxime
1130 5113 1220 5165 est
1270 5107 1576 5174 indicium,
1625 5110 1683 5162 et
1728 5104 1787 5159 in
1841 5118 2014 5159 omne

372 5209 641 5251 sermone
660 5211 727 5252 ac
745 5195 963 5269 scripto
983 5197 1209 5254 ostendi
1223 5201 1281 5253 et
1292 5195 1825 5267 recenseriaaquum
1842 5193 2009 5249 foret.

441 5392 589 5449 Cum
631 5392 888 5466 periculo
938 5393 1248 5465 conjuncta
1276 5398 1399 5450 erat
1436 5394 1708 5463 eruditio,
1741 5397 1799 5450 et
1828 5394 1882 5466 (o
1914 5411 2011 5466 pe-

371 5481 624 5538 riculum
677 5482 907 5555 ingens)
939 5482 1068 5555 ipsa
1089 5483 1215 5554 jam
1261 5483 1513 5555 perierat
1559 5482 1808 5539 eruditio
1842 5499 1855 5537 :
1885 5496 2013 5554 qum

371 5588 464 5627 res
496 5575 630 5644 post
656 5571 966 5627 hominum
1000 5571 1342 5627 memoriam
1372 5588 1488 5627 non
1517 5576 1787 5627 evenerat
1816 5570 2013 5627 hacte-

372 5678 504 5718 nus.
539 5661 747 5718 Omnis
777 5678 896 5730 ars,
924 5664 1199 5716 accurata
1251 5658 1694 5732 disciplinarum
1735 5658 2014 5733 cognitio,

376 5750 708 5816 humanum
721 5750 1040 5825 reliquerat
1057 5747 1570 5823 genus.Imperitia
1597 5748 1889 5808 invaserat
1908 5747 2016 5805 hoc

2114 3414 2199 3448 σοι
2244 3392 2296 3463 ἐξ
2338 3390 2732 3467 ἐπιτάγματος,
2761 3390 2868 3448 εἴτε
2921 3392 3011 3447 καὶ
3067 3391 3356 3466 νεύματος,
3414 3392 3501 3447 καὶ
3557 3390 3760 3466 πολλῷ

2100 3503 2161 3558 γε
2191 3481 2318 3558 ῥᾷον
2351 3481 2413 3551 ἢ,
2442 3480 2580 3536 κατὰ
2616 3482 2716 3551 τὴν
2774 3481 3097 3557 παροιμίαν,
3127 3480 3325 3555 ψήλειέ
3378 3501 3464 3544 τις
3520 3478 3759 3558 χορδὴν,

2104 3569 2202 3627 κᾶν
2261 3567 2354 3646 δέῃ
2405 3592 2460 3626 τι
2516 3571 2786 3647 γενέσθαι,
2816 3569 3037 3646 ἀπόχρη
3099 3567 3273 3642 δόξαι,
3302 3569 3393 3626 καί
3431 3570 3758 3645 πέπρακται,

2108 3658 2160 3716 ἐν
2216 3658 2394 3733 τούτῳ
2452 3656 2772 3715 δεικνύντων
2829 3658 2934 3713 τίνι
2988 3659 3121 3714 ποτὶ
3165 3662 3245 3730 τῷ
3272 3656 3463 3734 τρόπῳ
3517 3659 3608 3714 καὶ
3643 3660 3759 3732 μεθ’

2109 3747 2241 3819 δσης
2272 3748 2385 3825 χρὴ
2414 3754 2517 3819 τῆς
2547 3749 2758 3812 εὐνοίας
2787 3753 2909 3805 ταῖς
2941 3749 3138 3825 ἀρχαῖς
3169 3747 3586 3804 ὑποτάσσεσθαι.

2181 3854 2357 3926 Οὕτω,
2406 3855 2649 3931 βασιλεῦ,
2704 3853 2975 3912 κάλλιστά
3012 3875 3072 3910 τε
3121 3851 3210 3910 καί
3258 3851 3650 3931 ἁρμοδιώτατα
3694 3853 3761 3909 σὺ

2116 3944 2210 4019 μὶν
2268 3943 2483 4000 ἐκείνων
2541 3942 2838 4007 ἀπολαύεις
2909 3950 3010 4014 τῆς
3081 3942 3400 4015 εὐπειθείας,
3461 3941 3658 3998 ἐκεῖνοι
3714 3940 3765 3997 δ’

2113 4030 2179 4088 αὗ
2233 4039 2334 4104 τῆς
2395 4034 2597 4110 ἀγαθῆς
2654 4054 2751 4089 σου
2804 4032 3009 4110 τύχης,
3037 4030 3128 4087 καὶ
3182 4035 3291 4086 τῶν
3349 4028 3539 4086 ἄλλων
3589 4030 3765 4086 ὁπόσα

2114 4122 2450 4200 ῥωννύμενος
2506 4119 2701 4178 ἄνωθεν
2759 4123 2877 4178 καθ’
2934 4122 3163 4192 ἑκάστην
3222 4119 3385 4199 φαίνῃ
3440 4124 3638 4193 ποιῶν,
3671 4119 3763 4177 λέ-

2112 4233 2245 4288 γων,
2324 4212 2597 4289 πράττων,
2685 4206 3102 4286 συμϐουλεύων,
3187 4210 3579 4283 σκεπτόμενος,
3656 4216 3760 4265 πᾶν

2113 4301 2290 4357 ὁτιοῦν
2346 4300 2724 4379 ἐργαζόμενος’
2782 4300 2845 4355 οὐ
2900 4301 3004 4376 γάρ
3062 4294 3203 4355 ἄλλο
3260 4320 3315 4354 τι
3360 4300 3451 4354 σὸν
3506 4293 3681 4375 ἔργον,
3723 4299 3760 4368 ἢ

2115 4387 2267 4451 ὅπως
2296 4390 2428 4444 ποτὲ
2455 4391 2618 4453 πάθοι
2670 4386 2855 4450 καλῶς
2899 4388 2963 4442 τὸ
2992 4387 3283 4461 ἡμέτερον,
3315 4382 3431 4441 οὐδ’
3459 4384 3758 4463 εὐφροσύνη

2116 4479 2262 4553 παρὰ
2296 4480 2396 4548 τήν
2456 4477 2746 4554 εὐημερίαν
2801 4482 2910 4533 τῶν
2969 4474 3249 4546 ὑπηκόων,
3300 4472 3427 4531 οὐδέ
3482 4495 3566 4538 τις
3628 4477 3767 4548 μετά

2114 4566 2315 4638 ταύτην
2376 4564 2649 4642 διάχυσις,
2704 4566 2795 4622 καὶ
2856 4565 3088 4639 μονονοὺ
3162 4568 3278 4627 τοῖς
3355 4558 3536 4642 ἔργοις
3610 4566 3762 4640 βοᾷςο

2040 4663 2088 4729 D
2123 4654 2331 4726 «Αὕτη
2396 4654 2778 4732 βασιλεύοντος
2836 4654 3029 4730 ἀρετὴ,
3058 4652 3283 4730 ἀμελεῖν
3340 4653 3432 4709 καὶ
3486 4657 3597 4709 τῶν
3643 4656 3768 4719 καθ’

2121 4743 2304 4819 αὐτὸν,
2358 4743 2405 4800 εἰ
2477 4742 2705 4819 δεήσειε,
2761 4745 2898 4819 πρὸς
2961 4745 3062 4814 τὴν
3135 4746 3246 4800 τῶν
3318 4739 3768 4819 ’βασιλευομένων

2121 4833 2411 4912 ὠφέλειαν.
2442 4857 2472 4887 ››

2192 4923 2372 4995 ’Δλλ’,
2404 4922 2623 4979 ἐνταῦθα
2675 4925 2774 4977 τοῦ
2832 4916 3004 4998 λόγου
3058 4920 3373 4997 γενόμενος,
3404 4926 3561 4986 ποθῶ
3614 4942 3765 4984 τινος

2123 5013 2199 5077 εἷς
2260 5015 2484 5087 μνήμην
2562 5010 2755 5085 ἐλθεῖν,
2817 5010 2950 5089 ὅπερ
3006 5011 3098 5067 καὶ
3146 5014 3245 5081 τῆς
3297 5008 3629 5085 κηδεμονίας
3685 5007 3763 5067 ἔτι

2126 5099 2363 5176 μάλιστα
2388 5106 2486 5157 τοῦ
2542 5101 2940 5179 αὐτοκράτορος
2997 5101 3303 5176 γνώρισμα,
3333 5098 3425 5155 κὰῖ
3476 5099 3635 5156 παντὶ
3685 5105 3766 5172 τῷ

2121 5192 2247 5267 περὶ
2275 5190 2473 5268 λόγους
2502 5191 2592 5247 καὶ
2619 5195 2803 5270 γραιρῇ
2862 5187 3065 5246 διδόναι
3118 5188 3211 5245 καὶ
3266 5186 3627 5266 διηγήσασθαι
3685 5188 3771 5244 δί-

2120 5301 2294 5339 καιον.

2194 5386 2443 5451 Κίνδυνος
2503 5382 2600 5462 (ὤι
2660 5391 2779 5450 πῶς
2836 5386 2897 5441 ἂν
2974 5384 3187 5460 εἷ’ποιμι
3270 5385 3416 5441 τοῦτ’
3470 5384 3769 5461 ἀνεκτῶςς)

2122 5475 2364 5540 κίνδυνος
2423 5478 2540 5553 εἶχε
2593 5478 2721 5539 τοὺς
2778 5475 3001 5552 λόγους,
3059 5475 3150 5531 καὶ
3208 5476 3237 5530 ὁ
3287 5473 3533 5539 κίνδυνος
3602 5474 3765 5538 ὅσοςί

2124 5565 2411 5631 Παίδευσις
2485 5565 2796 5640 κατελύετο,
2879 5570 3106 5642 πρᾶγμα
3178 5560 3332 5619 οὔπω
3411 5563 3638 5642 γεγονὸς
3713 5563 3768 5635 ἐξ

2124 5656 2336 5719 αἲῶνος·
2385 5656 2554 5732 τέχνη
2611 5654 2701 5711 καὶ
2763 5655 3099 5730 μαθημάτων
3156 5647 3406 5731 ἀκρίϐεια
3459 5652 3513 5725 ἐξ
3562 5653 3772 5730 ἀνθρώ-

2123 5767 2240 5805 πων
2267 5746 2424 5820 ἦσαν’
2456 5743 2931 5820 ἀνεπιστημοσύνη
2977 5747 3198 5823 κατεῖχε
3230 5744 3294 5801 τὸ
3322 5748 3453 5822 πᾶν,
3477 5743 3571 5807 καὶ
3617 5742 3767 5821 τύχη
