4118 6424
298 372 475 493 ,381⁸

1355 429 1755 495 LAUDATIO
1800 428 2221 493 MICHAELIS
2242 428 2754 496 PALIEOLOGI.

3635 418 3755 488 889

349 582 433 625 τις
466 558 677 637 ἄλογος
700 558 1021 638 ηέπεχόρευεο
1056 555 1234 638 λόγων
1288 559 1346 617 δὲ
1389 563 1671 637 σπέρματα
1714 563 1803 617 καὶ
1852 583 2001 617 σπιν-

2125 565 2474 632 universum,
2506 567 3037 638 dominabaturque
3064 563 3299 621 fortuna
3327 558 3520 619 omnis
3549 574 3756 635 expers

352 654 512 727 θῆρα,
544 652 623 714 ὡς
674 651 868 721 εἰπεῖν,
920 650 1251 725 μαθημάτων
1296 655 1361 720 ῆν
1409 653 1536 728 ὀρᾷν
1588 651 1871 725 σωζόμενα
1918 650 2005 706 ού-

358 739 556 812 ῧαμοῦ,
585 739 670 796 ὅτι
708 742 785 814 μὴ
814 742 964 817 παρᾶ
1010 745 1087 813 τῷ
1136 742 1213 813 σῴ
1261 739 1527 816 λογοθέτῃ
1575 744 1707 813 (42),
1757 740 1818 795 ού
1873 740 2006 815 μέγα

362 827 411 885 δ’
466 830 633 885 εἰπεῖν
688 876 702 903 ,
760 830 851 884 καὶ
906 832 1024 885 καθ’
1081 833 1229 903 ἡμᾶς
1287 828 1649 905 Ἀριστοτελει
1684 874 1698 900 ,
1758 827 1863 884 εἴτε
1916 829 2006 884 καὶ

364 919 653 991 Πλάτωνι,
702 919 739 988 ἢ
802 918 952 982 ὅπως
1007 921 1138 974 ποτε
1190 918 1405 981 τούτοις
1463 917 1859 995 παραπλησίως
1914 919 2007 974 τὸν

371 1007 530 1085 ἄνδρα
560 1008 820 1084 βούλοιτό
867 1031 951 1071 τις
993 1007 1202 1079 καλεῖν,
1232 1009 1292 1080 ἢ,
1345 1008 1428 1063 ἶνα
1459 1006 1624 1064 διὲλω
1669 1009 2008 1085 σαφεστερον,

374 1099 437 1153 ’ὸν
464 1097 841 1173 Ἀριστοτέλην
884 1097 1127 1172 νομίζειν
1180 1098 1379 1175 χρεὼν,
1431 1095 1582 1152 οὐδὲν
1628 1096 1832 1152 ἐκείνου
1878 1097 2010 1151 ἀπο-

372 1186 725 1259 λειπόμενον,
772 1186 897 1241 ὅταν
941 1209 992 1241 τι
1042 1184 1135 1261 δέῃ
1177 1194 1276 1256 τῆς
1327 1185 1558 1261 λογικῆς
1611 1185 1918 1259 ἐπιστήμης
1970 1186 2007 1255 ἢ

361 1283 466 1345 τῆς
508 1280 608 1330 τῶν
654 1280 899 1353 φυσικῶν
951 1275 1346 1354 ἀποφήνασθαι,
1398 1274 1665 1330 Πλάτωνα
1721 1273 1778 1330 δὲ
1824 1274 2010 1339 θεολο-

357 1370 556 1441 γοῦντα
605 1365 701 1420 καὶ
776 1365 914 1420 κατὰ
993 1369 1197 1439 μοῦσαν
1269 1364 1634 1443 φθεγγόμενον
1714 1365 1963 1433 Ἀττικὴν
1995 1408 2008 1434 ,

355 1455 486 1530 παρ’
514 1455 558 1525 ᾦ
590 1453 768 1526 μόνῳ,
812 1454 907 1509 καὶ
953 1455 1071 1510 κατ’
1117 1452 1275 1509 αὐτὸν
1326 1452 1591 1509 Πλάτωνα
1637 1451 1816 1531 φάναι,
1866 1460 2007 1529 σαφῆ

347 1564 411 1599 τε
464 1542 558 1597 καὶ
600 1540 919 1618 στρογγύλα
969 1542 1060 1596 καὶ
1108 1536 1344 1618 ἀκριϐῶς
1388 1538 1585 1597 ἕκαστα
1628 1546 1736 1597 τῶν
1789 1540 2008 1615 ὀνομά-

350 1653 462 1686 των
492 1630 937 1707 ἆποτετόρνωται
985 1633 1119 1705 (43).
1171 1632 1339 1694 Οὗτος
1386 1632 1607 1708 καὶγὰρ
1660 1631 1826 1705 μόνος
1866 1628 2013 1686 ἐλεί-

348 1741 508 1791 πετο,
569 1721 607 1789 ἢ
654 1718 1047 1797 τάληθὲστερον
1109 1719 1298 1793 εἷ’πεῖν,
1353 1719 1664 1793 ἐταμιεύετό
1732 1741 1816 1775 σοι
1879 1721 2013 1793 μετά

349 1814 466 1865 τῶν
522 1807 715 1865 ἄλλων
751 1808 938 1865 καλῶν
987 1809 1047 1864 ἐκ
1074 1813 1246 1881 θεοῦ,
1296 1806 1525 1885 ἔσχατος
1578 1809 1670 1883 μὲν
1701 1809 1782 1882 τῷ
1823 1809 2011 1886 χρόνῳ

2113 654 2377 727 rationis,
2409 656 2630 728 ubique
2651 653 3384 712 exsulabantscientiarum
3407 651 3654 721 semina,
3672 654 3750 719 et,

2116 747 2179 798 ut
2234 744 2317 799 sic
2375 745 2586 813 dicam,
2649 746 2881 802 fomites
2935 742 3401 815 disciplinarum,
3459 755 3754 812 nusquam

2113 837 2281 888 erant
2332 833 2585 905 reliqui,
2645 851 2830 890 unum
2885 832 3242 905 logothetam
3299 830 3522 903 excipio
3579 829 3755 902 (absit

2114 922 2270 977 dicto
2301 922 2558 995 invidia),
2592 923 2713 980 sive
2743 923 2875 995 quis
2904 920 3270 979 Aristotelem
3293 937 3453 989 eum,
3480 920 3603 977 sive
3633 917 3760 975 Pla-

2118 1014 2330 1076 tonem,
2386 1012 2504 1068 sive
2553 1012 2666 1069 alio
2714 1011 2893 1068 simili
2948 1010 3240 1084 appellare
3293 1008 3431 1066 velit
3476 1008 3754 1081 nomine;

2118 1104 2238 1168 aut,
2258 1104 2324 1155 ut
2348 1100 2582 1172 planius
2611 1101 2992 1174 distinguam,
3010 1117 3184 1174 quem
3205 1103 3360 1157 recte
3387 1098 3756 1157 Aristotelem

2116 1190 2433 1257 vocaveris,
2464 1193 2531 1245 ut
2576 1191 2678 1262 qui
2718 1190 2884 1247 nulla
2930 1192 2990 1246 in
3043 1194 3206 1263 parte
3253 1189 3575 1262 quidquam
3622 1188 3761 1244 huic

2119 1281 2425 1346 concessit,
2448 1279 2676 1352 quoties
2705 1279 2765 1336 in
2792 1280 2981 1353 logica
3001 1278 3308 1352 physicave
3330 1277 3551 1350 aliquid
3582 1294 3763 1350 expo-

2119 1369 2378 1423 nendum
2426 1372 2606 1440 esset]
2635 1369 2920 1438 scientia;
2978 1368 3280 1425 Platonem
3336 1383 3493 1437 vero,
3533 1366 3761 1441 quoties

2117 1456 2454 1530 theologum
2479 1463 2677 1531 ageret
2704 1459 3020 1531 Atticaeque
3047 1457 3392 1529 elegantiam
3414 1456 3764 1529 exprimeret

2118 1563 2303 1603 musae
2335 1562 2348 1602 :
2383 1548 2538 1620 apud
2561 1564 2735 1620 quem
2766 1552 3054 1617 unum,ut
3082 1564 3216 1603 cum
3246 1548 3375 1620 ipso
3402 1546 3611 1619 loquar
3627 1545 3759 1603 Pla-

2118 1639 2276 1703 tone,
2307 1637 2483 1694 verba
2511 1624 2744 1710 singula
2775 1642 2832 1694 et
2874 1637 3184 1710 perspicua
3213 1640 3271 1693 et
3298 1635 3569 1706 rotunda,
3601 1638 3659 1692 et
3685 1634 3757 1690 ad

2119 1726 2407 1782 amussim
2448 1728 2764 1799 quamdam
2811 1726 2980 1799 quasi
3009 1728 3163 1783 facta
3192 1729 3353 1782 sunt.
3399 1723 3571 1782 Solus
3602 1724 3762 1781 enim

2119 1813 2217 1869 hic
2267 1818 2396 1870 tum
2454 1816 2791 1888 superabat,
2825 1819 2943 1883 aut,
2977 1818 3043 1871 ut
3099 1814 3309 1888 loquar
3363 1813 3578 1885 verius,
3629 1828 3766 1869 cum

355 1900 481 1972 μεθ’
517 1898 638 1953 ὅσοι
687 1900 847 1977 σοροί
893 1899 1169 1973 πεφηνὼς,
1211 1903 1331 1960 τοῖς
1371 1899 1611 1973 πρώτοις
1658 1896 1717 1953 δὲ
1766 1897 2006 1954 συνεισά-

451 1989 477 2003 λ
592 1985 640 2003 ιι,
978 1984 1060 2003 δι
1281 1986 1304 2003 τ
1380 1984 1405 2003 ,κ
1678 1989 1702 2003 ρ,
1890 1984 1943 2003 τα

2125 1903 2289 1960 bonis
2339 1903 2469 1960 aliis
2517 1904 2627 1960 tibi
2685 1922 2720 1961 a
2772 1909 2884 1961 Deo
2934 1902 3104 1976 quasi
3160 1902 3539 1977 promicondo
3588 1902 3764 1959 datus

349 1989 538 2064 γεσθαι
590 1985 822 2055 δίκαιος,
871 1984 1203 2049 παιδεύσεως
1256 1986 1331 2049 εἶς
1374 1984 1446 2041 ὣν
1498 1990 1616 2061 (lii)
1668 1989 1804 2042 ἅπαν
1864 1984 2008 2050 εἶδος

351 2077 741 2153 συναγηοχὼς,
774 2077 865 2131 καὶ
896 2074 986 2131 ’διά
1013 2077 1228 2131 πάντων
1264 2072 1593 2151 εὐδοκιμῶν,
1624 2078 1699 2139 ὡς
1732 2075 1783 2131 ἐν
1830 2074 2010 2133 οὐδενὶ

352 2166 497 2241 πρὸς
530 2163 728 2221 οὐδένα
755 2163 1144 2242 καταδέχεσθαι
1177 2164 1479 2239 σύγκρισιν.

2119 1997 2286 2049 erat:
2336 1996 2599 2066 tempore
2644 1994 2903 2066 quidem,
2948 1993 3215 2050 omnium
3265 1994 3555 2065 quotquot
3602 1991 3766 2048 fuere

2120 2081 2436 2154 sapientes,
2485 2082 2777 2152 ultimus;
2836 2083 3101 2154 quicum
3148 2081 3357 2155 primis
3406 2078 3604 2137 tamen
3625 2081 3762 2153 jure

2122 2171 2333 2227 merito
2363 2175 2582 2228 certare
2612 2172 2819 2245 possit.
2848 2171 3072 2245 Quippe
3100 2171 3201 2244 qui
3230 2186 3367 2227 cum
3396 2185 3552 2227 unus
3579 2172 3759 2238 esset,

351 2255 808 2329 disciplinarum
838 2256 1056 2329 pariter
1084 2256 1469 2327 conjunxerat
1496 2271 1706 2328 genus,
1747 2260 1806 2313 et
1862 2256 1923 2312 in
1971 2258 2247 2316 omnibus
2300 2260 2537 2317 tenebat
2581 2261 2823 2334 primas,
2838 2265 2904 2318 ut
2931 2261 2991 2318 in
3022 2260 3184 2318 nullo
3213 2276 3348 2316 cum
3365 2258 3479 2316 alio
3509 2258 3761 2316 conferri

348 2346 566 2418 possit.

424 2435 518 2497 Ὡς
549 2432 643 2489 οὖν
680 2433 734 2488 ἐν
765 2434 909 2488 οὕτω
939 2438 1107 2506 στενῷ
1153 2430 1361 2507 κομιδῆ
1414 2432 1481 2489 τὰ
1508 2437 1615 2488 τῶν
1662 2431 1846 2509 λόγων
1877 2436 2010 2512 φθά-

353 2543 523 2579 σαντα
558 2521 787 2595 ὲθεάσω,
828 2523 919 2578 καὶ
970 2521 1051 2578 ὅτι
1094 2522 1158 2578 τὸ
1216 2522 1512 2579 κάλλιπον
1560 2524 1674 2596 ἅμα
1721 2524 1811 2578 καὶ
1860 2521 2015 2578 ἰδιαί-

352 2632 517 2667 τατον
563 2612 864 2687 ἀνθρώπων
913 2619 1112 2689 χρῆμα
1160 2609 1399 2688 οἷ’χεται,
1456 2617 1652 2688 μικροῦ
1703 2610 1832 2681 δεῖν,
1879 2615 2015 2668 κατὰ

352 2691 483 2771 τῆν’
519 2698 778 2757 Ἡσιόδου
823 2700 988 2771 Δίκην
1045 2702 1180 2775 (45),
1238 2701 1298 2756 ἐκ
1353 2707 1457 2777 γῆς
1513 2700 1915 2775 ἀποπτάμενον,
1967 2701 2015 2757 εἰ

361 2792 441 2865 μή
500 2791 567 2845 σὺ
626 2790 902 2864 ὑπὲρσγῃς
949 2790 1049 2858 τὴν
1111 2789 1283 2861 δεξιάν
1313 2807 1326 2821 ⁸
1387 2790 1463 2853 ὡς
1522 2788 1612 2844 οὖν
1669 2790 1811 2845 οὕτω
1868 2791 2015 2847 ταῦτ’

359 2879 560 2957 ἔχοντα
587 2882 679 2951 ἦν,
731 2877 796 2933 σὺ
847 2876 906 2933 δὲ
952 2876 1108 2950 εἶδες,
1161 2878 1261 2934 οὐκ
1302 2876 1531 2955 ἤνεγκας
1563 2881 1592 2934 ὁ
1638 2880 1824 2943 κοινὸς
1871 2880 2017 2958 εὐερ-

356 2969 525 3044 γέτης
573 2968 637 3024 τὸ
690 2969 886 3038 πάθος,
943 2965 1059 3023 οὐδ’
1094 2963 1362 3023 ἀνεϐάλου
1406 2969 1541 3044 πρὸς
1586 2970 1685 3038 τήν
1737 2970 2015 3045 βοήθειαν,

364 3056 479 3113 οὐδ’
508 3056 821 3130 ἐμέλλησας
846 3055 986 3133 πρὸς
1033 3058 1134 3126 τὴν
1177 3055 1391 3132 χρείαν,
1443 3055 1589 3113 ἀλλὰ
1639 3056 1830 3128 ζηλοῖς
1880 3058 2014 3135 ὑπὲρ

369 3151 479 3201 τῶν
526 3145 725 3222 λόγων,
776 3144 1076 3217 ἀνίστασαι,
1123 3146 1266 3210 θείας
1315 3145 1573 3217 κινούσης
1619 3146 1812 3223 ῥοπῆς,
1863 3146 2012 3211 ἀνθί-

369 3256 555 3290 σταται
618 3236 758 3290 κατὰ
821 3236 922 3303 τῆς
1000 3232 1205 3312 ἀλόγου
1278 3234 1458 3310 τύχης
1512 3282 1527 3307 ,
1585 3235 2016 3313 ἀντιπαρατάττῃ

366 3324 503 3401 πρὸς
530 3325 628 3394 τήν
679 3322 907 3379 ἄτακτον
938 3296 1149 3394 ἐκείνην
1201 3326 1393 3402 φορὰν,
1443 3321 1684 3394 σπουδὴν
1731 3296 1875 3401 ἔχὶων
1923 3296 2013 3381 καῖ
2045 3296 2089 3364 C

360 3417 529 3468 ταῦτα
582 3408 914 3469 καταϐαλεῖν
942 3460 960 3485 ,
1020 3411 1201 3489 ὥσπερ
1277 3413 1490 3489 ἐχθρῶν
1547 3411 1811 3487 μυριάδας
1853 3460 1869 3487 ,
1928 3413 2016 3470 καὶ

358 3505 461 3572 τῆς
518 3500 745 3576 ὑψηλῆς
805 3499 1129 3580 φιλοσοφίας
1183 3500 1444 3578 ἐχέγγυος
1518 3503 1829 3558 καθίστασαι
1883 3503 2018 3578 πρό-

366 3611 551 3667 μαχος
584 3631 601 3646 .
654 3592 824 3650 Ἔνθα
875 3590 967 3645 καὶ
1019 3590 1111 3646 τὸν
1171 3589 1262 3645 σόν
1324 3592 1531 3668 Ἑρμῆν
1591 3592 1729 3655 τέως
1786 3597 2020 3669 σιγῶντα

364 3678 653 3755 διεγείρεις
695 3680 936 3756 χρῆσθαι
980 3683 1050 3753 τῇ
1096 3679 1338 3756 γλώττῃ,
1389 3680 1449 3752 ἢ,
1480 3686 1596 3745 καθ’
1643 3683 1792 3754 ἡμᾶς
1825 3681 2016 3752 εἰπεῖν,

358 3771 569 3838 Μωσῆς
626 3765 801 3831 ἄλλος
847 3767 1048 3846 φανεὶς,
1098 3769 1174 3831 ὡς
1224 3768 1286 3823 ἐκ
1330 3768 1551 3844 πέτρας,
1598 3774 1697 3824 τοῦ
1753 3775 2018 3847 σιγῶντος

359 3857 561 3936 σοφίας
609 3858 777 3920 κινεῖς
816 3856 1123 3931 ποταμοὺς,
1172 3857 1261 3912 καὶ
1320 3857 1492 3931 μάννα
1532 3857 1585 3929 ἐξ
1634 3856 1853 3932 ὑψηλης
1900 3880 2018 3938 φρε-

355 3948 452 4010 νὸς
514 3946 763 4018 ὖετίζεις,
810 3945 902 4001 καὶ
959 3948 1139 4023 ψυχὰς
1198 3944 1479 4019 ἐμπιπλᾷς
1531 3947 1766 4022 ἀγαθῶν,
1824 3950 2018 4003 πεινώς

358 4058 457 4099 σας
489 4035 668 4092 πολὺν
706 4032 818 4107 ἤδη
869 4034 1071 4111 χρόνον
1119 4035 1180 4090 ού
1231 4035 1396 4109 λιμὸν
1443 4033 1630 4110 ἄρτου,
1687 4035 1813 4092 οὐδὲ
1862 4035 2015 4111 δίψος

358 4125 585 4192 ὕδατος,
630 4130 739 4180 τῶν
787 4124 1002 4180 εὖώνων
1056 4125 1147 4180 καὶ
1207 4124 1535 4200 εὐπορίστων
1589 4125 1680 4180 καὶ
1727 4126 1906 4201 χαμαὶ
1936 4127 2018 4200 ἐρ-

357 4214 621 4292 χομένων
677 4213 768 4269 καὶ
822 4234 1039 4293 τροφῶν
1094 4215 1184 4269 καὶ
1236 4218 1442 4285 ποτῶν,
1499 4211 1647 4269 ἀλλὰ
1696 4215 1887 4292 σοφίας
1928 4217 2020 4287 ξη-

360 4302 684 4379 ραινομένας
737 4302 941 4380 αὐχμῷ
995 4303 1084 4358 καὶ
1146 4300 1285 4377 δίψει
1329 4300 1683 4375 παιδεύσεως,
1722 4305 1759 4374 ἢ
1797 4305 1887 4359 καὶ
1919 4304 2014 4359 λό-

355 4415 453 4469 γον
488 4394 652 4461 σώζει
681 4393 818 4467 πρὸς
847 4392 945 4461 τὴν
977 4393 1165 4467 ψυχήν
1198 4391 1357 4468 ὅνπερ
1386 4393 1527 4467 πρὸς
1549 4392 1613 4446 τὸ
1658 4396 1817 4466 σῶμα
1837 4397 2013 4469 ψυχή.

359 4481 447 4553 Ἐξ
499 4482 574 4535 ὢν
616 4480 671 4535 τί
716 4480 915 4556 γίνεται
963 4506 980 4550 ;
1030 4480 1357 4553 Πλατυσμὸς
1403 4479 1735 4553 ἐπιστήμης,
1788 4477 2016 4536 ἀναϐίω-

358 4592 464 4640 σις,
495 4571 572 4632 ὡς
602 4569 797 4641 εἰπεῖν,
832 4566 1033 4643 λόγων,
1064 4566 1401 4639 ἀναθῆλησίς
1449 4590 1508 4624 τε
1545 4574 1721 4645 χοροῦ
1753 4569 2011 4647 λογικῶν,

2192 2439 2336 2495 Cum
2384 2439 2566 2514 igitur
2603 2440 2802 2498 vidisti
2832 2441 2915 2498 ita
2957 2441 3019 2497 in
3071 2444 3229 2499 arcto
3276 2440 3499 2497 litteras
3547 2453 3676 2496 esse
3706 2440 3765 2496 et

2123 2528 2587 2600 pulcherrimum
2621 2529 2801 2587 simul
2831 2548 2898 2588 ac
2924 2530 3480 2604 ,singularissimum
3508 2526 3767 2585 hominis

2123 2619 2302 2674 decus
2330 2618 2599 2692 migrare,
2625 2623 2684 2676 et
2710 2637 2921 2693 parum
2951 2621 3136 2686 abest,
3158 2624 3225 2676 ut
3254 2619 3485 2677 Hesiodi
3507 2617 3766 2688 Justitia,

2124 2723 2158 2761 a
2184 2710 2341 2762 terra
2370 2707 2616 2775 evolare,
2645 2706 2762 2764 nisi
2789 2712 2854 2764 tu
2886 2709 3147 2765 dextram
3180 2707 3472 2781 porrigas;
3492 2722 3625 2763 cum
3657 2705 3768 2779 igi-

2122 2797 2221 2850 tur
2242 2795 2321 2851 ita
2342 2811 2406 2851 se
2426 2812 2520 2852 res
2539 2796 2755 2853 habere
2786 2796 3160 2870 conspexisti,
3184 2814 3301 2853 non
3330 2795 3517 2853 tulisti
3539 2794 3763 2852 malum

2125 2884 2225 2956 qui
2254 2885 2316 2939 in
2347 2900 2550 2941 omnes
2580 2886 2879 2943 beneﬁcus
2903 2903 3055 2953 eras,
3077 2890 3135 2942 et
3163 2902 3333 2959 opem
3356 2887 3505 2942 ferre
3534 2901 3652 2941 non
3680 2884 3769 2940 di-

2125 2973 2363 3040 stulisti,
2395 2990 2500 3030 nec
2530 2979 2793 3031 moratus
2842 2990 2906 3032 es
2933 2975 3266 3032 necessitati
3304 2972 3626 3043 consulere,
3657 2974 3761 3030 sed

2124 3063 2294 3120 ardes
2340 3063 2666 3120 litterarum
2730 3065 2947 3136 studio,
3002 3068 3062 3121 te
3106 3063 3442 3137 impellente
3502 3056 3605 3119 Dei
3656 3079 3765 3118 nu-

2124 3152 2305 3221 mine,
2334 3169 2638 3226 oppugnas
2669 3152 3042 3225 insipientem
3084 3155 3401 3221 fortunam,
3432 3151 3768 3209 colluctaris

2125 3241 2587 3309 adversusillam
2613 3242 3062 3315 propensionem
3091 3242 3505 3312 inordinatam,
3527 3245 3767 3297 conten-

2125 3330 2272 3386 dens
2299 3330 2421 3387 haec
2465 3348 2698 3405 quoque
2729 3338 2982 3388 evertere
3027 3334 3093 3387 ut
3136 3331 3510 3387 inimicorum
3557 3328 3765 3401 millia,

2125 3422 2183 3474 et
2237 3419 2365 3475 altae
2422 3421 2716 3494 sapientiae
2775 3424 2984 3477 cautus
3036 3420 3285 3488 ;exsistis
3341 3422 3763 3493 propugnator.

2126 3508 2291 3564 Tunc
2348 3513 2516 3565 tuum
2573 3509 2930 3566 Mercurium
2987 3510 3272 3567 hactenus
3329 3508 3599 3566 silentem
3646 3507 3768 3564 lin-

2126 3612 2243 3669 gua
2293 3596 2380 3652 uti
2436 3599 2667 3667 incitas,
2729 3602 2852 3666 aut,
2908 3602 2973 3654 ut
3021 3616 3130 3656 nos
3182 3598 3472 3667 dicimus,
3533 3597 3763 3671 Moyses

2126 3686 2273 3742 alter
2325 3686 2585 3760 evasisti,
2630 3687 2801 3760 quasi
2856 3704 2926 3744 ex
2979 3704 3144 3761 rupe,
3181 3687 3409 3744 silentis
3466 3686 3767 3760 sapientiae

2126 3774 2363 3832 eliciens
2402 3776 2648 3849 ﬂumina
2675 3781 2733 3833 et
2761 3793 2981 3833 manna
3009 3793 3078 3834 ex
3128 3776 3283 3834 celsa
3311 3780 3506 3833 mente
3533 3775 3766 3850 pluens,

2125 3862 2296 3920 bonis
2344 3867 2619 3921 saturans
2663 3866 2893 3923 animas
2941 3866 3268 3922 esurientes
3320 3865 3533 3922 abhinc
3579 3864 3767 3922 multo

2124 3955 2408 4025 tempore,
2445 3971 2563 4009 non
2610 3956 2848 4027 quidem
2897 3956 3050 4012 fame
3103 3954 3293 4028 panis,
3324 3971 3431 4011 nec
3457 3954 3558 4012 siti
3602 3970 3767 4027 aqua)

2126 4044 2183 4097 et
2230 4042 2389 4097 velut
2444 4044 2849 4100 communium
2897 4048 2957 4101 et
3000 4044 3168 4100 humi
3211 4044 3540 4116 jacentium
3591 4060 3767 4100 escu-

2122 4127 2417 4186 lentorum
2466 4137 2523 4188 et
2569 4132 3026 4205 potulentorum,
3057 4134 3159 4190 sed
3203 4136 3529 4190 arescentes
3576 4131 3672 4189 siti
3710 4135 3768 4188 et

2126 4220 2278 4277 fame
2329 4221 2625 4293 doctrinae,
2684 4240 2812 4296 quaa
2867 4223 3070 4279 eadem
3116 4223 3401 4279 rationem
3457 4221 3634 4277 habet
3687 4221 3760 4277 ad

2125 4309 2383 4366 animum
2415 4328 2593 4383 quam
2623 4312 2694 4368 ad
2742 4328 2954 4382 corpus
3003 4311 3219 4368 anima.
3252 4311 3330 4366 Ex
3358 4309 3452 4366 his
3481 4309 3621 4382 quid
3652 4308 3768 4364 ﬁt?

2124 4399 2405 4457 Scientias
2451 4402 2780 4474 propagari,
2814 4400 3087 4457 suscitari
3133 4404 3200 4456 ut
3245 4400 3327 4455 ita
3376 4399 3566 4455 dicam
3610 4397 3767 4454 litte-

2127 4506 2244 4557 ras,
2305 4489 2519 4545 iterum
2575 4488 2973 4562 eloquentiam
3026 4488 3242 4561 vigere,
3273 4487 3489 4544 iterum
3547 4503 3763 4542 unum-

2123 4594 2415 4651 quemque
2464 4579 2804 4635 incumbere
2834 4576 3183 4650 disciplinis,
3212 4592 3463 4649 quarum
3511 4591 3618 4632 nec
3664 4592 3766 4632 no-

360 4658 638 4733 ἀνάληψις
693 4656 1051 4731 μαθημάτων,
1082 4658 1158 4713 ῶν
1197 4655 1323 4713 οὐδὲ
1362 4657 1432 4712 τὰ
1480 4657 1721 4731 ὀνόματα
1766 4660 2011 4736 γνώριμα

2127 4667 2290 4724 mina
2312 4672 2485 4724 antea
2514 4668 2708 4724 decori
2750 4668 3016 4735 fuerant;
3047 4670 3126 4738 et,
3157 4669 3225 4722 ut
3271 4664 3523 4722 breviter
3548 4664 3763 4734 dicam,

356 4748 421 4804 τὸ
468 4748 582 4825 πρὸ
623 4750 742 4802 τοῖ’)-
799 4745 974 4809 οῧτως
1018 4742 1395 4802 ἔδειηπολλοῦ
1439 4750 1537 4802 τοῦ
1584 4750 1752 4802 ταῦτα
1790 4746 2012 4804 ἐπίστα-

357 4850 503 4901 σθαι’
535 4835 651 4908 καὶ,
705 4832 979 4889 συνελόντι
1025 4835 1206 4912 φάναι,
1255 4840 1359 4897 πᾶς
1402 4856 1487 4896 τις
1529 4833 1707 4912 λόγων
1756 4835 2009 4911 ἐγκύμων

353 4926 446 4982 καὶ
497 4922 834 4999 μαθημάτων
886 4922 1189 4987 ἀνάπλεως.
1242 4924 1341 4979 Καὶ
1388 4924 1553 4995 ,τοῦτό
1603 4946 1708 4997 σοι,
1763 4924 2010 5001 βασιλεῦ,

350 5018 413 5071 τὸ
473 5013 631 5092 ἔργον
664 5056 683 5083 ,
728 5013 831 5069 οὐκ
870 5008 1116 5086 ἔλαττον,
1162 5013 1285 5087 ἐμοὶ
1335 5006 1534 5087 δοκεῖν,
1581 5018 1690 5068 τῶν
1753 5006 2007 5091 μεγάλων

406 5202 848 5333 ἑωλυῦεοιεὶο
904 5202 1256 5275 Aoropolita,
1288 5204 1388 5286 "de
1434 5219 1551 5276 quo
1606 5207 1817 5286 praeter
1864 5205 2009 5261 alios

455 5320 468 5331 .
591 5280 748 5331 atius
778 5275 960 5330 Dlatr.
994 5275 1065 5330 de
1094 5274 1378 5333 Georgus.
1412 5276 1477 5330 In
1501 5279 1853 5332 testimoniis
1874 5281 2009 5333 ante

351 5272 468 5333 vid.
495 5272 972 5347 Allatius'Diatr,
994 5272 1075 5330 de
1094 5274 1378 5347 Georgiis.
1412 5272 1477 5330 In
1501 5272 1853 5332 testimoniis
1874 5281 2010 5334 ante

350 5349 675 5427 pusianam
704 5344 1049 5427 Acropolitae
1083 5344 1362 5427 ‘Histo'riaa
1391 5346 1710 5427 editionem
1741 5349 2009 5427 apposita

349 5420 591 5477 fuerunt
620 5415 886 5490 Gregorii
916 5432 1053 5472 eum
1083 5416 1393 5490 laudantis
1426 5419 1621 5485 verba,
1655 5420 1728 5474 ab
1757 5415 2005 5480 κίνδυνος

349 5492 470 5565 εἶχε
500 5492 575 5565 ad
602 5488 911 5565 σύγκρισιν,
941 5504 1195 5565 quorum
1238 5488 1577 5565 maximam
1595 5494 1819 5565 partem
1849 5490 2004 5565 Alla-

346 5556 469 5619 tiu's
510 5561 550 5616 l.
586 5577 635 5617 c.
910 5556 1195 5634 _fepetiit.
1227 5556 1613 5634 Qui__putavif
1638 5562 2006 5634 Gregorium

346 5634 641 5707 integram
670 5630 745 5687 de
790 5630 1087 5707 laudibus
1114 5630 1456 5707 Acropolita:
1504 5630 1828 5707 orationem
1861 5633 2006 5689 scri-

349 5702 640 5778 psisse,_et
662 5706 854 5778 totam
881 5718 919 5778 _a
948 5702 1123 5778 D_usis
1152 5702 1328 5778 etiam
1358 5719 1475 5760 non
1508 5704 1689 5761 fuisse
1721 5706 2005 5778 quereba-

350 5772 471 5849 tur,
499 5774 754 5835 Allatius
782 5772 1095 5847 insigniter
1122 5775 1353 5847 erravit,
1385 5792 1560 5847 quem
1589 5772 1849 5850 corrigas
1878 5776 1919 5833 l.
1950 5793 2003 5833 ο.

2123 4774 2416 4830 quemque
2439 4756 2652 4813 litteris
2683 4755 2920 4829 plenum
2941 4771 3071 4813 esse
3100 4759 3159 4813 et
3178 4754 3439 4812 scientiis
3458 4754 3764 4827 refectum,

2123 4848 2193 4901 Et
2222 4845 2390 4914 illud,
2422 4862 2540 4914 rex,
2566 4858 2685 4901 non‘
2703 4845 2902 4901 minus
2925 4849 3016 4901 est
3041 4862 3209 4917 opus,
3232 4846 3299 4900 ut
3326 4844 3552 4916 opinor,
3585 4859 3765 4916 quam

2122 4936 2237 4991 ista
2268 4934 2548 5001 facinora,
2579 4951 2684 5006 per
2711 4950 2843 5006 quae
2872 4934 3125 4990 domasti
3173 4933 3488 5006 principes,
3517 4936 3577 4989 et
3602 4938 3767 4989 terra:

2122 5028 2345 5081 metum
2375 5028 2434 5079 et
2463 5040 2737 5096 pavorem
2784 5022 3087 5083 incussisti
3116 5041 3130 5092 ;
3162 5023 3379 5097 quippe
3412 5023 3569 5079 enim
3602 5038 3767 5079 amo-

2118 5219 2517 5348 ?.(2§_.Plato,
2550 5275 2721 5348 cujus
2757 5274 2942 5348 _verba
2963 5344 2972 5348 Α
2995 5273 3273 5331 describit
3299 5274 3633 5348 Gregorius,
3665 5273 3770 5329 ha-

2118 5345 2236 5419 bet,
2261 5343 2592 5419 Phaedrae.
2747 5343 3213 5419 ἀποτετόρνευται.

2188 5416 2299 5497 (id)
2331 5415 2573 5497 Niceph.
2622 5418 2913 5497 _Gregoras
2936 5415 3075 5497 x,:2,
3106 5418 3194 5497 in_
3218 5417 3556 5476 laudatione
3584 5416 3768 5473 Meto-

2118 5484 2289 5564 chitae
2323 5484 2679 5564 :_lIoiv—'raj&p
2704 5484 2780 5550 εἶῖς
2813 5488 2950 5564 ἀνῂρ
2977 5484 3132 5564 οὗτος
3160 5488 3251 5564 ἦν.

2213 5560 2297 5634 ᾧ)
2345 5558 2848 5634 Respicit,'puto,
2881 5558 3113 5617 Hesiodi
3168 5562 3381 5634 locum,
3416 5561 3488 5617 de
3543 5560 3769 5634 Pudore

2116 5634 2173 5685 et
2201 5631 2454 5705 Nemesi,
2482 5647 2593 5705 _seu
2628 5631 2826 5705 potius
2875 5634 3038 5689 Arati
3087 5634 3158 5689 de
3184 5633 3446 5701 Justitia,
3477 5635 3535 5705 et
3564 5631 3768 5705 lapsus

2114 5705 2220 5829 (Et;
2228 5701 2289 5757 in
2336 5701 2573 5765 nomine
2625 5701 2809 5780 poetae
2848 5705 3163 5761 scribendo
3198 5723 3211 5760 :
3254 5706 3328 5763 cf.
3377 5703 3538 5763 Arati
3566 5701 3768 5760 Phaen.
