4118 6436
355 406 472 474 383

1379 413 1694 480 GEORGII
1736 409 1997 477 CYPRII
2040 410 2160 475 GP.
2202 409 2730 476 PATRIARCHE

3636 409 3755 475 384

355 563 489 605 vere
516 544 740 605 cladem
780 563 906 620 quae
955 546 1212 606 animam
1261 548 1589 622 impugnat,
1618 554 1676 606 et
1719 549 1870 606 inter
1901 563 1989 605 res

2107 543 2344 618 ἐκείνων,
2378 543 2445 601 δι’
2475 547 2547 600 ὧν
2587 543 2778 608 πόλεις
2832 544 2919 600 καὶ
2970 539 3240 622 ἄρχοντας
3288 538 3451 601 ἐθνῶν
3495 539 3624 608 τοὺς
3655 543 3750 619 μέν

357 637 600 694 rationis
643 643 923 711 expertes,
973 656 1101 696 eam
1150 639 1391 696 rationis
1440 640 1781 713 participem
1844 639 1993 694 redi-

355 744 490 801 gere
537 728 853 794 contendit,
904 745 1080 800 quam
1132 729 1328 785 hostes
1383 731 1536 785 foras
1584 731 1993 802 perturbantes

354 820 720 889 prosternere
752 816 912 872 nullo
943 819 1114 873 modo
1167 818 1354 890 magis
1385 818 1732 873 dedecorum
1764 823 1870 874 est.
1902 818 1995 873 Sic

359 922 464 978 per
517 909 573 960 te
619 907 905 962 bonorum
954 907 1170 962 flumen
1230 907 1381 963 inter
1437 924 1544 962 nos
1602 906 1882 973 deﬂuxit,
1941 910 2000 961 et

351 995 550 1051 omnia
596 993 882 1051 salutaria
929 996 1313 1067 contigerunt,
1369 1001 1426 1052 et
1473 996 1779 1052 manifeste
1831 1000 1992 1051 tuam

347 1086 639 1142 fortunam
715 1089 914 1140 nostra
1013 1087 1328 1142 subsecuta
1420 1090 1510 1142 est
1612 1085 1988 1158 prosperitas.

345 1175 730 1241 Quamobrem
762 1174 1094 1247 inspicienti
1150 1177 1360 1248 cuique
1402 1193 1535 1230 cum
1571 1176 1786 1247 quibus
1819 1192 1990 1246 opor-

342 1267 464 1320 teat
491 1269 595 1319 tua
623 1265 906 1334 conferre,
937 1265 1135 1336 in0pia
1157 1263 1332 1320 simul
1355 1281 1420 1320 ac
1451 1263 1767 1319 difﬁcultas
1797 1281 1996 1319 occur-

341 1357 497 1408 runt.
556 1353 672 1407 Nec
745 1354 898 1408 enim
961 1353 1278 1424 quisquam
1337 1371 1405 1408 ex
1461 1352 1721 1425 antiquis
1782 1352 1985 1407 animo

345 1443 689 1498 observatur
736 1459 908 1514 quem
960 1459 1192 1514 aequum
1242 1443 1317 1498 sit
1369 1446 1560 1498 tecum
1608 1441 1890 1508 conferre,
1937 1445 1993 1495 et

342 1531 552 1602 siquis
579 1547 706 1586 esse
762 1531 988 1597 offerat,
1015 1547 1212 1586 vereor
1263 1547 1334 1586 ne
1384 1531 1624 1586 omnino
1687 1530 1988 1585 dissonam

341 1620 833 1692 comparationem
865 1619 1094 1690 faciam,
1129 1637 1243 1675 non
1277 1637 1410 1675 cum
1447 1621 1688 1691 majore,
1716 1636 1819 1674 nec
1855 1635 1988 1675 cum

341 1708 572 1780 aequali,
604 1713 668 1764 ut
725 1727 830 1782 par
877 1715 985 1776 est,
1035 1725 1161 1765 eam
1212 1710 1476 1764 faciendo
1525 1727 1537 1764 :
1591 1709 1736 1764 Nam
1785 1723 1989 1763 omnes

338 1799 503 1855 video
554 1798 657 1854 tibi
708 1799 943 1854 dotibus
995 1815 1123 1854 esse
1173 1799 1448 1863 minores,
1482 1803 1547 1854 ut
1593 1798 1795 1853 omnia
1834 1802 1990 1853 astra

339 1887 469 1958 soli,
500 1891 558 1944 et
587 1886 731 1942 illud
766 1891 1048 1958 tanquam
1103 1887 1381 1943 honorem
1427 1888 1662 1953 ducere,
1695 1887 1850 1957 quod
1881 1886 1986 1941 ali-

339 1977 473 2048 quis
529 1977 757 2049 primus
803 1980 934 2049 post
989 1980 1044 2032 te
1093 1980 1419 2032 censeatur.
1481 1980 1629 2049 Ergo
1680 1980 1738 2031 et
1787 1980 1982 2047 Cyros,

338 2065 565 2132 Darios,
615 2064 970 2122 Alexandros
1016 2070 1074 2121 et
1120 2069 1434 2139 Augustos,
1470 2070 1526 2120 et
1573 2064 1674 2136 qui
1717 2063 1983 2120 Barbaris

339 2158 516 2227 atque
535 2154 812 2211 Romanis
832 2153 1196 2227 imperarunt
1223 2159 1281 2210 et
1303 2156 1374 2210 ad
1402 2153 1718 2210 maximam
1737 2152 1982 2225 gloriam

339 2244 591 2317 provecti
623 2247 782 2309 sunt,
837 2243 988 2314 illos,
1021 2244 1358 2317 quicunque
1402 2247 1563 2310 sunt,
1595 2247 1723 2298 tum
1769 2242 1827 2296 in
1861 2257 1983 2296 me-

338 2333 504 2389 dium
534 2334 736 2389 afferre
763 2333 1034 2404 iniquum
1083 2333 1355 2390 arbitror.
1387 2333 1692 2398 Quodnam
1730 2334 1879 2386 'cum
1905 2335 1983 2386 te-

338 2423 536 2480 nebris
566 2421 710 2478 solis
739 2422 1121 2492 consortium,
1153 2423 1273 2478 sive
1314 2440 1447 2478 cum
1477 2423 1710 2478 fortuna
1741 2419 1982 2476 rationis

334 2516 392 2569 et
421 2511 745 2584 prudentiae
776 2511 895 2568 sive
925 2528 1059 2568 cum
1109 2511 1334 2568 somnis
1383 2511 1642 2567 veritatis
1666 2511 1694 2566 ?
1722 2513 1823 2566 aut
1852 2526 1978 2580 quae

332 2601 520 2657 virtus
549 2600 608 2656 in
640 2617 772 2673 rege
798 2599 1117 2673 effulgeret,
1151 2601 1263 2657 nisi
1310 2619 1344 2657 a
1373 2601 1491 2658 Deo
1520 2600 1850 2674 dirigatur?
1879 2602 1981 2654 aut

336 2707 464 2764 quae
491 2689 677 2762 gloria
706 2689 756 2746 si
787 2690 942 2746 absit
970 2690 1257 2746 Creatoris
1283 2690 1535 2763 cognitio
1556 2691 1584 2744 ?
1617 2689 1752 2745 Illos
1782 2693 1977 2744 autem

338 2780 439 2853 qui
458 2780 780 2836 secundum
799 2779 899 2836 Dei
923 2783 1273 2852 praeceptum
1288 2784 1676 2852 regnaverunt
1695 2778 1744 2834 si
1765 2777 1897 2850 quis
1917 2777 1976 2832 in

342 2869 602 2926 medium
651 2869 923 2936 adducat,
965 2868 1128 2925 solus
1175 2870 1350 2925 etiam
1398 2887 1466 2926 ex
1495 2868 1566 2925 iis
1618 2869 1771 2924 bona
1819 2883 1975 2938 qum-

341 2975 572 3031 cunque
601 2959 673 3014 ad
702 2958 976 3015 virtutem
1003 2963 1060 3015 et
1089 2960 1273 3015 Deum
1318 2959 1610 3031 pertinent
1638 2956 1978 3029 complexus

339 3063 401 3104 es
434 3065 447 3104 :
481 3049 530 3104 si
561 3065 694 3104 vero
735 3048 1016 3120 aspiciam
1047 3049 1246 3105 omnia
1282 3047 1343 3103 in
1396 3048 1611 3120 quibus
1658 3046 1980 3103 titubavere

336 3142 413 3204 et,
453 3137 690 3208 justitia
753 3139 1110 3208 deerrantes,
1159 3138 1404 3194 virtutes
1469 3154 1608 3193 suas
1657 3135 1981 3192 maculave-

337 3231 498 3296 runt,
527 3231 759 3284 tantum
799 3228 870 3284 ab
916 3226 1035 3284 illis
1065 3227 1248 3284 distas
1279 3227 1593 3298 (quomodo
1640 3226 1697 3281 id
1729 3229 1860 3298 apte
1891 3225 1979 3279 di-

338 3315 520 3374 xerim
543 3316 592 3385 ‘2)
623 3319 912 3388 quantum
943 3315 1096 3371 inter
1134 3297 1350 3372 terram
1393 3320 1451 3372 et
1476 3315 1680 3373 lunam
1711 3297 1980 3370 interval-
2011 3297 2055 3365 C

337 3404 485 3462 lum.
517 3406 605 3461 Tu
639 3405 878 3478 Moysis,
899 3409 963 3460 tu
995 3408 1053 3461 et
1078 3405 1277 3472 Josue,
1297 3404 1535 3460 alterius
1552 3405 1739 3476 gratia
1767 3402 1983 3459 cmlesti

342 3498 400 3550 et
443 3509 792 3566 magnorum
839 3493 1127 3550 eliectrice
1169 3493 1448 3566 potentia,
1483 3498 1656 3564 atque
1705 3493 1984 3549 adversus

342 3583 752 3638 exacerbantes
829 3581 1308 3654 longaniminate,
1385 3581 1626 3638 alterius
1708 3580 1983 3636 militiam

342 3671 673 3743 imperandi
706 3674 762 3726 et
792 3671 1074 3744 populum
1119 3672 1483 3745 gubernandi
1515 3672 1744 3744 peritia,
1776 3675 1833 3726 et
1860 3687 1987 3725 mu-

340 3776 479 3817 nere
509 3760 857 3829 deducendi,
889 3764 954 3816 ut
989 3759 1108 3832 ille,
1141 3760 1422 3832 populum
1455 3761 1525 3816 ad
1574 3764 1787 3816 terram
1821 3763 1984 3832 opta-

343 3854 467 3904 tam
528 3847 918 3918 locupletatus
948 3865 1030 3904 es.
1083 3849 1314 3904 Davidis
1362 3849 1669 3904 aemulatus
1711 3865 1774 3904 es
1821 3865 1985 3902 man-

340 3935 736 4003 suetudinem,
768 3941 826 3991 et
855 3937 1228 4008 potissimum
1259 3955 1294 3993 a
1335 3941 1544 3992 natura
1581 3938 1860 3992 adversus
1887 3951 1988 3992 eos

342 4025 443 4098 qui
488 4025 602 4080 sibi
651 4024 974 4081 illudebant
1018 4025 1280 4082 habuisti
1327 4025 1716 4097 clementiam,
1761 4029 1837 4093 et,
1874 4041 1988 4080 non

344 4114 542 4170 minus
574 4129 752 4185 quam
773 4112 880 4182 illi,
903 4113 1201 4170 timendus
1219 4114 1347 4170 aliis
1373 4114 1646 4187 gentibus
1673 4113 1946 4170 exstitisti
1971 4131 1984 4170 :

343 4202 663 4277 genuinam
685 4202 839 4258 enim
865 4202 1162 4259 lenitatem
1185 4203 1327 4259 solis
1349 4202 1629 4274 subjectis
1652 4203 1722 4258 ad
1740 4202 1873 4259 illos
1890 4203 1990 4258 de-

345 4291 646 4348 lectandos
661 4291 980 4362 praabuisti.
1002 4291 1330 4348 Salomonis
1351 4291 1699 4364 sapientiam
1716 4296 1773 4347 et
1787 4290 1991 4346 latitu-

352 4381 550 4437 dinem
582 4381 777 4436 cordis
806 4381 1130 4453 amplexus,
1154 4381 1226 4436 ab
1244 4380 1376 4436 aliis
1405 4382 1668 4452 ejusdem
1693 4386 1993 4436 aversatus

353 4488 416 4526 es
440 4474 622 4539 ;et,ut
649 4469 890 4526 omissis
912 4469 1029 4524 illis
1053 4469 1152 4541 qui
1184 4470 1433 4542 gratiam
1463 4471 1993 4541 praecesserunt,“

354 4568 523 4614 tuum
554 4559 964 4631 cognominem
993 4559 1246 4626 veniam,
1269 4559 1370 4630 qui
1401 4558 1626 4630 primus
1657 4558 1807 4615 inter
1829 4558 1993 4614 Cbri-

351 4647 577 4704 stianos
606 4647 889 4721 regnavit,
920 4647 1080 4704 illius
1130 4663 1362 4720 quoque
1392 4647 1616 4704 habens
1646 4648 1717 4704 ad
1769 4647 1994 4704 cultum

353 4736 454 4794 Dei
485 4736 864 4802 alacritatem,
898 4741 955 4792 et
1000 4752 1170 4793 cruce
1198 4736 1384 4792 vincis
1430 4737 1650 4806 hostes,
1679 4740 1738 4793 et
1762 4737 1998 4808 videris,

358 4829 462 4881 aut
490 4824 684 4897 potius
713 4825 945 4882 exsistis
990 4826 1050 4882 in
1083 4842 1282 4899 pugna
1307 4826 1597 4895 ,invictus,
1630 4830 1687 4883 et
1716 4831 1782 4883 ut
1812 4825 2001 4899 magis

359 4918 694 4970 accuratam
750 4915 1066 4988 imaginem
1148 4917 1404 4989 praebere
1459 4914 1688 4988 possis,
1749 4915 2002 4971 aedificas

360 5003 678 5072 civitatem,
711 5021 886 5075 quam
922 5003 1018 5060 ille
1048 5006 1312 5060 conditor
1360 5004 1702 5060 nominavit.
1734 5004 1804 5059 Et
1832 5003 2001 5076 quid-

358 5093 500 5165 quid
521 5092 862 5149 Theodosiis
884 5093 1115 5165 magnis
1130 5099 1187 5150 et
1203 5094 1627 5166 caateris,atquc
1649 5093 2002 5150 Justinianis

356 5187 414 5238 et
444 5181 530 5237 eis
579 5182 677 5252 qui
729 5199 862 5237 cum
913 5182 1031 5238 illis
1075 5185 1146 5237 ad
1205 5183 1521 5238 maximam
1578 5183 1823 5254 gloriam
1874 5201 2000 5254 per-

352 5274 660 5342 venerunt,
713 5269 899 5326 inerat
947 5271 1200 5343 pietatis,
1253 5273 1554 5329 cbaritatis
1602 5273 1662 5328 in
1707 5273 1913 5340 Deum,
1946 5279 2004 5330 et

359 5360 639 5416 adversus
664 5359 923 5432 pericula
952 5361 1315 5416 strenuitatis
1345 5367 1402 5417 et
1441 5363 1704 5432 justitia,
1736 5363 1796 5418 in
1828 5365 2004 5420 rebus

360 5449 632 5522 gerendis
681 5453 738 5504 et
782 5448 1152 5520 providendis
1200 5451 1568 5522 excellentiae,
1610 5456 1666 5507 et
1712 5453 2002 5526 quidquid

359 5607 692 5753 εἱὲἓςὲέἐῗο
718 5623 856 5664 voce
877 5608 1126 5665 barbara
1147 5609 1486 5667 Latinorum
1507 5612 1684 5670 duces
1716 5613 2006 5686 praecipue

429 5751 542 5832 (47)
573 5753 746 5810 Deest
774 5752 973 5810 forsan
1005 5751 1144 5825 quid
1177 5755 1312 5811 ante
1343 5753 1491 5829 μέντ.

2107 638 2450 710 παρεστήσω,
2503 634 2628 696 τοὺς
2680 632 2736 689 δέ
2765 634 3036 703 καθεῖλες,
3087 631 3157 689 δι’
3185 637 3259 689 ὧν
3309 634 3608 711 πρίγκιπας
3638 638 3753 708 (46)

2107 723 2439 798 ἐδουλώσω,
2491 725 2580 779 καὶ
2626 724 2835 801 τρόμου
2883 725 2971 778 καὶ
3017 728 3263 801 ταραχῆς
3309 727 3409 794 τὴν
3462 725 3547 803 ὑφ’
3588 724 3747 793 ἥλιον

2105 812 2366 885 ἔπλησας,
2399 815 2524 890 παρ’
2573 808 2823 869 ὅσον’καὶ
2871 815 3042 876 πάθος
3089 813 3336 870 καθελεῖν
3385 815 3518 869 κατά
3565 817 3750 890 ψυχῆς

2105 903 2548 979 στρατευόμενον,
2599 903 2688 957 καὶ
2741 903 2874 976 μετά
2919 907 3024 957 τῶν
3075 902 3292 978 ἀλόγων
3344 905 3550 958 τάττειν
3594 903 3751 978 λογι-

2101 999 2201 1061 κήν
2253 991 2409 1047 οὖσαν
2462 990 2840 1070 φιλονεικοῦν,
2891 996 2988 1046 τοῦ
3037 993 3164 1054 τοὺς
3214 991 3571 1068 ἐνοχλοῦντας
3621 991 3750 1064 ἔξω·

3591 1082 3751 1140 Οὕτω

2103 1170 2192 1227 διὰ
2223 1173 2277 1226 σέ
2308 1171 2545 1227 θάλασσα
2576 1171 2756 1226 καλῶν
2807 1174 2941 1243 ἡμῖν
2994 1170 3250 1246 ἐξεχύθη,
3301 1171 3391 1225 καὶ
3441 1177 3544 1226 πᾶν
3573 1173 3753 1227 ὁτιοῦν

2102 1265 2370 1337 σωτήριον
2425 1260 2726 1335 ἐπεγένετο,
2777 1260 2867 1314 καὶ
2895 1263 2964 1333 τῇ
3011 1264 3078 1333 σῇ
3105 1259 3249 1334 τύχῃ
3282 1260 3522 1335 ἐναργῶς
3553 1262 3580 1314 ὁ
3612 1262 3754 1334 ἠμέ-

2098 1373 2253 1426 τερος
2287 1347 2724 1419 ἐπηκολούθησεν
2778 1345 2967 1410 ὄλϐος.
3021 1355 3097 1402 Δι’
3129 1348 3161 1402 ἀ
3193 1347 3258 1418 δὴ
3311 1350 3400 1403 καὶ
3448 1353 3756 1422 σκοπουμέ-

2103 1085 2189 1137 θεν
2248 1077 2609 1137 καταϐάλλειν
2657 1080 2890 1157 ἐχθροὺς
2951 1079 3103 1136 οὐδὲν
3161 1082 3481 1158 ἀτιμότερον
3517 1125 3531 1138 .

2101 1463 2208 1501 νοις
2239 1439 2374 1512 πρὸς
2406 1438 2438 1492 ἃ
2488 1437 2567 1493 δεῖ
2613 1438 2701 1492 καὶ
2746 1434 3116 1512 παραϐάλλειν
3161 1438 3229 1492 τά
3280 1440 3346 1492 σά
3391 1436 3511 1500 δέος
3552 1461 3610 1494 τε
3641 1440 3752 1512 ἅμα

2100 1530 2187 1583 καὶ
2220 1528 2417 1604 ἀπορία
2465 1528 2825 1603 προσγίνεται.
2878 1526 3011 1582 Οὔτε
3067 1528 3167 1602 γάρ
3229 1526 3303 1588 εἷς
3359 1530 3582 1600 μνήμην
3628 1529 3749 1597 ἥκει

2097 1639 2181 1680 τις
2227 1622 2334 1672 τῶν
2378 1616 2546 1671 πάλαι
2592 1616 2808 1692 πρὸςσέ
2863 1616 3301 1691 παρεξετάζεσθαι
3360 1615 3588 1685 δίκαιος,
3637 1619 3750 1689 καὶ,

2100 1707 2144 1761 εἰ
2174 1704 2456 1776 ἓλθοιτις,
2508 1703 2724 1759 δέδοικα
2781 1706 2856 1777 μή
2907 1707 3118 1767 πάντως
3162 1703 3466 1776 ἀπᾴδουσαν
3499 1710 3749 1777 ποιήσω-

2102 1817 2195 1867 μαι
2227 1797 2326 1864 τὴν
2360 1794 2615 1865 ἐξέτασιν,
2652 1795 2728 1866 μὴ
2776 1795 2915 1869 πρὸς
2973 1794 3208 1867 μείζονα,
3263 1792 3404 1868 μηδέ
3450 1796 3584 1871 πρὸς
3613 1794 3746 1868 ἴσον,

2097 1885 2174 1947 ὡς
2233 1883 2372 1956 δέον,
2432 1883 2578 1939 ἀλλά
2624 1885 2760 1959 πρὸς
2820 1882 3079 1938 ἐλάττονα
3134 1883 3334 1954 ταύτην
3402 1887 3745 1958 ποιούμενος·

2093 1972 2292 2035 πάντας
2340 1974 2442 2049 γάρ
2475 1973 2586 2048 ὁρῶ
2628 1993 2722 2026 σου
2753 1976 2860 2026 τῶν
2910 1971 3093 2027 καλῶν
3139 1971 3512 2047 ἡττωμένους,
3566 1973 3748 2048 ὥσπερ

2093 2062 2259 2132 ἡλίου
2314 2063 2444 2124 τοὺς
2489 2062 2692 2123 πάντας
2744 2060 2968 2137 ἀστέρας
3002 2106 3017 2129 ,
3067 2059 3158 2115 καὶ
3203 2063 3354 2116 τοῦθ’
3405 2063 3749 2137 ἡγουμένους

2094 2150 2437 2228 φιλοτιμίαν,
2487 2149 2635 2212 ὅστις
2679 2154 2897 2225 πρῶτος
2943 2148 3193 2204 τάττοιτο
3248 2152 3384 2224 μετά
3438 2152 3514 2207 σέ.
3550 2152 3749 2209 Μέντοι

2091 2263 2154 2316 γε
2207 2240 2295 2295 καὶ
2349 2243 2460 2315 (47)
2521 2239 2729 2314 Κύρους
2787 2239 3018 2300 ἐκείνους
3052 2284 3066 2309 ,
3127 2239 3383 2315 Δαρείους
3431 2285 3446 2311 ,
3507 2241 3757 2312 Ἀλεξάν-

2092 2328 2252 2406 δρους
2286 2376 2300 2402 ,
2349 2329 2440 2384 καὶ
2494 2327 2836 2403 Αύγούστους
2867 2375 2883 2401 ,
2941 2327 3030 2382 καὶ
3104 2327 3299 2390 οίτινες
3377 2327 3660 2401 Ἐλλήνων
3712 2333 3747 2401 ἢ

2094 2415 2380 2496 βαρϐάρων
2439 2419 2474 2487 ἢ
2554 2417 2835 2491 Ῥωμαίων
2915 2416 3209 2494 ἐκράτησαν
3286 2419 3418 2473 κάπὶ
3493 2417 3746 2476 πλεῖστον

2088 2516 2332 2584 προῆκον
2363 2507 2653 2580 ὀνόματος,
2701 2506 2947 2576 τούτους,
2982 2505 3166 2561 ὁποῖοί
3212 2509 3355 2569 τινές
3403 2507 3560 2579 εἰσιν,
3595 2507 3749 2582 ἔμοι-

2087 2619 2150 2674 γε
2204 2599 2292 2652 καὶ
2351 2596 2526 2675 φέρειν
2586 2595 2732 2658 ὅλως
2784 2596 2859 2658 εἷς
2919 2596 3080 2669 μέσον
3129 2596 3382 2670 ἀθέμιτον
3417 2640 3431 2654 .
3489 2597 3577 2660 Τίς
3632 2600 3733 2674 γάρ

2087 2689 2221 2763 πρὸς
2251 2686 2443 2748 σκότος
2471 2685 2725 2740 κοινωνία
2767 2683 2954 2756 ἡλίου,
3003 2686 3038 2753 ἢ
3070 2685 3246 2761 τύχης
3281 2685 3452 2761 λόγου
3478 2687 3567 2742 καὶ
3598 2708 3735 2763 προ-

2085 2776 2252 2845 νοίας,
2307 2777 2341 2844 ἢ
2407 2774 2694 2850 ὀνειράτων
2753 2776 2842 2829 καὶ
2899 2773 3180 2847 ἀληθείας,
3228 2775 3264 2844 ἢ
3323 2775 3404 2838 τίς
3465 2777 3524 2830 ἃν
3570 2777 3735 2852 ἀρετή

2092 2864 2368 2942 βασιλείας
2399 2864 2612 2941 φανείη,
2648 2864 2725 2936 μὴ
2775 2867 2908 2918 Θεοῦ
2939 2863 3460 2940 χειραγωγουμένης
3500 2865 3685 2941 χερσίν
3722 2885 3737 2935 ;

2087 2951 2124 3022 ἤ
2152 2951 2234 3015 τίς
2294 2950 2532 3020 εὔκλεια,
2588 2951 2928 3027 ἐπιγνώσεως
2983 2951 3228 3022 ἀπούσης
3272 2956 3370 3006 τοῦ
3410 2952 3687 3016 κτίσαντος
3722 2973 3736 3024 ;

2086 3041 2220 3104 Τοὺς
2271 3039 2328 3096 δὲ
2373 3039 2509 3095 κατά
2556 3039 2725 3114 νόμον
2769 3035 3219 3116 βεϐασιλευκότας
3268 3045 3401 3096 Θεοῦ
3455 3039 3603 3118 εἷ’περ
3663 3042 3741 3105 εἰς

2093 3131 2251 3205 μέσον
2292 3132 2524 3207 παράγοι
2573 3150 2656 3192 τις
2689 3175 2703 3201 ,
2752 3129 2842 3183 καὶ
2889 3129 3138 3202 τούτων,
3194 3127 3438 3206 βασιλεῦ,
3490 3129 3588 3185 ὅσα
3645 3131 3740 3204 μὲν

2087 3225 2194 3276 τῶν
2226 3220 2434 3296 ἀγαθῶν
2487 3218 2576 3274 καὶ
2629 3218 2764 3294 πρὸς
2815 3218 3010 3289 ἀρετήν
3058 3219 3148 3273 καὶ
3197 3219 3325 3274 Θεὸν
3355 3220 3604 3297 φέροντα,
3643 3220 3744 3293 μό-

2091 3332 2181 3372 νος
2213 3304 2504 3364 συλλαϐὼν
2556 3306 2724 3384 ἔχεις,
2766 3306 2858 3362 καὶ
2908 3303 3148 3379 οὐδενὸς,
3201 3307 3252 3362 ἐν
3294 3309 3376 3371 οῖς
3426 3308 3575 3385 εἶχον
3609 3330 3745 3387 φρο-

2090 3404 2215 3470 νεῖν,
2261 3398 2436 3476 φέρων
2489 3395 2652 3474 φαίνῃ
2703 3395 2771 3450 τά
2817 3393 3059 3472 δεύτεραο
3100 3397 3169 3452 τὰ
3215 3395 3263 3451 δ’
3295 3397 3374 3475 ἐφ’
3421 3396 3571 3460 ὅσοις
3602 3397 3746 3453 ὠλί-

2091 3489 2297 3542 σθαινον
2347 3485 2436 3539 καὶ
2485 3489 2583 3539 τοῦ
2617 3482 2830 3547 δέοντος
2878 3483 3300 3561 ἐκπορευόμενοι
3361 3484 3457 3549 τάς
3506 3486 3746 3562 προσού-

2093 3597 2188 3639 σας
2241 3573 2544 3653 διέφθειρον
2605 3572 2794 3650 ἀρετάς
2827 3617 2842 3644 ,
2900 3578 3154 3629 τοσοῦτον
3213 3574 3443 3650 ἀπεῖχες
3501 3578 3641 3649 (πῶς
3684 3576 3745 3630 ἂν

2093 3663 2303 3738 εἷ’ποιμι
2337 3663 2530 3726 ἱκανῶς
2566 3683 2579 3732 ;
2612 3665 2656 3736 ),
2707 3661 2830 3717 ὅσον
2885 3666 2987 3738 γῆς
3034 3662 3123 3718 καὶ
3167 3663 3399 3734 σελήνης
3429 3665 3492 3719 τὸ
3527 3665 3744 3737 μεταξύ.

2096 3755 2171 3809 Σὺ
2203 3752 2493 3825 Μωϋσέως,
2545 3752 2606 3806 σὺ
2659 3753 2746 3806 καὶ
2791 3753 2991 3823 Ἰησοῦ,
3036 3756 3132 3807 τοῦ
3186 3754 3278 3826 μὲν
3324 3754 3422 3821 τὴν
3477 3754 3528 3823 ἐξ
3576 3754 3747 3828 ὕψους

2093 3845 2255 3920 χάριν
2301 3843 2392 3897 καὶ
2437 3843 2536 3910 τὴν
2585 3843 2652 3895 τά
2705 3841 2919 3916 μεγάλα
2966 3841 3283 3917 ἐνεργοῦσαν
3335 3840 3560 3916 δύναμιν
3589 3886 3604 3912 ,
3655 3844 3744 3897 καὶ

2092 3935 2156 3988 τὸ
2211 3932 2347 3987 κατά
2402 3935 2508 3986 τῶν
2563 3930 3094 4007 παραπικραινόντων
3131 3931 3502 4006 μακρόθυμον,
3553 3938 3649 3986 τοῦ
3691 3932 3749 3987 δὲ

2094 4023 2194 4092 τήν
2251 4021 2458 4096 ἀγαθὴν
2513 4019 2862 4096 στρατηγίαν,
2923 4021 3014 4074 καὶ
3071 4021 3169 4088 τήν
3231 4017 3611 4096 δημαγωγίαν,
3657 4022 3744 4076 καὶ

2095 4113 2158 4166 τὸ
2203 4111 2293 4165 τὸν
2343 4107 2473 4164 λαὸν
2526 4108 2725 4185 Κυρίου
2772 4109 2908 4184 πρὸς
2954 4109 3053 4178 τήν
3102 4107 3468 4179 ἐπιθυμητὴν,
3503 4111 3576 4172 ὠς
3609 4111 3746 4164 ἐκεῖ-

2097 4221 2189 4262 νος
2223 4247 2238 4272 ,
2295 4199 2585 4273 κατάγειν,
2643 4197 2985 4266 ἐπλούτησας
3021 4241 3035 4254 .
3090 4196 3253 4252 Δαυίδ
3313 4197 3596 4269 ἐζήλωσας
3647 4202 3747 4268 τὴν

2097 4287 2401 4365 πραότητα,
2438 4287 2651 4362 μᾶλλον
2685 4285 2743 4342 δὲ
2780 4287 2917 4360 πρὸς
2973 4286 3186 4364 φύσεως
3237 4283 3498 4363 ἔσχηκας,
3547 4288 3637 4343 καὶ
3687 4291 3752 4344 τὸ

2101 4377 2405 4448 ἀνεξίκακον
2478 4377 2615 4452 πρὸς
2680 4375 2808 4438 τοὺς
2872 4380 3262 4450 παροινοῦντας
3298 4395 3312 4408 ⁸
3373 4377 3463 4432 καὶ
3521 4374 3753 4456 φοϐερὸς

2102 4468 2214 4542 οὐχ
2263 4469 2428 4534 ἧττον
2484 4463 2686 4520 ἐκείνου
2713 4469 2830 4527 τοῖς
2882 4462 3225 4542 ἀλλοφύλοις
3253 4464 3602 4536 καθέστηκας·
3651 4469 3753 4536 τὴν

2100 4557 2202 4633 γάρ
2259 4555 2487 4632 φυσικὴν
2558 4552 2877 4628 ἡμερότητα
2938 4553 3128 4627 μόνοις
3205 4554 3283 4618 εἷς
3357 4558 3564 4634 τρυφήν
3637 4562 3758 4618 τοῖς

2108 4640 2372 4716 ὑπηκόοις
2421 4645 2774 4719 παρέσχηκας
2811 4685 2825 4700 .
2879 4643 3248 4717 Σολομῶντος
3295 4645 3394 4714 τήν
3425 4643 3631 4700 σύνεσιν
3663 4646 3756 4701 καὶ

2107 4735 2171 4791 τὸ
2200 4735 2299 4803 τήν
2331 4731 2555 4809 καρδίας
2605 4731 2815 4795 πλάτος
2863 4730 3169 4807 δεξάμενος,
3212 4731 3394 4789 τᾶλλα
3429 4734 3625 4790 τούτου
3660 4756 3756 4809 με-

2114 4824 2363 4898 μίσηκας.
2415 4822 2512 4877 Καὶ
2539 4820 2651 4894 ἳνα,
2698 4819 2826 4884 τοὺς
2855 4821 2963 4896 πρὸ
2991 4825 3090 4892 τῆς
3128 4823 3356 4900 χάριτος
3382 4821 3756 4900 παραδραμὼν

2113 4915 2200 4969 ἐπὶ
2249 4914 2339 4968 τὸν
2395 4913 2488 4967 σὸν
2548 4912 2842 4985 ὁμώνυμον
3062 4910 3226 4970 ἔλθω.
3281 4913 3372 4967 τὸν
3431 4917 3647 4987 πρῶτον
3702 4913 3756 4968 ἐν

2113 5009 2456 5077 Χριστιανοῖς
2510 5000 2921 5076 βασιλεύσαντα,
2963 5000 3051 5055 καὶ
3089 5000 3286 5056 τούτου
3331 5001 3511 5080 φέρεις
3541 5004 3602 5057 τὸ
3631 5004 3758 5080 περὶ

2112 5093 2173 5146 τὸ
2231 5087 2388 5153 σέϐας
2442 5091 2664 5165 θερμὸν,
2713 5089 2804 5144 καὶ
2848 5095 3061 5165 σταυρῷ
3116 5096 3268 5162 νικᾷς
3321 5090 3448 5155 τοὺς
3505 5091 3760 5168 ἐχθροὺς,

2114 5181 2202 5236 καὶ
2262 5180 2441 5259 φαίνῃ,
2504 5178 2715 5252 μᾶλλον
2775 5177 2833 5234 δὲ
2890 5178 2980 5234 καί
3047 5179 3312 5257 ὑπάρχεις
3377 5181 3429 5235 ἐν
3487 5179 3761 5255 πολέμοις

2113 5271 2421 5341 ἀήττητος,
2487 5271 2577 5323 καὶ
2636 5267 2709 5322 ἵν’
2775 5264 3152 5346 ἀκριϐέστερον
3221 5269 3353 5345 ἔχῃς
3416 5271 3516 5340 τήν
3587 5270 3764 5326 εῗκόνα.

2115 5358 2436 5430 δεικνύναι,
2493 5358 2754 5433 τειχίζεις
2820 5357 3023 5432 πόλιν,
3091 5363 3156 5429 ἧς
3225 5359 3429 5424 ἐκεῖνος
3493 5357 3765 5430 πολιστὴς

2113 5447 2471 5526 ἐχρημάτισε.
2513 5445 2812 5504 Θεοδοσίων
2867 5452 2974 5504 τῶν
3039 5447 3289 5528 μεγάλων
3343 5448 3434 5505 καὶ
3484 5454 3591 5505 τῶν
3646 5449 3761 5507 ἐτέ-

2184 5613 2298 5685 (48)
2326 5611 2525 5669 Voluit
2555 5611 2778 5685 scilicet
2803 5611 3047 5685 Michael
3074 5612 3393 5685 imperator
3417 5613 3611 5685 vocari
3640 5613 3757 5670 No-

2111 5683 2222 5742 vus
2251 5683 2707 5757 Constantinus,
2752 5700 2868 5756 quo
2915 5683 3088 5742 titulo
3135 5683 3193 5742 et
3238 5685 3299 5742 in
3341 5685 3528 5743 fronte
3577 5684 3759 5757 hujus

2115 5755 2400 5819 orationis
2429 5760 2691 5816 ornatur.
