4118 6424
433 451 547 514 385

1429 438 1832 507 LAUDATIO
1876 438 2303 508 MICHAELIS
2349 436 2845 507 PAL/EOLOGI.

3718 437 3839 511 396

430 603 564 660 ρων,
623 579 718 635 καὶ
773 576 1188 649 Ἰουστινιανῶν,
1246 575 1334 630 καὶ
1392 579 1498 630 τῶν
1558 574 1674 631 ὅσοι
1731 577 1846 631 κατ’
1893 573 2089 637 αὐτοὺς

2223 575 2318 632 llis
2349 575 2757 646 hujuscemodi
2788 574 3196 643 erat,lucratus
3225 591 3288 632 es
3322 601 3336 645 ;
3369 579 3425 633 et
3451 593 3586 633 cum
3617 582 3839 650 quanta

429 671 519 727 ἐπὶ
578 667 842 724 πλεῖστον
904 665 1112 736 ἤλασαν
1172 663 1354 738 δόξης,
1413 665 1504 720 καὶ
1553 665 1760 719 τούτων
1821 667 1914 738 μὲν
1965 664 2088 719 ὅσον

433 754 644 820 εὖσεϐἶες
694 757 787 812 καὶ
835 754 1110 835 φιλόθεον,
1155 753 1392 830 γενναῖόν
1441 775 1499 808 τε
1549 753 1684 829 πρὸς
1732 752 1856 814 τοὺς
1903 750 2087 807 κινδύ-

433 871 558 911 νους
587 847 678 902 καὶ
726 845 948 922 τρόπων
1000 841 1222 898 δικαίων
1269 842 1556 918 ἐχόμενον,
1588 842 1725 918 πρὸς
1756 840 1812 896 δὲ
1845 839 2092 914 κηδεμο-

442 937 586 993 νικόν
631 957 692 992 τε
741 935 834 990 καὶ
865 932 1224 1010 προνοητικὸν
1273 931 1364 986 καὶ
1416 932 1645 1007 μετέχον
1688 930 2089 1008 χρηστότητος,

447 1028 536 1083 καὶ
562 1026 765 1082 τούτων
795 1023 922 1080 ὅσον
971 1026 1240 1093 τοιοῦτον,
1293 1018 1655 1091 ἐπλούτησας·
1687 1021 1778 1075 καὶ
1812 1021 1927 1094 μεθ’
1958 1018 2091 1090 ὅσης

451 1119 548 1187 τῆς
579 1112 865 1176 ἐπιδόσεως
896 1114 908 1168 ί
942 1111 1064 1167 ὅσον
1118 1108 1174 1165 δὲ
1219 1111 1355 1185 πρὸς
1385 1109 1555 1183 θυμὸν
1593 1108 1882 1184 ἀλόγιστον
1917 1105 2097 1163 ἔκλινε

2202 666 2464 721 ubertate
2506 666 2533 719 ’ἶ
2562 663 2848 736 quidquid
2896 668 3090 720 autem
3142 666 3213 720 ad
3263 667 3411 722 iram
3460 667 3837 741 insipientem

2199 758 2300 810 aut
2329 755 2400 809 ad
2430 753 2687 809 indolem
2719 753 3102 810 inhumanam
3154 754 3479 822 inclinavit,
3521 757 3594 812 ad
3647 774 3838 814 mores

2198 842 2478 911 immites,
2511 843 2583 898 ad
2615 841 3014 899 anulationem
3064 860 3130 899 ac
3171 861 3275 916 per
3329 846 3685 903 munuscula
3713 864 3842 904 cor-

2200 931 2510 1004 ruptelam,
2544 935 2601 987 et
2640 931 2925 1004 quidquid
2967 932 3325 989 contrarium
3373 935 3837 1007 reprehendeba-

2201 1025 2316 1089 tur,
2351 1025 2650 1076 aversatus
2678 1037 2740 1076 es
2769 1025 2826 1076 et
2874 1037 2907 1076 a
2959 1026 3016 1077 te
3068 1022 3355 1090 amovisti,
3406 1023 3551 1079 illud
3599 1024 3840 1082 cuilibet

2203 1109 2392 1182 magis
2423 1125 2600 1180 quam
2630 1108 2738 1164 tibi
2768 1109 2972 1165 adesse
3001 1111 3308 1166 convenire
3338 1116 3520 1168 ratus.

450 1207 537 1261 καί
568 1202 982 1284 ἀφιλάνθρωπον
1009 1203 1158 1272 ἦθος,
1190 1200 1279 1254 καὶ
1308 1198 1544 1276 τρόπους
1577 1197 1904 1274 ἀνημέρους,
1934 1198 2024 1252 καὶ
2071 1197 2134 1251 τὸ
2179 1195 2427 1265 κολάζειν
2481 1195 2644 1269 ὠμῶς
2690 1195 2778 1250 καὶ
2823 1197 2886 1250 τὸ
2929 1198 3183 1266 ἡττᾶσθαι
3233 1197 3564 1272 λημμάτιον,
3596 1201 3685 1254 καὶ
3717 1199 3839 1256 ὅσον

447 1297 544 1364 τῆς
572 1292 808 1354 ἐναντίας
843 1287 1064 1365 μερίδος
1097 1287 1155 1345 δν
1187 1283 1528 1359 διεϐάλλετο,
1559 1283 1707 1363 ἔχεις
1737 1285 2051 1348 ἀποπτύσας
2079 1283 2169 1339 καί
2216 1283 2521 1361 ἀπορρίψας
2563 1289 2782 1356 σαυτοῦ,
2813 1285 2971 1339 παντὶ
3024 1285 3235 1358 μᾶλλον
3263 1287 3482 1358 πρέπειν
3514 1288 3776 1364 ὑπάρχειν
3808 1290 3842 1359 ἢ

447 1387 626 1455 σαυτῷ
657 1381 1041 1458 λογισάμενος.

516 1475 776 1532 Τοιοῦτος
805 1473 943 1543 ἡμῖν
989 1467 1049 1523 ἐκ
1095 1471 1228 1524 Θεοῦ
1278 1463 1608 1543 δεδώρησαι,
1645 1464 1886 1542 βασιλεῦ·
1917 1468 2100 1520 τοιοῦ-

441 1583 536 1623 τος
590 1558 681 1615 διὰ
727 1540 1066 1634 τῆς-πείρας
1117 1540 1361 1634 ἐφάνηςξ
1408 1540 1655 1617 δποίουςή
1689 1552 1804 1609 οὐδ’
1853 1557 1888 1623 ἠ
1938 1555 2096 1632 φήμη

438 1650 574 1712 τοὺς
620 1649 816 1724 πρώην
865 1644 1157 1722 λαμπροὺς
1226 1643 1573 1720 παρέπεμψεν
1624 1643 1700 1706 εἰς
1757 1646 1925 1717 ἡμᾶς,
1983 1648 2102 1704 τοῖς

442 1738 770 1815 κεφαλαίοις
815 1741 925 1791 τῶν
972 1737 1198 1810 ἀρετῶν,
1242 1731 1334 1788 τίνα
1379 1731 1907 1811 κεφαλαιωδέπερον
1941 1729 2100 1801 εἴπω,

446 1830 585 1904 ὑπὲρ
644 1828 850 1888 πάντας
897 1823 1298 1897 κοσμούμενος,
1357 1827 1518 1877 νικῶν
1570 1823 1662 1896 μὲν
1707 1821 1834 1884 τοὺς
1880 1822 2016 1876 κατά
2045 1821 2104 1874 σὲ

448 1915 734 1993 βασιλέας,
785 1917 948 1969 νικῶν
1002 1910 1059 1968 δὲ
1103 1914 1192 1967 καὶ
1249 1910 1378 1974 τοὺς
1427 1910 1544 1966 ὅσοι
1597 1910 1832 1985 μάλιστα
1879 1909 1929 1983 ἐξ
1979 1909 2100 1986 ἀρε-

443 2009 557 2059 τῶν
609 2002 1024 2076 ὠνομάσθησαν.
1074 2001 1171 2056 Καὶ
1227 1998 1293 2070 δὴ
1338 2000 1592 2076 τειχίζεις
1649 2001 1814 2077 ἀρετῇ
1860 2001 1960 2069 τὴν
2007 1998 2102 2074 ἀρ-

448 2096 586 2170 χήν,
617 2091 816 2168 τειχίῳ
845 2095 944 2146 τοῦ
993 2085 1338 2166 βαϐυλωνίου
1388 2089 1721 2166 στερροτέρῳ
1769 2089 1858 2143 καὶ
1899 2084 2107 2161 ὑψηλο-

449 2184 596 2256 τέρῳ
633 2185 844 2258 μακρῷ.
879 2180 977 2235 Καὶ
1021 2179 1083 2234 τὸ
1131 2180 1368 2250 ὑπήκοον
1423 2176 1570 2233 αἰδοῖ
1615 2185 1715 2248 τῆς
1768 2178 1963 2252 ἀρετῆς
2013 2198 2103 2230 συ-

453 2270 826 2344 στελλόμενον
901 2268 1081 2345 ἂγεταί
1155 2289 1250 2323 σου
1325 2268 1462 2343 πρὸς
1532 2269 1630 2336 τήν
1718 2267 1942 2344 γνώμην
2013 2264 2104 2319 καὶ

451 2360 680 2437 ταχύνει
712 2359 849 2434 πρὸς
892 2358 955 2413 τὸ
997 2361 1188 2431 νεῦμα,
1235 2357 1326 2412 καὶ
1373 2355 1638 2412 δείκνυται
1689 2362 1794 2411 πᾶν
1826 2355 1856 2410 ὅ
1883 2377 1935 2410 τι
1981 2354 2041 2409 ἃν

456 2447 791 2527 βουλομένῳ
841 2469 947 2520 σοι,
996 2447 1111 2502 ἐπεὶ
1156 2447 1270 2517 καὶ,
1322 2447 1406 2501 ἶνα
1434 2467 1492 2501 σε
1520 2446 1896 2520 καθομηρίσω,
1924 2444 2104 2519 πατὴρ

456 2538 536 2602 ὥς
594 2537 766 2608 ἤπιος
822 2538 936 2611 (49)
980 2535 1115 2612 πρὸς
1160 2535 1357 2598 αὐτοὺς
1415 2533 1704 2590 διατίθεσαι
1739 2553 1754 2566 ⁸
1814 2531 2106 2608 ἐπειδήπερ

454 2629 625 2704 ἀρετῇ
680 2626 774 2700 μὲν
821 2631 931 2681 τῶν
979 2625 1190 2680 οἱκείων
1248 2622 1397 2687 οἶδας
1443 2630 1678 2699 κρατεῖν,
1725 2627 1832 2678 τῶν
1883 2618 2058 2698 βαρϐά
2088 2655 2110 2665 -

455 2739 568 2795 ρων
603 2713 661 2770 δὲ
690 2714 779 2769 καὶ
820 2720 937 2776 τοῖς
989 2712 1205 2786 ὅπλοις,
1253 2715 1344 2768 καὶ
1388 2714 1451 2768 τὸ
1495 2719 1666 2789 πρᾶον
1721 2713 1813 2787 μὲν
1861 2711 1940 2790 ἐφ’
1969 2713 2105 2784 ἡμῖν

454 2807 652 2882 ἀμιγὲς
680 2802 1006 2859 τούναδτίου
1052 2808 1262 2879 τηρεῖς,
1310 2807 1426 2864 τοῖς
1477 2801 1698 2878 ἐχθροῖς
1748 2798 1805 2855 δὲ
1850 2799 2108 2874 παρέχεις

453 2895 547 2950 καὶ
604 2891 714 2948 ἀπδ
772 2897 870 2948 τοῦ
919 2894 1205 2968 σχήματος
1260 2890 1775 2963 καταπλήττεσθαι,
1835 2891 1975 2944 ’Δνθ’
2033 2890 2107 2942 ὧν

456 2984 548 3040 καὶ
605 2981 691 3046 δὶς
749 2982 840 3036 καὶ
893 2982 1010 3054 τρὶς
1069 2980 1160 3036 καὶ
1215 2979 1485 3043 πολλάκις
1550 2981 1841 3056 μακάριος,
1893 2980 1951 3041 ὃς
2009 2985 2112 3048 τῆς

471 3069 684 3148 μερίδος
716 3077 824 3126 τῶν
855 3070 958 3125 ὑπὸ
1008 3071 1065 3124 σὲ
1101 3069 1436 3147 τεταγμένων
1486 3068 1654 3139 τελεῖ,
1701 3069 1813 3143 καὶ,
1858 3067 1955 3122 ὅσα
1984 3072 2112 3129 παῖς

472 3162 612 3236 παρὰ
676 3161 883 3238 πατρὸς
918 3205 933 3234 ,
993 3159 1266 3234 εὐμενείας
1350 3157 1638 3236 βασιλικῆς
1701 3156 1965 3213 ἀπολαύει
2021 3156 2112 3212 καὶ

473 3250 715 3326 χάριτος·
751 3249 898 3313 ὅστις
950 3246 996 3303 δ’
1051 3249 1333 3328 ἀφηνιάζει
1380 3249 1472 3305 καὶ
1521 3245 1826 3304 ἀποσείεταί
1875 3267 1969 3301 σου
2024 3246 2116 3300 τὸν

477 3339 652 3414 ζυγὸν,
703 3337 754 3392 εἴ
803 3339 879 3412 μή
933 3335 1074 3392 ἅκὼν
1123 3342 1311 3409 ταῦτα,
1363 3335 1591 3400 ἐλεεινὸς
1638 3337 1795 3399 οὗτος
1842 3335 1969 3410 ἐμοὶ
2016 3341 2116 3404 τῆς

466 3428 669 3504 τύχης,
705 3425 838 3501 μηδ’
885 3427 974 3482 ἐπὶ
1019 3427 1186 3482 ποσὸν
1238 3427 1522 3504 εὐημερεῖν
1563 3426 2036 3504 συγχωρούμενοςο
2070 3421 2118 3477 εἷ

469 3515 518 3571 δ’
573 3518 714 3572 ἑκὼν
773 3520 941 3572 ταῦτα
995 3517 1218 3593 πράττει
1270 3517 1360 3572 καὶ
1418 3517 1555 3593 πρὸς
1616 3515 1932 3592 βουλήσεως
1989 3514 2120 3568 ἀπο-

459 3613 674 3682 σκιρτᾷ,
707 3603 902 3670 ἅθλιος
928 3611 1009 3678 τῷ
1056 3601 1167 3662 ὅντι
1215 3613 1316 3676 τῆς
1361 3604 1691 3685 ἀφαιρέσεως
1733 3609 1831 3661 τοῦ
1876 3608 2113 3683 φρονεῖν,

2285 1465 2465 1531 Talis,
2506 1480 2625 1535 rex,
2674 1464 2844 1521 nobis
2885 1483 2919 1520 a
2965 1465 3083 1521 Deo
3133 1467 3385 1523 donatus
3432 1485 3514 1536 es,
3567 1467 3702 1526 talis
3753 1487 3849 1526 ex-

2211 1553 2494 1627 perientia
2523 1552 2780 1620 evasisti,
2836 1553 3040 1625 quales
3097 1572 3400 1627 nunquam
3448 1561 3620 1613 antea
3665 1557 3853 1616 claros

2213 1645 2364 1698 inter
2411 1659 2516 1700 nos
2578 1642 2734 1697 fama
2799 1643 3069 1712 immisit,
3129 1644 3412 1701 virtutum
3476 1663 3732 1713 summa,
3788 1653 3854 1704 ut

2211 1732 2532 1790 summarie
2560 1731 2774 1800 dicam,
2808 1749 2926 1804 prae
2973 1733 3247 1790 omnibus
3291 1738 3552 1804 ornatus,
3584 1753 3718 1792 cum
3749 1754 3850 1793 su-

2213 1837 2422 1894 perans
2475 1837 2691 1876 comvos
2755 1837 2918 1893 reges
2949 1863 2967 1887 ,
3021 1826 3149 1877 tum
3203 1840 3489 1896 superans
3566 1826 3664 1897 qui
3725 1843 3847 1881 ma-

2211 1910 2365 1966 xime
2402 1910 2640 1966 virtutis
2683 1925 2862 1965 causa
2909 1910 3147 1966 fuerunt
3190 1911 3484 1970 celebrati.
3535 1915 3602 1969 Et
3642 1914 3854 1971 virtute

2213 1999 2527 2072 imperium
2559 1998 3232 2068 aadiﬁcas,fundamento
3263 2018 3438 2074 quam
3471 2003 3854 2076 Babylonium

2211 2085 2384 2160 longe
2411 2086 2693 2142 validiore
2722 2092 2780 2142 et
2808 2087 3144 2144 excelsiore.
3188 2089 3254 2144 Et
3302 2091 3569 2164 subjecti,
3601 2098 3764 2149 tuam
3795 2094 3855 2149 in

2214 2175 2489 2232 virtutem
2519 2175 2889 2232 veneratione
2921 2177 3101 2233 coacti
3140 2195 3208 2233 ex
3265 2181 3555 2236 sententia
3598 2185 3700 2238 tua
3746 2183 3856 2238 du-

2214 2271 2428 2321 cuntur
2455 2269 2512 2320 et
2541 2265 2612 2320 ad
2645 2270 2854 2321 nutum
2885 2272 3219 2339 properant,
3252 2272 3309 2324 et
3349 2270 3741 2344 quodcunque
3767 2272 3855 2328 vis

2213 2354 2496 2423 efﬁciunt,
2527 2353 2684 2426 quia,
2716 2358 2782 2409 ut
2810 2355 2881 2410 de
2912 2360 2965 2410 te
2993 2355 3294 2412 Homerice
3331 2356 3558 2430 loquar,
3595 2366 3662 2416 ut
3691 2365 3854 2432 pater

2215 2443 2374 2499 mitis
2404 2459 2539 2514 erga
2567 2442 2698 2498 illos
2728 2443 2961 2499 exsistis
2995 2461 3008 2499 :
3040 2448 3175 2500 tuos
3204 2447 3362 2501 enim
3413 2447 3626 2506 virtute
3655 2465 3852 2522 regere

2215 2532 2391 2602 nosti,
2423 2531 2706 2588 Barbaros
2736 2537 2932 2588 autem
2955 2533 3156 2601 armis,
3186 2539 3244 2590 et
3272 2535 3442 2592 nobis
3473 2553 3694 2594 meram
3727 2556 3850 2596 ser-

2215 2637 2316 2676 vas
2347 2618 2666 2687 lenitatem,
2699 2619 2899 2676 hostes
2937 2638 3071 2677 vero
3119 2622 3246 2694 ipso
3302 2623 3507 2680 habitu
3565 2627 3854 2698 percellis,

2217 2709 2497 2774 Quocirca
2525 2713 2581 2764 et
2608 2709 2699 2764 bis
2747 2714 2804 2765 et
2831 2714 2919 2765 ter
2948 2715 3006 2766 et
3037 2711 3253 2768 millies
3313 2713 3450 2769 felix
3506 2716 3606 2786 qui
3657 2719 3714 2772 in
3747 2735 3856 2772 nu-

2218 2815 2379 2855 mero
2411 2798 2783 2853 subditorum
2813 2803 3050 2855 tuorum
3089 2807 3443 2868 recensetur,
3493 2809 3567 2872 et,
3602 2810 3666 2860 ut
3713 2823 3859 2878 puer

2219 2889 2373 2960 apud
2405 2891 2650 2959 patrem,
2678 2888 3079 2945 benevolentia
3109 2894 3165 2945 et
3195 2889 3505 2948 clementia
3537 2893 3692 2966 regis
3724 2912 3854 2967 per-

2221 2977 2454 3032 fruitur.
2486 2975 2850 3048 Quicumque
2891 2982 3084 3034 autem
3123 2979 3337 3051 jugum
3395 2985 3565 3036 tuum
3596 2985 3858 3039 concutit

2221 3071 2280 3122 et
2309 3066 2487 3138 exuit,
2519 3065 2808 3137 siquidem
2837 3066 2947 3122 hoc
2974 3067 3195 3124 invitus
3223 3069 3358 3141 egit,
3410 3070 3555 3125 mihi
3595 3088 3665 3127 ex
3695 3077 3857 3145 parte

2223 3157 2467 3212 fortunae
2497 3155 2867 3212 miserandus
2897 3156 3126 3212 videtur
3155 3161 3213 3214 et
3243 3158 3403 3215 nullo
3436 3161 3607 3218 modo
3650 3179 3742 3218 res
3773 3162 3858 3218 illi

2223 3261 2533 3317 prosperas
2582 3245 2943 3317 contigisse:
2996 3247 3206 3318 quodsi
3256 3247 3446 3305 libens
3493 3249 3604 3306 hoc
3639 3251 3858 3323 fecerit,

2223 3339 2282 3390 et
2311 3333 2576 3389 consulto
2607 3334 3074 3407 recalcitraverit,
3101 3335 3300 3393 infelix
3348 3343 3437 3395 est
3475 3356 3674 3396 revera
3703 3347 3860 3398 recto

2226 3439 2403 3480 sensu
2436 3422 2653 3479 amisso
2683 3429 2740 3478 et
2770 3423 2986 3480 mentis
3027 3425 3412 3499 aberratione,
3463 3433 3520 3484 et
3562 3430 3726 3501 juste
3770 3431 3866 3486 in-

2225 3513 2456 3568 faustus
2486 3516 2658 3582 esset,
2690 3528 2824 3568 cum
2855 3513 2934 3570 sit
2972 3513 3292 3571 malevolus
3342 3517 3517 3574 homo
3567 3524 3624 3575 et
3649 3519 3854 3577 oculus

2232 3601 2304 3657 ad
2331 3601 2526 3657 radios
2555 3602 2878 3658 conniveat.

454 3697 680 3766 καὶτῆς
707 3695 970 3770 πρώσεως
999 3699 1098 3750 τοῦ
1127 3695 1269 3770 νοὸς,
1299 3695 1390 3750 καὶ
1421 3693 1643 3759 δικαίως
1687 3694 1746 3750 ἃν
1799 3691 2126 3767 δυστυχοίη,
2181 3687 2514 3745 ἐθελοκακῶν
2560 3689 2844 3765 ἄνθρωπος
2886 3690 2976 3746 καὶ
3023 3693 3159 3769 πρὸς
3202 3693 3298 3756 τάς
3346 3695 3560 3760 ἀκτῖνας
3609 3696 3855 3773 ἐπιμύων

452 3785 585 3848 τοὺς
617 3783 792 3863 όφθαλ
801 3783 956 3858 μούς.

531 3873 708 3946 Ἀλλ’,
743 3875 788 3928 ὧ
822 3871 1067 3950 βασιλεῦ,
1102 3871 1172 3929 δι’
1203 3875 1261 3930 ’ὸν
1289 3873 1354 3930 τὸ
1385 3874 1475 3930 σὸν
1506 3876 1659 3951 γένος
1691 3876 1833 3929 θεῖον
1868 3873 1944 3936 ὡς
1973 3871 2110 3944 ἀλη-

2297 3871 2430 3939 Sed,
2480 3887 2514 3926 o
2561 3885 2680 3940 rex,
2742 3871 2882 3944 quia
2934 3873 3189 3945 profecto
3246 3876 3512 3934 divinum
3561 3884 3651 3936 est
3691 3883 3862 3938 tuum

454 3967 592 4034 θῶς,
644 3963 703 4018 σὲ
753 3963 848 4036 μὲν
895 3961 1130 4018 ἐπαινεῖν
1183 3961 1365 4027 ἄθλων
1413 3965 1442 4018 ὁ
1497 3965 1774 4040 μέγιστος·
1825 3963 1913 4018 καὶ
1960 3959 2115 4024 εἷ’τις

452 4051 636 4108 ἀνύειν
696 4050 1032 4128 ἐπιχειροίη,
1093 4052 1356 4126 γνώσεται
1416 4049 1632 4108 διώκων
1685 4054 1748 4107 τὸ
1805 4051 2113 4130 φεύγοντα,

458 4143 578 4195 οἷον
611 4139 704 4195 καὶ
736 4140 786 4194 οἱ
815 4141 882 4194 τά
921 4145 1182 4215 ποταμῶν
1235 4139 1475 4217 ῥεύματα
1519 4140 1744 4196 κατόπιν
1801 4138 2115 4200 διώκοντες.

460 4227 602 4284 Οὐδὲ
650 4230 754 4306 γάρ
798 4227 940 4284 ἔστιν
994 4227 1122 4285 ἴδεῖν
1184 4227 1445 4303 οῦμενουν
1503 4231 1569 4284 τὰ
1616 4231 1682 4285 σὰ
1723 4229 2120 4304 κατορθώματα

461 4320 648 4372 στάσιν
705 4312 1058 4391 λαμϐάνοντά
1105 4339 1237 4374 ποτε
1293 4326 1601 4396 προκοπῆς’
1665 4320 1745 4375 ἀεὶ
1805 4316 1862 4373 δὲ
1915 4316 2120 4394 προκό-

465 4428 590 4463 πτει
641 4405 733 4461 καὶ
787 4408 1295 4484 συμπαρεκτείνεται
1343 4413 1462 4471 ταῖς
1507 4407 1694 4485 ὥραις,
1743 4408 1832 4463 καὶ
1877 4409 1976 4476 τὴν
2011 4405 2121 4461 διά-

462 4519 618 4553 νοιαν
653 4493 1062 4573 ἀποδιδράσκει.
1099 4497 1277 4572 Κάμοὶ
1306 4498 1632 4575 πειραθέντι,
1671 4494 1837 4571 μηδὲν
1884 4495 1927 4550 δ’
1966 4492 2119 4570 ὅμως

466 4588 654 4641 ἆνῦσαι
710 4583 1032 4658 δυνηθέντι,
1095 4588 1391 4663 συγγνώμη
1429 4607 1442 4620 ⁸
1497 4593 1602 4649 πᾶς
1677 4586 1781 4663 γὰρ
1841 4585 1899 4640 ἃν
1959 4587 2121 4640 τοῦτο

463 4675 652 4748 πάθοι,
713 4677 997 4752 πειρᾶσθαι
1041 4681 1143 4732 τοῦ
1200 4672 1467 4752 παρόντος
1527 4677 1740 4753 ἀγῶνος
1797 4675 2068 4749 σκεπτόμε
2097 4707 2120 4717 -

459 4785 578 4828 νος.

540 4854 672 4909 Νυνὶ
727 4859 860 4930 γοῦν
921 4852 1027 4910 ὧδέ
1082 4876 1158 4927 πη
1216 4853 1516 4919 παύσασθαι
1575 4855 1925 4928 σκεπτομένῳ
1982 4852 2118 4928 εὐχή

470 4963 566 5016 μοι
595 4942 967 4998 κατακλειέτω
996 4943 1085 4998 τὸν
1137 4942 1321 5021 λόγον.
1371 4945 1428 4997 '0
1476 4941 1602 4999 τόδε
1645 4945 1709 4998 τὸ
1739 4949 1842 4998 πᾶν
1885 4943 2120 5020 ἀρχῆθεν

468 5033 886 5104 συστησάμενος
932 5032 1021 5086 καὶ
1059 5034 1325 5104 κινήσας,
1373 5033 1500 5095 Θεὸς
1543 5033 1633 5088 καὶ
1683 5032 1880 5109 Κύριος
1911 5078 1926 5103 ,
1979 5033 2120 5101 ζωὴν

472 5118 690 5176 διδόναι
721 5121 812 5176 καὶ
845 5123 1100 5177 θανατοῦν
1147 5123 1570 5196 γινωσκόμενος,
1621 5119 1790 5192 ειδοίη
1837 5118 1997 5192 τήνδε
2023 5122 2122 5190 τήν

469 5212 676 5287 ἀρχὴν,
707 5211 802 5265 τόν
841 5231 900 5266 τε
947 5212 1077 5285 ἐμὸν
1135 5210 1382 5287 βασιλέα,
1427 5211 1517 5266 καὶ
1564 5209 1763 5274 παῖδας
1808 5208 1986 5284 τοῦδε,
2033 5209 2126 5264 καὶ

469 5299 638 5355 πόλιν
668 5297 856 5372 τήνδε,
889 5298 1110 5364 θάλλειν
1165 5298 1234 5355 δι’
1283 5299 1502 5370 αἰῶνος,
1537 5300 1662 5356 ὥστ’
1693 5300 1825 5356 εἶναι
1874 5299 1963 5354 καὶ
1998 5299 2124 5373 παρ’

470 5390 610 5461 ἡμῖν
643 5388 900 5466 ἀφθονίαν
929 5394 1036 5445 τῶν
1064 5391 1296 5466 ἀγαθῶν,
1343 5387 1562 5460 ἐξώλεις
1608 5387 1666 5444 δὲ
1710 5391 1800 5444 καὶ
1849 5386 2122 5466 προώλεις

470 5475 716 5546 ὀλέσθαι,
749 5475 866 5532 ὅσοι
897 5485 998 5548 τῆς
1025 5483 1123 5534 τοῦ
1156 5477 1424 5556 βασιλέως
1474 5480 1704 5555 γνώμης
1752 5478 1843 5532 ἀπ’
1884 5477 2121 5538 ἐναντίας

465 5561 580 5625 εἴτε
628 5567 747 5621 νυνὶ
795 5571 1100 5645 φρονοῦσιν,
1160 5566 1268 5624 εἷ’τε
1321 5569 1453 5624 ποτὲ
1513 5569 1646 5644 μετά
1698 5572 1865 5623 ταῦτα
1912 5573 2122 5644 φρονῆ-

467 5674 562 5712 σαι
582 5657 898 5727 νοήσουσιν.

543 5799 666 5885 μθ)
698 5805 868 5865 Hom.
913 5802 1020 5862 Od.
1069 5803 1126 5884 β,
1174 5804 1245 5860 47
1290 5820 1308 5867 :
1352 5803 1537 5885 Πατὴρ
1569 5798 1617 5859 δ’
1665 5799 1741 5869 ὣς
1788 5799 1957 5875 ἤπιος
2005 5799 2122 5875 ἦεν.

2225 3977 2430 4034 genus,
2463 3962 2520 4016 te
2548 3959 2787 4016 laudare
2834 3967 3127 4019 certamen
3187 3965 3508 4024 maximum
3566 3973 3655 4024 est
3686 3987 3699 4038 ;
3731 3975 3788 4026 et
3817 3969 3869 4026 si

2226 4049 2361 4122 quis
2391 4047 2535 4104 illud
2565 4049 2840 4120 perﬁcere
2869 4053 3262 4123 contenderet,
3287 4071 3350 4111 se
3376 4056 3657 4129 fugientia
3674 4075 3873 4131 perse-

2228 4137 2330 4211 qui
2358 4139 2695 4210 comperiet,
2729 4156 2844 4196 non
2875 4157 3046 4198 secus
3075 4159 3142 4198 ac
3171 4143 3273 4214 qui
3312 4146 3624 4202 ﬂuminum
3655 4147 3869 4204 ﬂuctus

2229 4231 2382 4284 retro
2422 4227 2806 4284 insectantur.
2867 4229 3038 4286 Nullo
3097 4233 3269 4288 modo
3323 4234 3479 4290 enim
3528 4237 3723 4294 videre
3779 4240 3870 4292 est

2229 4316 2507 4390 praeclara
2553 4316 2672 4372 haec
2717 4319 2976 4376 facinora
3024 4320 3200 4377 ﬁnem
3249 4339 3550 4395 capessere
3591 4341 3870 4397 ;semper

2229 4423 2363 4462 vero
2422 4411 2746 4479 augescunt
2801 4413 2859 4464 et
2929 4411 3422 4482 progrediuntur,
3481 4417 3538 4468 et
3611 4418 3868 4470 mentem

2230 4494 2536 4568 effugiunt.
2568 4496 2639 4551 Et
2668 4495 2813 4552 mihi
2852 4497 3228 4568 periclitanti,
3288 4500 3436 4556 nihil
3493 4505 3689 4557 autem
3733 4519 3870 4576 per-

2232 4600 2404 4657 agere
2432 4583 2670 4654 valenti,
2698 4586 2868 4641 venia
2901 4603 2914 4642 :
2949 4586 3194 4658 quilibet
3245 4588 3402 4645 enim
3448 4589 3595 4646 illud
3641 4595 3869 4662 patere-

2231 4677 2347 4742 tur,
2381 4673 2431 4728 si
2460 4672 2707 4744 hujusce
2745 4676 3083 4732 certaminis
3131 4676 3458 4748 periculum
3503 4679 3689 4736 facere
3711 4680 3875 4752 judi-

2233 4766 2409 4818 caret.

2305 4850 2471 4909 Nunc
2519 4855 2737 4924 autem,
2789 4853 3070 4925 quoniam
3130 4853 3409 4926 loquendi
3450 4857 3627 4914 ﬁnem
3677 4860 3866 4915 facere

2233 4939 2494 5008 intendo,
2527 4957 2857 4998 sermonem
2887 4940 3121 4999 claudat
3141 4944 3494 5017 deprecatio.
3527 4948 3636 5011 Qui
3668 4947 3869 5005 omnia

2235 5030 2305 5084 ab
2337 5028 2504 5084 initio
2534 5030 3102 5088 constituitetmovit
3121 5033 3276 5090 Deus
3297 5035 3864 5107 etDominus,vitam

2234 5123 2291 5174 et
2320 5123 2566 5174 mortem
2596 5119 2734 5175 dare
2763 5120 3261 5187 sciens,concedat
3282 5123 3506 5181 utillud
3537 5125 3870 5198 imperium,

2155 5250 2202 5316 D
2235 5224 2518 5278 meusque
2549 5224 2646 5263 rex
2669 5213 2726 5264 et
2754 5209 2882 5278 ejus
2915 5209 3017 5264 ﬁlii
3048 5217 3225 5284 atque
3273 5211 3395 5268 haec
3426 5214 3630 5272 civitas
3658 5215 3876 5272 indesi-

2236 5301 2460 5352 menter
2491 5297 2752 5367 ﬂoreant,
2784 5298 2866 5354 ita
2895 5305 2959 5354 ut
2991 5299 3068 5356 sit
3099 5302 3253 5374 apud
3305 5319 3411 5358 nos
3458 5304 3744 5360 bonorum
3781 5321 3876 5360 co-

2232 5385 2348 5458 pia,
2382 5391 2439 5442 et
2461 5387 2694 5458 penitus
2723 5387 2992 5444 exstincti
3025 5395 3082 5446 et
3127 5390 3302 5446 deleti
3352 5397 3591 5464 pereant
3621 5393 3870 5464 quicun-

2231 5490 2344 5547 que
2373 5480 2574 5532 contra
2601 5477 2963 5535 voluntatem
3011 5480 3163 5553 regis
3211 5482 3330 5537 sive
3376 5499 3532 5538 nunc
3581 5484 3861 5559 cogitant,

2231 5563 2350 5622 sive
2381 5570 2584 5638 postea
2613 5566 2982 5626 intenderent
3011 5571 3286 5644 cogitare.
