4118 6432
404 425 523 488 387
1428 418 1743 483 GEORGII
1785 419 2049 482 CYPRlI
2093 421 2213 482 ΟΡ.
2256 418 2784 484 PATRIARCHAE
3683 427 3804 489 388

1394 740 1867 914 ΤΟΥ
2026 740 2824 915 ΑΥΤΟΥ

1930 1007 2269 1059 ΕΓΚΩΜΙΟΝ

633 1188 830 1283 ΕΙΣ
913 1183 1165 1280 TON
1250 1179 2177 1277 ΑΥΤΟΚΡΑΤΟΡΑ
2256 1180 2669 1275 KYPON
2754 1181 3579 1281 ΑΝΔΡΟΝΙΚΟΝ

1775 1383 1899 1430 TON
1946 1379 2427 1433 ΙΙΛΛΑΙΟΛΟΓΟΝ

1587 1647 2621 1819 EJUSDEM

941 1930 1392 2019 ORATIO
1453 1930 2190 2022 LAUDATORIA
2248 1934 2363 2019 IN
2418 1930 3250 2021 lMPEllATOllEM

733 2129 888 2250 D.
984 2128 2121 2253 ANDRONIGUM
2210 2127 3449 2254 PAL/EOLOGUM.

465 2456 831 2530 Oportuisset
858 2472 1077 2524 revera,
1111 2457 1362 2515 maxime
1392 2474 1511 2526 rex,
1554 2459 1626 2515 ad
1675 2459 2033 2531 loquendum
2062 2459 2091 2527 Α

2217 2461 2420 2532 Ἐχρῆν
2456 2457 2568 2530 μὲν,
2602 2457 2677 2518 ὡς
2724 2454 2969 2526 ἀληθῶς,
3021 2452 3240 2531 μέγιστε
3294 2455 3537 2532 βασιλεῦ,
3590 2457 3665 2520 εἰς
3704 2459 3802 2513 τὸν

391 2547 464 2603 de
486 2551 545 2603 te
564 2562 679 2602 non
709 2546 790 2601 ita
819 2544 1254 2619 imperitum,ut
1283 2551 1703 2620 ego,oratorem
1736 2549 2017 2614 accedere,

2173 2546 2226 2599 ὸν
2260 2543 2422 2621 λόγον
2453 2545 2559 2620 οὐχ
2590 2545 2733 2599 οὕτω
2785 2543 3012 2623 φαῦλον,
3063 2548 3181 2607 οἷος
3233 2544 3358 2621 ἐγὼ,
3394 2544 3602 2623 ῥήτορα
3629 2567 3799 2621 παρι-

391 2636 493 2691 sed
526 2635 631 2708 qui
663 2634 910 2691 dicendo
940 2641 1242 2707 superaret
1273 2653 1479 2692 omnes
1511 2641 1798 2708 quotquot
1839 2642 2017 2692 orato-

2166 2655 2272 2703 ναι,
2307 2632 2432 2688 ἀλλ’
2462 2635 2521 2695 ὀς
2556 2633 2611 2688 ἂν
2648 2635 2738 2688 καὶ
2787 2635 3112 2712 ὑπερεφώνει
3165 2634 3341 2709 λέγων
3383 2635 3510 2697 τοὺς
3558 2634 3792 2711 ἄλλους,

392 2724 540 2780 riam
583 2727 767 2779 artem
808 2722 1185 2779 excoluerunt
1217 2741 1231 2791 ;
1265 2729 1366 2779 aut
1424 2724 1639 2797 potius,
1690 2724 1787 2779 ille
1830 2725 2018 2791 etiam,

2159 2723 2253 2777 ἶσοι
2286 2723 2416 2777 ποτε
2446 2721 2624 2798 λόγων
2653 2724 2861 2796 ἥψαντο
2905 2722 3128 2799 τέχνης,
3185 2722 3395 2796 μᾶλλον
3429 2722 3488 2779 δὲ
3516 2726 3785 2799 κάκεῖνος,

392 2828 527 2869 cum
558 2812 619 2868 in
646 2828 714 2869 eo
736 2813 864 2883 jam
893 2816 1048 2868 esset
1078 2818 1143 2868 ut
1171 2813 1244 2867 ad
1282 2813 1640 2884 loquendum
1672 2814 2018 2885 procederet

2156 2810 2286 2874 ἱστις
2313 2808 2415 2886 ἄρα
2443 2811 2531 2866 καὶ
2562 2812 2628 2881 ἦν
2662 2809 2880 2883 μέλλων
2922 2812 3105 2866 ἑαυτὸν
3154 2813 3441 2889 προσάγειν
3493 2818 3573 2886 τῷ
3603 2813 3782 2889 λόγῳ,

390 2902 477 2959 rei
515 2901 981 2974 magnitudinem
1015 2901 1269 2973 intuens,
1323 2902 1561 2971 diceret,
1616 2919 1730 2958 non
1763 2919 1931 2958 secus
1963 2920 2016 2959 ac

2156 2900 2229 2954 10'
2288 2901 2428 2975 ὁρῶν
2489 2905 2585 2955 τοῦ
2632 2899 2990 2975 προκειμένου
3037 2902 3100 2955 τὸ
3152 2900 3399 2977 μέγεθος,
3450 2900 3641 2980 ἔφησεν
3695 2903 3782 2973 ἂν,

390 3007 497 3064 ego
529 2990 893 3064 perterritus,
926 2991 1148 3062 majore
1177 3006 1355 3064 quam
1388 3007 1449 3047 se
1478 2996 1705 3047 oratore
1735 2995 2016 3047 certamen

2156 2988 2536 3066 παραπλησίως
2571 2988 2693 3062 ἐμοὶ
2714 2987 3062 3062 καταδείσας,
3123 2990 3365 3063 μείζονος
3421 2992 3460 3060 ἢ
3513 2993 3630 3047 κατ’
3684 2991 3782 3047 αὖ·

386 3079 671 3153 indigere,
714 3077 853 3151 quia
881 3078 1184 3151 inceptum
1242 3096 1359 3135 non
1417 3083 1507 3135 est
1573 3079 1913 3150 bujusmodi
1964 3088 2012 3134 u1

2156 3080 2224 3133 τὸν
2282 3077 2515 3153 ῥήτορος
2553 3082 2631 3149 τῷ
2678 3077 2848 3153 ἀγῶνι
2896 3075 3172 3154 προσδεῖν⁴
3212 3079 3289 3141 ὡς
3338 3078 3439 3135 οὐκ
3483 3078 3640 3144 ὄντος
3683 3085 3782 3136 τοῦ

386 3168 557 3225 facile
590 3168 803 3224 initum
852 3167 1208 3240 perﬁciatur,
1259 3167 1376 3224 nisi
1424 3168 1722 3240 quoddam
1780 3168 2012 3240 desupei

2162 3167 2537 3242 γχειρήματος
2618 3167 2731 3221 οἷον
2806 3167 2865 3220 ἄν
2918 3187 3037 3221 τινα
3092 3166 3182 3221 καὶ
3251 3165 3452 3244 ῥᾳδίως
3511 3168 3785 3244 ἁψάμενον

384 3258 649 3314 divinum
681 3257 1052 3329 superveniat
1088 3256 1376 3313 auxilium
1409 3273 1423 3311 :
1457 3256 1733 3328 quoniam
1780 3272 1914 3312 vero
1946 3273 2005 3312 re

2161 3257 2346 3325 ινόσαι,
2411 3258 2484 3329 μή
2541 3276 2687 3317 τινος
2747 3254 2946 3319 ἄνωθεν
3004 3256 3091 3309 καὶ
3153 3256 3295 3319 θείας
3354 3259 3787 3334 προσαψαμένης

388 3346 712 3413 excelsitas,
741 3345 982 3418 perinde
1010 3361 1077 3401 ac
1108 3344 1346 3414 caelum,
1375 3361 1580 3401 omnes
1626 3345 1727 3416 qui
1768 3344 1827 3399 in
1858 3344 2014 3399 illum

2164 3343 2468 3419 πικουρίας’
2522 3343 2636 3399 ἐπεὶ
2688 3341 2745 3399 δὲ
2790 3345 2853 3398 τὸ
2899 3349 2996 3399 τοῦ
3044 3344 3360 3421 πράγματος
3411 3345 3642 3421 ὑψηλὸν,
3691 3368 3786 3402 κα-

386 3435 711 3508 inspiciunt
760 3434 976 3506 pariter
1030 3433 1183 3490 infra
1229 3450 1292 3490 se
1340 3434 1638 3505 relinquit,
1689 3451 1804 3489 non
1854 3435 2012 3489 auda‘

2157 3433 2303 3508 ιαπερ
2363 3431 2587 3508 οὐρανὸς
2621 3478 2637 3505 ,
2696 3431 2823 3494 τοὺς
2876 3433 3000 3507 περὶ
3057 3433 3214 3488 αὐτὸν
3276 3432 3579 3510 βλέποντας
3635 3436 3783 3491 κάτω

387 3524 478 3580 cia
505 3523 964 3594 nostra,etiamei
985 3539 1053 3578 ex
1083 3523 1366 3596 dignitate
1388 3523 1651 3578 decidere
1680 3523 2013 3579 audeamus,

2154 3540 2240 3573 του
2271 3519 2460 3573 ἑαυτοῦ
2514 3520 2715 3581 πάντας
2767 3518 2956 3589 ἐπίσης
3008 3519 3087 3592 ἐᾷ,
3142 3521 3240 3576 οὐκ
3269 3520 3327 3576 ἂν
3375 3525 3509 3597 ἡμῖν
3557 3524 3621 3577 τὸ
3648 3533 3780 3579 τολ-

387 3612 537 3684 spud
551 3612 981 3684 aequosjudices
994 3612 1216 3682 absque
1229 3610 2013 3683 veniaremaneat,siquidem

2154 3613 2328 3675 ιῆσαι,
2385 3606 2480 3661 εἶτ’
2524 3608 2810 3661 ἀποπεσεῖν
2859 3613 2961 3676 τῆς
3020 3606 3165 3677 ἀξίας
3220 3606 3623 3682 τολμήσαντας,
3655 3611 3780 3684 παρ’

383 3705 518 3775 post
550 3700 763 3757 multos
791 3705 848 3756 et
877 3700 1165 3756 maximos
1202 3700 1357 3756 viros
1408 3700 1509 3771 qui
1558 3700 1842 3755 hactenus
1874 3698 2009 3753 bant

2154 3695 2437 3770 ,ὖγνώμοσι
2469 3701 2679 3771 κριταῖς
2730 3695 3102 3771 ἀσύγγνωστον
3159 3697 3331 3770 μένοι,
3380 3698 3514 3772 μετᾶ
3553 3697 3780 3754 πολλῶν

384 3807 508 3847 rem
537 3793 951 3856 tractaverunt,
982 3789 1091 3845 hoc
1121 3789 1507 3862 experiamur.
1540 3788 1609 3843 Et
1637 3804 1795 3855 vero,
1826 3787 1875 3842 si
1896 3787 2010 3860 ipsa

2152 3783 2221 3838 ιαὶ
2257 3783 2527 3859 μεγάλων,
2579 3781 2841 3857 ἡμμένων
2890 3786 3026 3847 τέως
3073 3789 3169 3839 τοῦ
3218 3786 3600 3861 προκειμένου,
3632 3790 3778 3843 τοῦτ’

2152 3872 2191 3895 Κ.
2262 3894 2381 3895 νηγκκ
2432 3869 2490 3895 ΛῙ
2630 3880 2665 3895 1ο
2698 3873 2725 3895 ,‘
2829 3873 2873 3895 ‘,
2972 3873 2986 3895 ,
3081 3875 3096 3891 κ
3226 3874 3238 3891 ν
3292 3876 3305 3892 \
3478 3878 3491 3895 \
3593 3878 3613 3895 τ
3754 3878 3767 3893 \

381 3880 534 3935 theta
561 3894 763 3934 vocem
814 3877 1113 3943 haberent,
1165 3895 1335 3933 nemo
1387 3877 1641 3949 profecto
1693 3875 2007 3949 periclitare

2151 3872 2193 3926 ὶν
2253 3869 2568 3936 πεπονθόσι.
2630 3873 2726 3927 Καὶ
2783 3873 2884 3950 γὰρ
2943 3873 2988 3927 εἰ
3042 3875 3135 3947 μὲν
3182 3874 3315 3929 αὐτὰ
3347 3878 3532 3953 φωνὴν
3566 3878 3684 3952 εἶχε
3710 3878 3777 3932 τὰ

383 3970 656 4035 tentaret,
685 3966 786 4023 sed
818 3966 947 4022 istis
977 3966 1354 4039 potissimum
1388 3968 1457 4022 de
1487 3965 1697 4037 seipsis
1744 3965 2009 4038 loquend:

2147 3959 2457 4038 πράγματα,
2518 3961 2616 4016 οὐκ
2663 3961 2721 4016 ἃν
2781 3959 2914 4024 ἴσως
2970 3962 3213 4039 ἥρμοττε
3279 3964 3773 4041 παρακινδυνεύειν,

386 4072 528 4113 cura
559 4053 1022 4127 permitteretur;
1055 4055 1272 4127 quodsi
1305 4058 1501 4110 autem
1529 4054 1643 4109 ista
1671 4053 1752 4108 nil
1783 4054 2012 4109 omninc

2150 4050 2316 4112 ιὺτοῖς
2377 4047 2435 4104 δὲ
2495 4048 2706 4123 μᾶλλον
2765 4049 2989 4113 ἐκείνοις
3045 4055 3143 4106 τοῦ
3189 4053 3313 4126 περὶ
3364 4055 3565 4109 ἑαυτῶι
3609 4055 3776 4131 λόγου

385 4144 727 4217 loquantur,
777 4143 947 4200 nobis
1014 4148 1210 4199 autem
1267 4142 1639 4213 loquentibus
1688 4140 1908 4215 aliquid
1953 4142 2011 4197 dc

2152 4146 2507 4216 ταραχωρεῖν·
2569 4140 2614 4195 εἰ
2671 4137 2718 4194 δ’
2749 4140 2925 4195 ἐκεῖνα
2973 4142 3065 4215 μὲν
3114 4139 3269 4197 οὐδὲν
3318 4141 3577 4199 οὐδεποτε
3623 4144 3778 4223 φθέγ-

384 4233 478 4290 his
521 4233 712 4289 dicere
740 4232 1017 4305 supersit,
1054 4248 1158 4287 cur
1187 4247 1302 4287 non
1333 4231 1405 4303 de
1435 4229 1573 4303 illis,
1619 4236 1908 4303 quantum
1938 4231 2010 4287 fa-

2154 4244 2304 4304 (εται,
2351 4234 2468 4290 τοῖς
2518 4227 2575 4283 δῖε
2633 4230 3021 4307 φθεγγομένοις
3076 4231 3210 4304 ἡμῖν
3266 4233 3389 4309 περὶ
3456 4231 3669 4289 ἐκείνων
3726 4255 3780 4288 τι

386 4323 575 4381 cultas
600 4326 708 4393 est,
739 4323 916 4379 verba
944 4322 1354 4392 faceremus,et
1382 4337 1497 4376 non
1517 4321 1867 4376 auderemus
1899 4326 2012 4377 ten-

2155 4319 2311 4392 ιέγειν
2346 4316 2607 4385 λείπεται,
2639 4322 2755 4380 πῶς
2806 4317 2934 4393 οὐχὶ
2984 4322 3252 4395 χρηστέον
3301 4327 3417 4384 τοῖς
3468 4318 3660 4399 λόγοις
3698 4322 3781 4378 ἐπ’

385 4412 672 4469 tare?ne
724 4411 1011 4469 memoria
1081 4409 1282 4483 elapsa
1321 4415 1378 4466 et
1450 4408 1757 4465 oblivionis
1818 4410 2011 4465 obruta

2158 4405 2338 4478 ιύτοῖς,
2367 4406 2440 4468 ὡς
2488 4405 2591 4480 ἄρα
2637 4407 2726 4461 καὶ
2775 4406 3030 4484 ἐγχωρεῖ,
3063 4409 3152 4463 καὶ
3197 4408 3506 4484 τολμητέον
3533 4414 3632 4482 τήν
3666 4418 3784 4467 πεῖ-

387 4501 614 4575 gurgite
656 4500 828 4557 citius
871 4504 1112 4573 pereant
1137 4503 1194 4556 et
1221 4498 1551 4555 exolescant
1602 4516 1615 4566 ;
1657 4503 1713 4554 et
1754 4498 2013 4570 equidem

2159 4516 2229 4548 ναν
2268 4514 2280 4563 ;
2316 4493 2400 4549 ἶνα
2445 4495 2543 4568 μὴ,
2590 4501 2690 4565 τῆς
2744 4498 2971 4569 μνήμης
3017 4493 3116 4569 ἔξω
3161 4499 3442 4573 γενόμενα,
3498 4501 3785 4576 οἰχήσεται

388 4590 669 4662 injuriam
702 4593 1062 4662 paterentur,
1086 4590 1137 4645 si
1174 4588 1609 4645 transmittente
1657 4604 1724 4643 ea
1755 4603 2014 4644 sermone

2159 4589 2324 4637 ιᾶττον
2398 4583 2486 4637 καὶ
2561 4580 3045 4660 διαφθαρήσεται,
3107 4586 3283 4659 λήθης
3356 4586 3785 4666 ἐναπνκρυϐἐντα

389 4678 670 4736 frustrata
698 4679 905 4747 forent,
938 4683 997 4734 et
1025 4694 1092 4735 eo
1126 4676 1315 4750 magis
1348 4677 1503 4749 quod
1534 4675 1677 4732 illud
1735 4676 1931 4748 dignis
1960 4692 2015 4732 ec

2160 4674 2347 4743 Ξυθοῖς,
2379 4673 2469 4726 καὶ
2519 4670 2676 4727 ἄδικα
2731 4673 2823 4746 μὲν
2854 4673 2988 4729 αὐτὰ
3033 4675 3218 4747 πάθοι,
3248 4682 3346 4732 τοῦ
3386 4673 3786 4742 ἐπιϐάλλοντος

388 4768 590 4839 gestis.
621 4767 820 4840 qualia
856 4773 996 4824 sunt
1041 4772 1165 4835 tua,
1224 4783 1342 4839 rex,
1403 4766 1730 4838 obtingeret
1763 4782 1777 4833 ;
1811 4764 2014 4835 injuria

2157 4763 2470 4837 ἱμοιροῦντα
2517 4759 2704 4837 λόγου,
2751 4762 2842 4816 καὶ
2886 4765 3131 4837 τοσούτῳ
3177 4787 3238 4841 γε
3291 4766 3501 4839 μᾶλλον
3553 4768 3663 4841 ὅσῳ
3693 4769 3783 4823 καὶ

390 4862 588 4913 autem
637 4862 695 4913 et
739 4858 1090 4913 detrimento
1156 4856 1486 4912 afficeretur
1549 4872 1652 4927 per
1704 4854 1827 4910 haec
1885 4854 2016 4922 vital

2158 4848 2259 4919 ἱξια
2310 4849 2507 4904 τούτου
2562 4846 3055 4926 καταλαμϐάνεται,
3115 4856 3203 4909 οἷα
3270 4852 3337 4924 δή
3397 4855 3634 4930 μάλιστα
3693 4858 3784 4913 καὶ

391 4945 508 5002 nisi
536 4962 639 5018 per
698 4962 1025 5002 sermonem
1085 4946 1199 5002 ista
1252 4946 1397 5004 ﬁant
1442 4948 1911 5015 monumentum,
1970 4947 2017 4999 et

2156 4938 2202 4992 τὰ
2233 4939 2317 5003 σὰ,
2354 4939 2594 5014 βασιλεῦ·
2629 4938 2968 4996 συναδικοῖτο
3002 4940 3059 4997 δὲ
3105 4944 3195 4997 καὶ
3227 4944 3255 4998 ὁ
3291 4944 3409 5020 βίος
3459 4946 3643 5010 αὐτοῖς
3691 4949 3782 5003 καὶ

391 5035 700 5092 admiratio
733 5039 791 5091 et
820 5035 1026 5091 homor
1056 5035 1140 5090 illi
1170 5035 1230 5090 in
1288 5034 1448 5091 omni
1495 5039 1756 5105 tempore
1813 5035 2017 5104 imper-

2159 5033 2417 5100 ζημιοῖτο,
2468 5027 2517 5081 εἷ’
2563 5029 2662 5101 μή,
2712 5028 2886 5104 στήλῃ
2936 5035 3101 5086 ταῦτα
3149 5032 3252 5087 ὑπὸ
3300 5038 3398 5088 τοῦ
3437 5034 3601 5111 λόγου
3630 5058 3785 5113 γεγε-

388 5124 631 5182 ιὶαῃωιι,
2074 5193 2102 5195 ἡ
2135 5114 2381 5188 νημὲνα,
2432 5120 2612 5189 θαῦμα
2656 5117 2745 5171 καὶ
2789 5116 3108 5194 φιλοτιμίας
3158 5120 3405 5184 ὑπόθεσις
3454 5122 3600 5195 αὗτῷ
3651 5124 3787 5178 κατᾶ

2059 5193 2105 5267 C
2138 5204 2336 5265 παντὸς
2364 5209 2458 5259 τοῦ
2490 5204 2693 5281 χρόνου
2721 5203 2923 5276 δοθείη.

463 5308 663 5378 Nuper
691 5303 984 5376 equidem,
1017 5320 1135 5375 rex,
1168 5320 1301 5360 cum
1325 5319 1465 5359 meae
1495 5305 1556 5358 in
1587 5303 1831 5359 dicendo
1858 5301 2030 5358 facul-

2209 5294 2407 5369 Πρώην
2462 5295 2555 5368 μὲν
2612 5294 2724 5367 οὖν,
2776 5296 3016 5370 βασιλεῦ,
3075 5307 3174 5369 τῆς
3234 5300 3470 5374 ἐμαυτοῦ
3519 5302 3643 5378 περὶ
3699 5301 3790 5357 λό-

391 5396 531 5452 tatis
561 5392 889 5466 perieulum
922 5393 1192 5461 facerem,
1223 5392 1308 5447 illi
1339 5394 1741 5465 supponebam
1775 5391 2017 5448 minores

2158 5403 2267 5458 (ους
2326 5380 2605 5456 δυνάμεως
2680 5390 2867 5460 πεῖραν
2944 5388 3321 5464 ποιούμενος,
3381 5392 3475 5446 εἶτ’
3531 5392 3784 5471 ἀφορμὰς

392 5482 688 5549 materias,
716 5497 863 5553 quas
904 5480 1069 5537 facile
1117 5481 1469 5552 quandoque
1516 5481 1836 5537 edisserere
1884 5480 2018 5535 mihi

2156 5471 2273 5545 ιύτῇ
2321 5473 2530 5535 καὶτὰς
2580 5477 2742 5544 ἦττον
2790 5474 2896 5539 ἔσθ’
2944 5476 3033 5531 ὅτε
3084 5475 3346 5543 δοκούσας
3398 5477 3542 5558 ἔχειν
3592 5482 3653 5536 τὸ
3697 5478 3782 5535 εὕ-

393 5573 719 5643 videbatur,
770 5576 828 5628 et
870 5571 954 5627 ita
1011 5570 1278 5641 expedite
1335 5586 1458 5626 rem
1535 5571 1903 5643 peragebam,
1951 5574 2019 5639 et,

2159 5572 2308 5642 ιογον
2362 5558 2713 5638 ὑποϐάλλων,
2763 5563 2957 5634 ἤνυτον
3006 5569 3242 5631 εὐπετῶς
3291 5570 3354 5624 τὸ
3400 5557 3785 5649 προκείμενον,

459 5755 479 5783 ¹’
503 5753 544 5806 Ε
563 5751 747 5808 codice
769 5749 917 5817 regio
945 5751 1086 5812 5010,
1114 5762 1168 5815 p.
1197 5750 1279 5813 91,
1308 5760 1432 5803 eum
1452 5749 1540 5803 831
1572 5748 1783 5807 collato.
3669 5797 3687 5851 γ
