4118 6424
366 438 484 505 389

1363 435 1767 502 LAUDATIO
1808 428 2234 497 ANDRONICI
2276 428 2765 498 PALIEOLOGI.

3644 438 3768 502 390

358 572 568 627 καὶτὸν
608 567 844 646 ἔλεγχον
894 569 1093 625 ἐκεῖθεν
1140 564 1251 640 ἤδη
1299 572 1403 639 τῆς
1448 568 1640 646 ἰσχύος
1686 563 2004 641 λαμϐάνων,

2142 566 2253 622 nde
2282 565 2493 623 virium
2513 567 2643 639 jam
2672 567 2952 625 hauriens
2982 572 3417 641 argumentum,
3449 573 3620 644 quasi
3661 575 3767 632 ali-

356 655 434 723 ὥς
482 683 538 715 τι
599 657 947 733 δεδυνημένῳ
993 658 1360 736 προσέχαιρον
1420 658 1661 733 ἐμαυτῷ*
1721 656 2007 713 ἐλάνθανον

358 747 420 805 δὲ
466 746 570 825 ἄρα
619 753 699 821 τῷ
754 748 989 825 μεγίστῳ
1043 746 1183 821 τῷδε
1210 746 1672 825 περιπεσούμενος
1703 745 1874 821 ἀγῶνι
1919 743 2011 799 καὶ

360 836 669 895 τούναντίον
720 839 760 907 ἢ
802 836 928 894 τότε
973 836 1316 911 πεισόμενος,
1346 835 1645 910 ἀδυναμίαν
1708 835 1803 909 μὲν
1851 833 2015 907 ἐμαυ-

366 932 465 983 τοῦ
491 928 876 1003 κατεγνωκὼς,
904 926 1017 991 ἀνθ’
1044 924 1251 997 ἡδονῆς
1282 925 1343 983 δὲ
1376 933 1479 998 τῆς
1519 925 1783 1003 πρότερον
1834 922 2014 992 λύπην

370 1015 785 1091 κεκομισμένος.
844 1019 941 1089 Τῷ
996 1018 1101 1095 γὰρ
1155 1016 1379 1094 πελάγει
1447 1020 1555 1072 τῶν
1636 1019 1741 1070 σῶν
1807 1011 2016 1081 καλῶν,

382 1106 614 1179 ἐλπίσας,
672 1104 898 1185 ἐπαφεὶς
971 1108 1073 1176 τήν
1145 1105 1414 1184 γλῶτταν,
1482 1104 1838 1182 λεμπρότητά
1900 1121 2018 1158 τινα

376 1197 625 1272 περιάψαι
680 1201 804 1259 τοῖς
864 1194 1052 1272 λόγοις
1110 1195 1369 1269 ἐντεῦθεν,
1428 1196 1503 1256 ὡς
1560 1195 1638 1257 εἰς
1703 1194 1850 1249 τοῦτ’
1904 1188 2016 1260 ἤδη

372 1285 655 1357 κατέστην,
725 1284 1039 1361 ἀμηχανίας
1125 1284 1378 1361 ἐνέκυρσα
1443 1281 1689 1360 πελάγει,
1752 1280 1842 1337 καὶ
1925 1284 2016 1335 νῦν

370 1374 807 1451 ἐξαπορούμενος
845 1372 1076 1448 ’ίσταμαι
1102 1379 1202 1429 ποῖ
1246 1395 1379 1430 ποτε
1422 1375 1522 1443 τήν
1565 1373 1789 1449 πρώτην
1841 1370 2017 1446 ὁρμή-

368 1484 492 1537 σας,
539 1462 632 1519 καί
692 1462 841 1526 τίνος
902 1462 1309 1538 ἐπειλημμένος
1365 1463 1568 1540 ἀρχῆς,
1617 1460 1878 1538 γενοίμην
1935 1457 2020 1514 εύ-

370 1549 730 1627 θυδρομήσας
785 1551 877 1607 καὶ
934 1549 1231 1615 ἀκινδύνως
1290 1550 1520 1629 περάνας
1571 1552 1672 1620 τήν
1749 1547 2019 1626 πρόθεσιν.

367 1643 522 1697 Ὠιι-τ’
552 1642 602 1697 εἰ
652 1641 750 1715 μὲν
798 1642 866 1710 ἦν
916 1640 1072 1705 εὐθὺς
1120 1640 1173 1712 ἐξ
1220 1642 1398 1718 ἀρχῆς
1447 1639 1707 1717 εἰρηκότα
1754 1640 1854 1707 τὴν
1887 1640 2022 1693 ἀπο-

372 1731 491 1808 ρίαν
554 1732 765 1793 ἱκακῶς
839 1732 1270 1808 παραιτήσασθαι
1329 1727 1499 1803 δόξαι,
1561 1727 1702 1803 μηδὲ
1758 1726 2022 1805 ῥᾳθυμίαν

352 1826 817 1895 καταγνωσθῆναι
846 1818 937 1873 καὶ
965 1819 1029 1874 τὸ
1070 1821 1146 1893 μή
1205 1816 1517 1895 βούλεσθαι,
1545 1818 1643 1873 κᾶν
1702 1816 2023 1893 ἀνέστρεφον

2120 654 2262 727 quid
2292 655 2558 727 potuisse
2586 656 2731 713 mihi
2763 657 3216 730 congratulabar
3249 675 3263 713 :
3316 675 3409 716 me
3438 666 3636 719 autem
3667 665 3766 720 fu-

2121 742 2315 816 giebat
2352 745 2413 800 in
2460 745 2571 801 hoc
2600 745 2856 802 maximo
2888 746 3205 803 certamine
3234 764 3361 805 esse
3390 755 3765 811 versaturum

2122 836 2180 889 et
2226 832 2395 889 aliter
2440 850 2755 907 passurum
2785 835 2926 903 fore,
2957 835 3041 893 ita
3086 840 3152 892 ut
3197 853 3388 894 meam
3437 855 3765 913 agnoscens

2123 920 2605 992 imbecillitatem;
2635 923 2761 980 loco
2808 924 3019 998 prioris
3055 925 3257 998 gaudii
3285 925 3448 984 luctu
3479 930 3763 989 afﬁcerer.

2126 1008 2379 1065 Flumini
2424 1010 2581 1068 enim
2630 1013 2833 1069 dotum
2878 1017 3116 1070 tuarum
3165 1031 3236 1072 os
3279 1015 3600 1091 immitens,
3633 1037 3764 1094 spe-

2125 1098 2328 1155 rabam
2359 1097 2618 1172 aliquem
2647 1101 3017 1173 splendorem
3063 1104 3239 1161 verba
3284 1105 3670 1178 circumdare,
3704 1110 3766 1165 in

2126 1186 2237 1243 hoc
2265 1187 2504 1259 quidem
2535 1190 2960 1261 persistebam;
3004 1208 3185 1266 quare
3236 1192 3296 1248 in
3351 1194 3767 1254 difficultatum

2129 1275 2274 1331 mari
2295 1275 2589 1350 collapsus
2615 1295 2769 1347 sum,
2791 1283 2849 1336 et
2877 1297 3033 1336 nunc
3062 1297 3273 1355 anceps
3293 1283 3485 1341 haereo
3509 1302 3766 1358 quonam

2129 1364 2302 1421 modo
2350 1366 2602 1438 primam
2654 1368 2893 1425 fecerim
2941 1371 3397 1444 aggressionem,
3428 1379 3487 1431 et
3532 1375 3769 1433 initium

2130 1453 2362 1510 dicendi
2409 1456 2682 1529 ceperim,
2714 1461 2781 1513 ut
2830 1458 3056 1515 felicem
3104 1476 3342 1518 cursum
3391 1480 3665 1537 peragam
3711 1469 3771 1522 et

2133 1543 2356 1616 absque
2383 1544 2722 1602 discrimine
2754 1547 3122 1620 propositum
3150 1550 3526 1624 adimpleam.
3550 1553 3778 1626 Itaque,

2133 1631 2184 1687 si
2213 1632 2412 1688 statim
2451 1634 2524 1689 ab
2554 1634 2722 1691 initio
2750 1636 2925 1693 verba
2953 1636 3211 1710 inopiam
3243 1640 3464 1696 affatim
3495 1657 3776 1702 excusare

2129 1721 2458 1795 videantur,
2491 1740 2607 1780 non
2637 1728 2863 1796 oportet
2897 1725 3190 1799 ignaviam
3234 1744 3477 1801 arguere
3525 1735 3627 1788 aut
3674 1734 3773 1790 de-

2133 1809 2352 1866 fectum
2380 1812 2720 1882 voluntatis,
2749 1817 2825 1884 et,
2854 1816 3123 1886 quamvis
3153 1834 3187 1873 a
3214 1817 3460 1875 dicendo
3482 1821 3607 1892 jam
3642 1821 3783 1878 inde

372 1909 615 1964 ἐντεῦθεν
672 1912 769 1963 τοῦ
826 1906 1017 1984 λόγου,
1077 1908 1470 1985 ἀνεπιχείρητα
1544 1909 1636 2002 τὰ-
1684 1906 1805 1977 ἑξῆς
1859 1925 2024 1960 κατα-

2142 1915 2453 1969 aversarer,
2504 1900 3008 1974 insuperabilibus
3066 1907 3289 1963 cateris
3344 1907 3584 1978 relictis,
3633 1927 3783 1983 opus

374 1996 598 2072 λείψας,
630 1995 738 2052 δέει
765 2001 865 2052 τοῦ
916 1999 991 2071 μή
1050 1996 1236 2059 αὐτοῖς
1275 1998 1421 2073 παρὰ
1466 1998 1566 2067 τήν
1617 1996 1853 2070 ἐμαυτοῦ
1902 1995 2067 2067 σμι-ἷ

372 2084 689 2163 κροφωνίαν
747 2084 1110 2160 λυμήνασθαι.
1142 2087 1293 2142 Ἐπεὶ
1325 2084 1500 2142 δὀὐκ
1557 2085 1698 2141 ἔστιν
1756 2082 1907 2146 ὅπως
1964 2082 2028 2137 οὐ

372 2180 549 2231 ταῦτα
597 2177 1093 2252 κατακριθήσομαι,
1148 2173 1278 2250 μηδ’
1324 2176 1399 2238 ὡς
1468 2175 1531 2230 οὗ
1597 2178 1794 2248 σκῆψιν
1856 2176 2031 2228 ποιεῖ-

377 2267 503 2321 σθαι
530 2267 635 2334 τήν
664 2263 964 2341 ὁμολογίαν
1020 2271 1123 2336 τῆς
1178 2264 1406 2341 ἀπορίας
1464 2262 1787 2338 ἀκούσομαι,
1816 2261 2027 2336 τολμᾷ)

383 2355 484 2429 μὲν
526 2353 758 2429 ἀνάγκη,
806 2354 884 2416 ὡς
926 2351 1030 2430 ἄρα
1073 2354 1165 2409 καὶ
1202 2352 1425 2429 ἔχομεν,
1475 2358 1608 2409 Θεοῦ
1655 2350 1703 2408 δ’
1757 2350 1916 2428 ἔργον
1968 2349 2027 2405 ἂν

377 2442 468 2514 εἴη
527 2441 734 2519 ὀρέγειν
781 2445 916 2516 ἡμῖν
964 2442 1039 2506 εἲς
1085 2444 1175 2498 τὸν
1204 2442 1370 2519 λόγον
1405 2443 1814 2517 καθισταμένοις
1845 2446 2027 2517 χεῖρα,

372 2533 472 2588 καὶ
512 2535 700 2610 σαφῶς
730 2532 1119 2609 ἀπορουμένων
1149 2527 1661 2607 ἀντιλαμϐάνεσθαι.

452 2618 699 2697 Πατρίδα
762 2623 855 2676 καί
901 2621 1056 2697 γένος
1129 2625 1238 2677 τῶν
1319 2621 1608 2697 ἐγκωμίων
1700 2614 2031 2676 ὑποϐάλλειν

370 2706 629 2788 κρηπῖδα
659 2711 688 2765 ὁ
714 2716 816 2780 τῆς
845 2708 1048 2787 τέχνης
1096 2710 1297 2784 θεσμὸς
1353 2712 1489 2783 ἡμῖν
1546 2703 1870 2765 ὑποϐάλλει.
1901 2714 2032 2763 Τοι-

370 2804 584 2877 γαροῦν
628 2799 723 2854 καὶ
759 2800 859 2868 τὴν
908 2800 1008 2869 σὴν
1052 2797 1307 2876 πατρίδα,
1344 2800 1564 2875 μέγιστε
1616 2797 1858 2875 βασιλεῦ,
1892 2798 2032 2861 ἅπας

373 2890 407 2944 ὁ
444 2894 545 2944 τοῦ
591 2887 796 2958 ἡκότος
843 2886 1037 2964 λόγος,
1076 2887 1168 2944 ’ίνα
1209 2890 1286 2963 μὴ
1339 2887 1487 2964 λέγω
1529 2887 1620 2944 καὶ
1668 2888 2031 2966 συγγραφικὸς

379 2980 522 3040 ἅπας
578 2976 673 3033 καὶ
728 2979 1126 3056 γεωγραφικὸς,
1184 2976 1405 3054 ἀρίστην
1460 2984 1562 3048 τῆς
1619 2975 1749 3048 ὅσην
1793 2977 2030 3032 οἰκοῦσιν

387 3064 687 3139 ἄνθρωποι,
766 3063 1129 3143 παραδίδωσι.
1187 3070 1361 3143 Τριῶν
1428 3065 1531 3142 γάρ
1589 3061 1780 3135 ὄντων,
1838 3061 2030 3121 οὔκουν

388 3153 678 3229 πλειόνων,
715 3154 790 3217 εἷς
816 3154 851 3209 ἃ
900 3153 1165 3232 διαιροῦσι
1202 3157 1302 3226 τὴν
1361 3158 1489 3232 γῆν,
1520 3150 1695 3225 Λιϐύη
1758 3155 1851 3228 μὲν
1909 3155 2034 3230 περί

2137 1990 2228 2044 est
2274 1993 2339 2044 ut
2383 1988 2499 2046 ista
2550 2007 2668 2047 non
2720 2006 2790 2047 ex
2843 1993 3000 2049 vocis
3044 1994 3444 2054 imbecillitate
3491 1999 3782 2072 quidquid

2137 2076 2453 2148 patiantur.
2486 2079 2771 2145 Quoniam
2804 2086 3000 2137 autem
3030 2081 3157 2139 ﬁeri
3195 2101 3311 2140 non
3362 2091 3558 2159 potest
3610 2092 3675 2144 ut
3720 2089 3783 2145 in

2138 2166 2232 2223 bis
2264 2183 2379 2223 non
2409 2168 2783 2241 condemner,
2815 2187 3007 2243 neque
3037 2188 3141 2245 pro
3172 2175 3541 2233 excusatione
3568 2176 3779 2250 inopia

2138 2256 2565 2314 confessionem
2586 2257 2788 2315 haberi
2811 2276 3063 2333 sperem,
3086 2264 3430 2337 audeamus,
3454 2282 3557 2338 pro
3578 2271 3781 2324 nostra

2138 2345 2417 2402 facultate
2442 2364 2455 2417 ;
2488 2347 2591 2403 Dei
2619 2351 2816 2405 autem
2837 2355 2994 2406 esset
3013 2351 3183 2408 nobis
3216 2369 3547 2411 sermonem
3578 2356 3785 2413 ineun-

2138 2434 2297 2490 tibus
2327 2435 2590 2492 dextram
2619 2438 2935 2510 porrigere,
2967 2443 3026 2495 et
3062 2441 3374 2498 manifesto
3405 2443 3466 2499 in
3496 2444 3785 2517 angustiis

2137 2529 2438 2581 versantes
2468 2526 2765 2597 adjuvare.
3808 2586 3811 2591 .

2209 2613 2463 2671 Patriam
2482 2618 2540 2671 et
2558 2631 2746 2688 genus
2767 2617 3121 2691 principium
3141 2618 3548 2679 laudationum
3573 2638 3787 2696 ponere

2141 2719 2348 2759 norma
2377 2703 2520 2760 artis
2550 2721 2658 2761 nos
2688 2711 3034 2763 commonet.
3067 2708 3324 2766 Patriam
3369 2715 3534 2768 tuam
3582 2712 3784 2785 igitur,

2139 2807 2259 2864 rex,
2290 2792 2622 2850 laudativus
2651 2795 2903 2868 quisque
2930 2812 3146 2864 sermo,
3178 2814 3251 2853 ne
3281 2798 3471 2855 dicam
3500 2803 3557 2856 et
3594 2801 3783 2857 histo—

2140 2883 2297 2939 ricus
2313 2883 2564 2954 quisque
2581 2888 2756 2955 atque
2774 2885 3218 2959 geographicus,
3232 2887 3781 2946 excellentissimam

2141 2972 2408 3029 omnium
2438 2989 2616 3045 quam
2644 2973 2909 3030 incolunt
2952 2974 3223 3032 homines
3270 2978 3606 3049 pradicant.
3637 2983 3781 3035 Cum

2141 3060 2298 3117 enim
2329 3061 2448 3117 sint
2476 3065 2594 3118 tres
2622 3066 2840 3134 partes,
2866 3079 3054 3136 neque
3085 3062 3306 3137 plures,
3339 3066 3401 3122 in
3430 3066 3647 3139 quibus
3676 3072 3787 3125 ter-

2143 3166 2269 3205 ram
2297 3150 2585 3219 dividunt,
2618 3150 2794 3224 Libya
2831 3150 3110 3224 primum,
3144 3153 3215 3209 de
3263 3170 3380 3226 qua
3424 3156 3608 3213 doctis
3655 3173 3786 3214 raro

396 3243 687 3319 ἐλαχίστου
733 3249 853 3307 τοῖς
911 3250 1100 3323 σοφοῖς
1150 3243 1335 3321 γέγονε
1404 3242 1597 3319 λόγου,
1656 3240 1810 3299 οὐδὲν
1886 3240 2030 3314 ἄξιον

2148 3255 2343 3295 sermo
2393 3240 2523 3308 fuit,
2554 3239 2693 3311 quia
2738 3240 2885 3296 nihil
2934 3242 3152 3313 prabet
3192 3259 3461 3300 sermone
3498 3244 3786 3317 dignum;

397 3303 563 3408 λόγζυ
639 3303 1006 3409 προΐσγουσαἰ
1064 3303 1235 3393 ,"Acia.
1295 3331 1354 3387 δὲ
1416 3303 1506 3388 καί
1581 3303 1843 3408 ίίὑρώπη,
1912 3303 2030 3408 περὶ

2145 3328 2284 3385 Asia
2312 3328 2447 3385 dein
2475 3303 2533 3385 et
2562 3303 2811 3403 Europa,
2843 3303 2970 3402 qua
3004 3331 3363 3403 jampridem
3411 3333 3482 3389 de
3529 3303 3787 3406 primatu

388 3420 676 3498 πρωτείων
758 3423 957 3487 ἄνωθεν
1044 3420 1320 3493 ἀλλήλαις
1397 3420 1688 3497 ἐρίζουσαι,
1744 3422 1807 3476 τὸ
1861 3425 2039 3484 νεῖκος

390 3507 609 3567 οὐδέπω
653 3509 743 3566 καὶ
802 3515 893 3566 νῦν
928 3508 1266 3584 διελύσαντο,
1313 3507 1580 3581 ἀλλήλων
1630 3509 1684 3565 ἐν
1748 3514 1827 3583 τῷ
1888 3509 2037 3587 μέρει

386 3604 688 3676 κρατοῦσαι
744 3600 835 3655 καὶ
895 3600 985 3655 ὑπ’
1038 3598 1307 3670 ἀλλήλων
1359 3599 1723 3674 κρατούμεναι
1766 3604 1876 3655 Σοῦ
1925 3597 1971 3655 δ’
2000 3604 2036 3671 ἡ

385 3674 589 3766 πατρὶς
646 3687 823 3764 (λέγω
881 3685 938 3744 δὲ
993 3690 1110 3763 σὴν,
1142 3687 1277 3761 ὅσης
1327 3689 1418 3744 καὶ
1447 3685 1658 3765 ἄρχεις,
1691 3687 1736 3743 ὦ
1770 3686 2037 3764 βασιλεῦ),

381 3778 482 3834 καὶ
523 3776 710 3840 Ἀσίας
758 3774 1141 3852 ἐπειλημμένη
1190 3777 1281 3832 καὶ
1322 3776 1593 3852 Εὐρώπης
1624 3778 1840 3853 (1),κιιιὶ
1887 3779 2033 3854 ἀρχή

383 3888 454 3943 γε
505 3866 721 3923 τούτοιν
781 3866 985 3945 ἀμφοῖν
1042 3865 1383 3940 νομιζομένη
1432 3866 1522 3921 καὶ
1580 3865 1731 3940 οὖσα,
1762 3866 1864 3922 οὑκ
1918 3866 2040 3922 οἶδα

383 3961 510 4019 πῶς
542 3955 725 4011 οὐκᾶν
751 3955 841 4010 καὶ
887 3953 1140 4030 βελτίστη
1169 3961 1286 4018 τοῖς
1316 3953 1469 4019 ὅλοις
1500 3955 1855 4033 ὁμολογοῖτο›
1888 3958 2033 4033 ἀρχή

383 4067 454 4123 γε
487 4043 763 4124 διαφανῶς
794 4044 960 4115 αὐτῆς
985 4043 1076 4100 καὶ
1104 4044 1168 4099 τὸ
1216 4044 1643 4122 προκεκριμένον
1699 4045 2033 4122 ὑπάρχουσα.

386 4136 544 4190 Ἐπεὶ
603 4131 736 4208 μηδ’
764 4130 962 4209 ἔπρεπε
1013 4139 1094 4207 τῷ
1148 4134 1248 4203 τήν
1303 4135 1602 4210 ὑπερτάτην
1643 4134 1702 4189 ἐκ
1756 4140 1889 4190 Θεοῦ
1946 4134 2039 4190 λα-

388 4224 555 4301 χόντι
609 4224 779 4296 τιμὴν
839 4224 1022 4300 ἑτέρας
1050 4225 1087 4293 ἢ
1118 4223 1378 4295 τοιαύτης
1420 4221 1677 4300 πατρίδος
1734 4229 1943 4300 τυχεῖν,
1968 4227 2035 4294 ἧς

385 4314 485 4370 τὸν
539 4311 827 4386 σύμπαντα
879 4313 1082 4387 κόσμον
1139 4312 1229 4367 καὶ
1278 4313 1452 4369 ὁπόσα
1481 4311 1547 4384 δή
1579 4312 1689 4368 ἐστι
1718 4315 1836 4377 καθ’
1866 4313 1900 4367 ἃ
1927 4317 2036 4370 τῶν

388 4400 584 4459 ἄλλων
636 4400 951 4458 πλεονεκτεῖ
1006 4405 1189 4477 (τοῦτο
1249 4402 1343 4476 μὲν
1404 4404 1487 4465 οἷς
1542 4403 1670 4479 ὁρᾷν
1717 4401 1877 4458 πεδία
1905 4403 2035 4480 κάρ-

388 4491 540 4564 πιμα
564 4511 627 4546 τε
652 4490 743 4545 καὶ
802 4490 1090 4564 κάλλιστα,
1120 4492 1212 4546 καὶ
1273 4491 1441 4565 μείζω
1498 4491 1534 4560 ἢ
1591 4490 1877 4570 ἀφοαλμὸς
1932 4491 2037 4564 ἐξι-

389 4585 622 4650 κνεῖται,
691 4579 1010 4657 παρέχεται,
1067 4585 1229 4635 τοῦτο
1288 4578 1334 4635 δ’
1365 4582 1447 4643 οῖς
1500 4575 1602 4657 ὅρη
1665 4582 1901 4653 μήκιστα
1946 4581 2037 4637 καὶ

2149 3417 2398 3474 invicem
2430 3418 2729 3474 decertant
2769 3422 2829 3475 et
2877 3419 3282 3490 disceptationi
3330 3438 3639 3495 nunquam
3669 3423 3786 3480 huc

2148 3522 2337 3578 usque
2366 3507 2541 3564 ﬁnem
2572 3506 2999 3579 imposuerunt,
3033 3509 3292 3566 vicissim
3324 3510 3574 3570 invicem
3601 3512 3789 3583 domi-

2148 3599 2355 3651 nantes
2374 3599 2432 3651 et
2447 3594 2696 3652 invicem
2718 3596 3047 3654 dominata.
3064 3598 3188 3654 Tua
3208 3602 3403 3656 autem
3424 3601 3613 3672 patria
3635 3601 3787 3675 (dico

2146 3687 2310 3739 tuam
2342 3683 2714 3757 qualicuique
2741 3685 3017 3759 imperas,
3049 3703 3083 3743 o
3113 3689 3235 3760 rex)
3265 3705 3392 3761 qua
3419 3690 3568 3746 Asia
3599 3695 3656 3747 et
3683 3692 3792 3748 Eu-

2148 3789 2299 3844 ropa
2322 3772 2627 3829 continens
2646 3777 2754 3847 est,
2772 3775 3198 3849 ambarumque
3219 3778 3572 3852 principium
3595 3781 3791 3838 existi-

2148 3865 2344 3917 matur
2370 3866 2429 3918 et
2451 3866 2562 3934 est,
2585 3878 2691 3918 cur
2716 3879 2834 3919 non
2855 3864 3262 3921 universarum
3285 3867 3360 3940 (1)
3390 3867 3787 3940 pulcherrima

2146 3951 2560 4023 pradicaretur
2587 3952 2804 4019 nescio,
2837 3969 2971 4009 cum
3000 3953 3235 4011 illarum
3265 3963 3461 4029 aperte
3499 3959 3577 4015 sit
3623 3960 3783 4031 prin-

2147 4041 2364 4113 cipium
2390 4045 2448 4097 et
2467 4058 2602 4114 pars
2622 4042 3007 4114 prastantior.
3022 4044 3149 4100 Non
3170 4045 3327 4100 enim
3353 4046 3595 4103 decebat
3612 4046 3783 4104 illum

2146 4130 2248 4204 qui
2290 4147 2324 4186 a
2361 4135 2473 4186 Deo
2503 4135 2803 4203 acceperat
2830 4131 3380 4191 excellentissimam
3410 4135 3786 4209 dignitatem,

2146 4219 2323 4276 aliam
2353 4236 2420 4275 ac
2449 4219 2626 4276 talem
2657 4220 2914 4277 nancisci
2944 4221 3218 4294 patriam,
3242 4224 3412 4295 cujus
3442 4225 3781 4281 universum

2147 4310 2345 4381 decus,
2377 4314 2434 4366 et
2470 4309 2669 4366 omnia
2696 4310 2913 4382 quibus
2940 4309 3088 4367 alias
3117 4312 3410 4368 antecellit
3439 4313 3598 4385 (hinc
3624 4315 3782 4372 enim

2147 4398 2457 4472 frugiferos
2504 4403 2563 4455 et
2608 4399 3033 4471 pulcherrimos
3081 4405 3255 4473 atque
3303 4402 3557 4473 majores
3604 4419 3783 4475 quam

2148 4489 2463 4560 perlustrat
2485 4489 2690 4545 oculus
2715 4488 2966 4558 exhibet,
2989 4488 3153 4545 illinc
3172 4490 3390 4561 prabet
3410 4495 3639 4548 montes
3659 4508 3787 4564 qua

2149 4579 2221 4633 ad
2252 4578 2445 4650 ipsum
2470 4578 2686 4635 athera
2707 4583 3045 4650 assurgunt,
3068 4578 3230 4634 illinc
3260 4596 3577 4652 perrennes
3597 4580 3789 4637 ﬂumi-

390 4670 472 4731 είς
516 4668 679 4725 αὐτὸν
727 4668 933 4740 ἥκοντα
975 4670 1067 4725 τὸν
1124 4668 1313 4746 αἰθέρα
1365 4667 1708 4746 προίσχεται,
1762 4675 1925 4726 τοῦτο
1983 4668 2030 4726 δὲ

2150 4684 2294 4723 num
2322 4668 2513 4723 undas
2560 4672 2617 4723 et
2663 4672 2868 4739 portus
2915 4672 2974 4723 et
3021 4668 3211 4724 fontes
3264 4672 3321 4724 et
3367 4670 3522 4726 unde
3551 4687 3787 4744 quoquo

392 4757 485 4813 καί
545 4759 633 4821 οἷς
690 4757 886 4814 ἀένναα
939 4763 1201 4833 ποταμῶν
1262 4757 1502 4835 ῥεύματα
1554 4758 1643 4813 καὶ
1702 4756 1899 4832 λίμνας
1950 4760 2030 4815 καῖ

2150 4757 2323 4812 modo
2353 4773 2515 4828 aqua
2548 4757 2871 4835 educantur
2898 4757 3187 4829 producit,
3220 4773 3289 4813 ex
3316 4758 3411 4815 his
3456 4763 3513 4815 et
3559 4776 3590 4816 e
3638 4760 3788 4817 mari

388 4846 580 4922 πηγάς
636 4847 729 4902 καὶ
781 4847 1037 4910 παντοίας
1092 4845 1298 4903 ὑδάτων
1356 4847 1571 4925 ἀφέσεις
1644 4843 2038 4924 προϐάλλεται,

389 4934 627 5015 ἄφθονον
682 4936 748 4992 τὸ
803 4943 906 5006 τῆς
966 4940 1109 5007 ζωῆς
1166 4938 1444 5013 χρήσιμον
1489 4934 1551 4991 ἔκ
1603 4957 1662 4991 τε
1687 4936 1892 4992 τούτων
1949 4938 2039 4993 καὶ

381 5027 487 5094 τῆς
517 5023 573 5079 ἐν
609 5025 759 5098 μέσῳ
788 5023 1061 5097 θαλάσσης
1109 5030 1430 5103 χορηγοῦσα
1481 5031 1596 5088 τοῖς
1648 5024 1781 5100 τῇδε
1830 5028 2037 5104 ἀνθρώ-

384 5116 562 5187 ποις),
592 5114 762 5169 ταῦτά
817 5135 877 5169 τε
929 5114 1019 5169 καὶ
1075 5115 1165 5169 τὸν
1216 5119 1319 5170 τῶν
1377 5113 1591 5169 πόλεων
1650 5114 1879 5191 ἀριθμὸν
1927 5120 2034 5171 τῶν

457 5259 536 5331 (1)
564 5257 861 5331 Tractavit
886 5259 1160 5316 eumdem
1200 5258 1278 5331 _de
1322 5258 1582 5330 Byzantii
1626 5258 1902 5316 laudibus
1951 5259 2037 5316 lo-

384 5329 520 5403 cum
567 5329 629 5385 in
677 5331 1037 5403 pracedente
1069 5329 1329 5403 oratione
1368 5329 1548 5401 paulo
1584 5335 1729 5403 post
1777 5332 2034 5403 initium.

379 5400 758 5474 D_uspa,,notis
789 5401 863 5459 ad
893 5401 1234 5474 Acropolita
1267 5400 1661 5474 Hist.‘p._287,
1684 5402 2035 5460 Vulcanium

379 5472 467 5546 ait
496 5472 1004 5546 habereGregorii
1033 5471 1227 5546 Cyprii
1251 5471 1705 5545 descriptionem
1755 5479 1814 5546 et
1864 5491 2034 5531 enco-

379 5489 467 5528 au
496 5489 714 5530 nabere
740 5489 852 5530 ure
894 5490 1004 5529 orn
1033 5489 1227 5546 cypru
1251 5489 1705 5545 descriptionem
1755 5489 1814 5529 et
1864 5491 2034 5531 enco-

377 5542 573 5628 minm
604 5545 791 5628 urbis.
821 5489 1025 5628 ἆζοι,
1058 5545 1237 5617 quod,
1287 5546 1715 5628 postnpu'sarn,‘
1761 5545 2036 5628 dixerunt

373 5613 849 5689 Allatius__l)iatr.
882 5616 954 5673 de
983 5613 1191 5689 Georg.
1223 5613 1355 5689 pag.
1390 5615 1853 5689 li23_,_lj‘abrictus
1881 5617 2032 5674 Bibl.

372 5689 501 5761 Gr,
531 5690 573 5742 t.
622 5686 881 5761 VIII,Ap.
929 5690 1023 5761 621
1068 5685 1181 5761 ﬁed
1223 5685 1351 5761 fere
1381 5685 1730 5761 crediderim
1758 5694 2031 5761 excerpta

376 5760 618 5821 tantum
667 5757 899 5820 ex'h'ac
936 5758 1029 5820 vel
1070 5758 1174 5819 illa
1209 5757 1472 5819 oratione
1495 5757 1626 5818 loca
1653 5760 1726 5821 de
1756 5757 2034 5839 Byzantio

2149 4846 2306 4917 quod
2335 4845 2395 4901 in
2440 4845 2632 4901 medio
2663 4845 2793 4899 ﬂuit
2822 4845 3202 4917 suppeditans
3231 4846 3463 4918 copiose
3492 4865 3787 4921 quacum-

2149 4951 2263 5006 que
2315 4935 2387 4990 ad
2435 4934 2595 4990 illius
2641 4932 2965 4989 incolarum
3012 4934 3230 4991 victum
3269 4939 3576 4994 commoda
3605 4943 3785 5011 sunt),

2148 5023 2269 5079 hac
2299 5028 2357 5079 et
2394 5039 2706 5079 numerum
2737 5022 3037 5079 civitatum
3069 5039 3216 5095 qua,
3255 5041 3383 5082 cum
3415 5026 3706 5100 pleraque
3734 5033 3792 5084 et

2147 5112 2403 5184 pulchra
2450 5116 2507 5167 et
2556 5128 2781 5184 magna
2829 5112 2967 5181 sint,
3001 5113 3222 5185 regioni
3268 5121 3407 5172 sunt
3445 5121 3788 5173 ornamento

2145 5254 2495 5328 Vulcanium
2528 5255 2881 5328 possedisse.

2217 5329 2293 5406 (_1_)
2315 5327 2513 5382 Malim
2528 5324 2673 5406 δλης
2694 5344 2871 5399 quam
2892 5324 3067 5406 819:4,
3080 5332 3150 5406 ut
3168 5330 3443 5388 exhibent
3464 5348 3629 5399 mss.,
3645 5334 3785 5406 quia

2145 5396 2355 5475 melius
2376 5415 2508 5454 cum
2536 5396 3063 5475 adgnc'concprdat,
3079 5402 3299 5457 Tamen
3324 5410 3512 5475 potest
3531 5396 3783 5461 subaudi

2141 5471 2241 5548 γῇς
2265 5475 2406 5548 post
2432 5475 2546 5548 τοῖς
2578 5466 2761 5548 tam;
2788 5472 2955 5542 cujus
2986 5472 3067 5527 rei
3097 5466 3362 5546 exempla
3397 5493 3465 5531 ex
3495 5477 3782 5548 probatis-

2145 5541 2312 5617 Simis
2362 5543 2697 5617 auctoribus
2729 5541 3075 5617 deprompta
3094 5541 3338 5617 possem
3370 5541 3784 5617 prof—errezsed

2142 5613 2328 5669 satius
2358 5617 2466 5691 est,
2499 5619 2565 5671 ut
2592 5613 2822 5688 opinor;
2849 5619 2915 5671 ut
2948 5613 3048 5685 τῆς
3085 5613 3248 5687 ὅλης,
3277 5613 3450 5675 verbo
3479 5624 3594 5684 τοῖς
3626 5616 3781 5691 ὅλοις

2184 5690 2534 5759 upponatur.
