4118 6444
422 424 536 489 391

1442 421 1756 486 GEORGII
1802 418 2063 484 CYPRll
2106 418 2225 482 GP.
2272 418 2807 482 PATRIARCHE

3699 423 3816 485 392

423 563 599 633 atque
628 556 918 630 prasidio,
947 571 1136 625 nemo,
1160 559 1227 612 ut
1255 556 1480 630 opinor,
1504 556 1733 613 etiamsi
1766 554 2051 629 propriam

2174 549 2400 606 πολλῶν
2432 552 2521 606 καὶ
2551 549 2734 606 καλῶν
2760 549 2849 605 καὶ
2885 549 3161 625 μεγάλων,
3194 549 3249 605 αἳ
3281 548 3347 621 δὴ
3379 553 3470 607 καὶ
3510 551 3622 607 ἀντ’
3649 551 3817 630 ἀγάλ·-

422 646 727 703 historiam
758 646 1008 702 scribere
1036 645 1323 713 intendat,
1354 646 1572 702 nedum
1605 662 1741 718 pars
1774 643 2064 700 sermonis

422 735 793 803 brevissima,
824 734 970 791 satis
998 750 1270 790 enarrare
1310 735 1732 807 suppeditaret.
1762 734 1818 788 Si
1866 737 2062 789 autem

422 826 556 899 quis
577 827 648 882 de
668 824 761 881 his
782 824 988 880 merito
1005 824 1197 881 verbis
1217 824 1496 897 indigeat,
1517 824 1657 897 quid
1679 823 1832 879 dicet
1850 824 1923 880 de
1944 839 2065 878 ma-

421 930 539 988 gna
559 917 616 970 et
635 912 965 970 admirabili
985 912 1236 984 civitate,
1256 929 1385 985 qua:
1406 916 1599 983 tuum,
1620 911 1923 985 potissima
1941 926 2060 980 rex,

422 1018 667 1059 aureum
697 999 834 1057 tulit
860 1017 1047 1074 genus
1065 1001 1094 1057 ?
1141 1018 1269 1074 qua
1320 1006 1377 1057 et
1412 1001 1473 1056 in
1506 1002 1698 1058 media
1727 1001 1864 1057 sede
1893 1005 2059 1055 terra:

421 1106 664 1163 prorsus
692 1088 992 1160 collocata,
1023 1088 1183 1145 illius
1211 1087 1527 1145 umbilicus
1571 1090 1705 1160 jure
1747 1088 2059 1155 diceretur,

423 1195 559 1236 cum
581 1180 653 1236 ad
680 1178 840 1234 illam
865 1178 1103 1234 termini
1124 1178 1369 1234 tendant
1390 1183 1447 1234 et
1467 1178 1541 1233 ab
1563 1177 1666 1233 illa
1687 1177 2059 1250 proficiscan-

420 1271 537 1340 tur,
569 1272 629 1325 et
673 1266 1085 1324 colluctaretur
1112 1267 1393 1323 adversus
1430 1283 1634 1323 omnes
1677 1265 1854 1323 simul
1902 1265 2060 1321 orbis

420 1356 683 1414 civitates
705 1355 1062 1413 virtutibus?
1090 1355 1275 1412 Situm
1298 1355 1453 1412 enim
1475 1355 1635 1412 omni
1658 1355 1757 1427 qui
1784 1355 1894 1411 sub
1917 1353 2059 1409 cmlo

418 1450 508 1503 est
536 1446 655 1502 situ
686 1444 1103 1520 pulchriorem,
1135 1449 1212 1512 et,
1245 1449 1310 1500 ut
1340 1444 1617 1514 diximus,
1652 1444 1845 1500 media
1890 1448 2057 1499 terrae

417 1536 554 1593 sede
583 1551 827 1608 prorsus
854 1534 1134 1602 locatum,
1167 1538 1225 1589 et
1255 1534 1356 1607 qui
1387 1533 1521 1589 altis
1552 1533 1796 1590 urbibus
1829 1532 2059 1605 potissi-

418 1640 583 1680 mum
615 1623 904 1693 convenit,
928 1623 1133 1679 sortita
1155 1627 1277 1691 est;
1311 1622 1563 1679 ﬁnitima
1586 1625 1676 1677 est
1704 1622 1873 1687 mari,
1898 1621 2055 1688 quod

419 1730 553 1770 cum
587 1713 844 1769 maxima
869 1712 1038 1785 copia
1083 1716 1140 1768 et
1188 1712 1454 1768 ubertate
1486 1727 1846 1783 quaecunque
1876 1709 2056 1766 maris

420 1805 559 1859 sunt
586 1801 926 1858 hominibus
956 1801 1307 1874 suppeditat.
1339 1801 1488 1856 Hinc
1524 1801 1671 1856 freta
1700 1799 1893 1871 habet,
1925 1799 2054 1871 qui-

2178 640 2347 712 ματός
2399 641 2499 696 εἰσι
2552 640 2643 695 καὶ
2702 641 2910 719 φρουρά
2963 644 3032 714 τῇ
3091 642 3251 717 χώρᾳ
3305 642 3667 715 καθίστανται,
3708 641 3820 699 οὐδ’

2173 729 2233 783 ἄν
2260 751 2363 801 τις,
2395 730 2571 803 οἶμαι,
2604 731 2690 785 καὶ
2745 728 2881 785 ἰδίαν
2946 730 3195 784 ὑπόθεσιν
3254 732 3493 805 ἱστορίας
3550 732 3815 806 ποιούμε-

2171 840 2282 889 νος,
2338 821 2412 892 μή
2469 819 2522 875 τί
2575 841 2635 895 γε
2691 820 2853 895 μέρος
2913 816 3079 895 λόγου
3142 820 3500 896 βραχύτατον,
3552 823 3819 897 ἀρκέσειεν

2169 908 2367 971 ἱκανῶς
2426 906 2678 964 διελθεῖν.
2714 909 2776 964 El
2834 906 2891 963 δὲ
2941 910 3078 985 πρὸς
3134 913 3302 964 ταῦτα
3328 931 3413 973 τις
3445 910 3671 973 εἰκότως
3715 916 3815 967 τοῦ

2169 999 2286 1053 κατ’
2342 997 2486 1068 ἀξίαν
2545 997 2839 1073 ἀπορήσειε
2895 998 3086 1074 λόγου,
3118 998 3171 1053 τί
3226 999 3350 1076 περὶ
3405 1003 3506 1069 τῆς
3564 1000 3815 1076 μεγάλης

2169 1085 2258 1141 καὶ
2289 1087 2588 1159 θαυμασίας
2639 1086 2749 1162 έρεῖ
2776 1085 3015 1160 πόλεως,
3047 1088 3082 1156 ἢ
3114 1089 3229 1143 κατ’
3278 1088 3542 1164 ἐξαίρετον
3585 1089 3649 1144 τὸ
3697 1088 3814 1160 σὸν,

2173 1174 2415 1250 βασιλεῦ,
2450 1175 2537 1229 καί
2585 1180 2820 1250 χρυσοῦν
2880 1173 3073 1251 ἤνεγκε
3125 1178 3317 1251 γένος;
3349 1177 3385 1246 ἢ
3442 1179 3553 1249 καὶ,
3606 1179 3669 1233 τὸ
3725 1199 3818 1251 με-

2169 1262 2414 1318 σαίτατον
2465 1261 2714 1339 λαχοῦσα
2749 1271 2849 1334 τῆς
2898 1272 3020 1341 γῆς,
3068 1266 3287 1342 κέντρον
3342 1266 3434 1339 μὲν
3484 1267 3542 1322 ἂν
3588 1265 3818 1330 εἰκότως

2167 1351 2334 1422 αὐτῆς
2395 1351 2609 1428 λέγοιτο
2640 1356 2739 1427 (3),
2772 1352 2847 1415 εἷς
2907 1353 3072 1422 αὐτὴν
3127 1358 3235 1409 τῶν
3295 1352 3472 1431 ἄκρων
3529 1355 3817 1411 τεινόντων

2165 1442 2254 1496 καὶ
2287 1440 2374 1496 ἀπ’
2402 1442 2567 1511 αὐτῆς
2599 1443 2944 1519 ἀρχομένων,
2978 1442 3364 1517 ἀνθαμιλλῷτο
3422 1441 3482 1499 δὲ
3509 1446 3648 1519 πρὸς
3678 1447 3819 1500 ἀπά-

2164 1552 2260 1593 σας
2288 1537 2486 1593 κοινῶς
2514 1532 2610 1593 τάς
2642 1530 2693 1586 έν
2740 1531 2875 1606 αὐτῇ
2926 1532 3118 1595 πόλεις
3160 1538 3281 1595 ταῖς
3326 1532 3577 1607 ἀρεταῖς;
3609 1532 3819 1596 Θέσεως

2168 1621 2263 1693 μὲν
2292 1622 2393 1697 γὰρ
2421 1628 2522 1690 τῆς
2554 1620 2644 1675 ὑπ’
2672 1620 2898 1698 οὐρανὸν
2945 1619 3248 1692 καλλίστης
3303 1622 3416 1696 καὶ,
3447 1623 3523 1686 ὡς
3583 1621 3813 1701 ἔφαμεν,

2161 1716 2263 1779 τῆς
2351 1708 2694 1783 μεσαιτάτης,
2741 1711 2829 1765 καὶ
2881 1710 2916 1780 ἢ
2980 1708 3217 1784 μάλιστα
3274 1716 3395 1774 ταῖς
3475 1712 3813 1787 ἀκροπόλεσι

2162 1798 2377 1875 πρέπει,
2433 1798 2719 1873 τετύχηκε·
2770 1804 3002 1875 γειτονεῖ
3050 1796 3108 1854 δὲ
3166 1797 3406 1875 θαλάσσῃ
3477 1800 3569 1856 καὶ
3641 1801 3822 1876 ταύτῃ

417 1892 531 1949 bus
558 1906 703 1965 pene
723 1890 962 1948 omnino
985 1890 1403 1959 circumdatur,
1429 1906 1562 1946 cum
1583 1888 1927 1946 dulcissima
1952 1906 2051 1944 na-

2163 1887 2509 1962 γονιμωτάτῃ
2535 1887 2624 1942 καὶ
2681 1886 2780 1942 ὅσα
2835 1890 2983 1965 παρά
3039 1886 3319 1960 θαλάσσης
3345 1894 3465 1953 τοῖς
3509 1891 3818 1967 ἀνθρώποις

414 1980 636 2055 vigatu,
657 1984 783 2037 tum
804 1980 932 2036 visu
951 1979 1410 2051 jucundissima,
1434 1983 1561 2035 tum
1592 1977 1773 2035 accoli
1804 1994 2058 2034 commo-

415 2068 683 2138 dissima,
713 2084 840 2141 quae
872 2084 1073 2125 amnes
1104 2068 1267 2125 dicas
1296 2067 1531 2124 illorum
1562 2071 1792 2123 arctum
1819 2065 2055 2122 intuens

412 2159 640 2215 alveum
688 2161 747 2214 et
793 2157 985 2213 ﬂuxus
1034 2162 1230 2213 motus
1278 2155 1760 2230 aequabilitatem,
1792 2159 1849 2210 et
1896 2171 2057 2211 mare

414 2248 769 2314 nominares,
802 2246 851 2304 si
883 2246 997 2303 alio
1029 2261 1207 2303 sensu
1240 2247 1496 2318 judices,
1528 2244 1689 2301 illinc
1734 2245 1920 2301 maria
1962 2246 2056 2315 ja-

416 2341 571 2406 cent,
603 2336 706 2404 ibi,
740 2336 811 2392 ad
845 2334 1149 2395 meridiem
1179 2336 1411 2409 IEgeus,
1444 2335 1547 2407 qui
1577 2335 1651 2391 ab
1682 2332 2056 2405 Hellesponto

418 2429 479 2483 et
520 2425 685 2482 urbis
732 2425 950 2482 ﬂuento
991 2425 1127 2480 oriri
1169 2424 1418 2496 videtur,
1452 2424 1555 2491 ibi,
1588 2424 1660 2479 ad
1709 2422 2055 2495 septentrio-

417 2531 553 2573 nem
602 2515 954 2587 boreamque
1001 2519 1262 2581 ventum,
1294 2514 1552 2569 Euxinus
1598 2512 1697 2586 qui
1755 2512 1941 2568 oritur
1988 2527 2058 2566 ex

412 2604 679 2660 Maeotide
707 2607 764 2659 et
792 2602 1048 2658 Tanaide
1079 2603 1278 2670 ﬂuvio,
1309 2607 1368 2661 et
1418 2618 1621 2659 omnes
1666 2601 1881 2657 ﬂuctus
1922 2604 2058 2655 ante

411 2709 541 2750 eam
571 2691 819 2760 evomit;
855 2693 1029 2748 ambo
1060 2692 1296 2764 quidem
1328 2691 1496 2763 quasi
1528 2691 1658 2747 urbi
1690 2692 1899 2762 regina:
1929 2706 2063 2745 mu-

412 2800 550 2839 nera
597 2782 793 2839 ferunt
840 2786 900 2837 et
941 2781 1137 2838 omnia
1167 2780 1289 2837 illic
1318 2781 1587 2847 navibus,
1617 2779 2056 2852 impellentibus

407 2871 619 2938 ventis,
659 2872 977 2926 adducunt.
1013 2871 1084 2926 Et
1129 2870 1471 2943 magnitudo
1520 2869 1684 2925 urbis
1731 2874 1843 2924 tua;
1891 2873 2057 2924 tanta

414 2965 481 3017 ut
509 2977 625 3017 non
660 2959 978 3033 aequiperet
1018 2959 1135 3016 alia
1179 2960 1406 3025 civitas,
1441 2976 1576 3014 cum
1626 2957 1703 3013 sit
1747 2957 1946 3029 ampla
1994 2957 2053 3012 in

414 3050 764 3119 continente,
798 3048 996 3121 ampla
1036 3053 1093 3105 et
1142 3048 1202 3104 in
1242 3065 1403 3104 mare
1433 3048 1587 3120 quod
1619 3046 1878 3103 medium
1909 3045 2053 3101 divi-

412 3140 517 3210 dit,
540 3139 623 3196 ita
654 3142 720 3195 ut
747 3139 1091 3211 ambiguum
1119 3138 1290 3209 cujus
1322 3136 1694 3210 potissimum
1723 3136 1800 3191 sit
1827 3136 2052 3208 civitas,

412 3233 662 3301 utraque
689 3244 900 3300 nempe
928 3226 1096 3299 quasi
1127 3230 1383 3283 certante
1414 3225 1524 3281 sibi
1565 3241 1693 3281 eam
1734 3224 2048 3294 vindicare,

410 3322 468 3375 et
524 3297 626 3373 illa
679 3297 1053 3373 vehementer
1109 3315 1448 3372 obsistente.
1505 3315 1667 3380 Quod
1725 3318 1921 3369 autem
1977 3297 2122 3371 deC

407 3405 542 3463 Asia
581 3405 891 3461 dicendum
925 3408 1034 3473 est,
1079 3404 1227 3460 mari
1274 3408 1468 3460 secata
1516 3403 1708 3459 divelli
1765 3405 1835 3460 ab
1885 3406 2050 3474 urbe,

410 3512 538 3568 qua:
569 3500 769 3552 tamen
799 3493 960 3550 illius
990 3509 1247 3549 amorem
1281 3509 1387 3549 nec
1426 3492 1710 3564 dissolvit,
1742 3510 1849 3550 nec
1896 3512 2054 3552 aver-

412 3589 596 3652 satur,
628 3583 729 3640 sed
761 3599 889 3655 quas
939 3599 1118 3656 prope
1164 3586 1221 3639 et
1268 3586 1401 3638 ante
1447 3587 1699 3639 amatam
1730 3587 1885 3640 stare
1915 3601 2052 3641 con-

412 3671 621 3731 tendit.
655 3672 784 3745 Ipse
813 3688 981 3728 suam
1012 3688 1369 3745 exsuperans
1402 3672 1888 3745 magnitudinem,
1921 3674 2050 3730 dili-

414 3764 618 3833 genter
681 3760 1116 3817 attendentibus
1185 3760 1474 3833 triplicem
1541 3765 1762 3817 statum
1837 3762 2047 3832 oﬂ'ert;

414 3850 673 3923 primum
723 3849 1101 3906 subterranea
1158 3854 1248 3906 est
1301 3849 1386 3905 illi
1444 3850 1633 3918 sedes,
1681 3852 2048 3923 superﬁciem

409 3939 544 3996 dein
575 3942 841 4011 occupat,
873 3939 1123 4010 denique
1151 3938 1310 3995 illius
1340 3955 1520 4011 supra
1561 3938 1751 3995 solum
1801 3939 2048 3998 altitudo

404 4026 619 4082 suadet
649 4029 714 4081 ut
742 4029 874 4098 post
904 4025 1016 4081 alia
1044 4030 1279 4100 propter
1308 4043 1434 4099 quas
1480 4027 1621 4083 urbs
1652 4034 2044 4101 nuncupatur,

406 4115 657 4172 audeam
707 4119 765 4172 et
811 4113 1027 4171 aeriam
1075 4116 1280 4172 urbem
1329 4116 1651 4173 nominare.
1694 4119 1802 4173 Aer
1849 4124 2045 4175 autem

407 4203 510 4278 qui
539 4221 720 4277 super
749 4207 926 4277 caput
956 4208 1131 4271 meat,
1162 4204 1573 4278 puririssimus
1603 4210 1661 4261 et
1680 4205 2044 4275 jucundissi-

407 4293 595 4350 simus
626 4293 860 4366 spirari,
889 4297 979 4349 est
1020 4293 1195 4350 etiam
1227 4293 1670 4361 saluberrimus,
1704 4310 1809 4351 nec
1856 4296 2046 4354 hieme

406 4386 616 4456 praeter
644 4383 885 4439 modum
918 4383 1159 4438 mordax
1205 4386 1262 4439 et
1307 4398 1498 4454 asper,
1531 4383 1630 4438 sed
1662 4382 1951 4441 innocuus
1981 4403 2046 4442 ac

406 4471 570 4527 mitis
617 4476 672 4529 et
724 4471 1065 4544 corporibus
1103 4470 1443 4538 tolerabilis,
1478 4488 1584 4527 nec
1613 4476 1760 4528 testu
1789 4473 2045 4532 fervidus

404 4563 462 4615 et
491 4561 806 4629 suﬂ‘ocans,
839 4561 941 4617 sed
970 4563 1330 4633 temperatus
1370 4560 1625 4633 quodam
1674 4561 1910 4634 frigore,
1941 4564 2043 4620 bo-

2164 1982 2428 2052 χορηγεῖν
2474 1975 2844 2055 ἀφθονωτάτῃ
2896 1981 3056 2032 τοῦτο
3117 1979 3211 2051 μὲν
3268 1979 3550 2055 πορθμοὺς
3606 1977 3817 2055 ἔχουσα

2164 2063 2357 2141 σχεδὸν
2415 2087 2537 2142 περι
2593 2072 2764 2121 πᾶσαν
2823 2067 3036 2139 ἑαυτὴν,
3095 2069 3484 2144 ἡμερωτάτους
3539 2069 3633 2142 μὲν
3693 2069 3817 2124 ἐπι-

2162 2154 2344 2227 πλεῖν,
2375 2155 2742 2232 ὡραιοτάτους
2799 2153 2857 2211 δὲ
2916 2155 3159 2232 βλέπειν,
3215 2156 3690 2220 λυσιτελεστάτους
3748 2156 3814 2213 δὲ

2163 2250 2493 2318 προσοικεῖν,
2555 2244 2647 2299 οὓς
2712 2246 2802 2300 καὶ
2859 2246 3142 2318 ποταμοὺς
3198 2245 3260 2299 ’ἀν
3320 2244 3496 2309 εἴποις
3550 2246 3686 2323 πρὸς
3741 2245 3813 2301 τὸ

2164 2333 2340 2389 στενὸν
2398 2335 2539 2408 ὁρῶν
2592 2332 2681 2389 καὶ
2737 2337 2836 2404 τὴν
2894 2335 3031 2389 κατά
3079 2334 3286 2405 κίνησιν
3341 2331 3683 2410 ὁμαλότητα,
3714 2337 3812 2391 καὶ

2165 2421 2433 2477 θάλασσαν
2468 2422 2762 2496 ὀνομάσαις
2810 2422 3008 2499 κρίνων
3053 2424 3160 2479 ἀπὸ
3214 2432 3317 2495 τῆς
3374 2424 3553 2497 ἄλλης
3612 2425 3813 2497 αἰσθή-

2165 2532 2322 2583 σεως,
2352 2516 2513 2567 τοῦτο
2555 2510 2601 2567 δ’
2658 2511 2971 2587 ἐπικείμενα
3024 2511 3264 2589 πελάγη,
3292 2510 3433 2569 ἔνθεν
3495 2514 3611 2588 μὶν,
3666 2515 3812 2589 πρὸς

2168 2596 2530 2676 μεσημϐρίαν,
2560 2602 2652 2656 τὸν
2685 2601 2935 2678 Αἰγαῖον,
2966 2600 3058 2680 ἀφ’
3083 2600 3497 2673 Ἑλλησπόντου
3541 2600 3811 2659 δοκοῦντα

2163 2689 2253 2744 καὶ
2299 2694 2395 2745 τοῦ
2448 2698 2551 2760 τῆς
2589 2688 2807 2753 πόλεως
2865 2690 2989 2767 ῥοὸς
3049 2690 3326 2768 ἄρχεσθαι,
3359 2690 3500 2746 ἔνθεν
3559 2690 3636 2765 δὲ,
3666 2693 3810 2765 πρὸς

2165 2780 2357 2855 ἄρκτον
2414 2780 2504 2833 καὶ
2568 2779 2765 2855 βορρᾶν
2817 2778 3036 2853 ἄνεμον,
3066 2781 3158 2835 τὸν
3219 2779 3483 2854 Εὔξεινον,
3517 2780 3575 2837 ἐκ
3622 2783 3810 2837 Μαιώ-

2160 2866 2309 2931 τιδος
2363 2869 2456 2942 μὲν
2516 2868 2822 2944 ἀρχόμενον
2879 2871 3095 2940 καὶτῆς
3131 2868 3334 2942 λίμνης
3362 2867 3642 2942 Τανάϊδος,
3671 2869 3798 2925 ὅλον

2162 2955 2220 3012 δὲ
2272 2956 2335 3012 τό
2394 2958 2567 3032 ῥεῦμα
2618 2960 2724 3032 πρὸ
2807 2958 2973 3028 αὐτῆς
3055 2959 3258 3030 ταύτης
3344 2960 3794 3036 ἀπερευγόμενον,

2163 3048 2327 3125 ἄμφω
2381 3045 2439 3101 δὲ
2493 3047 2569 3110 ὡς
2631 3044 2968 3123 βασιλίδιτῇ
3025 3046 3185 3103 πόλει
3245 3045 3657 3128 δωροφεροῦντα
3709 3048 3801 3105 καὶ

2160 3138 2333 3191 πάντα
2389 3133 2544 3211 δεῦρο
2601 3141 2717 3199 ταῖς
2774 3134 2964 3192 ὁλκάσι
3023 3138 3158 3192 κατά
3230 3144 3399 3193 πᾶσαν
3477 3141 3800 3214 πνευμάτων

2160 3226 2369 3296 κίνησιν
2437 3224 2882 3302 παραπέμποντα.
2944 3225 3043 3281 Καὶ
3118 3239 3345 3303 μεγεθος
3414 3224 3473 3283 δὲ
3534 3235 3638 3298 τῆς
3698 3235 3801 3298 σῆς

2159 3314 2374 3378 πόλεως
2405 3314 2527 3370 ὅσον
2574 3314 2671 3370 οὐκ
2720 3312 2899 3385 ἄλλης
2937 3314 3172 3389 πόλεων,
3203 3314 3424 3387 πολλῆς
3481 3318 3575 3390 μὲν
3629 3314 3804 3389 οὔσης

2160 3411 2273 3460 κατ’
2302 3401 2550 3481 ¹ἤπειρον,
2583 3401 2800 3473 πολλῆς
2856 3400 2915 3458 δὲ
2967 3404 3057 3459 καὶ
3120 3404 3286 3478 μέσην
3344 3406 3642 3481 σχιζούσης
3697 3408 3802 3475 τήν

2161 3491 2452 3563 θάλασσαν,
2484 3493 2558 3555 ὡς
2588 3487 2898 3569 ἀμφίϐολον
2932 3493 3061 3548 εἶναι
3090 3493 3239 3557 τίνος
3300 3492 3513 3568 μᾶλλον
3543 3497 3578 3564 ἡ
3611 3494 3801 3567 πόλις,

2161 3583 2414 3656 ἑκατέρας
2469 3581 2649 3654 ὥσπερ
2707 3582 3112 3659 ἀγωνιζομένης
3199 3582 3366 3653 αὐτὴν
3447 3584 3802 3659 οἰκειοῦσθαι,

2160 3672 2249 3727 καὶ
2308 3669 2555 3749 σφοδρῶς
2614 3670 2986 3748 ἀντεχομένης
3042 3672 3231 3742 αὐτῆς.
3292 3678 3354 3725 Ὃ
3411 3669 3478 3741 δὴ
3527 3673 3619 3728 καὶ
3674 3673 3803 3749 περὶ

2156 3767 2256 3830 τῆς
2314 3761 2497 3822 Ἀσίας
2556 3759 2723 3815 εἷπεῖν
2779 3758 2874 3833 ἔνι,
2931 3758 3171 3835 θαλάσσῃ
3231 3761 3324 3836 μὲν
3376 3762 3802 3837 τυραννηθείσης

2158 3848 2529 3926 ἀπορραγῆναι
2554 3855 2652 3919 τῆς
2705 3847 2942 3921 πόλεως,
2975 3849 3064 3904 τὸν
3116 3847 3290 3926 ἔρωτα
3345 3846 3403 3905 δὲ
3455 3851 3530 3925 μή
3572 3849 3803 3906 καταλε-

2159 3937 2383 4001 λυκυίας
2432 3935 2572 4012 μηδὲ
2625 3937 2814 4014 πόρῥω
2870 3937 3250 4017 ἀφεστηκυίας,
3310 3937 3456 3995 ἀλλά
3507 3939 3595 3994 καὶ
3655 3938 3801 3995 οὕτω

2155 4026 2570 4107 φιλονεικούσ-ης
2629 4027 2881 4103 σύνεγγυς
2939 4028 3029 4083 καὶ
3087 4027 3382 4105 ἀπαντικρὺ
3435 4034 3536 4098 τῆς
3586 4027 3799 4105 ἐρωμέ-

2153 4137 2254 4186 νης
2315 4113 2545 4171 ἑστάναι.
2606 4115 2704 4169 Καὶ
2761 4111 3180 4190 ὑπερϐάλλουσα
3235 4112 3293 4170 δὲ
3370 4117 3582 4192 μεγέθει
3656 4115 3794 4187 αὐτή

2156 4203 2371 4275 ἑαυτῆς,
2429 4202 2725 4278 τριπλασία
2776 4208 2892 4266 τοῖς
2977 4199 3218 4279 ἀκριϐῶς
3303 4208 3594 4261 σκοποῦσιν
3650 4205 3803 4281 εὑρίσ-

2156 4314 2355 4348 σκεται·
2388 4293 2456 4348 τά
2510 4294 2603 4366 μὲν
2663 4292 2766 4368 γὰρ
2819 4293 2988 4363 αὐτῆς
3045 4292 3334 4369 κατάγαιός
3391 4292 3528 4350 ἐσιιν
3564 4291 3799 4368 οἴκησις,

2150 4382 2219 4437 τὰ
2265 4379 2323 4436 δὲ
2375 4383 2474 4451 τὴν
2535 4380 2843 4460 ἐπίφάνειαν
2883 4380 3114 4458 πληροῖ,
3141 4378 3285 4437 ἄλλα
3343 4378 3402 4436 δὲ
3456 4386 3565 4437 τῶν
3619 4383 3800 4456 μέσων

2154 4469 2333 4526 ἐπάνω
2389 4470 2658 4547 φερόμενα
2715 4470 2907 4543 πείθει,
2968 4472 3102 4545 μετὰ
3153 4475 3262 4526 τῶν
3323 4469 3508 4526 ἄλλων
3568 4472 3643 4526 ὧν
3695 4474 3799 4542 τήν

2150 4559 2312 4616 πόλιν
2396 4558 2645 4633 καλοῦσι,
2719 4559 2925 4634 τελμᾷν
3002 4558 3226 4616 καλέσαι
3306 4560 3395 4615 καὶ
3481 4559 3799 4634 ἀερόπολιν,

402 4649 518 4705 reis
566 4649 804 4707 ﬂatibus
852 4655 910 4707 et
960 4668 1103 4707 aura
1147 4648 1389 4722 zephiri,
1422 4665 1536 4705 non
1576 4650 1720 4706 sinit
1746 4650 2044 4709 radiorum

2160 4650 2291 4726 ’Δὴρ
2350 4645 2409 4704 δὲ
2466 4647 2631 4720 αὐτῆς
2690 4650 2719 4703 ὁ
2781 4648 2913 4726 ὑπὲρ
2969 4647 3231 4729 κεφαλῆς,
3284 4650 3662 4726 καθαρώτατος
3719 4648 3795 4705 ὢν

401 4738 525 4795 acie
553 4740 794 4796 omnino
840 4739 1177 4796 dominari:
1233 4738 1347 4796 alia
1399 4755 1534 4795 vero
1582 4743 1849 4812 tempora
1899 4758 2042 4814 quo-

402 4827 577 4884 modo
642 4827 1082 4885 immisceantur
1148 4843 1474 4884 memorare
1547 4845 2042 4900 supervacaneum

405 4919 514 4984 est,
547 4932 681 4973 cum
727 4917 836 4973 hoc
887 4917 1197 4974 manifesto
1246 4934 1349 4990 per
1392 4920 1648 4973 extrema
1696 4917 2040 4976 innotescat.

406 5003 480 5063 Et
525 5004 625 5061 illa
671 5010 795 5063 tute
842 5006 1244 5081 magnitudine
1296 5006 1625 5078 praeditum,
1672 5008 1865 5073 potius
1913 5008 2039 5082 pul-

406 5093 607 5150 chram
666 5112 843 5168 quam
895 5112 1171 5170 magnam
1220 5095 1461 5164 diceres,
1512 5095 1833 5169 exprimere
1884 5100 2041 5155 enim

403 5182 597 5239 valeas
628 5183 1050 5255 excellentiam,
1079 5186 1137 5241 id
1186 5202 1300 5257 quo
1348 5185 1493 5241 alias
1541 5186 1718 5243 urbes
1748 5188 2044 5244 antecellit

403 5271 635 5341 civitas,
694 5277 982 5345 quantum
1045 5290 1178 5331 vero
1245 5273 1685 5346 pulchritudine
1751 5276 2043 5333 antecellit

402 5360 592 5417 dicere
648 5363 840 5434 nefas,
900 5369 959 5419 et
1014 5380 1131 5419 non
1187 5367 1377 5436 potest
1440 5362 1685 5419 inveniri
1748 5365 2037 5422 intervalli

398 5467 682 5509 numerus
740 5457 842 5509 aut
894 5468 1188 5508 mensura.

469 5683 549 5759 (3)
578 5683 920 5760 Byzantium
967 5685 1107 5760 facit
1151 5687 1318 5760 terrea
1349 5684 1721 5760 umbilicum
1760 5704 1846 5760 iac
1903 5704 2037 5745 cen-

400 5755 579 5830 trum,
604 5755 671 5817 ut
700 5758 1027 5835 antiquitus
1055 5757 1237 5816 Graeci
1267 5755 1541 5833 Delphos,
1567 5763 1633 5817 ut
1660 5759 1846 5817 Judaei
1875 5760 2040 5819 Jeru-

2152 4738 2241 4793 καὶ
2271 4735 2538 4807 ἡδύτατος
2580 4737 2923 4809 ἀναπνεῦσαι,
2954 4737 3032 4793 ἔτι
3088 4737 3179 4793 καὶ
3238 4736 3603 4813 ὑγιεινότατός
3661 4736 3797 4808 ἐστι,

2152 4832 2429 4903 χειμῶνος
2493 4828 2587 4901 μὲν
2647 4826 2746 4881 οὐκ
2802 4826 2994 4903 ἄγριος
3047 4824 3120 4882 ὢν
3160 4823 3285 4882 οὐδὲ
3314 4824 3509 4904 δριμὺς
3541 4825 3593 4890 ές
3626 4827 3796 4903 ὑπερ-

2153 4911 2345 4986 ϐολὴν,
2377 4915 2502 4971 ἀλλ’
2536 4913 2746 4978 ἄλυπος
2777 4916 2865 4971 καὶ
2896 4918 3179 4991 προσηνὴς
3235 4915 3326 4971 καὶ
3381 4921 3499 4978 τοῖς
3552 4917 3799 4990 σώμασιν

2153 5006 2392 5076 ἀνεκτὸς,
2426 5006 2612 5082 θέρους
2644 5002 2701 5059 δὲ
2729 5004 2791 5059 οὐ
2821 5002 3110 5076 καυσώδης
3167 5006 3257 5060 καὶ
3313 5002 3616 5081 πνιγώδης,
3650 5004 3797 5060 ἀλλά

2149 5116 2255 5149 τινι
2292 5094 2586 5170 σύγκρατος
2615 5095 2802 5170 ψύχει,
2839 5093 3076 5170 βορείοις
3133 5093 3399 5168 πνεύμασι
3457 5092 3545 5149 κάί
3603 5092 3796 5170 αὔραις

2154 5183 2383 5262 ζεφύρου
2433 5184 2536 5238 ὑπὸ
2586 5190 2686 5253 τῆς
2742 5188 2850 5238 τῶν
2921 5184 3146 5239 ἀκτίνων
3225 5184 3406 5258 ἀκμῆς
3484 5186 3794 5257 κρατεῖσθαι

2149 5272 2390 5343 καθάπαξ
2424 5274 2500 5345 μὴ
2534 5273 3012 5348 συγχωρούμενος·
3043 5278 3150 5329 τῶν
3196 5271 3239 5328 δ’
3269 5272 3455 5329 ἄλλων
3489 5274 3646 5350 ὡρῶν
3699 5293 3796 5327 πε-

2151 5363 2328 5439 ριττὸν
2380 5362 2471 5416 καὶ
2532 5364 2834 5435 μνησθῆναι
2891 5362 2965 5423 ὡς
3021 5361 3324 5439 κέκρανται,
3355 5361 3550 5417 τούτου
3611 5365 3796 5439 σαφῶς

2150 5451 2210 5506 ἐκ
2267 5456 2373 5506 τῶν
2442 5448 2619 5528 ἄκρων
2703 5450 3131 5526 γινωσκομένου.
3190 5453 3289 5507 Καὶ
3373 5454 3480 5526 μὴν
3568 5452 3792 5528 μέγεθος

2148 5686 2353 5745 salem.
2386 5684 2531 5741 Vide
2561 5700 2688 5757 quae
2720 5685 2912 5743 notavi
2946 5687 3016 5743 ad
3058 5650 3384 5745 Planudeas
3432 5684 3616 5752 Qvidii
3669 5684 3793 5742 Me-

2151 5767 2317 5829 tam.,
2346 5774 2405 5833 p.
2436 5758 2543 5815 430
2582 5762 2641 5815 et
2668 5758 2793 5821 689.
