  <div class='ocr_page' id='page_1' title='image "/cluster/home/n/w/nwhite01/storage/ocr_20150623/142/mdp.39015078384792/204.png"; bbox 0 0 4118 6458; ppageno 0'>
   <div class='ocr_carea' id='block_1_1' title="bbox 262 470 378 532">
    <p class='ocr_par' dir='ltr' id='par_1_1' title="bbox 262 470 378 532">
     <span class='ocr_line' id='line_1_1' title="bbox 262 470 378 532; baseline 0.017 -2"><span class='ocrx_word' id='word_1_1' title='bbox 262 470 378 532; x_wconf 82' lang='lat'><strong>393</strong></span> 
     </span>
    </p>
   </div>
   <div class='ocr_carea' id='block_1_2' title="bbox 1277 473 2683 537">
    <p class='ocr_par' dir='ltr' id='par_1_2' title="bbox 1277 473 2683 537">
     <span class='ocr_line' id='line_1_2' title="bbox 1277 473 2683 537; baseline 0 -4"><span class='ocrx_word' id='word_1_2' title='bbox 1277 473 1681 535; x_wconf 83' lang='lat' dir='ltr'><strong>LAUDATIO</strong></span> <span class='ocrx_word' id='word_1_3' title='bbox 1724 473 2155 535; x_wconf 73' lang='lat' dir='ltr'><strong>ANDRONICI</strong></span> <span class='ocrx_word' id='word_1_4' title='bbox 2201 474 2683 537; x_wconf 76' lang='lat' dir='ltr'><strong>PAL/EOLOGI.</strong></span> 
     </span>
    </p>
   </div>
   <div class='ocr_carea' id='block_1_3' title="bbox 3542 476 3659 534">
    <p class='ocr_par' dir='ltr' id='par_1_3' title="bbox 3542 476 3659 534">
     <span class='ocr_line' id='line_1_3' title="bbox 3542 476 3659 534; baseline -0.009 0"><span class='ocrx_word' id='word_1_5' title='bbox 3542 476 3659 534; x_wconf 80' lang='lat'><strong>394</strong></span> 
     </span>
    </p>
   </div>
   <div class='ocr_carea' id='block_1_4' title="bbox 257 598 3660 682">
    <p class='ocr_par' dir='ltr' id='par_1_4' title="bbox 257 598 3660 682">
     <span class='ocr_line' id='line_1_4' title="bbox 257 598 3660 682; baseline -0.003 -23"><span class='ocrx_word' id='word_1_6' title='bbox 257 603 482 679; x_wconf 83' lang='grc' dir='ltr'>ἔχουσαν</span> <span class='ocrx_word' id='word_1_7' title='bbox 530 601 888 672; x_wconf 77' lang='grc' dir='ltr'>τηλικοῦτον,</span> <span class='ocrx_word' id='word_1_8' title='bbox 924 598 1136 674; x_wconf 79' lang='grc' dir='ltr'>μᾶλλον</span> <span class='ocrx_word' id='word_1_9' title='bbox 1186 600 1244 655; x_wconf 76' lang='grc' dir='ltr'><strong>ἂν</strong></span> <span class='ocrx_word' id='word_1_10' title='bbox 1292 601 1459 672; x_wconf 80' lang='grc' dir='ltr'>αὐτὴν</span> <span class='ocrx_word' id='word_1_11' title='bbox 1509 600 1679 665; x_wconf 78' lang='grc' dir='ltr'>εἷ’ποις</span> <span class='ocrx_word' id='word_1_12' title='bbox 1724 603 1900 672; x_wconf 77' lang='grc' dir='ltr'>καλὴν</span> <span class='ocrx_word' id='word_1_13' title='bbox 1931 604 1966 672; x_wconf 73' lang='grc' dir='ltr'><strong>ἢ</strong></span> <span class='ocrx_word' id='word_1_14' title='bbox 2003 603 2270 679; x_wconf 83' lang='grc' dir='ltr'>μεγάλην’</span> <span class='ocrx_word' id='word_1_15' title='bbox 2319 609 2415 659; x_wconf 71' lang='grc' dir='ltr'>τοῦ</span> <span class='ocrx_word' id='word_1_16' title='bbox 2468 606 2561 677; x_wconf 70' lang='grc' dir='ltr'><strong>μὲν</strong></span> <span class='ocrx_word' id='word_1_17' title='bbox 2610 605 2733 682; x_wconf 72' lang='grc' dir='ltr'>γὰρ,</span> <span class='ocrx_word' id='word_1_18' title='bbox 2784 603 2961 681; x_wconf 72' lang='grc' dir='ltr'>εὕροις</span> <span class='ocrx_word' id='word_1_19' title='bbox 3006 603 3064 658; x_wconf 82' lang='grc' dir='ltr'>ἂν</span> <span class='ocrx_word' id='word_1_20' title='bbox 3117 603 3280 679; x_wconf 84' lang='grc' dir='ltr'>λόγον</span> <span class='ocrx_word' id='word_1_21' title='bbox 3337 606 3435 673; x_wconf 81' lang='grc' dir='ltr'>τῆς</span> <span class='ocrx_word' id='word_1_22' title='bbox 3497 605 3660 679; x_wconf 81' lang='grc' dir='ltr'>ὑπερ..</span> 
     </span>
    </p>
   </div>
   <div class='ocr_carea' id='block_1_5' title="bbox 259 687 3666 770">
    <p class='ocr_par' dir='ltr' id='par_1_5' title="bbox 259 687 3666 770">
     <span class='ocr_line' id='line_1_5' title="bbox 259 687 3666 770; baseline 0.001 -23"><span class='ocrx_word' id='word_1_23' title='bbox 259 699 418 768; x_wconf 77' lang='grc' dir='ltr'>οχῆς,</span> <span class='ocrx_word' id='word_1_24' title='bbox 469 691 515 762; x_wconf 79' lang='grc' dir='ltr'>ᾧ</span> <span class='ocrx_word' id='word_1_25' title='bbox 566 695 678 744; x_wconf 84' lang='grc' dir='ltr'><strong>τῶν</strong></span> <span class='ocrx_word' id='word_1_26' title='bbox 725 687 914 745; x_wconf 81' lang='grc' dir='ltr'>ἄλλων</span> <span class='ocrx_word' id='word_1_27' title='bbox 976 687 1285 767; x_wconf 74' lang='grc' dir='ltr'>διενήνοχεν</span> <span class='ocrx_word' id='word_1_28' title='bbox 1348 690 1548 747; x_wconf 80' lang='grc' dir='ltr'>ἀστέων</span> <span class='ocrx_word' id='word_1_29' title='bbox 1594 695 1630 762; x_wconf 79' lang='grc' dir='ltr'><strong>ἡ</strong></span> <span class='ocrx_word' id='word_1_30' title='bbox 1679 691 1864 764; x_wconf 82' lang='grc' dir='ltr'>πόλις,</span> <span class='ocrx_word' id='word_1_31' title='bbox 1925 690 2117 747; x_wconf 77' lang='grc' dir='ltr'>κάλλει</span> <span class='ocrx_word' id='word_1_32' title='bbox 2169 691 2226 747; x_wconf 76' lang='grc' dir='ltr'><strong>δὲ</strong></span> <span class='ocrx_word' id='word_1_33' title='bbox 2273 693 2397 748; x_wconf 83' lang='grc' dir='ltr'>ὅσον</span> <span class='ocrx_word' id='word_1_34' title='bbox 2465 690 2744 767; x_wconf 70' lang='grc' dir='ltr'>διήνεγκεν</span> <span class='ocrx_word' id='word_1_35' title='bbox 2818 692 3053 769; x_wconf 75' lang='grc' dir='ltr'>ἅῤῥητος</span> <span class='ocrx_word' id='word_1_36' title='bbox 3102 695 3130 747; x_wconf 89' lang='grc' dir='ltr'>ὁ</span> <span class='ocrx_word' id='word_1_37' title='bbox 3175 691 3360 770; x_wconf 84' lang='grc' dir='ltr'>λόγος,</span> <span class='ocrx_word' id='word_1_38' title='bbox 3408 693 3498 747; x_wconf 79' lang='grc' dir='ltr'><strong>καὶ</strong></span> <span class='ocrx_word' id='word_1_39' title='bbox 3573 693 3666 767; x_wconf 85' lang='grc' dir='ltr'>μέ-</span> 
     </span>
    </p>
   </div>
   <div class='ocr_carea' id='block_1_6' title="bbox 256 776 1878 856">
    <p class='ocr_par' dir='ltr' id='par_1_6' title="bbox 256 776 1878 856">
     <span class='ocr_line' id='line_1_6' title="bbox 256 776 1878 856; baseline 0.001 -21"><span class='ocrx_word' id='word_1_40' title='bbox 256 800 379 856; x_wconf 88' lang='grc' dir='ltr'>τρον</span> <span class='ocrx_word' id='word_1_41' title='bbox 408 779 509 834; x_wconf 69' lang='grc' dir='ltr'><strong>οὐκ</strong></span> <span class='ocrx_word' id='word_1_42' title='bbox 538 776 684 834; x_wconf 75' lang='grc' dir='ltr'>ἔστιν</span> <span class='ocrx_word' id='word_1_43' title='bbox 719 779 894 855; x_wconf 80' lang='grc' dir='ltr'>εὑρεῖν</span> <span class='ocrx_word' id='word_1_44' title='bbox 926 776 1038 834; x_wconf 76' lang='grc' dir='ltr'>οὐδ’</span> <span class='ocrx_word' id='word_1_45' title='bbox 1067 779 1294 855; x_wconf 83' lang='grc' dir='ltr'>ἀριθμὸν</span> <span class='ocrx_word' id='word_1_46' title='bbox 1323 786 1423 849; x_wconf 81' lang='grc' dir='ltr'>τῆς</span> <span class='ocrx_word' id='word_1_47' title='bbox 1459 780 1756 854; x_wconf 83' lang='grc' dir='ltr'><strong>μεσότητος</strong></span> 
     </span>
    </p>
   </div>
   <div class='ocr_carea' id='block_1_7' title="bbox 328 876 1934 955">
    <p class='ocr_par' dir='ltr' id='par_1_7' title="bbox 328 876 1906 951">
     <span class='ocr_line' id='line_1_7' title="bbox 328 876 1906 951; baseline -0.002 -17"><span class='ocrx_word' id='word_1_48' title='bbox 328 877 485 936; x_wconf 82' lang='grc' dir='ltr'>Ἀλλ’</span> <span class='ocrx_word' id='word_1_49' title='bbox 515 881 553 946; x_wconf 81' lang='grc' dir='ltr'>ἡ</span> <span class='ocrx_word' id='word_1_50' title='bbox 589 877 689 950; x_wconf 75' lang='grc' dir='ltr'><strong>μὲν</strong></span> <span class='ocrx_word' id='word_1_51' title='bbox 740 877 938 951; x_wconf 75' lang='grc' dir='ltr'>πατρὶς</span> <span class='ocrx_word' id='word_1_52' title='bbox 983 880 1080 931; x_wconf 78' lang='grc' dir='ltr'>τοῦ</span> <span class='ocrx_word' id='word_1_53' title='bbox 1132 876 1400 950; x_wconf 85' lang='grc' dir='ltr'>βασιλέως</span> <span class='ocrx_word' id='word_1_54' title='bbox 1448 878 1611 940; x_wconf 80' lang='grc' dir='ltr'>πόλις</span> <span class='ocrx_word' id='word_1_55' title='bbox 1660 877 1906 948; x_wconf 79' lang='grc' dir='ltr'>τοιαύτη,</span> 
     </span>
    </p>
   </div>
   <div class='ocr_carea' id='block_1_8' title="bbox 2043 876 3670 955">
    <p class='ocr_par' dir='ltr' id='par_1_8' title="bbox 2092 880 3670 955">
     <span class='ocr_line' id='line_1_8' title="bbox 2092 880 3670 955; baseline 0.003 -19"><span class='ocrx_word' id='word_1_56' title='bbox 2092 882 2164 937; x_wconf 89' lang='lat' dir='ltr'><strong>At</strong></span> <span class='ocrx_word' id='word_1_57' title='bbox 2194 880 2382 952; x_wconf 90' lang='lat' dir='ltr'><strong>patria</strong></span> <span class='ocrx_word' id='word_1_58' title='bbox 2412 880 2565 952; x_wconf 88' lang='lat' dir='ltr'><strong>regis</strong></span> <span class='ocrx_word' id='word_1_59' title='bbox 2596 885 2686 937; x_wconf 91' lang='lat' dir='ltr'><strong>est</strong></span> <span class='ocrx_word' id='word_1_60' title='bbox 2727 881 2841 936; x_wconf 88' lang='lat' dir='ltr'><strong>ista</strong></span> <span class='ocrx_word' id='word_1_61' title='bbox 2888 880 3115 952; x_wconf 86' lang='lat' dir='ltr'><strong>civitas,</strong></span> <span class='ocrx_word' id='word_1_62' title='bbox 3147 885 3203 936; x_wconf 86' lang='lat' dir='ltr'><strong>et</strong></span> <span class='ocrx_word' id='word_1_63' title='bbox 3232 881 3405 937; x_wconf 87' lang='lat' dir='ltr'><strong>omisi</strong></span> <span class='ocrx_word' id='word_1_64' title='bbox 3454 899 3670 955; x_wconf 86' lang='lat' dir='ltr'><strong>magna</strong></span> 
     </span>
    </p>
   </div>
   <div class='ocr_carea' id='block_1_9' title="bbox 267 963 1910 1043">
    <p class='ocr_par' dir='ltr' id='par_1_9' title="bbox 267 963 1910 1043">
     <span class='ocr_line' id='line_1_9' title="bbox 267 963 1910 1043; baseline -0.001 -19"><span class='ocrx_word' id='word_1_65' title='bbox 267 970 355 1024; x_wconf 76' lang='grc' dir='ltr'><strong>καὶ</strong></span> <span class='ocrx_word' id='word_1_66' title='bbox 395 965 692 1023; x_wconf 80' lang='grc' dir='ltr'>κατέλιπον</span> <span class='ocrx_word' id='word_1_67' title='bbox 750 967 819 1022; x_wconf 80' lang='grc' dir='ltr'>τὰ</span> <span class='ocrx_word' id='word_1_68' title='bbox 877 963 1090 1041; x_wconf 82' lang='grc' dir='ltr'>μεγάλα</span> <span class='ocrx_word' id='word_1_69' title='bbox 1142 966 1344 1035; x_wconf 83' lang='grc' dir='ltr'>ταύτης</span> <span class='ocrx_word' id='word_1_70' title='bbox 1398 966 1766 1043; x_wconf 81' lang='grc' dir='ltr'><strong>γνωρίσματα,</strong></span> <span class='ocrx_word' id='word_1_71' title='bbox 1825 966 1910 1022; x_wconf 82' lang='grc' dir='ltr'>εύ-</span> 
     </span>
    </p>
   </div>
   <div class='ocr_carea' id='block_1_10' title="bbox 274 1052 1909 1134">
    <p class='ocr_par' dir='ltr' id='par_1_10' title="bbox 274 1052 1909 1134">
     <span class='ocr_line' id='line_1_10' title="bbox 274 1052 1909 1134; baseline -0.002 -19"><span class='ocrx_word' id='word_1_72' title='bbox 274 1053 472 1115; x_wconf 71' lang='grc' dir='ltr'>σέῧειαν</span> <span class='ocrx_word' id='word_1_73' title='bbox 536 1056 874 1133; x_wconf 78' lang='grc' dir='ltr'>οἰκητόρων,</span> <span class='ocrx_word' id='word_1_74' title='bbox 946 1054 1218 1128; x_wconf 76' lang='grc' dir='ltr'>εὐνομίαν,</span> <span class='ocrx_word' id='word_1_75' title='bbox 1286 1052 1648 1128; x_wconf 80' lang='grc' dir='ltr'>δικαιοσύνην,</span> <span class='ocrx_word' id='word_1_76' title='bbox 1717 1054 1909 1134; x_wconf 83' lang='grc' dir='ltr'>φιλαν-</span> 
     </span>
    </p>
   </div>
   <div class='ocr_carea' id='block_1_11' title="bbox 278 1141 1914 1223">
    <p class='ocr_par' dir='ltr' id='par_1_11' title="bbox 278 1141 1914 1223">
     <span class='ocr_line' id='line_1_11' title="bbox 278 1141 1914 1223; baseline -0.001 -21"><span class='ocrx_word' id='word_1_77' title='bbox 278 1147 532 1223; x_wconf 72' lang='grc' dir='ltr'>θρωπίαν,</span> <span class='ocrx_word' id='word_1_78' title='bbox 562 1143 811 1222; x_wconf 82' lang='grc' dir='ltr'>ἀνδρίαν,</span> <span class='ocrx_word' id='word_1_79' title='bbox 854 1142 1034 1201; x_wconf 74' lang='grc' dir='ltr'>τᾶλλα</span> <span class='ocrx_word' id='word_1_80' title='bbox 1077 1143 1128 1215; x_wconf 81' lang='grc' dir='ltr'><strong>ἐξ</strong></span> <span class='ocrx_word' id='word_1_81' title='bbox 1173 1145 1246 1199; x_wconf 81' lang='grc' dir='ltr'>ὧν</span> <span class='ocrx_word' id='word_1_82' title='bbox 1307 1141 1529 1208; x_wconf 78' lang='grc' dir='ltr'>δικαίως</span> <span class='ocrx_word' id='word_1_83' title='bbox 1572 1146 1661 1201; x_wconf 83' lang='grc' dir='ltr'><strong>καὶ</strong></span> <span class='ocrx_word' id='word_1_84' title='bbox 1708 1145 1771 1201; x_wconf 80' lang='grc' dir='ltr'>τὸ</span> <span class='ocrx_word' id='word_1_85' title='bbox 1814 1148 1914 1216; x_wconf 72' lang='grc' dir='ltr'>τῆς</span> 
     </span>
    </p>
   </div>
   <div class='ocr_carea' id='block_1_12' title="bbox 276 1231 1913 1311">
    <p class='ocr_par' dir='ltr' id='par_1_12' title="bbox 276 1231 1913 1311">
     <span class='ocr_line' id='line_1_12' title="bbox 276 1231 1913 1311; baseline -0.001 -21"><span class='ocrx_word' id='word_1_86' title='bbox 276 1235 596 1309; x_wconf 69' lang='grc' dir='ltr'>οἰκουμένης</span> <span class='ocrx_word' id='word_1_87' title='bbox 631 1234 940 1303; x_wconf 80' lang='grc' dir='ltr'>ἀνεζώσατο</span> <span class='ocrx_word' id='word_1_88' title='bbox 993 1233 1209 1307; x_wconf 57' lang='grc' dir='ltr'>κράτος</span> <span class='ocrx_word' id='word_1_89' title='bbox 1258 1233 1322 1288; x_wconf 88' lang='grc' dir='ltr'>τὸ</span> <span class='ocrx_word' id='word_1_90' title='bbox 1376 1231 1433 1288; x_wconf 78' lang='grc' dir='ltr'><strong>δὲ</strong></span> <span class='ocrx_word' id='word_1_91' title='bbox 1484 1233 1634 1311; x_wconf 80' lang='grc' dir='ltr'>γένος</span> <span class='ocrx_word' id='word_1_92' title='bbox 1682 1235 1913 1305; x_wconf 70' lang='grc' dir='ltr'>ὁποῖον,</span> 
     </span>
    </p>
   </div>
   <div class='ocr_carea' id='block_1_13' title="bbox 266 1320 1913 1398">
    <p class='ocr_par' dir='ltr' id='par_1_13' title="bbox 266 1320 1913 1398">
     <span class='ocr_line' id='line_1_13' title="bbox 266 1320 1913 1398; baseline -0.001 -19"><span class='ocrx_word' id='word_1_93' title='bbox 266 1325 331 1379; x_wconf 82' lang='grc' dir='ltr'>τὸ</span> <span class='ocrx_word' id='word_1_94' title='bbox 382 1321 784 1396; x_wconf 73' lang='grc' dir='ltr'>ἐπισημότατον</span> <span class='ocrx_word' id='word_1_95' title='bbox 815 1320 1093 1392; x_wconf 75' lang='grc' dir='ltr'>Ἑλλήνων</span> <span class='ocrx_word' id='word_1_96' title='bbox 1141 1321 1230 1376; x_wconf 82' lang='grc' dir='ltr'><strong>καὶ</strong></span> <span class='ocrx_word' id='word_1_97' title='bbox 1268 1322 1553 1396; x_wconf 83' lang='grc' dir='ltr'>Ῥωμαίων</span> <span class='ocrx_word' id='word_1_98' title='bbox 1609 1327 1717 1378; x_wconf 88' lang='grc' dir='ltr'><strong>τῶν</strong></span> <span class='ocrx_word' id='word_1_99' title='bbox 1760 1320 1913 1398; x_wconf 79' lang='grc' dir='ltr'>τῇδε,</span> 
     </span>
    </p>
   </div>
   <div class='ocr_carea' id='block_1_14' title="bbox 270 1407 1919 1487">
    <p class='ocr_par' dir='ltr' id='par_1_14' title="bbox 270 1407 1919 1487">
     <span class='ocr_line' id='line_1_14' title="bbox 270 1407 1919 1487; baseline -0.002 -20"><span class='ocrx_word' id='word_1_100' title='bbox 270 1414 300 1467; x_wconf 86' lang='grc' dir='ltr'><strong>’ὀ</strong></span> <span class='ocrx_word' id='word_1_101' title='bbox 326 1412 415 1467; x_wconf 77' lang='grc' dir='ltr'><strong>καὶ</strong></span> <span class='ocrx_word' id='word_1_102' title='bbox 458 1411 538 1474; x_wconf 76' lang='grc' dir='ltr'>εἷς</span> <span class='ocrx_word' id='word_1_103' title='bbox 585 1410 799 1484; x_wconf 78' lang='grc' dir='ltr'>κόσμου</span> <span class='ocrx_word' id='word_1_104' title='bbox 829 1411 1143 1486; x_wconf 81' lang='grc' dir='ltr'>προσθήκην</span> <span class='ocrx_word' id='word_1_105' title='bbox 1196 1410 1284 1466; x_wconf 89' lang='grc' dir='ltr'><strong>καὶ</strong></span> <span class='ocrx_word' id='word_1_106' title='bbox 1327 1408 1690 1487; x_wconf 83' lang='grc' dir='ltr'>λαμπρότητα</span> <span class='ocrx_word' id='word_1_107' title='bbox 1734 1407 1919 1487; x_wconf 82' lang='grc' dir='ltr'>γέγονε</span> 
     </span>
    </p>
   </div>
   <div class='ocr_carea' id='block_1_15' title="bbox 265 1496 1916 1579">
    <p class='ocr_par' dir='ltr' id='par_1_15' title="bbox 265 1496 1916 1579">
     <span class='ocr_line' id='line_1_15' title="bbox 265 1496 1916 1579; baseline 0.001 -25"><span class='ocrx_word' id='word_1_108' title='bbox 265 1505 331 1575; x_wconf 72' lang='grc' dir='ltr'>τῇ</span> <span class='ocrx_word' id='word_1_109' title='bbox 360 1496 608 1576; x_wconf 83' lang='grc' dir='ltr'>πατρίδι,</span> <span class='ocrx_word' id='word_1_110' title='bbox 642 1497 799 1569; x_wconf 79' lang='grc' dir='ltr'>αὗξον</span> <span class='ocrx_word' id='word_1_111' title='bbox 832 1499 956 1572; x_wconf 84' lang='grc' dir='ltr'>παρ’</span> <span class='ocrx_word' id='word_1_112' title='bbox 986 1498 1178 1553; x_wconf 70' lang='grc' dir='ltr'>ἑαυτοῦ</span> <span class='ocrx_word' id='word_1_113' title='bbox 1214 1499 1311 1561; x_wconf 75' lang='grc' dir='ltr'>τὰς</span> <span class='ocrx_word' id='word_1_114' title='bbox 1350 1498 1518 1570; x_wconf 77' lang='grc' dir='ltr'>αὐτῆς</span> <span class='ocrx_word' id='word_1_115' title='bbox 1577 1497 1916 1579; x_wconf 75' lang='grc' dir='ltr'>φιλοτιμίας,</span> 
     </span>
    </p>
   </div>
   <div class='ocr_carea' id='block_1_16' title="bbox 264 1582 1916 1665">
    <p class='ocr_par' dir='ltr' id='par_1_16' title="bbox 264 1582 1916 1665">
     <span class='ocr_line' id='line_1_16' title="bbox 264 1582 1916 1665; baseline -0.001 -20"><span class='ocrx_word' id='word_1_116' title='bbox 264 1588 392 1645; x_wconf 80' lang='grc' dir='ltr'>ἀλλ’</span> <span class='ocrx_word' id='word_1_117' title='bbox 421 1588 553 1665; x_wconf 73' lang='grc' dir='ltr'>οὐχ,</span> <span class='ocrx_word' id='word_1_118' title='bbox 584 1589 616 1642; x_wconf 78' lang='grc' dir='ltr'><strong>’ὁ</strong></span> <span class='ocrx_word' id='word_1_119' title='bbox 643 1593 761 1649; x_wconf 89' lang='grc' dir='ltr'>τοῖς</span> <span class='ocrx_word' id='word_1_120' title='bbox 791 1585 988 1648; x_wconf 83' lang='grc' dir='ltr'>ἄλλοις</span> <span class='ocrx_word' id='word_1_121' title='bbox 1028 1582 1322 1656; x_wconf 76' lang='grc' dir='ltr'>συνέϐαινε,</span> <span class='ocrx_word' id='word_1_122' title='bbox 1348 1593 1466 1649; x_wconf 88' lang='grc' dir='ltr'>τοῖς</span> <span class='ocrx_word' id='word_1_123' title='bbox 1521 1594 1624 1658; x_wconf 81' lang='grc' dir='ltr'>τῆς</span> <span class='ocrx_word' id='word_1_124' title='bbox 1673 1588 1916 1665; x_wconf 82' lang='grc' dir='ltr'>ἐνεγκού-</span> 
     </span>
    </p>
   </div>
   <div class='ocr_carea' id='block_1_17' title="bbox 267 1675 1921 1754">
    <p class='ocr_par' dir='ltr' id='par_1_17' title="bbox 267 1675 1921 1754">
     <span class='ocr_line' id='line_1_17' title="bbox 267 1675 1921 1754; baseline 0.001 -23"><span class='ocrx_word' id='word_1_125' title='bbox 267 1699 366 1749; x_wconf 84' lang='grc' dir='ltr'><strong>σης</strong></span> <span class='ocrx_word' id='word_1_126' title='bbox 432 1675 911 1749; x_wconf 75' lang='grc' dir='ltr'>πλεονεκτήμασιν</span> <span class='ocrx_word' id='word_1_127' title='bbox 963 1675 1038 1738; x_wconf 72' lang='grc' dir='ltr'><strong>εἷς</strong></span> <span class='ocrx_word' id='word_1_128' title='bbox 1104 1675 1306 1731; x_wconf 67' lang='grc' dir='ltr'>οἰκείαν</span> <span class='ocrx_word' id='word_1_129' title='bbox 1372 1675 1689 1754; x_wconf 79' lang='grc' dir='ltr'>φιλοτιμίαν</span> <span class='ocrx_word' id='word_1_130' title='bbox 1751 1697 1921 1752; x_wconf 85' lang='grc' dir='ltr'>προσ-</span> 
     </span>
    </p>
   </div>
   <div class='ocr_carea' id='block_1_18' title="bbox 269 1764 1921 1844">
    <p class='ocr_par' dir='ltr' id='par_1_18' title="bbox 269 1764 1921 1844">
     <span class='ocr_line' id='line_1_18' title="bbox 269 1764 1921 1844; baseline 0 -23"><span class='ocrx_word' id='word_1_131' title='bbox 269 1768 586 1844; x_wconf 81' lang='grc' dir='ltr'>χρώμενον.</span> <span class='ocrx_word' id='word_1_132' title='bbox 638 1766 713 1820; x_wconf 83' lang='grc' dir='ltr'><strong>Τὰ</strong></span> <span class='ocrx_word' id='word_1_133' title='bbox 763 1766 857 1838; x_wconf 75' lang='grc' dir='ltr'>μὲν</span> <span class='ocrx_word' id='word_1_134' title='bbox 905 1766 1007 1841; x_wconf 80' lang='grc' dir='ltr'>γὰρ</span> <span class='ocrx_word' id='word_1_135' title='bbox 1055 1765 1318 1841; x_wconf 87' lang='grc' dir='ltr'>πατρόθεν</span> <span class='ocrx_word' id='word_1_136' title='bbox 1363 1764 1740 1842; x_wconf 85' lang='grc' dir='ltr'>Ιιαλαιολόγοι</span> <span class='ocrx_word' id='word_1_137' title='bbox 1787 1765 1921 1840; x_wconf 83' lang='grc' dir='ltr'>πρό-</span> 
     </span>
    </p>
   </div>
   <div class='ocr_carea' id='block_1_19' title="bbox 268 1849 1918 1932">
    <p class='ocr_par' dir='ltr' id='par_1_19' title="bbox 268 1849 1918 1932">
     <span class='ocr_line' id='line_1_19' title="bbox 268 1849 1918 1932; baseline -0.001 -21"><span class='ocrx_word' id='word_1_138' title='bbox 268 1876 420 1932; x_wconf 85' lang='grc' dir='ltr'>γονοι</span> <span class='ocrx_word' id='word_1_139' title='bbox 471 1859 557 1927; x_wconf 81' lang='grc' dir='ltr'>τῷ</span> <span class='ocrx_word' id='word_1_140' title='bbox 602 1852 838 1931; x_wconf 86' lang='grc' dir='ltr'>βασιλεῖ,</span> <span class='ocrx_word' id='word_1_141' title='bbox 887 1855 1043 1928; x_wconf 86' lang='grc' dir='ltr'>γένος</span> <span class='ocrx_word' id='word_1_142' title='bbox 1092 1853 1181 1909; x_wconf 82' lang='grc' dir='ltr'><strong>καὶ</strong></span> <span class='ocrx_word' id='word_1_143' title='bbox 1243 1859 1322 1926; x_wconf 81' lang='grc' dir='ltr'>τῷ</span> <span class='ocrx_word' id='word_1_144' title='bbox 1367 1859 1482 1926; x_wconf 86' lang='grc' dir='ltr'><strong>Θεῷ</strong></span> <span class='ocrx_word' id='word_1_145' title='bbox 1525 1851 1595 1910; x_wconf 86' lang='grc' dir='ltr'>δι’</span> <span class='ocrx_word' id='word_1_146' title='bbox 1651 1849 1918 1910; x_wconf 76' lang='grc' dir='ltr'>ἐύσέϐειαν</span> 
     </span>
    </p>
   </div>
   <div class='ocr_carea' id='block_1_20' title="bbox 268 1942 1921 2022">
    <p class='ocr_par' dir='ltr' id='par_1_20' title="bbox 268 1942 1921 2022">
     <span class='ocr_line' id='line_1_20' title="bbox 268 1942 1921 2022; baseline -0.001 -23"><span class='ocrx_word' id='word_1_147' title='bbox 268 1945 356 1999; x_wconf 87' lang='grc' dir='ltr'><strong>καί</strong></span> <span class='ocrx_word' id='word_1_148' title='bbox 413 1945 519 2014; x_wconf 77' lang='grc' dir='ltr'><strong>τήν</strong></span> <span class='ocrx_word' id='word_1_149' title='bbox 574 1942 753 2014; x_wconf 79' lang='grc' dir='ltr'>ἀλλην</span> <span class='ocrx_word' id='word_1_150' title='bbox 810 1942 1067 1998; x_wconf 84' lang='grc' dir='ltr'>παντοίαν</span> <span class='ocrx_word' id='word_1_151' title='bbox 1141 1942 1337 2019; x_wconf 72' lang='grc' dir='ltr'>ἀρετὴν</span> <span class='ocrx_word' id='word_1_152' title='bbox 1409 1943 1777 2022; x_wconf 82' lang='grc' dir='ltr'>ἀνακείμενον,</span> <span class='ocrx_word' id='word_1_153' title='bbox 1832 1944 1921 1999; x_wconf 86' lang='grc' dir='ltr'><strong>καὶ</strong></span> 
     </span>
    </p>
   </div>
   <div class='ocr_carea' id='block_1_21' title="bbox 269 2028 1922 2108">
    <p class='ocr_par' dir='ltr' id='par_1_21' title="bbox 269 2028 1922 2108">
     <span class='ocr_line' id='line_1_21' title="bbox 269 2028 1922 2108; baseline 0 -21"><span class='ocrx_word' id='word_1_154' title='bbox 269 2031 519 2108; x_wconf 78' lang='grc' dir='ltr'>ἡρωϊκὸν</span> <span class='ocrx_word' id='word_1_155' title='bbox 570 2028 759 2093; x_wconf 69' lang='grc' dir='ltr'>ἄλλως</span> <span class='ocrx_word' id='word_1_156' title='bbox 834 2030 925 2085; x_wconf 88' lang='grc' dir='ltr'><strong>καὶ</strong></span> <span class='ocrx_word' id='word_1_157' title='bbox 983 2028 1218 2108; x_wconf 78' lang='grc' dir='ltr'>ἀρεϊκὸν,</span> <span class='ocrx_word' id='word_1_158' title='bbox 1278 2029 1491 2107; x_wconf 84' lang='grc' dir='ltr'>μεγάλα</span> <span class='ocrx_word' id='word_1_159' title='bbox 1544 2032 1922 2108; x_wconf 84' lang='grc' dir='ltr'>γενναιότητος</span> 
     </span>
    </p>
   </div>
   <div class='ocr_carea' id='block_1_22' title="bbox 273 2117 1925 2197">
    <p class='ocr_par' dir='ltr' id='par_1_22' title="bbox 273 2117 1925 2197">
     <span class='ocr_line' id='line_1_22' title="bbox 273 2117 1925 2197; baseline 0 -22"><span class='ocrx_word' id='word_1_160' title='bbox 273 2118 543 2197; x_wconf 76' lang='grc' dir='ltr'>δείγματα</span> <span class='ocrx_word' id='word_1_161' title='bbox 588 2117 643 2174; x_wconf 84' lang='grc' dir='ltr'>ἔν</span> <span class='ocrx_word' id='word_1_162' title='bbox 690 2139 749 2174; x_wconf 88' lang='grc' dir='ltr'><strong>τε</strong></span> <span class='ocrx_word' id='word_1_163' title='bbox 794 2117 1122 2192; x_wconf 84' lang='grc' dir='ltr'>πολεμικοῖς</span> <span class='ocrx_word' id='word_1_164' title='bbox 1171 2120 1342 2195; x_wconf 87' lang='grc' dir='ltr'>ἀγῶσι</span> <span class='ocrx_word' id='word_1_165' title='bbox 1390 2118 1479 2179; x_wconf 85' lang='grc' dir='ltr'>καί</span> <span class='ocrx_word' id='word_1_166' title='bbox 1518 2121 1785 2193; x_wconf 88' lang='grc' dir='ltr'>παντὶτῷ</span> <span class='ocrx_word' id='word_1_167' title='bbox 1825 2141 1925 2175; x_wconf 88' lang='grc' dir='ltr'>πα-</span> 
     </span>
    </p>
   </div>
   <div class='ocr_carea' id='block_1_23' title="bbox 274 2206 1926 2286">
    <p class='ocr_par' dir='ltr' id='par_1_23' title="bbox 274 2206 1926 2286">
     <span class='ocr_line' id='line_1_23' title="bbox 274 2206 1926 2286; baseline -0.001 -21"><span class='ocrx_word' id='word_1_168' title='bbox 274 2213 508 2286; x_wconf 84' lang='grc' dir='ltr'>ρεστῶτι</span> <span class='ocrx_word' id='word_1_169' title='bbox 546 2207 838 2285; x_wconf 80' lang='grc' dir='ltr'>ἐξενεγκόν’</span> <span class='ocrx_word' id='word_1_170' title='bbox 884 2210 952 2264; x_wconf 75' lang='grc' dir='ltr'>τὰ</span> <span class='ocrx_word' id='word_1_171' title='bbox 999 2206 1045 2263; x_wconf 72' lang='grc' dir='ltr'>δ’</span> <span class='ocrx_word' id='word_1_172' title='bbox 1089 2209 1149 2264; x_wconf 88' lang='grc' dir='ltr'><strong>ἐκ</strong></span> <span class='ocrx_word' id='word_1_173' title='bbox 1198 2209 1407 2285; x_wconf 86' lang='grc' dir='ltr'>μητρὸς</span> <span class='ocrx_word' id='word_1_174' title='bbox 1456 2208 1534 2271; x_wconf 80' lang='grc' dir='ltr'>εἷς</span> <span class='ocrx_word' id='word_1_175' title='bbox 1568 2208 1771 2271; x_wconf 90' lang='grc' dir='ltr'>Δούκας</span> <span class='ocrx_word' id='word_1_176' title='bbox 1804 2210 1926 2264; x_wconf 89' lang='grc' dir='ltr'>ἀνα-</span> 
     </span>
    </p>
   </div>
   <div class='ocr_carea' id='block_1_24' title="bbox 274 2295 1925 2376">
    <p class='ocr_par' dir='ltr' id='par_1_24' title="bbox 274 2295 1925 2376">
     <span class='ocr_line' id='line_1_24' title="bbox 274 2295 1925 2376; baseline -0.001 -23"><span class='ocrx_word' id='word_1_177' title='bbox 274 2299 425 2376; x_wconf 68' lang='grc' dir='ltr'>φέρει</span> <span class='ocrx_word' id='word_1_178' title='bbox 455 2298 523 2353; x_wconf 85' lang='grc' dir='ltr'>τὸ</span> <span class='ocrx_word' id='word_1_179' title='bbox 551 2296 699 2373; x_wconf 86' lang='grc' dir='ltr'>γένος</span> <span class='ocrx_word' id='word_1_180' title='bbox 729 2299 825 2372; x_wconf 79' lang='grc'><strong>(4),</strong></span> <span class='ocrx_word' id='word_1_181' title='bbox 857 2296 909 2368; x_wconf 80' lang='grc' dir='ltr'>ἐξ</span> <span class='ocrx_word' id='word_1_182' title='bbox 939 2298 1013 2353; x_wconf 81' lang='grc' dir='ltr'>ὧν</span> <span class='ocrx_word' id='word_1_183' title='bbox 1056 2297 1142 2352; x_wconf 79' lang='grc' dir='ltr'><strong>καὶ</strong></span> <span class='ocrx_word' id='word_1_184' title='bbox 1192 2295 1435 2373; x_wconf 87' lang='grc' dir='ltr'>βασιλεῖς</span> <span class='ocrx_word' id='word_1_185' title='bbox 1482 2296 1568 2367; x_wconf 61' lang='grc' dir='ltr'><strong>καί</strong></span> <span class='ocrx_word' id='word_1_186' title='bbox 1619 2299 1669 2352; x_wconf 78' lang='grc' dir='ltr'>οἱ</span> <span class='ocrx_word' id='word_1_187' title='bbox 1715 2298 1782 2352; x_wconf 79' lang='grc' dir='ltr'>τὰ</span> <span class='ocrx_word' id='word_1_188' title='bbox 1832 2319 1925 2372; x_wconf 88' lang='grc' dir='ltr'>με-</span> 
     </span>
    </p>
   </div>
   <div class='ocr_carea' id='block_1_25' title="bbox 270 2383 1924 2463">
    <p class='ocr_par' dir='ltr' id='par_1_25' title="bbox 270 2383 1924 2463">
     <span class='ocr_line' id='line_1_25' title="bbox 270 2383 1924 2463; baseline 0 -21"><span class='ocrx_word' id='word_1_189' title='bbox 270 2386 419 2463; x_wconf 70' lang='grc' dir='ltr'>γάλα</span> <span class='ocrx_word' id='word_1_190' title='bbox 480 2386 634 2461; x_wconf 83' lang='grc' dir='ltr'>παρὰ</span> <span class='ocrx_word' id='word_1_191' title='bbox 710 2384 974 2461; x_wconf 86' lang='grc' dir='ltr'>βασιλέων</span> <span class='ocrx_word' id='word_1_192' title='bbox 1047 2383 1360 2455; x_wconf 72' lang='grc' dir='ltr'>δυνηθέντες</span> <span class='ocrx_word' id='word_1_193' title='bbox 1432 2384 1777 2462; x_wconf 88' lang='grc' dir='ltr'>προήλθοσαν</span> 
     </span>
    </p>
   </div>
   <div class='ocr_carea' id='block_1_26' title="bbox 270 2472 1927 2551">
    <p class='ocr_par' dir='ltr' id='par_1_26' title="bbox 270 2472 1927 2551">
     <span class='ocr_line' id='line_1_26' title="bbox 270 2472 1927 2551; baseline -0.002 -20"><span class='ocrx_word' id='word_1_194' title='bbox 270 2476 438 2538; x_wconf 72' lang='grc' dir='ltr'>αὐτὸς</span> <span class='ocrx_word' id='word_1_195' title='bbox 489 2472 541 2530; x_wconf 82' lang='grc' dir='ltr'>δ’</span> <span class='ocrx_word' id='word_1_196' title='bbox 590 2476 619 2530; x_wconf 81' lang='grc' dir='ltr'>ὁ</span> <span class='ocrx_word' id='word_1_197' title='bbox 668 2476 849 2551; x_wconf 77' lang='grc' dir='ltr'>πατὴρ</span> <span class='ocrx_word' id='word_1_198' title='bbox 899 2472 1174 2550; x_wconf 72' lang='grc' dir='ltr'>βασιλεὺς,</span> <span class='ocrx_word' id='word_1_199' title='bbox 1212 2474 1303 2529; x_wconf 86' lang='grc' dir='ltr'><strong>καὶ</strong></span> <span class='ocrx_word' id='word_1_200' title='bbox 1341 2474 1609 2549; x_wconf 87' lang='grc' dir='ltr'>βασιλέων</span> <span class='ocrx_word' id='word_1_201' title='bbox 1656 2477 1720 2530; x_wconf 90' lang='grc' dir='ltr'>τὸ</span> <span class='ocrx_word' id='word_1_202' title='bbox 1772 2474 1927 2551; x_wconf 87' lang='grc' dir='ltr'>μέγι-</span> 
     </span>
    </p>
   </div>
   <div class='ocr_carea' id='block_1_27' title="bbox 272 2557 1931 2640">
    <p class='ocr_par' dir='ltr' id='par_1_27' title="bbox 272 2557 1931 2640">
     <span class='ocr_line' id='line_1_27' title="bbox 272 2557 1931 2640; baseline -0.002 -20"><span class='ocrx_word' id='word_1_203' title='bbox 272 2586 406 2620; x_wconf 85' lang='grc' dir='ltr'>στον</span> <span class='ocrx_word' id='word_1_204' title='bbox 443 2561 644 2638; x_wconf 73' lang='grc' dir='ltr'>ὄνομα,</span> <span class='ocrx_word' id='word_1_205' title='bbox 671 2564 821 2619; x_wconf 80' lang='grc' dir='ltr'>τοῦτ’</span> <span class='ocrx_word' id='word_1_206' title='bbox 853 2563 986 2619; x_wconf 78' lang='grc' dir='ltr'>εἶναι</span> <span class='ocrx_word' id='word_1_207' title='bbox 1033 2557 1216 2619; x_wconf 75' lang='grc' dir='ltr'>λαϐὼν</span> <span class='ocrx_word' id='word_1_208' title='bbox 1264 2562 1369 2617; x_wconf 86' lang='grc' dir='ltr'><strong>κάκ</strong></span> <span class='ocrx_word' id='word_1_209' title='bbox 1412 2568 1519 2618; x_wconf 89' lang='grc' dir='ltr'><strong>τῶν</strong></span> <span class='ocrx_word' id='word_1_210' title='bbox 1566 2562 1863 2640; x_wconf 86' lang='grc' dir='ltr'>τροπαίων,</span> <span class='ocrx_word' id='word_1_211' title='bbox 1896 2562 1931 2617; x_wconf 73' lang='grc' dir='ltr'>ἃ</span> 
     </span>
    </p>
   </div>
   <div class='ocr_carea' id='block_1_28' title="bbox 270 2650 1929 2728">
    <p class='ocr_par' dir='ltr' id='par_1_28' title="bbox 270 2650 1929 2728">
     <span class='ocr_line' id='line_1_28' title="bbox 270 2650 1929 2728; baseline -0.002 -19"><span class='ocrx_word' id='word_1_212' title='bbox 270 2652 467 2709; x_wconf 78' lang='grc' dir='ltr'>πολλὰ</span> <span class='ocrx_word' id='word_1_213' title='bbox 504 2654 596 2708; x_wconf 85' lang='grc' dir='ltr'><strong>καὶ</strong></span> <span class='ocrx_word' id='word_1_214' title='bbox 645 2650 860 2728; x_wconf 83' lang='grc' dir='ltr'>μεγάλα</span> <span class='ocrx_word' id='word_1_215' title='bbox 902 2652 1018 2707; x_wconf 82' lang='grc' dir='ltr'>κατ’</span> <span class='ocrx_word' id='word_1_216' title='bbox 1045 2650 1255 2728; x_wconf 78' lang='grc' dir='ltr'>ἐχθρῶν</span> <span class='ocrx_word' id='word_1_217' title='bbox 1303 2650 1585 2723; x_wconf 75' lang='grc' dir='ltr'>ἐστήσατο,</span> <span class='ocrx_word' id='word_1_218' title='bbox 1616 2651 1725 2727; x_wconf 84' lang='grc' dir='ltr'><strong>οὐχ</strong></span> <span class='ocrx_word' id='word_1_219' title='bbox 1766 2655 1929 2721; x_wconf 68' lang='grc' dir='ltr'>ἧττον</span> 
     </span>
    </p>
   </div>
   <div class='ocr_carea' id='block_1_29' title="bbox 275 2738 1930 2817">
    <p class='ocr_par' dir='ltr' id='par_1_29' title="bbox 275 2738 1930 2817">
     <span class='ocr_line' id='line_1_29' title="bbox 275 2738 1930 2817; baseline -0.002 -18"><span class='ocrx_word' id='word_1_220' title='bbox 275 2740 337 2799; x_wconf 70' lang='grc' dir='ltr'>δὲ</span> <span class='ocrx_word' id='word_1_221' title='bbox 383 2742 479 2798; x_wconf 84' lang='grc' dir='ltr'><strong>καὶ</strong></span> <span class='ocrx_word' id='word_1_222' title='bbox 550 2739 640 2796; x_wconf 86' lang='grc' dir='ltr'><strong>διά</strong></span> <span class='ocrx_word' id='word_1_223' title='bbox 683 2742 747 2796; x_wconf 85' lang='grc' dir='ltr'>τὸ</span> <span class='ocrx_word' id='word_1_224' title='bbox 803 2741 891 2796; x_wconf 87' lang='grc' dir='ltr'>σὸν</span> <span class='ocrx_word' id='word_1_225' title='bbox 954 2738 1112 2795; x_wconf 76' lang='grc' dir='ltr'>αὐτὸν</span> <span class='ocrx_word' id='word_1_226' title='bbox 1185 2739 1412 2815; x_wconf 80' lang='grc' dir='ltr'>ὑπάρξαι</span> <span class='ocrx_word' id='word_1_227' title='bbox 1472 2739 1709 2817; x_wconf 72' lang='grc' dir='ltr'>γενὲτην.</span> <span class='ocrx_word' id='word_1_228' title='bbox 1762 2744 1930 2795; x_wconf 78' lang='grc' dir='ltr'>Τοῦτο</span> 
     </span>
    </p>
   </div>
   <div class='ocr_carea' id='block_1_30' title="bbox 275 2826 1930 2908">
    <p class='ocr_par' dir='ltr' id='par_1_30' title="bbox 275 2826 1930 2908">
     <span class='ocr_line' id='line_1_30' title="bbox 275 2826 1930 2908; baseline -0.002 -21"><span class='ocrx_word' id='word_1_229' title='bbox 275 2833 384 2908; x_wconf 77' lang='grc' dir='ltr'>γὰρ</span> <span class='ocrx_word' id='word_1_230' title='bbox 418 2831 556 2907; x_wconf 71' lang='grc' dir='ltr'>ὑπὲρ</span> <span class='ocrx_word' id='word_1_231' title='bbox 584 2831 682 2899; x_wconf 76' lang='grc' dir='ltr'>τὴν</span> <span class='ocrx_word' id='word_1_232' title='bbox 728 2826 1002 2905; x_wconf 89' lang='grc' dir='ltr'>βασιλείαν</span> <span class='ocrx_word' id='word_1_233' title='bbox 1037 2828 1226 2900; x_wconf 78' lang='grc' dir='ltr'>αὐτὴν,</span> <span class='ocrx_word' id='word_1_234' title='bbox 1259 2829 1390 2905; x_wconf 80' lang='grc' dir='ltr'>ὑπὲρ</span> <span class='ocrx_word' id='word_1_235' title='bbox 1438 2830 1535 2891; x_wconf 74' lang='grc' dir='ltr'>τὰς</span> <span class='ocrx_word' id='word_1_236' title='bbox 1592 2828 1763 2901; x_wconf 90' lang='grc' dir='ltr'>νίκας,</span> <span class='ocrx_word' id='word_1_237' title='bbox 1799 2830 1930 2906; x_wconf 74' lang='grc' dir='ltr'>ὑπὲρ</span> 
     </span>
    </p>
   </div>
   <div class='ocr_carea' id='block_1_31' title="bbox 275 2914 1932 2995">
    <p class='ocr_par' dir='ltr' id='par_1_31' title="bbox 275 2914 1932 2995">
     <span class='ocr_line' id='line_1_31' title="bbox 275 2914 1932 2995; baseline -0.004 -18"><span class='ocrx_word' id='word_1_238' title='bbox 275 2928 383 2977; x_wconf 68' lang='grc' dir='ltr'>πᾶν</span> <span class='ocrx_word' id='word_1_239' title='bbox 441 2919 584 2995; x_wconf 85' lang='grc' dir='ltr'>μέγα</span> <span class='ocrx_word' id='word_1_240' title='bbox 628 2917 976 2995; x_wconf 88' lang='grc' dir='ltr'>κατόρθωμα,</span> <span class='ocrx_word' id='word_1_241' title='bbox 1010 2916 1279 2992; x_wconf 83' lang='grc' dir='ltr'>ἐπίσημον</span> <span class='ocrx_word' id='word_1_242' title='bbox 1333 2914 1517 2989; x_wconf 76' lang='grc' dir='ltr'>ἔδειξεο</span> <span class='ocrx_word' id='word_1_243' title='bbox 1559 2919 1647 2973; x_wconf 86' lang='grc' dir='ltr'>καὶ</span> <span class='ocrx_word' id='word_1_244' title='bbox 1693 2919 1793 2995; x_wconf 78' lang='grc' dir='ltr'>γὰρ</span> <span class='ocrx_word' id='word_1_245' title='bbox 1842 2917 1932 2973; x_wconf 83' lang='grc' dir='ltr'><strong>καὶ</strong></span> 
     </span>
    </p>
   </div>
   <div class='ocr_carea' id='block_1_32' title="bbox 279 3003 1935 3083">
    <p class='ocr_par' dir='ltr' id='par_1_32' title="bbox 279 3003 1935 3083">
     <span class='ocr_line' id='line_1_32' title="bbox 279 3003 1935 3083; baseline -0.002 -18"><span class='ocrx_word' id='word_1_246' title='bbox 279 3010 587 3076; x_wconf 76' lang='grc' dir='ltr'>Φίλιππος,</span> <span class='ocrx_word' id='word_1_247' title='bbox 617 3006 788 3083; x_wconf 84' lang='grc' dir='ltr'>μέγας</span> <span class='ocrx_word' id='word_1_248' title='bbox 838 3003 932 3078; x_wconf 75' lang='grc' dir='ltr'>ὢν,</span> <span class='ocrx_word' id='word_1_249' title='bbox 965 3003 1044 3062; x_wconf 82' lang='grc' dir='ltr'>ἔτι</span> <span class='ocrx_word' id='word_1_250' title='bbox 1094 3006 1292 3080; x_wconf 85' lang='grc' dir='ltr'>μείζων</span> <span class='ocrx_word' id='word_1_251' title='bbox 1341 3004 1408 3062; x_wconf 72' lang='grc' dir='ltr'>δι’</span> <span class='ocrx_word' id='word_1_252' title='bbox 1458 3005 1811 3081; x_wconf 79' lang='grc' dir='ltr'>Ἀλέξανδρον</span> <span class='ocrx_word' id='word_1_253' title='bbox 1848 3006 1935 3083; x_wconf 88' lang='grc' dir='ltr'>γέ-</span> 
     </span>
    </p>
   </div>
   <div class='ocr_carea' id='block_1_33' title="bbox 282 3094 1937 3175">
    <p class='ocr_par' dir='ltr' id='par_1_33' title="bbox 282 3094 1937 3175">
     <span class='ocr_line' id='line_1_33' title="bbox 282 3094 1937 3175; baseline -0.002 -21"><span class='ocrx_word' id='word_1_254' title='bbox 282 3118 436 3174; x_wconf 86' lang='grc' dir='ltr'>γονε.</span> <span class='ocrx_word' id='word_1_255' title='bbox 479 3100 650 3152; x_wconf 74' lang='grc' dir='ltr'>Τοῦτο</span> <span class='ocrx_word' id='word_1_256' title='bbox 699 3094 768 3164; x_wconf 75' lang='grc' dir='ltr'>δὴ</span> <span class='ocrx_word' id='word_1_257' title='bbox 813 3096 903 3151; x_wconf 83' lang='grc' dir='ltr'>καὶ</span> <span class='ocrx_word' id='word_1_258' title='bbox 951 3098 1275 3171; x_wconf 78' lang='grc' dir='ltr'>καυχήσεως</span> <span class='ocrx_word' id='word_1_259' title='bbox 1325 3095 1472 3168; x_wconf 86' lang='grc' dir='ltr'>αὐτῷ</span> <span class='ocrx_word' id='word_1_260' title='bbox 1519 3097 1705 3172; x_wconf 83' lang='grc' dir='ltr'>γέγονε</span> <span class='ocrx_word' id='word_1_261' title='bbox 1751 3097 1937 3175; x_wconf 80' lang='grc' dir='ltr'>στέφα-</span> 
     </span>
    </p>
   </div>
   <div class='ocr_carea' id='block_1_34' title="bbox 294 3179 1935 3259">
    <p class='ocr_par' dir='ltr' id='par_1_34' title="bbox 294 3179 1935 3259">
     <span class='ocr_line' id='line_1_34' title="bbox 294 3179 1935 3259; baseline -0.001 -17"><span class='ocrx_word' id='word_1_262' title='bbox 294 3207 416 3256; x_wconf 86' lang='grc' dir='ltr'>νος,</span> <span class='ocrx_word' id='word_1_263' title='bbox 455 3186 539 3241; x_wconf 77' lang='grc' dir='ltr'><strong>καὶ</strong></span> <span class='ocrx_word' id='word_1_264' title='bbox 604 3184 682 3247; x_wconf 83' lang='grc' dir='ltr'>εἰς</span> <span class='ocrx_word' id='word_1_265' title='bbox 747 3185 841 3240; x_wconf 87' lang='grc' dir='ltr'>τὸν</span> <span class='ocrx_word' id='word_1_266' title='bbox 884 3190 984 3253; x_wconf 78' lang='grc' dir='ltr'>τῆς</span> <span class='ocrx_word' id='word_1_267' title='bbox 1032 3181 1377 3259; x_wconf 77' lang='grc' dir='ltr'>εὐδαιμονίας</span> <span class='ocrx_word' id='word_1_268' title='bbox 1430 3179 1713 3239; x_wconf 76' lang='grc' dir='ltr'>ἀνεϐίϐασε</span> <span class='ocrx_word' id='word_1_269' title='bbox 1770 3184 1935 3241; x_wconf 87' lang='grc' dir='ltr'>κολο-</span> 
     </span>
    </p>
   </div>
   <div class='ocr_carea' id='block_1_35' title="bbox 300 3273 1938 3353">
    <p class='ocr_par' dir='ltr' id='par_1_35' title="bbox 300 3273 1938 3353">
     <span class='ocr_line' id='line_1_35' title="bbox 300 3273 1938 3353; baseline -0.001 -24"><span class='ocrx_word' id='word_1_270' title='bbox 300 3280 468 3353; x_wconf 64' lang='grc' dir='ltr'>φῶνα,</span> <span class='ocrx_word' id='word_1_271' title='bbox 514 3273 625 3329; x_wconf 83' lang='grc' dir='ltr'>ἐπεὶ</span> <span class='ocrx_word' id='word_1_272' title='bbox 681 3274 774 3329; x_wconf 82' lang='grc' dir='ltr'><strong>καὶ</strong></span> <span class='ocrx_word' id='word_1_273' title='bbox 821 3273 1068 3348; x_wconf 79' lang='grc' dir='ltr'>παραυτὰ</span> <span class='ocrx_word' id='word_1_274' title='bbox 1114 3280 1214 3343; x_wconf 81' lang='grc' dir='ltr'>τῆς</span> <span class='ocrx_word' id='word_1_275' title='bbox 1263 3280 1361 3343; x_wconf 79' lang='grc' dir='ltr'><strong>σῆς</strong></span> <span class='ocrx_word' id='word_1_276' title='bbox 1402 3275 1704 3347; x_wconf 77' lang='grc' dir='ltr'>γεννήσεως</span> <span class='ocrx_word' id='word_1_277' title='bbox 1753 3273 1938 3344; x_wconf 85' lang='grc' dir='ltr'>ἐπιση-</span> 
     </span>
    </p>
   </div>
   <div class='ocr_carea' id='block_1_36' title="bbox 298 3360 1935 3438">
    <p class='ocr_par' dir='ltr' id='par_1_36' title="bbox 298 3360 1935 3438">
     <span class='ocr_line' id='line_1_36' title="bbox 298 3360 1935 3438; baseline 0 -22"><span class='ocrx_word' id='word_1_278' title='bbox 298 3363 542 3436; x_wconf 77' lang='grc' dir='ltr'>μαίνεται</span> <span class='ocrx_word' id='word_1_279' title='bbox 598 3363 752 3436; x_wconf 86' lang='grc' dir='ltr'>Θεὸς,</span> <span class='ocrx_word' id='word_1_280' title='bbox 809 3362 899 3417; x_wconf 86' lang='grc' dir='ltr'><strong>καὶ</strong></span> <span class='ocrx_word' id='word_1_281' title='bbox 956 3362 1216 3435; x_wconf 87' lang='grc' dir='ltr'>Ῥωμαῖοι</span> <span class='ocrx_word' id='word_1_282' title='bbox 1271 3360 1397 3424; x_wconf 77' lang='grc' dir='ltr'>τοὺς</span> <span class='ocrx_word' id='word_1_283' title='bbox 1431 3361 1559 3424; x_wconf 84' lang='grc' dir='ltr'>σοὺς</span> <span class='ocrx_word' id='word_1_284' title='bbox 1587 3363 1935 3438; x_wconf 84' lang='grc' dir='ltr'>γεννήτορας,</span> 
     </span>
    </p>
   </div>
   <div class='ocr_carea' id='block_1_37' title="bbox 288 3445 1934 3525">
    <p class='ocr_par' dir='ltr' id='par_1_37' title="bbox 288 3445 1934 3525">
     <span class='ocr_line' id='line_1_37' title="bbox 288 3445 1934 3525; baseline -0.001 -19"><span class='ocrx_word' id='word_1_285' title='bbox 288 3452 469 3513; x_wconf 77' lang='grc' dir='ltr'>οὕτως</span> <span class='ocrx_word' id='word_1_286' title='bbox 520 3452 688 3507; x_wconf 73' lang='grc' dir='ltr'>αὐτοῦ</span> <span class='ocrx_word' id='word_1_287' title='bbox 754 3448 1107 3512; x_wconf 79' lang='grc' dir='ltr'>κελεύσαντος</span> <span class='ocrx_word' id='word_1_288' title='bbox 1163 3449 1255 3506; x_wconf 84' lang='grc' dir='ltr'><strong>καὶ</strong></span> <span class='ocrx_word' id='word_1_289' title='bbox 1311 3451 1379 3505; x_wconf 77' lang='grc' dir='ltr'>τὰ</span> <span class='ocrx_word' id='word_1_290' title='bbox 1456 3453 1627 3525; x_wconf 85' lang='grc' dir='ltr'>μήπω</span> <span class='ocrx_word' id='word_1_291' title='bbox 1673 3445 1934 3525; x_wconf 80' lang='grc' dir='ltr'>πρότερον</span> 
     </span>
    </p>
   </div>
   <div class='ocr_carea' id='block_1_38' title="bbox 280 3535 1938 3615">
    <p class='ocr_par' dir='ltr' id='par_1_38' title="bbox 280 3535 1938 3615">
     <span class='ocr_line' id='line_1_38' title="bbox 280 3535 1938 3615; baseline -0.003 -19"><span class='ocrx_word' id='word_1_292' title='bbox 280 3540 475 3602; x_wconf 71' lang='grc' dir='ltr'>αὐτοῖς</span> <span class='ocrx_word' id='word_1_293' title='bbox 531 3536 623 3594; x_wconf 79' lang='grc' dir='ltr'>διὰ</span> <span class='ocrx_word' id='word_1_294' title='bbox 689 3538 747 3592; x_wconf 79' lang='grc' dir='ltr'><strong>σὲ</strong></span> <span class='ocrx_word' id='word_1_295' title='bbox 811 3536 1196 3615; x_wconf 77' lang='grc' dir='ltr'>χαριζομένου,</span> <span class='ocrx_word' id='word_1_296' title='bbox 1260 3535 1503 3614; x_wconf 88' lang='grc' dir='ltr'>βασιλεῖς</span> <span class='ocrx_word' id='word_1_297' title='bbox 1559 3538 1798 3609; x_wconf 85' lang='grc' dir='ltr'>ἀνεῖπον,</span> <span class='ocrx_word' id='word_1_298' title='bbox 1848 3537 1938 3592; x_wconf 81' lang='grc' dir='ltr'><strong>καὶ</strong></span> 
     </span>
    </p>
   </div>
   <div class='ocr_carea' id='block_1_39' title="bbox 2020 968 3665 1042">
    <p class='ocr_par' dir='ltr' id='par_1_39' title="bbox 2020 968 3665 1042">
     <span class='ocr_line' id='line_1_39' title="bbox 2020 968 3665 1042; baseline 0.002 -18"><span class='ocrx_word' id='word_1_299' title='bbox 2020 968 2179 1024; x_wconf 90' lang='lat' dir='ltr'><strong>illius</strong></span> <span class='ocrx_word' id='word_1_300' title='bbox 2208 977 2571 1036; x_wconf 90' lang='lat' dir='ltr'><strong>ornamenta,</strong></span> <span class='ocrx_word' id='word_1_301' title='bbox 2606 969 2882 1042; x_wconf 80' lang='lat' dir='ltr'><strong>pietatem</strong></span> <span class='ocrx_word' id='word_1_302' title='bbox 2926 969 3275 1035; x_wconf 88' lang='lat' dir='ltr'><strong>incolarum,</strong></span> <span class='ocrx_word' id='word_1_303' title='bbox 3306 971 3665 1042; x_wconf 73' lang='lat' dir='ltr'><strong>aequitatem,</strong></span> 
     </span>
    </p>
   </div>
   <div class='ocr_carea' id='block_1_40' title="bbox 2014 1058 3669 1131">
    <p class='ocr_par' dir='ltr' id='par_1_40' title="bbox 2014 1058 3669 1131">
     <span class='ocr_line' id='line_1_40' title="bbox 2014 1058 3669 1131; baseline 0.002 -19"><span class='ocrx_word' id='word_1_304' title='bbox 2014 1058 2331 1131; x_wconf 79' lang='lat' dir='ltr'><strong>justitiam,</strong></span> <span class='ocrx_word' id='word_1_305' title='bbox 2381 1058 2831 1127; x_wconf 81' lang='lat' dir='ltr'><strong>humanitatem,</strong></span> <span class='ocrx_word' id='word_1_306' title='bbox 2888 1058 3320 1124; x_wconf 83' lang='lat' dir='ltr'><strong>strenuitatem,</strong></span> <span class='ocrx_word' id='word_1_307' title='bbox 3352 1065 3409 1114; x_wconf 90' lang='lat' dir='ltr'><strong>et</strong></span> <span class='ocrx_word' id='word_1_308' title='bbox 3459 1065 3669 1116; x_wconf 72' lang='lat' dir='ltr'><strong>caetera</strong></span> 
     </span>
    </p>
   </div>
   <div class='ocr_carea' id='block_1_41' title="bbox 2024 1138 3666 1223">
    <p class='ocr_par' dir='ltr' id='par_1_41' title="bbox 2024 1138 3666 1223">
     <span class='ocr_line' id='line_1_41' title="bbox 2024 1138 3666 1223; baseline 0.003 -24"><span class='ocrx_word' id='word_1_309' title='bbox 2024 1146 2238 1217; x_wconf 81' lang='lat' dir='ltr'><strong>quibus</strong></span> <span class='ocrx_word' id='word_1_310' title='bbox 2261 1146 2396 1218; x_wconf 82' lang='lat' dir='ltr'><strong>jure</strong></span> <span class='ocrx_word' id='word_1_311' title='bbox 2425 1148 2583 1203; x_wconf 87' lang='lat' dir='ltr'><strong>orbis</strong></span> <span class='ocrx_word' id='word_1_312' title='bbox 2616 1146 2929 1219; x_wconf 90' lang='lat' dir='ltr'><strong>imperium</strong></span> <span class='ocrx_word' id='word_1_313' title='bbox 2977 1138 3372 1218; x_wconf 82' lang='lat' dir='ltr'><strong>recuperavit;</strong></span> <span class='ocrx_word' id='word_1_314' title='bbox 3406 1153 3464 1203; x_wconf 91' lang='lat' dir='ltr'><strong>et</strong></span> <span class='ocrx_word' id='word_1_315' title='bbox 3495 1148 3666 1223; x_wconf 87' lang='lat' dir='ltr'><strong>quale</strong></span> 
     </span>
    </p>
   </div>
   <div class='ocr_carea' id='block_1_42' title="bbox 2024 1234 3667 1308">
    <p class='ocr_par' dir='ltr' id='par_1_42' title="bbox 2024 1234 3667 1308">
     <span class='ocr_line' id='line_1_42' title="bbox 2024 1234 3667 1308; baseline 0.002 -18"><span class='ocrx_word' id='word_1_316' title='bbox 2024 1234 2257 1307; x_wconf 83' lang='lat' dir='ltr'><strong>genus?</strong></span> <span class='ocrx_word' id='word_1_317' title='bbox 2287 1234 2759 1307; x_wconf 87' lang='lat' dir='ltr'><strong>insignissimum</strong></span> <span class='ocrx_word' id='word_1_318' title='bbox 2808 1234 3139 1290; x_wconf 67' lang='lat' dir='ltr'><strong>Graecorum</strong></span> <span class='ocrx_word' id='word_1_319' title='bbox 3171 1242 3346 1308; x_wconf 89' lang='lat' dir='ltr'><strong>atque</strong></span> <span class='ocrx_word' id='word_1_320' title='bbox 3379 1237 3667 1293; x_wconf 85' lang='lat' dir='ltr'><strong>Romano-</strong></span> 
     </span>
    </p>
   </div>
   <div class='ocr_carea' id='block_1_43' title="bbox 2024 1322 3667 1394">
    <p class='ocr_par' dir='ltr' id='par_1_43' title="bbox 2024 1322 3667 1394">
     <span class='ocr_line' id='line_1_43' title="bbox 2024 1322 3667 1394; baseline 0.002 -16"><span class='ocrx_word' id='word_1_321' title='bbox 2024 1340 2156 1378; x_wconf 86' lang='lat' dir='ltr'><strong>rum</strong></span> <span class='ocrx_word' id='word_1_322' title='bbox 2180 1322 2272 1377; x_wconf 92' lang='lat' dir='ltr'><strong>hic</strong></span> <span class='ocrx_word' id='word_1_323' title='bbox 2293 1322 2695 1389; x_wconf 82' lang='lat' dir='ltr'><strong>incolentium,</strong></span> <span class='ocrx_word' id='word_1_324' title='bbox 2720 1325 2873 1394; x_wconf 93' lang='lat' dir='ltr'><strong>quod</strong></span> <span class='ocrx_word' id='word_1_325' title='bbox 2898 1324 2967 1378; x_wconf 90' lang='lat' dir='ltr'><strong>ad</strong></span> <span class='ocrx_word' id='word_1_326' title='bbox 2995 1324 3216 1379; x_wconf 83' lang='lat' dir='ltr'><strong>decoris</strong></span> <span class='ocrx_word' id='word_1_327' title='bbox 3240 1325 3667 1381; x_wconf 83' lang='lat' dir='ltr'><strong>incrementum</strong></span> 
     </span>
    </p>
   </div>
   <div class='ocr_carea' id='block_1_44' title="bbox 2025 1411 3669 1487">
    <p class='ocr_par' dir='ltr' id='par_1_44' title="bbox 2025 1411 3669 1487">
     <span class='ocr_line' id='line_1_44' title="bbox 2025 1411 3669 1487; baseline 0.003 -22"><span class='ocrx_word' id='word_1_328' title='bbox 2025 1417 2083 1466; x_wconf 89' lang='lat' dir='ltr'><strong>et</strong></span> <span class='ocrx_word' id='word_1_329' title='bbox 2109 1411 2477 1483; x_wconf 82' lang='lat' dir='ltr'><strong>splendorem</strong></span> <span class='ocrx_word' id='word_1_330' title='bbox 2531 1411 2731 1483; x_wconf 79' lang='lat' dir='ltr'><strong>patrias</strong></span> <span class='ocrx_word' id='word_1_331' title='bbox 2776 1417 3041 1484; x_wconf 85' lang='lat' dir='ltr'><strong>occupat,</strong></span> <span class='ocrx_word' id='word_1_332' title='bbox 3075 1429 3145 1468; x_wconf 86' lang='lat' dir='ltr'><strong>ex</strong></span> <span class='ocrx_word' id='word_1_333' title='bbox 3192 1413 3319 1483; x_wconf 86' lang='lat' dir='ltr'><strong>ipso</strong></span> <span class='ocrx_word' id='word_1_334' title='bbox 3371 1415 3669 1487; x_wconf 86' lang='lat' dir='ltr'><strong>adaugens</strong></span> 
     </span>
    </p>
   </div>
   <div class='ocr_carea' id='block_1_45' title="bbox 2028 1499 3671 1576">
    <p class='ocr_par' dir='ltr' id='par_1_45' title="bbox 2028 1499 3671 1576">
     <span class='ocr_line' id='line_1_45' title="bbox 2028 1499 3671 1576; baseline 0.002 -21"><span class='ocrx_word' id='word_1_335' title='bbox 2028 1499 2191 1556; x_wconf 90' lang='lat' dir='ltr'><strong>illius</strong></span> <span class='ocrx_word' id='word_1_336' title='bbox 2248 1499 2515 1571; x_wconf 84' lang='lat' dir='ltr'><strong>gloriam,</strong></span> <span class='ocrx_word' id='word_1_337' title='bbox 2549 1501 2648 1556; x_wconf 89' lang='lat' dir='ltr'><strong>sed</strong></span> <span class='ocrx_word' id='word_1_338' title='bbox 2700 1517 2839 1568; x_wconf 92' lang='lat' dir='ltr'><strong>non,</strong></span> <span class='ocrx_word' id='word_1_339' title='bbox 2871 1501 3029 1572; x_wconf 89' lang='lat' dir='ltr'><strong>quod</strong></span> <span class='ocrx_word' id='word_1_340' title='bbox 3078 1501 3209 1557; x_wconf 89' lang='lat' dir='ltr'><strong>aliis</strong></span> <span class='ocrx_word' id='word_1_341' title='bbox 3262 1504 3566 1576; x_wconf 86' lang='lat' dir='ltr'><strong>contingit,</strong></span> <span class='ocrx_word' id='word_1_342' title='bbox 3599 1504 3671 1559; x_wconf 90' lang='lat' dir='ltr'><strong>ad</strong></span> 
     </span>
    </p>
   </div>
   <div class='ocr_carea' id='block_1_46' title="bbox 2027 1587 3672 1663">
    <p class='ocr_par' dir='ltr' id='par_1_46' title="bbox 2027 1587 3672 1663">
     <span class='ocr_line' id='line_1_46' title="bbox 2027 1587 3672 1663; baseline 0.002 -19"><span class='ocrx_word' id='word_1_343' title='bbox 2027 1589 2322 1663; x_wconf 84' lang='lat' dir='ltr'><strong>propriam</strong></span> <span class='ocrx_word' id='word_1_344' title='bbox 2373 1587 2619 1661; x_wconf 87' lang='lat' dir='ltr'><strong>gloriam</strong></span> <span class='ocrx_word' id='word_1_345' title='bbox 2668 1589 2974 1646; x_wconf 88' lang='lat' dir='ltr'><strong>insumens</strong></span> <span class='ocrx_word' id='word_1_346' title='bbox 3017 1591 3217 1662; x_wconf 64' lang='lat' dir='ltr'><strong>patrias</strong></span> <span class='ocrx_word' id='word_1_347' title='bbox 3263 1592 3493 1648; x_wconf 87' lang='lat' dir='ltr'><strong>decora.</strong></span> <span class='ocrx_word' id='word_1_348' title='bbox 3524 1593 3672 1648; x_wconf 91' lang='lat' dir='ltr'><strong>Nam</strong></span> 
     </span>
    </p>
   </div>
   <div class='ocr_carea' id='block_1_47' title="bbox 2029 1676 3675 1752">
    <p class='ocr_par' dir='ltr' id='par_1_47' title="bbox 2029 1676 3675 1752">
     <span class='ocr_line' id='line_1_47' title="bbox 2029 1676 3675 1752; baseline 0.002 -20"><span class='ocrx_word' id='word_1_349' title='bbox 2029 1693 2098 1732; x_wconf 83' lang='lat' dir='ltr'><strong>ex</strong></span> <span class='ocrx_word' id='word_1_350' title='bbox 2145 1680 2316 1732; x_wconf 85' lang='lat' dir='ltr'><strong>Patre</strong></span> <span class='ocrx_word' id='word_1_351' title='bbox 2362 1676 2669 1748; x_wconf 66' lang='lat' dir='ltr'><strong>Palaeologi</strong></span> <span class='ocrx_word' id='word_1_352' title='bbox 2720 1681 2861 1732; x_wconf 89' lang='lat' dir='ltr'><strong>sunt</strong></span> <span class='ocrx_word' id='word_1_353' title='bbox 2912 1678 3066 1750; x_wconf 90' lang='lat' dir='ltr'><strong>regis</strong></span> <span class='ocrx_word' id='word_1_354' title='bbox 3116 1680 3336 1749; x_wconf 87' lang='lat' dir='ltr'><strong>proavi,</strong></span> <span class='ocrx_word' id='word_1_355' title='bbox 3385 1696 3571 1752; x_wconf 89' lang='lat' dir='ltr'><strong>genus</strong></span> <span class='ocrx_word' id='word_1_356' title='bbox 3618 1685 3675 1736; x_wconf 91' lang='lat' dir='ltr'><strong>et</strong></span> 
     </span>
    </p>
   </div>
   <div class='ocr_carea' id='block_1_48' title="bbox 2029 1764 3673 1839">
    <p class='ocr_par' dir='ltr' id='par_1_48' title="bbox 2029 1764 3673 1839">
     <span class='ocr_line' id='line_1_48' title="bbox 2029 1764 3673 1839; baseline 0.004 -19"><span class='ocrx_word' id='word_1_357' title='bbox 2029 1764 2146 1820; x_wconf 86' lang='lat' dir='ltr'><strong>Deo</strong></span> <span class='ocrx_word' id='word_1_358' title='bbox 2175 1769 2411 1837; x_wconf 85' lang='lat' dir='ltr'><strong>propter</strong></span> <span class='ocrx_word' id='word_1_359' title='bbox 2456 1765 2733 1838; x_wconf 89' lang='lat' dir='ltr'><strong>pietatem</strong></span> <span class='ocrx_word' id='word_1_360' title='bbox 2764 1770 2823 1822; x_wconf 88' lang='lat' dir='ltr'><strong>et</strong></span> <span class='ocrx_word' id='word_1_361' title='bbox 2854 1765 2997 1821; x_wconf 88' lang='lat' dir='ltr'><strong>alias</strong></span> <span class='ocrx_word' id='word_1_362' title='bbox 3047 1766 3403 1839; x_wconf 83' lang='lat' dir='ltr'><strong>multiplices</strong></span> <span class='ocrx_word' id='word_1_363' title='bbox 3432 1767 3673 1827; x_wconf 84' lang='lat' dir='ltr'><strong>virtutes</strong></span> 
     </span>
    </p>
   </div>
   <div class='ocr_carea' id='block_1_49' title="bbox 2029 1853 3671 1928">
    <p class='ocr_par' dir='ltr' id='par_1_49' title="bbox 2029 1853 3671 1928">
     <span class='ocr_line' id='line_1_49' title="bbox 2029 1853 3671 1928; baseline 0.001 -18"><span class='ocrx_word' id='word_1_364' title='bbox 2029 1854 2349 1925; x_wconf 90' lang='lat' dir='ltr'><strong>addictum,</strong></span> <span class='ocrx_word' id='word_1_365' title='bbox 2381 1857 2440 1910; x_wconf 92' lang='lat' dir='ltr'><strong>et</strong></span> <span class='ocrx_word' id='word_1_366' title='bbox 2483 1853 2718 1910; x_wconf 87' lang='lat' dir='ltr'><strong>aliunde</strong></span> <span class='ocrx_word' id='word_1_367' title='bbox 2766 1854 3066 1911; x_wconf 90' lang='lat' dir='ltr'><strong>heroicum</strong></span> <span class='ocrx_word' id='word_1_368' title='bbox 3118 1859 3292 1928; x_wconf 85' lang='lat' dir='ltr'><strong>atque</strong></span> <span class='ocrx_word' id='word_1_369' title='bbox 3339 1863 3671 1926; x_wconf 88' lang='lat' dir='ltr'><strong>strenuum,</strong></span> 
     </span>
    </p>
   </div>
   <div class='ocr_carea' id='block_1_50' title="bbox 2031 1943 3670 2017">
    <p class='ocr_par' dir='ltr' id='par_1_50' title="bbox 2031 1943 3670 2017">
     <span class='ocr_line' id='line_1_50' title="bbox 2031 1943 3670 2017; baseline 0.003 -19"><span class='ocrx_word' id='word_1_370' title='bbox 2031 1943 2187 2015; x_wconf 93' lang='lat' dir='ltr'><strong>quod</strong></span> <span class='ocrx_word' id='word_1_371' title='bbox 2235 1959 2452 2017; x_wconf 89' lang='lat' dir='ltr'><strong>magna</strong></span> <span class='ocrx_word' id='word_1_372' title='bbox 2494 1943 2859 1999; x_wconf 89' lang='lat' dir='ltr'><strong>strenuitatis</strong></span> <span class='ocrx_word' id='word_1_373' title='bbox 2907 1945 3152 2017; x_wconf 79' lang='lat' dir='ltr'><strong>pignora</strong></span> <span class='ocrx_word' id='word_1_374' title='bbox 3182 1946 3244 2001; x_wconf 93' lang='lat' dir='ltr'><strong>in</strong></span> <span class='ocrx_word' id='word_1_375' title='bbox 3292 1945 3517 2003; x_wconf 88' lang='lat' dir='ltr'><strong>bellicis</strong></span> <span class='ocrx_word' id='word_1_376' title='bbox 3547 1962 3670 2002; x_wconf 89' lang='lat' dir='ltr'><strong>cer-</strong></span> 
     </span>
    </p>
   </div>
   <div class='ocr_carea' id='block_1_51' title="bbox 2029 2030 3678 2107">
    <p class='ocr_par' dir='ltr' id='par_1_51' title="bbox 2029 2030 3678 2107">
     <span class='ocr_line' id='line_1_51' title="bbox 2029 2030 3678 2107; baseline 0.002 -20"><span class='ocrx_word' id='word_1_377' title='bbox 2029 2031 2353 2088; x_wconf 89' lang='lat' dir='ltr'><strong>taminibus</strong></span> <span class='ocrx_word' id='word_1_378' title='bbox 2400 2035 2458 2087; x_wconf 90' lang='lat' dir='ltr'><strong>et</strong></span> <span class='ocrx_word' id='word_1_379' title='bbox 2502 2030 2564 2087; x_wconf 91' lang='lat' dir='ltr'><strong>in</strong></span> <span class='ocrx_word' id='word_1_380' title='bbox 2610 2048 2842 2104; x_wconf 89' lang='lat' dir='ltr'><strong>quaque</strong></span> <span class='ocrx_word' id='word_1_381' title='bbox 2890 2049 2951 2087; x_wconf 91' lang='lat' dir='ltr'><strong>re</strong></span> <span class='ocrx_word' id='word_1_382' title='bbox 2999 2032 3369 2106; x_wconf 85' lang='lat' dir='ltr'><strong>signiﬁcavit.</strong></span> <span class='ocrx_word' id='word_1_383' title='bbox 3402 2035 3483 2089; x_wconf 93' lang='lat' dir='ltr'><strong>Ex</strong></span> <span class='ocrx_word' id='word_1_384' title='bbox 3514 2039 3678 2107; x_wconf 89' lang='lat' dir='ltr'><strong>parte</strong></span> 
     </span>
    </p>
   </div>
   <div class='ocr_carea' id='block_1_52' title="bbox 2034 2119 3677 2196">
    <p class='ocr_par' dir='ltr' id='par_1_52' title="bbox 2034 2119 3677 2196">
     <span class='ocr_line' id='line_1_52' title="bbox 2034 2119 3677 2196; baseline 0.002 -21"><span class='ocrx_word' id='word_1_385' title='bbox 2034 2119 2238 2175; x_wconf 88' lang='lat' dir='ltr'><strong>matris</strong></span> <span class='ocrx_word' id='word_1_386' title='bbox 2280 2120 2433 2176; x_wconf 90' lang='lat' dir='ltr'><strong>inter</strong></span> <span class='ocrx_word' id='word_1_387' title='bbox 2461 2120 2652 2177; x_wconf 87' lang='lat' dir='ltr'><strong>Ducas</strong></span> <span class='ocrx_word' id='word_1_388' title='bbox 2700 2120 3047 2176; x_wconf 89' lang='lat' dir='ltr'><strong>trrnsfertur</strong></span> <span class='ocrx_word' id='word_1_389' title='bbox 3095 2138 3303 2194; x_wconf 88' lang='lat' dir='ltr'><strong>genus,</strong></span> <span class='ocrx_word' id='word_1_390' title='bbox 3337 2139 3406 2179; x_wconf 87' lang='lat' dir='ltr'><strong>ex</strong></span> <span class='ocrx_word' id='word_1_391' title='bbox 3456 2123 3677 2196; x_wconf 86' lang='lat' dir='ltr'><strong>quibus</strong></span> 
     </span>
    </p>
   </div>
   <div class='ocr_carea' id='block_1_53' title="bbox 2035 2208 3677 2282">
    <p class='ocr_par' dir='ltr' id='par_1_53' title="bbox 2035 2208 3677 2282">
     <span class='ocr_line' id='line_1_53' title="bbox 2035 2208 3677 2282; baseline 0.001 -18"><span class='ocrx_word' id='word_1_392' title='bbox 2035 2223 2221 2281; x_wconf 84' lang='lat' dir='ltr'><strong>reges,</strong></span> <span class='ocrx_word' id='word_1_393' title='bbox 2252 2212 2309 2264; x_wconf 86' lang='lat' dir='ltr'><strong>et</strong></span> <span class='ocrx_word' id='word_1_394' title='bbox 2345 2208 2404 2262; x_wconf 92' lang='lat' dir='ltr'><strong>hi</strong></span> <span class='ocrx_word' id='word_1_395' title='bbox 2435 2209 2610 2280; x_wconf 38' lang='lat' dir='ltr'><strong>gapud</strong></span> <span class='ocrx_word' id='word_1_396' title='bbox 2660 2225 2824 2281; x_wconf 90' lang='lat' dir='ltr'><strong>reges</strong></span> <span class='ocrx_word' id='word_1_397' title='bbox 2874 2225 3089 2282; x_wconf 89' lang='lat' dir='ltr'><strong>magna</strong></span> <span class='ocrx_word' id='word_1_398' title='bbox 3133 2209 3416 2279; x_wconf 88' lang='lat' dir='ltr'><strong>valentes,</strong></span> <span class='ocrx_word' id='word_1_399' title='bbox 3447 2211 3677 2267; x_wconf 86' lang='lat' dir='ltr'><strong>instite-</strong></span> 
     </span>
    </p>
   </div>
   <div class='ocr_carea' id='block_1_54' title="bbox 2037 2296 3678 2370">
    <p class='ocr_par' dir='ltr' id='par_1_54' title="bbox 2037 2296 3678 2370">
     <span class='ocr_line' id='line_1_54' title="bbox 2037 2296 3678 2370; baseline 0.002 -18"><span class='ocrx_word' id='word_1_400' title='bbox 2037 2300 2213 2363; x_wconf 85' lang='lat' dir='ltr'><strong>runt;</strong></span> <span class='ocrx_word' id='word_1_401' title='bbox 2242 2296 2368 2368; x_wconf 91' lang='lat' dir='ltr'><strong>ipse</strong></span> <span class='ocrx_word' id='word_1_402' title='bbox 2411 2302 2577 2369; x_wconf 89' lang='lat' dir='ltr'><strong>pater</strong></span> <span class='ocrx_word' id='word_1_403' title='bbox 2602 2313 2720 2364; x_wconf 85' lang='lat' dir='ltr'><strong>rex,</strong></span> <span class='ocrx_word' id='word_1_404' title='bbox 2752 2302 2811 2353; x_wconf 90' lang='lat' dir='ltr'><strong>et</strong></span> <span class='ocrx_word' id='word_1_405' title='bbox 2855 2314 3060 2370; x_wconf 90' lang='lat' dir='ltr'><strong>regum</strong></span> <span class='ocrx_word' id='word_1_406' title='bbox 3112 2300 3434 2354; x_wconf 86' lang='lat' dir='ltr'><strong>maximum</strong></span> <span class='ocrx_word' id='word_1_407' title='bbox 3464 2316 3678 2356; x_wconf 89' lang='lat' dir='ltr'><strong>nomen</strong></span> 
     </span>
    </p>
   </div>
   <div class='ocr_carea' id='block_1_55' title="bbox 2037 2385 3681 2460">
    <p class='ocr_par' dir='ltr' id='par_1_55' title="bbox 2037 2385 3681 2460">
     <span class='ocr_line' id='line_1_55' title="bbox 2037 2385 3681 2460; baseline 0.001 -20"><span class='ocrx_word' id='word_1_408' title='bbox 2037 2385 2299 2457; x_wconf 86' lang='lat' dir='ltr'><strong>suscepit</strong></span> <span class='ocrx_word' id='word_1_409' title='bbox 2326 2390 2383 2440; x_wconf 92' lang='lat' dir='ltr'><strong>et</strong></span> <span class='ocrx_word' id='word_1_410' title='bbox 2426 2401 2494 2440; x_wconf 89' lang='lat' dir='ltr'><strong>ea</strong></span> <span class='ocrx_word' id='word_1_411' title='bbox 2543 2385 2798 2457; x_wconf 74' lang='lat' dir='ltr'><strong>tropaeis,</strong></span> <span class='ocrx_word' id='word_1_412' title='bbox 2832 2402 2963 2458; x_wconf 68' lang='lat' dir='ltr'><strong>quae</strong></span> <span class='ocrx_word' id='word_1_413' title='bbox 3008 2385 3199 2442; x_wconf 89' lang='lat' dir='ltr'><strong>multa</strong></span> <span class='ocrx_word' id='word_1_414' title='bbox 3229 2392 3288 2443; x_wconf 90' lang='lat' dir='ltr'><strong>et</strong></span> <span class='ocrx_word' id='word_1_415' title='bbox 3334 2404 3548 2460; x_wconf 83' lang='lat' dir='ltr'><strong>magna</strong></span> <span class='ocrx_word' id='word_1_416' title='bbox 3573 2388 3681 2444; x_wconf 88' lang='lat' dir='ltr'><strong>ad-</strong></span> 
     </span>
    </p>
   </div>
   <div class='ocr_carea' id='block_1_56' title="bbox 2034 2472 3682 2548">
    <p class='ocr_par' dir='ltr' id='par_1_56' title="bbox 2034 2472 3682 2548">
     <span class='ocr_line' id='line_1_56' title="bbox 2034 2472 3682 2548; baseline 0.002 -21"><span class='ocrx_word' id='word_1_417' title='bbox 2034 2490 2240 2529; x_wconf 88' lang='lat' dir='ltr'><strong>versus</strong></span> <span class='ocrx_word' id='word_1_418' title='bbox 2271 2472 2472 2529; x_wconf 87' lang='lat' dir='ltr'><strong>hostes</strong></span> <span class='ocrx_word' id='word_1_419' title='bbox 2503 2475 2728 2540; x_wconf 88' lang='lat' dir='ltr'><strong>statuit,</strong></span> <span class='ocrx_word' id='word_1_420' title='bbox 2759 2477 2816 2530; x_wconf 92' lang='lat' dir='ltr'><strong>et</strong></span> <span class='ocrx_word' id='word_1_421' title='bbox 2843 2492 2960 2530; x_wconf 91' lang='lat' dir='ltr'><strong>non</strong></span> <span class='ocrx_word' id='word_1_422' title='bbox 2993 2476 3212 2543; x_wconf 91' lang='lat' dir='ltr'><strong>minus,</strong></span> <span class='ocrx_word' id='word_1_423' title='bbox 3234 2477 3374 2548; x_wconf 89' lang='lat' dir='ltr'><strong>quia</strong></span> <span class='ocrx_word' id='word_1_424' title='bbox 3402 2475 3501 2531; x_wconf 91' lang='lat' dir='ltr'><strong>ille</strong></span> <span class='ocrx_word' id='word_1_425' title='bbox 3528 2476 3682 2548; x_wconf 87' lang='lat' dir='ltr'><strong>patri</strong></span> 
     </span>
    </p>
   </div>
   <div class='ocr_carea' id='block_1_57' title="bbox 2036 2562 3682 2638">
    <p class='ocr_par' dir='ltr' id='par_1_57' title="bbox 2036 2562 3682 2638">
     <span class='ocr_line' id='line_1_57' title="bbox 2036 2562 3682 2638; baseline 0.002 -21"><span class='ocrx_word' id='word_1_426' title='bbox 2036 2566 2141 2617; x_wconf 89' lang='lat' dir='ltr'><strong>tuo</strong></span> <span class='ocrx_word' id='word_1_427' title='bbox 2173 2578 2302 2618; x_wconf 91' lang='lat' dir='ltr'><strong>esse</strong></span> <span class='ocrx_word' id='word_1_428' title='bbox 2328 2562 2588 2635; x_wconf 86' lang='lat' dir='ltr'><strong>contigit.</strong></span> <span class='ocrx_word' id='word_1_429' title='bbox 2622 2562 2775 2618; x_wconf 91' lang='lat' dir='ltr'><strong>Illud</strong></span> <span class='ocrx_word' id='word_1_430' title='bbox 2800 2564 2979 2630; x_wconf 91' lang='lat' dir='ltr'><strong>enim,</strong></span> <span class='ocrx_word' id='word_1_431' title='bbox 3005 2564 3193 2635; x_wconf 88' lang='lat' dir='ltr'><strong>magis</strong></span> <span class='ocrx_word' id='word_1_432' title='bbox 3223 2581 3401 2638; x_wconf 89' lang='lat' dir='ltr'><strong>quam</strong></span> <span class='ocrx_word' id='word_1_433' title='bbox 3432 2565 3564 2638; x_wconf 81' lang='lat' dir='ltr'><strong>ipsa</strong></span> <span class='ocrx_word' id='word_1_434' title='bbox 3592 2582 3682 2621; x_wconf 89' lang='lat' dir='ltr'><strong>re-</strong></span> 
     </span>
    </p>
   </div>
   <div class='ocr_carea' id='block_1_58' title="bbox 2039 2650 3683 2727">
    <p class='ocr_par' dir='ltr' id='par_1_58' title="bbox 2039 2650 3683 2727">
     <span class='ocr_line' id='line_1_58' title="bbox 2039 2650 3683 2727; baseline 0.003 -22"><span class='ocrx_word' id='word_1_435' title='bbox 2039 2650 2135 2723; x_wconf 88' lang='lat' dir='ltr'><strong>gia</strong></span> <span class='ocrx_word' id='word_1_436' title='bbox 2182 2654 2460 2723; x_wconf 89' lang='lat' dir='ltr'><strong>potestas,</strong></span> <span class='ocrx_word' id='word_1_437' title='bbox 2493 2652 2681 2724; x_wconf 90' lang='lat' dir='ltr'><strong>magis</strong></span> <span class='ocrx_word' id='word_1_438' title='bbox 2730 2669 2911 2724; x_wconf 90' lang='lat' dir='ltr'><strong>quam</strong></span> <span class='ocrx_word' id='word_1_439' title='bbox 2954 2653 3226 2721; x_wconf 68' lang='lat' dir='ltr'><strong>victoriae,</strong></span> <span class='ocrx_word' id='word_1_440' title='bbox 3261 2654 3451 2727; x_wconf 91' lang='lat' dir='ltr'><strong>magis</strong></span> <span class='ocrx_word' id='word_1_441' title='bbox 3503 2670 3683 2726; x_wconf 89' lang='lat' dir='ltr'><strong>quam</strong></span> 
     </span>
    </p>
   </div>
   <div class='ocr_carea' id='block_1_59' title="bbox 2040 2739 3680 2813">
    <p class='ocr_par' dir='ltr' id='par_1_59' title="bbox 2040 2739 3680 2813">
     <span class='ocr_line' id='line_1_59' title="bbox 2040 2739 3680 2813; baseline 0.003 -20"><span class='ocrx_word' id='word_1_442' title='bbox 2040 2755 2407 2812; x_wconf 68' lang='lat' dir='ltr'><strong>quaecunque</strong></span> <span class='ocrx_word' id='word_1_443' title='bbox 2487 2739 2844 2812; x_wconf 86' lang='lat' dir='ltr'><strong>prosperitas</strong></span> <span class='ocrx_word' id='word_1_444' title='bbox 2928 2741 3270 2813; x_wconf 77' lang='lat' dir='ltr'><strong>praeclarum</strong></span> <span class='ocrx_word' id='word_1_445' title='bbox 3365 2742 3599 2798; x_wconf 84' lang='lat' dir='ltr'><strong>exhibet</strong></span> <span class='ocrx_word' id='word_1_446' title='bbox 3664 2757 3680 2798; x_wconf 89' lang='lat'>:</span> 
     </span>
    </p>
   </div>
   <div class='ocr_carea' id='block_1_60' title="bbox 2041 2827 3681 2902">
    <p class='ocr_par' dir='ltr' id='par_1_60' title="bbox 2041 2827 3681 2902">
     <span class='ocr_line' id='line_1_60' title="bbox 2041 2827 3681 2902; baseline 0.002 -20"><span class='ocrx_word' id='word_1_447' title='bbox 2041 2844 2179 2883; x_wconf 88' lang='lat' dir='ltr'><strong>nam</strong></span> <span class='ocrx_word' id='word_1_448' title='bbox 2232 2832 2289 2883; x_wconf 90' lang='lat' dir='ltr'><strong>et</strong></span> <span class='ocrx_word' id='word_1_449' title='bbox 2336 2827 2659 2900; x_wconf 89' lang='lat' dir='ltr'><strong>Philippus,</strong></span> <span class='ocrx_word' id='word_1_450' title='bbox 2719 2829 2855 2885; x_wconf 90' lang='lat' dir='ltr'><strong>licet</strong></span> <span class='ocrx_word' id='word_1_451' title='bbox 2910 2846 3183 2902; x_wconf 85' lang='lat' dir='ltr'><strong>magnus,</strong></span> <span class='ocrx_word' id='word_1_452' title='bbox 3242 2831 3429 2901; x_wconf 87' lang='lat' dir='ltr'><strong>major</strong></span> <span class='ocrx_word' id='word_1_453' title='bbox 3483 2831 3681 2898; x_wconf 89' lang='lat' dir='ltr'><strong>etiam,</strong></span> 
     </span>
    </p>
   </div>
   <div class='ocr_carea' id='block_1_61' title="bbox 2040 2916 3686 2990">
    <p class='ocr_par' dir='ltr' id='par_1_61' title="bbox 2040 2916 3686 2990">
     <span class='ocr_line' id='line_1_61' title="bbox 2040 2916 3686 2990; baseline 0.001 -19"><span class='ocrx_word' id='word_1_454' title='bbox 2040 2916 2349 2972; x_wconf 80' lang='lat' dir='ltr'><strong>Alexandri</strong></span> <span class='ocrx_word' id='word_1_455' title='bbox 2396 2933 2593 2985; x_wconf 88' lang='lat' dir='ltr'><strong>causa,</strong></span> <span class='ocrx_word' id='word_1_456' title='bbox 2644 2918 2844 2974; x_wconf 87' lang='lat' dir='ltr'><strong>evasit.</strong></span> <span class='ocrx_word' id='word_1_457' title='bbox 2874 2918 2993 2974; x_wconf 92' lang='lat' dir='ltr'><strong>Hoc</strong></span> <span class='ocrx_word' id='word_1_458' title='bbox 3040 2919 3322 2974; x_wconf 88' lang='lat' dir='ltr'><strong>nimirum</strong></span> <span class='ocrx_word' id='word_1_459' title='bbox 3374 2918 3570 2990; x_wconf 61' lang='lat' dir='ltr'><strong>gloria</strong></span> <span class='ocrx_word' id='word_1_460' title='bbox 3600 2918 3686 2973; x_wconf 88' lang='lat' dir='ltr'><strong>illi</strong></span> 
     </span>
    </p>
   </div>
   <div class='ocr_carea' id='block_1_62' title="bbox 2044 3005 3684 3080">
    <p class='ocr_par' dir='ltr' id='par_1_62' title="bbox 2044 3005 3684 3080">
     <span class='ocr_line' id='line_1_62' title="bbox 2044 3005 3684 3080; baseline 0.002 -21"><span class='ocrx_word' id='word_1_461' title='bbox 2044 3006 2155 3061; x_wconf 88' lang='lat' dir='ltr'><strong>fuit</strong></span> <span class='ocrx_word' id='word_1_462' title='bbox 2183 3022 2416 3066; x_wconf 81' lang='lat' dir='ltr'><strong>corona.</strong></span> <span class='ocrx_word' id='word_1_463' title='bbox 2449 3010 2507 3060; x_wconf 91' lang='lat' dir='ltr'><strong>et</strong></span> <span class='ocrx_word' id='word_1_464' title='bbox 2535 3007 2606 3061; x_wconf 86' lang='lat' dir='ltr'><strong>ad</strong></span> <span class='ocrx_word' id='word_1_465' title='bbox 2640 3005 2936 3063; x_wconf 85' lang='lat' dir='ltr'><strong>felicitatis</strong></span> <span class='ocrx_word' id='word_1_466' title='bbox 2986 3007 3286 3080; x_wconf 81' lang='lat' dir='ltr'><strong>fastigium</strong></span> <span class='ocrx_word' id='word_1_467' title='bbox 3317 3007 3522 3074; x_wconf 81' lang='lat' dir='ltr'><strong>evexit,</strong></span> <span class='ocrx_word' id='word_1_468' title='bbox 3548 3024 3684 3063; x_wconf 90' lang='lat' dir='ltr'><strong>cum</strong></span> 
     </span>
    </p>
   </div>
   <div class='ocr_carea' id='block_1_63' title="bbox 2042 3094 3685 3169">
    <p class='ocr_par' dir='ltr' id='par_1_63' title="bbox 2042 3094 3685 3169">
     <span class='ocr_line' id='line_1_63' title="bbox 2042 3094 3685 3169; baseline 0 -18"><span class='ocrx_word' id='word_1_469' title='bbox 2042 3094 2172 3166; x_wconf 89' lang='lat' dir='ltr'><strong>ipso</strong></span> <span class='ocrx_word' id='word_1_470' title='bbox 2202 3094 2522 3150; x_wconf 83' lang='lat' dir='ltr'><strong>nativitatis</strong></span> <span class='ocrx_word' id='word_1_471' title='bbox 2552 3100 2832 3167; x_wconf 40' lang='lat' dir='ltr'><strong>,tempore</strong></span> <span class='ocrx_word' id='word_1_472' title='bbox 2878 3096 3049 3169; x_wconf 89' lang='lat' dir='ltr'><strong>signa</strong></span> <span class='ocrx_word' id='word_1_473' title='bbox 3076 3096 3237 3152; x_wconf 88' lang='lat' dir='ltr'><strong>dedit</strong></span> <span class='ocrx_word' id='word_1_474' title='bbox 3287 3102 3458 3164; x_wconf 91' lang='lat' dir='ltr'><strong>Deus,</strong></span> <span class='ocrx_word' id='word_1_475' title='bbox 3479 3101 3543 3167; x_wconf 85' lang='lat' dir='ltr'><strong>et</strong></span> <span class='ocrx_word' id='word_1_476' title='bbox 3574 3096 3685 3151; x_wconf 86' lang='lat' dir='ltr'><strong>Ro-</strong></span> 
     </span>
    </p>
   </div>
   <div class='ocr_carea' id='block_1_64' title="bbox 2044 3182 3690 3257">
    <p class='ocr_par' dir='ltr' id='par_1_64' title="bbox 2044 3182 3690 3257">
     <span class='ocr_line' id='line_1_64' title="bbox 2044 3182 3690 3257; baseline 0.002 -20"><span class='ocrx_word' id='word_1_477' title='bbox 2044 3183 2204 3238; x_wconf 91' lang='lat' dir='ltr'><strong>mani</strong></span> <span class='ocrx_word' id='word_1_478' title='bbox 2234 3187 2368 3238; x_wconf 92' lang='lat' dir='ltr'><strong>tuos</strong></span> <span class='ocrx_word' id='word_1_479' title='bbox 2405 3182 2716 3256; x_wconf 88' lang='lat' dir='ltr'><strong>genitores,</strong></span> <span class='ocrx_word' id='word_1_480' title='bbox 2749 3185 2829 3239; x_wconf 89' lang='lat' dir='ltr'><strong>ita</strong></span> <span class='ocrx_word' id='word_1_481' title='bbox 2877 3184 2974 3240; x_wconf 92' lang='lat' dir='ltr'><strong>illo</strong></span> <span class='ocrx_word' id='word_1_482' title='bbox 2997 3186 3244 3256; x_wconf 86' lang='lat' dir='ltr'><strong>jubente</strong></span> <span class='ocrx_word' id='word_1_483' title='bbox 3273 3190 3331 3241; x_wconf 85' lang='lat' dir='ltr'><strong>et</strong></span> <span class='ocrx_word' id='word_1_484' title='bbox 3362 3202 3489 3257; x_wconf 80' lang='lat' dir='ltr'><strong>quae</strong></span> <span class='ocrx_word' id='word_1_485' title='bbox 3543 3203 3690 3241; x_wconf 93' lang='lat' dir='ltr'><strong>nun-</strong></span> 
     </span>
    </p>
   </div>
   <div class='ocr_carea' id='block_1_65' title="bbox 2045 3272 3691 3346">
    <p class='ocr_par' dir='ltr' id='par_1_65' title="bbox 2045 3272 3691 3346">
     <span class='ocr_line' id='line_1_65' title="bbox 2045 3272 3691 3346; baseline 0.002 -19"><span class='ocrx_word' id='word_1_486' title='bbox 2045 3288 2223 3344; x_wconf 90' lang='lat' dir='ltr'><strong>quam</strong></span> <span class='ocrx_word' id='word_1_487' title='bbox 2254 3276 2425 3327; x_wconf 87' lang='lat' dir='ltr'><strong>antea</strong></span> <span class='ocrx_word' id='word_1_488' title='bbox 2455 3272 2585 3327; x_wconf 90' lang='lat' dir='ltr'><strong>istis</strong></span> <span class='ocrx_word' id='word_1_489' title='bbox 2627 3272 3010 3345; x_wconf 82' lang='lat' dir='ltr'><strong>gratiﬁcante,</strong></span> <span class='ocrx_word' id='word_1_490' title='bbox 3045 3290 3210 3346; x_wconf 89' lang='lat' dir='ltr'><strong>reges</strong></span> <span class='ocrx_word' id='word_1_491' title='bbox 3240 3279 3600 3346; x_wconf 89' lang='lat' dir='ltr'><strong>creaverunt,</strong></span> <span class='ocrx_word' id='word_1_492' title='bbox 3633 3278 3691 3331; x_wconf 90' lang='lat' dir='ltr'><strong>et</strong></span> 
     </span>
    </p>
   </div>
   <div class='ocr_carea' id='block_1_66' title="bbox 2045 3360 3691 3434">
    <p class='ocr_par' dir='ltr' id='par_1_66' title="bbox 2045 3360 3691 3434">
     <span class='ocr_line' id='line_1_66' title="bbox 2045 3360 3691 3434; baseline 0.001 -18"><span class='ocrx_word' id='word_1_493' title='bbox 2045 3376 2262 3432; x_wconf 89' lang='lat' dir='ltr'><strong>magna</strong></span> <span class='ocrx_word' id='word_1_494' title='bbox 2289 3364 2456 3433; x_wconf 88' lang='lat' dir='ltr'><strong>gesta</strong></span> <span class='ocrx_word' id='word_1_495' title='bbox 2485 3376 2759 3433; x_wconf 87' lang='lat' dir='ltr'><strong>peragere</strong></span> <span class='ocrx_word' id='word_1_496' title='bbox 2790 3360 2934 3417; x_wconf 90' lang='lat' dir='ltr'><strong>illud</strong></span> <span class='ocrx_word' id='word_1_497' title='bbox 2965 3363 3159 3433; x_wconf 50' lang='lat' dir='ltr'><strong>.caapit</strong></span> <span class='ocrx_word' id='word_1_498' title='bbox 3188 3367 3351 3434; x_wconf 89' lang='lat' dir='ltr'><strong>pater</strong></span> <span class='ocrx_word' id='word_1_499' title='bbox 3377 3368 3434 3419; x_wconf 89' lang='lat' dir='ltr'><strong>et</strong></span> <span class='ocrx_word' id='word_1_500' title='bbox 3459 3379 3577 3429; x_wconf 85' lang='lat' dir='ltr'><strong>rex,</strong></span> <span class='ocrx_word' id='word_1_501' title='bbox 3608 3363 3691 3418; x_wconf 89' lang='lat' dir='ltr'><strong>ita</strong></span> 
     </span>
    </p>
   </div>
   <div class='ocr_carea' id='block_1_67' title="bbox 2046 3448 3691 3523">
    <p class='ocr_par' dir='ltr' id='par_1_67' title="bbox 2046 3448 3691 3523">
     <span class='ocr_line' id='line_1_67' title="bbox 2046 3448 3691 3523; baseline 0.001 -18"><span class='ocrx_word' id='word_1_502' title='bbox 2046 3455 2114 3505; x_wconf 90' lang='lat' dir='ltr'><strong>ut</strong></span> <span class='ocrx_word' id='word_1_503' title='bbox 2143 3465 2330 3521; x_wconf 91' lang='lat' dir='ltr'><strong>neque</strong></span> <span class='ocrx_word' id='word_1_504' title='bbox 2368 3448 2658 3504; x_wconf 88' lang='lat' dir='ltr'><strong>vaticiniis</strong></span> <span class='ocrx_word' id='word_1_505' title='bbox 2710 3465 2899 3521; x_wconf 90' lang='lat' dir='ltr'><strong>neque</strong></span> <span class='ocrx_word' id='word_1_506' title='bbox 2945 3450 3363 3523; x_wconf 88' lang='lat' dir='ltr'><strong>interpretibus</strong></span> <span class='ocrx_word' id='word_1_507' title='bbox 3408 3467 3501 3506; x_wconf 91' lang='lat' dir='ltr'><strong>res</strong></span> <span class='ocrx_word' id='word_1_508' title='bbox 3531 3450 3691 3506; x_wconf 90' lang='lat' dir='ltr'><strong>indi-</strong></span> 
     </span>
    </p>
   </div>
   <div class='ocr_carea' id='block_1_68' title="bbox 2047 3537 3690 3612">
    <p class='ocr_par' dir='ltr' id='par_1_68' title="bbox 2047 3537 3690 3612">
     <span class='ocr_line' id='line_1_68' title="bbox 2047 3537 3690 3612; baseline 0.001 -19"><span class='ocrx_word' id='word_1_509' title='bbox 2047 3542 2200 3610; x_wconf 88' lang='lat' dir='ltr'><strong>geat,</strong></span> <span class='ocrx_word' id='word_1_510' title='bbox 2234 3538 2333 3593; x_wconf 89' lang='lat' dir='ltr'><strong>sed</strong></span> <span class='ocrx_word' id='word_1_511' title='bbox 2367 3537 2502 3593; x_wconf 91' lang='lat' dir='ltr'><strong>inde</strong></span> <span class='ocrx_word' id='word_1_512' title='bbox 2530 3542 2725 3609; x_wconf 88' lang='lat' dir='ltr'><strong>pateat</strong></span> <span class='ocrx_word' id='word_1_513' title='bbox 2751 3543 2953 3610; x_wconf 85' lang='lat' dir='ltr'><strong>Deum,</strong></span> <span class='ocrx_word' id='word_1_514' title='bbox 2986 3556 3020 3595; x_wconf 92' lang='lat' dir='ltr'><strong>a</strong></span> <span class='ocrx_word' id='word_1_515' title='bbox 3048 3539 3368 3612; x_wconf 89' lang='lat' dir='ltr'><strong>longinquo</strong></span> <span class='ocrx_word' id='word_1_516' title='bbox 3397 3543 3566 3594; x_wconf 89' lang='lat' dir='ltr'><strong>tuum</strong></span> <span class='ocrx_word' id='word_1_517' title='bbox 3594 3556 3690 3595; x_wconf 90' lang='lat' dir='ltr'><strong>re-</strong></span> 
     </span>
    </p>
   </div>
   <div class='ocr_carea' id='block_1_69' title="bbox 276 3616 1934 3704">
    <p class='ocr_par' dir='ltr' id='par_1_69' title="bbox 276 3623 1934 3704">
     <span class='ocr_line' id='line_1_69' title="bbox 276 3623 1934 3704; baseline -0.003 -19"><span class='ocrx_word' id='word_1_518' title='bbox 276 3630 351 3685; x_wconf 68' lang='grc' dir='ltr'>τὰ</span> <span class='ocrx_word' id='word_1_519' title='bbox 403 3626 623 3703; x_wconf 78' lang='grc' dir='ltr'>μεγάλα</span> <span class='ocrx_word' id='word_1_520' title='bbox 677 3624 1228 3704; x_wconf 62' lang='grc' dir='ltr'>διαπράξασθαιτῶν</span> <span class='ocrx_word' id='word_1_521' title='bbox 1278 3623 1452 3704; x_wconf 80' lang='grc' dir='ltr'>ἔργων</span> <span class='ocrx_word' id='word_1_522' title='bbox 1498 3631 1578 3700; x_wconf 82' lang='grc' dir='ltr'>τῷ</span> <span class='ocrx_word' id='word_1_523' title='bbox 1623 3625 1788 3702; x_wconf 82' lang='grc' dir='ltr'>πατρί</span> <span class='ocrx_word' id='word_1_524' title='bbox 1848 3627 1934 3681; x_wconf 79' lang='grc' dir='ltr'><strong>καὶ</strong></span> 
     </span>
    </p>
   </div>
   <div class='ocr_carea' id='block_1_70' title="bbox 2043 3616 3693 3704">
    <p class='ocr_par' dir='ltr' id='par_1_70' title="bbox 2050 3627 3693 3700">
     <span class='ocr_line' id='line_1_70' title="bbox 2050 3627 3693 3700; baseline 0.002 -19"><span class='ocrx_word' id='word_1_525' title='bbox 2050 3643 2233 3700; x_wconf 89' lang='lat' dir='ltr'><strong>gnum</strong></span> <span class='ocrx_word' id='word_1_526' title='bbox 2264 3630 2321 3682; x_wconf 89' lang='lat' dir='ltr'><strong>et</strong></span> <span class='ocrx_word' id='word_1_527' title='bbox 2350 3643 2440 3682; x_wconf 89' lang='lat' dir='ltr'><strong>res</strong></span> <span class='ocrx_word' id='word_1_528' title='bbox 2470 3632 2782 3699; x_wconf 68' lang='lat' dir='ltr'><strong>praesentes</strong></span> <span class='ocrx_word' id='word_1_529' title='bbox 2802 3627 3154 3684; x_wconf 90' lang='lat' dir='ltr'><strong>illustrando</strong></span> <span class='ocrx_word' id='word_1_530' title='bbox 3186 3628 3363 3684; x_wconf 89' lang='lat' dir='ltr'><strong>simul</strong></span> <span class='ocrx_word' id='word_1_531' title='bbox 3393 3645 3459 3684; x_wconf 87' lang='lat' dir='ltr'><strong>ac</strong></span> <span class='ocrx_word' id='word_1_532' title='bbox 3488 3645 3693 3685; x_wconf 87' lang='lat' dir='ltr'><strong>omnes</strong></span> 
     </span>
    </p>
   </div>
   <div class='ocr_carea' id='block_1_71' title="bbox 281 3713 1939 3794">
    <p class='ocr_par' dir='ltr' id='par_1_71' title="bbox 281 3713 1939 3794">
     <span class='ocr_line' id='line_1_71' title="bbox 281 3713 1939 3794; baseline -0.002 -21"><span class='ocrx_word' id='word_1_533' title='bbox 281 3718 509 3794; x_wconf 84' lang='grc' dir='ltr'>βασιλεῖ</span> <span class='ocrx_word' id='word_1_534' title='bbox 537 3714 731 3772; x_wconf 78' lang='grc' dir='ltr'>αὐτίκα</span> <span class='ocrx_word' id='word_1_535' title='bbox 780 3713 1243 3789; x_wconf 77' lang='grc' dir='ltr'>ἐπηκολούθησεν,</span> <span class='ocrx_word' id='word_1_536' title='bbox 1274 3716 1351 3778; x_wconf 87' lang='grc' dir='ltr'><strong>ὡς</strong></span> <span class='ocrx_word' id='word_1_537' title='bbox 1402 3717 1478 3789; x_wconf 79' lang='grc' dir='ltr'>μὴ</span> <span class='ocrx_word' id='word_1_538' title='bbox 1528 3715 1939 3793; x_wconf 82' lang='grc' dir='ltr'>χρησμολόγων</span> 
     </span>
    </p>
   </div>
   <div class='ocr_carea' id='block_1_72' title="bbox 287 3801 1943 3881">
    <p class='ocr_par' dir='ltr' id='par_1_72' title="bbox 287 3801 1943 3881">
     <span class='ocr_line' id='line_1_72' title="bbox 287 3801 1943 3881; baseline -0.003 -20"><span class='ocrx_word' id='word_1_539' title='bbox 287 3804 439 3881; x_wconf 74' lang='grc' dir='ltr'>μηδὲ</span> <span class='ocrx_word' id='word_1_540' title='bbox 496 3827 660 3861; x_wconf 88' lang='grc' dir='ltr'>τινων</span> <span class='ocrx_word' id='word_1_541' title='bbox 701 3804 981 3880; x_wconf 78' lang='grc' dir='ltr'>ἐξηγητῶν</span> <span class='ocrx_word' id='word_1_542' title='bbox 1025 3808 1105 3876; x_wconf 80' lang='grc' dir='ltr'>τῷ</span> <span class='ocrx_word' id='word_1_543' title='bbox 1150 3805 1431 3880; x_wconf 86' lang='grc' dir='ltr'>πράγματι</span> <span class='ocrx_word' id='word_1_544' title='bbox 1481 3801 1612 3876; x_wconf 84' lang='grc' dir='ltr'>δεῖν,</span> <span class='ocrx_word' id='word_1_545' title='bbox 1643 3803 1769 3860; x_wconf 87' lang='grc' dir='ltr'>ἀλλ’</span> <span class='ocrx_word' id='word_1_546' title='bbox 1808 3804 1943 3858; x_wconf 78' lang='grc' dir='ltr'>εἶναι</span> 
     </span>
    </p>
   </div>
   <div class='ocr_carea' id='block_1_73' title="bbox 283 3890 1946 3970">
    <p class='ocr_par' dir='ltr' id='par_1_73' title="bbox 283 3890 1946 3970">
     <span class='ocr_line' id='line_1_73' title="bbox 283 3890 1946 3970; baseline -0.002 -19"><span class='ocrx_word' id='word_1_547' title='bbox 283 3893 466 3966; x_wconf 76' lang='grc' dir='ltr'>δῆλον</span> <span class='ocrx_word' id='word_1_548' title='bbox 499 3892 734 3949; x_wconf 77' lang='grc' dir='ltr'>ἐντεῦθεν</span> <span class='ocrx_word' id='word_1_549' title='bbox 771 3892 853 3948; x_wconf 79' lang='grc' dir='ltr'>ὅτι</span> <span class='ocrx_word' id='word_1_550' title='bbox 887 3914 982 3948; x_wconf 91' lang='grc' dir='ltr'><strong>σου</strong></span> <span class='ocrx_word' id='word_1_551' title='bbox 1007 3895 1106 3962; x_wconf 77' lang='grc' dir='ltr'>τὴν</span> <span class='ocrx_word' id='word_1_552' title='bbox 1143 3890 1419 3970; x_wconf 89' lang='grc' dir='ltr'>βασιλείαν</span> <span class='ocrx_word' id='word_1_553' title='bbox 1450 3894 1539 3948; x_wconf 88' lang='grc' dir='ltr'><strong>καί</strong></span> <span class='ocrx_word' id='word_1_554' title='bbox 1590 3893 1660 3947; x_wconf 77' lang='grc' dir='ltr'><strong>τὰ</strong></span> <span class='ocrx_word' id='word_1_555' title='bbox 1704 3892 1946 3966; x_wconf 89' lang='grc' dir='ltr'>παρόντα</span> 
     </span>
    </p>
   </div>
   <div class='ocr_carea' id='block_1_74' title="bbox 283 3979 1943 4061">
    <p class='ocr_par' dir='ltr' id='par_1_74' title="bbox 283 3979 1943 4061">
     <span class='ocr_line' id='line_1_74' title="bbox 283 3979 1943 4061; baseline -0.002 -22"><span class='ocrx_word' id='word_1_556' title='bbox 283 3983 585 4061; x_wconf 63' lang='grc' dir='ltr'>πόρρωθεν</span> <span class='ocrx_word' id='word_1_557' title='bbox 629 3979 898 4037; x_wconf 81' lang='grc' dir='ltr'>κυδαίνων</span> <span class='ocrx_word' id='word_1_558' title='bbox 949 3981 1101 4053; x_wconf 85' lang='grc' dir='ltr'>Θεὸς,</span> <span class='ocrx_word' id='word_1_559' title='bbox 1150 3981 1241 4036; x_wconf 87' lang='grc' dir='ltr'><strong>καὶ</strong></span> <span class='ocrx_word' id='word_1_560' title='bbox 1279 3980 1394 4054; x_wconf 76' lang='grc' dir='ltr'>ἅμα</span> <span class='ocrx_word' id='word_1_561' title='bbox 1438 3979 1641 4043; x_wconf 85' lang='grc' dir='ltr'>πάντας</span> <span class='ocrx_word' id='word_1_562' title='bbox 1699 3980 1943 4058; x_wconf 84' lang='grc' dir='ltr'>ἐπιστρέ-</span> 
     </span>
    </p>
   </div>
   <div class='ocr_carea' id='block_1_75' title="bbox 284 4066 1947 4152">
    <p class='ocr_par' dir='ltr' id='par_1_75' title="bbox 284 4066 1947 4152">
     <span class='ocr_line' id='line_1_75' title="bbox 284 4066 1947 4152; baseline -0.002 -25"><span class='ocrx_word' id='word_1_563' title='bbox 284 4095 406 4152; x_wconf 64' lang='grc' dir='ltr'>φων</span> <span class='ocrx_word' id='word_1_564' title='bbox 460 4072 603 4147; x_wconf 81' lang='grc' dir='ltr'>πρὸς</span> <span class='ocrx_word' id='word_1_565' title='bbox 649 4071 727 4143; x_wconf 76' lang='grc' dir='ltr'><strong>σὲ,</strong></span> <span class='ocrx_word' id='word_1_566' title='bbox 764 4067 1026 4145; x_wconf 84' lang='grc' dir='ltr'>μεγάλοις</span> <span class='ocrx_word' id='word_1_567' title='bbox 1074 4091 1172 4125; x_wconf 91' lang='grc' dir='ltr'><strong>σου</strong></span> <span class='ocrx_word' id='word_1_568' title='bbox 1218 4071 1286 4124; x_wconf 79' lang='grc' dir='ltr'>τὰ</span> <span class='ocrx_word' id='word_1_569' title='bbox 1329 4067 1576 4146; x_wconf 73' lang='grc' dir='ltr'>γενέθλια</span> <span class='ocrx_word' id='word_1_570' title='bbox 1620 4069 1709 4126; x_wconf 81' lang='grc' dir='ltr'><strong>καὶ</strong></span> <span class='ocrx_word' id='word_1_571' title='bbox 1751 4066 1947 4143; x_wconf 81' lang='grc' dir='ltr'>δεξιοῖς</span> 
     </span>
    </p>
   </div>
   <div class='ocr_carea' id='block_1_76' title="bbox 284 4154 1944 4235">
    <p class='ocr_par' dir='ltr' id='par_1_76' title="bbox 284 4154 1944 4235">
     <span class='ocr_line' id='line_1_76' title="bbox 284 4154 1944 4235; baseline -0.004 -17"><span class='ocrx_word' id='word_1_572' title='bbox 284 4168 411 4224; x_wconf 84' lang='grc' dir='ltr'>τοῖς</span> <span class='ocrx_word' id='word_1_573' title='bbox 458 4154 764 4233; x_wconf 77' lang='grc' dir='ltr'>συμϐόλοις</span> <span class='ocrx_word' id='word_1_574' title='bbox 807 4156 1072 4229; x_wconf 81' lang='grc' dir='ltr'>ἐδόξασεν.</span> <span class='ocrx_word' id='word_1_575' title='bbox 1108 4156 1327 4213; x_wconf 77' lang='grc' dir='ltr'>Ἰταλῶν</span> <span class='ocrx_word' id='word_1_576' title='bbox 1372 4159 1474 4235; x_wconf 79' lang='grc' dir='ltr'>γὰρ</span> <span class='ocrx_word' id='word_1_577' title='bbox 1520 4161 1677 4227; x_wconf 71' lang='grc' dir='ltr'>ἧτται</span> <span class='ocrx_word' id='word_1_578' title='bbox 1723 4161 1801 4233; x_wconf 83' lang='grc'><strong>(6)</strong></span> <span class='ocrx_word' id='word_1_579' title='bbox 1850 4179 1944 4213; x_wconf 89' lang='grc' dir='ltr'>πε-</span> 
     </span>
    </p>
   </div>
   <div class='ocr_carea' id='block_1_77' title="bbox 286 4242 1948 4330">
    <p class='ocr_par' dir='ltr' id='par_1_77' title="bbox 286 4242 1948 4330">
     <span class='ocr_line' id='line_1_77' title="bbox 286 4242 1948 4330; baseline -0.002 -26"><span class='ocrx_word' id='word_1_580' title='bbox 286 4255 544 4330; x_wconf 67' lang='grc' dir='ltr'>ριφανεῖς</span> <span class='ocrx_word' id='word_1_581' title='bbox 592 4249 683 4303; x_wconf 83' lang='grc' dir='ltr'><strong>καὶ</strong></span> <span class='ocrx_word' id='word_1_582' title='bbox 732 4250 841 4302; x_wconf 85' lang='grc' dir='ltr'>οἷαι</span> <span class='ocrx_word' id='word_1_583' title='bbox 893 4242 1046 4302; x_wconf 68' lang='grc' dir='ltr'>οὔπω</span> <span class='ocrx_word' id='word_1_584' title='bbox 1110 4246 1391 4324; x_wconf 85' lang='grc' dir='ltr'>πρότερον,</span> <span class='ocrx_word' id='word_1_585' title='bbox 1437 4246 1526 4301; x_wconf 86' lang='grc' dir='ltr'><strong>καὶ</strong></span> <span class='ocrx_word' id='word_1_586' title='bbox 1570 4251 1789 4322; x_wconf 86' lang='grc' dir='ltr'>Περσῶν</span> <span class='ocrx_word' id='word_1_587' title='bbox 1838 4247 1948 4301; x_wconf 64' lang='grc' dir='ltr'>ἐτέ-</span> 
     </span>
    </p>
   </div>
   <div class='ocr_carea' id='block_1_78' title="bbox 284 4325 1948 4417">
    <p class='ocr_par' dir='ltr' id='par_1_78' title="bbox 284 4325 1948 4417">
     <span class='ocr_line' id='line_1_78' title="bbox 284 4325 1948 4417; baseline -0.004 -22"><span class='ocrx_word' id='word_1_588' title='bbox 284 4325 465 4417; x_wconf 68' lang='grc' dir='ltr'>ρωθεν</span> <span class='ocrx_word' id='word_1_589' title='bbox 549 4325 850 4407; x_wconf 75' lang='grc' dir='ltr'>τηνικαῦτα</span> <span class='ocrx_word' id='word_1_590' title='bbox 930 4329 1203 4410; x_wconf 76' lang='grc' dir='ltr'>συμϐᾶσαι</span> <span class='ocrx_word' id='word_1_591' title='bbox 1287 4334 1561 4411; x_wconf 91' lang='grc' dir='ltr'>παρέσχον</span> <span class='ocrx_word' id='word_1_592' title='bbox 1645 4336 1739 4410; x_wconf 77' lang='grc' dir='ltr'><strong>μὲν</strong></span> <span class='ocrx_word' id='word_1_593' title='bbox 1816 4336 1948 4389; x_wconf 81' lang='grc' dir='ltr'><strong>Ῥω-</strong></span> 
     </span>
    </p>
   </div>
   <div class='ocr_carea' id='block_1_79' title="bbox 288 4422 1948 4503">
    <p class='ocr_par' dir='ltr' id='par_1_79' title="bbox 288 4422 1948 4503">
     <span class='ocr_line' id='line_1_79' title="bbox 288 4422 1948 4503; baseline -0.003 -21"><span class='ocrx_word' id='word_1_594' title='bbox 288 4428 486 4500; x_wconf 82' lang='grc' dir='ltr'>μαίοις</span> <span class='ocrx_word' id='word_1_595' title='bbox 554 4428 657 4495; x_wconf 79' lang='grc' dir='ltr'>τήν</span> <span class='ocrx_word' id='word_1_596' title='bbox 732 4425 995 4498; x_wconf 80' lang='grc' dir='ltr'>ἀμείνονα</span> <span class='ocrx_word' id='word_1_597' title='bbox 1058 4429 1164 4480; x_wconf 90' lang='grc' dir='ltr'><strong>τῶν</strong></span> <span class='ocrx_word' id='word_1_598' title='bbox 1226 4425 1494 4503; x_wconf 75' lang='grc' dir='ltr'>σφετέρων</span> <span class='ocrx_word' id='word_1_599' title='bbox 1563 4422 1948 4501; x_wconf 88' lang='grc' dir='ltr'>πανηγυρίζειν</span> 
     </span>
    </p>
   </div>
   <div class='ocr_carea' id='block_1_80' title="bbox 290 4510 1949 4589">
    <p class='ocr_par' dir='ltr' id='par_1_80' title="bbox 290 4510 1949 4589">
     <span class='ocr_line' id='line_1_80' title="bbox 290 4510 1949 4589; baseline -0.002 -18"><span class='ocrx_word' id='word_1_600' title='bbox 290 4510 641 4589; x_wconf 73' lang='grc' dir='ltr'>μεταϐολὴν,</span> <span class='ocrx_word' id='word_1_601' title='bbox 690 4511 987 4589; x_wconf 81' lang='grc' dir='ltr'>παρέσχον,</span> <span class='ocrx_word' id='word_1_602' title='bbox 1039 4510 1098 4568; x_wconf 72' lang='grc' dir='ltr'>δὲ</span> <span class='ocrx_word' id='word_1_603' title='bbox 1156 4512 1231 4575; x_wconf 81' lang='grc' dir='ltr'>ὡς</span> <span class='ocrx_word' id='word_1_604' title='bbox 1296 4511 1654 4589; x_wconf 78' lang='grc' dir='ltr'>ἐναργέστατα</span> <span class='ocrx_word' id='word_1_605' title='bbox 1710 4518 1949 4586; x_wconf 81' lang='grc' dir='ltr'>προορᾷν</span> 
     </span>
    </p>
   </div>
   <div class='ocr_carea' id='block_1_81' title="bbox 288 4598 1953 4677">
    <p class='ocr_par' dir='ltr' id='par_1_81' title="bbox 288 4598 1953 4677">
     <span class='ocr_line' id='line_1_81' title="bbox 288 4598 1953 4677; baseline -0.002 -18"><span class='ocrx_word' id='word_1_606' title='bbox 288 4604 384 4659; x_wconf 78' lang='grc' dir='ltr'><strong>καὶ</strong></span> <span class='ocrx_word' id='word_1_607' title='bbox 423 4604 528 4672; x_wconf 85' lang='grc' dir='ltr'>τήν</span> <span class='ocrx_word' id='word_1_608' title='bbox 578 4606 851 4677; x_wconf 79' lang='grc' dir='ltr'>παροῦσαν</span> <span class='ocrx_word' id='word_1_609' title='bbox 902 4601 1244 4658; x_wconf 80' lang='grc' dir='ltr'>κατάστασιν.</span> <span class='ocrx_word' id='word_1_610' title='bbox 1277 4601 1374 4656; x_wconf 84' lang='grc' dir='ltr'>Καί</span> <span class='ocrx_word' id='word_1_611' title='bbox 1426 4622 1521 4674; x_wconf 87' lang='grc' dir='ltr'><strong>μοι</strong></span> <span class='ocrx_word' id='word_1_612' title='bbox 1572 4598 1722 4656; x_wconf 87' lang='grc' dir='ltr'>δοκεῖ</span> <span class='ocrx_word' id='word_1_613' title='bbox 1769 4601 1865 4673; x_wconf 87' lang='grc' dir='ltr'>ὡς,</span> <span class='ocrx_word' id='word_1_614' title='bbox 1907 4601 1953 4656; x_wconf 81' lang='grc' dir='ltr'>εἰ</span> 
     </span>
    </p>
   </div>
   <div class='ocr_carea' id='block_1_82' title="bbox 2051 3716 3693 3788">
    <p class='ocr_par' dir='ltr' id='par_1_82' title="bbox 2051 3716 3693 3788">
     <span class='ocr_line' id='line_1_82' title="bbox 2051 3716 3693 3788; baseline 0.001 -18"><span class='ocrx_word' id='word_1_615' title='bbox 2051 3716 2124 3770; x_wconf 92' lang='lat' dir='ltr'><strong>ad</strong></span> <span class='ocrx_word' id='word_1_616' title='bbox 2154 3719 2209 3770; x_wconf 89' lang='lat' dir='ltr'><strong>te</strong></span> <span class='ocrx_word' id='word_1_617' title='bbox 2240 3716 2646 3782; x_wconf 88' lang='lat' dir='ltr'><strong>convertendo,</strong></span> <span class='ocrx_word' id='word_1_618' title='bbox 2679 3717 2910 3787; x_wconf 89' lang='lat' dir='ltr'><strong>magnis</strong></span> <span class='ocrx_word' id='word_1_619' title='bbox 2935 3720 2991 3772; x_wconf 90' lang='lat' dir='ltr'><strong>et</strong></span> <span class='ocrx_word' id='word_1_620' title='bbox 3019 3716 3231 3772; x_wconf 84' lang='lat' dir='ltr'><strong>faustis</strong></span> <span class='ocrx_word' id='word_1_621' title='bbox 3261 3716 3448 3788; x_wconf 87' lang='lat' dir='ltr'><strong>signis</strong></span> <span class='ocrx_word' id='word_1_622' title='bbox 3476 3716 3693 3773; x_wconf 83' lang='lat' dir='ltr'><strong>natalia</strong></span> 
     </span>
    </p>
   </div>
   <div class='ocr_carea' id='block_1_83' title="bbox 2053 3803 3694 3875">
    <p class='ocr_par' dir='ltr' id='par_1_83' title="bbox 2053 3803 3694 3875">
     <span class='ocr_line' id='line_1_83' title="bbox 2053 3803 3694 3875; baseline 0.002 -17"><span class='ocrx_word' id='word_1_623' title='bbox 2053 3803 2430 3875; x_wconf 87' lang='lat' dir='ltr'><strong>gloriﬁcasse.</strong></span> <span class='ocrx_word' id='word_1_624' title='bbox 2480 3804 2799 3859; x_wconf 59' lang='lat' dir='ltr'><strong>Manifesta</strong></span> <span class='ocrx_word' id='word_1_625' title='bbox 2845 3806 3003 3859; x_wconf 90' lang='lat' dir='ltr'><strong>enim</strong></span> <span class='ocrx_word' id='word_1_626' title='bbox 3057 3805 3335 3861; x_wconf 89' lang='lat' dir='ltr'><strong>Italorum</strong></span> <span class='ocrx_word' id='word_1_627' title='bbox 3382 3806 3579 3862; x_wconf 90' lang='lat' dir='ltr'><strong>clades</strong></span> <span class='ocrx_word' id='word_1_628' title='bbox 3637 3810 3694 3861; x_wconf 91' lang='lat' dir='ltr'><strong>et</strong></span> 
     </span>
    </p>
   </div>
   <div class='ocr_carea' id='block_1_84' title="bbox 2055 3891 3691 3966">
    <p class='ocr_par' dir='ltr' id='par_1_84' title="bbox 2055 3891 3691 3966">
     <span class='ocr_line' id='line_1_84' title="bbox 2055 3891 3691 3966; baseline 0.003 -20"><span class='ocrx_word' id='word_1_629' title='bbox 2055 3891 2256 3964; x_wconf 89' lang='lat' dir='ltr'><strong>quales</strong></span> <span class='ocrx_word' id='word_1_630' title='bbox 2281 3896 2453 3947; x_wconf 89' lang='lat' dir='ltr'><strong>antea</strong></span> <span class='ocrx_word' id='word_1_631' title='bbox 2481 3909 2786 3963; x_wconf 88' lang='lat' dir='ltr'><strong>nunquam</strong></span> <span class='ocrx_word' id='word_1_632' title='bbox 2838 3894 3086 3962; x_wconf 87' lang='lat' dir='ltr'><strong>fuerant,</strong></span> <span class='ocrx_word' id='word_1_633' title='bbox 3119 3899 3178 3950; x_wconf 92' lang='lat' dir='ltr'><strong>et</strong></span> <span class='ocrx_word' id='word_1_634' title='bbox 3224 3895 3533 3951; x_wconf 90' lang='lat' dir='ltr'><strong>Persarum</strong></span> <span class='ocrx_word' id='word_1_635' title='bbox 3563 3912 3691 3966; x_wconf 61' lang='lat' dir='ltr'><strong>qua:</strong></span> 
     </span>
    </p>
   </div>
   <div class='ocr_carea' id='block_1_85' title="bbox 2054 3980 3698 4052">
    <p class='ocr_par' dir='ltr' id='par_1_85' title="bbox 2054 3980 3698 4052">
     <span class='ocr_line' id='line_1_85' title="bbox 2054 3980 3698 4052; baseline 0.002 -16"><span class='ocrx_word' id='word_1_636' title='bbox 2054 3986 2197 4037; x_wconf 90' lang='lat' dir='ltr'><strong>tunc</strong></span> <span class='ocrx_word' id='word_1_637' title='bbox 2244 3980 2524 4052; x_wconf 87' lang='lat' dir='ltr'><strong>temporis</strong></span> <span class='ocrx_word' id='word_1_638' title='bbox 2572 3996 2810 4036; x_wconf 89' lang='lat' dir='ltr'><strong>evenere</strong></span> <span class='ocrx_word' id='word_1_639' title='bbox 2855 3981 2915 4037; x_wconf 92' lang='lat' dir='ltr'><strong>in</strong></span> <span class='ocrx_word' id='word_1_640' title='bbox 2964 3981 3072 4038; x_wconf 92' lang='lat' dir='ltr'><strong>hoc</strong></span> <span class='ocrx_word' id='word_1_641' title='bbox 3104 3982 3398 4040; x_wconf 86' lang='lat' dir='ltr'><strong>Romanos</strong></span> <span class='ocrx_word' id='word_1_642' title='bbox 3445 3984 3698 4040; x_wconf 87' lang='lat' dir='ltr'><strong>adduxe-</strong></span> 
     </span>
    </p>
   </div>
   <div class='ocr_carea' id='block_1_86' title="bbox 2056 4068 3695 4143">
    <p class='ocr_par' dir='ltr' id='par_1_86' title="bbox 2056 4068 3695 4143">
     <span class='ocr_line' id='line_1_86' title="bbox 2056 4068 3695 4143; baseline 0.002 -20"><span class='ocrx_word' id='word_1_643' title='bbox 2056 4072 2195 4124; x_wconf 91' lang='lat' dir='ltr'><strong>runt</strong></span> <span class='ocrx_word' id='word_1_644' title='bbox 2225 4073 2290 4124; x_wconf 92' lang='lat' dir='ltr'><strong>ut</strong></span> <span class='ocrx_word' id='word_1_645' title='bbox 2311 4068 2613 4124; x_wconf 86' lang='lat' dir='ltr'><strong>meliorem</strong></span> <span class='ocrx_word' id='word_1_646' title='bbox 2652 4085 2896 4125; x_wconf 90' lang='lat' dir='ltr'><strong>suorum</strong></span> <span class='ocrx_word' id='word_1_647' title='bbox 2914 4071 3209 4126; x_wconf 90' lang='lat' dir='ltr'><strong>celebrent</strong></span> <span class='ocrx_word' id='word_1_648' title='bbox 3232 4072 3695 4143; x_wconf 89' lang='lat' dir='ltr'><strong>conversionem,</strong></span> 
     </span>
    </p>
   </div>
   <div class='ocr_carea' id='block_1_87' title="bbox 2056 4157 3700 4233">
    <p class='ocr_par' dir='ltr' id='par_1_87' title="bbox 2056 4157 3700 4233">
     <span class='ocr_line' id='line_1_87' title="bbox 2056 4157 3700 4233; baseline 0.003 -22"><span class='ocrx_word' id='word_1_649' title='bbox 2056 4157 2115 4212; x_wconf 91' lang='lat' dir='ltr'><strong>in</strong></span> <span class='ocrx_word' id='word_1_650' title='bbox 2147 4157 2255 4213; x_wconf 91' lang='lat' dir='ltr'><strong>hoc</strong></span> <span class='ocrx_word' id='word_1_651' title='bbox 2286 4157 2465 4213; x_wconf 88' lang='lat' dir='ltr'><strong>etiam</strong></span> <span class='ocrx_word' id='word_1_652' title='bbox 2494 4158 2861 4214; x_wconf 86' lang='lat' dir='ltr'><strong>adduxerunt</strong></span> <span class='ocrx_word' id='word_1_653' title='bbox 2907 4163 2972 4214; x_wconf 91' lang='lat' dir='ltr'><strong>ut</strong></span> <span class='ocrx_word' id='word_1_654' title='bbox 3013 4159 3448 4217; x_wconf 74' lang='lat' dir='ltr'><strong>evidentissima</strong></span> <span class='ocrx_word' id='word_1_655' title='bbox 3478 4177 3700 4233; x_wconf 70' lang='lat' dir='ltr'><strong>praeno-</strong></span> 
     </span>
    </p>
   </div>
   <div class='ocr_carea' id='block_1_88' title="bbox 2058 4247 3704 4319">
    <p class='ocr_par' dir='ltr' id='par_1_88' title="bbox 2058 4247 3704 4319">
     <span class='ocr_line' id='line_1_88' title="bbox 2058 4247 3704 4319; baseline 0.001 -17"><span class='ocrx_word' id='word_1_656' title='bbox 2058 4252 2225 4302; x_wconf 89' lang='lat' dir='ltr'><strong>scant</strong></span> <span class='ocrx_word' id='word_1_657' title='bbox 2271 4251 2615 4318; x_wconf 79' lang='lat' dir='ltr'><strong>praesentem</strong></span> <span class='ocrx_word' id='word_1_658' title='bbox 2664 4247 3128 4319; x_wconf 84' lang='lat' dir='ltr'><strong>prosperitatem.</strong></span> <span class='ocrx_word' id='word_1_659' title='bbox 3178 4249 3248 4303; x_wconf 90' lang='lat' dir='ltr'><strong>Et</strong></span> <span class='ocrx_word' id='word_1_660' title='bbox 3277 4249 3421 4304; x_wconf 91' lang='lat' dir='ltr'><strong>mihi</strong></span> <span class='ocrx_word' id='word_1_661' title='bbox 3474 4250 3704 4306; x_wconf 84' lang='lat' dir='ltr'><strong>videtur</strong></span> 
     </span>
    </p>
   </div>
   <div class='ocr_carea' id='block_1_89' title="bbox 2060 4334 3705 4406">
    <p class='ocr_par' dir='ltr' id='par_1_89' title="bbox 2060 4334 3705 4406">
     <span class='ocr_line' id='line_1_89' title="bbox 2060 4334 3705 4406; baseline 0.002 -16"><span class='ocrx_word' id='word_1_662' title='bbox 2060 4336 2215 4406; x_wconf 91' lang='lat' dir='ltr'><strong>quod</strong></span> <span class='ocrx_word' id='word_1_663' title='bbox 2248 4334 2298 4389; x_wconf 91' lang='lat' dir='ltr'><strong>si</strong></span> <span class='ocrx_word' id='word_1_664' title='bbox 2348 4340 2527 4406; x_wconf 70' lang='lat' dir='ltr'><strong>poetas</strong></span> <span class='ocrx_word' id='word_1_665' title='bbox 2561 4335 2622 4391; x_wconf 91' lang='lat' dir='ltr'><strong>in</strong></span> <span class='ocrx_word' id='word_1_666' title='bbox 2675 4342 2873 4392; x_wconf 87' lang='lat' dir='ltr'><strong>nostra</strong></span> <span class='ocrx_word' id='word_1_667' title='bbox 2904 4341 3070 4393; x_wconf 74' lang='lat' dir='ltr'><strong>astate</strong></span> <span class='ocrx_word' id='word_1_668' title='bbox 3120 4337 3379 4395; x_wconf 89' lang='lat' dir='ltr'><strong>viverent</strong></span> <span class='ocrx_word' id='word_1_669' title='bbox 3427 4342 3484 4393; x_wconf 88' lang='lat' dir='ltr'><strong>et</strong></span> <span class='ocrx_word' id='word_1_670' title='bbox 3530 4338 3705 4394; x_wconf 85' lang='lat' dir='ltr'><strong>rebus</strong></span> 
     </span>
    </p>
   </div>
   <div class='ocr_carea' id='block_1_90' title="bbox 2061 4424 3704 4498">
    <p class='ocr_par' dir='ltr' id='par_1_90' title="bbox 2061 4424 3704 4498">
     <span class='ocr_line' id='line_1_90' title="bbox 2061 4424 3704 4498; baseline 0.002 -19"><span class='ocrx_word' id='word_1_671' title='bbox 2061 4441 2189 4496; x_wconf 79' lang='lat' dir='ltr'><strong>quae</strong></span> <span class='ocrx_word' id='word_1_672' title='bbox 2217 4428 2345 4479; x_wconf 90' lang='lat' dir='ltr'><strong>tum</strong></span> <span class='ocrx_word' id='word_1_673' title='bbox 2395 4424 2765 4495; x_wconf 89' lang='lat' dir='ltr'><strong>contigerunt</strong></span> <span class='ocrx_word' id='word_1_674' title='bbox 2812 4426 3103 4494; x_wconf 89' lang='lat' dir='ltr'><strong>adessent,</strong></span> <span class='ocrx_word' id='word_1_675' title='bbox 3136 4426 3527 4498; x_wconf 82' lang='lat' dir='ltr'><strong>neglexissent</strong></span> <span class='ocrx_word' id='word_1_676' title='bbox 3569 4427 3704 4498; x_wconf 81' lang='lat' dir='ltr'><strong>qui-</strong></span> 
     </span>
    </p>
   </div>
   <div class='ocr_carea' id='block_1_91' title="bbox 2063 4512 3707 4587">
    <p class='ocr_par' dir='ltr' id='par_1_91' title="bbox 2063 4512 3707 4587">
     <span class='ocr_line' id='line_1_91' title="bbox 2063 4512 3707 4587; baseline 0.002 -20"><span class='ocrx_word' id='word_1_677' title='bbox 2063 4514 2196 4568; x_wconf 92' lang='lat' dir='ltr'><strong>dem</strong></span> <span class='ocrx_word' id='word_1_678' title='bbox 2222 4512 2513 4568; x_wconf 89' lang='lat' dir='ltr'><strong>celebrare</strong></span> <span class='ocrx_word' id='word_1_679' title='bbox 2555 4512 2700 4568; x_wconf 91' lang='lat' dir='ltr'><strong>illud</strong></span> <span class='ocrx_word' id='word_1_680' title='bbox 2749 4513 3033 4585; x_wconf 88' lang='lat' dir='ltr'><strong>Herculis,</strong></span> <span class='ocrx_word' id='word_1_681' title='bbox 3065 4515 3219 4587; x_wconf 90' lang='lat' dir='ltr'><strong>quod</strong></span> <span class='ocrx_word' id='word_1_682' title='bbox 3271 4516 3569 4582; x_wconf 89' lang='lat' dir='ltr'><strong>dracones,</strong></span> <span class='ocrx_word' id='word_1_683' title='bbox 3603 4515 3707 4587; x_wconf 90' lang='lat' dir='ltr'><strong>qui</strong></span> 
     </span>
    </p>
   </div>
   <div class='ocr_carea' id='block_1_92' title="bbox 2063 4601 3710 4675">
    <p class='ocr_par' dir='ltr' id='par_1_92' title="bbox 2063 4601 3710 4675">
     <span class='ocr_line' id='line_1_92' title="bbox 2063 4601 3710 4675; baseline 0.001 -17"><span class='ocrx_word' id='word_1_684' title='bbox 2063 4603 2135 4658; x_wconf 90' lang='lat' dir='ltr'><strong>ad</strong></span> <span class='ocrx_word' id='word_1_685' title='bbox 2166 4618 2301 4657; x_wconf 89' lang='lat' dir='ltr'><strong>eum</strong></span> <span class='ocrx_word' id='word_1_686' title='bbox 2331 4601 2424 4656; x_wconf 86' lang='lat' dir='ltr'><strong>vix</strong></span> <span class='ocrx_word' id='word_1_687' title='bbox 2462 4606 2670 4657; x_wconf 89' lang='lat' dir='ltr'><strong>natum</strong></span> <span class='ocrx_word' id='word_1_688' title='bbox 2717 4608 3112 4672; x_wconf 90' lang='lat' dir='ltr'><strong>accesserunt,</strong></span> <span class='ocrx_word' id='word_1_689' title='bbox 3147 4602 3441 4675; x_wconf 86' lang='lat' dir='ltr'><strong>perierint,</strong></span> <span class='ocrx_word' id='word_1_690' title='bbox 3474 4605 3573 4659; x_wconf 89' lang='lat' dir='ltr'><strong>sed</strong></span> <span class='ocrx_word' id='word_1_691' title='bbox 3606 4608 3710 4660; x_wconf 89' lang='lat' dir='ltr'><strong>tua</strong></span> 
     </span>
    </p>
   </div>
   <div class='ocr_carea' id='block_1_93' title="bbox 290 4688 1934 4767">
    <p class='ocr_par' dir='ltr' id='par_1_93' title="bbox 290 4688 1934 4767">
     <span class='ocr_line' id='line_1_93' title="bbox 290 4688 1934 4767; baseline -0.004 -20"><span class='ocrx_word' id='word_1_692' title='bbox 290 4691 527 4763; x_wconf 79' lang='grc' dir='ltr'>ποιηταὶ</span> <span class='ocrx_word' id='word_1_693' title='bbox 557 4691 657 4746; x_wconf 84' lang='grc' dir='ltr'><strong>κάν</strong></span> <span class='ocrx_word' id='word_1_694' title='bbox 694 4695 775 4764; x_wconf 76' lang='grc' dir='ltr'>τῷ</span> <span class='ocrx_word' id='word_1_695' title='bbox 803 4691 917 4745; x_wconf 88' lang='grc' dir='ltr'>καθ’</span> <span class='ocrx_word' id='word_1_696' title='bbox 948 4692 1097 4763; x_wconf 78' lang='grc' dir='ltr'>ἡμᾶς</span> <span class='ocrx_word' id='word_1_697' title='bbox 1128 4690 1262 4760; x_wconf 78' lang='grc' dir='ltr'>ἦσαν</span> <span class='ocrx_word' id='word_1_698' title='bbox 1294 4688 1485 4767; x_wconf 88' lang='grc' dir='ltr'>χρόνῳ</span> <span class='ocrx_word' id='word_1_699' title='bbox 1530 4689 1620 4745; x_wconf 86' lang='grc' dir='ltr'><strong>καὶ</strong></span> <span class='ocrx_word' id='word_1_700' title='bbox 1666 4695 1784 4745; x_wconf 84' lang='grc' dir='ltr'>τοῖς</span> <span class='ocrx_word' id='word_1_701' title='bbox 1832 4688 1934 4744; x_wconf 63' lang='grc' dir='ltr'>τότι</span> 
     </span>
    </p>
   </div>
   <div class='ocr_carea' id='block_1_94' title="bbox 2043 4688 3712 4767">
    <p class='ocr_par' dir='ltr' id='par_1_94' title="bbox 2064 4689 3712 4763">
     <span class='ocr_line' id='line_1_94' title="bbox 2064 4689 3712 4763; baseline 0.002 -17"><span class='ocrx_word' id='word_1_702' title='bbox 2064 4695 2294 4746; x_wconf 88' lang='lat' dir='ltr'><strong>tantum</strong></span> <span class='ocrx_word' id='word_1_703' title='bbox 2352 4690 2571 4746; x_wconf 89' lang='lat' dir='ltr'><strong>natalia</strong></span> <span class='ocrx_word' id='word_1_704' title='bbox 2614 4689 3025 4758; x_wconf 89' lang='lat' dir='ltr'><strong>celebrassent,</strong></span> <span class='ocrx_word' id='word_1_705' title='bbox 3057 4696 3263 4763; x_wconf 75' lang='lat' dir='ltr'><strong>praeter</strong></span> <span class='ocrx_word' id='word_1_706' title='bbox 3312 4693 3554 4748; x_wconf 90' lang='lat' dir='ltr'><strong>modum</strong></span> <span class='ocrx_word' id='word_1_707' title='bbox 3609 4691 3712 4749; x_wconf 91' lang='lat' dir='ltr'><strong>illa</strong></span> 
     </span>
    </p>
   </div>
   <div class='ocr_carea' id='block_1_95' title="bbox 298 4775 1954 4857">
    <p class='ocr_par' dir='ltr' id='par_1_95' title="bbox 298 4775 1954 4857">
     <span class='ocr_line' id='line_1_95' title="bbox 298 4775 1954 4857; baseline -0.002 -21"><span class='ocrx_word' id='word_1_708' title='bbox 298 4780 620 4857; x_wconf 83' lang='grc' dir='ltr'>γενομένοις</span> <span class='ocrx_word' id='word_1_709' title='bbox 701 4786 968 4854; x_wconf 81' lang='grc' dir='ltr'>παρῆσαν,</span> <span class='ocrx_word' id='word_1_710' title='bbox 1026 4786 1276 4855; x_wconf 81' lang='grc' dir='ltr'>παρῆκαν</span> <span class='ocrx_word' id='word_1_711' title='bbox 1353 4780 1447 4852; x_wconf 77' lang='grc' dir='ltr'><strong>μὲν</strong></span> <span class='ocrx_word' id='word_1_712' title='bbox 1521 4775 1668 4850; x_wconf 77' lang='grc' dir='ltr'>ᾅδειν</span> <span class='ocrx_word' id='word_1_713' title='bbox 1720 4778 1783 4833; x_wconf 87' lang='grc' dir='ltr'>τὸ</span> <span class='ocrx_word' id='word_1_714' title='bbox 1837 4778 1954 4833; x_wconf 78' lang='grc' dir='ltr'>καθ’</span> 
     </span>
    </p>
   </div>
   <div class='ocr_carea' id='block_1_96' title="bbox 295 4864 1958 4944">
    <p class='ocr_par' dir='ltr' id='par_1_96' title="bbox 295 4864 1958 4944">
     <span class='ocr_line' id='line_1_96' title="bbox 295 4864 1958 4944; baseline -0.002 -19"><span class='ocrx_word' id='word_1_715' title='bbox 295 4868 597 4943; x_wconf 75' lang='grc' dir='ltr'>Ἡρακλέα,</span> <span class='ocrx_word' id='word_1_716' title='bbox 628 4866 711 4923; x_wconf 81' lang='grc' dir='ltr'>ὅτι</span> <span class='ocrx_word' id='word_1_717' title='bbox 744 4865 1030 4944; x_wconf 83' lang='grc' dir='ltr'>δράκοντες</span> <span class='ocrx_word' id='word_1_718' title='bbox 1069 4866 1215 4939; x_wconf 81' lang='grc' dir='ltr'>αύτῷ</span> <span class='ocrx_word' id='word_1_719' title='bbox 1254 4864 1376 4942; x_wconf 78' lang='grc' dir='ltr'>ἄρτι</span> <span class='ocrx_word' id='word_1_720' title='bbox 1426 4868 1732 4943; x_wconf 87' lang='grc' dir='ltr'>γεννηθέντι</span> <span class='ocrx_word' id='word_1_721' title='bbox 1784 4886 1958 4940; x_wconf 87' lang='grc' dir='ltr'>προσ-</span> 
     </span>
    </p>
   </div>
   <div class='ocr_carea' id='block_1_97' title="bbox 2066 4778 3712 4853">
    <p class='ocr_par' dir='ltr' id='par_1_97' title="bbox 2066 4778 3712 4853">
     <span class='ocr_line' id='line_1_97' title="bbox 2066 4778 3712 4853; baseline 0.001 -18"><span class='ocrx_word' id='word_1_722' title='bbox 2066 4779 2348 4835; x_wconf 89' lang='lat' dir='ltr'><strong>mirantes</strong></span> <span class='ocrx_word' id='word_1_723' title='bbox 2411 4784 2469 4834; x_wconf 87' lang='lat' dir='ltr'><strong>et</strong></span> <span class='ocrx_word' id='word_1_724' title='bbox 2521 4778 2642 4835; x_wconf 90' lang='lat' dir='ltr'><strong>illis</strong></span> <span class='ocrx_word' id='word_1_725' title='bbox 2697 4796 2901 4835; x_wconf 88' lang='lat' dir='ltr'><strong>omnes</strong></span> <span class='ocrx_word' id='word_1_726' title='bbox 2960 4779 3222 4835; x_wconf 87' lang='lat' dir='ltr'><strong>carmina</strong></span> <span class='ocrx_word' id='word_1_727' title='bbox 3282 4780 3712 4853; x_wconf 86' lang='lat' dir='ltr'><strong>impendentes,</strong></span> 
     </span>
    </p>
   </div>
   <div class='ocr_carea' id='block_1_98' title="bbox 2068 4867 3718 4942">
    <p class='ocr_par' dir='ltr' id='par_1_98' title="bbox 2068 4867 3718 4942">
     <span class='ocr_line' id='line_1_98' title="bbox 2068 4867 3718 4942; baseline 0.002 -19"><span class='ocrx_word' id='word_1_728' title='bbox 2068 4867 2346 4941; x_wconf 89' lang='lat' dir='ltr'><strong>quoniam</strong></span> <span class='ocrx_word' id='word_1_729' title='bbox 2390 4872 2448 4922; x_wconf 88' lang='lat' dir='ltr'><strong>te</strong></span> <span class='ocrx_word' id='word_1_730' title='bbox 2498 4868 2569 4923; x_wconf 90' lang='lat' dir='ltr'><strong>ab</strong></span> <span class='ocrx_word' id='word_1_731' title='bbox 2620 4867 2992 4923; x_wconf 89' lang='lat' dir='ltr'><strong>incunabulis</strong></span> <span class='ocrx_word' id='word_1_732' title='bbox 3022 4869 3149 4923; x_wconf 73' lang='lat' dir='ltr'><strong>duae</strong></span> <span class='ocrx_word' id='word_1_733' title='bbox 3198 4870 3466 4925; x_wconf 64' lang='lat' dir='ltr'><strong>maxime</strong></span> <span class='ocrx_word' id='word_1_734' title='bbox 3513 4876 3718 4942; x_wconf 88' lang='lat' dir='ltr'><strong>gentes</strong></span> 
     </span>
    </p>
   </div>
   <div class='ocr_carea' id='block_1_99' title="bbox 302 4952 1934 5050">
    <p class='ocr_par' dir='ltr' id='par_1_99' title="bbox 302 4952 1934 5030">
     <span class='ocr_line' id='line_1_99' title="bbox 302 4952 1934 5030; baseline -0.002 -17"><span class='ocrx_word' id='word_1_735' title='bbox 302 4959 512 5019; x_wconf 76' lang='grc' dir='ltr'>τιόντες</span> <span class='ocrx_word' id='word_1_736' title='bbox 563 4956 849 5028; x_wconf 81' lang='grc' dir='ltr'>ἀπέθανον,</span> <span class='ocrx_word' id='word_1_737' title='bbox 880 4954 1012 5030; x_wconf 72' lang='grc' dir='ltr'>ᾖδον</span> <span class='ocrx_word' id='word_1_738' title='bbox 1056 4952 1102 5009; x_wconf 86' lang='grc' dir='ltr'>δ’</span> <span class='ocrx_word' id='word_1_739' title='bbox 1151 4954 1210 5011; x_wconf 81' lang='grc' dir='ltr'>ἂν</span> <span class='ocrx_word' id='word_1_740' title='bbox 1268 4955 1408 5028; x_wconf 89' lang='grc' dir='ltr'>μόνα</span> <span class='ocrx_word' id='word_1_741' title='bbox 1451 4957 1519 5010; x_wconf 82' lang='grc' dir='ltr'><strong>τὰ</strong></span> <span class='ocrx_word' id='word_1_742' title='bbox 1561 4956 1696 5011; x_wconf 84' lang='grc' dir='ltr'><strong>κατά</strong></span> <span class='ocrx_word' id='word_1_743' title='bbox 1726 4956 1802 5028; x_wconf 72' lang='grc' dir='ltr'><strong>σε,</strong></span> <span class='ocrx_word' id='word_1_744' title='bbox 1837 4967 1934 5019; x_wconf 84' lang='grc' dir='ltr'><strong>θαυ</strong></span> 
     </span>
    </p>
   </div>
   <div class='ocr_carea' id='block_1_100' title="bbox 2043 4952 3719 5050">
    <p class='ocr_par' dir='ltr' id='par_1_100' title="bbox 2072 4955 3719 5031">
     <span class='ocr_line' id='line_1_100' title="bbox 2072 4955 3719 5031; baseline 0.002 -19"><span class='ocrx_word' id='word_1_745' title='bbox 2072 4955 2582 5029; x_wconf 86' lang='lat' dir='ltr'><strong>aggrediebantur,</strong></span> <span class='ocrx_word' id='word_1_746' title='bbox 2615 4973 2791 5028; x_wconf 88' lang='lat' dir='ltr'><strong>regno</strong></span> <span class='ocrx_word' id='word_1_747' title='bbox 2832 4960 2935 5012; x_wconf 87' lang='lat' dir='ltr'><strong>tuo</strong></span> <span class='ocrx_word' id='word_1_748' title='bbox 2983 4957 3213 5013; x_wconf 85' lang='lat' dir='ltr'><strong>ofﬁcere</strong></span> <span class='ocrx_word' id='word_1_749' title='bbox 3262 4957 3588 5031; x_wconf 85' lang='lat' dir='ltr'><strong>molientes,</strong></span> <span class='ocrx_word' id='word_1_750' title='bbox 3619 4976 3719 5031; x_wconf 82' lang='lat' dir='ltr'><strong>ag-</strong></span> 
     </span>
    </p>
   </div>
   <div class='ocr_carea' id='block_1_101' title="bbox 310 5042 1967 5121">
    <p class='ocr_par' dir='ltr' id='par_1_101' title="bbox 310 5042 1967 5121">
     <span class='ocr_line' id='line_1_101' title="bbox 310 5042 1967 5121; baseline -0.002 -19"><span class='ocrx_word' id='word_1_751' title='bbox 310 5049 578 5121; x_wconf 76' lang='grc' dir='ltr'>μάζοντες</span> <span class='ocrx_word' id='word_1_752' title='bbox 626 5045 871 5108; x_wconf 81' lang='grc' dir='ltr'>ἐκτόπως</span> <span class='ocrx_word' id='word_1_753' title='bbox 920 5044 1056 5099; x_wconf 84' lang='grc' dir='ltr'><strong>αύτά</strong></span> <span class='ocrx_word' id='word_1_754' title='bbox 1098 5044 1188 5099; x_wconf 81' lang='grc' dir='ltr'><strong>καὶ</strong></span> <span class='ocrx_word' id='word_1_755' title='bbox 1233 5045 1335 5113; x_wconf 81' lang='grc' dir='ltr'>τήν</span> <span class='ocrx_word' id='word_1_756' title='bbox 1385 5042 1522 5115; x_wconf 82' lang='grc' dir='ltr'>ὅλην</span> <span class='ocrx_word' id='word_1_757' title='bbox 1565 5045 1832 5117; x_wconf 71' lang='grc' dir='ltr'>μουσικὴν</span> <span class='ocrx_word' id='word_1_758' title='bbox 1884 5042 1967 5098; x_wconf 86' lang='grc' dir='ltr'>ἐπ’</span> 
     </span>
    </p>
   </div>
   <div class='ocr_carea' id='block_1_102' title="bbox 307 5132 1965 5209">
    <p class='ocr_par' dir='ltr' id='par_1_102' title="bbox 307 5132 1965 5209">
     <span class='ocr_line' id='line_1_102' title="bbox 307 5132 1965 5209; baseline -0.003 -18"><span class='ocrx_word' id='word_1_759' title='bbox 307 5137 498 5199; x_wconf 76' lang='grc' dir='ltr'>αύτοῖς</span> <span class='ocrx_word' id='word_1_760' title='bbox 552 5133 954 5207; x_wconf 84' lang='grc' dir='ltr'>ἀναλίσκοντες,</span> <span class='ocrx_word' id='word_1_761' title='bbox 986 5132 1069 5188; x_wconf 79' lang='grc' dir='ltr'>ὅτι</span> <span class='ocrx_word' id='word_1_762' title='bbox 1116 5153 1202 5187; x_wconf 91' lang='grc' dir='ltr'><strong>σοι</strong></span> <span class='ocrx_word' id='word_1_763' title='bbox 1265 5134 1403 5209; x_wconf 83' lang='grc' dir='ltr'>πρὸς</span> <span class='ocrx_word' id='word_1_764' title='bbox 1463 5138 1578 5195; x_wconf 87' lang='grc' dir='ltr'>τοῖς</span> <span class='ocrx_word' id='word_1_765' title='bbox 1643 5133 1965 5207; x_wconf 79' lang='grc' dir='ltr'>σπαργάνοις</span> 
     </span>
    </p>
   </div>
   <div class='ocr_carea' id='block_1_103' title="bbox 2076 5045 3725 5118">
    <p class='ocr_par' dir='ltr' id='par_1_103' title="bbox 2076 5045 3725 5118">
     <span class='ocr_line' id='line_1_103' title="bbox 2076 5045 3725 5118; baseline 0.002 -19"><span class='ocrx_word' id='word_1_766' title='bbox 2076 5062 2290 5118; x_wconf 68' lang='lat' dir='ltr'><strong>gressze</strong></span> <span class='ocrx_word' id='word_1_767' title='bbox 2318 5048 2512 5100; x_wconf 91' lang='lat' dir='ltr'><strong>autem</strong></span> <span class='ocrx_word' id='word_1_768' title='bbox 2564 5045 2820 5117; x_wconf 88' lang='lat' dir='ltr'><strong>pessime</strong></span> <span class='ocrx_word' id='word_1_769' title='bbox 2867 5046 3184 5117; x_wconf 85' lang='lat' dir='ltr'><strong>perierunt,</strong></span> <span class='ocrx_word' id='word_1_770' title='bbox 3219 5063 3351 5102; x_wconf 91' lang='lat' dir='ltr'><strong>cum</strong></span> <span class='ocrx_word' id='word_1_771' title='bbox 3402 5048 3593 5103; x_wconf 89' lang='lat' dir='ltr'><strong>fausta</strong></span> <span class='ocrx_word' id='word_1_772' title='bbox 3620 5052 3725 5103; x_wconf 90' lang='lat' dir='ltr'><strong>tua</strong></span> 
     </span>
    </p>
   </div>
   <div class='ocr_carea' id='block_1_104' title="bbox 2080 5134 3537 5206">
    <p class='ocr_par' dir='ltr' id='par_1_104' title="bbox 2080 5134 3537 5206">
     <span class='ocr_line' id='line_1_104' title="bbox 2080 5134 3537 5206; baseline 0.002 -18"><span class='ocrx_word' id='word_1_773' title='bbox 2080 5135 2315 5189; x_wconf 83' lang='lat' dir='ltr'><strong>fortuna</strong></span> <span class='ocrx_word' id='word_1_774' title='bbox 2344 5149 2447 5205; x_wconf 89' lang='lat' dir='ltr'><strong>per</strong></span> <span class='ocrx_word' id='word_1_775' title='bbox 2476 5150 2716 5189; x_wconf 90' lang='lat' dir='ltr'><strong>manum</strong></span> <span class='ocrx_word' id='word_1_776' title='bbox 2749 5139 3048 5206; x_wconf 90' lang='lat' dir='ltr'><strong>paternam</strong></span> <span class='ocrx_word' id='word_1_777' title='bbox 3078 5134 3195 5190; x_wconf 91' lang='lat' dir='ltr'><strong>illis</strong></span> <span class='ocrx_word' id='word_1_778' title='bbox 3225 5136 3537 5192; x_wconf 84' lang='lat' dir='ltr'><strong>obstiterit.</strong></span> 
     </span>
    </p>
   </div>
   <div class='ocr_carea' id='block_1_105' title="bbox 308 5219 3724 5301">
    <p class='ocr_par' dir='ltr' id='par_1_105' title="bbox 308 5219 3724 5301">
     <span class='ocr_line' id='line_1_105' title="bbox 308 5219 3724 5301; baseline -0.001 -22"><span class='ocrx_word' id='word_1_779' title='bbox 308 5224 428 5280; x_wconf 76' lang='grc' dir='ltr'>ὄντι</span> <span class='ocrx_word' id='word_1_780' title='bbox 483 5224 717 5301; x_wconf 80' lang='grc' dir='ltr'>προσῄει</span> <span class='ocrx_word' id='word_1_781' title='bbox 775 5223 871 5297; x_wconf 70' lang='grc' dir='ltr'><strong>μὲν</strong></span> <span class='ocrx_word' id='word_1_782' title='bbox 931 5220 1028 5277; x_wconf 86' lang='grc' dir='ltr'><strong>δύο</strong></span> <span class='ocrx_word' id='word_1_783' title='bbox 1077 5223 1145 5277; x_wconf 84' lang='grc' dir='ltr'><strong>τά</strong></span> <span class='ocrx_word' id='word_1_784' title='bbox 1203 5220 1432 5297; x_wconf 74' lang='grc' dir='ltr'>μέγιστα</span> <span class='ocrx_word' id='word_1_785' title='bbox 1481 5226 1586 5276; x_wconf 89' lang='grc' dir='ltr'><strong>τῶν</strong></span> <span class='ocrx_word' id='word_1_786' title='bbox 1645 5220 1808 5276; x_wconf 86' lang='grc' dir='ltr'>ἐθνῶν</span> <span class='ocrx_word' id='word_1_787' title='bbox 1866 5225 2172 5276; x_wconf 77' lang='grc' dir='ltr'>σκοποῦντα</span> <span class='ocrx_word' id='word_1_788' title='bbox 2232 5219 2488 5296; x_wconf 84' lang='grc' dir='ltr'>βλάπτειν</span> <span class='ocrx_word' id='word_1_789' title='bbox 2549 5242 2644 5275; x_wconf 87' lang='grc' dir='ltr'><strong>σου</strong></span> <span class='ocrx_word' id='word_1_790' title='bbox 2699 5223 2798 5290; x_wconf 77' lang='grc' dir='ltr'>τὴν</span> <span class='ocrx_word' id='word_1_791' title='bbox 2858 5222 3062 5297; x_wconf 76' lang='grc' dir='ltr'>ἀρχὴν,</span> <span class='ocrx_word' id='word_1_792' title='bbox 3093 5222 3387 5297; x_wconf 86' lang='grc' dir='ltr'>προσιόντα</span> <span class='ocrx_word' id='word_1_793' title='bbox 3438 5221 3496 5278; x_wconf 77' lang='grc' dir='ltr'>δὲ</span> <span class='ocrx_word' id='word_1_794' title='bbox 3546 5227 3724 5287; x_wconf 91' lang='grc' dir='ltr'>κακῶς</span> 
     </span>
    </p>
   </div>
   <div class='ocr_carea' id='block_1_106' title="bbox 311 5307 2882 5392">
    <p class='ocr_par' dir='ltr' id='par_1_106' title="bbox 311 5307 2882 5392">
     <span class='ocr_line' id='line_1_106' title="bbox 311 5307 2882 5392; baseline -0.001 -22"><span class='ocrx_word' id='word_1_795' title='bbox 311 5313 703 5392; x_wconf 80' lang='grc' dir='ltr'>παραπώλετο,</span> <span class='ocrx_word' id='word_1_796' title='bbox 735 5318 837 5383; x_wconf 82' lang='grc' dir='ltr'>τῆς</span> <span class='ocrx_word' id='word_1_797' title='bbox 865 5311 1071 5388; x_wconf 76' lang='grc' dir='ltr'>ἀγαθῆς</span> <span class='ocrx_word' id='word_1_798' title='bbox 1101 5332 1196 5367; x_wconf 88' lang='grc' dir='ltr'><strong>σου</strong></span> <span class='ocrx_word' id='word_1_799' title='bbox 1225 5311 1403 5387; x_wconf 84' lang='grc' dir='ltr'>τύχης</span> <span class='ocrx_word' id='word_1_800' title='bbox 1435 5307 1524 5366; x_wconf 86' lang='grc' dir='ltr'><strong>διά</strong></span> <span class='ocrx_word' id='word_1_801' title='bbox 1550 5318 1649 5381; x_wconf 82' lang='grc' dir='ltr'>τῆς</span> <span class='ocrx_word' id='word_1_802' title='bbox 1680 5313 1947 5387; x_wconf 76' lang='grc' dir='ltr'>πατρικῆς</span> <span class='ocrx_word' id='word_1_803' title='bbox 1980 5313 2170 5387; x_wconf 84' lang='grc' dir='ltr'>χειρὸς</span> <span class='ocrx_word' id='word_1_804' title='bbox 2229 5309 2649 5383; x_wconf 82' lang='grc' dir='ltr'>ἀντιταξαμένης</span> <span class='ocrx_word' id='word_1_805' title='bbox 2678 5309 2882 5373; x_wconf 78' lang='grc' dir='ltr'>αὐτοῖς.</span> 
     </span>
    </p>
   </div>
   <div class='ocr_carea' id='block_1_107' title="bbox 383 5570 3496 5656">
    <p class='ocr_par' dir='ltr' id='par_1_107' title="bbox 383 5570 3496 5656">
     <span class='ocr_line' id='line_1_107' title="bbox 383 5570 3496 5656; baseline -0.002 -22"><span class='ocrx_word' id='word_1_806' title='bbox 383 5579 467 5656; x_wconf 84' lang='grc'><strong>(3)</strong></span> <span class='ocrx_word' id='word_1_807' title='bbox 503 5577 612 5634; x_wconf 85' lang='lat' dir='ltr'><strong>Est</strong></span> <span class='ocrx_word' id='word_1_808' title='bbox 658 5575 755 5656; x_wconf 75' lang='lat' dir='ltr'><strong>hic</strong></span> <span class='ocrx_word' id='word_1_809' title='bbox 801 5571 1057 5656; x_wconf 52' lang='lat' dir='ltr'><strong>pacet-ne</strong></span> <span class='ocrx_word' id='word_1_810' title='bbox 1092 5571 1463 5656; x_wconf 62' lang='lat' dir='ltr'><strong>intervallum</strong></span> <span class='ocrx_word' id='word_1_811' title='bbox 1497 5589 1641 5656; x_wconf 49' lang='lat' dir='ltr'><strong>‘quo</strong></span> <span class='ocrx_word' id='word_1_812' title='bbox 1701 5572 1842 5656; x_wconf 73' lang='lat' dir='ltr'><strong>quid</strong></span> <span class='ocrx_word' id='word_1_813' title='bbox 1867 5570 1976 5656; x_wconf 50' lang='lat' dir='ltr'><strong>&quot;ab</strong></span> <span class='ocrx_word' id='word_1_814' title='bbox 2087 5570 2450 5656; x_wconf 45' lang='lat' dir='ltr'><strong>Duc§;&#39;V‘ide</strong></span> <span class='ocrx_word' id='word_1_815' title='bbox 2480 5570 2676 5656; x_wconf 75' lang='lat' dir='ltr'><strong>Cangii</strong></span> <span class='ocrx_word' id='word_1_816' title='bbox 2711 5571 2986 5656; x_wconf 79' lang='lat' dir='ltr'><strong>Familias</strong></span> <span class='ocrx_word' id='word_1_817' title='bbox 3009 5577 3250 5656; x_wconf 49' lang='lat' dir='ltr'><strong>Pyzant.</strong></span> <span class='ocrx_word' id='word_1_818' title='bbox 3284 5575 3496 5656; x_wconf 56' lang='lat' dir='ltr'><strong>p.234.</strong></span> 
     </span>
    </p>
   </div>
   <div class='ocr_carea' id='block_1_108' title="bbox 314 5636 1977 5723">
    <p class='ocr_par' dir='ltr' id='par_1_108' title="bbox 314 5636 1977 5723">
     <span class='ocr_line' id='line_1_108' title="bbox 314 5636 1977 5723; baseline -0.007 -17"><span class='ocrx_word' id='word_1_819' title='bbox 314 5636 517 5723; x_wconf 63' lang='lat' dir='ltr'><strong>aliqua</strong></span> <span class='ocrx_word' id='word_1_820' title='bbox 557 5636 1158 5723; x_wconf 31' lang='lat' dir='ltr'><strong>re_‘alia:separatur_.</strong></span> <span class='ocrx_word' id='word_1_821' title='bbox 1209 5644 1351 5723; x_wconf 72' lang='lat' dir='ltr'><strong>Aliis</strong></span> <span class='ocrx_word' id='word_1_822' title='bbox 1396 5636 1589 5723; x_wconf 64' lang='lat' dir='ltr'><strong>verbis</strong></span> <span class='ocrx_word' id='word_1_823' title='bbox 1634 5662 1649 5700; x_wconf 89' lang='lat'><strong>:</strong></span> <span class='ocrx_word' id='word_1_824' title='bbox 1697 5636 1808 5723; x_wconf 46' lang='lat' dir='ltr'><strong>Q6}</strong></span> <span class='ocrx_word' id='word_1_825' title='bbox 1845 5636 1977 5723; x_wconf 51' lang='grc' dir='ltr'>ἔστι</span> 
     </span>
    </p>
   </div>
   <div class='ocr_carea' id='block_1_109' title="bbox 322 5711 1973 5800">
    <p class='ocr_par' dir='ltr' id='par_1_109' title="bbox 322 5711 1973 5800">
     <span class='ocr_line' id='line_1_109' title="bbox 322 5711 1973 5800; baseline -0.004 -25"><span class='ocrx_word' id='word_1_826' title='bbox 322 5711 541 5800; x_wconf 68' lang='grc' dir='ltr'>μετρεῖν</span> <span class='ocrx_word' id='word_1_827' title='bbox 599 5717 711 5773; x_wconf 67' lang='grc' dir='ltr'>οὔτ’</span> <span class='ocrx_word' id='word_1_828' title='bbox 790 5711 1039 5800; x_wconf 68' lang='grc' dir='ltr'>ἀριόμεῖν</span> <span class='ocrx_word' id='word_1_829' title='bbox 1086 5716 1159 5800; x_wconf 47' lang='grc' dir='ltr'>,τὸ</span> <span class='ocrx_word' id='word_1_830' title='bbox 1209 5713 1388 5787; x_wconf 81' lang='grc' dir='ltr'>μέσον,</span> <span class='ocrx_word' id='word_1_831' title='bbox 1440 5713 1617 5800; x_wconf 37' lang='lat' dir='ltr'><strong>edition</strong></span> <span class='ocrx_word' id='word_1_832' title='bbox 1639 5711 1784 5800; x_wconf 47' lang='grc' dir='ltr'>πολ-ὑ</span> <span class='ocrx_word' id='word_1_833' title='bbox 1841 5712 1973 5797; x_wconf 72' lang='grc' dir='ltr'>ἐστι.</span> 
     </span>
    </p>
   </div>
   <div class='ocr_carea' id='block_1_110' title="bbox 396 5786 1978 5868">
    <p class='ocr_par' dir='ltr' id='par_1_110' title="bbox 396 5786 1978 5868">
     <span class='ocr_line' id='line_1_110' title="bbox 396 5786 1978 5868; baseline -0.006 -18"><span class='ocrx_word' id='word_1_834' title='bbox 396 5786 472 5868; x_wconf 55' lang='grc' dir='ltr'><strong>(Ξ)</strong></span> <span class='ocrx_word' id='word_1_835' title='bbox 502 5786 999 5849; x_wconf 68' lang='grc' dir='ltr'>Τῒιθοᾶοῐυτιόῑιίω</span> <span class='ocrx_word' id='word_1_836' title='bbox 1050 5789 1176 5859; x_wconf 84' lang='lat' dir='ltr'><strong>ejus</strong></span> <span class='ocrx_word' id='word_1_837' title='bbox 1211 5786 1392 5844; x_wconf 83' lang='lat' dir='ltr'><strong>mater</strong></span> <span class='ocrx_word' id='word_1_838' title='bbox 1442 5788 1562 5844; x_wconf 82' lang='lat' dir='ltr'><strong>{ilia</strong></span> <span class='ocrx_word' id='word_1_839' title='bbox 1594 5786 1703 5842; x_wconf 87' lang='lat' dir='ltr'><strong>fuit</strong></span> <span class='ocrx_word' id='word_1_840' title='bbox 1731 5788 1978 5843; x_wconf 87' lang='lat' dir='ltr'><strong>Joannis</strong></span> 
     </span>
    </p>
   </div>
   <div class='ocr_carea' id='block_1_111' title="bbox 618 5914 1310 5980">
    <p class='ocr_par' dir='ltr' id='par_1_111' title="bbox 618 5914 1310 5980">
     <span class='ocr_line' id='line_1_111' title="bbox 618 5914 1310 5980; baseline -0.01 0"><span class='ocrx_word' id='word_1_841' title='bbox 618 5921 882 5980; x_wconf 75' lang='grc' dir='ltr'>ΡΑτιιοι..</span> <span class='ocrx_word' id='word_1_842' title='bbox 929 5916 1040 5978; x_wconf 77' lang='lat' dir='ltr'><strong>Gn.</strong></span> <span class='ocrx_word' id='word_1_843' title='bbox 1086 5914 1310 5977; x_wconf 65' lang='lat' dir='ltr'><strong>CXL”.</strong></span> 
     </span>
    </p>
   </div>
   <div class='ocr_carea' id='block_1_112' title="bbox 2088 5641 3733 5768">
    <p class='ocr_par' dir='ltr' id='par_1_112' title="bbox 2088 5641 3733 5768">
     <span class='ocr_line' id='line_1_112' title="bbox 2088 5641 3733 5768; baseline 0.003 -71"><span class='ocrx_word' id='word_1_844' title='bbox 2088 5714 2130 5768; x_wconf 43' lang='grc' dir='ltr'><strong>ἲ.</strong></span> <span class='ocrx_word' id='word_1_845' title='bbox 2158 5642 2235 5724; x_wconf 74' lang='lat'><strong>(6)</strong></span> <span class='ocrx_word' id='word_1_846' title='bbox 2263 5641 2455 5698; x_wconf 91' lang='lat' dir='ltr'><strong>Nolim</strong></span> <span class='ocrx_word' id='word_1_847' title='bbox 2483 5644 2727 5700; x_wconf 91' lang='lat' dir='ltr'><strong>verbum</strong></span> <span class='ocrx_word' id='word_1_848' title='bbox 2756 5644 2869 5700; x_wconf 87' lang='lat' dir='ltr'><strong>tale</strong></span> <span class='ocrx_word' id='word_1_849' title='bbox 2901 5641 3187 5701; x_wconf 81' lang='lat' dir='ltr'><strong>excidisse</strong></span> <span class='ocrx_word' id='word_1_850' title='bbox 3238 5641 3453 5702; x_wconf 72' lang='lat' dir='ltr'><strong>oratori</strong></span> <span class='ocrx_word' id='word_1_851' title='bbox 3500 5644 3733 5719; x_wconf 88' lang='lat' dir='ltr'><strong>elegan-</strong></span> 
     </span>
     <span class='ocr_line' id='line_1_113' title="bbox 2120 5730 2911 5768; baseline 0.003 -3"><span class='ocrx_word' id='word_1_852' title='bbox 2120 5730 2341 5768; x_wconf 63' lang='lat' dir='ltr'><strong>lQlen.</strong></span> <span class='ocrx_word' id='word_1_853' title='bbox 2903 5760 2911 5767; x_wconf 95' lang='lat'>.</span> 
     </span>
    </p>
   </div>
   <div class='ocr_carea' id='block_1_113' title="bbox 2120 5730 2341 5768">
    <p class='ocr_par' dir='ltr' id='par_1_113' title="bbox 2120 5730 2341 5768">
     <span class='ocr_line' id='line_1_114' title="bbox 2120 5730 2341 5768; baseline 0.014 -3"><span class='ocrx_word' id='word_1_854' title='bbox 2120 5730 2341 5768; x_wconf 70' lang='lat' dir='ltr'><strong>ussimn.</strong></span> 
     </span>
    </p>
   </div>
   <div class='ocr_carea' id='block_1_114' title="bbox 2162 5760 3096 5859">
    <p class='ocr_par' dir='ltr' id='par_1_114' title="bbox 2162 5760 3096 5859">
     <span class='ocr_line' id='line_1_115' title="bbox 2162 5760 3096 5859; baseline 0.002 -18"><span class='ocrx_word' id='word_1_855' title='bbox 2162 5760 2506 5859; x_wconf 44' lang='lat' dir='ltr'><strong>(tilNit-eph.</strong></span> <span class='ocrx_word' id='word_1_856' title='bbox 2543 5790 2824 5859; x_wconf 79' lang='lat' dir='ltr'><strong>Grcgoras</strong></span> <span class='ocrx_word' id='word_1_857' title='bbox 2857 5760 2929 5859; x_wconf 65' lang='lat' dir='ltr'><strong>.v&#39;,</strong></span> <span class='ocrx_word' id='word_1_858' title='bbox 2966 5789 3013 5857; x_wconf 87' lang='grc'>1,</span> <span class='ocrx_word' id='word_1_859' title='bbox 3042 5791 3096 5842; x_wconf 86' lang='lat'><strong>2.</strong></span> 
     </span>
    </p>
   </div>
   <div class='ocr_carea' id='block_1_115' title="bbox 3382 5917 3454 5978">
    <p class='ocr_par' dir='ltr' id='par_1_115' title="bbox 3382 5917 3454 5978">
     <span class='ocr_line' id='line_1_116' title="bbox 3382 5917 3454 5978; baseline 0.014 -1"><span class='ocrx_word' id='word_1_860' title='bbox 3382 5917 3454 5978; x_wconf 85' lang='grc'><strong>13</strong></span> 
     </span>
    </p>
   </div>
  </div>
