4118 6482
434 493 552 552 395

1451 488 1767 550 GEORGII
1814 489 2072 549 CYPRH
2121 491 2236 549 ΕΡ.
2285 491 2813 554 ΡΑἸἫΙΑΒΟΠᾸΞ

3710 503 3822 565 396

504 625 853 679 Proavorum
887 621 1157 694 equidem
1189 620 1430 676 virtutes
1456 625 1514 676 et
1561 621 1822 693 ipsorum
1869 638 2064 693 regum

2254 622 2536 694 Προγόνων
2572 625 2667 696 μὲΑ
2708 623 2798 679 οὖν
2850 631 2956 681 τῶν
3005 631 3108 683 σῶν
3159 627 3349 704 ἀρετὰς
3397 631 3487 686 καὶ
3533 631 3707 688 αὐτῶν
3756 631 3821 702 δὴ

433 713 531 786 qui
565 728 750 784 nuper
776 711 1120 767 exstiterunt
1152 709 1450 783 sigillatim
1485 726 1780 765 recensere
1810 715 1867 765 et
1897 716 1949 764 te
1982 727 2071 764 os-

432 801 671 858 tendere
701 800 893 872 qualis
923 816 990 856 ex
1019 801 1234 871 quibus
1265 806 1427 855 ortus
1458 815 1519 853 es
1551 801 1739 871 magis
1771 799 2068 870 scriptori-

432 891 544 947 bus
574 896 630 946 et
659 889 731 945 iis
761 907 892 960 quas
935 889 1240 944 historiam
1289 894 1648 960 componunt
1693 905 1870 960 quam
1903 888 2070 944 nobis

433 982 735 1054 proprium
767 996 916 1052 opus
962 995 1090 1034 esse
1138 979 1455 1050 profiteor:
1489 994 1622 1033 cum
1673 994 1928 1049 presens
1973 977 2071 1032 ille

435 1086 627 1126 sermo
658 1087 774 1125 non
804 1075 892 1123 est
935 1067 1281 1123 historicum
1312 1084 1480 1138 opus,
1513 1067 1622 1122 hoc
1665 1072 1892 1122 tantum
1924 1084 2069 1138 prai-

434 1159 651 1215 teriens
699 1158 849 1224 dico,
899 1157 1077 1228 quod,
1123 1172 1338 1228 magna
1369 1156 1726 1228 jampridem
1772 1173 1891 1211 una
1935 1173 2068 1212 cum

433 1253 534 1305 tuo
562 1264 772 1320 genere
801 1247 1012 1302 adorea
1042 1245 1246 1317 gloria,
1280 1245 1421 1300 dum
1454 1245 1550 1300 alii
1584 1246 1907 1300 mutatione
1937 1262 2069 1300 suc-

433 1339 763 1394 cubuerunt
791 1340 847 1390 et
877 1336 936 1390 in
966 1335 1222 1390 deterius
1241 1333 1454 1406 dilapsi
1485 1338 1643 1405 sunt,
1662 1333 1854 1389 solum
1886 1351 2070 1406 genus

432 1432 600 1482 tuum
633 1425 941 1481 mutationi
973 1441 1088 1480 non
1120 1423 1228 1478 fuit
1255 1423 1608 1490 obnoxium;
1642 1418 1742 1479 sed
1775 1429 1977 1479 contra
2008 1429 2072 1478 ut

430 1514 816 1587 amplitudine
848 1512 1093 1586 proficit,
1129 1513 1210 1569 ita
1255 1517 1312 1567 et
1358 1511 1546 1584 gloria
1574 1512 1886 1584 profecisse
1915 1511 2070 1569 vide-

430 1609 548 1671 tur,
591 1608 648 1658 et
695 1601 1118 1675 progrediendo
1164 1601 1358 1672 majus
1408 1601 1602 1673 seipso
1651 1601 1868 1656 factum
1918 1617 2069 1664 esse,

433 1699 652 1750 naturae
685 1695 870 1748 instar
917 1691 1251 1758 ﬂuviorum,
1283 1689 1382 1761 qui
1413 1705 1480 1744 eo
1526 1689 1713 1761 magis
1741 1690 2068 1745 incremen-

431 1788 558 1838 tum
590 1781 974 1853 susciperent,
1007 1795 1122 1852 quo
1151 1780 1341 1851 magis
1387 1779 1444 1834 in
1490 1783 1707 1833 terram
1738 1782 1985 1849 prosunt
2014 1783 2071 1835 et

432 1872 714 1944 majorem
737 1869 969 1943 plagam
995 1868 1373 1941 perlustrant.
1406 1867 1514 1922 Sed
1539 1871 1625 1935 tu,
1652 1884 1786 1923 cum
1807 1867 2070 1924 Oceanus

435 1960 710 2017 decorum
741 1959 910 2015 nobis
931 1959 1004 2014 ab
1035 1958 1165 2031 ipsa
1203 1956 1502 2013 nativitate
1531 1956 1723 2028 potius
1745 1973 1920 2028 quam
1955 1956 2068 2011 ﬂu-

433 2066 569 2105 men
617 2047 978 2121 apparueris,
1011 2051 1174 2102 tanto
1215 2046 1405 2119 magis
1447 2045 1610 2101 avitas
1657 2045 1852 2118 glorias
1891 2045 2071 2101 ﬂuctu

433 2139 504 2194 ad
539 2138 837 2210 proprium
868 2137 1148 2193 honorem
1181 2152 1296 2191 non
1346 2135 1672 2208 indigebas,
1705 2135 1937 2190 etiamsi
1968 2152 2071 2190 su-

433 2228 774 2300 peradditur
816 2225 926 2281 tibi
980 2242 1094 2280 non
1143 2224 1446 2296 indigenti,
1493 2227 1557 2278 ut
1602 2223 1832 2295 proavis
1880 2222 2073 2296 glorias

432 2333 707 2374 coronam
737 2320 795 2370 et
825 2313 1117 2370 felicitatis
1146 2311 1450 2369 cumulum
1482 2328 1583 2384 per
1613 2312 1857 2385 tuaipse
1886 2312 2073 2384 impo-

433 2405 644 2473 sueris,
675 2410 734 2460 et
762 2404 916 2476 quod
956 2403 1268 2460 honestum
1313 2405 1438 2458 erat
1483 2401 1738 2474 amplius
1768 2400 2077 2457 honestan-

435 2496 532 2562 do,
563 2498 620 2549 et
649 2494 799 2566 quod
834 2492 1058 2548 clarum
1087 2495 1212 2547 erat
1241 2491 1432 2561 seipso
1482 2489 1698 2545 clarius
1726 2489 2073 2546 exhibendo.

435 2585 569 2650 Quae
602 2581 720 2638 illis
749 2583 939 2653 major
984 2585 1141 2637 esset
1180 2578 1387 2652 gloria,
1419 2595 1548 2650 quas
1593 2579 1870 2650 dignitas,
1904 2579 2074 2648 quale

435 2672 802 2745 splendidius
832 2677 888 2727 et
937 2668 1406 2742 magnificentius
1453 2675 1863 2725 ornamentum
1895 2685 2072 2741 quam

434 2765 512 2829 te,
543 2778 825 2834 magnum
859 2777 923 2815 ac
951 2758 1214 2814 divinum
1243 2774 1482 2830 prorsus
1511 2757 1835 2829 ingenium,
1858 2775 1926 2814 ex
1955 2757 2074 2814 illis

436 2851 732 2908 exstitisse
750 2851 989 2919 ιςουθω
1016 2847 1111 2902 vix
1140 2851 1342 2902 natum
1365 2847 1640 2902 omnibus
1669 2863 1797 2918 quis
1827 2847 2073 2919 imperio

435 2943 767 3013 congruunt
794 2938 948 2995 Deus
994 2936 1308 3002 exornavit,
1341 2939 1407 2990 ut
1435 2935 1514 2990 sit
1543 2933 1688 2989 nihil
1721 2935 1779 2989 in
1808 2941 1883 3003 te,
1917 2935 2072 3007 quod

436 3047 553 3086 non
585 3045 778 3102 regem
812 3025 1123 3082 manifesto
1154 3024 1460 3080 ostendere
1489 3023 1775 3090 videatur,
1807 3023 1981 3079 etiam
2015 3024 2072 3078 in

436 3118 641 3193 puerili
681 3117 941 3190 corporis
989 3113 1328 3188 gracilitate.
1379 3113 1883 3177 Quemadmodum
1917 3114 2073 3168 enim

433 3225 548 3264 non
579 3211 768 3280 potest
796 3223 912 3262 non
941 3204 1140 3260 lumen
1170 3219 1297 3258 esse
1327 3202 1482 3274 quod
1514 3219 1547 3256 a
1577 3202 1799 3256 lumine
1829 3202 2073 3258 abscon-

433 3299 560 3366 das,
593 3299 676 3353 sic
707 3312 811 3352 nec
840 3296 900 3350 in
937 3299 1014 3363 te,
1047 3311 1167 3364 rex,
1199 3291 1484 3364 quidquid
1518 3291 1680 3346 nullo
1710 3292 1882 3347 modo
1913 3295 2071 3363 pote-

2180 714 2287 796 τῶν
2350 718 2637 788 προσεχῶς
2704 718 3101 789 γεγεννηκότων
3162 717 3428 793 βασιλέων
3489 721 3624 775 κατά
3667 722 3825 796 μέρος

2181 795 2446 870 διεξιέναι,
2496 802 2583 854 καί
2635 823 2691 857 σε
2740 810 2852 865 τοῖς
2920 812 3076 859 πᾶσιν
3143 805 3376 884 έμιρῆναι
3427 810 3542 872 οἶος
3593 810 3643 880 ἐξ
3693 795 3818 866 θ’ίων

2177 888 2509 962 γεγέννησαι,
2563 897 2920 969 συγγραφεῦσι
2981 895 3070 948 καὶ
3137 902 3250 957 τοῖς
3307 897 3542 974 ἱστορίαν
3603 900 3824 954 συντάτ-

2175 997 2358 1031 τουσιν
2407 977 2548 1052 ἤπερ
2593 983 2726 1053 ἡμῖν
2777 980 2976 1037 οἰκεῖον
3032 983 3184 1059 ἔργον
3237 985 3369 1040 εἷναί
3417 1007 3580 1062 φημι·
3612 987 3725 1042 ἐπεὶ
3780 986 3825 1042 δ’

2179 1065 2240 1120 οὐ
2291 1070 2628 1144 συγγραφική
2698 1068 2906 1138 σπουδή
2969 1073 3035 1126 τὰ
3103 1074 3360 1148 παρόντα,
3415 1075 3587 1130 έκεῖνο
3660 1077 3822 1149 μόνον

2179 1155 2343 1210 είπὼν
2422 1153 2822 1231 μεταϐήσομαι,
2873 1159 2976 1230 ὅτι,
3032 1161 3280 1236 μεγάλης
3346 1164 3543 1227 ἄνωθεν
3618 1171 3696 1237 τῷ
3750 1172 3826 1237 σῷ

2177 1246 2319 1318 γένει
2381 1248 2751 1322 συνηργμένης
2818 1247 3080 1320 εὐκλείας,
3130 1257 3238 1305 τῶν
3308 1251 3492 1309 ἄλλων
3575 1253 3823 1309 ἀπάντων

2181 1331 2555 1388 ὑποπεσόντων
2615 1331 2892 1409 μεταϐολῇ
2959 1340 3046 1392 καὶ
3093 1341 3191 1407 τήν
3243 1340 3324 1395 ἐπ’
3374 1340 3596 1396 ἔλαττον
3665 1365 3827 1412 κινη-

2181 1421 2400 1494 θέντων,
2447 1420 2603 1477 τοῦδε
2676 1425 2844 1496 μόνου
2890 1430 2986 1480 τοῦ
3036 1427 3222 1501 γένους
3275 1429 3381 1505 οὐχ
3429 1430 3608 1504 ἥψατο
3664 1452 3827 1504 μετα-

2180 1504 2344 1580 ϐολήο
2375 1510 2681 1566 τούναντίον
2719 1514 2812 1585 μὲν
2848 1512 2938 1568 οὖν
2976 1511 3270 1589 προϐαῖνον
3316 1519 3495 1593 ὥσπερ
3548 1525 3628 1592 τῷ
3676 1518 3830 1591 πλή-

2179 1600 2280 1666 θει,
2333 1598 2474 1653 οὕτω
2542 1597 2608 1668 δὴ
2677 1602 2764 1655 καὶ
2829 1600 2954 1677 δόξῃ
3017 1600 3362 1680 προϐεϐηκὸς
3427 1609 3692 1685 φαίνεται,
3734 1609 3826 1663 καὶ

2182 1693 2363 1759 μεῖζον
2397 1688 2588 1742 ἑαυτοῦ
2615 1691 2836 1764 γεγονὸς
2863 1698 2983 1754 ταῖς
3032 1692 3292 1766 προόδοις
3339 1698 3473 1750 κατᾶ
3517 1699 3617 1766 τὴν
3669 1697 3827 1774 φύσιν

2175 1781 2283 1830 τῶν
2329 1783 2609 1850 ποταμῶν,
2651 1779 2702 1833 οἳ
2741 1784 2998 1836 τοσοῦτον
3048 1782 3322 1853 αὐξήσεως
3377 1780 3832 1860 προσλαμϐάνου-

2176 1886 2281 1936 σιν,
2315 1866 2513 1920 ὁπόσον
2565 1865 2633 1934 δὴ
2681 1876 2779 1937 τῆς
2824 1877 2926 1942 γῆς
2957 1870 3182 1945 προΐασι
3232 1873 3319 1927 καὶ
3369 1878 3554 1949 χῶρον
3601 1874 3832 1931 πλείονα

2100 1950 2628 2063 Βπαραμείϐουριν.
2693 1956 2868 2012 Ἀλλὰ
2936 1959 2998 2012 σύ
3063 1981 3127 2035 γε
3183 1962 3272 2015 καὶ
3335 1961 3574 2018 Θάλασσα
3620 1963 3830 2020 ἶκαλῶν

2187 2046 2321 2116 ἡμῖν
2368 2044 2420 2114 ἐξ
2471 2044 2635 2114 αὐτῆς
2681 2047 2941 2120 γενέσεως
2995 2047 3206 2121 μᾶλλον
3258 2052 3290 2118 ἧ
3338 2053 3584 2125 ποταμὸς
3634 2053 3834 2110 ἀναπέ-

2184 2154 2374 2210 φηνας,
2422 2137 2674 2188 τοσοῦτον
2723 2140 2820 2189 τοῦ
2866 2143 2965 2206 τῆς
3032 2147 3363 2214 προγονικῆς
3417 2140 3660 2204 εὐκλείας
3706 2141 3834 2218 ῥεύ-

2187 2242 2353 2295 ματος
2404 2221 2480 2283 είς
2548 2222 2747 2278 οἰκείαν
2801 2225 2862 2278 οὐ
2910 2227 3277 2302 προσχρῄζων
3346 2229 3685 2305 φιλοτιμίαν,
3737 2232 3836 2286 κᾶν

2183 2311 2435 2385 πρόσεστι
2469 2311 2557 2365 καὶ
2608 2314 2683 2384 μή
2733 2313 3022 2388 χρῄζοντι,
3072 2315 3195 2370 ὅσον
3242 2317 3330 2371 καὶ
3374 2323 3490 2379 τοῖς
3542 2319 3839 2396 προγόνοις

2181 2399 2272 2453 τὸν
2303 2403 2401 2467 τῆς
2434 2397 2593 2470 δόξης
2642 2400 2897 2479 στέφανον
2948 2405 3036 2458 καὶ
3085 2405 3147 2458 τὸ
3193 2413 3292 2475 τῆς
3347 2403 3692 2481 εὐδαιμονίας
3746 2411 3835 2464 τέ-

2184 2485 2330 2542 λειον
2379 2486 2438 2542 ἐκ
2485 2493 2591 2543 τῶν
2645 2492 2791 2566 παρά
2842 2497 3064 2547 σεαυτοῦ
3110 2494 3542 2569 προσεπέθηκας,
3598 2496 3834 2572 ὑπερδο-

2184 2576 2340 2647 ξάσας
2367 2579 2430 2632 τὸ
2462 2575 2846 2650 δεδοξασμένον
2877 2582 2966 2635 καὶ
2997 2580 3140 2636 πολὺ
3192 2582 3402 2656 μᾶλλον
3453 2586 3644 2640 ἑαυτοῦ
3681 2584 3836 2660 λαμ-

2182 2665 2444 2741 πρότερον
2495 2666 2556 2720 τὸ
2614 2666 2863 2744 λαμπρὸν
2953 2669 3256 2748 ἀποφήνας.
3303 2673 3390 2734 Τίς
3463 2674 3563 2749 γάρ
3642 2675 3833 2739 αὐτοῖς

2183 2753 2380 2829 γένοιτ’
2447 2753 2504 2809 ἂν
2569 2755 2766 2828 μείζων
2835 2755 3143 2836 φιλοτιμία,
3184 2759 3266 2822 τίς
3329 2762 3617 2833 σεμνότης,
3670 2770 3830 2826 ποῖος

2184 2841 2557 2920 εὖκλεέστερος
2623 2845 2713 2899 καὶ
2763 2846 3338 2925 μεγαλοπρεπέστερος
3401 2850 3628 2923 κόσμος,
3677 2853 3711 2922 ἢ
3764 2855 3827 2908 τὸ

2184 2931 2235 3003 ἐξ
2285 2931 2456 2986 αὐτῶν
2503 2934 2580 3005 σὲ,
2621 2934 2684 2990 τὸ
2735 2934 2869 3011 μέγα
2915 2937 3003 2991 καὶ
3052 2939 3193 2992 θεῖον
3245 2935 3416 3000 ὄντως
3461 2947 3674 3016 χρῆμα,
3719 2963 3820 3018 φα-

2181 3028 2365 3090 νῆναις
2397 3023 2442 3093 ᾧ
2472 3022 2559 3077 καὶ
2599 3032 2942 3099 παραχρῆμα
2971 3027 3294 3100 γεννωμένῳ
3339 3027 3511 3082 πάντα
3558 3034 3625 3094 τῆ
3672 3029 3822 3105 ἀρχῇ

2183 3109 2456 3184 πρέποντα
2517 3111 2646 3173 Θεὸς
2695 3111 3008 3188 ἐχαρῖσατο,
3060 3115 3134 3176 ὡς
3205 3115 3335 3170 εἶναι
3413 3115 3580 3189 μηδὲν
3638 3116 3826 3181 άπλῶς

2181 3205 2288 3254 τῶν
2336 3205 2462 3268 σῶν,
2496 3200 2524 3253 ’ὀ
2577 3201 2652 3272 μὴ
2704 3200 2929 3276 βασιλέα
2978 3222 3036 3256 σε
3083 3208 3264 3281 σαφῶς
3317 3201 3489 3259 ἐδόκει
3538 3203 3835 3278 δεικνύναι,

2182 3288 2277 3342 κάν
2328 3293 2396 3373 τῇ
2454 3289 2682 3366 βρεφικῇ
2731 3294 2826 3343 τοῦ
2893 3292 3146 3364 σώματος
3215 3292 3538 3364 άπαλότητι.
3585 3297 3672 3357 Ὠς
3724 3299 3833 3373 γὰρ

433 3393 522 3443 rat
549 3385 818 3452 inveniri,
865 3384 1020 3455 quod
1073 3398 1188 3437 non
1220 3384 1416 3453 aperte
1462 3379 1904 3452 imperatorium
1945 3396 2064 3436 esse

2184 3375 2281 3431 οὐκ
2311 3372 2420 3432 ἔστι
2457 3379 2531 3449 μὴ
2563 3381 2676 3455 φῶς
2719 3377 2850 3432 εἶναι
2883 3378 2913 3432 ὅ
2940 3400 2990 3434 τι
3027 3379 3084 3434 ἃν
3134 3385 3230 3435 τοῦ
3279 3384 3456 3459 φωτὸς
3506 3368 3838 3459 ἀποτέμοις,

433 3484 490 3532 et
518 3473 791 3546 genuisse
823 3471 1049 3545 regium
1081 3469 1294 3541 aliquis
1325 3469 1533 3524 dixerit
1558 3486 1573 3536 ;
1605 3467 1819 3524 idcirco
1849 3474 1904 3524 et
1925 3485 2080 3524 com-

435 3581 675 3620 munem
709 3567 982 3618 naturam
1003 3560 1074 3616 de
1103 3560 1298 3632 seipsa
1325 3557 1625 3630 superbire
1653 3557 2076 3627 arbitror,cum

436 3660 523 3712 tot
550 3652 830 3728 praeditus
861 3649 1030 3707 donis
1060 3647 1376 3705 exstiteris.

509 3943 620 4001 Sed
669 3942 823 4000 enim
882 3940 1279 3997 membrorum
1328 3937 1616 4008 cujusque
1681 3934 2073 4008 corporalium

433 4033 858 4091 formositatem
889 4034 946 4087 et
973 4029 1209 4085 illorum
1263 4043 1396 4083 cum
1446 4025 1692 4082 invicem
1725 4029 2071 4080 concentum

428 4127 486 4178 et
514 4121 975 4195 congruentiam,
1009 4117 1255 4173 nitorem
1286 4115 1598 4188 pulchrum
1627 4114 1712 4168 tui
1745 4113 1976 4183 coloris,
2001 4129 2070 4168 ex

427 4212 644 4284 quibus
675 4210 780 4265 tibi
831 4206 1117 4264 mirabilis
1166 4209 1367 4276 utpote
1397 4220 1512 4259 non
1545 4202 1813 4269 feminea,
1847 4203 1948 4256 sed
1978 4202 2066 4256 vi-

425 4299 552 4356 rilis
579 4303 637 4356 et
661 4297 894 4354 heroica
922 4294 1294 4368 pulchritudo
1322 4291 1604 4362 constitit,
1640 4289 1843 4346 multis
1871 4289 2064 4346 verbis

421 4389 582 4446 valeo
613 4386 892 4459 consequi
917 4404 930 4453 ;
964 4385 1065 4441 sed
1097 4401 1212 4440 non
1246 4398 1414 4438 secus
1461 4397 1527 4437 ac
1557 4380 1656 4453 qui
1687 4379 1958 4434 dubitant
1986 4395 2060 4433 an

420 4477 734 4550 pulchrum
785 4475 863 4531 sit
907 4475 1114 4546 ingens
1161 4476 1387 4528 astrum
1435 4468 1638 4536 oculis,
1669 4468 1798 4523 visu
1847 4467 2061 4523 debent

416 4566 660 4624 inscitiae
689 4564 926 4632 mederi,
962 4579 1077 4618 non
1110 4565 1306 4616 autem
1347 4557 1558 4626 verbis,
1590 4558 1671 4613 ita
1701 4557 1816 4612 fere
1847 4556 1917 4610 de
1946 4555 2055 4612 hoc

417 4657 576 4712 decet
602 4652 934 4711 ratiocinari
970 4670 983 4709 :
1021 4650 1288 4707 omittere
1334 4647 1572 4720 quidem
1621 4647 1817 4713 verba,
1849 4650 2053 4717 utpote

2187 3465 2360 3528 οὕτως
2407 3464 2532 3521 οὐδὲ
2574 3471 2681 3521 τῶν
2735 3471 2840 3522 σῶν
2884 3489 2961 3537 τι,
3016 3469 3261 3544 βασιλεῦ,
3293 3471 3392 3525 οὐκ
3427 3472 3493 3540 ἦν
3539 3470 3693 3528 οὐδὲν
3750 3475 3837 3530 εὖ·

2188 3561 2317 3632 ρεῖν,
2357 3555 2386 3610 ὃ
2433 3557 2508 3628 μὴ
2566 3554 2792 3632 ἀρχικὸν
2858 3552 3022 3635 ἔφησέ
3095 3580 3177 3621 τις
3242 3557 3490 3630 ἐκδήλως
3548 3561 3683 3617 εἶναι
3746 3565 3840 3620 καὶ

2183 3644 2420 3720 γνησίως
2472 3644 2775 3720 βασιλικὸν,
2807 3644 2888 3724 ἐφ’
2915 3647 2961 3718 ᾧ
3002 3647 3091 3701 καὶ
3134 3650 3234 3718 τὴν
3276 3651 3460 3718 κοινὴν
3515 3652 3650 3727 μέγα
3699 3675 3838 3730 φρο-

2184 3738 2291 3787 νεῖν
2342 3733 2422 3810 έφ’
2467 3733 2628 3806 ἑαυτῇ
2679 3732 2834 3811 φύσιν
2885 3733 3061 3809 οἶμαι,
3108 3737 3187 3798 οἷς
3232 3736 3387 3800 εὐθὺς
3447 3738 3619 3802 οὕτως
3685 3739 3836 3818 ἔχων

2186 3823 2426 3899 χαρίτων
2457 3825 2602 3898 προῆ
2608 3821 2753 3886 λθες.

2253 3928 2430 3984 Ἀλλὰ
2474 3930 2577 4004 γὰρ
2647 3927 2826 4002 μελῶν
2895 3929 3116 3986 ἑκάστου
3183 3937 3290 3987 τῶν
3359 3940 3685 4007 σωματικῶν
3744 3937 3834 3993 εὗ-

2182 4018 2339 4098 φυΐαν
2369 4018 2459 4073 καὶ
2488 4019 2586 4087 τὴν
2623 4018 2758 4094 πρὸς
2804 4016 3027 4090 ἄλληλα
3072 4021 3278 4077 τούτων
3325 4023 3682 4101 εὐαρμοστίαν
3736 4028 3831 4082 καὶ

2179 4108 2516 4187 συμφωνίαν,
2548 4108 2637 4162 καὶ
2687 4108 2750 4163 τὸ
2794 4107 3051 4164 ἐπανθοῦν
3104 4131 3186 4165 σοι
3237 4110 3403 4168 καλὸν
3451 4117 3551 4182 τῆς
3601 4123 3828 4191 χροιᾶς,

2177 4198 2227 4272 ἐξ
2278 4199 2351 4252 ὧν
2403 4195 2467 4268 δή
2520 4218 2602 4252 σοι
2652 4197 2741 4251 καὶ
2787 4197 3082 4270 θαυμάσιον
3133 4200 3207 4262 ὡς
3267 4200 3327 4256 οὐ
3382 4201 3646 4276 μαλακὸν,
3696 4203 3833 4261 ἀλλ’

2173 4282 2412 4364 ἀκριϐῶς
2463 4282 2731 4362 ἀνδρῶδες
2780 4286 2868 4341 καὶ
2910 4288 3173 4363 ἡρωϊκὸν,
3205 4290 3268 4344 τὸ
3315 4290 3522 4354 κάλλος
3571 4293 3826 4351 συνίστα-

2169 4397 2252 4445 το,
2288 4373 2402 4431 οὐδ’
2430 4376 2490 4429 ἄν
2541 4395 2625 4437 τις
2673 4373 2762 4429 καὶ
2809 4378 3148 4452 παριστάνειν
3201 4379 3384 4442 ἱκανὸς
3432 4379 3575 4436 ἔσται
3627 4380 3824 4459 λόγος’

2169 4465 2315 4539 ἀλλ’,
2361 4466 2420 4519 ’ὸν
2476 4463 2674 4540 τρόπον
2719 4468 2835 4526 τοῖς
2879 4464 3002 4542 περὶ
3050 4471 3148 4522 τοῦ
3198 4467 3441 4543 μεγάλου
3502 4478 3822 4548 φωστῆρος,

2168 4555 2213 4610 εί
2270 4552 2437 4615 καλός
2497 4552 2628 4623 ἐστι,
2687 4549 3144 4629 διαπορουμένοις
3216 4557 3513 4636 ὀφθαλμῶν
3588 4557 3672 4615 δεῖ
3723 4564 3820 4618 καὶ

2164 4641 2341 4718 ὄψεως
2393 4640 2699 4718 θεραπεύειν
2745 4642 2844 4711 τήν
2896 4643 3145 4719 ἀπορίαν,
3197 4645 3325 4722 οὐχὶ
3376 4644 3559 4703 δὲκαὶ
3617 4647 3812 4726 λόγου,

411 4745 471 4799 in
502 4745 610 4799 hac
657 4761 718 4798 re
761 4741 1014 4808 inutilia,
1047 4755 1260 4796 sensus
1313 4741 1508 4793 autem
1559 4735 1925 4791 audientium
1977 4735 2050 4789 ad

2174 4733 2302 4788 ›ὕτω
2358 4729 2535 4801 δήπου
2583 4731 2673 4785 καὶ
2721 4731 2846 4807 περὶ
2893 4732 3092 4788 τούτου
3140 4743 3418 4810 προσῆκον
3475 4735 3811 4814 λογίζεσθαι·

407 4833 581 4888 ﬁdem
630 4848 948 4897 assumere,
1006 4834 1064 4886 et
1103 4828 1220 4884 illis
1269 4828 1514 4883 suadere
1557 4831 1622 4880 ut
1671 4841 1773 4896 per
1821 4825 2044 4896 seipsos

404 4921 641 4976 ﬁrmum
665 4920 954 4991 judicium
987 4917 1368 4990 comperiant.
1403 4914 1631 4970 Etenim
1665 4931 1843 4986 quam
1875 4914 1934 4968 in
1961 4929 2044 4968 re-

400 5025 470 5080 ge
503 5027 656 5065 nunc
686 5007 1199 5064 licetintuentibus
1229 5006 1422 5061 videre
1443 5005 1884 5069 formositatem,
1911 5002 2042 5074 ipsa

395 5096 504 5152 tibi
533 5098 707 5152 etiam
759 5098 981 5152 discere
1012 5095 1266 5167 cupienti
1316 5110 1446 5167 quae
1476 5092 1560 5148 illi
1609 5092 1865 5163 primum
1915 5095 2039 5146 erat

392 5191 606 5257 praesto
637 5191 760 5254 est;
794 5202 928 5240 cum
973 5201 1080 5240 nec
1110 5189 1316 5256 praeter
1361 5200 1488 5239 eam
1542 5179 1656 5238 alia
1684 5181 1780 5248 sit,
1815 5179 1916 5236 sed
1946 5183 2036 5236 est

391 5273 562 5346 plane
589 5274 723 5341 ista,
754 5290 884 5344 quae
914 5289 1048 5328 cum
1098 5273 1322 5328 caeteris
1354 5271 1578 5344 pulchri
1611 5269 1868 5341 corporis
1902 5285 2032 5340 par-

387 5362 547 5418 tibus
578 5363 826 5419 adolevit
873 5369 930 5418 et
978 5363 1035 5416 in
1067 5361 1177 5417 hoc
1224 5363 1379 5434 quod
1427 5361 1693 5415 videmus
1742 5359 2025 5425 constitit,

386 5449 545 5508 illam
597 5451 774 5509 simili
824 5457 880 5508 et
907 5449 1117 5523 aequali
1167 5451 1388 5506 ratione
1443 5451 1515 5504 ab
1565 5447 1730 5503 initio
1779 5448 2026 5520 augente

383 5546 615 5598 natura.

2154 4819 2525 4898 παραδραμεῖν
2572 4821 2665 4893 μὲν
2713 4821 2805 4874 τὸν
2858 4818 3022 4897 λόγον
3075 4825 3166 4877 ἅτε
3225 4823 3392 4897 μηδὲν
3452 4828 3588 4902 πρὸς
3645 4833 3814 4886 τοῦτο

2153 4909 2466 4984 δυνάμενον,
2498 4903 2831 4982 παραλαϐεῖν
2871 4907 2930 4964 δὲ
2968 4912 3061 4973 τάς
3091 4912 3369 4983 αἰσθήσεις
3424 4919 3530 4970 τῶν
3583 4917 3817 4974 ἀκουόν-

2147 5022 2255 5055 των
2305 5001 2382 5063 εἰς
2430 4999 2631 5069 πίστιν,
2663 4999 2863 5071 καὶδι’,
2896 5001 3094 5055 ἑαυτῶν
3143 5002 3338 5065 αὐτοὺς
3389 5009 3568 5059 πεῖσαι
3626 5005 3810 5081 ἀναμ-

2147 5089 2399 5168 φίλεκτον
2433 5085 2618 5146 λαϐεῖν
2657 5095 2755 5162 τὴν
2809 5090 3099 5162 ἀπόδειξιν.
3136 5091 3233 5145 Καὶ
3294 5093 3397 5167 γὰρ
3455 5095 3514 5162 ἣν
3571 5099 3650 5167 τῷ
3702 5095 3807 5173 βα-

2143 5177 2286 5235 σιλεῖ
2333 5183 2424 5232 νῦν
2477 5177 2673 5250 ἔξεστιν
2702 5182 3072 5252 Ἀτενίζοντας
3122 5182 3249 5257 ὁρᾷν
3298 5182 3627 5257 ὡραιότητα,
3656 5185 3801 5258 αὕτη

2142 5289 2227 5322 σοι
2256 5272 2335 5340 τῷ
2376 5270 2562 5341 μαθεῖν
2615 5271 2924 5346 αἱρουμένῳ
2972 5271 3062 5325 καὶ
3111 5271 3210 5339 τὴν
3267 5268 3483 5327 ἐνοῦσαν
3550 5271 3800 5349 ἀρχῆθεν

2139 5358 2478 5433 παρίστησιν,
2513 5358 2612 5413 οὐκ
2671 5359 2814 5431 ἄλλη
2875 5383 2958 5422 τις
3019 5358 3152 5414 οὖσα
3198 5361 3326 5436 παρ’
3382 5360 3611 5434 ἐκείνην,
3666 5360 3803 5419 ἀλλ’

2137 5443 2376 5522 ἀκριϐῶς
2443 5447 2638 5517 ἐκείνη,
2697 5447 3151 5504 συνεπιδεδωκυῖα
3226 5455 3342 5510 τοῖς
3413 5447 3631 5512 λοιποῖς
3691 5457 3799 5507 τοῦ

2131 5537 2303 5591 καλοῦ
2335 5538 2586 5608 σώματος
2633 5536 2813 5612 μέρεσι
2843 5537 2934 5591 καὶ
2967 5539 3048 5599 οἷς
3079 5539 3107 5592 ὃ
3143 5542 3233 5592 νῦν
3287 5539 3474 5614 ὁρᾶται
3523 5550 3796 5612 καθεστη-

2128 5631 2274 5698 κυῖα,
2309 5623 2379 5678 δι’
2437 5624 2682 5697 ὁμαλοῦς
2741 5625 2909 5694 αὐτὴν
2979 5628 3068 5681 καὶ
3132 5624 3250 5697 ἴσης
3307 5625 3600 5704 ἀναλογίας
3629 5633 3698 5704 τῇ
3732 5629 3794 5704 ἐξ

2126 5714 2304 5791 ἀρχῆς
2332 5714 2624 5784 κινησάσης
2653 5720 2750 5783 τῆς
2781 5715 3012 5794 φύσεως.

443 5829 730 5887 Οωῐενυῐῐι
759 5828 846 5887 vis
878 5827 1058 5902 hujus
1107 5830 1320 5884 natura
1347 5824 1564 5882 habilis
1593 5824 1851 5900 corporis
1897 5826 2010 5880 for-

2194 5821 2350 5891 ΙΙλήν
2424 5818 2579 5900 ἔργον
2649 5823 2747 5877 τοῦ
2816 5824 2952 5878 κατὰ
2999 5821 3156 5907 φύσιν
3217 5822 3555 5902 εὖαρμόστου
3607 5822 3776 5889 τοῦδε
