4118 6450
505 475 620 534 399
1526 479 1840 538 GEORGII
1887 478 2149 538 CYPllll
2194 478 2310 537 GP.
2365 479 2894 540 PA'l‘RlAltCHAﬂ
3786 477 3900 543 400

494 606 793 673 conferat;
828 604 944 660 illis
993 606 1170 660 robur
1221 612 1276 660 et
1324 622 1569 678 magnas
1618 609 1792 673 vires,
1824 612 2021 680 utpote
2051 608 2120 662 ini

2272 607 2421 679 ίψους
2466 607 2562 668 τὰς
2611 607 2808 669 λοιπὰς
2863 605 3163 671 διαστάσεις
3219 603 3634 681 λαμϐάνουσαν,
3685 610 3898 666 ἐνταῦθα

498 693 670 751 solita
700 700 755 749 et
785 694 1099 760 mirabilia,
1121 700 1292 766 atque
1313 701 1538 750 etatem
1561 697 1994 769 exsuperantia;
2019 697 2124 752 illis

2268 698 2310 764 ἱὴ
2344 699 2439 765 τῆς
2464 697 2693 772 φύσεως,
2725 696 2868 751 καλά
2911 695 2980 766 δὴ
3029 697 3126 751 παὶ
3174 699 3233 752 τὸ
3286 699 3563 774 ὁρώμενον
3621 706 3894 774 μαρτυρεῖ,

498 789 663 840 tuam
711 785 770 838 in
819 783 950 838 telis
1001 801 1065 839 ac
1105 784 1320 855 jaculis
1369 786 1647 840 adversus
1691 787 1842 841 feras
1897 791 1954 842 et
2010 803 2124 841 om-

2268 784 2660 858 >ιλοτιμότερον
2732 785 3062 857 κινουμένης
3120 786 3209 840 καὶ
3267 793 3441 841 πᾶσαν
3505 787 3894 864 είσφερομένης

500 873 599 928 nia
629 890 756 944 quae
787 872 955 927 ferire
984 889 1129 944 opus
1159 879 1283 928 erat
1328 873 1661 944 injiciendis
1710 875 2126 942 dexteritatem,

2275 873 2615 950 αλοτεχνίαν,
2666 880 2773 928 τῶν
2826 872 2883 929 δὲ
2929 877 3028 943 τήν
3067 874 3223 950 ἰσχὺν
3271 876 3448 930 καὶτὸ
3483 872 3690 953 σφόδρα
3723 877 3901 951 ῥωμα-

498 961 695 1016 alteris
752 966 911 1016 tuam
974 962 1031 1015 in
1091 963 1428 1034 equitando,
1462 962 1522 1018 in
1573 963 1854 1020 vibrantis
1892 964 2124 1036 spiculis

2270 961 2369 1016 ιέον
2399 967 2496 1016 τοῦ
2546 963 2796 1035 σώματος
2847 963 2920 1024 ὡς
2974 965 3217 1040 ὑπερφυῆ
3267 985 3326 1018 τε
3375 964 3465 1019 καί
3507 965 3783 1038 θαυμαστά
3812 965 3896 1020 καὶ

497 1049 639 1105 etin
671 1048 868 1123 clypeo
900 1050 971 1105 ad
1020 1054 1409 1106 tutamentum
1465 1052 1646 1106 armis
1693 1052 2019 1122 objiciendo
2069 1070 2123 1108 ac

2273 1052 2350 1126 πρὸ
2395 1058 2495 1120 τῆς
2547 1051 2767 1120 ἡλικίας
2821 1051 3188 1124 ἁπηντηκότα,
3238 1053 3432 1126 ἐτέρων
3484 1055 3583 1121 τήν
3619 1055 3743 1130 περὶ
3773 1055 3899 1126 τόξα

493 1137 554 1193 in
585 1139 749 1194 hoste
762 1139 914 1194 haud
932 1156 1082 1212 aegre
1104 1141 1255 1195 inter
1273 1140 1454 1196 aciem
1479 1143 1788 1197 sternendo
1810 1141 2108 1198 solertiam

2271 1140 2331 1194 ,αὶ
2388 1140 2600 1217 ἀφέσεις
2654 1139 2828 1214 βελῶν
2883 1142 3017 1194 κατᾶ
3065 1141 3270 1216 θηρίων
3319 1141 3408 1195 καὶ
3465 1147 3564 1196 τοῦ
3625 1142 3678 1197 ἐν
3739 1145 3897 1218 χρείᾳ

493 1227 615 1282 haec
642 1228 770 1283 aliis
805 1229 1009 1283 merito
1039 1229 1473 1286 celebrantibus
1516 1235 1572 1285 et
1615 1231 1984 1299 mirantibus,
2017 1248 2119 1286 nor

2272 1230 2441 1291 εαντὸς
2503 1229 2773 1303 βληθῆναι
2833 1230 2982 1305 παρὰ
3034 1233 3129 1284 σού
3190 1227 3509 1303 δεξιότητα,
3570 1228 3755 1284 ἄλλων
3803 1233 3898 1300 τήν

491 1322 581 1373 est
609 1317 848 1388 quidam
894 1317 985 1372 cui
1038 1319 1319 1389 majorem
1370 1335 1474 1392 ego
1523 1320 1972 1375 admirationem
2019 1321 2117 1375 im-

2269 1318 2364 1392 περὶ
2417 1317 2746 1389 ἱπποσύνην,
2792 1316 2882 1372 καὶ
2928 1319 2991 1372 τὸ
3037 1319 3298 1372 τινάσσειν
3331 1317 3544 1393 αἰχμὴν
3575 1319 3666 1373 xui
3699 1317 3895 1373 ἀσπίδα

491 1406 726 1476 pertiar,
759 1422 934 1476 quam
967 1411 1077 1461 tuas
1111 1407 1383 1479 ingenitae
1413 1409 1708 1480 sapientiae
1726 1409 2117 1465 beneﬁcio.So

2269 1401 2643 1482 προϐάλλεσθαι
2692 1406 2781 1460 καὶ
2832 1408 3157 1483 φράσσεσθαι
3209 1406 3426 1476 ὅπλοις,
3481 1409 3572 1462 xui
3621 1407 3895 1480 πολέμιον

491 1493 745 1550 lomonis
791 1495 1086 1566 equidem,
1119 1497 1298 1551 etiam
1345 1498 1532 1568 pueri,
1567 1497 1854 1553 miramur
1898 1498 2117 1569 sapien-

2271 1495 2331 1548 πὶ
2386 1494 2734 1570 παρατάξεως
2792 1493 2854 1548 οὐ
2925 1494 3188 1569 χαλεπῶς
3244 1490 3567 1550 καταϐαλεῖν
3603 1543 3618 1568 ,
3669 1494 3893 1567 ἐπιστή-

490 1584 632 1638 tiam
659 1589 714 1639 et
753 1585 1107 1654 aequitatem,
1135 1592 1312 1656 atque
1355 1587 1414 1641 in
1464 1587 1817 1657 quibusdam
1858 1587 2116 1658 quaestio

2269 1606 2376 1655 ιην,
2405 1588 2571 1638 ταῦτα
2607 1589 2714 1638 τῶν
2764 1583 2949 1638 ἄλλων
2999 1581 3220 1645 δικαίως
3267 1584 3578 1656 ὑμνούντων
3626 1585 3715 1638 καὶ
3762 1587 3895 1639 θαυ-

493 1673 669 1728 nibus
691 1672 976 1728 intricatis
996 1674 1320 1730 enodandis
1335 1676 1743 1747 prudentiam:
1777 1676 1992 1732 etenim
2017 1693 2119 1748 pra

2266 1673 2554 1743 ιαζόντων,
2616 1671 2716 1726 οὐκ
2771 1670 2912 1726 ἔστιν
2967 1674 3118 1744 ᾧτινι
3181 1672 3394 1746 μᾶλλον
3456 1672 3560 1748 ἐγὼ
3617 1673 3892 1745 θαύματος

493 1762 716 1816 (κεῖθι-ῖς
763 1761 1076 1833 scriptores
1125 1763 1358 1820 sedulos
1408 1765 1649 1820 sortitus
1697 1770 1807 1831 est,
1867 1766 2119 1819 omnium

2263 1763 2390 1833 Ιέμω
2446 1766 2542 1815 τοῦ
2597 1760 2649 1813 ἐν
2706 1760 2789 1814 σοὶ
2844 1769 2944 1830 τῆς
2992 1761 3211 1824 αὐτόθεν
3264 1761 3452 1839 σοφίας
3504 1761 3889 1836 χαρίσματος.

490 1850 650 1905 illius
671 1855 966 1922 gestorum
992 1853 1156 1922 quasi
1185 1853 1586 1924 ephemerides
1599 1841 2109 1926 faceregestientcs

2269 1856 2605 1922 Σολομῶντος
2674 1851 2768 1922 μὲν
2814 1850 2917 1926 γὰρ
2967 1850 3296 1924 θαυμάζεται
3352 1851 3441 1904 καὶ
3490 1848 3684 1912 παιδὸς
3743 1847 3895 1911 ὄντος

489 1939 592 1994 tibi
617 1945 807 1994 autem
840 1941 889 1994 si
923 1941 1153 1996 adesset
1182 1941 1432 2014 impiger
1461 1943 1729 2015 scriptor,
1762 1944 1900 1998 dum
1954 1944 2115 1997 etiam

2269 1940 2404 2018 λοφία
2470 1941 2558 1994 xui
2612 1937 2882 1993 εύθυδικία
2930 1940 3018 1993 καὶ
3070 1942 3208 2016 σοφή
3257 1960 3418 1993 τινων
3471 1939 3690 2012 ἀπόρων
3735 1961 3846 2015 προ
3877 1973 3895 1981 -

2269 2027 2297 2044 ,κ
2418 2029 2428 2044 ,
2601 2026 2624 2044 κ
2669 2030 2678 2044 .
3007 2028 3019 2044 ς
3130 2030 3142 2044 κ
3314 2029 3328 2044 ς
3477 2034 3502 2043 ..
3583 2026 3671 2044 ,ρης
3882 2031 3895 2044 ι

489 2028 676 2083 multo
709 2029 1015 2084 delicatius
1055 2030 1297 2086 haberes
1328 2047 1539 2102 corpus
1569 2049 1746 2104 quam
1799 2049 1933 2087 cum
1967 2031 2115 2087 Solo-

2270 2027 2542 2102 ῖλημάτων
2597 2026 2881 2104 διάκρισις·
2932 2028 3021 2082 καὶ
3081 2030 3185 2104 γὰρ
3232 2029 3368 2105 πρὸς
3411 2034 3526 2089 τοῖς
3577 2026 3773 2090 ἄλλοις
3810 2031 3896 2083 xui

488 2117 680 2172 monis
703 2117 849 2172 istas
871 2118 943 2172 lis
965 2118 1328 2188 dijudicavit,
1352 2136 1484 2176 mox
1506 2137 1804 2177 sermones
1825 2126 1882 2176 et
1905 2125 2107 2176 senten

2269 2118 2593 2195 ὐγγραφέων
2641 2117 2936 2191 προθύμων
2979 2117 3262 2194 ἐτύγχανε,
3310 2118 3482 2170 πάντα
3542 2116 3895 2192 βουλομένων

489 2206 601 2260 tias
630 2204 788 2262 illius
817 2206 1064 2262 historia
1097 2213 1417 2279 superaret,
1451 2226 1543 2265 res
1575 2211 1970 2277 conscribens,
2004 2226 2115 2280 qua

2265 2209 2306 2261 τὰ
2337 2206 2541 2262 ἐκείνου
2593 2205 2772 2282 ὥσπερ
2823 2203 3158 2283 ἐφημερίδας
3208 2211 3404 2260 ποιεῖν·
3439 2205 3524 2259 σοὶ
3557 2202 3603 2259 δ’
3637 2205 3682 2259 εἰ
3713 2209 3891 2280 παρῆν

490 2312 732 2351 numero
763 2301 938 2366 atque
967 2297 1317 2366 perfectione
1347 2303 1545 2354 essent
1575 2300 2021 2370 praestantiores.

2272 2317 2435 2356 ,οκνος
2503 2294 2886 2372 συγγραφεὺς,
2946 2293 3106 2363 ἡνίκα
3162 2294 3250 2348 καὶ
3324 2293 3678 2369 ἁπαλώτερον
3752 2294 3898 2350 πολὺ

493 2379 704 2454 μᾶλλον
765 2381 908 2457 εἶχες
937 2383 999 2436 τὸ
1031 2387 1186 2456 σῶμα
1215 2385 1250 2453 ἢ
1276 2383 1364 2438 ὅτε
1403 2384 1577 2440 ἐκεῖνα
1609 2384 1876 2458 Σολομῶν
1907 2381 2100 2459 ἔκρινε,
2131 2384 2255 2461 τάχ’
2286 2384 2344 2438 ἂν
2378 2380 2626 2460 παρῆλθε
2652 2382 2778 2445 τοὺς
2812 2381 3016 2437 ἐκείνου
3044 2386 3114 2456 τῇ
3159 2386 3441 2458 συγγραφῇ
3486 2381 3686 2456 λόγους
3720 2402 3782 2438 τε
3815 2384 3900 2438 καὶ

488 2473 758 2544 νοήματα,
791 2470 988 2541 πλήθει
1018 2493 1076 2526 τε
1105 2472 1193 2526 καὶ
1224 2469 1469 2549 ἀκριϐείᾳ
1495 2480 1724 2530 νικῶντα
1752 2475 2224 2551 ἀπογραφόμενος.

561 2582 644 2636 Ita
676 2580 912 2652 quidem
945 2597 1006 2636 se
1028 2598 1119 2637 res
1141 2582 1433 2639 habebant
1451 2585 1797 2656 priusquam
1829 2585 1899 2640 ad
1923 2586 2128 2656 juven-

2307 2579 2486 2636 Ἀλλά
2512 2585 2679 2636 ταῦτα
2730 2580 2823 2653 μὲν
2875 2581 2940 2648 ἦν
2988 2578 3077 2633 καὶ
3130 2578 3237 2654 πρὸ
3266 2583 3363 2632 τοῦ
3413 2577 3467 2640 ἐς
3518 2578 3713 2655 μέτρον
3745 2575 3894 2650 ἥϐης

486 2669 632 2725 tutis
656 2670 902 2741 gradum
933 2670 1266 2727 devenisses
1298 2689 1312 2726 :
1353 2676 1661 2744 postquam
1719 2679 1913 2730 autem
1965 2673 2112 2729 illam

2267 2670 2409 2726 λθεῖν
2447 2711 2458 2723 .
2521 2669 2635 2724 ἐπεὶ
2700 2666 2744 2723 δ’
2801 2667 2875 2729 εἷς
2925 2671 3089 2721 τοῦτο
3145 2667 3373 2743 προῄεις
3406 2713 3419 2739 ,
3479 2674 3893 2743 παρεγυμνοῦτο

485 2757 730 2829 adeptus
760 2774 910 2827 eras,
943 2759 1354 2816 denudabatur
1382 2761 1564 2816 animi
1589 2761 2111 2834 magnanimitas,e‘

2263 2760 2333 2814 Li-zv
2382 2761 2444 2813 τὸ
2500 2766 2600 2828 τῆς
2661 2760 2844 2834 ψυχῆς
2903 2755 3114 2830 εὐγενὲς
3171 2758 3260 2810 καὶ
3319 2756 3384 2810 τὰ
3438 2761 3546 2810 τῶν
3604 2754 3889 2830 λογισμῶν

485 2846 728 2903 rationis
768 2847 948 2902 robur
976 2847 1147 2920 plane
1176 2849 1506 2922 eﬂ‘ulgebat,
1530 2856 1587 2906 et
1616 2850 1794 2907 simul
1827 2852 2111 2908 crescebal

2263 2849 2438 2925 σχυρά
2490 2845 2811 2924 διεφαίνετο,
2869 2842 3216 2900 συνεπεδίδου
3275 2842 3333 2898 δὲ
3389 2846 3479 2899 καὶ
3531 2845 3596 2899 τὸ
3646 2845 3766 2920 περὶ
3830 2847 3889 2901 σὲ

487 2937 557 2991 de
585 2939 644 2992 te
670 2936 981 2992 admiratio
1024 2941 1083 2992 et
1129 2937 1355 2994 animos
1399 2939 1774 3011 potissimum
1821 2940 2113 2996 invadebal

2258 2942 2416 3011 ιαῦμα
2445 2937 2533 2991 καὶ
2587 2933 2799 3009 μᾶλλον
2839 2935 3042 3003 ἥπτετο
3087 2939 3194 2988 τῶν
3245 2937 3460 3009 ψυχῶν,
3514 2935 3774 3004 ἀνήπτετο
3827 2931 3884 2987 δὲ

488 3028 544 3080 et
638 3025 850 3080 ardens
951 3042 1134 3094 amor,
1211 3043 1344 3099 spes
1427 3032 1821 3084 Romanorum
1917 3029 2114 3085 conﬁr-

2255 3026 2326 3080 ιαὶ
2373 3025 2625 3102 λαμπρὸς
2676 3025 2704 3078 ὁ
2746 3020 2906 3099 ἓρως,
2936 3024 3004 3077 τὰ
3049 3020 3107 3077 δὲ
3154 3027 3264 3076 τῶν
3312 3019 3552 3077 ἐλπίδων
3593 3022 3881 3095 Ῥωμαίοις

489 3115 823 3181 mabantur,
884 3120 941 3170 et
1015 3115 1207 3171 omnis
1282 3120 1502 3173 naturas
1559 3117 1859 3173 tristitiam
1917 3134 2115 3191 magna

2265 3113 2586 3182 πλατύνετο,
2645 3115 2733 3168 καὶ
2789 3119 2934 3168 πᾶσα
2990 3111 3286 3188 δυσχεροῦς
3352 3111 3508 3188 φύσις
3560 3115 3630 3185 τῇ
3681 3109 3891 3187 μεγάλῃ

489 3203 822 3258 futurorum
883 3204 1298 3260 consolabatur
1342 3207 1715 3278 exspectatio.
1774 3207 1984 3262 Prwter
2038 3206 2115 3262 hii

2271 3209 2344 3259 ῶν
2395 3201 2706 3277 μελλόντων
2755 3201 3134 3278 ἐπεκουφίζετο
3182 3197 3511 3275 προσδοκίᾳ.
3565 3199 3895 3277 Φιλανθρω-

488 3291 764 3348 omnibus
821 3290 1108 3349 videbaris
1163 3293 1588 3350 humanitatem
1643 3301 1701 3351 et
1754 3296 1976 3351 viscera
2017 3296 2114 3352 mi-

2268 3293 2361 3348 τίαν
2427 3293 2527 3370 γὰρ
2589 3293 2724 3366 μετά
2776 3296 2884 3346 τῶν
2936 3289 3120 3345 ἄλλων
3183 3287 3387 3351 ἐδόκεις
3449 3289 3537 3344 καὶ
3603 3289 3894 3366 σπλάγχνα

489 3381 814 3436 sericordiaa
847 3381 1151 3452 induisse;
1184 3387 1241 3438 et
1291 3401 1492 3440 revera
1537 3385 1824 3441 induebas
1871 3391 1928 3442 et
1973 3401 2115 3442 com-

2275 3382 2535 3458 ἷκτιρμῶν
2596 3379 2920 3454 ἐνδεδύσθαι,
2979 3379 3068 3434 καὶ
3126 3375 3430 3448 ἐνεδέδυσο,
3491 3377 3771 3452 ἐκάμπτου
3836 3401 3894 3434 τε

489 3470 814 3524 movebaris
871 3471 1103 3543 generis
1159 3471 1615 3541 calamitatibus,
1667 3480 1956 3546 quantum
2009 3491 2115 3530 non

2269 3455 2543 3550 υμφαραῖς
2589 3476 2686 3526 τοῦ
2734 3470 2944 3546 γένους,
2995 3468 3118 3522 ὅσον
3170 3465 3282 3522 οὐδ’
3332 3469 3390 3522 ἂν
3429 3468 3480 3521 οἱ
3510 3468 3895 3544 περιπεσόντες

487 3557 600 3630 ipsi
633 3559 731 3630 qui
764 3560 822 3613 in
878 3559 996 3616 illis
1049 3561 1409 3635 inciderant;
1457 3569 1514 3618 et
1560 3563 1610 3618 si
1659 3565 1970 3620 accidisset
2019 3563 2113 3621 ali-

2274 3560 2407 3615 ύτοί·
2462 3559 2557 3615 κᾶν
2610 3557 2774 3635 ἔτυχέ
2824 3580 2907 3620 τις
2968 3558 3054 3612 ὑπ’
3110 3555 3333 3627 εὐθύνην
3393 3555 3730 3631 γενόμενος,
3799 3559 3900 3612 εἶτ’

486 3663 660 3717 quem
702 3648 762 3703 in
813 3665 1014 3719 poenas
1064 3649 1382 3717 incurrere,
1416 3669 1549 3708 cum
1599 3651 1880 3708 liberatus
1927 3658 2048 3709 erat
2091 3669 2112 3708 ε

2270 3649 2465 3724 ῤῥύσθη
2516 3656 2617 3718 τῆς
2662 3645 2978 3718 καταδίκης,
3037 3643 3249 3719 μᾶλλον
3299 3644 3573 3721 ἐγεγηθεις
3627 3644 3711 3700 ἐπ’
3743 3646 3896 3719 αὐτῷ

483 3735 880 3807 damnatione,
938 3741 1160 3810 majore
1215 3741 1287 3796 de
1343 3741 1452 3796 hoc
1510 3741 1711 3797 laetitia
1768 3742 2012 3798 allectus
2067 3749 2109 3797 el

2067 3747 2126 3797 et
2233 3739 2321 3792 xui
2353 3736 2557 3808 ἡδονῆς
2589 3735 2834 3814 ἐπληροῦ
2864 3732 3004 3812 ᾗπερ
3035 3735 3086 3789 οἱ
3117 3735 3259 3810 γένει
3291 3736 3683 3810 προσήκοντες.

483 3826 696 3897 gaudio
743 3827 951 3898 plenus
995 3845 1125 3886 eras
1176 3846 1354 3902 quam
1399 3830 1514 3903 ipsi
1555 3830 1639 3886 illi
1671 3831 1957 3904 sanguine
1987 3847 2124 3887 con-

475 3915 686 3985 juncﬁ.

554 4026 686 4078 Haac
734 4024 1130 4081 Romanorum
1179 4043 1315 4099 spes
1364 4027 1663 4099 erigebant
1709 4031 1766 4083 et
1803 4026 2122 4099 ampliﬁca-

2300 4027 2474 4077 Ταῦτα
2523 4021 2618 4084 τὰς
2677 4020 2963 4094 Ῥωμαίων
3015 4016 3240 4081 ἐλπίδας
3302 4017 3506 4094 ἀνύψου
3563 4018 3653 4074 καὶ
3717 4020 3893 4098 μεγά-

483 4112 664 4179 bant;
694 4113 816 4168 haec
846 4120 902 4168 et
932 4120 1209 4186 praeterea
1256 4116 1566 4187 prudentia
1611 4121 1669 4172 et
1712 4116 1997 4173 mirabilis
2029 4133 2109 4172 sa-

2271 4133 2331 4174 ας
2381 4111 2571 4166 ἐποίειο
2620 4114 2788 4165 ταῦτα
2834 4109 2970 4184 πρὸς
3022 4107 3186 4184 εὐχὰς
3235 4106 3430 4170 αὐτοὺς
3479 4109 3576 4170 τὰς
3623 4107 3756 4182 ὑπὲρ
3795 4115 3896 4165 σοῦ

482 4201 700 4273 pientia
730 4203 946 4274 quibus
974 4203 1224 4260 maxime
1253 4204 1516 4260 omnium
1546 4209 1715 4260 tuum
1755 4221 1940 4278 genus
1973 4222 2108 4276 prae-

2270 4201 2489 4273 ιανίστα,
2539 4200 2628 4254 καὶ
2657 4199 2803 4274 παρὰ
2847 4203 3016 4254 ταῦτα
3057 4200 3091 4266 ἡ
3140 4199 3455 4273 προμήθεια
3497 4197 3587 4251 καὶ
3631 4198 3694 4251 τὸ
3749 4200 3896 4276 μέγα

481 4291 667 4346 ditum
716 4297 839 4346 erat
883 4293 1202 4348 incitabant
1249 4293 1382 4349 illos
1425 4311 1529 4366 pro
1561 4299 1616 4349 te
1648 4295 1961 4366 deprecari.
1995 4295 2107 4350 Nor

2269 4297 2328 4360 ἧς
2387 4289 2648 4351 συνέσεως
2703 4308 2920 4364 χρημα,
2982 4289 3055 4341 ὧν
3107 4285 3157 4341 ἐν
3206 4292 3326 4348 τοῖς
3381 4285 3656 4361 μεγίστοις
3695 4286 3761 4340 τὸ
3799 4288 3895 4342 σὸν

480 4380 632 4435 enim
686 4385 810 4436 erat
861 4386 927 4435 ut
979 4382 1127 4454 patri
1188 4383 1475 4452 assidens,
1527 4381 1772 4438 consilio
1828 4385 2106 4455 propositc

2267 4380 2380 4442 ένος
2439 4379 2712 4435 ἀπώνατο.
2771 4377 2844 4431 Οὐ
2900 4379 3003 4452 γάρ
3057 4379 3122 4445 ἦν
3183 4375 3320 4430 ὅπου
3377 4379 3457 4446 τῷ
3512 4374 3674 4451 πατρὶ
3734 4397 3893 4453 παρ-

477 4468 549 4523 de
581 4468 803 4524 bellicis
850 4469 1271 4526 certaminibus
1321 4477 1423 4526 aut
1472 4470 1585 4526 alia
1629 4471 1997 4537 necessitate,
2031 4488 2103 4528 se-

2267 4466 2482 4544 Βρεύων,
2532 4469 2620 4523 καὶ
2677 4468 2914 4540 σκέψεως
2970 4465 3092 4541 περὶ
3150 4463 3469 4536 πολεμικῶν
3516 4467 3893 4539 προκειμένης

477 4557 708 4613 niorum
767 4559 984 4613 ducum
1049 4559 1313 4630 peritiam
1374 4566 1432 4615 et
1479 4560 1830 4632 sapientium
1885 4559 2103 4616 aliunde

2264 4559 2452 4632 γώνων
2511 4557 2546 4627 ἥ
2601 4578 2746 4618 τινος
2802 4555 2985 4632 ἐτέρου
3040 4559 3147 4609 τῶν
3202 4554 3541 4630 ἀναγκαίων,
3605 4553 3737 4631 οὐχὶ
3799 4556 3890 4611 xui

475 4653 813 4701 senatorum
872 4650 1243 4720 prudentiam
1301 4667 1416 4704 non
1495 4650 1882 4721 superaveris,
1942 4655 2101 4722 atque

2267 4646 2493 4724 ερόντων
2552 4649 2867 4722 στρατηγῶν
2949 4643 3228 4718 ἐμπειρίαν
3301 4643 3390 4697 καὶ
3449 4647 3630 4719 σοφῶν
3691 4641 3887 4706 ἄλλως

473 4735 756 4807 optimam
808 4738 1124 4808 protuleris
1173 4737 1546 4809 sententiam,
1599 4742 1656 4793 et
1704 4755 1831 4809 quae
1881 4738 2099 4809 potissi-

2261 4736 2536 4792 κουλευτῶν
2588 4734 2765 4796 ἐνίκας
2814 4733 3092 4810 φρόνησιν,
3148 4733 3236 4787 καὶ
3287 4733 3386 4800 τὴν
3436 4731 3741 4801 καλλίστην
3774 4735 3887 4788 εἰσ-

474 4841 631 4879 mam
691 4827 864 4881 rebus
918 4828 1167 4898 publicis
1225 4826 1528 4883 consulere
1587 4828 1792 4900 potuit.
1859 4827 2022 4882 Unde
2063 4843 2100 4883 e‘

2264 4845 2418 4902 φερες
2446 4829 2552 4878 τῶν
2583 4827 2820 4898 γνωμῶν
2869 4821 2957 4876 καὶ
3003 4821 3036 4890 ἦ
3076 4819 3310 4893 μάλιστα
3356 4825 3472 4881 τοῖς
3501 4826 3710 4883 κοινοῖς
3747 4822 3890 4897 βοη-

471 4916 821 4983 ῑιυορωοῐυυη]
857 4920 911 4969 et
941 4915 1337 4984 victoriarum,
1368 4933 1516 4987 quas
1538 4916 1755 4988 ubique
1789 4915 2097 4988 Illyriorum

2266 4920 2332 4968 εῖν
2379 4913 2495 4988 εἶχε
2546 4912 2853 4988 πράγμασιν
2885 4955 2896 4967 .
2953 4912 3105 4964 Ὅθεν
3156 4910 3246 4964 καὶ
3301 4909 3534 4985 τρόπαια
3581 4909 3670 4964 καὶ
3732 4911 3892 4974 νίκας

473 5003 636 5055 terra:
677 5008 732 5055 et
776 5002 1156 5075 Peloponnesi
1187 5010 1242 5060 et
1273 5005 1608 5060 Acarnaniae
1638 5011 1696 5060 et
1722 5005 1935 5059 iterum
1965 5004 2099 5059 Asia

2262 5003 2444 5072 ιείνας,
2496 5001 2557 5064 ἃς
2608 5003 2922 5076 ἁπανταχοῦ
2966 5007 3067 5068 τῆς
3119 4997 3406 5074 Ἰλλυριῶν
3457 5005 3583 5074 γῆς,
3636 4999 3730 5054 xui
3774 5006 3888 5056 lle-

472 5092 529 5142 et
576 5087 833 5161 Phrygias
882 5097 937 5145 et
991 5110 1192 5148 versus
1251 5094 1610 5149 Maandrum
1666 5095 1861 5163 Cariae,
1904 5093 2098 5148 Roma-

2262 5094 2566 5162 οποννήσου
2612 5090 2700 5145 xui
2751 5089 3124 5164 Ἀκαρνανίας,
3157 5088 3245 5142 καὶ
3299 5085 3360 5142 αὖ
3398 5087 3580 5150 Ἀσίας
3610 5088 3702 5142 καὶ
3729 5094 3887 5164 Φρυ-

470 5193 677 5231 norum
714 5195 919 5235 manus
953 5187 1344 5252 patraverunt,
1375 5200 1568 5254 regem
1589 5187 1644 5237 et
1667 5188 1888 5253 patrem
1921 5189 2096 5251 tuum,

2263 5179 2382 5252 ίας,
2440 5181 2529 5234 καὶ
2581 5182 2679 5249 τῆς
2740 5179 2878 5255 πρὸς
2937 5174 3236 5250 Μαίανδρον
3301 5175 3523 5252 Καρίας,
3580 5176 3635 5230 αἱ
3691 5182 3888 5254 χεῖρες

467 5270 598 5336 post
631 5271 834 5331 Deum,
863 5269 1018 5324 dicet
1048 5270 1263 5341 aliquis
1295 5277 1591 5327 auctorem
1615 5272 1837 5339 fuisse;
1870 5273 1970 5324 sed
2004 5271 2093 5325 tib‘

2265 5269 2502 5341 ’ωμαίων
2553 5269 2894 5344 εἰργάσαντο,
2949 5267 3058 5343 ἐρεῖ
3121 5267 3214 5339 μὲν
3279 5266 3335 5319 ἄν
3380 5286 3466 5327 τις
3512 5262 3683 5320 αἶίτιον
3744 5269 3891 5340 μετά

465 5354 864 5425 potissimum,
920 5358 1285 5414 divinissime
1334 5377 1451 5427 rex,
1497 5378 1612 5416 non
1674 5361 1870 5415 minus
1931 5377 2091 5431 quan

2261 5380 2277 5412 ε
2306 5359 2433 5412 Θεὸν
2467 5365 2556 5412 τὸν
2612 5356 2836 5432 βασιλέα
2880 5357 2970 5411 καὶ
3017 5356 3222 5430 πατέρα
3253 5355 3342 5409 τὸν
3378 5355 3466 5408 σὸν
3509 5354 3674 5416 αὐτὰς
3707 5353 3887 5430 ἐσχη-

459 5444 608 5514 patri
671 5444 902 5500 illorum
967 5462 1208 5502 causam
1266 5449 1619 5514 ascribet,si
1669 5449 1925 5503 haeccine
1978 5465 2085 5520 per

2264 5449 2383 5501 ἐναι-
2419 5448 2479 5501 οὐ
2532 5449 2636 5521 μὴν
2688 5444 2968 5502 ἀλλακαί
3019 5444 3102 5499 σοί
3151 5465 3230 5520 γε,
3279 5446 3387 5498 θεῖε
3435 5441 3681 5518 βασιλεῦ,
3718 5442 3890 5500 οὐδα-

458 5533 667 5604 spiciat
700 5550 711 5586 :
747 5533 843 5589 ille
898 5535 1021 5590 dies
1075 5538 1433 5609 transigebat
1486 5537 1912 5594 deliberando?
1956 5542 2012 5592 et
2043 5543 2084 5592 ti

2263 5541 2336 5599 ὣς
2385 5540 2546 5605 ἧττον
2594 5539 2627 5604 ἢ
2675 5541 2751 5607 τῷ
2798 5535 2960 5609 πατρὶ
3011 5536 3108 5603 τήν
3142 5533 3314 5587 αἰτίαν
3363 5532 3569 5588 τούτων
3610 5552 3887 5608 προσεπι-

460 5622 862 5695 transigebas;
922 5630 1121 5680 noctes
1171 5631 1320 5681 totas
1370 5633 1646 5697 praeterea
1722 5627 2086 5682 consumeba‘

2261 5623 2494 5699 δάψεται,
2557 5629 2774 5678 σκοπῶν
2834 5623 3064 5677 οὐτωσί·
3130 5621 3417 5697 διημέρευε
3478 5620 3887 5696 βουλευόμενος

461 5711 821 5770 consulendo
841 5712 869 5768 ?
897 5719 958 5769 tu
990 5730 1224 5786 quoque
1255 5715 1675 5786 pernoctabas;
1709 5715 1960 5787 negotiis
1992 5715 2087 5772 dis

2263 5720 2415 5776 ιεῖνος
2469 5733 2482 5783 ;
2525 5709 2943 5786 συνδιημέρεύες
2981 5731 2992 5742 ⁸
3051 5711 3245 5773 νύκτας
3301 5709 3435 5772 ὅλας
3492 5707 3889 5788 προσεδαπάνα

461 5807 682 5858 tractus
713 5803 884 5858 erat?
928 5803 1147 5864 Pariter
1175 5808 1232 5860 et
1256 5821 1385 5860 eras
1416 5805 1752 5873 distractus,
1785 5809 1842 5860 et
1869 5809 2087 5861 tantum

2259 5807 2280 5878 ᾗ
2342 5801 2520 5877 σκέψει
2554 5822 2566 5871 ;
2606 5800 3128 5877 προσεπαννύχιζες·
3190 5800 3465 5878 ἐμερίζετο
3519 5806 3639 5861 ταῖς
3700 5821 3885 5880 φρον..
