4118 6432
313 433 431 496 401

1318 435 1716 501 LAUDATIO
1763 438 2192 500 ANDRONICI
2237 439 2722 502 PALIEOLOGI.

3601 443 3719 503 402

310 565 456 633 tim;
502 563 878 642 συνεμερίζου·
939 566 1028 622 καὶ
1077 566 1334 624 τοσοῦτόν
1387 589 1447 644 γε
1506 567 1571 637 δὴ
1629 573 1697 643 τῇ
1757 568 1954 638 νεότητι

2075 573 2370 644 juventuti
2414 572 2741 628 laxamenta
2789 572 2991 642 dabas,
3046 575 3333 645 quantum
3385 589 3556 629 nemo
3606 573 3719 630 sibi

309 654 591 730 ῥᾳστώνης
622 652 859 718 ἐδίδους.
893 657 1093 711 ὁπόσον
1148 655 1326 720 οὐδεὶς
1357 659 1491 713 ἑκὼν
1538 659 1710 731 ἑαυτῷ
1753 660 1820 713 τὰ
1844 659 1963 732 ,μέ-

305 765 464 818 γιστα
489 741 886 819 ταλαιπωριῶν
917 766 976 799 τε
1007 746 1094 800 καὶ
1126 745 1302 800 πόνων
1335 747 1659 820 προσνέμοι.

383 832 457 886 Ού
522 831 688 908 μέχρι
723 831 782 887 δὲ
809 836 1017 888 τούτων
1078 835 1207 910 ὑπὲρ
1265 836 1549 908 Ῥωμαίων
1597 835 1686 890 καὶ
1718 840 1814 891 τοῦ
1847 834 1962 889 θεό-

316 923 404 975 θεν
462 942 547 975 σοι
606 920 821 994 κλήρου
871 923 933 976 τὸ
991 921 1348 996 κηδεμονικὸν
1430 922 1789 997 ἐπεδείκνυτο,
1841 921 1966 979 οὐδὲ

325 1010 512 1081 μόνον,
542 1009 592 1065 ἐν
622 1015 744 1073 τοῖς
780 1009 1075 1086 βασιλείοις
1107 1015 1434 1085 καθήμενος,
1469 1012 1558 1068 διὰ
1594 1012 1810 1070 πολλοῦ
1865 1019 1965 1069 τοῦ

322 1097 492 1171 μέσου
562 1100 657 1168 τήν
739 1098 1052 1176 ἐπικουρίαν
1137 1109 1398 1178 παρεῖχες
1452 1108 1570 1165 τοῖς
1628 1103 1962 1179 πράγμασιν,

314 1185 464 1242 ἀλλά
521 1185 583 1256 δὴ
640 1188 731 1242 καὶ
793 1188 1056 1263 ἀπαίρων,
1089 1190 1177 1244 καὶ
1228 1191 1500 1254 πολλάκις
1557 1192 1817 1266 ἀπαίρων,
1874 1192 1964 1246 καὶ

304 1282 427 1337 τοῖς
487 1278 604 1330 καθ’
658 1273 860 1333 ἕκαστα
916 1279 1005 1332 καὶ
1068 1277 1302 1352 μάλιστα
1352 1286 1468 1342 τοῖς
1530 1279 1581 1335 ἐν
1643 1280 1800 1356 χρείᾳ
1847 1279 1965 1336 οὖσι

306 1364 568 1441 βοηθείας
627 1365 1001 1444 ἐφιστάμενος,
1054 1374 1312 1444 παρεῖχες
1373 1370 1505 1442 μετᾶ
1569 1369 1784 1425 πολλοῦ
1867 1375 1964 1424 τοῦ

299 1452 597 1529 περιόντος
648 1456 748 1525 τὴν
793 1456 1035 1530 ἀρωγὴν.
1068 1457 1158 1511 καὶ
1190 1457 1266 1520 ὡς
1323 1459 1522 1519 ἱκανῶς
1579 1453 1958 1532 ἀνελάμϐανες.

298 1543 462 1618 Ἔχει
494 1542 685 1598 πολλά
717 1545 813 1599 σού
859 1551 963 1614 τῆς
1019 1545 1276 1620 προνοίας
1332 1547 1421 1601 καὶ
1480 1548 1775 1624 παρουσίας
1804 1551 1838 1617 ἡ
1866 1553 1963 1602 τοῦ

299 1631 493 1692 ἄστεος
575 1630 976 1710 Φιλαδελφείας
1031 1636 1106 1708 (9)
1179 1634 1494 1711 περίχωρος
1566 1637 1964 1712 κατορθώματα

300 1715 638 1794 διηγεῖσθαι·
675 1716 794 1796 ἔχει
844 1719 903 1776 δὲ
951 1721 1040 1776 καὶ
1098 1723 1276 1779 Μυσία
1330 1721 1419 1778 καί
1477 1724 1693 1796 Μηονία
1748 1726 1839 1778 καὶ
1897 1727 1963 1779 τὰ

301 1807 411 1863 ἄνω
470 1807 699 1883 Λυδίας,
732 1811 831 1866 οὐκ
889 1810 1097 1867 ἐλάττω
1158 1809 1216 1867 δὲ
1271 1813 1359 1868 καὶ
1420 1813 1596 1869 Ἰωνία
1622 1814 1777 1884 καὶὴ
1836 1815 1958 1888 περὶ

2075 661 2265 718 libens
2296 661 2581 718 maximas
2612 662 2976 718 calamitates
3008 665 3065 717 et
3121 678 3321 733 poenas
3366 668 3716 719 assumeret.

2141 845 2267 899 Non
2299 847 2541 899 eatenus
2573 858 2750 914 super
2783 841 3063 896 Romanis
3104 845 3160 897 et
3182 840 3514 897 hiereditate
3539 859 3574 897 a
3601 843 3716 900 Deo

2075 934 2214 989 data
2243 931 2635 987 sollicitudine
2665 931 3038 997 ostendebas,
3071 947 3186 985 non
3213 934 3468 1000 tantum,
3508 931 3567 986 in
3626 949 3713 988 re-

2073 1022 2246 1095 gibus
2273 1020 2561 1084 assidens,
2620 1019 2793 1091 longo
2852 1017 3155 1074 intervallo
3212 1020 3387 1074 rebus
3431 1019 3714 1076 aﬁ‘erebas

2075 1109 2380 1174 auxilium,
2413 1109 2512 1163 sed
2546 1107 2721 1162 etiam
2751 1107 3056 1162 discedens
3087 1111 3144 1162 et
3176 1123 3324 1178 saepe
3381 1107 3707 1178 discedens,

2073 1196 2456 1268 etuniouique
2479 1201 2654 1268 atque
2678 1195 2999 1267 praesertim
3020 1195 3288 1266 praesidio
3311 1194 3711 1268 indigentibus

2074 1291 2296 1349 astans,
2329 1302 2543 1357 magna
2572 1301 2706 1357 cum
2729 1285 2990 1338 ubertate
3014 1285 3331 1354 praestabas
3353 1285 3708 1356 subsidium,

2072 1379 2130 1430 et
2161 1374 2411 1429 maxime
2437 1373 2758 1428 reﬁciebas.
2792 1371 3019 1426 Habent
3048 1370 3233 1426 multa
3261 1375 3373 1426 tua;
3403 1371 3710 1443 providen-

2071 1463 2164 1518 tiae
2195 1467 2252 1518 et
2283 1461 2686 1535 opitulationis
2715 1461 2974 1516 facinora
3019 1476 3291 1515 enarrare
3337 1460 3713 1531 circumjecta

2073 1551 2486 1624 Philadelphia;
2511 1570 2525 1619 ;
2560 1551 2779 1606 habent
2807 1554 2864 1604 et
2893 1549 3078 1621 Mysia
3107 1553 3165 1604 et
3193 1549 3417 1604 Meonia
3445 1553 3502 1604 et
3531 1550 3712 1621 Lydia

2070 1640 2356 1713 superior,
2397 1657 2502 1695 nec
2526 1639 2753 1694 minora
2783 1638 2943 1694 lonia
2973 1642 3030 1693 et
3055 1653 3180 1708 quae
3207 1638 3535 1692 circumdat
3577 1653 3708 1692 eam

2069 1731 2254 1786 Asia:
2292 1746 2404 1784 non
2437 1735 2527 1784 est
2556 1728 2712 1784 enim
2769 1731 2871 1783 aut
2925 1726 3148 1792 civitas,
3211 1730 3312 1782 aut
3368 1728 3550 1798 regio,
3607 1731 3708 1782 aut

2070 1819 2220 1875 alius
2247 1819 2381 1890 quis
2409 1817 2592 1884 locus,
2617 1816 2714 1888 qui
2738 1819 2794 1870 te
2820 1819 3100 1886 praesente
3130 1815 3363 1882 fruitus,
3388 1831 3502 1869 non
3526 1813 3705 1871 simul

294 1897 508 1967 ταύτην
541 1899 718 1954 Ἀσίω
769 1899 832 1953 ού
879 1902 980 1977 γάρ
1037 1901 1194 1972 ἐστιν,
1227 1901 1288 1956 οὐ
1345 1901 1529 1971 πόλις,
1559 1904 1625 1957 ού
1683 1905 1862 1979 χώρα,
1896 1903 1954 1958 ού

343 1986 356 2007 Ι
663 1986 754 2007 ’ῙἏἿ
877 1989 898 2006 η
1001 1989 1016 2007 9
1103 1990 1124 2007 Χ
1189 1991 1201 2007 Ι
1631 1991 1644 2007 1
1892 1992 1906 2007 5

2071 1907 2264 1979 aliquo
2319 1906 2596 1962 beneficio
2653 1905 2971 1977 perfruitus
3024 1904 3288 1959 evaserit.
3342 1903 3471 1959 Sive
3545 1904 3703 1958 enim

292 1986 473 2049 τόπος
521 2008 608 2049 τις
657 1986 828 2050 ἄλλος
877 1989 957 2061 ὃς,
992 1989 1304 2053 ἀπολαύσας
1363 2013 1457 2046 σου
1506 1991 1792 2068 παρόντος,
1851 1992 1958 2068 οὐχ

296 2077 415 2147 ἅμα
470 2077 564 2130 καὶ
621 2081 730 2131 τῶν
786 2075 987 2132 καλῶν.
1020 2080 1137 2141 ἐνὸς
1185 2079 1590 2144 συναπολαύσας
1649 2082 1838 2160 ἐφάνη.
1889 2084 1957 2137 Ἣ

294 2166 403 2241 γὰρ
487 2165 782 2244 φεύγοντας
851 2167 982 2230 τοὺς
1059 2168 1297 2245 ὁμόρους
1374 2168 1482 2225 εἶδε
1537 2167 1866 2247 Βαρϐάρους,
1923 2173 1957 2241 ἢ

296 2255 712 2330 σφαττομένους
768 2257 803 2324 ἣ
858 2255 1276 2330 ἁλισκομένους,
1335 2255 1373 2328 ἤ
1443 2281 1496 2313 τι
1572 2259 1952 2334 παραπλήσιον

294 2342 640 2418 πάσχοντας,
671 2345 761 2398 καὶ
815 2346 916 2412 τὴν
972 2345 1185 2400 ἐκείνων
1245 2346 1603 2425 ἐπανηγύρισε
1651 2351 1951 2426 συμφορὰν,

293 2433 330 2499 ἦ
362 2429 623 2506 πόλισμά
653 2453 707 2487 τι
751 2429 963 2503 ἐδέξατο
993 2435 1082 2489 καὶ
1112 2443 1215 2504 τῆς
1249 2434 1598 2513 καταδρομῆς
1628 2437 1952 2513 ἀπηλλάγη,

296 2519 649 2597 ἐχυρώτερος
720 2522 910 2577 ἑαυτοῦ
977 2525 1067 2577 καὶ
1141 2524 1534 2602 ἀσφαλέστερος
1607 2529 1863 2603 γεγονὼς,
1921 2530 1954 2597 ἢ

295 2610 646 2685 στρατιώτης
695 2610 1034 2690 περιελήφθη
1069 2614 1183 2686 (10)
1225 2620 1508 2691 φρουραῖς,
1537 2615 1623 2670 καὶ
1671 2621 1789 2678 τοῖς
1839 2616 1950 2671 ἐθέ-

295 2696 490 2753 λουσιν
552 2697 639 2752 ἐπὶ
701 2699 848 2774 λύμῃ
904 2703 1179 2776 προσιέναι
1229 2699 1606 2780 φοϐερώοερος
1638 2706 1882 2780 γέγονεν,
1913 2703 1950 2774 ἦ

291 2809 344 2842 τι
375 2785 568 2864 ἓτερον
603 2791 876 2865 σωτηρίας
910 2790 1172 2866 ἐχέγγυον
1234 2790 1380 2868 ἔσχε,
1441 2793 1528 2848 καὶ
1585 2795 1684 2862 τήν
1746 2796 1950 2867 θαυμα-

295 2878 430 2945 στῆν
493 2878 621 2952 περὶ
678 2876 851 2934 πάντα
906 2880 1163 2956 κηρύττει
1221 2903 1317 2936 σου
1372 2882 1651 2954 πρόνοιαν.
1693 2883 1792 2938 Καὶ
1848 2885 1948 2959 γὰρ

293 2965 430 3041 ὅπερ
491 2967 547 3020 αἱ
607 2967 752 3021 σκιαὶ
808 2961 1105 3044 πάσχουσι,
1160 2971 1482 3046 προσιόντος
1558 2970 1746 3040 ἡλίου,
1802 2973 1950 3027 τοῦτ’

300 3055 576 3130 ἀτεχνῶς,
629 3057 707 3118 ὡς
764 3057 928 3129 μόνον
1001 3061 1393 3135 προσήγγιζες,
1449 3067 1594 3115 πᾶσα
1645 3057 1946 3138 βαρϐαρική

307 3142 557 3206 σύστασις
609 3143 850 3222 ἐφαίνετο
907 3148 1212 3224 πάσχουσα,
1246 3147 1609 3223 σκεδαζομένη
1671 3152 1761 3205 καὶ
1819 3148 1949 3205 λυο-

314 3233 453 3303 μένη
484 3233 568 3286 καὶ
595 3235 695 3302 τὴν
718 3235 1012 3311 παρουσίαν
1045 3235 1106 3291 ού
1137 3237 1390 3315 φέρουσα.

2068 1997 2300 2069 fugatos
2329 1995 2540 2051 viderit
2568 1993 2930 2066 propinquos
2959 1993 3265 2063 Barbaros,
3298 1991 3417 2048 sive
3446 1991 3702 2048 trucida-

2064 2089 2178 2154 tos,
2212 2083 2331 2140 sive
2360 2087 2580 2156 captos,
2640 2082 2759 2137 sive
2819 2079 2975 2135 aliud
3034 2079 3172 2150 quid
3231 2079 3518 2151 patientes
3574 2079 3704 2135 illo-

2066 2189 2197 2227 rum
2257 2171 2565 2227 celebravit
2615 2170 2860 2235 cladem,
2923 2168 3044 2222 sive
3111 2167 3346 2240 aliquod
3423 2167 3701 2239 oppidum

2065 2260 2350 2332 acceperit
2378 2265 2436 2316 et
2466 2261 2536 2315 ab
2569 2258 3009 2314 incursionibus
3043 2257 3217 2312 fuerit
3275 2256 3574 2325 liberatus,
3627 2257 3706 2312 fa-

2065 2355 2190 2407 ctus
2228 2350 2356 2422 ipso
2408 2347 2690 2404 munitior
2721 2351 2894 2419 atque
2924 2345 3122 2415 tutior,
3175 2347 3294 2401 sive
3341 2345 3520 2417 copias
3569 2345 3704 2401 reli-

2063 2443 2164 2494 ctas
2195 2439 2410 2494 fuerint
2439 2438 2657 2508 ubique
2687 2437 2746 2490 in
2778 2434 3086 2507 praesidiis,
3138 2439 3194 2489 et
3251 2435 3320 2489 ad
3372 2434 3700 2490 nocendum

2063 2529 2295 2601 prodire
2323 2525 2648 2582 volentibus
2677 2523 2991 2580 terribilior
3021 2522 3321 2589 exstiterit,
3371 2522 3490 2578 sive
3516 2521 3699 2578 alium

2063 2615 2327 2687 quemvis
2356 2613 2560 2669 salutis
2621 2612 2894 2667 habuerit
2948 2611 3234 2678 obsidem,
3285 2611 3694 2666 admirabilem

2061 2709 2225 2760 tuam
2256 2701 2625 2775 prudentiam
2657 2702 2716 2755 in
2747 2700 2839 2756 his
2868 2699 3217 2772 praedicavit.
3272 2699 3494 2754 Etenim
3540 2700 3697 2770 quod

2059 2794 2335 2858 tenebrae,
2364 2790 2705 2846 adveniente
2737 2790 2878 2859 sole,
2911 2788 3309 2860 experiuntur,
3340 2787 3483 2842 illud
3528 2805 3696 2859 pror-

2061 2899 2162 2937 sus
2202 2881 2300 2936 ubi
2354 2883 2584 2934 tantum
2633 2877 3165 2950 appropinquabas,
3211 2876 3402 2931 omnis
3443 2877 3694 2931 barbara

2059 2969 2232 3026 coitio
2262 2967 2509 3040 experiri
2562 2967 2687 3022 visa
2736 2969 2842 3036 est,
2894 2980 3029 3020 cum
3078 2964 3363 3035 dissipata
3410 2963 3584 3019 fuerit
3624 2979 3690 3019 ac

2059 3057 2365 3128 dissoluta,
2397 3060 2571 3127 atque
2601 3053 2968 3127 praesentiam
3009 3069 3124 3108 non
3162 3051 3510 3130 toleraverit.

382 3318 555 3376 Ἀλλά
584 3323 652 3376 τὰ
685 3309 806 3396 μὲνὴ
837 3323 1099 3400 εἰρημένα
1150 3309 1320 3381 ταῦτα
1364 3333 1462 3397 τῆδ
1517 3332 1614 3383 τοῦ
1657 3327 1947 3403 βασιλέως,

2129 3326 2240 3382 Sed
2267 3325 2389 3380 haec
2419 3341 2546 3396 quae
2575 3321 2692 3378 dixi
2738 3327 2866 3377 tum
2913 3321 3082 3393 regiae
3130 3319 3514 3387 strenuitatis,
3569 3322 3698 3374 tum

297 3414 466 3464 τοῦτο
522 3411 619 3482 μὲν
679 3409 920 3487 ἀνδρίας,
950 3418 1112 3468 τοῦτο
1170 3412 1229 3468 δὲ
1285 3413 1632 3489 κηδεμονίας,
1681 3419 1951 3494 τεκμήρια

295 3499 492 3574 πόρρω
547 3504 646 3554 τοῦ
704 3505 792 3555 νῦν
855 3501 986 3574 ἐστι,
1018 3503 1107 3558 καὶ
1165 3504 1212 3559 εἰ
1276 3506 1351 3576 μὴ
1405 3504 1645 3568 πολλοῖς
1689 3505 1947 3583 πρότερον

293 3585 440 3644 ἔτεσι
497 3587 738 3663 γέγονεν·
773 3590 806 3644 ’ἀ
836 3587 886 3644 δ’
927 3590 1212 3669 ἐγγύτερόν
1264 3592 1374 3648 ἐστι
1421 3595 1512 3649 καὶ
1563 3600 1670 3649 τῶν
1728 3595 1950 3650 ἀκουόν-

295 3697 406 3731 των
468 3675 651 3752 ὥσπερ
708 3678 759 3732 ἐν
821 3678 1153 3758 ὀφθαλμοῖς,
1220 3677 1533 3756 ἐϐουλόμην
1591 3685 1704 3758 (11)
1733 3685 1796 3738 τὸ
1846 3689 1952 3738 τῶν

297 3769 551 3833 ποιητῶν
612 3767 746 3820 ἅπαν
805 3769 1087 3842 σύνταγμα
1143 3777 1406 3847 περιεῖναι
1462 3776 1542 3843 τῷ
1596 3771 1720 3847 βίῳ,
1769 3773 1951 3827 κάκεί-

295 3874 415 3914 νοις
473 3857 890 3932 συμφρονήσασι
947 3857 1036 3911 καὶ
1107 3857 1232 3930 μίαν
1305 3859 1702 3933 ἁρμοσαμένοις
1769 3862 1954 3938 φωνὴν

297 3944 704 4017 παραχωρῆσαι
750 3944 873 4019 περὶ
912 3943 1118 4000 τούτων
1171 3946 1359 4001 εἰπεῖν·
1418 3950 1561 4023 τάχα
1607 3950 1709 4023 γὰρ
1771 3947 1950 4019 ἔδοξαν

298 4031 556 4084 ὁπωσοῦν
586 4035 656 4103 τῇ
688 4030 839 4108 φύσει
867 4033 1145 4108 προσιέναι
1193 4040 1300 4090 τῶν
1359 4033 1554 4111 ἔργων,
1589 4036 1769 4113 ὥσπερ
1828 4038 1954 4115 ἐρά-

297 4139 397 4173 νου
484 4119 654 4196 φορὰν
737 4121 1099 4193 ποιησάμενοι
1177 4123 1266 4177 καὶ
1334 4125 1820 4200 συνεισενεγκόντες
1877 4132 1955 4198 τῷ

298 4205 486 4282 λόγῳ,
510 4205 686 4269 ἄλλος
717 4205 858 4263 ἄλλο
886 4229 936 4262 τι
968 4209 1148 4282 τούτῳ
1193 4211 1598 4289 μεγαληγορίας
1654 4213 1951 4287 ἐμπεπνευ-

295 4296 458 4357 κότες
517 4304 816 4367 ποιητικῆς
873 4298 960 4352 καὶ
1019 4297 1316 4372 δυνάμεως.
1380 4302 1534 4374 Ἐμοὶ
1592 4300 1658 4372 δ’,
1694 4304 1950 4379 ὁπότερον

298 4385 403 4460 ἄρα
431 4385 525 4438 καὶ
564 4381 846 4460 δράσαιμι,
880 4385 980 4441 ούκ
1025 4386 1211 4464 ὀλίγον
1272 4385 1552 4466 φοϐεῖσθαι
1609 4391 1950 4467 παρίσταται.

299 4470 534 4528 Δέδοικα
595 4472 699 4548 γὰρ
759 4476 857 4546 μὴ,
891 4477 1276 4553 φθεγξάμενος,
1311 4479 1640 4553 θρασύτητος
1699 4477 1954 4556 ἔγκλημα

298 4561 390 4615 καὶ
475 4560 760 4631 ἀπονοίας,
818 4559 895 4617 ἔτι
958 4560 1014 4618 δέ
1068 4565 1158 4620 καὶ
1217 4566 1470 4639 ἀμαθίας,
1529 4568 1846 4642 ἀποίσομαι,
1905 4570 1952 4624 εί

2060 3413 2470 3472 sollicitudinis
2495 3411 2829 3468 testimonia
2858 3428 2892 3465 a
2927 3414 3188 3481 tempore
3238 3408 3511 3480 praasenti
3562 3425 3695 3478 pro-

2061 3503 2155 3561 cul
2187 3504 2424 3569 absunt,
2466 3507 2523 3557 et
2552 3501 2665 3556 nisi
2691 3499 2894 3555 multis
2946 3498 3158 3554 abhinc
3207 3498 3377 3553 annis
3420 3497 3696 3552 innotue-

2063 3593 2196 3647 rint.
2245 3592 2326 3646 De
2381 3590 2475 3646 his
2530 3595 2725 3645 autem
2785 3605 2910 3660 quis
2970 3586 3393 3659 propinquiora
3448 3589 3588 3641 sunt
3642 3590 3699 3640 et

2061 3681 2425 3736 audientium
2480 3678 2649 3750 quasi
2707 3682 2841 3733 ante
2897 3675 3114 3743 oculos,
3167 3691 3338 3730 omne
3395 3679 3697 3746 poetarum

2062 3786 2271 3842 agmen
2301 3784 2609 3840 superesse
2638 3765 2836 3835 velim,
2881 3771 2937 3820 et
2966 3765 3050 3819 eis
3088 3762 3596 3818 consensientibus
3643 3765 3702 3817 et

2063 3875 2242 3914 unam
2273 3857 2610 3929 Optantibus
2640 3871 2839 3910 vocem
2870 3854 3117 3908 dicenda
3146 3853 3514 3924 permittere:
3566 3868 3701 3906 mox

2062 3947 2218 4003 enim
2250 3946 2322 4002 ad
2355 3951 2627 4001 naturam
2661 3945 2740 3998 rei
2772 3957 3144 4014 quocumque
3192 3941 3364 3996 modo
3411 3940 3703 3995 videretur

2065 4036 2370 4108 attingere,
2402 4033 2541 4105 quia
2559 4033 2966 4102 unusquisque
2993 4030 3280 4085 tributum
3311 4029 3476 4084 daret
3495 4032 3552 4083 et
3569 4045 3703 4083 con-

2063 4126 2238 4180 ferret
2270 4123 2533 4187 dicendo,
2560 4137 2694 4176 cum
2727 4119 2878 4176 alius
2919 4118 3076 4174 aliud
3107 4118 3245 4190 quid
3299 4133 3366 4172 ex
3414 4115 3700 4188 magnilo-

2063 4212 2305 4284 quentia
2333 4214 2403 4268 de
2434 4212 2642 4268 robore
2673 4225 2913 4282 poeseos
2969 4206 3302 4279 inspiraret.
3353 4205 3496 4261 Mihi
3540 4221 3695 4272 vero,

2064 4301 2587 4374 quomodocunque
2635 4297 2872 4370 egerim,
2924 4312 3039 4351 non
3090 4312 3296 4367 parum
3344 4293 3552 4348 timere
3599 4310 3697 4348 su-

2064 4394 2274 4463 perest.
2309 4390 2500 4446 Metuo
2531 4387 2686 4444 enim
2718 4403 2789 4442 ne
2821 4386 3053 4442 locutus
3081 4382 3425 4440 temeritatis
3466 4381 3696 4453 vitupe-

2063 4480 2350 4535 rationem
2381 4485 2438 4534 et
2467 4476 2772 4533 dementiae
2803 4479 2860 4530 et
2915 4473 3090 4530 etiam
3136 4469 3476 4544 ignorantiae
3517 4469 3696 4525 susti-

2064 4585 2254 4636 neam,
2286 4566 2335 4623 si
2381 4584 2558 4639 parvo
2614 4570 2671 4620 et
2717 4563 2882 4619 humi
2927 4565 3196 4633 serpente
3253 4575 3518 4614 sermone
3566 4558 3698 4613 faci-

300 4653 523 4740 σμικρῷ
586 4649 676 4704 καὶ
742 4659 1075 4740 χαμαιπετεῖ
1154 4652 1304 4731 λόγῳ
1359 4655 1516 4732 ἔργον
1606 4653 1948 4734 ὑπερϐάλλον

2067 4673 2272 4713 norum
2305 4655 2765 4729 praestantiorem
2798 4652 3144 4724 dignitatem
3164 4649 3536 4716 imminuam,
3560 4663 3696 4702 cum

301 4738 521 4811 ἀξίωμα
575 4740 918 4808 ταπεινώσω,
963 4738 1080 4797 δέον
1139 4749 1256 4805 τοῖς
1312 4743 1548 4818 ὑψηλοῖς
1595 4747 1685 4800 τὸν
1749 4747 1957 4820 ὑψηλὸν

299 4827 610 4898 προσιέναι,
662 4828 724 4882 ού
788 4830 894 4900 μὴν
948 4831 1037 4885 καὶ
1083 4832 1174 4886 τὸν
1229 4830 1418 4895 ἄλλως
1471 4832 1668 4909 ἔχοντα
1723 4835 1810 4889 καὶ
1870 4836 1953 4906 ὃς,

301 4915 475 4972 εἰπεῖν
505 4915 818 4990 τολμήσας,
849 4917 925 4979 εἷς
976 4916 1188 4992 ἀδοξίαν
1249 4925 1354 4976 τῶν
1398 4926 1770 4998 προκειμένων
1823 4923 1948 5000 ἐρεῖ.

302 5003 534 5060 Δέδοικα
589 5004 780 5074 πάλιν,
812 5009 1063 5081 σιγήσας,
1105 5009 1204 5071 τὰς
1250 5017 1350 5079 τῆς
1410 5012 1801 5087 ἀγνωμοσύνης
1849 5013 1955 5068 ἐτέ-

301 5095 474 5169 ρωθεν
531 5091 895 5164 ἀναπηδώσας
963 5095 1160 5159 αἰτίας·
1215 5097 1568 5174 ἀγνωμοσύνη
1643 5101 1744 5178 γὰρ
1814 5100 1951 5171 ἀλη-

299 5185 436 5255 θῶς,
493 5179 548 5237 εἴ
587 5203 670 5246 τις
708 5184 801 5238 καὶ
859 5185 1107 5240 ὁπωσοῦν
1164 5186 1483 5263 φθέγγεσθαι
1544 5185 1781 5262 δύναται,
1841 5190 1954 5244 εἶτα

298 5276 428 5348 σιγῇ
487 5273 822 5349 παρέρχεται
880 5273 914 5327 ἃ
964 5275 1040 5346 μή
1099 5275 1254 5348 θέμις
1311 5283 1485 5354 σιγᾷν.
1533 5283 1647 5332 Τῶν
1706 5276 1796 5332 οὖν
1857 5275 1952 5333 δύο

294 5359 600 5418 τοῦλαττον
645 5361 911 5435 ἑλόμενος
961 5358 1189 5440 φοϐερὸν
1216 5366 1380 5441 (μέγα
1433 5369 1534 5443 γὰρ
1588 5365 1947 5442 ἀγνωμοσύνη

485 5611 908 5702 quohopulus
964 5615 1033 5667 Π.
1237 5632 1295 5686 p.
1357 5617 1484 5706 121‘
1513 5611 1952 5706 ε’ξιὶιλαδέλφεια

368 5709 376 5736 ι
419 5703 492 5740 ις.
519 5703 584 5738 το
610 5703 696 5740 φει
728 5681 1041 5740 οίφθογγονο
1076 5705 1133 5740 ot
1177 5682 1408 5740 αδελφία
1436 5684 1513 5740 δε-
1550 5707 1700 5740 ιωτα.

305 5681 492 5762 πόλίς,
519 5683 696 5816 ὠόει
728 5681 1041 5760 δίφθογγον
1076 5681 1408 5769 φιλαδελφία
1436 5684 1513 5758 δὲ,
1548 5685 1700 5742 ἰῶτα.

377 5756 494 5816 (10)
526 5755 582 5812 M
648 5773 729 5812 1m
760 5752 1132 5816 περιελείφθη·
1167 5782 1195 5808 ‹‹
1224 5758 1432 5816 Milites
1482 5759 1667 5815 relicti

526 5727 1845 5833 .sunt
1890 5758 1950 5813 in

2069 4750 2332 4816 oporteat
2383 4741 2625 4799 excelsis
2682 4740 2974 4797 excelsum
3033 4738 3287 4809 aliquem
3356 4751 3696 4802 consonare,

2064 4850 2178 4889 non
2213 4839 2406 4889 autem
2440 4832 2606 4887 illum
2635 4830 2737 4902 qui
2768 4829 2935 4884 aliter
2963 4844 3092 4883 sese
3139 4827 3314 4882 habet
3341 4829 3400 4880 et
3456 4825 3557 4896 qui
3605 4824 3698 4880 di-

2064 4939 2193 4978 cere
2222 4938 2423 4985 ausus,
2465 4920 2537 4975 ad
2596 4934 2791 4974 rerum
2846 4917 3097 4972 dedecus
3149 4913 3426 4985 loquitur.
3474 4913 3698 4969 Metuo-

2063 5011 2287 5065 revisus
2319 5026 2409 5075 ne,
2445 5007 2690 5078 silendo,
2731 5005 3032 5077 injustitia
3085 5003 3305 5058 crimen
3354 5000 3591 5056 aliunde
3635 4999 3696 5055 in

2065 5115 2157 5154 me
2186 5099 2508 5164 redundet;
2559 5095 2700 5150 illud
2743 5095 2899 5150 enim
2944 5092 3233 5165 injustitia
3277 5095 3386 5161 est,
3439 5089 3490 5146 si
3537 5089 3693 5160 quis,

2064 5205 2199 5244 cum
2223 5187 2381 5260 loqui
2411 5201 2759 5258 quocunque
2806 5184 2978 5238 modo
3019 5181 3223 5254 possit,
3270 5178 3500 5236 silentio
3548 5195 3696 5250 prs:-

2063 5280 2247 5333 tereat
2277 5293 2403 5348 quae
2434 5274 2605 5330 silere
2635 5275 2796 5328 nefas
2827 5277 2940 5328 est.
2981 5277 3238 5338 Quorum
3269 5285 3404 5342 ergo
3433 5285 3502 5324 ex
3559 5268 3698 5322 duo-

2063 5367 2175 5422 bus
2196 5367 2392 5422 minus
2407 5363 2731 5420 timendum
2745 5361 2961 5434 eligens
2983 5361 3286 5434 (magnum
3297 5359 3453 5415 enim
3475 5355 3695 5412 malum

2060 5613 2315 5671 castellis
2344 5630 2410 5669 ac
2441 5611 2747 5682 prasidiis.
2776 5632 2804 5660 »

2132 5687 2240 5758 (1i)
2267 5685 2401 5741 Post
2430 5677 2740 5755 ἐϐουλόμην
2774 5683 2994 5756 perisse
3024 5678 3082 5734 ἂν
3112 5679 3357 5735 videtur.
