4110 6406
501 360 619 423 403

1523 362 1837 425 GEORGII
1881 362 2146 425 CYPRII
2189 361 2308 425 CP.
2357 357 2882 422 PATRIARCHE

3775 357 3884 420 404

498 492 793 563 injustitia
812 496 901 549 est
919 495 977 548 et
997 509 1211 566 magna
1230 497 1369 550 sunt
1389 492 1552 551 illius
1582 511 1760 566 poma:
1782 496 2135 566 (sermonem

2261 490 2410 545 ιακὸν
2474 491 2563 544 καὶ
2626 487 2839 563 μεγάλα
2910 484 3111 558 ταύτης
3166 483 3498 560 τάπιτίμια),
3555 489 3652 541 τοῦ
3727 482 3886 563 λόγου

504 582 757 638 faciam:
798 582 1036 638 omnino
1085 588 1284 638 autem
1330 583 1619 655 ignoscar,
1665 584 1737 653 si,
1788 600 1961 639 omne
2003 599 2139 638 con-

502 671 738 728 ferendo
771 671 1033 726 studium
1061 675 1124 726 ut
1151 673 1329 728 verba
1376 673 1543 728 factis
1594 673 1959 745 exequandaa
2008 689 2139 745 pro-

499 762 707 832 feram,
740 760 958 816 invitus
985 761 1043 815 in
1074 761 1439 834 propositum
1472 761 1831 833 delinquam.

571 869 702 925 Jam
734 884 870 940 ergo
902 884 993 923 res
1026 868 1312 923 Asiaticas
1362 886 1529 924 meus
1561 887 1659 925 rex
1708 874 1859 924 recte
1906 885 2139 940 compo-

501 958 700 1027 nebat,
730 962 924 1028 atque,
959 974 1165 1029 parum
1196 959 1380 1021 abest,
1406 964 1558 1013 recte
1579 963 1987 1029 composuerat
2006 974 2139 1013 cum

502 1051 668 1120 pater
686 1052 742 1102 et
763 1063 861 1102 rex
872 1048 942 1101 ad
957 1046 1219 1117 seipsum
1234 1052 1291 1101 et
1304 1048 1591 1118 Europam
1607 1046 1770 1101 illum
1785 1047 2139 1117 convocavit,

503 1152 595 1191 res
629 1135 880 1190 maxime
912 1135 1269 1190 necessarias
1319 1135 1724 1190 deliberandas
1753 1140 1810 1190 et
1859 1136 2139 1205 agendas,

503 1226 677 1297 quale
691 1240 842 1296 saepe
855 1224 1078 1296 regium
1097 1224 1407 1295 imperium
1423 1222 1890 1279 circumveniunt
1903 1239 2140 1278 causam

500 1313 928 1385 praetendentes
957 1313 1408 1368 convocationis.
1443 1316 1802 1368 Convocatus
1832 1317 1921 1367 est
1940 1311 2143 1383 igitur,

500 1406 559 1457 et
586 1402 761 1457 etiam
794 1400 890 1457 illa
911 1400 1069 1457 orbis
1098 1400 1324 1456 excelsa
1359 1406 1415 1457 et
1444 1417 1658 1472 magna
1687 1401 1889 1455 civitas
1913 1399 2138 1455 habuit.

500 1490 570 1546 Et
597 1494 736 1544 tunc
767 1505 870 1561 per
894 1488 1200 1544 decessum
1230 1489 1404 1561 regis,
1438 1489 1680 1561 erigitur
1709 1489 2019 1545 Persarum
2043 1505 2144 1559 ge-

502 1595 637 1649 nus,
670 1578 730 1633 in
763 1581 963 1633 nostra
991 1578 1123 1633 Asia
1142 1577 1588 1645 circumfusum,
1613 1578 1726 1633 Deo
1749 1578 2139 1648 fosdifragum,

502 1665 906 1736 fmdrifragum
937 1670 994 1721 et
1023 1666 1081 1719 in
1103 1664 1372 1721 homines
1404 1665 1662 1738 legitime
1690 1665 1807 1722 Deo
1845 1666 2143 1721 conliden-

501 1759 615 1825 tes,
637 1758 695 1810 et
712 1757 972 1810 evectum
996 1758 1401 1826 congregatur,
1416 1759 1472 1809 et
1489 1759 1906 1827 congregatum
1930 1755 2147 1826 recepit

2249 582 2570 654 γενήσομαι·
2632 577 2846 638 πάντως
2907 573 2965 632 δὲ
3020 577 3535 652 συγγνωσθήσομαι,
3594 574 3661 645 εἰ,
3720 582 3884 630 πᾶσαν

2250 667 2508 745 είσφέρων
2543 662 2783 733 σπουδὴν
2817 663 3158 741 ἐφαμίλλους
3194 662 3320 725 τοὺς
3382 663 3582 739 λόγους
3636 669 3753 726 τοῖς
3805 660 3889 741 ἔρ-

2247 777 2367 831 γοις
2394 752 2742 825 ἐνδείξασθαι,
2776 751 2917 808 ἄκων
2950 750 3298 829 διαμαρτάνω
3329 756 3557 807 σκοποῦ.

2322 859 2460 931 Ἦδη
2525 861 2619 934 μὶν
2697 858 2787 914 οὖν
2844 860 2935 915 τὸν
3010 859 3140 932 ἐμὸν
3213 857 3442 934 βασιλέα
3488 859 3557 913 τά
3612 859 3746 914 κατᾶ
3798 862 3895 929 τὴν

2249 950 2430 1007 Ἀσίαν
2492 948 2548 1005 εὖ
2605 947 2972 1022 διατιθέμενον
3025 948 3137 1019 καὶ,
3192 951 3388 1022 μικροῦ
3445 945 3576 1021 δεῖν,
3610 946 3666 1002 εὖ
3725 945 3895 1003 διαθέ-

2255 1060 2431 1112 μενον,
2466 1040 2494 1092 6
2547 1039 2726 1112 πατὴρ
2778 1038 2868 1092 καὶ
2929 1035 3180 1113 βασιλεὺς
3236 1035 3374 1110 πρὸς
3431 1036 3616 1091 ἑαυτὸν
3667 1037 3758 1091 καὶ
3796 1038 3891 1106 τὴν

2250 1127 2520 1203 Εὐρώπην
2590 1123 2956 1199 μετεκαλεῖτο,
3017 1124 3301 1197 σκέμματά
3371 1145 3492 1179 τινα
3561 1129 3668 1179 τῶν
3737 1125 3895 1199 ἀναγ-

2250 1216 2548 1271 καιοτάτων
2603 1216 2691 1269 καὶ
2742 1214 2980 1291 πράξεις,
3013 1216 3101 1268 οἷα
3147 1211 3333 1269 πολλὰ
3376 1215 3465 1269 καὶ
3496 1211 3767 1276 πολλάκις
3797 1216 3893 1283 τήν

2256 1302 2528 1380 βασίλειον
2584 1306 2763 1379 ἀρχὴν
2831 1303 3187 1380 περιίσταται,
3244 1302 3510 1380 πρόφασιν
3580 1300 3724 1379 ἔχων
3797 1310 3896 1372 τῆς

2255 1393 2661 1467 μετακλήσεως.
2722 1391 3079 1449 Μετεκαλεῖτο
3138 1396 3293 1467 γοῦν,
3338 1393 3429 1447 καὶ
3473 1391 3635 1447 αὐτὸν
3702 1396 3737 1462 ἡ
3798 1399 3895 1462 τῆς

2253 1483 2581 1556 οἰκουμένης
2612 1480 2914 1559 ἀκρόπολις
2962 1479 3063 1549 ἥδε
3104 1481 3193 1536 καί
3246 1479 3622 1557 μεγαλόπολις
3655 1481 3775 1557 εἶχε
3803 1481 3901 1536 Καὶ

2250 1572 2373 1627 τότε
2420 1573 2555 1644 πρὸς
2610 1572 2713 1640 τὴν
2766 1576 2863 1625 τοῦ
2927 1567 3194 1646 βασιλέως
3254 1565 3496 1625 διάϐασιν
3535 1569 3810 1645 ἐπαίρεται
3843 1570 3901 1625 τὸ

2250 1661 2349 1729 τήν
2382 1660 2649 1736 ἡμετέραν
2683 1658 2862 1713 Ἀσίαν
2910 1660 3341 1735 περικαθήμενον
3393 1658 3663 1734 Περσικὸν
3724 1659 3900 1733 γένος,

2254 1746 2548 1804 ἔκσπονδον
2601 1753 2762 1804 τοῦτο
2806 1752 2941 1821 Θεῷ,
2999 1745 3292 1802 ἔκσπονδον
3348 1744 3405 1803 δὲ
3454 1746 3543 1802 καὶ
3603 1747 3900 1824 ἀνθρώπων

504 1844 793 1911 animum,
825 1847 881 1898 et
910 1859 1075 1898 arma
1102 1842 1259 1914 capit
1288 1859 1443 1899 nunc
1473 1842 1800 1909 latrocinia,
1840 1860 1997 1899 nunc
2049 1844 2142 1899 in-

2261 1844 2370 1900 τοῖς
2441 1837 2678 1913 γνησίως
2756 1840 2873 1909 Θεῷ
2945 1836 3365 1912 προσανέχουσι,
3422 1835 3513 1891 καὶ
3600 1833 3904 1912 ἐπηρμένον

507 1931 809 1988 cursiones
852 1930 1071 1986 faciens
1129 1948 1380 2003 cumque
1436 1949 1679 1987 numero
1736 1933 1944 2005 ingens
1992 1937 2146 1988 esset

2261 1926 2584 1998 συνίσταται,
2633 1925 2724 1981 καὶ
2764 1926 3047 2001 ἀναθαρσεῖ
3097 1925 3313 1995 συστᾶν,
3344 1926 3435 1980 καὶ
3492 1923 3680 1981 ὅπλων
3747 1927 3906 1981 ἄπτε-

509 2026 568 2077 et
599 2020 858 2092 undique
885 2020 1319 2092 aggrederetur,
1351 2020 1753 2077 turbulentum
1786 2022 1835 2077 si
1884 2038 2146 2094 unquam

508 2110 688 2166 fuerit
715 2114 772 2164 et
800 2109 1090 2165 nefarium
1114 2110 1173 2163 in
1211 2110 1352 2165 Asia
1381 2125 1441 2165 se
1473 2110 1796 2165 constituit.
1847 2110 1959 2165 Sed
2012 2126 2147 2165 con-

508 2202 602 2254 tra
632 2196 763 2252 illos
792 2196 1056 2268 procedis
1088 2200 1145 2251 et
1175 2213 1402 2266 rursus,
1427 2214 1459 2251 o
1481 2214 1599 2263 rex,
1621 2197 2018 2253 vehementior
2049 2214 2148 2253 su-

517 2286 660 2351 bito,
691 2285 844 2340 sicut
874 2285 999 2341 cmli
1031 2285 1298 2355 fulmina,
1341 2288 1510 2357 juxta
1558 2287 1644 2341 ira
1689 2286 2039 2357 impellente,
2090 2286 2147 2340 in

515 2374 650 2430 illos
676 2374 893 2429 irruis:
926 2378 1052 2428 tum
1094 2374 1384 2445 propriam
1439 2375 1752 2445 perniciem
1803 2379 2147 2446 agnoscunt,

514 2468 656 2519 tunc
685 2463 781 2535 (1),
814 2463 968 2534 quod
1000 2463 1059 2516 in
1090 2479 1290 2518 eorum
1323 2464 1533 2535 capitis
1562 2464 1802 2518 exitium
1836 2479 2000 2518 arma
2049 2468 2151 2518 tua

509 2557 735 2609 tentare
766 2551 893 2607 ausi
926 2552 1164 2607 fuerint.

2254 2036 2362 2086 ται,
2391 2015 2479 2070 καὶ
2541 2020 2700 2070 τοῦτο
2760 2014 2855 2088 μὲν
2913 2012 3210 2088 λῃστείαις,
3240 2018 3402 2068 τοῦτο
3461 2010 3519 2068 δὶ
3565 2014 3655 2068 καὶ
3713 2012 3907 2091 ἐκδρο-

2261 2110 2386 2177 μαῖς
2434 2104 2747 2180 χρώμενον,
2776 2102 2948 2164 πολύς
2975 2123 3034 2157 τε
3081 2101 3138 2158 ὃν
3200 2102 3449 2178 ἀριθμὸς,
3476 2102 3567 2157 καὶ
3620 2100 3910 2179 πολλαχό-

2259 2196 2343 2248 θεν
2402 2188 2772 2269 προσϐάλλον,
2808 2191 3053 2268 ὀχληρὸν
3115 2188 3264 2267 εἴπερ
3322 2191 3454 2246 ποτὲ
3510 2191 3600 2246 καὶ
3654 2189 3903 2268 λυπηρὸν

2257 2288 2373 2344 τοῖς
2434 2281 2485 2336 ἐν
2544 2281 2697 2353 Ἀσίᾳ
2749 2281 3081 2336 καθίσταται.
3143 2278 3319 2336 Ἀλλᾶ
3398 2275 3694 2342 διαϐαίνεις
3770 2282 3907 2355 πρὸς

2258 2371 2506 2443 τούτους,
2563 2370 2652 2425 καὶ
2706 2369 2894 2438 πάλιν,
2952 2368 2998 2425 ὦ
3059 2367 3301 2445 βασιλεῦ,
3373 2366 3734 2447 σφοδρότερος
3815 2375 3909 2426 τοῦ

2261 2462 2526 2531 συνήθους
2580 2458 2669 2514 καί
2720 2458 2831 2514 οἷόν
2857 2462 3044 2513 τιτῶν
3103 2458 3155 2529 ἐξ
3211 2457 3442 2531 ούρανοῦ
3499 2456 3699 2534 βελῶν,
3732 2461 3910 2533 θυμοῦ

2262 2547 2472 2605 δικαίου
2525 2553 2824 2617 κινοῦντος,
2886 2546 3171 2621 ἐμπίπτεις
3228 2546 3431 2608 αὐτοῖς.
3491 2548 3580 2602 καὶ
3635 2547 3761 2603 τότε
3820 2550 3909 2603 τὸν

511 2640 711 2696 οἰκεῖον
769 2639 1213 2714 ἐπιγινώσκουσιν
1268 2634 1511 2713 ὄλεθρον,
1569 2641 1657 2694 καὶ
1714 2640 1835 2695 τότε
1874 2641 1947 2701 ὡς
2002 2640 2089 2695 ἐπὶ
2153 2643 2302 2712 κακῷ
2356 2643 2465 2693 τῶν
2522 2639 2788 2716 σφετέρων
2843 2636 3095 2713 κεφαλῶν
3149 2637 3249 2705 τήν
3308 2642 3497 2713 πεῖραν
3552 2641 3661 2692 τῶν
3720 2636 3908 2693 ὅπλων

510 2727 636 2785 ἐτόλ
645 2750 719 2802 μη
727 2749 817 2783 σαν
827 2769 839 2782 .

580 2837 762 2893 Multa
788 2853 920 2893 vero
952 2852 1020 2892 ex
1050 2836 1143 2892 his
1168 2853 1297 2908 quae
1314 2837 1372 2891 in
1401 2837 1704 2893 intervallo
1726 2837 1896 2911 egisti
1919 2837 2149 2894 silentio

511 2925 972 3001 praetermittam,
1005 2924 1266 2993 consilio,
1302 2926 1572 2998 cogitata,
1607 2926 1904 2998 proposita
1959 2942 2149 2997 neque

474 3022 489 3031 '
511 3017 605 3073 die
634 3030 823 3088 neque
854 3018 1019 3070 nocte
1049 3015 1316 3081 remissa,
1340 3030 1638 3070 armorum
1663 3015 2146 3087 comparationes,

513 3108 828 3178 apparatus
875 3103 1031 3171 belli,
1056 3103 1531 3159 concursationes
1549 3104 1619 3158 ad
1647 3103 1863 3159 auxilia
1880 3105 2146 3176 petenda,

514 3192 1283 3259 machinationes,insidias,
1308 3192 1693 3263 incursiones,
1721 3210 1877 3248 nunc
1893 3197 2145 3264 apertas,

512 3299 671 3338 nunc
727 3281 1005 3346 occultas,
1066 3286 1239 3353 prout
1296 3281 1774 3353 aggredientibus
1845 3281 2151 3337 videbatur

516 3372 795 3437 conferre,
829 3370 1134 3426 suasiones
1164 3372 1236 3425 de
1264 3369 1416 3425 bello
1447 3371 1870 3442 componendo,
1928 3375 1985 3426 et
2023 3388 2150 3425 rur—

517 3476 619 3515 sus
650 3458 1083 3514 adhortationes
1109 3458 1178 3512 ad
1213 3458 1429 3514 bellum
1460 3464 1517 3514 et
1554 3464 1758 3514 caetera
1787 3476 2152 3532 quaecunque

512 3551 808 3604 testantur
837 3552 894 3617 te
920 3549 1127 3603 ducem
1157 3548 1446 3619 optimum
1465 3552 1640 3620 atque
1662 3548 2150 3620 perfectissimum

513 3636 823 3693 exstitisse.
848 3635 995 3707 Illud
1020 3640 1211 3691 autem
1229 3653 1507 3709 magnum
1529 3639 1821 3709 specimen
1838 3638 2055 3693 amoris
2067 3633 2151 3693 er-

511 3740 586 3797 ga
614 3740 742 3792 nos,
774 3724 997 3779 fiduciae
1029 3724 1087 3779 in
1116 3729 1317 3791 Deum,
1371 3731 1427 3780 et
1476 3727 1649 3781 etiam
1702 3727 2147 3799 magnimitatis,

513 3813 901 3877 strenuitatis,
932 3818 987 3868 et
1015 3814 1375 3869 incitamenti
1422 3816 1609 3871 dicere
1658 3833 1771 3871 non
1818 3816 2147 3882 aversabor,

516 3901 810 3957 tescilicet
838 3918 1137 3972 nunquam
1170 3903 1498 3960 deseruisse
1530 3905 1767 3970 milites,
1800 3906 1900 3960 sed
1953 3905 2148 3977 ipsum

516 3989 752 4046 duxisse
782 4005 879 4045 eos
911 4006 1070 4045 more
1100 3991 1287 4061 ducis,
1319 3998 1393 4059 et,
1428 3993 1578 4049 sicut
1600 3992 1846 4049 militem
1871 3995 1930 4048 in
1955 4011 2152 4066 pugna

515 4083 572 4136 et
600 4080 659 4134 in
690 4078 811 4134 acie
857 4079 1214 4144 interfuisse,
1272 4085 1329 4135 et
1375 4081 1553 4152 praelii
1614 4082 1804 4138 locum
1865 4083 2151 4155 sanguine

513 4168 822 4223 Persarum
855 4167 1159 4224 imbuisse.
1194 4168 1311 4224 Hoc
1341 4174 1512 4226 tuum
1543 4170 1769 4226 facinus
1801 4171 1958 4244 regio
1998 4172 2151 4228 inter

511 4257 751 4329 Lydiam
782 4261 839 4311 et
867 4256 1081 4312 Ioniam
1115 4257 1230 4313 sita
1245 4259 1512 4330 cognovit
1533 4280 1552 4325 ,-
1572 4258 1725 4314 aliud
1749 4276 1881 4315 vero
1902 4260 2152 4316 clarissi-

508 4362 697 4412 mum,
711 4350 769 4400 et
787 4344 931 4400 illud
956 4361 1069 4399 non
1085 4345 1268 4401 multo
1290 4346 1448 4401 hisce
1463 4347 1669 4402 diebus
1682 4348 2151 4418 posterius,circa

508 4434 867 4489 Laodicaaam
900 4437 1194 4505 patratum
1218 4440 1343 4492 est:
1376 4439 1431 4490 et
1462 4441 1595 4490 ante
1624 4436 1739 4491 ista
1771 4453 1881 4491 non
1906 4436 2149 4493 interius

507 4522 593 4578 eis
623 4522 780 4578 aliud
804 4521 1169 4593 Philadelphi
1201 4522 1407 4578 civitas
1439 4540 1617 4595 prope
1647 4525 1902 4595 seipsam
1930 4527 2145 4581 factum

509 4626 638 4667 esse
668 4609 987 4682 conspexit.
1023 4610 1309 4665 Perfruita
1338 4616 1426 4666 est
1481 4627 1715 4683 quoque
1763 4613 1979 4670 talibus
2032 4632 2147 4670 non

510 4700 736 4771 exiguis
767 4698 911 4754 citra
938 4699 1295 4754 Maeandrum
1328 4700 1495 4755 Caria
1526 4718 1540 4767 ;
1572 4706 1629 4755 et
1659 4702 1851 4757 media
1899 4704 2150 4759 maxime

511 4787 677 4844 Ionia
704 4787 906 4842 multis
938 4788 1219 4859 perfruita
1267 4793 1374 4853 est,
1426 4794 1482 4843 et
1529 4789 1671 4844 vidit
1719 4806 1996 4863 magnum
2040 4791 2147 4847 ﬂu-

516 4891 651 4931 men
709 4877 1011 4947 Caystrum
1071 4875 1282 4933 ﬂuctus
1340 4878 1625 4950 sanguine
1677 4879 1982 4936 Persarum
2035 4882 2149 4937 tin-

518 4968 679 5030 otos;
714 4968 770 5019 et
810 4963 922 5020 sita
965 4981 1168 5022 versus
1199 4965 1511 5039 Olympum
1564 4967 1813 5041 Phrygia
1860 4974 1919 5024 et
1975 4971 2148 5026 etiam

515 5051 699 5123 Mysia
727 5068 853 5122 qua:
879 5051 1142 5119 ingentes
1176 5055 1480 5110 Persarum
1512 5057 1710 5127 copias
1739 5057 1980 5129 excepit,
2023 5076 2149 5115 ma-

516 5154 693 5211 gnam
748 5140 901 5210 apud
959 5140 1091 5196 illos
1149 5143 1295 5197 vidit
1350 5144 1504 5216 regis
1560 5145 1905 5207 victoriam:
1987 5147 2149 5203 deni-

516 5243 651 5300 que,
683 5244 755 5283 ne
794 5227 1021 5301 longior
1055 5232 1191 5298 sim,
1248 5231 1307 5286 in
1361 5233 1561 5289 Asiam
1620 5235 2041 5307 progrediendo
2096 5241 2153 5290 et

515 5333 643 5373 eam
677 5319 1013 5374 mundando
1046 5336 1081 5373 a
1125 5319 1417 5389 Barbaris,
1466 5340 1564 5378 rex
1606 5323 1765 5379 illam
1817 5324 1929 5379 alio
1979 5327 2150 5381 modo

514 5405 974 5461 contaminatam
1032 5408 1240 5479 reddit,
1309 5426 1511 5466 cruore
1573 5412 1795 5468 scilicet
1870 5413 2149 5470 Barbaro-

516 5510 670 5549 rum.

588 5673 803 5731 Bellica
843 5691 978 5748 ergo
1038 5675 1157 5731 haec
1212 5676 1366 5750 regis
1423 5678 1681 5735 facinora
1734 5682 1815 5752 (et
1871 5679 2153 5737 nonnulla

2330 2832 2501 2891 Ἀλλὰ
2554 2834 2658 2910 γὰρ
2711 2831 2896 2890 πολλά
2954 2854 3050 2888 σου
3103 2837 3209 2886 τῶν
3240 2831 3291 2887 ἐν
3328 2831 3479 2906 μέσῳ
3540 2837 3719 2907 σιωπῇ
3768 2853 3906 2906 παρ-

2257 2922 2571 2996 ελεύσομαι,
2630 2922 2855 2999 βουλὰς,
2916 2921 3170 2991 ἐπινοίας,
3203 2918 3513 3000 φροντίδας,
3545 2920 3755 2993 νύκτωρ
3810 2921 3900 2976 καὶ

2263 3014 2375 3086 μεθ’
2419 3014 2627 3088 ἡμέραν
2675 3012 2738 3066 ού
2787 3009 3193 3082 διαλειπούσας,
3225 3008 3495 3078 ὁπλίσεις,
3544 3011 3903 3087 παρασκευὰς,

2263 3096 2578 3174 μεταϐάσεις
2633 3102 2767 3177 πρὸς
2819 3101 2882 3155 τὸ
2938 3104 3146 3175 χρῇζον
3207 3098 3287 3153 ἀεὶ
3350 3099 3621 3174 βοηθείας,
3665 3096 3905 3176 ἐνέδρας,

2180 3212 2223 3279 C
2261 3190 2489 3268 λόχους,
2534 3192 2816 3264 ἐπιθέσεις,
2845 3193 2940 3254 τάς
3002 3192 3121 3279 μὲν,
3154 3189 3214 3246 ἐκ
3265 3196 3363 3245 τοῦ
3416 3192 3676 3269 ἀφανοῦς,
3704 3189 3803 3252 τὰς
3863 3186 3908 3244 δ’

2261 3280 2320 3336 ἐκ
2362 3286 2460 3336 τοῦ
2508 3286 2835 3360 προφανοῦς,
2868 3281 2944 3343 ὡς
2986 3280 3045 3335 ἂν
3077 3277 3251 3336 ἐδόκει
3310 3284 3630 3356 συνενεγκεῖν
3685 3282 3907 3352 μετιοῦ-

2261 3391 2365 3438 σιν,
2400 3370 2712 3445 είσηγήσεις
2764 3374 2862 3425 τοῦ
2918 3374 3035 3431 πῶς
3094 3368 3335 3442 μετιτέον
3392 3368 3484 3423 τόν
3514 3366 3782 3439 πόλεμον,
3819 3366 3908 3422 καὶ

2262 3459 2325 3513 αὗ
2382 3457 2752 3533 παρακλήσεις
2809 3458 2947 3534 πρὸς
3003 3455 3272 3532 πόλεμον,
3301 3455 3479 3513 τᾶλλα
3533 3455 3910 3531 ὅσασεστρα-

2257 3552 2441 3622 τηγῶν
2499 3549 2589 3602 τὸν
2650 3544 2865 3619 ἄριστον
2896 3546 3233 3623 παριστάνειν
3276 3546 3393 3622 εἶχε
3429 3545 3518 3601 καὶ
3546 3545 3907 3601 τελεώτατον.

2262 3637 2464 3691 Ἐκεῖνο
2497 3634 2554 3691 δὲ
2603 3637 2743 3711 μέγα
2792 3631 3071 3709 σύμϐολον
3101 3635 3159 3691 ὂν
3192 3635 3405 3712 ἀγάπης
3432 3643 3531 3704 τῆς
3566 3636 3701 3711 πρὸς
3731 3636 3910 3708 ἡμᾶς,

2261 3722 2484 3787 ἐλπίδος
2541 3733 2640 3795 τῆς
2698 3726 2833 3800 πρὸς
2888 3726 3040 3796 Θεὸν,
3099 3725 3189 3780 καὶ
3245 3722 3322 3780 ἔτι
3381 3724 3785 3800 γενναιότητος,
3823 3726 3912 3780 άν-

2260 3813 2433 3891 δρίας,
2492 3812 2913 3890 παρακλήσεως,
2961 3816 3208 3869 ἁπάντων
3261 3817 3368 3869 τῶν
3427 3808 3757 3883 καλλίστων,
3823 3812 3911 3869 λέ-

2257 3924 2368 3979 γειν
2426 3902 2488 3957 ού
2536 3906 2968 3979 παραιτήσομαι,
3029 3902 3113 3958 ὅτι
3167 3902 3257 3957 καὶ
3326 3903 3425 3970 τὴν
3487 3901 3736 3976 στρατιὰν
3809 3902 3914 3957 οὐκ

2259 3991 2571 4064 ἐξέπεμπες,
2633 3989 2758 4047 ἀλλ’
2816 3991 2976 4053 αὐτὸς
3028 3992 3163 4066 ἦγες
3218 3994 3520 4066 στρατηγοῦ
3575 3990 3752 4063 νόμῳ,
3816 3991 3912 4045 καὶ

2256 4088 2356 4150 τῆς
2384 4080 2729 4157 παρατάξεως
2789 4084 3188 4155 στρατιωτικῶς
3246 4078 3334 4134 καί
3372 4087 3476 4149 τῆς
3531 4080 3716 4155 μάχης
3775 4100 3910 4152 μετ-

2259 4168 2511 4247 είληφας,
2536 4170 2626 4223 καὶ
2678 4169 2768 4223 τὸν
2805 4171 2903 4237 τῆς
2960 4168 3287 4242 συμπλοκῆς
3316 4167 3483 4223 τόπον
3546 4168 3650 4222 ἀπὸ
3703 4173 3910 4244 Περσι-

2258 4262 2367 4313 κῶν
2402 4259 2646 4329 αίμάτων
2676 4256 2957 4330 ἐμέθυσας.
2989 4261 3158 4313 Τοῦτο
3194 4257 3287 4330 μὲν
3333 4255 3425 4311 οὖν
3482 4261 3578 4311 σοῦ
3631 4256 3695 4311 τὸ
3750 4251 3913 4334 ἔργον
3961 4262 3971 4275 ⁸

2258 4347 2287 4400 6
2331 4346 2524 4419 μεταξὺ
2583 4343 2780 4408 Λυδίας
2837 4345 2928 4400 καὶ
2988 4344 3194 4407 Ἰωνίας
3255 4343 3459 4419 ἔγνωκε
3511 4344 3699 4406 τόπος·
3764 4344 3912 4404 ἄλλο

2260 4432 2316 4490 δὲ
2369 4435 2820 4514 περιφανέστατον
2897 4434 2987 4489 καὶ
3068 4435 3197 4489 αὐτὸ
3272 4434 3505 4509 ἡμέραις
3562 4433 3782 4508 ὕστερον
3849 4422 3912 4489 ού

2258 4522 2497 4586 πολλαῖς
2553 4525 2676 4599 περί
2732 4545 2837 4579 που
2896 4522 3209 4579 Λαοδίκειαν
3268 4522 3590 4597 πέπρακται,
3643 4523 3734 4578 καὶ
3797 4524 3911 4599 πρὸ

2256 4613 2462 4668 τούτων
2517 4612 2618 4668 ούκ
2683 4610 2905 4667 ἔλαττον
2959 4611 3166 4667 τούτων
3223 4609 3406 4688 ἓτερον
3454 4613 3488 4682 ἡ
3552 4608 3911 4691 Φιλαδέλφου

2257 4700 2421 4763 πόλις
2502 4700 2740 4777 ἄγχιστά
2794 4722 2871 4771 πη
2940 4702 3134 4770 έαυτῆς
3207 4701 3564 4776 γεγενημένον
3647 4701 3912 4776 ἑώρακεν.

2260 4789 2572 4861 Ἀπήλαυσε
2629 4788 2688 4845 δὲ
2740 4790 3001 4845 τοιούτων
3081 4790 3179 4844 οὐκ
3235 4788 3436 4865 ὀλίγων
3494 4790 3584 4845 καὶ
3642 4791 3677 4859 ἠ
3736 4788 3909 4867 πέραν

2259 4876 2570 4954 Μαιάνδρου
2653 4878 2843 4955 Καρία·
2901 4880 2990 4932 καὶ
3048 4877 3258 4940 Ἰωνίας
3333 4875 3392 4933 δὲ
3463 4878 3527 4933 τὸ
3587 4878 3913 4951 μεσαίτατον

2260 4966 2486 5024 πολλῶν
2546 4965 2731 5023 ἄλλων
2793 4966 3125 5040 ἀπήλαυσεν,
3154 4966 3291 5022 ὅπου
3347 4966 3435 5022 καὶ
3488 4965 3662 5029 πολὺς
3712 4967 3853 5043 ῥέων
3884 4969 3912 5023 6

2261 5059 2533 5132 Κάϋστρος
2581 5056 2732 5129 ὅμως
2779 5057 2841 5111 τὸ
2892 5056 3073 5131 ῥόθιον
3125 5056 3177 5127 ἐξ
3228 5056 3473 5128 αἱμάτων
3523 5049 3689 5129 ἔϐαψε
3717 5062 3917 5131 Ιιερσιο

2259 5150 2389 5201 κῶν·
2441 5146 2474 5215 ἠ
2534 5142 2592 5200 δέ
2645 5167 2707 5220 γε
2761 5146 2898 5222 πρὸς
2955 5144 3240 5218 Ὄλυμπον
3301 5145 3532 5222 Φρυγία,
3566 5141 3740 5200 εἷ’τουν
3792 5149 3916 5202 Μυ-

2260 5235 2368 5304 σία,
2434 5234 2572 5310 μέγα
2625 5239 2847 5310 Περσῶν
2908 5236 3214 5311 στράτευμα
3282 5230 3566 5307 δεξαμένη,
3631 5234 3769 5311 μέγα
3818 5234 3913 5290 καὶ

2259 5325 2322 5379 τὸ
2377 5326 2493 5378 κατ’
2539 5322 2715 5379 αὐτῶν
2769 5329 2865 5379 τοῦ
2926 5323 3196 5400 βασιλέως
3258 5320 3391 5379 εἶδεν
3453 5322 3739 5397 ἐκνίκημα.
3777 5329 3918 5379 Συν-

2261 5412 2450 5469 ελόντα
2506 5410 2564 5468 δὲ
2620 5413 2802 5491 φάναι,
2847 5407 3038 5475 διαϐὰς
3094 5412 3171 5474 εἰς
3228 5412 3429 5484 Ἀσίαν,
3488 5412 3579 5468 καὶ
3631 5412 3910 5488 καθαίρων

2260 5498 2319 5555 ἐκ
2368 5495 2659 5576 Βαρϐάρων
2711 5499 2931 5571 ταύτην,
2963 5501 2992 5556 6
3028 5497 3281 5575 βασιλεὺς
3340 5506 3645 5575 χρανθῆναι
3697 5499 3910 5576 τρόπον

2262 5587 2430 5644 ἄλλον
2463 5589 2629 5658 αὐτὴν
2666 5584 3017 5665 βαρϐαρικοῖς
3047 5587 3269 5664 λύθροις
3294 5589 3580 5660 πεποίηκε.

2337 5676 2646 5752 Ιιολεμικαὶ
2707 5680 2801 5752 μὲν
2857 5676 2948 5733 οὖν
2979 5678 3198 5755 πράξεις
3252 5677 3404 5733 αὗται
3451 5683 3549 5734 τοῦ
3609 5677 3909 5756 βασιλέως,
