4110 6442
372 417 490 478 405

1373 415 1775 480 LAUDATIO
1816 413 2242 476 ANDRONIGI
2288 407 2776 473 PALEOLOGI.

3659 398 3778 460 406

369 546 458 603 καὶ
486 546 583 610 τὰς
622 544 849 612 πλείους
902 555 1140 627 παρῆκεν
1174 548 1202 603 6
1253 547 1435 625 λόγος,
1465 549 1528 604 τὸ
1581 554 1754 621 μῆκος
1808 546 2002 624 ὑφορώ

2134 544 2522 619 praetermittit
2551 559 2763 608 sermo,
2791 554 3102 596 numerum
3131 535 3232 593 ubi
3263 533 3620 608 suspicatur)
3652 531 3775 588 haec

370 657 555 710 μενος’
619 639 675 692 αἱ
736 634 782 692 δ’
841 638 994 693 αὐταὶ
1052 641 1141 693 καὶ
1187 645 1287 708 τῆς
1349 638 1479 712 ὑπὲρ
1537 639 1697 710 ἡμῶν
1757 635 2013 712 προνοίας

365 727 608 802 ἐναργεῖς
668 725 990 801 ἀποδείξεις.
1025 729 1245 804 Ἔχεται
1306 725 1363 782 δὲ
1419 734 1517 796 τῆς
1548 726 1715 795 αὐτῆς
1756 723 2014 802 προνοίας

363 817 456 871 καὶ
504 819 540 886 ἡ
590 817 716 892 περὶ
765 819 836 872 τὰ
881 817 1113 896 φρούρια
1159 820 1371 894 πρᾶξις,
1401 818 1480 878 οἷς
1533 814 1598 885 δὴ
1657 813 2015 887 παμπόλλοις

365 906 435 959 τὰ
477 905 662 982 καίρια
722 903 1021 983 διειληφὼς
1078 912 1178 975 τῆς
1227 907 1436 982 χώρας,
1466 905 1563 966 τὰς
1619 901 1842 982 ἐφόδους
1877 909 2015 978 Περ-

373 999 479 1049 σῶν
531 995 861 1071 ἀπετείχισε.
894 995 1008 1070 Πρὸ
1070 992 1128 1049 δὲ
1171 994 1375 1049 τούτων
1436 993 1608 1048 ἐκεῖνο
1662 991 1795 1068 μέγα
1848 989 2010 1062 κηδε-

374 1084 561 1155 μονίας
587 1086 887 1157 τεκμήριον
938 1085 1026 1138 καὶ
1075 1089 1170 1138 τοῦ
1217 1091 1319 1139 πᾶν
1367 1085 1561 1159 ἀγαθὸν
1593 1080 1888 1154 Ῥωμαίαις
1917 1083 2008 1136 τὸν

367 1171 594 1248 βασιλέα
620 1173 710 1227 καὶ
762 1171 1048 1248 βούλεσθαι
1096 1172 1184 1227 καὶ
1231 1173 1306 1234 εἷς
1357 1170 1581 1246 δύναμιν
1632 1170 2007 1246 πραγματεύε-

360 1273 504 1330 σθαι,
537 1261 568 1316 δ
618 1283 686 1333 με
728 1264 907 1335 (πῶς;
959 1261 1058 1316 οὐκ
1106 1260 1252 1334 οἶδα)
1306 1266 1501 1335 μικροῦ
1551 1260 1639 1315 καὶ
1700 1257 2006 1336 διέδραμεν,

354 1345 415 1403 ὅν
451 1371 510 1426 γε
554 1351 643 1405 καὶ
688 1356 855 1406 ταῦτα
897 1356 1172 1423 τοσοῦτον,
1205 1351 1352 1426 λέγω
1393 1348 1458 1420 δὴ
1510 1351 1538 1406 6
1585 1355 1690 1404 τῶν
1751 1347 2003 1423 μεγάλων

351 1438 646 1513 Τράλλεων
679 1440 987 1516 τειχισμός.

424 1549 595 1602 Ἦσαν
659 1549 752 1620 μὲν
787 1549 899 1622 (12)
951 1545 1040 1602 οὗν
1095 1548 1151 1602 αἱ
1206 1546 1472 1624 Τράλλεις
1533 1546 1693 1608 πόλις
1741 1546 1792 1601 ἐν
1850 1544 2004 1617 καλῷ

346 1643 455 1705 τῆς
505 1635 691 1697 Ἀσίας
749 1635 995 1708 κειμένη,
1059 1636 1315 1713 μεγέθους
1369 1657 1429 1692 τε
1485 1636 1728 1709 μείζονος
1786 1635 1821 1704 ἢ
1868 1633 2004 1689 κατὰ

342 1725 446 1786 τὰς
508 1724 699 1786 πόλεις
757 1723 1127 1795 ἀπολαύουσα,
1178 1726 1268 1780 καὶ
1326 1727 1624 1803 περιφανὴς
1682 1725 1733 1779 ἐν
1779 1723 2000 1786 ταύταις

348 1814 698 1890 ὑπάρχουσα·
732 1814 865 1883 ἦσαν
911 1813 968 1869 δὲ
1015 1813 1184 1869 πάλαι
1237 1815 1390 1881 ποτὲ,
1417 1812 1540 1888 πρὶν
1597 1810 1850 1882 δηλονότι
1905 1813 1996 1866 τὸν

2126 638 2286 694 illius
2361 651 2538 708 super
2592 650 2698 689 nos
2757 628 3167 688 sollicitudinis
3236 625 3558 681 manifesta
3631 627 3774 678 unt

2125 725 2602 800 signiﬁcationes.
2659 719 3081 778 Sollicitudinis
3160 716 3335 773 istius
3393 715 3608 787 pignus
3661 715 3771 780 est,

2125 818 2341 872 factum
2373 814 2670 886 pertinens
2719 812 2789 866 ad
2823 809 3114 881 praesidia,
3145 805 3362 878 quibus
3404 802 3768 859 numerosio-

2123 906 2288 962 ribus
2339 907 2665 977 opportuna
2707 898 2958 972 regionis
3009 895 3136 953 loca
3201 892 3618 962 intercludens,
3662 907 3769 963 ag-

2121 1011 2361 1068 gressus
2410 994 2719 1048 Persarum
2772 987 3073 1060 prohibuit
3101 1004 3114 1044 :
3147 985 3248 1040 sed
3300 986 3431 1038 ante
3461 982 3574 1037 ista
3621 980 3766 1037 illud

2120 1084 2272 1155 quod
2331 1083 2582 1138 maxime
2639 1083 2888 1135 testatur
2965 1075 3116 1148 regis
3171 1071 3646 1140 sollicitudinem,
3705 1075 3764 1126 et

2119 1173 2286 1229 illum
2351 1171 2631 1228 Romanis
2682 1183 2961 1241 prospera
3007 1179 3253 1236 quasque
3305 1167 3503 1233 aptare
3559 1165 3616 1215 et
3664 1175 3764 1228 pro

2117 1263 2340 1317 viribus
2372 1260 2620 1333 operari,
2655 1275 2748 1313 me
2777 1255 3093 1329 (quomodo
3114 1253 3142 1307 ?
3164 1250 3381 1318 nescio)
3413 1264 3558 1321 pene
3588 1248 3760 1322 fugit,

2117 1352 2386 1423 quamvis
2419 1367 2532 1405 non
2565 1348 2716 1404 alius
2745 1347 2936 1418 impar
2965 1343 3417 1413 sit,magnarum
3449 1338 3577 1393 dico
3604 1336 3765 1393 Tral-

2113 1440 2258 1497 lium
2291 1438 2655 1496 instauratio.

2182 1549 2362 1604 Erant
2385 1546 2656 1619 equidem
2682 1541 2902 1600 Tralles
2933 1540 3075 1596 urbs
3103 1539 3163 1594 in
3191 1536 3436 1609 pulchro
3457 1535 3604 1592 Asiae
3636 1535 3755 1591 situ

2109 1637 2386 1693 collocata
2434 1639 2491 1690 et
2519 1637 2738 1707 majore
2788 1649 2965 1705 quam
2993 1646 3118 1701 quae
3151 1627 3397 1683 urbibus
3428 1629 3518 1680 est
3567 1625 3755 1698 gloria

2110 1726 2435 1798 perfruens,
2469 1729 2526 1779 et
2575 1725 2728 1778 inter
2778 1721 2910 1776 illas
2958 1717 3278 1792 praclara:
3334 1719 3500 1770 erant
3553 1717 3749 1769 autem

2111 1817 2187 1870 ita
2236 1813 2553 1886 quondam,
2587 1812 2930 1884 priusquam
2981 1806 3203 1864 scilicet
3256 1820 3428 1860 omne
3472 1803 3544 1858 ad
3595 1803 3750 1875 quod

342 1903 526 1958 πάντα
579 1898 989 1976 μεταϐάλλοντα
1035 1903 1236 1979 χρόνον
1281 1903 1370 1958 καὶ
1425 1902 1586 1964 αὐτὰς
1637 1907 1850 1980 φθεῖραι
1910 1922 1998 1974 με-

2120 1908 2298 1959 servat
2327 1907 2384 1958 et
2411 1907 2646 1973 tempus
2694 1899 2827 1954 illas
2853 1894 3248 1953 subnectendo
3275 1893 3518 1948 diruerit
3545 1916 3559 1958 ;
3592 1895 3648 1946 et
3676 1892 3748 1947 ab

340 1987 664 2047 ταϐαλόντα
716 1991 806 2046 καὶ
852 1996 949 2046 τοῦ
1009 1991 1240 2067 ἀριθμοῦ
1325 1990 1514 2062 ἐξῶσαι
1593 1995 1698 2045 τῶν
1754 1989 1991 2061 πόλεων,

336 2080 509 2157 τείχη
572 2101 632 2135 τε
705 2080 1022 2152 καθελόντα,
1080 2080 1253 2144 οἰκίας
1319 2101 1378 2135 τε
1458 2079 1836 2156 ἀνατρέψαντα,
1894 2077 1998 2132 κάκ

337 2174 453 2224 τῶν
542 2169 794 2246 ἐρειπίων
883 2170 1057 2244 μόνων
1149 2170 1497 2247 γνωρίζεσθαι
1580 2168 1993 2242 καταλείψαντα.

341 2256 530 2313 Ἀλλὰ
581 2257 746 2334 μέχρι
778 2263 892 2326 σοῦ,
931 2256 1178 2334 βασιλεῦ,
1207 2265 1324 2320 ταῖς
1381 2256 1678 2335 Τράλλεσιν
1726 2261 1761 2326 ἡ
1823 2257 1998 2336 φθορά

339 2348 439 2402 καὶ
473 2351 550 2419 τῷ
580 2347 771 2422 χρόνῳ
798 2349 834 2416 ἡ
869 2347 1159 2424 καύχησις·
1192 2346 1303 2402 νυνί
1357 2345 1414 2402 δὲ
1464 2345 1552 2402 διὰ
1599 2352 1694 2402 σοῦ
1738 2346 1900 2402 πάλιν
1943 2346 1993 2400 έν

341 2434 573 2491 πόλεσιν
628 2435 848 2507 ἐκεῖναι,
908 2435 968 2491 οὐ
1028 2437 1163 2492 κατὰ
1218 2435 1534 2514 φιλοτιμίαν
1618 2441 1716 2491 τοῦ
1779 2434 1996 2497 πόλεως

340 2525 622 2596 τοσαύτης
681 2525 925 2594 οἰκιστήν
980 2524 1264 2580 ἀκούεσθαι
1344 2525 1634 2602 βούλεσθαι
1691 2523 1838 2599 (οὐδὲ
1893 2526 1996 2600 γὰρ

345 2613 585 2690 ἐραστής
644 2635 710 2689 γε
759 2613 821 2668 σὺ
882 2621 1040 2684 κενῆς
1092 2612 1275 2685 δόξης,
1325 2612 1438 2668 οὐδ’
1490 2613 1692 2678 ἐθέλεις
1744 2611 1829 2668 ἐπὶ
1873 2620 1996 2689 γῆς,

343 2703 488 2758 κατὰ
559 2703 685 2764 τοὺς
765 2704 842 2776 μή
918 2701 1145 2778 ἔχοντας
1222 2701 1434 2775 ἐλπίδα,
1499 2704 1632 2777 μέγα
1705 2704 1998 2772 κτήσασθαι

344 2788 571 2866 ὄνομα),
616 2791 765 2846 ἀλλὰ
827 2793 963 2846 κατὰ
1021 2791 1206 2866 χρείαν
1276 2797 1512 2870 φρουρᾶς
1574 2795 1642 2865 τῇ
1703 2791 1857 2862 Ἀσίᾳ
1909 2789 1998 2844 καὶ

340 2887 444 2935 τοῦ
509 2880 672 2954 μόνον
730 2880 899 2954 ταύτῃ
957 2880 1346 2958 συμφέροντος.
1399 2883 1643 2951 Ἀνιστᾷς
1714 2879 1805 2934 οὖν
1863 2879 1998 2953 αὐτῇ

344 2971 461 3044 καὶ,
495 2967 566 3024 δι’
616 2969 808 3042 αὐτῆς,
837 2973 907 3044 τῇ
948 2969 1089 3044 πάσῃ
1136 2967 1330 3046 σχεδὸν
1374 2970 1551 3041 Ἰωνίᾳ
1608 2968 1860 3045 λαμπρὸν
1907 2971 1997 3024 τὸν

348 3054 649 3134 περίϐολον
684 3056 980 3128 ἀποδίδως,
1010 3059 1098 3114 καὶ
1127 3061 1226 3128 τήν
1261 3056 1436 3128 ἄλλην
1469 3058 1568 3129 ὅση
1608 3059 1822 3120 πόλεώς
1861 3058 1998 3112 ἐστιν

357 3149 664 3222 εὐπρέπεια,
737 3148 828 3203 καὶ
902 3147 1192 3225 οἰκήτορας
1261 3147 1396 3222 αὐτῇ
1463 3146 1674 3216 πλῆθος
1737 3147 1998 3224 ἀποχρῶν

360 3237 671 3309 ἀπονέμεις,
725 3233 1035 3312 ἀριστίνδην
1091 3237 1286 3292 τούτου
1333 3238 1433 3306 τήν
1489 3235 1752 3313 έπιλύγήν
1800 3237 1898 3292 οὐκ
1943 3237 2002 3292 ἐκ

362 3332 492 3398 μιᾶς
539 3324 780 3398 πόλεως,
839 3325 899 3382 ἐκ
950 3323 1007 3381 δὲ
1051 3323 1278 3382 πολλῶν
1327 3327 1720 3400 ποιησάμενος,
1754 3326 1859 3402 οὐχ
1910 3324 2002 3380 ’ίνα

357 3414 521 3488 μόνον
580 3422 681 3485 τῆς
739 3413 1062 3491 δεχομένης,
1113 3413 1259 3471 ἀλλὰ
1318 3414 1408 3470 καὶ
1470 3420 1576 3470 τῶν
1640 3415 1997 3490 έκπεμψασῶν

349 3502 452 3559 ὦσι
485 3501 744 3582 φύλακες.

418 3612 435 3631 9
585 3615 615 3626 -ν
745 3611 762 3628 \
886 3607 912 3627 Υ
1033 3615 1059 3626 υ
1177 3608 1200 3630 ,Ι
1538 3614 1566 3625 ~
1611 3612 1622 3630 ’
1941 3609 1952 3627 \

434 3614 656 3684 Ᾱρετων
709 3631 802 3684 μεν
853 3631 942 3664 ουν
995 3630 1102 3666 των
1172 3609 1356 3666 αλλων
1415 3621 1604 3674 τοιαυθ
1672 3610 1699 3664 ὁ
1749 3608 2000 3685 βασιλευς

347 3699 639 3775 ἐξενήνοχε
688 3697 954 3774 δείγματα
997 3699 1088 3754 καὶ
1137 3697 1213 3754 ἔτι
1262 3721 1323 3775 γε
1370 3697 1695 3772 τελεώτερον
1737 3697 2000 3774 ἐξενέγκοι

343 3789 561 3867 προϊὼν
611 3793 692 3861 τῷ
744 3788 933 3865 χρόνῳ
979 3789 1070 3843 καὶ
1131 3785 1382 3862 δυνάμεις
1428 3786 1640 3850 πολλὰς
1672 3788 2002 3860 ποιούμενος

347 3878 401 3934 ἐν
463 3882 600 3949 Θεῷ·
652 3876 708 3932 τί
767 3875 824 3932 δὲ
869 3877 991 3952 περὶ
1038 3880 1134 3947 τῆς
1183 3877 1409 3954 πρώτης
1458 3877 1546 3931 καὶ
1598 3876 1856 3952 μεγίστης
1901 3884 2002 3946 τῆς

347 3968 467 4021 κατ’
553 3965 737 4037 αὐτὸν,
800 3961 1068 4027 εὐσεϐείας
1147 3963 1213 4035 δή
1287 3963 1456 4040 λέγω,
1514 3964 1568 4020 τί
1624 3965 1748 4041 περὶ
1803 3965 2004 4035 ταύτης

349 4055 534 4131 ipsR;
588 4050 738 4132 ἔχεις
835 4049 1145 4131 ὑπερϐὃλήν
1214 4054 1415 4124 ταύτης
1494 4052 1795 4123 δεικνύναι;
1857 4051 2004 4129 ἔχεις

351 4143 524 4198 εἷπεῖν
576 4144 651 4205 ὡς
702 4145 768 4212 ἦν
816 4164 948 4198 ποτε
993 4140 1153 4198 τοῦδε
1199 4147 1297 4198 τοῦ
1347 4143 1548 4217 ἀγαθοῦ
1581 4143 1614 4212 ἢ
1650 4142 1819 4220 φύλαξ
1853 4143 2003 4216 ἀκρι-

350 4228 631 4307 ϐέστερος,
681 4233 718 4300 ἢ
764 4231 1019 4302 ζηλωτής
1068 4231 1414 4308 θερμότερος,
1460 4232 1495 4300 ἢ
1548 4233 1716 4308 κηρυξ
1757 4231 2006 4307 τρανότε-

351 4341 490 4397 ρος;
527 4321 626 4377 Καὶ
676 4321 757 4383 τίς
807 4322 835 4375 ὁ
877 4320 1225 4396 ἐπαναγαγὼν
1279 4342 1336 4376 σε
1381 4321 1823 4397 παρασυρόμενον
1868 4322 2004 4391 πρὸς

347 4410 381 4464 ’ἆ
417 4411 498 4483 μή
549 4412 705 4484 θέμις
762 4409 930 4465 εἰπεῖν
991 4413 1102 4484 (13)
1133 4429 1145 4479 ;
1177 4411 1266 4471 Τίς
1301 4411 1328 4463 6
1369 4411 1503 4485 πρὸς
1563 4405 1862 4464 Βαϐυλῶνα
1915 4411 2007 4464 καὶ

346 4499 478 4560 τοὺς
528 4499 844 4575 ’Δσσυρίους
898 4499 1256 4574 αἰχμάλωτον
1303 4499 1649 4575 ἀπαγόμενον
1697 4499 1773 4562 εἰς
1815 4501 2008 4577 Ἰερου-

349 4587 547 4660 σαλὴμ
602 4587 923 4657 ἀνασώσας;
961 4587 1197 4660 μάλιστα
1243 4585 1300 4642 δὲ
1345 4587 1428 4650 τίς
1475 4589 1502 4641 ὁ
1554 4587 1603 4658 ἐξ
1655 4589 1826 4660 Ἑῲας
1868 4591 2002 4665 πρὸς

2105 1992 2340 2048 urbium
2416 2006 2659 2046 numero
2718 1991 2990 2044 amovent
3046 1983 3262 2040 moenia
3337 1981 3746 2051 disturbando,

2106 2085 2427 2153 domosque
2442 2079 2748 2136 avertendo
2767 2083 2822 2133 et
2838 2076 2949 2132 nisi
2971 2073 3282 2130 ruderibus
3308 2071 3745 2145 agnoscendum

2105 2160 2786 2244 relinquendoAtusque
2798 2167 2870 2222 ad
2899 2171 2956 2220 te
2976 2163 3268 2220 Trallibus
3290 2167 3415 2218 erat
3432 2160 3672 2217 exitium
3691 2163 3750 2214 et

2106 2261 2352 2332 tempori
2401 2257 2738 2330 triumphus
2777 2275 2789 2323 ;
2841 2272 2998 2310 nunc
3046 2258 3240 2309 autem
3290 2269 3391 2325 per
3435 2257 3492 2308 te
3539 2267 3746 2307 rursus

2108 2355 2246 2406 sunt
2292 2350 2443 2404 inter
2489 2347 2770 2413 civitates,
2805 2362 2920 2400 non
2953 2344 3091 2416 quia
3137 2346 3310 2398 tantes
3343 2342 3507 2397 urbis
3547 2346 3743 2396 aucto-

2108 2457 2231 2495 rem
2282 2438 2391 2493 dici
2441 2437 2708 2492 studeres
2751 2436 2890 2507 (non
2939 2433 3095 2488 enim
3145 2432 3383 2487 amabas
3426 2435 3490 2486 tu
3538 2446 3748 2485 vanam

2107 2528 2364 2602 gloriam,
2395 2545 2511 2583 non
2559 2525 2812 2592 volebas,
2847 2539 3024 2593 super
3051 2526 3224 2588 terra,
3259 2521 3411 2576 sicut
3455 2519 3554 2592 qui
3585 2535 3750 2592 spem

2109 2635 2224 2673 non
2275 2617 2510 2686 habent,
2545 2629 2824 2685 magnum
2880 2627 3092 2667 nomen
3141 2609 3430 2682 adipisci),
3462 2609 3564 2664 sed
3620 2624 3754 2680 pro-

2110 2711 2236 2777 pter
2257 2705 2660 2762 necessitatem
2683 2702 2829 2758 Asiaa
2857 2701 3090 2757 tuendae
3120 2703 3176 2755 et
3205 2699 3391 2754 solam
3417 2697 3578 2753 illius
3599 2697 3756 2753 utili-

2108 2801 2309 2852 tatem.
2361 2795 2678 2864 Postquam
2726 2807 2861 2863 ergo
2916 2789 3075 2844 illam
3145 2787 3489 2844 instaurasti
3542 2791 3599 2842 et
3655 2803 3760 2858 per

2109 2885 2272 2940 illam
2322 2883 2534 2939 dedisti
2591 2880 2871 2936 universas
2901 2879 3018 2934 fere
3061 2878 3233 2934 Ioniae
3283 2877 3504 2932 clarum
3558 2876 3753 2930 muni-

2111 2979 2399 3037 mentum,
2432 2977 2490 3028 et
2543 2969 2845 3026 restituisti
2879 2983 3083 3024 novam
3136 2984 3263 3039 quae
3302 2964 3574 3037 congruit
3620 2964 3752 3020 urbi

2111 3060 2701 3136 dignitatem,incolas
2732 3075 2974 3114 numero
3006 3056 3331 3112 sufﬁciente
3360 3053 3752 3126 tribuis,opti-

2111 3170 2240 3208 mos
2271 3167 2536 3224 quosque
2587 3166 2702 3204 non
2734 3164 2804 3204 ex
2835 3164 2952 3203 una
2998 3147 3246 3212 civitate,
3279 3146 3378 3201 sed
3429 3161 3497 3199 ex
3548 3142 3751 3199 multis

2112 3241 2429 3314 seligendo,
2462 3256 2576 3296 non
2625 3238 2753 3294 ideo
2781 3241 3012 3294 tantum
3062 3239 3128 3291 ut
3175 3237 3468 3306 acceptam
3519 3233 3747 3302 urbem,

2111 3331 2212 3388 sed
2244 3331 2420 3386 etiam
2451 3333 2516 3384 ut
2547 3327 2779 3384 relictas
2810 3325 3162 3382 custodiant.

2181 3616 2482 3670 Virtutum
2511 3613 2761 3670 aliarum
2793 3611 3010 3668 similia
3047 3628 3147 3668 rex
3175 3609 3420 3683 protulit
3466 3606 3751 3680 exempla,

2112 3710 2170 3761 et
2201 3702 2527 3777 perfectiori
2559 3703 2731 3758 modo
2763 3700 3003 3774 protulit
3031 3705 3291 3772 tempore
3334 3697 3756 3771 progrediendo

2113 3800 2171 3850 et
2226 3795 2380 3865 apud
2443 3798 2621 3848 Deum
2685 3790 3091 3846 invalescendo
3151 3805 3164 3844 :
3225 3787 3368 3859 quid
3427 3791 3622 3843 autem
3682 3787 3755 3841 de

2114 3883 2303 3956 prima
2352 3887 2408 3938 et
2456 3881 2712 3936 maxime.
2758 3879 2918 3934 illius
2966 3877 3198 3946 virtute,
3254 3877 3465 3949 pietate
3515 3875 3756 3942 scilicet,

2114 3971 2254 4042 quid
2288 3971 2360 4025 de
2388 3987 2456 4025 ea
2485 3969 2633 4024 dicis
2654 3969 2926 4024 ?Potesne
2956 3966 3118 4022 illius
3148 3965 3544 4039 praestantiam
3570 3969 3759 4022 osten-

2116 4059 2302 4114 dere?
2352 4058 2519 4114 Potes
2575 4057 2765 4112 dicere
2823 4055 2960 4111 boni
3013 4055 3247 4111 virtutis
3303 4054 3602 4110 custodem
3657 4053 3756 4109 illo

2115 4148 2298 4203 fuisse
2365 4146 2749 4216 solertiorem,
2818 4144 3095 4200 annulum
3163 4143 3618 4217 ﬂagrantiorem,
3703 4146 3760 4198 et

2115 4253 2439 4309 praeconem
2490 4235 2949 4291 manifestiorem
2970 4234 2998 4288 ‘?
3027 4235 3094 4289 Et
3125 4233 3256 4303 quis
3285 4232 3514 4288 reduxit
3553 4235 3632 4302 te,
3657 4248 3757 4287 va-

2117 4330 2351 4398 gantem
2386 4325 2456 4380 ad
2485 4341 2551 4380 ea
2582 4341 2709 4395 qua:
2741 4324 2931 4379 dicere
2962 4324 3124 4379 nefas
3154 4320 3443 4386 est?Quis
3463 4320 3759 4392 captivum

2118 4416 2187 4470 ad
2220 4413 2573 4486 Babylonem
2606 4417 2661 4468 et
2689 4412 2955 4485 Assyrios
2986 4412 3305 4466 adductum
3337 4411 3410 4466 ad
3432 4409 3758 4466 Jerusalem

2120 4503 2454 4559 revocavit?
2485 4502 2625 4566 Quis
2653 4501 2974 4573 praesertim
3005 4517 3074 4555 ex
3098 4499 3329 4555 Oriente
3354 4499 3424 4554 ad
3477 4497 3759 4555 Occiden-

2119 4598 2232 4649 tem
2268 4591 2503 4648 ferentis
2550 4591 2645 4646 hic
2674 4591 2854 4645 invito
2887 4606 3020 4661 rege
3048 4588 3320 4644 tenebras
3358 4603 3594 4643 cursum
3627 4603 3760 4642 mu-

348 4657 573 4750 Δυσμιὶς
628 4676 720 4732 καὶ
773 4677 866 4731 τὸν
919 4657 1030 4731 ἐκεῖ
1088 4677 1248 4754 ζόφον
1300 4676 1392 4752 βίᾳ
1438 4657 2001 4754 φερόμενοντμεταϐα-

2120 4687 2235 4737 tare
2265 4679 2633 4754 compulit,et
2663 4679 2914 4750 dedit,ut
2942 4657 3177 4733 rursum
3205 4678 3277 4732 ad
3315 4676 3512 4732 lumen
3536 4677 3756 4746 venias,

349 4765 471 4821 λεῖν
529 4768 767 4837 ποιήσας
810 4764 1060 4843 ἐξαίφνης
1107 4765 1198 4820 τὸν
1255 4763 1483 4839 δρόμον,
1529 4767 1626 4835 τήν
1694 4767 1830 4842 πρὸς
1889 4773 2003 4845 φῶς

346 4857 441 4910 καὶ
500 4854 665 4911 πάλιν
723 4853 983 4910 κινεῖσθαί
1044 4875 1128 4908 σοι
1185 4851 1312 4916 δοὺς
1370 4854 1460 4908 καὶ
1516 4855 1614 4923 τὴν
1671 4854 1921 4926 ἀκίνητον
1951 4855 2002 4910 ἐν

350 4944 501 5016 αὐτῷ
533 4943 901 5022 χαρισάμενος
937 4940 1152 5019 ’ίδρυσιν
1180 4962 1194 5011 ;
1230 4942 1348 5019 Οὐχ
1378 4944 1405 4998 6
1433 4943 1554 5006 νέος
1605 4944 1787 4999 οὑτοσὶ
1840 4951 2005 5020 Ζορο-

349 5027 525 5090 ϐάϐελ
550 5037 688 5110 (14),
732 5035 761 5088 ὁ
793 5034 890 5101 τὴν
921 5031 1180 5104 ἀλήθειαν
1209 5032 1296 5088 καὶ
1343 5032 1582 5110 φιλήσας
1633 5033 1720 5087 καὶ
1769 5037 2004 5107 τιμήσας

420 5253 545 5324 (12),
563 5250 647 5308 De
694 5247 986 5324 Trallibus
1015 5249 1444 5324 abAndronico
1484 5248 1827 5324 instauratis
1873 5249 2002 5324 vide

350 5319 665 5396 Nicephor.
687 5320 1182 5396 Gregoram‘llist.
1213 5337 1266 5375 v.
1293 5322 1348 5396 5_,
1379 5321 1436 5396 ξ.
1468 5320 1568 5376 ubi
1600 5321 1656 5396 in
1691 5321 1844 5396 notis
1875 5319 2003 5396 Boi-

346 5389 525 5452 vinus
553 5394 713 5465 hunc
762 5389 1351 5465 Gregorii_locum,ab
1379 5393 1514 5465 ἦσαν
1565 5389 1659 5463 μὲν
1694 5393 1767 5465 ad
1797 5389 1848 5465 έν
1899 5390 2001 5465 πό-

349 5465 503 5522 λεσιν
558 5463 776 5536 ἐκεῖναι,
830 5462 1230 5536 εἰδοόἱοὶδιιε⁸
1301 5462 2004 5536 protulit._Quadriennio

351 5538 619 5596 nondum
673 5535 870 5606 elapso
921 5536 1083 5601 urbs,
1117 5533 1274 5590 mala
1303 5533 1427 5591 'ave
1470 5533 1762 5606 restituta,
1815 5535 1924 5589 fuit
1971 5553 2002 5588 a

350 5610 560 5666 Turcis
590 5605 962 5679 expugnata;
996 5607 1066 5661 de
1097 5622 1212 5679 qua
1241 5623 1373 5661 cum
1407 5612 1600 5679 orator
1636 5605 1911 5679 loquatur
1941 5612 2005 5661 ut

352 5683 508 5740 inter
554 5677 821 5735 civitates
877 5678 1255 5744 numeranda,
1290 5678 1667 5733 manifestum
1718 5683 1805 5732 est
1854 5677 2002 5731 hanc

354 5753 682 5812 orationem
738 5749 892 5807 circa
920 5767 972 5806 ε..
1008 5750 1167 5821 1282,
1198 5747 1283 5805 vel
1317 5750 1473 5821 1283,
1505 5749 1686 5806 fuisse
1716 5748 1998 5806 habitam.

2114 4776 2171 4826 et
2219 4770 2490 4842 praestitit
2538 4770 2595 4824 in
2646 4769 2747 4823 illa
2790 4767 3038 4823 ﬁrmiter
3093 4766 3439 4821 conﬁrmare
3479 4765 3506 4820 ?
3555 4765 3758 4822 Nonne

2115 4859 2261 4915 alter
2290 4859 2387 4912 ille
2434 4857 2746 4914 Zorobabel
2773 4857 2870 4930 qui
2903 4855 3209 4912 veritatem
3259 4854 3463 4911 dilexit
3491 4858 3548 4910 et
3576 4853 3758 4911 coluit

2116 4952 2288 5018 atque
2337 4947 2544 5001 fortem
2579 4962 2707 5001 sese
2753 4961 2960 5000 rursus
3009 4943 3378 5016 signiﬁcavit,
3432 4947 3605 5015 atque
3632 4959 3755 4998 ma-

2115 5052 2290 5109 gnam
2321 5033 2671 5103 Jerusalem,
2688 5031 2956 5089 videlicet
2983 5031 3325 5099 Ecclesiam,
3358 5032 3615 5088 restituit
3633 5031 3661 5088 ?
3688 5033 3759 5088 Et

2186 5249 2299 5330 (-13)
2347 5248 2544 5330 Innuit
2594 5249 2906 5330 Gregorius
2959 5250 3194 5330 tempus
3232 5263 3375 5330 .quo
3423 5248 3756 5330 opinionem

2114 5318 2454 5376 Latinorum
2507 5322 2578 5374 de
2627 5318 2995 5391 processione
3044 5318 3101 5374 SI
3151 5318 3404 5390 Spiritus
3459 5318 3755 5376 tuebatur.

2112 5392 2440 5464 ﬂucetiam
2468 5392 2797 5464 sequentia
2841 5391 3151 5464 adludunt,
3181 5397 3240 5446 et
3292 5391 3350 5464 in
3404 5393 3611 5464 primis
3658 5392 3759 5448 ubi

2114 5461 2163 5532 ἐξ
2197 5462 2333 5588 iapix:
2385 5462 2518 5537 πρὸς
2568 5459 2773 5534 σδυμὰς
2820 5461 2910 5515 καὶ
2947 5461 3040 5516 τὸν
3091 5459 3202 5516 ἐκεῖ
3249 5459 3423 5540 ζόφον
3461 5462 3755 5540 φερόμενον

2114 5552 2174 5588 se
2206 5552 2252 5588 al
2293 5577 2302 5586 .

2113 5552 2174 5589 EC
2206 5552 2302 5588 ειη.

2186 5606 2296 5686 (lli)
2352 5605 2561 5686 Notum
2622 5605 2890 5686 exulibro
2949 5605 3138 5686 primo
3196 5607 3387 5661 Esdras
3444 5604 3760 5686 Zorobabel

2113 5679 2468 5804 graecipuum
2520 5678 2913 5733 lsraelitarum
2962 5679 3167 5733 ducem
3220 5694 3319 5734 eos
3350 5693 3381 5733 e
3427 5694 3494 5732 ca
3537 5678 3760 5734 tivitate

2160 5748 2463 5804 abvlonica
2507 5748 2834 5804 Jerusalem
2885 5750 3207 5804 reduxisse.
3259 5754 3434 5804 atque
3480 5695 3562 5804 illi
3605 5753 3752 5804 tem-

2160 5748 2463 5821 abylbnica
2507 5748 2834 5806 Jerusalem
2885 5750 3207 5816 reduxisse,
3259 5754 3434 5820 atque
3480 5748 3562 5805 ibi
3605 5753 3752 5805 tem-
