4110 6444
460 409 581 471 407

1482 412 1802 475 GEORGII
1844 410 2110 474 CYPRII
2152 410 2272 472 GP.
2320 409 2850 474 PATRIABCHE

3732 408 3840 471 408

470 545 604 618 quis
666 559 856 600 arcem
936 544 1317 601 confessionis
1384 548 1496 600 tuae
1580 545 1984 601 labefactatam
2051 551 2109 600 et

2240 544 2309 598 ιαὶ
2353 542 2579 619 ἰσχυρὰν
2625 539 3061 618 ἀνομολογήσας,
3091 540 3182 597 καὶ
3231 540 3330 611 τὴν
3384 538 3621 617 μεγάλην
3662 541 3841 620 Ἰερου-

468 634 637 690 humi
699 650 966 689 corruere
1014 634 1439 701 imminentem,
1489 651 1555 689 ac
1606 651 1751 706 pene
1818 639 2109 690 corrutam

470 723 714 782 stabiliit
763 727 822 778 et
852 740 1057 779 rursus
1087 727 1240 778 stare
1272 724 1475 794 jussit,
1507 730 1561 779 et
1592 730 1743 781 recte
1775 725 1845 779 ad
1900 723 2109 779 cmlum

470 813 669 879 erexit,
711 812 1029 884 superbum
1074 818 1244 867 tuum
1289 829 1616 869 eversorem
1669 814 1838 885 ejecit
1874 818 1930 867 et
1980 814 2110 868 abs-

465 902 687 971 tulit,et
717 900 878 956 illius
908 901 1303 956 instrumenta
1335 902 1411 972 (α)
1441 902 1561 975 igni
1594 902 1814 974 ingenti
1846 901 2114 957 tradidit?

470 991 681 1048 Foedus
732 990 1004 1062 equidem
1056 990 1478 1062 percussimus,
1510 996 1568 1045 et
1596 1008 1713 1046 non
1767 1008 1871 1063 per
1912 996 2111 1056 Deum,

471 1084 529 1136 et
576 1085 836 1152 pactum,
866 1078 965 1134 sed
1001 1097 1115 1134 non
1149 1097 1251 1152 per
1278 1080 1557 1151 Spiritum
1589 1081 1717 1151 ejus
1765 1084 2115 1152 (opportune

472 1170 704 1224 divinus
734 1168 918 1224 Isaias
948 1167 1270 1239 loquatur),
1303 1174 1361 1223 et
1385 1170 1582 1225 decem
1615 1169 1783 1225 annis
1823 1168 2115 1225 continuis

467 1259 529 1314 in
580 1259 889 1314 adversum
944 1259 1247 1313 sententiae
1297 1264 1509 1314 nostra
1558 1258 2010 1325 ambulavimus,
2061 1263 2118 1313 et

468 1348 675 1405 exinde
732 1351 788 1402 et
854 1346 1054 1402 fabula
1111 1351 1167 1402 et
1222 1347 1602 1419 opprobrium
1659 1352 1718 1403 et
1791 1346 2115 1403 ludibrium

469 1443 530 1493 et
574 1436 958 1492 subsannatio
1018 1434 1111 1491 his
1160 1436 1259 1507 qui
1309 1440 1451 1491 sunt
1495 1436 1555 1490 in
1621 1436 1868 1491 circuitu
1919 1440 2117 1492 nostro

469 1524 606 1580 facti
657 1540 906 1592 sumus;
940 1528 998 1578 et
1038 1523 1227 1579 foedus
1274 1523 1442 1594 (proh
1493 1524 1681 1595 pudor
1704 1525 1742 1595 l)
1794 1529 1919 1580 erat
1963 1524 2118 1580 bona

473 1614 743 1669 instituta
772 1618 999 1668 mutare
1046 1616 1103 1667 et
1130 1613 1458 1685 transgredi
1491 1612 1790 1684 terminos,
1824 1629 1974 1686 quos
2014 1629 2117 1685 po-

472 1706 720 1758 suerunt
767 1706 961 1774 patres
1011 1702 1219 1768 nostri,
1267 1706 1331 1756 ut
1380 1701 1520 1773 quid
1575 1703 1677 1757 ﬁat
1718 1703 1746 1756 ?
1794 1706 1858 1757 ut
1900 1705 2114 1757 terram

475 1791 723 1846 ﬁrmiter
748 1794 1074 1861 teneamus,
1109 1807 1216 1845 nos
1246 1791 1319 1846 ad
1351 1789 1562 1845 coelum
1601 1789 1901 1862 impellere
1923 1790 2074 1862 jussi
2102 1789 2115 1843 !

2218 631 2359 701 σαλή
2370 654 2427 704 μ,
2462 629 2636 686 εἷ’τουν
2684 632 2784 700 την
2832 628 3179 701 Ἐκκλησίαν,
3209 627 3675 702 ἀνοικοδομήσας;
3706 631 3733 685 ὁ
3758 630 3840 686 τὸν

2218 720 2425 796 πύργον
2485 741 2580 774 σου
2642 722 2742 789 τῆς
2817 718 3122 794 ὁμολογίας
3189 716 3577 792 διασειόμενον,
3634 719 3720 774 καὶ
3773 719 3841 780 εἰς

2219 810 2351 884 γόνυ
2423 816 2602 864 πεσεῖν
2668 806 3041 863 κινδυνεύοντα
3092 808 3181 863 καὶ
3240 813 3435 885 μικροῦ
3491 828 3553 883 γε
3606 807 3838 880 πεσόντα,

2220 894 2447 974 ἑδράσας
2495 897 2659 954 πάλιν
2704 896 2794 951 καὶ
2839 896 2995 973 ὀρθὸν
3037 903 3227 966 στῆναι
3269 900 3525 968 ποιήσας,
3564 897 3652 951 καὶ
3697 895 3839 952 ἀκλι-

2219 992 2321 1048 νῶς
2365 987 2500 1062 πρὸς
2549 986 2773 1060 οὐρανὸν
2842 984 3135 1054 ἀνατείνας,
3186 986 3278 1041 τὸν
3350 983 3689 1062 μεγάλαυχόν
3754 1007 3840 1040 σου

2219 1077 2498 1151 πορθητὴν
2527 1077 2639 1148 (15)
2670 1071 2936 1136 διασείσας
2991 1075 3079 1129 καὶ
3131 1073 3398 1144 καθελὼν,
3430 1074 3519 1129 καὶ
3576 1074 3734 1129 αὐτοῦ
3785 1075 3845 1128 τὰ

2221 1163 2384 1235 σκεύη
2421 1162 2629 1239 μεγάλη
2671 1163 2834 1243 φλογὶ
2865 1166 2978 1237 (16)
3008 1161 3281 1240 παραδούς
3310 1183 3324 1232 ;
3358 1162 3570 1233 Βουλήν
3624 1164 3714 1236 μὲν
3761 1160 3842 1217 οὗν

2223 1252 2575 1326 ἐποιήσαμεν,
2606 1252 2695 1307 καὶ
2745 1251 2809 1307 οὐ
2857 1249 2946 1307 διά
2993 1258 3149 1325 Θεοῦ,
3178 1253 3268 1307 καὶ
3320 1254 3613 1323 συνθήκην,
3660 1251 3747 1306 καὶ
3790 1250 3845 1306 οὐ

2223 1340 2313 1398 διὰ
2338 1346 2435 1397 τοῦ
2463 1341 2770 1414 πνεύματος
2800 1341 2964 1396 αὐτοῦ
2993 1341 3092 1415 (εἰς
3140 1343 3325 1416 καιρὸν
3376 1343 3405 1396 ὁ
3455 1347 3600 1405 θεῖος
3643 1338 3845 1403 Ἡσαΐας

2224 1431 2471 1506 λεγὲτω),
2530 1431 2621 1486 καὶ
2671 1428 2799 1485 δέκα
2853 1432 2974 1503 ἑξῆς
3034 1426 3126 1502 ἔτη
3201 1430 3376 1485 ὀπίσω
3450 1436 3553 1500 τῆς
3626 1427 3846 1491 διανοίας

2223 1523 2384 1592 ἡμῶν
2418 1519 2811 1593 ἐπορεύθημεν,
2846 1519 2899 1590 ἐξ
2930 1520 2992 1573 οὗ
3040 1520 3129 1574 καὶ
3176 1514 3469 1596 παραϐολή
3519 1518 3607 1574 καὶ
3656 1513 3846 1579 ὄνειδος

2174 1637 2187 1646 ο
2221 1608 2311 1663 καὶ
2369 1606 2546 1685 χλεύη
2578 1608 2668 1662 καὶ
2711 1609 3088 1684 μυκτηρισμὸς
3143 1614 3260 1670 τοῖς
3308 1605 3478 1672 ἔθνεσι
3533 1607 3621 1662 καὶ
3675 1604 3847 1679 κύκλῳ

2224 1701 2385 1771 ἡμῶν
2438 1696 2790 1774 ἐγεγόνειμεν·
2831 1699 2866 1766 ἡ
2912 1694 2970 1753 δὲ
3022 1694 3198 1772 βουλή
3233 1699 3354 1775 (φεῦ
3395 1700 3495 1766 τῆς
3548 1696 3850 1772 αἷσχὺνηςί)

2223 1787 2291 1841 τά
2320 1785 2505 1848 καλῶς
2550 1786 2770 1859 κείμενα
2816 1792 2982 1841 κινεῖν
3020 1786 3108 1841 καὶ
3156 1786 3278 1861 ὅρια
3327 1786 3594 1862 μεταίρειν
3626 1785 3660 1840 ἃ
3688 1783 3850 1849 ἔθεντο

476 1883 768 1949 Attamen,
801 1896 934 1934 cum
984 1879 1093 1934 hoc
1148 1895 1264 1934 non
1312 1879 1679 1949 successerit,
1724 1879 1867 1935 satis
1909 1881 2119 1935 docen-

2240 1877 2279 1978 ἰὶ
2336 1874 2560 1951 πατέρες
2607 1878 2788 1949 ἡμῶν,
2817 1873 2909 1930 ’ίνα
2964 1876 3015 1930 τί
3062 1872 3438 1951 γένηται;“ίνα
3485 1876 3584 1945 τὴν
3626 1881 3726 1951 γῆν
3772 1874 3850 1949 βεο

478 1970 618 2024 dum
650 1973 739 2024 est
786 1968 856 2038 si,
884 1973 1196 2040 postquam
1228 1968 1467 2023 miserat
1505 1984 1610 2024 nos
1638 1968 1794 2024 Deus
1839 1974 1897 2024 et
1924 1968 2118 2024 humi-

476 2057 719 2113 liaverat
746 2061 805 2113 et
833 2056 1002 2111 illum
1052 2072 1308 2128 quaerere
1336 2058 1646 2113 edocuerat
1674 2074 1781 2113 nos
1819 2057 2117 2113 calamita-

477 2146 637 2202 tibus
666 2145 845 2201 ﬂexos
891 2150 949 2201 et
977 2147 1312 2217 castigatos,
1343 2146 1601 2201 secunda
1640 2146 1815 2202 fuerit
1863 2145 2118 2201 audaciae

477 2234 775 2307 aggressio
807 2250 820 2288 :
855 2233 915 2288 in
946 2251 1159 2289 vanum
1194 2234 1351 2289 enim
1382 2234 1721 2307 delinquere
1748 2235 2119 2300 videbantur,

478 2330 566 2391 ut,
606 2323 1105 2396 quemadmodum
1154 2323 1255 2390 ait,
1289 2324 1477 2379 simus
1528 2324 1800 2395 deinceps
1850 2324 1911 2378 in
1958 2322 2120 2379 cultu

480 2412 745 2484 puriores
766 2416 824 2466 et
848 2411 908 2465 in
934 2412 1269 2467 adoratione
1292 2411 1833 2484 irreprehensibiles
1849 2432 1862 2479 ;
1878 2414 2120 2484 quinam

480 2517 640 2556 sanae
669 2499 825 2567 fidei,
858 2500 933 2554 da
959 2500 1125 2571 mihi,
1157 2506 1471 2557 sectatores
1500 2511 1558 2557 et
1585 2502 1646 2556 in
1677 2503 1954 2558 omnibus
1982 2518 2120 2574 gen-

481 2591 642 2646 tibus
690 2590 1003 2646 doctores‘?
1032 2590 1275 2661 quinam
1324 2598 1615 2647 rectorum
1655 2592 1994 2664 dogmalum
2025 2609 2122 2665 pa-

483 2678 648 2734 tres?
684 2678 933 2741 Quinam
986 2678 1320 2733 tribuerunt
1368 2679 1486 2735 illis
1535 2681 1606 2735 ad
1656 2696 1805 2751 quos
1854 2680 2129 2736 transmi-

486 2782 656 2839 grare
697 2766 879 2822 coacti
926 2783 1136 2823 sumus
1183 2784 1299 2823 non
1333 2769 1505 2823 modo
1552 2768 1745 2840 legum
1800 2769 2129 2824 divinarum

490 2860 819 2911 accuratam
871 2855 1283 2926 cognitionem,
1317 2856 1413 2911 sed
1448 2862 1504 2912 et
1531 2856 1975 2929 disciplinarum
2018 2858 2133 2913 uti-

490 2961 605 3017 que
654 2944 941 3010 notitiam,
974 2948 1031 2999 et
1078 2944 1311 3000 illorum
1345 2950 1599 3001 mentem
1648 2952 1826 3019 atque
1869 2947 2133 3020 linguam

492 3032 819 3088 litterarum
870 3033 1150 3089 beneﬂcio
1198 3039 1373 3105 atque
1447 3035 1738 3091 consortio
1795 3036 2135 3092 nobilitave-

492 3122 677 3177 runt?
732 3122 843 3177 Sed
894 3125 1171 3193 praeterea
1217 3122 1298 3178 ita
1342 3123 1668 3191 videbatur,
1714 3128 1771 3180 et
1814 3126 2136 3181 secundum

493 3210 649 3282 quod
697 3210 890 3265 visum
941 3209 1071 3276 fuit,
1121 3214 1318 3266 actum
1368 3216 1475 3267 est.
1510 3212 1579 3267 Et
1625 3217 1687 3266 tu
1736 3212 1858 3268 illic
1906 3229 2136 3269 mecum

2227 1959 2396 2026 ϐαίως
2452 1964 2762 2037 οἱκήσωμεν
2823 1967 2935 2038 (17)
2994 1965 3046 2019 οἱ
3104 1966 3240 2040 πρὸς
3298 1964 3523 2041 οὐρανὸν
3572 1962 3849 2039 ἐπείγεσθαι

2225 2048 2598 2126 κελευόμενοι.
2630 2053 2765 2126 Εἶθ’,
2797 2052 2873 2115 ὡς
2929 2052 2991 2108 οὐ
3048 2058 3209 2109 τοῦτο
3263 2048 3604 2128 προέϐαινεν.
3654 2051 3853 2127 ἀγαπη-

2225 2145 2315 2199 τὸν
2365 2141 2424 2198 δὲ
2463 2143 2553 2198 καὶ
2602 2143 2647 2197 εί
2702 2143 2778 2215 μὴ
2820 2142 3154 2212 τούναντίον,
3204 2140 3533 2219 ἑκγελῶντος
3580 2144 3724 2214 ἡμᾶς
3766 2143 3852 2195 τοῦ

2228 2237 2363 2288 Θεοῦ
2443 2232 2534 2287 καὶ
2617 2230 3004 2307 σμικρύνοντος
3061 2232 3152 2286 καὶ
3209 2231 3368 2287 αὐτὸν
3431 2235 3610 2301 ζητεῖν
3683 2228 3850 2284 ἐκπαι-

2230 2320 2479 2383 δεύοντος
2540 2321 2643 2376 ὑπὸ
2698 2325 2803 2374 τῶν
2892 2325 3187 2398 συμφορῶν
3258 2318 3708 2393 νουθετουμένους
3772 2318 3853 2372 καὶ

2228 2410 2666 2484 καμπτομένους,
2700 2407 2919 2483 δευτέρα
2970 2412 3069 2479 της
3126 2409 3343 2484 τόλμης
3403 2411 3647 2488 ἀφορμή²
3696 2405 3853 2462 ἐδόκει

2229 2501 2332 2576 γάρ
2389 2497 2499 2569 ἤδη
2555 2499 2643 2553 καὶ
2692 2495 2781 2553 διὰ
2835 2501 2993 2567 κενῆς
3024 2500 3267 2571 ἀνομεῖν,
3294 2496 3408 2554 ἵνα.
3442 2498 3597 2576 φησὶ,
3626 2495 3851 2571 καθαρώ-

2231 2608 2377 2664 τεροι
2406 2588 2470 2643 τὸ
2517 2583 2676 2650 σέϐας
2729 2586 2876 2660 ὦμεν
2932 2592 3029 2642 τοῦ
3090 2586 3288 2643 λοιποῦ
3349 2588 3441 2641 καὶ
3485 2588 3584 2656 τήν
3634 2583 3864 2661 λατρείαν

2238 2678 2557 2751 ἀμώμητοι·
2613 2676 2666 2731 οἰ
2716 2678 2828 2750 (18)
2873 2683 2974 2746 τῆς
3036 2676 3408 2751 ὑγιαινούσης,
3455 2675 3571 2732 εἷ’πέ
3630 2696 3739 2749 μοι,
3784 2671 3861 2726 πί-

2238 2787 2408 2828 στεως
2461 2760 2760 2841 ἀκριϐωταὶ
2815 2766 2905 2820 καὶ
2964 2766 3100 2841 πρὸς
3158 2767 3330 2820 πάντα
3355 2766 3425 2821 τὰ
3455 2761 3580 2836 ἔθνη
3640 2760 3865 2818 διδάσκα-

2242 2857 2367 2923 λοι;
2406 2855 2458 2909 οἱ
2488 2859 2594 2909 τῶν
2627 2854 2801 2930 ὀρθῶν
2837 2851 3128 2929 δογμάτων
3175 2854 3443 2930 πατέρες;
3485 2856 3538 2909 οἱ
3585 2848 3865 2928 παρασχόν-

2241 2964 2326 3007 τες
2385 2949 2502 3005 τοῖς
2560 2944 2695 3017 πρὸς
2766 2943 2857 3004 οῦς
2930 2938 3312 3015 ἑξεϐιαζόμεθα
3389 2944 3757 3015 μετατεθῆναι,
3812 2936 3865 2991 οὗ

2246 3033 2405 3105 μόνον
2443 3029 2510 3100 δὴ
2543 3032 2728 3103 νόμων
2755 3035 2862 3086 τῶν
2902 3030 3058 3086 θείων
3111 3026 3409 3104 ἀκρίϐειαν,
3443 3030 3590 3087 ἀλλὰ
3634 3029 3716 3085 καὶ
3756 3047 3867 3081 παι·

2245 3119 2389 3183 δείας
2448 3119 2596 3182 ὅλως
2646 3124 2866 3194 γνῶσιν,
2898 3119 2989 3174 καὶ
3043 3120 3106 3174 τὸ
3152 3126 3252 3189 τῆς
3304 3122 3494 3196 ψυχῆς
3553 3119 3721 3175 αὐτῶν
3771 3116 3870 3186 ἅμα

2244 3210 2335 3265 καὶ
2363 3207 2618 3285 γλώττης
2653 3204 2923 3285 βάρϐαρον
2954 3212 3022 3282 τῇ
3073 3208 3349 3284 εὐεργεσίᾳ
3403 3208 3571 3282 ταύτῃ
3624 3207 3710 3261 καὶ
3764 3222 3872 3276 μετ-

493 3315 691 3371 regem
715 3298 996 3369 inspicias
1022 3317 1035 3367 ;
1059 3299 1192 3355 vide
1224 3302 1516 3372 quomodo
1545 3300 1705 3357 zelus
1734 3301 1879 3373 legis
1905 3301 2130 3357 Domini

2247 3279 2404 3369 ουσίά
2447 3302 2554 3353 τῶν
2578 3279 2581 3280 ν
2607 3279 2791 3373 λόγων
2833 3279 3255 3372 ἒξευγενίσαντες
3285 3316 3299 3365 ;
3330 3279 3506 3367 (Πλὴν
3548 3279 3723 3356 οὕτως
3766 3289 3869 3347 ἐδό-

497 3393 556 3444 et
586 3388 841 3458 despecti
870 3389 1205 3444 testamenti
1237 3406 1372 3444 eum
1412 3391 1788 3458 comedebat;
1823 3391 2137 3463 quomodo,

496 3494 630 3533 cum
666 3492 770 3531 nec
802 3475 1081 3531 auxilium
1116 3477 1263 3533 ferre
1293 3494 1517 3549 posses,
1546 3496 1650 3534 nec
1676 3479 1991 3551 reprimere
2020 3480 2141 3535 cla-

499 3567 632 3621 dem
661 3565 841 3620 libere
871 3565 1168 3637 vulgatam
1199 3570 1257 3620 et
1286 3567 1343 3621 in
1375 3584 1580 3623 omnes
1610 3568 1837 3625 animos
1871 3585 2142 3642 grassan-

2248 3408 2351 3458 κει,
2383 3386 2472 3441 καὶ
2510 3386 2647 3441 κατὰ
2693 3387 2755 3441 τὸ
2803 3383 2995 3441 δοκοῦν
3050 3384 3309 3441 ἐτελεῖτο.
3342 3386 3621 3441 Κάνταῦτα
3673 3382 3734 3438 σύ
3788 3400 3869 3454 μοι

2251 3476 2438 3531 σκόπει
2485 3476 2576 3531 τὸν
2641 3473 2885 3551 βασιλέα
2942 3475 3042 3551 ὅρα
3095 3479 3214 3536 πῶς
3262 3475 3291 3530 ὁ
3350 3474 3524 3544 ζῆλος
3574 3476 3669 3528 τοῦ
3715 3469 3870 3542 νόμου

2252 3564 2457 3641 Κυρίου
2482 3564 2572 3619 καὶ
2611 3566 2709 3632 τῆς
2760 3563 2905 3618 οὕτω
2960 3562 3390 3639 παρεωραμὲνης
3452 3561 3710 3634 διαθήκης
3760 3577 3874 3613 κατ-

500 3659 643 3722 tem,
676 3658 922 3709 mmstus
953 3659 1011 3709 et
1048 3655 1255 3721 tristis,
1298 3673 1637 3729 quanquam
1687 3674 1801 3713 non
1840 3658 2130 3714 videbatun

2253 3657 2430 3725 ήσθιε,
2488 3657 2626 3725 πῶς,
2685 3652 2768 3708 ὅτι
2830 3654 2906 3726 μὴ
2971 3654 3188 3728 βοηθεῖν
3244 3652 3382 3728 εἶχε,
3436 3650 3579 3727 μηδὲ
3629 3651 3690 3705 τὸ
3730 3643 3873 3703 κακὸν

496 3742 676 3798 vitam
724 3743 991 3815 degebat,
1041 3743 1122 3798 ita
1172 3749 1235 3799 ut
1288 3744 1482 3816 ignem
1533 3746 1592 3800 in
1641 3746 1966 3802 visceribus
2014 3763 2147 3803 suc-

500 3830 669 3885 cendi
702 3834 758 3884 et
786 3830 859 3885 ab
890 3828 989 3885 illo
1021 3831 1232 3903 corripi
1259 3848 1359 3888 cor
1387 3834 1515 3904 ejus
1545 3834 1861 3891 videretur.

2254 3739 2603 3798 ἀναστέλλειν
2650 3740 2916 3797 ἀκάθεκτα
2961 3740 3259 3819 φερόμενον
3313 3740 3406 3796 καὶ
3464 3744 3649 3817 ψυχῆς
3688 3736 3875 3804 ἁπάσης

2259 3831 2562 3906 ἁπτόμενον
2595 3833 2729 3905 (19),
2778 3835 2988 3894 πενθῶν
3044 3830 3136 3885 καὶ
3195 3832 3619 3904 σκυθρωπάζων,
3666 3825 3753 3882 κᾶν
3808 3821 3874 3895 μὴ

500 3914 697 3986 ἐδόκει,
728 3918 818 3971 τὸν
883 3917 998 3992 βίον
1050 3916 1258 3995 διῆγεν,
1293 3919 1407 3975 ἐπεὶ
1461 3922 1551 3975 καὶ
1609 3926 1715 3998 πῦρ
1775 3922 2112 3999 ὑποσμύχειν
2172 3921 2223 3978 ἐν
2280 3927 2397 3983 τοῖς
2456 3918 2794 3997 σπλάγχνοις
2855 3916 3051 3989 ἐδόκει,
3080 3918 3170 3973 καὶ
3227 3918 3393 3988 αὐτὴν
3457 3920 3545 3975 ὑπ’
3592 3916 3746 3973 αὐτοῦ
3789 3912 3875 3978 τὴν

498 4003 721 4081 καρδίαν
752 4004 1080 4064 ἁλίσκεσθαι.

574 4071 708 4164 Qua)
743 4103 800 4153 et
832 4098 985 4154 unde
1014 4114 1207 4153 rerum
1240 4071 1487 4155 istarum
1522 4101 1667 4157 ﬁdes
1687 4102 1813 4157 ?Ex
1842 4101 1987 4175 ipsis
2018 4120 2145 4175 quae

501 4203 659 4241 nunc
708 4186 1000 4242 videmus.
1051 4187 1154 4242 Ubi
1216 4188 1372 4243 enim
1422 4188 1739 4245 auxiliandi
1807 4192 2144 4247 facultatem

2327 4098 2417 4163 Τίς
2446 4098 2536 4154 καὶ
2576 4097 2738 4153 πόθεν
2784 4097 2994 4153 τούτων
3028 4099 3062 4167 ἡ
3094 4094 3316 4165 πίστιςς
3362 4096 3416 4168 ἐξ
3460 4084 3633 4152 αὐτῶν
3675 4090 3738 4159 δή
3785 4091 3877 4141 τῶν

2256 4193 2348 4241 νῦν
2408 4188 2723 4263 ὁρωμένων.
2783 4188 2870 4248 Ὠς
2947 4187 3051 4261 γὰρ
3120 4189 3218 4240 τοῦ
3300 4186 3519 4260 βοηθεῖν
3576 4182 3754 4259 κύριος
3805 4174 3881 4250 γέ·

501 4274 783 4344 habuisti,
812 4274 986 4345 quale
1036 4275 1302 4331 studium
1332 4282 1389 4331 et
1418 4276 1781 4334 alacritatem
1808 4280 1821 4334 l
1858 4280 1982 4337 Non
2014 4280 2130 4335 tuli‘

2255 4278 2538 4354 γονε(20),
2576 4271 2740 4353 βαϐαὶ
2769 4282 2870 4345 τῆς
2915 4272 3157 4343 σπουδῆς
3205 4274 3295 4329 καὶ
3344 4276 3445 4328 τοῦ
3491 4274 3693 4348 τάχους
3745 4263 3878 4354 (ξυε

503 4364 621 4420 fere
677 4366 965 4435 respirare
1023 4369 1335 4437 antequem
1395 4366 1671 4438 pietatem
1730 4369 2147 4439 praedicaverit,

2258 4349 2369 4421 ὸύκ
2414 4349 2616 4441 (ἤνεγκε
2673 4361 2868 4441 σχεδὸν
2924 4365 3242 4418 ἀναπνεῦσαι
3299 4361 3426 4436 πρίν
3483 4363 3585 4432 τὴν
3639 4349 3882 4415 εὐσέϐειαν

504 4470 609 4509 nec
658 4454 729 4509 de
776 4455 952 4509 rebus
1004 4452 1130 4509 suis
1175 4454 1450 4525 cogitare,
1483 4472 1672 4527 neque
1719 4457 2039 4528 quidquam
2082 4474 2130 4512 ei

2257 4454 2509 4529 κηρύξαι,
2567 4453 2630 4509 οὐ
2696 4453 2973 4530 φροντίσαι
3050 4455 3158 4507 τῶν
3230 4452 3348 4506 καθ’
3405 4451 3614 4523 ἑαυτὸν,
3668 4445 3726 4502 οὐ
3787 4443 3878 4530 τῶν

505 4542 681 4597 rebus
711 4540 959 4597 internis
1006 4559 1486 4614 componere,nec
1516 4544 1587 4598 de
1617 4545 1871 4600 externis
1921 4563 2123 4601 curare

2256 4528 2403 4606 ἐντός
2450 4565 2503 4598 τι
2551 4528 2829 4613 διαθεῖναι,
2880 4538 3005 4596 οὐδὲ
3050 4541 3175 4616 περὶ
3226 4544 3333 4594 τῶν
3379 4539 3534 4603 ἐκτὸς
3601 4528 3879 4593 διαστείλα-

505 4646 612 4686 nec
643 4630 760 4685 alia
807 4631 980 4686 verba
1013 4632 1292 4702 proferre,
1344 4631 1454 4687 nisi
1488 4654 1516 4682 ‹‹
1550 4632 1913 4689 Festinemus
1964 4650 2147 4689 novus

507 4806 671 4934 plum
720 4806 1056 4864 aediﬁcasse.
1092 4809 1162 4864 Et
1207 4825 1336 4865 esse
1368 4810 1754 4883 scriptoribus
1802 4811 2151 4868 Christianis

545 4878 834 4934 erusalcm
866 4880 1134 4934 Ecclesia
1166 4882 1498 4934 svmbolum
1533 4883 1665 4934 auis
1697 4883 1975 4934 ignorat?

545 4878 834 4954 erusalcm
866 4880 1134 4954 Ecclesia
1166 4878 1505 4954 symbolum
1533 4883 1665 4954 quis
1697 4883 1975 4953 ignorat?

582 4950 695 5018 (15)
746 4950 845 5025 ille
897 4950 1365 5025 Trogilmﬁc'ﬁdei
1398 4950 1757 5025 iGreg—orium
1806 4960 1895 5009 est
1957 4954 2149 5023 Vecci,

510 5026 676 5102 puto,
710 5020 1006 5102 allegoria,
1050 5020 1631 5102 qui,_cum__I_.atiﬁis_
1660 5027 1892 5091 faveret,
1924 5027 2033 5102 fuit
2080 5020 2152 5080 ab

511 5091 843 5168 Andﬁronico
906 5091 1128 5168 missus
1176 5095 1234 5149 in
1282 5095 1542 5151 exilium.
1614 5099 2151 5168 Interpretationem

512 5162 819 5235 confirmat
869 5163 1066 5235 glossa
1114 5164 1174 5219 in
1224 5169 1349 5222 cod.
1404 5169 1542 5222 1310
1571 5187 1590 5222 :
1622 5162 1786 5221 Κατῖ
1811 5172 1905 5221 τοῦ
1957 5167 2152 5222 Βὲκκου

509 5231 600 5286 καὶ
628 5237 728 5300 τῆς
754 5230 1167 5296 τότενένώσεως.

584 5304 698 5375 (16)
748 5306 874 5374 Igni
922 5307 1201 5361 traditum
1256 5307 1366 5362 fuit
1407 5309 1575 5364 Vecci
1630 5308 1901 5365 volumen
1955 5328 1966 5364 :
2023 5310 2154 5366 vide

512 5376 952 5452 Ve‘ceumﬂrat.
986 5378 1064 5452 de»
1086 5377 1307 5452 injuste.
1334 5382 1423 5452 sui
1457 5383 1817 5452 depositione
1849 5399 1904 5452 p.
1936 5384 2024 5437 29.

584 5448 696 5517 (17)
733 5445 833 5501 Illa
865 5464 977 5502 non
1012 5445 1181 5518 plane
1214 5449 1493 5521 intelligo,
1527 5445 1799 5508 Voluitne
1830 5445 2071 5508 innuero
2093 5470 2154 5509 se

512 5534 705 5594 rerum
744 5524 1101 5594 terrenarum
1135 5536 1326 5594 causa
1344 5522 1561 5577 Latinis
1595 5524 1823 5594 favisse,
1848 5525 2068 5580 scilicet
2089 5529 2154 5581 ut

513 5589 777 5663 Michacli
812 5589 1117 5661 Palaelogo,
1144 5592 1243 5663 cui
1274 5592 1602 5663 placebant,
1636 5589 1933 5659 placeret?

586 5661 705 5738 (18)
727 5663 858 5715 Cod.
910 5664 1071 5738 δοιο,
1103 5661 1180 5731 οἱ,
1209 5661 1439 5738 sibene
1471 5664 1603 5738 legi.
1639 5668 1824 5722 Locus
1870 5671 1958 5722 est
1984 5666 2151 5738 vitia-

513 5735 629 5788 tus.
663 5733 902 5801 Forsan,
934 5734 969 5801 ἢ
1002 5733 1075 5801 οἱ,
1110 5739 1173 5790 ut
1198 5733 1233 5802 ἢ
1267 5736 1344 5791 sit
1373 5733 1749 5810 comparativi
1783 5737 2152 5814 καθαρώτεροι

2260 4644 2401 4705 σθαι,
2434 4632 2495 4687 οὐ
2551 4631 2717 4707 λόγον
2769 4629 2938 4686 ἄλλον
2983 4633 3351 4706 προενεγκεῖν,
3382 4629 3419 4698 ἦ
3453 4627 3561 4698 ὅτι,
3593 4649 3621 4679 ‹‹
3653 4616 3881 4679 Σπεύδω-

2260 4811 2698 4890 consequentia.
2732 4808 3037 4890 Sententia
3064 4808 3174 4890 erit
3203 4806 3424 4890 iro-nica
3451 4811 3510 4863 et
3568 4819 3699 4861 cum
3728 4799 3882 4890 inter-

2262 4902 2323 4940 ro
2368 4881 2560 4939 atione
2588 4881 3219 4954 pronuntianda,cujus
3249 4881 3440 4951 signa,
3473 4894 3601 4950 quae
3631 4881 3875 4950 ερροξωι

2262 4900 2489 5011 codices
2536 4954 2831 5009 exhibent.
2866 4951 3011 5018 Φησὶ
3050 4951 3308 5005 indicare
3334 4949 3563 5006 videtur
3606 4944 3879 5018 apposxtas

2262 4971 2489 5011 COOICCS
2536 4971 2831 5009 exnlDent.
2866 4971 3011 5021 φησι
3050 4971 3308 5005 ιηαιοανθ
3335 4971 3553 5006 νιαθιυι

2262 5042 2587 5104 θεεοηνοςθε
2617 5025 2956 5104 adversarii,
2987 5022 3157 5077 Vecci
3187 5024 3402 5104 forsan:
3481 5089 3553 5104 η.

2333 5078 2448 5169 (19)
2466 5078 3167 5169 (veros—animisensus,
3207 5084 3750 5169 vivente_lt_licbaele
3788 5078 3879 5169 λέξις

2262 5158 2524 5277 laaologp,
2574 5168 2858 5223 celaverat
2885 5166 3255 5222 Andronicus
3288 5181 3301 5219 :
3331 5164 3407 5220 cf.
3449 5162 3572 5218 Nic.
3620 5158 3882 5227 Gregoraﬁ

2260 5241 2707 5392 fl,(_216)3'Morte,
2768 5308 3006 5375 scilicet,
3061 5306 3267 5379 patris,
3330 5302 3629 5362 Michaelis
3690 5292 3880 5353 Peleo-

2262 5383 2680 5525 1ogtg’llGlossa
2728 5452 2786 5507 in
2836 5448 3199 5525 cod._1310:
3242 5446 3555 5525 ξημείωσαι
3582 5439 3704 5525 τοὺς
3744 5427 3881 5525 ⁸ἐπξί·

2261 5512 2383 5649 vqu
2414 5512 2504 5585 635;
2554 5526 2779 5598 γεννῶσι
2810 5523 2875 5576 τὰ
2903 5519 3198 5596 σχὶσματα.
3249 5512 3548 5576 Glossator
3589 5517 3710 5572 erat
3730 5512 3879 5563 Λατι·

2259 5618 2284 5649 ν
2325 5616 2495 5671 ῳρων.

2332 5740 2408 5811 (α)
2439 5738 2643 5794 Libros
2671 5738 2802 5809 ejus
2831 5733 3072 5794 scilicet.
