4110 6426
403 457 522 520 409

1410 458 1802 524 LAUDATIO
1849 459 2275 522 ANDRONICI
2320 455 2805 520 PAL/EOLOGI.

3685 445 3808 510 410

403 611 499 665 μεν
569 588 789 667 Ἰσραὴλ
837 589 864 646 ὃ
904 589 1042 664 νέος,
1094 589 1489 668 έπαναγὼμεθα
1553 592 1688 665 πρὸς
1733 594 1880 663 Θεὸν,
1931 593 2040 648 έπι-

2166 592 2338 649 Israel
2387 593 2457 648 ad
2503 593 2688 648 Deum
2741 590 3070 659 redeamus,
3127 587 3554 650 convertamur,
3612 583 3799 657 legem

400 681 781 757 στρενρώμεθα,
839 683 936 750 τῆς
998 678 1264 752 διαθήκης
1319 681 1482 736 αὐτοῦ
1549 676 2049 754 έπιλαμϐανώμεθα

399 770 489 823 καὶ
521 769 784 846 πρὸς-τήν
829 768 1035 843 λάμψιν
1067 776 1165 826 τοῦ
1195 771 1373 848 φωτὸς
1404 771 1573 840 αὐτῆς
1605 771 1983 847 πορευώμεθα.
2019 795 2045 821 ››

403 859 523 934 Οὐχ
576 858 721 913 οὕτω
778 860 910 913 ποτε
961 857 1191 937 σφοδρὸν
1249 857 1441 922 ὕδατος
1500 860 1692 936 ῥεῦμα,
1739 859 1856 935 ῥέον
1915 859 2050 914 κατά

408 952 658 1022 πρανοῦς,
695 947 810 1002 εἶτά
855 969 966 1002 τισι
1026 955 1300 1025 μηχαναῖς
1351 949 1737 1025 ἀνισχόμενον,
1773 948 1938 1018 ὀξέως
1988 949 2046 1002 ἂν

410 1036 641 1114 φέροιτο,
701 1041 802 1091 τοῦ
859 1037 1168 1100 κωλύοντος
1238 1040 1659 1100 ὑποσπασθέντος
1717 1037 1804 1093 καί
1854 1040 2046 1092 ἀνακο-

405 1125 724 1195 πέντος,ὡς
785 1127 814 1180 6
875 1124 1152 1202 βασιλεὺς,
1202 1124 1527 1202 δραξάμενος
1589 1128 1776 1183 αὐτίκα
1834 1131 2047 1204 καιροῦ,

402 1213 527 1284 ὀξὺς
569 1216 636 1283 ἦν
683 1214 915 1290 ἐπείγων
959 1220 1126 1270 ταῦτα
1172 1216 1261 1270 καὶ
1310 1214 1486 1292 λέγων
1517 1217 1607 1272 καὶ
1653 1214 2046 1293 διαπραττόμε-

397 1325 514 1364 νος.
546 1301 621 1357 Εῦ
650 1302 751 1378 γὰρ
800 1300 958 1366 εἰδὼς
1000 1305 1074 1366 ὡς
1115 1302 1214 1373 ἥδε
1259 1304 1404 1376 τάξις
1457 1305 1646 1380 ἀρίστη
1705 1305 1793 1360 καὶ
1840 1303 2050 1360 λασιτε-

398 1390 658 1462 λεστάτη,
693 1393 891 1454 παντὸς
925 1392 1258 1468 ἀρχομένοις
1287 1395 1377 1448 καὶ
1428 1394 1593 1471 λόγου
1649 1396 1738 1449 καὶ
1795 1393 2049 1469 πράγμα-

392 1501 515 1553 τος,
547 1480 608 1535 ἐκ
655 1485 789 1536 Θεοῦ
835 1502 893 1535 τε
942 1478 1200 1557 ἄρχεσθαι
1243 1484 1332 1536 καὶ
1382 1483 1456 1545 εἰς
1497 1485 1623 1539 Θεὸν
1668 1483 2046 1550 ἀναπαύεσθαι,

391 1571 488 1624 καὶ
549 1569 711 1632 αὐτὸς
760 1573 860 1638 τῆς
921 1565 1169 1633 εὐσεϐοῦς
1225 1571 1645 1648 αὐτοκρατορίας
1691 1568 1882 1641 εὐσεϐῆ
1914 1593 2047 1648 κρη-

393 1656 532 1714 πῖδα
563 1657 936 1734 πηγνύμενος,
968 1656 1105 1736 αἶ’ρει
1158 1661 1251 1733 μέν
1303 1662 1439 1715 ἅπαν
1485 1660 1698 1716 σκῶλον
1743 1661 1831 1716 καὶ
1880 1655 2046 1731 πρόσ-

388 1768 590 1819 κομμα
619 1754 721 1816 τῆς
753 1747 899 1809 θείας
932 1747 1126 1817 αὐλῆς,
1155 1747 1245 1802 καί
1275 1748 1400 1812 τοὺς
1447 1748 1636 1811 λίθους
1692 1757 1792 1819 τῆς
1841 1747 2046 1813 εὐθείας

388 1836 485 1890 καὶ
549 1835 844 1912 βασιλικῆς
903 1836 991 1891 καὶ
1051 1835 1223 1910 μόνης
1288 1839 1425 1914 πρὸς
1486 1837 1710 1914 οὐρανὸν
1778 1837 2046 1916 φερούσης

2158 683 2318 738 illius
2347 682 2878 754 apprehendamus,
2912 683 2968 734 et
3018 677 3090 733 ad
3141 675 3512 747 splendorem
3560 673 3804 728 luminis

2157 774 2284 844 ejus
2327 771 2718 827 ambulemus.
2771 791 2798 820 »
2860 767 2986 822 Non
3037 767 3234 836 itaque
3290 764 3604 819 vehemens
3647 761 3804 818 unde

2159 878 2367 916 cursus
2400 876 2654 932 preceps
2687 859 2895 922 fluens,
2929 861 3241 928 postquam
3272 851 3616 924 aliquandiu
3661 850 3797 922 qui-

2159 951 2408 1005 husdam
2442 948 2732 1003 machinis
2765 947 2938 1002 fuerit
2979 944 3286 1010 inhibitus,
3333 941 3502 997 citius
3555 941 3802 995 ferretur

2158 1039 2320 1094 obice
2369 1043 2588 1094 remoto
2636 1042 2694 1092 et
2755 1035 2974 1103 avulso,
3043 1049 3176 1088 cum
3236 1048 3356 1099 rex,
3416 1028 3517 1101 qui
3565 1033 3800 1100 accepta

2160 1127 2358 1182 statim
2390 1126 2693 1182 occasione
2722 1125 2842 1179 haec
2881 1123 3144 1195 urgebat,
3192 1121 3422 1176 dicebat
3467 1123 3524 1174 et
3569 1117 3798 1189 agebat.

2159 1220 2300 1272 Cum
2326 1216 2483 1271 enim
2516 1216 2688 1270 sciret
2717 1213 2861 1268 illud
2894 1212 3155 1267 ordinem
3189 1209 3480 1282 optimum
3511 1224 3577 1262 ac
3606 1205 3798 1261 utilis-

2161 1306 2379 1362 simum
2414 1321 2562 1371 esse,
2597 1307 2661 1358 ut
2687 1303 2786 1374 qui
2819 1303 3008 1357 dicere
3029 1304 3086 1356 et
3118 1315 3286 1372 agere
3306 1297 3597 1369 incipiunt
3625 1313 3657 1351 a
3681 1295 3796 1350 Deo

2159 1394 2444 1466 incipiant
2492 1398 2550 1448 et
2581 1391 2871 1460 desinant,
2905 1391 3029 1462 ipse
3071 1388 3177 1461 piae
3235 1385 3597 1442 auctoritatis
3629 1383 3793 1456 pium

2159 1488 2394 1538 struens
2426 1482 2894 1546 fundamentum,
2928 1479 3118 1534 aufert
3157 1493 3329 1531 omne
3375 1471 3794 1531 offendiculum

2157 1576 2215 1627 et
2243 1571 2587 1628 scandalum
2618 1571 2691 1624 ab
2721 1569 2856 1624 aula
2885 1567 3102 1634 divina,
3132 1571 3189 1622 et
3234 1569 3427 1636 petras
3477 1580 3511 1618 a
3551 1567 3709 1618 recta
3737 1565 3796 1616 et

2159 1661 2319 1734 regia
2360 1667 2418 1716 et
2465 1659 2592 1715 sola
2638 1676 2764 1732 quaa
2808 1657 2969 1713 ducit
3016 1657 3087 1712 ad
3133 1653 3343 1710 caelum
3391 1652 3484 1707 via
3529 1650 3698 1722 ejecit
3736 1653 3794 1706 et

2157 1750 2450 1805 sincerum
2483 1755 2659 1820 atque
2692 1764 2904 1820 purum
2935 1745 3160 1800 cultum
3193 1749 3306 1798 Deo
3337 1739 3624 1811 adhibuit,
3657 1756 3791 1795 cum

2159 1837 2558 1894 adulterantes
2589 1853 2722 1891 eum
2753 1841 2810 1891 et
2839 1836 3280 1905 corrumpentes
3312 1829 3609 1886 amoverit.

388 1923 529 1980 ὁδοῦ
588 1923 914 2002 διαρῥίπτει,
974 1925 1256 1990 ἀνόθευτον
1319 1925 1376 1982 δὲ
1422 1927 1510 1982 καὶ
1567 1929 1796 2004 καθαρὸν
1854 1929 1916 1982 τὸ
1966 1922 2124 1989 σέϐας
2188 1925 2467 1996 ἀνατίθησι
2521 1929 2600 1997 τῷ
2657 1928 2790 1996 Θεῷ,
2822 1921 2947 1984 τοὺς
3001 1918 3511 1997 παραχαράττοντας
3563 1915 3653 1970 καὶ
3708 1913 3798 1970 κί-

389 2009 606 2085 ϐδηλον
642 2014 771 2069 αὐτὸ
799 2021 1086 2078 ποιοῦντας
1118 2016 1323 2092 μακρὰν
1351 2019 1719 2090 ποιησάμενος

463 2104 569 2158 Καί
600 2125 663 2177 γε
692 2105 828 2177 πρὸς
882 2105 1044 2159 τοῦτό
1099 2127 1194 2160 σου
1222 2106 1284 2160 τὸ
1316 2105 1494 2182 ἔργον,
1527 2105 1571 2160 ὦ
1609 2105 1851 2182 βασιλεῦ,
1891 2103 2040 2160 οὐδὲν

2224 2107 2295 2162 Ει
2323 2123 2454 2162 vero
2484 2122 2598 2178 prae
2629 2104 2740 2160 isto
2771 2109 2870 2159 tuo
2901 2102 3179 2165 facinore,
3230 2116 3262 2154 ο
3311 2116 3432 2166 rex,
3464 2096 3610 2154 nihil
3655 2098 3795 2152 sunt

391 2187 879 2269 βαρϐαροκτονίαι,
924 2194 1011 2248 καὶ
1069 2191 1495 2271 ἀνδραποδισμοὶ
1542 2195 1631 2251 καὶ
1687 2191 2044 2257 έκδουλώσεις

391 2282 583 2353 ἐθνῶν,
642 2282 733 2336 καὶ
811 2289 957 2336 νῖκαι
1036 2283 1170 2338 κατά
1244 2285 1422 2354 πάσης
1495 2283 2044 2361 ἀντιστρατευομένης

390 2369 702 2441 δυνάμεως,
768 2367 920 2425 οὐδέν
989 2369 1342 2448 έκπορθήσεις
1397 2372 1612 2428 πόλεων
1667 2374 1755 2428 καὶ
1813 2373 2044 2435 ἁλώσεις

385 2459 479 2514 καὶ
537 2459 898 2537 κατασκαφαὶ,
957 2458 1072 2515 οὐδ’
1127 2458 1192 2515 αὖ
1249 2459 1546 2537 ἀνεγέρσεις
1602 2462 1691 2516 καὶ
1761 2463 2042 2537 τειχισμοὶ

385 2548 480 2602 καὶ
516 2548 881 2620 ωνοικισμοὶ,
914 2549 1002 2603 καὶ
1035 2548 1064 2603 ὅ
1091 2571 1143 2604 τι
1174 2549 1232 2604 ἃν
1266 2547 1408 2605 εἷ’ποι
1455 2573 1539 2613 τις
1594 2557 1701 2606 τῶν
1764 2550 2036 2626 μεγάλων·

385 2639 608 2692 πάντων
642 2638 747 2712 γὰρ
779 2637 1085 2714 ὑπέρκειται
1127 2643 1231 2693 τῶν
1289 2639 1574 2697 τοιούτων.
1605 2645 1774 2694 Τοῦτο
1835 2637 1898 2710 δή
1956 2661 2039 2694 σοι

385 2727 482 2780 καὶ
538 2724 935 2800 οὐρανομήκης
984 2726 1184 2800 στήλη,
1215 2728 1379 2782 τοῦτό
1420 2749 1478 2783 σε
1532 2729 1621 2783 καὶ
1657 2727 2038 2802 βασιλεύτατον

388 2812 685 2885 δείκνυσιν,
721 2814 802 2868 ὅτι
833 2814 922 2869 καὶ
955 2814 1134 2870 ὁπόσπ
1165 2813 1230 2884 δή
1269 2814 1534 2891 βασιλέων
1591 2813 1722 2892 ἔργα
1773 2815 2040 2891 βασιλικῷ

382 2909 467 2976 τῷ
525 2905 695 2979 πήχει
739 2909 901 2958 τοῦτο
944 2909 1096 2978 μικᾷ.
1150 2907 1354 2960 Ἐκεῖνο
1414 2902 1478 2974 δὴ
1535 2905 1696 2979 μόνον
1754 2926 2036 2980 συμπαρα-

392 2999 667 3068 μετρεῖται
743 2991 942 3064 τούτῷ,
1003 2991 1188 3062 ἐπειδή
1247 2995 1337 3048 καὶ
1406 2995 1543 3068 πρὸς
1601 2994 1771 3050 έκεῖνο
1832 2993 2035 3068 βλέπον

393 3087 553 3136 τοῦτο
631 3083 1008 3156 κατώρθωται,
1079 3083 1168 3137 καὶ
1245 3078 1481 3158 ἀκριϐῶς
1560 3083 1823 3156 έξίσωται,
1881 3083 1912 3138 ὅ
1977 3105 2038 3160 γε

399 3176 798 3232 Κωνσταντῖνος
847 3171 876 3224 6
907 3170 1111 3246 Μέγας,
1143 3171 1170 3226 ὁ
1199 3175 1306 3226 τῶν
1367 3168 1670 3248 ὀρθοδόξων
1730 3175 1880 3246 ὑμῶν
1941 3175 2036 3249 βα-

400 3257 590 3313 σιλέων
665 3260 870 3328 πατὴρ,
930 3257 1399 3336 διαπεπραγμένος
1473 3259 1662 3340 ἐφάνη,
1720 3262 1818 3330 τήν
1884 3263 2034 3336 βασι-

953 3351 980 3362 ο

397 3344 543 3402 λείαν
597 3346 861 3420 ἀναμίξας
915 3351 984 3422 τῇ
1039 3345 1297 3422 εὐσεϐείᾳ,
1356 3348 1591 3422 μάλιστα
1637 3348 1695 3406 δὲ
1751 3350 2036 3424 ὑποτάξας,

390 3437 481 3491 καί
515 3436 684 3511 μέγας
719 3435 818 3490 οὐκ
848 3435 907 3491 ἐκ
932 3443 1034 3506 τῆς
1082 3438 1360 3516 πορφύρας
1409 3438 1498 3492 καὶ
1543 3443 1640 3494 τοῦ
1698 3437 2035 3514 διαδήματος

385 3524 609 3579 καὶτοῦ
660 3531 760 3593 τῆς
821 3524 1144 3599 οἰκουμένης
1200 3524 1429 3601 κράτους
1483 3524 1842 3603 ἀναδειχθεὶς,
1869 3527 1928 3583 έκ
1982 3527 2040 3584 δὲ

385 3618 487 3667 τοῦ
542 3613 643 3681 τήν
704 3612 962 3682 ἀλήθειαν
1023 3611 1426 3694 κατειληφέναι,
1483 3617 1572 3670 καὶ
1621 3617 1755 3692 πρὸς
1813 3619 2041 3690 Χριστὸν

389 3704 737 3775 μετακλῖναι,
790 3702 880 3756 καὶ
957 3703 1054 3771 τήν
1128 3711 1228 3772 τῆς
1284 3702 1510 3778 Τριάδος
1566 3704 1690 3778 μίαν
1747 3705 2038 3780 ἐπιγνῶναι

379 3790 632 3859 θεότητα·
673 3790 736 3844 οὐ
783 3791 875 3844 καὶ
927 3790 1009 3862 σὺ,
1048 3790 1292 3867 βασιλεῦ,
1327 3793 1442 3854 υἱὸς
1487 3793 1576 3847 καὶ
1610 3790 1870 3868 διάδοχος
1901 3792 2040 3866 ἀλη-

377 3880 504 3948 θής,
562 3880 680 3933 κατ’
741 3877 898 3954 ἴχνος
955 3887 1056 3949 τῆς
1115 3880 1279 3936 αὐτοῦ
1335 3876 1587 3958 βεϐηκὼς
1651 3881 2038 3958 προαιρέσεως,

375 3967 442 4022 τὸ
507 3967 642 4039 μετά
711 3973 944 4042 Χριστοῦ
1018 3971 1136 4041 ζῇν,
1197 3969 1270 4032 ὡς
1332 3967 1558 4042 ἐκεῖνος,
1611 3971 1684 4032 ὡς
1745 3969 2036 4049 κεφάλαιον

380 4061 492 4110 τῶν
527 4054 744 4130 ἀγαθῶν
779 4054 1063 4130 ἀγαπήσας
1112 4056 1202 4110 καὶ
1259 4059 1472 4112 πάντων
1531 4061 1876 4134 προτιμήσας
1931 4065 2037 4115 τῶν

382 4143 594 4200 ἄλλων.
629 4143 706 4198 Τά
765 4143 970 4199 ἐκείνου
1030 4141 1096 4214 δὴ
1161 4143 1299 4218 μόνα
1354 4147 1441 4200 καὶ
1489 4146 1556 4201 τὰ
1604 4146 1670 4201 σὰ
1725 4149 2038 4225 συνέρχεται

380 4232 472 4287 καὶ
551 4227 856 4307 συμϐαίνει,
917 4233 1004 4288 καὶ
1065 4234 1142 4296 εἷς
1196 4234 1251 4289 ἓν
1311 4231 1550 4312 ἀκριϐῶς
1623 4234 2035 4312 συναρμόζεται,

383 4321 462 4383 ὡς
519 4321 635 4376 νέον
698 4321 1039 4396 ἐκεῖνον
1089 4325 1164 4396 μὴ
1219 4327 1442 4399 χρῆναι,
1489 4326 1605 4379 κατ’
1654 4325 1790 4400 ἐμὴν
1838 4329 2034 4404 κρίσιν,

378 4406 568 4485 ἕτερον
637 4411 673 4478 ἢ
732 4411 823 4464 τὸν
882 4408 1092 4466 ἐκείνου
1148 4411 1434 4490 σύμφρονα
1485 4414 1542 4468 σὲ
1583 4415 1673 4470 καὶ
1729 4415 2040 4490 ὁμότροπον

382 4497 693 4571 ὀνομάζειν.

457 4589 557 4642 Καὶ
625 4590 734 4661 μὴν
786 4589 929 4644 οὕτω
993 4588 1264 4666 λαμπρῶς
1324 4589 1564 4667 ἐχούσης
1621 4596 1720 4662 τῆς
1769 4590 2036 4659 εὐσεϐείας

377 4681 462 4749 τῷ
520 4676 758 4752 βασιλεῖ,
820 4674 900 4733 ἔτι
951 4678 1164 4734 κάκεῖνό
1223 4700 1328 4734 που
1384 4681 1678 4754 θαυμάσιον
1765 4681 2034 4756 ἐννοῆσαι,

382 4766 468 4821 ὅτι
519 4767 611 4820 καὶ
660 4766 781 4821 ὅσαι
829 4771 936 4823 τῶν
985 4769 1187 4843 ἀρετῶν
1233 4767 1630 4834 ἀκολουθοῦσαι
1684 4772 1852 4846 ταύτῃ
1903 4795 2034 4849 τυγ-

2157 2197 2544 2252 Barbarorum
2579 2195 2784 2258 caedes,
2816 2192 3122 2248 servitutes
3161 2194 3219 2246 et
3275 2186 3596 2244 famulatus
3649 2201 3796 2258 gen-

2154 2285 2325 2353 tium,
2375 2289 2432 2340 et
2477 2283 2732 2339 victoriae
2789 2283 3068 2337 adversus
3136 2278 3404 2351 singulas
3478 2278 3794 2348 potestates

2153 2371 2734 2447 oppugnantes.nihil
2764 2371 2998 2426 urbium
3023 2368 3376 2441 direptiones
3397 2370 3454 2422 et
3482 2363 3706 2422 excidia
3729 2379 3796 2418 ac

2151 2463 2498 2530 eversiones,
2532 2467 2633 2517 aut
2661 2461 2873 2516 iterum
2913 2458 3336 2514 exstructiones
3384 2460 3442 2511 et
3487 2468 3792 2510 murorum

2151 2557 2208 2606 et
2228 2552 2534 2607 domorum
2566 2549 3053 2618 constructiones,
3086 2552 3144 2602 et
3175 2544 3464 2618 quidquid
3496 2560 3565 2599 ex
3611 2542 3787 2598 rebus

2149 2640 2266 2695 tuis
2298 2638 2590 2711 praeclaris
2619 2638 2833 2710 aliquis
2865 2637 3074 2693 dixerit
3103 2653 3116 2691 :
3152 2634 3348 2691 omnia
3387 2633 3544 2689 enim
3574 2631 3788 2703 hujus-

2151 2729 2306 2784 modi
2337 2732 2666 2800 exsuperat.
2702 2732 2820 2784 Hoc
2853 2744 2993 2782 sane
3021 2725 3125 2780 tibi
3159 2723 3432 2780 columna
3463 2722 3532 2777 ad
3574 2718 3784 2776 cmlum

2148 2823 2360 2886 erecta,
2412 2818 2520 2873 hoc
2567 2821 2624 2873 et
2673 2821 2728 2872 te
2782 2831 2975 2889 regem
3028 2812 3402 2888 potissimum
3451 2808 3685 2866 exhibet
3731 2812 3788 2863 et

2148 2905 2306 2961 omni
2361 2923 2564 2979 regum
2611 2905 2866 2960 facinora
2919 2903 3028 2958 hoc
3087 2901 3400 2957 antecellit.
3450 2898 3552 2952 (iui
3591 2896 3782 2952 solum

2147 2994 2291 3051 illud
2333 2997 2630 3050 confertur
2675 2995 2991 3066 (siquidem
3040 2991 3149 3047 hoc
3191 2991 3264 3046 ad
3312 2988 3458 3044 illud
3515 2990 3786 3058 spectans

2147 3083 2390 3140 feliciter
2465 3084 2812 3144 successerit
2879 3088 2936 3137 et
3010 3084 3276 3136 accurate
3366 3077 3784 3149 aaquiparatum

2147 3172 2340 3243 fuerit)
2355 3174 2510 3244 quod
2522 3172 2936 3228 Constantinus
2956 3171 3560 3242 Magnus,nostrorum
3579 3179 3780 3237 regum

2147 3261 2600 3317 orthodoxorum
2644 3265 2826 3332 pater,
2894 3263 3202 3315 exsecutus
3248 3255 3489 3321 exstitit,
3539 3268 3785 3326 regnum

2148 3351 2364 3423 pietate
2394 3349 2824 3421 conjungeudo,
2856 3348 2974 3404 imo
3004 3345 3367 3418 subjiciendo
3403 3362 3417 3412 ;
3451 3347 3508 3400 et
3537 3358 3787 3416 magnus

2150 3457 2264 3494 non
2299 3445 2536 3512 propter
2580 3455 2927 3510 purpuram,
2979 3441 3081 3492 aut
3128 3435 3418 3499 diadema,
3467 3436 3570 3488 aut
3628 3431 3788 3487 orbis

2151 3528 2465 3600 imperium
2495 3527 2760 3596 evaserit,
2820 3526 2921 3581 sed
2981 3529 3216 3597 propter
3270 3522 3424 3594 quod
3481 3521 3787 3577 veritatem

2151 3616 2455 3689 amplexus
2485 3617 2579 3682 sit,
2629 3621 2686 3671 et
2733 3616 2804 3670 ad
2852 3614 3149 3670 Christum
3203 3609 3588 3678 inclinaverit,
3619 3613 3792 3681 atque

2151 3705 2454 3761 Trinitatis
2510 3723 2688 3760 unam
2740 3702 3040 3776 agnoverit
3091 3701 3452 3757 divinitatem
3487 3718 3501 3768 ;
3534 3701 3704 3769 cujus
3733 3701 3792 3754 et

2149 3801 2236 3861 tu,
2269 3812 2386 3859 rex,
2423 3794 2579 3849 filius
2637 3798 2694 3848 et
2749 3793 2934 3848 haeres
2989 3790 3270 3859 veritatis,
3329 3789 3457 3861 ejus
3510 3786 3790 3860 propositi

2149 3883 2410 3956 vestigiis
2453 3882 2752 3947 insistens,
2822 3897 2956 3936 eum
3007 3879 3234 3935 Christo
3303 3881 3511 3945 vivere,
3561 3880 3626 3932 ut
3670 3875 3787 3946 ille,

2152 3975 2320 4043 quasi
2353 3977 2525 4044 caput
2543 3971 2832 4026 bonorum
2864 3968 3537 4038 satiusduxisses,rebus
3566 3965 3789 4021 caeteris

2150 4059 2555 4132 anteposuisti.
2591 4059 2724 4114 Sola
2753 4057 2912 4114 illius
2943 4057 3201 4113 facinora
3260 4060 3433 4127 atque
3489 4058 3590 4110 tua
3637 4054 3792 4110 inter

2151 4166 2212 4207 se
2243 4149 2598 4205 conveniunt
2627 4152 2803 4220 atque
2831 4151 3205 4215 concurrunt,
3237 4150 3294 4200 et
3324 4143 3381 4198 in
3443 4159 3627 4200 unum
3658 4145 3791 4214 apte

2151 4238 2530 4309 concinnunt,
2609 4237 2690 4292 ita
2767 4241 2834 4292 ut
2880 4253 3093 4292 novum
3167 4233 3614 4290 Constantinum
3671 4248 3788 4286 non

2150 4331 2412 4400 oporteat
2462 4343 2825 4399 nuncupare,
2857 4330 2922 4380 ut
2951 4325 3176 4397 opinor,
3229 4321 3410 4377 alium
3460 4338 3495 4376 a
3532 4326 3588 4376 te
3617 4321 3788 4392 cujus

2149 4433 2316 4473 mens
2347 4421 2405 4472 et
2431 4417 2659 4472 indotes
2688 4431 2990 4487 compares
3020 4413 3328 4469 exsistunt.

2219 4595 2291 4650 Et
2319 4595 2619 4666 equidem,
2651 4594 2790 4648 dum
2826 4593 2905 4647 ita
2952 4591 3188 4662 effulget
3236 4589 3296 4644 in
3346 4605 3474 4644 meo
3501 4603 3635 4660 rege
3666 4587 3787 4660 pie-

2148 4687 2261 4752 tas,
2322 4683 2465 4738 illud
2517 4682 2788 4738 mirabile
2833 4681 3009 4737 etiam
3062 4677 3647 4735 animadvertendum
3697 4681 3790 4732 est

2148 4773 2301 4844 quod
2345 4773 2646 4844 contingat
2701 4788 2907 4827 omnes
2955 4770 3198 4824 virtutes
3248 4767 3355 4837 illi,
3387 4766 3676 4834 comitari,
3735 4769 3791 4821 et

380 4855 642 4931 χάνουσι,
682 4860 854 4924 ζῶσαν
914 4855 1108 4911 ὡσανεὶ
1145 4855 1236 4910 καὶ
1291 4855 1503 4934 ἐνεργὸν
1564 4867 1901 4933 καθιστᾶσαι,
1953 4864 2040 4916 καὶ

2154 4877 2276 4916 eam
2301 4862 2472 4932 quasi
2501 4859 2751 4915 vividam
2784 4865 2960 4931 atque
2991 4858 3288 4914 efﬁcacem
3335 4856 3598 4923 reddere,
3628 4861 3686 4910 et
3715 4853 3781 4910 il-

377 4941 578 5005 ταύτας
630 4944 660 4998 6
725 4942 856 5016 ἐμὸς
917 4941 1171 5020 βασιλεὺς
1238 4947 1722 5020 προσκτησάμενος
1775 4949 2036 5026 φαίνεται.

378 5031 488 5087 Καί
524 5053 619 5104 μοι
655 5031 719 5086 σὺ
760 5032 1090 5106 συμπαθείας
1131 5032 1221 5086 καὶ
1271 5033 1678 5112 φιλανθρωπίας
1718 5036 1806 5090 καὶ
1857 5035 2042 5093 οἴκτου

384 5123 567 5210 ζητῶν
606 5120 936 5210 ἀποδείξεις,
971 5122 1046 5194 μὴ
1078 5120 1274 5210 ταύτας
1301 5118 1414 5210 ’,διά
1452 5121 1622 5198 λόγου
1675 5119 1858 5180 λαϐεῖν
1918 5127 2040 5181 ἀνα-

383 5206 602 5283 μείνῃς.
655 5207 849 5279 Βάδιζε
896 5207 955 5264 δὲ
1001 5207 1140 5287 πρὸς
1191 5209 1256 5266 τὰ
1296 5196 1663 5295 δῖεσμωτήρια,
1713 5214 1868 5269 κάκεῖ
1919 5221 2037 5277 τοῖς

383 5297 700 5376 ὀφθαλμοῖς
748 5299 812 5353 τὸ
873 5297 1203 5372 ζητούμενον
1243 5299 1632 5373 καταμάνθανε·
1667 5299 1747 5358 ἴδε
1787 5300 2039 5377 δεσμίους

459 5476 571 5549 (22)
631 5475 936 5549 Glossator
993 5477 1352 5534 orthodoxus
1403 5478 1462 5533 in
1519 5480 1721 5536 eodem
1790 5481 2031 5538 codice:

630 5568 725 5640 ,ξομ
755 5547 950 5640 Πάτερ,
1009 5549 1170 5640 κατά,
1209 5555 1328 5640 τῇς,
1374 5550 1656 5640 Ῥωμαίων
1712 5550 2035 5640 Ἐκκλησίας

371 5619 464 5695 xui
497 5589 806 5695 dfl61iatu;
846 5589 1365 5695 έίλρηκᾶἷ·.έύσξϐξίᾳ

377 5690 505 5767 Θεὸν
553 5689 968 5758 πολιτεύονται,
993 5691 1057 5746 τὸ
1113 5692 1238 5766 περὶ
1297 5689 1609 5767 θεολογίας
1646 5690 1812 5766 μηδὲν
1856 5691 2033 5765 λυμη-

376 5761 619 5834 νάμενοι.

2149 4948 2224 5004 lis
2254 4965 2422 5004 meus
2453 4965 2552 5003 rex
2581 4953 2824 5002 ornatus
2872 4963 2999 5002 esse
3043 4945 3325 5001 videatur.
3386 4945 3454 5000 Et
3502 4949 3566 4999 tu
3621 4942 3788 5000 honi-

2149 5037 2311 5103 tatis,
2343 5036 2727 5092 humanitatis
2758 5041 2813 5091 et
2838 5032 3250 5091 misericordia:
3309 5050 3574 5106 quaerens
3605 5031 3790 5105 speci-

2149 5126 2331 5192 mina,
2363 5143 2435 5181 ne
2491 5125 2622 5180 illas
2679 5141 2946 5181 sermone
3007 5123 3477 5196 conprehendere
3531 5137 3790 5195 perseve-

2149 5232 2260 5271 res.
2295 5216 2405 5272 Sed
2437 5215 2582 5270 vade
2617 5215 2691 5270 ad
2722 5230 3002 5279 carceres,
3059 5218 3117 5269 et
3163 5212 3243 5268 ibi
3298 5229 3364 5268 ex
3397 5211 3581 5268 oculis
3631 5211 3786 5284 quod

2147 5305 2359 5376 quaeris
2391 5303 2582 5360 edisce
2615 5321 2628 5359 :
2659 5303 2790 5358 vide
2847 5303 3070 5359 vinctos
3117 5319 3152 5358 a
3201 5299 3454 5358 vinculis
3483 5300 3784 5368 liberatos,

2216 5483 2328 5552 (23)
2372 5481 2595 5554 Tangit
2640 5480 2982 5554 Michaelem
3041 5481 3428 5552 Palzeologum
3478 5480 3578 5552 qui
3629 5485 3779 5534 Κων-

2143 5551 2414 5625 σταντῖνος
2463 5551 2666 5613 δ’Νέος
2723 5553 2910 5608 fuerat
2958 5551 3434 5625 cognominatus,
3489 5551 3784 5625 quemque

2143 5623 2242 5678 illo
2272 5625 2618 5696 cognomine
2649 5625 2774 5696 ipse
2805 5623 3135 5696 appellavit.
3178 5624 3388 5679 Glossa
3417 5624 3476 5679 in
3507 5623 3610 5680 cod
3643 5623 3784 5678 4340

2143 5696 2276 5770 Ὀρα
2307 5692 2596 5753 κολακείας
2633 5696 2644 5750 ί
2673 5692 2764 5749 τὸν
2801 5692 2928 5750 Νέον
2959 5699 3359 5748 Κωνσταντῖνον
3392 5697 3402 5752 !
