4110 6464
468 367 585 429 411

1467 371 1784 436 GEORGII
1827 366 2091 432 CYPRII
2135 365 2254 428 GP.
2304 367 2826 432 PATRIARCHE

3755 374 3868 435 M2

463 503 596 559 vide
624 500 685 559 in
716 503 848 560 feno
877 509 934 561 et
960 521 1020 561 in
1059 506 1431 564 mendicitate
1480 509 1854 577 iacentesﬂet
1898 503 2103 561 vulne-

2218 499 2307 553 καὶ
2365 497 2576 574 δεσμῶν
2636 502 2966 576 ἀνειμένους,
3027 499 3108 559 ἴδε
3163 501 3288 566 τοὺς
3363 503 3415 559 ἐν
3496 499 3716 581 σιδήρῳ
3780 504 3868 560 καὶ

465 596 645 657 ratos,
683 593 959 651 dimissos
997 611 1126 652 esse
1173 599 1230 652 in
1281 597 1606 654 libertatem
1654 602 1711 652 et
1755 595 2107 653 consolatos.

465 681 630 736 Tunc
659 689 935 755 praeterea
963 686 1190 743 exsules
1239 692 1556 758 revocatos,
1589 693 1646 742 et
1691 686 1821 742 illos
1861 686 2105 741 redeun-

460 775 548 826 tes
579 772 679 843 qui
713 788 828 842 pra:
859 775 1068 829 timore
1098 774 1158 830 in
1217 777 1448 831 deserta
1494 776 1647 830 invia
1694 774 1924 847 depulsi
1982 775 2103 828 fue-

458 864 617 914 rant.
651 861 759 916 Fec
783 861 908 930 jam
940 863 1314 935 angustiores
1345 867 1422 936 (a)
1454 871 1594 920 sunt
1643 865 1918 921 custodite
1956 863 2108 919 aedes

459 963 566 1003 nec
598 949 940 1006 cohabitant
971 969 1105 1008 cum
1137 954 1274 1008 feris
1303 954 1403 1026 qui
1430 955 1676 1025 patriam
1712 954 1965 1026 fugiunt,
2001 968 2105 1005 nec

461 1054 651 1110 parva
680 1039 838 1111 ΙΕεοί
871 1040 1075 1096 insula:
1103 1059 1250 1114 quas
1282 1043 1480 1099 nullus
1527 1044 1702 1099 homo
1751 1048 1985 1114 propter
2015 1042 2105 1095 in'

460 1129 934 1185 commoditatem
993 1131 1255 1203 incoluit,
1315 1134 1388 1188 ab
1465 1133 1806 1188 hominibus
1882 1131 2103 1202 qualis-

461 1233 713 1288 cumque
743 1218 1142 1276 damnationis
1170 1237 1348 1276 causa
1391 1223 1664 1278 demissis
1723 1229 2098 1294 occupantur.

459 1305 667 1378 Aspice
699 1323 927 1362 mecum
953 1313 1011 1363 et
1043 1309 1385 1366 facultatum
1406 1311 1810 1383 largitioneset
1835 1310 2100 1366 liberales

461 1395 917 1452 condonationes
952 1414 965 1463 ;
1000 1414 1113 1452 non
1145 1400 1415 1470 equidem
1449 1399 1824 1455 adulantibus
1856 1405 1957 1454 aut
1987 1400 2100 1454 alio

461 1484 635 1538 modo
666 1484 956 1556 corruptis
987 1485 1324 1542 hominibus
1348 1487 1550 1557 factas,
1567 1489 1667 1544 sed
1699 1489 2099 1560 indigentibus

459 1575 518 1626 et
546 1572 741 1643 dignis
772 1574 872 1643 qui
904 1589 1003 1629 eas
1035 1576 1342 1646 accipiant.
1374 1577 1581 1648 Aspice
1622 1594 1874 1642 mecum,
1925 1578 1972 1632 si
1998 1578 2096 1648 ju-

460 1658 683 1714 stitiam
715 1659 875 1717 illius
903 1663 1259 1735 exploratam
1309 1665 1519 1721 habere
1568 1665 1731 1735 velis,
1766 1665 2100 1737 publicano-

459 1765 596 1803 rum
657 1749 1180 1820 inbumanitatem,
1240 1759 1296 1809 et
1342 1761 1676 1811 exactorum
1721 1756 2095 1827 asperitatem

2218 590 2466 666 πτωχείᾳ
2537 593 2865 664 καθθμένους
2925 593 3015 648 καὶ
3079 594 3534 668 τεθραυσμένους,
3604 592 3867 649 ἀπεσταλ-

2221 679 2413 751 μένους
2467 679 2517 734 ἐν
2579 681 2757 759 ἀφέσει
2817 682 2906 736 καὶ
2964 681 3508 758 παρακεκλημένους.
3543 685 3684 757 ’Ὀρα
3739 683 3868 756 πρὸς

2214 769 2428 829 τούτοις
2483 769 2570 824 καὶ
2620 769 2943 841 ἀνακλήσεις
2989 776 3096 826 τῶν
3156 770 3206 825 ἐν
3267 771 3553 847 ὑπερορίᾳ,
3609 776 3701 825 καί
3747 774 3868 826 καθ-

2218 854 2376 920 όδους
2405 865 2512 914 τῶν
2544 860 2681 934 πρὸς
2715 859 2956 934 ἐρήμους
2988 857 3076 915 διὰ
3129 856 3293 938 φόϐον
3347 859 3698 930 ἐξωσθέντων
3745 856 3868 914 ἀϐά-

2213 967 2360 1008 τους.
2394 948 2504 1002 Ούκ
2561 948 2636 1003 ἔτι
2695 954 3159 1024 στενοχωροῦνται
3219 946 3470 1027 φυλακῆς
3530 948 3702 1017 οἶκοι,
3747 947 3868 1005 οὐδὲ

2216 1033 2620 1092 συνδιαιτῶνταί
2649 1060 2784 1098 τινες
2824 1039 3036 1113 θηρίοις
3087 1038 3372 1116 φεύγοντες
3429 1038 3531 1100 τὰς
3582 1036 3864 1112 πατρίδας,

2215 1122 2360 1189 οὐδὲ,
2409 1125 2442 1179 ’ά
2503 1125 2692 1198 μηδεὶς
2749 1125 2932 1199 ᾤκησε
2990 1127 3057 1182 δι’
3088 1128 3410 1203 ἀχρηστίαν,
3471 1131 3579 1181 τοῦ
3642 1128 3865 1202 Αἰγαίου

2211 1211 2426 1283 νησίδια
2487 1221 2595 1278 τοῖς
2678 1216 2738 1270 ἐκ
2797 1216 3160 1292 κατακρίσεως
3216 1215 3554 1286 οῗασδήποτε
3609 1217 3865 1291 πεμφθεῖ-

2210 1323 2289 1356 σιν
2323 1303 2630 1379 άνθρώποις
2661 1302 2995 1375 πολίζονται.
3030 1305 3202 1361 Βλέπε
3232 1303 3296 1375 δή
3355 1327 3450 1378 μοι
3498 1304 3591 1360 καὶ
3641 1304 3862 1381 χρημά-

2207 1413 2314 1446 των
2371 1389 2628 1465 διανομὰς
2683 1394 2772 1448 καὶ
2830 1394 3101 1470 χορηγίας
3145 1394 3409 1472 ἀφθόνους
3453 1393 3519 1448 οὐ
3556 1392 3750 1464 κόλαξι
3777 1395 3862 1449 καὶ

2209 1478 2394 1543 ἄλλως
2428 1479 2840 1559 διεφθαρμένοις
2890 1484 3215 1556 ἀνθρώποις,
3270 1488 3384 1545 τοῖς
3448 1481 3509 1537 δέ
3568 1503 3676 1537 που
3733 1482 3864 1558 χρῄ-

2211 1575 2356 1638 ζουσι
2403 1568 2690 1644 διδομένας
2750 1573 2836 1626 καὶ
2895 1572 3065 1642 ἀξίοις
3118 1567 3324 1626 λαϐεῖν.
3373 1571 3554 1626 Βλέπε
3609 1593 3727 1644 μοι,
3776 1572 3860 1626 ἐάν

2208 1680 2270 1732 γε
2317 1661 2407 1714 καὶ
2467 1658 2812 1732 δικαιοσύνης
2859 1662 3037 1717 πίστιν
3095 1662 3280 1736 ἐθέλῃς
3341 1656 3558 1730 λαϐεῖν,
3613 1659 3858 1715 τελωνῶν

2208 1748 2586 1824 ἀπανθρωπίαν
2664 1752 2754 1805 καὶ
2830 1751 3150 1828 φορολόγων
3218 1752 3650 1827 καταργηθεῖσαν
3721 1748 3862 1820 ὠμό-

461 1837 646 1894 fuisse
686 1839 985 1896 abolitam.
1041 1843 1249 1914 Aspice
1297 1844 1498 1911 etiam,
1528 1844 1576 1900 si
1625 1845 1732 1914 vis,
1767 1845 1984 1916 scripta
2007 1844 2096 1898 in-

2218 1857 2360 1905 εητα.
2415 1839 2588 1893 Βλέπε
2646 1840 2736 1893 καὶ
2795 1841 3106 1917 συγγραφὴν
3163 1836 3371 1905 ἄδικον,
3431 1838 3480 1892 εἰ
3541 1835 3600 1892 δὲ
3654 1835 3858 1913 βούλει,

456 1927 620 1998 justa
663 1932 720 1983 et
742 1928 970 1985 libellos
1019 1932 1333 1988 dilacerata
1366 1950 1378 1988 :
1411 1933 1610 1988 nullus
1639 1949 1706 1988 ex
1739 1933 1829 1988 bis
1860 1933 1960 2004 qui
1992 1933 2102 1988 ini-

462 2032 580 2088 qua
611 2017 878 2073 scribunt
904 2018 1083 2075 libere
1114 2021 1401 2092 loquitur;
1438 2022 1635 2078 nullus
1687 2024 1879 2094 prodit
1920 2022 2100 2094 hypo-

462 2105 628 2172 crita,
659 2110 734 2172 et,
767 2107 816 2162 si
843 2107 1037 2164 forsan
1068 2111 1299 2177 audeat,
1359 2128 1472 2166 non
1532 2112 1842 2167 laetabitur.
1893 2110 2100 2166 Nullus

462 2195 744 2251 exitiosus
774 2195 949 2252 homo
981 2198 1052 2252 ad
1111 2216 1356 2256 munera
1413 2199 1650 2272 publica
1699 2201 1944 2272 abrepit,
1996 2217 2101 2256 nec

462 2283 608 2338 emit
637 2285 855 2340 divitiis
905 2286 1256 2360 sibimetipsi
1295 2290 1398 2360 jus
1443 2290 1776 2360 peculatum
1828 2291 2097 2356 faciendi,

459 2376 546 2438 ut,
591 2376 1088 2444 quemadmodum
1137 2378 1217 2432 ait
1263 2379 1584 2451 Scriptura,
1647 2381 1813 2452 plebe
1851 2380 2101 2452 spoliata

458 2477 528 2516 ex
558 2461 810 2532 publicis
843 2463 1276 2523 calamitatibus
1302 2468 1600 2539 proprium
1633 2468 1860 2524 lucrum
1897 2469 2095 2538 faciat;

459 2551 741 2621 quoniam
769 2551 865 2608 ille
898 2553 1058 2610 solus
1086 2557 1262 2611 audet
1289 2558 1362 2612 ad
1404 2573 1598 2630 regem
1631 2559 2100 2631 appropinquare

459 2643 517 2694 et
546 2638 598 2693 ei
625 2640 978 2710 ministrare,
1008 2643 1129 2715 qui,
1161 2649 1228 2699 ut
1258 2645 1470 2716 psalmi
1510 2647 1702 2702 verbis
1735 2654 1886 2716 utar,
1919 2649 1978 2703 in
2009 2648 2101 2704 via

459 2726 838 2785 immaculata
867 2732 1259 2806 ambulat,qui
1283 2735 1585 2791 veritatem
1619 2736 1678 2790 in
1711 2738 1882 2792 corde
1910 2737 2098 2809 loqui-

457 2820 578 2882 tur,
617 2824 677 2874 et
725 2835 842 2875 non
891 2820 1101 2878 habuit
1153 2822 1353 2880 dolum
1413 2824 1473 2880 in
1528 2825 1732 2898 lingua
1763 2843 1890 2896 sua,
1922 2832 2100 2899 atque

393 2939 396 2944 -
459 2907 792 2978 proximum
823 2926 936 2965 non
965 2911 1259 2982 detraxit;
1295 2913 1394 2985 qui
1443 2918 1637 2970 autem
1696 2916 1755 2970 in
1815 2915 1922 2971 viis
1971 2917 2099 2986 ejus

459 3011 796 3066 perverssus
827 3003 916 3054 est
943 3004 1001 3054 et
1029 2999 1233 3072 iniqua
1263 3001 1440 3057 simul
1475 3003 1593 3076 agit
1613 3008 1788 3075 atque
1818 3003 2096 3076 loquitur,

461 3099 576 3140 non
611 3085 817 3142 direxit
847 3087 906 3142 in
951 3094 1267 3162 conspectu
1317 3090 1620 3146 oculorum
1653 3093 1801 3163 ejus,
1862 3109 1966 3149 nec
1998 3111 2096 3147 un-

461 3189 638 3246 quam
670 3175 900 3248 diriget.
944 3178 1029 3233 Ita
1066 3196 1164 3234 rex
1212 3196 1316 3250 per
1361 3180 1822 3237 miscricordiam
1870 3183 2100 3253 etjudi-

2208 1926 2297 1980 καὶ
2359 1927 2668 2003 ἀναγραφὴν
2718 1925 3148 1983 διασπασθεῖσαν·
3183 1925 3358 1989 οὐδεὶς
3408 1929 3640 2005 γράφων
3693 1927 3860 1998 ἄνομα

2209 2016 2634 2092 παρρησιάζεται
2669 2035 2682 2048 θ
2766 2014 2942 2079 οὐδεὶς
3037 2017 3397 2093 προσέρχεται
3492 2017 3859 2092 συκοφάντης,

2209 2105 2303 2160 κᾶν
2357 2105 2613 2179 τολμήσῃ
2688 2107 2836 2176 ποτὶ,
2909 2105 2970 2159 ού
3028 2108 3301 2181 χαιρήσει.
3370 2102 3566 2167 Οὐδεὶς
3648 2105 3857 2177 λυμεὼν

2211 2193 2492 2268 ἅνθρωπος
2571 2195 2644 2256 εἰς
2729 2193 3065 2271 λειτουργίαν
3145 2192 3409 2266 δημόσιον
3504 2191 3854 2268 παραδύεται,

2211 2282 2324 2339 οὐδ’
2371 2286 2542 2355 ἑαυτῷ
2589 2285 2890 2360 χρημάτων
2944 2283 3243 2359 εἰσπράξεις
3292 2283 3537 2352 ὠνεῖται,
3563 2281 3638 2336 ⁹ίν’
3685 2283 3715 2336 ὅ
3755 2304 3855 2358 φη-

2210 2395 2290 2427 σιν
2331 2377 2365 2442 ἡ
2427 2375 2634 2450 Γραφὴ,
2664 2374 2757 2428 τὸν
2813 2371 2944 2427 λαὸν
3003 2372 3429 2446 καλαμώμενος,
3471 2369 3670 2447 κέρδος
3723 2369 3852 2425 ἴδιον

2208 2471 2431 2532 ποιῆται
2489 2465 2584 2524 τὰς
2641 2464 2823 2526 κοινὰς
2897 2463 3199 2539 συμφορὰς,
3254 2461 3367 2516 ἐπεὶ
3449 2461 3616 2535 μόνος
3679 2460 3857 2534 τολμᾷ

2206 2557 2286 2624 τῷ
2346 2551 2560 2628 βασιλεῖ
2611 2552 2887 2628 προσιέναι
2936 2552 3025 2607 καὶ
3083 2551 3440 2626 λειτουργεῖν,
3492 2550 3672 2622 ὅστις,
3729 2550 3857 2604 κατὰ

2206 2642 2296 2696 τὸν
2357 2641 2596 2716 ψαλμὸν,
2631 2642 2682 2696 έν
2727 2639 2839 2713 ὁδῷ
2894 2642 3114 2714 ἀμώμῳ
3167 2639 3480 2716 πορεύεται,
3515 2640 3667 2702 ὅστις
3725 2637 3853 2708 ἀλή-

2207 2733 2350 2786 θειαν
2409 2731 2460 2787 ἐν
2494 2728 2687 2808 καρδίᾳ
2744 2731 2923 2799 λαλεῖ,
2965 2730 3055 2784 καὶ
3115 2731 3218 2786 οὐκ
3246 2727 3519 2785 ἐδόλωσεν
3551 2729 3603 2784 ἐν
3640 2728 3852 2805 γλώσσῃ

2209 2819 2372 2875 αὐτοῦ
2429 2820 2517 2875 καὶ
2565 2825 2662 2874 τοῦ
2710 2819 2943 2890 πλησίον
2982 2819 3044 2874 οὐ
3073 2816 3436 2888 κατελάλησε·
3473 2821 3503 2874 ὁ
3534 2816 3593 2874 δὲ
3621 2815 3852 2892 διαστρέ-

2209 2932 2321 2988 φων
2373 2909 2424 2964 ἐν
2478 2915 2596 2972 ταῖς
2655 2906 2802 2972 ὁδοῖς
2862 2908 3044 2980 αὐτοῦ,
3094 2907 3182 2963 καὶ
3256 2908 3368 2981 ἅμα
3436 2909 3692 2982 πράττων
3765 2904 3848 2960 καὶ

2208 2999 2573 3077 φθεγγόμενος
2633 2996 2811 3068 ἄδικα,
2870 2996 2992 3052 οὔτε
3055 2997 3367 3061 κατεύθυνεν
3448 2997 3682 3053 ἐνώπιον
3749 2999 3848 3049 τῶν

2211 3087 2508 3167 ὀφθαλμῶν
2555 3087 2739 3160 αὐτοῦ,
2791 3084 2902 3142 οὔτ’
2947 3087 3008 3140 οὐ
3063 3089 3276 3160 μήποτε
3320 3087 3640 3160 κατευθύνῃ,
3673 3085 3847 3144 Οὕτως

2212 3179 2240 3234 ὁ
2277 3177 2528 3254 βασιλεὺς
2561 3175 2630 3232 δι’
2660 3177 2815 3233 ἐλέου
2848 3177 2937 3231 καὶ
2985 3177 3212 3252 κρίσεως
3261 3176 3360 3244 τὴν
3413 3176 3729 3248 ἐτοιμασίαν
3767 3176 3856 3227 τοῦ

462 3243 618 3318 cium
653 3243 953 3336 proprium
986 3243 1267 3323 thronum
1303 3270 1528 3341 paravit
1557 3274 1615 3325 et
1659 3271 1819 3326 dedit
1848 3243 2102 3343 ille-pro-

2218 3267 2415 3322 οἰκείου
2480 3271 2715 3322 ποιεῖθαι
2792 3265 2985 3341 θρόνου
3053 3264 3143 3319 καὶ
3205 3265 3305 3332 τήν
3369 3265 3727 3341 κατόρθωσιν·
3776 3259 3858 3315 διὰ

461 3352 798 3424 speritatem
833 3371 847 3410 :
877 3355 1075 3427 itaque
1104 3361 1161 3412 et
1192 3356 1442 3428 populus
1473 3359 1652 3414 miser
1679 3358 1765 3413 illi
1817 3359 2107 3415 benedioit

462 3445 519 3496 et
545 3442 718 3497 urbes
749 3442 1087 3515 iniquorum
1120 3445 1427 3502 hominum
1458 3447 1773 3504 celebrant.

536 3529 752 3602 Regem
808 3538 1023 3588 autem.
1091 3540 1298 3607 praeter
1343 3535 1487 3592 alias
1519 3537 1702 3605 dotes,
1763 3537 2107 3610 disciplinas

466 3617 644 3674 etiam
677 3620 1023 3694 colere,quis
1047 3622 1303 3695 ignorat?
1331 3625 1639 3697 Sapientiae
1670 3626 1826 3682 enim
1852 3627 2107 3683 fervidus

466 3712 557 3763 est
585 3713 811 3764 amator
839 3715 897 3765 et
927 3717 1232 3784 propterea
1261 3713 1804 3788 pbilosopbus.Non
1837 3717 2108 3788 equidem

470 3811 573 3867 per
599 3812 668 3851 ea
696 3813 823 3868 qua
865 3799 1007 3854 dicit
1047 3801 1126 3870 (et
1174 3805 1426 3874 profecto
1474 3805 1740 3860 mirando
1779 3805 1943 3872 dicit,
1974 3821 2108 3860 cum

472 3883 648 3940 altam
682 3884 743 3940 in
774 3903 893 3942 suae
923 3893 1214 3946 senectutis
1240 3894 1610 3964 prudentiam
1657 3894 1900 3949 volubili
1930 3900 1986 3949 et
2015 3911 2108 3949 ex-

474 3973 670 4044 pedita
698 3973 902 4048 lingua
930 3982 1061 4049 apte
1094 3980 1270 4036 simul
1305 3998 1369 4036 ac
1400 3981 1553 4038 clare
1574 3983 1989 4051 exbibeat),sed
2011 4000 2114 4056 per

474 4061 598 4118 haec
627 4063 845 4134 quibus
869 4071 1041 4122 navat
1064 4084 1298 4140 operam
1323 4087 1450 4126 sese
1468 4071 1880 4143 philosophum
1907 4073 2110 4144 aperit,

475 4151 535 4206 in
569 4152 861 4224 sapientia
902 4155 1167 4225 vivendo,
1216 4158 1312 4214 iraa
1359 4161 1719 4230 imperando,
1762 4161 1822 4215 in
1881 4178 2114 4233 prospe-

477 4241 652 4298 ritate
700 4242 812 4298 sibi
870 4248 1266 4316 temperando,
1327 4248 1385 4303 in
1434 4248 1693 4305 adversis
1751 4251 2114 4316 confidendo,

479 4331 894 4402 magnanimen
928 4333 986 4388 in
1019 4334 1476 4408 calamitatibus,
1494 4353 1556 4393 se
1578 4339 2116 4410 praestando,multo

480 4420 676 4491 potius
709 4422 779 4477 de
825 4423 1041 4479 talibus
1089 4424 1410 4481 virtutibus
1452 4431 1715 4498 oportere
1759 4427 1991 4500 gloriari
2025 4445 2116 4482 ra-

2212 3360 2374 3412 τοῦτο
2403 3357 2492 3410 καὶ
2526 3356 2555 3409 ὁ
2588 3354 2719 3417 λαὸς
2750 3354 2907 3410 αὐτὸν
2940 3355 2968 3409 ὁ
2997 3354 3220 3430 πτωχὸς
3268 3352 3493 3429 εὖλογεῖ
3537 3354 3628 3409 καὶ
3675 3347 3856 3410 πόλεις

2217 3445 2512 3516 ἀνθρώπων
2544 3441 2917 3518 ἀδικουμένων
2949 3443 3208 3500 αἰνοῦσιν.

2287 3537 2407 3589 ’Ότι
2439 3531 2497 3588 δὲ
2525 3533 2778 3607 καὶπρὸς
2806 3538 2926 3593 τοῖς
2975 3529 3170 3592 ἄλλοις
3217 3529 3412 3594 καλοῖς
3463 3533 3554 3587 καὶ
3603 3534 3736 3604 τιμᾷ
3778 3526 3862 3584 λό-

2216 3644 2344 3700 γους
2401 3621 2762 3700 διαφερόντως
2818 3623 2846 3676 ὁ
2901 3619 3180 3696 βασιλεὺς,
3236 3621 3320 3683 τίς
3396 3621 3627 3698 ἀγνοεῖ;
3685 3615 3862 3690 σοφίας

2217 3713 2318 3789 γὰρ
2349 3709 2608 3785 διάπυρος
2642 3709 2870 3787 ἐραστής
2902 3710 3033 3782 ἐστι,
3065 3710 3153 3764 καὶ
3203 3707 3293 3764 διὰ
3335 3715 3504 3766 τοῦτο
3548 3707 3857 3787 φιλόσοφος.

2220 3802 2328 3856 Οὐκ
2397 3799 2448 3871 ἐξ
2516 3801 2590 3854 ὧν
2638 3797 2703 3869 δὴ
2755 3797 2905 3874 λέγει
2950 3799 3146 3872 (καίτοι
3204 3821 3264 3875 γε
3316 3800 3641 3873 θαυμαστῶς
3699 3791 3858 3868 λέγει,

2218 3891 2280 3946 τὸ
2338 3889 2471 3967 βαθὺ
2519 3896 2621 3958 τῆς
2658 3886 2856 3950 πολιᾶς
2888 3887 3051 3943 αὐτοῦ
3246 3887 3432 3960 νόημα
3481 3887 3725 3962 εὐτρόχῳ
3775 3879 3857 3935 καὶ

2223 3976 2600 4053 ἆνεμποδίστῳ
2661 3976 2882 4052 γλώττῃ
2957 3974 3191 4051 διαρκῶς
3257 3977 3370 4048 ἅμα
3448 3977 3540 4031 καὶ
3621 3974 3856 4047 καθαρῶς

2223 4067 2582 4146 ἑρμηνεύων),
2645 4066 2770 4122 ἀλλ’
2821 4069 2902 4127 οἷς
2960 4062 3264 4136 ἐπιτηδεύει
3318 4065 3382 4119 τὸ
3441 4065 3737 4144 φιλόσοφον
3785 4057 3858 4114 ἐν-

2225 4156 2592 4231 δεικνύμενος,
2679 4154 2996 4233 σωφροσύνῃ
3077 4158 3270 4223 συζῶν,
3354 4160 3570 4229 κρατῶν
3672 4151 3854 4221 θυμοῦ,

2229 4249 2527 4323 μετριάζων
2598 4245 2650 4300 ἐν
2715 4244 3054 4319 εὐπραγίαις,
3121 4243 3392 4318 εὐθαρσῶν
3461 4243 3516 4298 ἐν
3561 4247 3677 4303 τοῖς
3721 4239 3855 4294 ἐναν-

2224 4337 2386 4404 τίοις,
2444 4332 2850 4409 μεγαλοψυχῶν
2910 4333 2997 4388 ἐπὶ
3053 4338 3171 4395 τοῖς
3230 4330 3550 4411 δυσφόροις,
3602 4331 3694 4386 κάν
3746 4329 3855 4384 ταῖς

2225 4425 2497 4486 τοιαύταις
2549 4428 2653 4477 τῶν
2727 4423 2930 4497 ἀρετῶν
2989 4421 3132 4476 πολὺ
3186 4419 3398 4495 μᾶλλον
3457 4421 3704 4494 οἰόμενος
3756 4413 3856 4468 δεῖν

476 4513 594 4578 tus,
629 4527 806 4582 quam
839 4512 909 4567 de
939 4512 1099 4585 regia
1128 4519 1414 4586 potestate
1441 4521 1498 4571 et
1526 4516 1684 4570 orbis
1724 4515 1969 4587 imperio
1990 4532 2105 4570 sese

2227 4520 2461 4593 φρονεῖν,
2494 4513 2529 4582 ἢ
2565 4511 2650 4566 ἐπὶ
2676 4516 2744 4586 τῇ
2781 4510 3028 4588 βασιλείᾳ
3057 4511 3145 4566 καὶ
3193 4515 3272 4582 τῷ
3317 4514 3423 4565 τῶν
3484 4508 3629 4566 ὅλων
3685 4501 3853 4580 κράτει

467 4598 712 4669 jactare.
744 4600 1039 4657 Meliorem
1072 4603 1437 4660 reddendum
1469 4621 1597 4661 esse
1654 4604 2105 4676 delinquentem,

2225 4604 2592 4678 σεμνύνεσθαι.

475 4702 590 4742 non
651 4694 846 4744 autem
902 4691 1308 4762 perimendum
1365 4699 1488 4749 erat
1544 4694 1778 4766 quidem
1843 4693 2112 4764 Spartani

475 4776 731 4848 Agesilai
789 4779 1034 4848 dictum,
1121 4787 1291 4838 tuum
1347 4800 1480 4839 vero
1557 4800 1725 4855 opus.
1782 4781 1905 4838 Non
1956 4783 2112 4839 enim

477 4879 640 4921 amas
672 4882 869 4938 poenas
890 4874 947 4923 et
975 4871 1259 4927 damnum
1290 4871 1513 4944 inferri,
1547 4873 1597 4928 si
1629 4873 1760 4944 quis
1803 4871 2115 4943 deliquerit

475 4957 534 5008 et
562 4952 766 5027 lapsus
791 4957 988 5029 fuerit,
1021 4962 1119 5016 sed
1164 4962 1574 5018 benefaciendo
1633 4961 1817 5017 vincis
1866 4960 2115 5032 pravita-

475 5047 690 5109 tem,et
711 5052 962 5103 mentem
982 5050 1282 5105 beneficiis
1314 5053 1619 5118 convertis,
1645 5053 1745 5107 sed
1776 5050 2112 5105 violentiam

475 5149 738 5190 removes
768 5139 826 5191 et
854 5153 966 5192 non
999 5156 1304 5210 poenarum
1336 5141 1544 5196 timore
1577 5139 2113 5196 coerces.Juvenem

473 5240 671 5298 regem
717 5225 1063 5298 sapientem,
1097 5230 1564 5301 magnaminum,
1596 5235 1853 5303 gratum,
1885 5228 2114 5295 mitem,

471 5313 783 5370 docibilem
844 5320 902 5370 et
953 5321 1283 5388 strenuum,
1351 5326 1586 5375 caeteros
1642 5318 1855 5392 eligere
1912 5334 1979 5372 ac
2027 5315 2114 5371 illi

469 5403 609 5460 dare
643 5403 854 5476 poscit,
887 5403 1048 5462 ﬁlius
1093 5405 1388 5463 Aristonis
1435 5407 1618 5477 Plato,
1674 5419 1804 5480 ‘quae
1858 5405 2116 5462 invenire

545 5564 624 5636 (α)
677 5563 842 5640 Vide,
897 5565 974 5640 si
1007 5565 1183 5640 libet,
1228 5567 1538 5640 Synesium
1609 5569 1668 5624 in
1727 5569 1987 5625 oratione
2041 5570 2118 5624 De

469 5636 676 5715 Regna,
709 5637 820 5715 ubi
857 5636 1290 5712 philosophiam
1320 5640 1440 5713 regi
1490 5656 1616 5696 esse
1658 5640 1962 5715 perutilem
1996 5645 2114 5696 sta-

469 5711 632 5771 tuere
659 5713 923 5768 conatur.

2674 4601 2960 4674 Ἀμείνονα
3043 4601 3132 4655 τὸν
3210 4600 3587 4675 ἁμαρτάνοντα
3664 4601 3852 4672 χρῆναι

2223 4698 2417 4760 ποιεῖν,
2475 4689 2602 4746 ἀλλ’
2654 4689 2754 4744 οὐκ
2809 4688 3096 4766 ἀφανίζειν,
3153 4685 3486 4763 Ἀγησιλάου
3549 4687 3642 4760 μὲν
3698 4681 3851 4754 λόγος

2220 4786 2318 4837 τοῦ
2398 4777 2760 4856 Σπαρτιάτου,
2811 4782 2906 4832 σοῦ
2981 4775 3057 4848 δὲ,
3112 4775 3354 4851 βασιλεῦ,
3412 4772 3588 4854 ἔργον·
3650 4771 3708 4826 οὐ
3755 4769 3846 4856 γὰρ

2223 4869 2402 4948 φιλεῖς
2445 4853 2668 4943 γένπως
2709 4867 2998 4940 ἀμύνεσθαι
3045 4866 3135 4921 καὶ
3185 4853 3468 4940 βλάπτειν,
3509 4861 3570 4918 ἄν
3616 4881 3697 4922 τις
3738 4853 3851 4926 ἠδί-

2222 4980 2383 5030 κηκεν
2434 4958 2469 5026 ἢ
2519 4956 2962 5033 προσκέκρουκεν,
3003 4953 3128 5011 ἀλλ’
3167 4953 3224 5008 εὖ
3267 4959 3441 5010 ποιῶν
3477 4950 3722 5028 περιγίνῃ
3758 4949 3849 5012 τῆς

2224 5047 2512 5123 πονηρίας,
2555 5045 2646 5101 καὶ
2707 5049 3014 5119 μεταποιεῖς
3074 5043 3400 5120 εὐεργεσίαις
3466 5043 3565 5111 τήν
3616 5037 3850 5123 γνώμἿνν

2223 5137 2287 5192 τὸ
2355 5115 2620 5209 δυσμενὲς
2685 5115 3067 5208 μεταϐάλλων,
3129 5115 3256 5207 cuii
3323 5128 3633 5218 συστέλλων
3706 5115 3848 5218 φόϐει)

2226 5225 2524 5282 κολάσεων.
2560 5222 2690 5278 Νέον
2729 5223 2820 5278 τὸν
2875 5219 3098 5297 βασιλέα
3143 5221 3415 5299 σώφρονα,
3451 5215 3847 5299 μεγαλοπρεπῆ3

2232 5317 2503 5389 μνήμονα,
2563 5293 3041 5401 πρᾷονηεύμαθῆ-
3238 5293 3500 5401 δινδρεῖον,
3559 5293 3848 5401 ρλάτφνῃδ

2228 5383 2550 5478 έΔρ-ίστωνος
2596 5383 2974 5463 τοὺςνᾶλλους
3025 5397 3333 5469 ἐκλέξασθαι
3381 5397 3470 5453 καὶ
3517 5394 3658 5464 αὖτῷ
3713 5383 3845 5443 διδό-

2301 5565 2440 5639 (23')
2466 5561 2666 5639 nolui
2711 5562 2931 5639 dictum
2983 5565 3072 5617 est
3097 5564 3415 5639 _respectu_
3439 5550 3845 5639 prudentifo

2229 5613 2931 5711 saﬁiédtiéfﬁiht‘Eh’iHi
2984 5613 3354 5711 Endronricus
3391 5613 3627 5711 jﬁvenis
3658 5639 3670 5678 :
3702 5613 3841 5676 conf.

2231 5700 2358 5784 qua
2389 5725 2526 5767 mox
2553 5707 2709 5765 dicet
2736 5711 2951 5775 orator,
2979 5701 3098 5768 νέος
3133 5703 3228 5779 μὶν
3254 5722 3356 5782 γαρ
3387 5700 3608 5762 ὀῦτος...
