4110 6444
400 409 520 473 ιη

1397 411 1794 475 LAUDATIO
1837 409 2263 474 ANDRONIGI
2309 407 2798 503 PALEOLOGI.

3679 399 3796 465 414

394 564 478 598 ναι
539 547 692 614 ζητεῖ
724 588 739 614 ,
799 542 874 608 ὡς
933 541 1085 608 ὄντος
1140 544 1310 620 εὑρεῖν
1382 542 1683 620 δυσχεροῦς
1741 542 2041 599 παντάπασι

2156 545 2510 618 perarduum
2538 548 2626 600 est
2644 561 2709 601 ac
2735 541 3146 600 difﬁcillimum
3177 557 3190 596 :
3221 540 3375 597 idem
3402 538 3595 612 inquit
3613 537 3791 596 etiam

398 633 491 688 xui
553 633 765 708 ἀπόρου
825 638 923 688 τοῦ
978 634 1298 709 πράγματος
1334 653 1347 666 ⁶
1403 635 1431 688 6
1490 631 1536 688 δ’
1592 633 1749 696 αὐτὸς
1808 635 1897 689 καὶ
1950 636 2046 696 τὰς

397 720 593 779 πόλεις
665 721 788 777 τότε
865 724 998 800 φησὶ
1083 728 1258 778 κακῶν
1335 722 1626 778 παύσεσθαι
1699 723 1786 778 καὶ
1859 728 2045 797 πεῖραν

399 809 748 884 εὐδαιμονίας
780 811 1071 885 λήψεσθαι,
1108 810 1316 868 ἐπειδὰν
1370 815 1404 882 ἢ
1454 812 1695 888 βασιλεῖς
1743 812 2046 890 φιλοσοφή-

405 922 587 970 σωσιν,
637 900 673 968 ἢ
735 900 1028 979 φιλόσοφοι
1090 899 1497 976 βασιλεύσωσιν·
1548 901 1761 967 οὐκοῦν,
1794 901 1839 954 ὦ
1897 900 2045 956 ΙΙλά-

405 1012 530 1057 των,
574 989 712 1065 πρὸς
767 996 886 1051 τοῖς
935 989 1127 1052 ἄλλοις
1182 993 1264 1052 οἷς
1313 990 1620 1062 ἐζήτησας,
1671 991 1759 1044 καὶ
1809 988 2048 1066 ἀκριϐῶς

409 1078 700 1156 φιλόσοφον
749 1075 899 1154 ἔγεις
936 1081 1025 1135 τὸν
1085 1078 1310 1155 βασιλέα
1343 1098 1356 1110 '
1390 1079 1504 1152 ὥρα
1553 1080 1744 1136 λοιπὸν
1801 1080 1889 1134 καὶ
1947 1081 2044 1149 τὴν

406 1166 754 1239 εὐδαιμονίαν
809 1167 1244 1238 ἐπακολουθῆσαι
1309 1175 1426 1231 ταῖς
1483 1168 1674 1224 πόλεσι
1709 1212 1722 1224 .
1783 1173 1892 1223 Σοῦ
1953 1170 2046 1242 μὲν

397 1257 500 1332 γὰρ
558 1256 788 1332 εὐγενεῖς
833 1259 1028 1320 πάντες
1060 1257 1214 1334 λόγοι
1254 1259 1342 1312 xui
1371 1263 1468 1313 τοῦ
1517 1257 1809 1320 Πλάτωνος
1846 1258 2047 1332 ὀνόμα-

393 1366 490 1405 τος
544 1343 684 1415 ἄξιοι
719 1365 732 1377 ’
790 1345 936 1416 πλὴν
989 1345 1149 1402 τοῦδε
1210 1346 1422 1421 μᾶλλον
1481 1345 1738 1418 ἀληθείας
1801 1349 2046 1423 μετέχειν

396 1433 498 1488 οὐκ
557 1432 697 1489 ἔστιν
754 1434 902 1498 ὅστις
962 1439 1469 1512 συγχωρηθήσεται·
1528 1438 1562 1506 ἢ
1611 1437 1712 1513 γὰρ
1757 1436 1860 1492 οὐκ
1903 1435 2049 1492 ἔσται

394 1520 664 1578 οὐδέποτε
720 1524 881 1580 πόλιν
965 1524 1400 1598 εὐδαιμονῆσαι,
1458 1527 1492 1594 ἢ
1555 1523 2044 1598 εὐδαιμονήσουσαν

397 1610 604 1688 ἀνάγκη
664 1619 809 1667 πᾶσα
869 1613 972 1668 ὑπὸ
1021 1613 1253 1686 τοιούτῳ
1306 1614 1520 1689 βασιλεῖ
1563 1635 1622 1669 τε
1669 1614 1758 1669 καὶ
1791 1613 2049 1690 πολιτάρ-

395 1720 476 1775 χῃ
505 1707 608 1770 τῆς
657 1699 1001 1776 εὐδαιμονίας
1051 1703 1323 1767 αἰσθέσθαι
1359 1749 1372 1761 .
1419 1703 1552 1766 Νέος
1607 1704 1701 1776 μὲν
1735 1705 1838 1780 γὰρ
1871 1701 2045 1766 οὗτος·

396 1787 549 1844 ἀλλὰ
606 1789 770 1844 ποίου
825 1791 1015 1864 γήρως
1071 1792 1106 1860 ἡ
1163 1788 1323 1845 τοῦδε
1375 1789 1568 1858 νεύτης
1623 1790 1684 1844 οὐ
1738 1790 1994 1866 κρείττων
2033 1835 2048 1855 ,

391 1883 560 1932 τοῦτο
598 1879 692 1950 μὲν
719 1883 799 1950 τῷ
845 1880 1082 1954 σώφρονι
1131 1886 1229 1948 τῆς
1279 1877 1491 1950 διαίτης
1539 1880 1625 1934 καὶ
1675 1885 1754 1951 τῷ
1784 1879 1905 1954 περὶ
1943 1885 2046 1934 πᾶ-
2078 1915 2126 1979 Β

391 1987 490 2021 σαν
547 1967 760 2037 κίνησιν
809 1973 1024 2043 κρατεῖν
1082 1969 1274 2037 ἑαυτῆς
1310 2013 1324 2037 ,
1378 1973 1538 2023 τοῦτο
1601 1965 1657 2022 δὲ
1711 1973 1788 2040 τῷ
1837 1968 2048 2044 γονίμῳ

388 2056 484 2109 xui
534 2055 788 2130 αὐτάρκει
833 2057 922 2111 καὶ
987 2051 1188 2133 βεϐαίῳ
1234 2065 1333 2127 τῆς
1390 2059 1663 2133 γνώσεως,
1715 2059 1801 2135 ἀφ’
1851 2056 1923 2111 ὦν
1956 2059 2046 2112 καὶ

392 2145 521 2221 περὶ
571 2147 668 2207 τὰς
726 2145 944 2221 πράξεις
1004 2147 1257 2215 ἀνυστικὴ
1307 2146 1395 2201 καὶ
1446 2149 1670 2221 πλήρης
1717 2149 1751 2216 ἡ
1785 2146 2046 2224 φρόνησις

392 2233 519 2303 ἤκει
576 2235 666 2288 xui
714 2237 748 2304 ἡ
801 2231 1061 2290 εὐϐουλία
1106 2236 1229 2311 περὶ
1280 2237 1348 2290 τὰ
1395 2237 1679 2309 σκέμματα
1723 2255 1736 2304 ;
1786 2237 2046 2308 Εὐμαθής

397 2323 513 2378 ἐστι
563 2323 654 2377 xui
710 2327 964 2397 μνήμων,
1015 2320 1178 2395 ὀξέως
1233 2325 1327 2398 μὶν
1372 2331 1489 2387 τοῖς
1549 2324 1740 2401 ἑτέρων
1800 2320 2046 2398 συμϐάλ-

396 2410 512 2467 λων
573 2414 862 2484 νοήμασιν,
919 2413 1172 2491 ἀσφααῶς
1230 2412 1288 2468 δὲ
1340 2413 1608 2489 κατέχων,
1657 2413 1744 2468 καὶ
1799 2411 1940 2487 μηδὲ
1985 2414 2046 2468 τὸ

395 2499 740 2578 φαυλότατον
770 2506 838 2574 τῇ
891 2500 1033 2575 λήθῃ
1072 2503 1248 2577 φέρειν
1299 2508 1667 2579 παραχωρῶν,
1719 2500 1908 2558 οὐκοόν
1950 2502 2049 2557 ὅσα

397 2611 463 2664 γε
511 2592 768 2666 χρήσιμα
819 2591 906 2645 καὶ
953 2596 1050 2646 τοῦ
1099 2591 1521 2664 μνημονεύεσθαι
1573 2591 1690 2662 ἄξια
1723 2612 1736 2625 °
1770 2590 1896 2647 ἀλλ’
1935 2594 2048 2665 ἅμα

394 2679 487 2734 καὶ
518 2679 695 2755 πρᾶός
745 2679 855 2735 ἐστι
902 2681 991 2735 καὶ
1041 2678 1258 2756 ἀνδρίας
1307 2680 1560 2736 πλεῖστον
1615 2681 1760 2753 αὐτῷ
1805 2681 1893 2737 xui
1938 2704 2050 2758 γεν-

394 2769 689 2839 ναιότητος
740 2769 1003 2841 μέτεστιν,
1057 2771 1188 2844 ἅπερ
1239 2770 1457 2833 ἐκείνοις
1495 2771 1568 2833 ὡς
1621 2770 1883 2846 ἐλάχιστα
1914 2793 2047 2845 συμ-

395 2853 600 2912 ϐαίνειν
649 2857 818 2933 pelei.
871 2859 1098 2932 Εὐμαθῆ
1147 2861 1250 2936 γὰρ
1300 2855 1444 2931 ὅντα,
1485 2861 1561 2933 μή
1594 2859 1682 2914 καὶ
1735 2860 1854 2931 ὀξὺν
1888 2861 2042 2931 εἶναι,

387 2949 499 3000 τῶν
554 2943 823 3020 χαλεπῶν
867 2946 1038 3021 εὑρεῖν
1075 2968 1087 2980 θ
1150 2941 1276 3002 ὄντα
1330 2945 1386 3001 δὲ
1438 2951 1621 3018 τοῦτο,
1678 2947 1848 3021 πρᾶον
1895 2945 2045 3010 αὖθις

398 3034 529 3089 εἶναι
578 3035 669 3088 xui
728 3031 971 3108 ἀνδρεῖον
1007 3079 1020 3103 ,
1077 3034 1223 3111 ὀρθῷ
1297 3035 1551 3110 λογισμῷ
1607 3036 1744 3112 πρὸς
1800 3037 1868 3091 τὰ
1906 3034 2048 3092 δεινᾶ

404 3124 492 3176 καὶ
539 3125 799 3196 ὁρμῶντα
844 3123 936 3177 καὶ
980 3120 1366 3198 ἀναδυόμενον,
1416 3123 1494 3180 ἔτι
1536 3123 1680 3179 πολὺ
1725 3123 2044 3201 χαλεπώτε-

410 3232 516 3286 ρον.
572 3210 726 3269 Ἀλλ’
784 3213 812 3266 6
869 3211 1142 3287 βασιλεὺς,
1198 3215 1366 3269 ταῦτά
1417 3235 1476 3269 τε
1527 3209 1757 3290 βεϐαίως
1804 3219 1900 3269 τοῦ
1949 3213 2044 3285 δη-

2156 635 2402 690 urbibus
2432 634 2716 690 malorum
2773 635 2948 688 ﬁnem
3001 631 3142 702 fore,
3173 635 3230 686 et
3273 629 3610 685 felicitatem
3657 627 3789 684 illas

2155 740 2284 780 esse
2314 729 2672 796 experturas,
2695 727 2822 778 tum
2850 739 2982 778 cum
3008 737 3172 792 reges
3203 718 3790 792 philosophabuntur,

2157 819 2258 870 aut
2303 813 2635 885 philosophi
2684 812 3030 885 regnabant.
3064 814 3244 877 Certe,
3289 824 3322 863 ο
3378 807 3555 874 Plato,
3587 810 3793 878 praeter

2156 903 2286 958 aliis
2317 921 2442 974 quae
2475 901 2812 973 quassivisti,
2844 901 3016 956 etiam
3070 915 3266 972 regem
3317 896 3488 970 plane
3536 895 3792 967 philoso-

2155 992 2338 1064 phum
2388 993 2568 1047 habes
2601 1009 2614 1046 :
2661 992 2791 1045 vide
2836 995 3104 1045 caeterum
3135 988 3310 1043 urbes
3341 989 3638 1042 assecutas
3666 1001 3794 1041 esse

2157 1080 2508 1136 felicitatem.
2540 1079 2750 1136 Omnia
2779 1079 3016 1150 quidem
3059 1082 3162 1132 tua
3204 1076 3379 1131 verba
3405 1074 3624 1130 nobilia
3655 1077 3794 1129 sunt

2155 1175 2212 1225 et
2242 1169 2502 1226 Platonis
2533 1169 2767 1224 nomine
2801 1168 3012 1240 digna;
3047 1164 3274 1221 nullum
3319 1168 3514 1219 tamen
3564 1167 3653 1218 est
3699 1162 3794 1218 cui

2156 1259 2328 1314 detur
2359 1259 2639 1329 majorem
2673 1274 2849 1328 quam
2882 1255 3027 1311 illud
3061 1253 3316 1310 nancisci
3345 1253 3648 1309 veritatem
3680 1252 3792 1318 iis;

2157 1353 2259 1404 aut
2290 1346 2444 1403 enim
2480 1347 2680 1402 civitas
2712 1346 2844 1402 felix
2885 1361 3014 1401 esse
3057 1343 3276 1414 nequit,
3306 1347 3409 1397 aut
3457 1359 3519 1397 se
3566 1340 3792 1397 felicem

2158 1440 2267 1494 sub
2300 1437 2400 1493 tali
2433 1453 2566 1509 rege
2605 1440 2662 1492 et
2704 1436 3051 1507 imperatore
3081 1432 3296 1488 sentiat
3325 1431 3562 1487 omnino
3593 1446 3791 1486 neces-

2157 1544 2220 1583 se
2249 1531 2355 1582 est.
2388 1528 2461 1581 At
2500 1527 2654 1581 enim
2707 1525 2816 1580 iste
2862 1523 3096 1595 juvenis
3144 1525 3277 1578 est:
3336 1521 3436 1576 sed
3484 1520 3792 1590 cujusnam

2157 1619 2427 1672 senectus
2458 1614 2618 1670 illius
2638 1615 2946 1686 juventute
2988 1616 3076 1668 est
3116 1609 3503 1676 excellentior,
3534 1613 3663 1664 tum
3694 1624 3797 1680 per

2158 1704 2505 1776 sapientiam
2542 1703 2672 1758 vita:
2723 1706 2779 1757 et
2825 1705 3090 1756 motuum
3130 1698 3633 1770 temperationem,
3664 1701 3792 1752 tum

2157 1811 2261 1866 per
2287 1793 2613 1848 ubertatem
2644 1797 2701 1847 et
2725 1789 3141 1846 sufﬁcientiam
3169 1793 3227 1844 et
3250 1787 3590 1842 ﬁrmitatem
3611 1785 3794 1842 scien-

2157 1883 2272 1950 tiae,
2306 1899 2374 1938 ex
2420 1882 2632 1953 quibus
2682 1881 2740 1935 in
2789 1878 3100 1952 propositis
3131 1876 3315 1933 oritur
3344 1875 3594 1947 perfecta
3622 1879 3795 1945 atque

2158 1971 2328 2044 plena
2356 1971 2668 2043 prudentia
2696 1974 2752 2026 et
2781 1969 3066 2040 sapientia
3085 1967 3112 2020 ?
3142 1963 3407 2022 docibilis
3436 1970 3526 2021 est
3562 1967 3620 2019 et
3661 1979 3793 2035 gra-

2157 2067 2300 2118 tus:
2353 2077 2488 2116 cum
2538 2059 2782 2115 aliorum
2828 2056 3139 2113 sententiis
3178 2053 3594 2118 communicat,
3626 2058 3793 2109 caute

2157 2169 2220 2206 se
2255 2150 2447 2216 habet,
2481 2154 2538 2205 et
2584 2166 2656 2204 ne
2703 2147 2946 2203 minima
2987 2147 3225 2219 quidem
3256 2144 3546 2200 oblivione
3575 2144 3795 2216 patitur

2156 2239 2447 2311 exstingui
2478 2240 2653 2294 etiam
2685 2253 2776 2292 res
2817 2234 2975 2291 nullo
3023 2235 3195 2290 modo
3243 2233 3416 2289 utiles
3465 2250 3531 2289 ac
3582 2232 3794 2305 dignos

2156 2347 2285 2402 quae
2316 2328 2650 2384 meminerit
2679 2345 2692 2395 ;
2727 2327 2826 2382 sed
2859 2324 3036 2382 simul
3067 2324 3228 2379 mitis
3256 2327 3344 2378 est
3374 2327 3546 2393 atque
3576 2322 3797 2392 majore

2157 2419 2503 2474 strenuitate
2552 2421 2608 2472 et
2655 2413 3135 2488 magnanimitate
3165 2413 3445 2485 praeditus
3475 2415 3582 2478 est,
3619 2427 3794 2482 quam

2156 2526 2283 2580 quae
2315 2509 2386 2562 iis
2418 2507 2673 2562 maxima
2698 2506 2928 2561 donatis
2958 2503 3294 2575 contingere
3323 2500 3492 2557 solet.
3525 2501 3790 2572 Aliquem

2155 2597 2312 2652 enim
2345 2595 2653 2652 docibilem
2705 2601 2762 2650 et
2811 2594 2986 2650 simul
3035 2610 3148 2648 non
3193 2607 3408 2657 acrem,
3440 2589 3673 2646 difﬁcile
3702 2595 3792 2646 est

2154 2686 2413 2741 invenire
2440 2701 2452 2739 :
2487 2685 2741 2758 aliquem
2771 2687 2966 2739 autem
2998 2681 3196 2737 mitem
3227 2684 3285 2736 et
3313 2696 3433 2736 una
3459 2683 3788 2747 strenuum,

2155 2779 2312 2830 recta
2341 2778 2534 2830 mente
2563 2774 2634 2828 ad
2667 2770 2923 2844 pericula
2951 2769 3242 2826 volantem
3273 2774 3448 2841 atque
3478 2785 3790 2841 properan-

2154 2868 2293 2930 tem,
2327 2863 2511 2918 multo
2541 2861 2715 2917 etiam
2748 2859 3065 2916 difﬁcilius.
3100 2859 3210 2915 Sed
3245 2875 3362 2925 rex,
3394 2862 3648 2914 creatore
3690 2859 3792 2913 ﬁr-

2155 2955 2326 3008 miter
2354 2951 2454 3007 illa
2482 2951 2591 3006 hoc
2620 2951 2791 3006 modo
2822 2952 3222 3021 componente,
3253 2952 3342 3002 est
3370 2951 3645 3018 praeterea
3675 2964 3794 3003 ma-

2155 3042 2425 3114 gniﬁcus,
2452 3041 2534 3096 ita
2562 3044 2626 3096 ut
2657 3040 2757 3112 qui
2787 3039 2942 3094 videt
2971 3042 3026 3094 et
3064 3055 3097 3092 a
3136 3035 3334 3108 procul
3366 3036 3522 3091 venit
3550 3041 3608 3091 et
3639 3053 3789 3091 nun-

2155 3147 2330 3202 quam
2363 3130 2527 3203 prius
2555 3128 2719 3192 vidit,
2751 3126 2981 3183 etiamsi
3027 3125 3088 3180 in
3136 3125 3326 3180 medio
3367 3123 3616 3179 millium
3647 3123 3794 3180 viro-

2155 3237 2281 3276 rum
2316 3221 2548 3274 fortuna
2577 3222 2689 3273 stet
2731 3221 2787 3273 et
2841 3215 3068 3270 nullum
3113 3230 3178 3270 ex
3210 3212 3514 3285 dignitatis
3544 3210 3790 3285 insigni-

405 3306 668 3377 μιουργοῦ
716 3306 908 3356 τοῦτον
959 3303 1048 3357 τὸν
1100 3303 1300 3378 τρόπον
1351 3303 1714 3377 ἁρμόσαντος,
1745 3303 1836 3360 καὶ
1874 3325 2041 3380 προσ-

2157 3311 2267 3365 bus
2299 3308 2464 3364 illum
2498 3306 2824 3379 patefaciat,
2856 3304 3200 3372 conclamet,
3232 3277 3415 3358 oculis
3453 3301 3510 3356 in
3560 3277 3791 3358 herhico

399 3391 478 3446 ἐτι
535 3389 960 3466 μεγαλοπρεπής
1010 3389 1171 3462 ἐστιν,
1232 3392 1306 3454 ὡς
1361 3391 1543 3448 ἰδόντα
1593 3392 1682 3448 καὶ
1712 3394 1803 3449 τὸν
1833 3393 2048 3470 πόρῥω-

393 3478 480 3532 θεν
535 3476 742 3546 ἥκοντα
799 3477 888 3532 xui
947 3472 1126 3533 ἰδόντα
1189 3477 1462 3552 μηδέποτε
1518 3480 1801 3556 πρότερον,
1851 3481 1946 3537 κᾶν
1994 3482 2046 3536 ἐν

395 3566 587 3640 μέσοις
633 3566 778 3642 τύχῃ
833 3566 1048 3643 μυρίοις
1097 3568 1383 3641 ἱστάμενος
1430 3569 1519 3624 xui
1548 3570 1706 3626 αὐτὸν
1761 3569 1911 3626 οὐδὲν
1942 3576 2049 3626 τῶν

396 3656 648 3731 ἆρχικῶν
703 3651 998 3729 συμϐόλων
1053 3657 1250 3731 μηνύῃ,
1301 3654 1596 3728 ἀναϐοῆσαι
1631 3704 1644 3729 ,
1700 3665 1778 3732 τῷ
1823 3663 2050 3735 ἡρωϊκῷ

395 3745 487 3798 xui
549 3745 678 3816 θείῳ
733 3749 830 3799 τοῦ
885 3742 1061 3808 εἴδους
1118 3745 1512 3802 ένατενίσαντα·
1575 3773 1604 3800 ‹‹
1658 3750 1744 3811 Ὠς
1799 3749 2047 3813 ἐπιεικῶς

393 3831 551 3909 ἀνδρὶ
609 3832 827 3908 βασιλεῖ
868 3833 1022 3896 οὗτος
1071 3833 1282 3892 ἔοικενί
1337 3838 1544 3891 ››⁰Ὠστ’
1598 3838 1644 3892 εί
1697 3839 1790 3910 μὲν
1850 3844 2046 3912 ζητῶν,

394 3923 471 3983 ὡς
505 3920 725 3993 εἶ’ωθας,
777 3921 1126 3999 παράδειγμα
1155 3925 1245 3979 καὶ
1291 3923 1436 3980 ἱδέαν
1475 3925 1748 4001 βασιλείας
1802 3927 2048 4003 ἀρίστης,

2154 3403 2212 3454 et
2240 3397 2432 3453 divino
2461 3396 2625 3451 vultu
2655 3395 2858 3452 deﬁxis
2889 3411 2902 3450 ε
2938 3415 2965 3443 ‹‹
2997 3392 3180 3456 Quam
3213 3391 3423 3447 eximie
3453 3389 3536 3446 illi
3567 3389 3792 3446 homini

2155 3487 2275 3560 regi
2307 3484 2519 3542 similis
2549 3488 2656 3540 est.
2692 3507 2720 3535 »
2773 3483 2974 3554 Itaque
3022 3481 3094 3551 si,
3127 3480 3457 3553 quaerendo,
3490 3479 3560 3535 de
3609 3495 3792 3547 more,

2156 3574 2452 3646 exemplar
2482 3579 2540 3628 et
2569 3572 2885 3645 imaginem
2917 3569 3122 3642 optimi
3154 3568 3328 3641 regis,
3358 3566 3504 3622 illud
3534 3567 3790 3622 invenie-

2156 3665 2261 3727 ris,
2290 3662 2513 3734 inspice
2565 3661 2614 3717 si
2663 3660 2758 3716 ille
2805 3663 3075 3715 accurate
3119 3659 3176 3713 in
3207 3655 3503 3729 exemplar
3533 3673 3648 3711 non
3677 3656 3792 3711 for-

2157 3756 2351 3807 matus
2401 3751 2526 3806 sit:
2582 3749 2735 3821 quod
2785 3748 2835 3803 si
2883 3748 3143 3803 nondum
3185 3745 3480 3802 conveniri
3509 3744 3792 3818 potueris,

2156 3841 2324 3896 illum
2373 3845 2438 3894 ut
2483 3838 2798 3910 imaginem
2838 3842 3082 3905 statuas,
3115 3840 3172 3892 et
3219 3835 3278 3890 in
3323 3834 3489 3890 illum
3537 3833 3797 3906 aspicere

2149 3931 2382 4001 jubeas,
2417 3934 2482 3984 ut
2509 3928 2568 3982 in
2602 3928 3033 3982 fortunatorum
3066 3941 3269 3997 regum
3300 3924 3701 3995 archetypum.

394 4011 641 4090 ἒφεῦρες,
677 4012 777 4088 ὅρα
805 4017 1014 4084 τοῦτον,
1051 4013 1099 4068 εἴ
1130 4015 1206 4086 μὴ
1239 4012 1477 4090 ἀκριϐῶς
1507 4015 1643 4092 πρὸς
1673 4018 1734 4070 τὸ
1765 4015 2107 4094 παράδειγμα
2143 4016 2400 4088 ἤσκηται·
2433 4016 2478 4070 εἰ
2509 4013 2555 4070 δ’
2585 4015 2821 4092 ὲφευρεῖν
2875 4010 3027 4068 οὔπω
3066 4010 3372 4084 δεδύνησαι,
3419 4009 3565 4067 ἀλλὰ
3608 4015 3798 4066 τοῦτον

393 4098 540 4156 ἰδέαν
573 4101 731 4171 τίθει,
763 4101 852 4155 xui
883 4099 990 4156 ὧδε
1024 4100 1242 4178 βλέπειν
1273 4103 1551 4175 νομοθέτει
1581 4104 1709 4168 τοὺς
1741 4104 1945 4169 ἄλλους
1978 4108 2052 4170 ὡς
2080 4106 2156 4171 εἷς
2185 4104 2518 4179 εὐδαιμόνων
2555 4102 2820 4181 βασιλέων
2849 4103 3176 4179 ἀρχέτυπον.

464 4247 532 4299 ⁶“Δ
582 4245 676 4316 μὲν
729 4243 819 4299 οὖν
886 4244 946 4300 ἐκ
972 4243 1200 4300 πολλῶν
1259 4244 1421 4322 ὀλίγα
1475 4251 1582 4302 τῶν
1626 4252 1723 4302 τοῦ
1776 4247 2043 4324 βασιλέως

2222 4252 2353 4308 Hac
2383 4250 2581 4324 igitur,
2614 4267 2683 4305 ex
2721 4249 2922 4304 multis
2953 4264 3170 4320 pauca,
3202 4247 3354 4319 regis
3385 4245 3569 4316 dotes,
3601 4260 3790 4316 quan-

393 4331 580 4388 καλῶν
644 4332 760 4394 οἶός
815 4354 875 4388 τε
931 4334 1130 4410 γέγονα
1183 4338 1252 4408 τῇ
1312 4333 1519 4408 διανοίᾳ
1590 4332 1902 4413 περιλαϐεῖν
1958 4339 2047 4392 καὶ

394 4420 648 4491 διεξιέναι
704 4426 784 4494 τῷ
831 4420 999 4498 λόγῳ,
1053 4427 1233 4478 ταῦτα’
1287 4422 1402 4479 ὶπεὶ
1446 4421 1503 4479 δὲ
1548 4429 1625 4497 τῷ
1655 4421 1839 4500 ἔχοντι
1889 4427 2047 4481 παντὶ

394 4509 684 4579 δοθήσεται
732 4511 822 4566 καὶ
880 4514 1305 4587 προστεθήσεται
1337 4559 1350 4584 ,
1388 4511 1586 4586 ἴδωμεν
1616 4514 1669 4568 τί
1719 4512 1931 4570 δέδοται
1957 4516 2048 4570 xui

395 4598 770 4676 προστέθειται
826 4606 944 4662 τοῖς
1005 4601 1181 4656 ἐνοῦσι
1235 4606 1312 4674 τῷ
1370 4601 1620 4678 βασιλεῖ..
1675 4604 1735 4658 Τί
1786 4601 1842 4658 δὲ
1898 4603 2045 4679 ἄρα;

397 4688 444 4743 εἰ
501 4689 577 4761 μὴ
618 4689 682 4742 τὸ
736 4693 844 4743 τῶν
897 4684 1071 4763 ὄψεων
1130 4689 1415 4767 ἀκόρεστον
1473 4691 1664 4765 θέαμα,
1701 4692 1766 4747 τὸ
1821 4695 2045 4768 τερπνὸν

396 4784 499 4846 τῆς
559 4776 859 4849 θαυμασίας
920 4777 1073 4853 ῥίζης
1123 4780 1305 4856 φυτὸν,
1351 4781 1385 4849 ἡ
1417 4779 1812 4856 αὐθωραιότης,
1850 4782 1915 4836 τὸ
1938 4787 2045 4837 τῶν

396 4865 647 4943 χαρίτων
698 4865 1056 4945 συμφόρημα,
1115 4871 1150 4937 ἡ
1199 4869 1291 4923 νέα
1327 4869 1415 4924 xui
1452 4869 1662 4946 μεγάλη
1705 4875 1802 4925 τοῦ
1848 4871 2046 4934 παντὸς

392 4954 586 5030 γένους
627 4953 806 5024 ἐλπὶς,
843 4955 870 5009 6
900 4961 1030 5018 παῖς
1068 4953 1159 5012 ὅδε
1187 4959 1298 5032 (24)
1327 4958 1417 5013 xui
1452 4957 1726 5033 βασιλεὺς,
1769 4961 1912 5029 ἄξιος
1952 4961 2044 5033 μὲν

391 5047 492 5098 τοῦ
544 5043 921 5120 παρασχόντος
977 5049 1131 5116 Θεοῦ,
1195 5046 1339 5116 ἄξιος
1401 5043 1458 5101 δὲ
1494 5048 1583 5102 xui
1642 5053 1737 5102 τοῦ
1789 5046 1878 5103 διὰ
1915 5053 2048 5104 Θεοῦ

395 5132 780 5208 γεγεννηκότος
844 5133 1064 5209 πατρός⁶
1119 5133 1182 5188 οὗ
1237 5135 1505 5207 θαυμασία
1550 5136 1644 5209 μὶν
1690 5140 1726 5207 ἡ
1773 5135 2044 5212 γέννησις,

394 5222 498 5290 τὴν
561 5216 1010 5294 σεϐασμιωτάτην
1069 5223 1157 5277 xui
1217 5221 1576 5302 φαιδροτάτην
1644 5227 1734 5280 xui
1796 5226 2048 5302 βασιλίδα

394 5314 505 5364 τῶν
564 5313 784 5365 ἁπασῶν
852 5311 1062 5387 ἡμέραν
1131 5312 1532 5388 κληρωσαμένη
1603 5317 1736 5389 (25),
1812 5323 1929 5380 καθ’
1981 5318 2049 5386 ἡν

394 5397 688 5475 ἐνεργήσας
736 5401 838 5469 τήν
872 5407 974 5470 τῆς
1015 5402 1216 5480 φθορᾶς
1269 5400 1559 5458 κατάλυσιν
1597 5405 1626 5458 6
1670 5401 1935 5475 δεσπότης
1983 5405 2047 5461 τὸ

464 5651 552 5725 24,
586 5651 800 5725 Aderat
849 5652 1113 5710 videlicet
1163 5653 1260 5710 ille
1309 5655 1622 5711 Andronici
1654 5655 1893 5725 ﬁliolus,
1925 5656 2030 5712 Mi-

392 5721 554 5780 chael
589 5723 972 5798 Palasologus.

2157 4344 2283 4395 tum
2303 4357 2401 4396 eas
2421 4340 2479 4394 in
2504 4356 2596 4394 me
2616 4343 2703 4394 est
2723 4342 2918 4394 mente
2938 4335 3428 4408 comprehendere
3448 4337 3504 4388 et
3527 4348 3794 4390 sermone

2157 4428 2466 4501 explicare,
2498 4428 2643 4484 tales
2683 4432 2857 4492 sunt;
2909 4425 3187 4498 quoniam
3217 4440 3350 4478 vero
3381 4423 3536 4477 omni
3562 4420 3796 4477 habenti

2155 4517 2379 4572 dabitur
2397 4522 2454 4572 et
2481 4515 2809 4588 adjiciatur,
2841 4515 3145 4570 videamus
3175 4511 3315 4580 quid
3363 4511 3556 4575 datur,
3589 4513 3647 4564 et
3691 4509 3793 4563 ad-

2149 4607 2386 4677 jicietur
2422 4605 2514 4661 his
2557 4623 2683 4677 quae
2724 4605 2782 4658 in
2816 4619 2946 4676 rege
2975 4605 3114 4657 sunt
3144 4600 3381 4656 dotibus
3409 4602 3431 4653 Ρ
3459 4596 3604 4663 Quid
3635 4612 3794 4668 ergo,

2158 4695 2270 4750 nisi
2295 4693 2713 4768 spectaculum,
2736 4709 2850 4764 quo
2884 4708 2996 4746 non
3029 4692 3370 4746 saturantur
3389 4685 3793 4758 oculi,jucun-

2159 4785 2271 4840 dus
2301 4782 2586 4838 mirabilis
2617 4780 2827 4836 radicis
2861 4779 3091 4851 stirpes,
3124 4777 3225 4831 illa
3272 4792 3526 4848 priesens
3579 4773 3796 4846 gratia-

2158 4891 2288 4928 rum
2321 4870 2706 4938 concursatio,
2741 4869 2841 4923 illa
2878 4884 3026 4923 nova
3071 4870 3127 4920 et
3172 4882 3387 4936 magna
3412 4863 3593 4919 totius
3621 4879 3793 4935 gene-

2158 4963 2238 5018 ris
2288 4978 2442 5035 spes,
2476 4960 2571 5016 ille
2623 4975 2768 5032 puer
2817 4962 2874 5012 et
2920 4973 3037 5023 rex,
3071 4955 3281 5026 dignus
3325 4954 3441 5010 Deo
3481 4952 3580 5026 qui
3611 4951 3792 5019 dedit,

2158 5052 2373 5124 dignus
2403 5051 2461 5104 et
2487 5049 2588 5103 illo
2617 5049 2710 5118 qui
2744 5064 2845 5118 per
2874 5051 3057 5101 Deum
3090 5044 3246 5100 hunc
3277 5043 3560 5098 infantem
3591 5041 3797 5115 genuit

2157 5146 2358 5212 patre;
2414 5141 2580 5208 cujus
2627 5136 2893 5192 miranda
2935 5133 3167 5204 natalis,
3197 5130 3700 5188 venerabillimum
3741 5134 3798 5186 et

2157 5228 2548 5286 clarissimum
2593 5231 2650 5282 et
2698 5224 2949 5298 regalem
2981 5241 3050 5279 ex
3078 5223 3353 5280 omnibus
3382 5222 3537 5276 diem
3567 5219 3792 5288 sortita,

2156 5318 2216 5373 in
2249 5335 2363 5389 quo
2394 5315 2700 5381 Dominus,
2738 5315 2888 5369 facta
2934 5319 3142 5370 nostra;
3182 5309 3578 5366 damnationis
3605 5307 3794 5364 disso-

2156 5406 2399 5476 lutione,
2439 5419 2720 5476 magnum
2771 5407 2975 5459 contra
3023 5407 3269 5458 mortem
3325 5405 3626 5472 tropaeum,
3675 5402 3794 5454 sta-

2148 5728 2166 5784 l
2205 5657 2325 5785 x(:5)
2355 5656 2496 5713 Inde
2525 5654 2809 5712 discimus
2839 5654 2993 5710 diem
3025 5652 3259 5711 Pascha
3291 5651 3376 5707 illi
3409 5651 3594 5709 fuisse
3623 5654 3787 5711 nata-

2171 5746 2200 5785 e
2271 5771 2284 5784 .

2171 5746 2284 5786 em.
