4110 6450
433 391 550 455 415

1468 399 1784 464 GEORGII
1830 397 2089 463 ΟΥΡῆῐί
2134 402 2254 464 GP.
2301 399 2830 464 PATRIABGHIE

3697 399 3808 462 M6

431 503 545 582 tuit
572 545 586 596 ;
638 543 851 602 magna
881 529 1034 586 unde
1063 529 1146 586 illi
1178 549 1309 588 cum
1340 533 1569 590 Christo
1599 539 1815 608 tropaea
1844 551 2064 592 necnon

2193 534 2321 607 ιέγα
2392 535 2527 588 κατά
2595 532 2821 588 θανάτου
2887 531 3144 608 τρόπαιον
3211 529 3398 600 ἔστησε
3431 576 3444 602 ,
3511 533 3616 586 τῶν
3685 531 3810 601 μετᾶ

430 614 689 672 hostium
720 619 941 676 eversio
970 620 1121 677 clare
1150 624 1656 693 prmnuntiantur;
1689 626 1859 697 cujus
1891 626 2064 681 etiam

396 703 400 707 ’
433 703 702 760 miranda
731 711 818 760 est
856 708 1040 764 atatis
1070 711 1399 783 progressio
1430 712 1768 784 singularis,
1800 717 2069 785 prompta

431 809 498 847 ac
535 809 799 866 prOpera,
832 795 1218 870 idoneamque
1262 817 1578 873 praegressa
1609 807 1854 858 aetatem.
1893 803 2068 858 Mira-

429 881 586 938 tione
635 898 864 954 quoque
911 885 1088 958 digna
1145 893 1255 957 est,
1303 894 1428 944 tum
1478 896 1754 947 constans
1810 897 1868 946 et
1924 893 2068 947 bene

431 977 733 1042 compacta
764 978 829 1028 ut
859 974 1085 1031 stabilis
1116 979 1374 1048 corporis
1405 977 1503 1034 illa
1541 981 1846 1036 consensio
1876 1006 1890 1046 ;
1938 980 2069 1036 talis

431 1059 678 1130 denique
709 1065 773 1116 ut
813 1064 1175 1133 praesentires
1222 1065 1281 1121 in
1331 1067 1428 1122 illo
1481 1068 1925 1141 intelligentiam
1958 1069 2069 1124 im-

433 1149 577 1222 perii
609 1149 693 1203 illi
725 1151 1068 1222 pertinentis
1099 1159 1310 1210 natura
1337 1157 1658 1224 inductam,
1693 1175 1818 1229 quae
1853 1176 2006 1212 nunc
2038 1176 2071 1213 a

429 1237 792 1305 excellenter,
827 1241 1068 1310 fortiter,
1100 1244 1372 1316 regaliter
1409 1246 1714 1317 disponere
1752 1249 2068 1318 compellit,

433 1331 492 1382 et
539 1328 599 1382 in
655 1327 844 1384 lucem
903 1332 1187 1402 quidquid
1234 1332 1411 1407 regali
1442 1340 1531 1390 est
1562 1337 1834 1406 proferat,
1868 1354 2069 1408 quem-

433 1415 750 1472 admodum
773 1423 831 1472 et
859 1419 1126 1476 videmus
1152 1420 1385 1477 leonum
1409 1423 1631 1480 catulos
1657 1425 1894 1481 omnino
1919 1425 2070 1481 leoni

433 1519 501 1559 ex
554 1504 816 1578 ingenita
864 1507 1126 1578 ipsorum
1185 1515 1394 1565 natura
1449 1512 1745 1580 exsistere,
1795 1519 1919 1569 tum
1974 1514 2072 1570 ille

433 1594 640 1649 animae
691 1595 946 1663 habitus,
996 1614 1169 1668 quem
1222 1604 1452 1663 gratum
1509 1606 1566 1655 et
1621 1617 1890 1657 serenum
1941 1603 2070 1658 visu

432 1683 667 1755 praebet,
717 1683 854 1754 quia
912 1684 997 1739 illi
1055 1693 1408 1743 commescet
1459 1689 1850 1761 prudentiam,
1901 1691 2068 1762 quasi

433 1771 594 1826 virile
651 1775 708 1827 et
763 1773 956 1829 nobile
1013 1780 1070 1830 et
1125 1793 1239 1832 non
1300 1776 1474 1840 fallax
1523 1777 1814 1834 firmitatis
1865 1779 2070 1835 animae

2174 627 2341 677 ταῦτα
2388 622 2478 676 σὺν
2532 627 2768 695 Χριστῷ
2796 621 3044 697 μεγάλων
3097 621 3260 676 αὐτοῦ
3297 619 3571 696 τροπαίων
3603 621 3689 674 καὶ
3719 627 3810 688 τῆς

2174 716 2279 765 τῶν
2332 711 2541 787 ἐχθρῶν
2593 709 2937 772 καταλύσεως
2990 715 3175 788 σαφῶς
3225 707 3690 784 προδηλουμένων
3740 708 3812 762 ἐν-

2175 802 2398 855 τεῖῑθεν⁹
2459 799 2732 872 θαυμασία
2787 797 2845 854 δὲ
2900 802 2934 868 ἡ
2993 806 3092 868 τῆς
3166 798 3386 869 ἡλικίας
3441 794 3675 873 πρόοδος
3730 796 3811 851 καὶ

2179 889 2474 966 ὑπερφυὴς,
2536 888 2779 957 ἷθυτενής
2837 886 2968 942 οὖσα
3023 889 3113 942 καὶ
3170 890 3505 961 προήκουσα,
3555 886 3644 940 καὶ
3691 886 3814 961 χρό-

2175 999 2265 1033 νον
2325 980 2591 1055 φθάνουσα
2645 979 2734 1032 τὸν
2793 979 3137 1051 προσήκοντα
3170 1019 3182 1030 .
3243 983 3362 1032 Ἔτι
3420 974 3477 1032 δὲ
3548 975 3812 1048 θαύματος

2179 1063 2322 1135 ἄξιον
2373 1067 2434 1119 τὸ
2492 1064 2807 1140 ἐναρμόνιον
2867 1067 2954 1118 καὶ
3025 1063 3255 1140 βεϐηκὸς
3308 1065 3396 1119 καὶ
3452 1065 3679 1138 εὐπαγὲς
3734 1065 3816 1118 καὶ

2180 1154 2470 1226 στάσιμον,
2517 1159 2676 1208 τοῦτο
2730 1157 2822 1227 μὲν
2871 1159 2967 1208 τοῦ
3012 1157 3285 1228 σώματος,
3343 1155 3417 1216 ὡς
3469 1154 3694 1223 εἰκάζειν
3745 1149 3816 1206 αἶ’-

2181 1245 2367 1313 σθησιν
2412 1245 2511 1313 τὴν
2563 1244 2718 1320 φύσιν
2762 1250 2862 1313 τῆς
2913 1243 3299 1319 προσηκούσης
3349 1243 3497 1314 αύτῷ
3552 1241 3816 1317 βασιλείας

2182 1327 2450 1388 λαϐοῦσαν
2505 1333 2675 1387 πάντα
2714 1333 2851 1406 πρὸς
2896 1333 2958 1387 τὸ
3011 1330 3240 1405 ὑψηλὸν,
3295 1332 3382 1386 καὶ
3436 1332 3662 1408 ἀρχικὸν
3712 1331 3816 1399 καὶ,

2180 1421 2514 1498 ἀρρενωπὸν,
2563 1421 2987 1496 συναρμόζεσθαι
3040 1419 3493 1488 διαπλάττουσαν,
3546 1420 3634 1476 καὶ
3688 1439 3816 1494 προ-

2181 1516 2392 1586 αγαγεῖν
2423 1509 2497 1572 εἷς
2531 1515 2642 1588 φῶς
2673 1509 2802 1564 ὅλον
2853 1510 3156 1586 βασιλικὸν,
3209 1510 3436 1574 ὁποίους
3485 1507 3551 1578 δὴ
3579 1508 3671 1563 καὶ
3699 1506 3818 1569 τοὺς

2178 1603 2286 1652 τῶν
2340 1597 2572 1653 λεόντων
2615 1600 2824 1673 ὁρῶμεν
2877 1599 3147 1671 σκύμνους
3193 1597 3356 1660 ὅλους
3408 1594 3725 1658 λεοντώδεις
3775 1595 3820 1667 ἐξ

2182 1687 2347 1756 αὐτῆς
2379 1688 2667 1762 προϊόντας
2711 1688 2989 1764 γενέσεως,
3037 1693 3202 1742 τοῦτο
3247 1685 3305 1742 δὲ
3354 1692 3452 1742 τοῦ
3501 1694 3600 1755 τῆς
3645 1689 3820 1760 ψυχῆς

2181 1779 2619 1849 καταστήματος,
2652 1776 2682 1831 ὅ
2707 1778 2759 1850 γ’
2800 1777 3021 1853 ἐπίχαρι
3062 1776 3150 1831 καὶ
3202 1774 3425 1854 φαιδρὸν
3477 1777 3606 1852 ὁρᾷν
3654 1795 3824 1848 παρε-

431 1860 880 1930 testimonium;
931 1861 1125 1935 itaque
1175 1881 1360 1935 neque
1407 1867 1682 1922 omnibus
1725 1873 1899 1923 navat
1936 1885 2069 1940 ope-

432 1965 553 1970 μμ
616 1966 798 1970 _____-
1255 1955 1270 1970 .
1470 1955 1480 1966 .
1753 1957 1765 1969 .
1821 1957 1844 1970 ..

2193 1865 2439 1941 χόμενος,
2494 1863 2634 1921 ἔστιν
2671 1866 2746 1927 ὡς
2795 1866 2883 1920 καὶ
2927 1865 3171 1927 συννοίας
3221 1864 3368 1936 αὐτῷ
3407 1864 3820 1940 παραμίγνυσιν,

2200 1955 2213 1970 ο
2329 1955 2342 1970 9
2387 1952 2411 1970 ﬁ
2513 1956 2527 1970 \
2688 1959 2715 1969 -ν
2913 1955 2927 1970 \
3147 1960 3170 1970 ο
3313 1954 3338 1970 τ
3541 1953 3555 1970 \
3616 1952 3664 1970 Ἰ
3743 1949 3784 1970 θη

432 1965 582 2016 ram,
616 1966 806 2022 neque
835 1951 1158 2024 impellitur
1203 1955 1273 2008 ad
1325 1955 1523 2010 omnia
1578 1973 1702 2026 qua;
1751 1957 2075 2014 infantibus

432 2038 758 2104 conferunt,
813 2041 913 2095 sed
962 2042 1223 2114 seipsum
1278 2044 1536 2100 continet
1583 2045 1758 2100 veluti
1819 2046 2075 2102 infantiae

433 2126 794 2198 impatiens;
866 2135 923 2184 et
990 2131 1263 2198 quoniam
1330 2134 1762 2204 quodammodo
1830 2136 2077 2208 proprize

437 2216 633 2288 gloriae
682 2219 1145 2290 magnitudinem
1205 2223 1488 2292 agnoscit,
1529 2223 1837 2294 indignum
1887 2223 2077 2295 seipso

435 2305 730 2362 existimat
787 2308 940 2364 inter
997 2325 1207 2380 pueros
1263 2311 1590 2377 numerari,
1647 2312 1915 2384 quamvis
1980 2313 2081 2368 illa

435 2399 574 2451 aetas
604 2401 839 2468 propter
869 2414 1039 2454 suam
1069 2399 1457 2456 temeritatem
1490 2417 1631 2456 cura
1673 2405 1730 2457 et
1772 2402 2080 2473 reprehen-

433 2482 597 2539 sione
626 2489 838 2541 careat.

506 2702 618 2758 Sed
650 2699 822 2774 plura
850 2701 1048 2759 volens
1077 2703 1270 2760 dicere
1313 2706 1373 2760 in
1420 2705 1783 2762 iterationem
1817 2706 2078 2771 devenio,

438 2807 566 2863 quas
622 2791 864 2847 minime
914 2791 1320 2848 laudatoribus
1369 2795 1659 2867 congruit.
1707 2795 1930 2850 Etenim
1982 2795 2084 2850 illa

441 2896 570 2952 quae
615 2881 687 2936 de
732 2885 787 2936 te
831 2898 1029 2952 puero,
1064 2881 1316 2938 maxime
1346 2900 1463 2951 rex,
1498 2884 1688 2939 dicere
1720 2900 1811 2939 me
1842 2883 2080 2940 induce-

445 2970 572 3036 bas,
593 2971 795 3026 eadem
818 2971 890 3025 de
918 2971 1132 3044 seipso,
1154 2977 1294 3027 tuus
1324 2972 1606 3041 delectus,
1629 2989 1795 3028 meus
1823 2991 1958 3030 vero
1988 2990 2086 3030 rex

442 3075 536 3114 me
556 3057 746 3114 dicere
767 3058 1012 3115 inducit.
1032 3060 1177 3115 Cum
1200 3061 1355 3116 enim
1383 3061 1459 3117 sit
1477 3079 1751 3134 expressa
1770 3067 1870 3118 tua
1890 3063 2084 3136 imago

443 3163 682 3203 movens
737 3151 795 3203 et
848 3148 1064 3217 vivida,
1115 3154 1452 3221 naturaeque
1508 3151 1744 3207 dotibus
1799 3151 2084 3222 particeps

2185 1955 2260 2016 ὡς
2318 1952 2565 2030 ἀνδρικὸν
2622 1959 2784 2009 τοῦτο
2841 1955 2930 2009 καὶ
2989 1960 3228 2030 γενναῖον
3288 1954 3418 2008 εἶναι
3468 1953 3559 2008 καὶ
3605 1949 3822 2026 ἀψευδὲς

2182 2046 2281 2113 τῆς
2329 2043 2885 2120 ἷσχυρογνωμοσύνης
2933 2045 3253 2118 τεκμήριονο
3304 2041 3423 2097 ὅθεν
3462 2039 3588 2097 οὐδὲ
3615 2038 3820 2096 πάντων

2186 2135 2427 2204 ἅπτεται,
2489 2130 2614 2187 οὐδὲ
2661 2133 2796 2206 πρὸς
2844 2133 3013 2186 πάντα
3061 2137 3288 2186 κινεῖται
3333 2130 3432 2186 ὅσα
3462 2129 3529 2200 δὴ
3580 2131 3669 2185 καὶ
3701 2151 3823 2183 παι-

2190 2219 2328 2282 δίοις
2363 2219 2477 2276 οὖσι
2509 2224 2794 2296 προσήκει,
2846 2219 2971 2276 ἀλλ’
3021 2221 3204 2276 ἑαυτὸν
3261 2222 3504 2296 κατέχει,
3552 2214 3824 2292 ἐμϐριμώ-

2192 2333 2352 2384 μενος
2385 2311 2565 2386 ὥσπερ
2596 2315 2662 2384 τῇ
2710 2310 3019 2381 νηπιότητι,
3068 2311 3159 2364 καὶ
3205 2315 3284 2382 τῷ
3333 2308 3709 2384 ἐπιγινώσκειν
3753 2306 3825 2360 οῖ-

2190 2402 2298 2455 ονεὶ
2348 2402 2409 2456 τὸ
2465 2403 2564 2469 τῆς
2611 2401 3004 2475 ὑπερκειμένης
3055 2406 3223 2471 τιμῆς
3281 2399 3576 2474 ὑπερέχον,
3625 2396 3823 2465 ἀνάξιον

2188 2491 2378 2546 ἐαυτοῦ
2409 2491 2544 2545 κατά
2571 2487 2766 2551 παῖδας
2797 2489 3046 2566 φέρεσθαι
3092 2488 3313 2564 κρίνων,
3344 2487 3391 2542 εί
3421 2487 3511 2542 καὶ
3550 2485 3733 2546 ἄλλως
3762 2481 3825 2538 δι’

2190 2578 2508 2648 ἁπαλότητα
2536 2579 2817 2634 ἀνεύθυνον
2847 2582 3009 2633 τοῦτο
3039 2578 3126 2632 καὶ
3162 2574 3554 2646 ἀνεπίληπτον.

2263 2701 2441 2760 Ἀλλᾶ
2467 2703 2567 2779 γὰρ
2610 2703 2789 2759 πλείω
2842 2702 3180 2779 βουλόμενος
3228 2701 3350 2778 περῖ
3393 2701 3593 2757 τούτου
3641 2699 3822 2774 λέγειν,

2191 2792 2267 2856 εἱς
2301 2789 2711 2869 δευτερολογίαν
2741 2792 2998 2870 ἀφίξομαι
3043 2798 3161 2854 τοῖς
3211 2790 3666 2866 ἐγκωμιαστικοῖς
3713 2787 3826 2855 ἥκι-

2191 2903 2289 2938 στα
2335 2882 2663 2958 πρέπουσαν.
2713 2884 2780 2936 "A
2830 2883 2933 2956 γὰρ
2982 2879 3045 2936 σὺ
3093 2881 3216 2957 περὶ
3271 2884 3387 2951 σοῦ,
3434 2881 3652 2954 μέγιστε
3685 2878 3823 2952 βασι-

2195 2970 2328 3038 λεῦ,
2377 2967 2569 3032 παιδὸς
2619 2965 2772 3032 ὄντος
2823 2974 3082 3046 παρεῖχες
3133 2968 3322 3040 εἰπεῖν,
3372 2968 3513 3023 αὐτὰ
3561 2965 3628 3036 δὴ
3672 2969 3824 3019 ταῦτα

2191 3060 2315 3136 περὶ
2347 3061 2540 3115 ἐαυτοῦ
2565 3057 2744 3134 λέγειν
2794 3058 2943 3114 καὶὸ
2992 3060 3083 3121 σὸς
3133 3059 3226 3130 μὶν
3277 3055 3563 3135 φίλτατος,
3599 3055 3724 3129 ἐμὸς
3774 3049 3826 3106 δὲ

2191 3144 2562 3225 προϐάλλεται
2620 3146 2894 3224 βασιλεύςο
2947 3142 3179 3223 ἀκριϐὴς
3237 3148 3342 3222 γάρ
3396 3167 3496 3201 σου
3553 3143 3826 3219 τυγχάνων

442 3236 712 3309 egregiis,
746 3236 939 3292 nescio
970 3238 1262 3309 quomodo
1293 3254 1546 3310 peccem,
1581 3240 1630 3295 si
1663 3239 1864 3296 laudes
1908 3241 1979 3295 de
2025 3245 2081 3296 te

2195 3238 2351 3294 εἰκὼν
2411 3238 2697 3310 κινουμένη
2745 3237 2835 3292 καὶ
2898 3241 3040 3306 ζῶσα
3087 3236 3176 3290 καὶ
3228 3239 3337 3290 τῶν
3387 3239 3628 3312 φυσικῶν
3658 3231 3829 3306 αὐχη-

2255 3327 2265 3342 1
2546 3327 2556 3342 ι
2860 3325 2873 3342 ν
3004 3321 3056 3342 νδ
3195 3329 3222 3339 -
3357 3323 3370 3342 9
3504 3324 3518 3342 τ
3572 3323 3583 3342 ι
3747 3316 3824 3342 ημὶ

441 3324 501 3380 in
534 3325 657 3398 pari
690 3325 946 3380 infantiae
973 3327 1156 3398 gradu
1189 3327 1507 3383 constituto
1544 3329 1617 3384 ad
1669 3328 1848 3384 istum
1893 3328 2081 3384 ﬁlium

445 3413 714 3470 referam.
747 3413 961 3470 Verum
993 3416 1288 3472 enimvero
1318 3433 1390 3472 ne
1420 3433 1626 3473 rursus
1673 3418 1732 3472 in
1778 3417 2087 3474 necessita-

443 3507 560 3559 tem
587 3503 713 3574 jam
745 3503 904 3558 dicta
935 3504 1220 3560 referendi
1251 3505 1648 3575 deveniamus,
1672 3505 1818 3563 tales
1846 3507 1954 3562 tibi
1987 3525 2062 3563 na

445 3596 564 3659 tus,
614 3608 649 3646 a
702 3593 811 3648 Deo
867 3592 1139 3662 donatus,
1186 3594 1419 3666 qualem
1468 3596 1571 3651 tibi
1629 3596 1766 3652 dare
1819 3602 2086 3668 precatus

445 3697 529 3746 es,
562 3681 679 3736 imo
727 3686 858 3737 vota
900 3687 1002 3737 tua
1049 3689 1306 3756 superat,
1339 3685 1480 3740 dum
1522 3691 1689 3742 aetate
1727 3687 1978 3759 proﬁcit,
2009 3691 2088 3742 te-

448 3785 582 3826 cum
613 3769 769 3842 regio
799 3787 1042 3827 munere
1074 3774 1345 3845 fungens,
1377 3774 1434 3829 in
1475 3775 1632 3830 curis
1672 3777 2086 3832 communibus

447 3856 553 3913 tibi
583 3858 797 3926 socius,
831 3861 888 3914 in
938 3861 1197 3918 consiliis
1242 3863 1472 3933 adiutor
1510 3864 1797 3937 egregius,
1829 3865 1887 3919 in
1938 3864 2088 3920 bello

450 3951 798 4019 prapotens,
848 3949 1164 4006 virtutibus
1221 3952 1530 4022 praeclarus
1586 3960 1644 4008 et
1697 3954 1756 4008 in
1813 3953 2088 4010 omnibus

452 4036 702 4109 negotiis
731 4036 997 4108 miratus,
1019 4036 1282 4094 laetitiam
1313 4040 1548 4111 quidem
1581 4057 1650 4096 ex
1679 4041 1770 4096 bis
1801 4043 1904 4098 tibi
1937 4043 2087 4114 patri

451 4125 721 4194 efferens,
752 4125 1012 4182 laetitiam
1063 4128 1284 4183 caateris
1334 4128 1694 4198 hominibus,
1727 4129 1985 4186 laetitiam
2034 4136 2092 4186 et

452 4215 596 4271 mihi
631 4214 866 4281 oratori,
900 4215 1020 4288 qui,
1054 4217 1103 4272 si
1136 4222 1367 4273 tantum
1399 4219 1486 4273 fas
1515 4222 1604 4274 est
1633 4220 1776 4275 satis
1805 4220 1923 4275 vita
1953 4220 2089 4288 frui,

451 4303 720 4377 quamvis
749 4304 860 4359 sim
885 4305 1009 4376 jam
1041 4309 1206 4361 atate
1240 4312 1567 4378 provectus,
1602 4306 1933 4380 permittam
1966 4309 2091 4364 nul-

452 4393 575 4450 lum
629 4411 698 4451 ex
746 4394 818 4450 iis
867 4395 1141 4467 praeclare
1179 4396 1358 4469 gestis
1391 4398 1694 4470 praeteriri,
1727 4409 1898 4470 quem
1945 4399 2090 4455 illud

451 4483 730 4540 laudibus
759 4483 1016 4540 efferam.
1050 4487 1136 4540 Tu
1167 4503 1321 4552 vero,
1354 4486 1445 4541 cui
1477 4503 1648 4542 nemo
1688 4487 1936 4544 conferri
1986 4504 2093 4560 po-

450 4576 566 4628 test
594 4573 731 4645 (non
764 4573 947 4628 habeo
979 4574 1135 4629 enim
1169 4576 1340 4645 cujus
1370 4579 1535 4646 gesta
1566 4575 1733 4631 facile
1770 4576 1892 4632 tuis
1935 4593 2090 4632 com-

453 4663 712 4734 ponam),
744 4667 938 4718 tamen
988 4662 1154 4719 vince
1200 4663 1478 4736 teipsum,
1509 4664 1750 4721 virtutes
1779 4666 2095 4722 virtutibus

454 4768 686 4823 semper
734 4754 1048 4808 astruendo
1099 4752 1171 4824 (si
1214 4755 1354 4824 quid
1388 4759 1675 4826 superest,
1709 4755 1864 4825 quod
1905 4755 2095 4810 adhuc

453 4839 723 4912 pristinis
780 4841 1066 4912 adjicias),
1117 4840 1507 4914 praeclaraque
1556 4840 1868 4914 praeclaris.
1917 4844 2096 4900 Vince

454 4929 630 4982 etiam
679 4933 976 4984 oratorum
1026 4930 1313 4996 ardorem,
1347 4946 1496 5002 quos
1550 4933 1704 5002 apud
1758 4925 1813 5003 te
1859 4935 2096 5003 tempus

455 5016 794 5072 convocabit
837 5021 893 5072 et
931 5035 1070 5074 sane
1105 5019 1311 5074 multis
1342 5020 1622 5090 conferet,
1644 5007 1954 5101 adju‘vante
1978 5021 2094 5076 Deo

454 5103 654 5172 simul,
687 5109 744 5160 et
784 5104 885 5160 illa
925 5111 1027 5160 tua
1070 5107 1292 5178 optima
1318 5108 1593 5164 facultate
1626 5104 1937 5181 deligendi,
1970 5127 2096 5182 quas

453 5193 561 5250 tibi
593 5195 878 5250 bonorum
911 5200 1228 5267 oratorum,
1254 5214 1476 5253 necnon
1506 5202 1563 5252 et
1591 5197 1838 5253 aliorum
1871 5204 2097 5255 sancto-

453 5300 584 5339 rum
612 5283 918 5338 hominum
943 5284 1170 5356 copiam
1193 5286 1547 5357 suppeditat.
1575 5290 1672 5342 Est
1701 5287 1855 5342 enim
1889 5287 2093 5342 talium

452 5373 815 5429 abundantia
855 5373 1004 5429 sicut
1054 5378 1111 5430 et
1156 5374 1502 5446 disparium,
1535 5375 1948 5432 sceleratorum
1982 5377 2096 5433 duo

450 5467 509 5518 et
557 5461 960 5518 adulterorum
999 5467 1056 5518 et
1085 5464 1467 5534 perditorum,
1499 5481 1625 5536 qua
1659 5469 1909 5536 utroque
1938 5465 2098 5538 prin-

450 5551 598 5623 cipis
627 5567 827 5607 secum
851 5552 1038 5608 facere
1070 5549 1341 5623 celebrat,
1364 5553 1532 5624 copia
1559 5553 1844 5609 bonorum
1873 5555 2096 5610 bonum

451 5641 621 5697 illum
653 5657 804 5705 esse,
837 5640 1064 5712 copiam
1098 5638 1388 5695 malorum
1421 5641 1635 5696 malam
1663 5659 1675 5696 :
1709 5642 1887 5699 altare
1917 5645 2096 5712 enim,

445 5730 634 5805 piunt,
667 5729 888 5803 templo
918 5729 1227 5810 convenire
1269 5733 1325 5790 et
1372 5730 1703 5802 subjectum
1731 5732 1974 5805 regenti.
2011 5733 2099 5788 In-

2198 3327 2380 3401 μάτων
2439 3327 2760 3402 μετέχουσα,
2820 3325 2918 3380 οὐκ
2973 3321 3093 3380 οἶδα
3147 3329 3265 3386 πῶς
3315 3323 3418 3379 οὐκ
3475 3323 3696 3382 εἰκότως
3746 3316 3827 3372 καὶ

2190 3415 2318 3479 τοὺς
2378 3416 2450 3478 ὡς
2506 3414 2557 3470 ἐν
2609 3412 2830 3484 ἡλικίας
2885 3414 3066 3490 μέτρῳ
3110 3411 3356 3486 τοσούτῳ
3404 3413 3531 3490 περὶ
3580 3415 3673 3466 σοῦ
3701 3406 3826 3482 πρὸς

2193 3504 2378 3560 ἐαυτὸν
2433 3501 2779 3582 ἐφελκύσεται
2830 3501 3059 3578 λόγους.
3112 3503 3209 3558 ¹Ίν’
3254 3499 3344 3555 οὖν
3397 3503 3507 3575 μὴν
3554 3499 3642 3556 καὶ
3688 3495 3828 3582 αὖθις

2195 3594 2274 3656 εἷς
2320 3579 2554 3669 ἀνάγκην
2603 3596 2702 3647 τοῦ
2749 3592 2916 3646 ταυτᾶ
2964 3589 3137 3666 λέγειν
3185 3585 3474 3663 ἔλθοιμεν,
3527 3590 3555 3644 ὁ
3607 3588 3696 3661 μὲν
3745 3579 3826 3638 οὖν

2195 3683 2310 3744 υἱὸς
2367 3679 2610 3736 τοιοῦτός
2662 3702 2748 3736 σοι
2802 3680 2949 3756 παρά
3006 3684 3140 3736 Θεοῦ
3197 3677 3534 3754 δεδώρηται,
3597 3672 3826 3752 βασιλεῦ,

2197 3773 2384 3827 ὁποῖον
2444 3768 2590 3842 ηὔξω
2655 3767 2901 3833 δεδόσθαι
2957 3790 3080 3840 σοι,
3135 3768 3224 3822 καὶ
3282 3769 3459 3840 νικῴη
3523 3767 3615 3827 τὰς
3674 3759 3828 3836 εύχᾶς

2195 3855 2504 3938 προϐαίνων
2545 3863 2625 3930 τῷ
2673 3857 2882 3934 χρόνῳ,
2927 3859 3026 3926 τὴν
3086 3855 3360 3933 βασίλειόν
3416 3878 3503 3911 σοι
3545 3850 3825 3910 συνδιέπων

2195 3951 2374 4027 ἀρχὴν
2446 3947 2534 4003 καί
2602 3948 2697 4010 τὰς
2771 3947 2956 4008 κοινὰς
3033 3944 3397 4023 συνδιαφέρων
3478 3939 3764 4027 φροντίδαςΔ
3813 3979 3827 4004 ,

2198 4023 2508 4115 διαπρέπων
2538 4035 2589 4092 ἐν
2655 4036 2900 4112 βουλαῖς·
2945 4034 3237 4111 ἀριστεύων
3292 4034 3344 4089 ἐν
3404 4023 3696 4106 πολέμοις,
3745 4023 3828 4080 δο-

2198 4128 2489 4200 ξαζόμενος
2543 4126 2595 4181 ἐν
2661 4126 2898 4200 ἀρεταῖς,
2949 4124 3037 4179 καὶ
3086 4123 3174 4178 ἐπὶ
3221 4128 3350 4177 πᾶσι
3401 4125 3682 4200 πράγμασι
3719 4118 3831 4170 θαυ-

2202 4217 2503 4290 μαζόμενος
2538 4263 2553 4287 ,
2612 4213 2943 4291 εὐφροσύνην
3026 4214 3119 4285 μὶν
3201 4209 3291 4267 διὰ
3357 4212 3566 4267 τούτων
3633 4229 3711 4263 σοι
3761 4205 3834 4272 τῷ

2199 4305 2384 4381 πατρὶ,
2447 4304 2778 4382 εὐφροσύνην
2839 4300 2896 4358 δὲ
2951 4301 3041 4357 καὶ
3091 4306 3171 4373 τῷ
3217 4298 3398 4372 λοιπῷ
3448 4301 3590 4375 γένει
3640 4292 3828 4360 διδοὺς,

2197 4400 2277 4467 τῷ
2305 4392 2361 4448 δὲ
2409 4392 2739 4470 λογογράφῳ
2785 4388 2928 4463 τῷδε
2974 4390 3044 4465 (εἰ
3093 4390 3195 4465 ἄρα
3239 4392 3501 4444 τοσοῦτον
3552 4401 3830 4470 συγχωρη-

2201 4482 2422 4556 θείημεν
2494 4467 2791 4537 ἀπολαύειν
2863 4483 2959 4534 τοῦ
3038 4479 3182 4555 βίου)
3237 4477 3496 4552 γλυκείας
3563 4467 3832 4554 φροντίδος

2201 4571 2527 4648 πειρωμένῳ
2561 4617 2574 4643 ,
2630 4570 2820 4645 καίπερ
2879 4564 2993 4623 ὄντι
3050 4589 3111 4644 γε
3164 4570 3464 4638 τηνικαῦτα
3529 4556 3830 4641 πρεσϐύτῃ,

2125 4644 2171 4709 D
2207 4644 2480 4735 μηδεμίαν
2555 4664 2662 4714 τῶν
2745 4644 2998 4733 μεγάλων
3055 4658 3220 4712 αὐτοῦ
3295 4655 3541 4732 πράξεων
3601 4649 3832 4735 παριέναι

2205 4734 2393 4825 λόγοις
2443 4747 2762 4824 ἀγέραστον.
2813 4747 2890 4803 Σὺ
2937 4744 3016 4821 δὲ,
3060 4745 3380 4823 ἀσύγκριτος
3431 4743 3506 4801 ὢν
3556 4743 3689 4818 πρὸς
3715 4734 3832 4794 τοὺς

2204 4837 2409 4902 ἄλλους
2459 4837 2544 4911 (ού
2590 4838 2694 4913 γὰρ
2742 4835 2942 4912 ἔχομεν
2995 4835 3121 4891 ὅτου
3172 4832 3372 4911 ῥᾳδίως
3419 4834 3635 4911 πράξεις
3679 4843 3832 4901 παρα-

2205 4924 2430 4984 ϐάλλειν
2478 4932 2599 4989 ταῖς
2649 4929 2811 4998 σαῖς),
2861 4924 3016 4999 ὅμως
3061 4923 3185 4979 νίκα
3231 4924 3450 4993 σαυτὸν,
3494 4921 3683 4997 ἀρετὰς
3724 4916 3834 4970 ταῖς

2205 5015 2444 5078 ἐνούσαις
2498 5015 2578 5070 ἀεὶ
2630 5013 2934 5090 προστιθεὶς
2981 5059 2995 5086 ,
3053 5010 3107 5067 εἷ’
3175 5033 3234 5089 γε
3310 5011 3340 5066 ὅ
3411 5033 3465 5067 τι
3527 5005 3835 5090 προσθήσεις

2203 5102 2514 5174 κατέλιπες,
2565 5085 2971 5179 καὶῑᾶριστείας
3021 5107 3141 5164 ταῖς
3189 5085 3527 5176 ἀριστείαις.
3572 5085 3710 5152 γΝίκα
3755 5085 3836 5144 καὶ

2203 5196 2303 5264 τὴν
2333 5198 2439 5248 τῶν
2474 5191 2720 5270 ῥητόρων
2766 5188 3028 5264 σπουδὴν,
3081 5190 3173 5253 οὓς
3226 5189 3286 5246 ἃν
3319 5191 3348 5245 ὁ
3391 5188 3528 5245 κατὰ
3557 5186 3614 5242 σὶ
3649 5179 3834 5278 χρόνος

2207 5283 2430 5361 ἐνέγκοι,
2478 5279 2724 5344 πολλοὺς
2775 5279 2832 5336 δὲ
2879 5282 3097 5343 πάντως
3155 5278 3378 5350 ἐνοίσει,
3435 5281 3568 5336 Θεοῦ
3621 5294 3700 5330 σοι
3739 5285 3833 5361 *και

2205 5357 2311 5443 τῆς
2364 5373 2571 5447 ἀγαθῆς
2624 5370 2990 5448 προαιρέσεως
3059 5370 3150 5426 καὶ
3204 5370 3302 5438 τὴν
3369 5368 3575 5425 τούτων
3628 5357 3786 5441 φορὰν
3817 5397 3832 5423 ι

2208 5462 2346 5527 καθᾶ
2375 5459 2442 5530 δὴ
2492 5459 2581 5515 καῖ
2619 5465 2724 5515 τῶν
2775 5457 2963 5516 ἄλλων
3016 5459 3224 5535 ἀγαθῶν
3272 5455 3502 5533 ἀνδρῶν,
3533 5451 3835 5535 ἐνεργήᾷσογ

2207 5572 2322 5613 τος.
2383 5551 2534 5607 Ἐστι
2593 5550 2696 5625 γὰρ
2753 5549 2842 5605 καὶ
2896 5552 3003 5603 τῶν
3059 5546 3321 5603 τοιούτων
3374 5545 3535 5625 φορὰ,
3591 5533 3831 5625 βασιλ-εὖ»

2213 5639 2394 5714 ὥσπερ
2455 5635 2522 5705 δὴ
2579 5621 2678 5692 καὶ⁷
2725 5641 2832 5692 τῶν
2883 5636 3154 5707 ἐναντίων,
3202 5639 3310 5690 τῶν
3358 5633 3647 5708 λυμεώνων
3695 5621 3831 5694 λέγω

2213 5727 2302 5787 καὶ
2362 5725 2599 5803 ὀλέθρων
2633 5772 2647 5800 ,
2701 5726 2872 5782 αἰτίαν
2931 5725 3154 5803 ἑκατέρα
3223 5725 3321 5794 τὴν
3374 5728 3470 5780 τοῦ
3526 5716 3831 5795 κρατοῦντος
