4110 6440
453 497 572 563 419

1465 497 1780 560 GEORGII
1825 497 2088 560 CYPRII
2135 491 2251 558 ΟΡ.
2301 493 2826 562 ΡΑΤΒῘΑΒΟΗΙΕ

3705 503 3810 566 420

527 632 597 688 Et
627 647 765 686 sane
796 630 1046 687 Socratis
1076 629 1247 686 istius
1277 634 1406 686 acta
1434 635 1489 686 et
1518 645 1837 697 sermones,
1871 630 2077 702 quibus

2271 629 2368 683 Καὶ
2397 629 2574 684 τοίνυν
2630 629 2954 705 Σωκράτους
3011 631 3104 703 μὲν
3161 628 3319 686 τοῦδε
3366 630 3575 707 πράξεις
3625 654 3680 688 τε
3729 635 3809 688 καὶ

453 719 912 793 pulcherrimum
942 720 1069 774 vita
1131 718 1611 792 philosophorum
1667 719 1963 791 exemplar
1991 737 2084 775 ex-

452 809 622 874 stitit,
653 814 710 864 et
739 825 837 865 eos
895 809 995 880 qui
1052 807 1137 863 illi
1169 809 1537 864 adhaeserunt
1569 809 1837 864 meliores
1869 808 2087 880 duplici

453 899 627 954 modo
685 897 978 970 produxit,
1039 901 1164 952 tum
1220 914 1397 969 quam
1455 898 1673 969 optime
1722 914 1782 953 se
1813 897 2086 968 gerendo,

456 991 577 1043 tum
626 987 698 1042 de
751 987 924 1042 rebus
967 986 1181 1042 divinis
1226 991 1282 1042 et
1331 986 1625 1056 humanis,
1685 992 1750 1040 ut
1779 1002 1893 1040 non
1925 984 2086 1056 quis-

450 1076 629 1149 piam,
690 1075 1091 1148 philosophice
1147 1075 1546 1141 edisserendo,
1605 1074 1866 1129 evolvore
1913 1073 2090 1128 nimis

447 1165 690 1239 longum
721 1170 874 1220 esset
905 1169 1002 1219 aut
1033 1169 1193 1220 extra
1223 1169 1492 1218 nostrum
1539 1179 1792 1235 prasens
1821 1162 2086 1235 proposi-

449 1261 575 1310 tum
609 1271 622 1309 :
655 1270 810 1308 nunc
841 1258 1034 1309 autem
1067 1252 1234 1307 nobis
1279 1251 1399 1307 haec
1446 1252 1932 1322 prastereuntibus
1962 1251 2089 1321 (nec

447 1343 603 1399 enim
627 1341 794 1397 aliter
814 1341 934 1396 fieri
968 1345 1177 1412 potest)
1209 1357 1385 1395 unam
1409 1357 1477 1395 ex
1504 1341 1776 1395 omnibus
1799 1339 1857 1394 in
1891 1338 2089 1395 animo

443 1437 533 1488 est
563 1431 895 1503 praeclaram
954 1430 1205 1502 proferre
1262 1429 1635 1493 sententiam,
1668 1445 1794 1499 quis
1854 1433 1944 1484 est
1996 1445 2085 1484 sa-

449 1521 679 1595 pientiae
708 1520 1009 1576 Socratica;
1042 1535 1155 1574 non
1188 1519 1471 1574 incertum
1503 1518 1797 1590 specimen
1833 1535 1846 1573 :
1883 1535 1950 1573 ea
2001 1521 2090 1573 est

454 1626 581 1682 quae
611 1609 681 1666 de
712 1609 953 1674 ratione,
987 1607 1218 1679 qualem
1279 1612 1333 1661 et
1375 1611 1653 1679 quantam
1687 1606 1843 1661 illius
1876 1623 1994 1662 rem
2028 1606 2086 1660 in

451 1698 732 1764 animam,
766 1696 1048 1769 quamdiu
1109 1697 1237 1767 ejus
1296 1695 1555 1768 regimen
1604 1695 1796 1760 habet,
1832 1694 2086 1766 philoso-

448 1787 618 1861 phice
647 1785 942 1842 disseruit.

516 1896 587 1950 Et
616 1894 756 1967 quid
803 1892 990 1949 dicit?
1037 1914 1064 1941 ‹‹
1108 1891 1253 1947 Aliis
1299 1891 1570 1963 equidem
1602 1889 1713 1946 alia
1747 1895 1884 1946 sunt
1915 1907 2084 1945 orna-

2200 716 2394 793 λόγους
2452 718 2577 780 τοὺς
2641 717 2864 788 ἄλλους,
2918 717 2986 773 δι’
3035 720 3107 773 ὧν
3171 719 3463 775 κάλλιστον
3529 721 3809 796 ἀρχέτυπον

2199 812 2296 862 τοῦ
2361 804 2673 885 φιλοσόφων
2726 805 2931 883 ἐγένετο
2986 808 3127 883 βίου.
3173 809 3262 863 καὶ
3317 807 3559 884 βελτίους
3607 809 3724 872 τούς
3769 812 3812 884 γ’

2200 896 2385 968 ἐκείνῳ
2465 897 2910 973 προσεσχηκότας
2990 898 3315 973 ἑκατέρωθεν
3383 896 3597 970 ἔδειξεν,
3652 897 3698 970 ἐξ
3750 900 3816 952 ὧν

2197 1006 2255 1040 τε
2302 985 2376 1047 ὡς
2421 987 2609 1061 ἄριστα
2658 984 3066 1058 ἐπολιτεύσατο,
3113 986 3200 1042 καί
3252 988 3324 1041 ὧν
3375 988 3495 1062 περί
3556 1009 3612 1042 τε
3672 987 3813 1042 Θείων

2197 1075 2320 1150 περί
2375 1082 2420 1129 τ’
2475 1075 2823 1150 ἀνθρωπίνων
2885 1076 3218 1150 πραγμάτων
3283 1077 3356 1136 ὡς
3412 1073 3534 1130 οὖδέ
3584 1097 3663 1138 τις
3718 1075 3816 1153 ἐφι-

2201 1160 2495 1240 λοσόφησε,
2549 1161 2792 1236 διεξιέναι
2856 1165 3187 1239 μακρότερον
3239 1166 3296 1219 ἂν
3354 1162 3436 1233 εἴη
3478 1165 3511 1233 ἢ
3555 1165 3684 1219 κατά
3731 1167 3812 1219 τὸν

2197 1253 2438 1328 παρόντα
2483 1257 2579 1307 τοῦ
2633 1251 2800 1328 λόγου
2859 1254 3081 1308 σκοπόν·
3132 1253 3246 1307 νυνὶ
3293 1252 3336 1308 δ’
3383 1253 3598 1330 ἀφέντας
3657 1254 3816 1308 ἐκεῖνα

2191 1341 2344 1410 (οὐδὲ
2397 1343 2499 1416 γὰρ
2549 1340 2734 1404 ἄλλως
2786 1342 2897 1396 οἷόν
2961 1345 3059 1414 τε),
3104 1342 3158 1396 ’ἐν
3205 1342 3255 1411 ἐξ
3298 1344 3542 1396 ἁπάντων
3593 1345 3815 1417 ἡγοῦμαι

2196 1436 2475 1505 προθεῖναι
2530 1431 2720 1500 καλὸν,
2754 1427 2810 1485 ὅν
2855 1453 2917 1506 γε
2965 1432 3052 1485 καὶ
3098 1436 3258 1487 τοῦτο
3302 1431 3400 1487 οὐκ
3450 1429 3679 1506 ἀμυδρόν
3726 1438 3816 1499 τῆς

2201 1521 2520 1595 Σωκράτους
2601 1519 2791 1598 σοφίας
2872 1522 3191 1595 τεκμήριον·
3250 1522 3313 1574 τὸ
3399 1517 3455 1573 δέ
3533 1519 3687 1589 ἐστιν,
3736 1519 3817 1594 ὅγε

2196 1609 2318 1683 περὶ
2377 1613 2474 1663 τοῦ
2537 1607 2724 1684 λόγου,
2786 1609 2898 1663 οἷόν
2952 1630 3002 1662 τι
3060 1610 3149 1663 καὶ
3222 1608 3346 1664 ὅσον
3407 1609 3562 1670 οὗτος
3619 1605 3816 1662 δύναται

2196 1697 2271 1759 εἷς
2321 1699 2526 1772 ψυχὴν,
2578 1697 2812 1768 ὁπηνίκα
2875 1700 2976 1767 τὴν
3046 1698 3246 1767 ταύτης
3313 1692 3626 1774 κυϐἐρνησιν
3686 1695 3815 1774 ἔχοι,

2196 1785 2578 1865 ἐφιλοσόφησε.

2267 1894 2363 1947 Καὶ
2418 1895 2469 1948 τί
2522 1913 2698 1970 φησι;
2756 1918 2783 1942 ‹‹
2843 1891 3072 1954 Ἀλλοις
3137 1894 3228 1966 μὲν
3309 1890 3453 1947 ἄλλα
3533 1897 3820 1966 κοσμεῖται·

444 1989 689 2040 menta:
722 1981 934 2038 animae.
993 1997 1124 2037 vero
1171 1980 1471 2052 proprium
1521 1984 1928 2035 ornamentum
1961 1978 2077 2034 sola

2194 1986 2378 2057 ψυχῆς
2429 1980 2485 2036 δὶ
2542 1986 2838 2059 κοσμήτωρ
2902 1982 3103 2043 οἰκεῖος
3165 1982 3331 2055 μόνος
3361 1983 3389 2035 ὁ
3431 1979 3614 2056 λόγος,
3647 1978 3711 2035 δι’
3765 1979 3821 2033 οὗ

450 2073 620 2143 ratio,
655 2087 757 2144 per
785 2086 962 2142 quam
993 2073 1106 2124 ista
1135 2085 1276 2125 sane
1331 2069 1527 2141 seipsa
1583 2067 1973 2140 pulcherrima
2001 2068 2082 2122 ef-

446 2159 668 2233 fulget;
699 2160 782 2214 ita
812 2163 896 2224 ut,
957 2158 1070 2213 nisi
1125 2156 1226 2212 illa
1279 2157 1388 2213 hoc
1418 2162 1829 2213 ornamentum
1877 2156 2084 2211 admit-

444 2254 554 2318 tat,
588 2246 916 2321 periculum
947 2251 1036 2303 est
1064 2263 1136 2302 ne
1193 2263 1545 2318 quocunque
1595 2247 1673 2302 sit
1729 2246 1926 2301 anima
1958 2252 2082 2301 tur-

442 2338 590 2411 pior.
625 2360 654 2388 ι)

514 2427 643 2483 Haec
673 2432 813 2483 sunt
838 2443 965 2498 quae
1021 2425 1093 2480 de
1150 2424 1370 2481 ratione
1409 2426 1676 2481 Socrates
1708 2425 1881 2480 habet
1914 2443 1925 2480 :
1960 2424 2079 2479 viro

441 2522 637 2572 autem
669 2519 726 2572 et
761 2513 924 2571 illius
951 2514 1237 2586 sapientia
1267 2513 1443 2586 digna
1472 2530 1599 2569 esse
1629 2514 1879 2586 quisque
1909 2530 2077 2569 accu-

439 2610 563 2661 rate
593 2604 923 2678 perspiciet,
959 2604 1007 2658 si
1038 2603 1130 2658 his
1160 2602 1543 2675 sequentibus
1574 2603 1859 2657 intendat.

511 2711 677 2767 Ratio
707 2710 912 2766 animas
943 2715 1166 2768 coercet
1195 2711 1500 2782 impetum,
1538 2715 1595 2765 et
1620 2710 1906 2765 malorum
1939 2727 2074 2765 con-

437 2800 798 2872 cupiscentia
829 2800 1051 2854 ratione
1081 2799 1316 2871 fugatur
1347 2815 1360 2854 :
1394 2798 1767 2870 potissimum
1797 2816 1931 2855 vero
1964 2800 2076 2854 ista

437 2907 540 2962 per
569 2889 853 2945 rationem
884 2888 942 2943 in
966 2889 1248 2943 virtutum
1274 2892 1544 2942 naturam
1576 2891 1810 2944 abeunt.
1843 2888 2074 2944 Scimus

435 2979 591 3034 enim
621 2978 814 3033 enasci
848 2977 1198 3043 virilitatem,
1257 2993 1392 3031 cum
1424 2976 1569 3032 ratio
1616 2977 1901 3048 impetum
1942 2977 2067 3032 ani-

437 3084 546 3123 mae
577 3068 926 3134 comitatur;
957 3071 1015 3122 et
1045 3066 1302 3137 aliquam
1362 3082 1484 3120 rem
1537 3066 1759 3120 ratione
1789 3066 2073 3138 concupi-

433 3162 690 3211 scentem
723 3172 894 3210 nemo
926 3161 990 3210 ut
1019 3154 1240 3209 malum
1273 3155 1647 3226 objurgaret;
1678 3154 1822 3225 justi
1855 3155 2070 3209 haben-

431 3251 529 3300 tur
557 3245 847 3310 homines,
878 3245 977 3300 sed
1031 3260 1163 3298 cum
1197 3243 1290 3298 his
1341 3260 1466 3314 quae
1517 3243 1756 3314 faciunt,
1789 3243 2070 3298 rationem

435 3334 755 3400 adhibent;
788 3338 843 3389 et
877 3333 1168 3404 sapientes
1227 3349 1342 3387 non
1399 3333 1533 3403 quis
1590 3333 1935 3399 nominabit,
1968 3333 2068 3388 sed

435 3438 584 3493 quos
613 3422 772 3478 novit
802 3421 1086 3477 rationem
1137 3420 1387 3476 maxime
1419 3426 1756 3493 prosecutos
1783 3439 1795 3488 ;
1830 3421 2071 3477 scientia

433 3526 536 3583 per
565 3511 848 3566 rationem
903 3511 1100 3566 anima
1127 3509 1459 3577 instruitur,
1491 3514 1548 3564 et
1577 3509 1843 3565 notitiam
1877 3526 2071 3565 rerum

434 3616 561 3671 quas
589 3615 767 3655 sensu
796 3598 1082 3671 effugiunt
1139 3615 1206 3654 ex
1244 3599 1467 3654 ratione
1510 3599 1778 3654 homines
1809 3599 2070 3670 assequi-

435 3705 569 3743 mur
587 3709 608 3756 ,-
640 3687 1005 3744 mirationem
1036 3688 1212 3744 habet
1242 3687 1402 3744 solus
1447 3689 1621 3744 homo
1652 3705 1828 3760 super
1855 3694 2070 3743 terram

430 3776 534 3832 sed
582 3776 861 3832 nimirum
920 3783 1154 3848 propter
1212 3777 1516 3842 rationem,
1549 3782 1605 3832 et
1634 3794 1813 3849 supra
1844 3782 2074 3832 terrena

430 3868 546 3920 stat
575 3863 720 3920 illud
753 3864 967 3920 animal
999 3865 1240 3921 rationis
1273 3883 1450 3921 manu
1483 3866 1722 3920 ductum
1759 3891 1772 3933 ;
1815 3867 2068 3936 inventa,

433 3958 592 4009 artes
621 3958 678 4008 et
712 3953 960 4010 artificia
988 3953 1436 4022 omnia,ratione
1466 3955 1813 4027 gignuntur;
1840 3955 2070 4027 sapien-

433 4041 530 4098 tiae
562 4047 750 4098 mater
805 4043 970 4112 ratio,
1030 4046 1086 4097 et
1138 4043 1329 4099 omnis
1359 4043 1542 4098 virtus
1591 4043 1874 4099 rationem
1905 4060 2072 4116 gene-

434 4131 640 4188 tricem
671 4132 942 4188 obtinuit.
975 4131 1101 4187 Non
1134 4131 1326 4187 locum
1360 4132 1536 4188 habet
1566 4133 1812 4199 malum,
1843 4133 1942 4188 ubi
1972 4132 2074 4188 illa

434 4224 594 4277 tenet
623 4222 955 4294 imperium,
989 4227 1046 4277 et
1075 4221 1266 4277 omnis
1296 4221 1478 4277 virtus
1510 4222 1820 4278 adducitur
1850 4239 1951 4294 per
1980 4238 2070 4277 ra-

435 4310 613 4367 tionis
644 4310 994 4367 libertatem.

502 4489 631 4545 Haec
662 4492 718 4544 et
747 4488 916 4562 plura
945 4490 1117 4545 etiam
1161 4490 1219 4544 in
1253 4490 1450 4546 anima
1479 4506 1578 4562 per
1639 4489 1922 4546 rationem
1953 4491 2074 4548 efﬁ-

432 4577 684 4646 ciuntur,
745 4595 880 4634 cum
938 4578 1100 4634 illius
1145 4578 1626 4652 gubernationem
1671 4579 1918 4651 arripuit
1965 4598 1977 4636 :
2021 4582 2070 4635 si

433 4673 626 4724 autem
658 4667 815 4723 aliud
849 4685 950 4739 pro
979 4666 1082 4722 illa
1138 4668 1396 4723 animam
1428 4667 1784 4739 dominatur,
1845 4673 1988 4740 quot
2017 4673 2074 4725 et

2195 2069 2260 2140 δὴ
2307 2073 2393 2126 καὶ
2442 2072 2711 2140 καλλίστη
2763 2071 2896 2139 αὖτή
2945 2072 3138 2139 ἑαυτῆς
3197 2070 3595 2148 καταφαίνεται·
3638 2070 3728 2138 ὡς,
3777 2067 3822 2122 εί

2194 2162 2269 2233 μὴ
2337 2159 2491 2221 οὗτός
2541 2182 2603 2234 γε
2656 2163 2921 2233 κοσμήσει
2984 2154 3338 2232 παραλαϐὼν,
3382 2156 3672 2214 κινδυνεύει
3731 2161 3818 2210 τοῦ

2189 2250 2388 2311 παντὸς
2421 2249 2624 2325 αἰσχίω
2656 2251 2787 2304 εἷναι
2819 2252 3021 2324 ψυχήν.
3059 2276 3085 2300 ››

2263 2428 2357 2482 Καὶ
2391 2427 2424 2481 ἃ
2470 2429 2565 2500 μὶν
2620 2427 2742 2503 περὶ
2790 2432 2886 2482 τοῦ
2935 2427 3104 2502 λόγου
3150 2429 3466 2502 Σωκράτης,
3518 2431 3700 2481 ταῦτα’
3749 2425 3815 2485 ὡς

2187 2511 2246 2568 δὲ
2291 2518 2387 2569 τοῦ
2431 2513 2625 2590 ἀνδρὸς
2676 2514 2794 2584 ἄξια
2840 2515 2926 2568 καὶ
2978 2517 3075 2583 τῆς
3125 2515 3328 2569 ἐκείνου
3370 2515 3562 2593 σοφίας
3592 2507 3816 2590 ἀκριϐώ-

2187 2605 2321 2659 σαιτ’
2354 2605 2412 2658 ἄν
2443 2625 2528 2666 τις
2557 2602 2761 2674 καλῶς,
2795 2604 3081 2679 προσέχων
3112 2609 3228 2665 τοῖς
3265 2605 3398 2677 μετά
3426 2608 3612 2660 ταῦτα.

2255 2711 2432 2786 Λόγος
2499 2718 2600 2780 τῆς
2677 2714 2861 2786 ψυχῆς
2940 2709 3160 2786 ἐξορίζει
3235 2712 3428 2784 θυμὸν,
3482 2711 3570 2766 καὶ
3649 2713 3815 2764 κακῶν

2185 2799 2443 2873 ἐπιθυμία
2509 2798 2862 2877 φυγαδεύεται
2931 2797 3106 2875 λόγῳο
3163 2797 3399 2872 μάλιστα
3440 2797 3498 2854 δὲ
3551 2798 3682 2872 μετά
3726 2795 3811 2850 λό-

2182 2910 2280 2964 γου
2331 2888 2420 2942 καὶ
2475 2894 2640 2942 ταῦτα
2694 2888 2768 2950 εἷς
2826 2889 2920 2950 τὰς
2975 2893 3080 2943 τῶν
3158 2888 3361 2964 ἀρετῶν
3449 2883 3807 2962 μεταϐαίνουσι

2183 2977 2388 3054 φύσεις.
2475 2977 2749 3053 Γίγνεσθαι
2823 2978 2925 3054 γὰρ
3004 2976 3163 3050 ’ίσμεν
3239 2974 3481 3052 ἀνδρίαν,
3543 2979 3676 3050 μετᾶ
3727 2977 3807 3028 τοῦ

2184 3066 2353 3141 λόγου
2402 3071 2498 3120 τοῦ
2548 3071 2721 3138 θυμοῦ
2769 3066 3112 3141 γιγνομένου·
3167 3067 3256 3121 καὶ
3305 3068 3443 3121 κατὰ
3492 3065 3657 3140 λόγον
3706 3063 3809 3118 ἐπι-

2180 3157 2425 3229 θυμήσας
2482 3177 2565 3217 τις
2625 3155 2724 3210 οὒκ
2781 3157 2837 3210 ἂν
2887 3157 2963 3218 ὡς
3010 3157 3174 3218 κακὸς
3205 3151 3589 3210 διαϐάλλοιτο·
3625 3153 3809 3208 δίκαιοι

2180 3244 2494 3317 νομίζονται
2551 3242 2847 3315 ἄνθρωποι,
2876 3243 3004 3300 ἀλλ’
3048 3245 3196 3316 ὅταν,
3258 3245 3338 3323 ἐφ’
3387 3247 3463 3299 ὦν
3513 3244 3814 3319 πράττουσι,

2178 3334 2270 3388 τὸν
2324 3333 2483 3409 λόγον
2534 3328 2978 3408 προϐάλλωνται·
3029 3334 3118 3387 καὶ
3165 3335 3468 3412 φρονίμους
3539 3332 3635 3388 οὐκ
3700 3329 3820 3384 ὀνο-

2186 3423 2341 3496 μάσει
2384 3443 2490 3489 τις,
2543 3419 2670 3477 ἀλλ’
2718 3421 2808 3484 οὓς
2869 3419 2983 3477 οἶδε
3036 3421 3270 3495 μάλιστα
3316 3421 3698 3498 κεχρημένους
3747 3421 3818 3488 τῷ

2182 3509 2350 3586 λόγῳ”
2403 3509 2678 3582 ἐπιστήμη
2731 3509 2819 3564 διὰ
2885 3509 3056 3585 λόγου
3123 3512 3477 3587 προσγίνεται
3531 3515 3599 3584 τῇ
3651 3510 3815 3584 ψυχῇ,

2179 3600 2268 3654 καὶ
2324 3604 2519 3674 γνῶσιν
2571 3601 2668 3668 τὴν
2731 3600 2862 3676 ὑπὲρ
2922 3598 3168 3670 αἶ’σθησιν
3229 3599 3380 3672 μόνῳ
3426 3605 3506 3672 τῷ
3557 3597 3703 3673 λόγῳ
3733 3607 3823 3664 θη·-

2182 3689 2407 3764 ρεύομεν
2459 3685 2754 3762 ἄνθρωπον
2807 3691 3133 3762 θαυμάζεται
3186 3690 3349 3761 μόνος
3404 3688 3688 3764 ἄνθρωπος
3736 3683 3820 3737 ἐπὶ

2179 3786 2306 3853 γῆς,
2341 3775 2465 3833 ἀλλ’
2511 3775 2667 3833 ἕνεκά
2721 3800 2781 3853 γε
2834 3783 2932 3832 τοῦ
2991 3777 3306 3853 λόγου,καὶ
3367 3778 3504 3854 ὑπὲρ
3561 3777 3628 3831 τὰ
3683 3773 3820 3828 κάτω

2178 3868 2378 3943 γίνεται
2431 3872 2591 3922 τοῦτο
2640 3869 2700 3922 τὸ
2762 3873 2897 3937 ζῶον
2947 3873 3026 3940 τῷ
3087 3865 3237 3944 λόγῳ
3288 3866 3816 3944 χειραγωγούμενονσ

2181 3956 2433 4030 ἐπίνοιαι,
2477 3958 2668 4033 τέχναι
2726 3978 2784 4012 τε
2829 3963 2992 4012 πᾶσαι
3041 3957 3130 4011 καὶ
3185 3958 3453 4031 μηχαναὶ,
3507 3961 3604 4010 τοῦ
3667 3952 3823 4026 λόγου

2179 4049 2509 4121 γεννήματα’
2571 4046 2759 4124 σοφίας
2812 4047 2990 4122 πατὴρ
3024 4047 3051 4100 ὁ
3083 4044 3270 4121 λόγος,
3312 4045 3403 4099 καὶ
3464 4045 3630 4122 ἀρετὴ
3689 4047 3824 4095 πᾶσα

2179 4137 2478 4211 γεννήτορα
2541 4135 2633 4189 τὸν
2703 4135 2866 4210 λόγον
2914 4133 3314 4205 πεπλούτηκεν.
3375 4135 3490 4189 Οὐκ
3547 4130 3660 4208 ἔχει
3711 4130 3822 4206 χώ-

2182 4244 2274 4300 ραν
2334 4225 2514 4296 κακία,
2546 4223 2683 4280 ὅπου
2737 4226 2800 4279 τὸ
2856 4225 3051 4299 κράτος
3110 4219 3251 4299 ἔχων
3315 4222 3458 4278 ἐστὶν
3511 4223 3688 4289 οὗτος,
3737 4216 3825 4272 καὶ

2182 4314 2344 4389 ἀρετὴ
2402 4311 2459 4369 δὲ
2514 4319 2658 4368 πᾶσα
2869 4317 2965 4368 τοῦ
3040 4313 3208 4388 λόγου
3269 4311 3552 4389 παρρησίᾳ
3627 4307 3830 4382 εἰσάγε-

2179 4423 2285 4457 ται.

2249 4496 2423 4546 Ταῦτα
2482 4493 2574 4566 μὲν
2633 4489 2699 4560 δὴ
2747 4492 2836 4546 καὶ
2865 4491 2932 4546 τὰ
2957 4491 3164 4546 τούτων
3198 4488 3275 4546 ἔτι
3304 4490 3485 4546 πλείω
3517 4489 3606 4545 διὰ
3664 4487 3830 4561 λόγου

2181 4580 2384 4656 γίνεται
2430 4585 2499 4654 τῇ
2532 4585 2707 4657 ψυχῇ,
2740 4581 2863 4635 ὅταν
2910 4576 3012 4656 ἔχῃ
3063 4580 3427 4656 ἐγχειρισθεὶς
3475 4582 3577 4649 τήν
3631 4575 3826 4644 ταύτης

2179 4665 2514 4740 κυϐἐενησινο
2575 4670 2634 4724 ἂν
2694 4667 2738 4724 δ’
2796 4667 2977 4746 ἕτερον
3039 4669 3154 4724 ἀντί
3203 4670 3400 4724 τούτου
3484 4672 3658 4745 κρατῇ
3732 4671 3826 4732 τῆς

435 4760 654 4829 quanta
682 4754 874 4812 mala!
910 4757 1120 4813 Statim
1153 4757 1210 4811 in
1259 4773 1327 4812 ea
1380 4756 1760 4828 perturbatio,
1795 4774 1860 4813 ac
1891 4757 2074 4814 malo-

2193 4763 2384 4835 ψυχῆς,
2417 4762 2505 4814 οἶα
2561 4760 2649 4814 καὶ
2707 4759 2805 4814 ὅσα
2860 4759 2928 4814 τὰ
2982 4757 3232 4834 χαλεπαί
3284 4758 3432 4829 Ζάλη
3490 4758 3616 4834 περὶ
3664 4754 3824 4822 αὐτὴν

436 4862 566 4902 rum
615 4847 983 4915 resurrectio,
1033 4849 1091 4901 et
1137 4851 1476 4902 caaterorum
1529 4847 1819 4918 appetitus
1851 4852 1908 4902 et
1935 4864 2071 4904 con-

439 4933 817 5006 cupiscentia,
881 4935 1096 5005 quibus
1150 4934 1466 5007 illaqueata
1518 4935 1578 4990 in
1639 4936 2074 5008 sapientianon

434 5022 796 5090 consisteret,
829 5028 1020 5079 motus
1053 5025 1259 5078 rationi
1319 5023 1592 5080 contrarii
1640 5030 1696 5080 et
1735 5025 2071 5094 inordinati,

434 5116 610 5183 atque
657 5110 802 5166 nihil
837 5111 1082 5184 dignum
1139 5128 1204 5168 ac
1261 5113 1556 5169 decorum.
1592 5112 1760 5179 Nam,
1793 5115 2074 5185 quoniam

433 5215 796 5271 quascunque
828 5200 1003 5267 mala,
1063 5207 1344 5271 praesente
1384 5201 1631 5268 ratione,
1662 5203 1898 5269 absunt,
1931 5203 2074 5271 haec,

433 5289 482 5345 si
516 5305 631 5345 non
655 5293 998 5361 permaneat
1028 5288 1405 5354 ratio,adesse
1435 5307 1671 5346 necesse
1699 5295 1790 5347 est
1823 5308 1835 5346 :
1870 5292 2074 5347 eodem

433 5378 554 5434 fere
587 5377 758 5433 modo
793 5393 858 5432 ac
890 5393 1023 5432 mox
1051 5383 1140 5432 est
1186 5377 1445 5434 defectus
1492 5379 1756 5445 luminis,
1805 5395 1920 5450 quo
1951 5379 2076 5436 dies

435 5467 707 5532 efﬁcitur,
737 5470 793 5522 et
821 5466 1063 5521 morbus
1097 5465 1348 5533 advolat,
1371 5483 1504 5522 cum
1536 5469 1751 5524 recedit
1775 5485 1808 5523 a
1838 5485 2075 5541 corpore

441 5557 686 5614 sanitas.

504 5735 640 5800 Quas
693 5735 890 5793 omnia
949 5736 1206 5808 profecto
1258 5734 1644 5806 conspiciens,
1704 5736 2078 5810 Sophronisci

443 5826 598 5886 filius
647 5832 910 5885 Socrates
945 5825 1228 5883 rationein
1270 5823 1553 5882 bonarum
1583 5824 1910 5883 animarum
1941 5845 2078 5901 pro-

2184 4849 2393 4918 αὐτίκα,
2449 4849 2539 4903 καὶ
2619 4854 2796 4904 κακῶν
2884 4848 3256 4917 ἐπανάστασις,
3313 4853 3420 4902 τῶν
3508 4869 3568 4903 τε
3646 4843 3826 4900 ἄλλων

2181 4939 2270 4993 καὶ
2315 4936 2381 5006 δὴ
2425 4938 2513 4992 καὶ
2561 4939 2734 5010 θυμοῦ
2794 4938 2885 4992 καὶ
2952 4938 3258 5010 ἐπιθυμίας,
3314 4937 3399 5014 ὑφ’
3453 4937 3528 4991 ὧν
3597 4952 3830 5008 κατεχο-

2188 5028 2317 5101 μένη
2377 5025 2490 5081 οὐδ’
2548 5027 2606 5081 ἃν
2663 5027 2739 5081 ἔτι
2793 5032 2976 5105 σαφῶς
3052 5027 3202 5099 μένοι
3269 5027 3446 5100 ψυχὴ,
3508 5027 3571 5080 τὸ
3635 5024 3828 5079 οἷ’κεῖον

2185 5117 2494 5172 ἀπολέσασα
2551 5114 2715 5186 εἶδος,
2764 5117 2976 5187 κίνησις
3031 5117 3176 5191 παρά
3234 5113 3396 5190 λόγον
3443 5115 3536 5169 καὶ
3583 5113 3828 5177 ἄτακτος,

2182 5205 2271 5260 καὶ
2300 5203 2451 5260 οὐδὲν
2499 5205 2630 5278 μετᾶ
2676 5205 2885 5278 κόσμου
2931 5206 3020 5260 καὶ
3062 5209 3160 5260 τοῦ
3206 5206 3608 5280 προσήκοντος.
3663 5204 3832 5256 Ἐπει-

2185 5292 2357 5370 δήπερ
2415 5295 2503 5348 καὶ
2571 5295 2723 5349 πάνθ’
2788 5294 2910 5361 ὅσα,
2960 5299 3055 5349 τοῦ
3114 5293 3279 5370 λόγου
3336 5293 3631 5369 παρόντος,
3693 5291 3828 5356 ἀπῆν

2182 5387 2289 5437 τῶν
2350 5380 2552 5454 δεινῶν,
2580 5386 2746 5437 ταῦτα
2802 5387 3048 5458 παρεῖναι
3109 5382 3330 5457 ἀνάγνη,
3375 5385 3474 5436 τοῦ
3537 5379 3703 5455 λόγου
3756 5376 3826 5449 μὴ

2184 5471 2605 5546 παραμένοντος·
2667 5471 2846 5547 ὥσπερ
2907 5469 3044 5540 δῆτα
3100 5470 3187 5524 καὶ
3245 5470 3333 5542 νύξ
3392 5469 3535 5524 ἐστιν
3604 5463 3833 5522 ἀπουσία

2185 5565 2279 5615 τοῦ
2323 5561 2420 5628 τήν
2469 5561 2676 5636 ἡμέραν
2727 5564 3010 5622 ποιοῦντος
3057 5561 3260 5637 φωτὸς,
3289 5559 3379 5613 καὶ
3427 5557 3590 5620 νόσος
3631 5552 3833 5629 ἐπιτρὲο

2187 5670 2298 5725 χει,
2328 5656 2427 5718 τῆς
2461 5649 2635 5724 ὑγείας
2667 5647 3062 5722 ἀποδημούσης
3088 5654 3185 5704 τοῦ
3216 5649 3495 5721 σώματος.

2255 5742 2322 5797 ’Ὰ
2353 5735 2418 5808 δὴ
2479 5737 2651 5793 πάντα
2706 5743 2943 5814 συνορῶν
2999 5740 3026 5792 ὁ
3086 5737 3477 5818 Σωφρονίσκου
3539 5733 3831 5809 Σωκράτης

2186 5827 2430 5899 πλάστην
2501 5827 2714 5905 ἀγαθῶν
2789 5833 2896 5883 τῶν
2973 5831 3164 5906 ψυχῶν
3232 5828 3324 5883 τὸν
3385 5823 3551 5904 λόγον
3610 5819 3830 5891 ἐδίδαξε.
