4110 6450
231 481 345 551 424

1497 476 2051 552 EPISTOLARUM
2097 487 2362 551 INDEX.

3515 481 3634 551 422

233 623 333 678 Καὶ
380 621 484 697 γὰρ
550 619 612 674 ’ὃν
661 616 861 695 τρόπον
906 615 959 676 ἐν
1006 618 1150 692 οἷ’κίᾳ
1196 623 1276 692 τῷ
1324 617 1555 695 δεσπότῃ
1603 621 1696 694 μὲν
1745 640 1879 693 προ-

2026 623 2333 681 reatricem
2365 639 2493 680 esse
2524 622 2740 679 docuit.
2773 618 2999 678 Etenim
3029 621 3526 694 quemadmodum
3573 623 3633 679 in

234 709 593 782 πατουμένη,
658 709 855 784 ἀνάγκη
912 711 1080 764 πάντα
1136 731 1195 765 τε
1269 710 1344 772 ὡς
1413 709 1691 786 εὐπρεπῶς
1772 708 1882 764 δια-

232 800 474 863 τίθεσθαι
531 798 626 852 καὶ
698 799 832 852 κατὰ
885 798 1088 871 κόσμον
1141 797 1379 875 γίνεσθαι
1433 799 1530 867 τὴν
1591 797 1880 869 διοίκησιν,

242 893 320 963 μή
365 887 572 943 ἐκείνου
622 883 700 957 δὲ,
750 891 857 942 τῶν
909 884 967 941 δὲ
1023 885 1235 942 δούλων
1292 887 1655 964 κρατούντων,
1704 887 1887 942 ἅπαντ’

243 981 357 1033 ἄνω
401 977 494 1031 καὶ
538 976 688 1030 κάτω
752 975 1096 1046 μεταπίπτειν
1154 980 1223 1050 τῇ
1271 975 1578 1051 ἐπικρατείᾳ
1623 981 1720 1031 τοῦ
1767 976 1885 1052 χεί-

246 1084 425 1144 ρονος·
461 1065 508 1119 εἰ
567 1063 624 1119 δὲ
683 1063 890 1140 βούλει,
923 1063 1100 1142 ὥσπερ
1159 1065 1210 1120 ἐν
1272 1066 1485 1138 σώματι
1538 1073 1638 1133 τῆς
1681 1085 1888 1138 συμμε-

241 1155 397 1231 τρίας
450 1154 758 1230 κρατούσης
814 1154 903 1208 καὶ
952 1159 1050 1210 τοῦ
1106 1152 1306 1218 ἄνωθεν
1353 1155 1545 1230 λόγου,
1578 1153 1892 1214 κατάστασίς

240 1265 300 1299 τε
329 1249 475 1298 πᾶσα
516 1243 643 1318 περὶ
687 1241 858 1297 ἐκεῖνο
900 1243 990 1297 καὶ
1036 1240 1101 1312 δὴ
1144 1243 1233 1297 καὶ
1268 1243 1420 1318 ὑγεία
1463 1243 1535 1304 ὡς
1573 1242 1891 1318 ἀκραιφνὴς,

246 1331 462 1387 ἐκείνων
543 1329 601 1385 δὲ
679 1329 1037 1394 διαλυθέντων
1116 1329 1191 1394 εἷ¹ς
1253 1333 1300 1386 τ’
1378 1331 1744 1406 ἀσυμμετρίαν
1805 1330 1895 1385 καὶ

248 1418 465 1492 ἀταξίαν
537 1421 636 1488 τῆς
713 1420 974 1495 κράσεως,
1029 1418 1334 1493 ἀνωμαλίαι
1408 1440 1466 1474 τε
1523 1417 1687 1475 ἄλλαι
1765 1440 1898 1492 συμ-

249 1505 522 1576 εαίνουσι,
568 1509 659 1562 καὶ
717 1508 868 1563 νόσοι
923 1510 1012 1563 καὶ
1072 1509 1303 1587 φθίσεις,
1333 1510 1422 1563 καὶ
1473 1507 1570 1564 ὅσα
1623 1515 1724 1578 τῆς
1774 1510 1898 1563 ἀτα-

250 1598 368 1669 ξίας
425 1599 758 1671 γεννήματα,
793 1597 934 1652 οὕτω
988 1595 1124 1666 δῆτα
1180 1599 1270 1652 καὶ
1328 1597 1493 1674 λόγος
1545 1599 1732 1674 παρὼν
1765 1597 1902 1674 πρὸς

251 1688 315 1742 τὸ
380 1685 597 1760 βέλτιον
644 1683 758 1740 οἶδε
809 1683 1196 1759 μεταπλάττειν
1253 1689 1463 1762 ψυχὴν,
1495 1687 1645 1742 ἀπὼν
1679 1684 1736 1741 δὲ
1765 1687 1903 1763 πρὸς

249 1775 569 1831 τούναντίον
627 1775 761 1829 ίὲναι
820 1781 1190 1852 παραχωρεῖν,
1247 1778 1385 1830 καθὰ
1470 1774 1648 1847 δήπου
1707 1771 1902 1846 συνέϐη

257 1865 317 1920 ἂν
378 1865 469 1919 καὶ
557 1861 802 1937 πλεούσῃ
857 1865 970 1933 νηῒ,
1031 1867 1107 1937 μὴ
1163 1869 1261 1919 τοῦ
1316 1860 1738 1942 κυϐερνήσοντος
1791 1867 1907 1920 κατ’

257 1953 451 2024 Eme-11’,
465 1975 575 2025 μην
604 1953 893 2026 παρόντος.

332 2043 431 2098 Διὸ
463 2039 531 2111 δὴ
563 2041 654 2096 καὶ
712 2044 907 2104 πάντες
964 2043 1044 2104 οἷς
1105 2041 1311 2118 ἐγένετο
1366 2041 1548 2105 καλῶς
1604 2042 1911 2113 ἀναπλῆσαι

261 2134 356 2188 τὸν
398 2130 540 2206 βίον,
575 2126 754 2206 ἔργοις
785 2129 966 2192 αὐτοῖς
1006 2131 1095 2185 καὶ
1145 2129 1336 2207 λόγοις
1382 2136 1462 2203 τῷ
1510 2130 1660 2208 λόγῳ
1711 2151 1912 2207 μαρτυ-

263 2225 419 2296 ροῦσι
481 2218 831 2292 Σωκράτους,
884 2217 954 2274 δι’
1000 2219 1322 2297 ἀμφοτέρων
1394 2221 1622 2296 βοῶντες
1684 2241 1911 2297 περιφα-

263 2315 391 2378 νῶς,
424 2309 503 2370 ὡς
562 2307 662 2362 οὐκ
714 2307 775 2362 ἂν
830 2308 897 2376 ἦν
958 2307 1141 2370 αὐτοῖς
1169 2313 1277 2363 τῶν
1311 2306 1537 2364 δεόντων
1588 2307 1740 2364 οὐδὲν
1794 2309 1916 2364 ἀνύ-

265 2420 373 2470 σαι,
407 2397 453 2452 εἰ
513 2398 589 2469 μή
650 2398 679 2451 ὁ
738 2395 898 2472 λόγος
955 2395 1316 2472 ἐχειραγώγει
1370 2399 1485 2453 οἷον
1531 2397 1621 2453 καὶ
1677 2398 1918 2474 προύπο-

267 2487 471 2564 peds-:0,
535 2484 719 2540 ὅντινα
779 2482 846 2554 δὴ
907 2485 1054 2556 σφίσι
1107 2486 1197 2541 καὶ
1256 2488 1333 2560 (2)
1387 2488 1584 2548 παντὸς
1641 2492 1737 2542 τοῦ
1795 2487 1917 2563 βίου

266 2575 703 2651 προύστήσαντο.
735 2571 889 2631 Ἀλλ’
933 2571 1025 2628 ’ίνα
1071 2575 1136 2628 τά
1191 2595 1252 2650 γε
1306 2579 1412 2630 τῶν
1471 2573 1657 2631 ἄλλων
1715 2574 1918 2648 παρέλ-

273 2679 369 2734 θω,
405 2665 508 2719 ὅσα
565 2684 625 2718 τε
681 2663 853 2734 εἶπον,
887 2662 985 2717 ὅσα
1040 2664 1086 2717 τ’
1143 2660 1388 2739 ἔδρασαν,
1423 2664 1498 2726 εἷς
1541 2666 1733 2719 ταυτὸν
1784 2665 1921 2740 γνώ-

276 2776 381 2828 μης
414 2752 696 2828 Σωκράτει
729 2751 1042 2828 ἐρχόμενοι,
1085 2751 1170 2814 τίς
1231 2752 1330 2808 οὐκ
1384 2750 1498 2808 οἶδε
1553 2753 1643 2808 τὸν
1692 2753 1919 2829 Εὐριπί-

273 2841 369 2914 δην
443 2840 586 2897 ἔστιν
645 2841 697 2895 ἐν
754 2842 838 2903 οἷς
895 2846 1004 2895 τῶν
1073 2842 1398 2913 ποιημάτων
1470 2841 1790 2917 εὐχόμενον,
1847 2843 1920 2916 μή

271 2931 481 2988 ἐθέλειν
536 2931 669 2988 ποτε
720 2934 837 3004 ζῇν,
885 2927 1024 3002 μηδὲ
1066 2930 1310 3005 γενέσθαι
1349 2931 1401 2984 οἱ
1446 2935 1608 2986 τοῦτο
1658 2928 1923 3002 συνόλως,

279 3019 339 3074 ἂν
379 3020 456 3092 μή
498 3018 591 3072 καὶ
646 3016 814 3093 λόγος
842 3023 1022 3094 προσῇ
1054 3022 1121 3093 τῇ
1159 3023 1272 3093 ζωῇ
1482 3017 1783 3090 δηλοῦντος
1841 3017 1928 3073 διὰ

286 3108 515 3176 τούτων,
547 3106 614 3176 ἥν
673 3127 737 3182 γε
793 3104 864 3161 δι’
896 3105 1081 3162 ἄλλων
1142 3107 1437 3184 Σωκράτης
1493 3109 1742 3184 ἐξήνεγκε
1788 3109 1928 3184 γνώ-

300 3219 432 3268 μην,
462 3197 534 3257 ὡς
563 3195 664 3251 οὐκ
694 3193 835 3250 ἔστιν
865 3195 1055 3264 εὐκτὴν
1089 3196 1222 3251 εἶναι
1276 3200 1443 3269 ζωὴν,
1479 3199 1554 3270 μὴ
1612 3202 1709 3252 τοῦ
1764 3195 1930 3273 λόγου

292 3287 396 3354 τήν
452 3287 630 3361 ψυχὴν
691 3285 828 3340 κατά
881 3287 980 3354 τὴν
1041 3286 1235 3341 ἑαυτοῦ
1294 3285 1448 3364 φύσιν
1503 3287 1640 3363 πρὸς
1699 3288 1760 3341 τὸ
1811 3286 1934 3363 βὲλ-

287 3396 409 3430 τιον
493 3390 982 3448 μεταπλαττοντος,
1040 3374 1178 3430 ὥστε
1253 3373 1428 3444 καλὴν
1487 3377 1565 3449 (4)
1623 3374 1768 3450 ἔχειν
1846 3375 1935 3430 αὗ-

285 3465 413 3534 τὴν,
447 3461 616 3536 μηδὲν
645 3463 933 3537 ἐπίμωμον
963 3462 1014 3533 ἐξ
1044 3462 1406 3540 αἷσχρότητος
1436 3462 1809 3542 ἐπιφέρουσαν,

360 3553 461 3608 Καὶ
513 3552 657 3607 οὕτω
699 3552 796 3625 μὲτ
857 3551 1156 3628 Σωκράτης
1204 3552 1364 3624 ἀξίως
1423 3554 1612 3608 ἑαυτοῦ
1661 3554 1784 3630 περὶ
1843 3557 1938 3608 τοῦ

283 3643 562 3719 παρόντος
623 3640 1040 3719 ἐφιλοσόφησεν·
1101 3641 1260 3712 ἀξίως
1320 3638 1378 3697 δὲ
1431 3643 1521 3697 καὶ
1587 3642 1714 3705 τοὺς
1786 3641 1938 3698 ἐπαί-

282 3753 416 3794 νους
446 3727 636 3788 λαϐεῖν
670 3729 787 3807 ἔχει
815 3732 943 3805 παρ’
971 3728 1203 3793 οὐδενός.

1941 1989 1989 2054 Β

1993 714 2165 768 domo
2196 714 2287 768 cui
2321 718 2529 785 praeest
2558 712 2858 778 dominus,
2883 729 3119 768 necesse
3148 719 3238 766 est
3268 712 3467 767 omnia
3503 728 3639 767 con-

1991 801 2428 858 venientissima
2457 802 2685 874 disponi
2718 806 2774 857 et
2820 801 2930 856 rite
2961 800 3212 857 exerceri
3258 801 3634 873 gubernatio-

1995 907 2150 960 nem,
2185 894 2261 957 et,
2295 891 2344 946 si
2379 895 2580 946 contra
2608 907 2712 963 pro
2760 888 2859 945 illo
2906 889 3053 946 servi
3099 889 3406 960 imperent,
3439 889 3639 944 omnia

1999 995 2235 1034 sursum
2287 979 2557 1035 deorsum
2592 979 2650 1034 in
2682 983 3027 1050 potestatem
3073 979 3288 1051 pejoris
3331 978 3640 1037 devenire:

2001 1074 2120 1136 aut,
2154 1069 2202 1123 si
2236 1069 2440 1134 mavis,
2471 1068 2674 1134 veluti,
2704 1069 2962 1140 quandiu
3009 1068 3070 1122 in
3120 1084 3359 1140 corpore
3399 1072 3648 1139 regnant

2002 1158 2311 1213 concordia
2367 1163 2424 1212 et
2476 1174 2690 1212 sumna
2747 1157 2915 1224 ratio,
2947 1156 3140 1212 omnis
3189 1156 3528 1213 constitutio
3587 1157 3647 1211 in

2006 1263 2072 1301 eo
2103 1252 2159 1301 et
2189 1248 2411 1302 sanitas
2443 1251 2531 1301 est
2557 1263 2798 1317 prorsus
2827 1245 3075 1317 integra.
3107 1249 3164 1301 et
3193 1260 3328 1301 cum
3360 1246 3418 1300 in
3450 1261 3653 1301 eorum

2007 1335 2189 1390 vicem
2213 1335 2470 1390 subeunt
2499 1335 2789 1390 discordia
2817 1340 2873 1390 et
2903 1334 3166 1390 confusio
3187 1334 3653 1407 temperationis,

2008 1423 2145 1478 salies
2193 1425 2656 1495 perturbationes
2709 1423 3061 1478 conveniunt
3109 1428 3166 1478 et
3215 1425 3424 1489 morbi,
3485 1428 3658 1495 atque

2009 1513 2197 1580 tabes,
2224 1517 2281 1569 et
2321 1511 2537 1584 singuli
2583 1511 2884 1567 discordiae
2915 1511 3109 1568 fetus:
3161 1511 3243 1567 sic
3292 1511 3548 1584 profecto
3599 1516 3658 1568 et

2013 1617 2269 1674 praesens
2300 1600 2444 1656 ratio
2476 1601 2547 1656 ad
2579 1600 2819 1656 meliora
2848 1601 2958 1656 scit
2994 1601 3252 1656 animam
3302 1606 3654 1673 convertere,

2015 1690 2275 1746 discessa
2304 1707 2439 1746 vero
2487 1705 2615 1745 eam
2669 1689 2726 1744 in
2779 1690 3088 1745 adversum
3137 1689 3220 1744 ire
3252 1689 3558 1761 permittit,
3589 1695 3658 1746 ut

2015 1776 2280 1833 videlicet
2335 1777 2545 1833 accidit
2589 1777 2648 1831 in
2698 1776 2828 1832 navi
2880 1777 3206 1845 ﬂuctuanti,
3241 1777 3290 1832 si
3341 1794 3455 1833 non
3504 1777 3662 1833 adsit

2017 1868 2242 1938 peritus
2274 1865 2648 1938 gubernator.

2094 2045 2292 2115 Itaque
2316 2046 2372 2098 et
2402 2059 2605 2099 omnes
2634 2043 2847 2114 quibus
2876 2043 3121 2116 contigit
3151 2043 3359 2100 bonam
3393 2046 3668 2117 navigare

2021 2132 2220 2200 vitam,
2278 2131 2336 2185 in
2397 2132 2622 2203 agendo
2680 2136 2738 2187 et
2794 2132 3039 2188 dicendo
3094 2133 3338 2188 verbum
3376 2137 3668 2190 testantur

2024 2221 2407 2289 Socraticum,
2459 2237 2527 2276 ex
2585 2225 2828 2292 utroque
2882 2220 3055 2278 modo
3111 2221 3454 2290 clamantes,
3510 2223 3664 2294 quod

2026 2327 2138 2366 non
2181 2314 2450 2382 poterant
2503 2309 2782 2381 quidquid
2841 2327 2908 2366 ex
2965 2309 3058 2366 his
3113 2327 3238 2382 quas
3287 2311 3492 2367 decent
3535 2328 3664 2385 per-

2027 2414 2216 2471 agere,
2260 2398 2371 2453 nisi
2422 2396 2553 2454 illos
2601 2398 2748 2454 ratio
2797 2399 2966 2470 quasi
3016 2400 3435 2456 manuduceret
3479 2405 3537 2457 et
3583 2400 3670 2458 eis

2028 2493 2324 2559 praeesset,
2359 2491 2425 2542 ut
2471 2487 2662 2559 reipsa
2707 2487 2853 2558 ipsis
2902 2489 2960 2542 in
3010 2488 3170 2544 omni
3214 2489 3332 2545 vita
3361 2489 3672 2563 praeposita

2027 2575 2156 2631 fuit.
2188 2577 2296 2631 Sed
2329 2581 2393 2631 ut
2423 2576 2568 2632 alios
2599 2580 2957 2647 praeteream,
2989 2577 3088 2648 qui
3139 2583 3265 2633 tum
3310 2577 3370 2634 in
3401 2578 3668 2648 dicendo,

2029 2668 2155 2720 tum
2200 2665 2258 2719 in
2308 2665 2532 2737 agendo
2580 2665 2651 2720 de
2701 2664 2808 2719 hac
2856 2665 3148 2721 sententia
3197 2667 3417 2722 Socrati
3467 2683 3673 2723 conve-

2033 2754 2225 2821 niunt,
2257 2753 2385 2825 quis
2427 2752 2611 2810 nescit
2641 2753 2974 2826 Euripidem
3027 2755 3087 2808 in
3130 2755 3481 2827 quibusdam
3531 2755 3675 2812 locis

2036 2849 2381 2915 praemature
2412 2847 2767 2915 precantem,
2799 2859 2914 2898 non
2965 2842 3108 2899 velle
3151 2861 3408 2914 unquam
3458 2845 3672 2917 vivere,

2036 2949 2141 2987 nec
2171 2932 2281 2988 sibi
2313 2932 2422 2987 hoc
2458 2931 2629 3004 plane
2662 2932 2805 3003 ﬁeri,
2838 2933 2990 3004 quod
3024 2933 3168 2988 ratio
3201 2950 3316 2989 non
3365 2933 3490 2988 vitae
3529 2951 3678 3004 pra-

2038 3021 2161 3076 sit:
2205 3036 2305 3091 per
2333 3020 2453 3075 haec
2483 3021 2761 3086 ostendit,
2809 3037 2983 3091 quam
3033 3020 3146 3078 alio
3195 3024 3366 3078 modo
3414 3023 3681 3078 Socrates

2041 3109 2285 3182 protulit
2330 3109 2701 3178 sententiam,
2731 3125 2941 3182 nempe
2987 3110 3166 3166 vitam
3225 3127 3340 3167 non
3395 3127 3523 3167 esse
3579 3127 3684 3166 ex-

2041 3199 2378 3269 optandam,
2412 3202 2460 3253 si
2489 3198 2635 3253 ratio
2667 3202 2876 3254 natura
2906 3216 3012 3254 sua
3043 3216 3157 3255 non
3189 3200 3446 3256 animam
3491 3200 3573 3255 ita
3602 3200 3675 3256 ad

2047 3287 2287 3343 meliora
2311 3287 2721 3354 conformaret,
2755 3291 2839 3355 ut,
2871 3287 3018 3343 nihil
3049 3288 3398 3344 dedecorum
3439 3305 3508 3346 ex
3552 3293 3682 3345 tur-

2047 3377 2312 3449 pitudine
2338 3377 2638 3446 haurines,
2670 3375 2914 3448 pulchra
2946 3382 3241 3449 appareat.

2118 3554 2212 3611 Sic
2241 3553 2508 3626 equidem
2541 3555 2804 3610 Socrates
2826 3555 2896 3610 de
2917 3571 2976 3610 re
3007 3555 3298 3628 praesenti,
3321 3560 3387 3612 ut
3405 3554 3487 3612 illi
3521 3556 3692 3614 dece-

2051 3645 2167 3708 bat,
2214 3642 2659 3716 philosophatus
2709 3648 2844 3700 est:
2896 3643 3129 3701 nemine
3173 3661 3330 3711 vero,
3382 3650 3448 3702 ut
3497 3646 3692 3716 decet,

2051 3736 2246 3806 potest
2275 3732 2371 3788 ille
2401 3732 2723 3805 praedicari.

387 3913 426 3966 2
478 3912 696 3967 Forsan
729 3906 819 3963 διὰ
846 3926 951 3982 pro
979 3907 1088 3966 καί.

366 3913 450 4055 ί3ζ
484 3983 770 4054 Respectu
822 3982 1019 4055 forsan
1044 3999 1088 4055 _s

391 3981 450 4054 3)
484 3983 770 4054 Respectu
822 3981 1019 4054 forsan
1045 3982 1134 4054 ad
1188 3981 1438 4054 nobilem
1470 3982 1529 4054 in
1560 3982 1943 4054 Hercule_Fu—

289 4060 464 4112 rente
521 4055 766 4110 chorum
800 4073 813 4110 :

2052 3908 2485 4034 Ξυγκααῖαμιγνὺς
2540 3905 2785 3964 Ἣδίσταν
2865 3910 3133 3988 συζυγίαν·
3196 3912 3284 3981 Μὴ
3357 3912 3502 3986 ζῴην
3569 3934 3699 3988 μετ-

2094 4001 2232 4034 ιιουσ
2256 4001 2338 4034 ας.

2092 4001 2338 4054 μουσιας.

847 4051 920 4106 Οὐ
950 4051 1224 4124 παύσομαι
1272 4053 1368 4114 τὰς
1421 4053 1651 4129 χάριτας
1707 4051 1944 4115 Μούσαις
2231 4054 2448 4110 Forsan
2474 4050 2679 4115 καλῶς.

975 4452 2022 4641 GEORGII
2160 4450 3035 4640 CYPRII

810 4797 2359 4922 EPISTOLARUM
2520 4796 3195 4920 INDEX

975 5046 1164 5118 (Apud
1193 5046 1566 5102 Lambecium
1597 5048 1920 5103 Comment.
1954 5046 2028 5102 de
2054 5045 2325 5102 Biblioth.
2357 5045 2712 5115 Vindobon.,
2744 5045 2847 5100 lib.
2880 5046 3029 5117 vm.)

1965 5227 2036 5237 .—

362 5369 778 5442 Sexagesimus
814 5367 1100 5441 septimus
1130 5366 1306 5422 codex
1337 5364 1774 5438 manuscriptus
1804 5365 2128 5422 Historious
2151 5365 2386 5421 Graecus
2435 5364 2872 5422 ecclesiasticus
2922 5371 3013 5422 est
3061 5366 3404 5423 cbartaceus
3437 5367 3710 5439 antiquus

291 5463 350 5514 et
378 5459 543 5514 bona;
575 5463 723 5514 notae
766 5462 826 5513 in
871 5462 1096 5528 quarto,
1130 5455 1231 5512 sed
1283 5454 1636 5527 negligentia
1682 5471 1883 5511 eorum
1934 5455 2033 5526 qui
2085 5459 2218 5510 ante
2271 5471 2365 5510 me
2409 5455 2890 5527 augustissimam
2946 5455 3358 5512 bibliothecam
3389 5456 3710 5513 Caesaream

288 5548 785 5604 administrarunt
817 5546 1035 5618 aliquot
1063 5544 1217 5600 foliis
1254 5544 1312 5598 in
1343 5544 1628 5616 principio
1660 5544 1932 5613 mutilus,
1981 5547 2325 5613 constatque
2383 5560 2539 5599 nunc
2601 5543 2756 5599 foliis
2814 5550 3051 5600 centum
3108 5544 3498 5617 quadraginta
3551 5549 3706 5604 octo.

289 5637 674 5692 Continentur
695 5652 763 5691 e0
794 5634 1053 5707 Gregorii
1085 5632 1299 5706 Cyprii,
1333 5632 1431 5702 qui
1477 5639 1610 5689 ante
1659 5634 2073 5689 monachatum
2122 5632 2407 5704 Georgius
2455 5631 2784 5703 appellatus
2837 5635 2948 5690 fuit
2993 5640 3051 5690 et
3098 5649 3252 5690 anno
3298 5633 3513 5690 Christi
3570 5634 3711 5690 1285

291 5725 444 5782 circa
471 5725 714 5782 initium
744 5724 963 5798 Aprilis
993 5724 1065 5780 ab
1095 5723 1448 5795 imperatore
1475 5723 1806 5779 Andronico
1851 5720 2171 5796 Palmologo
2220 5721 2452 5778 seniore
2502 5722 2839 5795 patriarcha
2889 5723 3308 5782 Constantinus
3353 5726 3587 5781 creatus
3617 5725 3712 5779 est

297 5817 462 5886 atque
491 5815 552 5871 in
584 5829 654 5872 ea
682 5813 963 5888 dignitate
985 5811 1313 5888 permansit
1348 5827 1530 5885 usque
1559 5812 1632 5869 ad
1663 5811 2106 5870 annumChristi
2146 5809 2278 5867 1239
2307 5829 2320 5884 ί
2353 5828 2425 5867 uo
2474 5828 2603 5869 eam
2655 5814 2807 5871 eirea
2861 5829 3128 5872 mensem
3183 5813 3259 5870 Ju
3286 5811 3450 5870 nium
3500 5815 3708 5890 propts
