4110 6418
473 398 591 460 423
1489 392 1807 453 GEORGII
1851 391 2096 452 CYPRll

2244 399 2273 450 ’.
2323 392 2606 456 PATRIA
2621 397 2848 457 RCHE
3746 397 3867 460 424

468 530 660 586 varias
689 525 1066 582 adversitates
1096 528 1302 596 sponte
1332 540 1440 579 sua
1478 523 1769 578 abdicavit
1815 521 2027 593 quique
2087 521 2342 593 proxime
2399 528 2662 596 sequenti
2711 545 2864 583 anno
2926 529 3061 583 1290
3111 528 3255 583 obiit
3309 529 3565 602 epistolae
3624 535 3862 588 centum

468 618 785 690 nonaginta
813 621 870 670 et
899 631 1036 682 una,
1068 630 1201 668 cum
1232 613 1434 668 incerti
1465 613 1773 683 cujusdam
1805 611 2019 666 actoris
2048 612 2383 681 synchroni,
2416 616 2587 685 cujus
2621 633 2828 672 nomen
2860 618 2932 672 ob
2982 634 3160 689 supra
3211 625 3601 674 memoratum
3645 619 3866 692 aliquot

467 707 738 764 foliorum
768 704 1059 759 defectum
1088 703 1409 774 ignoratur,
1443 701 1802 769 Praefatione,
1835 700 2028 754 Vitam
2059 717 2161 755 seu
2194 701 2388 771 potius
2439 703 2857 760 Laudationem
2903 707 3033 777 ejus
3075 706 3407 761 continente
3436 725 3450 775 ;
3483 726 3606 778 qua:
3659 709 3868 765 mutila

467 795 672 868 incipit
715 797 823 848 hoc
866 792 1086 847 modo:
1131 835 1141 845 .
1189 831 1201 842 .
1249 832 1260 845 .
1308 834 1319 846 .
1365 831 1376 841 .
1423 787 1649 862 ,λόγων
1703 785 1759 841 δέ
1805 786 2056 858 ἐπεθύμει

2262 787 2610 867 ἐπεστρέφετο
2663 788 2720 846 δέ
2764 793 2837 853 ὡς
2886 793 3100 861 ἥκιστα,
3130 801 3237 849 etc.
3277 796 3495 852 Desinit
3544 802 3739 852 autem
3776 798 3865 853 his

465 883 702 941 verbis:
738 879 840 935 Κᾶν
898 899 981 940 τις
1041 876 1142 952 ἄρα
1195 877 1318 954 περὶ
1374 882 1483 932 τῶν
1545 876 1751 931 ἐκείνου
1804 876 2044 950 χρηστόν
2100 897 2150 929 τι
2183 877 2216 943 ἢ
2251 877 2338 930 καὶ
2396 880 2613 952 θάτερον
2679 886 2923 955 μαρτυρῇ
2979 881 3053 942 εἰς
3081 883 3358 955 τάμαυτοῦ
3389 884 3570 938 καὶτὸ
3603 889 3866 957 σκῶμμα,

465 971 543 1034 είς
598 971 875 1043 τάμαυτοῦ
931 967 1020 1021 καὶ
1074 967 1163 1021 τὸν
1215 964 1430 1020 ἔπαινον
1488 967 1664 1043 φέρειν
1724 965 1889 1042 φημὶ,
1923 964 2059 1018 ὥστε
2117 965 2208 1036 μοί
2267 967 2319 1039 γ’
2370 967 2513 1021 οὕτω
2567 969 2635 1022 τὰ
2686 970 2822 1044 πρὸς
2881 970 3079 1024 ἐκεῖνον
3157 967 3336 1045 ἔχοντι
3396 972 3599 1043 πρέπον
3660 971 3718 1026 ἂν
3781 971 3864 1043 εἴη

465 1066 636 1135 σιγᾷν.
698 1059 760 1114 Ἦ
813 1055 871 1112 δέ
921 1077 1025 1110 που
1079 1055 1290 1127 πυκτὶς,
1345 1054 1475 1127 ὅπερ
1533 1055 1621 1108 καὶ
1683 1054 1882 1107 ἄνωθεν
1944 1051 2095 1130 ἔφην,
2153 1052 2338 1116 καλῶς
2391 1057 2482 1110 τὸν
2539 1059 2742 1132 πατέρα
2814 1064 2929 1119 τοῖς
3008 1059 3424 1135 ἀναγινώσκουσι
3493 1058 3669 1131 δείξει·
3730 1060 3868 1116 ὥστε

465 1147 784 1226 προσεκτέον
841 1145 976 1218 αὐτῇ
1030 1149 1126 1198 105
1175 1142 1396 1211 λοιποῦ,
1426 1143 1514 1197 καὶ
1564 1143 1638 1204 ὡς
1698 1142 1756 1196 ἂν
1815 1141 1949 1214 αὐτῇ
2010 1139 2168 1196 δώσει
2223 1142 2444 1218 κρίνειν,
2489 1145 2630 1199 οὕτω
2687 1147 2775 1200 καὶ
2830 1148 2951 1222 περὶ
3008 1152 3115 1201 τῶν
3164 1147 3464 1223 εἰρημένων
3523 1150 3620 1218 τήν
3681 1153 3861 1228 ψῆφον

466 1236 780 1309 ἐξενεκτέον.
832 1236 1168 1306 Sequuntur
1232 1234 1442 1288 deinde
1490 1232 1628 1303 ipsae
1674 1231 1960 1303 epistolae;
2011 1249 2259 1302 quarum
2307 1235 2493 1304 prima
2543 1237 2611 1289 ad
2662 1238 3213 1293 Protosecretarium
3260 1239 3583 1294 Manuelem
3631 1241 3859 1295 Neocae-

466 1341 798 1384 sareensem
863 1323 1202 1378 inscribitur
1243 1326 1416 1392 atque
1462 1320 1668 1390 incipit
1715 1319 1822 1374 hoc
1882 1321 2054 1374 modo

2240 1318 2478 1374 τιστολαὶ
2525 1327 2621 1376 105
2668 1323 2966 1398 ἁγιωτάτου
3010 1325 3098 1377 καὶ
3166 1323 3543 1396 οἶκουμενικοῦ
3599 1327 3863 1401 πατριάρ-

464 1435 570 1491 ’χου
626 1411 816 1490 κυρίου
874 1407 1196 1486 Γρηγορίου.
1250 1415 1326 1464 Δ’.
1379 1412 1466 1479 Τῷ
1519 1406 1952 1481 Νεοκαισαρείτῃ.
2011 1406 2148 1460 Φασί
2203 1428 2344 1470 τινες
2403 1407 2562 1484 λόγον
2625 1410 2682 1464 ἐκ
2737 1419 2836 1479 τῆς
2878 1413 3042 1487 πέραν
3090 1413 3320 1487 ἠπείρου
3371 1414 3621 1491 ἀφῖχθαι,
3673 1412 3870 1490 ἀνδρὸς

466 1505 689 1576 πόνημα
738 1501 800 1555 05
851 1497 997 1554 πολὺ
1044 1495 1206 1559 κλέος
1257 1497 1496 1573 ἀρχῆθεν
1546 1495 1596 1550 έν
1647 1493 1855 1570 λόγοιςο
1901 1495 2024 1572 φασῖ
2072 1496 2162 1550 καὶ
2208 1498 2298 1551 τὸν
2349 1496 2514 1572 λόγον
2567 1499 2700 1554 εἶναι
2755 1503 2869 1555 οἷον
2922 1501 3212 1556 ἀνανεῶσαι
3263 1503 3352 1556 καὶ
3398 1503 3624 1573 αὐξῆσαι
3653 1505 3715 1558 τὸ
3771 1510 3870 1559 105

464 1593 668 1667 πατρὸς
726 1589 884 1650 κλέος
939 1585 1233 1649 παλαιόθεν
1292 1583 1426 1655 ἤδη,
1477 1585 1575 1639 οὐκ
1623 1583 1941 1640 ἐλαττῶσαι.
1995 1582 2198 1638 Οὔκουν
2258 1584 2367 1660 ἐγὼ
2441 1589 2565 1663 περῖ
2623 1593 2719 1643 105
2788 1589 3054 1665 προτέρου
3119 1592 3480 1664 πυνθάνομαι,
3542 1591 3586 1646 εἱ
3635 1587 3870 1666 βεϐαίως

465 1681 705 1760 ἀφίκετο’
756 1677 973 1755 ἀφίκετο
1023 1677 1147 1751 γὰρ,
1201 1683 1309 1732 etc.
1342 1676 1670 1732 Centesima
1717 1682 1910 1730 autem
1959 1676 2338 1747 nonagesima
2383 1679 2574 1750 prima
2624 1680 2968 1735 inscribitur
3006 1685 3180 1753 atque
3232 1682 3438 1754 incipit
3481 1682 3588 1738 hoc
3639 1684 3864 1740 modo:

464 1771 573 1824 Τινὶ
629 1773 736 1823 τῶν
796 1765 1094 1841 ἀρχιερέων
1143 1763 1278 1840 ρλα’.
1339 1765 1426 1825 Ὠς
1482 1761 1792 1831 διετέθησαν
1854 1764 1905 1816 οἱ
1958 1761 2221 1834 πολεμεῖν
2263 1763 2342 1817 ἀεὶ
2400 1769 2467 1837 τῇ
2520 1765 2815 1837 Ἐκκλησία
2864 1767 2952 1822 καὶ
3018 1771 3086 1840 τῇ
3156 1769 3471 1824 καταστάσει
3533 1774 3641 1824 τῶν
3698 1776 3871 1847 πραγ-

475 1859 657 1932 μάτων
711 1853 1062 1932 βουλόμενοι,
1111 1853 1199 1908 καὶ
1248 1853 1321 1914 ὡς
1384 1851 1526 1922 αὔξει
1579 1853 1694 1906 καθ’
1739 1851 1965 1921 ἑκάστην
2032 1851 2090 1905 ἐκ
2143 1859 2242 1921 τῆς
2286 1852 2490 1907 τούτῶν
2552 1853 2807 1930 ἐπηρείας
2860 1858 2926 1910 τὰ
2983 1855 3272 1934 σφάλματα
3330 1860 3576 1934 περιττὸν
3634 1855 3760 1920 ἴσως
3817 1859 3872 1914 ἐν

463 1953 580 2008 τοῖς
611 1951 700 2000 νῦν
735 1943 1057 2018 διηγεῖσθαι,
1091 1941 1226 2010 ἐπεὶ,
1258 1949 1367 1998 etc.
1403 1943 1772 2015 Dignissimze
1804 1946 2056 2012 profecto

2256 1960 2458 1999 omnes
2487 1944 2599 1999 illa:
2644 1946 2922 2016 epistolae,
2957 1953 3022 2002 ut
3072 1952 3354 2012 tanquam
3402 1949 3681 2004 eximium
3731 1952 3867 2006 Cor-

464 2039 624 2110 poris
651 2035 914 2091 Historias
941 2034 1267 2103 Byzantina;
1299 2031 1772 2104 supplementum
1805 2032 1996 2086 Graece
2027 2037 2084 2085 et
2115 2031 2314 2086 Latine
2344 2032 2401 2086 in
2433 2032 2621 2088 lucem
2656 2037 3025 2105 proferantur
3073 2041 3131 2090 et
3175 2037 3410 2106 quidem
3462 2038 3752 2109 praecipue
3791 2041 3868 2095 oh

466 2125 697 2197 Georgii
728 2121 1097 2196 Pachymeris
1131 2121 1440 2176 Historiam
1484 2121 1732 2175 Jusserii
1787 2119 2096 2174 Andronici
2157 2118 2461 2193 Palzeologi
2521 2123 2788 2187 senioris,
2845 2124 3058 2196 quippe
3110 2141 3236 2195 quae
3292 2125 3590 2181 beneficiis
3647 2126 3863 2182 harum

463 2214 843 2288 epistolarum
874 2211 1222 2266 immuneris
1253 2211 1367 2265 fere
1398 2207 1541 2265 locis
1574 2215 1762 2280 potest
1795 2209 2098 2263 illustrari.
2132 2209 2274 2263 Sunt
2308 2210 2465 2265 enim
2499 2211 2648 2266 inter
2694 2229 2792 2266 eas
2844 2214 3040 2267 multa:
3088 2213 3160 2267 ait
3209 2213 3403 2284 ipsum
3451 2213 3618 2269 illum
3670 2215 3868 2287 impe-

463 2309 714 2359 ratorem
745 2301 1180 2365 Andronicum;
1210 2299 1351 2354 item
1384 2299 1454 2353 ad
1488 2298 1800 2369 Georgium
1831 2296 2217 2368 Acropolitam
2250 2315 2421 2367 quem
2472 2317 2644 2354 suum
2694 2300 2946 2373 appellat
2977 2297 3299 2354 διδάσκαλον
3332 2304 3452 2358 sive
3484 2304 3869 2376 magistrum,

464 2394 536 2449 ad
565 2390 984 2446 Melidenistam
1018 2387 1493 2443 archidiaconum
1525 2387 1622 2458 qui
1653 2387 1846 2442 socius
1901 2388 2008 2440 fuit
2050 2386 2462 2458 expatriarcbaa
2506 2387 2748 2443 Joannis
2798 2389 2958 2444 Becci
3009 2390 3068 2444 in
3116 2407 3345 2446 carcere
3393 2393 3464 2446 ad
3520 2392 3868 2449 Holobolum

463 2482 758 2537 rhetorem
789 2479 885 2549 qui
918 2477 1138 2550 synodo
1169 2483 1371 2532 contra
1397 2477 1642 2531 Beccum
1675 2475 1938 2531 interfuit
1968 2475 2038 2529 ad
2082 2475 2449 2531 Theodorum
2483 2476 2840 2532 Muzalonem
2893 2493 3172 2550 magnum
3224 2479 3576 2552 logothetam
3627 2487 3685 2536 et
3733 2499 3866 2554 pro-

463 2567 864 2626 tovestiarium
896 2567 966 2621 ad
1012 2565 1401 2636 Nicephorum
1441 2563 1778 2619 Chumnum
1830 2563 2151 2618 Muzalonis
2205 2580 2601 2619 successorem
2651 2565 3043 2621 Theodosium
3092 2567 3531 2639 Saponopulum
3586 2569 3658 2624 ad
3712 2570 3867 2626 Rau-

460 2658 670 2714 laenam
715 2656 1277 2728 protovestarissam.
1309 2671 1433 2724 quaa
1480 2654 1676 2725 ipsum
1717 2654 1843 2724 jam
1875 2653 2338 2724 expatriarcbam
2388 2653 2446 2708 in
2498 2655 2852 2710 monasterio
2903 2653 3220 2711 liberaliter
3266 2656 3615 2712 sustentavit
3674 2664 3732 2714 et
3793 2660 3866 2715 ad

460 2746 792 2818 complures
821 2743 990 2812 alios,
1023 2759 1269 2813 quorum
1316 2759 1495 2814 supra
1546 2747 1905 2796 memoratus
1945 2741 2327 2812 Pacbymeres
2373 2743 2431 2797 in
2481 2741 2732 2797 Historia
2779 2759 2887 2797 sua
2936 2743 3262 2814 frequenter
3312 2745 3598 2800 meminit.
3652 2746 3861 2818 Reperi

459 2851 685 2908 quoque
715 2834 793 2889 ibi
828 2848 1025 2900 unam,
1060 2848 1267 2903 nempe
1297 2830 1720 2903 sexagesimam
1753 2846 1962 2886 novam
1994 2830 2066 2884 ad
2107 2829 2302 2901 ipsum
2351 2829 2516 2885 illum
2566 2831 2910 2902 Gregorium
2960 2832 3372 2904 Pachymerem
3430 2835 3600 2905 cujus
3649 2834 3858 2891 titulus

461 2931 518 2982 et
557 2923 906 2997 principium
939 2939 952 2976 :
985 2923 1071 2992 Τῷ
1128 2920 1445 2994 Παχυμέρῃ.
1503 2919 1743 2972 Δέσποτά
1801 2939 1904 2990 μου
1961 2917 2256 2994 σοφώτατε,
2319 2918 2548 2992 ἀνέγνων
2608 2918 2697 2971 τὸν
2760 2917 2919 2993 λόγον
2981 2918 3136 2974 πλεῖν
3187 2923 3220 2989 ἤ
3277 2922 3543 2996 τετράκις
3603 2919 3736 2996 ἔγνω
3797 2919 3856 2976 δὲ

462 3009 575 3066 οὐδ’
607 3011 682 3072 εἷς
723 3010 880 3081 ἅπαξ,
928 3014 1036 3065 etc.
1085 3009 1290 3065 Varias
1335 3009 1510 3064 etiam
1561 3009 1632 3063 ob
1683 3025 1892 3063 causas
1941 3024 2125 3079 operte
2178 3009 2431 3079 pretium
2480 3008 2654 3063 fuerit
2702 3025 2907 3064 omnes
2956 3009 3192 3066 illarum
3240 3010 3622 3082 epistolarum
3653 3012 3856 3067 inscri-

459 3103 689 3175 ptiones
746 3101 972 3156 Graecas
1019 3099 1110 3153 hic
1153 3096 1493 3170 singulatim
1543 3096 1813 3153 exhibere
1858 3114 1975 3152 una
2031 3113 2165 3152 cum
2213 3097 2551 3152 earumdem
2599 3097 2821 3165 initiis;
2857 3115 2959 3154 nec
3009 3115 3102 3154 me
3133 3100 3354 3171 pigebit
3402 3100 3576 3156 istius
3621 3101 3860 3169 laboris,

461 3196 661 3263 utpote
707 3205 838 3245 cum
889 3188 941 3244 is
987 3203 1222 3260 quoque
1258 3186 1400 3241 mihi
1433 3202 1501 3241 ea
1532 3189 1588 3240 et
1631 3186 1742 3257 ipsi
1775 3185 1834 3240 in
1867 3202 2033 3240 sacra
2063 3190 2119 3240 et
2150 3187 2393 3258 profana
2428 3202 2630 3241 eorum
2662 3190 2993 3258 temporum
3026 3187 3277 3244 Historia
3307 3191 3777 3261 recognoscenda
3813 3193 3869 3246 et

459 3279 814 3336 illustranda
842 3276 1088 3350 posthac
1120 3275 1305 3348 possit
1333 3292 1462 3330 esse
1505 3276 1658 3329 usui.
1693 3276 1906 3329 Earum
1949 3273 2127 3346 igitur
2173 3275 2313 3330 ordo
2365 3279 2454 3329 est
2503 3274 2636 3331 talis
2670 3292 2682 3331 :
2718 3275 2976 3346 Epistola
3020 3277 3211 3348 prima
3247 3295 3258 3331 :
3289 3281 3368 3348 τῷ
3422 3277 3865 3353 Νεοκαισαρείτῃ.

463 3365 602 3421 Φασί
663 3386 805 3427 τινες
868 3363 1048 3439 λόγον,
1112 3369 1264 3433 etc.;
1315 3364 1618 3419 secunda:
1667 3366 1746 3433 τῷ
1811 3359 2070 3437 λογοθέτῃ

2298 3366 2522 3436 γενικῷν
2589 3367 2667 3416 τῶ
2738 3361 3122 3437 Ἀκροπολίτῃ.
3172 3369 3226 3417 Ὀ
3297 3366 3389 3437 μὲν
3457 3366 3653 3433 κανὼν,
3708 3373 3864 3434 etc.;

458 3458 632 3512 tertia
681 3474 693 3510 :
746 3458 828 3525 τῷ
876 3456 1105 3526 μοναχῷ
1158 3451 1373 3525 Ἰασίτῃ,
1415 3453 1473 3508 Ὀ
1514 3449 1641 3522 ἐμὸς
1687 3450 1776 3504 καὶ
1816 3451 1905 3512 σὸς
1961 3449 2075 3519 Κλή

2268 3457 2418 3517 etc.;
2471 3457 2726 3520 quarta:
2775 3456 2853 3522 τῷ
2899 3451 3063 3523 αὐτῷ,
3117 3449 3318 3514 Ἡδέως
3369 3453 3461 3526 μὲν
3510 3453 3638 3515 τοὺς
3706 3453 3867 3528 ἷγῦὖς

463 3541 701 3616 εἴδομεν,
759 3549 911 3611 etc.;
951 3543 1176 3614 quinta,
1226 3545 1304 3612 τῷ
1348 3537 1748 3612 Μελιτηνιώτῃ.
1785 3539 1948 3610 Ἐμὸν
2004 3537 2086 3592 ποί1

2246 3544 2395 3605 etc.;
2450 3545 2632 3608 sexta,
2680 3543 2760 3609 τῷ
2809 3541 3238 3614 Νεοκαισαρείτῃ.
3283 3541 3558 3617 Ὑγιαίνειν
3618 3563 3698 3611 σε,
3755 3550 3869 3601 etc.

461 3633 712 3706 septima
743 3649 755 3686 :
786 3635 864 3701 τῷ
910 3628 1353 3691 Θεσσαλονικείας
1402 3627 1702 3702 Δημητρίῳ
1755 3632 1835 3698 τῷ
1881 3629 2084 3698 Βεάσκιι

2247 3626 2476 3701 νέτυχον,
2525 3623 2743 3704 ἀδελφέ,
2793 3637 2944 3696 etc.;
2995 3637 3241 3686 octava:
3284 3635 3362 3702 τῷ
3413 3635 3657 3703 μυστικῷ
3708 3637 3870 3711 κυφῷ

461 3717 695 3793 Ἰωάννῃ.
767 3716 994 3796 Ἀδελφὲ
1056 3717 1417 3790 ποθεινότατε,
1483 3718 1956 3793 παροιμιάζεσθαι,
2006 3723 2161 3781 etc.;
2213 3735 2412 3773 nona:
2465 3720 2545 3787 τῷ
2605 3714 2856 3790 προέδρῳ
2917 3719 3142 3796 Ἐφέσου
3197 3723 3347 3794 κυρῷ
3411 3720 3606 3776 Ἰσαάκ.
3685 3720 3875 3776 Ἠνίκα

463 3809 541 3870 εἷς
606 3810 826 3881 μνήμην
888 3804 1053 3875 ἔλθω,
1087 3813 1195 3863 etc.
1222 3827 1236 3876 ;
1269 3809 1529 3864 decima:
1560 3811 1638 3878 τῷ
1693 3803 1993 3884 Ξιφιλίνῳ.
2024 3812 2086 3859 Μτ

2248 3826 2266 3858 ε
2319 3804 2410 3859 τὸν
2447 3807 2738 3881 ἡμέτερον,
2769 3813 2877 3863 etc.
2906 3826 2919 3876 ;
2955 3809 3265 3864 undecima
3298 3827 3310 3864 :
3344 3813 3421 3879 τῷ
3482 3810 3871 3885 Νεοκαισαρεί-

460 3917 547 3970 τῃ.
581 3895 924 3972 Ὡρμημένον
979 3915 1036 3948 τε
1091 3895 1190 3963 τήν
1249 3895 1400 3968 χθὲς,
1429 3900 1575 3961 etc.;
1609 3895 1996 3950 duodecima:
2029 3898 2108 3965 τῷ
2157 3895 2490 3967 Θεογνώστῳ
2547 3898 2696 3969 κυρῷ
2751 3895 2971 3968 Ἰωάννῃ
3016 3900 3094 3965 τῷ
3143 3894 3334 3970 ἰατρῷ.
3372 3898 3669 3970 Στομάχου
3699 3899 3869 3951 κατά-

461 3985 637 4058 ψυξις,
669 3991 779 4041 etc.
809 4003 821 4051 ;
855 3985 1082 4040 decima
1130 3985 1298 4040 tertia
1331 4002 1342 4039 :
1373 3987 1452 4053 τῷ
1508 3981 1672 4053 αὐτῷ.
1720 3982 1792 4035 Τά
1848 4003 1906 4036 τε
1964 4002 2084 4057 χρει

2248 4003 2386 4054 εατα,
2421 3991 2529 4039 etc.
2557 4001 2570 4050 ;
2604 3985 2831 4039 decima
2885 3986 3086 4055 quaria
3119 4003 3131 4039 :
3164 3989 3243 4055 τῷ
3297 3985 3675 4062 χαρτοφύλακι
3729 3993 3871 4040 Θεσ-

463 4071 758 4142 σαλονίκης
812 4075 892 4143 τῷ
949 4070 1284 4144 Σταυρακίῳ.
1344 4067 1595 4144 Εὕχομαι
1656 4069 1934 4144 ὑγιαίνειν,
1981 4091 2059 4137 σε,

2293 4073 2523 4128 decima
2577 4074 2830 4144 quinta:
2875 4077 2954 4144 τῷ
3011 4074 3356 4146 Θεογνώστῳ.
3418 4075 3620 4135 Λευκὸς
3680 4074 3778 4147 μὲν
3844 4077 3874 4129 6

463 4164 554 4224 σὸς
586 4161 752 4232 οἶνος,
774 4167 883 4218 etc.
913 4179 926 4228 ;
962 4161 1186 4216 decima
1237 4166 1398 4216 sexta
1429 4178 1440 4214 :
1474 4164 1552 4230 τῷ
1610 4159 2046 4236 Νεοκαισαρείτῃ.
2081 4166 2086 4212 l

2273 4157 2442 4214 ἄλλον
2501 4161 2619 4231 μὲν,
2650 4159 2738 4214 καὶ
2789 4167 2938 4228 etc.;
2973 4163 3200 4218 decima
3247 4163 3495 4235 septima
3525 4181 3536 4218 :
3568 4166 3646 4232 τῷ
3703 4161 3877 4235 αὐτῷ.

461 4253 540 4307 Δι’
585 4257 731 4323 ἡμᾶς
790 4249 895 4325 οὐχ
944 4247 1119 4318 ἥκεις,
1179 4256 1289 4304 etc.
1317 4267 1330 4315 ;
1363 4250 1591 4303 decima
1650 4255 1850 4304 octava
1883 4267 1894 4304 :
1928 4252 2016 4319 Τῷ
2047 4269 2084 4301 αη

2256 4243 2473 4302 Βιϐλίον
2534 4248 2633 4302 οὐκ
2684 4246 2790 4302 ἔστι
2849 4256 2973 4326 παρ’
3021 4252 3177 4323 ἡμῖν.
3208 4258 3317 4307 etc.
3355 4270 3367 4318 ;
3402 4252 3632 4307 decima
3665 4269 3828 4308 nona
3865 4270 3879 4306 :

458 4345 546 4412 Τῷ
602 4338 866 4412 αὐτῷ.Εἰ
921 4342 1037 4398 τοῖς
1098 4336 1252 4409 πόθῳ
1308 4336 1600 4408 κάμνουσιν
1659 4337 1841 4412 ἡμέρα
1900 4336 1996 4409 μία
2057 4335 2173 4411 βίος
2234 4335 2384 4408 ὅλος,
2419 4343 2570 4406 etc.;
2619 4339 2939 4395 vicesima:
2973 4342 3059 4409 Τῷ
3118 4339 3384 4414 Σταυρίῳ.
3439 4336 3616 4393 Ἀλλὰ
3673 4339 3727 4393 τί
3791 4361 3882 4393 σι-

459 4435 578 4505 γᾷς,
629 4428 1088 4486 etc.;vicesima
1139 4427 1328 4499 prima
1360 4444 1372 4480 :
1409 4429 1486 4497 τῷ
1544 4424 1708 4496 αὐτῷ.
1769 4425 1866 4478 Καὶ
1925 4425 2082 4497 πρώη

2251 4449 2268 4478 ν
2303 4426 2330 4478 ὁ
2363 4427 2651 4502 Γεώργιος,
2711 4433 2822 4496 etc,
2882 4429 3161 4484 vicesima
3216 4429 3518 4485 secunda:
3552 4431 3637 4498 Τῷ
3698 4427 3874 4500 αὐτῷ.

459 4520 720 4589 Μάνθανε,
753 4518 828 4579 ὡς
875 4517 903 4570 ὁ
943 4515 1217 4577 νεανίσκος
1275 4514 1454 4583 οὗτος,
1515 4514 1803 4589 ἡμέτερος,
1863 4520 1988 4582 etc;
2020 4515 2082 4569 νὶι

2257 4533 2298 4572 Β.
2352 4517 2685 4586 ῐθιιιίαιτῷ
2742 4514 2907 4587 αὐτῷ.
2971 4516 3135 4589 Ἐμὸς
3189 4517 3216 4570 6
3270 4517 3552 4591 παρεστώς
3613 4536 3720 4583 σοι,
3782 4517 3880 4571 καὶ

459 4607 582 4678 ἥκει
605 4607 740 4680 πρός
793 4626 868 4677 σε,
902 4612 1047 4674 etc.;
1081 4605 1359 4660 vicesima
1415 4611 1623 4677 quarta
1656 4623 1668 4658 :
1700 4607 1787 4675 Τῷ
1849 4610 2082 4657 Νεοκαισι

2255 4632 2280 4668 ι.
2337 4602 2682 4677 Τετράμηνον
2715 4605 2842 4676 (sic)
2873 4601 3025 4674 ὅλον,
3081 4611 3190 4661 etc.
3220 4625 3232 4672 ;
3267 4605 3545 4660 vicesima
3601 4607 3818 4676 quinta
3867 4624 3878 4660 :

456 4701 544 4769 Τῷ
595 4696 757 4768 αὐτῷ.
815 4692 1039 4767 ’ἰδίωμα
1095 4714 1209 4763 σου,
1244 4699 1354 4749 etc.
1382 4711 1395 4761 ;
1425 4693 1703 4749 vicesima
1755 4699 1917 4749 sexta
1955 4711 1966 4746 :
2014 4695 2079 4763 Τῇ

2379 4689 2501 4746 Εἴθε
2563 4689 2701 4764 μηδὲ
2753 4693 2852 4760 τὴν
2905 4692 3081 4768 ἀρχὴν
3145 4687 3374 4767 βιϐλίων
3431 4691 3661 4768 ὑπῆρξεν
3720 4695 3870 4765 ἡμῖν

461 4783 812 4857 Ἀριστείδου,
871 4791 1022 4851 etc.;
1069 4785 1348 4839 vicesima
1393 4783 1685 4854 septima:
1734 4785 1820 4851 Τῷ
1872 4779 2080 4850 Μελιτη

2247 4804 2275 4845 ι.
2330 4777 2521 4834 Πολλᾶ
2575 4781 2668 4852 μὲν
2733 4780 2777 4834 εἰ
2829 4786 3030 4856 καυχᾷ,
3087 4787 3230 4848 etc.;
3285 4783 3560 4838 vicesima
3613 4788 3870 4840 octava:

461 4877 549 4944 Τῷ
612 4871 948 4947 Σταυρακίῳ.
1019 4872 1158 4926 'Av1’
1219 4868 1436 4931 οὐδενὸς
1492 4867 1687 4937 ἄλλου,
1738 4877 1890 4937 etc.;
1941 4870 2084 4926 vices

2290 4887 2487 4925 nona:
2539 4867 2838 4941 Ἀθανασίῳ
2905 4874 2984 4940 τῷ
3040 4869 3302 4943 Χατζῦγῃ.
3355 4870 3681 4942 Τιμιώτατε,
3735 4869 3886 4925 πολ-

463 4960 620 5024 λάκις
679 4957 906 5034 ᾔτησας,
967 4959 1098 5034 ὅπερ
1152 4956 1378 5034 ᾔτησας,
1431 4967 1581 5026 etc.;
1641 4961 1937 5015 tricesima
1995 4977 2007 5014 :
2063 4962 2148 5028 Τῷ
2208 4958 2611 5031 Σκουταριώτῃ.
2671 4959 2777 5026 Τὴν
2837 4953 3028 5033 βίϐλον
3087 4963 3192 5013 τῶν
3251 4963 3553 5036 Προφητῶν
3626 4959 3882 5014 ἀπαιτῶν

463 5054 555 5105 νῦν
611 5047 744 5122 ἤδη,
777 5058 885 5108 etc.
912 5069 925 5118 ;
955 5051 1249 5106 tricesima
1304 5051 1494 5122 prima
1525 5067 1538 5104 :
1571 5053 1657 5120 Τῷ
1714 5047 2086 5123 Νεοκαισαρείτ

2250 5051 2329 5120 ρῷ
2385 5045 2644 5115 Μανουήλ
2695 5051 2774 5118 τῷ
2828 5049 3285 5124 πρωτασηκρήτῃ.
3339 5048 3537 5108 [Ιαντες
3597 5068 3655 5101 σε
3714 5045 3873 5117 πλὴν

462 5136 667 5214 ὀλίγων
719 5136 922 5193 οἷόνται
968 5136 1247 5207 ἀληθεύειν
1299 5135 1349 5191 έν
1425 5136 1633 5212 λόγοις,
1683 5144 1832 5205 etc.;
1883 5138 2075 5192 tricesi

2269 5138 2495 5192 ecunda
2545 5153 2557 5190 :
2608 5139 2694 5206 Τῷ
2739 5135 2906 5206 αὐτῷ.
2954 5137 3052 5190 Ἦν
3103 5135 3191 5190 ὅτε
3241 5134 3440 5210 λέγων,
3492 5144 3644 5204 etc.;
3699 5138 3886 5194 trice-

463 5233 615 5287 sima
659 5229 830 5284 tertia
873 5247 884 5282 :
931 5227 988 5281 Ὀ
1025 5227 1369 5303 πατριάρχης
1416 5231 1493 5298 τῷ
1540 5225 1704 5280 αὐτοῦ
1757 5229 1990 5303 φοιτητῇ
2055 5226 2494 5299 πρωτασηκρήτῃ
2566 5228 2716 5300 κυρῷ
2782 5223 3045 5294 Μανουὴλ
3111 5229 3190 5296 τῷ
3253 5224 3688 5300 Νεοκαισαρείτῃ,
3743 5227 3874 5280 νέαν

463 5319 606 5394 ἄγων
670 5317 769 5386 τὴν
835 5314 1078 5386 ἡλικίαν.
1126 5315 1232 5391 πρὸ
1286 5319 1382 5370 105
1454 5316 1546 5369 16v
1614 5316 1828 5390 μονήρη
1887 5314 2002 5389 βίον
2060 5310 2332 5376 ὑπελθεῖν.
2383 5312 2444 5366 Εἰ
2501 5313 2592 5385 μὲν
2651 5314 2785 5367 κατὰ
2829 5315 2928 5382 τὴν
2983 5313 3296 5388 ὑπόσχεσιν,
3362 5321 3512 5382 etc.;
3565 5315 3879 5373 tricesima

464 5413 716 5479 quarta:
757 5406 814 5458 Ὁ
862 5403 1203 5479 πατριάρχης
1250 5408 1328 5474 τῷ
1378 5403 1548 5475 αὐτῷ,
1591 5401 1667 5458 ἔτι
1738 5403 1858 5457 νέαν
1924 5400 2070 5478 ἄγων
2140 5402 2240 5470 τήν
2301 5399 2540 5472 ἡλικίαν,
2591 5403 2681 5456 καὶ
2743 5402 2848 5478 πρὸ
2907 5407 3004 5457 105
3073 5399 3358 5475 μοναδικὸν
3434 5401 3893 5479 ἐπαμφιάσασθαι

465 5503 682 5572 σχῆμα.
733 5496 822 5556 Ὠς
859 5491 996 5562 ἡδὺς
1046 5492 1111 5562 εἴ,
1163 5489 1207 5545 ὦ
1253 5491 1446 5563 λῷστε,
1496 5493 1573 5554 εἰς
1617 5494 1678 5547 τὸ
1723 5491 1870 5546 έπιόν
1922 5490 2088 5566 θέρος,

2279 5491 2623 5558 ;tricesima
2672 5493 2878 5563 quinta
2913 5510 2924 5546 :
2967 5496 3054 5562 Τῷ
3097 5488 3428 5564 Πεδιασίμῳ,
3487 5488 3887 5567 χαρτοφύλακι

464 5581 789 5660 ’Δχρείδων.
821 5582 918 5636 Καὶ
951 5579 1134 5660 φιλίαν
1168 5578 1288 5634 οἶδα
1309 5586 1470 5652 τιμᾷν
1506 5580 1631 5656 ἐγὼ,
1660 5587 1767 5638 etc.
1795 5601 1808 5649 ;
1837 5582 2087 5638 tricesim

2264 5586 2365 5636 ta:
2407 5583 2492 5650 Τῷ
2525 5579 2964 5656 Νεοκαισαρείτῃ.
3006 5579 3184 5656 Λόγος
3213 5582 3348 5657 πρὸς
3407 5580 3498 5634 τὸν
3553 5580 3883 5657 σοφώτατον

464 5673 789 5750 λογοθέτην,
840 5678 985 5739 etc.;
1018 5671 1318 5727 tricesima
1364 5671 1660 5742 septima:
1701 5674 1788 5742 Τῷ
1835 5668 2087 5724 ὲπισκόπι

2261 5669 2430 5738 ,ήνης.
2483 5667 2673 5723 Ὁποτὲ
2725 5669 2818 5742 μὲν
2870 5667 3135 5740 δεσπότης
3200 5667 3324 5738 ἤτοι
3374 5674 3622 5738 παππᾶς,
3674 5672 3765 5722 νῦν
3816 5666 3884 5726 δὲ

469 5765 647 5841 ἰατρὸς
698 5762 785 5817 καί
830 5762 1020 5837 μικρὸν
1070 5759 1204 5834 μετά
1248 5764 1355 5813 τῶν
1406 5763 1496 5810 νῦν
1560 5759 1876 5834 ἀρχιατρὸς,
1926 5766 2078 5827 etc.;

2254 5759 2424 5814 asima
2469 5764 2714 5815 octava:
2761 5760 3033 5834 Λογοοέτῃ
3099 5763 3194 5814 τοῦ
3258 5765 3471 5834 γενικοῦ
3528 5763 3605 5828 τῷ
3662 5764 3877 5832 Ἀκρο-

463 5852 688 5934 πολίτῃ.
717 5848 914 5911 Πολλὰ
967 5850 1062 5928 μὲν
1109 5845 1293 5926 ἔσχον,
1343 5853 1454 5908 etc.
1483 5865 1497 5921 ;
1529 5849 1825 5906 tricesima
1878 5865 2080 5907 nona:

2263 5846 2679 5925 ἳεοκαισαρείτῃ.
2722 5847 2936 5924 Χάρτης
2970 5849 3067 5904 οὐκ
3114 5847 3221 5905 ἔστι
3267 5869 3382 5924 μοι,
3433 5853 3542 5905 etc.
3574 5865 3586 5916 ;
3621 5848 3886 5920 quadra-
