4110 6422
218 408 335 472 425
1493 403 2051 470 EPISTULARUM
2093 405 2359 495 INDEX.
3507 406 3627 467 426

216 542 491 617 sesima:
540 539 660 595 Τινὶ
722 544 827 596 τῶν
882 538 1188 615 ὁμιλητῶν.
1249 538 1322 594 Οὐ
1381 538 1666 617 μέμφομαί
1724 559 1818 594 σου

2032 539 2157 615 περὶ
2209 537 2519 612 ἐπιστολάς,
2576 544 2707 607 etc.;
2768 539 3221 614 quadragesima
3270 540 3463 614 prima
3495 558 3508 597 :
3539 543 3627 611 Τῷ

219 630 379 703 αὐτῷ.
446 631 842 703 Ἐμεμψάμην,
901 628 1165 705 ὁμολογῶ
1199 647 1215 663 ο
1271 626 1513 703 λεγέσθω
1562 629 1664 705 γὰρ
1729 628 1840 701 μέμ

2014 635 2146 695 etc.;
2206 628 2659 702 quadragesima
2687 630 2945 684 secunda
2976 647 2988 683 :
3022 632 3109 699 Τῷ
3139 628 3441 705 κοιαίστορι
3479 632 3629 705 κυρῷ

217 718 522 797 Νικηφόρῳ
579 723 662 791 τῷ
726 717 963 792 Χοόμνῳ
990 763 1003 776 .
1061 722 1185 774 ’Ὀτε
1244 716 1628 790 συνταξόμενος
1684 719 1819 789 ἡμῖν

2004 735 2037 785 .;
2100 718 2547 791 quadragesima
2600 718 2820 774 tertia:
2869 721 2956 788 Τῷ
3012 716 3445 793 Νεοκαισαρείτῃ.
3506 718 3627 794 Ὠρ-

225 809 469 882 μημὲνον
538 828 609 880 με
663 808 886 883 γράφειν
939 808 1073 883 πρὸς
1133 808 1210 879 σέ,
1270 813 1404 875 etc.;
1464 807 1848 880 quadragesin

2011 812 2177 861 uarta
2212 824 2223 861 :
2254 809 2341 876 Τῷ
2398 804 2560 878 αὐτῷ.
2616 806 2827 860 Ἔοικεν
2864 806 2891 859 6
2919 810 3016 860 τοῦ
3045 804 3217 882 λόγου
3246 807 3448 882 πατὴρ,
3482 808 3627 881 Ἀρι-

159 972 163 975 _
220 895 462 952 στοτέλει
525 896 621 968 μὲν
676 894 1051 968 πλημμελῶς,
1108 904 1240 964 etc.;
1293 896 1745 969 quadragesima

2026 898 2156 966 εΤῷ
2211 893 2377 966 αὐτῷ.
2438 892 2720 969 Ἐγκαλεῖν
2777 892 2930 949 οὐδέν
2989 915 3072 950 σοι
3137 894 3432 971 βούλομαι,
3491 901 3626 968 etc.;

221 986 674 1059 quadragesima
722 992 927 1041 sexta:
960 988 1048 1055 Τῷ
1095 983 1258 1056 αὐτῷ.
1312 984 1443 1056 Ἐμέ
1500 1003 1581 1044 τις
1639 980 1811 1038 πάλαι

2008 986 2099 1036 saw
2161 981 2469 1055 ὁμιλητῶν,
2528 989 2660 1051 etc.;
2710 986 3160 1056 quadragesima
3206 990 3433 1058 septma
3463 1002 3478 1042 :
3510 991 3631 1040 Δια-

219 1073 365 1145 κόνῳ
393 1075 474 1144 τῷ
532 1069 846 1143 Καλλίστῳ.
905 1070 1143 1127 Δέσποτά
1198 1091 1303 1144 μου
1351 1069 1719 1138 ποθεινότατε,
1769 1067 1997 1126 πολλῶν
2057 1067 2166 1141 ἤδη
2226 1074 2330 1125 τῶν
2391 1074 2611 1148 ἡμερῶν
2669 1069 3082 1147 Ἀριστοτέλους
3141 1073 3328 1128 Ἠθικά
3378 1071 3630 1144 ζητοῦντι

225 1183 339 1234 μοι,
374 1167 511 1229 etc.;
540 1161 990 1234 quadragesima
1032 1166 1234 1218 octava
1265 1178 1279 1218 :
1313 1164 1419 1214 Τοῦ
1467 1159 1631 1214 αὐτοῦ
1677 1158 1812 1235 πρὸς

2005 1170 2045 1213 ‘w
2103 1161 2177 1221 ὡς
2231 1162 2321 1214 ἀπ’
2379 1158 2573 1215 ἄλλου.
2625 1159 2857 1235 Λέγουσι
2908 1161 3001 1233 μὲν
3050 1160 3156 1239 ﬁgi)
3204 1162 3444 1235 θήραμα,
3495 1167 3628 1233 etc.;

220 1251 677 1326 quadragesima
733 1265 889 1306 nona
922 1268 934 1305 :
966 1251 1059 1321 Τῷ
1117 1247 1560 1324 Νεοκσισαρείτῃ.
1613 1248 1673 1301 Τί
1730 1252 1843 1303 τοῦιι

2010 1246 2201 1319 τέο-της,
2260 1255 2391 1318 etc.;
2424 1251 3087 1324 quinquagesimazToB
3146 1249 3308 1304 αὐτοῦ
3365 1250 3442 1312 ὡς
3498 1252 3633 1327 πρὸς

220 1340 410 1396 ἕαυτόν
472 1339 556 1416 ὑφ’
611 1338 784 1414 ὲτέρυ.
845 1334 976 1392 Οἶδα
1032 1338 1122 1392 καὶ
1177 1339 1277 1407 τὴν
1338 1337 1574 1411 ἐμαυτοῦ
1640 1336 1763 1413 περὶ
1826 1335 2028 1412 λόγους
2081 1338 2367 1409 ἀσθένειαν,
2430 1335 2550 1393 οἶδα
2605 1337 2694 1393 καὶ
2745 1340 2841 1407 τήν
2903 1339 2999 1407 σὴν
3060 1339 3183 1415 περὶ
3217 1336 3441 1402 τούτους
3481 1338 3634 1417 ἀκρί-

221 1423 393 1500 ϐειαν,
430 1433 564 1496 etc.;
597 1428 1088 1501 quinquagesima
1140 1429 1331 1501 prima
1362 1445 1374 1482 :
1404 1430 1493 1499 Τῷ
1526 1432 1844 1502 Νεοκαισαρε

2009 1424 2056 1478 Γί
2092 1425 2186 1497 μὲν
2239 1430 2354 1487 τοῖς
2417 1423 2632 1497 ἄλλοις,
2691 1432 2823 1495 etc.;
2885 1428 3373 1502 quinquagesima
3422 1446 3632 1487 secun-

222 1520 340 1576 da:
395 1520 486 1587 Τῷ
541 1512 806 1591 λογοθέτῃ
858 1520 963 1570 τῶν
1023 1514 1289 1592 ἀγγελιῶν
1346 1519 1425 1587 τῷ
1486 1510 1889 1590 Πεπαγωμένῳ.
1949 1511 2171 1571 Ἀλλων
2238 1516 2335 1587 μέΑ
2401 1510 2598 1590 λόγους
2657 1515 2913 1589 ἡγούμην
2968 1517 3035 1571 τὰ
3092 1515 3386 1592 πράγματα
3418 1563 3431 1589 ,
3494 1522 3631 1589 θιο,;

223 1605 711 1682 quinquagesima
768 1605 1072 1661 tertiaz'O
1132 1603 1295 1681 μέγας
1354 1603 1656 1678 λογοθέτης
1706 1608 1788 1675 τῷ
1842 1628 1846 1639 ·

2011 1602 2175 1679 άρχῃ.
2235 1605 2375 1679 Ἐγὼ
2435 1600 2492 1658 δὲ
2545 1603 2872 1679 ᾐσχυνόμην
2931 1601 3231 1677 ἐπιδείξειν,
3292 1612 3423 1677 etc.;
3461 1608 3633 1680 quin-

222 1695 567 1770 quagesima
611 1699 822 1766 quarta
852 1711 865 1748 :
898 1697 987 1764 Τῷ
1037 1691 1260 1766 μεγάλῳ
1312 1691 1593 1769 λογοθέτῃ.
1625 1692 1748 1747 οῧτ’
1779 1691 1845 1747 ἐπ

2089 1690 2235 1767 ιρίνω
2284 1692 2374 1746 τὸν
2427 1690 2617 1767 λόγον,
2666 1698 2798 1763 etc.;
2852 1695 3344 1768 quinquagesima
3373 1697 3633 1769 quinta:
3706 1710 3712 1715 '

169 1827 175 1835 .
221 1788 307 1856 Τῷ
347 1781 518 1853 αὐτῷ.
578 1782 754 1856 Δέχου
810 1782 900 1836 τὸν
961 1779 1145 1857 λόγον,
1205 1780 1477 1843 πολλάκις
1536 1781 1621 1859 ὑφ’
1678 1783 1792 1854 ἡμῦ

2012 1779 2301 1856 γνωσθέντα
2354 1779 2444 1834 καὶ
2501 1781 2891 1853 θαυμασθέντα,
2950 1787 3087 1852 etc.,
3144 1784 3635 1857 quinquagesima

222 1874 550 1941 ⁵⁸³³⁵⁸³τῷ
608 1868 775 1941 αὐτῷ·
839 1870 976 1945 Ἐγώ
1034 1890 1129 1924 σου
1179 1870 1272 1925 τὸν
1327 1866 1495 1945 λόγον
1556 1868 1839 1945 ἀναγνούς,

2020 1887 2033 1937 ;
2094 1871 2588 1943 quinquagesima
2642 1872 2891 1943 septima
2922 1890 2934 1926 :
2967 1874 3054 1943 Τῷ
3082 1870 3499 1946 Νεοκαισαρείτῃ
3542 1872 3632 1927 καὶ

220 1965 298 2033 τῷ
352 1958 619 2033 Χούμνῳ.
679 1955 1020 2019 Κακόπαιδας
1078 1958 1171 2031 μὲν
1231 1954 1398 2029 οἶδα,
1460 1962 1593 2026 etc.;
1652 1958 1834 2031 quinq

2007 1959 2149 2015 sima
2205 1964 2407 2014 octava
2459 1976 2471 2013 :
2520 1963 2606 2031 Τῷ
2668 1960 3069 2035 Σκουταριώτῃ.
3125 1954 3472 2034 Ἐϐουλόμην
3538 1961 3630 2035 μὲν

223 2049 426 2126 λέγειν,
484 2053 618 2106 etc.;
679 2048 1171 2121 quinquagesima
1229 2063 1383 2103 nona
1434 2065 1447 2102 :
1502 2049 1590 2117 Τῷ
1647 2052 1845 2101 Νεοκαι

2008 2067 2069 2120 τῃ
2103 2089 2115 2102 .
2174 2046 2578 2121 Ὑποσχόμενος
2637 2047 2953 2103 ἀποστεῖλαι
3010 2049 3108 2117 τήν
3173 2044 3364 2125 βίϐλον
3399 2092 3413 2118 ,
3473 2054 3631 2120 etc.;

224 2138 593 2213 sexagesima
624 2154 639 2190 :
670 2139 759 2207 Τῷ
818 2132 1041 2211 μεγάλῳ
1100 2133 1383 2209 λογοθέτῃ.
1418 2136 1577 2209 ’Ἄρτι
1635 2137 1850 2210 πρῶτος
1906 2136 2057 2207 ἡμᾶς
2090 2136 2125 2203 ἡ
2157 2134 2280 2210 περὶ
2338 2139 2435 2189 τοῦ
2489 2139 2584 2188 σοῦ
2634 2133 2895 2213 φιλτάτου
2938 2136 3107 2212 πικρὰ
3153 2131 3443 2192 κατέλαϐεν
3474 2137 3635 2214 ἀγγε-

222 2224 336 2298 λία,
395 2231 531 2293 etc.;
592 2224 955 2298 sexagesima
1012 2223 1247 2297 prima:
1304 2227 1392 2295 Τῷ
1448 2222 1612 2295 αὐτῷ.
1674 2226 1780 2276 Νῦν
1836 2245 1845 2274 τ

2015 2221 2097 2277 εία
2144 2228 2296 2294 κινεῖ,
2348 2230 2479 2291 etc.;
2534 2225 2896 2297 sexagesima
2953 2227 3254 2282 secunda:
3288 2229 3375 2298 Τῷ
3407 2232 3638 2281 Νεοκαι-

226 2314 443 2390 σαρείτῃ
478 2357 491 2370 .
564 2317 643 2366 Ex
697 2310 912 2367 πολλοῦ
960 2332 1045 2365 σοι
1102 2308 1506 2384 διαννοούμενοι
1567 2308 1846 2365 έπιστεῖλα

2020 2329 2056 2379 .;
2118 2313 2480 2386 sexagesima
2537 2314 2706 2370 tertia
2767 2331 2779 2369 :
2825 2317 2911 2385 Τῷ
2969 2311 3337 2386 Σαπανόπλῳ.
3394 2313 3527 2377 Τοὺς
3583 2314 3635 2370 ἐν

221 2401 380 2480 χερσὶ
408 2396 604 2456 τούσδε
650 2398 876 2475 λόγους,
928 2405 1061 2469 etc.;
1112 2401 1476 2472 sexagesima
1506 2405 1715 2473 quarta
1746 2418 1760 2456 :
1794 2404 1844 2452 Ti

2012 2404 2104 2471 τῷ.
2162 2402 2364 2477 ’Ὠσπερ
2422 2399 2603 2471 ἀληθῆ
2666 2400 2807 2456 οὕτω
2864 2399 2929 2472 δή
2992 2423 3077 2457 σοι
3127 2402 3216 2457 καὶ
3247 2402 3411 2457 πιστά
3439 2400 3635 2476 λέξεως

223 2489 363 2562 οἶδα,
423 2494 560 2558 etc.;
620 2491 980 2561 sexagesima
1043 2489 1247 2560 quinta
1300 2507 1314 2544 :
1370 2492 1459 2560 Τῷ
1515 2488 1709 2560 αὐτῷ.
1772 2487 1845 2543 Οὐ

2015 2488 2093 2565 ῥω
2150 2493 2246 2543 τοῦ
2300 2494 2408 2543 τῶν
2468 2494 2736 2568 σοφιστῶν
2792 2490 2993 2554 πάθους
3026 2534 3040 2559 ,
3092 2496 3241 2560 etc.;
3275 2493 3636 2566 sexagesima

220 2582 551 2650 Βειιαετῷ
609 2576 998 2651 Μελιτινιώτῃ.
1058 2577 1255 2653 Καιρὸς
1312 2577 1378 2646 ἧν
1433 2576 1523 2632 ὅτε
1581 2577 1609 2631 6
1667 2575 1843 2632 πολυθ

2006 2598 2134 2648 ητος
2195 2575 2479 2653 βασιλικὸς
2537 2585 2706 2650 σῖτος,
2756 2585 2888 2653 etc.,
2930 2580 3296 2654 sexagesima
3334 2582 3629 2654 septima:

221 2674 308 2741 Τῷ
358 2665 796 2741 Νεοκαισαρείτῃ.
858 2672 1019 2728 Ἴσως
1079 2670 1259 2736 ζητεῖς
1315 2686 1434 2721 τινα
1484 2667 1671 2743 καιρὸν
1734 2664 1844 2721 έλθε

2013 2666 2092 2728 νὸς
2140 2669 2309 2740 ἡμᾶς,
2359 2673 2493 2737 etc.;
2525 2669 2886 2742 sexagesima
2930 2675 3131 2725 octava
3163 2688 3176 2726 :
3206 2672 3292 2741 Τῷ
3321 2668 3487 2742 αὐτῷ.
3522 2668 3636 2746 Πρὸ

221 2755 448 2812 πολλῶν
499 2757 747 2831 ἡμερῶν,
806 2760 940 2820 etc.;
1000 2757 1365 2829 sexagesima
1420 2758 1741 2827 ηοηοετῷ
1804 2759 1844 2809 Π

2007 2754 2126 2832 έρῃ.
2188 2754 2428 2811 Δέσποτά
2488 2777 2593 2829 μου
2647 2758 2962 2834 σοφώτατε,
3023 2755 3254 2833 ἀνέγνων
3314 2758 3403 2812 τὸν
3464 2757 3630 2834 λόγον

222 2845 412 2902 πλεῖον
471 2846 508 2915 ἢ
564 2845 813 2920 τετράκις
846 2887 862 2913 ,
919 2848 1053 2912 etc.;
1116 2845 1551 2918 septuagesima
1611 2862 1624 2899 :
1679 2847 1766 2915 Τῷ
1824 2850 1845 2898 r

2015 2843 2242 2920 ισαρείτῃ
2292 2887 2303 2899 .
2367 2846 2529 2918 Ἀνήρ
2588 2845 2792 2907 ἐκεῖνος
2847 2846 3146 2923 γράμματα
3202 2844 3350 2920 ἔδοξε
3404 2846 3638 2921 πέμπειν

224 2938 377 3009 ἡμιν,
440 2939 575 3002 etc.;
610 2934 1042 3006 septuagesima
1090 2933 1283 3006 prima
1344 2951 1356 2990 :
1415 2936 1503 3004 Τῷ
1565 2936 1794 3007 μοναχῷ

2011 2954 2070 3006 ῃ.
2101 2934 2197 2995 ’Ός
2229 2954 2312 2987 σοι
2358 2933 2456 3002 τὴν
2507 2932 2801 3002 ἐπιστολήν
2843 2932 3155 3011 ἐγχειριζει,
3205 2940 3337 3004 etc.;
3398 2944 3634 3009 septua-

222 3027 450 3099 gesima
495 3023 756 3080 secunda
788 3039 800 3077 :
830 3024 919 3093 Τῷ
965 3020 1352 3095 Μελιτινιώτῃ.
1403 3017 1658 3095 Εὕχομαι
1708 3022 1783 3083 εἰς
1832 3029 1845 3075 4

2030 3019 2121 3077 ’ἱνα
2167 3021 2264 3076 κᾶν
2312 3022 2475 3084 αὐτὸς
2525 3021 2810 3097 ὑγιαίνοις,
2858 3030 2993 3091 etc.,
3039 3025 3472 3098 septuagesima
3518 3030 3634 3083 ter-

223 3109 468 3185 ιὶιετῷ
528 3109 758 3186 μοναχῷ
813 3113 963 3185 κυρῷ
1013 3107 1288 3182 Μεθοδίῳ.
1351 3111 1588 3186 Ἐρωτᾷς
1642 3109 1694 3164 τί
1750 3112 1885 3183 ἡμῖν
1944 3113 1979 3180 ἡ
2040 3108 2263 3189 ἀφέλεια
2316 3115 2425 3166 τῶν
2484 3112 2621 3187 πρὸς
2680 3113 2737 3167 σε
2797 3110 3051 3187 βούλεται
3100 3111 3463 3189 γραμμάτων,
3495 3118 3631 3184 etc.,

226 3202 660 3277 septuagesima
707 3205 962 3273 quarta:
1012 3203 1101 3270 Τῷ
1146 3200 1357 3275 Κορὲσῃ
1409 3203 1639 3275 μοναχῷ
1686 3198 1849 3275 Ἀγάθ

2030 3202 2149 3254 Ἔτι
2194 3205 2457 3275 περιττῶς
2514 3196 2716 3276 ἔχομεν
2765 3205 2869 3254 τῶν
2914 3202 3160 3277 ἀνιαρῶν,
3210 3208 3345 3273 etc.,
3394 3206 3629 3275 septua-

224 3292 450 3365 gesima
507 3288 758 3363 quinta:
792 3290 880 3358 Τῷ
941 3284 1306 3361 Μελιτινιώτῃ
1338 3332 1351 3344 .
1427 3284 1569 3342 ’ἰδοὺ
1620 3308 1704 3341 σοι
1752 3288 1847 3342 πέτ

2006 3308 2015 3341 ι
2060 3287 2148 3341 καὶ
2193 3284 2373 3362 ἕτερον
2425 3285 2755 3361 Ἀριστείδου
2808 3283 3064 3364 βιϐλίον’,
3125 3294 3260 3357 etc.;
3320 3295 3629 3364 septuage-

226 3381 375 3437 sima
403 3382 567 3436 sexta
600 3396 614 3433 :
643 3373 733 3448 Τῷ
762 3374 1100 3449 Σταυρακίῳ.
1132 3376 1189 3428 Ὀ
1251 3376 1345 3448 μὲν
1404 3375 1591 3451 καιρὸς
1650 3374 1832 3446 ἐξότου

2010 3376 2099 3444 τὴν
2160 3371 2454 3449 σέϐας-μίαν
2515 3376 2637 3449 έμοὶ
2695 3374 2956 3455 κεφαλὴν,
3008 3384 3140 3448 etc.;
3197 3379 3633 3452 septuagesima

224 3469 476 3543 septima
505 3486 522 3534 ;
550 3469 641 3536 Τῷ
696 3463 862 3536 αὐτῷ.
916 3464 1060 3520 ’Άνω
1107 3462 1197 3518 καὶ
1246 3464 1393 3519 κάτω
1443 3468 1539 3519 σοῦ
1587 3468 1692 3518 τῶν
1746 3463 1847 3518 ἐπιι

2011 3486 2070 3537 ιν,
2120 3471 2253 3534 etc.,
2310 3467 2745 3540 septuagesima
2791 3474 3033 3523 octava:
3068 3467 3324 3542 Γεωργίῳ
3377 3471 3457 3539 τῷ
3486 3472 3634 3543 Μαρ-

228 3561 390 3632 μαρᾷ.
451 3553 673 3626 Ἒξὸτου
714 3555 811 3615 τάς
867 3547 1182 3627 μεμϐράνας
1230 3550 1501 3629 εἷλήφεις,
1551 3558 1682 3622 etc.;
1735 3560 1851 3627 sepi

2011 3556 2172 3611 rsima
2218 3572 2371 3611 nona
2400 3573 2411 3610 :
2443 3552 2529 3626 Τῷ
2560 3555 2889 3631 Θεογνώστῳ
2916 3553 3065 3629 κυρῷ
3094 3556 3316 3629 Ἰωάννῃ
3356 3553 3436 3628 τῷ
3467 3554 3634 3632 ἰατρῷ

225 3644 438 3722 χρηστᾶ
494 3647 663 3698 ταῦτα
719 3643 754 3712 ἢ
813 3640 959 3704 ὅλως
1023 3639 1236 3714 ἀνεκτά,
1297 3648 1431 3711 etc.;
1501 3644 1848 3715 octogesima

2011 3643 2060 3696 [‘6
2122 3641 2486 3715 Σαπανόπλῳ.
2524 3643 2759 3697 Ἐπαινῶ
2787 3644 2878 3697 καὶ
2927 3644 2985 3698 σὲ
3013 3646 3110 3712 τῆς
3151 3642 3467 3717 ἐπιστολῆς,
3501 3654 3634 3717 etc.,

224 3734 582 3809 octogesima
609 3732 799 3806 prima
832 3750 845 3787 :
875 3729 964 3803 Τῷ
993 3729 1294 3808 Ξιφιλίνῳ.
1326 3731 1398 3785 Τὸ
1434 3730 1527 3804 μὲν
1566 3727 1742 3806 βιλίον
1772 3728 1847 3784 ἴδε

2039 3729 2115 3793 εἰς
2145 3735 2352 3806 χεῖρας,
2384 3738 2518 3801 etc.,
2562 3733 2922 3805 octogesima
2967 3734 3224 3790 secunda
3256 3752 3268 3789 :
3299 3731 3387 3805 Τῷ
3432 3753 3634 3809 χαρτο-

224 3822 422 3901 φύλακι
484 3817 890 3890 Θεσσαλονίκης
942 3817 1023 3892 τῷ
1074 3818 1419 3895 Σταυρακίῳ.
1472 3821 1566 3874 "0v
1618 3817 1680 3873 σὺ
1729 3819 1847 3891 περῖ

2011 3840 2030 3882 ς
2086 3818 2250 3873 πόθον
2284 3818 2462 3891 σαυτῷ
2495 3825 2805 3896 μαρτυρεῖς,
2838 3826 2971 3888 etc.;
3030 3823 3385 3896 octogesima
3412 3824 3589 3880 tertia
3620 3841 3634 3880 :

224 3912 309 3984 Τῷ
367 3910 695 3987 Θεογνώστῳ
746 3906 897 3983 κυρῷ
953 3909 1170 3982 Ἰωάννῃ
1224 3906 1305 3979 τῷ
1384 3905 1552 3985 ῗατρῷ
1586 3952 1599 3966 .
1660 3907 2005 3980 Ἐντιμότατε
2063 3904 2294 3962 δέσποτα
2325 3954 2341 3980 ,
2399 3906 2496 3962 οὐκ
2553 3907 2709 3981 οἶμαί
2768 3930 2827 3963 σε
2881 3909 2971 3963 τὸν
3032 3908 3161 3983 έμὸν
3222 3911 3432 3985 ἀγνοεῖν
3489 3911 3639 3985 τρό-

225 4021 347 4071 πον,
405 4006 541 4070 etc.;
603 4000 960 4074 octogesima
1017 4003 1272 4072 quarta:
1304 3994 1393 4069 Τῷ
1428 3996 1652 4073 μοναχῷ
1709 3995 1843 4052 Θεοδ

2062 3995 2247 4072 Παχὺς
2309 3996 2434 4069 ὑμῖν
2470 3999 2498 4052 ὁ
2546 3997 2811 4076 πεμφθεὶς
2858 3998 3023 4069 οἶνος,
3081 4004 3214 4067 etc.;
3277 4002 3637 4074 octogesima

226 4092 472 4163 quinta:
505 4086 596 4160 Τῷ
651 4086 816 4159 αὐτῷ.
877 4088 994 4140 Ὅτι
1056 4086 1149 4160 μὲν
1211 4084 1382 4162 χέρῆν
1442 4084 1632 4141 αὐτίκα
1692 4085 1844 4159 μετά,

2007 4105 2039 4155 ·;
2099 4088 2457 4159 octogesima
2513 4093 2673 4144 sexta
2706 4107 2719 4156 ;-
2750 4085 2838 4159 Τῷ
2899 4086 3263 4160 Σαπανόπλῳ.
3323 4087 3391 4143 Εἴ
3443 4086 3527 4143 δεῖ
3578 4109 3630 4143 τι

224 4178 443 4234 ἀκοῦσαι
500 4178 649 4251 ἡμᾶς
706 4173 852 4253 παρά
908 4180 1023 4248 σοῦ,
1083 4181 1217 4243 etc.;
1278 4176 1634 4249 octogesima
1684 4176 1847 4248 septil

2011 4173 2100 4247 Τῷ
2155 4175 2590 4252 Νεοκαισαρείτῃ.
2637 4176 2735 4230 Τὸν
2791 4177 2881 4249 μὲν
2928 4177 3136 4253 καιρὸν,
3187 4176 3269 4231 ὅτι
3318 4177 3621 4254 χειμέριος,

228 4268 371 4343 ὁρᾷς,
430 4271 570 4333 etc.;
622 4265 978 4339 octogesima
1034 4268 1236 4320 octava
1267 4282 1279 4318 :
1310 4261 1399 4335 Τῷ
1454 4260 1844 4337 Μελιτινιώτῃ.

2007 4267 2113 4318 νῶν
2149 4282 2358 4334 ·τινων,
2416 4262 2497 4318 ὅτι
2558 4263 2861 4339 γεγόνασιν,
2919 4263 3283 4320 ἀκουσθέντων
3335 4286 3449 4338 μοι,
3500 4271 3630 4334 etc.;

226 4356 583 4430 octogesima
639 4371 796 4410 nona
828 4371 841 4408 :
873 4350 961 4424 Τῷ
1014 4349 1223 4428 Κορέσῃ
1283 4349 1512 4427 μοναχῷ
1557 4351 1825 4427 Ἀγάθωνι
1874 4351 1964 4406 καὶ
2011 4350 2090 4424 τῷ
2139 4352 2555 4429 Νεοκαισαρείτῃ
2590 4397 2602 4409 .
2653 4352 2783 4427 Περὶ
2832 4353 2894 4407 οὗ
2942 4354 3041 4422 τὴν
3094 4355 3335 4428 σήμερον
3384 4353 3637 4426 εἰρήκατε

231 4438 448 4513 βιὸλίου
499 4442 633 4497 εἶναι
683 4442 811 4516 παρ’
860 4441 1007 4513 ὑμῖν,
1053 4445 1187 4508 etc.;
1239 4440 1667 4515 nonagesima:
1717 4438 1804 4513 Τῷ
1853 4490 1854 4493 η

2013 4441 2238 4514 τινιώτῃ.
2287 4446 2342 4494 ‘0
2388 4438 2774 4517 ἀρχιδιάκονος
2825 4442 3110 4517 ὑγιαίνοις,
3160 4446 3304 4495 τοῦτ’
3349 4438 3489 4496 ἔστω
3542 4462 3636 4515 μοι

228 4540 321 4601 τῆς
373 4529 674 4599 ἐπιστολῆς
720 4531 785 4585 τὸ
830 4528 1142 4606 προοίμιον,
1194 4533 1325 4597 etc.;
1380 4530 1760 4600 nonagesima
1808 4548 1851 4603 p‘

2031 4548 2044 4585 :
2093 4534 2215 4591 Τοῖς
2267 4530 2458 4584 ἑαυτοῦ
2508 4528 2827 4603 ὁμιληταῖς,
2877 4529 2957 4602 τῷ
3004 4551 3063 4585 τε
3108 4529 3434 4585 Μουσάλωνι
3487 4528 3636 4608 κυρῷ

232 4619 493 4698 Θεοδώρῳ
552 4616 812 4695 λογοθέτῃ
866 4622 973 4673 τῶν
1028 4621 1280 4693 γενικῶν,
1339 4615 1431 4672 καί
1483 4622 1602 4680 τοῖς
1662 4616 1881 4679 λοιποῖς
1917 4663 1929 4674 .
1991 4615 2212 4695 Ἀνδρες
2271 4616 2472 4697 φίλοι,
2530 4622 2733 4692 Ἐρμοῦ
2806 4618 3066 4697 τρόφιμοι
3134 4618 3223 4672 καὶ
3282 4623 3534 4692 Μουσῶν,
3591 4619 3637 4674 εἰ

238 4711 348 4784 μέν,
406 4717 542 4780 etc.;
602 4709 984 4783 nonagesima
1039 4708 1298 4766 secunda
1330 4724 1343 4762 :
1375 4707 1591 4781 Ῥήτορι
1647 4707 1726 4778 τῷ
1782 4705 1861 4761 '0)

2011 4728 2091 4779 .ῳ.
2142 4707 2315 4783 Κόρος
2362 4712 2469 4761 τῷν
2521 4709 2754 4779 πάντων,
2816 4714 2948 4777 etc.;
3009 4708 3391 4781 nonagesimo.
3420 4709 3634 4765 tertia:

232 4800 317 4872 Τῷ
345 4798 432 4855 ἐπὶ
461 4801 571 4853 τῶν
615 4794 870 4867 δεήσεων.
920 4799 1128 4869 Πρᾶττε
1175 4794 1250 4856 ὡς
1302 4794 1362 4849 ἂν
1415 4791 1621 4868 ἐθέλῃς,
1675 4800 1808 4863 etc.;
1848 4813 1855 4851 ι

2015 4796 2231 4869 gesima
2278 4802 2486 4868 quarta
2524 4814 2536 4851 :
2568 4794 2655 4868 Τῷ
2704 4794 2869 4867 αὐτῷ.
2918 4794 3083 4870 Χάριν
3117 4793 3242 4850 οὐδὲ
3285 4796 3410 4869 μίαν
3438 4799 3473 4867 ἡ
3505 4796 3638 4871 πρό-

234 4888 380 4962 τριτά
410 4908 508 4944 σου
538 4890 636 4941 τυῦ
680 4882 856 4940 ’ίππου
905 4883 1051 4960 εἶχεν
1104 4881 1407 4955 ἀποστολή,
1460 4889 1593 4951 etc.;
1643 4900 1857 4958 nonage

2012 4904 2025 4940 ι
2072 4887 2277 4958 quinta
2310 4904 2323 4940 :
2353 4889 2440 4956 Τῷ
2490 4884 2635 4957 αὐτῷ
2665 4884 2864 4963 Ἐφάνη
2912 4886 2976 4939 τὸ
3007 4881 3254 4961 δεύτερον
3284 4888 3469 4957 τοῦτο,
3501 4891 3635 4957 et0.,

234 4978 611 5052 nonagesima
658 4980 824 5033 sexta
858 4995 873 5027 ι
904 4975 1118 5046 Ῥήτορι
1169 4973 1247 5045 τῷ
1299 4966 1611 5044 Ὀλοϐόλῳ.
1662 4975 1832 5048 ’ῼτινι

2019 4970 2337 5050 φιλοτιμίας
2386 4971 2561 5046 μέλει,
2618 4972 2752 5046 βλὰξ
2803 4973 3024 5045 ἐκεῖνος,
3076 4975 3254 5051 φασὶν,
3288 4980 3419 5043 etc.;
3454 4994 3634 5032 nona-

233 5068 453 5139 sesima
483 5066 738 5139 septima
770 5082 784 5121 :
815 5061 904 5135 Τῷ
961 5059 1347 5136 Μελιτινιώτῃ.
1391 5060 1454 5116 Εἰ
1505 5059 1599 5133 μέν
1644 5081 1695 5116 τι
1748 5060 1856 5116 νόσ‹

2012 5060 2157 5131 stas?)
2204 5061 2293 5116 καὶ
2345 5061 2519 5137 ὑγείας
2565 5059 2735 5137 ἔχεις,
2783 5068 2915 5130 etc.;
2967 5064 3348 5136 nonagesima
3388 5069 3635 5122 octava:

234 5157 316 5227 Τῷ
364 5154 488 5231 περὶ
544 5157 652 5208 τῶν
710 5148 970 5222 δεήσεων.
1030 5151 1284 5225 Σήμερον
1342 5148 1646 5225 ὀρθρίσαντί
1708 5170 1823 5222 μοι,
1882 5154 2016 5219 etc.;
2071 5151 2449 5223 nonagesima
2504 5151 2819 5223 Ποηᾶετῷ
2880 5150 3215 5227 Σταυρακίῳ.
3272 5156 3443 5230 Τῦφον
3502 5155 3636 5228 ἡμῖν

237 5240 505 5319 ἰγχαλεῖς,
568 5243 614 5297 ὧ
671 5240 855 5317 ἀγαθὲ,
916 5238 1026 5309 καί,
1087 5246 1223 5307 etc.,
1279 5240 1762 5309 centesimaz‘l‘c‘y
1822 5261 1860 5312 μ

2014 5243 2047 5310 ᾧ
2102 5243 2250 5312 κυρῷ
2305 5236 2574 5311 Μεθοδίῳ.
2634 5239 2947 5314 Ὑγιαίνοις,
2982 5239 3033 5294 έν
3066 5244 3280 5317 Χριστῷ
3321 5241 3637 5316 τιμιώτατε,

239 5329 284 5403 ἐξ
314 5330 481 5408 εὐχῆς
535 5351 629 5402 μοι
677 5329 741 5384 τὸ
785 5332 883 5383 τοῖ’)
922 5328 1245 5405 γράμματος
1295 5323 1432 5382 ἔστω
1479 5327 1796 5403 προοίμιον.
1848 5328 1862 5347 ⁹

2015 5350 2040 5398 ;,
2091 5332 2224 5395 etc.;
2279 5329 2600 5385 centesima
2647 5329 2870 5400 prima:
2924 5333 3009 5401 Τῷ
3056 5328 3218 5402 αὐτῷ.
3263 5330 3638 5405 Ἐπανήκαμεν

239 5418 294 5475 ἑκ
333 5426 435 5489 τῆς
486 5416 775 5491 nam“,
840 5421 972 5485 etc.;
1027 5417 1348 5473 centesima
1396 5418 1654 5472 secunda
1689 5435 1700 5471 :
1733 5420 1818 5487 Τῷ

2016 5418 2126 5488 ιασῇ
2191 5416 2429 5489 Ἰωάννῃ.
2501 5410 2843 5488 Βαμϐακίνας
2890 5417 2947 5472 ἐκ
3013 5418 3184 5490 μόνης
3246 5419 3467 5492 θατέρας
3531 5424 3639 5475 τῶν

239 5506 556 5586 ἐπιφανειῶν
634 5504 1015 5582 γεγραμμένας
1059 5504 1355 5577 πέπεισμαι
1403 5500 1547 5558 οἶκοι
1596 5525 1679 5559 σοι
1729 5503 2087 5582 παρεῤῥίφθαι
2139 5501 2350 5566 πολλάς
2401 5522 2413 5534 ’
2466 5505 2520 5557 αἱ
2572 5503 2627 5559 δέ
2683 5526 2765 5559 σοι
2821 5506 2912 5579 μὲν
2964 5506 3039 5568 εἰς
3099 5504 3250 5561 οὐδὲν
3312 5510 3582 5583 χρήσιμαι
3629 5552 3643 5578 ,

241 5597 283 5650 αἱ
333 5600 408 5671 μή
459 5596 562 5673 ἄρα
609 5594 794 5669 λέγεις
845 5594 923 5655 εἷς
972 5589 1154 5666 ἔξαψιν
1205 5590 1415 5670 φλογὸς
1465 5592 1739 5664 ταμιεύειν
1791 5591 1976 5663 αὐτάς,
2029 5590 2153 5663 ἐμοὶ
2208 5589 2265 5645 δὲ
2329 5592 2375 5645 εἰ
2438 5592 2693 5668 πέμψεις,
2768 5603 2899 5663 etc.;
2971 5597 3286 5653 centesima
3343 5599 3516 5654 tertia
3559 5601 3647 5669 Τῷ

240 5684 624 5759 Μελιτινιώτῃ.
677 5685 838 5746 Ἴσως
892 5683 987 5756 μὲν
1035 5684 1281 5757 γράψεις,
1330 5688 1461 5750 etc.;
1516 5683 1835 5738 centesima

2015 5688 2155 5736 ,rta:
2208 5684 2295 5752 Τῷ
2344 5682 2624 5756 Δουκαίτῃ.
2694 5683 2871 5757 Λόγος
2935 5683 3016 5737 ὅτι
3077 5684 3385 5756 πτῖίσμςτα
3448 5683 3638 5753 ἐνῆσαν

240 5779 314 5846 τῷ
358 5778 642 5852 γράμματι
689 5816 703 5841 ,
752 5780 884 5839 etc.;
935 5772 1254 5828 centesima
1302 5772 1552 5843 quinta:
1608 5770 1724 5824 Τινὶ
1773 5774 1863 5825 τῶε

2018 5765 2223 5840 ιλητῶν
2275 5766 2363 5823 διά
2412 5791 2531 5825 τινα
2579 5771 2925 5846 αἰτιώμενον,
2973 5771 3054 5826 ὅτι
3107 5775 3183 5844 μὴ
3242 5775 3376 5847 πρὶς
3438 5771 3641 5843 ἡδονὴν

243 5862 446 5948 γράφει.
502 5864 843 5937 Ἐπικροτεῖν
910 5859 1007 5913 οὖκ
1063 5857 1189 5912 οἴδα
1224 5858 1362 5935 πρός
1420 5857 1665 5937 ὀργάνων
1738 5879 1866 5942 φωνι

2012 5863 2133 5931 atc.;
2193 5859 2514 5919 centesima
2569 5867 2729 5920 sexta
2786 5882 2798 5922 :
2856 5865 2943 5937 Τῷ
3000 5861 3353 5936 Σταυρακίῳ.
3407 5862 3483 5919 Τὸ
3543 5863 3635 5939 μὲν

557 5990 822 6057 Pauor.
870 5987 981 6053 Gn.
1026 5984 1257 6052 CXLI].
3246 5991 3321 6065 μ
