4110 6414
174 395 278 453 ιεθ
1428 384 1984 447 EPISTOLARUM
2029 382 2267 445 INDEX
2280 426 2295 442 .
3451 389 3571 450 430

170 518 534 597 κληρονομίαν
589 540 704 591 σου,
748 517 783 587 ἢ
828 514 1032 576 θλίϐειν
1084 515 1528 589 διανοουμένους,
1577 517 1675 584 τήν
1727 534 1793 591 χε

1954 515 2117 570 αὐτοῦ
2177 510 2468 571 ἐπιϐάλλοι
2520 515 2671 586 Θεός,
2722 521 2873 586 etc.;
2928 519 3248 577 centesima
3308 522 3570 593 quadra-

171 613 387 687 gesima
415 615 633 684 quam
666 628 679 666 :
709 612 796 680 Τῷ
846 608 1074 685 μεγάλῳ
1128 605 1407 683 λογοθέτῃ.
1442 607 1590 660 Ἔστι
1653 605 1748 678 μὲν
1807 603 1858 659 ἐν
1918 602 2281 679 Θεσσαλονίκῃ
2337 608 2406 679 τῇ
2461 602 2622 660 πόλει
2679 606 2769 660 καὶ
2811 604 2954 662 ἄλλα
2985 604 3050 677 δή
3082 629 3203 662 τινα
3236 611 3573 683 μοναστήρια

173 700 262 755 ὑπὸ
319 700 422 768 τὴν
482 698 885 774 πατριαρχικὴν
946 695 1180 769 ἐξουσίαν
1236 693 1519 765 τελοῦντα,
1552 691 1661 749 ἔστι
1717 690 1774 747 δὲ
1829 692 1918 748 καὶ
1970 693 2033 747 τὸ
2082 698 2178 747 τοῦ
2227 694 2512 767 Γεροντίου
2563 692 2877 769 λεγόμενον·
2913 695 3013 751 οὐκ
3059 693 3245 770 ἄνδρες
3286 698 3337 752 ἐν
3398 697 3566 770 αὐτῷ,

176 787 401 863 μόναχαὶ
463 784 522 842 δὲ
576 791 822 861 γυναῖκες
877 785 1134 840 οἰκοῦσιν·
1169 782 1230 838 ἐκ
1286 780 1353 851 δὴ
1399 780 1595 837 τούτου
1652 781 1758 856 πρό
1788 802 1949 835 τινων
2000 780 2061 835 οὐ
2108 780 2246 835 πάνυ
2295 779 2523 837 πολλῶν
2577 784 2798 858 ἡμερῶν
2853 784 2954 852 ἧκέ
3013 806 3105 858 μοι
3154 786 3404 861 γράμμα,
3436 783 3567 862 ἕχον

176 877 257 950 μὶν
318 876 648 952 ἐπιγραφήν,
695 876 764 931 Αἱ
822 875 1020 929 ἅπασαι
1090 871 1320 948 μοναχαὶ
1394 876 1475 943 τῷ
1548 868 1879 946 πατριάρχῃ,
1931 866 2059 946 ἕχον
2136 867 2193 924 δὲ
2247 870 2336 924 καὶ
2389 872 2489 939 τὴν
2541 872 2868 948 κατηγορίαν
2924 871 3022 943 ὅση
3084 873 3142 928 ἂν
3202 872 3375 937 εἷ’ποις
3433 873 3570 930 κατᾶ

172 972 262 1035 τῆς
318 962 662 1040 Ἡγουμένης
744 960 985 1033 πολλήν.
1044 960 1104 1017 Τί
1161 959 1250 1016 οὖν
1312 958 1387 1029 δέ,
1448 966 1599 1029 etc.;
1653 967 1795 1015 centt

1946 976 1976 1014 ει
2031 959 2483 1032 quadragesima
2520 962 2725 1032 quinta
2758 978 2770 1017 :
2807 964 2900 1033 Τῷ
2956 961 3120 1033 αὐτῷ.
3180 964 3377 1039 ”Ονπερ
3433 962 3569 1019 κατᾶ

172 1058 270 1109 τῶν
323 1056 424 1108 τοῦ
478 1050 681 1107 Βέκκου
710 1048 1106 1127 ἀδολεσχιῶνῆ
1140 1050 1451 1104 οὑτινοσοῦν
1512 1046 1683 1102 ἄλλον
1744 1046 1910 1121 λόγον
1966 1043 2316 1101 ἐκδεδωκέναι
2373 1048 2472 1116 τήν
2533 1049 2631 1117 σήν
2674 1045 2795 1103 οῖδα
2826 1049 3034 1127 σοφίαν,
3068 1057 3177 1108 etc.
3204 1073 3219 1122 ;
3250 1055 3571 1112 centesima

174 1142 622 1216 quadragesima
678 1146 841 1197 sexta
874 1158 887 1195 :
919 1144 1007 1211 Τῷ
1071 1137 1304 1214 βασιλεῖ.
1368 1133 1726 1208 Παραδηλοῦν
1792 1158 1797 1208 ι

1944 1138 2012 1209 τῇ
2071 1155 2124 1189 ικ
2162 1139 2295 1190 Θεοῦ
2330 1134 2579 1211 βασιλείᾳ
2606 1158 2723 1208 σου,
2755 1144 2864 1194 etc.
2893 1158 2905 1208 ;
2940 1142 3260 1197 centesima
3316 1143 3567 1215 quadra-

172 1232 395 1306 gesima
422 1230 679 1302 septima
710 1246 724 1285 :
752 1232 841 1299 Τῷ
874 1232 1101 1303 μοναχῶ
1133 1225 1436 1297 Ἀθανασίῳ
1463 1229 1542 1297 τῷ
1595 1222 1795 1279 Λεπενδ

1943 1246 1969 1281 ι.
2006 1224 2126 1278 Ἐπὶ
2180 1225 2244 1279 τὸ
2303 1219 2431 1299 ὅρος
2488 1226 2551 1279 τὸ
2609 1227 2913 1299 θαυμαστὸν
2965 1226 3264 1284 σπεύδοντά
3320 1249 3397 1302 σε,
3430 1237 3566 1302 etc.,

174 1320 491 1377 centesima
544 1316 996 1390 quadragesima
1050 1321 1253 1372 octava
1297 1333 1309 1370 :
1355 1318 1442 1385 Τῷ
1499 1312 1647 1384 αὐσῷ
1702 1310 1778 1366 ἔτι

1946 1310 2180 1381 ινεύοντι.
2243 1312 2691 1390 Προσφθέγγομαί
2758 1336 2815 1369 σε
2862 1316 2953 1370 καὶ
3010 1313 3196 1388 πάλιν,
3256 1312 3569 1392 σεϐασμιώ-

173 1427 310 1480 mn,
341 1412 496 1474 etc.;
531 1405 853 1462 centesima
914 1405 1368 1477 quadragesima
1417 1419 1609 1458 nona:
1640 1405 1726 1472 Τῷ
1785 1423 1796 1473 ε

1947 1418 2011 1473 ιφ
2066 1399 2343 1477 λογοθέτῃ.
2405 1403 2713 1479 Σοφώτατε,
2773 1408 2971 1479 γνῶναι
3027 1404 3274 1482 παρέστω
3330 1428 3436 1477 σοι,
3496 1408 3570 1469 ὡς

175 1495 223 1550 οἱ
252 1493 303 1549 ἐν
335 1492 581 1570 Περίνθῳ
612 1496 836 1567 Δωριεῖς
869 1512 925 1545 τε
954 1491 1043 1544 καὶ
1101 1488 1532 1560 Πελοποννήσιοι
1592 1488 1646 1550 ἐς
1702 1493 1798 1558 Βυζ

1969 1512 1985 1541 ν
2037 1486 2559 1562 σονδεδραμηκότες,
2619 1497 2727 1548 etc.
2758 1510 2771 1560 ;
2833 1494 3151 1549 centesima
3207 1497 3592 1570 quinquage-'

173 1586 319 1641 sima
348 1601 363 1638 :
396 1586 486 1654 Τῷ
516 1582 681 1653 αὐτῷ.
716 1582 771 1633 '0
799 1587 903 1649 τῆς
938 1581 1202 1637 Ἰκονιέων
1261 1578 1477 1638 πόλεως
1513 1576 1796 1653 μητροπολ

1970 1576 2173 1649 οὑτοσί,
2224 1583 2331 1633 etc.
2368 1596 2382 1644 ;
2415 1579 2733 1635 centesima.
2787 1581 3276 1654 quinquagesima
3330 1585 3566 1656 prima:

173 1676 252 1743 Τῷ
304 1669 475 1741 αὐτῷ,
509 1671 577 1727 Οἳ
631 1670 695 1723 τὸ
743 1667 986 1723 Πευκίων
1045 1666 1276 1722 ἐπίνειον
1335 1666 1607 1727 οἰκοῦντες
1663 1663 2047 1741 Παρδόπουλοι
2103 1662 2310 1719 ἐλεεινὰ
2364 1666 2642 1740 προσίασιν
2714 1669 2849 1740 ἡμῖν
2921 1666 3202 1731 κλαίοντες
3289 1672 3430 1743 ὁμοῦ
3477 1672 3568 1726 καὶ

171 1760 260 1821 τὰς
315 1761 520 1814 ἑαυτῶν
581 1754 1005 1833 ἀναγγέλλοντες
1061 1758 1361 1833 συμφοράς,
1422 1761 1572 1822 etc.;
1632 1761 1794 1811 cente

1942 1777 1951 1811 ι
2010 1755 2502 1828 quinquagesima
2555 1758 2855 1813 secunda:
2910 1762 2997 1829 Τῷ
3054 1762 3313 1834 Μοναχῷ.
3354 1761 3565 1833 Ἡμεῖς,

174 1846 507 1918 ὦθεσπέσιε,
547 1847 682 1902 κατᾶ
724 1848 787 1901 τὸ
840 1843 1031 1900 δοκοῦν
1086 1849 1164 1917 τῷ
1220 1848 1338 1916 Θεῷ
1374 1848 1494 1906 ταῖς
1550 1848 1758 1905 κοιναῖς
1811 1850 1911 1913 τῆς
1967 1841 2287 1914 Ἐκκλησίας
2342 1841 2773 1919 παραδεδομένοι
2830 1846 3126 1923 φροντίσιν,
3182 1854 3293 1904 etc.
3326 1866 3339 1917 ;
3371 1855 3567 1906 caute-

172 1939 316 1995 sima
370 1936 864 2009 quinquagesima
924 1936 1136 1992 tertia:
1169 1938 1256 2005 Τῷ
1312 1930 1540 2008 μεγάλῳ
1598 1931 1795 2008 λογοθέ

1944 1929 2087 1989 )ὗδὶν
2146 1934 2280 2005 ἡμῖν
2339 1934 2461 2008 περὶ
2516 1940 2616 2002 τῆς
2676 1932 2943 2008 Πρωτέως
2998 1935 3285 2006 ἀπατηλῆς
3343 1936 3567 2009 ὁμιλίας

168 2027 261 2095 τήν
297 2024 677 2101 παρελθοῦσαν
721 2023 944 2099 ἑσπέραν
980 2020 1310 2093 δεδήλωται,
1344 2026 1455 2079 etc.
1491 2040 1504 2091 ;
1538 2023 1791 2079 centesin

1945 2023 2374 2096 linquagesima
2432 2027 2803 2095 (ιυαιοίειετῷ
2851 2023 3018 2096 αὐτῷ.
3073 2026 3216 2101 ’Δρά
3271 2046 3334 2100 γε
3391 2024 3568 2102 πλατὺ

169 2112 442 2190 γελάσεις,
497 2111 750 2184 ἀκούσας,
812 2113 965 2187 ἅπερ,
1025 2118 1170 2180 ctc.;
1229 2111 1551 2168 centesima
1607 2111 1785 2183 quinq

1949 2111 2093 2167 sima
2148 2112 2353 2184 quinta
2386 2130 2398 2166 :
2429 2115 2516 2183 Τῷ
2571 2110 2737 2184 αὐτῷ.
2798 2112 3079 2184 ’Δκούσας,
3139 2113 3317 2187 οἶμαι,
3354 2113 3385 2167 6'
3419 2135 3474 2168 τι
3504 2111 3572 2183 δὴ

166 2202 253 2257 καὶ
310 2206 512 2269 ποιῶν,
538 2199 856 2279 φιλοτιμίαν
913 2198 1158 2261 καλέσεις
1216 2200 1315 2269 τὴν
1376 2198 1588 2273 πρᾶξιν,
1620 2203 1770 2267 etc.;

1953 2200 2121 2257 asima
2176 2201 2662 2274 quinquagesima
2718 2209 2881 2259 sexta
2913 2220 2927 2257 :
2958 2203 3015 2256 Ὁ
3049 2203 3218 2278 μέγας
3276 2201 3576 2278 λογοθέτης

166 2297 242 2365 τῷ
270 2292 608 2368 πατριάρχῃ.
639 2292 703 2344 Ὃ
753 2284 1038 2362 συμϐαίνει
1069 2288 1299 2365 πάσχειν
1334 2285 1605 2349 πολλάκις
1662 2288 1789 2349 τοὺς

1953 2292 2074 2350 sva»;
2130 2292 2237 2343 τῶν
2297 2284 2472 2362 ὄψεων
2526 2285 2775 2365 ἔχοντας,
2834 2296 2984 2359 etc.;
3033 2293 3353 2349 centesima
3398 2294 3576 2365 quin-

166 2383 513 2457 quagesima
566 2381 820 2453 septima
852 2398 865 2434 :
896 2379 954 2431 Ὀ
1010 2376 1354 2453 πατριάρχης
1413 2381 1491 2448 τῷ
1537 2375 1703 2449 αὐτῷ.
1737 2377 1789 2431 Ἐ

1951 2376 2081 2449 ίμην
2147 2377 2239 2450 μὲν
2298 2377 2407 2453 ἐγὼ
2461 2378 2557 2441 τὰς
2614 2379 2786 2441 πάσας
2842 2383 2951 2433 τῶν
3006 2378 3308 2435 ἐπιστολῶν
3365 2381 3574 2455 χάρτας

168 2470 710 2547 ἐναπογραψάμενος,
769 2464 1036 2541 διαμένειν
1098 2465 1173 2528 ε’ίς
1218 2466 1309 2520 τὸν
1373 2464 1657 2539 μετέπειτα
1712 2464 1791 2541 βῖο

1961 2467 2110 2539 ιέναι,
2171 2472 2320 2535 etc.;
2378 2470 2697 2525 centesima
2776 2468 3268 2543 quinquagesima
3319 2477 3576 2528 octava:

167 2563 244 2632 Τῇ
291 2552 850 2635 πρωτοϐεστιαρίσσῃ,
916 2556 1007 2610 καὶ
1073 2559 1142 2629 τῇ
1203 2552 1417 2632 ἀδελφῇ
1476 2552 1643 2623 αὐτῆς
1697 2557 2143 2628 παραμυθητική.
2206 2554 2281 2609 Σὺ
2337 2556 2429 2628 μὲν
2488 2554 2638 2627 ἴσως,
2696 2556 2855 2632 κυρία
2910 2555 2999 2611 καί
3056 2556 3282 2634 θύγατερ
3334 2557 3384 2613 ἐν
3443 2563 3573 2634 Χρι-

170 2653 301 2719 στῷ,
335 2646 437 2703 οὐκ
491 2645 794 2707 ἀπεικότως
846 2647 997 2717 ἡμᾶς
1058 2644 1103 2698 εί
1162 2642 1358 2721 φίλους
1417 2645 1602 2718 ἡγήσῃ
1656 2643 1745 2697 καὶ
1799 2641 2083 2705 διαθέσεως
2134 2650 2235 2713 τῆς
2289 2644 2424 2698 κατὰ
2478 2648 2711 2718 πνεῦμα,
2762 2646 2908 2719 ἀμνή
2973 2647 3164 2719 μονάς,
3196 2652 3577 2718 etc.;cente-

170 2738 322 2795 sima
352 2735 850 2810 quinquagesima
882 2751 1036 2791 nona
1069 2752 1081 2788 :
1113 2736 1201 2805 Τῷ
1248 2733 1474 2808 μεγάκῳ
1506 2729 1784 2808 λογοθέτῃ.

1951 2736 2039 2786 τοῦ
2096 2730 2304 2809 Πέρσου
2360 2729 2569 2804 παιδία,
2597 2739 2705 2790 etc.
2743 2753 2758 2803 ;
2789 2736 3110 2791 centesima
3165 2737 3574 2809 sexagesima:

169 2829 255 2897 Τῷ
305 2824 473 2896 αὐτῷ.
534 2823 634 2878 Καὶ
686 2824 786 2890 τὴν
844 2821 975 2898 χθὲς
1032 2822 1123 2876 καὶ
1177 2822 1277 2890 τὴν
1335 2824 1428 2875 νῦν
1486 2818 1646 2874 οὖσαν
1699 2823 1792 2893 ἠμι

1966 2826 2074 2878 etc.
2103 2839 2116 2889 ;
2149 2823 2469 2879 centesima
2500 2823 2867 2895 sexagesima
2895 2825 3082 2897 prima
3116 2842 3128 2879 :
3159 2828 3245 2896 Τῷ
3299 2844 3576 2900 πρωτοσε-

171 2907 354 2986 ϐάστῳ
408 2913 502 2967 καὶ
550 2906 1050 2987 πρωτοϐεστιαρίῳ.
1111 2911 1182 2964 Τὸ
1237 2906 1399 2964 τοῦδε
1472 2913 1570 2964 τοῦ
1652 2907 1881 2978 πένητος
1968 2906 2174 2982 αἶίτημα
2256 2908 2355 2964 οὐκ
2432 2907 2692 2984 ’Δρκαδία
2772 2910 2934 2983 ἐστὶν,
2996 2909 3027 2966 6'
3071 2933 3234 2989 φησιν
3288 2914 3323 2982 ἡ
3380 2932 3578 2988 παροι-

177 3000 291 3073 μία,
323 3007 436 3059 etc.
468 3020 484 3069 ;
513 3000 837 3059 centesima
892 2999 1255 3073 sexagesima
1313 2999 1574 3055 secunda
1606 3017 1618 3053 :
1650 3002 1738 3069 Τῷ
1793 3021 1800 3050 ι

1953 2998 2062 3053 ,Τὸ
2118 2995 2468 3074 ταλαίπωρον
2527 2998 2746 3074 γύναιον
2774 3002 2809 3069 ἡ
2861 3003 3203 3077 Καρυστηνή,
3258 3008 3408 3071 810.;
3442 3019 3576 3059 oen-

169 3092 381 3148 tesima
429 3090 797 3164 sexagesima
845 3090 1052 3145 tertia:
1085 3091 1171 3159 Τῷ
1228 3086 1391 3159 αὐτῷ.
1452 3087 1526 3141 Τὸ
1584 3085 1635 3140 ἐν
1694 3085 1792 3141 Ῥόέ

1957 3088 2303 3162 ,οναστήριονο
2362 3085 2601 3159 Ῥοδίνην
2656 3087 2787 3143 αὐτὸ
2848 3089 3134 3165 ἐγχωρίως
3185 3086 3465 3145 καλοῦσιν’
3525 3090 3580 3145 οἱ

170 3177 569 3253 Ἱεροσολύμων
627 3176 849 3246 ἥκοντες
912 3174 1062 3230 οὗτοι
1117 3175 1391 3248 ᾐτήσαντο
1437 3168 1623 3230 λαϐεῖν
1685 3173 1762 3236 εἰς

1950 3194 2102 3250 χιον,
2136 3174 2211 3237 ὡς
2243 3170 2322 3246 ὅν,
2349 3181 2458 3232 etc.
2486 3193 2500 3245 ;
2536 3178 2859 3234 centesima
2914 3178 3277 3251 sexagesimo.
3317 3183 3529 3251 quarta
3559 3196 3573 3235 :

172 3270 269 3338 Τῷ
322 3266 486 3340 αὐτῷ.
547 3267 777 3339 Συμεών
834 3285 937 3336 τις,
990 3261 1232 3339 ἔμπορος
1308 3261 1611 3340 ἄνθρωπος,
1670 3263 1844 3339 Σύρος
1900 3264 1963 3317 τὸ
2014 3262 2185 3339 γένος,
2246 3262 2628 3337 Πτολεμαίδος
2677 3272 2780 3335 τῆς
2838 3263 2888 3319 ἐν
2940 3264 3274 3340 Παλαιστίνῃ
3325 3265 3584 3340 πολίτης,

172 3353 331 3433 φίλος
390 3354 542 3429 ἐμός·
578 3354 639 3409 οὐ
694 3356 834 3408 πάνυ
892 3350 949 3407 δὲ
999 3351 1254 3421 παλαιὸς,
1288 3350 1415 3406 ἀλλ’
1477 3351 1763 3427 ἐξότουπερ

1959 3350 2164 3421 ζάντιον
2193 3355 2314 3423 ἧκε,
2345 3358 2454 3410 etc.
2485 3371 2498 3423 ;
2533 3355 2857 3410 centesima
2912 3356 3277 3427 sexagesima
3328 3356 3535 3429 quinta
3566 3375 3580 3413 :

169 3448 258 3516 Τῷ
311 3443 474 3515 αὐτῷ.
524 3447 644 3497 ’Ότι
695 3444 772 3516 μὴ
822 3441 986 3515 μόνον
1032 3441 1170 3518 πρὸς
1220 3440 1350 3496 Θεὸν
1396 3442 1494 3510 τήν
1550 3441 1743 3516 εὐχήν,

1994 3443 2314 3499 centesima
2362 3443 2726 3515 sexagesima
2771 3448 2933 3500 sexta
2981 3462 2994 3500 :
3043 3441 3503 3520 Φραγκόπουλος,
3550 3445 3578 3499 ὁ

169 3534 269 3601 τὴν
328 3531 566 3605 οἴκησιν,
624 3536 776 3601 etc.;
810 3532 1133 3588 centesima
1185 3531 1550 3604 sexagesima
1606 3531 1792 3603 septin

1951 3534 2039 3603 Τῷ
2095 3529 2262 3605 ἰατρῷ
2318 3531 2664 3607 Θεογνώστῳ.
2724 3531 2824 3586 Τὸν
2879 3533 2986 3608 πρὸ
3047 3536 3243 3610 μικροῦ
3299 3534 3574 3606 κομήτην,

173 3626 259 3675 νῦν
313 3619 372 3676 δὲ
428 3622 612 3695 ἀτίμῳ
655 3624 827 3695 κουρᾷ
874 3612 1330 3691 ἀποϐεϐλημένον
1392 3618 1487 3681 τὰς
1548 3617 1765 3695 τρίχας,
1809 3619 1900 3673 τὸν
1959 3618 2240 3693 μαστιγίαν
2289 3618 2378 3673 καὶ
2423 3614 2817 3693 ἐκϐεϐοημένον
2868 3619 3318 3697 Φραγκόπουλον,
3369 3618 3578 3695 δεσμώ-

174 3732 270 3780 την
320 3706 464 3781 ὄντα,
523 3715 671 3779 etc.;
716 3710 1037 3773 centesima
1094 3709 1459 3782 sexagesima
1515 3714 1763 3765 octava:

1948 3702 2438 3783 πρωτοϐεστιαρίῳ.
2498 3704 2612 3764 Εἶτ’
2668 3707 2869 3779 ἀληθές
2928 3708 3090 3780 ἐστιν,
3150 3708 3181 3765 ὅ
3234 3710 3361 3789 φασί
3407 3732 3571 3784 τινες,

177 3798 278 3854 εἴτε
305 3799 397 3854 καὶ
432 3800 534 3873 μή,
565 3805 712 3866 etc.;
744 3798 1066 3855 centesima
1096 3799 1457 3871 sexagesima
1514 3814 1668 3853 nona
1702 3815 1714 3852 :
1745 3800 1800 3850 Ti

1950 3797 2145 3871 γοθέτῃ
2184 3801 2290 3851 τῶν
2338 3801 2563 3872 γενικῶν
2619 3801 2698 3869 τῷ
2758 3797 3237 3873 Ἀκροπολίτῃ.⁰0
3293 3820 3425 3855 ποτε
3481 3800 3573 3855 τὸν

175 3889 443 3958 Ἀτζωνᾶν
500 3887 704 3942 ἐκεῖνον
766 3885 880 3962 εἶχε
937 3882 1201 3956 δεσπότην
1257 3882 1588 3959 Ἀριστείδου
1649 3880 1884 3959 βιϐλίον·
1943 3889 2035 3939 νῦν
2094 3882 2151 3939 δὲ
2207 3884 2296 3939 σὸν
2358 3883 2599 3961 εὐτυχῶς
2640 3885 2939 3960 εὑρίσκεται
2993 3890 3198 3962 κτῆμα,
3232 3895 3384 3959 etc.;
3438 3907 3574 3947 cen-

174 3980 384 4036 tesimn
422 3976 902 4052 septuagesima:
952 3978 1040 4047 Τῷ
1097 3972 1319 4050 μεγάλῳ
1373 3972 1659 4048 λογοθέτῃ.
1690 3979 1797 4028 ‘Eat

1955 3995 1989 4028 τι
2036 3976 2330 4050 προσήκειν
2380 3974 2408 4028 ὁ
2455 3970 2602 4029 δεῖνα
2660 3974 2958 4052 ῥητορικῆς
3018 3975 3343 4053 εὐγλωττίας
3396 3977 3578 4052 ὀίόμε-

174 4087 263 4128 νος
320 4065 482 4142 ἔργον
535 4070 638 4134 τῆς
700 4060 966 4132 δοκούσης
1023 4068 1258 4118 ποιεῖται
1316 4059 1594 4136 δυνάμεως
1647 4060 1736 4117 διὰ
1793 4067 2004 4138 συχνῶν
2077 4062 2211 4135 ἐμοῦ
2285 4062 2641 4117 καθάπτεσθαι
2696 4070 2803 4119 τῶν
2876 4064 3196 4140 ἐπιστολῶν,
3254 4065 3435 4143 ὥσπερ
3482 4067 3579 4122 οὐκ

178 4152 402 4209 ἄλλοθεν
460 4149 606 4229 ἔχων
664 4157 780 4213 τοῖς
835 4152 1026 4206 ἑαυτοῦ
1075 4148 1259 4226 λόγοις
1310 4150 1447 4219 ὕλην
1478 4150 1514 4219 ἢ
1559 4149 1619 4205 ἐκ
1661 4155 1769 4206 τῶν

1954 4144 2098 4226 πέρων
2135 4150 2316 4226 ψόγων
2360 4146 2674 4225 ὑποϐαλεῖν,
2709 4160 2818 4211 etc.
2846 4172 2859 4222 ;
2892 4157 3213 4213 centesima
3269 4162 3577 4230 septuage-

178 4245 328 4301 sima
384 4244 573 4318 prima
604 4261 616 4299 :
650 4245 894 4317 Μοναχῷ
949 4261 1053 4295 τινι
1100 4239 1381 4317 γνωρίμῳ.
1414 4240 1643 4314 Πρώτην
1697 4238 1801 4314 είχι

1959 4242 2002 4308 ᾖν
2060 4239 2134 4301 είς
2194 4239 2467 4295 ἀσθένειαν
2524 4239 2893 4305 κατακλίσεως
2946 4246 3179 4319 ἡμέραν,
3239 4250 3393 4313 etc.;
3442 4262 3582 4301 cen-

180 4333 389 4390 tesima
442 4332 879 4405 septuagesima
934 4330 1193 4387 secunda
1226 4346 1238 4385 :
1270 4332 1358 4400 Τῷ
1419 4326 1641 4403 μεγάλῳ
1703 4325 1803 4401 λογ

1955 4349 1988 4393 λ.
2032 4326 2303 4403 Γεώργιόν
2362 4350 2481 4383 τινα
2536 4326 2849 4406 Ξιφιλῖνον,
2878 4326 3040 4407 ἄνδρα
3095 4334 3235 4386 θεῖον
3294 4331 3386 4386 καὶ
3446 4331 3578 4407 ὑπὲρ

182 4418 305 4482 τοὺς
359 4425 475 4475 κατ’
531 4417 689 4474 αὐτὸν
750 4413 879 4473 ὄντα
934 4417 1152 4494 ἀρετήν,
1184 4415 1270 4470 ὅτι
1325 4414 1511 4492 γέγονε
1564 4415 1805 4491 πατριάρ·

1955 4414 2215 4488 ἀκήκοας,
2249 4416 2424 4490 οἶμαι,
2456 4415 2644 4493 γέγονε
2669 4414 2749 4485 δέ,
2778 4424 2885 4475 etc.
2912 4437 2925 4488 ;
2960 4421 3281 4477 centesima
3335 4425 3574 4492 septua-

190 4511 404 4582 gesima
460 4510 678 4565 tertia:
729 4511 818 4579 Τῷ
863 4505 1026 4577 αὐτῷ.
1079 4503 1232 4562 Ἀλλ’
1289 4501 1475 4580 ἔμοιγε
1545 4508 1799 4559 τοσοῦτον

1957 4524 2027 4559 σει
2077 4505 2176 4572 τὴν
2243 4504 2531 4580 αἰσχύνην,
2582 4512 2731 4576 etc.;
2781 4508 3100 4565 centesima
3146 4508 3580 4581 septuagesima

194 4604 429 4669 quarta:
471 4601 559 4669 Τῷ
608 4594 773 4667 αὐτῷ.
825 4594 957 4650 Εἴπέ
1000 4615 1107 4664 τις,
1142 4590 1354 4667 μᾶλλον
1407 4591 1464 4648 δὲ
1507 4594 1754 4649 κατεῖπεν
1804 4591 1891 4648 ἐπὶ
1943 4600 2041 4663 τῆς
2099 4600 2197 4663 σῆς
2255 4592 2620 4665 τελειότητος,
2671 4594 2747 4658 ὡς
2793 4592 2875 4665 εἷή
2928 4596 2956 4649 ὁ
3002 4592 3265 4673 πρόεδρος
3314 4592 3479 4651 Δί’νου
3515 4594 3586 4651 τὰ

198 4685 279 4738 καὶ
327 4688 394 4741 τὰ
448 4690 647 4758 ποιῶν,
718 4690 845 4754 etc;
907 4684 1225 4741 centesima
1282 4685 1719 4756 septuagesima
1772 4700 1821 4756 ῳ

1960 4701 1980 4738 ι
2037 4700 2051 4739 :
2093 4682 2181 4754 Τῷ
2237 4683 2403 4754 αὐτῷ.
2464 4689 2675 4738 Ἔοικεν
2732 4685 2760 4738 6
2816 4684 3111 4756 θαυμάσιος
3162 4687 3261 4739 τοῦ
3316 4685 3583 4762 φοσσάτου

198 4774 377 4845 κριτὴς
435 4775 465 4829 6
524 4767 891 4835 πανσέϐαστος
944 4770 1176 4827 παλαιάν
1235 4792 1352 4825 τινα
1403 4771 1538 4847 πρὸς
1598 4771 1688 4826 τὸν
1742 4790 1821 4845 τρι

1963 4770 2141 4848 ιφόρον
2196 4772 2409 4849 τρέφειν
2484 4768 2814 4845 δυσμένειαν,
2871 4777 3022 4841 etc.;
3082 4774 3400 4830 centesima
3455 4789 3586 4846 88p-

200 4864 515 4938 tnegesima
570 4869 734 4921 sexta
786 4881 799 4918 :
858 4860 968 4916 Τινὶ
1026 4860 1312 4937 γνωρίμῳ.
1372 4854 1728 4930 Πανσέϐαστε,
1786 4860 2071 4935 ἄνθρωπος
2132 4861 2201 4927 εἷ,
2258 4860 2348 4914 καὶ
2398 4861 2682 4936 ἀνθρώπου
2738 4860 2939 4936 πατρὸς
2995 4860 3131 4924 υἱόςο
3190 4863 3355 4937 γνωθι
3408 4860 3590 4916 τοίνυν

201 4951 399 5026 σαυτὸν,
429 4952 521 5008 καὶ
572 4954 648 5025 μὴ
705 4950 884 5029 φρόνει
948 4954 1129 5024 μεῖζον
1186 4956 1288 5019 τῆς
1349 4948 1582 5026 φύσεως,
1642 4953 1824 5024 μικρᾶς

1964 4966 2060 5018 ;c.;
2105 4950 2427 5007 centesima
2483 4952 2916 5023 septuagesima
2970 4952 3221 5023 septima
3252 4970 3266 5008 :
3297 4949 3385 5023 Τῷ
3442 4948 3587 5024 αὐτῷ

204 5039 418 5115 μεγάλῳ
475 5039 760 5117 ληοθέτῃ.
810 5040 1004 5113 Τετρὰς
1057 5038 1124 5107 ἦν
1182 5039 1219 5107 ἡ
1276 5039 1376 5106 τῆς
1433 5035 1731 5106 ἐνεστώσης
1781 5033 1827 5091 ἐΕ

1969 5033 2107 5106 ίδος,
2166 5042 2276 5093 etc.
2305 5056 2319 5106 ;
2352 5038 2669 5094 centesima
2723 5040 3157 5112 septuagesima
3212 5046 3456 5097 octava:
3504 5036 3592 5111 Τῷ

199 5129 417 5207 Ἐφέσου
473 5131 630 5204 (sic).
670 5126 988 5199 Δεδήλωταί
1044 5147 1139 5182 σου
1192 5130 1263 5200 τῇ
1302 5125 1544 5201 ἱερότητι
1603 5122 1760 5201 δεῦρο
1814 5124 2201 5201 παραγενέσθαι
2259 5124 2347 5179 καὶ
2408 5123 2657 5199 ἐξύπερθε
2714 5121 3041 5198 δεδήλωται,
3104 5127 3268 5201 μῆνές
3325 5127 3426 5183 εἰσί
3488 5149 3595 5183 που

203 5223 360 5293 τρεῖς·
415 5218 563 5294 τάχα
630 5215 711 5285 δέ,
770 5223 919 5285 etc.;
975 5216 1293 5273 centesima
1375 5216 1810 5288 septuagesima

1967 5232 2021 5270 Ia
2078 5232 2090 5268 :
2149 5211 2234 5285 Τῷ
2291 5211 2459 5285 αὐτῷ.
2516 5215 2755 5288 ’Έπρεπε
2810 5211 3023 5277 πάντως
3077 5236 3154 5288 σε,
3214 5216 3456 5271 θεσπέσιε
3504 5213 3590 5271 δέ·

205 5326 382 5381 σποτα,
414 5314 560 5375 etc.;
594 5308 918 5364 centesima
972 5304 1331 5379 octogesima
1363 5323 1376 5361 :
1407 5301 1494 5375 Τῷ
1553 5300 1776 5379 μεγάλῳ

1976 5301 2118 5375 θέτῃ.
2179 5299 2449 5372 Χαλεπὸν,
2510 5300 2672 5379 φησὶν
2704 5305 2738 5371 ἡ
2798 5303 3087 5379 παροιμία,
3148 5303 3291 5359 κῦων
3354 5306 3595 5378 μαθοῦσα

208 5402 597 5473 σκυτοτραγεῖν,
658 5395 719 5450 οὗ
782 5396 887 5468 μήν
946 5414 1005 5468 γε
1063 5392 1187 5448 ὅσον
1241 5391 1600 5469 ἀκειρεκόμης
1654 5390 2109 5467 Φραγκόπουλος,
2146 5390 2364 5467 ἐρώτων
2427 5390 2641 5463 μανίαις
2705 5389 2888 5452 ἁλούς.
2924 5393 3132 5468 Ἐπήρα
3179 5393 3272 5465 μὲν
3329 5391 3419 5447 οὖν
3476 5413 3598 5448 τινα

205 5487 478 5562 πάρθένον,
533 5493 687 5553 etc.;
721 5484 1040 5541 centesima
1095 5484 1452 5556 octogesima
1517 5482 1746 5554 prima:
1784 5485 1828 5532 Τι

1970 5478 2094 5551 ὗτῷ,
2157 5479 2436 5541 Διονύσιος
2493 5478 2674 5534 οὐτοσὶ
2731 5480 2923 5555 Ἀρκάς
2986 5480 3123 5535 ἐστιν
3185 5481 3243 5536 ἐκ
3315 5481 3593 5537 Πελοπον-

206 5576 380 5644 νήσου·
413 5572 682 5648 ἡμέτερος
710 5568 788 5643 δέ,
821 5580 928 5629 etc.
954 5591 968 5640 ;
1003 5573 1325 5628 centesima
1354 5570 1709 5643 octogesima
1738 5587 1829 5625 sec

1972 5588 1997 5625 ιι
2030 5587 2042 5625 :
2075 5568 2161 5640 Τῷ
2192 5568 2358 5639 αὐτῷ.
2403 5569 2459 5622 Ὀ
2511 5569 2815 5640 θαυμαστὸς
2859 5568 2945 5622 ἐπὶ
2993 5574 3099 5624 τῶν
3161 5568 3417 5640 δεήσεων,
3441 5577 3551 5642 etc,
3582 5589 3595 5640 ;

207 5662 514 5720 centesima
570 5662 928 5734 octogesima
984 5661 1198 5715 tertia:
1232 5658 1287 5709 Ὀ
1341 5657 1690 5732 πατριάρχης
1745 5656 1824 5728 τῷ

1974 5651 2380 5732 υτοϐεστιαρίῳ.
2414 5656 2572 5729 Ἐμοὶ
2628 5657 2721 5729 μὲν
2780 5657 2929 5711 τουτὶ
2984 5658 3046 5712 τὸ
3095 5653 3318 5731 πόνημα
3364 5658 3597 5727 πεποίη-

208 5771 288 5805 κεν
344 5751 458 5807 οἷον
519 5749 652 5825 ὁρᾷς
707 5746 902 5826 ἀφελὲς
950 5748 1123 5815 πάντη
1184 5746 1272 5800 καὶ
1328 5746 1600 5814 ταπεινόν,
1632 5752 1742 5802 etc.
1771 5764 1831 5814 ;(

1972 5747 2137 5804 :sima
2191 5746 2547 5819 octogesima
2598 5753 2809 5819 quarta
2839 5765 2858 5801 :
2882 5744 2971 5818 Τῷ
3017 5746 3245 5822 παρόντι
3275 5746 3474 5818 νεινίᾳ,
3504 5746 3595 5801 καὶ

211 5839 390 5918 πένητι
417 5834 536 5897 ὄντι
594 5837 686 5893 καὶ
740 5834 1018 5914 ἡμετέρῳ,
1069 5844 1178 5895 etc.
1208 5854 1222 5906 ;
1255 5835 1577 5895 centesima
1620 5839 1834 5911 octoge:

1971 5879 1977 5893 .
2029 5835 2233 5910 quinta
2262 5851 2277 5895 :
2307 5834 2394 5915 Τῷ
2453 5833 2620 5912 αὐτῷ.
2656 5831 2927 5914 Ἐπεράλη
2957 5832 3038 5917 τῷ
3097 5831 3230 5892 δεῖνι
3291 5834 3398 5891 ὧδε
3441 5834 3594 5937 ἱέναι⁸
