  <div class='ocr_page' id='page_1' title='image "/cluster/home/n/w/nwhite01/storage/ocr_20150623/142/mdp.39015078384792/223.png"; bbox 0 0 4110 6418; ppageno 0'>
   <div class='ocr_carea' id='block_1_1' title="bbox 566 374 3957 441">
    <p class='ocr_par' dir='ltr' id='par_1_1' title="bbox 566 374 3957 441">
     <span class='ocr_line' id='line_1_1' title="bbox 566 374 3957 441; baseline -0.001 0"><span class='ocrx_word' id='word_1_1' title='bbox 566 383 678 441; x_wconf 71' lang='grc'><strong>431</strong></span> <span class='ocrx_word' id='word_1_2' title='bbox 1586 375 1902 438; x_wconf 80' lang='lat' dir='ltr'><strong>GEORGII</strong></span> <span class='ocrx_word' id='word_1_3' title='bbox 1948 376 2212 438; x_wconf 80' lang='lat' dir='ltr'><strong>CYPBII</strong></span> <span class='ocrx_word' id='word_1_4' title='bbox 2258 378 2374 437; x_wconf 70' lang='lat' dir='ltr'><strong>Cl‘.</strong></span> <span class='ocrx_word' id='word_1_5' title='bbox 2424 376 2951 439; x_wconf 67' lang='lat' dir='ltr'><strong>PATRIABCHE</strong></span> <span class='ocrx_word' id='word_1_6' title='bbox 3851 374 3957 439; x_wconf 70' lang='grc'><strong>4³2</strong></span> 
     </span>
    </p>
   </div>
   <div class='ocr_carea' id='block_1_2' title="bbox 560 499 2183 581">
    <p class='ocr_par' dir='ltr' id='par_1_2' title="bbox 560 499 2183 580">
     <span class='ocr_line' id='line_1_2' title="bbox 560 499 2183 580; baseline -0.001 -15"><span class='ocrx_word' id='word_1_7' title='bbox 560 513 650 565; x_wconf 80' lang='grc' dir='ltr'><strong>καὶ</strong></span> <span class='ocrx_word' id='word_1_8' title='bbox 705 512 771 578; x_wconf 84' lang='grc' dir='ltr'>ἦν</span> <span class='ocrx_word' id='word_1_9' title='bbox 832 508 890 563; x_wconf 72' lang='grc' dir='ltr'><strong>ἂν</strong></span> <span class='ocrx_word' id='word_1_10' title='bbox 950 503 1068 569; x_wconf 78' lang='grc' dir='ltr'>ἔτος</span> <span class='ocrx_word' id='word_1_11' title='bbox 1136 506 1190 561; x_wconf 79' lang='grc' dir='ltr'><strong>’ἐν</strong></span> <span class='ocrx_word' id='word_1_12' title='bbox 1252 499 1508 580; x_wconf 82' lang='grc' dir='ltr'>ἀκριϐῶς,</span> <span class='ocrx_word' id='word_1_13' title='bbox 1564 511 1718 573; x_wconf 90' lang='lat' dir='ltr'><strong>etc.;</strong></span> <span class='ocrx_word' id='word_1_14' title='bbox 1778 507 2096 563; x_wconf 89' lang='lat' dir='ltr'><strong>centesima</strong></span> <span class='ocrx_word' id='word_1_15' title='bbox 2151 525 2183 563; x_wconf 92' lang='grc' dir='ltr'><strong>ο</strong></span> 
     </span>
    </p>
   </div>
   <div class='ocr_carea' id='block_1_3' title="bbox 2335 499 3958 581">
    <p class='ocr_par' dir='ltr' id='par_1_3' title="bbox 2335 499 3958 581">
     <span class='ocr_line' id='line_1_3' title="bbox 2335 499 3958 581; baseline 0.001 -21"><span class='ocrx_word' id='word_1_16' title='bbox 2335 508 2507 564; x_wconf 66' lang='lat' dir='ltr'><strong>asima</strong></span> <span class='ocrx_word' id='word_1_17' title='bbox 2562 512 2769 565; x_wconf 80' lang='lat' dir='ltr'><strong>sexta:</strong></span> <span class='ocrx_word' id='word_1_18' title='bbox 2828 508 2884 559; x_wconf 90' lang='grc' dir='ltr'>Ὁ</span> <span class='ocrx_word' id='word_1_19' title='bbox 2941 499 3434 580; x_wconf 74' lang='grc' dir='ltr'>πρωτοϐεστιάριος</span> <span class='ocrx_word' id='word_1_20' title='bbox 3491 508 3575 576; x_wconf 79' lang='grc' dir='ltr'>τῷ</span> <span class='ocrx_word' id='word_1_21' title='bbox 3627 504 3958 581; x_wconf 72' lang='grc' dir='ltr'>πατριάρχῃ.</span> 
     </span>
    </p>
   </div>
   <div class='ocr_carea' id='block_1_4' title="bbox 563 591 3960 674">
    <p class='ocr_par' dir='ltr' id='par_1_4' title="bbox 563 591 3960 674">
     <span class='ocr_line' id='line_1_4' title="bbox 563 591 3960 674; baseline -0.002 -19"><span class='ocrx_word' id='word_1_22' title='bbox 563 598 941 674; x_wconf 85' lang='grc' dir='ltr'>Παναγιώτατε</span> <span class='ocrx_word' id='word_1_23' title='bbox 999 596 1087 650; x_wconf 87' lang='grc' dir='ltr'><strong>καὶ</strong></span> <span class='ocrx_word' id='word_1_24' title='bbox 1144 594 1381 649; x_wconf 86' lang='grc' dir='ltr'>Θειότατε</span> <span class='ocrx_word' id='word_1_25' title='bbox 1437 591 1669 648; x_wconf 83' lang='grc' dir='ltr'>δέσποτά</span> <span class='ocrx_word' id='word_1_26' title='bbox 1738 616 1870 666; x_wconf 89' lang='grc' dir='ltr'>μου,</span> <span class='ocrx_word' id='word_1_27' title='bbox 1928 595 2271 667; x_wconf 75' lang='grc' dir='ltr'>οἰκουμενικὶ</span> <span class='ocrx_word' id='word_1_28' title='bbox 2327 596 2658 671; x_wconf 72' lang='grc' dir='ltr'>πατριάρχαο</span> <span class='ocrx_word' id='word_1_29' title='bbox 2719 594 2824 670; x_wconf 80' lang='grc' dir='ltr'><strong>ἐγὼ</strong></span> <span class='ocrx_word' id='word_1_30' title='bbox 2884 593 2942 649; x_wconf 79' lang='grc' dir='ltr'>δὶ</span> <span class='ocrx_word' id='word_1_31' title='bbox 2992 597 3094 664; x_wconf 76' lang='grc' dir='ltr'><strong>τήν</strong></span> <span class='ocrx_word' id='word_1_32' title='bbox 3151 593 3237 648; x_wconf 75' lang='grc' dir='ltr'>ἐπὶ</span> <span class='ocrx_word' id='word_1_33' title='bbox 3294 594 3384 648; x_wconf 85' lang='grc' dir='ltr'>τὸν</span> <span class='ocrx_word' id='word_1_34' title='bbox 3445 595 3593 651; x_wconf 83' lang='grc' dir='ltr'><strong>Ἀθω</strong></span> <span class='ocrx_word' id='word_1_35' title='bbox 3649 597 3825 670; x_wconf 68' lang='grc' dir='ltr'>φυγὴν</span> <span class='ocrx_word' id='word_1_36' title='bbox 3872 599 3960 649; x_wconf 76' lang='grc' dir='ltr'><strong>τοῦ</strong></span> 
     </span>
    </p>
   </div>
   <div class='ocr_carea' id='block_1_5' title="bbox 559 681 2182 762">
    <p class='ocr_par' dir='ltr' id='par_1_5' title="bbox 559 682 2182 762">
     <span class='ocr_line' id='line_1_5' title="bbox 559 682 2182 762; baseline -0.001 -20"><span class='ocrx_word' id='word_1_37' title='bbox 559 690 806 762; x_wconf 81' lang='grc' dir='ltr'>πονηροῦ</span> <span class='ocrx_word' id='word_1_38' title='bbox 855 682 1146 740; x_wconf 81' lang='grc' dir='ltr'><strong>Θεοδοσίου</strong></span> <span class='ocrx_word' id='word_1_39' title='bbox 1208 683 1414 755; x_wconf 86' lang='grc' dir='ltr'>μαθών,</span> <span class='ocrx_word' id='word_1_40' title='bbox 1447 689 1559 740; x_wconf 89' lang='lat' dir='ltr'><strong>etc.</strong></span> <span class='ocrx_word' id='word_1_41' title='bbox 1589 703 1602 752; x_wconf 90' lang='lat'><strong>;</strong></span> <span class='ocrx_word' id='word_1_42' title='bbox 1634 686 1955 741; x_wconf 88' lang='lat' dir='ltr'><strong>centesima</strong></span> <span class='ocrx_word' id='word_1_43' title='bbox 2008 691 2182 758; x_wconf 51' lang='lat' dir='ltr'><strong>octogl</strong></span> 
     </span>
    </p>
   </div>
   <div class='ocr_carea' id='block_1_6' title="bbox 2336 681 3959 762">
    <p class='ocr_par' dir='ltr' id='par_1_6' title="bbox 2336 681 3959 761">
     <span class='ocr_line' id='line_1_6' title="bbox 2336 681 3959 761; baseline -0.002 -20"><span class='ocrx_word' id='word_1_44' title='bbox 2336 703 2364 740; x_wconf 87' lang='lat' dir='ltr'><strong>a</strong></span> <span class='ocrx_word' id='word_1_45' title='bbox 2414 689 2669 757; x_wconf 88' lang='lat' dir='ltr'><strong>septima</strong></span> <span class='ocrx_word' id='word_1_46' title='bbox 2701 705 2713 741; x_wconf 90' lang='lat'>:</span> <span class='ocrx_word' id='word_1_47' title='bbox 2746 688 2820 757; x_wconf 77' lang='grc' dir='ltr'>Τῇ</span> <span class='ocrx_word' id='word_1_48' title='bbox 2874 683 3214 757; x_wconf 79' lang='grc' dir='ltr'>Ῥαουλαίνῃ.</span> <span class='ocrx_word' id='word_1_49' title='bbox 3276 682 3481 760; x_wconf 73' lang='grc' dir='ltr'>’Δφελῆ</span> <span class='ocrx_word' id='word_1_50' title='bbox 3543 683 3626 738; x_wconf 90' lang='grc' dir='ltr'><strong>σοί</strong></span> <span class='ocrx_word' id='word_1_51' title='bbox 3680 704 3802 738; x_wconf 89' lang='grc' dir='ltr'>τινα</span> <span class='ocrx_word' id='word_1_52' title='bbox 3860 681 3959 761; x_wconf 75' lang='grc' dir='ltr'><strong>φῂς</strong></span> 
     </span>
    </p>
   </div>
   <div class='ocr_carea' id='block_1_7' title="bbox 561 768 3961 850">
    <p class='ocr_par' dir='ltr' id='par_1_7' title="bbox 561 768 3961 850">
     <span class='ocr_line' id='line_1_7' title="bbox 561 768 3961 850; baseline -0.002 -17"><span class='ocrx_word' id='word_1_53' title='bbox 561 777 694 833; x_wconf 80' lang='grc' dir='ltr'>εἶναι</span> <span class='ocrx_word' id='word_1_54' title='bbox 751 776 1050 850; x_wconf 87' lang='grc' dir='ltr'>γράμματα</span> <span class='ocrx_word' id='word_1_55' title='bbox 1099 773 1187 828; x_wconf 84' lang='grc' dir='ltr'><strong>καὶ</strong></span> <span class='ocrx_word' id='word_1_56' title='bbox 1241 769 1490 842; x_wconf 80' lang='grc' dir='ltr'>ἐκδήλως</span> <span class='ocrx_word' id='word_1_57' title='bbox 1548 768 1960 848; x_wconf 77' lang='grc' dir='ltr'>πρεσϐυτερικά,</span> <span class='ocrx_word' id='word_1_58' title='bbox 1993 773 2188 849; x_wconf 81' lang='grc' dir='ltr'>’ἁπρὸς</span> <span class='ocrx_word' id='word_1_59' title='bbox 2247 777 2405 845; x_wconf 76' lang='grc' dir='ltr'>ἡμῶν</span> <span class='ocrx_word' id='word_1_60' title='bbox 2464 794 2548 828; x_wconf 90' lang='grc' dir='ltr'><strong>σοι</strong></span> <span class='ocrx_word' id='word_1_61' title='bbox 2607 774 2875 846; x_wconf 71' lang='grc' dir='ltr'>πέμπεται</span> <span class='ocrx_word' id='word_1_62' title='bbox 2935 773 3250 849; x_wconf 88' lang='grc' dir='ltr'>γράμματα·</span> <span class='ocrx_word' id='word_1_63' title='bbox 3308 771 3404 826; x_wconf 78' lang='grc' dir='ltr'>εἶτ’</span> <span class='ocrx_word' id='word_1_64' title='bbox 3462 771 3570 846; x_wconf 87' lang='grc' dir='ltr'><strong>οὐχ</strong></span> <span class='ocrx_word' id='word_1_65' title='bbox 3625 770 3775 842; x_wconf 76' lang='grc' dir='ltr'>ἴστᾷς</span> <span class='ocrx_word' id='word_1_66' title='bbox 3836 769 3961 848; x_wconf 73' lang='grc' dir='ltr'>ἄχρι</span> 
     </span>
    </p>
   </div>
   <div class='ocr_carea' id='block_1_8' title="bbox 557 859 2180 938">
    <p class='ocr_par' dir='ltr' id='par_1_8' title="bbox 557 863 2180 938">
     <span class='ocr_line' id='line_1_8' title="bbox 557 863 2180 938; baseline -0.001 -17"><span class='ocrx_word' id='word_1_67' title='bbox 557 863 718 922; x_wconf 76' lang='grc' dir='ltr'>τοῦδε</span> <span class='ocrx_word' id='word_1_68' title='bbox 775 865 838 918; x_wconf 88' lang='grc' dir='ltr'><strong>τὸ</strong></span> <span class='ocrx_word' id='word_1_69' title='bbox 890 869 1137 938; x_wconf 80' lang='grc' dir='ltr'>πρᾶγμα,</span> <span class='ocrx_word' id='word_1_70' title='bbox 1200 868 1350 931; x_wconf 88' lang='lat' dir='ltr'><strong>etc.;</strong></span> <span class='ocrx_word' id='word_1_71' title='bbox 1385 863 1709 924; x_wconf 86' lang='lat' dir='ltr'><strong>centesima</strong></span> <span class='ocrx_word' id='word_1_72' title='bbox 1764 865 2122 936; x_wconf 86' lang='lat' dir='ltr'><strong>octogesima</strong></span> <span class='ocrx_word' id='word_1_73' title='bbox 2178 891 2180 910; x_wconf 86' lang='grc' dir='ltr'><strong>ι</strong></span> 
     </span>
    </p>
   </div>
   <div class='ocr_carea' id='block_1_9' title="bbox 2338 859 3961 938">
    <p class='ocr_par' dir='ltr' id='par_1_9' title="bbox 2338 859 3961 936">
     <span class='ocr_line' id='line_1_9' title="bbox 2338 859 3961 936; baseline -0.001 -18"><span class='ocrx_word' id='word_1_74' title='bbox 2338 881 2378 918; x_wconf 66' lang='lat' dir='ltr'><strong>‘a</strong></span> <span class='ocrx_word' id='word_1_75' title='bbox 2411 882 2423 917; x_wconf 76' lang='grc' dir='ltr'>ε</span> <span class='ocrx_word' id='word_1_76' title='bbox 2455 865 2532 932; x_wconf 73' lang='grc' dir='ltr'><strong>Τῇ</strong></span> <span class='ocrx_word' id='word_1_77' title='bbox 2587 862 2923 935; x_wconf 77' lang='grc' dir='ltr'>Ῥαουλαίνῃ.</span> <span class='ocrx_word' id='word_1_78' title='bbox 2977 867 3093 916; x_wconf 86' lang='grc' dir='ltr'><strong>Ὅτι</strong></span> <span class='ocrx_word' id='word_1_79' title='bbox 3155 861 3248 933; x_wconf 66' lang='grc' dir='ltr'>μὲν</span> <span class='ocrx_word' id='word_1_80' title='bbox 3308 860 3413 936; x_wconf 84' lang='grc' dir='ltr'><strong>ἐγὼ</strong></span> <span class='ocrx_word' id='word_1_81' title='bbox 3461 861 3568 916; x_wconf 81' lang='grc' dir='ltr'><strong>ἀπὸ</strong></span> <span class='ocrx_word' id='word_1_82' title='bbox 3616 868 3717 930; x_wconf 79' lang='grc' dir='ltr'><strong>τῆς</strong></span> <span class='ocrx_word' id='word_1_83' title='bbox 3764 859 3817 916; x_wconf 74' lang='grc' dir='ltr'>ὲν</span> <span class='ocrx_word' id='word_1_84' title='bbox 3865 881 3961 916; x_wconf 84' lang='grc' dir='ltr'>πα-</span> 
     </span>
    </p>
   </div>
   <div class='ocr_carea' id='block_1_10' title="bbox 557 949 2180 1031">
    <p class='ocr_par' dir='ltr' id='par_1_10' title="bbox 557 949 2180 1031">
     <span class='ocr_line' id='line_1_10' title="bbox 557 949 2180 1031; baseline -0.003 -21"><span class='ocrx_word' id='word_1_85' title='bbox 557 951 702 1031; x_wconf 83' lang='grc' dir='ltr'>τρίδι</span> <span class='ocrx_word' id='word_1_86' title='bbox 761 952 997 1014; x_wconf 83' lang='grc' dir='ltr'>παλαιᾶς</span> <span class='ocrx_word' id='word_1_87' title='bbox 1053 951 1336 1021; x_wconf 80' lang='grc' dir='ltr'><strong>συνηθείας</strong></span> <span class='ocrx_word' id='word_1_88' title='bbox 1397 949 1564 1026; x_wconf 76' lang='grc' dir='ltr'>φίλην</span> <span class='ocrx_word' id='word_1_89' title='bbox 1621 950 1839 1022; x_wconf 78' lang='grc' dir='ltr'><strong>ἐμαυτῷ</strong></span> <span class='ocrx_word' id='word_1_90' title='bbox 1892 951 1957 1005; x_wconf 79' lang='grc' dir='ltr'><strong>τὰ</strong></span> <span class='ocrx_word' id='word_1_91' title='bbox 2017 951 2180 1024; x_wconf 75' lang='grc' dir='ltr'>συκάμ</span> 
     </span>
    </p>
   </div>
   <div class='ocr_carea' id='block_1_11' title="bbox 2341 949 3964 1031">
    <p class='ocr_par' dir='ltr' id='par_1_11' title="bbox 2360 951 3964 1026">
     <span class='ocr_line' id='line_1_11' title="bbox 2360 951 3964 1026; baseline 0.001 -21"><span class='ocrx_word' id='word_1_92' title='bbox 2360 953 2578 1026; x_wconf 82' lang='grc' dir='ltr'>βρῶσιν,</span> <span class='ocrx_word' id='word_1_93' title='bbox 2620 958 2767 1018; x_wconf 90' lang='lat' dir='ltr'><strong>etc.;</strong></span> <span class='ocrx_word' id='word_1_94' title='bbox 2821 952 3139 1007; x_wconf 87' lang='lat' dir='ltr'><strong>centesima</strong></span> <span class='ocrx_word' id='word_1_95' title='bbox 3213 952 3571 1022; x_wconf 89' lang='lat' dir='ltr'><strong>octogesima</strong></span> <span class='ocrx_word' id='word_1_96' title='bbox 3645 968 3850 1008; x_wconf 86' lang='lat' dir='ltr'><strong>nona:</strong></span> <span class='ocrx_word' id='word_1_97' title='bbox 3893 951 3964 1020; x_wconf 80' lang='grc' dir='ltr'><strong>Τῇ</strong></span> 
     </span>
    </p>
   </div>
   <div class='ocr_carea' id='block_1_12' title="bbox 559 1036 3960 1117">
    <p class='ocr_par' dir='ltr' id='par_1_12' title="bbox 559 1036 3960 1117">
     <span class='ocr_line' id='line_1_12' title="bbox 559 1036 3960 1117; baseline -0.001 -19"><span class='ocrx_word' id='word_1_98' title='bbox 559 1039 1098 1116; x_wconf 76' lang='grc' dir='ltr'>⁸Ραουλαίνῃ.¹Ἀπερ</span> <span class='ocrx_word' id='word_1_99' title='bbox 1158 1041 1287 1116; x_wconf 78' lang='grc' dir='ltr'>ὁρᾷς</span> <span class='ocrx_word' id='word_1_100' title='bbox 1343 1039 1666 1111; x_wconf 88' lang='grc' dir='ltr'>πεμπόμενά</span> <span class='ocrx_word' id='word_1_101' title='bbox 1717 1060 1801 1095; x_wconf 91' lang='grc' dir='ltr'><strong>σοι</strong></span> <span class='ocrx_word' id='word_1_102' title='bbox 1859 1042 2126 1113; x_wconf 78' lang='grc' dir='ltr'><strong>συκάμινα</strong></span> <span class='ocrx_word' id='word_1_103' title='bbox 2187 1042 2263 1112; x_wconf 83' lang='grc' dir='ltr'>μή</span> <span class='ocrx_word' id='word_1_104' title='bbox 2325 1038 2413 1094; x_wconf 86' lang='grc' dir='ltr'><strong>διά</strong></span> <span class='ocrx_word' id='word_1_105' title='bbox 2469 1060 2587 1094; x_wconf 89' lang='grc' dir='ltr'>τινα</span> <span class='ocrx_word' id='word_1_106' title='bbox 2642 1040 2960 1117; x_wconf 74' lang='grc' dir='ltr'>φιλοτιμίαν</span> <span class='ocrx_word' id='word_1_107' title='bbox 3019 1039 3321 1111; x_wconf 76' lang='grc' dir='ltr'>πέμπεσθαι</span> <span class='ocrx_word' id='word_1_108' title='bbox 3363 1038 3571 1111; x_wconf 85' lang='grc' dir='ltr'>νόμιζε,</span> <span class='ocrx_word' id='word_1_109' title='bbox 3605 1036 3770 1108; x_wconf 79' lang='grc' dir='ltr'>ἀλλά,</span> <span class='ocrx_word' id='word_1_110' title='bbox 3806 1044 3960 1106; x_wconf 86' lang='lat' dir='ltr'><strong>etc.;</strong></span> 
     </span>
    </p>
   </div>
   <div class='ocr_carea' id='block_1_13' title="bbox 560 1120 2183 1204">
    <p class='ocr_par' dir='ltr' id='par_1_13' title="bbox 560 1127 2183 1204">
     <span class='ocr_line' id='line_1_13' title="bbox 560 1127 2183 1204; baseline -0.005 -14"><span class='ocrx_word' id='word_1_111' title='bbox 560 1133 882 1190; x_wconf 88' lang='lat' dir='ltr'><strong>centesima</strong></span> <span class='ocrx_word' id='word_1_112' title='bbox 937 1130 1318 1203; x_wconf 90' lang='lat' dir='ltr'><strong>nonagesima</strong></span> <span class='ocrx_word' id='word_1_113' title='bbox 1347 1148 1358 1184; x_wconf 94' lang='lat'><strong>:</strong></span> <span class='ocrx_word' id='word_1_114' title='bbox 1390 1133 1494 1182; x_wconf 74' lang='grc' dir='ltr'>Τοῦ</span> <span class='ocrx_word' id='word_1_115' title='bbox 1544 1127 1843 1203; x_wconf 78' lang='grc' dir='ltr'>ἁγιωτάτου</span> <span class='ocrx_word' id='word_1_116' title='bbox 1888 1130 2183 1204; x_wconf 77' lang='grc' dir='ltr'>πατριάρχι</span> 
     </span>
    </p>
   </div>
   <div class='ocr_carea' id='block_1_14' title="bbox 2339 1120 3962 1204">
    <p class='ocr_par' dir='ltr' id='par_1_14' title="bbox 2347 1120 3962 1204">
     <span class='ocr_line' id='line_1_14' title="bbox 2347 1120 3962 1204; baseline 0.002 -24"><span class='ocrx_word' id='word_1_117' title='bbox 2347 1128 2362 1180; x_wconf 76' lang='grc' dir='ltr'>ἶ</span> <span class='ocrx_word' id='word_1_118' title='bbox 2417 1129 2508 1200; x_wconf 75' lang='grc' dir='ltr'>μὶν</span> <span class='ocrx_word' id='word_1_119' title='bbox 2581 1127 2638 1182; x_wconf 80' lang='grc' dir='ltr'>ἐκ</span> <span class='ocrx_word' id='word_1_120' title='bbox 2700 1135 2799 1196; x_wconf 77' lang='grc' dir='ltr'>τῆς</span> <span class='ocrx_word' id='word_1_121' title='bbox 2871 1127 3107 1190; x_wconf 76' lang='grc' dir='ltr'>ἐντεῦθεν</span> <span class='ocrx_word' id='word_1_122' title='bbox 3175 1130 3360 1204; x_wconf 75' lang='grc' dir='ltr'>ψήφου</span> <span class='ocrx_word' id='word_1_123' title='bbox 3428 1120 3762 1193; x_wconf 76' lang='grc' dir='ltr'>ἐϐεϐαιοῦτο,</span> <span class='ocrx_word' id='word_1_124' title='bbox 3813 1132 3962 1193; x_wconf 71' lang='grc' dir='ltr'>οιο.;</span> 
     </span>
    </p>
   </div>
   <div class='ocr_carea' id='block_1_15' title="bbox 563 1213 2186 1294">
    <p class='ocr_par' dir='ltr' id='par_1_15' title="bbox 563 1217 2186 1294">
     <span class='ocr_line' id='line_1_15' title="bbox 563 1217 2186 1294; baseline -0.007 -16"><span class='ocrx_word' id='word_1_125' title='bbox 563 1221 885 1278; x_wconf 87' lang='lat' dir='ltr'><strong>centesima</strong></span> <span class='ocrx_word' id='word_1_126' title='bbox 941 1218 1322 1291; x_wconf 76' lang='lat' dir='ltr'><strong>nonagesimo.</strong></span> <span class='ocrx_word' id='word_1_127' title='bbox 1368 1218 1600 1290; x_wconf 89' lang='lat' dir='ltr'><strong>prima:</strong></span> <span class='ocrx_word' id='word_1_128' title='bbox 1635 1217 1747 1270; x_wconf 78' lang='grc' dir='ltr'><strong>Τινῖ</strong></span> <span class='ocrx_word' id='word_1_129' title='bbox 1794 1222 1900 1271; x_wconf 84' lang='grc' dir='ltr'>τῶν</span> <span class='ocrx_word' id='word_1_130' title='bbox 1956 1218 2186 1294; x_wconf 69' lang='grc' dir='ltr'>ἀρχιερέι</span> 
     </span>
    </p>
   </div>
   <div class='ocr_carea' id='block_1_16' title="bbox 2339 1213 3962 1294">
    <p class='ocr_par' dir='ltr' id='par_1_16' title="bbox 2343 1213 3962 1287">
     <span class='ocr_line' id='line_1_16' title="bbox 2343 1213 3962 1287; baseline -0.002 -17"><span class='ocrx_word' id='word_1_131' title='bbox 2343 1225 2411 1277; x_wconf 87' lang='grc' dir='ltr'>Ως</span> <span class='ocrx_word' id='word_1_132' title='bbox 2456 1214 2762 1286; x_wconf 75' lang='grc' dir='ltr'><strong>διετέθησαν</strong></span> <span class='ocrx_word' id='word_1_133' title='bbox 2822 1217 2872 1270; x_wconf 70' lang='grc' dir='ltr'>οἱ</span> <span class='ocrx_word' id='word_1_134' title='bbox 2939 1214 3202 1286; x_wconf 79' lang='grc' dir='ltr'>πολεμεῖν</span> <span class='ocrx_word' id='word_1_135' title='bbox 3266 1215 3346 1269; x_wconf 79' lang='grc' dir='ltr'>ἀεὶ</span> <span class='ocrx_word' id='word_1_136' title='bbox 3411 1219 3480 1287; x_wconf 80' lang='grc' dir='ltr'><strong>τῇ</strong></span> <span class='ocrx_word' id='word_1_137' title='bbox 3529 1214 3828 1284; x_wconf 67' lang='grc' dir='ltr'>Ἐκκλησία</span> <span class='ocrx_word' id='word_1_138' title='bbox 3878 1213 3962 1268; x_wconf 76' lang='grc' dir='ltr'><strong>καὶ</strong></span> 
     </span>
    </p>
   </div>
   <div class='ocr_carea' id='block_1_17' title="bbox 564 1304 2012 1382">
    <p class='ocr_par' dir='ltr' id='par_1_17' title="bbox 564 1304 2012 1382">
     <span class='ocr_line' id='line_1_17' title="bbox 564 1304 2012 1382; baseline -0.001 -17"><span class='ocrx_word' id='word_1_139' title='bbox 564 1308 634 1382; x_wconf 75' lang='grc' dir='ltr'><strong>τῇ</strong></span> <span class='ocrx_word' id='word_1_140' title='bbox 666 1308 980 1364; x_wconf 79' lang='grc' dir='ltr'><strong>καταστάσει</strong></span> <span class='ocrx_word' id='word_1_141' title='bbox 1013 1310 1120 1360; x_wconf 79' lang='grc' dir='ltr'><strong>τῶν</strong></span> <span class='ocrx_word' id='word_1_142' title='bbox 1152 1304 1486 1379; x_wconf 76' lang='grc' dir='ltr'>πραγμάτων</span> <span class='ocrx_word' id='word_1_143' title='bbox 1521 1304 1874 1379; x_wconf 77' lang='grc' dir='ltr'>βουλόμενοι,</span> <span class='ocrx_word' id='word_1_144' title='bbox 1904 1313 2012 1362; x_wconf 88' lang='lat' dir='ltr'><strong>etc.</strong></span> 
     </span>
    </p>
   </div>
   <div class='ocr_carea' id='block_1_18' title="bbox 639 1391 3968 1470">
    <p class='ocr_par' dir='ltr' id='par_1_18' title="bbox 639 1391 3968 1470">
     <span class='ocr_line' id='line_1_18' title="bbox 639 1391 3968 1470; baseline -0.002 -15"><span class='ocrx_word' id='word_1_145' title='bbox 639 1399 956 1470; x_wconf 85' lang='lat' dir='ltr'><strong>Hucusque</strong></span> <span class='ocrx_word' id='word_1_146' title='bbox 1002 1397 1182 1468; x_wconf 78' lang='lat' dir='ltr'><strong>igitur</strong></span> <span class='ocrx_word' id='word_1_147' title='bbox 1211 1395 1551 1467; x_wconf 90' lang='lat' dir='ltr'><strong>pertingunt</strong></span> <span class='ocrx_word' id='word_1_148' title='bbox 1607 1396 1871 1450; x_wconf 89' lang='lat' dir='ltr'><strong>omnium</strong></span> <span class='ocrx_word' id='word_1_149' title='bbox 1922 1395 2154 1450; x_wconf 90' lang='lat' dir='ltr'><strong>illarum</strong></span> <span class='ocrx_word' id='word_1_150' title='bbox 2200 1395 2459 1466; x_wconf 80' lang='lat' dir='ltr'><strong>Gregorii</strong></span> <span class='ocrx_word' id='word_1_151' title='bbox 2490 1395 2679 1468; x_wconf 81' lang='lat' dir='ltr'><strong>Cyprii</strong></span> <span class='ocrx_word' id='word_1_152' title='bbox 2712 1394 3092 1467; x_wconf 84' lang='lat' dir='ltr'><strong>epistolarum</strong></span> <span class='ocrx_word' id='word_1_153' title='bbox 3125 1394 3532 1466; x_wconf 81' lang='lat' dir='ltr'><strong>inscriptiones</strong></span> <span class='ocrx_word' id='word_1_154' title='bbox 3564 1397 3621 1449; x_wconf 85' lang='lat' dir='ltr'><strong>et</strong></span> <span class='ocrx_word' id='word_1_155' title='bbox 3659 1391 3868 1459; x_wconf 79' lang='lat' dir='ltr'><strong>initia;</strong></span> <span class='ocrx_word' id='word_1_156' title='bbox 3901 1407 3968 1448; x_wconf 78' lang='lat' dir='ltr'><strong>ex</strong></span> 
     </span>
    </p>
   </div>
   <div class='ocr_carea' id='block_1_19' title="bbox 565 1475 3966 1560">
    <p class='ocr_par' dir='ltr' id='par_1_19' title="bbox 565 1475 3966 1560">
     <span class='ocr_line' id='line_1_19' title="bbox 565 1475 3966 1560; baseline -0.002 -16"><span class='ocrx_word' id='word_1_157' title='bbox 565 1489 804 1560; x_wconf 90' lang='lat' dir='ltr'><strong>quibus,</strong></span> <span class='ocrx_word' id='word_1_158' title='bbox 837 1475 912 1541; x_wconf 28' lang='lat' dir='ltr'><strong>ut.</strong></span> <span class='ocrx_word' id='word_1_159' title='bbox 955 1501 1061 1558; x_wconf 89' lang='lat' dir='ltr'><strong>ego</strong></span> <span class='ocrx_word' id='word_1_160' title='bbox 1117 1484 1341 1556; x_wconf 86' lang='lat' dir='ltr'><strong>opinor,</strong></span> <span class='ocrx_word' id='word_1_161' title='bbox 1377 1499 1491 1538; x_wconf 93' lang='lat' dir='ltr'><strong>non</strong></span> <span class='ocrx_word' id='word_1_162' title='bbox 1547 1484 1741 1540; x_wconf 90' lang='lat' dir='ltr'><strong>minus</strong></span> <span class='ocrx_word' id='word_1_163' title='bbox 1794 1483 2086 1556; x_wconf 79' lang='lat' dir='ltr'><strong>elegantia</strong></span> <span class='ocrx_word' id='word_1_164' title='bbox 2142 1500 2344 1539; x_wconf 88' lang='lat' dir='ltr'><strong>earum</strong></span> <span class='ocrx_word' id='word_1_165' title='bbox 2403 1500 2580 1554; x_wconf 90' lang='lat' dir='ltr'><strong>quam</strong></span> <span class='ocrx_word' id='word_1_166' title='bbox 2630 1484 2879 1538; x_wconf 81' lang='lat' dir='ltr'><strong>varietas</strong></span> <span class='ocrx_word' id='word_1_167' title='bbox 2937 1483 3168 1539; x_wconf 89' lang='lat' dir='ltr'><strong>abunde</strong></span> <span class='ocrx_word' id='word_1_168' title='bbox 3228 1488 3506 1555; x_wconf 88' lang='lat' dir='ltr'><strong>apparet;</strong></span> <span class='ocrx_word' id='word_1_169' title='bbox 3563 1480 3740 1539; x_wconf 90' lang='lat' dir='ltr'><strong>simul</strong></span> <span class='ocrx_word' id='word_1_170' title='bbox 3790 1483 3966 1538; x_wconf 85' lang='lat' dir='ltr'><strong>etiam</strong></span> 
     </span>
    </p>
   </div>
   <div class='ocr_carea' id='block_1_20' title="bbox 565 1570 3967 1648">
    <p class='ocr_par' dir='ltr' id='par_1_20' title="bbox 565 1570 3967 1648">
     <span class='ocr_line' id='line_1_20' title="bbox 565 1570 3967 1648; baseline -0.002 -16"><span class='ocrx_word' id='word_1_171' title='bbox 565 1576 871 1648; x_wconf 84' lang='lat' dir='ltr'><strong>multiplex</strong></span> <span class='ocrx_word' id='word_1_172' title='bbox 927 1573 1200 1630; x_wconf 83' lang='lat' dir='ltr'><strong>editionis</strong></span> <span class='ocrx_word' id='word_1_173' title='bbox 1251 1573 1590 1628; x_wconf 86' lang='lat' dir='ltr'><strong>earumdem</strong></span> <span class='ocrx_word' id='word_1_174' title='bbox 1650 1572 2096 1628; x_wconf 66' lang='lat' dir='ltr'><strong>Graeco-Latinas</strong></span> <span class='ocrx_word' id='word_1_175' title='bbox 2148 1571 2394 1628; x_wconf 74' lang='lat' dir='ltr'><strong>utilitas.</strong></span> <span class='ocrx_word' id='word_1_176' title='bbox 2427 1573 2587 1628; x_wconf 75' lang='lat' dir='ltr'><strong>Certe</strong></span> <span class='ocrx_word' id='word_1_177' title='bbox 2637 1573 2703 1627; x_wconf 83' lang='lat' dir='ltr'><strong>R.</strong></span> <span class='ocrx_word' id='word_1_178' title='bbox 2737 1573 2796 1626; x_wconf 88' lang='lat' dir='ltr'><strong>P.</strong></span> <span class='ocrx_word' id='word_1_179' title='bbox 2826 1576 3032 1628; x_wconf 89' lang='lat' dir='ltr'><strong>Petrus</strong></span> <span class='ocrx_word' id='word_1_180' title='bbox 3080 1572 3360 1628; x_wconf 87' lang='lat' dir='ltr'><strong>Possinus</strong></span> <span class='ocrx_word' id='word_1_181' title='bbox 3392 1571 3451 1627; x_wconf 91' lang='lat' dir='ltr'><strong>S.</strong></span> <span class='ocrx_word' id='word_1_182' title='bbox 3497 1571 3553 1626; x_wconf 82' lang='lat' dir='ltr'><strong>J.</strong></span> <span class='ocrx_word' id='word_1_183' title='bbox 3587 1570 3686 1642; x_wconf 91' lang='lat' dir='ltr'><strong>qui</strong></span> <span class='ocrx_word' id='word_1_184' title='bbox 3738 1573 3967 1626; x_wconf 80' lang='lat' dir='ltr'><strong>utram-</strong></span> 
     </span>
    </p>
   </div>
   <div class='ocr_carea' id='block_1_21' title="bbox 564 1658 3969 1737">
    <p class='ocr_par' dir='ltr' id='par_1_21' title="bbox 564 1658 3969 1737">
     <span class='ocr_line' id='line_1_21' title="bbox 564 1658 3969 1737; baseline -0.002 -17"><span class='ocrx_word' id='word_1_185' title='bbox 564 1681 680 1737; x_wconf 88' lang='lat' dir='ltr'><strong>que</strong></span> <span class='ocrx_word' id='word_1_186' title='bbox 725 1662 952 1735; x_wconf 82' lang='lat' dir='ltr'><strong>Georgii</strong></span> <span class='ocrx_word' id='word_1_187' title='bbox 1002 1661 1372 1732; x_wconf 86' lang='lat' dir='ltr'><strong>Pachymeris</strong></span> <span class='ocrx_word' id='word_1_188' title='bbox 1404 1661 1730 1725; x_wconf 89' lang='lat' dir='ltr'><strong>historiam,</strong></span> <span class='ocrx_word' id='word_1_189' title='bbox 1755 1677 1966 1732; x_wconf 90' lang='lat' dir='ltr'><strong>nempe</strong></span> <span class='ocrx_word' id='word_1_190' title='bbox 2015 1659 2246 1732; x_wconf 89' lang='lat' dir='ltr'><strong>imperii</strong></span> <span class='ocrx_word' id='word_1_191' title='bbox 2297 1660 2594 1715; x_wconf 86' lang='lat' dir='ltr'><strong>Michaelis</strong></span> <span class='ocrx_word' id='word_1_192' title='bbox 2647 1659 2951 1732; x_wconf 66' lang='lat' dir='ltr'><strong>Palmologi</strong></span> <span class='ocrx_word' id='word_1_193' title='bbox 3001 1665 3060 1715; x_wconf 79' lang='lat' dir='ltr'><strong>et</strong></span> <span class='ocrx_word' id='word_1_194' title='bbox 3107 1659 3336 1731; x_wconf 90' lang='lat' dir='ltr'><strong>imperii</strong></span> <span class='ocrx_word' id='word_1_195' title='bbox 3383 1658 3697 1714; x_wconf 88' lang='lat' dir='ltr'><strong>Andronici</strong></span> <span class='ocrx_word' id='word_1_196' title='bbox 3749 1658 3969 1714; x_wconf 69' lang='lat' dir='ltr'><strong>Palam-</strong></span> 
     </span>
    </p>
   </div>
   <div class='ocr_carea' id='block_1_22' title="bbox 564 1747 3970 1824">
    <p class='ocr_par' dir='ltr' id='par_1_22' title="bbox 564 1747 3970 1824">
     <span class='ocr_line' id='line_1_22' title="bbox 564 1747 3970 1824; baseline -0.001 -16"><span class='ocrx_word' id='word_1_197' title='bbox 564 1753 681 1824; x_wconf 90' lang='lat' dir='ltr'><strong>logi</strong></span> <span class='ocrx_word' id='word_1_198' title='bbox 713 1751 960 1809; x_wconf 87' lang='lat' dir='ltr'><strong>senioris</strong></span> <span class='ocrx_word' id='word_1_199' title='bbox 989 1768 1058 1806; x_wconf 82' lang='lat' dir='ltr'><strong>ex</strong></span> <span class='ocrx_word' id='word_1_200' title='bbox 1089 1749 1538 1806; x_wconf 87' lang='lat' dir='ltr'><strong>eminentissimi</strong></span> <span class='ocrx_word' id='word_1_201' title='bbox 1578 1754 1634 1804; x_wconf 90' lang='lat' dir='ltr'><strong>et</strong></span> <span class='ocrx_word' id='word_1_202' title='bbox 1663 1750 1991 1805; x_wconf 85' lang='lat' dir='ltr'><strong>doctissimi</strong></span> <span class='ocrx_word' id='word_1_203' title='bbox 2022 1748 2341 1805; x_wconf 90' lang='lat' dir='ltr'><strong>cardinalis</strong></span> <span class='ocrx_word' id='word_1_204' title='bbox 2400 1748 2690 1804; x_wconf 86' lang='lat' dir='ltr'><strong>Francisci</strong></span> <span class='ocrx_word' id='word_1_205' title='bbox 2749 1748 3047 1804; x_wconf 88' lang='lat' dir='ltr'><strong>Barberini</strong></span> <span class='ocrx_word' id='word_1_206' title='bbox 3101 1748 3560 1804; x_wconf 86' lang='lat' dir='ltr'><strong>instructissima</strong></span> <span class='ocrx_word' id='word_1_207' title='bbox 3615 1747 3970 1805; x_wconf 84' lang='lat' dir='ltr'><strong>bibliotheca</strong></span> 
     </span>
    </p>
   </div>
   <div class='ocr_carea' id='block_1_23' title="bbox 567 1836 3970 1914">
    <p class='ocr_par' dir='ltr' id='par_1_23' title="bbox 567 1836 3970 1914">
     <span class='ocr_line' id='line_1_23' title="bbox 567 1836 3970 1914; baseline -0.001 -18"><span class='ocrx_word' id='word_1_208' title='bbox 567 1842 825 1914; x_wconf 88' lang='lat' dir='ltr'><strong>primum</strong></span> <span class='ocrx_word' id='word_1_209' title='bbox 858 1841 1051 1895; x_wconf 72' lang='lat' dir='ltr'><strong>Romaa</strong></span> <span class='ocrx_word' id='word_1_210' title='bbox 1085 1839 1238 1911; x_wconf 83' lang='lat' dir='ltr'><strong>typis</strong></span> <span class='ocrx_word' id='word_1_211' title='bbox 1272 1839 1601 1894; x_wconf 88' lang='lat' dir='ltr'><strong>Barberinis</strong></span> <span class='ocrx_word' id='word_1_212' title='bbox 1632 1856 1689 1894; x_wconf 90' lang='lat' dir='ltr'><strong>a.</strong></span> <span class='ocrx_word' id='word_1_213' title='bbox 1726 1840 1862 1892; x_wconf 83' lang='lat' dir='ltr'>I666</span> <span class='ocrx_word' id='word_1_214' title='bbox 1893 1845 1948 1893; x_wconf 91' lang='lat' dir='ltr'><strong>et</strong></span> <span class='ocrx_word' id='word_1_215' title='bbox 1980 1839 2118 1892; x_wconf 85' lang='grc'>1669</span> <span class='ocrx_word' id='word_1_216' title='bbox 2150 1840 2342 1894; x_wconf 71' lang='lat' dir='ltr'><strong>Graece</strong></span> <span class='ocrx_word' id='word_1_217' title='bbox 2372 1843 2429 1893; x_wconf 89' lang='lat' dir='ltr'><strong>et</strong></span> <span class='ocrx_word' id='word_1_218' title='bbox 2461 1838 2660 1893; x_wconf 86' lang='lat' dir='ltr'><strong>Latine</strong></span> <span class='ocrx_word' id='word_1_219' title='bbox 2689 1843 2746 1893; x_wconf 91' lang='lat' dir='ltr'><strong>et</strong></span> <span class='ocrx_word' id='word_1_220' title='bbox 2801 1855 2935 1892; x_wconf 91' lang='lat' dir='ltr'><strong>cum</strong></span> <span class='ocrx_word' id='word_1_221' title='bbox 2993 1836 3411 1893; x_wconf 81' lang='lat' dir='ltr'><strong>eruditissimis</strong></span> <span class='ocrx_word' id='word_1_222' title='bbox 3459 1836 3970 1893; x_wconf 81' lang='lat' dir='ltr'><strong>observationibus</strong></span> 
     </span>
    </p>
   </div>
   <div class='ocr_carea' id='block_1_24' title="bbox 569 1924 3973 1998">
    <p class='ocr_par' dir='ltr' id='par_1_24' title="bbox 569 1924 3973 1998">
     <span class='ocr_line' id='line_1_24' title="bbox 569 1924 3973 1998; baseline -0.001 -13"><span class='ocrx_word' id='word_1_223' title='bbox 569 1929 802 1985; x_wconf 88' lang='lat' dir='ltr'><strong>duobus</strong></span> <span class='ocrx_word' id='word_1_224' title='bbox 830 1928 1007 1983; x_wconf 90' lang='lat' dir='ltr'><strong>tomis</strong></span> <span class='ocrx_word' id='word_1_225' title='bbox 1037 1929 1096 1982; x_wconf 90' lang='lat' dir='ltr'><strong>in</strong></span> <span class='ocrx_word' id='word_1_226' title='bbox 1128 1927 1262 1984; x_wconf 86' lang='lat' dir='ltr'><strong>folio</strong></span> <span class='ocrx_word' id='word_1_227' title='bbox 1292 1927 1495 1996; x_wconf 89' lang='lat' dir='ltr'><strong>edidit,</strong></span> <span class='ocrx_word' id='word_1_228' title='bbox 1527 1927 1578 1982; x_wconf 90' lang='lat' dir='ltr'><strong>si</strong></span> <span class='ocrx_word' id='word_1_229' title='bbox 1604 1927 1812 1982; x_wconf 88' lang='lat' dir='ltr'><strong>harum</strong></span> <span class='ocrx_word' id='word_1_230' title='bbox 1844 1927 2226 1998; x_wconf 88' lang='lat' dir='ltr'><strong>epistolarum</strong></span> <span class='ocrx_word' id='word_1_231' title='bbox 2261 1928 2525 1981; x_wconf 84' lang='lat' dir='ltr'><strong>notitiam</strong></span> <span class='ocrx_word' id='word_1_232' title='bbox 2584 1933 2642 1981; x_wconf 91' lang='lat' dir='ltr'><strong>et</strong></span> <span class='ocrx_word' id='word_1_233' title='bbox 2695 1943 2864 1982; x_wconf 87' lang='lat' dir='ltr'><strong>usum</strong></span> <span class='ocrx_word' id='word_1_234' title='bbox 2913 1925 3238 1990; x_wconf 86' lang='lat' dir='ltr'><strong>habuisset,</strong></span> <span class='ocrx_word' id='word_1_235' title='bbox 3295 1924 3535 1980; x_wconf 89' lang='lat' dir='ltr'><strong>minime</strong></span> <span class='ocrx_word' id='word_1_236' title='bbox 3587 1924 3834 1982; x_wconf 83' lang='lat' dir='ltr'><strong>dubium</strong></span> <span class='ocrx_word' id='word_1_237' title='bbox 3882 1931 3973 1982; x_wconf 88' lang='lat' dir='ltr'><strong>est</strong></span> 
     </span>
    </p>
   </div>
   <div class='ocr_carea' id='block_1_25' title="bbox 568 2013 3968 2089">
    <p class='ocr_par' dir='ltr' id='par_1_25' title="bbox 568 2013 3968 2089">
     <span class='ocr_line' id='line_1_25' title="bbox 568 2013 3968 2089; baseline -0.001 -17"><span class='ocrx_word' id='word_1_238' title='bbox 568 2018 711 2089; x_wconf 89' lang='lat' dir='ltr'><strong>quin</strong></span> <span class='ocrx_word' id='word_1_239' title='bbox 772 2017 958 2072; x_wconf 90' lang='lat' dir='ltr'><strong>multa</strong></span> <span class='ocrx_word' id='word_1_240' title='bbox 1014 2015 1149 2071; x_wconf 90' lang='lat' dir='ltr'><strong>inde</strong></span> <span class='ocrx_word' id='word_1_241' title='bbox 1207 2017 1492 2086; x_wconf 89' lang='lat' dir='ltr'><strong>potuisset</strong></span> <span class='ocrx_word' id='word_1_242' title='bbox 1547 2015 1780 2071; x_wconf 89' lang='lat' dir='ltr'><strong>haurire</strong></span> <span class='ocrx_word' id='word_1_243' title='bbox 1838 2016 2166 2071; x_wconf 87' lang='lat' dir='ltr'><strong>necessaria</strong></span> <span class='ocrx_word' id='word_1_244' title='bbox 2191 2021 2247 2070; x_wconf 90' lang='lat' dir='ltr'><strong>et</strong></span> <span class='ocrx_word' id='word_1_245' title='bbox 2277 2021 2395 2070; x_wconf 89' lang='lat' dir='ltr'><strong>tam</strong></span> <span class='ocrx_word' id='word_1_246' title='bbox 2430 2014 2689 2070; x_wconf 80' lang='lat' dir='ltr'><strong>difficilis</strong></span> <span class='ocrx_word' id='word_1_247' title='bbox 2720 2015 2913 2087; x_wconf 89' lang='lat' dir='ltr'><strong>cperis</strong></span> <span class='ocrx_word' id='word_1_248' title='bbox 2944 2014 3360 2070; x_wconf 85' lang='lat' dir='ltr'><strong>obscuritatem</strong></span> <span class='ocrx_word' id='word_1_249' title='bbox 3403 2014 3592 2085; x_wconf 89' lang='lat' dir='ltr'><strong>magis</strong></span> <span class='ocrx_word' id='word_1_250' title='bbox 3649 2013 3968 2071; x_wconf 83' lang='lat' dir='ltr'><strong>illustrare.</strong></span> 
     </span>
    </p>
   </div>
   <div class='ocr_carea' id='block_1_26' title="bbox 567 2102 3971 2177">
    <p class='ocr_par' dir='ltr' id='par_1_26' title="bbox 567 2102 3971 2177">
     <span class='ocr_line' id='line_1_26' title="bbox 567 2102 3971 2177; baseline -0.001 -15"><span class='ocrx_word' id='word_1_251' title='bbox 567 2106 731 2170; x_wconf 85' lang='lat' dir='ltr'><strong>Quod</strong></span> <span class='ocrx_word' id='word_1_252' title='bbox 784 2107 955 2162; x_wconf 87' lang='lat' dir='ltr'><strong>etiam</strong></span> <span class='ocrx_word' id='word_1_253' title='bbox 1006 2107 1128 2177; x_wconf 91' lang='lat' dir='ltr'><strong>ipse</strong></span> <span class='ocrx_word' id='word_1_254' title='bbox 1177 2109 1690 2160; x_wconf 87' lang='lat' dir='ltr'><strong>monumentorum</strong></span> <span class='ocrx_word' id='word_1_255' title='bbox 1739 2103 1971 2159; x_wconf 60' lang='lat' dir='ltr'><strong>Gracia:</strong></span> <span class='ocrx_word' id='word_1_256' title='bbox 2017 2103 2350 2160; x_wconf 87' lang='lat' dir='ltr'><strong>recentioris</strong></span> <span class='ocrx_word' id='word_1_257' title='bbox 2399 2102 2836 2159; x_wconf 81' lang='lat' dir='ltr'><strong>curiosissimus</strong></span> <span class='ocrx_word' id='word_1_258' title='bbox 2877 2108 2934 2158; x_wconf 92' lang='lat' dir='ltr'><strong>et</strong></span> <span class='ocrx_word' id='word_1_259' title='bbox 2986 2102 3372 2174; x_wconf 90' lang='lat' dir='ltr'><strong>dignissimus</strong></span> <span class='ocrx_word' id='word_1_260' title='bbox 3432 2106 3830 2174; x_wconf 82' lang='lat' dir='ltr'><strong>perscrutator</strong></span> <span class='ocrx_word' id='word_1_261' title='bbox 3862 2108 3971 2161; x_wconf 89' lang='lat' dir='ltr'><strong>Leo</strong></span> 
     </span>
    </p>
   </div>
   <div class='ocr_carea' id='block_1_27' title="bbox 567 2191 3974 2267">
    <p class='ocr_par' dir='ltr' id='par_1_27' title="bbox 567 2191 3974 2267">
     <span class='ocr_line' id='line_1_27' title="bbox 567 2191 3974 2267; baseline -0.001 -15"><span class='ocrx_word' id='word_1_262' title='bbox 567 2196 837 2267; x_wconf 82' lang='lat' dir='ltr'><strong>Allatius,</strong></span> <span class='ocrx_word' id='word_1_263' title='bbox 871 2194 1188 2267; x_wconf 87' lang='lat' dir='ltr'><strong>primarius</strong></span> <span class='ocrx_word' id='word_1_264' title='bbox 1245 2193 1611 2249; x_wconf 63' lang='lat' dir='ltr'><strong>Bibliotheca:</strong></span> <span class='ocrx_word' id='word_1_265' title='bbox 1671 2193 1960 2248; x_wconf 67' lang='lat' dir='ltr'><strong>Vaticana:</strong></span> <span class='ocrx_word' id='word_1_266' title='bbox 2011 2198 2231 2263; x_wconf 89' lang='lat' dir='ltr'><strong>custos,</strong></span> <span class='ocrx_word' id='word_1_267' title='bbox 2267 2193 2422 2248; x_wconf 90' lang='lat' dir='ltr'><strong>haud</strong></span> <span class='ocrx_word' id='word_1_268' title='bbox 2480 2194 2869 2249; x_wconf 78' lang='lat' dir='ltr'><strong>sufﬁcientem</strong></span> <span class='ocrx_word' id='word_1_269' title='bbox 2902 2193 3241 2247; x_wconf 89' lang='lat' dir='ltr'><strong>earumdem</strong></span> <span class='ocrx_word' id='word_1_270' title='bbox 3273 2191 3655 2262; x_wconf 86' lang='lat' dir='ltr'><strong>epistolarum</strong></span> <span class='ocrx_word' id='word_1_271' title='bbox 3693 2191 3974 2248; x_wconf 87' lang='lat' dir='ltr'><strong>habuerit</strong></span> 
     </span>
    </p>
   </div>
   <div class='ocr_carea' id='block_1_28' title="bbox 566 2280 3972 2355">
    <p class='ocr_par' dir='ltr' id='par_1_28' title="bbox 566 2280 3972 2355">
     <span class='ocr_line' id='line_1_28' title="bbox 566 2280 3972 2355; baseline -0.001 -14"><span class='ocrx_word' id='word_1_272' title='bbox 566 2285 860 2349; x_wconf 88' lang='lat' dir='ltr'><strong>notitiam,</strong></span> <span class='ocrx_word' id='word_1_273' title='bbox 892 2284 1017 2355; x_wconf 90' lang='lat' dir='ltr'><strong>ipse</strong></span> <span class='ocrx_word' id='word_1_274' title='bbox 1065 2284 1205 2338; x_wconf 87' lang='lat' dir='ltr'><strong>satis</strong></span> <span class='ocrx_word' id='word_1_275' title='bbox 1252 2281 1405 2338; x_wconf 88' lang='lat' dir='ltr'><strong>clare</strong></span> <span class='ocrx_word' id='word_1_276' title='bbox 1449 2283 1664 2337; x_wconf 90' lang='lat' dir='ltr'><strong>indicat</strong></span> <span class='ocrx_word' id='word_1_277' title='bbox 1712 2283 1770 2337; x_wconf 94' lang='lat' dir='ltr'><strong>in</strong></span> <span class='ocrx_word' id='word_1_278' title='bbox 1815 2281 2182 2353; x_wconf 91' lang='lat' dir='ltr'><strong>amplissima</strong></span> <span class='ocrx_word' id='word_1_279' title='bbox 2231 2283 2482 2337; x_wconf 88' lang='lat' dir='ltr'><strong>diatriba</strong></span> <span class='ocrx_word' id='word_1_280' title='bbox 2512 2298 2619 2337; x_wconf 88' lang='lat' dir='ltr'><strong>sua</strong></span> <span class='ocrx_word' id='word_1_281' title='bbox 2648 2282 2720 2336; x_wconf 91' lang='lat' dir='ltr'><strong>de</strong></span> <span class='ocrx_word' id='word_1_282' title='bbox 2749 2281 3052 2354; x_wconf 87' lang='lat' dir='ltr'><strong>Georgiis;</strong></span> <span class='ocrx_word' id='word_1_283' title='bbox 3087 2281 3185 2336; x_wconf 92' lang='lat' dir='ltr'><strong>ubi</strong></span> <span class='ocrx_word' id='word_1_284' title='bbox 3216 2281 3287 2337; x_wconf 91' lang='lat' dir='ltr'><strong>de</strong></span> <span class='ocrx_word' id='word_1_285' title='bbox 3315 2281 3520 2336; x_wconf 88' lang='lat' dir='ltr'><strong>eodem</strong></span> <span class='ocrx_word' id='word_1_286' title='bbox 3550 2280 3800 2353; x_wconf 82' lang='lat' dir='ltr'><strong>Georgio</strong></span> <span class='ocrx_word' id='word_1_287' title='bbox 3849 2282 3972 2336; x_wconf 84' lang='lat' dir='ltr'><strong>sive</strong></span> 
     </span>
    </p>
   </div>
   <div class='ocr_carea' id='block_1_29' title="bbox 565 2369 3971 2445">
    <p class='ocr_par' dir='ltr' id='par_1_29' title="bbox 565 2369 3971 2445">
     <span class='ocr_line' id='line_1_29' title="bbox 565 2369 3971 2445; baseline -0.001 -15"><span class='ocrx_word' id='word_1_288' title='bbox 565 2373 839 2445; x_wconf 78' lang='lat' dir='ltr'><strong>Gregorio</strong></span> <span class='ocrx_word' id='word_1_289' title='bbox 898 2372 1104 2444; x_wconf 90' lang='lat' dir='ltr'><strong>Cyprio</strong></span> <span class='ocrx_word' id='word_1_290' title='bbox 1149 2371 1314 2426; x_wconf 89' lang='lat' dir='ltr'><strong>valde</strong></span> <span class='ocrx_word' id='word_1_291' title='bbox 1371 2371 1589 2442; x_wconf 84' lang='lat' dir='ltr'><strong>prolixe</strong></span> <span class='ocrx_word' id='word_1_292' title='bbox 1640 2387 1838 2441; x_wconf 85' lang='lat' dir='ltr'><strong>agens,</strong></span> <span class='ocrx_word' id='word_1_293' title='bbox 1874 2387 2005 2442; x_wconf 85' lang='lat' dir='ltr'><strong>pag.</strong></span> <span class='ocrx_word' id='word_1_294' title='bbox 2067 2373 2190 2436; x_wconf 77' lang='grc'><strong>423,</strong></span> <span class='ocrx_word' id='word_1_295' title='bbox 2247 2372 2330 2426; x_wconf 90' lang='lat' dir='ltr'><strong>sic</strong></span> <span class='ocrx_word' id='word_1_296' title='bbox 2379 2370 2920 2442; x_wconf 70' lang='lat' dir='ltr'><strong>scribitzEpistolze</strong></span> <span class='ocrx_word' id='word_1_297' title='bbox 2969 2370 3134 2425; x_wconf 81' lang='lat' dir='ltr'><strong>CCIII</strong></span> <span class='ocrx_word' id='word_1_298' title='bbox 3193 2369 3454 2442; x_wconf 85' lang='lat' dir='ltr'><strong>Gregorii</strong></span> <span class='ocrx_word' id='word_1_299' title='bbox 3503 2369 3693 2441; x_wconf 82' lang='lat' dir='ltr'><strong>Cyprii</strong></span> <span class='ocrx_word' id='word_1_300' title='bbox 3752 2369 3971 2442; x_wconf 86' lang='lat' dir='ltr'><strong>partim</strong></span> 
     </span>
    </p>
   </div>
   <div class='ocr_carea' id='block_1_30' title="bbox 564 2457 3970 2534">
    <p class='ocr_par' dir='ltr' id='par_1_30' title="bbox 564 2457 3970 2534">
     <span class='ocr_line' id='line_1_30' title="bbox 564 2457 3970 2534; baseline -0.001 -17"><span class='ocrx_word' id='word_1_301' title='bbox 564 2463 792 2534; x_wconf 73' lang='lat' dir='ltr'><strong>scriptis</strong></span> <span class='ocrx_word' id='word_1_302' title='bbox 850 2466 1163 2532; x_wconf 89' lang='lat' dir='ltr'><strong>antequam</strong></span> <span class='ocrx_word' id='word_1_303' title='bbox 1215 2477 1363 2515; x_wconf 90' lang='lat' dir='ltr'><strong>onus</strong></span> <span class='ocrx_word' id='word_1_304' title='bbox 1413 2460 1842 2531; x_wconf 88' lang='lat' dir='ltr'><strong>patriarchatus</strong></span> <span class='ocrx_word' id='word_1_305' title='bbox 1899 2459 2272 2530; x_wconf 83' lang='lat' dir='ltr'><strong>suscepisset,</strong></span> <span class='ocrx_word' id='word_1_306' title='bbox 2303 2459 2516 2531; x_wconf 89' lang='lat' dir='ltr'><strong>partim</strong></span> <span class='ocrx_word' id='word_1_307' title='bbox 2574 2463 2884 2531; x_wconf 84' lang='lat' dir='ltr'><strong>postquam</strong></span> <span class='ocrx_word' id='word_1_308' title='bbox 2945 2457 3103 2514; x_wconf 90' lang='lat' dir='ltr'><strong>illius</strong></span> <span class='ocrx_word' id='word_1_309' title='bbox 3153 2474 3292 2513; x_wconf 90' lang='lat' dir='ltr'><strong>cura</strong></span> <span class='ocrx_word' id='word_1_310' title='bbox 3340 2457 3452 2530; x_wconf 90' lang='lat' dir='ltr'><strong>ipsi</strong></span> <span class='ocrx_word' id='word_1_311' title='bbox 3484 2458 3806 2516; x_wconf 84' lang='lat' dir='ltr'><strong>commissa</strong></span> <span class='ocrx_word' id='word_1_312' title='bbox 3836 2459 3970 2528; x_wconf 86' lang='lat' dir='ltr'><strong>fuit,</strong></span> 
     </span>
    </p>
   </div>
   <div class='ocr_carea' id='block_1_31' title="bbox 565 2546 3972 2619">
    <p class='ocr_par' dir='ltr' id='par_1_31' title="bbox 565 2546 3972 2619">
     <span class='ocr_line' id='line_1_31' title="bbox 565 2546 3972 2619; baseline -0.001 -12"><span class='ocrx_word' id='word_1_313' title='bbox 565 2551 873 2607; x_wconf 80' lang='lat' dir='ltr'><strong>exstabant</strong></span> <span class='ocrx_word' id='word_1_314' title='bbox 928 2550 986 2604; x_wconf 90' lang='lat' dir='ltr'><strong>in</strong></span> <span class='ocrx_word' id='word_1_315' title='bbox 1044 2548 1400 2604; x_wconf 87' lang='lat' dir='ltr'><strong>Bibliotheca</strong></span> <span class='ocrx_word' id='word_1_316' title='bbox 1456 2548 1689 2604; x_wconf 90' lang='lat' dir='ltr'><strong>Antonii</strong></span> <span class='ocrx_word' id='word_1_317' title='bbox 1738 2548 2070 2619; x_wconf 85' lang='lat' dir='ltr'><strong>Augustini,</strong></span> <span class='ocrx_word' id='word_1_318' title='bbox 2096 2549 2223 2604; x_wconf 93' lang='lat' dir='ltr'><strong>cod.</strong></span> <span class='ocrx_word' id='word_1_319' title='bbox 2255 2548 2362 2615; x_wconf 88' lang='lat'><strong>69;</strong></span> <span class='ocrx_word' id='word_1_320' title='bbox 2396 2553 2677 2619; x_wconf 88' lang='lat' dir='ltr'><strong>erantque</strong></span> <span class='ocrx_word' id='word_1_321' title='bbox 2706 2548 2764 2604; x_wconf 92' lang='lat' dir='ltr'><strong>iu</strong></span> <span class='ocrx_word' id='word_1_322' title='bbox 2799 2546 3060 2602; x_wconf 87' lang='lat' dir='ltr'><strong>Polliana</strong></span> <span class='ocrx_word' id='word_1_323' title='bbox 3107 2553 3165 2602; x_wconf 89' lang='lat' dir='ltr'><strong>et</strong></span> <span class='ocrx_word' id='word_1_324' title='bbox 3204 2546 3492 2601; x_wconf 87' lang='lat' dir='ltr'><strong>Monachii</strong></span> <span class='ocrx_word' id='word_1_325' title='bbox 3551 2546 3828 2614; x_wconf 71' lang='lat' dir='ltr'><strong>Bavarie,</strong></span> <span class='ocrx_word' id='word_1_326' title='bbox 3866 2548 3972 2603; x_wconf 85' lang='lat' dir='ltr'><strong>sed</strong></span> 
     </span>
    </p>
   </div>
   <div class='ocr_carea' id='block_1_32' title="bbox 565 2633 3973 2707">
    <p class='ocr_par' dir='ltr' id='par_1_32' title="bbox 565 2633 3973 2707">
     <span class='ocr_line' id='line_1_32' title="bbox 565 2633 3973 2707; baseline -0.001 -13"><span class='ocrx_word' id='word_1_327' title='bbox 565 2638 693 2694; x_wconf 88' lang='lat' dir='ltr'><strong>sine</strong></span> <span class='ocrx_word' id='word_1_328' title='bbox 749 2637 956 2693; x_wconf 84' lang='lat' dir='ltr'><strong>titulis.</strong></span> <span class='ocrx_word' id='word_1_329' title='bbox 993 2640 1056 2691; x_wconf 82' lang='lat' dir='ltr'><strong>In</strong></span> <span class='ocrx_word' id='word_1_330' title='bbox 1108 2637 1496 2691; x_wconf 81' lang='lat' dir='ltr'><strong>Ambrosiana</strong></span> <span class='ocrx_word' id='word_1_331' title='bbox 1547 2636 1821 2707; x_wconf 86' lang='lat' dir='ltr'><strong>leguntur</strong></span> <span class='ocrx_word' id='word_1_332' title='bbox 1868 2636 2102 2691; x_wconf 79' lang='lat' dir='ltr'><strong>CLXVI.</strong></span> <span class='ocrx_word' id='word_1_333' title='bbox 2145 2636 2430 2691; x_wconf 83' lang='lat' dir='ltr'><strong>Robertus</strong></span> <span class='ocrx_word' id='word_1_334' title='bbox 2489 2635 2909 2691; x_wconf 86' lang='lat' dir='ltr'><strong>Constantinus</strong></span> <span class='ocrx_word' id='word_1_335' title='bbox 2958 2635 3015 2690; x_wconf 91' lang='lat' dir='ltr'><strong>in</strong></span> <span class='ocrx_word' id='word_1_336' title='bbox 3069 2633 3426 2691; x_wconf 88' lang='lat' dir='ltr'><strong>Bibliotheca</strong></span> <span class='ocrx_word' id='word_1_337' title='bbox 3475 2651 3488 2689; x_wconf 92' lang='lat'><strong>:</strong></span> <span class='ocrx_word' id='word_1_338' title='bbox 3550 2635 3814 2706; x_wconf 86' lang='lat' dir='ltr'><strong>Gregorii</strong></span> <span class='ocrx_word' id='word_1_339' title='bbox 3867 2652 3973 2707; x_wconf 83' lang='lat' dir='ltr'><strong>pa-</strong></span> 
     </span>
    </p>
   </div>
   <div class='ocr_carea' id='block_1_33' title="bbox 563 2721 3973 2796">
    <p class='ocr_par' dir='ltr' id='par_1_33' title="bbox 563 2721 3973 2796">
     <span class='ocr_line' id='line_1_33' title="bbox 563 2721 3973 2796; baseline -0.001 -13"><span class='ocrx_word' id='word_1_340' title='bbox 563 2725 829 2783; x_wconf 70' lang='lat' dir='ltr'><strong>triarcha</strong></span> <span class='ocrx_word' id='word_1_341' title='bbox 856 2726 928 2781; x_wconf 93' lang='lat' dir='ltr'><strong>de</strong></span> <span class='ocrx_word' id='word_1_342' title='bbox 956 2725 1087 2780; x_wconf 89' lang='lat' dir='ltr'><strong>Vita</strong></span> <span class='ocrx_word' id='word_1_343' title='bbox 1113 2742 1223 2780; x_wconf 90' lang='lat' dir='ltr'><strong>sua</strong></span> <span class='ocrx_word' id='word_1_344' title='bbox 1251 2730 1308 2780; x_wconf 90' lang='lat' dir='ltr'><strong>et</strong></span> <span class='ocrx_word' id='word_1_345' title='bbox 1337 2723 1593 2796; x_wconf 69' lang='lat' dir='ltr'><strong>epistolae</strong></span> <span class='ocrx_word' id='word_1_346' title='bbox 1629 2726 1750 2779; x_wconf 88' lang='grc'>166.</span> <span class='ocrx_word' id='word_1_347' title='bbox 1787 2729 1849 2778; x_wconf 90' lang='lat' dir='ltr'><strong>In</strong></span> <span class='ocrx_word' id='word_1_348' title='bbox 1883 2725 2288 2794; x_wconf 82' lang='lat' dir='ltr'><strong>Ambrosiana,</strong></span> <span class='ocrx_word' id='word_1_349' title='bbox 2323 2724 2459 2780; x_wconf 89' lang='lat' dir='ltr'><strong>licet</strong></span> <span class='ocrx_word' id='word_1_350' title='bbox 2493 2724 2664 2795; x_wconf 90' lang='lat' dir='ltr'><strong>paulo</strong></span> <span class='ocrx_word' id='word_1_351' title='bbox 2703 2741 2880 2796; x_wconf 89' lang='lat' dir='ltr'><strong>supra</strong></span> <span class='ocrx_word' id='word_1_352' title='bbox 2937 2724 2996 2778; x_wconf 90' lang='lat' dir='ltr'><strong>in</strong></span> <span class='ocrx_word' id='word_1_353' title='bbox 3055 2725 3256 2779; x_wconf 89' lang='lat' dir='ltr'><strong>eodem</strong></span> <span class='ocrx_word' id='word_1_354' title='bbox 3308 2724 3505 2779; x_wconf 88' lang='lat' dir='ltr'><strong>Indice</strong></span> <span class='ocrx_word' id='word_1_355' title='bbox 3549 2721 3797 2794; x_wconf 85' lang='lat' dir='ltr'><strong>legatur,</strong></span> <span class='ocrx_word' id='word_1_356' title='bbox 3833 2722 3973 2780; x_wconf 87' lang='lat' dir='ltr'><strong>Gre-</strong></span> 
     </span>
    </p>
   </div>
   <div class='ocr_carea' id='block_1_34' title="bbox 562 2811 3971 2887">
    <p class='ocr_par' dir='ltr' id='par_1_34' title="bbox 562 2811 3971 2887">
     <span class='ocr_line' id='line_1_34' title="bbox 562 2811 3971 2887; baseline -0.001 -17"><span class='ocrx_word' id='word_1_357' title='bbox 562 2814 708 2886; x_wconf 85' lang='lat' dir='ltr'><strong>gorii</strong></span> <span class='ocrx_word' id='word_1_358' title='bbox 739 2813 933 2887; x_wconf 80' lang='lat' dir='ltr'><strong>Cyprii</strong></span> <span class='ocrx_word' id='word_1_359' title='bbox 977 2812 1231 2885; x_wconf 70' lang='lat' dir='ltr'><strong>epistolae</strong></span> <span class='ocrx_word' id='word_1_360' title='bbox 1293 2813 1543 2879; x_wconf 72' lang='lat' dir='ltr'><strong>selectae,</strong></span> <span class='ocrx_word' id='word_1_361' title='bbox 1575 2813 1732 2867; x_wconf 88' lang='lat' dir='ltr'><strong>aliud</strong></span> <span class='ocrx_word' id='word_1_362' title='bbox 1793 2813 1933 2867; x_wconf 89' lang='lat' dir='ltr'><strong>item</strong></span> <span class='ocrx_word' id='word_1_363' title='bbox 1994 2812 2289 2884; x_wconf 84' lang='lat' dir='ltr'><strong>exemplar</strong></span> <span class='ocrx_word' id='word_1_364' title='bbox 2321 2832 2333 2868; x_wconf 93' lang='lat'>:</span> <span class='ocrx_word' id='word_1_365' title='bbox 2364 2815 2500 2868; x_wconf 86' lang='lat' dir='ltr'><strong>item</strong></span> <span class='ocrx_word' id='word_1_366' title='bbox 2551 2815 2621 2868; x_wconf 89' lang='lat' dir='ltr'><strong>de</strong></span> <span class='ocrx_word' id='word_1_367' title='bbox 2651 2813 2782 2868; x_wconf 90' lang='lat' dir='ltr'><strong>Vita</strong></span> <span class='ocrx_word' id='word_1_368' title='bbox 2835 2830 2943 2868; x_wconf 85' lang='lat' dir='ltr'><strong>sua</strong></span> <span class='ocrx_word' id='word_1_369' title='bbox 2972 2811 3229 2885; x_wconf 64' lang='lat' dir='ltr'><strong>epistolaa</strong></span> <span class='ocrx_word' id='word_1_370' title='bbox 3261 2827 3506 2867; x_wconf 90' lang='lat' dir='ltr'><strong>numero</strong></span> <span class='ocrx_word' id='word_1_371' title='bbox 3538 2811 3659 2867; x_wconf 88' lang='grc'>166.</span> <span class='ocrx_word' id='word_1_372' title='bbox 3692 2811 3782 2866; x_wconf 79' lang='lat' dir='ltr'><strong>An</strong></span> <span class='ocrx_word' id='word_1_373' title='bbox 3814 2827 3971 2884; x_wconf 87' lang='lat' dir='ltr'><strong>opus</strong></span> 
     </span>
    </p>
   </div>
   <div class='ocr_carea' id='block_1_35' title="bbox 560 2898 3974 2972">
    <p class='ocr_par' dir='ltr' id='par_1_35' title="bbox 560 2898 3974 2972">
     <span class='ocr_line' id='line_1_35' title="bbox 560 2898 3974 2972; baseline -0 -15"><span class='ocrx_word' id='word_1_374' title='bbox 560 2901 672 2958; x_wconf 93' lang='lat' dir='ltr'><strong>hoc</strong></span> <span class='ocrx_word' id='word_1_375' title='bbox 721 2902 794 2958; x_wconf 86' lang='lat' dir='ltr'><strong>de</strong></span> <span class='ocrx_word' id='word_1_376' title='bbox 847 2901 980 2956; x_wconf 87' lang='lat' dir='ltr'><strong>Vita</strong></span> <span class='ocrx_word' id='word_1_377' title='bbox 1027 2901 1319 2956; x_wconf 87' lang='lat' dir='ltr'><strong>diversum</strong></span> <span class='ocrx_word' id='word_1_378' title='bbox 1376 2906 1465 2955; x_wconf 89' lang='lat' dir='ltr'><strong>est</strong></span> <span class='ocrx_word' id='word_1_379' title='bbox 1519 2901 1590 2955; x_wconf 91' lang='lat' dir='ltr'><strong>ab</strong></span> <span class='ocrx_word' id='word_1_380' title='bbox 1635 2899 1904 2972; x_wconf 85' lang='lat' dir='ltr'><strong>Epistolis</strong></span> <span class='ocrx_word' id='word_1_381' title='bbox 1961 2901 2049 2955; x_wconf 91' lang='lat' dir='ltr'><strong>vel</strong></span> <span class='ocrx_word' id='word_1_382' title='bbox 2081 2901 2354 2972; x_wconf 82' lang='lat' dir='ltr'><strong>Epistolis</strong></span> <span class='ocrx_word' id='word_1_383' title='bbox 2397 2901 2544 2972; x_wconf 85' lang='lat' dir='ltr'><strong>ipsis</strong></span> <span class='ocrx_word' id='word_1_384' title='bbox 2573 2901 2765 2956; x_wconf 88' lang='lat' dir='ltr'><strong>Vitam</strong></span> <span class='ocrx_word' id='word_1_385' title='bbox 2814 2917 2982 2956; x_wconf 91' lang='lat' dir='ltr'><strong>suam</strong></span> <span class='ocrx_word' id='word_1_386' title='bbox 3029 2900 3349 2972; x_wconf 84' lang='lat' dir='ltr'><strong>exprimit?</strong></span> <span class='ocrx_word' id='word_1_387' title='bbox 3379 2899 3519 2954; x_wconf 88' lang='lat' dir='ltr'><strong>Mihi</strong></span> <span class='ocrx_word' id='word_1_388' title='bbox 3547 2899 3740 2955; x_wconf 89' lang='lat' dir='ltr'><strong>adhuc</strong></span> <span class='ocrx_word' id='word_1_389' title='bbox 3779 2898 3974 2956; x_wconf 79' lang='lat' dir='ltr'><strong>incer-</strong></span> 
     </span>
    </p>
   </div>
   <div class='ocr_carea' id='block_1_36' title="bbox 560 2987 3972 3061">
    <p class='ocr_par' dir='ltr' id='par_1_36' title="bbox 560 2987 3972 3061">
     <span class='ocr_line' id='line_1_36' title="bbox 560 2987 3972 3061; baseline -0.001 -15"><span class='ocrx_word' id='word_1_390' title='bbox 560 2995 688 3046; x_wconf 89' lang='lat' dir='ltr'><strong>tum</strong></span> <span class='ocrx_word' id='word_1_391' title='bbox 741 2995 853 3047; x_wconf 91' lang='lat' dir='ltr'><strong>est.</strong></span> <span class='ocrx_word' id='word_1_392' title='bbox 895 2994 1024 3044; x_wconf 65' lang='lat' dir='ltr'><strong>Haec</strong></span> <span class='ocrx_word' id='word_1_393' title='bbox 1080 2990 1158 3044; x_wconf 88' lang='lat' dir='ltr'><strong>ibi</strong></span> <span class='ocrx_word' id='word_1_394' title='bbox 1217 2988 1489 3045; x_wconf 83' lang='lat' dir='ltr'><strong>Allatius.</strong></span> <span class='ocrx_word' id='word_1_395' title='bbox 1521 2990 1682 3054; x_wconf 88' lang='lat' dir='ltr'><strong>Quod</strong></span> <span class='ocrx_word' id='word_1_396' title='bbox 1742 2991 1978 3045; x_wconf 89' lang='lat' dir='ltr'><strong>tandem</strong></span> <span class='ocrx_word' id='word_1_397' title='bbox 2031 2995 2228 3056; x_wconf 87' lang='lat' dir='ltr'><strong>restat,</strong></span> <span class='ocrx_word' id='word_1_398' title='bbox 2265 2991 2514 3045; x_wconf 82' lang='lat' dir='ltr'><strong>maxime</strong></span> <span class='ocrx_word' id='word_1_399' title='bbox 2546 2990 2867 3044; x_wconf 88' lang='lat' dir='ltr'><strong>notandum</strong></span> <span class='ocrx_word' id='word_1_400' title='bbox 2899 2997 2985 3044; x_wconf 87' lang='lat' dir='ltr'><strong>est</strong></span> <span class='ocrx_word' id='word_1_401' title='bbox 3015 3005 3194 3061; x_wconf 88' lang='lat' dir='ltr'><strong>supra</strong></span> <span class='ocrx_word' id='word_1_402' title='bbox 3221 2987 3578 3044; x_wconf 90' lang='lat' dir='ltr'><strong>enumeratis</strong></span> <span class='ocrx_word' id='word_1_403' title='bbox 3608 2987 3879 3060; x_wconf 82' lang='lat' dir='ltr'><strong>epistolis</strong></span> <span class='ocrx_word' id='word_1_404' title='bbox 3909 2988 3972 3044; x_wconf 90' lang='lat' dir='ltr'><strong>in</strong></span> 
     </span>
    </p>
   </div>
   <div class='ocr_carea' id='block_1_37' title="bbox 559 3077 3974 3151">
    <p class='ocr_par' dir='ltr' id='par_1_37' title="bbox 559 3077 3974 3151">
     <span class='ocr_line' id='line_1_37' title="bbox 559 3077 3974 3151; baseline -0.001 -16"><span class='ocrx_word' id='word_1_405' title='bbox 559 3080 767 3136; x_wconf 88' lang='lat' dir='ltr'><strong>eodem</strong></span> <span class='ocrx_word' id='word_1_406' title='bbox 804 3077 1000 3134; x_wconf 91' lang='lat' dir='ltr'><strong>codice</strong></span> <span class='ocrx_word' id='word_1_407' title='bbox 1061 3077 1458 3148; x_wconf 88' lang='lat' dir='ltr'><strong>manuscripto</strong></span> <span class='ocrx_word' id='word_1_408' title='bbox 1507 3077 1764 3132; x_wconf 68' lang='lat' dir='ltr'><strong>Caesareo</strong></span> <span class='ocrx_word' id='word_1_409' title='bbox 1812 3095 1845 3131; x_wconf 80' lang='grc' dir='ltr'><strong>ιι</strong></span> <span class='ocrx_word' id='word_1_410' title='bbox 1895 3078 1991 3132; x_wconf 91' lang='lat' dir='ltr'><strong>fol.</strong></span> <span class='ocrx_word' id='word_1_411' title='bbox 2047 3079 2165 3148; x_wconf 80' lang='grc'><strong>146,</strong></span> <span class='ocrx_word' id='word_1_412' title='bbox 2201 3096 2332 3151; x_wconf 86' lang='lat' dir='ltr'><strong>pag.</strong></span> <span class='ocrx_word' id='word_1_413' title='bbox 2375 3080 2408 3132; x_wconf 78' lang='lat'><strong>‘2</strong></span> <span class='ocrx_word' id='word_1_414' title='bbox 2458 3095 2643 3150; x_wconf 90' lang='lat' dir='ltr'><strong>usque</strong></span> <span class='ocrx_word' id='word_1_415' title='bbox 2693 3081 2763 3133; x_wconf 87' lang='lat' dir='ltr'><strong>ad</strong></span> <span class='ocrx_word' id='word_1_416' title='bbox 2808 3078 2904 3134; x_wconf 87' lang='lat' dir='ltr'><strong>fol.</strong></span> <span class='ocrx_word' id='word_1_417' title='bbox 2962 3078 3066 3132; x_wconf 75' lang='grc'><strong>148</strong></span> <span class='ocrx_word' id='word_1_418' title='bbox 3111 3093 3242 3150; x_wconf 87' lang='lat' dir='ltr'><strong>pag.</strong></span> <span class='ocrx_word' id='word_1_419' title='bbox 3292 3078 3327 3130; x_wconf 84' lang='lat'><strong><em>2</em></strong></span> <span class='ocrx_word' id='word_1_420' title='bbox 3374 3078 3564 3134; x_wconf 87' lang='lat' dir='ltr'><strong>instar</strong></span> <span class='ocrx_word' id='word_1_421' title='bbox 3617 3077 3974 3149; x_wconf 89' lang='lat' dir='ltr'><strong>appendicis</strong></span> 
     </span>
    </p>
   </div>
   <div class='ocr_carea' id='block_1_38' title="bbox 559 3165 3973 3240">
    <p class='ocr_par' dir='ltr' id='par_1_38' title="bbox 559 3165 3973 3240">
     <span class='ocr_line' id='line_1_38' title="bbox 559 3165 3973 3240; baseline -0 -17"><span class='ocrx_word' id='word_1_422' title='bbox 559 3167 836 3240; x_wconf 89' lang='lat' dir='ltr'><strong>subjungi</strong></span> <span class='ocrx_word' id='word_1_423' title='bbox 896 3168 1161 3238; x_wconf 89' lang='lat' dir='ltr'><strong>ejusdem</strong></span> <span class='ocrx_word' id='word_1_424' title='bbox 1220 3166 1558 3238; x_wconf 75' lang='lat' dir='ltr'><strong>patriarchae</strong></span> <span class='ocrx_word' id='word_1_425' title='bbox 1613 3167 1870 3238; x_wconf 90' lang='lat' dir='ltr'><strong>Gregorii</strong></span> <span class='ocrx_word' id='word_1_426' title='bbox 1931 3167 2124 3239; x_wconf 87' lang='lat' dir='ltr'><strong>Cyprii</strong></span> <span class='ocrx_word' id='word_1_427' title='bbox 2179 3169 2474 3223; x_wconf 81' lang='lat' dir='ltr'><strong>decretum</strong></span> <span class='ocrx_word' id='word_1_428' title='bbox 2533 3167 2764 3238; x_wconf 87' lang='lat' dir='ltr'><strong>aliquod</strong></span> <span class='ocrx_word' id='word_1_429' title='bbox 2819 3167 3095 3240; x_wconf 87' lang='lat' dir='ltr'><strong>synodale</strong></span> <span class='ocrx_word' id='word_1_430' title='bbox 3129 3183 3142 3221; x_wconf 88' lang='lat'><strong>:</strong></span> <span class='ocrx_word' id='word_1_431' title='bbox 3177 3167 3345 3237; x_wconf 81' lang='lat' dir='ltr'><strong>cujus</strong></span> <span class='ocrx_word' id='word_1_432' title='bbox 3392 3165 3601 3222; x_wconf 87' lang='lat' dir='ltr'><strong>titulus</strong></span> <span class='ocrx_word' id='word_1_433' title='bbox 3633 3169 3691 3223; x_wconf 88' lang='lat' dir='ltr'><strong>et</strong></span> <span class='ocrx_word' id='word_1_434' title='bbox 3743 3165 3973 3238; x_wconf 89' lang='lat' dir='ltr'><strong>princi-</strong></span> 
     </span>
    </p>
   </div>
   <div class='ocr_carea' id='block_1_39' title="bbox 557 3251 3969 3331">
    <p class='ocr_par' dir='ltr' id='par_1_39' title="bbox 557 3251 3969 3331">
     <span class='ocr_line' id='line_1_39' title="bbox 557 3251 3969 3331; baseline -0.001 -19"><span class='ocrx_word' id='word_1_435' title='bbox 557 3253 1116 3330; x_wconf 75' lang='grc' dir='ltr'>ΡίυωζἌπόφασις.</span> <span class='ocrx_word' id='word_1_436' title='bbox 1158 3255 1220 3308; x_wconf 86' lang='grc' dir='ltr'>Ἡ</span> <span class='ocrx_word' id='word_1_437' title='bbox 1283 3253 1570 3326; x_wconf 80' lang='grc' dir='ltr'><strong>μετριότης</strong></span> <span class='ocrx_word' id='word_1_438' title='bbox 1623 3256 1782 3325; x_wconf 79' lang='grc' dir='ltr'>ἡμῶν</span> <span class='ocrx_word' id='word_1_439' title='bbox 1842 3254 2050 3325; x_wconf 79' lang='grc' dir='ltr'>σύναμα</span> <span class='ocrx_word' id='word_1_440' title='bbox 2105 3258 2172 3326; x_wconf 79' lang='grc' dir='ltr'><strong>τῇ</strong></span> <span class='ocrx_word' id='word_1_441' title='bbox 2223 3254 2346 3329; x_wconf 82' lang='grc' dir='ltr'>περὶ</span> <span class='ocrx_word' id='word_1_442' title='bbox 2404 3254 2568 3323; x_wconf 77' lang='grc' dir='ltr'>αὐτὴν</span> <span class='ocrx_word' id='word_1_443' title='bbox 2626 3255 2865 3331; x_wconf 77' lang='grc' dir='ltr'>ἱερότητι</span> <span class='ocrx_word' id='word_1_444' title='bbox 2922 3259 3028 3308; x_wconf 83' lang='grc' dir='ltr'><strong>τῶν</strong></span> <span class='ocrx_word' id='word_1_445' title='bbox 3082 3254 3380 3328; x_wconf 78' lang='grc' dir='ltr'>ἀρχιερέων</span> <span class='ocrx_word' id='word_1_446' title='bbox 3441 3251 3736 3329; x_wconf 78' lang='grc' dir='ltr'>ὁμηγύρει,</span> <span class='ocrx_word' id='word_1_447' title='bbox 3797 3254 3969 3329; x_wconf 74' lang='grc' dir='ltr'>ἱερεῖς</span> 
     </span>
    </p>
   </div>
   <div class='ocr_carea' id='block_1_40' title="bbox 551 3339 3968 3420">
    <p class='ocr_par' dir='ltr' id='par_1_40' title="bbox 551 3339 3968 3420">
     <span class='ocr_line' id='line_1_40' title="bbox 551 3339 3968 3420; baseline -0 -22"><span class='ocrx_word' id='word_1_448' title='bbox 551 3363 611 3398; x_wconf 82' lang='grc' dir='ltr'><strong>τε</strong></span> <span class='ocrx_word' id='word_1_449' title='bbox 663 3342 752 3398; x_wconf 83' lang='grc' dir='ltr'><strong>καὶ</strong></span> <span class='ocrx_word' id='word_1_450' title='bbox 811 3339 1114 3411; x_wconf 88' lang='grc' dir='ltr'>διακόνους,</span> <span class='ocrx_word' id='word_1_451' title='bbox 1144 3341 1268 3402; x_wconf 73' lang='grc' dir='ltr'>τοὺς</span> <span class='ocrx_word' id='word_1_452' title='bbox 1325 3341 1376 3396; x_wconf 85' lang='grc' dir='ltr'>ἐν</span> <span class='ocrx_word' id='word_1_453' title='bbox 1432 3347 1512 3413; x_wconf 83' lang='grc' dir='ltr'>τῷ</span> <span class='ocrx_word' id='word_1_454' title='bbox 1569 3347 1740 3416; x_wconf 87' lang='grc' dir='ltr'>καιρῷ</span> <span class='ocrx_word' id='word_1_455' title='bbox 1806 3350 1902 3410; x_wconf 81' lang='grc' dir='ltr'><strong>τῆς</strong></span> <span class='ocrx_word' id='word_1_456' title='bbox 1960 3341 2410 3412; x_wconf 69' lang='grc' dir='ltr'>ἐκκλησιαπικῆς</span> <span class='ocrx_word' id='word_1_457' title='bbox 2463 3346 2773 3419; x_wconf 78' lang='grc' dir='ltr'>συγχύσεως</span> <span class='ocrx_word' id='word_1_458' title='bbox 2833 3341 3062 3405; x_wconf 89' lang='grc' dir='ltr'>διώκτας</span> <span class='ocrx_word' id='word_1_459' title='bbox 3123 3341 3583 3416; x_wconf 62' lang='grc' dir='ltr'>ὁμολογουμένως</span> <span class='ocrx_word' id='word_1_460' title='bbox 3672 3341 3968 3420; x_wconf 69' lang='grc' dir='ltr'>ἀναφανέν-</span> 
     </span>
    </p>
   </div>
   <div class='ocr_carea' id='block_1_41' title="bbox 551 3428 3968 3504">
    <p class='ocr_par' dir='ltr' id='par_1_41' title="bbox 551 3428 3968 3504">
     <span class='ocr_line' id='line_1_41' title="bbox 551 3428 3968 3504; baseline 0.001 -18"><span class='ocrx_word' id='word_1_461' title='bbox 551 3451 666 3502; x_wconf 89' lang='grc' dir='ltr'>τας,</span> <span class='ocrx_word' id='word_1_462' title='bbox 699 3428 735 3500; x_wconf 75' lang='grc' dir='ltr'>ἤ</span> <span class='ocrx_word' id='word_1_463' title='bbox 768 3437 877 3488; x_wconf 88' lang='lat' dir='ltr'><strong>etc.</strong></span> <span class='ocrx_word' id='word_1_464' title='bbox 915 3435 1036 3498; x_wconf 91' lang='lat' dir='ltr'><strong>Quo</strong></span> <span class='ocrx_word' id='word_1_465' title='bbox 1081 3433 1244 3486; x_wconf 85' lang='lat' dir='ltr'><strong>ﬁnito</strong></span> <span class='ocrx_word' id='word_1_466' title='bbox 1295 3431 1522 3487; x_wconf 89' lang='lat' dir='ltr'><strong>decreto</strong></span> <span class='ocrx_word' id='word_1_467' title='bbox 1563 3433 1828 3504; x_wconf 84' lang='lat' dir='ltr'><strong>sequitur</strong></span> <span class='ocrx_word' id='word_1_468' title='bbox 1873 3431 2124 3488; x_wconf 88' lang='lat' dir='ltr'><strong>formula</strong></span> <span class='ocrx_word' id='word_1_469' title='bbox 2173 3433 2475 3503; x_wconf 86' lang='lat' dir='ltr'><strong>solemnis,</strong></span> <span class='ocrx_word' id='word_1_470' title='bbox 2525 3452 2638 3504; x_wconf 91' lang='lat' dir='ltr'><strong>qua</strong></span> <span class='ocrx_word' id='word_1_471' title='bbox 2689 3435 2877 3489; x_wconf 89' lang='lat' dir='ltr'><strong>eidem</strong></span> <span class='ocrx_word' id='word_1_472' title='bbox 2928 3432 3274 3504; x_wconf 68' lang='lat' dir='ltr'><strong>patriarchae</strong></span> <span class='ocrx_word' id='word_1_473' title='bbox 3319 3433 3592 3504; x_wconf 86' lang='lat' dir='ltr'><strong>Gregorio</strong></span> <span class='ocrx_word' id='word_1_474' title='bbox 3644 3432 3968 3489; x_wconf 87' lang='lat' dir='ltr'><strong>adversarii</strong></span> 
     </span>
    </p>
   </div>
   <div class='ocr_carea' id='block_1_42' title="bbox 551 3519 3970 3593">
    <p class='ocr_par' dir='ltr' id='par_1_42' title="bbox 551 3519 3970 3593">
     <span class='ocr_line' id='line_1_42' title="bbox 551 3519 3970 3593; baseline 0 -16"><span class='ocrx_word' id='word_1_475' title='bbox 551 3521 681 3591; x_wconf 88' lang='lat' dir='ltr'><strong>ejus</strong></span> <span class='ocrx_word' id='word_1_476' title='bbox 712 3520 1129 3592; x_wconf 84' lang='lat' dir='ltr'><strong>promiserunt,</strong></span> <span class='ocrx_word' id='word_1_477' title='bbox 1162 3521 1356 3591; x_wconf 89' lang='lat' dir='ltr'><strong>ipsum</strong></span> <span class='ocrx_word' id='word_1_478' title='bbox 1388 3519 1618 3592; x_wconf 90' lang='lat' dir='ltr'><strong>publice</strong></span> <span class='ocrx_word' id='word_1_479' title='bbox 1649 3521 2006 3576; x_wconf 85' lang='lat' dir='ltr'><strong>declaratum</strong></span> <span class='ocrx_word' id='word_1_480' title='bbox 2036 3521 2096 3576; x_wconf 91' lang='lat' dir='ltr'><strong>in</strong></span> <span class='ocrx_word' id='word_1_481' title='bbox 2123 3521 2529 3590; x_wconf 83' lang='lat' dir='ltr'><strong>orthodoxum,</strong></span> <span class='ocrx_word' id='word_1_482' title='bbox 2563 3527 2619 3576; x_wconf 90' lang='lat' dir='ltr'><strong>et</strong></span> <span class='ocrx_word' id='word_1_483' title='bbox 2648 3539 2888 3593; x_wconf 89' lang='lat' dir='ltr'><strong>prorsus</strong></span> <span class='ocrx_word' id='word_1_484' title='bbox 2939 3520 3188 3577; x_wconf 89' lang='lat' dir='ltr'><strong>liberum</strong></span> <span class='ocrx_word' id='word_1_485' title='bbox 3236 3521 3308 3577; x_wconf 91' lang='lat' dir='ltr'><strong>ab</strong></span> <span class='ocrx_word' id='word_1_486' title='bbox 3359 3520 3518 3576; x_wconf 90' lang='lat' dir='ltr'><strong>omni</strong></span> <span class='ocrx_word' id='word_1_487' title='bbox 3576 3519 3707 3576; x_wconf 86' lang='lat' dir='ltr'><strong>labe</strong></span> <span class='ocrx_word' id='word_1_488' title='bbox 3757 3525 3816 3577; x_wconf 89' lang='lat' dir='ltr'><strong>et</strong></span> <span class='ocrx_word' id='word_1_489' title='bbox 3863 3538 3970 3577; x_wconf 86' lang='lat' dir='ltr'><strong>su-</strong></span> 
     </span>
    </p>
   </div>
   <div class='ocr_carea' id='block_1_43' title="bbox 549 3609 3970 3683">
    <p class='ocr_par' dir='ltr' id='par_1_43' title="bbox 549 3609 3970 3683">
     <span class='ocr_line' id='line_1_43' title="bbox 549 3609 3970 3683; baseline 0.001 -19"><span class='ocrx_word' id='word_1_490' title='bbox 549 3609 810 3681; x_wconf 87' lang='lat' dir='ltr'><strong>spicione</strong></span> <span class='ocrx_word' id='word_1_491' title='bbox 841 3625 1028 3681; x_wconf 72' lang='lat' dir='ltr'><strong>pravaa</strong></span> <span class='ocrx_word' id='word_1_492' title='bbox 1078 3609 1377 3680; x_wconf 71' lang='lat' dir='ltr'><strong>doctrinae,</strong></span> <span class='ocrx_word' id='word_1_493' title='bbox 1410 3610 1458 3664; x_wconf 91' lang='lat' dir='ltr'><strong>si</strong></span> <span class='ocrx_word' id='word_1_494' title='bbox 1492 3610 1542 3664; x_wconf 92' lang='lat' dir='ltr'><strong>is</strong></span> <span class='ocrx_word' id='word_1_495' title='bbox 1573 3610 1736 3681; x_wconf 91' lang='lat' dir='ltr'><strong>prius</strong></span> <span class='ocrx_word' id='word_1_496' title='bbox 1782 3611 1996 3681; x_wconf 90' lang='lat' dir='ltr'><strong>scripto</strong></span> <span class='ocrx_word' id='word_1_497' title='bbox 2048 3609 2434 3682; x_wconf 89' lang='lat' dir='ltr'><strong>polliceretur,</strong></span> <span class='ocrx_word' id='word_1_498' title='bbox 2469 3626 2550 3680; x_wconf 91' lang='lat' dir='ltr'><strong>se,</strong></span> <span class='ocrx_word' id='word_1_499' title='bbox 2583 3618 2713 3683; x_wconf 91' lang='lat' dir='ltr'><strong>post</strong></span> <span class='ocrx_word' id='word_1_500' title='bbox 2759 3615 3062 3683; x_wconf 90' lang='lat' dir='ltr'><strong>acceptum</strong></span> <span class='ocrx_word' id='word_1_501' title='bbox 3109 3609 3254 3665; x_wconf 91' lang='lat' dir='ltr'><strong>illud</strong></span> <span class='ocrx_word' id='word_1_502' title='bbox 3303 3609 3649 3666; x_wconf 66' lang='lat' dir='ltr'><strong>innocentiae</strong></span> <span class='ocrx_word' id='word_1_503' title='bbox 3702 3626 3826 3666; x_wconf 67' lang='lat' dir='ltr'><strong>suae</strong></span> <span class='ocrx_word' id='word_1_504' title='bbox 3883 3615 3970 3666; x_wconf 91' lang='lat' dir='ltr'><strong>te-</strong></span> 
     </span>
    </p>
   </div>
   <div class='ocr_carea' id='block_1_44' title="bbox 553 3697 3970 3772">
    <p class='ocr_par' dir='ltr' id='par_1_44' title="bbox 553 3697 3970 3772">
     <span class='ocr_line' id='line_1_44' title="bbox 553 3697 3970 3772; baseline 0 -18"><span class='ocrx_word' id='word_1_505' title='bbox 553 3698 896 3754; x_wconf 87' lang='lat' dir='ltr'><strong>stimonium</strong></span> <span class='ocrx_word' id='word_1_506' title='bbox 929 3697 1255 3770; x_wconf 88' lang='lat' dir='ltr'><strong>publicum,</strong></span> <span class='ocrx_word' id='word_1_507' title='bbox 1289 3698 1414 3754; x_wconf 89' lang='lat' dir='ltr'><strong>sine</strong></span> <span class='ocrx_word' id='word_1_508' title='bbox 1442 3715 1604 3754; x_wconf 90' lang='lat' dir='ltr'><strong>mora</strong></span> <span class='ocrx_word' id='word_1_509' title='bbox 1647 3699 1856 3754; x_wconf 90' lang='lat' dir='ltr'><strong>throno</strong></span> <span class='ocrx_word' id='word_1_510' title='bbox 1907 3698 2280 3772; x_wconf 87' lang='lat' dir='ltr'><strong>patriarchali</strong></span> <span class='ocrx_word' id='word_1_511' title='bbox 2311 3715 2372 3754; x_wconf 88' lang='lat' dir='ltr'><strong>se</strong></span> <span class='ocrx_word' id='word_1_512' title='bbox 2402 3699 2811 3756; x_wconf 90' lang='lat' dir='ltr'><strong>abdicaturum</strong></span> <span class='ocrx_word' id='word_1_513' title='bbox 2845 3716 2992 3756; x_wconf 87' lang='lat' dir='ltr'><strong>esse.</strong></span> <span class='ocrx_word' id='word_1_514' title='bbox 3027 3699 3235 3754; x_wconf 88' lang='lat' dir='ltr'><strong>Narrat</strong></span> <span class='ocrx_word' id='word_1_515' title='bbox 3293 3698 3530 3771; x_wconf 90' lang='lat' dir='ltr'><strong>quidem</strong></span> <span class='ocrx_word' id='word_1_516' title='bbox 3581 3702 3765 3755; x_wconf 88' lang='lat' dir='ltr'><strong>totam</strong></span> <span class='ocrx_word' id='word_1_517' title='bbox 3797 3697 3970 3756; x_wconf 84' lang='lat' dir='ltr'><strong>illam</strong></span> 
     </span>
    </p>
   </div>
   <div class='ocr_carea' id='block_1_45' title="bbox 554 3785 3970 3860">
    <p class='ocr_par' dir='ltr' id='par_1_45' title="bbox 554 3785 3970 3860">
     <span class='ocr_line' id='line_1_45' title="bbox 554 3785 3970 3860; baseline 0.001 -20"><span class='ocrx_word' id='word_1_518' title='bbox 554 3802 676 3841; x_wconf 87' lang='lat' dir='ltr'><strong>rem</strong></span> <span class='ocrx_word' id='word_1_519' title='bbox 737 3785 954 3858; x_wconf 86' lang='lat' dir='ltr'><strong>prolixe</strong></span> <span class='ocrx_word' id='word_1_520' title='bbox 984 3792 1041 3842; x_wconf 89' lang='lat' dir='ltr'><strong>et</strong></span> <span class='ocrx_word' id='word_1_521' title='bbox 1071 3792 1336 3842; x_wconf 86' lang='lat' dir='ltr'><strong>accurate</strong></span> <span class='ocrx_word' id='word_1_522' title='bbox 1369 3787 1653 3859; x_wconf 89' lang='lat' dir='ltr'><strong>Georgius</strong></span> <span class='ocrx_word' id='word_1_523' title='bbox 1684 3788 2068 3860; x_wconf 89' lang='lat' dir='ltr'><strong>Pachymeres</strong></span> <span class='ocrx_word' id='word_1_524' title='bbox 2115 3788 2173 3841; x_wconf 90' lang='lat' dir='ltr'><strong>in</strong></span> <span class='ocrx_word' id='word_1_525' title='bbox 2224 3788 2479 3843; x_wconf 85' lang='lat' dir='ltr'><strong>Historia</strong></span> <span class='ocrx_word' id='word_1_526' title='bbox 2524 3788 2754 3860; x_wconf 90' lang='lat' dir='ltr'><strong>imperii</strong></span> <span class='ocrx_word' id='word_1_527' title='bbox 2800 3789 3114 3845; x_wconf 89' lang='lat' dir='ltr'><strong>Andronici</strong></span> <span class='ocrx_word' id='word_1_528' title='bbox 3166 3787 3471 3860; x_wconf 68' lang='lat' dir='ltr'><strong>Paleologi</strong></span> <span class='ocrx_word' id='word_1_529' title='bbox 3516 3787 3768 3844; x_wconf 87' lang='lat' dir='ltr'><strong>senioris</strong></span> <span class='ocrx_word' id='word_1_530' title='bbox 3827 3786 3970 3844; x_wconf 90' lang='lat' dir='ltr'><strong>libri</strong></span> 
     </span>
    </p>
   </div>
   <div class='ocr_carea' id='block_1_46' title="bbox 561 3874 3968 3948">
    <p class='ocr_par' dir='ltr' id='par_1_46' title="bbox 561 3874 3968 3948">
     <span class='ocr_line' id='line_1_46' title="bbox 561 3874 3968 3948; baseline 0.001 -18"><span class='ocrx_word' id='word_1_531' title='bbox 561 3875 805 3930; x_wconf 89' lang='lat' dir='ltr'><strong>secundi</strong></span> <span class='ocrx_word' id='word_1_532' title='bbox 858 3874 1114 3946; x_wconf 91' lang='lat' dir='ltr'><strong>quinque</strong></span> <span class='ocrx_word' id='word_1_533' title='bbox 1175 3875 1418 3947; x_wconf 89' lang='lat' dir='ltr'><strong>integris</strong></span> <span class='ocrx_word' id='word_1_534' title='bbox 1471 3875 1784 3947; x_wconf 90' lang='lat' dir='ltr'><strong>capitibus,</strong></span> <span class='ocrx_word' id='word_1_535' title='bbox 1818 3891 2028 3948; x_wconf 89' lang='lat' dir='ltr'><strong>nempe</strong></span> <span class='ocrx_word' id='word_1_536' title='bbox 2083 3882 2263 3944; x_wconf 82' lang='lat' dir='ltr'><strong>sexto,</strong></span> <span class='ocrx_word' id='word_1_537' title='bbox 2297 3876 2566 3948; x_wconf 86' lang='lat' dir='ltr'><strong>septimo,</strong></span> <span class='ocrx_word' id='word_1_538' title='bbox 2595 3882 2814 3943; x_wconf 89' lang='lat' dir='ltr'><strong>octavo,</strong></span> <span class='ocrx_word' id='word_1_539' title='bbox 2854 3894 3007 3933; x_wconf 91' lang='lat' dir='ltr'><strong>nono</strong></span> <span class='ocrx_word' id='word_1_540' title='bbox 3057 3882 3116 3933; x_wconf 89' lang='lat' dir='ltr'><strong>et</strong></span> <span class='ocrx_word' id='word_1_541' title='bbox 3172 3877 3418 3944; x_wconf 89' lang='lat' dir='ltr'><strong>decimo,</strong></span> <span class='ocrx_word' id='word_1_542' title='bbox 3460 3877 3605 3933; x_wconf 88' lang='lat' dir='ltr'><strong>adeo</strong></span> <span class='ocrx_word' id='word_1_543' title='bbox 3661 3880 3728 3931; x_wconf 90' lang='lat' dir='ltr'><strong>ut</strong></span> <span class='ocrx_word' id='word_1_544' title='bbox 3781 3877 3968 3934; x_wconf 89' lang='lat' dir='ltr'><strong>etiam</strong></span> 
     </span>
    </p>
   </div>
   <div class='ocr_carea' id='block_1_47' title="bbox 553 3962 3968 4040">
    <p class='ocr_par' dir='ltr' id='par_1_47' title="bbox 553 3962 3968 4040">
     <span class='ocr_line' id='line_1_47' title="bbox 553 3962 3968 4040; baseline 0.001 -22"><span class='ocrx_word' id='word_1_545' title='bbox 553 3962 842 4036; x_wconf 90' lang='lat' dir='ltr'><strong>integram</strong></span> <span class='ocrx_word' id='word_1_546' title='bbox 876 3963 1187 4019; x_wconf 90' lang='lat' dir='ltr'><strong>formulam</strong></span> <span class='ocrx_word' id='word_1_547' title='bbox 1220 3964 1607 4020; x_wconf 89' lang='lat' dir='ltr'><strong>abdicationis</strong></span> <span class='ocrx_word' id='word_1_548' title='bbox 1639 3981 1669 4020; x_wconf 95' lang='lat' dir='ltr'><strong>e</strong></span> <span class='ocrx_word' id='word_1_549' title='bbox 1702 3964 1976 4037; x_wconf 90' lang='lat' dir='ltr'><strong>Gregorio</strong></span> <span class='ocrx_word' id='word_1_550' title='bbox 1997 3965 2387 4036; x_wconf 90' lang='lat' dir='ltr'><strong>conscriptam</strong></span> <span class='ocrx_word' id='word_1_551' title='bbox 2417 3971 2476 4021; x_wconf 88' lang='lat' dir='ltr'><strong>et</strong></span> <span class='ocrx_word' id='word_1_552' title='bbox 2504 3966 2851 4022; x_wconf 89' lang='lat' dir='ltr'><strong>adversariis</strong></span> <span class='ocrx_word' id='word_1_553' title='bbox 2896 3967 3169 4022; x_wconf 88' lang='lat' dir='ltr'><strong>traditam</strong></span> <span class='ocrx_word' id='word_1_554' title='bbox 3216 3967 3337 4036; x_wconf 88' lang='lat' dir='ltr'><strong>jam</strong></span> <span class='ocrx_word' id='word_1_555' title='bbox 3395 3970 3719 4022; x_wconf 86' lang='lat' dir='ltr'><strong>memorato</strong></span> <span class='ocrx_word' id='word_1_556' title='bbox 3779 3967 3968 4040; x_wconf 89' lang='lat' dir='ltr'><strong>capiti</strong></span> 
     </span>
    </p>
   </div>
   <div class='ocr_carea' id='block_1_48' title="bbox 553 4052 3968 4126">
    <p class='ocr_par' dir='ltr' id='par_1_48' title="bbox 553 4052 3968 4126">
     <span class='ocr_line' id='line_1_48' title="bbox 553 4052 3968 4126; baseline 0.001 -20"><span class='ocrx_word' id='word_1_557' title='bbox 553 4067 708 4109; x_wconf 91' lang='lat' dir='ltr'><strong>nono</strong></span> <span class='ocrx_word' id='word_1_558' title='bbox 757 4053 826 4108; x_wconf 89' lang='lat' dir='ltr'><strong>ad</strong></span> <span class='ocrx_word' id='word_1_559' title='bbox 876 4052 1116 4108; x_wconf 88' lang='lat' dir='ltr'><strong>verbum</strong></span> <span class='ocrx_word' id='word_1_560' title='bbox 1164 4052 1512 4119; x_wconf 89' lang='lat' dir='ltr'><strong>inseruerit;</strong></span> <span class='ocrx_word' id='word_1_561' title='bbox 1548 4052 1801 4109; x_wconf 87' lang='lat' dir='ltr'><strong>formula</strong></span> <span class='ocrx_word' id='word_1_562' title='bbox 1849 4059 2043 4109; x_wconf 90' lang='lat' dir='ltr'><strong>tamen</strong></span> <span class='ocrx_word' id='word_1_563' title='bbox 2094 4053 2501 4124; x_wconf 80' lang='lat' dir='ltr'><strong>promissionis</strong></span> <span class='ocrx_word' id='word_1_564' title='bbox 2554 4055 3042 4126; x_wconf 87' lang='lat' dir='ltr'><strong>adversariorum,</strong></span> <span class='ocrx_word' id='word_1_565' title='bbox 3073 4072 3201 4126; x_wconf 66' lang='lat' dir='ltr'><strong>quas</strong></span> <span class='ocrx_word' id='word_1_566' title='bbox 3249 4055 3307 4110; x_wconf 91' lang='lat' dir='ltr'><strong>in</strong></span> <span class='ocrx_word' id='word_1_567' title='bbox 3352 4055 3551 4111; x_wconf 90' lang='lat' dir='ltr'><strong>codice</strong></span> <span class='ocrx_word' id='word_1_568' title='bbox 3601 4054 3711 4112; x_wconf 91' lang='lat' dir='ltr'><strong>hoc</strong></span> <span class='ocrx_word' id='word_1_569' title='bbox 3743 4071 3968 4112; x_wconf 85' lang='lat' dir='ltr'><strong>manu-</strong></span> 
     </span>
    </p>
   </div>
   <div class='ocr_carea' id='block_1_49' title="bbox 550 4139 3967 4216">
    <p class='ocr_par' dir='ltr' id='par_1_49' title="bbox 550 4139 3967 4216">
     <span class='ocr_line' id='line_1_49' title="bbox 550 4139 3967 4216; baseline 0.002 -21"><span class='ocrx_word' id='word_1_570' title='bbox 550 4139 768 4213; x_wconf 88' lang='lat' dir='ltr'><strong>scripto</strong></span> <span class='ocrx_word' id='word_1_571' title='bbox 815 4141 1073 4196; x_wconf 78' lang='lat' dir='ltr'><strong>Caasareo</strong></span> <span class='ocrx_word' id='word_1_572' title='bbox 1118 4144 1322 4208; x_wconf 85' lang='lat' dir='ltr'><strong>exstat,</strong></span> <span class='ocrx_word' id='word_1_573' title='bbox 1356 4141 1433 4195; x_wconf 91' lang='lat' dir='ltr'><strong>ibi</strong></span> <span class='ocrx_word' id='word_1_574' title='bbox 1479 4141 1696 4196; x_wconf 89' lang='lat' dir='ltr'><strong>omissa</strong></span> <span class='ocrx_word' id='word_1_575' title='bbox 1745 4149 1850 4208; x_wconf 90' lang='lat' dir='ltr'><strong>est,</strong></span> <span class='ocrx_word' id='word_1_576' title='bbox 1884 4142 2126 4212; x_wconf 84' lang='lat' dir='ltr'><strong>ideoque</strong></span> <span class='ocrx_word' id='word_1_577' title='bbox 2175 4141 2512 4214; x_wconf 77' lang='lat' dir='ltr'><strong>supplendas</strong></span> <span class='ocrx_word' id='word_1_578' title='bbox 2561 4143 2826 4199; x_wconf 73' lang='lat' dir='ltr'><strong>Historiae</strong></span> <span class='ocrx_word' id='word_1_579' title='bbox 2879 4144 3348 4216; x_wconf 67' lang='lat' dir='ltr'><strong>Pachymerianaa</strong></span> <span class='ocrx_word' id='word_1_580' title='bbox 3395 4160 3575 4200; x_wconf 86' lang='lat' dir='ltr'><strong>causa</strong></span> <span class='ocrx_word' id='word_1_581' title='bbox 3623 4147 3813 4200; x_wconf 84' lang='lat' dir='ltr'><strong>totam</strong></span> <span class='ocrx_word' id='word_1_582' title='bbox 3870 4145 3967 4202; x_wconf 86' lang='lat' dir='ltr'><strong>hic</strong></span> 
     </span>
    </p>
   </div>
   <div class='ocr_carea' id='block_1_50' title="bbox 549 4226 2172 4308">
    <p class='ocr_par' dir='ltr' id='par_1_50' title="bbox 549 4228 2172 4300">
     <span class='ocr_line' id='line_1_50' title="bbox 549 4228 2172 4300; baseline 0 -16"><span class='ocrx_word' id='word_1_583' title='bbox 549 4229 805 4300; x_wconf 91' lang='lat' dir='ltr'><strong>publico.</strong></span> <span class='ocrx_word' id='word_1_584' title='bbox 839 4229 917 4284; x_wconf 91' lang='lat' dir='ltr'><strong>Ea</strong></span> <span class='ocrx_word' id='word_1_585' title='bbox 973 4228 1151 4300; x_wconf 90' lang='lat' dir='ltr'><strong>igitur</strong></span> <span class='ocrx_word' id='word_1_586' title='bbox 1209 4245 1343 4286; x_wconf 91' lang='lat' dir='ltr'><strong>cum</strong></span> <span class='ocrx_word' id='word_1_587' title='bbox 1398 4228 1778 4300; x_wconf 83' lang='lat' dir='ltr'><strong>inscriptione</strong></span> <span class='ocrx_word' id='word_1_588' title='bbox 1837 4246 1946 4286; x_wconf 89' lang='lat' dir='ltr'><strong>sua</strong></span> <span class='ocrx_word' id='word_1_589' title='bbox 1999 4234 2089 4286; x_wconf 88' lang='lat' dir='ltr'><strong>est</strong></span> <span class='ocrx_word' id='word_1_590' title='bbox 2138 4235 2172 4284; x_wconf 70' lang='grc' dir='ltr'><strong>ιι</strong></span> 
     </span>
    </p>
   </div>
   <div class='ocr_carea' id='block_1_51' title="bbox 2343 4226 3966 4308">
    <p class='ocr_par' dir='ltr' id='par_1_51' title="bbox 2350 4226 3966 4308">
     <span class='ocr_line' id='line_1_51' title="bbox 2350 4226 3966 4308; baseline 0.004 -25"><span class='ocrx_word' id='word_1_591' title='bbox 2350 4231 2703 4306; x_wconf 78' lang='grc' dir='ltr'>’Δνακήρυξις</span> <span class='ocrx_word' id='word_1_592' title='bbox 2758 4237 2858 4300; x_wconf 80' lang='grc' dir='ltr'><strong>τῆς</strong></span> <span class='ocrx_word' id='word_1_593' title='bbox 2919 4226 3187 4293; x_wconf 71' lang='grc' dir='ltr'>εὐσεϐείας</span> <span class='ocrx_word' id='word_1_594' title='bbox 3239 4231 3404 4286; x_wconf 74' lang='grc' dir='ltr'>αὐτοῦ</span> <span class='ocrx_word' id='word_1_595' title='bbox 3461 4231 3605 4308; x_wconf 79' lang='grc' dir='ltr'>παρὰ</span> <span class='ocrx_word' id='word_1_596' title='bbox 3659 4235 3769 4286; x_wconf 79' lang='grc' dir='ltr'><strong>τῶν</strong></span> <span class='ocrx_word' id='word_1_597' title='bbox 3831 4233 3966 4289; x_wconf 69' lang='grc' dir='ltr'>ὃπο-</span> 
     </span>
    </p>
   </div>
   <div class='ocr_carea' id='block_1_52' title="bbox 545 4313 3962 4396">
    <p class='ocr_par' dir='ltr' id='par_1_52' title="bbox 545 4313 3962 4396">
     <span class='ocr_line' id='line_1_52' title="bbox 545 4313 3962 4396; baseline 0.003 -27"><span class='ocrx_word' id='word_1_598' title='bbox 545 4315 834 4391; x_wconf 81' lang='grc' dir='ltr'>σχομένων</span> <span class='ocrx_word' id='word_1_599' title='bbox 882 4314 1047 4386; x_wconf 86' lang='grc' dir='ltr'>αὐτῷ.</span> <span class='ocrx_word' id='word_1_600' title='bbox 1081 4313 1394 4389; x_wconf 77' lang='grc' dir='ltr'>Εὐλογὴτὸς</span> <span class='ocrx_word' id='word_1_601' title='bbox 1433 4316 1460 4368; x_wconf 86' lang='grc' dir='ltr'>ὁ</span> <span class='ocrx_word' id='word_1_602' title='bbox 1502 4316 1632 4377; x_wconf 85' lang='grc' dir='ltr'>Θεὸς</span> <span class='ocrx_word' id='word_1_603' title='bbox 1681 4318 1861 4387; x_wconf 77' lang='grc' dir='ltr'>ἡμῶν,</span> <span class='ocrx_word' id='word_1_604' title='bbox 1897 4315 1978 4370; x_wconf 79' lang='grc' dir='ltr'><strong>ὅτι</strong></span> <span class='ocrx_word' id='word_1_605' title='bbox 2029 4313 2287 4372; x_wconf 80' lang='grc' dir='ltr'>οὐδέποτε</span> <span class='ocrx_word' id='word_1_606' title='bbox 2333 4319 2501 4387; x_wconf 78' lang='grc' dir='ltr'>κακήν</span> <span class='ocrx_word' id='word_1_607' title='bbox 2556 4318 2830 4392; x_wconf 78' lang='grc' dir='ltr'>ὑπόληψιν</span> <span class='ocrx_word' id='word_1_608' title='bbox 2877 4316 3111 4395; x_wconf 78' lang='grc' dir='ltr'>ἔσχομεν</span> <span class='ocrx_word' id='word_1_609' title='bbox 3163 4320 3287 4396; x_wconf 79' lang='grc' dir='ltr'>περὶ</span> <span class='ocrx_word' id='word_1_610' title='bbox 3335 4325 3430 4375; x_wconf 78' lang='grc' dir='ltr'><strong>τοῦ</strong></span> <span class='ocrx_word' id='word_1_611' title='bbox 3481 4318 3744 4376; x_wconf 85' lang='grc' dir='ltr'>δεσπότου</span> <span class='ocrx_word' id='word_1_612' title='bbox 3789 4324 3962 4395; x_wconf 80' lang='grc' dir='ltr'>ἡμῶν</span> 
     </span>
    </p>
   </div>
   <div class='ocr_carea' id='block_1_53' title="bbox 541 4403 3961 4482">
    <p class='ocr_par' dir='ltr' id='par_1_53' title="bbox 541 4403 3961 4482">
     <span class='ocr_line' id='line_1_53' title="bbox 541 4403 3961 4482; baseline 0.002 -24"><span class='ocrx_word' id='word_1_613' title='bbox 541 4409 640 4458; x_wconf 80' lang='grc' dir='ltr'><strong>τοῦ</strong></span> <span class='ocrx_word' id='word_1_614' title='bbox 698 4405 1039 4480; x_wconf 75' lang='grc' dir='ltr'>πατριάρχου</span> <span class='ocrx_word' id='word_1_615' title='bbox 1098 4408 1265 4476; x_wconf 82' lang='grc' dir='ltr'>κυροῦ</span> <span class='ocrx_word' id='word_1_616' title='bbox 1323 4403 1649 4480; x_wconf 72' lang='grc' dir='ltr'>Γρηγορίου,</span> <span class='ocrx_word' id='word_1_617' title='bbox 1709 4404 1782 4466; x_wconf 86' lang='grc' dir='ltr'>ὡς</span> <span class='ocrx_word' id='word_1_618' title='bbox 1841 4403 1949 4459; x_wconf 82' lang='grc' dir='ltr'>ἔστι</span> <span class='ocrx_word' id='word_1_619' title='bbox 2011 4403 2356 4482; x_wconf 73' lang='grc' dir='ltr'>βλάσφημος,</span> <span class='ocrx_word' id='word_1_620' title='bbox 2417 4408 2654 4482; x_wconf 81' lang='grc' dir='ltr'>καθάπερ</span> <span class='ocrx_word' id='word_1_621' title='bbox 2727 4408 2889 4463; x_wconf 74' lang='grc' dir='ltr'>τοῦτό</span> <span class='ocrx_word' id='word_1_622' title='bbox 2972 4430 3113 4472; x_wconf 91' lang='grc' dir='ltr'>τινες</span> <span class='ocrx_word' id='word_1_623' title='bbox 3167 4414 3274 4464; x_wconf 77' lang='grc' dir='ltr'><strong>τῶν</strong></span> <span class='ocrx_word' id='word_1_624' title='bbox 3329 4409 3589 4482; x_wconf 80' lang='grc' dir='ltr'>ἀμυήτων</span> <span class='ocrx_word' id='word_1_625' title='bbox 3651 4407 3961 4468; x_wconf 62' lang='grc' dir='ltr'>ὑπέλαϐον</span> 
     </span>
    </p>
   </div>
   <div class='ocr_carea' id='block_1_54' title="bbox 542 4489 3965 4575">
    <p class='ocr_par' dir='ltr' id='par_1_54' title="bbox 542 4489 3965 4575">
     <span class='ocr_line' id='line_1_54' title="bbox 542 4489 3965 4575; baseline 0.003 -29"><span class='ocrx_word' id='word_1_626' title='bbox 542 4490 672 4548; x_wconf 82' lang='grc' dir='ltr'>ἀλλ’</span> <span class='ocrx_word' id='word_1_627' title='bbox 727 4490 1143 4569; x_wconf 77' lang='grc' dir='ltr'>ὀρθοδοξότατον</span> <span class='ocrx_word' id='word_1_628' title='bbox 1191 4497 1380 4546; x_wconf 79' lang='grc' dir='ltr'>τοῦτον</span> <span class='ocrx_word' id='word_1_629' title='bbox 1439 4494 1780 4568; x_wconf 83' lang='grc' dir='ltr'>γινώσκομεν</span> <span class='ocrx_word' id='word_1_630' title='bbox 1837 4493 1926 4548; x_wconf 78' lang='grc' dir='ltr'><strong>καὶ</strong></span> <span class='ocrx_word' id='word_1_631' title='bbox 1988 4489 2384 4549; x_wconf 70' lang='grc' dir='ltr'>εὐσεϐέστατον.</span> <span class='ocrx_word' id='word_1_632' title='bbox 2439 4495 2621 4551; x_wconf 88' lang='grc' dir='ltr'>Μόνον</span> <span class='ocrx_word' id='word_1_633' title='bbox 2676 4493 2906 4568; x_wconf 86' lang='grc' dir='ltr'>δεόμεθα</span> <span class='ocrx_word' id='word_1_634' title='bbox 2955 4503 3052 4552; x_wconf 79' lang='grc' dir='ltr'>τοῦ</span> <span class='ocrx_word' id='word_1_635' title='bbox 3108 4499 3450 4575; x_wconf 81' lang='grc' dir='ltr'>πατριάρχου</span> <span class='ocrx_word' id='word_1_636' title='bbox 3515 4501 3965 4575; x_wconf 74' lang='grc' dir='ltr'>παραιτήσασθαι</span> 
     </span>
    </p>
   </div>
   <div class='ocr_carea' id='block_1_55' title="bbox 543 4577 3964 4666">
    <p class='ocr_par' dir='ltr' id='par_1_55' title="bbox 543 4577 3964 4666">
     <span class='ocr_line' id='line_1_55' title="bbox 543 4577 3964 4666; baseline 0.004 -32"><span class='ocrx_word' id='word_1_637' title='bbox 543 4577 732 4655; x_wconf 83' lang='grc' dir='ltr'>θρόνον</span> <span class='ocrx_word' id='word_1_638' title='bbox 764 4579 852 4636; x_wconf 80' lang='grc' dir='ltr'><strong>διὰ</strong></span> <span class='ocrx_word' id='word_1_639' title='bbox 887 4582 1122 4648; x_wconf 78' lang='grc' dir='ltr'>τὴντῶν</span> <span class='ocrx_word' id='word_1_640' title='bbox 1156 4581 1455 4657; x_wconf 85' lang='grc' dir='ltr'>ἀνθρώπων</span> <span class='ocrx_word' id='word_1_641' title='bbox 1500 4582 1743 4655; x_wconf 80' lang='grc' dir='ltr'>εἰρήνην·</span> <span class='ocrx_word' id='word_1_642' title='bbox 1803 4584 1891 4636; x_wconf 78' lang='grc' dir='ltr'><strong>καὶ</strong></span> <span class='ocrx_word' id='word_1_643' title='bbox 1947 4580 2132 4651; x_wconf 81' lang='grc' dir='ltr'>ἐπειδή</span> <span class='ocrx_word' id='word_1_644' title='bbox 2185 4585 2310 4658; x_wconf 90' lang='grc' dir='ltr'>παρ’</span> <span class='ocrx_word' id='word_1_645' title='bbox 2358 4587 2516 4656; x_wconf 81' lang='grc' dir='ltr'>ἡμῶν</span> <span class='ocrx_word' id='word_1_646' title='bbox 2571 4590 2721 4654; x_wconf 82' lang='grc' dir='ltr'>ζητεῖ</span> <span class='ocrx_word' id='word_1_647' title='bbox 2774 4588 2873 4654; x_wconf 77' lang='grc' dir='ltr'><strong>τήν</strong></span> <span class='ocrx_word' id='word_1_648' title='bbox 2927 4594 3027 4656; x_wconf 76' lang='grc' dir='ltr'><strong>τῆς</strong></span> <span class='ocrx_word' id='word_1_649' title='bbox 3083 4582 3352 4650; x_wconf 73' lang='grc' dir='ltr'>εὐσεϐείας</span> <span class='ocrx_word' id='word_1_650' title='bbox 3409 4587 3574 4642; x_wconf 82' lang='grc' dir='ltr'>αὐτοῦ</span> <span class='ocrx_word' id='word_1_651' title='bbox 3629 4588 3964 4666; x_wconf 82' lang='grc' dir='ltr'>ἀνακήρυξιν</span> 
     </span>
    </p>
   </div>
   <div class='ocr_carea' id='block_1_56' title="bbox 544 4665 3961 4753">
    <p class='ocr_par' dir='ltr' id='par_1_56' title="bbox 544 4665 3961 4753">
     <span class='ocr_line' id='line_1_56' title="bbox 544 4665 3961 4753; baseline 0.004 -31"><span class='ocrx_word' id='word_1_652' title='bbox 544 4665 817 4748; x_wconf 80' lang='grc' dir='ltr'>ἔγγραφον</span> <span class='ocrx_word' id='word_1_653' title='bbox 880 4667 1151 4746; x_wconf 78' lang='grc' dir='ltr'>λέγεσθαι,</span> <span class='ocrx_word' id='word_1_654' title='bbox 1210 4669 1299 4724; x_wconf 83' lang='grc' dir='ltr'><strong>καὶ</strong></span> <span class='ocrx_word' id='word_1_655' title='bbox 1355 4670 1543 4724; x_wconf 86' lang='grc' dir='ltr'>αὐτίκα</span> <span class='ocrx_word' id='word_1_656' title='bbox 1593 4671 1867 4724; x_wconf 78' lang='grc' dir='ltr'>κατανεύει</span> <span class='ocrx_word' id='word_1_657' title='bbox 1924 4671 2014 4725; x_wconf 85' lang='grc' dir='ltr'>τὸν</span> <span class='ocrx_word' id='word_1_658' title='bbox 2049 4667 2237 4747; x_wconf 85' lang='grc' dir='ltr'>Θρόνον</span> <span class='ocrx_word' id='word_1_659' title='bbox 2295 4673 2750 4745; x_wconf 80' lang='grc' dir='ltr'>παραιτήσασθαι,</span> <span class='ocrx_word' id='word_1_660' title='bbox 2794 4679 3058 4747; x_wconf 78' lang='grc' dir='ltr'>ζητοῦμεν</span> <span class='ocrx_word' id='word_1_661' title='bbox 3119 4675 3208 4730; x_wconf 84' lang='grc' dir='ltr'><strong>καὶ</strong></span> <span class='ocrx_word' id='word_1_662' title='bbox 3266 4678 3429 4746; x_wconf 67' lang='grc' dir='ltr'>ἡμεῖς</span> <span class='ocrx_word' id='word_1_663' title='bbox 3485 4675 3680 4738; x_wconf 85' lang='grc' dir='ltr'>πάντες</span> <span class='ocrx_word' id='word_1_664' title='bbox 3735 4665 3961 4753; x_wconf 65' lang='grc' dir='ltr'>ἕτοιμοι</span> 
     </span>
    </p>
   </div>
   <div class='ocr_carea' id='block_1_57' title="bbox 539 4755 3960 4839">
    <p class='ocr_par' dir='ltr' id='par_1_57' title="bbox 539 4755 3960 4839">
     <span class='ocr_line' id='line_1_57' title="bbox 539 4755 3960 4839; baseline 0.004 -28"><span class='ocrx_word' id='word_1_665' title='bbox 539 4755 590 4810; x_wconf 77' lang='grc' dir='ltr'>ἐν</span> <span class='ocrx_word' id='word_1_666' title='bbox 625 4757 850 4831; x_wconf 84' lang='grc' dir='ltr'>ὀνόματι</span> <span class='ocrx_word' id='word_1_667' title='bbox 877 4763 974 4812; x_wconf 80' lang='grc' dir='ltr'><strong>τοῦ</strong></span> <span class='ocrx_word' id='word_1_668' title='bbox 1006 4763 1240 4832; x_wconf 78' lang='grc' dir='ltr'>Χριστοῦ</span> <span class='ocrx_word' id='word_1_669' title='bbox 1270 4759 1358 4812; x_wconf 78' lang='grc' dir='ltr'><strong>καὶ</strong></span> <span class='ocrx_word' id='word_1_670' title='bbox 1392 4759 1668 4836; x_wconf 67' lang='grc' dir='ltr'>ἐγγράφως</span> <span class='ocrx_word' id='word_1_671' title='bbox 1697 4760 1785 4813; x_wconf 79' lang='grc' dir='ltr'><strong>καὶ</strong></span> <span class='ocrx_word' id='word_1_672' title='bbox 1820 4759 2098 4837; x_wconf 77' lang='grc' dir='ltr'>ἐγγράφως</span> <span class='ocrx_word' id='word_1_673' title='bbox 2126 4760 2212 4814; x_wconf 83' lang='grc' dir='ltr'><strong>καὶ</strong></span> <span class='ocrx_word' id='word_1_674' title='bbox 2245 4760 2498 4838; x_wconf 71' lang='grc' dir='ltr'>ἀγράφως</span> <span class='ocrx_word' id='word_1_675' title='bbox 2529 4761 2804 4838; x_wconf 70' lang='grc' dir='ltr'>παῤῥησίᾳ</span> <span class='ocrx_word' id='word_1_676' title='bbox 2850 4783 2908 4818; x_wconf 88' lang='grc' dir='ltr'><strong>τε</strong></span> <span class='ocrx_word' id='word_1_677' title='bbox 2954 4764 3043 4817; x_wconf 82' lang='grc' dir='ltr'><strong>καὶ</strong></span> <span class='ocrx_word' id='word_1_678' title='bbox 3094 4761 3203 4834; x_wconf 75' lang='grc' dir='ltr'>ἰδίᾳ</span> <span class='ocrx_word' id='word_1_679' title='bbox 3249 4769 3461 4836; x_wconf 79' lang='grc' dir='ltr'>τοῦτον,</span> <span class='ocrx_word' id='word_1_680' title='bbox 3496 4765 3678 4839; x_wconf 85' lang='grc' dir='ltr'>ὥσπερ</span> <span class='ocrx_word' id='word_1_681' title='bbox 3722 4765 3813 4821; x_wconf 76' lang='grc' dir='ltr'><strong>καὶ</strong></span> <span class='ocrx_word' id='word_1_682' title='bbox 3861 4769 3960 4823; x_wconf 87' lang='grc' dir='ltr'><strong>τὸν</strong></span> 
     </span>
    </p>
   </div>
   <div class='ocr_carea' id='block_1_58' title="bbox 539 4843 3958 4930">
    <p class='ocr_par' dir='ltr' id='par_1_58' title="bbox 539 4843 3958 4930">
     <span class='ocr_line' id='line_1_58' title="bbox 539 4843 3958 4930; baseline 0.004 -32"><span class='ocrx_word' id='word_1_683' title='bbox 539 4843 745 4901; x_wconf 81' lang='grc' dir='ltr'>ἅπαντα</span> <span class='ocrx_word' id='word_1_684' title='bbox 800 4847 998 4922; x_wconf 88' lang='grc' dir='ltr'>χρόνον</span> <span class='ocrx_word' id='word_1_685' title='bbox 1057 4850 1146 4919; x_wconf 69' lang='grc' dir='ltr'><strong>ἦν,</strong></span> <span class='ocrx_word' id='word_1_686' title='bbox 1179 4843 1554 4902; x_wconf 73' lang='grc' dir='ltr'>εὐσεϐέστατον</span> <span class='ocrx_word' id='word_1_687' title='bbox 1614 4849 1897 4923; x_wconf 65' lang='grc' dir='ltr'>κηρύττειν</span> <span class='ocrx_word' id='word_1_688' title='bbox 1954 4849 2042 4904; x_wconf 79' lang='grc' dir='ltr'><strong>καὶ</strong></span> <span class='ocrx_word' id='word_1_689' title='bbox 2106 4847 2544 4924; x_wconf 79' lang='grc' dir='ltr'>ὀρθοδοξότατον,</span> <span class='ocrx_word' id='word_1_690' title='bbox 2579 4851 2832 4924; x_wconf 77' lang='grc' dir='ltr'>ἐπιτιμᾷν</span> <span class='ocrx_word' id='word_1_691' title='bbox 2884 4849 2942 4906; x_wconf 74' lang='grc' dir='ltr'>δὲ</span> <span class='ocrx_word' id='word_1_692' title='bbox 2998 4854 3087 4907; x_wconf 86' lang='grc' dir='ltr'><strong>καὶ</strong></span> <span class='ocrx_word' id='word_1_693' title='bbox 3141 4859 3256 4914; x_wconf 86' lang='grc' dir='ltr'>τοῖς</span> <span class='ocrx_word' id='word_1_694' title='bbox 3314 4854 3562 4930; x_wconf 78' lang='grc' dir='ltr'>ἀφρόνως</span> <span class='ocrx_word' id='word_1_695' title='bbox 3632 4854 3723 4909; x_wconf 81' lang='grc' dir='ltr'><strong>καὶ</strong></span> <span class='ocrx_word' id='word_1_696' title='bbox 3803 4855 3958 4930; x_wconf 80' lang='grc' dir='ltr'>ἀμα-</span> 
     </span>
    </p>
   </div>
   <div class='ocr_carea' id='block_1_59' title="bbox 536 4934 2159 5014">
    <p class='ocr_par' dir='ltr' id='par_1_59' title="bbox 536 4934 2156 5012">
     <span class='ocr_line' id='line_1_59' title="bbox 536 4934 2156 5012; baseline 0.006 -26"><span class='ocrx_word' id='word_1_697' title='bbox 536 4934 645 4994; x_wconf 80' lang='grc' dir='ltr'>θῶς</span> <span class='ocrx_word' id='word_1_698' title='bbox 685 4935 799 4988; x_wconf 85' lang='grc' dir='ltr'>κατ’</span> <span class='ocrx_word' id='word_1_699' title='bbox 830 4935 993 4990; x_wconf 74' lang='grc' dir='ltr'>αὐτοῦ</span> <span class='ocrx_word' id='word_1_700' title='bbox 1026 4934 1293 5011; x_wconf 84' lang='grc' dir='ltr'>λέγουσιν.</span> <span class='ocrx_word' id='word_1_701' title='bbox 1331 4940 1644 5012; x_wconf 76' lang='lat' dir='ltr'><strong>[lucusque</strong></span> <span class='ocrx_word' id='word_1_702' title='bbox 1668 4939 1918 4994; x_wconf 84' lang='lat' dir='ltr'><strong>formula</strong></span> <span class='ocrx_word' id='word_1_703' title='bbox 1947 4940 2059 4995; x_wconf 88' lang='lat' dir='ltr'><strong>ista</strong></span> <span class='ocrx_word' id='word_1_704' title='bbox 2088 4957 2156 5012; x_wconf 91' lang='lat' dir='ltr'><strong>pr</strong></span> 
     </span>
    </p>
   </div>
   <div class='ocr_carea' id='block_1_60' title="bbox 2332 4934 3955 5014">
    <p class='ocr_par' dir='ltr' id='par_1_60' title="bbox 2332 4941 3955 5014">
     <span class='ocr_line' id='line_1_60' title="bbox 2332 4941 3955 5014; baseline 0.005 -18"><span class='ocrx_word' id='word_1_705' title='bbox 2332 4941 2497 4996; x_wconf 57' lang='lat' dir='ltr'><strong>tionis</strong></span> <span class='ocrx_word' id='word_1_706' title='bbox 2527 4959 2723 5013; x_wconf 83' lang='lat' dir='ltr'><strong>quam,</strong></span> <span class='ocrx_word' id='word_1_707' title='bbox 2755 4959 2918 5014; x_wconf 71' lang='lat' dir='ltr'><strong>aeque</strong></span> <span class='ocrx_word' id='word_1_708' title='bbox 2950 4960 3016 4999; x_wconf 92' lang='lat' dir='ltr'><strong>ac</strong></span> <span class='ocrx_word' id='word_1_709' title='bbox 3069 4943 3376 5000; x_wconf 88' lang='lat' dir='ltr'><strong>formulam</strong></span> <span class='ocrx_word' id='word_1_710' title='bbox 3428 4945 3824 5002; x_wconf 88' lang='lat' dir='ltr'><strong>abdicationis</strong></span> <span class='ocrx_word' id='word_1_711' title='bbox 3879 4949 3955 5004; x_wconf 88' lang='lat' dir='ltr'><strong>ab</strong></span> 
     </span>
    </p>
   </div>
   <div class='ocr_carea' id='block_1_61' title="bbox 536 5022 3957 5106">
    <p class='ocr_par' dir='ltr' id='par_1_61' title="bbox 536 5022 3957 5106">
     <span class='ocr_line' id='line_1_61' title="bbox 536 5022 3957 5106; baseline 0.005 -30"><span class='ocrx_word' id='word_1_712' title='bbox 536 5022 668 5092; x_wconf 89' lang='lat' dir='ltr'><strong>ipso</strong></span> <span class='ocrx_word' id='word_1_713' title='bbox 712 5023 984 5096; x_wconf 88' lang='lat' dir='ltr'><strong>Gregorio</strong></span> <span class='ocrx_word' id='word_1_714' title='bbox 1035 5027 1418 5097; x_wconf 85' lang='lat' dir='ltr'><strong>compositam</strong></span> <span class='ocrx_word' id='word_1_715' title='bbox 1471 5032 1526 5083; x_wconf 90' lang='lat' dir='ltr'><strong>et</strong></span> <span class='ocrx_word' id='word_1_716' title='bbox 1577 5028 1924 5084; x_wconf 89' lang='lat' dir='ltr'><strong>adversariis</strong></span> <span class='ocrx_word' id='word_1_717' title='bbox 1975 5029 2371 5100; x_wconf 72' lang='lat' dir='ltr'><strong>praescriptam</strong></span> <span class='ocrx_word' id='word_1_718' title='bbox 2427 5030 2608 5085; x_wconf 85' lang='lat' dir='ltr'><strong>fuisse</strong></span> <span class='ocrx_word' id='word_1_719' title='bbox 2659 5030 2946 5088; x_wconf 82' lang='lat' dir='ltr'><strong>existimo.</strong></span> <span class='ocrx_word' id='word_1_720' title='bbox 2978 5031 3283 5088; x_wconf 86' lang='lat' dir='ltr'><strong>Clauditur</strong></span> <span class='ocrx_word' id='word_1_721' title='bbox 3329 5033 3580 5106; x_wconf 86' lang='lat' dir='ltr'><strong>denique</strong></span> <span class='ocrx_word' id='word_1_722' title='bbox 3629 5039 3793 5092; x_wconf 85' lang='lat' dir='ltr'><strong>totus</strong></span> <span class='ocrx_word' id='word_1_723' title='bbox 3849 5037 3957 5095; x_wconf 87' lang='lat' dir='ltr'><strong>ille</strong></span> 
     </span>
    </p>
   </div>
   <div class='ocr_carea' id='block_1_62' title="bbox 537 5109 2160 5198">
    <p class='ocr_par' dir='ltr' id='par_1_62' title="bbox 537 5109 2132 5185">
     <span class='ocr_line' id='line_1_62' title="bbox 537 5109 2132 5185; baseline 0.003 -22"><span class='ocrx_word' id='word_1_724' title='bbox 537 5109 716 5164; x_wconf 84' lang='lat' dir='ltr'><strong>codex</strong></span> <span class='ocrx_word' id='word_1_725' title='bbox 772 5111 876 5166; x_wconf 88' lang='lat' dir='ltr'><strong>hac</strong></span> <span class='ocrx_word' id='word_1_726' title='bbox 935 5113 1407 5185; x_wconf 86' lang='lat' dir='ltr'><strong>subscriptione:</strong></span> <span class='ocrx_word' id='word_1_727' title='bbox 1442 5113 1608 5174; x_wconf 78' lang='grc' dir='ltr'>Τέλος</span> <span class='ocrx_word' id='word_1_728' title='bbox 1665 5119 1770 5168; x_wconf 82' lang='grc' dir='ltr'>τῶν</span> <span class='ocrx_word' id='word_1_729' title='bbox 1830 5113 2132 5169; x_wconf 79' lang='grc' dir='ltr'>ἐπιστολῶν</span> 
     </span>
    </p>
   </div>
   <div class='ocr_carea' id='block_1_63' title="bbox 2331 5109 3954 5198">
    <p class='ocr_par' dir='ltr' id='par_1_63' title="bbox 2345 5115 3954 5198">
     <span class='ocr_line' id='line_1_63' title="bbox 2345 5115 3954 5198; baseline 0.007 -28"><span class='ocrx_word' id='word_1_730' title='bbox 2345 5115 2394 5170; x_wconf 81' lang='grc' dir='ltr'>ἒν</span> <span class='ocrx_word' id='word_1_731' title='bbox 2457 5115 2628 5192; x_wconf 77' lang='grc' dir='ltr'>ἁγίοις</span> <span class='ocrx_word' id='word_1_732' title='bbox 2690 5120 2898 5192; x_wconf 71' lang='grc' dir='ltr'>Πατρὸς</span> <span class='ocrx_word' id='word_1_733' title='bbox 2953 5123 3112 5191; x_wconf 75' lang='grc' dir='ltr'>ἡμῶν</span> <span class='ocrx_word' id='word_1_734' title='bbox 3165 5121 3470 5195; x_wconf 87' lang='grc' dir='ltr'>Γρηγορίου</span> <span class='ocrx_word' id='word_1_735' title='bbox 3505 5122 3954 5198; x_wconf 81' lang='grc' dir='ltr'>ἀρχιεπισκόπου</span> 
     </span>
    </p>
   </div>
   <div class='ocr_carea' id='block_1_64' title="bbox 536 5198 2260 5278">
    <p class='ocr_par' dir='ltr' id='par_1_64' title="bbox 536 5198 2260 5278">
     <span class='ocr_line' id='line_1_64' title="bbox 536 5198 2260 5278; baseline 0.003 -24"><span class='ocrx_word' id='word_1_736' title='bbox 536 5198 1176 5272; x_wconf 76' lang='grc' dir='ltr'>Κωνσταντινουπόλεως,</span> <span class='ocrx_word' id='word_1_737' title='bbox 1209 5206 1305 5256; x_wconf 73' lang='grc' dir='ltr'>τοῦ</span> <span class='ocrx_word' id='word_1_738' title='bbox 1335 5203 1694 5278; x_wconf 81' lang='grc' dir='ltr'>πατριάρχου.</span> <span class='ocrx_word' id='word_1_739' title='bbox 1733 5203 1828 5257; x_wconf 85' lang='grc' dir='ltr'><strong>Καὶ</strong></span> <span class='ocrx_word' id='word_1_740' title='bbox 1858 5207 1938 5275; x_wconf 78' lang='grc' dir='ltr'><strong>τῷ</strong></span> <span class='ocrx_word' id='word_1_741' title='bbox 1969 5207 2084 5276; x_wconf 76' lang='grc' dir='ltr'><strong>Θεῷ</strong></span> <span class='ocrx_word' id='word_1_742' title='bbox 2115 5201 2260 5273; x_wconf 83' lang='grc' dir='ltr'>δόξα.</span> 
     </span>
    </p>
   </div>
  </div>
