  <div class='ocr_page' id='page_1' title='image "/cluster/home/n/w/nwhite01/storage/ocr_20150623/142/mdp.39015078384792/224.png"; bbox 0 0 4110 6422; ppageno 0'>
   <div class='ocr_carea' id='block_1_1' title="bbox 1500 514 2232 582">
    <p class='ocr_par' dir='ltr' id='par_1_1' title="bbox 1500 514 2232 582">
     <span class='ocr_line' id='line_1_1' title="bbox 1500 514 2232 582; baseline -0.005 -3"><span class='ocrx_word' id='word_1_1' title='bbox 1500 516 1917 582; x_wconf 80' lang='lat' dir='ltr'><strong>ENCOMIUM</strong></span> <span class='ocrx_word' id='word_1_2' title='bbox 1960 514 2232 579; x_wconf 76' lang='lat' dir='ltr'><strong>MARIS.</strong></span> 
     </span>
    </p>
   </div>
   <div class='ocr_carea' id='block_1_2' title="bbox 3453 512 3572 574">
    <p class='ocr_par' dir='ltr' id='par_1_2' title="bbox 3453 512 3572 574">
     <span class='ocr_line' id='line_1_2' title="bbox 3453 512 3572 574; baseline -0.017 0"><span class='ocrx_word' id='word_1_3' title='bbox 3453 512 3572 574; x_wconf 75' lang='grc'><strong>434</strong></span> 
     </span>
    </p>
   </div>
   <div class='ocr_carea' id='block_1_3' title="bbox 832 803 2877 911">
    <p class='ocr_par' dir='ltr' id='par_1_3' title="bbox 832 803 2877 911">
     <span class='ocr_line' id='line_1_3' title="bbox 832 803 2877 911; baseline -0.002 -1"><span class='ocrx_word' id='word_1_4' title='bbox 832 803 1464 911; x_wconf 81' lang='lat' dir='ltr'><strong>GEORGII</strong></span> <span class='ocrx_word' id='word_1_5' title='bbox 1562 815 2041 910; x_wconf 78' lang='lat' dir='ltr'><strong>CYPRII</strong></span> <span class='ocrx_word' id='word_1_6' title='bbox 2137 812 2877 908; x_wconf 70' lang='lat' dir='ltr'><strong>EPISTOLIE</strong></span> 
     </span>
    </p>
   </div>
   <div class='ocr_carea' id='block_1_4' title="bbox 1838 1030 1881 1085">
    <p class='ocr_par' dir='ltr' id='par_1_4' title="bbox 1838 1030 1881 1085">
     <span class='ocr_line' id='line_1_4' title="bbox 1838 1030 1881 1085; baseline -0.047 0"><span class='ocrx_word' id='word_1_7' title='bbox 1838 1030 1881 1085; x_wconf 94' lang='grc' dir='ltr'><strong>Ι.</strong></span> 
     </span>
    </p>
   </div>
   <div class='ocr_carea' id='block_1_5' title="bbox 1460 1142 2261 1202">
    <p class='ocr_par' dir='ltr' id='par_1_5' title="bbox 1460 1142 2261 1202">
     <span class='ocr_line' id='line_1_5' title="bbox 1460 1142 2261 1202; baseline -0.004 0"><span class='ocrx_word' id='word_1_8' title='bbox 1460 1145 1804 1202; x_wconf 75' lang='lat' dir='ltr'><strong>EPISTOLA</strong></span> <span class='ocrx_word' id='word_1_9' title='bbox 1842 1146 1938 1200; x_wconf 80' lang='lat' dir='ltr'><strong>AD</strong></span> <span class='ocrx_word' id='word_1_10' title='bbox 1973 1142 2261 1201; x_wconf 86' lang='lat' dir='ltr'><strong>AMICUM</strong></span> 
     </span>
    </p>
   </div>
   <div class='ocr_carea' id='block_1_6' title="bbox 1540 1258 2189 1334">
    <p class='ocr_par' dir='ltr' id='par_1_6' title="bbox 1540 1258 2189 1334">
     <span class='ocr_line' id='line_1_6' title="bbox 1540 1258 2189 1334; baseline -0.005 -17"><span class='ocrx_word' id='word_1_11' title='bbox 1540 1260 1687 1318; x_wconf 85' lang='lat' dir='ltr'><strong>Vide</strong></span> <span class='ocrx_word' id='word_1_12' title='bbox 1714 1277 1896 1334; x_wconf 91' lang='lat' dir='ltr'><strong>supra</strong></span> <span class='ocrx_word' id='word_1_13' title='bbox 1923 1258 2033 1317; x_wconf 90' lang='lat' dir='ltr'><strong>col.</strong></span> <span class='ocrx_word' id='word_1_14' title='bbox 2067 1260 2189 1315; x_wconf 83' lang='grc'><strong>125.</strong></span> 
     </span>
    </p>
   </div>
   <div class='ocr_carea' id='block_1_7' title="bbox 1822 1422 1893 1475">
    <p class='ocr_par' dir='ltr' id='par_1_7' title="bbox 1822 1422 1893 1475">
     <span class='ocr_line' id='line_1_7' title="bbox 1822 1422 1893 1475; baseline 0.014 -1"><span class='ocrx_word' id='word_1_15' title='bbox 1822 1422 1893 1475; x_wconf 85' lang='grc' dir='ltr'><strong>ΙΙ.</strong></span> 
     </span>
    </p>
   </div>
   <div class='ocr_carea' id='block_1_8' title="bbox 1260 1536 2454 1596">
    <p class='ocr_par' dir='ltr' id='par_1_8' title="bbox 1260 1536 2454 1596">
     <span class='ocr_line' id='line_1_8' title="bbox 1260 1536 2454 1596; baseline -0.003 -2"><span class='ocrx_word' id='word_1_16' title='bbox 1260 1537 1608 1596; x_wconf 79' lang='lat' dir='ltr'><strong>EPISTOLA</strong></span> <span class='ocrx_word' id='word_1_17' title='bbox 1644 1539 1739 1595; x_wconf 85' lang='lat' dir='ltr'><strong>AD</strong></span> <span class='ocrx_word' id='word_1_18' title='bbox 1776 1536 2254 1595; x_wconf 83' lang='lat' dir='ltr'><strong>ANDRONICUM</strong></span> <span class='ocrx_word' id='word_1_19' title='bbox 2306 1536 2454 1592; x_wconf 87' lang='lat' dir='ltr'><strong>IMP.</strong></span> 
     </span>
    </p>
   </div>
   <div class='ocr_carea' id='block_1_9' title="bbox 1508 1668 2179 1745">
    <p class='ocr_par' dir='ltr' id='par_1_9' title="bbox 1508 1668 2179 1745">
     <span class='ocr_line' id='line_1_9' title="bbox 1508 1668 2179 1745; baseline -0.001 -20"><span class='ocrx_word' id='word_1_20' title='bbox 1508 1668 1685 1728; x_wconf 70' lang='lat' dir='ltr'><strong>&#39;Vide</strong></span> <span class='ocrx_word' id='word_1_21' title='bbox 1714 1688 1895 1745; x_wconf 98' lang='lat' dir='ltr'><strong>supra</strong></span> <span class='ocrx_word' id='word_1_22' title='bbox 1923 1669 2031 1728; x_wconf 91' lang='lat' dir='ltr'><strong>col.</strong></span> <span class='ocrx_word' id='word_1_23' title='bbox 2053 1671 2179 1725; x_wconf 86' lang='lat'><strong>267.</strong></span> 
     </span>
    </p>
   </div>
   <div class='ocr_carea' id='block_1_10' title="bbox 947 1987 2778 2042">
    <p class='ocr_par' dir='ltr' id='par_1_10' title="bbox 947 1987 2778 2042">
     <span class='ocr_line' id='line_1_10' title="bbox 947 1987 2778 2042; baseline -0.001 -3"><span class='ocrx_word' id='word_1_24' title='bbox 947 1988 1069 2039; x_wconf 88' lang='grc' dir='ltr'><strong>ΤΟΥ</strong></span> <span class='ocrx_word' id='word_1_25' title='bbox 1106 1988 1480 2040; x_wconf 78' lang='grc' dir='ltr'><strong>ΛΓΙΩΤΔΤΟΥ</strong></span> <span class='ocrx_word' id='word_1_26' title='bbox 1515 1987 1947 2042; x_wconf 80' lang='grc' dir='ltr'><strong>ΠΑΤΡΙΑΡΧΟΥ</strong></span> <span class='ocrx_word' id='word_1_27' title='bbox 1983 1988 2778 2039; x_wconf 82' lang='grc' dir='ltr'><strong>ΚΩΝΣΥΔΝΥΙΝΟΥΠΟΛΕΩΣ</strong></span> 
     </span>
    </p>
   </div>
   <div class='ocr_carea' id='block_1_11' title="bbox 420 2176 3312 2310">
    <p class='ocr_par' dir='ltr' id='par_1_11' title="bbox 420 2176 3312 2310">
     <span class='ocr_line' id='line_1_11' title="bbox 420 2176 3312 2310; baseline -0.002 -1"><span class='ocrx_word' id='word_1_28' title='bbox 420 2179 1007 2310; x_wconf 86' lang='grc' dir='ltr'>ΚΥΡΟΥ</span> <span class='ocrx_word' id='word_1_29' title='bbox 1104 2179 1968 2310; x_wconf 86' lang='grc' dir='ltr'><strong>ΓΕΩΡΓΙΟΥ</strong></span> <span class='ocrx_word' id='word_1_30' title='bbox 2066 2179 2413 2309; x_wconf 87' lang='grc' dir='ltr'><strong>ΤΟΥ</strong></span> <span class='ocrx_word' id='word_1_31' title='bbox 2522 2176 3312 2306; x_wconf 86' lang='grc' dir='ltr'><strong>ΚΥΠΡΙΟΥ</strong></span> 
     </span>
    </p>
   </div>
   <div class='ocr_carea' id='block_1_12' title="bbox 801 2460 1781 2561">
    <p class='ocr_par' dir='ltr' id='par_1_12' title="bbox 801 2460 1781 2561">
     <span class='ocr_line' id='line_1_12' title="bbox 801 2460 1781 2561; baseline 0 -2"><span class='ocrx_word' id='word_1_32' title='bbox 801 2460 1464 2561; x_wconf 86' lang='grc' dir='ltr'><strong>ΕΓΚΩΜΙΟΝ</strong></span> <span class='ocrx_word' id='word_1_33' title='bbox 1582 2465 1781 2560; x_wconf 87' lang='grc' dir='ltr'><strong>ΕΙΣ</strong></span> 
     </span>
    </p>
   </div>
   <div class='ocr_carea' id='block_1_13' title="bbox 1891 2464 2149 2559">
    <p class='ocr_par' dir='ltr' id='par_1_13' title="bbox 1891 2464 2149 2559">
     <span class='ocr_line' id='line_1_13' title="bbox 1891 2464 2149 2559; baseline 0.004 -1"><span class='ocrx_word' id='word_1_34' title='bbox 1891 2464 2149 2559; x_wconf 91' lang='grc' dir='ltr'>ΤΗΝ</span> 
     </span>
    </p>
   </div>
   <div class='ocr_carea' id='block_1_14' title="bbox 2258 2461 2913 2560">
    <p class='ocr_par' dir='ltr' id='par_1_14' title="bbox 2258 2461 2913 2560">
     <span class='ocr_line' id='line_1_14' title="bbox 2258 2461 2913 2560; baseline -0.005 0"><span class='ocrx_word' id='word_1_35' title='bbox 2258 2461 2913 2560; x_wconf 82' lang='grc' dir='ltr'><strong>ΘΑΛΑΣΣΑΝ</strong></span> 
     </span>
    </p>
   </div>
   <div class='ocr_carea' id='block_1_15' title="bbox 1744 2679 1985 2736">
    <p class='ocr_par' dir='ltr' id='par_1_15' title="bbox 1744 2679 1985 2736">
     <span class='ocr_line' id='line_1_15' title="bbox 1744 2679 1985 2736; baseline 0 -3"><span class='ocrx_word' id='word_1_36' title='bbox 1744 2679 1985 2736; x_wconf 86' lang='grc' dir='ltr'><strong>ΕΙΤΟΥΝ</strong></span> 
     </span>
    </p>
   </div>
   <div class='ocr_carea' id='block_1_16' title="bbox 1096 2821 2632 2879">
    <p class='ocr_par' dir='ltr' id='par_1_16' title="bbox 1096 2821 2632 2879">
     <span class='ocr_line' id='line_1_16' title="bbox 1096 2821 2632 2879; baseline 0.001 -3"><span class='ocrx_word' id='word_1_37' title='bbox 1096 2825 1212 2877; x_wconf 76' lang='grc' dir='ltr'><strong>ΕΙΣ</strong></span> <span class='ocrx_word' id='word_1_38' title='bbox 1250 2821 1389 2879; x_wconf 83' lang='grc' dir='ltr'><strong>ΤΗΝ</strong></span> <span class='ocrx_word' id='word_1_39' title='bbox 1424 2825 1548 2876; x_wconf 85' lang='grc' dir='ltr'><strong>ΤΟΥ</strong></span> <span class='ocrx_word' id='word_1_40' title='bbox 1586 2824 1898 2876; x_wconf 84' lang='grc' dir='ltr'><strong>ΚΔΘΟΛΟΥ</strong></span> <span class='ocrx_word' id='word_1_41' title='bbox 1934 2825 2059 2875; x_wconf 86' lang='grc' dir='ltr'><strong>ΤΟΥ</strong></span> <span class='ocrx_word' id='word_1_42' title='bbox 2096 2824 2357 2878; x_wconf 79' lang='grc' dir='ltr'><strong>ΥΔΑΤΟΣ</strong></span> <span class='ocrx_word' id='word_1_43' title='bbox 2398 2824 2632 2877; x_wconf 78' lang='grc' dir='ltr'><strong>ΦΥΣΙΝ.</strong></span> 
     </span>
    </p>
   </div>
   <div class='ocr_carea' id='block_1_17' title="bbox 1833 2999 1912 3011">
    <p class='ocr_par' dir='ltr' id='par_1_17' title="bbox 1833 2999 1912 3011">
     <span class='ocr_line' id='line_1_17' title="bbox 1833 2999 1912 3011; baseline 0.025 -2"><span class='ocrx_word' id='word_1_44' title='bbox 1833 2999 1912 3011; x_wconf 70' lang='grc'><strong>..-</strong></span> 
     </span>
    </p>
   </div>
   <div class='ocr_carea' id='block_1_18' title="bbox 1190 3130 2530 3173">
    <p class='ocr_par' dir='ltr' id='par_1_18' title="bbox 1190 3130 2530 3173">
     <span class='ocr_line' id='line_1_18' title="bbox 1190 3130 2530 3173; baseline -0.001 -2"><span class='ocrx_word' id='word_1_45' title='bbox 1190 3130 1546 3172; x_wconf 65' lang='grc' dir='ltr'>εΑΝσιδιεειΜι</span> <span class='ocrx_word' id='word_1_46' title='bbox 1583 3131 1944 3173; x_wconf 69' lang='grc' dir='ltr'><strong>ΡΔΤΒΙΔΒΟΗΛΕ</strong></span> <span class='ocrx_word' id='word_1_47' title='bbox 1978 3130 2530 3172; x_wconf 76' lang='lat' dir='ltr'><strong>CONSTANTINOPOLIS</strong></span> 
     </span>
    </p>
   </div>
   <div class='ocr_carea' id='block_1_19' title="bbox 577 3257 3141 3477">
    <p class='ocr_par' dir='ltr' id='par_1_19' title="bbox 577 3257 3141 3477">
     <span class='ocr_line' id='line_1_19' title="bbox 577 3257 3141 3477; baseline -0.009 0"><span class='ocrx_word' id='word_1_48' title='bbox 577 3306 1333 3477; x_wconf 87' lang='lat' dir='ltr'><strong>DOMINI</strong></span> <span class='ocrx_word' id='word_1_49' title='bbox 1482 3306 2316 3459; x_wconf 77' lang='lat' dir='ltr'><strong>GEORGII</strong></span> <span class='ocrx_word' id='word_1_50' title='bbox 2451 3257 3141 3459; x_wconf 82' lang='lat' dir='ltr'>CYPRII</span> 
     </span>
    </p>
   </div>
   <div class='ocr_carea' id='block_1_20' title="bbox 1300 3584 2430 3681">
    <p class='ocr_par' dir='ltr' id='par_1_20' title="bbox 1300 3584 2430 3681">
     <span class='ocr_line' id='line_1_20' title="bbox 1300 3584 2430 3681; baseline -0.001 -2"><span class='ocrx_word' id='word_1_51' title='bbox 1300 3585 1469 3681; x_wconf 94' lang='lat' dir='ltr'><strong>EN</strong></span> <span class='ocrx_word' id='word_1_52' title='bbox 1478 3584 1975 3681; x_wconf 88' lang='lat' dir='ltr'><strong>COMIUM</strong></span> <span class='ocrx_word' id='word_1_53' title='bbox 2044 3585 2430 3679; x_wconf 85' lang='lat' dir='ltr'><strong>MARIS</strong></span> 
     </span>
    </p>
   </div>
   <div class='ocr_carea' id='block_1_21' title="bbox 1798 3798 1919 3837">
    <p class='ocr_par' dir='ltr' id='par_1_21' title="bbox 1798 3798 1919 3837">
     <span class='ocr_line' id='line_1_21' title="bbox 1798 3798 1919 3837; baseline 0.008 -1"><span class='ocrx_word' id='word_1_54' title='bbox 1798 3798 1919 3837; x_wconf 81' lang='lat' dir='ltr'><strong>SIVE</strong></span> 
     </span>
    </p>
   </div>
   <div class='ocr_carea' id='block_1_22' title="bbox 1337 3922 2391 3993">
    <p class='ocr_par' dir='ltr' id='par_1_22' title="bbox 1337 3922 2391 3993">
     <span class='ocr_line' id='line_1_22' title="bbox 1337 3922 2391 3993; baseline -0.001 -14"><span class='ocrx_word' id='word_1_55' title='bbox 1337 3922 1441 3979; x_wconf 88' lang='lat' dir='ltr'><strong>DE</strong></span> <span class='ocrx_word' id='word_1_56' title='bbox 1490 3923 1810 3982; x_wconf 82' lang='lat' dir='ltr'><strong>UNIVERSA</strong></span> <span class='ocrx_word' id='word_1_57' title='bbox 1871 3924 2074 3993; x_wconf 67' lang='lat' dir='ltr'><strong>AQUA&#39;.‘</strong></span> <span class='ocrx_word' id='word_1_58' title='bbox 2109 3924 2391 3983; x_wconf 81' lang='lat' dir='ltr'><strong>NATURA.</strong></span> 
     </span>
    </p>
   </div>
   <div class='ocr_carea' id='block_1_23' title="bbox 1198 4065 2519 4139">
    <p class='ocr_par' dir='ltr' id='par_1_23' title="bbox 1198 4065 2519 4139">
     <span class='ocr_line' id='line_1_23' title="bbox 1198 4065 2519 4139; baseline 0 -17"><span class='ocrx_word' id='word_1_59' title='bbox 1198 4066 1620 4139; x_wconf 75' lang='lat' dir='ltr'><strong>(Franequeraa,</strong></span> <span class='ocrx_word' id='word_1_60' title='bbox 1653 4066 1811 4137; x_wconf 83' lang='lat'><strong>1797,</strong></span> <span class='ocrx_word' id='word_1_61' title='bbox 1843 4082 1914 4123; x_wconf 79' lang='lat' dir='ltr'><strong>ex</strong></span> <span class='ocrx_word' id='word_1_62' title='bbox 1940 4067 2033 4123; x_wconf 90' lang='lat' dir='ltr'><strong>ed.</strong></span> <span class='ocrx_word' id='word_1_63' title='bbox 2067 4067 2202 4123; x_wconf 85' lang='lat' dir='ltr'><strong>Fed.</strong></span> <span class='ocrx_word' id='word_1_64' title='bbox 2250 4065 2519 4139; x_wconf 87' lang='lat' dir='ltr'><strong>Morelli.)</strong></span> 
     </span>
    </p>
   </div>
   <div class='ocr_carea' id='block_1_24' title="bbox 239 4349 1807 4434">
    <p class='ocr_par' dir='ltr' id='par_1_24' title="bbox 239 4349 1800 4434">
     <span class='ocr_line' id='line_1_24' title="bbox 239 4349 1800 4434; baseline 0.003 -28"><span class='ocrx_word' id='word_1_65' title='bbox 239 4349 526 4425; x_wconf 77' lang='grc' dir='ltr'>Θαυμάζειν</span> <span class='ocrx_word' id='word_1_66' title='bbox 591 4352 687 4426; x_wconf 78' lang='grc' dir='ltr'><strong>μὶν</strong></span> <span class='ocrx_word' id='word_1_67' title='bbox 743 4356 850 4407; x_wconf 80' lang='grc' dir='ltr'>τῶν</span> <span class='ocrx_word' id='word_1_68' title='bbox 923 4353 1257 4429; x_wconf 82' lang='grc' dir='ltr'><strong>πραγμάτων</strong></span> <span class='ocrx_word' id='word_1_69' title='bbox 1327 4354 1499 4410; x_wconf 84' lang='grc' dir='ltr'>ὁπόσα</span> <span class='ocrx_word' id='word_1_70' title='bbox 1556 4354 1800 4434; x_wconf 78' lang='grc' dir='ltr'><strong>ὑπερφυῆ</strong></span> 
     </span>
    </p>
   </div>
   <div class='ocr_carea' id='block_1_25' title="bbox 1918 4349 3578 4434">
    <p class='ocr_par' dir='ltr' id='par_1_25' title="bbox 1990 4352 3578 4430">
     <span class='ocr_line' id='line_1_25' title="bbox 1990 4352 3578 4430; baseline -0.001 -20"><span class='ocrx_word' id='word_1_71' title='bbox 1990 4355 2286 4412; x_wconf 85' lang='lat' dir='ltr'><strong>Admirari</strong></span> <span class='ocrx_word' id='word_1_72' title='bbox 2316 4356 2588 4428; x_wconf 86' lang='lat' dir='ltr'><strong>equidem</strong></span> <span class='ocrx_word' id='word_1_73' title='bbox 2619 4372 2715 4413; x_wconf 90' lang='lat' dir='ltr'><strong>res</strong></span> <span class='ocrx_word' id='word_1_74' title='bbox 2735 4371 3115 4428; x_wconf 84' lang='lat' dir='ltr'><strong>quascunque</strong></span> <span class='ocrx_word' id='word_1_75' title='bbox 3161 4356 3374 4411; x_wconf 83' lang='lat' dir='ltr'><strong>natura</strong></span> <span class='ocrx_word' id='word_1_76' title='bbox 3417 4352 3578 4430; x_wconf 32' lang='lat' dir='ltr'><strong>insi:</strong></span> 
     </span>
    </p>
   </div>
   <div class='ocr_carea' id='block_1_26' title="bbox 178 4437 1806 4521">
    <p class='ocr_par' dir='ltr' id='par_1_26' title="bbox 178 4437 1806 4521">
     <span class='ocr_line' id='line_1_26' title="bbox 178 4437 1806 4521; baseline 0.003 -30"><span class='ocrx_word' id='word_1_77' title='bbox 178 4437 255 4492; x_wconf 78' lang='grc' dir='ltr'>καὶ</span> <span class='ocrx_word' id='word_1_78' title='bbox 308 4440 517 4517; x_wconf 73' lang='grc' dir='ltr'>μεγάλα</span> <span class='ocrx_word' id='word_1_79' title='bbox 576 4440 639 4498; x_wconf 77' lang='grc' dir='ltr'><strong>οὗ</strong></span> <span class='ocrx_word' id='word_1_80' title='bbox 702 4438 919 4497; x_wconf 76' lang='grc' dir='ltr'>πολλοῦ</span> <span class='ocrx_word' id='word_1_81' title='bbox 973 4463 1118 4504; x_wconf 90' lang='grc' dir='ltr'>τινος</span> <span class='ocrx_word' id='word_1_82' title='bbox 1174 4438 1337 4519; x_wconf 81' lang='grc' dir='ltr'><strong>ἔργου</strong></span> <span class='ocrx_word' id='word_1_83' title='bbox 1398 4441 1639 4521; x_wconf 73' lang='grc' dir='ltr'>φαίνεται</span> <span class='ocrx_word' id='word_1_84' title='bbox 1699 4443 1757 4498; x_wconf 73' lang='grc' dir='ltr'><strong>’ὸν</strong></span> <span class='ocrx_word' id='word_1_85' title='bbox 1793 4489 1806 4515; x_wconf 83' lang='grc'><em>,</em></span> 
     </span>
    </p>
   </div>
   <div class='ocr_carea' id='block_1_27' title="bbox 184 4524 1807 4608">
    <p class='ocr_par' dir='ltr' id='par_1_27' title="bbox 184 4524 1807 4608">
     <span class='ocr_line' id='line_1_27' title="bbox 184 4524 1807 4608; baseline 0.005 -29"><span class='ocrx_word' id='word_1_86' title='bbox 184 4524 347 4591; x_wconf 76' lang='grc' dir='ltr'>εἴτις</span> <span class='ocrx_word' id='word_1_87' title='bbox 395 4526 558 4586; x_wconf 77' lang='grc' dir='ltr'>τοῦτό</span> <span class='ocrx_word' id='word_1_88' title='bbox 616 4551 680 4605; x_wconf 90' lang='grc' dir='ltr'>γε</span> <span class='ocrx_word' id='word_1_89' title='bbox 740 4530 904 4603; x_wconf 88' lang='grc' dir='ltr'>μόνον</span> <span class='ocrx_word' id='word_1_90' title='bbox 962 4537 1137 4587; x_wconf 78' lang='grc' dir='ltr'>ποιεῖν</span> <span class='ocrx_word' id='word_1_91' title='bbox 1204 4528 1459 4608; x_wconf 77' lang='grc' dir='ltr'>βούλεται</span> <span class='ocrx_word' id='word_1_92' title='bbox 1529 4532 1807 4606; x_wconf 80' lang='grc' dir='ltr'><strong>ἱστάμενος</strong></span> 
     </span>
    </p>
   </div>
   <div class='ocr_carea' id='block_1_28' title="bbox 185 4613 1810 4695">
    <p class='ocr_par' dir='ltr' id='par_1_28' title="bbox 185 4613 1810 4695">
     <span class='ocr_line' id='line_1_28' title="bbox 185 4613 1810 4695; baseline 0.003 -25"><span class='ocrx_word' id='word_1_93' title='bbox 185 4613 397 4692; x_wconf 54' lang='grc' dir='ltr'><strong>ἅψωνος·</strong></span> <span class='ocrx_word' id='word_1_94' title='bbox 498 4618 724 4695; x_wconf 82' lang='grc' dir='ltr'>ἀπόχρη</span> <span class='ocrx_word' id='word_1_95' title='bbox 820 4620 924 4695; x_wconf 76' lang='grc' dir='ltr'>γάρ</span> <span class='ocrx_word' id='word_1_96' title='bbox 1023 4620 1369 4685; x_wconf 58' lang='grc' dir='ltr'>αἷωανθέντα</span> <span class='ocrx_word' id='word_1_97' title='bbox 1474 4622 1549 4684; x_wconf 70' lang='grc' dir='ltr'>εἷς</span> <span class='ocrx_word' id='word_1_98' title='bbox 1632 4623 1810 4695; x_wconf 75' lang='grc' dir='ltr'>θαῦμα</span> 
     </span>
    </p>
   </div>
   <div class='ocr_carea' id='block_1_29' title="bbox 182 4704 1808 4785">
    <p class='ocr_par' dir='ltr' id='par_1_29' title="bbox 182 4704 1808 4785">
     <span class='ocr_line' id='line_1_29' title="bbox 182 4704 1808 4785; baseline 0.004 -29"><span class='ocrx_word' id='word_1_99' title='bbox 182 4704 372 4777; x_wconf 72' lang='grc' dir='ltr'>τρέπειν</span> <span class='ocrx_word' id='word_1_100' title='bbox 424 4709 525 4776; x_wconf 79' lang='grc' dir='ltr'>τὴν</span> <span class='ocrx_word' id='word_1_101' title='bbox 558 4704 824 4777; x_wconf 73' lang='grc' dir='ltr'>αἴσθησινο</span> <span class='ocrx_word' id='word_1_102' title='bbox 885 4728 946 4762; x_wconf 89' lang='grc' dir='ltr'>αν</span> <span class='ocrx_word' id='word_1_103' title='bbox 1002 4704 1061 4763; x_wconf 71' lang='grc' dir='ltr'><strong>δὲ</strong></span> <span class='ocrx_word' id='word_1_104' title='bbox 1089 4708 1180 4763; x_wconf 79' lang='grc' dir='ltr'><strong>καὶ</strong></span> <span class='ocrx_word' id='word_1_105' title='bbox 1212 4708 1363 4785; x_wconf 82' lang='grc' dir='ltr'>λόγῳ</span> <span class='ocrx_word' id='word_1_106' title='bbox 1408 4730 1493 4772; x_wconf 87' lang='grc' dir='ltr'><strong>τις</strong></span> <span class='ocrx_word' id='word_1_107' title='bbox 1542 4717 1808 4780; x_wconf 72' lang='grc' dir='ltr'><strong>σκοπῆται</strong></span> 
     </span>
    </p>
   </div>
   <div class='ocr_carea' id='block_1_30' title="bbox 155 4789 1810 4873">
    <p class='ocr_par' dir='ltr' id='par_1_30' title="bbox 155 4789 1810 4873">
     <span class='ocr_line' id='line_1_30' title="bbox 155 4789 1810 4873; baseline 0.005 -28"><span class='ocrx_word' id='word_1_108' title='bbox 155 4794 278 4846; x_wconf 79' lang='grc' dir='ltr'>’τῶν</span> <span class='ocrx_word' id='word_1_109' title='bbox 301 4794 557 4852; x_wconf 79' lang='grc' dir='ltr'><strong>τοιούτων</strong></span> <span class='ocrx_word' id='word_1_110' title='bbox 611 4793 756 4867; x_wconf 76' lang='grc' dir='ltr'>ἄξιον</span> <span class='ocrx_word' id='word_1_111' title='bbox 807 4796 974 4852; x_wconf 82' lang='grc' dir='ltr'>εἰπεῖν</span> <span class='ocrx_word' id='word_1_112' title='bbox 1021 4818 1075 4852; x_wconf 87' lang='grc' dir='ltr'><strong>τι</strong></span> <span class='ocrx_word' id='word_1_113' title='bbox 1112 4797 1223 4852; x_wconf 56' lang='grc' dir='ltr'><strong>καὶ.</strong></span> <span class='ocrx_word' id='word_1_114' title='bbox 1254 4795 1632 4873; x_wconf 75' lang='grc' dir='ltr'>διηγήσασθαι,</span> <span class='ocrx_word' id='word_1_115' title='bbox 1662 4789 1810 4853; x_wconf 79' lang='grc' dir='ltr'>τοῦτ’</span> 
     </span>
    </p>
   </div>
   <div class='ocr_carea' id='block_1_31' title="bbox 185 4877 1809 4964">
    <p class='ocr_par' dir='ltr' id='par_1_31' title="bbox 185 4877 1809 4964">
     <span class='ocr_line' id='line_1_31' title="bbox 185 4877 1809 4964; baseline 0.003 -27"><span class='ocrx_word' id='word_1_116' title='bbox 312 4887 406 4939; x_wconf 75' lang='grc' dir='ltr'><strong>τοῦ</strong></span> <span class='ocrx_word' id='word_1_117' title='bbox 450 4884 650 4947; x_wconf 86' lang='grc' dir='ltr'>παντὸς</span> <span class='ocrx_word' id='word_1_118' title='bbox 700 4882 1094 4963; x_wconf 69' lang='grc' dir='ltr'><strong>ἐργωδέστερον</strong></span> <span class='ocrx_word' id='word_1_119' title='bbox 1131 4930 1143 4942; x_wconf 95' lang='grc'><em>.</em></span> <span class='ocrx_word' id='word_1_120' title='bbox 1176 4891 1509 4964; x_wconf 78' lang='grc' dir='ltr'>’Δφαιρεῖται</span> <span class='ocrx_word' id='word_1_121' title='bbox 1558 4887 1659 4963; x_wconf 73' lang='grc' dir='ltr'><strong>γὰρ</strong></span> <span class='ocrx_word' id='word_1_122' title='bbox 1712 4886 1809 4942; x_wconf 86' lang='grc' dir='ltr'>λό-</span> 
     </span>
    </p>
   </div>
   <div class='ocr_carea' id='block_1_32' title="bbox 182 4970 1809 5053">
    <p class='ocr_par' dir='ltr' id='par_1_32' title="bbox 182 4970 1809 5053">
     <span class='ocr_line' id='line_1_32' title="bbox 182 4970 1809 5053; baseline 0.004 -29"><span class='ocrx_word' id='word_1_123' title='bbox 182 4989 277 5044; x_wconf 80' lang='grc' dir='ltr'>γων</span> <span class='ocrx_word' id='word_1_124' title='bbox 332 4970 488 5050; x_wconf 75' lang='grc' dir='ltr'>ἰσχὺν</span> <span class='ocrx_word' id='word_1_125' title='bbox 537 4976 647 5027; x_wconf 83' lang='grc' dir='ltr'>τῶν</span> <span class='ocrx_word' id='word_1_126' title='bbox 699 4974 986 5047; x_wconf 77' lang='grc' dir='ltr'>θαυμάτων</span> <span class='ocrx_word' id='word_1_127' title='bbox 1032 4976 1068 5044; x_wconf 76' lang='grc' dir='ltr'><strong>ἡ</strong></span> <span class='ocrx_word' id='word_1_128' title='bbox 1114 4972 1289 5053; x_wconf 77' lang='grc' dir='ltr'>φύσις,</span> <span class='ocrx_word' id='word_1_129' title='bbox 1338 4975 1428 5030; x_wconf 80' lang='grc' dir='ltr'><strong>καὶ</strong></span> <span class='ocrx_word' id='word_1_130' title='bbox 1478 4972 1588 5048; x_wconf 77' lang='grc' dir='ltr'><strong>ὅσῳ</strong></span> <span class='ocrx_word' id='word_1_131' title='bbox 1642 4980 1809 5031; x_wconf 68' lang='grc' dir='ltr'>ταῦτα</span> 
     </span>
    </p>
   </div>
   <div class='ocr_carea' id='block_1_33' title="bbox 179 5058 1803 5140">
    <p class='ocr_par' dir='ltr' id='par_1_33' title="bbox 179 5058 1803 5140">
     <span class='ocr_line' id='line_1_33' title="bbox 179 5058 1803 5140; baseline 0.005 -29"><span class='ocrx_word' id='word_1_132' title='bbox 179 5063 284 5122; x_wconf 82' lang='grc' dir='ltr'>τοῖς</span> <span class='ocrx_word' id='word_1_133' title='bbox 321 5058 728 5140; x_wconf 73' lang='grc' dir='ltr'>ἐντυγχάνουσιν</span> <span class='ocrx_word' id='word_1_134' title='bbox 776 5059 1058 5135; x_wconf 81' lang='grc' dir='ltr'>ἔκπληξις,</span> <span class='ocrx_word' id='word_1_135' title='bbox 1108 5063 1355 5137; x_wconf 80' lang='grc' dir='ltr'>τοσούτῳ</span> <span class='ocrx_word' id='word_1_136' title='bbox 1406 5062 1615 5137; x_wconf 77' lang='grc' dir='ltr'>μᾶλλον</span> <span class='ocrx_word' id='word_1_137' title='bbox 1670 5064 1803 5119; x_wconf 89' lang='grc' dir='ltr'>ἀπο-</span> 
     </span>
    </p>
   </div>
   <div class='ocr_carea' id='block_1_34' title="bbox 183 5145 1804 5227">
    <p class='ocr_par' dir='ltr' id='par_1_34' title="bbox 183 5145 1804 5227">
     <span class='ocr_line' id='line_1_34' title="bbox 183 5145 1804 5227; baseline 0.002 -24"><span class='ocrx_word' id='word_1_138' title='bbox 183 5145 260 5220; x_wconf 74' lang='grc' dir='ltr'>ρία</span> <span class='ocrx_word' id='word_1_139' title='bbox 305 5154 418 5213; x_wconf 82' lang='grc' dir='ltr'>τοῖς</span> <span class='ocrx_word' id='word_1_140' title='bbox 478 5150 677 5227; x_wconf 87' lang='grc' dir='ltr'>λόγοις</span> <span class='ocrx_word' id='word_1_141' title='bbox 730 5150 820 5206; x_wconf 80' lang='grc' dir='ltr'>καὶ</span> <span class='ocrx_word' id='word_1_142' title='bbox 867 5152 930 5206; x_wconf 86' lang='grc' dir='ltr'>τὸ</span> <span class='ocrx_word' id='word_1_143' title='bbox 980 5148 1253 5226; x_wconf 77' lang='grc' dir='ltr'><strong>μηδαμῶς</strong></span> <span class='ocrx_word' id='word_1_144' title='bbox 1303 5151 1514 5215; x_wconf 74' lang='grc' dir='ltr'>ἑαυτοῖς</span> <span class='ocrx_word' id='word_1_145' title='bbox 1553 5151 1804 5208; x_wconf 68' lang='grc' dir='ltr'>δύνασθαι</span> 
     </span>
    </p>
   </div>
   <div class='ocr_carea' id='block_1_35' title="bbox 182 5237 1804 5318">
    <p class='ocr_par' dir='ltr' id='par_1_35' title="bbox 182 5237 1804 5318">
     <span class='ocr_line' id='line_1_35' title="bbox 182 5237 1804 5318; baseline -0.001 -21"><span class='ocrx_word' id='word_1_146' title='bbox 182 5244 417 5312; x_wconf 75' lang='grc' dir='ltr'><strong>χρῆσθαι.</strong></span> <span class='ocrx_word' id='word_1_147' title='bbox 471 5240 567 5296; x_wconf 85' lang='grc' dir='ltr'><strong>Διὸ</strong></span> <span class='ocrx_word' id='word_1_148' title='bbox 624 5240 712 5296; x_wconf 63' lang='lat' dir='ltr'><strong>aut</strong></span> <span class='ocrx_word' id='word_1_149' title='bbox 769 5237 955 5312; x_wconf 77' lang='grc' dir='ltr'>πολλή</span> <span class='ocrx_word' id='word_1_150' title='bbox 1014 5261 1097 5303; x_wconf 90' lang='grc' dir='ltr'><strong>τις</strong></span> <span class='ocrx_word' id='word_1_151' title='bbox 1151 5241 1346 5318; x_wconf 73' lang='grc' dir='ltr'>γένοιτ’</span> <span class='ocrx_word' id='word_1_152' title='bbox 1402 5240 1460 5297; x_wconf 70' lang='grc' dir='ltr'><strong>ἂν</strong></span> <span class='ocrx_word' id='word_1_153' title='bbox 1512 5243 1804 5318; x_wconf 80' lang='grc' dir='ltr'><strong>συγγνώμη</strong></span> 
     </span>
    </p>
   </div>
   <div class='ocr_carea' id='block_1_36' title="bbox 184 5320 1810 5406">
    <p class='ocr_par' dir='ltr' id='par_1_36' title="bbox 184 5320 1810 5406">
     <span class='ocr_line' id='line_1_36' title="bbox 184 5320 1810 5406; baseline 0.004 -27"><span class='ocrx_word' id='word_1_154' title='bbox 184 5320 383 5392; x_wconf 75' lang='grc' dir='ltr'>δικαίως</span> <span class='ocrx_word' id='word_1_155' title='bbox 426 5333 546 5392; x_wconf 84' lang='grc' dir='ltr'>τοῖς</span> <span class='ocrx_word' id='word_1_156' title='bbox 593 5329 719 5403; x_wconf 79' lang='grc' dir='ltr'>περὶ</span> <span class='ocrx_word' id='word_1_157' title='bbox 764 5328 970 5385; x_wconf 76' lang='grc' dir='ltr'>τούτων</span> <span class='ocrx_word' id='word_1_158' title='bbox 1017 5328 1195 5405; x_wconf 69' lang='grc' dir='ltr'>λέγειν</span> <span class='ocrx_word' id='word_1_159' title='bbox 1226 5328 1531 5404; x_wconf 81' lang='grc' dir='ltr'>τολμῶσιν,</span> <span class='ocrx_word' id='word_1_160' title='bbox 1563 5329 1622 5385; x_wconf 77' lang='grc' dir='ltr'>ἂν</span> <span class='ocrx_word' id='word_1_161' title='bbox 1662 5331 1810 5406; x_wconf 87' lang='grc' dir='ltr'>παρά</span> 
     </span>
    </p>
   </div>
   <div class='ocr_carea' id='block_1_37' title="bbox 183 5412 1805 5495">
    <p class='ocr_par' dir='ltr' id='par_1_37' title="bbox 183 5412 1805 5495">
     <span class='ocr_line' id='line_1_37' title="bbox 183 5412 1805 5495; baseline 0.002 -24"><span class='ocrx_word' id='word_1_162' title='bbox 183 5412 304 5471; x_wconf 66' lang='grc' dir='ltr'>πολὺ</span> <span class='ocrx_word' id='word_1_163' title='bbox 347 5424 450 5488; x_wconf 84' lang='grc' dir='ltr'>τῆς</span> <span class='ocrx_word' id='word_1_164' title='bbox 505 5417 655 5489; x_wconf 77' lang='grc' dir='ltr'><strong>ἀξίας</strong></span> <span class='ocrx_word' id='word_1_165' title='bbox 711 5414 1013 5492; x_wconf 79' lang='grc' dir='ltr'>ἐλλίπωσι,</span> <span class='ocrx_word' id='word_1_166' title='bbox 1069 5419 1158 5473; x_wconf 83' lang='grc' dir='ltr'><strong>καὶ</strong></span> <span class='ocrx_word' id='word_1_167' title='bbox 1219 5417 1456 5493; x_wconf 87' lang='grc' dir='ltr'>μάλιστα</span> <span class='ocrx_word' id='word_1_168' title='bbox 1505 5420 1642 5495; x_wconf 88' lang='grc' dir='ltr'>πρὸς</span> <span class='ocrx_word' id='word_1_169' title='bbox 1698 5422 1805 5474; x_wconf 81' lang='grc' dir='ltr'><strong>τῶν</strong></span> 
     </span>
    </p>
   </div>
   <div class='ocr_carea' id='block_1_38' title="bbox 179 5502 1806 5582">
    <p class='ocr_par' dir='ltr' id='par_1_38' title="bbox 179 5502 1806 5582">
     <span class='ocr_line' id='line_1_38' title="bbox 179 5502 1806 5582; baseline 0.003 -26"><span class='ocrx_word' id='word_1_170' title='bbox 179 5509 381 5561; x_wconf 78' lang='grc' dir='ltr'>τοιαῦτα</span> <span class='ocrx_word' id='word_1_171' title='bbox 435 5502 882 5578; x_wconf 70' lang='grc' dir='ltr'>πεπαιδευμένων</span> <span class='ocrx_word' id='word_1_172' title='bbox 947 5505 1246 5582; x_wconf 82' lang='grc' dir='ltr'>ἀνθρώπων</span> <span class='ocrx_word' id='word_1_173' title='bbox 1291 5553 1306 5579; x_wconf 82' lang='grc'><em>,</em></span> <span class='ocrx_word' id='word_1_174' title='bbox 1366 5507 1479 5580; x_wconf 82' lang='grc' dir='ltr'>ὅσῳ</span> <span class='ocrx_word' id='word_1_175' title='bbox 1552 5507 1643 5563; x_wconf 76' lang='grc' dir='ltr'><strong>καὶ</strong></span> <span class='ocrx_word' id='word_1_176' title='bbox 1697 5511 1806 5563; x_wconf 83' lang='grc' dir='ltr'><strong>τῶν</strong></span> 
     </span>
    </p>
   </div>
   <div class='ocr_carea' id='block_1_39' title="bbox 1919 4443 3564 4518">
    <p class='ocr_par' dir='ltr' id='par_1_39' title="bbox 1919 4443 3564 4518">
     <span class='ocr_line' id='line_1_39' title="bbox 1919 4443 3564 4518; baseline -0.001 -18"><span class='ocrx_word' id='word_1_177' title='bbox 1919 4460 2063 4517; x_wconf 83' lang='lat' dir='ltr'><strong>gnes</strong></span> <span class='ocrx_word' id='word_1_178' title='bbox 2087 4449 2147 4500; x_wconf 90' lang='lat' dir='ltr'><strong>et</strong></span> <span class='ocrx_word' id='word_1_179' title='bbox 2177 4461 2442 4518; x_wconf 82' lang='lat' dir='ltr'><strong>magnas,</strong></span> <span class='ocrx_word' id='word_1_180' title='bbox 2474 4462 2590 4500; x_wconf 85' lang='lat' dir='ltr'><strong>non</strong></span> <span class='ocrx_word' id='word_1_181' title='bbox 2637 4445 2835 4517; x_wconf 84' lang='lat' dir='ltr'><strong>magni</strong></span> <span class='ocrx_word' id='word_1_182' title='bbox 2895 4444 3146 4516; x_wconf 84' lang='lat' dir='ltr'><strong>alicujus</strong></span> <span class='ocrx_word' id='word_1_183' title='bbox 3193 4443 3383 4515; x_wconf 88' lang='lat' dir='ltr'><strong>operis</strong></span> <span class='ocrx_word' id='word_1_184' title='bbox 3432 4458 3564 4499; x_wconf 88' lang='lat' dir='ltr'><strong>esse</strong></span> 
     </span>
    </p>
   </div>
   <div class='ocr_carea' id='block_1_40' title="bbox 1918 4530 3561 4604">
    <p class='ocr_par' dir='ltr' id='par_1_40' title="bbox 1918 4530 3561 4604">
     <span class='ocr_line' id='line_1_40' title="bbox 1918 4530 3561 4604; baseline -0.002 -15"><span class='ocrx_word' id='word_1_185' title='bbox 1918 4533 2167 4600; x_wconf 86' lang='lat' dir='ltr'><strong>videtur,</strong></span> <span class='ocrx_word' id='word_1_186' title='bbox 2218 4533 2266 4588; x_wconf 92' lang='lat' dir='ltr'><strong>si</strong></span> <span class='ocrx_word' id='word_1_187' title='bbox 2318 4533 2449 4604; x_wconf 91' lang='lat' dir='ltr'><strong>quis</strong></span> <span class='ocrx_word' id='word_1_188' title='bbox 2498 4533 2556 4589; x_wconf 87' lang='lat' dir='ltr'><strong>id</strong></span> <span class='ocrx_word' id='word_1_189' title='bbox 2609 4534 2793 4589; x_wconf 84' lang='lat' dir='ltr'><strong>facere</strong></span> <span class='ocrx_word' id='word_1_190' title='bbox 2850 4536 3080 4589; x_wconf 89' lang='lat' dir='ltr'><strong>tantum</strong></span> <span class='ocrx_word' id='word_1_191' title='bbox 3134 4531 3274 4588; x_wconf 83' lang='lat' dir='ltr'><strong>velit</strong></span> <span class='ocrx_word' id='word_1_192' title='bbox 3346 4530 3561 4587; x_wconf 86' lang='lat' dir='ltr'><strong>tacitus</strong></span> 
     </span>
    </p>
   </div>
   <div class='ocr_carea' id='block_1_41' title="bbox 1920 4614 3566 4692">
    <p class='ocr_par' dir='ltr' id='par_1_41' title="bbox 1920 4614 3566 4692">
     <span class='ocr_line' id='line_1_41' title="bbox 1920 4614 3566 4692; baseline -0.002 -14"><span class='ocrx_word' id='word_1_193' title='bbox 1920 4622 2268 4678; x_wconf 82' lang='lat' dir='ltr'><strong>subsistens.</strong></span> <span class='ocrx_word' id='word_1_194' title='bbox 2309 4621 2532 4678; x_wconf 79' lang='lat' dir='ltr'><strong>Sufﬁcit</strong></span> <span class='ocrx_word' id='word_1_195' title='bbox 2577 4622 2734 4677; x_wconf 89' lang='lat' dir='ltr'><strong>enim</strong></span> <span class='ocrx_word' id='word_1_196' title='bbox 2776 4614 3196 4692; x_wconf 82' lang='lat' dir='ltr'><strong>contemplanti</strong></span> <span class='ocrx_word' id='word_1_197' title='bbox 3224 4620 3286 4675; x_wconf 89' lang='lat' dir='ltr'><strong>in</strong></span> <span class='ocrx_word' id='word_1_198' title='bbox 3318 4619 3566 4675; x_wconf 87' lang='lat' dir='ltr'><strong>admira-</strong></span> 
     </span>
    </p>
   </div>
   <div class='ocr_carea' id='block_1_42' title="bbox 1920 4707 3565 4781">
    <p class='ocr_par' dir='ltr' id='par_1_42' title="bbox 1920 4707 3565 4781">
     <span class='ocr_line' id='line_1_42' title="bbox 1920 4707 3565 4781; baseline -0.001 -17"><span class='ocrx_word' id='word_1_199' title='bbox 1920 4710 2139 4765; x_wconf 85' lang='lat' dir='ltr'><strong>tionem</strong></span> <span class='ocrx_word' id='word_1_200' title='bbox 2162 4718 2498 4765; x_wconf 78' lang='lat' dir='ltr'><strong>convertere</strong></span> <span class='ocrx_word' id='word_1_201' title='bbox 2528 4708 3099 4781; x_wconf 78' lang='lat' dir='ltr'><strong>contemplationem.</strong></span> <span class='ocrx_word' id='word_1_202' title='bbox 3130 4707 3230 4763; x_wconf 88' lang='lat' dir='ltr'><strong>Sin</strong></span> <span class='ocrx_word' id='word_1_203' title='bbox 3290 4711 3565 4780; x_wconf 64' lang='lat' dir='ltr'><strong>praeterea</strong></span> 
     </span>
    </p>
   </div>
   <div class='ocr_carea' id='block_1_43' title="bbox 1918 4794 3562 4872">
    <p class='ocr_par' dir='ltr' id='par_1_43' title="bbox 1918 4794 3562 4872">
     <span class='ocr_line' id='line_1_43' title="bbox 1918 4794 3562 4872; baseline -0.001 -18"><span class='ocrx_word' id='word_1_204' title='bbox 1918 4799 2053 4872; x_wconf 84' lang='lat' dir='ltr'><strong>quis</strong></span> <span class='ocrx_word' id='word_1_205' title='bbox 2084 4797 2278 4853; x_wconf 90' lang='lat' dir='ltr'><strong>animo</strong></span> <span class='ocrx_word' id='word_1_206' title='bbox 2310 4801 2597 4869; x_wconf 87' lang='lat' dir='ltr'><strong>proponat</strong></span> <span class='ocrx_word' id='word_1_207' title='bbox 2635 4797 2877 4869; x_wconf 82' lang='lat' dir='ltr'><strong>dignum</strong></span> <span class='ocrx_word' id='word_1_208' title='bbox 2920 4796 3060 4869; x_wconf 92' lang='lat' dir='ltr'><strong>quid</strong></span> <span class='ocrx_word' id='word_1_209' title='bbox 3102 4795 3315 4853; x_wconf 84' lang='lat' dir='ltr'><strong>talibus</strong></span> <span class='ocrx_word' id='word_1_210' title='bbox 3366 4794 3562 4852; x_wconf 79' lang='lat' dir='ltr'><strong>dicere</strong></span> 
     </span>
    </p>
   </div>
   <div class='ocr_carea' id='block_1_44' title="bbox 1917 4883 3557 4958">
    <p class='ocr_par' dir='ltr' id='par_1_44' title="bbox 1917 4883 3557 4958">
     <span class='ocr_line' id='line_1_44' title="bbox 1917 4883 3557 4958; baseline -0.003 -14"><span class='ocrx_word' id='word_1_211' title='bbox 1917 4895 1972 4944; x_wconf 87' lang='lat' dir='ltr'><strong>et</strong></span> <span class='ocrx_word' id='word_1_212' title='bbox 1997 4903 2288 4954; x_wconf 76' lang='lat' dir='ltr'><strong>enarrare,</strong></span> <span class='ocrx_word' id='word_1_213' title='bbox 2320 4885 2464 4942; x_wconf 90' lang='lat' dir='ltr'><strong>illud</strong></span> <span class='ocrx_word' id='word_1_214' title='bbox 2498 4887 2624 4958; x_wconf 88' lang='lat' dir='ltr'><strong>jam</strong></span> <span class='ocrx_word' id='word_1_215' title='bbox 2674 4886 2906 4941; x_wconf 90' lang='lat' dir='ltr'><strong>videtur</strong></span> <span class='ocrx_word' id='word_1_216' title='bbox 2943 4886 3209 4942; x_wconf 89' lang='lat' dir='ltr'><strong>omnium</strong></span> <span class='ocrx_word' id='word_1_217' title='bbox 3265 4883 3557 4958; x_wconf 87' lang='lat' dir='ltr'><strong>operosis-</strong></span> 
     </span>
    </p>
   </div>
   <div class='ocr_carea' id='block_1_45' title="bbox 1917 4972 3565 5033">
    <p class='ocr_par' dir='ltr' id='par_1_45' title="bbox 1917 4972 3565 5033">
     <span class='ocr_line' id='line_1_45' title="bbox 1917 4972 3565 5033; baseline -0.002 0"><span class='ocrx_word' id='word_1_218' title='bbox 1917 4977 2157 5033; x_wconf 91' lang='lat' dir='ltr'><strong>simum.</strong></span> <span class='ocrx_word' id='word_1_219' title='bbox 2186 4975 2405 5031; x_wconf 88' lang='lat' dir='ltr'><strong>Natura</strong></span> <span class='ocrx_word' id='word_1_220' title='bbox 2433 4974 2589 5030; x_wconf 88' lang='lat' dir='ltr'><strong>enim</strong></span> <span class='ocrx_word' id='word_1_221' title='bbox 2618 4990 2816 5030; x_wconf 90' lang='lat' dir='ltr'><strong>rerum</strong></span> <span class='ocrx_word' id='word_1_222' title='bbox 2842 4973 3321 5030; x_wconf 87' lang='lat' dir='ltr'><strong>admirandarum</strong></span> <span class='ocrx_word' id='word_1_223' title='bbox 3344 4972 3565 5030; x_wconf 89' lang='lat' dir='ltr'><strong>minuit</strong></span> 
     </span>
    </p>
   </div>
   <div class='ocr_carea' id='block_1_46' title="bbox 1915 5061 3562 5135">
    <p class='ocr_par' dir='ltr' id='par_1_46' title="bbox 1915 5061 3562 5135">
     <span class='ocr_line' id='line_1_46' title="bbox 1915 5061 3562 5135; baseline -0.002 -15"><span class='ocrx_word' id='word_1_224' title='bbox 1915 5065 2033 5121; x_wconf 88' lang='lat' dir='ltr'><strong>vim</strong></span> <span class='ocrx_word' id='word_1_225' title='bbox 2086 5062 2347 5119; x_wconf 80' lang='lat' dir='ltr'><strong>rationis.</strong></span> <span class='ocrx_word' id='word_1_226' title='bbox 2397 5064 2467 5118; x_wconf 90' lang='lat' dir='ltr'><strong>Et</strong></span> <span class='ocrx_word' id='word_1_227' title='bbox 2509 5066 2728 5134; x_wconf 89' lang='lat' dir='ltr'><strong>quanto</strong></span> <span class='ocrx_word' id='word_1_228' title='bbox 2777 5062 2981 5135; x_wconf 82' lang='lat' dir='ltr'><strong>majori</strong></span> <span class='ocrx_word' id='word_1_229' title='bbox 3036 5063 3124 5118; x_wconf 53' lang='lat' dir='ltr'><strong>hat</strong></span> <span class='ocrx_word' id='word_1_230' title='bbox 3185 5061 3562 5119; x_wconf 86' lang='lat' dir='ltr'><strong>admirationi</strong></span> 
     </span>
    </p>
   </div>
   <div class='ocr_carea' id='block_1_47' title="bbox 1918 5151 3560 5225">
    <p class='ocr_par' dir='ltr' id='par_1_47' title="bbox 1918 5151 3560 5225">
     <span class='ocr_line' id='line_1_47' title="bbox 1918 5151 3560 5225; baseline -0.002 -15"><span class='ocrx_word' id='word_1_231' title='bbox 1918 5158 2058 5210; x_wconf 92' lang='lat' dir='ltr'><strong>sunt</strong></span> <span class='ocrx_word' id='word_1_232' title='bbox 2087 5153 2159 5209; x_wconf 92' lang='lat' dir='ltr'><strong>iis</strong></span> <span class='ocrx_word' id='word_1_233' title='bbox 2190 5152 2289 5225; x_wconf 89' lang='lat' dir='ltr'><strong>qui</strong></span> <span class='ocrx_word' id='word_1_234' title='bbox 2319 5152 2379 5207; x_wconf 91' lang='lat' dir='ltr'><strong>in</strong></span> <span class='ocrx_word' id='word_1_235' title='bbox 2410 5169 2509 5209; x_wconf 89' lang='lat' dir='ltr'><strong>eas</strong></span> <span class='ocrx_word' id='word_1_236' title='bbox 2540 5152 2829 5223; x_wconf 88' lang='lat' dir='ltr'><strong>incidunt,</strong></span> <span class='ocrx_word' id='word_1_237' title='bbox 2888 5157 3050 5208; x_wconf 88' lang='lat' dir='ltr'><strong>tanto</strong></span> <span class='ocrx_word' id='word_1_238' title='bbox 3096 5153 3285 5224; x_wconf 87' lang='lat' dir='ltr'><strong>major</strong></span> <span class='ocrx_word' id='word_1_239' title='bbox 3320 5151 3560 5208; x_wconf 61' lang='lat' dir='ltr'><strong>haesita-</strong></span> 
     </span>
    </p>
   </div>
   <div class='ocr_carea' id='block_1_48' title="bbox 1916 5240 3561 5309">
    <p class='ocr_par' dir='ltr' id='par_1_48' title="bbox 1916 5240 3561 5309">
     <span class='ocr_line' id='line_1_48' title="bbox 1916 5240 3561 5309; baseline 0.001 -11"><span class='ocrx_word' id='word_1_240' title='bbox 1916 5242 1997 5299; x_wconf 87' lang='lat' dir='ltr'><strong>tio</strong></span> <span class='ocrx_word' id='word_1_241' title='bbox 2028 5243 2217 5298; x_wconf 87' lang='lat' dir='ltr'><strong>oritur</strong></span> <span class='ocrx_word' id='word_1_242' title='bbox 2245 5242 2307 5296; x_wconf 90' lang='lat' dir='ltr'><strong>in</strong></span> <span class='ocrx_word' id='word_1_243' title='bbox 2338 5240 2729 5309; x_wconf 89' lang='lat' dir='ltr'><strong>sermonibus,</strong></span> <span class='ocrx_word' id='word_1_244' title='bbox 2762 5245 2820 5297; x_wconf 90' lang='lat' dir='ltr'><strong>et</strong></span> <span class='ocrx_word' id='word_1_245' title='bbox 2869 5240 3205 5297; x_wconf 85' lang='lat' dir='ltr'><strong>nullatenus</strong></span> <span class='ocrx_word' id='word_1_246' title='bbox 3251 5240 3363 5297; x_wconf 88' lang='lat' dir='ltr'><strong>sibi</strong></span> <span class='ocrx_word' id='word_1_247' title='bbox 3400 5258 3561 5299; x_wconf 89' lang='lat' dir='ltr'><strong>com-</strong></span> 
     </span>
    </p>
   </div>
   <div class='ocr_carea' id='block_1_49' title="bbox 1920 5328 3564 5403">
    <p class='ocr_par' dir='ltr' id='par_1_49' title="bbox 1920 5328 3564 5403">
     <span class='ocr_line' id='line_1_49' title="bbox 1920 5328 3564 5403; baseline 0 -16"><span class='ocrx_word' id='word_1_248' title='bbox 1920 5334 2083 5403; x_wconf 86' lang='lat' dir='ltr'><strong>potes</strong></span> <span class='ocrx_word' id='word_1_249' title='bbox 2126 5334 2285 5386; x_wconf 87' lang='lat' dir='ltr'><strong>sunt.</strong></span> <span class='ocrx_word' id='word_1_250' title='bbox 2318 5328 2610 5400; x_wconf 85' lang='lat' dir='ltr'><strong>Multaque</strong></span> <span class='ocrx_word' id='word_1_251' title='bbox 2666 5334 2972 5402; x_wconf 89' lang='lat' dir='ltr'><strong>propterea</strong></span> <span class='ocrx_word' id='word_1_252' title='bbox 3010 5328 3179 5387; x_wconf 88' lang='lat' dir='ltr'><strong>venia</strong></span> <span class='ocrx_word' id='word_1_253' title='bbox 3218 5330 3380 5403; x_wconf 83' lang='lat' dir='ltr'><strong>digni</strong></span> <span class='ocrx_word' id='word_1_254' title='bbox 3421 5334 3564 5387; x_wconf 89' lang='lat' dir='ltr'><strong>sunt</strong></span> 
     </span>
    </p>
   </div>
   <div class='ocr_carea' id='block_1_50' title="bbox 1919 5412 3560 5491">
    <p class='ocr_par' dir='ltr' id='par_1_50' title="bbox 1919 5412 3560 5491">
     <span class='ocr_line' id='line_1_50' title="bbox 1919 5412 3560 5491; baseline 0.001 -16"><span class='ocrx_word' id='word_1_255' title='bbox 1919 5420 2149 5485; x_wconf 90' lang='lat' dir='ltr'><strong>merito,</strong></span> <span class='ocrx_word' id='word_1_256' title='bbox 2180 5418 2282 5491; x_wconf 87' lang='lat' dir='ltr'><strong>qui</strong></span> <span class='ocrx_word' id='word_1_257' title='bbox 2312 5419 2383 5475; x_wconf 93' lang='lat' dir='ltr'><strong>de</strong></span> <span class='ocrx_word' id='word_1_258' title='bbox 2414 5418 2507 5474; x_wconf 90' lang='lat' dir='ltr'><strong>his</strong></span> <span class='ocrx_word' id='word_1_259' title='bbox 2528 5419 2850 5475; x_wconf 88' lang='lat' dir='ltr'><strong>orationem</strong></span> <span class='ocrx_word' id='word_1_260' title='bbox 2899 5419 3205 5475; x_wconf 87' lang='lat' dir='ltr'><strong>instituere</strong></span> <span class='ocrx_word' id='word_1_261' title='bbox 3251 5412 3560 5489; x_wconf 81' lang='lat' dir='ltr'><strong>conantur,</strong></span> 
     </span>
    </p>
   </div>
   <div class='ocr_carea' id='block_1_51' title="bbox 1918 5507 3564 5580">
    <p class='ocr_par' dir='ltr' id='par_1_51' title="bbox 1918 5507 3564 5580">
     <span class='ocr_line' id='line_1_51' title="bbox 1918 5507 3564 5580; baseline 0.001 -17"><span class='ocrx_word' id='word_1_262' title='bbox 1918 5509 1968 5564; x_wconf 94' lang='lat' dir='ltr'><strong>si</strong></span> <span class='ocrx_word' id='word_1_263' title='bbox 1995 5525 2146 5580; x_wconf 65' lang='lat' dir='ltr'><strong>saepe</strong></span> <span class='ocrx_word' id='word_1_264' title='bbox 2177 5524 2211 5564; x_wconf 90' lang='lat' dir='ltr'><strong>a</strong></span> <span class='ocrx_word' id='word_1_265' title='bbox 2241 5524 2436 5563; x_wconf 88' lang='lat' dir='ltr'><strong>rerum</strong></span> <span class='ocrx_word' id='word_1_266' title='bbox 2487 5507 2773 5580; x_wconf 85' lang='lat' dir='ltr'><strong>dignitate</strong></span> <span class='ocrx_word' id='word_1_267' title='bbox 2818 5509 3170 5577; x_wconf 78' lang='lat' dir='ltr'><strong>defecerint;</strong></span> <span class='ocrx_word' id='word_1_268' title='bbox 3212 5513 3270 5564; x_wconf 86' lang='lat' dir='ltr'><strong>et</strong></span> <span class='ocrx_word' id='word_1_269' title='bbox 3312 5509 3564 5565; x_wconf 85' lang='lat' dir='ltr'><strong>maxime</strong></span> 
     </span>
    </p>
   </div>
   <div class='ocr_carea' id='block_1_52' title="bbox 183 5586 1807 5672">
    <p class='ocr_par' dir='ltr' id='par_1_52' title="bbox 183 5586 1807 5672">
     <span class='ocr_line' id='line_1_52' title="bbox 183 5586 1807 5672; baseline 0.001 -24"><span class='ocrx_word' id='word_1_270' title='bbox 183 5586 346 5649; x_wconf 69' lang='grc' dir='ltr'>ξλλων</span> <span class='ocrx_word' id='word_1_271' title='bbox 400 5591 620 5669; x_wconf 76' lang='grc' dir='ltr'>μᾶλλον</span> <span class='ocrx_word' id='word_1_272' title='bbox 668 5590 869 5656; x_wconf 69' lang='grc' dir='ltr'>εἰδότες</span> <span class='ocrx_word' id='word_1_273' title='bbox 922 5593 1088 5665; x_wconf 75' lang='grc' dir='ltr'>εἰσὶν,</span> <span class='ocrx_word' id='word_1_274' title='bbox 1129 5593 1203 5657; x_wconf 83' lang='grc' dir='ltr'><strong>ὡς</strong></span> <span class='ocrx_word' id='word_1_275' title='bbox 1255 5595 1351 5667; x_wconf 70' lang='grc' dir='ltr'>μὲν</span> <span class='ocrx_word' id='word_1_276' title='bbox 1400 5594 1645 5672; x_wconf 84' lang='grc' dir='ltr'>χαλεπὸν</span> <span class='ocrx_word' id='word_1_277' title='bbox 1689 5601 1807 5658; x_wconf 86' lang='grc' dir='ltr'>τοῖς</span> 
     </span>
    </p>
   </div>
   <div class='ocr_carea' id='block_1_53' title="bbox 1918 5586 3562 5672">
    <p class='ocr_par' dir='ltr' id='par_1_53' title="bbox 1918 5596 3562 5669">
     <span class='ocr_line' id='line_1_53' title="bbox 1918 5596 3562 5669; baseline 0 -17"><span class='ocrx_word' id='word_1_278' title='bbox 1918 5597 2072 5668; x_wconf 84' lang='lat' dir='ltr'><strong>apud</strong></span> <span class='ocrx_word' id='word_1_279' title='bbox 2118 5596 2409 5664; x_wconf 88' lang='lat' dir='ltr'><strong>homines,</strong></span> <span class='ocrx_word' id='word_1_280' title='bbox 2457 5596 2557 5667; x_wconf 91' lang='lat' dir='ltr'><strong>qui</strong></span> <span class='ocrx_word' id='word_1_281' title='bbox 2607 5596 2730 5652; x_wconf 68' lang='lat' dir='ltr'><strong>hinc</strong></span> <span class='ocrx_word' id='word_1_282' title='bbox 2776 5596 2963 5653; x_wconf 86' lang='lat' dir='ltr'><strong>edocti</strong></span> <span class='ocrx_word' id='word_1_283' title='bbox 3010 5605 3149 5653; x_wconf 84' lang='lat' dir='ltr'><strong>sunt</strong></span> <span class='ocrx_word' id='word_1_284' title='bbox 3200 5602 3257 5652; x_wconf 91' lang='lat' dir='ltr'><strong>et</strong></span> <span class='ocrx_word' id='word_1_285' title='bbox 3322 5596 3562 5669; x_wconf 88' lang='lat' dir='ltr'><strong>quidem</strong></span> 
     </span>
    </p>
   </div>
   <div class='ocr_carea' id='block_1_54' title="bbox 178 5676 1807 5787">
    <p class='ocr_par' dir='ltr' id='par_1_54' title="bbox 178 5676 1804 5787">
     <span class='ocr_line' id='line_1_54' title="bbox 178 5676 1804 5759; baseline 0.004 -28"><span class='ocrx_word' id='word_1_286' title='bbox 178 5679 429 5745; x_wconf 80' lang='grc' dir='ltr'>τοιούτοις</span> <span class='ocrx_word' id='word_1_287' title='bbox 457 5679 780 5757; x_wconf 74' lang='grc' dir='ltr'>ἐπιχειρεῖν,</span> <span class='ocrx_word' id='word_1_288' title='bbox 827 5680 903 5742; x_wconf 85' lang='grc' dir='ltr'>ὡς</span> <span class='ocrx_word' id='word_1_289' title='bbox 952 5676 999 5735; x_wconf 84' lang='grc' dir='ltr'><strong>δ’</strong></span> <span class='ocrx_word' id='word_1_290' title='bbox 1045 5680 1247 5757; x_wconf 78' lang='grc' dir='ltr'>ἀνάγκη</span> <span class='ocrx_word' id='word_1_291' title='bbox 1298 5682 1389 5736; x_wconf 81' lang='grc' dir='ltr'>καὶ</span> <span class='ocrx_word' id='word_1_292' title='bbox 1439 5683 1567 5745; x_wconf 85' lang='grc' dir='ltr'>τοὺς</span> <span class='ocrx_word' id='word_1_293' title='bbox 1607 5682 1804 5759; x_wconf 86' lang='grc' dir='ltr'>λόγους</span> 
     </span>
     <span class='ocr_line' id='line_1_55' title="bbox 185 5764 1796 5787; baseline 0 0"><span class='ocrx_word' id='word_1_294' title='bbox 185 5765 247 5787; x_wconf 52' lang='grc' dir='ltr'><strong>ηε-</strong></span> <span class='ocrx_word' id='word_1_295' title='bbox 422 5769 624 5787; x_wconf 68' lang='grc' dir='ltr'><strong>ι...</strong></span> <span class='ocrx_word' id='word_1_296' title='bbox 1239 5764 1327 5787; x_wconf 71' lang='grc' dir='ltr'><strong><em>ρ,</em></strong></span> <span class='ocrx_word' id='word_1_297' title='bbox 1544 5770 1796 5787; x_wconf 71' lang='lat'><strong>.......</strong></span> 
     </span>
    </p>
   </div>
   <div class='ocr_carea' id='block_1_55' title="bbox 1918 5676 3563 5787">
    <p class='ocr_par' dir='ltr' id='par_1_55' title="bbox 1918 5684 3563 5769">
     <span class='ocr_line' id='line_1_56' title="bbox 1918 5684 3563 5769; baseline 0.001 -29"><span class='ocrx_word' id='word_1_298' title='bbox 1918 5693 2133 5759; x_wconf 76' lang='lat' dir='ltr'><strong>quanto</strong></span> <span class='ocrx_word' id='word_1_299' title='bbox 2164 5684 2296 5742; x_wconf 86' lang='lat' dir='ltr'><strong>aliis</strong></span> <span class='ocrx_word' id='word_1_300' title='bbox 2326 5689 2465 5740; x_wconf 87' lang='lat' dir='ltr'><strong>sunt</strong></span> <span class='ocrx_word' id='word_1_301' title='bbox 2493 5684 2833 5769; x_wconf 86' lang='lat' dir='ltr'><strong>peritiores;</strong></span> <span class='ocrx_word' id='word_1_302' title='bbox 2869 5686 2954 5741; x_wconf 86' lang='lat' dir='ltr'><strong>uti</strong></span> <span class='ocrx_word' id='word_1_303' title='bbox 2985 5685 3141 5742; x_wconf 88' lang='lat' dir='ltr'><strong>enim</strong></span> <span class='ocrx_word' id='word_1_304' title='bbox 3189 5684 3426 5742; x_wconf 79' lang='lat' dir='ltr'><strong>difﬁcile</strong></span> <span class='ocrx_word' id='word_1_305' title='bbox 3473 5689 3563 5742; x_wconf 89' lang='lat' dir='ltr'><strong>est</strong></span> 
     </span>
    </p>
   </div>
   <div class='ocr_carea' id='block_1_56' title="bbox 180 5764 1483 5846">
    <p class='ocr_par' dir='ltr' id='par_1_56' title="bbox 180 5764 1483 5846">
     <span class='ocr_line' id='line_1_57' title="bbox 180 5764 1483 5846; baseline 0.002 -23"><span class='ocrx_word' id='word_1_306' title='bbox 180 5765 354 5839; x_wconf 63' lang='grc' dir='ltr'>ἥττους</span> <span class='ocrx_word' id='word_1_307' title='bbox 411 5769 499 5825; x_wconf 76' lang='grc' dir='ltr'>ἀεὶ</span> <span class='ocrx_word' id='word_1_308' title='bbox 557 5772 667 5823; x_wconf 80' lang='grc' dir='ltr'>τῶν</span> <span class='ocrx_word' id='word_1_309' title='bbox 738 5770 1070 5846; x_wconf 76' lang='grc' dir='ltr'>πραγμάτων</span> <span class='ocrx_word' id='word_1_310' title='bbox 1126 5764 1437 5846; x_wconf 74' lang='grc' dir='ltr'>συμϐαίνειν</span> <span class='ocrx_word' id='word_1_311' title='bbox 1471 5817 1483 5831; x_wconf 91' lang='grc'>.</span> 
     </span>
    </p>
   </div>
   <div class='ocr_carea' id='block_1_57' title="bbox 1544 5766 3564 5847">
    <p class='ocr_par' dir='ltr' id='par_1_57' title="bbox 1544 5766 3564 5847">
     <span class='ocr_line' id='line_1_58' title="bbox 1544 5766 3564 5847; baseline 0.002 -20"><span class='ocrx_word' id='word_1_312' title='bbox 1544 5772 1691 5828; x_wconf 85' lang='grc' dir='ltr'>Ἐπεὶ</span> <span class='ocrx_word' id='word_1_313' title='bbox 1751 5770 1808 5827; x_wconf 68' lang='grc' dir='ltr'><strong>δὲ</strong></span> <span class='ocrx_word' id='word_1_314' title='bbox 1837 5766 1885 5787; x_wconf 70' lang='grc' dir='ltr'><strong><em>υ</em></strong></span> <span class='ocrx_word' id='word_1_315' title='bbox 1917 5774 2136 5832; x_wconf 87' lang='lat' dir='ltr'><strong>talibus</strong></span> <span class='ocrx_word' id='word_1_316' title='bbox 2184 5774 2357 5830; x_wconf 89' lang='lat' dir='ltr'><strong>rebus</strong></span> <span class='ocrx_word' id='word_1_317' title='bbox 2397 5790 2638 5830; x_wconf 88' lang='lat' dir='ltr'><strong>manum</strong></span> <span class='ocrx_word' id='word_1_318' title='bbox 2686 5766 2983 5847; x_wconf 83' lang='lat' dir='ltr'><strong>adhibere,</strong></span> <span class='ocrx_word' id='word_1_319' title='bbox 3024 5775 3108 5831; x_wconf 88' lang='lat' dir='ltr'><strong>ita</strong></span> <span class='ocrx_word' id='word_1_320' title='bbox 3175 5790 3413 5830; x_wconf 88' lang='lat' dir='ltr'><strong>necesse</strong></span> <span class='ocrx_word' id='word_1_321' title='bbox 3472 5777 3564 5831; x_wconf 84' lang='lat' dir='ltr'><strong>est</strong></span> 
     </span>
    </p>
   </div>
  </div>
