4110 6444
497 508 615 572 435

1495 506 1813 571 GEORGII
1855 502 2120 571 CYPRII
2163 504 2281 568 GP.
2332 508 2858 576 PATRIARGHE

3779 508 3891 573 436

492 657 791 703 sermones
821 657 1051 716 quoque
1078 640 1254 698 rebus
1273 640 1527 714 impares
1558 642 1817 698 evadere.
1852 640 2135 708 Quoniam

2268 645 2399 707 τοῦθ’
2446 643 2588 700 οὕτω
2636 645 2723 701 καὶ
2779 642 3053 715 θαλάσσης
3108 642 3232 718 περὶ
3288 642 3379 700 τὸν
3440 638 3694 719 λέγοντα,
3744 638 3890 697 ούόὶν

494 738 688 790 autem
720 732 829 788 hoc
858 731 943 787 ita
975 749 1037 787 se
1075 732 1269 800 habet,
1321 731 1457 787 hinc
1504 748 1638 788 eum
1688 732 1864 787 etiam
1915 732 2015 804 qui
2066 732 2136 787 de

494 820 643 877 mari
678 820 839 889 dicit,
868 819 1013 876 nihil
1045 822 1188 876 satis
1221 825 1422 893 aptum
1456 821 1753 876 dicturum
1788 837 1917 877 esse
1941 820 2136 876 existi-

494 926 612 966 mo.
642 910 697 964 Si
732 910 873 982 quid
903 911 1061 964 enim
1094 910 1245 966 inter
1275 916 1508 966 caeteras
1548 927 1641 966 res
1690 909 2135 965 admirationem

498 1003 774 1064 meretur,
808 1014 968 1053 mare
998 1002 1125 1065 est;
1158 999 1297 1070 quia
1325 998 1475 1053 inter
1498 1000 1684 1069 prima
1714 999 2002 1053 elementa
2030 1002 2136 1053 est.

501 1091 568 1142 Et
605 1087 653 1142 si
686 1087 818 1159 quis
849 1086 1076 1142 veniam
1108 1088 1389 1143 concedat
1422 1088 1493 1141 iis
1523 1088 1624 1159 qui
1655 1103 1715 1144 se
1746 1086 1803 1140 in
1846 1102 2142 1141 sermones

497 1175 570 1232 de
599 1174 697 1231 illo
730 1175 1064 1243 demittunt,
1089 1175 1279 1246 magis
1310 1176 1670 1247 diligentiam
1703 1192 1932 1240 amans,
1964 1191 2141 1245 quam

498 1264 804 1321 audaciam
864 1263 1243 1331 improbans;
1294 1279 1431 1319 sane
1480 1269 1536 1319 et
1583 1264 1849 1336 gloriam,
1912 1263 2143 1318 etiamsi

500 1353 647 1410 satis
677 1353 860 1425 proba
890 1369 1006 1409 non
1031 1354 1388 1424 praestiterit,
1430 1358 1834 1425 reportaturus
1880 1357 1987 1408 est.
2035 1351 2144 1407 Sed

502 1441 697 1515 qualis
726 1445 784 1497 et
812 1445 1031 1514 quanta
1060 1441 1134 1497 sit
1156 1440 1381 1497 utilitas
1412 1441 1611 1509 maris,
1656 1448 1714 1497 et
1758 1457 1873 1513 qua
1922 1441 2145 1496 ratione

501 1532 582 1588 sit
611 1547 727 1603 prae
773 1530 1290 1586 ceteris'universi
1339 1531 1515 1587 rebus
1566 1530 2143 1602 praestantissimum.

501 1620 598 1676 his
650 1620 805 1691 quis,
863 1619 912 1676 si
959 1620 1240 1685 attendat,
1292 1617 1445 1674 clare
1496 1619 1817 1691 perspiciet.
1868 1622 2146 1677 Caeterum

504 1709 777 1766 convenit
805 1707 901 1765 hic
930 1707 1121 1780 parvis
1148 1725 1362 1781 magna
1386 1724 1731 1781 componere
1762 1714 1811 1763 et
1845 1707 2147 1764 veritatem

507 1812 576 1854 ex
613 1797 842 1854 umbris
870 1796 1077 1853 sectari
1109 1797 1421 1853 rationum.

578 1890 745 1942 Nunc
776 1886 972 1958 itaque
1009 1902 1182 1942 omne
1226 1887 1380 1958 quod
1426 1890 1516 1943 est
1561 1895 1616 1942 et
1661 1888 1816 1959 quod
1873 1903 1988 1943 non
2038 1890 2147 1956 est,

2247 732 2299 794 ές
2349 734 2526 789 ἱκανὸν
2583 733 2719 810 έρεῖν
2782 736 2935 807 οἶμαι
2964 753 2977 766 ’
3037 733 3126 789 καὶ
3184 733 3287 808 γὰρ
3353 729 3626 804 θαύματος
3683 729 3736 785 έν
3785 735 3895 791 τοῖς

2248 820 2419 894 οὖσιν,
2470 822 2618 896 εἶίπερ
2668 824 2756 878 καὶ
2790 822 2931 879 ἄλλο
2972 844 3048 892 τι,
3101 822 3409 897 μετέχουσά
3457 819 3565 875 ἐστι
3612 818 3853 884 θάλαττα
3881 837 3892 850 ·

2248 912 2330 967 δτι
2363 912 2453 966 καὶ
2486 913 2758 988 στοιχεῖόν
2810 911 2919 967 ἐστι
2961 916 3067 966 τῶν
3113 912 3368 986 πρώτων,
3416 909 3513 963 κέὶν
3558 905 3614 964 εἴ
3648 929 3734 970 τις
3774 929 3895 984 συγ-

2249 1001 2503 1075 γινώσκοι
2554 1007 2669 1062 τοῖς
2723 1001 2798 1062 είς
2844 999 2969 1062 τοὺς
3012 999 3135 1074 περὶ
3182 997 3383 1069 ταύτης
3433 996 3635 1072 λόγους
3681 995 3899 1058 ἑαυτοὺς

2252 1095 2503 1159 καθιεῖσι,
2567 1089 2778 1162 μᾶλλον
2825 1097 2926 1159 τῆς
2978 1088 3284 1165 προθυμίας
3340 1087 3653 1162 ἀγαπήσας,
3713 1087 3749 1155 ἢ
3808 1107 3898 1141 κα-

2249 1177 2481 1253 ταγνοὺς
2531 1181 2631 1247 τῆς
2681 1178 3036 1254 θρασύτητος,
3069 1176 3261 1231 οὐκοῦν
3294 1178 3374 1248 (1)
3414 1176 3513 1243 τήν
3566 1178 3663 1229 τοῦ
3714 1174 3794 1246 μή
3841 1174 3905 1227 τὰ

2254 1264 2438 1321 δίκαια
2481 1265 2836 1337 πεποιηκέναι
2870 1261 3024 1337 δόξαν
3066 1265 3367 1320 ἀποίσεται.
3421 1260 3574 1318 Ἀλλ’
3619 1261 3811 1317 ὁποῖόν
3851 1281 3906 1316 τε

2252 1355 2342 1409 καὶ
2373 1354 2496 1410 ὅσον
2526 1357 2588 1410 τὸ
2630 1362 2826 1431 χρῆμα
2874 1354 3168 1425 θαλάττης,
3216 1353 3307 1407 καὶ
3355 1352 3431 1414 ὡς
3481 1350 3616 1419 αὕτη
3665 1351 3729 1405 τὸ
3775 1351 3904 1425 κρά-

2254 1464 2430 1498 τιστον
2488 1449 2585 1499 τοῦ
2651 1445 2847 1505 παντὸς
2884 1488 2899 1513 ,
2958 1440 3067 1498 ὧδέ
3139 1463 3221 1503 τις
3294 1440 3665 1513 σκοπούμενος
3722 1442 3905 1517 σαφῶς

2256 1531 2471 1590 εἵσεται.
2525 1531 2678 1601 Πλὴν
2732 1532 2956 1601 εἰκάζειν
3009 1530 3233 1585 ἐνταῦθα
3280 1531 3545 1605 προσήκει
3593 1528 3908 1603 μικροῖςτᾶ

2260 1621 2473 1696 μεγάλα
2499 1621 2587 1676 καὶ
2612 1623 2711 1691 τήν
2741 1620 2999 1691 ἀλήθειαν
3028 1623 3147 1681 ταῖς
3179 1618 3239 1674 ἐκ
3264 1622 3373 1673 τῶν
3421 1616 3599 1694 λόγων
3642 1618 3907 1691 θηρᾶσθαι

2257 1731 2452 1773 σκιαις.

2331 1887 2475 1959 ’Ήδη
2529 1890 2624 1962 μὲν
2669 1886 2759 1943 οὖν
2812 1889 2874 1944 τὸ
2922 1893 3024 1942 πᾶν
3074 1883 3199 1941 τόδε
3253 1887 3326 1958 μή
3379 1883 3436 1940 ὃν
3485 1883 3747 1960 πρότερον
3808 1883 3915 1938 ού-

510 1975 678 2032 nullo
698 1976 872 2031 modo
904 1976 1069 2047 prius
1096 1974 1332 2031 initium
1380 1976 1534 2047 cepit
1571 1980 1637 2031 ut
1682 1980 1856 2044 esset,
1897 1976 2039 2047 quin
2093 1978 2151 2030 et

2268 1975 2447 2051 δαμῶς
2526 1979 2706 2054 ἀρχὴν
2785 1971 3087 2049 ἐλάμϐανεν
3167 1974 3299 2030 εἶναι
3379 1973 3469 2028 καὶ
3524 1972 3649 2028 τότε
3726 1972 3919 2073 αὐτίκα

510 2079 672 2120 mare
702 2065 1008 2121 confestim
1047 2064 1331 2119 exstiterit
1377 2080 1509 2120 cum
1557 2064 1697 2137 ipsis
1746 2064 1973 2137 primis,
2022 2080 2149 2135 quae

510 2160 647 2208 sunt
676 2153 850 2209 rebus
892 2153 1240 2225 productum
1291 2157 1348 2208 et
1383 2152 1634 2225 primam
1682 2170 1748 2208 ac
1796 2152 2149 2225 praecipuam

510 2242 629 2299 vim
659 2243 957 2315 adeptum.
991 2242 1138 2299 Nam
1161 2240 1339 2296 veluti
1370 2241 1441 2296 ad
1473 2257 1707 2297 omnem
1743 2258 1866 2297 rem
1910 2257 2035 2313 quae
2086 2242 2150 2296 fit

512 2329 817 2388 materiam
850 2329 1109 2402 aliquam
1140 2334 1349 2403 praesto
1386 2346 1514 2387 esse
1565 2335 1792 2403 oportet
1839 2334 1895 2386 st
1941 2330 2151 2387 deinde

508 2436 578 2476 ex
606 2419 708 2476 illa
734 2420 1162 2493 generationem
1192 2419 1339 2475 efﬁci
1360 2404 1380 2487 ’;
1413 2419 1497 2475 sic
1526 2425 1583 2475 et
1614 2435 1773 2475 mare
1804 2419 1981 2476 simul
2013 2436 2148 2475 cum

507 2509 715 2583 primis
744 2508 1185 2564 subsistentiam
1218 2508 1507 2581 accepisse
1563 2510 1739 2566 rebus
1771 2510 2058 2578 videmus,
2093 2517 2151 2564 ut

508 2602 663 2655 esset
716 2598 1071 2654 elementum
1135 2614 1330 2653 rerum
1397 2603 1601 2669 postea
1665 2600 2017 2670 futurarum,
2096 2603 2153 2654 et

509 2687 943 2760 quodammodo
967 2687 1318 2759 principium
1349 2687 1647 2743 mixtionis
1675 2689 1851 2756 ;adeo
1874 2687 1997 2743 utsi
2018 2687 2151 2759 quis

509 2776 955 2847 contemplanda
999 2775 1318 2831 admiretur
1365 2774 1805 2848 dispositionem
1874 2775 2150 2846 universi,

513 2863 918 2921 admirationis
949 2864 1180 2919 initium
1213 2880 1282 2918 ex
1313 2881 1478 2936 aquae
1529 2869 1741 2919 natura
1785 2865 1895 2936 ipsi
1934 2865 2150 2919 facien-

511 2954 653 3011 dum
685 2962 806 3010 est:
839 2958 897 3009 et
928 2954 1182 3026 profecto
1212 2968 1345 3007 cum
1387 2953 1653 3009 conditor
1701 2971 1859 3009 mare
1906 2953 2156 3010 voluerit

515 3059 644 3101 esse
677 3042 1177 3115 antiquissimum,
1210 3058 1326 3097 non
1352 3042 1641 3098 dissimile
1665 3059 1798 3098 vero
1828 3048 1885 3097 et
1932 3043 2156 3115 primas

514 3131 629 3205 ipsi
668 3131 729 3187 in
760 3131 1165 3202 magnitudine
1212 3130 1571 3186 attribuisse.
1625 3132 1780 3186 Adeo
1830 3133 1986 3187 enim
2036 3147 2157 3185 ma-

516 3236 699 3295 gnum
730 3223 821 3276 est
848 3235 1028 3288 mare,
1072 3224 1136 3275 ut
1184 3218 1407 3274 nullam
1459 3220 1719 3275 sciamus
1766 3219 2156 3276 continentem

517 3310 631 3383 ipsi
661 3308 721 3363 in
753 3307 1232 3380 conceptaculum
1266 3308 1569 3364 sufﬁcere:
1604 3309 1703 3364 sed
1736 3325 1865 3365 esse
1917 3309 2156 3380 quidem

2262 2068 2477 2144 ὑπῆρχε
2530 2067 2619 2123 καὶ
2680 2065 2938 2137 θάλαττα,
2991 2064 3085 2119 σὺν
3138 2069 3257 2126 τοῖς
3304 2063 3545 2137 πρώτοις
3595 2065 3700 2116 τῶν
3739 2057 3911 2118 ὄντων

2259 2162 2482 2235 φανεῖσα
2541 2202 2555 2228 ,
2615 2156 2705 2211 καὶ
2783 2152 3010 2227 δύναμιν
3068 2157 3278 2229 σχοῦσα
3333 2153 3430 2221 τήν
3491 2152 3718 2227 πρώτην
3756 2194 3768 2207 .
3830 2156 3919 2212 Ὣς

2260 2246 2363 2321 γὰρ
2423 2243 2509 2300 ἐπὶ
2566 2245 2767 2307 παντὸς
2838 2245 3128 2319 χρήματος
3187 2240 3515 2318 γιγνομένου
3577 2238 3716 2310 ὕλην
3778 2239 3919 2294 εἷναί

2257 2355 2378 2389 τινα
2434 2331 2562 2406 δεῖ,
2622 2333 2717 2389 εἶτ’
2772 2333 2824 2404 ἐξ
2881 2332 3048 2401 αὐτῆς
3103 2332 3203 2400 τὴν
3266 2328 3469 2405 γένεσιν
3534 2327 3866 2404 ἐνεργεῖσθαι
3902 2373 3916 2398 ,

2259 2421 2402 2477 οὕτω
2455 2420 2633 2493 δήπου
2690 2422 2779 2477 καὶ
2829 2420 3094 2486 θάλασσαν
3156 2420 3297 2492 ὁμοῦ
3344 2422 3460 2479 τοῖς
3501 2416 3744 2493 πρώτοις
3780 2416 3919 2493 ὑπο-ς

2260 2516 2451 2565 στᾶσαν
2500 2512 2746 2587 ὁρῶμεν,
2796 2511 2871 2572 ὡς
2918 2509 3054 2564 εἶναι
3105 2512 3378 2584 στοιχεῖον
3428 2510 3535 2561 τῶν
3592 2506 3730 2579 μετὰ
3768 2490 3919 2560 τοῦτ’

2261 2598 2531 2671 ἐσομένων
2586 2645 2601 2671 ,
2677 2598 2767 2653 καὶ
2848 2598 3028 2673 ἀρχὴν
3101 2600 3199 2650 τοῦ
3264 2592 3626 2670 συγκρίματος
3712 2590 3917 2667 τρόπον

2258 2687 2396 2744 τινά.
2448 2688 2597 2742 ⁰¹Ωστ’
2648 2685 2700 2742 εἷ’
2739 2708 2825 2749 τις
2874 2686 3148 2758 θεώμενος
3199 2683 3465 2755 θαυμάζοι
3510 2682 3574 2737 τὸ
3620 2684 3721 2736 τοῦ
3777 2701 3914 2735 παν-

2258 2776 2351 2838 τὸς
2407 2778 2599 2851 σχῆμα
2655 2774 2714 2830 ἐκ
2777 2782 2876 2844 τῆς
2932 2779 3031 2828 τοῦ
3086 2770 3277 2833 ὕδατος
3339 2770 3549 2849 φύσεως
3594 2816 3609 2843 ,
3673 2766 3791 2824 δέον
3853 2769 3922 2824 τὰ

2261 2869 2449 2941 πρῶτα
2500 2869 2597 2919 τοῦ
2646 2863 2921 2936 θαύματος
2969 2860 3231 2937 ἄρχεσθαι
3268 2881 3280 2895 ·
3331 2860 3421 2915 καὶ
3469 2857 3536 2928 δὴ
3590 2851 3916 2934 πρεσϐυτά-

2260 2974 2361 3023 την
2423 2952 2587 3020 αὐτὴν
2661 2949 2833 3022 δείξας
2895 2952 2922 3006 ὁ
2983 2948 3320 3025 δημιουργὸς
3357 2993 3370 3020 ,
3431 2946 3533 3003 οὐκ
3609 2946 3921 3007 ἀπεικότως

2261 3039 2351 3096 καί
2421 3042 2487 3096 τά
2552 3045 2741 3117 πρῶτα
2817 3040 3075 3115 μεγέθους
3153 3038 3409 3110 ἀπένειμε
3440 3082 3453 3094 .
3513 3033 3737 3111 Μεγάλη
3812 3035 3920 3110 γάρ

2263 3129 2518 3185 τοσοῦτόν
2574 3128 2682 3184 ἐστι
2738 3128 3016 3200 θάλασσα,
3064 3127 3139 3188 ὡς
3185 3124 3327 3199 μηδὲ
3373 3126 3433 3193 ἦν
3482 3122 3636 3198 ἴσμεν
3686 3121 3920 3197 ἤπειρον

2266 3220 2574 3295 ἀποχρῆναι
2625 3217 2703 3280 εἷς
2750 3219 2937 3294 χώραν
2986 3215 3143 3290 αύτῇο
3190 3214 3316 3271 ἀλλ’
3366 3214 3503 3268 εἶναι
3554 3213 3648 3286 μὲν
3697 3210 3925 3281 πολλὴν

2268 3310 2367 3376 τήν
2420 3307 2567 3368 ἐντὸς
2614 3303 2907 3382 Γαδείρων,
2958 3304 3032 3365 ὡς
3088 3302 3177 3358 καὶ
3218 3301 3345 3364 τοὺς
3395 3301 3717 3376 ἀνθρώπους
3772 3299 3924 3376 ἰλίγ-

516 3372 749 3454 tantum
780 3372 1119 3453 illud-mare
1146 3398 1301 3468 quod
1350 3397 1505 3453 intra
1550 3398 1738 3454 Gades
1784 3402 1893 3465 est,
1934 3372 2009 3453 ἰιι
2053 3396 2156 3453 ho-

2272 3401 2503 3471 γιῶντας
2562 3393 2913 3470 ἀπαγορεύειν
2970 3394 3108 3467 πρὸς
3165 3397 3360 3463 πᾶσαν,
3400 3391 3489 3445 καὶ
3551 3393 3751 3463 μικροῦ
3794 3388 3927 3451 τοὺς

518 3486 709 3543 mines
740 3484 909 3558 quasi
937 3485 1221 3557 vertigine
1252 3484 1583 3541 laborantes
1622 3486 1694 3541 de
1743 3486 2012 3542 universo
2060 3485 2159 3542 illo

520 3574 710 3630 dicere
741 3590 802 3630 se
832 3573 974 3646 quid
1005 3590 1177 3646 posse
1208 3578 1420 3646 negent
1448 3578 1506 3630 et
1534 3575 1651 3631 fere
1683 3575 1958 3630 immensi
1990 3573 2161 3630 ratio-

522 3678 657 3718 nem
689 3662 740 3717 ei
788 3661 1098 3734 applicent.
1149 3662 1431 3719 Caeterum
1490 3662 1598 3719 hoc
1649 3663 2161 3736 circumscriptum

527 3765 652 3807 esse
683 3753 740 3805 et
770 3750 1182 3822 comprehendi
1215 3768 1248 3806 a
1275 3755 1430 3807 terra
1459 3751 1682 3824 liquido
1714 3753 1986 3808 novimus
2012 3770 2026 3820 ;
2060 3752 2161 3808 sed

527 3839 722 3910 majus
753 3855 882 3895 esse
927 3838 1093 3910 illud,
1127 3841 1281 3912 quod
1329 3846 1491 3896 extra
1538 3842 1724 3897 Gades
1772 3846 1879 3909 est,
1913 3846 1969 3896 et
2007 3840 2167 3896 nulla

527 3926 750 3983 ratione
779 3929 1104 3999 comparari
1136 3945 1305 4000 poese
1352 3946 1484 3985 cum
1524 3945 1589 3985 eo
1648 3930 1801 4001 quod
1854 3931 2008 4002 apud
2060 3947 2166 3986 nos

527 4020 655 4083 est;
688 4018 1043 4089 quapropter
1070 4021 1127 4072 et
1152 4016 1314 4071 nulla
1340 4017 1398 4072 in
1438 4034 1504 4073 eo
1555 4018 1884 4073 instituitur
1932 4019 2166 4090 naviga-

526 4104 607 4161 tio
633 4122 647 4174 ;
678 4105 1044 4161 immensitas
1065 4106 1220 4161 enim
1253 4122 1413 4178 aquas
1446 4107 1717 4178 prohibet
1748 4108 1895 4163 scire
1927 4108 2165 4163 ubinam

530 4193 663 4266 quis
692 4198 891 4266 posset
922 4194 1184 4265 trajicere
1211 4214 1224 4262 ;
1257 4200 1315 4250 et
1339 4194 1619 4251 terminos
1651 4196 1837 4267 ipsius
1860 4196 1911 4251 si
1931 4196 2168 4253 omnino

526 4282 710 4361 aliqui
738 4283 879 4351 sint,
910 4299 1079 4338 nemo
1111 4282 1263 4339 valet
1303 4283 1623 4355 assignare.
1675 4284 1741 4338 Et
1782 4300 1896 4339 non
1928 4284 2051 4341 sine
2082 4303 2169 4342 ra-

523 4373 682 4429 tione
713 4388 779 4428 ac
814 4370 1061 4428 utilitate
1095 4377 1321 4427 tantum
1352 4372 1608 4428 obtinuit
1641 4389 1799 4428 mare
1822 4375 2170 4446 magnitudi-

525 4476 701 4530 nem;
733 4461 836 4517 sed
869 4462 1146 4533 quoniam
1179 4466 1389 4516 natura
1417 4478 1578 4533 aquae
1608 4478 1721 4516 non
1762 4463 1934 4518 modo
1985 4469 2170 4519 mater

525 4548 657 4607 aliis
682 4551 872 4620 rebus,
905 4550 1006 4607 sed
1030 4555 1087 4606 et
1115 4551 1310 4605 nutrix
1340 4551 1537 4605 futura
1558 4555 1729 4618 esset,
1751 4556 1806 4605 et
1845 4553 1915 4606 ad
1957 4552 2167 4608 factam

525 4638 586 4694 in
644 4638 810 4697 initio
867 4655 1063 4696 rerum
1115 4639 1559 4712 productionem
1610 4656 1782 4710 quam
1848 4639 2166 4713 plurimum

527 4728 816 4785 conferret
843 4732 902 4784 et
927 4729 998 4785 ad
1027 4728 1497 4800 permanentiam
1529 4728 1848 4801 unicuique
1878 4730 1959 4785 rei
2000 4733 2171 4786 natu-
2203 4734 2248 4797 D

526 4832 601 4871 rw
627 4816 1064 4873 convenientem
1094 4818 1458 4873 conduceret.

599 4909 789 4977 Atque
821 4906 903 4961 ita
927 4922 1061 4961 cum
1086 4907 1159 4962 ob
1186 4906 1651 4979 magnitudinem
1697 4924 1867 4963 suam
1916 4909 2169 4964 admira-

527 4991 674 5049 tioni
705 4993 799 5062 sit,
825 5010 940 5050 non
972 4994 1168 5051 minus
1199 4995 1374 5052 etiam
1408 4995 1478 5050 ob
1522 4994 2019 5067 pulchritudinem
2068 4997 2168 5053 ad-

530 5080 736 5136 mirari
758 5080 904 5137 illud
919 5086 1163 5154 oportet,
1189 5088 1573 5155 utpotequam
1601 5085 1916 5139 maximam
1941 5101 2169 5157 semper

527 5173 585 5225 et
616 5169 1102 5240 perfectissimam
1126 5170 1357 5226 exhibet
1378 5170 1929 5244 contemplantibus.
1958 5173 2171 5245 Figura

527 5255 684 5313 enim
743 5260 920 5313 maris
977 5259 1233 5330 profecto
1290 5263 1378 5314 est
1439 5258 1857 5332 pulcherrima,
1910 5260 2064 5333 quali
2114 5267 2171 5316 et

525 5345 732 5402 caelum
764 5362 899 5402 cum
929 5345 1091 5403 ﬁeret
1117 5353 1389 5402 ornatum
1416 5364 1544 5404 esse
1572 5348 1861 5405 novimus.
1906 5349 2170 5406 Oceanus

522 5434 680 5491 enim
715 5437 1045 5491 universam
1075 5435 1137 5490 in
1168 5436 1411 5491 circuitu
1437 5437 1622 5491 ambit
1650 5441 1902 5505 terram;
1936 5443 1993 5493 ct
2040 5456 2167 5493 rur-

524 5539 630 5580 sus
659 5522 807 5579 illud
839 5525 995 5595 quod
1029 5540 1184 5595 aqua
1213 5523 1449 5595 plenum
1481 5530 1571 5580 est
1602 5542 1635 5580 a
1688 5533 1841 5581 terra
1886 5532 2167 5599 tanquam

518 5611 582 5669 in
612 5611 828 5669 circulo
877 5613 1320 5684 constringitur.
1373 5613 1442 5667 Et
1484 5614 1630 5669 situs
1671 5616 1905 5685 quidem
1953 5616 2167 5688 ipsius,

517 5719 620 5849 sol

2266 3490 2363 3540 τοῦ
2412 3482 2636 3560 ἀπείρου
2689 3478 2890 3558 λόγους
2938 3480 3193 3557 ἁρμόζειν
3246 3478 3404 3553 αὐτῇ,
3462 3478 3553 3533 καὶ
3602 3478 3753 3532 ταῦθ’
3804 3479 3924 3554 ὁρι-

2273 3574 2505 3647 ζομένην
2575 3577 2757 3650 σαφῶς
2832 3572 2921 3626 καὶ
2995 3569 3185 3642 κύκλῳ
3243 3561 3796 3645 περιλαμϐανομένην
3853 3570 3924 3640 τῇ

2269 3667 2362 3739 γῇ,
2411 3659 2638 3717 πλείονα
2689 3659 2747 3717 δὲ
2792 3662 2892 3729 τὴν
2935 3657 3109 3721 ἐκτός.
3158 3657 3259 3713 Καὶ
3321 3654 3449 3732 μηδ’
3499 3655 3634 3711 εἶναι
3680 3656 3929 3730 παρεξε-

2272 3752 2447 3821 τάζειν
2501 3749 2666 3819 αὐτὴν
2717 3749 2854 3823 πρὸς
2901 3749 3000 3817 τήν
3054 3748 3169 3802 καθ’
3226 3748 3373 3818 ἡμᾶς
3417 3744 3535 3800 κατ’
3581 3741 3776 3799 οὐδένα
3824 3743 3929 3799 λό-

2273 3862 2370 3916 γον
2402 3886 2417 3911 ,
2477 3837 2538 3893 οῦ
2590 3859 2651 3915 γε
2704 3837 2865 3913 χάριν
2918 3836 3041 3891 οὕτε
3095 3833 3269 3896 πλοῦς
3326 3832 3376 3888 ἐν
3435 3832 3571 3906 αὐτῇ
3629 3831 3876 3907 γίγνεται
3914 3875 3929 3901 ,

2277 3930 2493 4005 ἀπειρία
2545 3929 2648 4003 γὰρ
2698 3924 2891 3987 ὕδατος
2940 3922 3129 3999 εἶ’ργει,
3172 3923 3262 3978 καὶ
3301 3923 3363 3976 τὸ
3419 3923 3495 3994 μή
3547 3917 3745 3976 εἰδέναι
3799 3919 3935 3978 ὅποι

2275 4041 2356 4081 τις
2388 4019 2447 4073 ἃν
2478 4015 2597 4092 ἔχοι
2645 4022 2893 4091 κατᾶραι·
2942 4015 3011 4069 τά
3053 4033 3113 4068 τε
3163 4011 3288 4087 ὅρια
3334 4012 3524 4081 αὐτῆς,
3574 4008 3743 4064 εἶκαὶ
3781 4008 3935 4072 ὅλως

2279 4109 2433 4180 εἰσὶν,
2493 4106 2592 4162 ούκ
2632 4105 2767 4160 εἶναι
2823 4103 2989 4159 εἰπεῖν
3050 4099 3287 4162 οὐδενός.
3348 4100 3447 4155 Καὶ
3504 4099 3650 4154 τοῦτ’
3709 4097 3935 4177 εἰλήφει

2276 4198 2339 4253 τὸ
2374 4196 2598 4271 μέγεθος
2637 4193 2737 4249 οὐκ
2782 4190 2883 4264 ἔξω
2933 4191 3125 4267 λόγου,
3176 4187 3302 4245 οὐδὲ
3346 4192 3444 4244 τοῦ
3490 4186 3777 4264 χρησίμου
3807 4207 3938 4263 χω-

2279 4286 2384 4361 ρίς’
2443 4283 2569 4340 ἀλλ’
2620 4281 2836 4356 ἐπείπερ
2895 4277 3129 4354 ἔμελλεν
3188 4280 3223 4347 ἡ
3277 4281 3375 4332 τοῦ
3421 4274 3615 4339 ὕδατος
3664 4275 3825 4354 φύσις
3871 4277 3935 4332 ού

2282 4373 2443 4448 μόνον
2495 4369 2561 4441 δὴ
2616 4373 2799 4446 μήτηρ
2847 4375 2962 4432 τοῖς
3012 4366 3228 4439 ἄλλοις,
3277 4364 3423 4422 ἀλλὰ
3457 4365 3547 4419 καὶ
3598 4366 3798 4435 τιθήνη
3833 4386 3938 4442 φα-

2276 4470 2427 4531 νῆναι
2458 4458 2532 4522 εἷς
2552 4481 2611 4515 τε
2637 4460 2736 4529 τήν
2769 4457 2819 4531 ἐξ
2847 4458 3024 4533 ἀρχῆς
3049 4456 3251 4531 γένεσιν
3285 4452 3367 4509 ὅτι
3397 4452 3652 4510 πλεῖστον
3674 4453 3934 4525 τελοῦσα,

2278 4548 2352 4612 εἵς
2428 4570 2487 4604 τε
2564 4549 2627 4602 τὸ
2693 4544 2977 4619 ,διαμένειν
3050 4544 3102 4607 ἐς
3176 4542 3300 4599 ὅσον
3378 4543 3587 4616 ἑκάστῳ
3657 4544 3693 4612 ἡ
3773 4542 3935 4619 φύσις

2278 4638 2480 4709 ἐξήκοι.

2350 4905 2503 4960 Οὕτω
2536 4904 2582 4959 δ’
2627 4904 2688 4959 ἐκ
2734 4905 2831 4958 τοῦ
2886 4900 3143 4976 μεγέθους
3193 4899 3603 4973 θαυμαζομένη,
3652 4896 3765 4974 οὐχ
3809 4896 3939 4967 ἤκι-

2279 5015 2375 5050 στα
2430 4995 2519 5050 καὶ
2579 4992 2668 5049 διὰ
2715 4993 2815 5061 τὴν
2870 4990 3012 5067 ὥραν
3072 4988 3392 5062 θαυμάζοιέ
3438 4986 3523 5061 ἂν,
3574 4987 3635 5056 ἢν
3668 4986 3747 5048 ὡς
3777 4986 3941 5042 πλεί-

2222 5130 2241 5145 .
2280 5104 2408 5153 στην
2468 5083 2548 5139 ἀεὶ
2625 5082 2715 5137 καὶ
2772 5078 3110 5151 τελεωτάτην
3188 5075 3484 5153 παρέχεται
3540 5080 3659 5137 τοῖς
3718 5075 3893 5151 ὁρῶσι
3929 5119 3943 5133 .

2281 5178 2486 5248 Σχῆμα
2541 5172 2641 5247 γάρ
2690 5168 2881 5226 αὐτίκα
2930 5166 3204 5236 θαλάσσης
3254 5166 3317 5220 τὸ
3363 5162 3658 5220 κάλλιστον
3693 5209 3708 5236 ,
3752 5163 3941 5237 ὁποίῳ

2279 5258 2545 5331 δήπουθεν
2623 5259 2712 5314 καὶ
2790 5257 2880 5311 τὸν
2942 5255 3166 5331 οὐρανὸν
3226 5250 3378 5327 ἴσμεν
3438 5253 3758 5330 γιγνόμενον
3816 5272 3880 5306 κε
3914 5286 3939 5296 -

2276 5349 2579 5422 κοσμῆσθαι
2616 5391 2628 5404 .
2692 5354 2797 5416 Γῆν
2854 5366 2913 5400 τε
2976 5344 3076 5421 γὰρ
3140 5344 3343 5397 ἅπασαν
3403 5339 3639 5403 ὠκεανὸς
3694 5336 3938 5416 περιδέ-

2279 5436 2449 5515 δρομε
2491 5436 2701 5509 κύκλῳ,
2751 5435 2840 5490 καὶ
2890 5431 3041 5498 αὖθις
3084 5432 3159 5493 ὡς
3208 5430 3259 5486 ἐν
3305 5429 3495 5504 κύκλῳ
3542 5433 3612 5504 τῇ
3660 5432 3753 5506 γῇ,
3785 5428 3815 5484 ὃ
3863 5425 3936 5499 δὴ

2277 5526 2471 5590 ὕδατος
2530 5524 2827 5600 πλεόμενόν
2888 5522 2999 5579 ἐστι
3035 5565 3049 5590 ,
3106 5520 3522 5599 περισφίγγεται
3565 5563 3578 5577 .
3636 5517 3737 5575 Καὶ
3791 5518 3943 5583 θέσις

2278 5615 2335 5671 δὲ
2366 5615 2523 5690 αὐτῇ,
2583 5617 2657 5676 ὡς
2720 5614 2779 5669 ἐκ
2831 5617 2939 5667 τῶν
2993 5610 3295 5686 εἰρημένων
3355 5608 3584 5678 εἰκάσαι,
3636 5608 3697 5664 τὸ
3749 5607 3941 5680 μεσαί-

619 5720 661 5845 3
698 5720 1029 5791 Legendum
1060 5714 1251 5773 οὔκουν
1286 5725 1483 5775 monet
1532 5720 1956 5778 Boissonadius
1998 5724 2197 5782 Anecd.
2251 5728 2353 5782 Gr.
2386 5728 2428 5779 t.
2464 5724 2506 5792 Ι,
2540 5740 2596 5796 p.
2629 5724 2755 5791 314,
2804 5721 2955 5792 quod
3005 5721 3208 5775 tenent
3252 5717 3427 5774 codd.
3486 5716 3626 5790 Reg.
3674 5714 3823 5774 2629
3879 5719 3941 5773 et
