4110 6416
205 535 298 599 437
1506 532 1927 600 ENCOMIUM
1971 533 2238 600 MARIS.

3461 529 3582 594 438

204 687 342 725 τατον
387 671 484 723 τοῦ
540 665 758 739 παντὸς,
819 663 968 741 εἷ’περ
1044 667 1133 724 καὶ
1203 671 1300 738 τῆς
1381 670 1480 745 γῆς
1538 668 1600 722 τὸ
1663 667 1816 740 μέσον

1939 673 2002 724 ut
2031 687 2061 725 e
2092 669 2263 725 dictis
2294 668 2578 742 conjicere
2610 668 2762 741 licet,
2781 672 2870 727 est
2899 667 3160 726 medium
3192 665 3469 739 universi,
3495 669 3575 724 si-

206 756 573 831 ἁπονενέμηται
623 756 692 832 τῇ
741 757 998 833 θαλάττῃ.
1053 758 1152 814 Καὶ
1205 755 1493 813 κινδυνεύίι
1540 762 1618 828 τῷ
1670 756 1822 832 λόγῳ

209 848 272 920 μή
297 849 502 922 κέντρον
547 847 648 915 τὴν
679 849 800 922 γῆν,
831 849 930 916 τὴν
984 844 1041 901 δὲ
1093 846 1358 910 θάλασσαν
1415 847 1568 902 εἶναι.
1601 848 1709 916 Τήν
1761 866 1825 920 γε

210 937 298 1008 μὴν
323 935 460 1011 ὥραν
490 933 580 989 καὶ
614 935 772 1010 χάριν
807 937 873 1004 ἣν
913 935 965 988 ἐν
1012 935 1146 1009 αὐτῇ
1197 940 1265 1010 τῇ
1315 937 1454 991 θέσει
1503 934 1818 1010 παρέχεται,

203 1026 278 1078 καὶ
326 1024 396 1086 ὡς
450 1021 654 1086 κύκλος
710 1025 768 1078 τὲ
827 1022 966 1078 ἐστιν
1000 1027 1034 1094 ἡ
1079 1024 1213 1092 αύτὴ
1270 1029 1349 1096 τῷ
1407 1044 1470 1099 γε
1523 1024 1622 1092 τήν
1683 1021 1820 1092 ὅλην

199 1117 538 1183 κατανοοῦντι,
599 1112 690 1167 καὶ
751 1113 920 1167 πάντα
976 1115 1237 1189 σχήματα
1320 1110 1580 1168 δείκνυσιν
1641 1111 1692 1166 ἐν
1749 1115 1818 1184 τῇ

199 1201 316 1275 πρὸς
342 1208 440 1276 γῆν
473 1198 779 1255 συνελεύσει
827 1200 915 1255 καὶ
971 1201 1132 1274 μίξει,
1163 1200 1403 1263 κόλπους
1457 1202 1550 1273 μὲν
1596 1199 1817 1255 πολυει-

197 1287 291 1351 δεῖς
345 1288 718 1360 ἆνελίσσουσα,
774 1291 972 1359 νήσους
1033 1287 1090 1344 δὲ
1146 1287 1208 1344 αὖ
1269 1289 1330 1345 ἐκ
1389 1289 1558 1362 μέσης
1623 1289 1816 1364 μικρὰς

195 1377 272 1432 καὶ
321 1377 528 1449 μείζους
573 1374 919 1450 ἀναδιδοῦσα,
973 1377 1062 1433 καὶ
1111 1377 1392 1454 πορθμοὺς
1446 1378 1497 1432 ἐν
1543 1382 1708 1450 στενῷ
1764 1376 1817 1439 ές

197 1469 441 1538 μήκιστον
520 1463 810 1536 διήκοντας
882 1467 1312 1543 ἀπεργαζομένη,
1369 1467 1454 1528 τίς
1523 1466 1580 1521 ἂν
1649 1464 1814 1541 λόγος

193 1555 409 1628 μετρίως
457 1553 624 1608 εἰπεῖν
697 1555 1038 1630 ἆποχρήσει;
1096 1553 1272 1610 Ἀλλὰ
1335 1561 1502 1610 ταῦτα
1573 1555 1666 1627 μέν
1743 1555 1816 1615 ὡς

193 1642 244 1698 ἐκ
294 1649 388 1712 τῆς
445 1646 789 1719 περιγραφῆς
835 1643 925 1698 καὶ
983 1646 1082 1713 τῆς
1147 1645 1343 1706 θέσεως
1399 1645 1488 1698 καὶ
1565 1643 1687 1699 ὅσον
1744 1643 1812 1716 τῇ

186 1737 231 1806 γ’
275 1731 509 1802 αἰσθήσει
582 1727 930 1787 καταλαϐεῖνο
993 1737 1248 1808 Λογισμῷ
1313 1731 1369 1788 δέ
1421 1754 1504 1794 τις
1562 1737 1815 1786 τοσοῦτον

187 1815 570 1895 διισχυρίσαιτο
624 1822 722 1888 τήν
782 1825 879 1875 τοῦ
935 1819 1129 1882 ὕδατος
1190 1820 1344 1899 φύσιν
1407 1821 1536 1876 εἰναι
1613 1817 1809 1889 καλήν,

185 1907 367 1963 ὁπόσον
396 1909 487 1963 καὶ
530 1909 677 1985 ἀρχὴ
716 1914 834 1970 τοῖς
883 1906 1076 1972 ἄλλοις
1128 1909 1162 1963 ἃ
1207 1913 1305 1964 τοῦ
1361 1913 1532 1964 καΛοῦ
1584 1909 1814 1983 μετέσχε

1934 759 2172 829 quidem
2204 764 2260 816 et
2289 760 2547 816 medium
2594 765 2761 816 terrae
2791 759 2938 815 mari
2987 757 3332 814 attributum
3363 761 3471 814 est.
3503 755 3576 812 Et

1933 862 2002 901 ex
2031 848 2258 904 ratione
2312 850 2588 921 consequi
2618 850 2848 905 videtur
2894 853 3108 904 terram
3140 865 3255 903 non
3283 863 3410 903 esse
3439 863 3570 903 cen-

1932 939 2109 1007 trum,
2159 938 2258 992 sed
2327 955 2506 993 mare.
2557 939 2699 992 Nam
2773 938 3025 1009 profecto
3096 935 3469 1008 pulchritudo
3517 937 3576 992 et

1931 1025 2119 1097 gratia
2151 1043 2329 1097 quam
2366 1026 2423 1081 in
2458 1028 2588 1098 ipsa
2617 1044 2724 1082 sua
2752 1027 3015 1098 positura
3044 1025 3296 1091 exhibet,
3327 1025 3456 1098 ipsa
3483 1028 3572 1080 est

1931 1114 2116 1170 instar
2164 1115 2388 1183 circuli,
2420 1116 2607 1188 siquis
2656 1115 2800 1170 illud
2832 1115 3168 1170 universum
3218 1113 3566 1181 consideret,

1928 1219 2251 1276 omnesque
2300 1205 2518 1276 ﬁguras
2548 1205 2807 1260 ostendit
2854 1205 2912 1258 in
2947 1221 3050 1258 suo
3083 1204 3153 1258 ad
3201 1208 3422 1258 teraam
3473 1219 3567 1258 ac-

1928 1308 2094 1346 cessu
2126 1297 2345 1347 etcum
2396 1310 2463 1348 ea
2493 1292 2924 1348 commixtione.
2977 1292 3152 1347 Sinus
3190 1291 3346 1346 enim
3397 1290 3567 1346 varias

1927 1379 2126 1435 formai
2158 1398 2304 1452 quas
2335 1381 2612 1436 volvendo
2643 1381 2846 1452 aperit,
2881 1396 3204 1450 rursusque
3232 1379 3457 1435 insulas
3500 1396 3567 1435 ex

1927 1469 2117 1524 medio
2150 1470 2239 1524 sui
2273 1487 2478 1540 parvas
2510 1473 2566 1524 et
2589 1486 2832 1541 magnas
2864 1486 3010 1540 quas
3043 1469 3391 1540 producit,et
3420 1467 3567 1523 freta

1926 1555 2076 1611 inter
2105 1556 2408 1628 angustias
2439 1556 2782 1628 longissime
2811 1558 3176 1612 transeuntia
3204 1573 3330 1628 quae
3361 1556 3559 1624 efﬁcit,

1924 1661 2190 1716 quaenam
2225 1645 2427 1712 oratio,
2455 1650 2518 1700 ut
2551 1663 2654 1718 par
2683 1651 2791 1717 est,
2825 1647 3012 1701 dicere
3043 1646 3345 1702 sufﬁciat?
3373 1648 3564 1718 Atque

1923 1733 2045 1788 haec
2095 1733 2330 1805 quidem
2381 1751 2448 1790 ex
2497 1735 3033 1805 circumscriptione
3090 1739 3148 1790 et
3197 1736 3460 1807 positura
3506 1739 3563 1791 et

1923 1822 2090 1893 quasi
2121 1822 2249 1893 ipso
2281 1839 2456 1877 sensu
2486 1823 2916 1894 deprehendere
2939 1822 3562 1878 licet.Ratiocinatione

1922 1916 2116 1966 autem
2150 1912 2281 1982 quis
2312 1912 2657 1966 conﬁrmare
2689 1911 2899 1983 poterit
2928 1913 3069 1967 adeo
3101 1911 3408 1984 pulchram
3432 1928 3560 1970 esse

180 1995 504 2072 γνωρίζεται.
557 1996 630 2052 Ού
685 1999 786 2072 γὰρ
846 1998 906 2052 ἂν
965 1999 1030 2066 ἦν
1091 1998 1231 2059 εἰκὸς
1290 1999 1356 2052 τὰ
1411 1999 1508 2066 τὴν
1588 1996 1808 2070 ὕπαρξιν

1929 2016 2086 2070 aquae
2134 2004 2428 2071 naturam,
2463 2003 2526 2054 ut
2572 1999 2814 2071 reliquis
2844 2001 3020 2056 rebus
3060 2017 3186 2072 quas
3233 1999 3560 2072 pulchritu-

181 2083 390 2161 δεύτερα
442 2085 697 2140 τοιούτου
759 2086 1008 2161 μετέχειν
1067 2087 1213 2148 τινὸς
1276 2088 1351 2158 μὴ
1407 2090 1515 2141 τῶν
1577 2085 1808 2158 πρώτων

181 2173 614 2250 μετεσχηκότων,
668 2174 757 2251 ἀφ’
803 2176 877 2228 ὦν
925 2171 993 2242 δὴ
1036 2173 1124 2228 καί
1175 2179 1342 2229 ταῦτα
1405 2175 1652 2244 συνέστη.
1700 2180 1809 2228 Πο-

175 2263 333 2335 ταμοὶ
409 2260 466 2318 δὲ
541 2263 738 2325 πάντες
822 2263 910 2318 καὶ
996 2264 1185 2340 πηγαὶ,
1246 2263 1437 2336 λίμναι
1490 2283 1549 2317 τε
1603 2261 1668 2316 αὖ
1722 2263 1812 2317 καὶ

176 2356 391 2429 νυμφῶν
449 2351 663 2425 νάματα
719 2353 808 2406 καὶ
865 2351 963 2406 ὅσα
1037 2353 1136 2421 τὴν
1215 2359 1318 2426 γῆν
1383 2353 1695 2428 ὑποτρέχει,
1757 2351 1816 2406 ἐκ

177 2439 442 2510 θαλάσσης
499 2441 569 2494 τὰ
617 2442 786 2496 πάντα
833 2440 923 2495 καὶ
963 2439 1115 2505 αὖθις
1177 2441 1252 2503 εἰς
1300 2440 1566 2496 Θάλασσαν
1617 2441 1812 2516 καταρ-

177 2527 256 2603 ῥεῖ
305 2533 463 2585 τοῦτο
501 2529 618 2600 μὲν,
668 2531 741 2592 ὡς
801 2529 860 2584 έκ
920 2531 1126 2606 μητρὸς
1184 2533 1344 2584 τοῦτο
1399 2527 1445 2584 δ’
1489 2527 1574 2601 αὖ,
1607 2531 1680 2591 ὡς
1738 2529 1812 2591 εἰς

173 2620 352 2688 κοινήν
401 2638 521 2672 τινα
581 2623 678 2672 τοῦ
743 2618 943 2680 παντὸς
1001 2619 1168 2694 ὑγροῦ
1210 2619 1416 2694 χώραν.
1465 2615 1564 2688 Εἰίη
1621 2616 1678 2673 δὲ
1724 2618 1812 2673 καὶ

175 2710 330 2760 τοῦτο
381 2708 480 2775 τήν
546 2707 670 2779 μίαν
731 2707 864 2762 εἰναι
923 2706 1124 2776 ταύτην
1194 2708 1371 2783 ἀρχὴν
1441 2712 1540 2762 τοῦ
1615 2708 1814 2769 παντὸς

179 2791 363 2857 ὕδατος
448 2801 674 2868 σημεῖον
753 2795 852 2850 ούκ
931 2793 1194 2871 ἀμυδρόν.
1248 2797 1410 2860 Ἔνθα
1487 2796 1590 2871 γὰρ
1677 2798 1811 2851 ἅπαν

177 2882 512 2956 ἀνακάμπτον
597 2885 810 2958 ὁρῶμεν
885 2884 974 2938 καὶ
1034 2884 1554 2957 ἀποκαθιστάμενον,
1617 2883 1811 2948 ἐκεῖθεν

177 2972 261 3025 καὶ
309 2974 406 3041 τὴν
464 2973 690 3048 πρώτην
751 2971 924 3028 αἰτίαν
984 2978 1079 3028 τοῦ
1151 2973 1284 3028 εἶναι
1362 2973 1641 3051 εἰληφέναι
1724 2995 1812 3028 πι-

179 3061 455 3132 στούμεθα.
490 3059 646 3115 Οῧτω
702 3062 803 3136 γὰρ
859 3061 949 3116 καὶ
1006 3062 1070 3116 τὰ
1130 3060 1190 3116 ἐκ
1239 3069 1339 3136 γῆς
1371 3063 1576 3116 ἅπαντα
1609 3061 1684 3122 εἰς
1713 3067 1813 3136 γῆν

178 3146 467 3204 ἀναλύοντα
522 3149 623 3217 τὴν
687 3156 788 3226 γῆν
865 3151 1089 3223 πρώτην
1165 3149 1309 3228 σφίσι
1392 3150 1600 3226 μητέρα
1683 3150 1816 3204 εἶναι

180 3232 356 3305 δηλοῖ.
403 3238 464 3293 Ἠ
525 3235 603 3308 δὲ,
651 3236 895 3293 ἀπάντων
968 3235 1172 3293 ὑδάτων
1224 3237 1301 3300 εἰς
1362 3237 1526 3306 αὐτὴν
1581 3239 1813 3314 εἰσρεόν-

178 3344 302 3395 των,
345 3325 432 3380 καὶ
485 3327 641 3380 πάνθ’
693 3323 1073 3402 ὑποδεχομένη
1130 3325 1220 3380 διὰ
1289 3327 1548 3401 μεγέθους
1597 3348 1816 3402 περιου-

1921 2087 2077 2144 dinis
2130 2089 2438 2160 participes
2469 2093 2628 2157 sunt,
2678 2089 3032 2161 principium
3080 2105 3229 2158 esse,
3264 2094 3420 2146 certo
3464 2107 3559 2146 co-

1921 2181 2254 2248 gnoscatur.
2289 2177 2415 2232 Non
2446 2176 2602 2232 enim
2633 2177 2960 2234 verosimile
2992 2183 3080 2234 est
3107 2196 3177 2236 ea
3204 2197 3334 2253 qua:
3364 2185 3555 2254 quoad

1923 2266 2323 2322 exsistentiam
2357 2266 2676 2338 posteriora
2705 2267 3004 2335 sunt,talis
3035 2268 3282 2340 alicujus
3313 2271 3394 2326 rei
3425 2289 3558 2344 par-

1923 2354 2185 2426 ticipare,
2221 2355 2291 2409 de
2345 2371 2461 2426 qua
2490 2355 2696 2427 prima,
2733 2371 2835 2428 per
2883 2373 3008 2427 quae
3064 2357 3192 2429 ipsa
3241 2359 3562 2430 posteriora

1924 2443 2274 2514 consistunt,
2309 2460 2424 2498 non
2471 2443 2838 2516 participant.
2868 2440 3051 2500 Fluvii
3082 2448 3238 2501 enim
3271 2463 3475 2505 omnes
3505 2453 3563 2506 et

1923 2531 2132 2599 fontes,
2165 2548 2335 2603 porro
2385 2538 2441 2586 et
2470 2531 2632 2587 lacus
2667 2537 2724 2587 et
2771 2549 3056 2604 aquarum
3109 2535 3301 2591 ﬂuxus
3330 2540 3387 2592 et
3416 2536 3563 2611 lym-

1923 2620 2173 2692 pharum
2223 2619 2446 2685 latices,
2474 2625 2532 2677 et
2577 2637 2942 2693 quaecunque
2973 2639 3151 2678 cursu
3192 2641 3298 2679 suo
3346 2628 3562 2682 terram

1923 2709 2198 2774 subeunt,
2246 2709 2444 2764 omnia
2473 2725 2540 2763 ex
2589 2709 2734 2764 mari
2782 2713 2922 2765 sunt
2950 2715 3007 2765 et
3058 2729 3260 2768 rursus
3292 2712 3352 2768 in
3405 2730 3565 2770 mare

1925 2797 2218 2863 reﬂuunt;
2253 2800 2310 2851 et
2354 2795 2498 2851 illud
2531 2796 2767 2868 quidem
2800 2801 3082 2870 tanquam
3113 2815 3181 2855 ex
3218 2804 3424 2870 matre,
3456 2803 3566 2858 hoc

1924 2890 2122 2941 autem
2154 2891 2436 2957 tanquam
2468 2885 2526 2939 in
2559 2902 2869 2940 commune
2899 2888 3193 2958 quoddam
3225 2889 3417 2945 omnis
3449 2891 3565 2946 hu-

1927 2974 2070 3028 midi
2124 2973 2574 3045 receptaculum.
2610 2975 2758 3029 Adeo
2806 2980 2873 3029 ut
2900 2975 3008 3030 hoc
3055 2975 3134 3031 sit
3165 2976 3398 3049 signum
3445 2995 3561 3035 non

1925 3064 2262 3127 obscurum,
2295 3079 2450 3118 mare
2481 3079 2609 3118 esse
2641 3063 2879 3119 unicum
2910 3064 3101 3119 omnis
3132 3083 3294 3138 aquas
3345 3066 3562 3139 princi-

1925 3151 2125 3223 pium;
2160 3167 2224 3206 eo
2256 3151 2411 3206 enim
2443 3168 2674 3207 omnem
2710 3153 2912 3207 reverti
2945 3169 3158 3224 aquam
3189 3159 3247 3210 et
3279 3158 3561 3226 tanquam

1924 3239 1985 3294 in
2018 3240 2332 3311 pristinum
2382 3239 2574 3294 locum
2607 3239 2792 3295 redire
2831 3239 3117 3308 videmus,
3151 3247 3208 3298 et
3253 3241 3414 3298 illinc
3443 3243 3563 3314 pri-

1927 3344 2083 3383 mam
2115 3345 2234 3383 suae
2283 3329 2548 3384 essentias
2579 3344 2817 3383 causam
2865 3329 3194 3399 suscepisse
3247 3331 3563 3388 credimus.

179 3412 309 3484 σίαν,
342 3412 456 3469 οῦτι
512 3413 718 3470 πλείων
777 3417 876 3483 τῆς
936 3411 1102 3485 οὕσης
1162 3416 1370 3491 ὁρᾶται,
1414 3413 1524 3470 οὔτ’
1576 3415 1812 3479 ἐλάττων

1929 3415 2072 3471 Nam
2103 3417 2184 3471 ita
2215 3419 2270 3472 et
2299 3432 2660 3487 quaecunque
2691 3431 2758 3470 ex
2782 3420 2938 3471 terra
2966 3421 3104 3472 sunt
3132 3417 3191 3472 in
3230 3423 3445 3474 terram
3476 3436 3564 3475 re-

176 3522 256 3563 τις
315 3501 558 3580 φαίνεται
619 3500 770 3558 οὖσα.
830 3501 903 3558 Ού
953 3505 1055 3579 γάρ
1110 3525 1216 3558 που
1270 3503 1435 3560 πλέον
1497 3502 1557 3558 οῦ
1617 3501 1818 3559 δέδωκε

177 3597 336 3664 γῆθεν
397 3587 686 3664 λαμϐάνει”
741 3591 832 3646 καὶ
898 3589 1052 3656 αὖθις
1128 3589 1320 3647 δίδωσί
1393 3615 1456 3667 γε
1538 3598 1814 3662 τοσοῦτον,

176 3679 371 3734 ὁπόσον
427 3679 519 3735 καὶ
570 3677 884 3751 εἰσεδέξατο·
919 3681 1006 3735 καὶ
1055 3681 1167 3753 ἅμα
1225 3680 1323 3736 οὐκ
1379 3679 1655 3736 ἐπιδίδωσι
1713 3687 1818 3736 τῶν

176 3765 233 3821 ἐκ
283 3775 390 3842 γῆς
445 3763 944 3842 τυμόαλλομένων,
987 3769 1102 3824 ἐπεὶ
1165 3767 1293 3842 μηδ’
1333 3769 1530 3838 ἀτελὴς
1587 3769 1816 3846 ἐγένετο,

174 3854 295 3910 οὔδε
349 3858 667 3933 προσθήκης
725 3855 955 3929 δεομένη
1017 3858 1166 3919 κινὸς
1226 3857 1276 3927 ἐξ
1336 3859 1656 3934 ἀρχῆς.Τῷ
1704 3854 1816 3912 ὅντι

176 3940 231 3998 δέ
282 3944 468 4000 τελεία
542 3947 632 4000 καὶ
699 3944 945 4022 πλήρης,
1006 3947 1207 4008 παντὸς
1272 3946 1485 4018 μᾶλλον
1544 3945 1816 4017 ἀνενδεής.

177 4029 406 4110 Ὀμϐροι
469 4035 528 4089 δὲ
582 4036 718 4110 πρὸς
777 4040 894 4096 τοῖς
953 4033 1265 4110 εἰρημένοις
1325 4036 1414 4089 καὶ
1491 4034 1675 4110 δρόσοι
1730 4035 1818 4090 καὶ

175 4125 397 4199 νιφετοὶ,
457 4122 679 4201 νεφέλαι
733 4144 792 4178 τε
847 4121 912 4178 αὖ
970 4124 1023 4176 αἱ
1094 4123 1322 4186 τούτους
1392 4129 1671 4196 γεννῶσαι,
1729 4125 1819 4178 καὶ

180 4210 273 4264 ὅσα
325 4216 542 4286 πρῶτον
615 4211 689 4273 εἰς
747 4210 838 4266 τὸν
900 4207 1008 4266 ἅνω
1064 4211 1420 4284 συνιστάμενα
1475 4213 1664 4284 τόπον,
1725 4213 1822 4266 εἶτ’

183 4297 368 4355 ἐκεῖθεν
399 4300 475 4362 εἰς
501 4306 605 4376 γῆν
661 4300 918 4368 κάτεισιν,
951 4297 1028 4355 ἔτι
1089 4321 1151 4374 γε
1207 4302 1314 4373 μὴν
1375 4301 1588 4372 ἀνέμων
1636 4301 1819 4378 φύσεις

184 4389 267 4441 καὶ
293 4393 542 4444 παντοῖαι
576 4389 760 4459 πνοαὶ,
787 4390 887 4457 τὴν
939 4387 1116 4464 ἀρχὴν
1169 4388 1228 4444 ἐκ
1273 4393 1370 4444 τοῦ
1418 4386 1610 4452 ὕδατος
1663 4385 1820 4464 ἔχου-

188 4495 280 4530 σιν.
313 4476 375 4533 Εἴ
431 4474 489 4533 δὲ
550 4477 782 4553 βλάσται
843 4481 1044 4554 φυτῶν,
1096 4476 1339 4555 ἐκφύσεις
1397 4499 1455 4532 τε
1510 4477 1597 4532 καί
1655 4477 1817 4548 αὐξή-

192 4583 310 4635 σεις,
362 4564 726 4635 ἀναθηλήσεις
803 4586 863 4619 τε
937 4565 1025 4620 καὶ
1082 4565 1444 4644 καρποφορίαι
1503 4564 1553 4636 ἐξ
1613 4563 1816 4620 ὑδάτων

193 4650 336 4723 ὡςὲξ
373 4653 534 4724 ὕλης,
568 4653 629 4709 οὐ
677 4655 782 4729 γὰρ
833 4650 1020 4717 ἄλλως
1070 4653 1182 4708 οἷόν
1232 4675 1290 4709 τε
1336 4653 1662 4729 προκύπτειν
1724 4663 1820 4724 τῆς

1931 3505 2322 3571 solvuntur,et
2350 3509 2564 3560 terram
2599 3503 2715 3559 illis
2747 3503 2994 3576 primam
3029 3510 3274 3562 matrem
3299 3522 3426 3563 esse
3448 3524 3569 3564 ma-

1929 3595 2206 3650 nifestum
2257 3597 2363 3648 est.
2419 3596 2572 3647 Mare
2615 3598 2832 3663 autem,
2883 3610 3014 3648 cum
3068 3611 3271 3652 omnes
3320 3596 3376 3650 in
3421 3595 3567 3652 illud

1929 3683 2230 3739 conﬂuunt
2260 3699 2423 3754 aqua;
2454 3697 2670 3751 easque
2717 3698 2920 3737 omnes
2947 3683 3175 3755 excipit,
3209 3689 3445 3756 propter
3474 3686 3568 3742 in-

1930 3777 2160 3845 gentem
2195 3770 2660 3842 magnitudinem
2692 3785 2796 3824 nec
2839 3772 3031 3840 majus
3061 3772 3420 3844 conspicitur
3465 3790 3570 3829 nec

1932 3860 2127 3915 minus
2160 3863 2402 3931 apparet
2432 3875 2606 3929 quam
2656 3863 2790 3913 ante
2821 3866 2943 3914 erat
2976 3876 2987 3913 :
3024 3860 3205 3916 nihilo
3234 3861 3390 3916 enim
3414 3861 3571 3933 plus-

1932 3965 2108 4021 quam
2140 3948 2299 4002 dedit
2329 3946 2533 4018 recipit
2562 3963 2594 4000 a
2633 3951 2783 4001 terra
2812 3965 2824 4013 ;
2853 3951 2911 4002 et
2942 3948 3133 4003 denuo
3162 3952 3391 4005 tantum
3441 3951 3570 4006 red-

1930 4039 2036 4104 dit,
2069 4041 2355 4107 quantum
2406 4036 2463 4088 in
2505 4051 2566 4089 se
2612 4040 2940 4106 receperat;
2975 4042 3032 4091 et
3078 4035 3229 4092 inter
3278 4053 3346 4092 ea
3393 4038 3572 4094 simul

1931 4143 2046 4182 non
2092 4129 2356 4198 augetur,
2389 4124 2530 4178 dum
2565 4141 2597 4178 a
2622 4128 2777 4178 terra
2823 4125 3077 4195 quadam
3106 4125 3219 4197 ipsi
3259 4126 3572 4182 conferun-

1931 4219 2028 4270 tur
2055 4232 2068 4282 ;
2103 4213 2380 4285 quoniam
2435 4228 2539 4266 nec
2571 4212 2971 4280 imperfectum
3020 4212 3236 4268 factum
3267 4217 3355 4269 est
3383 4229 3572 4286 neque

1931 4301 2312 4358 additamenti
2337 4302 2407 4356 ab
2439 4301 2550 4356 alio
2575 4301 2830 4372 quodam
2855 4299 3137 4372 principio
3161 4300 3412 4373 indiget;
3433 4319 3574 4372 quo-

1932 4391 2090 4447 niam
2143 4407 2338 4446 revera
2403 4394 2881 4445 consummatum
2949 4393 3006 4443 et
3078 4389 3405 4461 perfectum
3468 4407 3573 4446 nec

1931 4479 2110 4536 ullius
2165 4478 2354 4552 magis
2399 4478 2707 4550 indignum
2735 4482 2842 4533 est.
2896 4477 3108 4532 Praeter
3155 4477 3309 4532 dicta
3353 4493 3488 4534 vero
3518 4482 3576 4535 et

1931 4570 2151 4624 imbres
2182 4571 2240 4624 et
2268 4584 2362 4623 ros
2388 4570 2444 4624 et
2472 4567 2571 4621 nix
2599 4571 2657 4621 et
2684 4567 2870 4621 nubes
2903 4567 3143 4638 insuper
3171 4582 3299 4637 quae
3344 4565 3446 4622 illa
3474 4582 3572 4640 ge-

1931 4661 2138 4714 nerant
2167 4661 2224 4712 et
2251 4671 2615 4728 quaecunque
2644 4654 2832 4726 primo
2863 4653 2924 4708 in
2955 4653 3194 4711 sublimi
3242 4654 3577 4712 consistunt

195 4745 309 4814 γῆς,
341 4745 522 4818 μήτηρ
583 4740 641 4798 δὲ
694 4747 793 4797 τοῦ
839 4743 1040 4805 παντὸς
1089 4740 1308 4811 ὕδατος,
1358 4743 1697 4819 προσκείσθω
1763 4743 1816 4800 δὲ

1929 4747 2056 4803 loco
2088 4750 2143 4801 et
2174 4745 2384 4800 deinde
2427 4743 2588 4798 illinc
2619 4744 2677 4798 in
2709 4746 2926 4798 terram
2979 4743 3360 4814 descendunt,
3409 4743 3573 4799 insu-

196 4827 274 4882 καί
324 4832 519 4894 παντὸς
578 4831 763 4908 ὑγροῦ,
823 4829 1082 4904 θάλασσα,
1142 4829 1373 4902 εὔδηλον
1425 4832 1502 4896 ὡς
1548 4833 1636 4887 καὶ
1692 4832 1818 4888 τού-

197 4936 291 4972 των
345 4919 440 4976 οὐκ
494 4918 644 4989 ἄλλη
691 4940 774 4980 τις
847 4919 991 4976 αἰτία
1035 4922 1097 4976 τὸ
1149 4920 1313 4997 μέρος
1377 4925 1538 4976 τοῦτο
1597 4921 1677 4976 ὅτι
1742 4924 1817 4996 μή

197 5003 432 5069 θάλασσα.

1931 4852 2034 4908 per
2064 4851 2204 4890 sane
2231 4837 2537 4888 ventorum
2563 4830 2878 4903 qualitates
2907 4835 2966 4886 et
2995 4829 3187 4886 omnis
3217 4830 3448 4904 generis
3478 4831 3577 4888 ﬂa-

1931 4929 2028 4979 tus
2059 4940 2128 4980 ex
2156 4937 2310 4993 aqua
2341 4920 2696 4993 principium
2725 4918 3007 4974 obtinent.
3057 4918 3398 4976 Plantarum
3429 4937 3573 4992 quo-

1931 5027 2047 5084 que
2097 5009 2446 5083 prepagines
2496 5012 2553 5064 et
2603 5007 3062 5079 germinationes
3110 5012 3167 5063 et
3215 5008 3577 5065 incrementa

202 5093 510 5171 ﬂorumque
558 5097 972 5171 productiones
1020 5102 1077 5155 et
1123 5099 1419 5156 fructuum
1481 5104 1795 5172 proventus
1851 5118 1921 5157 ex
1970 5117 2123 5172 aqua
2168 5098 2325 5154 velut
2371 5115 2438 5154 ex
2505 5096 2750 5152 materia
2795 5095 3143 5168 proveniunt
3188 5115 3201 5164 ;
3252 5114 3368 5153 non
3418 5097 3576 5154 enim

206 5181 354 5242 aliter
380 5187 545 5243 ﬁeret
575 5191 641 5244 ut
687 5186 747 5244 in
788 5192 1002 5244 terram
1055 5187 1355 5245 inclinent.
1407 5189 1592 5244 Mater
1640 5189 1794 5244 enim
1849 5189 2042 5246 omnis
2091 5187 2576 5261 aquw,_addatur
2619 5189 2676 5240 et
2723 5185 2916 5241 omnis
2962 5185 3211 5254 humidi,
3262 5202 3422 5243 mare
3468 5191 3577 5245 est.

201 5271 339 5330 Satis
369 5275 521 5333 clare
551 5275 708 5332 enim
743 5281 906 5349 patet
945 5277 1101 5348 quod
1132 5280 1189 5332 et
1217 5276 1426 5333 horum
1459 5277 1621 5332 nulla
1651 5277 1765 5334 alia
1796 5277 1874 5334 sit
1903 5294 2081 5333 causa
2111 5293 2287 5348 quam
2321 5291 2455 5347 pars
2485 5273 2602 5341 illa,
2631 5291 2756 5346 quae
2789 5277 2878 5329 est
2907 5291 3086 5330 mare.

259 5359 326 5416 Θύ
381 5359 446 5432 δὴ
511 5364 651 5437 μόνα
704 5367 872 5418 ταῦτα
924 5364 1024 5432 τήν
1086 5365 1250 5439 ὑγρὰν
1303 5363 1378 5426 ὡς
1441 5365 1650 5440 μητέρα
1687 5365 1822 5420 κατᾶ

197 5449 277 5503 τὸν
335 5450 620 5526 εἰρημένον
679 5452 933 5521 κέκτηται
989 5451 1216 5528 τρόπον,
1261 5451 1404 5508 ἀλλὰ
1455 5453 1544 5507 καὶ
1601 5458 1827 5508 παντοῖα

197 5557 308 5612 γενη
361 5544 467 5597 τῶν
529 5541 710 5611 ζώων,
767 5540 882 5596 ἐπεὶ
940 5540 1039 5597 ούκ
1093 5537 1232 5598 ἔστιν
1282 5537 1434 5597 οὐδὲν
1493 5546 1602 5598 τῶν
1662 5543 1824 5597 ἀπάν-

198 5646 294 5683 των
339 5629 368 5685 ὃ
429 5631 506 5704 μὴ
566 5633 635 5704 τῇ
693 5633 788 5686 τοῦ
860 5629 1028 5705 ὑγροῦ
1089 5634 1301 5706 μετοχῇ
1355 5637 1456 5701 τῆς
1515 5630 1822 5704 ἐπωνυμίας

201 5717 379 5788 ταύτης
469 5717 756 5794 μετάσχοι.
833 5718 1034 5774 Τούτου
1118 5717 1164 5774 δ’
1223 5719 1436 5795 ἐναργὲς
1520 5721 1820 5795 γνώρισμα·

208 5803 478 5884 ἰπιιδήπερ
565 5802 966 5864 συναποϐάλλει
1035 5809 1124 5864 καὶ
1198 5809 1260 5863 τὸ
1338 5814 1447 5878 ζῶα
1522 5810 1675 5880 εἶναι,
1735 5809 1821 5862 καὶ

2003 5367 2118 5421 Nec
2150 5363 2406 5437 profecto
2460 5363 2581 5418 haec
2609 5363 2734 5419 sola
2763 5362 3076 5418 humidum
3125 5366 3408 5436 tanquam
3453 5379 3578 5420 ma-

1936 5459 2105 5521 trem,
2141 5470 2206 5509 eo
2257 5469 2372 5524 quo
2403 5451 2625 5508 dictum
2675 5456 2763 5507 est
2793 5453 2986 5524 modo,
3037 5452 3244 5508 sortita
3285 5456 3442 5522 sunt,
3475 5453 3577 5509 sed

1935 5548 1993 5600 et
2021 5544 2423 5614 cujuscunque
2451 5541 2679 5613 generis
2711 5541 2988 5598 animalia
3015 5559 3028 5609 ;
3052 5541 3192 5613 quia
3220 5541 3446 5597 nullum
3480 5541 3578 5598 da-

1935 5639 2031 5688 tur
2061 5647 2129 5687 ex
2157 5630 2431 5687 omnibus
2463 5631 2617 5702 quod
2651 5648 2764 5686 non
2799 5631 2869 5687 ob
2913 5630 3140 5686 humidi
3179 5629 3576 5703 participatio-

1938 5738 2071 5777 nem
2120 5721 2384 5792 ejusdem
2435 5719 2677 5793 originis
2725 5725 2782 5778 et
2828 5720 3084 5776 nominis
3133 5721 3426 5792 particeps
3475 5719 3573 5775 sit.

1934 5811 2003 5866 Et
2061 5810 2239 5882 hujus
2288 5809 2367 5864 rei
2419 5809 2653 5865 evidens
2707 5815 2795 5865 est
2842 5809 3146 5880 indicium,
3195 5809 3350 5880 quod
3395 5807 3575 5864 simul
