4110 6460
437 482 558 548 439

1456 474 1775 540 GEORGII
1817 469 2078 536 GYPRII
2123 470 2241 533 GP.
2285 471 2816 539 PATBIARCHE

3724 470 3846 535 ιω

445 613 737 676 coincidat
764 614 832 669 ut
880 613 938 669 et
966 608 1243 667 animalia
1290 613 1347 666 et
1375 610 1610 667 omnino
1655 608 1913 664 animata
1944 605 2081 671 sint,

2221 601 2347 666 ἶλως
2379 603 2600 682 ἔμψυχα
2645 609 2745 677 τὴν
2785 603 3059 684 ὑγρότητα
3106 598 3474 663 ἀποϐαλόντα.
3506 600 3681 662 Ἀλλά
3734 605 3839 678 μὴν

444 706 496 765 si
545 702 897 760 bumiditate
949 704 1165 755 carent.
1222 700 1332 755 Sed
1397 705 1603 768 praeter
1655 702 1860 753 caetera
1908 694 2088 751 maris

441 808 727 874 tanquam
778 798 1027 853 maxime
1079 797 1380 868 proprium
1434 798 1632 851 foetum
1667 796 1793 849 dico
1844 811 1971 849 esse
2004 792 2088 865 pi-

446 893 634 950 scium
666 894 722 945 et
771 886 1095 942 natatilium
1130 886 1327 940 omnia
1374 902 1626 955 genera;
1655 884 1808 955 quod
1859 900 1974 954 qua
2003 898 2088 936 ra-

444 982 604 1038 tione
632 978 738 1034 etsi
790 978 965 1047 digne
1008 975 1141 1045 quis
1189 975 1535 1036 admiretur,
1583 970 1914 1042 intelligat?
1945 970 2089 1024 Nam

449 1077 602 1151 quod
640 1076 708 1131 ad
744 1073 859 1129 alia
888 1074 1095 1128 attinet
1123 1072 1399 1127 animalia
1422 1076 1803 1142 praeterquam
1836 1068 1990 1139 quod
2022 1068 2092 1122 de

448 1165 693 1223 humido
745 1162 1093 1235 participent
1124 1178 1137 1216 :
1174 1160 1364 1232 pisces
1413 1164 1607 1214 autem
1640 1174 1781 1230 pure
1830 1172 1898 1211 ex
1924 1155 2092 1227 aquis

450 1258 609 1322 sunt,
637 1253 695 1307 in
728 1252 800 1307 iis
851 1250 1107 1322 primum
1138 1252 1491 1320 generantur
1538 1251 1596 1300 et
1625 1248 1893 1301 crescunt
1921 1249 1978 1300 et
2020 1245 2091 1300 ad

449 1352 628 1408 ﬁnem
660 1365 850 1421 usque
889 1346 1253 1415 nutriuntur,
1286 1344 1505 1417 ingenti
1538 1343 1773 1415 quidem
1824 1340 2091 1398 multitu-

451 1441 587 1498 dine
616 1457 629 1496 :
664 1437 808 1494 adeo
855 1438 921 1491 ut
949 1435 998 1491 si
1030 1450 1233 1491 eorum
1267 1449 1550 1489 numerus
1588 1431 1867 1488 animalia
1915 1436 2093 1487 terre-

454 1529 601 1587 stria
647 1544 762 1583 non
812 1524 1070 1592 excedat,
1121 1522 1407 1578 minorem
1466 1525 1661 1578 tamen
1728 1534 1858 1576 esse
1924 1534 2094 1575 nemo

453 1617 657 1690 utique
687 1614 915 1681 dixerit,
945 1616 1003 1669 et
1050 1611 1295 1667 minime
1318 1610 1369 1666 is
1399 1610 1497 1682 qui
1545 1610 1689 1666 satis
1720 1608 1940 1681 peritus
1985 1612 2091 1664 est.

457 1717 528 1775 Ut
550 1713 874 1788 plurimum
905 1710 1147 1783 insuper
1172 1708 1362 1781 pisces
1395 1708 1701 1764 hominum
1731 1706 1927 1779 generi
1959 1721 2093 1761 con-

456 1805 682 1860 ducunt
711 1801 929 1874 quibus
960 1802 1019 1855 et
1046 1798 1475 1854 nutrimentum
1514 1800 1656 1853 sunt
1685 1800 1744 1851 et
1772 1794 1938 1850 valde
1968 1794 2100 1866 qui~

459 1893 591 1949 dem
624 1904 946 1962 congruum
979 1892 1107 1943 tum
1138 1886 1479 1959 corporibus
1509 1885 1675 1957 ipsis,
1705 1888 1833 1941 tum
1863 1884 1936 1939 iis
1975 1883 2100 1955 qui-

2252 1938 2267 1953 \
2392 1936 2411 1957 Ἆ.
2482 1943 2504 1954 In
2631 1938 2645 1957 ν

458 1980 573 2036 bus
602 1957 840 2036 necesse
889 1980 978 2033 est
1008 1976 1079 2031 ab
1129 1957 1289 2030 hisce
1318 1991 1381 2031 se
1428 1978 1711 2030 saturare.
1768 1973 1929 2037 Quod
1975 1988 2098 2028 ser-

2221 1957 2307 2007 αεν
2364 1958 2529 1992 ειπειν
2590 1959 2688 1996 ουκ

2221 2024 2268 2044 Il
2380 2023 2401 2044 \

463 2082 637 2125 mone
673 2065 996 2139 exprimere
1026 2063 1135 2120 etsi
1165 2061 1363 2119 minus
1391 2060 1714 2130 liceat,sola
1748 2060 2102 2133 experientia

458 2157 649 2214 docet.

529 2298 644 2355 Nec
674 2312 816 2354 sane
842 2299 1073 2353 tantum
1107 2298 1343 2367 prepter
1373 2311 1441 2350 ea
1472 2310 1599 2366 qua:
1644 2293 1801 2350 dicta
1830 2296 1968 2350 sunt
1995 2309 2101 2364 ap-

460 2392 628 2463 paret
656 2386 882 2443 utilitas
911 2401 1073 2457 aquaa
1104 2389 1163 2440 et
1193 2383 1398 2452 maris,
1431 2383 1663 2456 expedit
1690 2381 1845 2438 enim
1877 2386 2099 2437 utrum-

463 2494 579 2550 que
610 2475 904 2532 ai‘iirmare
951 2475 1078 2541 (nec
1107 2472 1275 2528 aliter
1320 2472 1552 2543 sentio),
1601 2471 1845 2527 minime
1890 2470 2103 2525 horum

462 2569 696 2623 tantum
726 2564 917 2636 gratia
944 2577 1104 2618 mare
1135 2561 1521 2617 admiratione
1558 2560 1801 2634 dignum
1834 2576 1982 2626 esse,
2002 2560 2103 2615 sed

465 2658 525 2711 et
555 2658 861 2727 propterea
889 2652 1045 2723 quod
1078 2649 1312 2722 nosipsi
1342 2648 1441 2705 illo
1468 2649 1558 2706 usi
1590 2650 1778 2705 simus
1808 2665 1943 2704 cum
1977 2648 2105 2703 vita:

465 2746 679 2799 nostra
701 2739 1361 2797 utilitate.Przetermitto
1387 2738 1566 2794 etiam
1596 2738 1787 2794 dicere
1812 2736 2106 2809 quomodo

468 2847 625 2905 aqua
650 2827 1006 2886 animalibus
1022 2827 1243 2883 reficiat
1258 2843 1499 2899 corpora
1515 2830 1572 2882 et
1600 2826 1741 2881 dum
1755 2842 1876 2881 eam
1896 2825 2108 2880 bibunt

464 2924 523 2978 et
551 2919 691 2974 dum
714 2934 784 2974 ea
811 2916 1233 2983 abluuntur;et
1263 2915 1556 2987 quomodo
1587 2914 1755 2987 panis
1777 2913 1876 2970 illa
1905 2913 2109 2969 misce-

464 3013 564 3065 tur
590 3012 647 3063 et
675 3006 965 3078 quomodo
996 3022 1141 3077 pene
1187 3021 1303 3060 non
1335 3004 1414 3059 sit
1443 3003 1608 3058 cibus
1635 3002 1749 3059 nisi
1778 3019 1912 3058 cum
1955 3018 2111 3074 aqua

468 3100 712 3169 cogatur
738 3113 753 3165 ;
785 3097 843 3150 et
865 3094 1019 3166 quod
1052 3091 1203 3148 sales
1231 3108 1347 3147 non
1376 3090 1610 3147 aliunde
1652 3091 1960 3158 habemus,
1995 3091 2109 3147 nisi

469 3202 540 3241 ex
567 3184 679 3240 hac
724 3187 1043 3248 concretos,
1078 3184 1136 3236 et
1181 3181 1445 3251 insuper,
1476 3181 1764 3248 quomodo
1807 3178 1909 3234 illa
1942 3178 2110 3252 quasi

473 3272 768 3329 animetur
796 3270 960 3326 cibus
991 3274 1048 3325 et
1084 3268 1389 3324 suavitatis
1421 3284 1598 3339 quam
1642 3268 1893 3323 maxime
1924 3269 2108 3339 parti-

473 3377 609 3433 ceps
640 3360 742 3415 fiat
769 3363 826 3414 et
869 3357 1210 3413 hominibus
1242 3334 1483 3428 prorsus
1512 3362 1715 3429 gratus
1744 3357 1843 3427 sit,
1875 3334 1942 3414 eti
1962 3372 2105 3429 pris-
2138 3334 2182 3400 (ἶ

471 3452 560 3504 ter
607 3446 783 3514 dicta,
838 3446 992 3517 quod
1041 3444 1244 3499 sordes
1295 3448 1504 3515 purget
1551 3459 1703 3514 aqua
1748 3448 1804 3499 et
1850 3442 2111 3499 maculas

471 3534 633 3591 cluat
661 3539 719 3590 et
756 3533 1200 3605 inquinamenta
1248 3536 1540 3588 removeat
1578 3536 1635 3586 et
1674 3532 1943 3601 fcetores;
1991 3531 2113 3588 haec

473 3623 631 3679 enim
682 3619 1163 3677 manifestissime
1194 3624 1331 3677 nota
1378 3623 1534 3675 sunt.
1566 3620 1635 3674 Et
1658 3636 1798 3675 sane
1827 3619 1943 3675 alia
1975 3624 2115 3675 sunt

472 3710 547 3766 ad
591 3724 718 3778 quae
749 3707 919 3763 nobis
968 3723 1123 3779 aqua
1172 3723 1320 3779 opus
1368 3713 1492 3775 est;
1538 3723 1674 3762 nam
1726 3723 1844 3778 qua
1890 3708 2113 3764 ratione

473 3796 690 3868 aliquis
718 3795 876 3850 brevi
904 3799 1166 3867 tempore
1213 3799 1445 3850 enarret
1492 3812 1559 3850 ea
1585 3794 1799 3867 quibus
1844 3795 2115 3852 universa

471 3885 594 3941 vita
622 3883 882 3939 humana
911 3900 1026 3938 non
1059 3883 1370 3950 sufficeret,
1404 3884 1452 3939 si
1482 3882 1767 3939 vellemus
1811 3884 2112 3956 sigillatim

473 3988 760 4046 exponere
785 3988 1148 4044 quaecunque
1178 3972 1517 4027 hominibus
1538 3988 1606 4027 ex
1629 3973 1776 4027 mari
1804 3974 2114 4029 accedunt?

473 4061 609 4128 Sed,
643 4061 724 4116 uti
774 4077 881 4133 par
928 4066 1036 4129 est,
1087 4062 1347 4132 accipere
1397 4060 1678 4116 debemus
1729 4067 1787 4117 et
1832 4067 2115 4134 tanquam

475 4150 786 4208 obscuram
835 4149 1149 4219 quamdam
1209 4149 1717 4204 adumbrationem
1784 4150 2119 4206 existimare

475 4254 810 4298 sermonem
840 4236 1008 4293 illum
1038 4237 1134 4308 qui
1167 4237 1237 4292 de
1266 4237 1360 4292 his
1388 4237 1813 4293 instituitur.Et
1842 4238 2116 4310 quoniam

477 4324 668 4383 multa
711 4329 852 4381 sunt
881 4342 1007 4399 quae
1057 4326 1128 4381 ad
1160 4325 1480 4380 humanam
1532 4325 1708 4382 vitam
1762 4328 2116 4395 conducunt,

478 4433 583 4473 nec
614 4415 809 4471 omnis
856 4419 1022 4470 terrae
1067 4431 1202 4486 pars
1250 4413 1447 4469 omnia
1495 4415 1658 4481 ferat,
1692 4431 1879 4486 neque
1928 4417 2119 4473 omnis

480 4504 798 4561 multitudo
829 4504 1093 4559 omnium
1128 4501 1363 4579 utilium
1394 4503 1609 4557 ibidem
1642 4504 1943 4573 proveniat
1988 4506 2118 4573 loci,

478 4594 578 4650 sed
627 4592 728 4649 illa
757 4592 994 4664 quidem
1034 4593 1171 4648 Asia
1221 4591 1451 4661 habeat,
1485 4591 1607 4646 hinc
1642 4598 1836 4648 autem
1868 4594 2117 4667 Europa,

2198 695 2295 763 τήν
2353 716 2416 769 γε
2470 697 2616 771 παρᾶ
2686 694 2863 753 τᾶλλα
2928 695 3170 770 θαλάσσῃ
3239 692 3572 763 οἰκειοτάτην
3648 694 3843 770 φορὰν,
3948 734 3973 747 τ.

2196 783 2263 837 τὰ
2290 788 2397 838 τῶν
2449 784 2651 860 ἰχθύων
2712 783 2858 860 λέγω
2908 785 2999 839 καὶ
3049 788 3256 854 νηκτῶν
3313 785 3487 838 πάντα
3543 780 3696 857 γένη,
3727 786 3843 843 πῶς

2201 868 2259 925 ἄν
2291 893 2371 933 τις
2399 872 2494 928 κᾶν
2530 874 2691 944 ἀξίως
2734 876 3000 947 θαυμάσοι
3059 878 3361 949 περινοῶν;
3395 872 3478 930 Τὰ
3531 871 3624 944 μὶν
3664 870 3844 926 τοίνυν

2202 958 2347 1016 ἄλλα
2374 966 2483 1016 τῶν
2518 963 2693 1033 ζώων,
2726 964 2862 1038 πρὸς
2893 961 2973 1035 τῷ
3025 966 3122 1017 τοῦ
3173 962 3341 1037 ὑγροῦ
3400 960 3671 1036 μετέχειν,
3704 958 3843 1014 ἔστιν

2201 1047 2263 1103 οὗ
2293 1050 2382 1104 καὶ
2411 1055 2518 1105 τῶν
2554 1051 2738 1107 ἄλλων
2770 1052 2999 1125 πρώτων
3044 1048 3309 1124 σωμάτων
3364 1049 3603 1125 μετέχει·
3658 1048 3847 1124 ἰχθύες

2202 1135 2258 1192 δὲ
2314 1140 2557 1216 καθαρῶς
2615 1140 2674 1195 ἐκ
2734 1139 3030 1210 θαλάσσης,
3062 1139 3113 1193 ἐν
3172 1138 3307 1212 αὐτῇ
3365 1141 3462 1208 τὴν
3528 1137 3707 1213 ἀρχὴν
3759 1136 3849 1192 καὶ

2201 1227 2533 1301 γεννώμενοι
2586 1229 2675 1283 καὶ
2735 1228 3043 1303 αὐξόμενοι,
3103 1228 3192 1283 καὶ
3244 1225 3333 1282 διὰ
3402 1225 3597 1288 τέλους
3649 1225 3852 1303 τρεφό-

2206 1336 2379 1388 μενοι,
2411 1314 2613 1372 πολλοὶ
2651 1318 2745 1390 μὶν
2783 1319 2847 1372 τὸ
2893 1317 3125 1387 πλῆθος·
3162 1317 3236 1379 ὡς
3281 1316 3328 1371 εί
3373 1316 3463 1370 καὶ
3512 1316 3578 1370 τὰ
3617 1320 3855 1391 χερσαῖα

2206 1405 2281 1476 μὴ
2366 1399 2660 1461 ὑπεϐάλλει
2719 1407 2780 1462 τὸ
2830 1407 2947 1461 κατ’
3000 1405 3213 1477 αὐτοὺς,
3274 1402 3621 1460 ἐλαττοῦσθαι
3699 1401 3851 1471 πλὴν

2204 1490 2380 1555 οὐδεὶς
2462 1493 2591 1570 έρεῖ,
2652 1495 2844 1550 οὐκοῦν
2914 1495 2946 1549 ὅ
3018 1502 3067 1571 γ’
3139 1493 3390 1557 ἐπιεικῶς
3473 1489 3853 1565 ἐπιστάμενος,

2203 1581 2434 1637 πλεῖστα
2491 1579 2549 1638 δὶ
2602 1583 2691 1638 καὶ
2744 1589 2824 1656 τῷ
2878 1588 2984 1640 τῶν
3034 1582 3336 1660 ἀνθρώπων
3364 1584 3638 1659 χρήσιμοι
3684 1582 3849 1656 γένει,

2206 1673 2286 1733 οἷς
2341 1692 2400 1727 τε
2454 1673 2629 1749 τροφή
2686 1673 2946 1748 γίγνεται³
3005 1672 3094 1727 καὶ
3158 1671 3307 1746 μάλα
3363 1668 3675 1742 κατάδηλος
3732 1675 3854 1731 τοῖς

2207 1762 2449 1832 σώμασιν
2532 1761 2769 1816 ἐντεῦθεν
2824 1761 3029 1831 αὐτοῖς,
3092 1762 3181 1817 καὶ
3238 1763 3325 1823 οἷς
3381 1758 3446 1815 αὖ
3500 1761 3599 1829 τὴν
3670 1757 3849 1827 ἄλλην

2207 1848 2394 1924 χρείαν
2475 1844 2613 1903 ἔστιν
2701 1849 2761 1904 έκ
2833 1850 3037 1905 τούτων
3122 1847 3502 1925 ἀποπληροῦν,
3557 1850 3623 1918 ἦν
3704 1846 3854 1923 λόγῳ

2746 1938 2805 1993 ἂν
2865 1939 2979 1994 οἷόν
3008 1940 3056 1995 τ’
3087 1935 3195 2011 εἴη,
3227 1942 3389 2015 πεῖρα
3447 1935 3508 1992 δὲ
3564 1936 3728 2011 μόνον
3772 1932 3853 1992 δι-

2210 2023 2499 2089 δάσκαλος.

2284 2293 2356 2349 Οὐ
2389 2290 2456 2363 δὴ
2494 2292 2653 2367 μόνον
2683 2297 2791 2350 τῶν
2825 2293 3126 2370 είρημένων
3179 2296 3340 2370 χάριν
3393 2294 3455 2349 τὸ
3508 2297 3606 2349 τοῦ
3662 2289 3862 2355 ὕδατος

2213 2387 2409 2457 χρῆμα
2464 2382 2501 2451 ἢ
2556 2381 2619 2437 τὸ
2690 2389 2791 2453 τῆς
2865 2382 3157 2453 θαλάσσης,
3218 2381 3384 2454 ἔξεο-τι
3460 2382 3564 2458 γὰρ
3642 2380 3863 2437 ἀκούειν

2213 2469 2480 2546 έκάτερον,
2542 2470 2605 2526 ού
2656 2467 3003 2549 διαφέρομαι,
3036 2471 3164 2547 ούχὶ
3221 2471 3425 2534 τούτων
3481 2467 3636 2526 ἕνεκα
3698 2468 3868 2543 μόνον

2211 2557 2484 2632 θαύματος
2556 2557 2727 2630 ἀξιον,
2777 2557 2923 2616 ἀλλὰ
2986 2560 3076 2615 καὶ
3149 2560 3222 2615 ὧν
3299 2562 3464 2632 ἡμεῖς
3538 2560 3865 2634 κεχρήμεθα

2215 2647 2362 2719 αύτῷ
2408 2648 2790 2726 συμφερόντως
2840 2653 2921 2721 τῷ
2974 2648 3098 2724 βίῳ.
3133 2649 3233 2704 Καὶ
3287 2647 3495 2726 ἀφίημι
3552 2645 3727 2723 Αέγειν
3786 2646 3863 2707 ὡς

2216 2735 2503 2792 ἀνατᾶται
2558 2738 2621 2792 τὸ
2677 2735 2823 2812 ὕδωρ
2878 2744 2996 2800 τοῖς
3057 2738 3217 2807 ζώοις
3269 2738 3337 2791 τὰ
3391 2737 3640 2809 σώματα,
3698 2739 3859 2790 τοῦτο

2222 2826 2317 2897 μὶν
2376 2825 2609 2899 πίνουσι,
2667 2830 2828 2881 τοῦτο
2913 2822 2971 2881 δὶ
3053 2828 3143 2881 καὶ
3227 2824 3572 2899 λουομένοις·
3627 2822 3719 2881 καὶ
3787 2823 3863 2885 ὡς

2218 2914 2378 2990 ἄρτος
2410 2913 2597 2990 φύεται
2649 2910 2823 2986 ὕδατι,
2864 2913 2955 2969 καὶ
2985 2913 3059 2976 ὡς
3101 2914 3201 2970 οὐκ
3254 2911 3392 2969 ἔστιν
3454 2911 3606 2968 οὐδὲν
3665 2908 3865 2988 σχεδὸν

2218 3001 2295 3064 είς
2359 3002 2583 3078 βρῶσιν,
2617 3001 2647 3057 δ
2681 3024 2734 3058 τι
2796 3003 2872 3075 μὴ
2931 3003 3046 3076 μεθ’
3102 2999 3295 3064 ὕδατος
3354 3000 3720 3078 χρηματίσαι,
3779 3000 3869 3056 καὶ

2218 3089 2302 3145 ὅτι
2354 3089 2483 3153 τοὺς
2542 3088 2678 3153 ἅλας
2762 3090 2862 3146 οὐκ
2916 3088 3146 3146 ἄλλοθεν
3205 3089 3406 3166 ἔχομεν
3459 3090 3495 3159 ἢ
3555 3088 3617 3145 ἐκ
3667 3088 3872 3145 τούτου

2219 3176 2658 3251 συνισταμένους,
2719 3179 2834 3252 μεθ’
2913 3180 2985 3233 ὧν
3064 3180 3179 3233 οἷον
3256 3179 3600 3253 ἑμψυχοῢται
3663 3177 3871 3255 τροφὴ,

2220 3266 2310 3321 καὶ
2367 3263 2573 3336 ἡδονῆς
2637 3268 2714 3329 ὡς
2765 3264 3023 3323 πλεῖστον
3114 3269 3352 3342 μετέχει,
3410 3265 3503 3321 καὶ
3556 3264 3875 3341 ἀνθρώποις

2219 3355 2457 3426 καθάπαξ
2515 3355 2654 3410 ἐστὶν
2711 3355 2920 3428 αἱρετή,
2978 3355 3069 3410 καὶ
3125 3353 3264 3432 πρός
3339 3374 3404 3428 γε
3484 3359 3604 3416 τοῖς
3648 3352 3876 3429 εἰρημέ-

2219 3464 2353 3516 νοις,
2392 3442 2477 3499 8τι
2522 3444 2613 3499 καὶ
2646 3443 2847 3521 ῥύπους
2892 3444 3133 3521 καθαίρει
3188 3442 3252 3500 τό
3309 3441 3456 3520 ὕδωρ
3512 3441 3603 3498 καὶ
3632 3439 3875 3510 κηλῖδας

2221 3530 2495 3604 ἐκπλύνει,
2527 3533 2617 3587 καὶ
2676 3531 2977 3606 μολυσμῶν
3036 3529 3366 3588 ἀπαλλάττει
3426 3529 3517 3586 καὶ
3576 3526 3873 3591 δυσωδίαςο

2220 3624 2471 3697 γνώριμα
2542 3622 2643 3698 γὰρ
2717 3625 2883 3676 ταῦτα
2957 3624 3285 3699 περιφανῶς·
3340 3620 3409 3675 τὰ
3481 3617 3539 3675 δέ
3613 3640 3679 3694 γε
3763 3620 3873 3692 μὴν

2219 3706 2374 3785 ἕτερα
2434 3708 2511 3770 είς
2569 3708 2667 3764 ὅσα
2721 3711 2857 3782 ἡμῖν
2906 3708 3213 3784 ἀναγκαίως
3273 3704 3399 3785 ἔχον
3433 3706 3546 3763 ἐστὶ
3573 3704 3721 3779 τόδε,
3755 3711 3874 3769 πῶς

2223 3795 2283 3852 ἄν
2313 3818 2396 3859 τις
2431 3795 2482 3851 ἐν
2517 3795 2696 3873 ὀλίγῳ
2726 3797 2914 3873 χρόνῳ
2947 3795 3152 3853 διέλθοι
3178 3816 3193 3866 ;
3225 3796 3297 3852 Οὐ
3328 3797 3432 3872 γὰρ
3464 3795 3523 3851 ἂν
3559 3794 3678 3872 βίος
3736 3791 3875 3858 ὅλος

2223 3886 2560 3959 ἀνθρώπινος
2664 3885 3000 3963 ἀποχρήσοι,
3092 3884 3455 3962 βουλομένοις
3539 3885 3870 3941 καθέκασ-τον

2224 3972 2478 4044 διελθεῖν,
2521 3974 2620 4030 ὅσα
2672 3980 2789 4037 τοῖς
2848 3975 3155 4052 ἀνθρώποις
3211 3973 3271 4030 έκ
3319 3972 3590 4044 θαλάττης
3647 3973 3881 4049 προσγί-

2223 4084 2391 4126 νεται,
2442 4061 2594 4133 Πλὴν
2646 4063 2878 4138 ἅψασθαι
2941 4064 3052 4139 χρὴ
3118 4061 3351 4139 μετρίως
3410 4061 3499 4117 καὶ
3542 4060 3664 4117 ὅσον
3727 4064 3881 4135 ἀμυ-

2227 4150 2355 4228 δράν
2438 4173 2557 4207 τινα
2634 4151 2984 4228 σκιαγραφίαν
3054 4153 3144 4206 τὸν
3223 4151 3347 4226 περὶ
3402 4149 3610 4206 τούτων
3670 4147 3881 4215 οἷέσθαι

2228 4240 2414 4315 λόγον.
2448 4237 2682 4296 Πολλῶν
2739 4240 2917 4295 τοίνυν
2976 4234 3145 4295 ὄντων
3188 4241 3221 4295 ἅ
3274 4260 3336 4315 γε
3392 4239 3467 4301 εἰς
3523 4240 3615 4294 τὸν
3676 4237 3887 4316 ἀνθρώ-

2228 4351 2383 4385 πινον
2444 4329 2560 4405 βίον
2617 4327 2787 4397 τελεῖ,
2820 4328 2928 4405 οὐχ
2978 4330 3211 4391 ἅπαντος
3271 4325 3327 4383 δὲ
3388 4327 3585 4403 μέρους
3651 4334 3758 4402 γῆς
3815 4329 3885 4382 τὰ

2230 4417 2403 4473 πάντα
2462 4419 2738 4495 φέροντος,
2786 4416 2901 4472 οὐδ’
2954 4418 3145 4492 ἀθρόον
3203 4420 3310 4471 τῶν
3370 4416 3664 4493 χρησίμων
3718 4413 3885 4470 ἀπάν-

2232 4530 2336 4561 των
2396 4506 2447 4561 ἐν
2503 4510 2684 4577 ταυτῷ
2744 4504 3169 4580 ἀναδιδομένων,
3222 4503 3368 4562 ἀλλᾶ
3421 4506 3489 4560 τά
3547 4505 3643 4576 μὶν
3704 4505 3884 4566 Ἀσίας

2232 4596 2488 4672 ἐχούσης,
2544 4597 2613 4650 τὰ
2688 4593 2746 4650 δὲ
2814 4594 3107 4669 Εὐρώπης,
3159 4591 3316 4670 ἕτερα
3386 4592 3443 4649 δὲ
3506 4587 3741 4664 Λιϐύης,
3793 4593 3885 4649 καὶ

478 4682 593 4737 alia
621 4697 756 4739 vero
804 4681 999 4737 Africa
1028 4686 1084 4736 et
1132 4679 1248 4736 alia
1292 4685 1457 4735 terrae
1506 4680 1663 4752 regio
1709 4681 1845 4751 alia,
1878 4683 1993 4738 nisi
2041 4686 2109 4740 dii

2242 4683 2387 4739 ἄλλα
2444 4682 2625 4760 ἒτὲροτ
2686 4682 2952 4757 κλίματος
3010 4691 3137 4759 γῆς,
3170 4682 3228 4737 ἂν
3292 4684 3368 4755 μὴ
3427 4682 3769 4737 συνάπτουσα
3814 4682 3884 4750 ἦν

481 4775 706 4827 stantes
736 4770 1102 4826 continentes
1150 4769 1530 4841 conjungeret
1558 4786 1719 4826 mare
1750 4775 1807 4826 et
1853 4770 2122 4831 homines

484 4858 585 4930 qui
615 4858 997 4930 undiquaque
1049 4862 1207 4927 sunt,
1243 4875 1346 4930 per
1375 4857 1517 4912 illud
1550 4860 1967 4917 commercium
2017 4862 2125 4918 ha-

482 4946 685 5003 berent
730 4962 863 5001 cum
915 4946 1045 5002 aliis
1093 4947 1195 5018 qui
1245 4946 1580 5020 ubicunque
1628 4952 1915 5005 terrarum
1965 4955 2124 5023 sunt,

482 5035 619 5091 licet
647 5036 850 5106 paucis
882 5035 1224 5091 necessariis
1256 5035 1400 5091 satis
1431 5036 1757 5092 abundaret
1788 5039 1983 5110 aliqua
2031 5058 2129 5095 na-

480 5124 586 5191 tio,
630 5123 941 5179 deﬁcerent
992 5127 1187 5179 tamen
1234 5123 1534 5196 plurima:
1578 5142 1733 5180 nunc
1782 5132 1976 5182 autem
2027 5146 2130 5201 per

484 5229 647 5269 mare
676 5211 773 5267 alii
827 5211 959 5269 aliis
989 5229 1116 5284 quae
1165 5229 1403 5269 necesse
1433 5214 1673 5286 habent,
1708 5217 2125 5288 suppeditant;

484 5304 543 5358 et
589 5299 936 5355 admiranda
981 5302 1249 5372 quaedam
1298 5304 1633 5359 communio
1679 5303 2019 5360 hominibus
2074 5310 2131 5362 et

483 5389 724 5446 ubertas
769 5386 958 5444 victus
1005 5394 1095 5444 est
1135 5407 1148 5456 ;
1194 5391 1465 5460 quoniam
1517 5408 1585 5447 ea
1626 5409 1753 5463 quae
1795 5393 1973 5448 vitam
2027 5410 2131 5450 no-

484 5482 669 5535 stram
719 5480 1053 5533 sustentant
1091 5477 1469 5549 undiquaque
1499 5497 1601 5551 per
1639 5481 1747 5535 hoc
1776 5480 2129 5537 elementum

483 5570 910 5640 apportantur;
947 5570 1004 5621 et
1049 5565 1385 5622 existimare
1425 5574 1654 5639 oportet
1694 5586 1853 5625 mare
1893 5587 2007 5625 non
2040 5570 2129 5625 di-

479 5655 638 5714 visas
671 5672 772 5712 nec
824 5672 858 5710 a
882 5671 944 5711 se
974 5654 1222 5711 invicem
1272 5656 1558 5713 distantes
1590 5658 1778 5713 facere
1828 5659 2130 5715 continen-

478 5750 608 5818 tes;
643 5763 776 5802 num
834 5761 948 5802 non
981 5744 1190 5800 accedo
1242 5743 1358 5799 illis
1408 5762 1475 5800 ex
1525 5748 1818 5803 veteribus
1870 5748 1969 5821 qui
2021 5748 2129 5805 hoc

2230 4774 2324 4835 τὰς
2368 4770 2659 4834 διεστώσας
2718 4771 2976 4847 ἠπείρους
3034 4770 3295 4840 θάλασσα,
3324 4772 3414 4826 καὶ
3470 4772 3742 4846 ἂνθρωποι
3797 4767 3891 4826 διὰ

2236 4860 2438 4931 ταύτης
2471 4859 2826 4937 έπεμίσγοντο
2857 4862 2909 4915 οἱ
2966 4860 3332 4937 ἁπανταχόθεν
3374 4865 3490 4922 τοῖς
3547 4855 3891 4930 ὁποιδήποτε

2237 4956 2361 5024 γῆς,
2392 4949 2487 5004 κᾶν
2550 4947 2753 5025 ὀλίγων
2813 4949 2905 5023 μὲν
2962 4954 3070 5005 τῶν
3140 4946 3459 5019 ἐπιτηδείων
3546 4946 3767 5023 εὐπόρει
3822 4948 3889 5004 τὸ

2230 5040 2415 5113 γένος,
2474 5036 2798 5093 ἀπελείπετο
2876 5036 2933 5093 δὲ
3004 5043 3110 5093 τῶν
3169 5036 3462 5093 πλείστων
3519 5036 3633 5093 νυνὶ
3691 5032 3751 5091 δὲ
3799 5034 3893 5091 διὰ

2241 5124 2510 5195 θαλάττης
2576 5123 2848 5197 ἀλλήλοις
2903 5128 2970 5182 τά
3025 5126 3162 5203 πρὸς
3211 5123 3477 5196 ἀλλήλων
3538 5121 3750 5182 διδόασι
3799 5125 3891 5181 καὶ

2240 5215 2516 5287 θαυμασία
2573 5236 2653 5275 τις
2722 5214 2979 5269 κοινωνία
3044 5219 3162 5276 τοῖς
3234 5213 3538 5289 ἀνθρώποις
3624 5211 3890 5281 ἐντεῦθεν,

2239 5303 2328 5357 καὶ
2387 5302 2613 5380 ἀφθονία
2675 5302 2817 5378 βίου,
2852 5301 2968 5357 ἐπεὶ
3016 5302 3105 5356 καὶ
3152 5302 3216 5355 τὰ
3259 5300 3557 5356 συνεκτικὰ-
3587 5306 3702 5369 τῆς
3746 5302 3891 5373 ἡμε-

2237 5391 2394 5467 τέρας
2452 5396 2595 5461 ζωῆς
2668 5393 2980 5469 ἁπανταχοῦ
3041 5388 3130 5445 διὰ
3198 5386 3358 5445 τοῦδε
3426 5393 3525 5444 τοῦ
3608 5387 3890 5466 στοιχείου

2239 5480 2542 5552 κομίζεται,
2600 5480 2690 5535 καί
2748 5502 2811 5556 γε
2892 5481 2968 5553 μή
3046 5477 3296 5555 διαιρεῖν,
3353 5474 3495 5551 μηδὲ
3568 5474 3888 5549 ἀποδιιστᾷν

2240 5566 2506 5638 ἀλλήλων
2551 5569 2647 5631 τάς
2701 5568 2962 5645 ἠπείρους
3019 5566 3258 5641 νομίζειν
3317 5568 3584 5642 προσήκει
3647 5567 3750 5636 τὴν
3802 5566 3893 5622 θά-

2241 5657 2462 5713 λασσαν·
2498 5656 2559 5712 ού
2590 5658 2693 5733 γάρ
2722 5678 2805 5713 τοι
2841 5654 3151 5730 συντίθεμαι
3209 5658 3292 5719 οῖς
3351 5660 3458 5710 τῶν
3509 5653 3680 5711 πάλαι
3740 5656 3892 5711 ταῦθ’

2242 5747 2415 5810 οὕτως
2473 5742 2665 5820 ἐδόκει,
2721 5745 3029 5802 τουθαντίον
3104 5747 3198 5820 μὶν
3260 5742 3351 5801 οὖν
3430 5745 3716 5800 συνάπτειν
3799 5744 3892 5800 καὶ
