4110 6408
280 501 385 564 ω

1605 497 2022 562 ENCOMIUM
2065 497 2332 562 MABIS.

3553 488 3672 550 ω

281 633 348 697 εἰς
396 629 559 709 ἄκραν
610 627 794 689 ἕνωσιν
849 630 976 689 ἰέναι
1024 628 1220 695 ταύτας
1270 636 1466 702 ποιεῖν,
1518 629 1578 684 οὗ
1633 629 1794 703 μόνον
1836 628 1915 683 ὅτι

2033 630 2462 702 opinabantur;
2514 627 2615 685 sed
2643 641 2675 684 e
2695 628 2897 685 contra
2917 622 3142 698 judico,
3175 637 3337 680 mare
3368 619 3668 677 continen-

281 723 372 792 τὴν
452 723 625 794 μέσην
705 720 963 801 εἰληφυῖα
1041 723 1226 798 χώραν
1304 718 1499 793 δεσμὸς
1573 725 1678 775 τῶν
1739 721 1914 795 ἄκρων

284 810 431 881 ἐστὶν,
482 810 608 866 ἀλλ’
657 809 737 865 δτι
789 811 878 865 καὶ
929 811 1291 866 ἐπικοινωνεῖν
1341 808 1591 880 ἀλλήλας
1637 810 1704 862 τά
1747 809 1859 880 τμή
1892 839 1914 849 -

289 919 418 972 ματα
443 902 513 972 κῇ
557 897 792 954 διαδόσει
841 899 930 954 καὶ
975 898 1326 954 ἐπαλλάττειν
1380 903 1542 954 ποιεῖ.
1595 895 1762 958 Ἰδοις
1812 897 1914 971 γὰρ

287 987 337 1043 ἂν
368 987 443 1050 εἰς
485 989 581 1056 τὴν
636 986 864 1055 Ἰνδικὴν
915 987 1275 1065 ἐπιφοιτῶντα
1327 986 1525 1042 Κελτὸν
1575 986 1663 1040 καὶ
1714 984 1860 1040 Γαλά
1892 1017 1913 1026 -

282 1098 396 1147 την,
444 1077 531 1131 καὶ
585 1076 661 1139 εἰς
713 1078 810 1144 την
863 1077 1076 1132 ἐκείνων
1125 1077 1273 1138 αὖθις
1326 1074 1524 1136 Ἰνδοὺς
1571 1077 1667 1143 τὴν
1719 1073 1915 1129 θάλατ-

283 1187 366 1220 ταν
418 1161 934 1239 διαπεραιουμένους
967 1184 981 1196 ·
1025 1166 1086 1220 οὐ
1130 1165 1230 1241 γάρ
1289 1163 1474 1226 ἄλλως
1533 1164 1646 1218 οἷόν
1699 1182 1776 1218 τέ’
1827 1162 1916 1217 καὶ

286 1249 468 1316 Λίϐυες
520 1255 586 1309 αὗ
637 1249 1002 1328 διατρίϐουσιν
1062 1253 1112 1309 ἐν
1169 1254 1402 1329 Εὐρώπῃ
1460 1254 1800 1329 χρησάμενοι
1847 1254 1917 1323 τῇ

285 1343 531 1417 θαλάσσῃ,
588 1343 678 1398 καὶ
729 1345 883 1401 Ἀσία
930 1343 1059 1405 τοὺς
1108 1343 1158 1414 ἐξ
1204 1344 1452 1418 ἑκατέρας
1501 1349 1600 1418 γῆς
1649 1339 1912 1418 δέχεται,

279 1440 371 1502 τῆς
439 1431 605 1501 αὐτῆς
684 1432 884 1501 ταύτης
966 1433 1454 1505 παραπεμψάσης·
1515 1429 1598 1486 διὸ
1667 1431 1759 1485 καὶ
1820 1430 1919 1486 οὐκ

282 1519 384 1576 ἔστι
444 1522 520 1594 μὴ
575 1521 664 1576 καὶ
720 1525 828 1578 τῶν
891 1519 1074 1576 ἄλλων
1134 1520 1373 1594 νομίζειν
1425 1520 1556 1575 εἶναι
1605 1521 1771 1597 φορὰν
1818 1522 1916 1589 τὴν

277 1616 371 1680 τῆς
400 1608 582 1685 ἔτέρας
613 1614 721 1664 τῶν
772 1609 1016 1684 ἠπείρων
1067 1611 1256 1686 φοράν·
1315 1607 1439 1663 οὐδὲ
1483 1610 1619 1664 κατά
1644 1616 1744 1678 τῆς
1778 1615 1916 1663 Σκυ-

279 1701 378 1753 θῶν
430 1701 535 1774 γῆς
592 1693 824 1773 Ἀραϐία
877 1700 1165 1771 κομπάζει⁹
1227 1696 1341 1752 οὐδ’
1396 1701 1429 1767 ἡ
1487 1703 1594 1752 τῶν
1643 1698 1917 1755 Αἰθιόπων

275 1787 402 1842 κατά
445 1793 547 1856 τῆς
594 1784 886 1857 Ἑλλάδος,
938 1784 1050 1841 οὐδ’
1097 1784 1162 1840 αὖ
1220 1787 1373 1861 ἑτέρα
1430 1807 1514 1847 τις
1569 1789 1682 1841 καθ’
1714 1788 1916 1862 ἑτέρας’

275 1875 382 1929 ἐπεὶ
438 1875 507 1929 τά
562 1895 626 1949 γε
683 1872 944 1930 δοκοῦντα
1001 1873 1229 1945 ἑκάστης
1282 1871 1394 1929 ἴδια
1440 1875 1597 1928 κοινά
1639 1880 1756 1937 ταῖς
1787 1875 1920 1930 ἀπά-

2025 723 2113 776 tes
2144 721 2496 792 conjungere
2527 723 2584 774 et
2631 718 2818 774 facere
2852 719 2919 771 ut
2948 715 3008 772 in
3057 727 3354 770 summam
3394 709 3670 767 unionem

2026 809 2136 863 illae
2169 809 2549 877 conveniant;
2583 824 2697 864 non
2727 809 2955 863 tantum
3005 803 3156 874 quod
3205 799 3465 857 medium
3513 815 3674 855 mare

2025 897 2220 952 locum
2253 898 2529 969 adeptum
2555 900 2944 952 extremarum
2968 893 3224 965 partium
3244 888 3542 946 vinculum
3571 889 3668 955 sit,

2026 987 2127 1042 sed
2161 987 2316 1057 quod
2348 985 2590 1057 insuper
2628 985 2921 1056 portiones
2943 986 3108 1038 terra
3137 980 3250 1036 sibi
3279 979 3527 1034 invicem
3558 976 3671 1032 dis-

2025 1075 2344 1132 tributione
2400 1073 2832 1129 communicare
2883 1075 2939 1127 et
2996 1070 3150 1125 inter
3205 1085 3268 1124 se
3337 1069 3671 1140 permutare

2026 1166 2216 1226 faciat.
2280 1163 2483 1220 Videre
2521 1162 2675 1219 enim
2734 1162 2866 1218 licet
2923 1161 2982 1214 in
3041 1157 3300 1214 Indicam
3359 1157 3670 1212 adventare

2025 1257 2322 1331 regionem
2353 1252 2583 1311 Gallum
2626 1255 2683 1308 et
2719 1248 2982 1308 Galatam
3015 1252 3073 1305 et
3103 1247 3161 1302 in
3220 1247 3430 1302 borum
3463 1261 3669 1301 rursus

2029 1348 2323 1418 regionem
2356 1341 2717 1413 trajicientes
2747 1356 2906 1395 mare
2937 1338 3108 1394 Indos
3134 1355 3146 1405 ;
3180 1352 3286 1393 nec
3314 1334 3430 1391 alia
3449 1334 3672 1390 ratione

2029 1436 2153 1493 ﬁeri
2183 1437 2394 1508 potest.
2428 1433 2496 1487 Et
2523 1430 2644 1486 Afri
2675 1430 2852 1486 etiam
2883 1427 2943 1483 in
2972 1430 3202 1498 Europa
3240 1426 3549 1481 versantur
3577 1422 3670 1479 usi

2029 1525 2197 1582 mari.
2245 1525 2314 1579 Et
2360 1521 2496 1577 Asia
2538 1536 2607 1575 ex
2637 1518 2952 1591 longinqua
2981 1521 3136 1572 terra
3173 1513 3395 1570 incolas
3442 1512 3667 1584 recipit.

2029 1616 2156 1688 ipso
2188 1612 2334 1668 mari
2377 1612 2635 1682 trajecto.
2687 1609 2754 1662 Et
2794 1606 3012 1662 idcirco
3047 1622 3161 1660 non
3193 1609 3284 1660 est
3339 1601 3672 1658 existiman-

2030 1704 2169 1758 dum
2202 1701 2450 1756 aliarum
2481 1702 2645 1754 terrae
2676 1697 2983 1768 regionum
3027 1693 3208 1748 alium
3252 1709 3380 1748 esse
3432 1706 3672 1764 proven-

2028 1797 2154 1847 tum
2213 1805 2387 1860 quam
2439 1785 2885 1842 continentium.
2945 1783 3140 1853 Neque
3204 1782 3482 1837 adversus
3531 1781 3670 1852 Scy-

2027 1880 2264 1935 tharum
2296 1876 2590 1949 regionem
2623 1873 2840 1928 Arabia
2869 1872 3185 1945 gloriatur;
3220 1885 3409 1941 neque
3437 1884 3506 1924 ea
3543 1885 3670 1940 quaa

275 1984 384 2026 σαις
434 1961 526 2018 διὰ
566 1964 665 2031 τὴν
719 1963 984 2028 θάλασσαν
1036 1962 1229 2038 γέγονε
1259 2007 1273 2020 .
1307 1964 1405 2018 Καὶ
1454 1963 1515 2018 τό
1564 1986 1624 2039 γε
1673 1964 1740 2018 τὰ
1788 1964 1915 2019 αὐτά

2029 1973 2121 2025 est
2145 1967 2482 2037 Ethiopum
2505 1964 2784 2020 adversus
2803 1961 3103 2027 Greciam,
3137 1975 3324 2030 neque
3356 1973 3527 2030 porro
3559 1956 3673 2013 alia

274 2052 532 2128 εὑρίσκειν
599 2051 807 2130 ἀφθονα
866 2057 1152 2128 πανταχοῦ
1207 2059 1308 2121 τῆς
1364 2052 1694 2126 γεννησάσης
1760 2050 1916 2115 ῗδίως

271 2139 515 2213 τάξίωμα
544 2134 898 2197 καταϐάλλει.

271 2229 606 2286 communia
690 2231 841 2286 facta
919 2233 1076 2286 sunt.

2028 2057 2318 2129 quaepiam
2371 2055 2650 2110 adversus
2697 2051 2873 2107 aliam
2907 2075 2921 2118 ;
2951 2049 3229 2123 quoniam
3277 2064 3366 2118 ea,
3419 2063 3548 2118 quae
3577 2061 3674 2102 cu-

2017 2148 2236 2218 jusque
2266 2143 2502 2217 propria
2550 2157 2680 2198 esse
2723 2141 3018 2205 videntur,
3049 2140 3122 2195 ob
3180 2154 3342 2194 mare
3397 2135 3673 2193 omnibus

1163 2231 1234 2286 Et
1315 2230 1424 2286 hoc
1496 2231 1734 2303 quidem
1811 2236 1967 2305 quod
2041 2235 2245 2291 eadem
2330 2233 2550 2304 ubique
2632 2230 2866 2302 copiose
2938 2227 3192 2300 reperire
3247 2226 3402 2296 licet,
3461 2224 3675 2280 minuit

271 2320 523 2392 pretium
553 2317 714 2374 illius
743 2323 1058 2390 proventus
1083 2318 1184 2392 qui
1209 2319 1266 2374 in
1317 2320 1554 2390 propria
1581 2320 1816 2392 regione
1846 2327 2019 2381 natus
2047 2327 2153 2381 est.

338 2407 520 2482 Χωρὶς
573 2403 630 2460 δὲ
674 2409 782 2459 τῶν
827 2404 1128 2481 εἷ’ρημένων
1157 2449 1170 2475 ,
1220 2403 1384 2482 κέρδη
1441 2411 1555 2468 τοῖς
1607 2408 1914 2484 ἀνθρώποις

271 2495 331 2549 ἐκ
383 2491 656 2564 θαλάττης
738 2493 904 2570 μυρία
948 2538 962 2564 ,
1022 2495 1326 2570 χρημάτων
1403 2515 1462 2550 τε
1537 2496 1755 2571 ἀπειρία
1827 2497 1918 2553 καὶ

271 2581 454 2638 ἄλλων
531 2582 744 2657 ἀγαθῶν
806 2583 1026 2660 ἀφθονία
1059 2627 1073 2652 ,
1131 2581 1200 2637 δι’
1258 2584 1331 2637 ὧν
1403 2583 1564 2646 αὐτός
1619 2606 1674 2638 τι
1725 2587 1918 2642 ἑαυτοῦ

273 2673 457 2747 ὁρᾶται
512 2670 959 2748 περιφανέστερος
991 2715 1004 2728 .
1068 2669 1243 2727 Ἀλλὰ
1296 2676 1461 2726 ταῦτα
1518 2674 1612 2745 μὲν
1668 2673 1800 2736 ἴσως
1855 2675 1917 2730 οὐ

273 2758 484 2816 πολλοῦ
511 2781 661 2822 τινος
691 2757 864 2835 λόγου
893 2767 1010 2823 τοῖς
1059 2781 1121 2835 γε
1160 2759 1650 2838 φιλοσοφωτέροις,
1697 2764 1787 2818 καὶ
1816 2765 1916 2832 τήν

274 2847 507 2904 διάνοιαν
564 2849 695 2924 ὑπὲρ
743 2849 870 2910 τοὺς
917 2847 1186 2910 πολλούς.
1239 2849 1308 2902 Τό
1365 2871 1429 2923 γε
1489 2850 1594 2922 μὴν
1635 2852 1922 2927 κράτιστον

270 2935 470 3012 κερδῶν
527 2937 775 2992 ἁπάντων
820 2937 909 2992 καὶ
958 2943 1118 2992 πᾶσιν
1174 2936 1366 3008 ἐπίσης
1427 2939 1831 3012 θαυμαζόμενον
1882 2943 1917 3009 η

271 3030 373 3080 τῶν
443 3027 650 3102 μακρὰν
710 3021 878 3081 ὄντων
942 3024 1250 3099 κατάληψις
1299 3025 1534 3081 ἐντεῦθεν
1597 3048 1918 3105 προσγιγνο-

279 3115 430 3186 μένη,
491 3115 582 3169 καὶ
637 3113 969 3190 πραγμάτων
1038 3109 1285 3186 ἀκρίϐεια
1341 3116 1431 3170 καὶ
1498 3115 1772 3190 ἐπιστήμη
1831 3118 1921 3172 καὶ

273 3202 543 3280 ἐμπειρία.
602 3206 849 3258 ’Ἃπαντα
897 3201 1231 3279 συλλέγομεν
1292 3205 1427 3258 κατά
1489 3206 1699 3281 μικρὸν,
1755 3205 1864 3262 πολ
1898 3239 1921 3249 -

269 3291 386 3354 λοῖς
421 3293 516 3365 μὶν
570 3288 773 3359 ἔθνεσι,
825 3291 1061 3353 πολλοῖς
1114 3291 1172 3347 δὲ
1220 3291 1401 3361 ἤθεσιν
1453 3293 1774 3365 ὁμιλοῦντες
1829 3296 1919 3350 καὶ

268 3381 552 3456 καινότερα
599 3381 681 3436 ἀεὶ
749 3382 1104 3451 μανθάνοντες
1164 3381 1224 3436 ἐκ
1276 3386 1371 3436 τοῦ
1423 3382 1756 3458 καινοτέροις
1807 3384 1857 3439 ἐν
1891 3417 1914 3428 -

264 3470 550 3545 τυγχάνειν
601 3470 682 3526 ἀεὶ
731 3469 820 3525 καὶ
870 3467 1088 3546 ἀνδράσι
1133 3469 1224 3524 καὶ
1275 3469 1468 3526 πόλεσι
1515 3472 1605 3525 καὶ
1655 3471 1916 3546 νομίμοις

262 3557 352 3612 καὶ
380 3564 512 3612 πᾶσι
562 3559 894 3634 πράγμασιν,
945 3557 995 3629 ἐξ
1047 3559 1120 3613 ὧν
1171 3558 1248 3620 ὡς
1299 3553 1754 3634 ἔμπειρικώτατοι
1807 3566 1914 3616 τῶν

262 3643 446 3702 ἄλλων
493 3648 582 3702 καὶ
632 3647 1073 3723 φρονιμώτατοι,
1123 3644 1272 3723 εἷεπερ
1321 3649 1409 3701 καὶ
1459 3647 1914 3725 ἐμπειρικώτατοι

266 3736 316 3788 οἱ
371 3739 441 3808 τῇ
498 3733 738 3804 θαλάσση
815 3735 1149 3810 κεχρημένοι
1207 3736 1611 3810 γινώσκονται.
1672 3737 1744 3792 Οὐ
1807 3741 1913 3811 μὴν

265 3821 411 3878 ἀλλᾶ
480 3822 572 3878 καὶ
638 3822 988 3898 καρτερικοὺς
1062 3820 1203 3885 ἴδοις
1282 3825 1340 3877 ἂν
1399 3825 1487 3878 καὶ
1569 3823 1783 3901 ἀνδρίας
1841 3829 1918 3890 ὡς

264 3910 521 3968 πλεῖστον
591 3911 823 3979 ἥκοντας
874 3911 1003 3973 τοὺς
1057 3912 1251 3974 αὐτοὺς
1309 3913 1534 3976 τούτους
1571 3936 1582 3948 ·
1646 3914 1727 3969 ὅτι
1791 3913 1922 3988 μηδ’

265 3997 291 4020 κ
362 4002 373 4020 Ι
435 4000 446 4018 1
729 4001 742 4018 ‘
849 4001 862 4020 λ
1011 4001 1020 4020 Ι
1409 4006 1436 4017 ὐ
1601 4007 1624 4018 υ
1846 4003 1860 4022 Ι

265 4001 355 4054 εσθ
413 4002 444 4055 δ
489 4021 551 4076 γε
605 4020 752 4074 παρα
803 4021 903 4070 την
962 3998 1228 4056 θάλασσαν
1285 4003 1478 4064 ἱκανως
1536 4025 1652 4065 τοις
1711 4001 1864 4058 κινδυ
1897 4037 1918 4046 -

263 4109 374 4151 νοις
427 4089 756 4162 παραμένειν
814 4087 1013 4160 διδάξει
1070 4091 1160 4145 καὶ
1219 4090 1486 4146 ἀναπείσει
1541 4091 1616 4154 ὡς
1669 4092 1920 4168 εὐψύχως

267 4174 442 4255 φέρειν
484 4179 554 4233 τὰ
602 4176 840 4232 ἐπιόντα.
884 4179 1041 4251 Ἐμοὶ
1090 4178 1182 4251 μὲν
1231 4179 1332 4255 γὰρ
1392 4179 1467 4240 εἴς
1520 4178 1776 4251 ἔκπληξιν
1829 4182 1919 4235 θά-

265 4263 438 4321 λασσα
505 4266 596 4321 καὶ
649 4265 930 4342 πόρρωθεν
993 4265 1268 4340 ἱσταμένῳ
1333 4268 1423 4322 καὶ
1480 4267 1586 4322 ἀπὸ
1635 4277 1734 4338 τῆς
1797 4269 1916 4333 θέας

264 4351 403 4429 ἔχει,
452 4355 542 4408 καὶ
589 4358 696 4409 τῶν
742 4353 900 4429 ἤχων
951 4355 1012 4410 τὸ
1069 4353 1342 4432 φρικῶδες
1399 4357 1488 4410 καὶ
1549 4352 1798 4433 φοϐερόν·
1855 4359 1918 4413 τὸ

270 4439 325 4495 δέ
378 4464 441 4515 γε
493 4443 581 4496 καὶ
626 4447 839 4514 τολμᾷν
917 4438 1206 4497 ἐπιϐαίνειν
1283 4445 1372 4497 καὶ
1430 4445 1915 4519 παρασκευάζεσθαι

269 4531 400 4603 πρὸς
456 4528 711 4585 κλύδωνα
785 4531 873 4584 καὶ
944 4529 1113 4601 ζάλην
1169 4533 1256 4586 καὶ
1313 4532 1598 4605 τρικυμίαν
1675 4535 1764 4588 καὶ
1821 4535 1919 4589 πά-

273 4639 362 4681 σας
420 4614 726 4692 μεταϐολάς
784 4619 872 4675 καὶ
931 4621 1086 4695 ἀέρος
1149 4622 1238 4675 καὶ
1304 4619 1495 4683 ὕδατος
1527 4669 1540 4692 ,
1596 4626 1741 4677 τοῦτ’
1805 4621 1912 4694 ἤδη

275 4707 461 4782 μέτρον
539 4711 674 4763 ἅπαν
761 4705 1004 4782 ἀνδρείας
1092 4705 1422 4782 ὑπερϐάλλει
1506 4711 1593 4765 καὶ
1679 4731 1839 4785 καρτε
1888 4745 1910 4754 -

273 4792 402 4870 piat.

339 5063 434 5117 Καὶ
460 5067 629 5117 ταῦτα
687 5063 781 5135 μὲν
833 5061 908 5123 ὡς
958 5060 1017 5116 ἐκ
1069 5067 1274 5135 μικρῶν
1320 5063 1382 5117 τὸ
1425 5059 1770 5140 ὑπερϐάλλον
1818 5071 1914 5120 τοῦ

269 5150 538 5226 στοιχείου
614 5149 878 5226 γνωρίσαι
925 5171 936 5183 ο
997 5156 1246 5227 παρεῖται
1330 5149 1386 5206 δὲ
1452 5153 1516 5206 τὰ
1597 5152 1764 5224 μείζω
1823 5154 1912 5208 καὶ

265 5238 562 5313 τελεώτερα
613 5238 738 5312 περὶ
788 5235 946 5293 τοῦδε
993 5237 1172 5312 λέγειν
1224 5242 1380 5313 ἡμῖν,
1431 5240 1658 5316 ἀπορίαν
1702 5240 1912 5304 ἑαυτοῖς

267 5323 552 5381 συνειδόσιν
633 5326 772 5381 ὥστε
846 5326 970 5402 περὶ
1048 5332 1146 5381 τοῦ
1224 5326 1509 5403 κρατίστου
1567 5334 1672 5383 τῶν
1741 5325 1912 5385 ὅντων

269 5414 618 5491 ὑψηλοτέρων
669 5415 924 5470 ἅπτεσθαι
975 5414 1198 5490 λόγων.
1249 5417 1346 5470 Καὶ
1396 5417 1499 5493 γὰρ
1551 5418 1695 5493 ἀρχή
1740 5440 1821 5480 τις
1853 5418 1914 5472 τὸ

268 5501 410 5580 ὕδωρ
463 5506 564 5573 τῆς
625 5504 788 5580 ὑγρᾶς
852 5503 1034 5566 οὐσίας
1110 5504 1383 5577 νομίζεται
1451 5506 1541 5560 καὶ
1610 5508 1916 5562 συνεκτικὸν

265 5597 367 5647 τῶν
426 5591 740 5669 λεγομένων
790 5593 936 5669 παρά
981 5596 1142 5648 τοῦτο
1201 5595 1485 5669 στοιχείων
1514 5615 1526 5627 ·
1589 5592 1775 5666 ἐπειδὴ
1825 5597 1914 5651 καὶ

271 5688 423 5738 πᾶσιν
471 5681 702 5742 ἐκείνοις
759 5681 834 5742 εἷς
891 5682 952 5737 τὸ
1008 5683 1140 5737 εἶναι
1199 5678 1526 5757 συμϐάλλει.
1586 5689 1673 5757 Τῷ
1715 5707 1773 5740 τε
1812 5686 1912 5761 γὰρ

270 5769 378 5848 ἀέρι
443 5768 772 5846 μεταδίδωσι
827 5773 923 5841 τῆς
997 5770 1319 5848 ὑγρότητος,
1379 5773 1467 5827 καὶ
1526 5773 1625 5829 οὐκ
1683 5771 1910 5830 ἂλλοθεν

2095 2413 2304 2468 Praeter
2342 2410 2500 2465 dicta
2525 2424 2682 2474 vero,
2713 2408 3020 2464 innumera
3041 2404 3382 2462 hominibus
3409 2402 3576 2459 lucra
3605 2417 3674 2458 ex

2027 2501 2196 2557 mari.
2231 2501 2343 2556 Res
2395 2499 2552 2555 enim
2585 2497 2906 2552 innumerae
2961 2495 3328 2566 aliorumque
3382 2493 3673 2549 bonorum

2026 2591 2264 2646 ubertas
2291 2589 2498 2645 exinde
2541 2590 2664 2654 est;
2698 2585 2770 2641 ob
2802 2602 2929 2656 qua;
2961 2584 3094 2655 quis
3113 2583 3305 2655 seipse
3336 2580 3670 2654 praecellen-

2029 2680 2141 2734 ticr
2167 2678 2418 2734 videtur.
2454 2676 2567 2731 Sed
2606 2674 2728 2730 haec
2777 2674 3026 2728 fortasse
3057 2689 3170 2728 non
3203 2671 3394 2743 magis
3425 2669 3674 2741 alicujus

2029 2766 2311 2822 momenti
2359 2765 2716 2820 videbuntur
2773 2763 2846 2818 iis
2894 2762 2994 2834 qui
3023 2761 3085 2816 in
3145 2760 3443 2832 sapientia
3478 2757 3672 2815 studio

2029 2856 2218 2928 magis
2247 2854 2458 2910 versati
2489 2856 2628 2908 sunt
2667 2856 2725 2908 et
2775 2851 2874 2923 qui
2905 2849 3205 2906 intellectu
3235 2848 3408 2921 vulgo
3439 2847 3673 2920 praecel-

2029 2944 2178 3000 lunt.
2229 2944 2298 2998 At
2325 2943 2435 2997 hoc
2467 2956 2609 2997 sane
2655 2939 2927 2996 omnibus
2977 2937 3156 2994 lucris
3215 2937 3587 3009 praestantius
3617 2940 3676 2992 et

2029 3049 2191 3103 aeque
2221 3048 2287 3087 ac
2318 3034 2525 3086 caetera
2567 3028 2764 3084 omnia
2797 3027 3184 3083 admiratione
3213 3026 3481 3099 dignum,
3515 3025 3672 3097 quod

2030 3136 2232 3176 earum
2264 3136 2390 3190 quae
2421 3117 2621 3190 procul
2652 3119 2792 3172 sunt
2820 3132 3015 3172 rerum
3054 3115 3286 3188 cognito
3317 3114 3525 3169 exinde
3572 3113 3673 3168 ad-

2029 3209 2224 3264 veniat
2253 3213 2308 3264 et
2337 3207 2632 3262 actionum
2682 3222 2749 3261 ac
2771 3221 3082 3260 causarum
3113 3203 3470 3276 agendarum
3504 3218 3672 3258 accu-

2031 3302 2160 3354 rata
2231 3295 2547 3369 exploratio
2605 3299 2662 3348 et
2711 3293 2955 3349 scientia
3005 3297 3062 3349 et
3118 3290 3489 3364 experientia,
3547 3306 3674 3362 quae

2031 3386 2229 3444 omnia
2253 3384 2582 3456 colligimus
2613 3383 2796 3450 brevi,
2847 3399 2979 3437 cum
3034 3380 3240 3437 multis
3297 3379 3570 3453 gentibus
3617 3383 3676 3435 et

2035 3474 2239 3530 multis
2294 3474 2558 3529 moribus
2605 3475 3035 3539 conversantes,
3068 3477 3125 3526 et
3155 3469 3394 3526 meliora
3444 3484 3676 3542 semper

2025 3565 2389 3621 addiscentes
2421 3579 2507 3630 eo,
2541 3562 2696 3633 quod
2726 3560 2785 3615 in
2818 3577 2997 3616 novos
3025 3564 3085 3615 et
3115 3559 3260 3616 alios
3301 3573 3530 3630 semper
3577 3559 3670 3613 in-

2028 3653 2294 3710 cidamus
2323 3655 2381 3707 et
2409 3649 2675 3706 homines
2705 3655 2763 3705 et
2792 3650 2966 3705 urbes
2988 3653 3045 3704 et
3070 3648 3224 3720 leges
3253 3651 3309 3701 et
3329 3663 3422 3702 res
3448 3661 3672 3702 omnes.

2036 3742 2196 3800 Unde
2225 3745 2505 3812 tanquam
2541 3738 2726 3810 magis
2756 3737 2971 3811 experti
2998 3742 3053 3793 et
3083 3736 3486 3810 prudentiores
3543 3734 3675 3792 aliis

2027 3830 2348 3897 evadimus,
2381 3828 2672 3901 siquidem
2723 3827 3077 3900 experientia
3121 3825 3374 3880 maxime
3403 3828 3676 3897 praestare

2027 3919 2548 3992 deprehenduntur
2577 3917 2663 3972 ilii
2695 3917 2797 3989 qui
2839 3917 2986 3972 mari
3017 3915 3101 3970 uti
3132 3914 3340 3971 solent.
3375 3913 3491 3969 Nec
3541 3929 3675 3986 pro-

2027 4009 2175 4064 fecto
2223 4008 2280 4063 id
2333 4011 2589 4075 tantum,
2645 4007 2747 4061 sed
2796 4011 2853 4062 et
2899 4005 3170 4063 robustos
3218 4007 3278 4058 et
3332 4000 3675 4059 fortitudine

2027 4096 2434 4170 praapollentes
2474 4096 2710 4152 eosdem
2738 4095 2934 4151 videre
2981 4094 3134 4149 soles
3169 4117 3183 4161 ;
3216 4091 3494 4164 quoniam
3527 4087 3674 4146 nihil

2027 4192 2116 4243 est
2147 4186 2300 4258 quod
2325 4188 2533 4258 praeter
2561 4200 2719 4240 mare
2767 4183 3126 4239 sufﬁcienter
3150 4181 3210 4236 in
3240 4179 3519 4252 periculis
3547 4194 3672 4249 per-

2028 4290 2288 4331 severare
2318 4275 2543 4341 doceat,
2577 4277 2634 4329 et
2664 4273 3012 4344 persuadeat
3045 4270 3306 4326 animose
3337 4269 3485 4324 ferre
3515 4283 3666 4337 que-

2028 4380 2259 4435 cunque
2305 4362 2594 4419 incidunt.
2645 4362 2790 4420 Nam
2841 4360 2983 4416 mihi
3032 4358 3325 4431 equidem,
3384 4354 3674 4413 etiamsie

2026 4452 2351 4524 longinquo
2383 4450 2740 4506 constitutus
2771 4449 2904 4519 sim,
2932 4447 3017 4503 vel
3060 4447 3182 4504 solo
3221 4448 3458 4518 aspectu
3485 4447 3674 4500 terro-

2029 4557 2149 4596 rem
2181 4540 2392 4596 incutit
2423 4555 2600 4606 mare,
2635 4542 2690 4592 et
2738 4539 3048 4593 frementes
3079 4535 3160 4589 illi
3195 4533 3422 4590 sonitus
3452 4537 3510 4588 et
3556 4536 3672 4587 tre-

2030 4630 2248 4685 mendi.
2283 4629 2441 4692 Quod
2476 4645 2605 4683 vero
2631 4632 2688 4680 et
2719 4627 2851 4698 quis
2881 4625 3094 4680 audeat
3119 4623 3345 4696 ingredi
3400 4626 3457 4678 et
3513 4621 3673 4676 navi-

2028 4733 2154 4772 rare
2186 4732 2289 4788 per
2321 4721 2526 4771 aestum
2557 4719 2612 4770 et
2639 4713 2935 4769 turbinem
2965 4718 3022 4767 et
3059 4713 3414 4767 decumanos
3461 4711 3674 4766 ﬂuctus

2023 4810 2080 4861 et
2167 4821 2372 4861 omnes
2454 4803 2889 4858 vicissitudines
2967 4801 3119 4856 aeris
3174 4805 3230 4857 et
3296 4817 3478 4872 aquae,
3563 4798 3672 4854 hoc

2024 4910 2165 4950 sane
2193 4909 2430 4948 omnem
2480 4890 2848 4948 strenuitatis
2888 4894 2946 4946 et
2974 4888 3295 4946 tolerantiae
3331 4904 3670 4944 mensuram

2022 4982 2261 5039 excedit.

2091 5075 2275 5142 Atque
2322 5070 2405 5126 ita
2443 5075 2723 5142 tanquam
2754 5088 2785 5126 e
2815 5069 3007 5142 parvis
3064 5066 3442 5124 eminentiam
3491 5066 3672 5138 hujus

2023 5158 2293 5216 elementi
2326 5175 2674 5230 cognoscere
2707 5158 2856 5214 licet.
2890 5157 3176 5212 Adferunt
3205 5159 3400 5211 autem
3448 5156 3673 5228 majora

2025 5252 2080 5302 et
2112 5247 2299 5320 magis
2329 5247 2542 5303 eximia
2588 5265 2712 5318 quas
2745 5247 2815 5301 de
2847 5246 2943 5301 illo
2974 5245 3220 5301 dicenda
3251 5250 3390 5300 sunt
3437 5244 3668 5300 haesita-

2023 5335 2242 5390 tionem
2290 5337 2457 5390 nobis
2479 5335 2645 5408 ipsis,
2672 5339 2871 5406 utpote
2902 5333 3151 5390 consciis
3172 5350 3279 5390 nos
3297 5335 3368 5389 de
3398 5337 3670 5405 praestan-

2023 5425 2257 5480 tissima
2287 5441 2482 5480 rerum
2534 5423 2875 5479 sublimium
2909 5439 3238 5479 sermonem
3289 5422 3484 5478 ordiri.
3521 5422 3669 5478 Nam

2024 5529 2177 5585 aqua
2205 5513 2378 5567 etiam
2410 5519 2689 5584 tanquam
2714 5513 3063 5586 principium
3089 5513 3381 5582 quoddam
3413 5510 3668 5566 humidae

2023 5604 2243 5655 natura:
2273 5617 2401 5656 esse
2429 5606 2715 5670 censetur,
2749 5607 2807 5657 et
2838 5604 3137 5658 continere
3189 5620 3254 5658 ac
3284 5604 3343 5657 in
3376 5605 3529 5658 statu
3561 5617 3667 5656 suo

2023 5705 2362 5744 conservare
2387 5713 2392 5718 ’
2416 5706 2484 5745 ea
2514 5707 2638 5761 quae
2671 5696 2877 5762 praeter
2907 5693 3099 5762 ipsum
3132 5696 3272 5748 sunt
3330 5691 3657 5758 elementa;

2021 5777 2305 5848 quoniam
2337 5781 2393 5834 et
2433 5777 2706 5836 omnibus
2736 5778 2876 5851 illis,
2911 5785 2976 5836 ut
3032 5780 3382 5848 subsistant,
3407 5779 3662 5850 confert;
