4110 6448
373 490 494 554 443

1396 497 1714 563 GEORGII
1758 495 2021 564 CYPRII
2063 496 2182 562 GP.
2227 495 2757 564 PATRIARCHJE

3657 495 3773 561 444

364 640 500 681 nam
532 623 651 683 aeri
677 625 777 682 dat
805 625 877 683 de
905 642 1014 684 sua
1042 625 1428 699 humiditate;
1480 647 1585 688 nec
1615 633 1852 689 aliunde
1873 632 2008 689 talis

2120 634 2369 693 τοιοῦτος
2426 630 2530 707 ἀὴρ
2590 632 2623 700 ἦ
2681 634 2749 704 τῇ
2816 628 3073 703 μετουσίᾳ
3119 632 3218 685 τοῦ
3274 622 3486 692 ὕδατος.
3535 627 3673 706 Πυρὶ
3714 625 3771 685 δὶ

362 724 464 770 aer
490 712 605 769 nisi
635 730 705 771 ex
733 716 1145 775 communione
1165 735 1349 792 aqua,
1384 721 1502 792 igni
1531 726 1725 777 autem
1766 721 2008 777 alimen-

358 803 487 856 tum
517 806 606 857 est
634 801 949 861 humidum
974 793 1037 861 et
1064 805 1175 863 hoc
1207 814 1482 864 manente
1513 813 1712 865 manet
1740 817 1797 865 et
1844 811 2004 881 ipse;

358 893 417 945 et
445 889 554 946 hoc
584 891 727 947 dum
777 895 1165 961 consumitur,
1215 897 1340 968 ipse
1396 897 1575 953 simul
1619 898 2010 967 consumitur,

356 982 415 1034 et
447 979 547 1033 ubi
579 979 753 1051 plano
811 982 1105 1051 defecerit,
1150 985 1276 1057 ipse
1305 986 1520 1042 deficit.
1553 987 1777 1042 Dantur
1831 988 2007 1043 etiam

355 1066 456 1138 qui
491 1064 681 1124 stellis
709 1085 779 1125 ex
808 1087 963 1142 aqua
1011 1071 1362 1129 alimentum
1411 1076 1803 1146 suppediant;
1838 1078 2008 1148 cujus

357 1171 538 1211 causa
566 1161 625 1212 et
650 1156 804 1231 ignis
834 1164 892 1216 et
928 1160 1231 1217 stellarum
1292 1162 1674 1219 subsistentia.
1721 1165 2004 1236 quodam-

344 1245 533 1309 ,modo
581 1260 651 1301 ex
696 1264 849 1319 aqua
884 1253 1014 1317 est;
1046 1250 1200 1306 unde
1248 1252 1404 1306 enim
1452 1251 1672 1324 aliquid
1724 1254 2005 1319 nutritur,

356 1332 495 1389 inde
522 1338 583 1390 et
610 1334 669 1391 in
711 1336 1089 1394 subsistendo
1122 1341 1587 1411 permanentiam
1636 1341 1848 1397 habere
1891 1358 2008 1398 cre-

357 1420 536 1478 ditur.
564 1423 744 1480 Terra
772 1430 969 1482 autem
990 1431 1047 1482 et
1068 1427 1291 1500 reliqua
1315 1444 1441 1500 quae
1471 1444 1541 1484 ex
1571 1445 1639 1485 ea
1666 1430 1818 1485 facta
1847 1438 2006 1499 sunt,

357 1515 674 1573 manifesto
703 1531 774 1571 ex
802 1532 996 1587 aqua;
1030 1532 1147 1571 non
1191 1516 1347 1572 enim
1396 1517 1564 1573 aliter
1608 1535 1787 1590 quam
1830 1519 2009 1589 hujus

357 1605 772 1663 communione
803 1603 1013 1677 frigida
1043 1609 1151 1660 est.
1187 1605 1409 1661 Etenim
1441 1606 1488 1661 si
1548 1624 1757 1663 rursus
1806 1607 2007 1663 abstu-

355 1694 496 1752 leris
528 1711 562 1750 a
589 1697 748 1750 terra
776 1709 1010 1749 omnem
1055 1692 1495 1761 humiditatem,
1536 1695 1763 1751 videbis
1815 1697 2007 1768 ipsam

357 1784 656 1841 inﬁrmam
705 1786 763 1837 et
819 1798 933 1837 non
976 1782 1420 1855 subsistentem,
1454 1783 1686 1857 aliaque
1717 1785 2007 1841 sustinere

357 1888 475 1929 non
493 1886 685 1944 posse,
707 1871 808 1926 sed
838 1870 1145 1941 quibusvis
1166 1872 1523 1943 ponderibus
1539 1889 1727 1944 usque
1746 1879 1805 1929 et
1821 1890 2008 1945 usque

360 1961 584 2017 cedere.
615 1959 679 2015 In
737 1963 1011 2031 promptu
1068 1964 1268 2016 autem
1317 1965 1408 2017 est
1452 1966 1512 2017 et
1565 1961 1708 2017 illud
1765 1979 2004 2019 arenam

359 2048 656 2106 contuenti
719 2063 1105 2121 cognoscere;
1158 2065 1286 2121 quas
1329 2050 1530 2122 utique
1576 2055 1732 2107 terra
1791 2055 1900 2119 est,
1957 2052 2007 2107 si

358 2137 554 2195 ablata
616 2137 693 2193 sit
748 2153 877 2208 quae
924 2153 1052 2192 eam
1085 2137 1237 2210 cogit
1266 2142 1323 2194 et
1350 2140 1611 2195 continet
1664 2139 2005 2195 humiditas.

359 2227 429 2283 Et
457 2226 696 2300 quidem
720 2224 874 2291 illos,
906 2226 1005 2297 qui
1031 2241 1244 2297 aquam
1291 2226 1531 2283 unicum
1562 2232 1621 2284 et
1677 2227 2008 2284 solitarium

360 2314 627 2373 omnium
687 2330 881 2370 rerum
933 2313 1287 2386 principium
1347 2332 1475 2372 esse
1540 2316 1832 2382 dixerunt,
1894 2333 2008 2371 non

360 2407 501 2478 puto
532 2403 607 2461 ob
644 2402 802 2459 aliud
850 2401 991 2474 quid
1040 2419 1217 2474 quam
1262 2403 1385 2461 haec
1431 2405 1702 2462 inductos
1735 2405 1916 2461 fuisse
1946 2410 2012 2460 ut

359 2492 472 2550 hoc
507 2491 787 2558 dicerent,
838 2506 955 2546 non
1006 2490 1133 2547 sine
1190 2493 1413 2549 ratione
1446 2495 1553 2549 hac
1611 2493 1882 2565 opinione
1939 2494 2011 2549 de

360 2598 518 2655 aqua
567 2584 860 2652 suscepta.
912 2579 1188 2652 Proptera
1234 2582 1380 2638 nihil
1427 2588 1537 2653 est,
1578 2599 1682 2638 cur
1729 2582 1864 2654 quis
1893 2598 2011 2638 ma-

355 2670 504 2743 joris
531 2669 812 2726 momenti
851 2684 944 2723 res
972 2667 1111 2724 velit
1151 2669 1396 2727 minoris
1425 2672 1589 2743 paria
1635 2672 1924 2727 aestimare
1954 2675 2011 2727 et

363 2760 557 2834 prima
584 2758 645 2815 in
671 2756 747 2814 iis
776 2773 904 2830 qua:
957 2758 1281 2830 posteriora
1330 2765 1509 2829 sunt;
1564 2760 1803 2833 reliquis
1852 2760 2009 2816 enim

363 2847 689 2915 elementis,
721 2865 845 2923 qua
895 2854 953 2908 et
1006 2847 1136 2921 ipsa
1165 2848 1355 2921 prima
1384 2866 1579 2904 rerum
1639 2850 1803 2904 aiunt
1860 2865 2010 2918 esse,

361 2940 593 2993 tantum
625 2939 902 3011 praecellit
929 2956 1101 3013 aqua,
1143 2943 1209 2994 ut
1262 2938 1333 2993 de
1380 2937 1498 2993 illis
1558 2954 1683 3009 quas
1714 2954 1824 2993 sua
1851 2942 2009 3004 sunt,

364 3023 497 3081 aliis
526 3029 937 3098 communicet,
969 3029 1101 3102 ipsa
1139 3043 1273 3083 vero
1304 3025 1641 3081 nullatenus
1690 3024 1809 3080 illis
1857 3024 2010 3081 indi-

362 3117 515 3185 geat.
560 3114 707 3173 Nam
759 3121 926 3174 terraa
983 3116 1254 3188 equidem
1304 3114 1626 3186 (utiisdem
1684 3114 2013 3170 rationibus

363 3201 553 3260 denuo
601 3207 753 3278 utar)
784 3208 857 3262 de
898 3205 1215 3279 trigiditate
1257 3203 1672 3270 communicat,
1723 3202 1824 3257 sed
1864 3202 2011 3258 nihil

364 3289 437 3346 ab
470 3290 572 3348 illa
616 3293 859 3366 recipit:
911 3294 1030 3350 aeri
1087 3297 1281 3349 autem
1337 3292 1408 3346 de
1460 3290 1836 3358 bumiditate,
1886 3291 2015 3363 ipsa

2120 721 2297 798 τροφὴ
2356 720 2592 796 γίγνεται
2646 720 2710 775 τὸ
2766 720 2929 795 ὑγρὸν
2962 758 2975 781 ,
3032 718 3122 774 καὶ
3201 717 3448 792 μένοντος
3524 719 3719 775 τούτου
3754 766 3766 790 ,

2122 810 2267 881 μένει
2323 812 2536 864 κάκεῖνο
2599 853 2613 878 ,
2671 807 2761 863 καὶ
2845 805 3236 880 δαπανωμένου
3315 805 3706 863 συνδαπανᾶται
3750 854 3767 880 ,

2118 899 2207 953 καὶ
2264 898 2467 960 τελέως
2538 897 2926 959 ἐκλελοιπότος
3002 895 3476 972 ἀπομαραίνεταί.
3534 896 3654 951 Εἰσὶ
3714 893 3771 951 δὶ

2118 988 2170 1043 οἳ
2228 987 2317 1041 καὶ
2372 992 2490 1048 τοῖς
2549 984 2771 1063 ἅστρασι
2825 986 3032 1063 τροφὴν
3087 984 3147 1040 έκ
3197 989 3295 1040 τοῦ
3353 982 3546 1046 ὕδατος
3601 1005 3767 1060 παρε-

2117 1075 2399 1147 σκεύασαν,
2458 1073 2520 1130 οῦ
2578 1096 2639 1150 γε
2689 1076 2852 1151 χάριν
2908 1075 2997 1129 καὶ
3062 1072 3233 1149 πυρὸς
3286 1074 3380 1128 καὶ
3438 1073 3676 1149 ἀστέρων
3731 1076 3767 1142 ἡ

2117 1164 2367 1226 σύστασις
2429 1163 2488 1219 έκ
2541 1168 2638 1218 τοῦ
2696 1161 2891 1225 ὕδατος
2947 1157 3147 1236 τρόπον
3204 1160 3344 1216 τινά.
3403 1162 3622 1217 Ὀπόθεν
3678 1162 3768 1217 καὶ

2115 1254 2217 1329 γὰρ
2262 1250 2489 1307 ’ἕκαστον
2531 1250 2822 1328 τρέφεται,
2873 1251 3071 1315 ἐκεῖθεν
3120 1250 3210 1305 καὶ
3256 1252 3355 1319 τὴν
3407 1251 3486 1312 εἷς
3523 1250 3585 1305 τὸ
3632 1250 3766 1307 εἶναι

2118 1338 2383 1415 διαμονήν
2426 1338 2571 1417 ἔχειν
2622 1340 2948 1397 πιστεύεται.
3002 1346 3110 1408 Γῆς
3160 1337 3220 1394 δὲ
3267 1339 3357 1395 καὶ
3404 1338 3571 1409 αὐτῆς
3615 1336 3767 1414 ’ἑτερο

2114 1434 2221 1486 τῶν
2280 1433 2589 1500 ποιοτήτων
2645 1433 2953 1508 περιφανῶς
3012 1427 3071 1483 έκ
3115 1433 3213 1483 τοῦ
3269 1426 3484 1491 ὕδατος.
3546 1429 3607 1483 οὗ
3664 1430 3764 1504 γὰρ

2119 1519 2314 1593 ἑτέρως
2374 1540 2437 1593 γε
2482 1521 2516 1587 ἢ
2575 1523 2644 1591 τῇ
2706 1517 2960 1591 μετουσίᾳ
3015 1514 3175 1572 τοῦδε
3224 1516 3360 1585 αὐτή
3409 1517 3616 1592 ψυχρὰ,
3667 1515 3763 1572 κᾶν

2116 1605 2264 1669 αὖθις
2311 1606 2513 1685 ἀφέλῃς
2554 1614 2654 1677 τῆς
2704 1609 2807 1682 γῆς
2856 1607 2955 1674 τήν
3032 1612 3204 1661 πᾶσαν
3256 1606 3549 1681 ὑγρότητα,
3605 1606 3760 1660 ἀσθεν

2113 1717 2172 1751 τε
2202 1694 2344 1758 ἴδοις
2371 1697 2461 1751 καὶ
2513 1696 2897 1766 ἀνυπόστατον,
2949 1695 3015 1749 τά
3051 1716 3111 1750 τε
3156 1692 3303 1750 ἄλλα
3348 1695 3424 1768 μή
3479 1696 3767 1770 στέγουσαν

2114 1786 2205 1840 καὶ
2261 1785 2542 1846 παντοίοις
2613 1784 2827 1860 βάρεσιν
2899 1784 3291 1859 ὑποχωροῦσαν
3350 1783 3477 1839 ἀεί.
3537 1785 3768 1841 Πάσεστι

2111 1878 2273 1930 τοῦτο
2328 1875 2418 1928 καὶ
2457 1875 2554 1942 τήν
2604 1875 2831 1947 ψάμμον
2885 1874 3097 1947 ὁρῶντα
3151 1877 3460 1944 κατανοεῖν,
3521 1872 3645 1941 ἥτις
3696 1874 3767 1948 γὴ

2121 1964 2215 2037 μὶν
2266 1959 2399 2035 ἔστι,
2450 1960 2597 2030 πλὴν
2648 1962 2972 2040 ἀφῃρημένη
3021 1967 3122 2031 τῆς
3172 1960 3249 2024 εἲς
3299 1962 3463 2016 ταυτὸ
3510 1960 3771 2036 συναγού-

2118 2072 2216 2121 σης
2261 2051 2350 2105 καὶ
2410 2050 2745 2126 συνεχούσης
2803 2049 3101 2126 ὑγρότητος
3136 2091 3148 2103 .
3181 2050 3279 2105 Καί
3338 2070 3403 2125 γε
3456 2049 3585 2112 τοὺς
3640 2050 3767 2121 μίαν

2118 2140 2297 2215 ἀρχὴν
2356 2138 2446 2194 καὶ
2509 2138 2680 2212 μόνην
2746 2143 2853 2193 τῶν
2927 2134 3096 2192 ὄντων
3169 2138 3453 2215 εἰρηκότας
3521 2138 3653 2193 εἶναὶ
3707 2139 3770 2193 τὸ

2117 2225 2264 2301 ὕδωρ
2314 2226 2413 2281 οὐκ
2460 2227 2613 2300 οἶμαι
2665 2224 2735 2281 δι’
2783 2226 2924 2282 ἄλλο
2974 2227 3010 2295 ἢ
3058 2231 3226 2281 ταῦτα
3266 2225 3640 2303 προαχθέντας
3693 2226 3771 2280 εἶ-

2116 2321 2236 2371 πεῖν
2297 2315 2397 2370 οῦκ
2445 2313 2547 2386 ἔξω
2605 2315 2772 2391 λόγου
2836 2315 3060 2386 ταυτηνὶ
3114 2317 3213 2384 τὴν
3276 2312 3429 2386 δόξαν
3489 2315 3615 2390 περὶ
3670 2319 3770 2371 τοῦ

2118 2402 2310 2466 ὕδατος
2370 2404 2683 2481 εἰληφότας.
2745 2406 2837 2459 Διὸ
2885 2402 2998 2459 οὐδ’
3045 2402 3183 2459 ἔστιν
3235 2402 3345 2477 ὅτῳ
3388 2425 3474 2466 τις
3525 2405 3585 2458 τὸ
3627 2423 3771 2458 στοι-

2118 2498 2270 2569 χεῖον
2318 2498 2481 2549 τοῦτο
2526 2488 2852 2567 παραϐαλεῖ,
2885 2493 2930 2548 εὶ
2987 2494 3062 2566 μὴ
3101 2491 3355 2568 βούλεται
3382 2498 3499 2554 τοῖς
3552 2491 3772 2547 ἐλάττο-

2119 2602 2200 2636 σιν
2233 2581 2589 2652 ἀντεξετάζειν
2642 2583 2709 2635 τὰ
2758 2579 2949 2653 μείζω,
2998 2581 3088 2635 καὶ
3138 2581 3204 2634 τὰ
3253 2585 3445 2656 πρῶτα
3480 2586 3599 2642 τοῖς
3635 2580 3773 2653 μετά

2118 2675 2304 2727 ταῦτα.
2364 2671 2665 2746 Στοιχείων
2725 2671 2819 2743 μὲν
2880 2671 2980 2745 γὰρ
3037 2674 3145 2725 τῶν
3204 2668 3413 2741 ἄλλων,
3476 2670 3509 2723 ἅ
3563 2690 3625 2745 γε.
3681 2668 3771 2723 καί

2119 2758 2253 2815 αὐτά
2329 2763 2515 2833 πρῶτα
2592 2762 2699 2813 τῶν
2775 2753 2945 2812 ὄντων
3018 2757 3174 2835 φασὶν
3252 2756 3388 2812 εἶναι
3419 2802 3433 2829 ,
3504 2760 3767 2812 τοσοῦτον

2122 2847 2395 2923 ὑπεραίρει
2474 2845 2537 2900 τὸ
2588 2843 2734 2922 ὕδωρ
2766 2890 2785 2918 ,
2839 2846 2914 2907 ὡς
2995 2849 3101 2899 τῶν
3173 2845 3364 2900 ἑαυτοῦ
3426 2841 3771 2917 μεταδιδόναι

2120 2936 2421 3003 κάκείνοις,
2476 2935 2605 2989 αὐτὸ
2654 2932 2711 2989 δὲ
2755 2938 2861 2989 τῶν
2924 2932 3140 2988 ἐκείνων
3202 2930 3407 2998 δεῖσθαι
3470 2930 3767 3007 μηδέποτε.

2121 3028 2199 3095 Γῆ
2244 3026 2338 3098 μὶν
2386 3025 2511 3100 γὰρ,
2555 3022 2645 3078 ’ἱνα
2689 3023 2778 3078 καὶ
2828 3021 2978 3084 αὖθις
3026 3024 3325 3098 χρήσωμαι
3382 3027 3499 3083 τοῖς
3555 3021 3769 3091 αὐτοῖς,

2125 3110 2449 3187 μεταδίδωσι
2486 3119 2588 3181 τῆς
2638 3111 2987 3187 ψυχρότητος
3015 3155 3029 3181 ,
3082 3110 3233 3165 οὐδὲν
3286 3108 3331 3165 δ’
3380 3110 3579 3174 ἐκεῖθεν
3629 3109 3771 3183 λαμ-

2121 3197 2287 3257 ϐάνει·
2350 3201 2466 3277 ἀέρι
2528 3198 2586 3256 δὲ
2637 3207 2739 3270 τῆς
2797 3200 3096 3276 ὑγρότητος
3167 3199 3255 3255 καὶ
3312 3203 3421 3254 τῶν
3474 3200 3620 3272 παρά
3672 3203 3772 3255 τοῦ

2121 3291 2319 3367 ἀέρος’
2359 3289 2499 3345 ἐστὶν
2579 3290 2799 3360 ἀνενεής
2833 3333 2845 3345 .
2917 3292 3005 3360 Τῷ
3080 3287 3210 3364 πυρὶ
3288 3285 3346 3342 δὲ
3415 3287 3494 3349 εἷς
3560 3288 3773 3364 τροφὴν

363 3383 561 3435 autem
618 3364 821 3437 eorum
878 3399 1003 3453 qua:
1059 3380 1211 3437 aeris
1268 3385 1408 3435 sunt
1462 3396 1578 3435 non
1621 3383 1709 3436 est
1764 3379 2008 3451 indiga:

2126 3364 2363 3456 γίγνεταί
2410 3399 2549 3440 πως-
2608 3375 2755 3447 πλὴν
2806 3374 2999 3447 δεῆσαν
3048 3376 3323 3441 συνελθεῖν
3371 3377 3446 3438 ὡς
3479 3375 3556 3439 εἰς
3586 3373 3771 3452 μάχην

363 3464 487 3537 igni
542 3483 677 3525 vero
716 3468 1089 3542 aliquatenus
1120 3469 1207 3525 int
1239 3468 1665 3523 nutrimentum
1722 3472 1828 3523 est.
1861 3470 2005 3524 Cum

366 3559 560 3612 autem
593 3562 822 3629 oportet
850 3562 918 3614 ut
947 3558 1115 3630 quasi
1147 3558 1217 3613 ad
1269 3574 1526 3631 pugnam
1574 3557 1812 3613 veniant
1867 3574 2018 3627 aqua

366 3647 425 3699 et
456 3644 630 3717 ignis,
663 3647 903 3703 omnino
934 3663 1171 3703 necesse
1201 3651 1313 3714 est,
1372 3650 1437 3701 ut
1468 3650 1570 3701 aut
1617 3662 1771 3717 aqua
1816 3647 2017 3702 robore

364 3730 609 3790 inferior
637 3734 714 3790 sit
740 3738 797 3790 et
827 3737 1014 3801 cedat,
1045 3741 1144 3791 aut
1167 3752 1320 3807 aqua
1339 3734 1496 3790 illius
1517 3735 1775 3807 potentia
1794 3738 2019 3791 tentata

367 3821 541 3894 plane
570 3822 978 3896 exstinguatur
1008 3828 1066 3880 et
1094 3823 1257 3879 nulla
1308 3823 1528 3879 ratione
1569 3823 1720 3879 inter
1748 3840 1841 3880 res
1867 3824 2017 3881 exsi-

369 3913 592 3967 stentes
633 3911 910 3983 supersit.
958 3912 1113 3968 Mare
1168 3912 1365 3984 itaque
1392 3912 1508 3968 tale
1546 3920 1655 3980 est,
1687 3912 1903 3984 ubique
1956 3913 2014 3968 in

369 3999 645 4056 omnibus
665 3998 977 4072 imperium
1017 4000 1286 4056 obtinens
1327 4000 1514 4056 multa
1560 4017 1693 4056 cum
1745 4000 2016 4057 utilitate.

369 4086 549 4146 Nobis
579 4092 773 4144 autem
806 4105 920 4144 non
953 4094 1043 4145 est
1073 4088 1320 4145 facultas
1350 4089 1421 4144 de
1453 4088 1553 4145 illo
1586 4106 1686 4161 pro
1734 4090 2019 4162 dignitate

371 4176 602 4234 dicendi
633 4194 821 4249 neque
850 4178 1027 4234 etiam
1058 4176 1225 4244 illud,
1258 4182 1322 4233 ut
1364 4194 1471 4250 par
1510 4182 1619 4245 est,
1665 4178 2014 4233 admirandi.

371 4268 611 4340 Oportet
636 4264 830 4336 itaque
860 4266 1325 4339 magnitudinem
1360 4265 1540 4337 hujus
1575 4267 1786 4337 negotii
1833 4266 2018 4338 perci-

371 4356 652 4430 pientem,
701 4353 1004 4411 silentium
1054 4355 1243 4427 magis
1294 4370 1471 4426 quam
1500 4355 1677 4410 verba
1724 4353 2018 4425 amplecti,

371 4462 446 4503 ne
474 4444 885 4503 admirationis
914 4443 1384 4518 magnitudinem
1412 4442 1693 4500 orationis
1750 4442 2020 4499 debilitas

376 4538 614 4592 evertat.

2115 3465 2261 3545 ὕὸωρ
2326 3467 2415 3521 καὶ
2467 3471 2595 3542 πῦρ,
2655 3466 2857 3540 ἀνὰγκη
2902 3470 3047 3520 πᾶσα
3093 3466 3128 3534 ἢ
3181 3469 3261 3536 τῷ
3296 3462 3472 3532 ὕδατι,
3503 3484 3777 3540 παραχω-

2127 3564 2288 3633 ρῆσαι
2341 3560 2438 3611 τοῦ
2492 3555 2722 3630 κράτους
2773 3554 2863 3609 καὶ
2914 3553 3243 3623 ὑπεκστῆναι
3298 3553 3334 3622 ἢ
3387 3553 3636 3630 πειραθέν
3676 3555 3778 3622 τῆς

2125 3644 2332 3701 ἐκείνου
2390 3642 2691 3717 δυνάμεως,
2746 3640 2948 3703 τελέως
3004 3662 3064 3697 τε
3121 3636 3419 3712 ἀποσϐῆναι
3493 3641 3584 3696 καὶ
3643 3642 3781 3697 εἳναι

2130 3732 2401 3807 μηδαμῶς
2433 3734 2487 3788 έν
2513 3738 2632 3794 τοῖς
2664 3732 2804 3789 οὗσι,
2854 3730 2956 3787 Καὶ
3004 3728 3244 3795 θάλασσα
3276 3731 3372 3804 μὶν
3404 3727 3496 3785 οῦν
3524 3730 3778 3802 τοιαύτη,

2125 3822 2445 3897 ἁπανταχοῦ
2518 3819 2570 3875 ἐν
2648 3825 2779 3875 πᾶσι
2852 3822 3125 3896 κρατοῦσα
3204 3820 3337 3891 μετὰ
3408 3818 3625 3875 πολλοῦ
3680 3823 3780 3874 τοῦ

2127 3910 2435 3987 χρησίμου,
2462 3912 2597 3982 ἡμῖν
2651 3907 2709 3963 δὲ
2755 3910 2881 3980 περὶ
2920 3906 3087 3976 αὐτῆς
3134 3906 3239 3982 οὐχ
3281 3906 3431 3968 ὅπως
3472 3908 3608 3981 έρεῖν
3639 3907 3779 3981 πρὸς

2130 4000 2273 4071 ἀξίαν
2306 4046 2320 4070 ,
2382 3996 2507 4053 ἀλλ’
2575 3995 2700 4052 οὐδὲ
2773 3995 3161 4073 προσηκόντως
3238 3995 3505 4068 θαυμάσαι
3565 3994 3725 4070 ἰσχύς
3762 4037 3774 4049 .

2129 4087 2256 4143 Δέον
2286 4091 2573 4163 τοιγαροῦν
2626 4091 2723 4141 τοῦ
2776 4084 3033 4162 μεγέθους
3078 4089 3175 4140 τοῦ
3224 4084 3545 4159 πράγματος
3595 4083 3779 4139 αἰσθο-

2133 4175 2325 4251 μένους
2356 4176 2473 4230 ἀντὶ
2527 4180 2634 4230 τῶν
2682 4172 2864 4250 λόγων
2916 4172 3248 4229 ἀσπάσασθαι
3300 4174 3400 4242 τήν
3457 4173 3642 4249 σιγήν,
3684 4170 3780 4228 ἵνα

2133 4266 2208 4338 μὴ
2264 4266 2326 4318 τὸ
2385 4261 2530 4318 πολὺ
2585 4267 2683 4318 τοῦ
2742 4261 3017 4335 θαύματος
3067 4262 3132 4317 τὸ
3186 4261 3395 4324 ἀσθενὶς
3441 4265 3546 4315 τῶν
3596 4260 3777 4338 λόγων

2128 4352 2417 4432 ὑφέληται.
