4110 6458
347 465 466 526 “'7

1376 471 1691 536 GEORGII
1735 471 1996 537 CYPRII
2041 471 2161 535 GP.
2204 472 2733 538 PATRIARGHE

3631 468 3751 533 με

348 596 606 669 aliquam
657 598 958 671 simulant,
1008 618 1186 675 quam
1233 607 1429 661 tamen
1477 607 1767 678 ignorant.
1818 606 1993 663 Vates

2139 609 2610 679 προσποιουμένων.
2667 607 2729 658 Οἳ
2781 607 2882 682 γὰρ
2946 599 3157 678 μάντεις
3221 598 3326 657 ἅλα
3388 600 3478 657 καὶ
3539 601 3747 677 κύαμον

348 686 506 742 enim
540 687 719 744 salem
750 694 806 745 et
835 691 1026 747 fabam
1058 699 1361 765 opponunt
1390 695 1487 764 (l).

425 777 630 832 Tollere
657 779 916 834 axillam.
977 780 1057 836 De
1113 781 1186 836 iis
1245 783 1343 854 qui
1401 783 1619 838 rustice
1677 785 1993 840 admodum

345 863 690 937 tripudiant.

423 955 606 1025 Capra
634 955 884 1024 gladium
911 959 1162 1027 praebens
1194 962 1290 1031 (2).

421 1043 555 1099 Sine
585 1045 847 1116 lacrymis
905 1047 1165 1104 bellumet
1203 1029 1542 1106 dormientis
1600 1059 1880 1123 tropaeum.
1917 1052 1996 1106 De
2029 1029 2039 1036 ’

348 1131 422 1187 iis
454 1133 553 1204 qui
586 1132 859 1190 facillime
888 1141 941 1191 et
971 1141 1176 1207 praeter
1225 1155 1387 1209 spem
1419 1140 1651 1212 negotia
1707 1156 1815 1195 sua
1847 1145 1996 1195 recte

347 1221 664 1276 conficiunt
691 1223 788 1294 (3).

416 1310 719 1369 Monedulz
744 1328 955 1384 semper
981 1315 1285 1372 monedula
1313 1318 1518 1374 assidet
1546 1318 1643 1390 (4),
1682 1322 1760 1383 et,
1793 1320 1995 1374 Parem

343 1414 554 1470 semper
581 1416 706 1455 cum
729 1403 860 1472 pari
888 1406 1032 1459 Deus
1060 1420 1154 1460 con
1152 1406 1364 1475 jungit.

415 1488 698 1547 Amatheee
717 1505 910 1546 cornu.
945 1493 1106 1556 Quod
1139 1494 1365 1566 Jupiter
1411 1495 1620 1551 nutrici
1653 1513 1769 1551 suae
1799 1496 1993 1551 Amal-

345 1574 513 1644 theae,
544 1594 676 1649 qua
704 1595 772 1633 ex
805 1597 980 1651 capra
1018 1581 1212 1653 ipsum
1246 1583 1554 1649 nutrierat,
1599 1585 1861 1656 ejusdem
1894 1602 1992 1640 ca-

347 1679 463 1736 prae
494 1681 674 1722 cornu
705 1668 950 1737 dederit,
981 1686 1049 1725 ex
1079 1687 1192 1740 quo
1249 1673 1628 1743 proveniebat
1675 1673 1787 1745 ipsi
1821 1672 1993 1744 quid-

345 1752 485 1823 quid
515 1754 801 1824 petiisset.
1395 1759 1402 1765 ’

413 1843 672 1914 Aquilam
697 1845 882 1902 volare
908 1847 1080 1903 doces.

2103 695 2326 750 τιθέασι.

2176 783 2356 856 Δί’ρειν
2429 784 2739 858 μασχάλην.
2787 783 2935 837 Ἀντὶ
2982 786 3079 836 τοῦ
3128 783 3472 856 εὐωχεῖσθαι.
3521 780 3749 855 Εἴρηται

2105 872 2210 928 ἀπὸ
2239 878 2345 927 τῶν
2379 873 2705 948 ἀγροικικῶς
2736 871 3114 948 ὀρχουμένων.

2174 962 2268 1032 Α’ἒξ
2302 960 2467 1016 δοῦσα
2495 964 2592 1029 τήν
2626 961 2917 1037 μάχαιραν.

2176 1049 2444 1127 Ἀδακρυς
2474 1049 2717 1122 πόλεμος
2765 1051 2854 1105 καὶ
2901 1047 3260 1111 καθεύδοντος
3305 1048 3590 1123 τρόπαιον,
3625 1047 3747 1104 Ἐπὶ

2105 1144 2209 1194 τῶν
2243 1140 2408 1215 ῥᾷστα
2431 1141 2521 1194 καὶ
2553 1147 2676 1215 παρ’
2706 1136 2901 1195 ἐλπίδα
2929 1136 3356 1212 κατορθούντων.

2178 1318 2284 1376 Ἀεὶ
2332 1317 2551 1379 κολοιὸς
2601 1317 2738 1388 πρὸς
2787 1315 3028 1374 κολοιόν.
3076 1315 3192 1385 Καὶ,
3247 1315 3357 1369 Ἀεὶ
3414 1314 3506 1369 τὸν
3553 1314 3744 1387 ὁμοῖον

2105 1406 2217 1482 ἄγει
2251 1408 2382 1468 Θεὸς
2414 1408 2548 1482 πρὸς
2581 1408 2794 1478 ὁμοῖον.

2176 1496 2499 1567 ’Δμαλθείας
2549 1497 2728 1569 κέρας.
2777 1498 2892 1547 ’Ὁτι
2946 1498 3013 1566 τῇ
3072 1498 3257 1570 τροφῷ
3319 1493 3483 1547 αὐτοῦ
3533 1490 3748 1563 Ἀμαλ-

2103 1583 2217 1652 θείᾳ
2263 1586 2291 1637 ὁ
2340 1585 2466 1646 Ζεὺς
2517 1585 2567 1654 ἐξ
2599 1584 2750 1657 αἰγὸς
2797 1583 3102 1660 τρεφούσης
3160 1582 3317 1636 αὐτὸν
3365 1581 3606 1656 παρέσχε
3661 1581 3747 1635 κέ.-

2104 1695 2197 1747 ρας
2257 1674 2428 1748 αἰγός·
2491 1673 2560 1727 δι’
2617 1674 2679 1726 οὗ
2740 1668 3026 1740 ἐπέϐλυζεν
3087 1671 3222 1743 αὐτῇ
3275 1676 3377 1725 πᾶν
3417 1670 3447 1723 ’ὀ
3489 1668 3547 1724 ἂν
3607 1670 3744 1742 ᾐτή-

2104 1785 2250 1819 σατο.

2175 1853 2354 1908 Ἀετὸν
2382 1849 2641 1914 ’ίπτασθαι
2673 1847 2963 1910 διδάσκεις.

417 1931 639 2004 Semper
665 1935 810 1990 lovis
837 1936 1073 2003 feliciter
1092 1937 1197 1992 tali
1223 1937 1443 1993 cadunt.
1475 1939 1554 1994 De
1584 1938 1656 1994 iis
1688 1938 1788 2010 qui
1819 1939 1994 2009 digne

2175 1941 2284 1998 Ἀεὶ
2343 1942 2443 2016 γὰρ
2488 1938 2544 1995 εὖ
2611 1939 2896 1992 πίπτουσιν
2948 1938 3000 1992 οἱ
3063 1937 3184 1998 Διὸς
3237 1931 3418 1994 κύϐοι.
3472 1935 3590 1991 Ἐπί
3638 1940 3743 1990 τῶν

347 2019 731 2077 honorantur.

419 2112 710 2170 Certamen
753 2117 1158 2172 excusationem
1203 2133 1316 2173 non
1356 2117 1596 2173 admittit
1638 2133 1811 2189 neque
1856 2119 1998 2173 ami-

351 2200 503 2255 eitia.

418 2288 623 2361 Aquila
653 2291 714 2346 in
739 2292 996 2347 nubibus.
1026 2297 1103 2348 De
1131 2294 1308 2350 rebus
1332 2298 1503 2367 captu
1530 2295 1890 2351 difﬁcilibus.

421 2377 608 2434 Molita
636 2381 770 2436 vita.
821 2381 901 2436 De
931 2381 1003 2437 iis
1033 2398 1159 2453 quas
1190 2383 1316 2439 sine
1343 2383 1539 2440 labore
1598 2389 1807 2456 praesto
1839 2392 1996 2440 sunt.

422 2558 744 2630 Anagyrum
789 2575 984 2616 moves.
1015 2559 1095 2616 De
1141 2561 1214 2616 iis
1243 2561 1341 2633 qui
1391 2561 1503 2617 sibi
1551 2561 1819 2634 ipsismet
1847 2561 2003 2618 mala

351 2651 678 2704 accersunt.
713 2649 890 2704 Heros
937 2650 1091 2705 enim
1144 2649 1252 2705 fuit
1299 2651 1538 2721 quidam
1570 2657 1872 2724 Anagyrus
1903 2669 1999 2707 no~

347 2736 526 2804 mine,
562 2736 664 2808 qui
696 2735 915 2793 vicinos
950 2738 1209 2793 vexabat.

419 2823 574 2880 Tales
603 2840 690 2880 me
715 2841 929 2897 semper
981 2831 1380 2899 persequantur
1426 2829 1629 2886 hostes.
1689 2833 1762 2886 De
1793 2830 1866 2886 iis
1897 2830 1996 2903 qui

341 2917 797 2970 contemnuntur
826 2918 883 2970 et
914 2914 1074 2987 parvi
1109 2916 1276 2971 fiunt.

408 3003 608 3074 Aquila
635 3002 850 3075 thripas
906 3004 1066 3060 videt.
1101 3005 1182 3061 De
1241 3005 1313 3062 iis
1363 3007 1464 3078 qui
1518 3006 1823 3080 quospiam
1856 3024 1994 3064 con-

342 3092 633 3147 temnunt.

413 3179 530 3238 Non
560 3185 640 3236 est
664 3182 884 3254 sals-ago
914 3185 977 3238 in
1007 3183 1131 3240 illo.
1168 3189 1244 3239 De
1274 3184 1509 3240 homine
1539 3184 1790 3240 insuavi.

419 3269 609 3341 Vulpes
632 3286 743 3326 non
788 3274 1162 3342 corrumpitur
1189 3272 1364 3328 donis.
1417 3273 1498 3328 De
1544 3273 1617 3328 iis
1647 3273 1747 3344 qui
1783 3290 1992 3330 mune-

341 3356 504 3413 ribus
535 3358 705 3414 facile
733 3376 850 3415 non
882 3365 1357 3430 corrumpuntur.

411 3446 635 3519 Semper
661 3448 847 3519 Africa
875 3449 1088 3520 aliquid
1119 3451 1228 3519 fert
1255 3451 1413 3505 mali.
1450 3450 1511 3505 In
1571 3466 1672 3507 eos
1706 3451 1804 3523 qui
1836 3468 1997 3508 sem-

342 3552 446 3608 per
476 3535 701 3608 aliquid
734 3537 862 3592 novi
894 3537 1033 3593 mali
1063 3537 1612 3594 comminiscuntur.

415 3626 648 3682 Sursum
694 3641 881 3681 versus
908 3628 1206 3695 ﬂuminum
1255 3630 1516 3699 feruntur
1561 3627 1760 3700 fontes.
1816 3633 1893 3684 De
1925 3629 1997 3684 iis

349 3730 477 3785 quea
508 3714 799 3771 contrario
829 3713 1121 3769 dicuntur.

417 3802 649 3858 Mcechus
675 3817 885 3873 semper
906 3801 1178 3857 machum
1204 3806 1507 3874 sapientem
1535 3805 1692 3861 dicit.

417 3891 647 3962 Argenti
668 3892 844 3961 fontes
893 3892 1207 3962 loquuntur.
1241 3893 1322 3948 De
1370 3893 1440 3949 iis
1494 3893 1595 3966 qui
1644 3899 1878 3967 propter
1910 3895 1996 3951 ni-

347 3979 501 4037 mias
531 3995 669 4051 opes
699 3979 759 4034 in
791 3979 1174 4036 ostentatione
1203 3986 1259 4036 et
1288 3980 1509 4037 deliciis
1538 3983 1760 4037 vivunt.

422 4071 688 4142 Majorem
710 4071 881 4126 vitato
915 4072 1112 4125 virum.
1149 4071 1247 4126 Est
1277 4072 1554 4127 Ionicum.

424 4248 666 4305 Arabiae
721 4247 940 4304 tibicen.
1002 4247 1287 4304 Drachma
1346 4249 1522 4317 canit,
1579 4252 1678 4308 sed
1750 4255 2002 4322 quatuor

355 4336 764 4420 compescitur.

421 4479 500 4552 (ι)
555 4478 718 4552 Unde
794 4479 1037 4552 factum,
1112 4484 1176 4535 ut
1232 4481 1328 4550 qui
1391 4497 1584 4538 rerum
1646 4487 2000 4538 secretarum

279 4585 281 4587 ι
349 4550 682 4624 quempiam
739 4551 1079 4624 participem
1139 4552 1478 4623 reddebant,
1529 4553 1682 4608 circa
1720 4553 1900 4608 salem
1948 4563 2004 4610 et

349 4621 545 4678 fabam
578 4639 705 4679 esse
734 4621 1079 4677 dicerentur.

424 4695 500 4762 (2)
533 4694 706 4749 Fama
735 4698 841 4758 est,
875 4693 1191 4749 Corinthiis
1236 4695 1454 4750 Junoni
1491 4696 1736 4762 Ascreee,
1769 4696 1859 4750 cui
1893 4701 2002 4750 Me-

353 4763 463 4836 dea
491 4768 776 4820 statutam
809 4765 1075 4836 posuisse
1127 4767 1328 4835 fertur,
1381 4767 1868 4832 sacriﬁcantibus,
1901 4784 2000 4823 eos

350 4835 453 4907 qui
483 4836 542 4890 in
571 4836 782 4908 vicinia
810 4835 1174 4908 habitabant,
1221 4840 1482 4893 mercede
1529 4839 1845 4894 conductos
1877 4839 1997 4894 cul-

352 4906 506 4980 trum
537 4906 880 4972 occultasse,
915 4906 1224 4980 modisque
1254 4909 1525 4964 omnibus
1575 4918 1638 4964 ut
1667 4909 1871 4965 lateret
1902 4927 1998 4965 an-

351 4977 558 5102 nixoisz
611 4993 786 5050 quem
861 4982 1055 5035 tamen
1125 4977 1299 5052 capra
1371 4981 1619 5053 pedibus
1694 4982 2000 5036 fodicando

353 5063 528 5102 erui.

353 5063 528 5104 θΓυιῐι.

426 5120 502 5191 (3)
551 5117 864 5175 Oraculum
912 5121 1069 5176 enim
1129 5122 1574 5178 Lacedaemoniis
1624 5123 1827 5178 datum
1870 5123 1999 5189 fuit,

352 5191 475 5266 fore
525 5195 588 5246 ut
639 5207 837 5266 pugna
879 5191 1004 5247 sine
1059 5192 1335 5266 lacrymis
1382 5199 1579 5250 essent
1631 5194 1997 5266 superiores:

353 5263 512 5389 ﬁngite
540 5262 654 5318 nec
699 5262 1014 5334 quisquam
1065 5262 1296 5319 illorum
1353 5270 1474 5320 tum
1506 5262 1784 5337 temporis
1834 5282 2002 5322 occu-

398 5351 453 5389 ιιι
491 5376 502 5387 .

398 5339 502 5390 uit.

425 5406 503 5478 (4)
544 5403 629 5478 De
671 5403 768 5478 iis,
836 5403 936 5475 qui
976 5421 1107 5461 cum
1178 5406 1275 5478 sui
1336 5407 1629 5463 similibus
1675 5416 2000 5462 versantur.

351 5476 554 5532 Veneti
605 5476 704 5548 qui
763 5478 832 5530 ad
884 5492 1043 5531 mare
1115 5477 1470 5533 Adriaticum
1530 5479 1815 5546 accolunt,
1871 5496 2003 5533 cum

347 5549 474 5619 jam
531 5557 762 5619 tempus
819 5549 993 5602 aratri
1053 5551 1108 5602 et
1171 5550 1450 5604 sementis
1508 5551 1778 5605 faciendae
1836 5551 2003 5604 ades-

356 5624 466 5684 set,
495 5619 825 5675 monedulis
859 5619 1010 5673 dona
1043 5619 1368 5685 mittebant,
1407 5621 1702 5691 placentas
1745 5627 1801 5675 et
1848 5621 2001 5675 liba:

358 5692 576 5762 quibus
604 5692 841 5764 quidem
899 5691 1068 5746 douis
1101 5692 1205 5747 hoc
1254 5692 1554 5763 agebatur,
1588 5702 1650 5748 ut
1696 5693 1853 5749 velut
1886 5693 2003 5764 pla-

359 5763 635 5825 camenta
655 5764 922 5835 quasdam
956 5767 1151 5820 essent
1179 5769 1235 5819 et
1265 5763 1636 5820 induciarum
1671 5769 1838 5838 pacta
1868 5763 2002 5821 con-

2030 4691 2077 4755 D

2107 2029 2267 2100 ἀξίως
2294 2030 2646 2100 τιμωμένων.

2179 2119 2354 2192 Ἀγὼν
2386 2117 2653 2194 πρόφασιν
2687 2115 2785 2171 οὐκ
2815 2113 3120 2190 ἐπιδέχεται
3155 2112 3279 2170 οὐδὲ
3309 2113 3483 2192 φιλία.

2179 2296 2359 2357 Ἀετὸς
2394 2295 2444 2349 ἐν
2471 2294 2742 2372 νεφέλαις.
2776 2293 2896 2348 Ἐπὶ
2929 2297 3034 2347 τῶν
3071 2290 3418 2348 δυσαλώτων.

2181 2384 2583 2456 Ἀληλεσμένος
2640 2383 2777 2458 βίος.
2832 2381 3096 2436 Ἐπὶτοῦ
3164 2380 3384 2454 ἑτοίμου
3456 2381 3545 2434 καὶ
3614 2380 3748 2434 ἀπό-

2107 2495 2224 2534 νου,

2183 2561 2471 2637 Ἀνάγυρον
2547 2566 2731 2622 κινεῖς.
2799 2561 2920 2614 Ἐπὶ
2990 2565 3094 2614 τῶν
3170 2558 3567 2636 προξενούντων
3629 2559 3750 2612 ἑαυ-

2106 2657 2222 2714 τοῖς
2274 2653 2427 2706 κακά.
2490 2650 2779 2724 ’Δνάγυρος
2839 2649 2940 2722 γάρ
2997 2670 3079 2709 τις
3136 2648 3285 2723 ἥρως
3365 2647 3558 2702 ἐκάκου
3622 2646 3748 2708 τοὺς

2108 2741 2372 2816 γείτονας.

2176 2829 2287 2885 ’Δεί
2348 2850 2413 2902 με
2495 2832 2733 2883 τοιοῦτοι
2795 2825 3056 2899 πολέμιοι
3129 2823 3395 2880 διώκοιεν.
3447 2824 3569 2882 Ἐπὶ
3642 2829 3746 2878 τῶν

2106 2918 2668 2996 καταπεφρονημὲνων
2700 2915 2790 2971 καὶ
2821 2913 3036 2977 οὐδενὸς
3069 2913 3246 2984 ἀξίων.

2179 3010 2357 3070 Ἀετὸς
2440 3008 2634 3081 θρίπας
2701 3006 2819 3079 ὁρᾷ.
2877 3003 2996 3058 Ἐπὶ
3074 3008 3180 3058 τῶν
3269 3000 3750 3080 καταφρονούντων

2103 3102 2286 3152 τινῶν.

2175 3185 2366 3256 ’Ἃλμη
2401 3185 2500 3238 οὐκ
2528 3182 2666 3238 ἔστιν
2701 3181 2750 3237 ἐν
2784 3183 2951 3253 αὑτῷ.
2982 3181 3102 3236 Ἐπὶ
3131 3184 3228 3235 τοῦ
3258 3178 3482 3249 ἀηδοῦς.

2175 3274 2431 3344 ’Δλώπηξ
2479 3273 2540 3327 οὐ
2600 3269 3008 3347 δωροδοκεῖται.
3065 3270 3186 3324 Ἐπὶ
3259 3274 3366 3322 τῶν
3424 3267 3486 3322 οὐ
3547 3264 3751 3342 ῥᾳδίως

2104 3361 2501 3435 ἁλισκομένων.

2178 3453 2286 3506 ’Δεὶ
2345 3451 2492 3528 φέρει
2539 3472 2589 3504 τι
2639 3443 2812 3518 Λιϐύη
2863 3446 3046 3504 κακόν.
3099 3447 3220 3502 Ἐπὶ
3282 3451 3387 3500 τῶν
3458 3445 3539 3499 ἀεὶ
3608 3445 3751 3516 ἐξευ-

2106 3540 2396 3613 ρισκόντων
2427 3561 2477 3592 τι
2508 3539 2627 3593 νέον
2655 3537 2842 3593 κακόν.

2178 3634 2325 3686 ’Ἀνω
2372 3631 2631 3700 ποταμῶν
2685 3629 2929 3702 χωροῦσι
2998 3623 3194 3700 πηγαί.
3243 3623 3362 3678 Ἐπὶ
3429 3627 3537 3677 τῶν
3609 3623 3756 3677 ἐναν-

2104 3718 2232 3772 τίων
2269 3716 2606 3791 λεγομὲνων.

2177 3806 2290 3861 Ἀεὶ
2322 3807 2349 3860 ὁ
2381 3805 2583 3881 πόρνος
2615 3802 2759 3879 λέγει
2789 3804 2879 3858 τὸν
2910 3804 3163 3880 σώφρονα
3196 3801 3418 3876 πόρνον.

2175 3895 2443 3970 Ἀργύρου
2500 3900 2697 3970 κρῆναι
2757 3890 3039 3947 λαλοῦσιν.
3084 3891 3205 3945 Ἐπὶ
3270 3894 3377 3944 τῶν
3437 3886 3526 3944 διὰ
3591 3886 3758 3942 πλοῦ-

2103 4005 2194 4039 τον
2228 3982 2668 4061 ἐμφανιζομὲνων
2702 3981 2736 4049 ἢ
2771 3979 2863 4050 εὖη
2877 3979 3208 4056 μερούντων.

2175 4072 2308 4129 Ἀπὸ
2385 4070 2636 4144 μείζονος
2727 4065 2924 4144 ἀνδρὸς
2999 4064 3169 4139 ἄλευ’,
3247 4064 3374 4134 ἤτοι
3459 4063 3756 4142 φυλάττου,

2107 4162 2384 4221 Ἰωνικῶς.

2178 4243 2431 4323 Ἀράϐιος
2466 4246 2734 4317 αὐλητής.
2764 4249 2855 4309 Ὃς
2891 4241 3050 4315 ηὔλει
3110 4244 3204 4316 μὲν
3229 4239 3505 4316 δραγμῆς,
3533 4240 3760 4296 ἐπαύετο

2110 4335 2168 4392 δὲ
2193 4336 2484 4413 τεττάρων.

2109 4485 2302 4547 vente,
2352 4496 2421 4535 ne
2470 4479 2579 4535 illae
2651 4477 2872 4534 Cereris
2929 4476 3185 4532 fructum
3251 4479 3417 4532 terras
3469 4474 3762 4547 commisf

2109 4569 2242 4608 sum
2288 4543 2605 4607 effoderent
2670 4548 3193 4620 sublegerentque:
3259 4563 3382 4620 quo
3458 4543 3761 4620 facto_illi

2152 4624 2345 4679 uidem
2378 4622 2722 4688 discedunt;
2757 4616 3028 4675 ceterum
3064 4616 3512 4688 monedularum
3553 4616 3765 4688 nubes,

2152 4640 2345 4679 “luem
2378 4640 2722 4688 αιεοθαυῐη;
2757 4640 3028 4675 caeterum
3067 4640 3512 4673 moueuntarum
3554 4640 3764 4686 HUUUS,

2109 4640 2255 4750 anas
2287 4699 2388 4748 aut
2418 4699 2534 4748 tres
2557 4694 2727 4761 juxta
2758 4706 2980 4745 morem
3013 4689 3338 4761 legatorum
3371 4687 3470 4759 qui
3501 4703 3570 4743 ex
3601 4687 3764 4761 urbi-

2112 4769 2221 4821 bus
2270 4765 2422 4820 mitti
2474 4759 2680 4829 solent,
2732 4759 3110 4831 hospitalium
3171 4775 3484 4831 munerum
3533 4759 3764 4831 copiam

2109 4837 2499 4906 inspecturas,
2525 4852 2598 4901 ex
2634 4834 2767 4906 suis
2816 4829 3166 4906 emundant.
3203 4832 3427 4897 Quibus
3455 4829 3764 4906 inspectis,

2111 4900 2374 4972 redeunt,
2407 4900 2584 4976 atque
2627 4905 2758 4960 illas
2805 4921 2921 4975 qua
2967 4919 3104 4958 voce
3155 4903 3304 4957 inter
3353 4919 3416 4957 se
3463 4900 3548 4956 uti
3589 4905 3767 4976 atque

2110 4971 2368 5034 invicem
2405 4971 2730 5050 intelligere
2758 4971 3048 5050 innatum
3115 4979 3224 5044 est,
3255 4977 3622 5050 _accersun_t._
3647 4971 3765 5026 Ve-

2112 5051 2338 5106 nientes
2389 5042 2875 5104 autem'nubium
2945 5042 3271 5117 instar,_'_si
3321 5061 3449 5117 quae
3501 5042 3768 5117 diximus

2154 5121 2494 5186 ustaverint,
2529 5118 2866 5190 intelligunt
2886 5116 3088 5190 Veneti
3120 5115 3233 5190 sibi
3264 5113 3398 5170 cuin
3427 5113 3767 5190 volucribus

2154 5138 2494 5186 usmvermt,
2529 5138 2866 5190 Intettlgunt
2899 5138 3088 5172 V8116“
3120 5138 3233 5170 5101
3264 5138 3398 5170 cum
3428 5138 3767 5170 γυιυυτιυυδ

2111 5138 2229 5248 ﬁlis
2263 5191 2807 5247 confoederationem
2840 5205 3005 5244 esse:
3039 5187 3129 5242 sin
3157 5187 3259 5241 illa
3287 5185 3768 5258 contempserint,

2113 5274 2171 5340 et
2201 5273 2476 5335 tanquam
2526 5262 2662 5340 vilia
2709 5277 2843 5340 cum
2894 5260 3173 5340 dedecore
3221 5255 3609 5340 (_les_pexerii1t2
3652 5255 3768 5340 mi-

2113 5327 2386 5406 nimeque
2451 5333 2848 5406 gustaverint;
2911 5331 3158 5406 credunt
3225 5327 3533 5406 indigenae,
3592 5327 3767 5406 talem

2115 5399 2348 5462 illarum
2400 5399 2739 5477 despectum
2787 5404 2999 5457 famem
3050 5400 3162 5477 sibi
3207 5418 3309 5472 pro
3358 5399 3579 5455 inulcta
3625 5399 3770 5477 alla-

2115 5484 2337 5533 turum.
2371 5471 2590 5544 Quip'pe
2623 5478 2841 5545 jejunae
2886 5471 3235 5538 monedulis,
3285 5488 3549 5544 quaeque,
3592 5475 3659 5526 ut
3689 5471 3770 5525 ita

2117 5550 2336 5621 loquar,
2389 5548 2735 5604 muneribus
2781 5545 2898 5600 illis
2946 5561 3076 5621 sese
3119 5545 3414 5621 corrumpi
3466 5560 3581 5599 non
3637 5558 3769 5614 per-

2117 5615 2426 5685 miserunt,
2482 5621 2550 5673 ad
2593 5635 2727 5672 arva
2780 5615 3174 5680 convolantes,
3225 5618 3627 5686 maioremque
3675 5629 3768 5668 sa-

2114 5699 2308 5748 torum
2342 5697 2565 5764 partem
2593 5689 2970 5764 acerbissime
3000 5685 3396 5761 iracundaque
3431 5685 3769 5742 etl'odientes

2116 5760 2576 5836 indagantesque
2605 5760 3032 5834 depraedantur.
