4110 6436
329 416 439 482 449

395 547 594 611 ’Λϊδος
626 551 757 622 κυνῇ
767 593 779 608 .

397 646 596 714 ’Ἀκρῳ
628 639 861 712 ἅψασθαι
892 633 1169 707 δακτύλῳ.

400 726 610 802 Αἵματι
656 725 888 783 κλαίειν.
939 725 1064 780 Καθ’
1118 717 1427 800 ὑπερϐολὴν
1478 721 1564 776 ἐπὶ
1608 727 1714 777 τῶν
1770 719 1982 799 σφόδρα

341 816 706 893 δακρυόντων.

399 907 473 963 Αἱ
503 907 741 980 Χάριτες
765 904 986 980 γυμναί.
1019 907 1136 958 Ὅτι
1169 898 1252 956 δεῖ
1282 898 1485 976 δωρεὰν
1524 899 1842 975 εὐεργετεῖν.

408 994 647 1063 ’Δκόνην
709 992 952 1062 σιτίζεις.
1003 991 1125 1048 Ἐπὶ
1180 994 1287 1045 τῶν
1337 989 1699 1066 τρεφομένων,
1749 988 1838 1042 καὶ
1888 986 1986 1041 οὐκ

341 1081 714 1140 ἐπιδιδόντων.

409 1169 613 1228 ’Δλλοι
646 1171 846 1244 κάμον,
875 1167 1038 1224 ἄλλοι
1071 1165 1295 1224 ὤναντο.
1331 1166 1450 1221 Ἐπὶ
1481 1170 1586 1218 τῶν
1637 1166 1762 1240 παρ’
1794 1161 1990 1219 ἐλπίδα

338 1263 402 1317 τὰ
430 1258 702 1334 ἀλλότρια
733 1256 1254 1334 κληρονομούντων.

409 1346 590 1404 Ἄλλο
623 1345 814 1423 γλαὺξ,
845 1344 986 1401 ἄλλο
1017 1345 1234 1420 κορώνη
1271 1344 1578 1421 φθέγγεται.
1613 1341 1733 1397 Ἐπὶ
1768 1345 1878 1396 τῶν
1913 1341 1989 1413 μὴ

345 1435 780 1515 συμφωνούντων
815 1432 1110 1504 ἀλλήλοις.

413 1524 803 1592 ’Δλωπεκίζειν
886 1523 1022 1596 πρὸς
1093 1522 1275 1596 ἑτέραν
1351 1517 1628 1574 ἀλώπεκα.
1698 1519 1817 1574 Ἐπὶ
1882 1523 1988 1572 τῶν

347 1616 605 1686 ἐξαπατᾷν
645 1610 998 1688 βουλομένων
1023 1609 1151 1673 τοὺς
1181 1609 1428 1682 ὁμοίους.

415 1701 679 1758 Ἀλλοισι
716 1701 810 1774 μὶν
837 1699 1080 1777 γλῶσσα,
1111 1696 1331 1754 ἄλλοισι
1364 1696 1421 1752 δὲ
1448 1697 1696 1775 γόμφιοι.
1732 1698 1853 1752 Ἐπὶ
1880 1701 1988 1752 τῶν

347 1790 450 1848 λάλ
459 1812 532 1846 ων
563 1791 654 1845 καὶ
685 1791 865 1868 φάγων
876 1832 889 1845 .

418 1877 643 1954 Ἀνδρὸς
674 1877 930 1954 γέροντος
979 1876 1167 1955 σταφὶς
1210 1876 1273 1930 τὸ
1320 1875 1559 1951 κρανίον.
1594 1875 1713 1930 Ἐπὶ
1760 1879 1866 1929 τῶν
1918 1875 1992 1936 εἷς
2023 1912 2070 1976 Β

349 1966 500 2024 οὐδὲν
535 1965 1008 2043 χρησιμευόντων.

421 2054 606 2113 Ἀλλα
656 2056 748 2126 μὲν
797 2053 1033 2122 Λεύκων,
1069 2050 1212 2107 ἀλλὰ
1261 2049 1315 2105 δὲ
1364 2051 1644 2114 Λεύκωνος
1681 2047 1826 2114 ὄνος.
1873 2053 1993 2106 Ἐπὶ

345 2151 452 2200 τῶν
486 2143 727 2220 ἐχόντων
754 2147 868 2203 τοῖς
902 2138 1089 2216 λόγοις
1116 2139 1416 2217 ἀσύμφωνα
1443 2140 1509 2194 τὰ
1541 2137 1689 2215 ἔργα.

418 2231 637 2301 ’Ἄλλην
720 2231 813 2304 μὲν
897 2228 1276 2302 έξαντλοῦμεν,
1333 2231 1368 2297 ἡ
1425 2226 1469 2282 δ’
1534 2228 1812 2304 ἐπεισρέει.
1874 2230 1993 2284 Ἐπὶ

349 2325 453 2377 τῶν
494 2321 671 2393 μάτην
706 2318 1010 2373 πονούντων
1022 2359 1034 2372 .

418 2413 600 2483 ’Ἃμας
634 2408 894 2478 ἀπήτουν,
928 2408 978 2460 o't
1009 2404 1053 2461 δ’
1081 2406 1418 2483 ἀπηρνοῦντο
1450 2407 1674 2483 σκάφας.

419 2499 555 2572 ’Δμ’
629 2495 864 2566 ἧλέηται
933 2495 1021 2550 καὶ
1091 2496 1339 2565 τέθνηκεν
1391 2497 1426 2563 ἠ
1472 2495 1652 2570 χάρις.
1708 2495 1829 2549 Ἐπὶ
1890 2500 1994 2550 τῶν

351 2586 682 2663 ἀχαρίστων.

423 2677 518 2732 Ἀν
557 2675 634 2748 μὴ
664 2677 814 2749 παρῇ
844 2674 1022 2748 κρέας,
1049 2672 1263 2749 ταρίχῳ
1295 2673 1594 2749 στερκτέον.
1616 2675 1733 2728 ’Ὀτι
1771 2671 1852 2728 δεῖ
1882 2678 1996 2734 τοῖς

354 2768 610 2841 παροῦσιν
645 2762 942 2839 ἀρκεῖσθαι.

425 2857 642 2926 Ἂμμες
670 2857 790 2906 ποτ’
820 2851 976 2924 ἦμες.
1014 2852 1127 2908 Ἀεὶ
1163 2853 1229 2905 τὰ
1257 2850 1444 2927 πέρυσι
1482 2849 1701 2925 βελτίω.

423 3031 590 3106 ’Δνὴρ
621 3031 650 3086 ὁ
681 3027 893 3107 φεύγων
933 3027 995 3083 ού
1046 3030 1190 3101 μένει
1239 3027 1439 3082 κτύπον
1492 3026 1680 3104 λύρας.
1715 3030 1835 3084 Ἐπὶ
1887 3035 1994 3086 τῶν

359 3121 567 3195 ταχέως
597 3117 964 3196 ὀφειλούντων
990 3113 1186 3172 ἕκαστα
1225 3117 1499 3193 πράττειν.

420 3205 606 3283 Ἀνδρὶ
689 3204 848 3278 Λυδῷ
922 3205 1216 3282 πράγματα
1312 3207 1410 3262 οὐκ
1481 3208 1568 3278 ἦν,
1635 3205 1760 3263 ἀλλ’
1837 3209 1993 3271 αὐτὸς

1470 407 2096 476 PROVERBIORUM
2144 367 2607 475 COLLECTIOl

2001 519 2062 614 Ἀ
2165 546 2290 603 Orci
2315 546 2472 618 galea
2504 546 2603 619 (1).

3614 411 3736 476 450

2157 635 2382 690 Summo
2412 635 2581 704 digito
2608 635 2906 705 attingere.

2166 724 2446 794 Sanguine
2469 725 2619 793 ﬂere.
2672 722 3046 795 Hyperbolice
3095 724 3165 779 de
3204 723 3277 779 iis
3325 723 3426 795 qui
3477 724 3735 784 multum

2096 813 2511 884 lacrymantur.

2169 901 2342 958 Nuda?
2367 902 2583 971 gratiae.
2617 901 2779 964 Quod
2812 904 3073 972 oporteat
3092 901 3275 974 gratis
3307 902 3660 960 benefacere.

2167 991 2506 1046 Novaculam
2555 992 2801 1056 saginas.
2844 995 2921 1042 De
2959 989 3032 1044 iis
3075 990 3173 1060 qui
3228 990 3412 1046 multo
3458 991 3736 1050 alimento

2100 1082 2366 1143 utuntur,
2399 1093 2503 1132 nec
2532 1077 2666 1132 inde
2697 1078 3024 1148 proficiunt.

2171 1167 2292 1221 Alii
2340 1167 2685 1236 laborabant,
2737 1167 2842 1220 alii
2892 1171 3078 1222 autem
3113 1168 3458 1238 fruebantur.
3495 1172 3556 1224 In
3607 1169 3739 1227 illos

2101 1256 2200 1328 qui
2225 1260 2429 1326 prater
2450 1271 2613 1327 spem
2646 1255 2894 1310 aliorum
2926 1255 3080 1310 bona
3109 1261 3569 1328 consequuntur.

2170 1344 2335 1399 Aliud
2363 1352 2580 1411 noctua,
2615 1343 2772 1399 aliud
2809 1346 3004 1399 cornix
3029 1352 3200 1400 sonat.
3232 1350 3310 1400 De
3355 1346 3428 1402 iis
3457 1347 3556 1418 qui
3591 1347 3741 1404 inter

2101 1450 2162 1490 se
2194 1433 2549 1488 discordant.

2171 1522 2305 1577 Cum
2335 1522 2493 1592 vulpe
2522 1522 2825 1593 vulpinari.
2860 1522 2924 1575 In
2968 1538 3065 1577 eos
3092 1521 3191 1593 qui
3222 1523 3314 1578 sui
3359 1523 3583 1581 similes
3633 1525 3738 1582 fal-

2103 1610 2221 1667 lere
2251 1615 2426 1682 atque
2456 1609 2718 1682 decipere
2743 1609 3062 1665 elaborant.

2173 1700 2310 1754 Aliis
2341 1701 2554 1771 lingua,
2605 1699 2740 1753 aliis
2781 1715 2904 1754 vero
2953 1701 3202 1755 molares.
3257 1701 3320 1755 In
3371 1701 3637 1774 garrulos
3685 1708 3743 1759 et

2100 1804 2356 1843 voraces.

2179 1877 2290 1932 Viri
2319 1878 2465 1930 senis
2494 1877 2780 1944 infirmum
2808 1880 2887 1932 est
2913 1878 3184 1933 omnium.
3208 1879 3268 1933 In
3299 1878 3435 1934 illos
3463 1880 3562 1951 qui
3595 1880 3743 1937 nulli

2102 1965 2274 2037 plane
2299 1965 2378 2019 rei
2411 1963 2580 2020 utiles
2612 1970 2772 2020 sunt.

2175 2057 2301 2109 Fert
2333 2054 2486 2108 aliud
2523 2055 2734 2121 leucon,
2781 2055 2936 2110 aliud
2981 2057 3243 2112 Leuconis
3290 2057 3510 2113 asellus.
3544 2058 3624 2115 De
3671 2059 3744 2116 iis

2104 2159 2354 2215 quorum
2387 2159 2577 2198 sermo
2608 2161 2642 2199 a
2681 2143 2846 2199 factis
2878 2144 3148 2200 dissentit
3175 2145 3271 2217 (2).

2173 2232 2356 2285 Aliam
2386 2231 2766 2298 exhausimus,
2798 2232 2913 2287 alia
2941 2249 3165 2288 rursum
3193 2236 3398 2304 afﬂuit.
3431 2234 3512 2291 De
3541 2235 3614 2291 iis
3646 2237 3747 2308 qui

2104 2319 2322 2373 frustra
2355 2318 2636 2374 laborant.

2177 2408 2363 2463 Falces
2389 2409 2657 2478 petebam,
2689 2412 2747 2462 al
2775 2408 2836 2463 hi
2865 2409 3076 2480 ligones
3103 2411 3368 2482 deneganl
3393 2413 3492 2484 (3).

2175 2496 2352 2551 Simul
2381 2501 2541 2568 atque
2569 2498 2810 2567 miseret,
2841 2501 3024 2569 gratia
3068 2501 3244 2555 omnis
3271 2500 3491 2558 occidit.
3541 2501 3622 2558 De
3651 2501 3740 2559 in-

2106 2585 2308 2656 gratis.

2177 2674 2237 2728 Si
2285 2690 2412 2729 caro
2467 2690 2576 2730 non
2635 2675 2796 2744 adsit,
2869 2677 3270 2733 salsamentum
3349 2679 3745 2739 adhibendum.

2104 2763 2265 2827 Quod
2297 2769 2526 2834 oportet
2555 2781 2659 2818 nos
2692 2764 2763 2819 iis
2793 2781 2920 2836 quas
2951 2766 3167 2821 adsunt
3198 2773 3499 2824 contentos
3533 2785 3680 2826 esse.

2176 2852 2279 2907 Nos
2311 2853 2442 2907 olim
2469 2853 2698 2921 fuimus.
2734 2853 2976 2926 Semper
3002 2855 3269 2927 superior
3300 2873 3490 2913 annus
3541 2860 3748 2916 melior

2105 2941 2372 3012 sequenti
2403 2942 2498 3009 (4).

2185 3030 2284 3084 \lir
2312 3031 2408 3101 qui
2435 3032 2600 3100 /ugit,
2634 3031 2752 3101 lyre
2779 3032 3019 3086 sonitum
3048 3032 3195 3088 haud
3217 3038 3490 3090 moratur.
3515 3035 3578 3090 In
3611 3034 3743 3092 illos

2107 3118 2322 3191 quibus
2353 3117 2612 3173 celeriter
2642 3119 2780 3190 quid
2814 3118 3142 3176 faciendum
3171 3120 3480 3178 incumbit.

2183 3207 2311 3262 Viro
2342 3207 2484 3278 Lydo
2514 3223 2622 3262 non
2652 3213 2811 3263 erant
2838 3210 3072 3280 negotia,
3105 3209 3194 3266 sed
3223 3213 3338 3282 ipse
3384 3213 3608 3267 veniens
3637 3212 3747 3268 sibi

360 3296 525 3353 ἐλθὼν
554 3273 562 3283 Ι
593 3273 835 3371 έπρίατοξ
882 3273 1004 3350 Ἐπὶ
1047 3273 1178 3350 ’τῶν
1229 3296 1368 3351 κακὰ
1423 3273 1631 3358 ἑαυτοῖς
1681 3296 1996 3372 ἐπισπωμέ-

2157 3299 2323 3352 2emit.
2377 3296 2457 3352 De
2525 3297 2616 3366 iis,
2685 3299 2785 3369 qui
2829 3297 3066 3354 sibimet
3129 3298 3274 3371 ipsis
3345 3299 3500 3357 mala
3556 3318 3748 3357 accer-

358 3408 457 3441 νων
468 3431 480 3442 .

426 3473 742 3546 Ἅπληστος
773 3474 955 3537 πίθος.

426 3565 689 3636 Ἀνέμους
777 3567 1062 3638 γεωργεῖν.
1128 3561 1247 3616 Ἐπὶ
1327 3567 1433 3617 τῶν
1517 3563 1843 3634 πονούντων,
1910 3565 1998 3620 καὶ

359 3651 592 3728 μηδενὸς
628 3650 1178 3728 μεταλαγχανόντων.

426 3743 664 3817 Ἀνάγκη
693 3737 816 3795 οὐδὲ
850 3740 960 3795 θεοὶ
997 3739 1287 3815 μάχονται.

424 3831 569 3888 Ἀντὶ
625 3831 832 3903 πέρκης
883 3828 1159 3905 σκορπίον.
1209 3828 1328 3883 Ἐπὶ
1373 3832 1479 3883 τῶν
1553 3829 1619 3885 τὰ
1684 3831 1854 3907 χείρω
1915 3833 1999 3886 αἱ·

357 3940 451 3996 ρου
461 3919 634 3994 μένων
643 3964 654 3975 .

429 4007 646 4070 Ἀλιεὺς
706 4006 937 4083 πληγεὶς
995 4011 1119 4061 νοῦν
1179 4003 1335 4063 οἷ’σει.
1393 4009 1582 4062 Παθὼν
1651 4005 1708 4062 δέ
1783 4030 1840 4063 τε
1911 4012 2000 4082 νή-

353 4120 476 4160 πιος
501 4097 660 4173 ἔγνω.

425 4275 629 4331 Ἀλλοι
659 4273 988 4350 σπείρουσιν,
1024 4271 1186 4328 ἄλλοι
1220 4270 1266 4327 δ’
1298 4274 1620 4347 ἀμήσονται.

425 4367 665 4438 Ἄρκτου
724 4361 1024 4436 παρούσης,
1075 4358 1205 4438 ἴχνη
1277 4367 1477 4431 ζητεῖς.
1517 4363 1637 4417 Ἐπὶ
1692 4367 1798 4417 τῶν
1862 4384 1996 4440 προ-

361 4449 564 4523 δήλων.

425 4541 609 4596 Ἀετὸν
664 4537 929 4614 λάνθαρος
978 4538 1271 4611 μαιεύεται.
1322 4540 1445 4594 Ἐπί
1509 4545 1616 4594 τῶν
1687 4541 1788 4596 ὑπὸ
1834 4546 1992 4596 τινῶν

2111 3391 2251 3442 sunt
2281 3386 2376 3458 (5).

2183 3475 2406 3529 Dolium
2436 3473 2772 3546 inexplebile
2798 3476 2898 3546 (6).

2191 3565 2374 3619 Ventos
2419 3563 2615 3618 colere.
2650 3563 2730 3618 De
2778 3564 2851 3619 iis
2896 3565 2995 3636 qui
3025 3580 3056 3621 e
3085 3565 3208 3621 suis
3254 3565 3554 3623 laboribus
3603 3567 3751 3624 nihil

2108 3652 2486 3708 emolumenti
2517 3653 2777 3724 capiunt.

2179 3743 2498 3797 Necessitati
2525 3758 2623 3797 nec
2651 3742 2733 3796 dii
2761 3751 3088 3814 repugnant.

2181 3837 2284 3887 Pro
2312 3846 2475 3902 pereo
2503 3833 2794 3902 scorpium.
2827 3836 2901 3887 De
2930 3833 3002 3887 iis
3033 3832 3135 3904 qui
3166 3833 3454 3890 deteriora
3502 3833 3746 3908 eligunt.

2176 4010 2424 4064 Piscator
2469 4010 2608 4063 ictus
2671 4011 2874 4081 sapiet.
2934 4010 3283 4082 Imprudens
3351 4011 3748 4083 experimento

2107 4097 2278 4168 sapit,
2311 4096 2488 4152 veluti
2536 4097 2711 4152 etiam
2750 4097 3007 4170 piscator
3035 4098 3217 4155 semel
3256 4115 3592 4171 percussus,
3620 4105 3753 4174 post

2106 4184 2318 4239 vulnus
2342 4189 2510 4240 caute
2539 4186 2813 4258 deinceps
2844 4187 3033 4258 pisces
3061 4191 3293 4243 tractat.

2178 4273 2292 4328 Alii
2318 4279 2532 4341 serunt,
2563 4275 2671 4330 alii
2697 4281 2918 4330 metent.

2181 4364 2314 4418 Ursa
2332 4367 2604 4434 praesente
2615 4365 2850 4435 vestigia
2870 4365 3183 4436 quaeris.Do
3208 4365 3383 4420 rebus
3399 4364 3748 4423 manifestis.

2179 4543 2389 4614 Aquilae
2420 4543 2726 4599 scarabeeus
2767 4543 3164 4598 obstetricalur.
3201 4541 3263 4596 In
3297 4558 3394 4598 eos
3425 4541 3526 4614 qui
3578 4544 3751 4600 dam-

359 4627 586 4683 εὐτελῶν
617 4624 960 4701 πασχόντων·
994 4626 1022 4679 ὁ
1053 4626 1155 4702 γὰρ
1186 4628 1444 4702 κάνθαρος
1472 4629 1539 4682 τὰ
1566 4633 1662 4683 τοῦ
1707 4629 1864 4684 ἀετοῦ
1917 4629 1996 4683 ibi:

2157 4648 2250 4686 um
2297 4636 2354 4687 et
2401 4631 2678 4702 injuriam
2737 4631 2807 4686 ab
2852 4629 2984 4687 aliis
3049 4630 3360 4701 accipiunt.
3411 4631 3750 4690 Scarabaaus

359 4716 489 4794 ἀφαν
500 4716 598 4786 ίζει
629 4712 831 4770 κυλίων
843 4759 856 4771 .

425 4802 647 4880 ’Δνδρὸς
673 4805 929 4880 γέροντος
961 4805 1015 4858 αἱ
1046 4805 1234 4878 γνάθοι
1271 4805 1558 4882 βακτηρία.

429 4951 505 5018 (1)
535 4947 1006 5022 l_)e__iis,_qui__se
1036 4952 1154 5022 arte
1187 4949 1433 5022 quadam
1479 4954 1686 5022 tegunt
1714 4955 1771 5005 et
1800 4952 1996 5006 occul-

363 5017 504 5075 tant.
535 5017 662 5074 Tali
693 5017 849 5074 enim
879 5018 1139 5075 Plutonis
1170 5017 1336 5091 galea
1373 5017 1616 5076 Perseus
1657 5039 1822 5087 usus,
1855 5023 1996 5079 Gor-

361 5091 490 5163 goni
524 5095 703 5163 caput
731 5091 1076 5163 amputavit.

427 5165 503 5233 (2)
539 5160 762 5236 Leucon
815 5160 970 5236 enim
996 5162 1280 5236 rusticus
1313 5161 1485 5236 melle
1516 5168 1674 5219 utres
1705 5164 1907 5236 plenos
1936 5164 1995 5219 in

359 5231 638 5304 sportulis
660 5231 964 5306 impositos
977 5233 1232 5306 Athenas
1256 5233 1502 5290 ferebat:
1528 5236 1628 5290 sed
1648 5231 1749 5306 qui
1771 5235 1998 5291 minare

360 5303 578 5359 tributa
606 5309 707 5359 aut
750 5303 1055 5375 uectigalia
1085 5305 1165 5375 ab,
1183 5304 1315 5375 ipso
1359 5303 1748 5374 exigerentur,
1798 5307 1997 5362 hordei

358 5391 564 5446 parum
616 5374 1096 5446 superimposuit.
1146 5374 1365 5446 Verum
1413 5393 1546 5432 cum
1598 5379 1743 5433 forte
1793 5378 1996 5434 asinus

359 5445 652 5518 Collapsus
685 5445 910 5518 fuisset,
945 5445 1260 5518 publicani,
1293 5447 1508 5504 auxilio
1539 5464 1666 5504 esse
1713 5448 1994 5518 volentes,

360 5517 472 5572 mel
503 5516 650 5588 illud
678 5531 804 5572 esse
829 5516 1355 5588 deprehenderunt.

445 5589 500 5659 3)
531 5587 594 5642 In
627 5603 726 5643 eos
775 5587 874 5658 qui
904 5587 1019 5643 alia
1067 5588 1364 5661 postulant
1395 5588 1466 5644 ab
1496 5587 1612 5646 illis
1642 5591 1741 5662 qui
1793 5589 1906 5646 alia
1936 5607 1995 5646 se

354 5658 570 5730 habere
601 5665 835 5730 negant.

422 5732 499 5814 (4)
531 5728 885 5814 Lacopicgm
931 5731 1322 5814 proyerbium,
1347 5747 1460 5814 prq
1497 5747 1570 5812 eo.
1616 5748 1701 5814 ac_
1733 5733 1785 5787 si
1839 5733 1993 5814 dice-

356 5799 537 5871 ntur,
565 5800 755 5875 ἡμεῖς.
785 5799 950 5861 Tres'
972 5800 1128 5862 enim
1153 5799 1375 5861 diversi
1412 5801 1574 5862 chori
1616 5802 1706 5862 vel
1754 5803 1994 5863 ordines

2108 4721 2263 4775 enim
2296 4720 2506 4792 aquilae
2536 4738 2642 4776 ova
2671 4720 2978 4776 evertendo
3011 4719 3220 4791 perdit.

2178 4809 2422 4867 Maxilla
2447 4810 2516 4864 ad
2547 4812 2732 4864 instar
2757 4810 3015 4879 scipionis
3044 4817 3173 4862 sunt
3201 4810 3323 4863 seni
3352 4809 3448 4880 (7).

2106 4967 2240 5005 cum
2269 4953 2422 5022 apud
2453 4967 2551 5006 eos
2581 4952 2641 5006 in
2672 4951 2923 5023 publicis
2945 4949 3422 5023 solemnitatibus
3464 4951 3747 5008 baberen-

2104 5027 2223 5087 tur,
2273 5023 2519 5093 primus,
2571 5022 2689 5093 qui
2719 5039 2787 5077 ex
2835 5022 3074 5077 senibus
3119 5023 3371 5077 maxime
3417 5025 3746 5090 constabat,

2105 5093 2413 5164 incipiens,
2447 5093 2547 5148 illa
2598 5094 2846 5148 dicebat.
2882 5093 3100 5149 Deinde
3140 5095 3446 5163 juniorum
3479 5099 3536 5150 et
3582 5096 3746 5151 virile

2107 5165 2430 5234 roburjam
2477 5173 2920 5220 consecutorum
2961 5164 3080 5219 haec
3122 5169 3246 5219 erat
3295 5164 3633 5221 cantilena:
3671 5172 3752 5222 Αε

2103 5253 2202 5291 nos
2226 5237 2363 5291 tales
2391 5235 2551 5289 modo
2583 5254 2602 5290 :
2633 5235 2770 5306 quod
2794 5238 2846 5289 si
2875 5237 3042 5298 lubet,
3092 5237 3364 5306 experire.
3398 5237 3746 5292 Adolescen-

2109 5308 2319 5363 liorum
2343 5324 2494 5372 vero,
2529 5324 2714 5378 neque
2743 5309 2935 5361 adhuc
2973 5308 3328 5371 adultorum,
3363 5309 3474 5363 ista
3508 5327 3518 5363 :
3554 5310 3621 5364 At
3647 5324 3745 5365 nos

2105 5381 2516 5450 pra’stantiores
2543 5380 2723 5449 futuri
2750 5379 3050 5449 aliquando
3078 5395 3286 5450 sumus.

2177 5451 2254 5521 (5)
2283 5455 2510 5504 Croesus
2561 5451 2714 5505 enim
2749 5467 2855 5505 sua
2885 5450 2994 5504 sibi
3034 5449 3206 5519 culpa
3256 5449 3463 5521 Cyrum
3517 5450 3741 5506 hostem

2105 5521 2358 5576 attraxit.

2176 5593 2252 5663 (6)
2294 5593 2356 5646 ln
2407 5592 2590 5647 ventri
2642 5592 2887 5662 deditos,
2939 5608 3040 5647 seu
3091 5592 3163 5646 de
3213 5591 3676 5662 impossibilibus
3725 5605 3743 5650 :

2107 5665 2598 5736 pertusumenim
2631 5665 2784 5736 apud
2815 5663 3031 5718 inferos
3063 5663 3284 5736 dolium
3316 5667 3457 5736 erat.

2177 5735 2251 5806 (7)
2285 5734 2364 5791 De
2393 5733 2466 5791 iis
2497 5735 2595 5808 qui
2626 5733 2686 5792 in
2716 5739 3015 5794 senectute
3047 5733 3306 5792 multum
3344 5733 3552 5790 edaces
3581 5735 3746 5824 sunt.
