4110 6420
430 333 545 396 451
1460 331 1775 394 GEORGII
1821 331 2051 393 CYPRI

2210 335 2239 390 ⁵.
2292 331 2813 393 PATRIAItCH/E
3714 339 3833 398 452

511 468 630 523 Viro
661 467 794 522 bene
814 461 1036 520 habenti
1063 466 1230 520 amici
1258 464 1483 521 adsunt.
2100 466 2134 530 Α

2100 466 2156 530 Α
2258 459 2478 538 ’Δνδρὸς
2511 461 2692 524 καλῶς
2723 464 3055 535 πράσσοντος
3090 461 3310 539 ἔγγιστα
3341 464 3515 543 φίλοι.

507 557 628 611 Viro
658 555 822 610 matis
851 553 1057 623 afﬂicto
1086 556 1252 609 amici
1281 563 1407 609 sunt
1437 554 1647 625 procul.

2258 549 2479 627 Ἀνδρὸς
2509 557 2685 612 κακῶς
2715 554 3046 627 πράσσοντος
3077 552 3317 609 ἐκποδὼν
3351 554 3523 632 φίλοι.

508 644 694 715 Vulpes
725 645 908 699 bovem
932 644 1150 698 incitat.
1184 643 1263 698 De
1295 648 1520 698 statura
1551 648 1606 698 et
1647 641 1796 698 mole
1837 643 2073 713 quidem

2257 639 2515 711 ’Δλώπηξ
2588 642 2678 695 τὸν
2751 642 2877 715 fio-3v
2947 641 3176 701 ἐλαύνει.
3226 644 3343 698 Ἐπὶ
3409 650 3515 700 τῶν
3587 643 3829 722 δολερῶν

429 732 677 804 exiguis,
723 732 822 786 sed
875 730 1112 797 dolosis,
1157 731 1252 801 qui
1322 748 1590 803 magnos,
1637 731 1736 786 sed
1789 735 2051 786 amentes

2202 727 2270 780 ιαὶ
2343 732 2568 801 μικρῶν,
2636 728 2788 800 ὅμως
2853 728 2908 784 δὲ
2978 729 3247 806 μεγάλους
3308 736 3825 807 καταγωνιζομὲνων

429 823 784 893 expugnant

2185 817 2433 893 ἄφρονας.

497 911 622 982 Ipsa
648 908 766 965 dies
811 909 1134 980 quandoque
1173 925 1400 980 parens,
1450 908 1776 979 quandoque
1822 923 2069 962 noverca.

2252 904 2486 961 ’Ἀλλοτε
2557 909 2794 982 μητρυιή
2869 907 3021 962 πέλει
3092 908 3292 983 ἡμέρα,
3343 909 3544 965 ἄλλοτε
3614 915 3822 990 μήτηρ.

424 997 505 1054 De
550 996 624 1053 iis
665 997 765 1069 qui
814 997 1110 1053 interdum
1140 996 1386 1064 faustos,
1439 995 1733 1052 interdum
1785 996 2047 1050 infausto:

2198 994 2300 1048 Επὲ
2349 998 2456 1048 τῶν
2504 997 2634 1050 ποτὶ
2687 997 2779 1068 μὶν
2831 996 3262 1072 εὐημερούντων,
3299 997 3497 1053 ἄλλοτε
3547 997 3604 1054 δὶ
3654 998 3820 1072 δυση-

425 1085 551 1143 dies
577 1086 822 1142 ducunt.

2184 1084 2514 1156 μερούντων.
2981 1129 2983 1132 ‹

493 1175 672 1232 Simul
700 1175 791 1245 da,
821 1176 989 1231 simul
1017 1177 1216 1246 accipe.
1251 1174 1494 1239 Quando
1537 1190 1671 1229 cum
1703 1190 1768 1228 eo
1800 1173 1891 1228 cui
1926 1173 2071 1229 ﬁdes

2250 1174 2404 1243 ’Ἅμα
2479 1169 2628 1226 δίδου
2703 1173 2791 1227 καὶ
2849 1171 3112 1245 λάμϐανε.
3164 1178 3323 1230 ’Όταν
3387 1177 3522 1252 πρὸς
3597 1179 3817 1235 ἄπιστον

424 1263 693 1320 habenda
724 1281 840 1320 non
871 1269 961 1320 est
989 1264 1202 1337 negotii
1236 1262 1459 1334 aliquid
1489 1261 1895 1334 transigimus.

1030 1264 1202 1337 egotii
1236 1262 1459 1334 aliquid
1489 1261 1895 1334 transigimus.
2179 1259 2653 1333 συναλλάσσωμεν.

495 1355 766 1410 Carbone:
786 1353 1094 1410 thesaurus.
1131 1352 1212 1408 De
1245 1351 1317 1408 iis
1347 1351 1447 1424 qui
1479 1351 1600 1423 spei
1633 1368 1752 1407 sure
1793 1366 2065 1405 successu

2248 1350 2542 1422 Ἀνθρακες
2593 1351 2622 1403 ὁ
2668 1351 2934 1424 θησαυρὸς
2983 1351 3218 1426 γέγονεν.
3271 1353 3391 1407 Ἐπὶ
3435 1358 3539 1410 τῶν
3600 1355 3680 1433 ἐφ’
3737 1357 3819 1419 οἷς

419 1440 724 1499 falluntur.

2178 1435 2414 1505 ἤλπισαν
2450 1435 2889 1511 διαψευσθέντων.

486 1531 527 1586 Α
559 1529 910 1605 tardigradis
941 1528 1114 1585 asinis
1146 1543 1315 1600 equus
1343 1527 1589 1599 prosiliit
1611 1528 1706 1598 (1).

2246 1527 2380 1581 Ἀπὸ
2409 1531 2511 1580 τῶν
2546 1525 2923 1600 βραδυσκελῶν
2957 1525 3092 1583 ὄνων
3119 1529 3287 1591 ’ίππος
3320 1530 3575 1606 ὤρουσεν.

493 1636 687 1693 Omnia
718 1637 1050 1708 sapientibus
1077 1635 1379 1707 facillima.
1415 1633 1494 1689 De
1523 1633 1593 1689 iis
1626 1632 1723 1704 qui
1757 1632 2066 1705 prudentia

2248 1638 2492 1688 Ἃπαντα
2533 1640 2649 1694 τοῖς
2704 1640 2892 1712 σσςροῖς
2933 1633 3149 1694 εὔκολα.
3184 1637 3304 1693 Ἐπὶ
3346 1641 3452 1692 τῶν
3528 1636 3614 1693 διὰ
3681 1643 3811 1717 φρό-

412 1742 508 1782 res
537 1726 713 1782 etiam
745 1723 1011 1780 difﬁciles
1043 1729 1342 1796 superant.

2177 1745 2235 1792 νη
2248 1744 2326 1775 σιν
2362 1726 2575 1775 πάντων
2607 1725 3053 1797 περιγενομένων.

486 1815 769 1886 Argenteis
798 1815 971 1870 hastis
996 1830 1202 1885 pugna,
1236 1821 1286 1868 et
1314 1815 1559 1869 omnium
1589 1813 1759 1866 victor
1785 1813 1896 1866 eris
1928 1812 2022 1880 (2).
2091 1826 2109 1890 ]

2241 1817 2529 1886 Ἀργυραῖς
2617 1809 2845 1886 λόγχαις
2913 1813 3113 1887 μάχου,
3181 1815 3268 1869 καὶ
3328 1817 3541 1869 πάντων
3610 1820 3813 1891 κρατή-

2168 1921 2298 1961 σεις.

488 1994 688 2051 Omnis
716 1993 942 2048 echinus
971 2007 1132 2064 asper
1159 1993 1256 2050 est.

2237 1992 2411 2049 ’Ἅπας
2445 1987 2628 2063 ἐχῖνος
2659 1991 2884 2063 τραχύς.

488 2081 670 2139 Utrem
731 2083 972 2138 exorias.
1040 2087 1106 2136 1n
1172 2096 1271 2135 eos
1339 2080 1438 2151 qui
1507 2079 1849 2150 insipienter
1915 2077 2056 2148 quid

2039 2077 2056 2131 Ι
2239 2079 2428 2131 Ἀσκὸν
2463 2074 2655 2150 δέρεις.
2689 2078 2807 2132 Ἐπὶ
2841 2084 2945 2132 τῶν
2977 2081 3221 2150 ἀνοήτως
3250 2101 3298 2134 τι
3340 2083 3662 2142 ποιούντων.

415 2175 620 2243 agunt

485 2259 741 2316 Tibicinis
768 2261 944 2314 vitam
971 2261 1131 2314 vivis.
1167 2257 1229 2312 In
1269 2274 1367 2313 eos
1396 2256 1493 2326 qui
1524 2256 1593 2311 de
1618 2256 1806 2311 alieno
1837 2255 2053 2310 vivunt.

2239 2255 2494 2325 Αὐλητοῦ
2547 2257 2659 2331 βίον
2707 2261 2819 2329 ζῇς.
2859 2257 2976 2312 Ἐπὶ
3019 2261 3124 2311 τῶν
3173 2257 3222 2327 ἐξ
3269 2256 3574 2334 ἀλλοτρίων
3632 2260 3809 2334 βιούν-

2163 2363 2268 2398 των
2281 2388 2294 2400 ο

481 2438 638 2506 Lues,
671 2438 925 2508 porcette,
959 2439 1144 2491 acino:
1175 2437 1444 2491 vinaceos.
1477 2434 1696 2507 Nempe
1726 2449 1852 2504 quas
1883 2432 2056 2487 edisti

2235 2434 2561 2504 ³Δποτίσεις,
2609 2439 2786 2508 χοῖρε,
2840 2434 3086 2509 γίγαρτα.
3138 2440 3314 2504 Ἤτοι,
3359 2435 3392 2488 ἃ
3438 2433 3625 2512 ἔφαγες
3672 2437 3810 2493 ἀπο-

412 2526 650 2584 reddes.

2166 2519 2379 2583 δώσεις.

482 2617 807 2687 Supremam
851 2615 1022 2686 pravi
1055 2616 1234 2686 jactus
1276 2614 1525 2684 pervenit
1554 2611 1628 2667 ad
1673 2611 1827 2665 Aten.
1863 2610 1942 2665 De
1982 2608 2054 2664 iis

2235 2611 2543 2681 ’Δπήντησε
2598 2615 2765 2665 κακοῦ
2825 2612 2996 2686 βουλή
3055 2613 3190 2687 πρὸς
3250 2613 3549 2688 ὑπερτάτην
3607 2623 3799 2686 ”Δτην.

412 2703 514 2776 qui
545 2703 712 2759 factis
742 2704 866 2759 suis
897 2705 1073 2775 digna
1105 2703 1528 2774 perpetiuntur.

2165 2698 2283 2752 Ἐπὶ
2313 2705 2419 2753 τῶν
2464 2699 2786 2773 πασχόντων
2823 2699 2939 2769 ἄξια
2971 2702 3044 2754 ὧν
3080 2698 3325 2776 ἔδρασαν.

486 2792 657 2848 Athos
685 2793 968 2848 obumbrat
996 2794 1233 2847 Lemnia:
1264 2793 1410 2847 tatus
1443 2792 1589 2845 bovis
1623 2791 1720 2860 (3).

2235 2790 2412 2848 ’Ἄθως
2439 2786 2701 2842 καλύπτει
2735 2788 2942 2862 πλευρὰ
2973 2790 3218 2861 Λημνίας
3262 2791 3411 2865 βοός.

482 2883 524 2938 Α
558 2897 704 2937 remo
732 2881 801 2936 ad
828 2888 1160 2953 suggestum.
1191 2887 1253 2935 1n
1285 2896 1384 2936 eos
1415 2880 1515 2951 qui
1547 2895 1640 2934 res
1671 2895 1914 2949 magnas
1953 2895 2050 2933 su-

2234 2878 2365 2932 Ἀπὸ
2420 2878 2610 2946 κώπης
2663 2876 2749 2930 ἐπὶ
2805 2878 2975 2952 βῆμα·
3048 2877 3165 2931 Ἐπὶ
3220 2884 3326 2933 τῶν
3386 2879 3593 2954 ἀθρόως
3644 2881 3803 2956 μεγί-

409 2971 530 3026 bito
562 2970 998 3042 aggrediuntur.

2161 2987 2306 3027 στοις
2329 2965 2741 3041 ἐγχειρούντων.

481 3061 728 3132 Teipsum
772 3075 882 3115 non
911 3060 1083 3124 alens,
1111 3075 1273 3114 canes
1321 3058 1453 3113 alis.
1500 3057 1563 3111 In
1613 3073 1710 3111 eos
1761 3056 1882 3126 qui,
1915 3072 2047 3110 cum

2229 3054 2399 3110 Αὐτὸν
2483 3054 2544 3108 οὖ
2627 3054 2861 3131 τρέφων,
2930 3057 3092 3116 κύνας
3169 3052 3402 3132 τρέφεις.
3482 3058 3600 3111 Ἐπῖ
3693 3063 3802 3114 τῶν

400 3148 514 3220 ipsi
565 3153 871 3204 versentur
934 3149 990 3202 in
1044 3152 1404 3219 paupertate,
1456 3145 1589 3201 aliis
1639 3162 1699 3200 se
1770 3143 2023 3200 aliment:

407 3237 639 3256 μημιη
694 3254 745 3256 __

2182 3144 2501 3219 ιποροόντων
2563 3145 2656 3215 μὲν
2706 3144 2923 3204 ἑαυτοὺς
2981 3146 3212 3223 τρέιρειν,
3270 3144 3474 3207 ἄλλους
3525 3143 3582 3201 δὲ
3642 3146 3805 3224 ἐπαγ-

2184 3231 2321 3256 ,_\\,
2388 3234 2398 3256 Ξ
2448 3255 2451 3256 ,

403 3237 748 3308 praebituros
779 3236 1130 3308 gloriantur.

912 3237 1130 3292 iantur.
2077 3231 2118 3256 υ
2158 3231 2535 3306 γελλομένων.

473 3325 622 3382 Salis
651 3327 989 3382 medimnum
1018 3326 1302 3380 devorans.
1340 3326 1401 3379 In
1435 3323 1713 3396 ingratos.

2228 3321 2404 3376 ’Δλῶν
2505 3320 2763 3395 μέδιμνον
2841 3323 3158 3400 ἀποφαγὼν.
3235 3324 3351 3377 Ἐπὶ
3417 3329 3522 3380 τῶν
3602 3327 3796 3401 ἀχαρί-

2158 3431 2316 3465 στων.

481 3503 694 3560 Curras
726 3504 911 3560 bovem
931 3503 1198 3560 trahit.ln
1228 3506 1605 3576 praepostere
1621 3500 1760 3572 quid
1786 3506 2042 3573 agentes.

2227 3501 2440 3571 ’Ἀμαξα
2493 3501 2582 3554 τὸν
2646 3501 2771 3575 βοῦν
2832 3499 2998 3558 ἕλκει.
3057 3501 3176 3555 Ἐπὶ
3252 3507 3356 3556 τῶν
3431 3503 3800 3581 ἀντιστρόφως

2153 3609 2203 3641 τι
2236 3609 2560 3643 ποιουντων.

471 3681 822 3738 Ptaustratia
851 3686 1034 3738 verba.
1067 3683 1183 3738 Hoc
1213 3687 1320 3749 est,
1353 3682 1618 3753 ingentes
1641 3680 1956 3751 jactantiae.

2225 3678 2515 3748 Ἃμαξιαῖα
2547 3677 2782 3753 ῥήματα.
2811 3679 2927 3732 Ἐπί
2959 3683 3062 3732 τῶν
3101 3678 3347 3754 μεγάλων
3381 3679 3579 3754 λόγων.

469 3770 640 3825 Homo
687 3772 960 3839 euripus:
1010 3773 1204 3826 anima
1253 3772 1518 3841 euripus:
1572 3785 1726 3824 mens
1773 3771 2041 3840 euripus:

2228 3769 2545 3840 ’Ἀνθρωπος
2603 3763 2846 3840 εὔριπος,
2899 3769 2986 3821 καὶ
3044 3769 3220 3844 ψυχὴ,
3269 3769 3357 3822 καὶ
3427 3765 3656 3840 διάνοια,
3708 3771 3795 3825 καὶ

402 3860 545 3914 ratio
573 3860 818 3930 euripus.
855 3861 916 3914 In
948 3859 1215 3915 homines
1244 3859 1478 3914 lubricas
1521 3858 1675 3915 fidei.

2150 3855 2368 3930 τρόπος.
2407 3855 2523 3909 Ἐπὶ
2553 3860 2657 3924 τῶν
2693 3856 2856 3930 ῥᾷστα
2890 3852 3404 3929 μεταϐαλλομένων.

466 3947 645 4002 Periit
671 3963 785 4014 sus,
817 3951 865 4002 et
897 3947 1186 4014 talentum,
1218 3955 1267 4003 et
1296 3948 1538 4002 maxilla
1569 3948 1666 4019 (4).

2223 3942 2541 3998 ’Δπόλωλεν
2593 3947 2626 4012 ἡ
2680 3945 2757 4013 ὗς,
2798 3944 2887 3998 καί
2952 3945 3015 3999 τὸ
3076 3943 3358 4018 τάλαντον,
3408 3948 3496 4001 καὶ
3559 3951 3592 4016 ἡ
3661 3951 3791 4022 γνά-

2150 4045 2262 4096 θος.

467 4127 724 4184 Conviva
764 4127 957 4181 amicis
1003 4141 1108 4181 non
1176 4127 1355 4180 vocati
1412 4127 1581 4179 amici
1641 4133 1788 4180 eunt.
1839 4125 2040 4180 Simile

2221 4123 2449 4192 Ἀκλητὶ
2523 4122 2866 4194 κωμάζουσιν
2940 4122 2991 4184 ἐς
3067 4121 3259 4201 φίλους
3326 4126 3498 4202 φίλοι.
3559 4129 3788 4199 Ὅμοιον

396 4214 572 4271 huic:
605 4213 808 4287 Sponte
863 4217 1018 4271 bonis
1073 4231 1188 4270 mos
1244 4219 1320 4270 est
1376 4216 1629 4270 convivia
1673 4213 1825 4268 adire
1877 4213 2019 4270 bona!

2169 4211 2235 4266 ιαὶ
2314 4212 2396 4282 τὸ,
2453 4209 2762 4283 Αὐτόματοι
2821 4209 2865 4265 δ’
2929 4212 3117 4287 ἀγαθοὶ
3189 4213 3400 4289 ἀγαθῶν
3473 4213 3559 4268 ἐπὶ
3637 4213 3792 4271 δαῖτα

393 4320 525 4360 rum
555 4304 658 4376 (5).

2148 4297 2282 4354 ἷάσιν
2293 4343 2305 4356 .

461 4396 683 4463 Apertm
711 4393 989 4449 Musarum
1015 4395 1159 4465 fores
1189 4394 1285 4464 (6).

2219 4390 2582 4463 Ἀνεῳγμέναι
2614 4391 2839 4443 Μουσῶν
2875 4389 3048 4463 θύραι.

461 4485 820 4552 Magistratus
845 4485 1031 4538 virum
1061 4483 1401 4538 demonstrat
1430 4481 1526 4554 (7).

1294 4490 1401 4537 trat
2217 4479 2394 4553 Ἀρχὴ
2432 4474 2598 4553 ἄνδρα
2633 4475 2917 4532 δείκνυσιν.

460 4573 558 4626 Sat
591 4573 731 4628 abiit
760 4573 896 4628 ittuc
943 4572 1090 4635 unde
1117 4573 1514 4627 (timanaverat.
1546 4570 1625 4625 De
1657 4570 1831 4625 rebus
1886 4569 2034 4626 male
2065 4559 2083 4623 1

2215 4565 2390 4623 Ἀλῶν
2447 4565 2502 4621 δὲ
2575 4567 2798 4644 φόρτος,
2848 4565 2992 4630 ἔνθεν
3065 4567 3252 4636 ἦλθεν,
3314 4567 3418 4632 ἔνθ’
3489 4564 3614 4640 ἕδη.
3664 4572 3789 4627 Ἐπὶ

389 4660 696 4732 acquisitis
745 4666 802 4716 et
848 4662 1104 4717 amissis.
1158 4661 1475 4716 Mercatore
1522 4660 1678 4714 enim
1733 4658 1913 4714 salem
1974 4659 2012 4712 ii

2166 4659 2245 4709 τῶν
2279 4660 2456 4717 κακῶς
2514 4653 2813 4724 κτηθέντων
2871 4656 2959 4710 καὶ
3017 4656 3447 4728 ἀποκτηθὲντων.
3501 4661 3789 4736 ’Έμπορος

392 4749 523 4805 navi
554 4749 798 4806 vehente
829 4751 1043 4806 fluctus
1076 4750 1552 4822 supervenientes
1585 4747 1768 4803 salem
1792 4749 1851 4803 in
1887 4765 2012 4804 mar

2162 4743 2247 4819 (ἀρ
2315 4741 2447 4806 ἅλας
2517 4742 2905 4820 ἐπιφερόμενος
2953 4744 3004 4799 ἐν
3049 4747 3163 4817 νηῒ,
3207 4744 3486 4808 κλύδωνος
3549 4747 3785 4824 ἐπιγενο-

393 4841 741 4894 merserunt.
1376 4901 1388 4913 ,

2149 4830 2330 4904 μένου,
2366 4831 2491 4893 τοὺς
2515 4829 2649 4893 ἅλας
2682 4831 2732 4886 ἐν
2763 4837 2832 4906 τῇ
2863 4833 3101 4908 θαλάσσῃ
3131 4829 3419 4892 ἀπέϐαλει.

461 5083 540 5155 (4)
572 5083 652 5138 De
694 5083 767 5140 iis
823 5083 917 5156 qui
977 5087 1048 5141 ab
1105 5085 1330 5158 exiguis
1390 5085 1459 5141 ad
1521 5085 1745 5155 majora
1800 5099 2033 5156 progre-
2217 5083 2293 5158 (ᾗ)
2330 5083 2403 5158 De
2438 5081 2520 5158 iis
2540 5082 2639 5153 qui
2663 5098 2777 5158 non
2809 5084 2994 5137 vocati
3025 5083 3236 5140 alicubi
3267 5099 3328 5158 se
3358 5085 3715 5158 immiscent.

393 5153 651 5234 diuptqr.
739 5228 747 5234 _
940 5233 943 5234 ν
1027 5230 1035 5234 Δ
1201 5153 1223 5158 “
1359 5228 1369 5234 _
1532 5227 1544 5234 _
1576 5227 1585 5234 _
1616 5153 1629 5155 “
1771 5153 1825 5234 ς.
1857 5153 1934 5234 ω’
2214 5153 2309 5234 (6).
2355 5155 2428 5208 De
2485 5153 2571 5234 iis
2634 5153 2732 5234 qui
2777 5159 3060 5234 “prompte
3107 5161 3163 5209 et
3238 5156 3514 5234 ειιιξριιὶιοι·⁸
3561 5174 3788 5228 suaque

467 5226 542 5296 (2)
575 5227 750 5290 Quasi
799 5228 974 5291 dicat.
1009 5230 1164 5283 Auro
1213 5228 1410 5282 omnia
1439 5227 1730 5299 subiges.
1766 5225 2034 5299 Philippo
2144 5228 2372 5296 eponte,
2405 5224 2894 5295 praestantissima
2923 5224 2980 5280 in
3027 5242 3255 5298 quaque
3287 5227 3598 5299 disciplina
3628 5224 3789 5285 asse-

395 5304 590 5370 autem
623 5299 680 5352 id
714 5300 930 5354 oraculi
963 5300 1164 5354 datum
1188 5302 1258 5353 ab
1290 5297 1689 5370 Apolline,boc
1719 5297 2035 5366 indicante,
2145 5301 2425 5370 quunt_ur.

388 5369 584 5442 ipsum
617 5385 716 5440 per
745 5370 1133 5442 proditionem
1165 5365 1426 5425 omnium
1461 5371 1578 5442 fore
1609 5370 1908 5424 victorem.
1958 5439 1967 5442 _
2024 5365 2027 5366 ⁷
2161 5365 2178 5368 “
2217 5368 2291 5437 (7)
2324 5365 2400 5422 De
2431 5365 2503 5442 ii_s
2534 5365 2634 5442 qui
2667 5369 2980 5442 antequam
3011 5369 3082 5422 ad
3118 5369 3526 5442 magistratum
3561 5371 3786 5426 admoti

485 5441 540 5512 3)
573 5437 732 5506 Quod
747 5437 823 5496 'in
846 5443 1063 5514 Lemno
1088 5443 1190 5496 bos
1221 5449 1459 5514 essetex
1488 5439 2033 5514 alboconfectusla-
2145 5445 2324 5514 sunt,‘
2354 5437 2636 5514 moderati
2669 5454 2797 5514 esse
2826 5437 3139 5504 ’videntur,
3173 5437 3382 5514 iriqillo
3411 5449 3610 5514 autem
3660 5446 3786 5514 jam

390 5508 544 5594 pid_e'_,
578 5529 750 5594 quem
783 5513 1168 5594 Atliosmons
1201 5511 1526 5594 obumbrat.
1564 5511 1804 5594 Dicitu‘r‘
1837 5518 2031 5594 autem
2143 5509 2467 5594 constituti,
2528 5508 2776 5591 improbi
2826 5508 3680 5594 Iapparent.“Theophrastus'
3729 5514 3789 5568 in

387 5579 446 5638 in
479 5579 614 5639 illos
639 5586 739 5655 qui
777 5583 1046 5640 molestia
1076 5590 1175 5639 aut
1208 5584 1422 5637 damno
1454 5581 1683 5652 aliquos
1711 5584 1995 5636 afficiunt.
2143 5597 2312 5655 opere
2341 5581 2415 5655 De
2441 5582 2744 5648 paroemiis.
2776 5579 2885 5634 Alii
2918 5579 3114 5637 autem
3147 5581 3348 5638 dicunt
3372 5579 3626 5640 'Solonis
3657 5601 3787 5642 esse

455 5655 606 5727 (4)1n
638 5651 773 5712 eum
818 5657 917 5728 qui
949 5673 1078 5729 quae
1112 5658 1444 5729 speraverat
1463 5651 1682 5729 nonest
1703 5660 2031 5710 assecutus.
2142 5651 2594 5726 apOpbtbegma.

378 5724 617 5802 Dictum
646 5724 941 5814 porro—est
963 5724 1036 5787 de
1067 5724 1289 5808 nuptiis
1321 5741 1436 5783 non
1466 5725 1657 5783 factis.
