4110 6436
303 378 408 438 453
1435 368 1926 438 PROVERBIOE

2105 366 2559 437 COLLEGTIO.
3252 412 3257 417 ι
3574 364 3694 434 454

360 505 664 584 Ἀργαλέον
767 504 1063 586 φρονέοντα
1156 508 1469 585 παράφροσι
1566 504 1730 564 πόλλ’
1808 508 1983 583 ἀγοσλ

2126 512 2348 565 Durum
2372 507 2518 580 apud
2546 510 2783 564 amentes
2812 504 3076 579 prudenti
3120 506 3300 564 multa
3342 507 3579 580 profari.
3630 508 3693 565 In

305 595 461 673 ρεύειν
472 640 486 653 .

2054 598 2321 653 indoctos
2350 597 2463 652 dici
2495 602 2708 668 posset.

359 686 492 757 ’Δνή
545 684 745 755 λεοντῆ
824 687 902 760 μὴ
982 684 1244 759 ἐξίκηται,
1274 690 1374 761 ’τῇ
1445 684 1709 761 ἀλωπεκῇ
1781 681 1945 762 πρόσ-

2125 685 2186 741 Si
2241 687 2461 745 leonina
2487 687 2649 758 pellis
2689 702 2806 740 non
2843 685 3067 756 sufﬁcit,
3112 683 3410 757 vulpinam
3447 685 3694 741 adsumo.

303 778 446 847 αψον.
476 774 605 829 Ἐπὶ
662 778 769 830 τῶν
816 778 1059 853 φανερῶς
1118 775 1212 848 μὲν
1276 772 1534 851 βλάπτειν
1586 777 1662 850 μὴ
1715 772 1926 849 δυναμέ·

2073 779 2119 829 In
2150 791 2248 830 eos
2287 774 2549 846 quicum
2588 774 2807 847 palam-
2832 773 3036 830 ulcisci
3086 791 3203 830 non
3249 780 3520 846 possunt,
3562 775 3696 832 dolo

302 884 414 936 νων,
449 862 760 939 πανουργίᾳ
792 860 850 918 δὲ
878 863 1202 941 χρωμένων.

697 862 760 934 la
792 860 850 918 δὲ
878 863 1202 941 χρωμένων.
2059 867 2320 918 utuntur.

368 951 621 1026 Ἀρύτρῳ
705 951 1019 1022 άκοντίζεις.
1113 952 1234 1008 Ἐπὶ
1316 956 1426 1008 τῶν
1531 952 1813 1014 ἀσκέπτως
1894 974 1949 1008 τι

2126 952 2326 1008 Aratro
2356 951 2652 1023 jacularis.
2705 952 2766 1007 In
2819 967 2885 1007 eo
2955 952 3051 1022 qui
3100 950 3525 1008 inconsiderate
3586 950 3696 1008 sli-

306 1040 605 1097 ⁶ποιούντων
620 1083 632 1095 .

2059 1040 2196 1113 quid
2235 1045 2438 1113 agunt.

370 1131 548 1207 Δύτὰρ
579 1133 616 1200 ἡ
648 1130 799 1207 πάγη
832 1127 975 1186 ἔοικε
1006 1129 1273 1204 λήψεσθαι
1303 1128 1501 1206 πάγην.

2134 1128 2402 1185 Caeterum
2432 1129 2656 1200 laqueus
2688 1130 2954 1200 laqueum
2980 1133 3242 1202 capturus
3270 1130 3579 1188 videbatur.

368 1218 550 1276 Αὐτοῦ
581 1217 791 1292 Ῥόδος,
823 1218 989 1275 αὐτοῦ
1024 1215 1281 1292 πήδημα.

2130 1219 2229 1274 Hic
2255 1217 2487 1288 Rhodus,
2519 1217 2610 1273 hic
2636 1218 2808 1273 saltus
2837 1218 2946 1289 (2).
3444 1232 3452 1239 '

371 1397 635 1458 Βοιώτιος
706 1399 834 1459 νοῦς
1069 1394 1189 1452 Ἐπί
1259 1400 1366 1452 τῶν
1442 1394 1799 1455 ἀπαιδεύτων.
1854 1396 1949 1460 Εἷς

2131 1398 2398 1452 Baeoticus
2425 1396 2756 1453 intellectus.
2790 1401 2866 1452 De
2896 1396 3168 1469 stupidis.
3201 1397 3319 1453 Hoc
3346 1397 3502 1454 enim
3542 1402 3704 1457 Boeo-

308 1488 457 1539 τοῦτο
483 1484 587 1561 γὰρ
619 1484 702 1540 ἀεὶ
735 1482 1079 1554 ὠνειδίζοντο
1105 1485 1157 1540 οὶ
1187 1484 1440 1542 Βοιωτοί.

1229 1484 1440 1542 οιωτοί.
2058 1485 2135 1541 tis
2166 1501 2398 1557 semper
2424 1485 2563 1541 vitio
2593 1501 2847 1541 versum.

371 1574 634 1636 Βοιώτιος
692 1573 887 1648 νόμος.
944 1573 1068 1629 Ἐπὶ
1133 1578 1239 1630 τῶν
1297 1575 1413 1630 κατ’
1453 1573 1626 1650 ἀρχὰς
1681 1575 1952 1651 ἠρεμούν-

2134 1574 2398 1630 Baeoticus
2428 1590 2564 1629 mos.
2606 1573 2687 1629 De
2715 1573 2787 1628 iis
2820 1590 2948 1646 quae
2997 1574 3162 1631 initio
3214 1574 3451 1649 quidem
3501 1576 3698 1649 quiete

304 1681 428 1734 των,
461 1659 685 1737 ὕστερον
719 1659 777 1716 δὲ
802 1661 1196 1737 ταρασσόντων.

2059 1666 2218 1731 sunt,
2252 1663 2353 1719 sed
2378 1666 2579 1735 postea
2606 1661 2945 1718 turbulenta
2972 1664 3243 1720 evadunt.

371 1749 608 1813 Βάσανος
665 1748 841 1815 λίθος.
907 1749 1032 1808 Ἐπὶ
1106 1755 1212 1805 τῶν
1281 1751 1671 1827 ἐξεταζομένων
1733 1752 1784 1807 έν
1854 1752 1945 1807 λό-

2130 1753 2345 1824 Lydius
2375 1752 2535 1823 lapis.
2569 1756 2644 1807 De
2673 1750 2749 1806 iis
2781 1751 2962 1824 quiin
2994 1751 3325 1809 litterarum
3375 1754 3697 1827 disciplinis

306 1858 441 1914 γοις·
475 1837 736 1914 παρόσον,
768 1840 831 1895 Ἡ
860 1836 1031 1895 Λυδία
1055 1838 1207 1902 λίθος
1236 1841 1327 1896 τὸν
1359 1841 1583 1919 χρυσόν.

2076 1846 2200 1897 sunt
2229 1841 2476 1913 probati.
2510 1839 2708 1895 Simile
2735 1840 2871 1896 huic
2896 1856 2909 1896 :
2946 1841 3148 1913 Lydius
3188 1843 3329 1914 lapis
3355 1859 3557 1899 aurum
3585 1844 3699 1901 dis-

2059 1932 2338 1985 criminat.

374 2018 612 2073 Βοοώτια
666 2017 978 2092 αἰνίγματα.
1040 2018 1161 2072 Ἐπὶ
1216 2023 1324 2073 τῶν
1388 2020 1676 2077 ἀσυνέτων.
1736 2023 1949 2090 Βοιωτὴ

2130 2021 2366 2075 Bccotica
2435 2020 2748 2090 aenigmata.
2813 2023 2891 2073 De
2955 2019 3223 2075 obscuris
3282 2023 3339 2076 et
3401 2019 3699 2079 intellectu

311 2106 412 2183 γὰρ
443 2109 480 2175 ἡ
512 2105 707 2184 Σφίγξ.
880 2148 886 2155 .

2060 2108 2416 2164 difﬁcilibus.
2449 2107 2672 2179 Sphinx
2690 2106 2846 2163 enim
2878 2108 3129 2164 Bmotica
3155 2107 3281 2164 fuit.

370 2199 505 2257 Βοῦς
572 2193 662 2249 ἐπὶ
733 2192 1012 2270 γλώσσης,
1063 2195 1185 2250 Ἐπὶ
1245 2200 1353 2252 τῶν
1430 2194 1948 2273 δωροδοκουμένων,

2132 2198 2234 2253 Bos
2264 2198 2323 2251 in
2355 2197 2566 2265 lingua.
2595 2201 2670 2251 De
2701 2194 2775 2252 iis
2806 2198 2907 2267 qui
2955 2196 3126 2252 donis
3170 2214 3233 2253 se
3274 2199 3573 2271 corrumpi
3622 2200 3701 2256 si-

306 2280 391 2339 διὰ
416 2282 481 2339 τὸ
510 2287 621 2338 τῶν
653 2282 951 2353 ’Δθηναίων
984 2282 1229 2358 νόμισμα
1262 2284 1391 2361 βοῦν
1425 2282 1593 2362 ἔχειν.

2078 2291 2232 2355 lunt,
2265 2286 2401 2358 quia
2433 2285 2588 2358 apud
2638 2285 3018 2343 Athenienses
3065 2302 3347 2343 nummus
3395 2287 3540 2345 bove
3577 2294 3701 2346 erat

2061 2375 2400 2454 insignitus.

378 2548 510 2604 Γόνυ
575 2550 795 2623 κνήμης
871 2546 1071 2626 ἔγγιον.
1115 2550 1236 2606 Ἐπὶ
1285 2554 1391 2606 τῶν
1457 2552 1678 2616 ἑαυτοὺς
1738 2551 1951 2627 μᾶλλον

2136 2552 2283 2609 Genu
2323 2568 2483 2608 crure
2524 2566 2766 2623 propius.
2819 2554 2897 2606 De
2943 2549 3016 2606 iis
3065 2550 3167 2624 qui
3214 2552 3439 2626 seipsos
3507 2557 3703 2628 potius

312 2638 504 2715 ἒτέρων
526 2639 888 2714 ἀγαπώντων.

2063 2657 2240 2715 quam
2269 2640 2414 2697 alios
2446 2639 2717 2713 diligunt.

381 2729 611 2801 Γέροντα
642 2725 690 2783 δ’
727 2726 919 2803 ὀρθοῦν
954 2729 1195 2807 φλαῦρον
1227 2730 1287 2791 ὃς
1317 2731 1437 2792 νέος
1467 2732 1623 2805 πέσῃ.

2133 2731 2378 2787 Discenti
2404 2729 2624 2784 assidue
2651 2728 2824 2783 multa
2849 2736 3067 2785 senecta
3090 2731 3259 2786 venit.

383 2815 613 2871 Γλυκεῖα
662 2816 873 2893 ὀπώρα,
923 2815 1167 2894 φύλακος
1217 2816 1627 2882 ἐκλελοιπότος.
1675 2822 1798 2879 Ἐπὶ
1843 2826 1950 2877 τῶν

2133 2819 2382 2876 Jucunda
2410 2834 2591 2890 poma,
2621 2819 2670 2873 si
2695 2818 2886 2889 procul
2915 2817 3178 2875 custodia.
3211 2818 3293 2876 De
3322 2820 3395 2876 iis
3425 2822 3527 2893 qui
3576 2824 3701 2882 sine

319 2900 437 2959 ἄνευ
469 2904 684 2982 μόχθου
712 2906 780 2959 τὰ
811 2903 1077 2980 ἀλλότρια
1104 2906 1526 2983 καρπουμένων.

1191 2906 1526 2981 ›πουμένων.’
2065 2909 2261 2965 labore
2290 2907 2496 2964 alienis
2524 2908 2814 2962 fruuntur.

385 2997 553 3068 Γραῦς
603 2992 882 3069 βακχεύει.
945 2993 1066 3049 Ἐπὶ
1130 2999 1238 3050 τῶν
1305 2998 1432 3074 παρ’
1503 2996 1645 3074 ὥραν
1716 3021 1768 3054 τι
1838 2997 1955 3054 δια-

2133 3000 2283 3053 Anus
2316 2996 2624 3052 bacchatur.
2656 2995 2717 3050 1n
2745 3011 2843 3051 eos
2882 2995 2983 3067 qui
3025 2994 3428 3068 intempestive
3475 2999 3702 3071 aliquid

316 3080 699 3157 πραττομένων
710 3124 722 3136 .

682 3104 722 3137 ν.
2068 3087 2305 3144 faciunt.

388 3174 571 3245 Γραῶν
602 3168 782 3228 ὕθλοι.

2140 3176 2324 3245 Aniles
2352 3174 2578 3245 fabulae.

386 3244 621 3337 Γαστέρα
744 3282 838 3333 μοι
944 3261 1233 3341 προφέρεις
1346 3261 1638 3320 κάλλιστον
1749 3245 2009 3328 ὄνειδος(

2146 3244 2397 3321 Ventrem
2427 3264 2507 3318 mi
2525 3262 2762 3334 objectas
2784 3279 2887 3333 quo
2915 3264 3184 3334 probrum
3218 3264 3367 3320 haud
3409 3266 3705 3337 pulchrius

320 3346 580 3404 ἁπάντων·
648 3350 718 3405 Ἦ
781 3349 1028 3427 πλήρης
1079 3352 1172 3425 μὲν
1261 3349 1615 3431 ἐλαφροτέρα,
1683 3354 1837 3409 κενεὰ
1902 3352 1943 3410 δῖ

2084 3355 2268 3410 illum.
2302 3353 2505 3408 Plenus
2525 3352 2574 3407 is
2603 3355 2682 3407 est
2728 3351 2914 3420 levior,
2960 3354 3147 3423 gravis
3184 3352 3350 3423 idem,
3392 3356 3490 3412 ubi
3503 3355 3707 3428 pendet

324 3435 526 3513 βαρεῖα.

2067 3445 2275 3500 inanis.
2310 3442 2405 3515 (3).

386 3530 493 3595 Γῆς
529 3525 718 3602 βάρος.
751 3527 873 3583 Ἐπὶ
901 3532 1010 3583 τῶν
1037 3528 1351 3605 ἀχρήστων.

2088 3574 2093 3579 -
2143 3534 2322 3589 Terra
2350 3547 2506 3587 onus.
2538 3535 2618 3586 De
2650 3530 2974 3587 inutilibus.

385 3613 591 3678 Γλυκὺς
624 3616 834 3692 ἀπείρῳ
863 3614 1130 3690 πόλεμος.

2136 3621 2303 3676 Dulce
2333 3618 2540 3675 bellum
2559 3620 2847 3690 inexperto
2874 3619 2972 3692 (4).

385 3707 555 3778 Γραῦς
655 3702 1064 3780 ἀνακροτήσασα
1170 3705 1344 3761 πολὺν
1445 3712 1722 3786 κονιορτὸν
1831 3711 1958 3788 ἐγεί-

2137 3711 2423 3765 Pulverem
2451 3724 2598 3764 anus
2621 3708 2846 3779 pedibus
2890 3708 3164 3779 plaudens
3208 3711 3452 3769 multum
3499 3716 3706 3771 excitat

315 3812 416 3868 ρει.
468 3792 592 3847 Ἐπὶ
662 3797 770 3848 τῶν
839 3791 908 3849 δι’
972 3793 1252 3871 ἐμπειρίαν
1302 3794 1489 3853 πολλᾶ
1538 3798 1828 3875 πράγματα
1872 3823 1938 3857 κι·

2080 3802 2267 3857 omnis.
2319 3800 2381 3854 In
2411 3796 2543 3853 illos
2592 3798 2691 3869 qui
2740 3802 2975 3869 propter
3020 3797 3288 3870 peritiam
3347 3801 3563 3860 multas
3611 3820 3703 3862 res

315 3880 553 3936 νούντων
565 3926 579 3937 .

2070 3891 2320 3945 movent.

389 3969 560 4046 Γύγου
593 3967 903 4033 δακτύλιος.
937 3971 1058 4027 Ἐπί
1086 3976 1193 4028 τῶν
1224 3972 1659 4050 πολυμηχάνων.

1539 3998 1659 4032 νων.
2142 3978 2304 4050 Gygi:
2323 3975 2584 4032 annulus.
2619 3979 2694 4031 De
2725 3975 3162 4048 impostoribus.

393 4064 458 4114 Γυ
467 4059 732 4134 μνότερος
761 4059 1058 4116 παττάλου.
1196 4114 1205 4120 .

930 4059 1058 4116 ελου.
1196 4114 1205 4120 ,
2142 4066 2354 4122 Nudior
2379 4065 2553 4121 clavo.

386 4149 524 4217 Γυνὴ
575 4155 871 4225 στρατηγεῖ
935 4150 1024 4205 καὶ
1088 4154 1222 4226 γυνὴ
1287 4152 1781 4227 στρατοπεδεύεται.
1837 4159 1957 4214 Ἐπὶ

2138 4158 2264 4212 Dux
2292 4156 2415 4227 ipsa
2465 4154 2595 4210 belli
2637 4155 2854 4224 femina
2898 4158 2953 4210 et
3000 4155 3157 4211 miles
3188 4155 3341 4213 eluit.
3389 4161 3466 4214 De
3513 4158 3701 4232 inopi-

314 4238 420 4291 τῶν
448 4233 786 4312 παραδόξων.
1286 4242 1291 4245 ’

616 4236 786 4307 ῖόξων.
1286 4242 1291 4245 ’
2068 4245 2239 4302 natis.

388 4324 606 4380 Γυναικὶ
641 4325 719 4399 μή
751 4325 965 4382 πίστευε
998 4325 1126 4402 μηδ’
1156 4327 1279 4384 ὅταν
1314 4331 1471 4405 θάνῃ.

2137 4336 2215 4391 Ne
2239 4334 2466 4406 feminae
2492 4331 2625 4404 quid
2651 4331 2857 4399 credas,
2886 4333 2972 4388 vel
3000 4336 3256 4390 mortuae.

387 4412 568 4476 Γέλως
605 4414 869 4478 Ἰωνικός.
901 4417 1025 4471 Ἐπὶ
1068 4422 1175 4473 τῶν
1226 4417 1622 4495 ἐκλελυμένων.
1653 4423 1748 4486 Εἰς
1796 4428 1957 4480 τοῦτο

2141 4423 2302 4479 Risus
2347 4422 2583 4477 Ionicus.
2638 4420 2715 4475 De
2757 4419 3100 4476 dissolutis:
3147 4436 3213 4476 eo
3262 4421 3421 4478 enim
3469 4422 3705 4481 nomine

311 4499 413 4578 γὰρ
444 4508 629 4566 Ἴωνες
665 4498 1047 4562 διεϐάλλοντο.

2070 4516 2241 4567 Iones
2272 4509 2799 4582 reprehenduntur.

388 4591 563 4665 Γέρων
591 4589 825 4663 ἀλώπηξ
856 4593 962 4671 οὐχ
991 4592 1291 4653 ἁλίσκεται.
1990 4609 2011 4674 Ῑ

1990 4609 2035 4674 D
2137 4601 2357 4655 Annosa
2384 4599 2573 4669 vulpes
2601 4613 2711 4653 non
2741 4598 2984 4668 capitur.

384 4678 598 4736 Γλαῦκα
664 4680 743 4743 εἷς
795 4682 1046 4753 Ἀθήνας.
1098 4684 1220 4739 Ἐπὶ
1279 4690 1386 4740 τῶν
1448 4684 1958 4764 ἑπιδεδεικνυμένων

2138 4689 2400 4744 Noctuam
2446 4686 2704 4741 Athenas.
2762 4686 2822 4740 [η
2867 4701 2967 4741 eos
3016 4686 3119 4757 qui
3185 4685 3413 4758 aliquos
3475 4689 3710 4758 docent,

311 4765 444 4840 πρὸς
488 4767 617 4832 τοὺς
668 4765 877 4832 εἰδότας
924 4772 1058 4848 ἅπερ
1107 4770 1329 4847 ἄμεινον
1392 4774 1556 4832 αὐτοῦ
1620 4773 1784 4836 ἴσασι.
1838 4781 1932 4836 Ὀτ

2078 4794 2191 4849 quae
2234 4776 2566 4832 doctoribus
2616 4774 2727 4846 ipsi
2776 4776 2899 4830 suis
2940 4774 3154 4831 melius
3225 4779 3473 4848 norunt;
3546 4778 3701 4850 quod

315 4853 516 4912 πολλαὶ
550 4856 627 4919 εἷς
656 4858 889 4929 Ἀθήνας
917 4858 1168 4936 γλαῦκες.

2062 4863 2307 4921 Athenis
2339 4864 2533 4919 multa
2564 4864 2683 4918 sint
2707 4867 2933 4918 noctua:
2959 4863 3058 4936 (5).

386 4944 561 5021 Γέρων
599 4947 729 5020 βοῦς
762 4946 1057 5019 ἀπένθητος
1088 4948 1140 5006 έν
1175 4946 1443 5025 δόμοισιν.

2132 4956 2314 5011 Senex
2342 4953 2432 5009 bos
2458 4970 2573 5008 non
2603 4953 2826 5024 lugetur
2854 4952 2914 5007 in
2940 4950 3187 5008 domibus
3217 4952 3313 5025 (6).

383 5162 455 5231 (1)
483 5163 579 5223 Ὗς
607 5179 722 5233 sus,
781 5167 936 5238 apud
999 5167 1388 5238 Apostolium.
1449 5173 1600 5225 cent.
1659 5188 1712 5237 ν,
1773 5189 1832 5227 n.
1864 5173 1954 5227 80.
2135 5167 2213 5237 (5)
2264 5170 2486 5221 Noctua
2529 5182 2702 5238 porro
2738 5165 2859 5220 viro
2900 5166 2971 5221 ad
3023 5180 3146 5238 rem
3197 5163 3711 5238 quampiamque

311 5233 464 5309 Ευιξτ.
489 5304 503 5309 _
810 5233 836 5309 γ’
1053 5233 1067 5238 ’
1700 5233 1707 5237 ’
2067 5233 2259 5295 είύᾱὶῡ
2294 5233 2549 5309 indigeat
2581 5236 2896 5304 lestinauti,
2933 5238 2978 5292 si
3028 5233 3401 5309 δαεὶς-ἀίειυέ
3450 5233 3708 5309 assistat,

380 5303 545 5383 (2)__ln
580 5322 681 5359 eos
706 5307 819 5383 _qui
880 5309 951 5383 de
1008 5325 1067 5383 re
1125 5311 1406 5383 quapiam
1462 5327 1590 5366 sese
1630 5314 1890 5382 jactant;
1925 5332 1959 5370 θ,
2070 5328 2181 5366 nou
2217 5303 2459 5383 probum
2493 5324 2620 5362 esse
2655 5309 2931 5383 indicium
2954 5308 3135 5383 aiunt.
3164 5303 3442 5383 Uliiyersu
3470 5303 3713 5383 inCretu

311 5371 535 5453 Rhodio
566 5371 821 5447 quodam
854 5380 953 5451 qui
983 5380 1057 5435 ob
1088 5371 1303 5438 silium
1354 5371 1666 5453 gloriosius
1715 5401 1843 5439 sese
1881 5371 1960 5440 ές.
2066 5399 2182 5436 non
2215 5371 2378 5450 gigni
2409 5386 2682 5434 noctuam
2736 5380 2951 5445 ferunt,
2999 5381 3095 5433 sed
3142 5383 3198 5433 et
3235 5378 3456 5453 illatam
3504 5379 3709 5453 emori.

311 5443 553 5521 {813118}.
586 5443 599 5447 ⁷
872 5443 888 5451 ’
1354 5443 1388 5453 ν
2067 5443 2460 5508 Οιιῐῐθίὲιιιὶιιίι
2490 5467 2709 5505 murem
2758 5443 2953 5521 pugno
2996 5451 3305 5521 superavit,
3358 5465 3471 5521 prae
3514 5447 3714 5504 laetitia

381 5516 459 5660 (3)
489 5517 725 5573 Dictum
757 5521 815 5575 in
848 5522 1037 5577 ventri
1067 5523 1314 5577 deditos.
2069 5524 2281 5579 collum
2313 5523 2441 5591 ejus
2474 5521 2731 5583 inﬂatur,
2761 5516 3005 5578 barbam
3039 5516 3319 5586 demittit,
3345 5516 3578 5592 magnis
3595 5522 3716 5576 sni-

381 5587 431 5656 (4
489 5588 566 5643 De
597 5589 670 5644 iis
700 5593 799 5660 qui
832 5609 899 5648 ex
931 5593 1223 5660 imperitia
1252 5610 1316 5649 se
1348 5593 1408 5649 in
1451 5596 1707 5660 pericula
1756 5601 1953 5660 praeci-
2069 5596 2182 5650 mis
2214 5593 2486 5660 repletur,
2520 5599 2576 5646 et
2606 5593 2784 5648 altius
2816 5594 3164 5660 ingreditur.

379 5587 453 5671 (4)
477 5588 566 5671 _De
597 5589 670 5644 iis
700 5593 799 5662 qui
832 5609 899 5648 ex
931 5593 1223 5666 imperitia
1252 5610 1316 5649 se
1348 5593 1408 5649 in
1448 5596 1707 5667 pericula
1754 5601 1953 5671 praecio
2069 5587 2486 5671 misreplctur,
2520 5599 2576 5671 et
2606 5593 2784 5648 altius
2816 5594 3164 5671 ingreditur.

305 5657 515 5729 pitsnt.
716 5657 734 5662 ⁷
1017 5657 1035 5666 ’
1448 5657 1467 5667 ’
1754 5657 1773 5671 ⁸
2139 5666 2216 5740 (6)
2249 5657 2324 5721 De
2352 5663 2424 5721 iis
2452 5664 2551 5737 qui
2585 5681 2691 5721 suo
2722 5657 2985 5743 tempore
3016 5664 3306 5722 obierunt.
