4110 6422
451 374 571 438 455

1476 364 1789 430 GEORGII
1833 365 2099 430 CYPRII
2142 367 2260 428 (ΣΡ.
2306 366 2830 430 PATRIARCHE

3730 360 3846 429 486

523 505 700 560 Litem
724 501 825 559 sub
853 500 975 570 ibit,
1004 499 1088 556 vel
1134 514 1185 555 si
1231 500 1424 555 asinus
1461 500 1705 557 mordeat
1752 515 1965 557 canem.
2014 499 2093 556 De

2280 498 2443 569 Δίκην
2516 498 2710 576 ὑφέξει,
2759 497 2856 553 κᾶν
2922 494 3045 559 ὅνος
3121 494 3286 570 δάκνῃ
3350 494 3503 551 κύνα.
3555 497 3676 553 Ἐπὶ
3737 501 3844 553 τῶν

458 593 528 650 iis
556 592 654 665 qui
685 592 758 648 ob
786 606 993 663 parvas
1024 605 1115 645 res
1144 587 1457 644 calumniis
1485 589 1852 646 divexantur.

521 683 697 738 Litem
724 680 873 752 parit
901 680 971 734 lis
1006 692 1152 733 noxa
1210 679 1340 733 item
1392 694 1596 733 noxam
1649 681 1821 746 parit.
1876 678 1936 733 In
1986 676 2098 732 liti-

447 770 624 845 gandi
653 768 897 842 cupidos
925 771 1145 840 quique
1174 765 1307 821 lites
1335 765 1536 822 litibus
1568 772 1830 834 nectunt,
1862 771 1920 823 et
1973 764 2097 836 qui-

446 861 559 917 bus
590 875 684 914 res
713 856 1054 929 plerumque
1084 856 1237 911 male
1265 856 1607 910 succedunt.

520 949 692 1021 Turpe
720 955 797 1003 est
823 944 1072 1002 eumdem
1102 944 1186 1000 bis
1215 943 1287 999 ad
1315 944 1554 1016 lapidem
1592 945 1913 1016 impingere.

452 1094 463 1115 ί
518 1125 854 1183 Dodonaeum
882 1138 973 1179 aes.
1007 1121 1087 1177 De
1117 1119 1347 1193 loquaci
1377 1121 1475 1192 (1).

514 1220 621 1273 Per
647 1213 920 1270 annulum
949 1208 1095 1266 trahi
1123 1211 1176 1265 te
1203 1212 1429 1278 oportet.
1462 1213 1542 1264 De
1570 1208 1644 1265 iis
1673 1208 1773 1279 qui
1826 1209 1900 1264 ob
1951 1223 2095 1263 mm-

445 1304 668 1363 stitiam
698 1319 802 1358 seu
834 1300 1106 1357 morbum
1148 1296 1444 1353 macilenti
1478 1296 1613 1352 facti
1645 1301 1784 1351 sunt
1817 1297 1915 1368 ('2).

516 1392 653 1450 Cum
678 1391 823 1447 divis
850 1390 1075 1460 ﬂectunt
1092 1384 1429 1443 venerandos
1454 1399 1690 1440 munera
1710 1400 1880 1456 reges.

512 1481 754 1538 Nectunt
779 1475 1075 1550 stupendas
1098 1475 1386 1531 machinas
1412 1475 1668 1546 Egyptii
1694 1474 1791 1544 (3).

517 1568 758 1639 Contigit
786 1572 841 1622 et
870 1566 1088 1638 ignavis
1116 1563 1309 1628 praeda
1336 1578 1406 1618 ea:
1432 1566 1631 1618 venatu
1659 1562 1757 1633 (4).

513 1660 702 1715 Altera
728 1656 1013 1725 navigatio
1033 1654 1129 1726 (5).

515 1745 845 1819 Delphinum
868 1743 1065 1814 patina
1091 1756 1204 1797 non
1230 1742 1396 1814 capit.

516 1920 856 1995 Epimenidis
883 1935 1121 1976 somnus.
1155 1918 1219 1973 In
1242 1934 1340 1974 eos
1360 1917 1460 1989 qui
1482 1915 1732 1972 multum
1748 1915 2085 1972 dormiunt:

445 2010 872 2085 quinquaginta
898 2007 1057 2064 enim
1086 2022 1273 2063 annos
1301 2005 1597 2062 dormivit.

515 2102 579 2156 In
607 2104 769 2155 antro
799 2096 1090 2170 Trophonii
1114 2097 1446 2152 vaticinatus
1492 2100 1592 2150 est.
1646 2094 1707 2147 In
1755 2109 1987 2148 severos
2034 2096 2091 2147 et

443 2189 602 2246 risus
629 2186 803 2260 plane
831 2190 1113 2259 expertes.

516 2280 578 2335 In
605 2291 738 2333 area
767 2283 819 2333 te
851 2273 1152 2331 abscondis.
1206 2278 1283 2329 De
1311 2272 1384 2329 iis
1415 2270 1517 2344 qui
1562 2270 1741 2327 latere
1790 2286 1903 2326 non
1955 2286 2088 2341 pos-

447 2370 607 2423 sunt.

517 2454 602 2512 Sit
631 2457 888 2526 quaestor,
917 2452 1069 2523 atqui
1094 2460 1307 2518 ctztera,
1361 2453 1412 2505 si
1454 2449 1617 2520 lubet,
1648 2450 1823 2503 canis.
1876 2448 1938 2502 In
1991 2463 2091 2502 eos

446 2541 548 2615 qui
578 2545 787 2615 prater
815 2541 1090 2597 meritum
1123 2538 1368 2595 feliciter
1393 2542 1612 2611 agunt:
1659 2536 1911 2592 maxime
1956 2551 2091 2591 vero

446 2631 507 2687 in
537 2631 859 2688 eunuchos.

517 2721 602 2776 Ea:
632 2721 785 2777 omni
813 2719 962 2789 ligno
989 2718 1201 2791 cyphon
1246 2717 1374 2788 ﬁeri
1419 2716 1674 2787 quiverit.
1724 2714 1943 2771 Dicitur
1987 2729 2090 2768 au-

446 2812 569 2865 tem
598 2809 670 2864 de
700 2809 875 2864 rebus
931 2806 989 2861 in
1022 2805 1214 2879 specie
1269 2804 1507 2875 quidem
1561 2802 1799 2870 vilibus,
1857 2802 1959 2859 sed
2019 2800 2091 2856 ad

449 2912 623 2953 usum
653 2894 1022 2953 necessariis.

516 2987 580 3042 In
609 2989 791 3042 vetera
811 2985 1111 3059 praesepia.
1148 2987 1226 3038 De
1255 2982 1329 3038 iis
1359 2981 1457 3055 qui
1490 2983 1560 3038 ad
1592 2998 1662 3038 ea
1691 2981 1938 3037 redeunt
1964 2995 2093 3051 qua:

446 3074 825 3148 reliquerant.

518 3165 581 3221 In
608 3163 817 3220 duobus
845 3162 956 3219 tria
982 3161 1274 3233 conspicis.
1310 3164 1388 3216 De
1421 3159 1492 3215 iis
1522 3160 1623 3232 qui
1651 3158 1767 3215 alia
1813 3175 1915 3231 pro
1962 3157 2094 3214 aliis

446 3252 664 3309 vident.

518 3340 770 3413 Effugere
797 3355 894 3396 seu
920 3339 1085 3395 elabi.
1119 3338 1200 3394 De
1227 3337 1301 3394 iis
1331 3336 1687 3393 animalibus
1746 3353 1873 3408 quae
1923 3352 2091 3392 vena-

448 3434 605 3486 tores
633 3428 941 3501 effugiunt.

520 3518 872 3589 Elephantem
899 3533 970 3573 ea:
998 3532 1185 3572 musca
1213 3518 1371 3587 lacis.
1403 3515 1483 3572 De
1513 3516 1586 3572 iis
1622 3515 1741 3588 ’qui
1781 3532 1873 3572 res
1922 3514 2097 3571 mini-

451 3621 581 3662 mas
610 3607 871 3663 oratione
900 3603 1207 3662 extollunt.

519 3695 600 3751 Ad
626 3694 905 3751 imbeciles
932 3694 1204 3751 imbevilis
1231 3695 1472 3751 advenis.
1512 3694 1570 3748 In
1603 3709 1702 3749 eos
1732 3692 1833 3765 qui
1876 3693 2096 3750 eisdem

453 3781 625 3840 malis
655 3788 795 3840 sunt
822 3782 1032 3840 affecti.

524 3872 833 3928 Dormienti
868 3888 1069 3943 sagena
1122 3873 1285 3944 capit.
1342 3871 1422 3928 De
1467 3872 1541 3927 iis
1585 3873 1686 3943 qui
1709 3870 1954 3928 feliciter
2005 3888 2097 3927 res

450 3976 592 4017 suas
619 3959 955 4033 perﬁciunt.

520 4047 666 4104 Inest
693 4051 744 4105 et
769 4048 1019 4120 formica
1044 4064 1149 4105 sua
1178 4048 1322 4104 bilis.
1355 4048 1472 4104 Nec
1528 4064 1736 4120 parvos
1783 4064 1914 4106 esse
1959 4064 2097 4105 con-

453 4138 816 4194 temnendos.

517 4226 824 4283 Mercurius
852 4242 963 4283 non
993 4227 1256 4282 initiatus
1286 4225 1386 4297 (6).

518 4315 607 4370 Ea:
632 4315 913 4385 confracta
940 4314 1110 4370 calice
1141 4314 1345 4369 bibere.
1379 4317 1457 4370 De
1490 4312 1695 4369 amicis
1726 4313 1947 4370 inﬁdis.

517 4492 672 4549 Melle
700 4493 934 4565 teipsum
962 4492 1114 4563 tegis.
1149 4491 1213 4547 In
1242 4507 1341 4547 eos
1370 4490 1471 4562 qui
1502 4488 1808 4548 mollitiem
1830 4492 2097 4566 volupta-

447 4584 683 4653 temque
712 4584 1031 4636 sectantur.

517 4670 817 4726 Leoninam
843 4669 1045 4740 pellem
1073 4669 1333 4724 induitur
1358 4669 1456 4740 (7).

516 4756 878 4829 Eudymionzs
912 4773 1165 4813 somnum
1221 4757 1443 4815 dormit.
1503 4762 1579 4813 De
1636 4757 1709 4813 iis
1768 4758 1870 4831 qui
1919 4758 2097 4816 nimis

448 4860 654 4903 somno
697 4844 1007 4918 indulgent
1035 4846 1133 4918 (8).
1254 4843 1265 4853 ’

418 5002 421 5003 ⁷
521 5004 610 5079 (1)Δ
630 5003 850 5061 Demon
882 5004 1117 5079 quidem
1149 5006 1342 5079 refert,
1375 5006 1626 5063 Dodones
1668 5006 1973 5079 plurimos,
2005 5014 2095 5065 at-

450 5074 748 5147 que’inter
775 5074 1173 5148 se‘contiguos
1223 5074 1404 5132 fuisse
1449 5074 1795 5134 constitutos
1837 5078 2090 5136 lebetes:

450 5144 596 5203 adeo
628 5150 694 5201 ut
738 5147 788 5202 si
838 5146 971 5203 auis
1019 5165 1203 5203 unum
1252 5148 1589 5203 pulsaverit.
1640 5165 1844 5203 omnes
1891 5152 2090 5203 ordine

450 5152 596 5203 adeo
628 5152 694 5201 ut
738 5152 788 5202 si
838 5152 971 5218 quis
1019 5165 1203 5203 unum
1252 5152 1589 5221 pulsaverit,
1640 5165 1844 5204 omnes
1891 5152 2095 5207 ordine

450 5216 760 5274 confestim
793 5234 1005 5273 sonum
1036 5219 1289 5274 ederent.
1330 5224 1611 5275 Caeterum
1665 5221 2003 5278 Aristoteles
2035 5223 2092 5278 id

448 5293 735 5371 tanquam
783 5289 1133 5371 figmentum
1182 5289 1495 5371 explodens
1547 5297 1721 5371 atque
1764 5293 2092 5371 confutans,

450 5360 603 5434 duas
630 5360 713 5434 ait
741 5360 1047 5434 columnas
1077 5377 1227 5432 esse,
1254 5360 1317 5417 et
1343 5362 1402 5417 in
1434 5379 1552 5418 una
1585 5363 1822 5434 quidem
1852 5379 1982 5421 esse
2011 5360 2092 5421 leé

449 5433 676 5508 betem,
698 5431 759 5485 in
790 5431 973 5508 altera
1001 5436 1194 5508 autem
1212 5431 1473 5508 puerum
1495 5431 1629 5489 cum
1653 5434 1898 5508 flagello,
1925 5438 2093 5508 cujus

448 5502 573 5578 lora
602 5503 779 5578 etiam
806 5505 997 5578 ferrea
1026 5502 1163 5578 sint,
1196 5502 1378 5578 eaque
1404 5505 1453 5559 si
1481 5509 1651 5578 vento
1681 5502 1895 5578 agitata
1925 5502 2094 5564 in'le-

448 5575 642 5631 betem
677 5573 1028 5702 impingam,
1058 5575 1350 5656 ejusmodi
1379 5576 1639 5633 sonitum
1671 5573 1929 5634 re'ddere.

519 5645 600 5702 (2)
631 5649 866 5702 Ariston
908 5660 1051 5702 anes
1080 5662 1140 5702 1n
1168 5646 1351 5702 Pluto.

519 5645 600 5721 (2)
631 5645 1051 5720 Aristophanes
1080 5645 1140 5702 in
1168 5646 1351 5703 Pluto.

2122 1869 2171 1935 B

2207 586 2295 641 ἰπὶ
2329 592 2509 663 μικρῷ
2541 607 2874 664 συκοφαντου
2884 586 3080 658 μενων.

2276 676 2408 747 Δίκη
2460 673 2612 746 δίκην
2664 674 2855 745 ἔτικτε,
2888 674 2978 729 καὶ
3036 667 3216 749 βλάϐη
3269 668 3504 750 βλάϐην.
3555 674 3677 729 Ἐπὶ
3739 679 3842 730 τῶν

2204 762 2502 841 φιλοδίκων
2532 765 2621 819 καὶ
2652 762 3045 839 συναιρούντων
3079 760 3251 823 δίκαις
3276 759 3448 833 δίκας,
3479 763 3569 817 καὶ
3601 762 3690 817 ἐπὶ
3741 768 3847 819 τῶν

2202 859 2427 917 πυκναῖς
2458 854 2905 930 προσπιπτόντων
2937 856 3265 930 συμφοραῖς.

2276 943 2367 1005 Δὶς
2427 944 2563 1017 πρὸς
2639 943 2730 997 τὸν
2803 941 2959 996 αὐτὸν
3033 941 3262 1017 αἰσχρὸν
3334 940 3692 1016 προσκρούειν
3757 939 3843 995 λί-

2204 1032 2297 1086 θον
2310 1077 2321 1088 .

2276 1117 2592 1175 Δωδωναῖον
2624 1118 2906 1195 χαλκεῖον.
2939 1117 3060 1172 Ἐπὶ
3092 1115 3289 1175 λάλου.

2276 1208 2537 1280 Δακτύλῳ
2603 1206 2684 1263 δεῖ
2743 1229 2801 1262 σε
2849 1207 3195 1275 ἑλκυσθῆναι.
3246 1207 3366 1262 Ἐπὶ
3425 1210 3534 1261 τῶν
3602 1204 3693 1262 διὰ
3756 1206 3846 1261 νό-

2203 1318 2295 1352 σον
2323 1299 2357 1366 ﬁ
2392 1296 2571 1367 λύπην
2609 1297 2810 1372 ἰσχνῶν
2839 1297 3168 1371 γενομένων.

2277 1390 2434 1461 Δῶρα
2463 1384 2617 1447 θεοὺς
2645 1384 2819 1449 πείθει
2848 1385 2937 1439 καὶ
2969 1380 3211 1445 αἰδοίους
3265 1381 3551 1457 βασιλῆας.

2277 1474 2451 1528 Δεινοὶ
2481 1472 2699 1529 πλέκειν
2736 1474 2986 1550 μηχανὰς
3013 1470 3322 1549 Δῗγύπτιοι.

2274 1560 2495 1618 Δέδοται
2526 1562 2616 1617 καὶ
2644 1567 2832 1624 κακοῖς
2866 1560 3023 1637 ἄγρα.

2204 1650 2460 1727 Δεύτερος
2493 1651 2685 1714 πλοῦς.

2274 1738 2509 1817 Δελφῖνα
2535 1737 2726 1809 λεκὲνη
2760 1738 2824 1793 ού
2852 1744 3046 1815 χωρεῖ.

2272 1915 2615 1990 Ἐπιμενίδου
2682 1916 2867 1979 ὕπνος.
2939 1916 3059 1971 Ἐπὶ
3119 1920 3226 1972 τῶν
3305 1914 3493 1971 πολλά
3559 1916 3848 1989 κοιμωμέ-

2198 2028 2327 2064 νων.
2362 2008 2697 2077 Πεντήκοντα
2721 2008 2821 2083 γὰρ
2854 2005 2946 2076 ἔτη
2980 2002 3280 2069 ἐκάθευδεν.

2270 2095 2353 2157 Ἐς
2416 2095 2728 2172 Τροφωνίου
2798 2092 3175 2168 μεμάντευται.
3232 2094 3353 2148 Ἐπὶ
3421 2098 3530 2149 τῶν
3598 2095 3846 2170 σκυθρω-

2196 2189 2313 2238 πῶν
2345 2184 2435 2237 καὶ
2464 2183 2686 2259 ὠχρῶν.

2272 2275 2355 2326 Ἑν
2420 2271 2539 2345 ἅλῳ
2604 2270 2936 2348 δρασκάζεις,
2984 2273 3019 2342 ἢ
3088 2272 3299 2349 κρύπτῃ
3368 2270 3485 2326 Ἐπὶ
3570 2276 3679 2326 τῶν
3764 2274 3843 2345 μὴ

2199 2359 2506 2434 δυναμένων
2539 2360 2739 2417 λαθεῖν.

2271 2451 2447 2504 Ἔστω
2521 2449 2739 2521 ταμίας,
2779 2446 2958 2504 τᾶλλα
3022 2446 3067 2503 δ’
3133 2449 3178 2504 εἰ
3248 2446 3436 2524 βούλει
3499 2448 3667 2503 κύων.
3718 2450 3846 2505 Ἐπὶ

2195 2543 2304 2594 τῶν
2368 2539 2494 2614 παρ’
2543 2538 2687 2608 ἀξίαν
2754 2536 3183 2614 εὐημερούντων,
3231 2537 3321 2592 καὶ
3372 2536 3608 2611 μάλιστα
3656 2536 3850 2593 εύνού-

2200 2649 2317 2703 χων
2330 2672 2344 2686 ,

2270 2723 2364 2771 Ἐκ
2426 2716 2626 2777 παντὸς
2694 2713 2858 2786 ξύλου
2925 2715 3109 2794 κύφων
3196 2715 3255 2770 ἂν
3321 2715 3552 2791 γίνοιτο.
3620 2717 3855 2792 Λέγεται

2201 2804 2424 2861 ἐπὶτῶν
2469 2805 2531 2860 τὸ
2579 2801 2720 2866 εἶδος
2767 2803 3019 2876 εὐτελῶν,
3052 2804 3127 2866 εἷς
3174 2804 3362 2881 χρείας
3416 2802 3473 2859 δὲ
3518 2804 3849 2881 ἀναγκαίων.

2273 2982 2366 3045 Εἷς
2411 2982 2640 3060 ἀρχαίας
2691 2981 2911 3060 φάτνας.
2958 2981 3076 3037 Ἐπὶ
3124 2985 3231 3036 τῶν
3274 2981 3537 3037 ἐλθόντων
3590 2981 3668 3044 εἷς
3718 2983 3859 3058 ἅπερ

2203 3072 2464 3148 πρότερον
2500 3069 2647 3133 ὄντες
2680 3070 2923 3144 ἐξέπεσον
2934 3115 2947 3129 .

2277 3163 2361 3215 Ἐν
2442 3157 2590 3215 δυοῖν
2666 3160 2788 3236 τρία
2866 3157 3107 3235 βλέπεις.
3158 3158 3278 3214 Ἐπὶ
3346 3164 3453 3214 τῶν
3530 3156 3676 3214 ἄλλα
3742 3159 3859 3215 ἀντ’

2124 3234 2167 3301 C
2204 3248 2390 3306 ἄλλων
2424 3250 2698 3325 ὁρώντων.

2275 3335 2672 3414 Ἐκπερδικίσαι
2778 3337 2868 3391 καὶ
2954 3336 3215 3395 ἐκκλῖναι.
3286 3336 3405 3392 Ἐπὶ
3482 3341 3589 3391 τῶν
3675 3334 3854 3393 διαδι-

2206 3426 2544 3502 δρασκόντων
2571 3425 2699 3488 τοὺς
2733 3426 3015 3500 θηρευτὰς.

2277 3515 2572 3593 Ἐλέφαντα
2618 3514 2677 3569 ἐκ
2745 3514 2905 3588 μυίας
2971 3518 3169 3576 ποιεῖς.
3220 3514 3341 3568 Ἐπὶ
3384 3517 3494 3568 τῶν
3552 3513 3621 3568 τὰ
3683 3516 3861 3590 μικρά

2207 3604 2537 3681 ἐπαιρόντων
2569 3608 2649 3676 τῷ
2681 3601 2859 3677 λόγῳ.

2278 3692 2372 3755 Εἷς
2458 3693 2807 3753 ἀσθενοῦντας
2901 3691 3132 3753 ἀσθενῶς
3200 3688 3493 3761 ἰλήλυθας.
3542 3690 3664 3745 Ἐπὶ
3747 3695 3861 3747 τῶν

2206 3781 2373 3855 ὅμοια
2401 3780 2747 3857 πασχόντων.

2276 3868 2505 3926 Εὕδοντι
2533 3869 2729 3947 κύρτος
2753 3867 2915 3945 αἶ’ρεῖ.
2947 3869 3060 3944 Ἐρὶ
3089 3873 3197 3924 τῶν
3231 3868 3626 3944 εὐτυχούντων.

2279 4051 2487 4104 ’Ἐνεστι
2533 4045 2622 4103 καί
2676 4048 2927 4121 μύρμηκι
2994 4045 3164 4122 χολή.
3211 4049 3331 4101 Ὅτι
3400 4043 3542 4119 μηδὲ
3601 4051 3699 4102 τοῦ
3765 4069 3859 4121 μι-

2205 4141 2340 4214 κροῦ
2371 4134 2453 4191 δεῖ
2480 4141 2853 4213 καταφρονεῖν.

2278 4227 2486 4302 Ἑρμῆς
2517 4225 2785 4299 ἀμύητος.

2278 4316 2371 4369 Ἐκ
2435 4314 2775 4389 τετρημένης
2825 4311 3049 4375 κύλικος
3116 4317 3281 4369 πιεῖν.
3332 4312 3452 4367 Ἐπὶ
3518 4317 3627 4368 τῶν
3695 4312 3858 4389 ἐψευ-

2207 4405 2418 4477 σμένων
2451 4403 2649 4482 φίλων.

2279 4494 2365 4547 Ἐν
2430 4490 2612 4566 μέλιτι
2689 4489 2879 4547 σαυτὸν
2937 4488 3350 4567 κατακρύπτεις.
3404 4489 3525 4545 Ἐπὶ
3592 4494 3700 4546 τῶν
3769 4511 3861 4546 συ-

2128 4599 2176 4664 D
2210 4582 2423 4651 ζώντων
2459 4578 2834 4651 ἡδυπαθείαις.

2278 4668 2544 4724 Ένδύεται
2576 4670 2676 4737 τὴν
2706 4666 2950 4737 λεοντῆν.

2278 4754 2643 4829 Ἐνδυμίωνος
2725 4756 2890 4812 ὕπνον
2966 4756 3247 4814 ὑπνώττει.
3308 4756 3427 4811 Ἐπὶ
3493 4761 3601 4811 τῶν
3665 4754 3858 4812 πολλὰ

2110 4887 2117 4892 -
2203 4847 2591 4921 κοιμωμένων.

2273 5009 2350 5081 (3)
2382 5007 2446 5081 [η
2471 5006 2721 5081 maxime
2751 5006 3044 5063 maleficos
3068 5022 3093 5081 :_
3116 5006 3447 5081 talesenim
3481 5008 3706 5081 Egytii.

2297 5080 2351 5145 4)
2385 5079 2465 5151 De
2495 5078 2566 5133 iis
2598 5078 2692 5150 qui
2718 5088 2927 5150 praeter
2954 5078 3228 5151 meritum
3262 5077 3504 5151 feliciter
3532 5077 3741 5151 agunt.

2294 5151 2350 5218 5)
2381 5149 2526 5205 Cum
2558 5149 2691 5221 quis
2722 5149 2996 5206 secundis
3044 5151 3234 5205 ventis
3278 5149 3620 5221 destitutus,
3674 5150 3855 5207 remis

2203 5221 2408 5277 navem
2440 5221 2711 5292 impellit.

2274 5294 2349 5365 (6)
2379 5298 2458 5365 De
2489 5290 2660 5365 valde
2672 5292 2936 5365 expertis
2972 5292 3055 5365 _in
3114 5307 3176 5347 re
3212 5291 3532 5365 (quapiam.
3587 5290 3858 5365 Irrisoria

2242 5362 2498 5429 arosmia,
2532 5363 2742 5418 similis
2775 5362 2929 5432 huic,
2956 5363 3083 5419 Jace
3109 5368 3169 5418 in
3194 5362 3371 5419 illum'
3402 5364 3593 5430 telum,
3626 5364 3731 5434 qui
3756 5363 3857 5419 ha-

2234 5439 2285 5491 et
2312 5437 2623 5491 scientiam.

2274 5508 2352 5577 (7)
2382 5507 2462 5562 De
2488 5507 2562 5561 iis
2592 5506 2691 5578 qui
2723 5521 2936 5578 magna
2964 5504 3405 5578 aggrediuntur.

2272 5579 2347 5650 (8)
2377 5579 2457 5650 Eo
2487 5576 2641 5650 quod
2664 5576 3294 5650 Endymion,aSomno
3316 5576 3649 5648 adamatus,
3672 5576 3851 5632 etiam

2200 5647 2358 5706 nunc
2385 5649 2459 5706 ab
2488 5647 2589 5705 illo
2614 5647 2861 5705 detineri
2892 5648 3192 5704 dormiens
3222 5647 3471 5703 dicatur.
