4110 6408
246 373 344 433 457
1364 368 1990 431 PROVERBIORUM
2038 369 2491 431 COLLECTIU.
3513 380 3633 444 458

300 500 554 581 ’Βῖληφεν
604 504 641 572 ἡ
681 502 843 579 παγὶς
889 502 981 557 τὸν
1030 505 1153 576 μῦν.
1204 500 1325 556 Ἐπὶ
1368 504 1474 556 τῶν
1525 499 1689 571 ὀξέως
1742 497 1865 554 ἁλι·
1896 501 1923 568 Α

2055 501 2215 572 Cepit
2242 518 2456 557 murem
2512 502 2754 575 laqueus.
2808 502 2871 561 In
2930 520 3028 563 eos
3062 507 3163 580 qui
3213 510 3327 566 cito
3370 527 3633 586 compre-

244 591 521 666 αομὲνων.

1984 589 2151 645 hensi
2184 595 2342 646 sunt.

298 683 376 737 Ἐν
434 677 649 757 τριόδῳ
705 680 819 755 εἷμὶ
878 677 1186 755 λογισμῶν.
1247 679 1369 735 Ἐπὶ
1422 681 1530 733 τῶν
1589 675 1826 751 ἀπορούν
1857 710 1879 719 -

2053 680 2117 734 In
2140 680 2305 736 trivio
2334 679 2785 753 syllogismorum
2830 700 3033 742 versor.
3067 686 3149 743 De
3177 687 3251 744 iis
3299 689 3399 761 qui
3429 691 3489 748 in
3521 692 3633 749 du-

243 792 356 830 των.

1986 766 2082 824 bio
2113 772 2254 823 sunt
2277 768 2374 841 (l).

300 860 381 915 Ἐν
440 858 536 931 μὲν
596 863 678 930 τῷ
743 856 864 937 φάει
923 857 1192 919 σκοτεινὸς
1226 903 1240 930 ,
1291 855 1342 911 έν
1421 853 1479 910 δὲ
1544 858 1625 926 τῷ
1698 852 1875 910 σκότει

2054 858 2118 913 In
2147 858 2269 914 luce
2295 860 2629 930 tenebrosus,
2663 864 2724 918 in
2751 866 2905 920 nocte
2930 880 3058 922 vero
3084 867 3373 939 splendens
3403 868 3503 943 (2).

375 946 509 1009 ινός.

247 967 509 1026 φωτεινος.

302 1039 386 1092 Ἐν
415 1037 607 1115 φρέατι
628 1035 750 1090 κυσὶ
784 1033 1070 1112 μάχεσθαι.

2053 1040 2122 1093 1η
2138 1045 2296 1108 puteo
2315 1054 2442 1094 cum
2468 1040 2697 1096 canibus
2722 1057 2974 1113 pugnare
3003 1044 3098 1117 (3).

302 1122 726 1200 Ἐκδεδαρμένον
785 1119 980 1199 δέρεις,
1039 1124 1160 1178 Ἐπὶ
1216 1127 1324 1178 τῶν
1389 1125 1562 1197 μάτην
1622 1122 1822 1178 πονούν
1853 1156 1875 1163 -

2053 1128 2417 1183 Excoriatum
2442 1130 2709 1185 excorias.
2744 1133 2808 1186 In
2852 1147 2950 1187 eos
2981 1133 3083 1204 qui
3124 1150 3361 1206 operam
3391 1136 3625 1197 ludunt.

245 1234 356 1268 των·
409 1212 628 1289 βέλτιον
676 1209 735 1266 δὲ
781 1211 870 1267 ἐπὶ
914 1216 1023 1269 τῶν
1072 1211 1382 1268 κακούντων
1417 1210 1542 1273 τοὺς
1574 1211 1627 1266 έν
1661 1232 1868 1289 συμφο-

2003 1214 2193 1271 Vlelius
2222 1232 2356 1271 vero
2402 1217 2474 1272 de
2519 1217 2591 1274 iis
2638 1219 2739 1292 qui
2788 1220 3186 1278 calamitatem
3236 1225 3434 1296 lapsos
3475 1228 3626 1288 male

248 1308 349 1376 ραῖς
358 1344 370 1355 .

1960 1304 2222 1361 habent.

304 1397 522 1447 Ἔπειτα
569 1388 827 1446 πλουτῶν
877 1388 977 1445 οὐκ
1024 1386 1098 1453 ἔθ’
1127 1386 1314 1459 ἥδεται
1356 1391 1522 1467 φακῇ.
1558 1388 1671 1464 Πρὸ
1700 1392 1795 1443 τοῦ
1826 1386 1874 1443 δ’

2052 1398 2266 1461 Postea,
2289 1394 2510 1466 quando
2532 1394 2688 1450 dives
2732 1398 2861 1466 erit,
2895 1398 3042 1453 lente
3071 1402 3207 1473 jam
3250 1417 3364 1459 non
3403 1404 3624 1473 gaudet.

243 1481 334 1535 ὑπὸ
358 1486 458 1551 τῆς
487 1478 693 1555 παγίας
720 1480 875 1533 πάντ’
898 1475 1106 1547 ἤσθιεν.

1978 1484 2116 1538 Ante
2144 1484 2329 1561 omnia
2358 1481 2864 1541 indiscriminatim
2892 1486 3108 1543 edebat.

302 1571 382 1623 Ἐν
433 1568 575 1643 θέρει
623 1569 724 1638 τὴν
775 1567 1006 1643 χλαῖναν
1056 1561 1418 1642 κατατρίϐεις.
1473 1565 1591 1621 Ἐπὶ
1640 1570 1747 1621 τῶν
1793 1568 1868 1641 μὴ

2054 1573 2113 1626 In
2140 1576 2335 1628 aestate
2364 1571 2572 1628 laenam
2597 1571 2815 1638 deteris,
2848 1573 2913 1630 In
2945 1590 3044 1632 eos
3087 1577 3189 1649 qui
3219 1595 3333 1636 non
3363 1584 3627 1656 tempore

236 1664 341 1721 καθ’
367 1656 510 1734 ὥραν
528 1662 649 1720 τοῖς
679 1655 985 1732 ἀναγκαίοις
1012 1654 1338 1732 χρωμένων.

1012 1654 1338 1732 χρωμένων.
1980 1659 2322 1717 necessariis
2362 1664 2628 1718 utuntur.

300 1748 437 1802 Ἔνθ’
466 1743 593 1802 οὔτε
620 1744 780 1802 πλεῖν
822 1742 1043 1819 ἄνεμος,
1075 1741 1198 1801 ο³ύτε
1249 1744 1465 1820 μίμνειν
1599 1745 1733 1802 Ἐπὶ
1761 1749 1867 1800 τῶν

2055 1750 2249 1805 Ventus
2275 1765 2501 1806 manere
2529 1758 2625 1806 aut
2669 1759 2877 1807 solvere
2918 1752 3049 1810 hinc
3093 1772 3205 1812 non
3249 1759 3405 1816 sinit.
3439 1759 3520 1817 De
3548 1760 3620 1818 iis

237 1834 589 1913 δυσχρήστως
619 1834 1040 1909 περιπεσόντων.

1900 1872 1950 1937 Β
1980 1838 2172 1937 quiin
2188 1854 2296 1937 ‘res
2320 1838 2633 1937 impeditas
2662 1839 2993 1897 inciderunt
3020 1844 3118 1916 (4).
3376 1860 3380 1863 ·

301 1923 525 2003 Ἐλέφας
561 1925 698 1997 μυὸς
730 1924 831 1979 οὐκ
859 1921 1113 1999 ἀλεγίζει.
1900 1921 1924 1937 ³

1900 1921 1950 1937 ¹’
2047 1928 2282 1999 Elephas
2306 1927 2372 1983 de
2399 1943 2556 1983 mure
2582 1945 2699 1984 non
2720 1938 2879 1985 curat
2906 1930 3004 2003 (5).

300 2014 481 2077 Ἐκτὸς
507 2011 694 2085 πηλοῦ
723 2010 865 2067 πόδα
914 2010 1081 2087 ἔχεις.
1138 2012 1259 2067 Ἐπὶ
1311 2015 1419 2067 τῶν
1470 2009 1572 2084 ἔξω
1600 2008 1866 2067 κινδύνων

2048 2018 2225 2072 Extra
2254 2017 2439 2073 lutum
2465 2016 2629 2090 pedes
2673 2019 2855 2076 habes.
2890 2020 2971 2077 De
3017 2022 3089 2078 iis
3119 2023 3220 2095 qui
3277 2029 3440 2083 extra
3467 2028 3620 2100 peri-

234 2097 393 2157 ὄντων
404 2144 415 2155 .

1978 2104 2176 2162 culum
2209 2110 2348 2163 sunt
2377 2108 2700 2163 constituti.

297 2197 386 2246 Ἐκ
432 2192 629 2267 τριχὸς
687 2188 950 2265 κρέμαται
986 2233 1000 2247 .
1058 2188 1175 2244 Ἐπὶ
1230 2193 1338 2244 τῶν
1394 2187 1814 2246 κινδυνευόντων
1852 2235 1865 2249 .

2048 2200 2135 2252 Ex
2158 2195 2275 2267 pilo
2299 2195 2512 2266 pendet.
2548 2200 2626 2250 De
2668 2196 2740 2252 iis
2771 2198 2872 2269 qui
2922 2198 3346 2270 periclitantur.
3378 2204 3620 2278 Simile;

228 2284 447 2354 Ὅμοιον
472 2284 574 2353 τῷ,
607 2281 729 2334 Ἐπὶ
758 2279 938 2355 ξυροῦ.

1976 2286 2039 2340 In
2065 2286 2184 2340 acie
2214 2284 2298 2341 vel
2325 2284 2546 2356 cuspide
2574 2287 2852 2343 novacula
2881 2289 3143 2344 constitit.

295 2369 527 2446 Εὖγενὴς
603 2367 663 2423 ἐκ
721 2365 1008 2443 βαλαντίου
1042 2412 1055 2425 .
1118 2367 1237 2423 Ἐπὶ
1294 2371 1401 2423 τῶν
1479 2365 1568 2424 διὰ
1624 2367 1867 2425 πλούτου

2047 2373 2256 2429 Nobilis
2286 2389 2357 2429 ex
2382 2375 2693 2445 marsupio.
2726 2375 2791 2431 In
2843 2391 2943 2432 eos
2989 2378 3089 2449 qui
3120 2384 3361 2453 propter
3389 2381 3622 2441 divitias

225 2458 564 2531 τιμωμένων.

1977 2462 2177 2535 magni
2209 2462 2376 2518 ﬁunt.

293 2549 490 2623 Ἔγχος
546 2545 636 2601 ἐπὶ
690 2549 771 2617 τῷ
826 2543 1001 2621 ἔγχει.
1062 2548 1231 2622 Γραῦν
1282 2566 1408 2623 φασι
1464 2549 1625 2600 τοῦτο
1674 2547 1865 2617 εἰπεῖν,

2047 2553 2206 2609 Ensis
2233 2553 2369 2608 ensi.
2417 2551 2687 2608 Vetulam
2733 2555 3052 2624 quamdam
3103 2556 3406 2615 mulierem
3452 2561 3621 2619 aiunt

225 2634 454 2709 καπήλῳ
482 2633 910 2711 ένεχυροὶζουσαν
937 2631 1126 2709 ἔγχος.

1997 2658 2087 2698 ιοο
2124 2642 2342 2697 dixisse
2387 2657 2514 2712 quae
2563 2641 2814 2713 cauponi
2858 2658 3060 2699 ensem
3109 2646 3620 2719 oppignoraverat.

295 2724 601 2799 Ἐλεύθεραι
678 2723 829 2798 αἶγες
908 2722 1139 2799 ἀρότρου
1174 2764 1186 2777 .
1265 2723 1385 2777 Ἐπὶ
1475 2728 1581 2777 τῶν
1665 2725 1865 2798 βάρους

2048 2731 2261 2788 Liberae
2288 2739 2417 2786 sunt
2446 2744 2629 2802 caprae
2656 2731 2724 2785 ab
2752 2740 2960 2788 aratro.
2996 2733 3073 2789 De
3102 2734 3175 2790 iis
3207 2736 3308 2807 qui
3339 2736 3411 2793 ab
3443 2755 3620 2796 onore

227 2813 678 2890 ἀπηλλαγμένων.
840 2851 847 2857 τ

1977 2818 2254 2891 quopiam
2286 2823 2426 2874 sunt
2454 2817 2700 2874 liberati.

292 2903 386 2966 Εἲς
436 2900 646 2957 κόλπον
688 2900 895 2964 πτύεις.
947 2899 1091 2957 Ἀντὶ
1136 2904 1256 2971 τοῦ,
1307 2899 1379 2955 Ού
1429 2899 1864 2979 μεγαλορῥημο-

2047 2912 2117 2964 In
2143 2910 2328 2964 sinum
2371 2907 2611 2979 despuis.
2670 2907 2845 2971 Quasi
2875 2907 3051 2979 dicat,
3110 2909 3323 2983 Magna
3376 2930 3493 2971 non
3531 2914 3615 2972 lo-

226 2997 350 3054 νιῖς.

1977 2996 2197 3071 queris.

292 3087 376 3137 Ἐν
407 3084 548 3155 πίθῳ
575 3082 677 3150 τὴν
725 3078 1035 3156 κεραμείαν.
1065 3079 1187 3134 Ἐπὶ
1229 3082 1334 3134 τῶν
1378 3081 1453 3153 μὴ
1501 3081 1638 3135 κατά
1661 3079 1865 3157 τρόπον

2046 3086 2088 3142 Α
2119 3085 2265 3142 dolio
2291 3085 2584 3157 ﬁgulinam
2625 3086 2952 3158 auspicaris.
2980 3085 3060 3143 De
3115 3087 3193 3144 iis
3222 3088 3321 3159 qui
3376 3090 3435 3147 in
3486 3093 3617 3147 stu-

223 3176 338 3233 τοῖς
370 3172 648 3245 μαθήμασι
676 3163 1102 3245 προϐαινόντων.

1905 3240 1935 3245 _
1974 3174 2089 3231 diis
2118 3175 2359 3231 modum
2392 3191 2504 3230 non
2541 3174 2871 3231 observant.

425 3240 599 3315 σκότει
652 3240 957 3335 ὀρχεῖσθαι.
1004 3257 1125 3312 Ἐπὶ
1179 3261 1287 3313 τῶν
1348 3257 1673 3335 ἀμαρτύρως
1737 3279 1808 3332 μο
1838 3240 1918 3307 -ί

2089 3265 2371 3320 itenebris
2408 3263 2735 3335 tripudiare.
2782 3263 2864 3320 De
2912 3264 2984 3321 iis
3014 3265 3116 3336 qui
3163 3267 3292 3323 sine
3339 3271 3488 3325 teste
3527 3267 3619 3326 la-
3704 3342 3712 3356 γ

223 3349 515 3423 χθούντων.

1974 3354 2207 3410 borant.

285 3616 430 3678 Ζωὸς
454 3618 660 3692 γενήσῃ
705 3613 997 3690 κρομμύου
1044 3618 1238 3690 μοῖραν
1274 3608 1478 3670 λαϐών.
1513 3613 1635 3668 Ἐπὶ
1664 3616 1771 3669 τῶν
1804 3611 1864 3667 ἐκ

2041 3619 2381 3685 Eris,salvus
2437 3632 2586 3691 caepe
2628 3618 2902 3675 duntaxat
2954 3627 3202 3693 sumpta.
3249 3622 3313 3676 In
3373 3637 3472 3679 eos
3510 3621 3614 3694 qui

221 3711 414 3782 μικρᾶς
443 3705 615 3767 αἰτίας
649 3702 890 3780 μεγάλην
923 3700 1076 3776 δόξαν
1104 3701 1519 3780 καρπουμένων.

1987 3726 2039 3767 ιι
2086 3725 2263 3782 parva
2309 3724 2485 3763 causa
2532 3723 2816 3780 magnum
2870 3706 3064 3781 gloria
3112 3706 3370 3765 fructum
3425 3711 3610 3782 perci-

1968 3799 2156 3872 piunt.

286 3887 469 3957 Ζῶμεν
502 3881 610 3958 οὐχ
640 3880 717 3943 ὡς
749 3879 1001 3954 θέλομεν,
1034 3877 1160 3936 ἀλλ’
1188 3880 1265 3943 ὡς
1292 3877 1581 3954 δυνάμεθα.

2046 3888 2283 3945 Vivimus
2308 3901 2424 3942 non
2452 3894 2516 3942 ut
2542 3885 2813 3957 volumus,
2841 3884 2935 3941 sed
2957 3890 3021 3941 ut
3046 3902 3351 3958 possumus.

288 3976 472 4041 Ζητῶν
525 3971 628 4047 γὰρ
684 3965 821 4044 ὄψον
877 3969 1158 4043 θοιμάτιον
1221 3966 1477 4025 ἀπώλεσα
1501 4014 1515 4028 .
1575 3971 1695 4026 Ἐπὶ
1752 3975 1860 4027 τῶν

2046 3975 2344 4033 Obsonium
2371 3989 2644 4048 quaerens,
2684 3975 2930 4031 tunicam
2957 3977 3142 4034 amisi.
3186 3975 3268 4033 De
3298 3977 3620 4035 infortuna-

218 4059 592 4136 ἆτυχεστάτων
602 4102 617 4117 .

1972 4064 2241 4122 tissimis.

290 4327 462 4390 Ἥλος
536 4328 629 4383 τὸν
686 4324 824 4397 ἧλον
859 4371 873 4398 ,
930 4326 1021 4381 καὶ
1093 4326 1368 4389 πάτταλος
1440 4328 1531 4383 τὸν
1592 4328 1866 4386 πάτταλον

2048 4332 2253 4391 Clavus
2280 4332 2518 4403 clavum,
2575 4339 2628 4389 et
2674 4333 2837 4404 palus
2884 4334 3080 4405 palum
3130 4335 3414 4391 excusscit.
3449 4339 3528 4392 De
3549 4335 3624 4392 iis

224 4416 531 4494 ἐξέκρουεν.
587 4415 712 4472 Ἐπὶ
785 4416 1035 4490 ἰωμένων
1092 4412 1162 4470 δι’
1219 4416 1626 4494 ἁμαρτημάτων
1691 4419 1847 4496 ἁμαρ

1318 4416 1626 4494 ιρτημάτων
1691 4419 1867 4496 ἁμαρ·
1979 4421 2080 4494 qui
2111 4423 2413 4494 peccatum
2446 4424 2681 4492 peccato
2712 4423 2941 4478 sanant.

224 4508 290 4564 τό
301 4527 458 4564 ματα.

278 4527 285 4540 .
404 4527 458 4564 α,

278 4528 552 4649 ιξέἰατκύων
605 4592 657 4647 ἐν
713 4596 781 4667 τῇ
836 4590 1023 4671 φάτνῃ,
1084 4592 1235 4669 [πρὸς
1292 4592 1420 4656 τοὺς
1473 4596 1612 4668 μήτε
1658 4595 1901 4673 ἑαυτοῖςη

2051 4600 2214 4656 Canis
2246 4600 2307 4655 in
2335 4600 2589 4671 praesepi.
2628 4599 2689 4653 In
2720 4614 2818 4655 eos
2850 4598 2949 4670 qui
2996 4599 3166 4656 bonis
3204 4600 3330 4657 suis
3373 4617 3479 4657 nec
3510 4601 3626 4673 ipsi

232 4685 567 4757 χρωμένους,
632 4684 772 4755 μήτε
816 4680 1019 4744 ἄλλους
1066 4681 1284 4745 ἐῶντας.
1340 4683 1590 4760 Ῑιαρόσον
1644 4686 1679 4754 ἡ
1728 4683 1855 4739 κύωη

2004 4692 2247 4759 ituntur,
2276 4704 2382 4743 nec
2410 4685 2541 4743 aliis
2589 4687 2675 4741 uti
2735 4687 3100 4759 permittunt.
3157 4689 3234 4745 Eo
3277 4690 3433 4761 quod
3464 4689 3627 4746 canis

231 4772 415 4846 κριθὴν
465 4771 567 4826 ούκ
614 4768 675 4841 ἐᾷ
707 4770 966 4843 μένουσαν
999 4768 1050 4824 ἐν
1081 4770 1249 4848 φάτνῃ
1273 4789 1285 4802 ⁸
1316 4771 1406 4827 καὶ
1434 4773 1527 4827 τὸν
1571 4770 1741 4828 ’ίππον
1774 4773 1854 4829 οὐ)

2006 4795 2042 4832 n
2074 4777 2315 4850 praesepi
2348 4792 2453 4831 nec
2499 4776 2626 4847 ipse
2664 4791 2906 4832 avenam
2961 4777 3264 4834 comedere
3304 4778 3628 4851 praesumit,

235 4856 310 4929 ἐᾷ.
1983 4882 2172 4937 neque
2201 4881 2351 4937 equo
2381 4864 2770 4920 devorandum
2802 4865 3081 4921 concedit.

299 4948 458 5004 Ἦσάν
484 4949 610 5004 ποτ’
639 4947 777 5017 ἦσαν
808 4943 1036 5020 ἄλκιμοι
1068 4947 1354 5020 Μιλήσιοι.

2057 4956 2228 5009 Fuere
2256 4952 2534 5024 quondam
2561 4953 2777 5007 strenui
2803 4953 3003 5009 Milesii
3032 4953 3131 5026 (6).

300 5037 687 5114 Ἦλιθιώτερος
796 5033 1092 5100 Ἀδώνιδος
1203 5042 1302 5093 τοῦ
1417 5037 1781 5115 Πραξιτέλους
1859 5080 1872 5094 .

2055 5041 2344 5114 Stupidior
2385 5040 2627 5098 Adonide
2669 5042 2980 5099 Praxiteles
3027 5044 3165 5115 ﬁlio.
3214 5044 3435 5103 Adonis
3473 5045 3631 5103 enim

234 5123 454 5190 ’Δδωνις
512 5126 615 5203 γάρ
663 5147 748 5188 τις
803 5124 1171 5201 Πραξιτέλους
1228 5126 1344 5189 υἱὸς
1403 5127 1682 5183 ἀποθανὼν
1714 5174 1728 5201 ,
1782 5148 1854 5205 ,κα

2009 5132 2228 5204 [uidam
2261 5128 2528 5186 Praxiteli
2576 5128 2764 5184 ﬁlium
2804 5130 2932 5201 jam
2981 5135 3271 5204 mortuus,
3313 5134 3632 5207 interroga-

236 5211 518 5290 ἐρωτηθεὶς
549 5215 686 5290 πρὸς
714 5218 823 5270 τῶν
874 5214 926 5269 ἐν
967 5209 1120 5287 ᾅδου,
1171 5214 1225 5270 τί
1270 5213 1567 5271 κάλλιπον
1613 5213 1723 5271 ἄνω
1748 5237 1859 5272 κατ·

2016 5237 2086 5277 us
2118 5221 2191 5276 ab
2224 5219 2357 5275 Orci
2395 5217 2843 5291 habitatoribus,
2893 5220 3034 5292 quid
3081 5220 3539 5294 pulcherrimum
3575 5224 3636 5281 in

245 5449 257 5460 ι
305 5378 379 5451 (l)
597 5377 698 5450 qui
742 5377 809 5460 in
866 5378 1034 5460 trivio
1083 5382 1172 5435 est
1218 5378 1601 5447 constitutus,
1650 5395 1764 5450 qua
1802 5379 1883 5435 ait
1990 5381 2378 5460 nelc‘p‘qssunt
2402 5375 2662 5460 evadere:

206 5448 989 5532 ρὶοεξξθείἱεοάοωκίεηοι-ξι.
1190 5525 1200 5532 _
1300 5525 1310 5532 _
1416 5521 1433 5532 _
1669 5448 1694 5532 ξ
2053 5448 2593 5532 (ί)ςξῇἱιοοὶοι.,ερ.
2627 5448 2986 5532 ιλΕεοὴχζυιῑι.

303 5464 709 5584 Fremenaum,
739 5464 989 5532 ignorat.
2053 5464 2128 5521 (4)
2162 5464 2593 5532 rnuoctet._ap.
2627 5464 2986 5532 mscnyium.

303 5522 378 5604 '2)
408 5520 473 5577 In
503 5537 604 5577 eos
628 5520 731 5592 qui
779 5521 1018 5577 inutiles
1069 5525 1209 5578 sunt
1261 5525 1319 5577 et
1365 5521 1437 5577 ad
1486 5537 1579 5577 res
1626 5521 1698 5576 ad
1733 5537 1882 5593 quas
2070 5522 2146 5660 (5)
2178 5520 2256 5575 De
2288 5536 2361 5602 ηε
2390 5534 2491 5591 qui
2517 5535 2697 5603 parva
2724 5522 3014 5594 exuliaque
3044 5524 3344 5608 despectui
3396 5526 3638 5609 habent.

303 5608 474 5648 [nime
504 5591 845 5660 oportebat;
877 5592 1222 5660 metaphora
1250 5593 1426 5649 ducta
1455 5609 1489 5648 a
1520 5596 1755 5649 noctua.
2063 5592 2119 5660 (6
2189 5591 2266 5647 De
2324 5608 2395 5646 ns
2451 5606 2552 5660 qui
2611 5590 2925 5660 aliquando
2987 5595 3365 5655 facultatibus
3419 5603 3638 5660 praesti-

239 5592 474 5675 minige
504 5590 845 5675 oportebat;
877 5592 1222 5675 metaphora
1250 5593 1489 5675 ducta_a
1520 5590 1769 5649 noctua.—
1839 5668 1848 5675 ι
1999 5669 2008 5675 _
2063 5590 2141 5661 (6)
2175 5591 2266 5675 _De
2324 5591 2395 5646 iis
2451 5592 2552 5663 qui
2611 5590 2936 5665 aliquando
2987 5590 3365 5655 facultatibus
3419 5597 3643 5671 praesti-

306 5665 385 5738 (3)
415 5664 497 5721 De
523 5663 599 5719 iis
637 5663 738 5735 qui
782 5679 916 5720 cum
945 5663 1213 5737 improbo
1261 5664 1541 5738 quopiam
1590 5668 1882 5738 pugnant,
1994 5668 2212 5722 terunt.

519 5790 784 5855 ΡΑτεοι..
829 5789 941 5855 Gn.
985 5789 1211 5854 CXLII.

3288 5798 3363 5861 15
