  <div class='ocr_page' id='page_1' title='image "/cluster/home/n/w/nwhite01/storage/ocr_20150623/142/mdp.39015078384792/237.png"; bbox 0 0 4110 6416; ppageno 0'>
   <div class='ocr_carea' id='block_1_1' title="bbox 472 438 590 498">
    <p class='ocr_par' dir='ltr' id='par_1_1' title="bbox 472 438 590 498">
     <span class='ocr_line' id='line_1_1' title="bbox 472 438 590 498; baseline -0.034 0"><span class='ocrx_word' id='word_1_1' title='bbox 472 438 590 498; x_wconf 73' lang='grc'><strong>459</strong></span> 
     </span>
    </p>
   </div>
   <div class='ocr_carea' id='block_1_2' title="bbox 1495 418 2868 485">
    <p class='ocr_par' dir='ltr' id='par_1_2' title="bbox 1495 418 2868 485">
     <span class='ocr_line' id='line_1_2' title="bbox 1495 418 2868 485; baseline -0.007 0"><span class='ocrx_word' id='word_1_2' title='bbox 1495 422 1813 485; x_wconf 80' lang='lat' dir='ltr'><strong>GEORGII</strong></span> <span class='ocrx_word' id='word_1_3' title='bbox 1858 421 2120 482; x_wconf 77' lang='lat' dir='ltr'><strong>CYPHll</strong></span> <span class='ocrx_word' id='word_1_4' title='bbox 2165 419 2282 478; x_wconf 84' lang='lat' dir='ltr'><strong>GP.</strong></span> <span class='ocrx_word' id='word_1_5' title='bbox 2332 418 2868 479; x_wconf 68' lang='lat' dir='ltr'><strong>PATRIARCHE</strong></span> 
     </span>
    </p>
   </div>
   <div class='ocr_carea' id='block_1_3' title="bbox 3757 413 3868 474">
    <p class='ocr_par' dir='ltr' id='par_1_3' title="bbox 3757 413 3868 474">
     <span class='ocr_line' id='line_1_3' title="bbox 3757 413 3868 474; baseline 0.027 -3"><span class='ocrx_word' id='word_1_6' title='bbox 3757 413 3868 474; x_wconf 74' lang='lat'><strong>460</strong></span> 
     </span>
    </p>
   </div>
   <div class='ocr_carea' id='block_1_4' title="bbox 474 539 2132 636">
    <p class='ocr_par' dir='ltr' id='par_1_4' title="bbox 474 552 2112 636">
     <span class='ocr_line' id='line_1_4' title="bbox 474 552 2112 636; baseline -0.012 -13"><span class='ocrx_word' id='word_1_7' title='bbox 474 570 632 623; x_wconf 85' lang='lat' dir='ltr'><strong>terra</strong></span> <span class='ocrx_word' id='word_1_8' title='bbox 661 561 1014 636; x_wconf 78' lang='lat' dir='ltr'><strong>reliquisset,</strong></span> <span class='ocrx_word' id='word_1_9' title='bbox 1059 555 1380 629; x_wconf 76' lang='lat' dir='ltr'><strong>respondit,</strong></span> <span class='ocrx_word' id='word_1_10' title='bbox 1423 553 1636 624; x_wconf 88' lang='lat' dir='ltr'><strong>Solem,</strong></span> <span class='ocrx_word' id='word_1_11' title='bbox 1688 553 1910 620; x_wconf 89' lang='lat' dir='ltr'><strong>lunam,</strong></span> <span class='ocrx_word' id='word_1_12' title='bbox 1946 552 2112 606; x_wconf 75' lang='lat' dir='ltr'><strong>ficus.</strong></span> 
     </span>
    </p>
   </div>
   <div class='ocr_carea' id='block_1_5' title="bbox 2270 539 3866 636">
    <p class='ocr_par' dir='ltr' id='par_1_5' title="bbox 2270 539 3866 622">
     <span class='ocr_line' id='line_1_5' title="bbox 2270 539 3866 622; baseline -0.002 -21"><span class='ocrx_word' id='word_1_13' title='bbox 2270 549 2432 616; x_wconf 71' lang='grc' dir='ltr'>λιπεν,</span> <span class='ocrx_word' id='word_1_14' title='bbox 2494 546 2813 622; x_wconf 82' lang='grc' dir='ltr'>ἀπεκρίνατο</span> <span class='ocrx_word' id='word_1_15' title='bbox 2870 542 3083 613; x_wconf 82' lang='grc' dir='ltr'>’Ἡλιον,</span> <span class='ocrx_word' id='word_1_16' title='bbox 3144 539 3381 612; x_wconf 68' lang='grc' dir='ltr'>σελήνην</span> <span class='ocrx_word' id='word_1_17' title='bbox 3418 583 3432 609; x_wconf 89' lang='grc'><em>,</em></span> <span class='ocrx_word' id='word_1_18' title='bbox 3493 545 3647 612; x_wconf 67' lang='grc' dir='ltr'>σῦκα,</span> <span class='ocrx_word' id='word_1_19' title='bbox 3705 539 3866 613; x_wconf 75' lang='grc' dir='ltr'>μῆλα.</span> 
     </span>
    </p>
   </div>
   <div class='ocr_carea' id='block_1_6' title="bbox 484 637 2122 729">
    <p class='ocr_par' dir='ltr' id='par_1_6' title="bbox 484 637 2122 729">
     <span class='ocr_line' id='line_1_6' title="bbox 484 637 2122 729; baseline -0.012 -18"><span class='ocrx_word' id='word_1_20' title='bbox 484 670 679 729; x_wconf 88' lang='lat' dir='ltr'><strong>poma.</strong></span> <span class='ocrx_word' id='word_1_21' title='bbox 711 651 856 707; x_wconf 83' lang='lat' dir='ltr'><strong>Hinc</strong></span> <span class='ocrx_word' id='word_1_22' title='bbox 888 648 1161 721; x_wconf 86' lang='lat' dir='ltr'><strong>stupidus</strong></span> <span class='ocrx_word' id='word_1_23' title='bbox 1207 645 1464 714; x_wconf 87' lang='lat' dir='ltr'><strong>habitus,</strong></span> <span class='ocrx_word' id='word_1_24' title='bbox 1489 643 1641 715; x_wconf 94' lang='lat' dir='ltr'><strong>quod</strong></span> <span class='ocrx_word' id='word_1_25' title='bbox 1691 642 1800 698; x_wconf 77' lang='lat' dir='ltr'><strong>ista</strong></span> <span class='ocrx_word' id='word_1_26' title='bbox 1836 656 1971 697; x_wconf 90' lang='lat' dir='ltr'><strong>eum</strong></span> <span class='ocrx_word' id='word_1_27' title='bbox 2002 637 2122 694; x_wconf 93' lang='lat' dir='ltr'><strong>sole</strong></span> 
     </span>
    </p>
   </div>
   <div class='ocr_carea' id='block_1_7' title="bbox 479 743 840 813">
    <p class='ocr_par' dir='ltr' id='par_1_7' title="bbox 479 743 840 813">
     <span class='ocr_line' id='line_1_7' title="bbox 479 743 840 813; baseline -0.014 -14"><span class='ocrx_word' id='word_1_28' title='bbox 479 757 742 813; x_wconf 65' lang='lat' dir='ltr'><strong>comquas</strong></span> <span class='ocrx_word' id='word_1_29' title='bbox 752 743 840 796; x_wconf 87' lang='lat' dir='ltr'><strong>set</strong></span> 
     </span>
    </p>
   </div>
   <div class='ocr_carea' id='block_1_8' title="bbox 548 817 2125 896">
    <p class='ocr_par' dir='ltr' id='par_1_8' title="bbox 548 817 2125 896">
     <span class='ocr_line' id='line_1_8' title="bbox 548 817 2125 896; baseline -0.01 -9"><span class='ocrx_word' id='word_1_30' title='bbox 548 829 796 887; x_wconf 83' lang='lat' dir='ltr'><strong>Herculis</strong></span> <span class='ocrx_word' id='word_1_31' title='bbox 825 827 1180 896; x_wconf 84' lang='lat' dir='ltr'><strong>sacriﬁcium.</strong></span> <span class='ocrx_word' id='word_1_32' title='bbox 1216 829 1294 879; x_wconf 94' lang='lat' dir='ltr'><strong>De</strong></span> <span class='ocrx_word' id='word_1_33' title='bbox 1332 823 1406 878; x_wconf 91' lang='lat' dir='ltr'><strong>iis</strong></span> <span class='ocrx_word' id='word_1_34' title='bbox 1438 821 1534 893; x_wconf 86' lang='lat' dir='ltr'><strong>qui</strong></span> <span class='ocrx_word' id='word_1_35' title='bbox 1570 822 1788 876; x_wconf 82' lang='lat' dir='ltr'><strong>frustra</strong></span> <span class='ocrx_word' id='word_1_36' title='bbox 1837 817 2125 875; x_wconf 78' lang='lat' dir='ltr'><strong>sacriﬁcia</strong></span> 
     </span>
    </p>
   </div>
   <div class='ocr_carea' id='block_1_9' title="bbox 481 920 2127 1080">
    <p class='ocr_par' dir='ltr' id='par_1_9' title="bbox 481 920 2127 1080">
     <span class='ocr_line' id='line_1_9' title="bbox 481 920 2127 1080; baseline -0.01 -16"><span class='ocrx_word' id='word_1_37' title='bbox 481 920 749 1080; x_wconf 43' lang='lat'><strong>0113;23:-</strong></span> <span class='ocrx_word' id='word_1_38' title='bbox 770 1008 973 1077; x_wconf 80' lang='lat' dir='ltr'><strong>igncm.</strong></span> <span class='ocrx_word' id='word_1_39' title='bbox 1007 1005 1085 1060; x_wconf 90' lang='lat' dir='ltr'><strong>De</strong></span> <span class='ocrx_word' id='word_1_40' title='bbox 1144 1003 1318 1058; x_wconf 86' lang='lat' dir='ltr'><strong>rebus</strong></span> <span class='ocrx_word' id='word_1_41' title='bbox 1368 1017 1494 1073; x_wconf 67' lang='lat' dir='ltr'><strong>quas</strong></span> <span class='ocrx_word' id='word_1_42' title='bbox 1551 1001 1664 1055; x_wconf 90' lang='lat' dir='ltr'><strong>cito</strong></span> <span class='ocrx_word' id='word_1_43' title='bbox 1721 997 2031 1070; x_wconf 83' lang='lat' dir='ltr'><strong>perﬁciunt</strong></span> <span class='ocrx_word' id='word_1_44' title='bbox 2069 999 2127 1048; x_wconf 91' lang='lat' dir='ltr'><strong>et</strong></span> 
     </span>
    </p>
   </div>
   <div class='ocr_carea' id='block_1_10' title="bbox 481 1086 1872 1164">
    <p class='ocr_par' dir='ltr' id='par_1_10' title="bbox 481 1086 1872 1164">
     <span class='ocr_line' id='line_1_10' title="bbox 481 1086 1872 1164; baseline -0.009 -10"><span class='ocrx_word' id='word_1_45' title='bbox 481 1099 912 1154; x_wconf 88' lang='lat' dir='ltr'><strong>consumuntur</strong></span> <span class='ocrx_word' id='word_1_46' title='bbox 942 1110 1008 1150; x_wconf 92' lang='lat' dir='ltr'><strong>eo</strong></span> <span class='ocrx_word' id='word_1_47' title='bbox 1039 1093 1193 1164; x_wconf 90' lang='lat' dir='ltr'><strong>quod</strong></span> <span class='ocrx_word' id='word_1_48' title='bbox 1219 1090 1409 1163; x_wconf 77' lang='lat' dir='ltr'><strong>apbya</strong></span> <span class='ocrx_word' id='word_1_49' title='bbox 1439 1091 1551 1145; x_wconf 83' lang='lat' dir='ltr'><strong>cito</strong></span> <span class='ocrx_word' id='word_1_50' title='bbox 1583 1086 1872 1160; x_wconf 82' lang='lat' dir='ltr'><strong>coquitur.</strong></span> 
     </span>
    </p>
   </div>
   <div class='ocr_carea' id='block_1_11' title="bbox 552 1267 2126 1348">
    <p class='ocr_par' dir='ltr' id='par_1_11' title="bbox 552 1267 2126 1348">
     <span class='ocr_line' id='line_1_11' title="bbox 552 1267 2126 1348; baseline -0.01 -14"><span class='ocrx_word' id='word_1_51' title='bbox 552 1277 645 1334; x_wconf 89' lang='lat' dir='ltr'><strong>Ira</strong></span> <span class='ocrx_word' id='word_1_52' title='bbox 710 1277 978 1348; x_wconf 76' lang='lat' dir='ltr'><strong>postremo</strong></span> <span class='ocrx_word' id='word_1_53' title='bbox 1034 1273 1279 1328; x_wconf 75' lang='lat' dir='ltr'><strong>senescit.</strong></span> <span class='ocrx_word' id='word_1_54' title='bbox 1341 1269 1426 1324; x_wconf 90' lang='lat' dir='ltr'><strong>0b</strong></span> <span class='ocrx_word' id='word_1_55' title='bbox 1486 1285 1650 1324; x_wconf 88' lang='lat' dir='ltr'><strong>senes</strong></span> <span class='ocrx_word' id='word_1_56' title='bbox 1709 1267 1958 1323; x_wconf 90' lang='lat' dir='ltr'><strong>dicitur:</strong></span> <span class='ocrx_word' id='word_1_57' title='bbox 2013 1282 2126 1337; x_wconf 93' lang='lat' dir='ltr'><strong>quo</strong></span> 
     </span>
    </p>
   </div>
   <div class='ocr_carea' id='block_1_12' title="bbox 483 1355 2128 1436">
    <p class='ocr_par' dir='ltr' id='par_1_12' title="bbox 483 1355 2128 1436">
     <span class='ocr_line' id='line_1_12' title="bbox 483 1355 2128 1436; baseline -0.009 -13"><span class='ocrx_word' id='word_1_58' title='bbox 483 1365 641 1423; x_wconf 90' lang='lat' dir='ltr'><strong>enim</strong></span> <span class='ocrx_word' id='word_1_59' title='bbox 698 1364 885 1436; x_wconf 86' lang='lat' dir='ltr'><strong>magis</strong></span> <span class='ocrx_word' id='word_1_60' title='bbox 936 1366 1103 1417; x_wconf 66' lang='lat' dir='ltr'><strong>aetate</strong></span> <span class='ocrx_word' id='word_1_61' title='bbox 1135 1359 1553 1432; x_wconf 87' lang='lat' dir='ltr'><strong>provehuntur,</strong></span> <span class='ocrx_word' id='word_1_62' title='bbox 1607 1374 1672 1412; x_wconf 91' lang='lat' dir='ltr'><strong>eo</strong></span> <span class='ocrx_word' id='word_1_63' title='bbox 1731 1355 2128 1411; x_wconf 89' lang='lat' dir='ltr'><strong>iracundiores</strong></span> 
     </span>
    </p>
   </div>
   <div class='ocr_carea' id='block_1_13' title="bbox 485 1454 757 1512">
    <p class='ocr_par' dir='ltr' id='par_1_13' title="bbox 485 1454 757 1512">
     <span class='ocr_line' id='line_1_13' title="bbox 485 1454 757 1512; baseline -0.018 0"><span class='ocrx_word' id='word_1_64' title='bbox 485 1454 757 1512; x_wconf 81' lang='lat' dir='ltr'><strong>evadunt.</strong></span> 
     </span>
    </p>
   </div>
   <div class='ocr_carea' id='block_1_14' title="bbox 555 1533 2128 1614">
    <p class='ocr_par' dir='ltr' id='par_1_14' title="bbox 555 1533 2128 1614">
     <span class='ocr_line' id='line_1_14' title="bbox 555 1533 2128 1614; baseline -0.008 -15"><span class='ocrx_word' id='word_1_65' title='bbox 555 1541 727 1598; x_wconf 70' lang='lat' dir='ltr'><strong>Maris</strong></span> <span class='ocrx_word' id='word_1_66' title='bbox 757 1556 958 1614; x_wconf 85' lang='lat' dir='ltr'><strong>aquam</strong></span> <span class='ocrx_word' id='word_1_67' title='bbox 985 1555 1059 1594; x_wconf 74' lang='lat' dir='ltr'><strong>ea:</strong></span> <span class='ocrx_word' id='word_1_68' title='bbox 1104 1553 1357 1593; x_wconf 77' lang='lat' dir='ltr'><strong>caverna.</strong></span> <span class='ocrx_word' id='word_1_69' title='bbox 1405 1535 1485 1591; x_wconf 92' lang='lat' dir='ltr'><strong>De</strong></span> <span class='ocrx_word' id='word_1_70' title='bbox 1541 1536 1614 1589; x_wconf 91' lang='lat' dir='ltr'><strong>iis</strong></span> <span class='ocrx_word' id='word_1_71' title='bbox 1642 1535 1741 1606; x_wconf 86' lang='lat' dir='ltr'><strong>qui</strong></span> <span class='ocrx_word' id='word_1_72' title='bbox 1800 1533 1971 1588; x_wconf 86' lang='lat' dir='ltr'><strong>rebus</strong></span> <span class='ocrx_word' id='word_1_73' title='bbox 2004 1548 2128 1586; x_wconf 87' lang='lat' dir='ltr'><strong>ma-</strong></span> 
     </span>
    </p>
   </div>
   <div class='ocr_carea' id='block_1_15' title="bbox 487 1626 1878 1704">
    <p class='ocr_par' dir='ltr' id='par_1_15' title="bbox 487 1626 1878 1704">
     <span class='ocr_line' id='line_1_15' title="bbox 487 1626 1878 1704; baseline -0.012 -15"><span class='ocrx_word' id='word_1_74' title='bbox 487 1632 621 1704; x_wconf 90' lang='lat' dir='ltr'><strong>gnis</strong></span> <span class='ocrx_word' id='word_1_75' title='bbox 651 1630 891 1702; x_wconf 83' lang='lat' dir='ltr'><strong>exiguas</strong></span> <span class='ocrx_word' id='word_1_76' title='bbox 922 1633 979 1684; x_wconf 90' lang='lat' dir='ltr'><strong>et</strong></span> <span class='ocrx_word' id='word_1_77' title='bbox 1006 1628 1149 1682; x_wconf 87' lang='lat' dir='ltr'><strong>viles</strong></span> <span class='ocrx_word' id='word_1_78' title='bbox 1182 1626 1486 1681; x_wconf 83' lang='lat' dir='ltr'><strong>ambitiose</strong></span> <span class='ocrx_word' id='word_1_79' title='bbox 1517 1627 1878 1694; x_wconf 89' lang='lat' dir='ltr'><strong>comparant.</strong></span> 
     </span>
    </p>
   </div>
   <div class='ocr_carea' id='block_1_16' title="bbox 559 1710 2128 1786">
    <p class='ocr_par' dir='ltr' id='par_1_16' title="bbox 559 1710 2128 1786">
     <span class='ocr_line' id='line_1_16' title="bbox 559 1710 2128 1786; baseline -0.01 -9"><span class='ocrx_word' id='word_1_80' title='bbox 559 1719 761 1777; x_wconf 82' lang='lat' dir='ltr'><strong>Thasus</strong></span> <span class='ocrx_word' id='word_1_81' title='bbox 789 1719 1070 1775; x_wconf 84' lang='lat' dir='ltr'><strong>bonorum.</strong></span> <span class='ocrx_word' id='word_1_82' title='bbox 1122 1716 1202 1772; x_wconf 89' lang='lat' dir='ltr'><strong>De</strong></span> <span class='ocrx_word' id='word_1_83' title='bbox 1234 1715 1304 1771; x_wconf 90' lang='lat' dir='ltr'><strong>iis</strong></span> <span class='ocrx_word' id='word_1_84' title='bbox 1349 1715 1449 1786; x_wconf 91' lang='lat' dir='ltr'><strong>qui</strong></span> <span class='ocrx_word' id='word_1_85' title='bbox 1498 1731 1559 1769; x_wconf 92' lang='lat' dir='ltr'><strong>se</strong></span> <span class='ocrx_word' id='word_1_86' title='bbox 1608 1712 1941 1783; x_wconf 88' lang='lat' dir='ltr'><strong>quempiam</strong></span> <span class='ocrx_word' id='word_1_87' title='bbox 1984 1710 2128 1764; x_wconf 91' lang='lat' dir='ltr'><strong>divi-</strong></span> 
     </span>
    </p>
   </div>
   <div class='ocr_carea' id='block_1_17' title="bbox 488 1801 1870 1878">
    <p class='ocr_par' dir='ltr' id='par_1_17' title="bbox 488 1801 1870 1878">
     <span class='ocr_line' id='line_1_17' title="bbox 488 1801 1870 1878; baseline -0.009 -11"><span class='ocrx_word' id='word_1_88' title='bbox 488 1815 607 1868; x_wconf 88' lang='lat' dir='ltr'><strong>tem</strong></span> <span class='ocrx_word' id='word_1_89' title='bbox 635 1808 961 1864; x_wconf 85' lang='lat' dir='ltr'><strong>reddituros</strong></span> <span class='ocrx_word' id='word_1_90' title='bbox 985 1807 1333 1878; x_wconf 84' lang='lat' dir='ltr'><strong>promittunt</strong></span> <span class='ocrx_word' id='word_1_91' title='bbox 1361 1801 1870 1874; x_wconf 89' lang='lat' dir='ltr'><strong>splendidumque.</strong></span> 
     </span>
    </p>
   </div>
   <div class='ocr_carea' id='block_1_18' title="bbox 563 1997 1781 2072">
    <p class='ocr_par' dir='ltr' id='par_1_18' title="bbox 563 1997 1781 2072">
     <span class='ocr_line' id='line_1_18' title="bbox 563 1997 1781 2072; baseline -0.007 -12"><span class='ocrx_word' id='word_1_92' title='bbox 563 2006 735 2061; x_wconf 89' lang='lat' dir='ltr'><strong>Sacra</strong></span> <span class='ocrx_word' id='word_1_93' title='bbox 761 2008 1030 2072; x_wconf 83' lang='lat' dir='ltr'><strong>anchora,</strong></span> <span class='ocrx_word' id='word_1_94' title='bbox 1063 2001 1340 2072; x_wconf 89' lang='lat' dir='ltr'><strong>Magnum</strong></span> <span class='ocrx_word' id='word_1_95' title='bbox 1373 1997 1650 2055; x_wconf 84' lang='lat' dir='ltr'><strong>auxilium</strong></span> <span class='ocrx_word' id='word_1_96' title='bbox 1685 2000 1781 2069; x_wconf 90' lang='grc'>(1).</span> 
     </span>
    </p>
   </div>
   <div class='ocr_carea' id='block_1_19' title="bbox 561 2090 1286 2165">
    <p class='ocr_par' dir='ltr' id='par_1_19' title="bbox 561 2090 1286 2165">
     <span class='ocr_line' id='line_1_19' title="bbox 561 2090 1286 2165; baseline -0.011 -15"><span class='ocrx_word' id='word_1_97' title='bbox 561 2093 884 2165; x_wconf 70' lang='grc' dir='ltr'><strong>Λὲᾳιιαιίιαε</strong></span> <span class='ocrx_word' id='word_1_98' title='bbox 911 2090 1162 2147; x_wconf 77' lang='lat' dir='ltr'><strong>amicitia</strong></span> <span class='ocrx_word' id='word_1_99' title='bbox 1191 2090 1286 2159; x_wconf 88' lang='lat'><strong>(2).</strong></span> 
     </span>
    </p>
   </div>
   <div class='ocr_carea' id='block_1_20' title="bbox 561 2180 1449 2255">
    <p class='ocr_par' dir='ltr' id='par_1_20' title="bbox 561 2180 1449 2255">
     <span class='ocr_line' id='line_1_20' title="bbox 561 2180 1449 2255; baseline -0.007 -16"><span class='ocrx_word' id='word_1_100' title='bbox 561 2182 880 2255; x_wconf 59' lang='lat' dir='ltr'><strong>JEqualitas</strong></span> <span class='ocrx_word' id='word_1_101' title='bbox 913 2180 1114 2236; x_wconf 74' lang='lat' dir='ltr'><strong>bellum</strong></span> <span class='ocrx_word' id='word_1_102' title='bbox 1142 2195 1250 2236; x_wconf 84' lang='lat' dir='ltr'><strong>non</strong></span> <span class='ocrx_word' id='word_1_103' title='bbox 1277 2181 1449 2251; x_wconf 86' lang='lat' dir='ltr'><strong>parit.</strong></span> 
     </span>
    </p>
   </div>
   <div class='ocr_carea' id='block_1_21' title="bbox 568 2267 1136 2340">
    <p class='ocr_par' dir='ltr' id='par_1_21' title="bbox 568 2267 1136 2340">
     <span class='ocr_line' id='line_1_21' title="bbox 568 2267 1136 2340; baseline -0.007 -13"><span class='ocrx_word' id='word_1_104' title='bbox 568 2271 701 2327; x_wconf 81' lang='lat' dir='ltr'><strong>Ilias</strong></span> <span class='ocrx_word' id='word_1_105' title='bbox 726 2270 1010 2326; x_wconf 77' lang='lat' dir='ltr'><strong>malorum</strong></span> <span class='ocrx_word' id='word_1_106' title='bbox 1038 2267 1136 2340; x_wconf 91' lang='lat'><strong>(3).</strong></span> 
     </span>
    </p>
   </div>
   <div class='ocr_carea' id='block_1_22' title="bbox 565 2355 1986 2432">
    <p class='ocr_par' dir='ltr' id='par_1_22' title="bbox 565 2355 1986 2432">
     <span class='ocr_line' id='line_1_22' title="bbox 565 2355 1986 2432; baseline -0.004 -16"><span class='ocrx_word' id='word_1_107' title='bbox 565 2360 921 2432; x_wconf 77' lang='lat' dir='ltr'><strong>Hippolytum</strong></span> <span class='ocrx_word' id='word_1_108' title='bbox 945 2357 1221 2414; x_wconf 76' lang='lat' dir='ltr'><strong>imitabor.</strong></span> <span class='ocrx_word' id='word_1_109' title='bbox 1254 2357 1334 2413; x_wconf 93' lang='lat' dir='ltr'><strong>De</strong></span> <span class='ocrx_word' id='word_1_110' title='bbox 1363 2356 1435 2412; x_wconf 89' lang='lat' dir='ltr'><strong>iis</strong></span> <span class='ocrx_word' id='word_1_111' title='bbox 1461 2356 1558 2428; x_wconf 90' lang='lat' dir='ltr'><strong>qui</strong></span> <span class='ocrx_word' id='word_1_112' title='bbox 1580 2358 1738 2411; x_wconf 84' lang='lat' dir='ltr'><strong>caste</strong></span> <span class='ocrx_word' id='word_1_113' title='bbox 1768 2355 1986 2411; x_wconf 89' lang='lat' dir='ltr'><strong>vivunt.</strong></span> 
     </span>
    </p>
   </div>
   <div class='ocr_carea' id='block_1_23' title="bbox 562 2533 2133 2610">
    <p class='ocr_par' dir='ltr' id='par_1_23' title="bbox 562 2533 2133 2610">
     <span class='ocr_line' id='line_1_23' title="bbox 562 2533 2133 2610; baseline -0.004 -16"><span class='ocrx_word' id='word_1_114' title='bbox 562 2539 783 2610; x_wconf 79' lang='lat' dir='ltr'><strong>Equites</strong></span> <span class='ocrx_word' id='word_1_115' title='bbox 811 2538 873 2592; x_wconf 75' lang='lat' dir='ltr'><strong>in</strong></span> <span class='ocrx_word' id='word_1_116' title='bbox 908 2551 1164 2606; x_wconf 82' lang='lat' dir='ltr'><strong>campum</strong></span> <span class='ocrx_word' id='word_1_117' title='bbox 1204 2549 1480 2607; x_wconf 73' lang='lat' dir='ltr'><strong>provocas.</strong></span> <span class='ocrx_word' id='word_1_118' title='bbox 1530 2534 1646 2588; x_wconf 85' lang='lat' dir='ltr'><strong>Hoc</strong></span> <span class='ocrx_word' id='word_1_119' title='bbox 1697 2539 1787 2589; x_wconf 90' lang='lat' dir='ltr'><strong>est</strong></span> <span class='ocrx_word' id='word_1_120' title='bbox 1838 2533 2032 2588; x_wconf 78' lang='lat' dir='ltr'><strong>felices</strong></span> <span class='ocrx_word' id='word_1_121' title='bbox 2063 2535 2133 2588; x_wconf 88' lang='lat' dir='ltr'><strong>ad</strong></span> 
     </span>
    </p>
   </div>
   <div class='ocr_carea' id='block_1_24' title="bbox 495 2623 1510 2700">
    <p class='ocr_par' dir='ltr' id='par_1_24' title="bbox 495 2623 1510 2700">
     <span class='ocr_line' id='line_1_24' title="bbox 495 2623 1510 2700; baseline -0.004 -18"><span class='ocrx_word' id='word_1_122' title='bbox 495 2641 563 2683; x_wconf 82' lang='lat' dir='ltr'><strong>ea</strong></span> <span class='ocrx_word' id='word_1_123' title='bbox 591 2642 767 2700; x_wconf 84' lang='lat' dir='ltr'><strong>opera</strong></span> <span class='ocrx_word' id='word_1_124' title='bbox 795 2626 854 2682; x_wconf 91' lang='lat' dir='ltr'><strong>in</strong></span> <span class='ocrx_word' id='word_1_125' title='bbox 885 2625 1097 2698; x_wconf 90' lang='lat' dir='ltr'><strong>quibus</strong></span> <span class='ocrx_word' id='word_1_126' title='bbox 1128 2629 1268 2680; x_wconf 89' lang='lat' dir='ltr'><strong>sunt</strong></span> <span class='ocrx_word' id='word_1_127' title='bbox 1297 2623 1510 2680; x_wconf 80' lang='lat' dir='ltr'><strong>felices.</strong></span> 
     </span>
    </p>
   </div>
   <div class='ocr_carea' id='block_1_25' title="bbox 561 2801 1411 2873">
    <p class='ocr_par' dir='ltr' id='par_1_25' title="bbox 561 2801 1411 2873">
     <span class='ocr_line' id='line_1_25' title="bbox 561 2801 1411 2873; baseline -0.007 -11"><span class='ocrx_word' id='word_1_128' title='bbox 561 2804 696 2862; x_wconf 72' lang='lat' dir='ltr'><strong>Mali</strong></span> <span class='ocrx_word' id='word_1_129' title='bbox 719 2806 867 2861; x_wconf 87' lang='lat' dir='ltr'><strong>corvi</strong></span> <span class='ocrx_word' id='word_1_130' title='bbox 884 2804 1095 2859; x_wconf 81' lang='lat' dir='ltr'><strong>malum</strong></span> <span class='ocrx_word' id='word_1_131' title='bbox 1122 2819 1282 2859; x_wconf 86' lang='lat' dir='ltr'><strong>ovum</strong></span> <span class='ocrx_word' id='word_1_132' title='bbox 1311 2801 1411 2873; x_wconf 66' lang='lat'>(4).</span> 
     </span>
    </p>
   </div>
   <div class='ocr_carea' id='block_1_26' title="bbox 563 2890 2138 2964">
    <p class='ocr_par' dir='ltr' id='par_1_26' title="bbox 563 2890 2138 2964">
     <span class='ocr_line' id='line_1_26' title="bbox 563 2890 2138 2964; baseline -0.003 -14"><span class='ocrx_word' id='word_1_133' title='bbox 563 2895 785 2950; x_wconf 67' lang='lat' dir='ltr'><strong>Exorna</strong></span> <span class='ocrx_word' id='word_1_134' title='bbox 812 2901 1059 2964; x_wconf 80' lang='lat' dir='ltr'><strong>spartam</strong></span> <span class='ocrx_word' id='word_1_135' title='bbox 1097 2907 1263 2963; x_wconf 85' lang='lat' dir='ltr'><strong>quam</strong></span> <span class='ocrx_word' id='word_1_136' title='bbox 1304 2892 1528 2947; x_wconf 84' lang='lat' dir='ltr'><strong>sortitus</strong></span> <span class='ocrx_word' id='word_1_137' title='bbox 1574 2906 1649 2945; x_wconf 83' lang='lat' dir='ltr'><strong>cs.</strong></span> <span class='ocrx_word' id='word_1_138' title='bbox 1702 2890 1863 2954; x_wconf 87' lang='lat' dir='ltr'><strong>Quod</strong></span> <span class='ocrx_word' id='word_1_139' title='bbox 1911 2897 2138 2963; x_wconf 83' lang='lat' dir='ltr'><strong>oportet</strong></span> 
     </span>
    </p>
   </div>
   <div class='ocr_carea' id='block_1_27' title="bbox 491 2978 2137 3054">
    <p class='ocr_par' dir='ltr' id='par_1_27' title="bbox 491 2978 2137 3054">
     <span class='ocr_line' id='line_1_27' title="bbox 491 2978 2137 3054; baseline -0.004 -14"><span class='ocrx_word' id='word_1_140' title='bbox 491 2987 646 3040; x_wconf 91' lang='lat' dir='ltr'><strong>sorte</strong></span> <span class='ocrx_word' id='word_1_141' title='bbox 671 2997 796 3054; x_wconf 69' lang='lat' dir='ltr'><strong>quas</strong></span> <span class='ocrx_word' id='word_1_142' title='bbox 827 2980 1036 3052; x_wconf 83' lang='lat' dir='ltr'><strong>obtigit</strong></span> <span class='ocrx_word' id='word_1_143' title='bbox 1062 2985 1396 3035; x_wconf 89' lang='lat' dir='ltr'><strong>contentum</strong></span> <span class='ocrx_word' id='word_1_144' title='bbox 1447 2994 1575 3034; x_wconf 87' lang='lat' dir='ltr'><strong>esse</strong></span> <span class='ocrx_word' id='word_1_145' title='bbox 1610 2984 1668 3033; x_wconf 90' lang='lat' dir='ltr'><strong>et</strong></span> <span class='ocrx_word' id='word_1_146' title='bbox 1700 2979 1758 3033; x_wconf 93' lang='lat' dir='ltr'><strong>in</strong></span> <span class='ocrx_word' id='word_1_147' title='bbox 1807 2978 1906 3034; x_wconf 88' lang='lat' dir='ltr'><strong>illa</strong></span> <span class='ocrx_word' id='word_1_148' title='bbox 1936 2980 2137 3051; x_wconf 88' lang='lat' dir='ltr'><strong>acqui-</strong></span> 
     </span>
    </p>
   </div>
   <div class='ocr_carea' id='block_1_28' title="bbox 491 3085 706 3128">
    <p class='ocr_par' dir='ltr' id='par_1_28' title="bbox 491 3085 706 3128">
     <span class='ocr_line' id='line_1_28' title="bbox 491 3085 706 3128; baseline -0.009 -2"><span class='ocrx_word' id='word_1_149' title='bbox 491 3085 706 3128; x_wconf 85' lang='lat' dir='ltr'><strong>escere.</strong></span> 
     </span>
    </p>
   </div>
   <div class='ocr_carea' id='block_1_29' title="bbox 565 3156 2131 3222">
    <p class='ocr_par' dir='ltr' id='par_1_29' title="bbox 565 3156 2131 3222">
     <span class='ocr_line' id='line_1_29' title="bbox 565 3156 2131 3222; baseline -0.001 -8"><span class='ocrx_word' id='word_1_150' title='bbox 565 3158 803 3215; x_wconf 81' lang='lat' dir='ltr'><strong>Cadmca</strong></span> <span class='ocrx_word' id='word_1_151' title='bbox 831 3159 1082 3214; x_wconf 82' lang='lat' dir='ltr'><strong>victoria.</strong></span> <span class='ocrx_word' id='word_1_152' title='bbox 1117 3159 1252 3222; x_wconf 67' lang='lat' dir='ltr'><strong>Quae</strong></span> <span class='ocrx_word' id='word_1_153' title='bbox 1283 3157 1341 3212; x_wconf 92' lang='lat' dir='ltr'><strong>in</strong></span> <span class='ocrx_word' id='word_1_154' title='bbox 1373 3156 1609 3212; x_wconf 85' lang='lat' dir='ltr'><strong>victoris</strong></span> <span class='ocrx_word' id='word_1_155' title='bbox 1647 3158 1930 3212; x_wconf 86' lang='lat' dir='ltr'><strong>damnum</strong></span> <span class='ocrx_word' id='word_1_156' title='bbox 1961 3159 2131 3213; x_wconf 88' lang='lat' dir='ltr'><strong>cedit.</strong></span> 
     </span>
    </p>
   </div>
   <div class='ocr_carea' id='block_1_30' title="bbox 560 3244 2131 3321">
    <p class='ocr_par' dir='ltr' id='par_1_30' title="bbox 560 3244 2131 3321">
     <span class='ocr_line' id='line_1_30' title="bbox 560 3244 2131 3321; baseline -0.001 -17"><span class='ocrx_word' id='word_1_157' title='bbox 560 3247 778 3321; x_wconf 81' lang='lat' dir='ltr'><strong>Cygnea</strong></span> <span class='ocrx_word' id='word_1_158' title='bbox 807 3249 1007 3303; x_wconf 84' lang='lat' dir='ltr'><strong>cantio.</strong></span> <span class='ocrx_word' id='word_1_159' title='bbox 1041 3245 1119 3301; x_wconf 92' lang='lat' dir='ltr'><strong>De</strong></span> <span class='ocrx_word' id='word_1_160' title='bbox 1151 3244 1244 3306; x_wconf 87' lang='lat' dir='ltr'><strong>iis.</strong></span> <span class='ocrx_word' id='word_1_161' title='bbox 1278 3245 1376 3316; x_wconf 91' lang='lat' dir='ltr'><strong>qui</strong></span> <span class='ocrx_word' id='word_1_162' title='bbox 1406 3247 1574 3300; x_wconf 82' lang='lat' dir='ltr'><strong>morti</strong></span> <span class='ocrx_word' id='word_1_163' title='bbox 1597 3247 1723 3315; x_wconf 87' lang='lat' dir='ltr'><strong>jam</strong></span> <span class='ocrx_word' id='word_1_164' title='bbox 1769 3252 1908 3301; x_wconf 89' lang='lat' dir='ltr'><strong>sunt</strong></span> <span class='ocrx_word' id='word_1_165' title='bbox 1936 3246 2131 3302; x_wconf 89' lang='lat' dir='ltr'><strong>vicini.</strong></span> 
     </span>
    </p>
   </div>
   <div class='ocr_carea' id='block_1_31' title="bbox 489 3335 2131 3410">
    <p class='ocr_par' dir='ltr' id='par_1_31' title="bbox 489 3335 2131 3410">
     <span class='ocr_line' id='line_1_31' title="bbox 489 3335 2131 3410; baseline -0.001 -17"><span class='ocrx_word' id='word_1_166' title='bbox 489 3337 669 3410; x_wconf 81' lang='lat' dir='ltr'><strong>Cygni</strong></span> <span class='ocrx_word' id='word_1_167' title='bbox 701 3337 879 3406; x_wconf 89' lang='lat' dir='ltr'><strong>enim,</strong></span> <span class='ocrx_word' id='word_1_168' title='bbox 930 3335 1164 3407; x_wconf 82' lang='lat' dir='ltr'><strong>quando</strong></span> <span class='ocrx_word' id='word_1_169' title='bbox 1206 3335 1331 3403; x_wconf 87' lang='lat' dir='ltr'><strong>jam</strong></span> <span class='ocrx_word' id='word_1_170' title='bbox 1382 3351 1444 3388; x_wconf 91' lang='lat' dir='ltr'><strong>se</strong></span> <span class='ocrx_word' id='word_1_171' title='bbox 1491 3335 1804 3390; x_wconf 85' lang='lat' dir='ltr'><strong>morituros</strong></span> <span class='ocrx_word' id='word_1_172' title='bbox 1852 3336 2131 3392; x_wconf 86' lang='lat' dir='ltr'><strong>sentiunt.</strong></span> 
     </span>
    </p>
   </div>
   <div class='ocr_carea' id='block_1_32' title="bbox 493 3423 936 3482">
    <p class='ocr_par' dir='ltr' id='par_1_32' title="bbox 493 3423 936 3482">
     <span class='ocr_line' id='line_1_32' title="bbox 493 3423 936 3482; baseline -0.009 0"><span class='ocrx_word' id='word_1_173' title='bbox 493 3442 701 3482; x_wconf 82' lang='lat' dir='ltr'><strong>canere</strong></span> <span class='ocrx_word' id='word_1_174' title='bbox 729 3423 936 3481; x_wconf 87' lang='lat' dir='ltr'><strong>solent.</strong></span> 
     </span>
    </p>
   </div>
   <div class='ocr_carea' id='block_1_33' title="bbox 561 3511 2132 3585">
    <p class='ocr_par' dir='ltr' id='par_1_33' title="bbox 561 3511 2132 3585">
     <span class='ocr_line' id='line_1_33' title="bbox 561 3511 2132 3585; baseline -0.001 -15"><span class='ocrx_word' id='word_1_175' title='bbox 561 3514 767 3571; x_wconf 72' lang='lat' dir='ltr'><strong>Cornix</strong></span> <span class='ocrx_word' id='word_1_176' title='bbox 792 3514 1149 3585; x_wconf 75' lang='lat' dir='ltr'><strong>scorpionem.</strong></span> <span class='ocrx_word' id='word_1_177' title='bbox 1183 3511 1263 3568; x_wconf 92' lang='lat' dir='ltr'><strong>De</strong></span> <span class='ocrx_word' id='word_1_178' title='bbox 1295 3511 1366 3566; x_wconf 90' lang='lat' dir='ltr'><strong>iis</strong></span> <span class='ocrx_word' id='word_1_179' title='bbox 1417 3512 1512 3583; x_wconf 91' lang='lat' dir='ltr'><strong>qui</strong></span> <span class='ocrx_word' id='word_1_180' title='bbox 1565 3512 1738 3566; x_wconf 84' lang='lat' dir='ltr'><strong>rebus</strong></span> <span class='ocrx_word' id='word_1_181' title='bbox 1781 3513 1967 3569; x_wconf 86' lang='lat' dir='ltr'><strong>noxiis</strong></span> <span class='ocrx_word' id='word_1_182' title='bbox 2000 3530 2132 3584; x_wconf 88' lang='lat' dir='ltr'><strong>ope-</strong></span> 
     </span>
    </p>
   </div>
   <div class='ocr_carea' id='block_1_34' title="bbox 492 3603 817 3659">
    <p class='ocr_par' dir='ltr' id='par_1_34' title="bbox 492 3603 817 3659">
     <span class='ocr_line' id='line_1_34' title="bbox 492 3603 817 3659; baseline 0 0"><span class='ocrx_word' id='word_1_183' title='bbox 492 3618 617 3659; x_wconf 86' lang='lat' dir='ltr'><strong>ram</strong></span> <span class='ocrx_word' id='word_1_184' title='bbox 651 3603 817 3659; x_wconf 87' lang='lat' dir='ltr'><strong>dant.</strong></span> 
     </span>
    </p>
   </div>
   <div class='ocr_carea' id='block_1_35' title="bbox 565 3689 2133 3758">
    <p class='ocr_par' dir='ltr' id='par_1_35' title="bbox 565 3689 2133 3758">
     <span class='ocr_line' id='line_1_35' title="bbox 565 3689 2133 3758; baseline -0.001 -12"><span class='ocrx_word' id='word_1_185' title='bbox 565 3691 750 3747; x_wconf 79' lang='lat' dir='ltr'><strong>Cilicii</strong></span> <span class='ocrx_word' id='word_1_186' title='bbox 792 3691 958 3746; x_wconf 83' lang='lat' dir='ltr'><strong>hirci.</strong></span> <span class='ocrx_word' id='word_1_187' title='bbox 991 3689 1107 3746; x_wconf 83' lang='lat' dir='ltr'><strong>Hoe</strong></span> <span class='ocrx_word' id='word_1_188' title='bbox 1157 3694 1266 3758; x_wconf 89' lang='lat' dir='ltr'><strong>est,</strong></span> <span class='ocrx_word' id='word_1_189' title='bbox 1315 3689 1544 3746; x_wconf 89' lang='lat' dir='ltr'><strong>villosi:</strong></span> <span class='ocrx_word' id='word_1_190' title='bbox 1599 3691 1752 3745; x_wconf 90' lang='lat' dir='ltr'><strong>unde</strong></span> <span class='ocrx_word' id='word_1_191' title='bbox 1803 3689 1978 3746; x_wconf 87' lang='lat' dir='ltr'><strong>etiam</strong></span> <span class='ocrx_word' id='word_1_192' title='bbox 2011 3691 2133 3746; x_wconf 93' lang='lat' dir='ltr'><strong>cili-</strong></span> 
     </span>
    </p>
   </div>
   <div class='ocr_carea' id='block_1_36' title="bbox 491 3778 2137 3850">
    <p class='ocr_par' dir='ltr' id='par_1_36' title="bbox 491 3778 2137 3850">
     <span class='ocr_line' id='line_1_36' title="bbox 491 3778 2137 3850; baseline -0.001 -14"><span class='ocrx_word' id='word_1_193' title='bbox 491 3779 647 3836; x_wconf 92' lang='lat' dir='ltr'><strong>cium</strong></span> <span class='ocrx_word' id='word_1_194' title='bbox 699 3795 911 3836; x_wconf 87' lang='lat' dir='ltr'><strong>nomen</strong></span> <span class='ocrx_word' id='word_1_195' title='bbox 961 3779 1202 3850; x_wconf 89' lang='lat' dir='ltr'><strong>accepit,</strong></span> <span class='ocrx_word' id='word_1_196' title='bbox 1263 3779 1414 3849; x_wconf 91' lang='lat' dir='ltr'><strong>quod</strong></span> <span class='ocrx_word' id='word_1_197' title='bbox 1471 3795 1539 3834; x_wconf 81' lang='lat' dir='ltr'><strong>ex</strong></span> <span class='ocrx_word' id='word_1_198' title='bbox 1584 3778 1802 3834; x_wconf 86' lang='lat' dir='ltr'><strong>villosis</strong></span> <span class='ocrx_word' id='word_1_199' title='bbox 1846 3779 2137 3850; x_wconf 84' lang='lat' dir='ltr'><strong>ejusmodi</strong></span> 
     </span>
    </p>
   </div>
   <div class='ocr_carea' id='block_1_37' title="bbox 492 3867 1016 3941">
    <p class='ocr_par' dir='ltr' id='par_1_37' title="bbox 492 3867 1016 3941">
     <span class='ocr_line' id='line_1_37' title="bbox 492 3867 1016 3941; baseline -0.004 -17"><span class='ocrx_word' id='word_1_200' title='bbox 492 3867 629 3941; x_wconf 87' lang='lat' dir='ltr'><strong>pilis</strong></span> <span class='ocrx_word' id='word_1_201' title='bbox 660 3871 1016 3924; x_wconf 83' lang='lat' dir='ltr'><strong>contexatur.</strong></span> 
     </span>
    </p>
   </div>
   <div class='ocr_carea' id='block_1_38' title="bbox 567 3956 2134 4029">
    <p class='ocr_par' dir='ltr' id='par_1_38' title="bbox 567 3956 2134 4029">
     <span class='ocr_line' id='line_1_38' title="bbox 567 3956 2134 4029; baseline -0.001 -15"><span class='ocrx_word' id='word_1_202' title='bbox 567 3958 874 4014; x_wconf 69' lang='lat' dir='ltr'><strong>Cretizare.</strong></span> <span class='ocrx_word' id='word_1_203' title='bbox 922 3956 1039 4012; x_wconf 85' lang='lat' dir='ltr'><strong>Hoc</strong></span> <span class='ocrx_word' id='word_1_204' title='bbox 1083 3961 1192 4025; x_wconf 91' lang='lat' dir='ltr'><strong>est,</strong></span> <span class='ocrx_word' id='word_1_205' title='bbox 1249 3956 1552 4028; x_wconf 90' lang='lat' dir='ltr'><strong>decipere:</strong></span> <span class='ocrx_word' id='word_1_206' title='bbox 1614 3958 1951 4029; x_wconf 86' lang='lat' dir='ltr'><strong>deceptores</strong></span> <span class='ocrx_word' id='word_1_207' title='bbox 1979 3957 2134 4014; x_wconf 91' lang='lat' dir='ltr'><strong>enim</strong></span> 
     </span>
    </p>
   </div>
   <div class='ocr_carea' id='block_1_39' title="bbox 493 4047 825 4101">
    <p class='ocr_par' dir='ltr' id='par_1_39' title="bbox 493 4047 825 4101">
     <span class='ocr_line' id='line_1_39' title="bbox 493 4047 825 4101; baseline 0.003 -1"><span class='ocrx_word' id='word_1_208' title='bbox 493 4047 798 4100; x_wconf 86' lang='lat' dir='ltr'><strong>Cretenses</strong></span> <span class='ocrx_word' id='word_1_209' title='bbox 813 4084 825 4101; x_wconf 95' lang='lat'><strong>.</strong></span> 
     </span>
    </p>
   </div>
   <div class='ocr_carea' id='block_1_40' title="bbox 560 4133 1540 4203">
    <p class='ocr_par' dir='ltr' id='par_1_40' title="bbox 560 4133 1540 4203">
     <span class='ocr_line' id='line_1_40' title="bbox 560 4133 1540 4203; baseline -0.003 -12"><span class='ocrx_word' id='word_1_210' title='bbox 560 4134 851 4191; x_wconf 82' lang='lat' dir='ltr'><strong>Nutricum</strong></span> <span class='ocrx_word' id='word_1_211' title='bbox 873 4137 1058 4189; x_wconf 78' lang='lat' dir='ltr'><strong>instar</strong></span> <span class='ocrx_word' id='word_1_212' title='bbox 1083 4133 1227 4190; x_wconf 82' lang='lat' dir='ltr'><strong>male</strong></span> <span class='ocrx_word' id='word_1_213' title='bbox 1256 4134 1407 4188; x_wconf 81' lang='lat' dir='ltr'><strong>cibas</strong></span> <span class='ocrx_word' id='word_1_214' title='bbox 1438 4134 1540 4203; x_wconf 84' lang='lat'>(5).</span> 
     </span>
    </p>
   </div>
   <div class='ocr_carea' id='block_1_41' title="bbox 565 4347 2137 4421">
    <p class='ocr_par' dir='ltr' id='par_1_41' title="bbox 565 4347 2137 4421">
     <span class='ocr_line' id='line_1_41' title="bbox 565 4347 2137 4421; baseline -0.001 -16"><span class='ocrx_word' id='word_1_215' title='bbox 565 4350 643 4421; x_wconf 91' lang='grc'><strong>(1)</strong></span> <span class='ocrx_word' id='word_1_216' title='bbox 675 4349 848 4405; x_wconf 86' lang='lat' dir='ltr'><strong>Sacra</strong></span> <span class='ocrx_word' id='word_1_217' title='bbox 879 4347 1133 4421; x_wconf 87' lang='lat' dir='ltr'><strong>anchora</strong></span> <span class='ocrx_word' id='word_1_218' title='bbox 1170 4347 1229 4421; x_wconf 82' lang='lat' dir='ltr'><strong>in</strong></span> <span class='ocrx_word' id='word_1_219' title='bbox 1277 4347 1407 4421; x_wconf 81' lang='lat' dir='ltr'><strong>navi</strong></span> <span class='ocrx_word' id='word_1_220' title='bbox 1439 4351 1696 4413; x_wconf 81' lang='lat' dir='ltr'><strong>vocatur,</strong></span> <span class='ocrx_word' id='word_1_221' title='bbox 1748 4350 2137 4421; x_wconf 82' lang='lat' dir='ltr'><strong>quaequando</strong></span> 
     </span>
    </p>
   </div>
   <div class='ocr_carea' id='block_1_42' title="bbox 494 4418 2028 4488">
    <p class='ocr_par' dir='ltr' id='par_1_42' title="bbox 494 4418 2028 4488">
     <span class='ocr_line' id='line_1_42' title="bbox 494 4418 2028 4488; baseline -0.004 -10"><span class='ocrx_word' id='word_1_222' title='bbox 494 4418 817 4479; x_wconf 83' lang='lat' dir='ltr'><strong>maximum</strong></span> <span class='ocrx_word' id='word_1_223' title='bbox 850 4418 1170 4488; x_wconf 85' lang='lat' dir='ltr'><strong>periculum</strong></span> <span class='ocrx_word' id='word_1_224' title='bbox 1203 4418 1489 4487; x_wconf 86' lang='lat' dir='ltr'><strong>imminet,</strong></span> <span class='ocrx_word' id='word_1_225' title='bbox 1514 4424 1768 4472; x_wconf 82' lang='lat' dir='ltr'><strong>extrema</strong></span> <span class='ocrx_word' id='word_1_226' title='bbox 1792 4418 2028 4488; x_wconf 79' lang='lat' dir='ltr'><strong>jacitur.</strong></span> 
     </span>
    </p>
   </div>
   <div class='ocr_carea' id='block_1_43' title="bbox 561 4436 2138 4574">
    <p class='ocr_par' dir='ltr' id='par_1_43' title="bbox 561 4436 2138 4574">
     <span class='ocr_line' id='line_1_43' title="bbox 561 4436 2028 4544; baseline -0.003 -68"><span class='ocrx_word' id='word_1_227' title='bbox 561 4436 817 4477; x_wconf 74' lang='lat' dir='ltr'><strong>nmmum</strong></span> <span class='ocrx_word' id='word_1_228' title='bbox 850 4436 1170 4544; x_wconf 64' lang='lat' dir='ltr'><strong>periculum</strong></span> <span class='ocrx_word' id='word_1_229' title='bbox 1203 4436 1489 4487; x_wconf 80' lang='lat' dir='ltr'><strong>imminet,</strong></span> <span class='ocrx_word' id='word_1_230' title='bbox 1514 4436 1768 4472; x_wconf 75' lang='lat' dir='ltr'><strong>extrema</strong></span> <span class='ocrx_word' id='word_1_231' title='bbox 1792 4436 2028 4488; x_wconf 70' lang='lat' dir='ltr'><strong>Jacuur.</strong></span> 
     </span>
     <span class='ocr_line' id='line_1_44' title="bbox 561 4488 2138 4574; baseline -0.001 -28"><span class='ocrx_word' id='word_1_232' title='bbox 561 4494 638 4565; x_wconf 86' lang='lat'>(2)</span> <span class='ocrx_word' id='word_1_233' title='bbox 666 4492 850 4574; x_wconf 66' lang='lat' dir='ltr'><strong>Equa</strong></span> <span class='ocrx_word' id='word_1_234' title='bbox 879 4493 1018 4545; x_wconf 86' lang='lat' dir='ltr'><strong>itate</strong></span> <span class='ocrx_word' id='word_1_235' title='bbox 1064 4490 1381 4544; x_wconf 80' lang='lat' dir='ltr'><strong>amicitiam</strong></span> <span class='ocrx_word' id='word_1_236' title='bbox 1423 4488 1761 4574; x_wconf 67' lang='lat' dir='ltr'><strong>conciliari,_</strong></span> <span class='ocrx_word' id='word_1_237' title='bbox 1791 4497 1852 4574; x_wconf 41' lang='lat' dir='ltr'><strong>et.</strong></span> <span class='ocrx_word' id='word_1_238' title='bbox 1885 4491 1991 4545; x_wconf 89' lang='lat' dir='ltr'><strong>hoc</strong></span> <span class='ocrx_word' id='word_1_239' title='bbox 2024 4491 2138 4574; x_wconf 75' lang='lat' dir='ltr'><strong>dic-</strong></span> 
     </span>
    </p>
   </div>
   <div class='ocr_carea' id='block_1_44' title="bbox 488 4561 2135 4635">
    <p class='ocr_par' dir='ltr' id='par_1_44' title="bbox 488 4561 2135 4635">
     <span class='ocr_line' id='line_1_45' title="bbox 488 4561 2135 4635; baseline -0.001 -17"><span class='ocrx_word' id='word_1_240' title='bbox 488 4561 630 4619; x_wconf 79' lang='lat' dir='ltr'><strong>tum</strong></span> <span class='ocrx_word' id='word_1_241' title='bbox 650 4561 958 4635; x_wconf 88' lang='lat' dir='ltr'><strong>antiquum</strong></span> <span class='ocrx_word' id='word_1_242' title='bbox 992 4578 1118 4617; x_wconf 81' lang='lat' dir='ltr'><strong>esse</strong></span> <span class='ocrx_word' id='word_1_243' title='bbox 1149 4577 1214 4615; x_wconf 88' lang='lat' dir='ltr'><strong>ac</strong></span> <span class='ocrx_word' id='word_1_244' title='bbox 1245 4577 1468 4627; x_wconf 87' lang='lat' dir='ltr'><strong>verum,</strong></span> <span class='ocrx_word' id='word_1_245' title='bbox 1507 4561 1662 4614; x_wconf 75' lang='lat' dir='ltr'><strong>Plato</strong></span> <span class='ocrx_word' id='word_1_246' title='bbox 1691 4562 1771 4614; x_wconf 88' lang='lat' dir='ltr'><strong>ait</strong></span> <span class='ocrx_word' id='word_1_247' title='bbox 1796 4561 1942 4616; x_wconf 89' lang='lat' dir='ltr'><strong>libro</strong></span> <span class='ocrx_word' id='word_1_248' title='bbox 1975 4568 2135 4617; x_wconf 84' lang='lat' dir='ltr'><strong>sexto</strong></span> 
     </span>
    </p>
   </div>
   <div class='ocr_carea' id='block_1_45' title="bbox 489 4635 822 4705">
    <p class='ocr_par' dir='ltr' id='par_1_45' title="bbox 489 4635 822 4705">
     <span class='ocr_line' id='line_1_46' title="bbox 489 4635 822 4705; baseline -0.009 -14"><span class='ocrx_word' id='word_1_249' title='bbox 489 4638 567 4691; x_wconf 83' lang='lat' dir='ltr'><strong>De</strong></span> <span class='ocrx_word' id='word_1_250' title='bbox 599 4635 822 4705; x_wconf 69' lang='lat' dir='ltr'><strong>legibus.</strong></span> 
     </span>
    </p>
   </div>
   <div class='ocr_carea' id='block_1_46' title="bbox 563 4702 2135 4778">
    <p class='ocr_par' dir='ltr' id='par_1_46' title="bbox 563 4702 2135 4778">
     <span class='ocr_line' id='line_1_47' title="bbox 563 4702 2135 4778; baseline 0 -18"><span class='ocrx_word' id='word_1_251' title='bbox 563 4702 735 4778; x_wconf 53' lang='lat' dir='ltr'><strong>(3)&#39;In</strong></span> <span class='ocrx_word' id='word_1_252' title='bbox 767 4722 866 4761; x_wconf 87' lang='lat' dir='ltr'><strong>eos</strong></span> <span class='ocrx_word' id='word_1_253' title='bbox 917 4703 1015 4776; x_wconf 91' lang='lat' dir='ltr'><strong>qui</strong></span> <span class='ocrx_word' id='word_1_254' title='bbox 1078 4702 1350 4759; x_wconf 81' lang='lat' dir='ltr'><strong>maximis</strong></span> <span class='ocrx_word' id='word_1_255' title='bbox 1401 4703 1456 4757; x_wconf 90' lang='lat' dir='ltr'><strong>in</strong></span> <span class='ocrx_word' id='word_1_256' title='bbox 1519 4702 1690 4757; x_wconf 89' lang='lat' dir='ltr'><strong>malis</strong></span> <span class='ocrx_word' id='word_1_257' title='bbox 1728 4704 1931 4772; x_wconf 80' lang='lat' dir='ltr'><strong>juclati</strong></span> <span class='ocrx_word' id='word_1_258' title='bbox 1977 4709 2135 4771; x_wconf 88' lang='lat' dir='ltr'><strong>sunt,</strong></span> 
     </span>
    </p>
   </div>
   <div class='ocr_carea' id='block_1_47' title="bbox 495 4783 831 4849">
    <p class='ocr_par' dir='ltr' id='par_1_47' title="bbox 495 4783 831 4849">
     <span class='ocr_line' id='line_1_48' title="bbox 495 4783 831 4849; baseline 0 -17"><span class='ocrx_word' id='word_1_259' title='bbox 495 4783 831 4849; x_wconf 86' lang='lat' dir='ltr'><strong>usurpatur.</strong></span> 
     </span>
    </p>
   </div>
   <div class='ocr_carea' id='block_1_48' title="bbox 564 4845 2136 4919">
    <p class='ocr_par' dir='ltr' id='par_1_48' title="bbox 564 4845 2136 4919">
     <span class='ocr_line' id='line_1_49' title="bbox 564 4845 2136 4919; baseline -0.001 -18"><span class='ocrx_word' id='word_1_260' title='bbox 564 4845 854 4919; x_wconf 46' lang='lat' dir='ltr'><strong>(&amp;)&#39;Corax</strong></span> <span class='ocrx_word' id='word_1_261' title='bbox 884 4847 1141 4917; x_wconf 89' lang='lat' dir='ltr'><strong>prudens</strong></span> <span class='ocrx_word' id='word_1_262' title='bbox 1188 4846 1504 4900; x_wconf 85' lang='lat' dir='ltr'><strong>admodum</strong></span> <span class='ocrx_word' id='word_1_263' title='bbox 1551 4851 1675 4919; x_wconf 86' lang='lat' dir='ltr'><strong>erat</strong></span> <span class='ocrx_word' id='word_1_264' title='bbox 1724 4845 1915 4911; x_wconf 84' lang='lat' dir='ltr'><strong>homo,</strong></span> <span class='ocrx_word' id='word_1_265' title='bbox 1950 4852 2005 4901; x_wconf 84' lang='lat' dir='ltr'><strong>et</strong></span> <span class='ocrx_word' id='word_1_266' title='bbox 2037 4847 2136 4917; x_wconf 86' lang='lat' dir='ltr'><strong>qui</strong></span> 
     </span>
    </p>
   </div>
   <div class='ocr_carea' id='block_1_49' title="bbox 493 4918 2133 4989">
    <p class='ocr_par' dir='ltr' id='par_1_49' title="bbox 493 4918 2133 4989">
     <span class='ocr_line' id='line_1_50' title="bbox 493 4918 2133 4989; baseline -0.001 -16"><span class='ocrx_word' id='word_1_267' title='bbox 493 4935 556 4973; x_wconf 86' lang='lat' dir='ltr'><strong>se</strong></span> <span class='ocrx_word' id='word_1_268' title='bbox 589 4919 759 4972; x_wconf 85' lang='lat' dir='ltr'><strong>rebus</strong></span> <span class='ocrx_word' id='word_1_269' title='bbox 806 4920 1023 4989; x_wconf 86' lang='lat' dir='ltr'><strong>optime</strong></span> <span class='ocrx_word' id='word_1_270' title='bbox 1071 4923 1235 4972; x_wconf 86' lang='lat' dir='ltr'><strong>norat</strong></span> <span class='ocrx_word' id='word_1_271' title='bbox 1283 4918 1754 4984; x_wconf 81' lang='lat' dir='ltr'><strong>accommodare;</strong></span> <span class='ocrx_word' id='word_1_272' title='bbox 1791 4924 1989 4989; x_wconf 78' lang='lat' dir='ltr'><strong>utpote</strong></span> <span class='ocrx_word' id='word_1_273' title='bbox 2035 4919 2133 4988; x_wconf 89' lang='lat' dir='ltr'><strong>qui</strong></span> 
     </span>
    </p>
   </div>
   <div class='ocr_carea' id='block_1_50' title="bbox 494 4989 2136 5062">
    <p class='ocr_par' dir='ltr' id='par_1_50' title="bbox 494 4989 2136 5062">
     <span class='ocr_line' id='line_1_51' title="bbox 494 4989 2136 5062; baseline 0 -19"><span class='ocrx_word' id='word_1_274' title='bbox 494 4990 671 5062; x_wconf 89' lang='lat' dir='ltr'><strong>probe</strong></span> <span class='ocrx_word' id='word_1_275' title='bbox 705 4996 1068 5062; x_wconf 81' lang='lat' dir='ltr'><strong>perspectum</strong></span> <span class='ocrx_word' id='word_1_276' title='bbox 1103 4989 1373 5052; x_wconf 72' lang='lat' dir='ltr'><strong>habebat,</strong></span> <span class='ocrx_word' id='word_1_277' title='bbox 1407 5004 1470 5043; x_wconf 85' lang='lat' dir='ltr'><strong>se</strong></span> <span class='ocrx_word' id='word_1_278' title='bbox 1502 5005 1612 5041; x_wconf 91' lang='lat' dir='ltr'><strong>non</strong></span> <span class='ocrx_word' id='word_1_279' title='bbox 1637 5059 1647 5062; x_wconf 86' lang='lat'>_</span> <span class='ocrx_word' id='word_1_280' title='bbox 1674 5005 1840 5062; x_wconf 80' lang='lat' dir='ltr'><strong>posse</strong></span> <span class='ocrx_word' id='word_1_281' title='bbox 1873 4989 2046 5062; x_wconf 84' lang='lat' dir='ltr'><strong>simul</strong></span> <span class='ocrx_word' id='word_1_282' title='bbox 2079 4995 2136 5043; x_wconf 90' lang='lat' dir='ltr'><strong>et</strong></span> 
     </span>
    </p>
   </div>
   <div class='ocr_carea' id='block_1_51' title="bbox 491 5059 2136 5132">
    <p class='ocr_par' dir='ltr' id='par_1_51' title="bbox 491 5059 2136 5132">
     <span class='ocr_line' id='line_1_52' title="bbox 491 5059 2136 5132; baseline -0.001 -18"><span class='ocrx_word' id='word_1_283' title='bbox 491 5059 1049 5132; x_wconf 17' lang='lat' dir='ltr'><strong>tyrannoiinservire</strong></span> <span class='ocrx_word' id='word_1_284' title='bbox 1100 5067 1155 5113; x_wconf 88' lang='lat' dir='ltr'><strong>et</strong></span> <span class='ocrx_word' id='word_1_285' title='bbox 1205 5061 1428 5129; x_wconf 83' lang='lat' dir='ltr'><strong>placere</strong></span> <span class='ocrx_word' id='word_1_286' title='bbox 1479 5059 1711 5132; x_wconf 84' lang='lat' dir='ltr'><strong>populo.</strong></span> <span class='ocrx_word' id='word_1_287' title='bbox 1765 5061 2007 5132; x_wconf 75' lang='lat' dir='ltr'><strong>Peregre</strong></span> <span class='ocrx_word' id='word_1_288' title='bbox 2037 5061 2136 5114; x_wconf 90' lang='lat' dir='ltr'><strong>ita-</strong></span> 
     </span>
    </p>
   </div>
   <div class='ocr_carea' id='block_1_52' title="bbox 489 5129 2134 5203">
    <p class='ocr_par' dir='ltr' id='par_1_52' title="bbox 489 5129 2134 5203">
     <span class='ocr_line' id='line_1_53' title="bbox 489 5129 2134 5203; baseline -0.001 -17"><span class='ocrx_word' id='word_1_289' title='bbox 489 5129 604 5203; x_wconf 79' lang='lat' dir='ltr'><strong>que</strong></span> <span class='ocrx_word' id='word_1_290' title='bbox 637 5131 948 5203; x_wconf 84' lang='lat' dir='ltr'><strong>profectus,</strong></span> <span class='ocrx_word' id='word_1_291' title='bbox 981 5131 1309 5203; x_wconf 80' lang='lat' dir='ltr'><strong>composuit</strong></span> <span class='ocrx_word' id='word_1_292' title='bbox 1338 5132 1410 5203; x_wconf 0' lang='lat' dir='ltr'><strong>(de</strong></span> <span class='ocrx_word' id='word_1_293' title='bbox 1443 5129 1758 5200; x_wconf 84' lang='lat' dir='ltr'><strong>prooemiis,</strong></span> <span class='ocrx_word' id='word_1_294' title='bbox 1792 5131 2134 5203; x_wconf 84' lang='lat' dir='ltr'><strong>narrationi-</strong></span> 
     </span>
    </p>
   </div>
   <div class='ocr_carea' id='block_1_53' title="bbox 488 5202 2133 5272">
    <p class='ocr_par' dir='ltr' id='par_1_53' title="bbox 488 5202 2133 5272">
     <span class='ocr_line' id='line_1_54' title="bbox 488 5202 2133 5272; baseline -0.001 -14"><span class='ocrx_word' id='word_1_295' title='bbox 488 5202 1139 5268; x_wconf 87' lang='lat' dir='ltr'><strong>bus,contentionibus,</strong></span> <span class='ocrx_word' id='word_1_296' title='bbox 1175 5207 1230 5256; x_wconf 89' lang='lat' dir='ltr'><strong>ct</strong></span> <span class='ocrx_word' id='word_1_297' title='bbox 1259 5202 1524 5272; x_wconf 80' lang='lat' dir='ltr'><strong>epilogis,</strong></span> <span class='ocrx_word' id='word_1_298' title='bbox 1563 5219 1677 5271; x_wconf 88' lang='lat' dir='ltr'><strong>quo</strong></span> <span class='ocrx_word' id='word_1_299' title='bbox 1710 5202 1987 5272; x_wconf 88' lang='lat' dir='ltr'><strong>populum</strong></span> <span class='ocrx_word' id='word_1_300' title='bbox 2023 5202 2133 5256; x_wconf 88' lang='lat' dir='ltr'><strong>sibi</strong></span> 
     </span>
    </p>
   </div>
   <div class='ocr_carea' id='block_1_54' title="bbox 487 5273 2134 5344">
    <p class='ocr_par' dir='ltr' id='par_1_54' title="bbox 487 5273 2134 5344">
     <span class='ocr_line' id='line_1_55' title="bbox 487 5273 2134 5344; baseline -0.001 -15"><span class='ocrx_word' id='word_1_301' title='bbox 487 5274 835 5340; x_wconf 83' lang='lat' dir='ltr'><strong>conciliavit,</strong></span> <span class='ocrx_word' id='word_1_302' title='bbox 901 5290 964 5327; x_wconf 88' lang='lat' dir='ltr'><strong>ac</strong></span> <span class='ocrx_word' id='word_1_303' title='bbox 1025 5273 1233 5326; x_wconf 86' lang='lat' dir='ltr'><strong>deinde</strong></span> <span class='ocrx_word' id='word_1_304' title='bbox 1292 5273 1522 5344; x_wconf 79' lang='lat' dir='ltr'><strong>prodiit,</strong></span> <span class='ocrx_word' id='word_1_305' title='bbox 1587 5273 1911 5328; x_wconf 87' lang='lat' dir='ltr'><strong>inclamans</strong></span> <span class='ocrx_word' id='word_1_306' title='bbox 1961 5279 2134 5344; x_wconf 86' lang='lat' dir='ltr'><strong>atque</strong></span> 
     </span>
    </p>
   </div>
   <div class='ocr_carea' id='block_1_55' title="bbox 485 5344 2134 5414">
    <p class='ocr_par' dir='ltr' id='par_1_55' title="bbox 485 5344 2134 5414">
     <span class='ocr_line' id='line_1_56' title="bbox 485 5344 2134 5414; baseline -0.001 -13"><span class='ocrx_word' id='word_1_307' title='bbox 485 5346 824 5412; x_wconf 85' lang='lat' dir='ltr'><strong>adhortans,</strong></span> <span class='ocrx_word' id='word_1_308' title='bbox 858 5344 905 5397; x_wconf 87' lang='lat' dir='ltr'><strong>si</strong></span> <span class='ocrx_word' id='word_1_309' title='bbox 965 5344 1098 5414; x_wconf 88' lang='lat' dir='ltr'><strong>quis</strong></span> <span class='ocrx_word' id='word_1_310' title='bbox 1156 5350 1337 5398; x_wconf 81' lang='lat' dir='ltr'><strong>artem</strong></span> <span class='ocrx_word' id='word_1_311' title='bbox 1391 5345 1615 5398; x_wconf 86' lang='lat' dir='ltr'><strong>discere</strong></span> <span class='ocrx_word' id='word_1_312' title='bbox 1674 5345 1862 5410; x_wconf 81' lang='lat' dir='ltr'><strong>vellet,</strong></span> <span class='ocrx_word' id='word_1_313' title='bbox 1917 5345 2134 5400; x_wconf 85' lang='lat' dir='ltr'><strong>indicta</strong></span> 
     </span>
    </p>
   </div>
   <div class='ocr_carea' id='block_1_56' title="bbox 487 5414 2134 5487">
    <p class='ocr_par' dir='ltr' id='par_1_56' title="bbox 487 5414 2134 5487">
     <span class='ocr_line' id='line_1_57' title="bbox 487 5414 2134 5487; baseline -0.002 -16"><span class='ocrx_word' id='word_1_314' title='bbox 487 5417 753 5471; x_wconf 79' lang='lat' dir='ltr'><strong>mercede</strong></span> <span class='ocrx_word' id='word_1_315' title='bbox 791 5414 946 5487; x_wconf 87' lang='lat' dir='ltr'><strong>mille</strong></span> <span class='ocrx_word' id='word_1_316' title='bbox 979 5414 1428 5468; x_wconf 83' lang='lat' dir='ltr'><strong>drachmarum:</strong></span> <span class='ocrx_word' id='word_1_317' title='bbox 1465 5417 1556 5468; x_wconf 88' lang='lat' dir='ltr'><strong>cui</strong></span> <span class='ocrx_word' id='word_1_318' title='bbox 1601 5415 1774 5469; x_wconf 79' lang='lat' dir='ltr'><strong>Sitias</strong></span> <span class='ocrx_word' id='word_1_319' title='bbox 1808 5415 2134 5487; x_wconf 81' lang='lat' dir='ltr'><strong>discipulus</strong></span> 
     </span>
    </p>
   </div>
   <div class='ocr_carea' id='block_1_57' title="bbox 487 5486 2132 5552">
    <p class='ocr_par' dir='ltr' id='par_1_57' title="bbox 487 5486 2132 5552">
     <span class='ocr_line' id='line_1_58' title="bbox 487 5486 2132 5552; baseline -0.002 -7"><span class='ocrx_word' id='word_1_320' title='bbox 487 5489 750 5545; x_wconf 74' lang='lat' dir='ltr'><strong>accessit.</strong></span> <span class='ocrx_word' id='word_1_321' title='bbox 812 5486 918 5551; x_wconf 89' lang='lat' dir='ltr'><strong>Qui</strong></span> <span class='ocrx_word' id='word_1_322' title='bbox 977 5503 1106 5540; x_wconf 89' lang='lat' dir='ltr'><strong>cum</strong></span> <span class='ocrx_word' id='word_1_323' title='bbox 1162 5493 1342 5539; x_wconf 81' lang='lat' dir='ltr'><strong>artczn</strong></span> <span class='ocrx_word' id='word_1_324' title='bbox 1377 5487 1772 5552; x_wconf 63' lang='lat' dir='ltr'><strong>addidit-isset,</strong></span> <span class='ocrx_word' id='word_1_325' title='bbox 1810 5486 2132 5541; x_wconf 76' lang='lat' dir='ltr'><strong>mercedem</strong></span> 
     </span>
    </p>
   </div>
   <div class='ocr_carea' id='block_1_58' title="bbox 483 5557 2131 5631">
    <p class='ocr_par' dir='ltr' id='par_1_58' title="bbox 483 5557 2131 5631">
     <span class='ocr_line' id='line_1_59' title="bbox 483 5557 2131 5631; baseline -0.002 -15"><span class='ocrx_word' id='word_1_326' title='bbox 483 5560 755 5631; x_wconf 85' lang='lat' dir='ltr'><strong>negabat.</strong></span> <span class='ocrx_word' id='word_1_327' title='bbox 790 5557 1207 5631; x_wconf 27' lang='lat' dir='ltr'><strong>Ejus‘ergourei</strong></span> <span class='ocrx_word' id='word_1_328' title='bbox 1239 5557 1427 5631; x_wconf 76' lang='lat' dir='ltr'><strong>gratia</strong></span> <span class='ocrx_word' id='word_1_329' title='bbox 1469 5557 1699 5626; x_wconf 81' lang='lat' dir='ltr'><strong>judices</strong></span> <span class='ocrx_word' id='word_1_330' title='bbox 1733 5559 1785 5631; x_wconf 83' lang='lat' dir='ltr'><strong>in</strong></span> <span class='ocrx_word' id='word_1_331' title='bbox 1821 5558 2131 5613; x_wconf 89' lang='lat' dir='ltr'><strong>concilium</strong></span> 
     </span>
    </p>
   </div>
   <div class='ocr_carea' id='block_1_59' title="bbox 481 5628 2134 5700">
    <p class='ocr_par' dir='ltr' id='par_1_59' title="bbox 481 5628 2134 5700">
     <span class='ocr_line' id='line_1_60' title="bbox 481 5628 2134 5700; baseline -0.002 -13"><span class='ocrx_word' id='word_1_332' title='bbox 481 5628 621 5687; x_wconf 73' lang='lat' dir='ltr'><strong>sunt</strong></span> <span class='ocrx_word' id='word_1_333' title='bbox 652 5628 945 5686; x_wconf 83' lang='lat' dir='ltr'><strong>convocati</strong></span> <span class='ocrx_word' id='word_1_334' title='bbox 975 5646 986 5683; x_wconf 94' lang='lat'><strong>:</strong></span> <span class='ocrx_word' id='word_1_335' title='bbox 1022 5628 1236 5700; x_wconf 85' lang='lat' dir='ltr'><strong>quibus</strong></span> <span class='ocrx_word' id='word_1_336' title='bbox 1259 5629 1917 5700; x_wconf 83' lang='lat' dir='ltr'><strong>jamconvcnicntibus,</strong></span> <span class='ocrx_word' id='word_1_337' title='bbox 1951 5631 2134 5684; x_wconf 84' lang='lat' dir='ltr'><strong>Corax</strong></span> 
     </span>
    </p>
   </div>
   <div class='ocr_carea' id='block_1_60' title="bbox 481 5699 2132 5771">
    <p class='ocr_par' dir='ltr' id='par_1_60' title="bbox 481 5699 2132 5771">
     <span class='ocr_line' id='line_1_61' title="bbox 481 5699 2132 5771; baseline -0.002 -10"><span class='ocrx_word' id='word_1_338' title='bbox 481 5703 822 5761; x_wconf 84' lang='lat' dir='ltr'><strong>dilemmate</strong></span> <span class='ocrx_word' id='word_1_339' title='bbox 864 5699 1143 5771; x_wconf 37' lang='lat' dir='ltr'><strong>usus,&#39;sic</strong></span> <span class='ocrx_word' id='word_1_340' title='bbox 1194 5700 1314 5756; x_wconf 89' lang='lat' dir='ltr'><strong>ait:</strong></span> <span class='ocrx_word' id='word_1_341' title='bbox 1351 5699 1408 5755; x_wconf 90' lang='lat' dir='ltr'><strong>Si</strong></span> <span class='ocrx_word' id='word_1_342' title='bbox 1458 5700 1655 5755; x_wconf 86' lang='lat' dir='ltr'><strong>vicerit</strong></span> <span class='ocrx_word' id='word_1_343' title='bbox 1683 5702 1876 5771; x_wconf 87' lang='lat' dir='ltr'><strong>Sitias,</strong></span> <span class='ocrx_word' id='word_1_344' title='bbox 1911 5718 2132 5758; x_wconf 85' lang='lat' dir='ltr'><strong>merce-</strong></span> 
     </span>
    </p>
   </div>
   <div class='ocr_carea' id='block_1_61' title="bbox 2232 628 3436 711">
    <p class='ocr_par' dir='ltr' id='par_1_61' title="bbox 2232 628 3436 711">
     <span class='ocr_line' id='line_1_62' title="bbox 2232 628 3436 711; baseline -0.007 -20"><span class='ocrx_word' id='word_1_345' title='bbox 2232 633 2418 706; x_wconf 79' lang='grc' dir='ltr'>Ἒδοξε</span> <span class='ocrx_word' id='word_1_346' title='bbox 2447 640 2573 711; x_wconf 71' lang='grc' dir='ltr'>γοῦν</span> <span class='ocrx_word' id='word_1_347' title='bbox 2609 634 2822 704; x_wconf 75' lang='grc' dir='ltr'>ἠλίθιος</span> <span class='ocrx_word' id='word_1_348' title='bbox 2853 637 3019 688; x_wconf 72' lang='grc' dir='ltr'>ταῦτα</span> <span class='ocrx_word' id='word_1_349' title='bbox 3050 631 3233 702; x_wconf 81' lang='grc' dir='ltr'>ἐξισῶν</span> <span class='ocrx_word' id='word_1_350' title='bbox 3267 628 3436 701; x_wconf 80' lang='grc' dir='ltr'>ἡλίῳ.</span> 
     </span>
    </p>
   </div>
   <div class='ocr_carea' id='block_1_62' title="bbox 2304 806 3868 889">
    <p class='ocr_par' dir='ltr' id='par_1_62' title="bbox 2304 806 3868 889">
     <span class='ocr_line' id='line_1_63' title="bbox 2304 806 3868 889; baseline -0.006 -21"><span class='ocrx_word' id='word_1_351' title='bbox 2304 813 2633 889; x_wconf 72' lang='grc' dir='ltr'><strong>Ἡρακλέους</strong></span> <span class='ocrx_word' id='word_1_352' title='bbox 2710 812 2862 866; x_wconf 78' lang='grc' dir='ltr'>Θυσία</span> <span class='ocrx_word' id='word_1_353' title='bbox 2898 855 2910 868; x_wconf 98' lang='grc'><strong>.</strong></span> <span class='ocrx_word' id='word_1_354' title='bbox 2969 809 3087 864; x_wconf 90' lang='grc' dir='ltr'>Ἐπὶ</span> <span class='ocrx_word' id='word_1_355' title='bbox 3142 812 3248 863; x_wconf 80' lang='grc' dir='ltr'>τῶν</span> <span class='ocrx_word' id='word_1_356' title='bbox 3309 808 3425 876; x_wconf 83' lang='grc' dir='ltr'>εἰκῆ</span> <span class='ocrx_word' id='word_1_357' title='bbox 3494 812 3610 868; x_wconf 85' lang='grc' dir='ltr'>ταῖς</span> <span class='ocrx_word' id='word_1_358' title='bbox 3675 806 3868 869; x_wconf 80' lang='grc' dir='ltr'><strong>θυσίαις</strong></span> 
     </span>
    </p>
   </div>
   <div class='ocr_carea' id='block_1_63' title="bbox 2235 901 2563 979">
    <p class='ocr_par' dir='ltr' id='par_1_63' title="bbox 2235 901 2563 979">
     <span class='ocr_line' id='line_1_64' title="bbox 2235 901 2563 979; baseline 0.003 -22"><span class='ocrx_word' id='word_1_359' title='bbox 2235 901 2563 979; x_wconf 83' lang='grc' dir='ltr'>χρωμένων.</span> 
     </span>
    </p>
   </div>
   <div class='ocr_carea' id='block_1_64' title="bbox 2634 988 2982 1009">
    <p class='ocr_par' dir='ltr' id='par_1_64' title="bbox 2634 988 2982 1009">
     <span class='ocr_line' id='line_1_65' title="bbox 2634 988 2982 1009; baseline 0.003 -1"><span class='ocrx_word' id='word_1_360' title='bbox 2634 991 2648 1008; x_wconf 80' lang='lat'><strong><em>\</em></strong></span> <span class='ocrx_word' id='word_1_361' title='bbox 2745 994 2767 1002; x_wconf 78' lang='grc' dir='ltr'><strong>-ν</strong></span> <span class='ocrx_word' id='word_1_362' title='bbox 2862 988 2982 1009; x_wconf 55' lang='grc' dir='ltr'><strong>’.κη</strong></span> 
     </span>
    </p>
   </div>
   <div class='ocr_carea' id='block_1_65' title="bbox 2305 979 3876 1067">
    <p class='ocr_par' dir='ltr' id='par_1_65' title="bbox 2305 979 3876 1067">
     <span class='ocr_line' id='line_1_66' title="bbox 2305 979 3876 1067; baseline -0.007 -21"><span class='ocrx_word' id='word_1_363' title='bbox 2305 994 2366 1046; x_wconf 84' lang='grc' dir='ltr'><strong>Ἦ</strong></span> <span class='ocrx_word' id='word_1_364' title='bbox 2399 991 2540 1067; x_wconf 73' lang='grc' dir='ltr'>ἀφύη</span> <span class='ocrx_word' id='word_1_365' title='bbox 2594 991 2657 1044; x_wconf 87' lang='grc' dir='ltr'><strong>τὸ</strong></span> <span class='ocrx_word' id='word_1_366' title='bbox 2701 994 2829 1065; x_wconf 63' lang='grc' dir='ltr'>πῦρ.</span> <span class='ocrx_word' id='word_1_367' title='bbox 2862 988 2984 1043; x_wconf 80' lang='grc' dir='ltr'>Ἐπὶ</span> <span class='ocrx_word' id='word_1_368' title='bbox 3035 991 3142 1041; x_wconf 83' lang='grc' dir='ltr'><strong>τῶν</strong></span> <span class='ocrx_word' id='word_1_369' title='bbox 3192 984 3406 1062; x_wconf 68' lang='grc' dir='ltr'>ταχέως</span> <span class='ocrx_word' id='word_1_370' title='bbox 3459 979 3876 1056; x_wconf 74' lang='grc' dir='ltr'>λαμϐανόντων·</span> 
     </span>
    </p>
   </div>
   <div class='ocr_carea' id='block_1_66' title="bbox 2234 1076 3211 1157">
    <p class='ocr_par' dir='ltr' id='par_1_66' title="bbox 2234 1076 3211 1157">
     <span class='ocr_line' id='line_1_67' title="bbox 2234 1076 3211 1157; baseline -0.002 -23"><span class='ocrx_word' id='word_1_371' title='bbox 2234 1081 2470 1154; x_wconf 78' lang='grc' dir='ltr'>παρόσον</span> <span class='ocrx_word' id='word_1_372' title='bbox 2504 1083 2536 1148; x_wconf 75' lang='grc' dir='ltr'>ἡ</span> <span class='ocrx_word' id='word_1_373' title='bbox 2571 1079 2712 1157; x_wconf 68' lang='grc' dir='ltr'><strong>ἀφύη</strong></span> <span class='ocrx_word' id='word_1_374' title='bbox 2738 1079 2953 1154; x_wconf 71' lang='grc' dir='ltr'>ταχέως</span> <span class='ocrx_word' id='word_1_375' title='bbox 2985 1076 3211 1149; x_wconf 53' lang='grc' dir='ltr'>ἐφεῖται.</span> 
     </span>
    </p>
   </div>
   <div class='ocr_carea' id='block_1_67' title="bbox 3281 1248 3878 1327">
    <p class='ocr_par' dir='ltr' id='par_1_67' title="bbox 3281 1248 3878 1327">
     <span class='ocr_line' id='line_1_68' title="bbox 3281 1248 3878 1327; baseline -0.002 -21"><span class='ocrx_word' id='word_1_376' title='bbox 3281 1252 3502 1327; x_wconf 71' lang='grc' dir='ltr'>Λέγεται</span> <span class='ocrx_word' id='word_1_377' title='bbox 3589 1248 3676 1305; x_wconf 80' lang='grc' dir='ltr'>διὰ</span> <span class='ocrx_word' id='word_1_378' title='bbox 3756 1250 3878 1312; x_wconf 69' lang='grc' dir='ltr'>τοὺς</span> 
     </span>
    </p>
   </div>
   <div class='ocr_carea' id='block_1_68' title="bbox 3556 1340 3875 1412">
    <p class='ocr_par' dir='ltr' id='par_1_68' title="bbox 3556 1340 3875 1412">
     <span class='ocr_line' id='line_1_69' title="bbox 3556 1340 3875 1412; baseline -0.006 -18"><span class='ocrx_word' id='word_1_379' title='bbox 3556 1340 3645 1394; x_wconf 86' lang='grc' dir='ltr'>τὸν</span> <span class='ocrx_word' id='word_1_380' title='bbox 3714 1340 3875 1412; x_wconf 76' lang='grc' dir='ltr'>θυμὸν</span> 
     </span>
    </p>
   </div>
   <div class='ocr_carea' id='block_1_69' title="bbox 2307 1253 3206 1331">
    <p class='ocr_par' dir='ltr' id='par_1_69' title="bbox 2307 1253 3206 1331">
     <span class='ocr_line' id='line_1_70' title="bbox 2307 1253 3206 1331; baseline -0.004 -19"><span class='ocrx_word' id='word_1_381' title='bbox 2307 1258 2486 1329; x_wconf 79' lang='grc' dir='ltr'>Θυμὸς</span> <span class='ocrx_word' id='word_1_382' title='bbox 2562 1256 2786 1331; x_wconf 77' lang='grc' dir='ltr'>ἔσχατον</span> <span class='ocrx_word' id='word_1_383' title='bbox 2874 1253 3133 1330; x_wconf 72' lang='grc' dir='ltr'>γηράσκει</span> <span class='ocrx_word' id='word_1_384' title='bbox 3194 1296 3206 1308; x_wconf 97' lang='grc'><strong>.</strong></span> 
     </span>
    </p>
   </div>
   <div class='ocr_carea' id='block_1_70' title="bbox 2237 1341 3499 1422">
    <p class='ocr_par' dir='ltr' id='par_1_70' title="bbox 2237 1341 3499 1422">
     <span class='ocr_line' id='line_1_71' title="bbox 2237 1341 3499 1422; baseline -0.006 -21"><span class='ocrx_word' id='word_1_385' title='bbox 2237 1343 2674 1422; x_wconf 69' lang='grc' dir='ltr'>πρεσϐυτέρους.</span> <span class='ocrx_word' id='word_1_386' title='bbox 2734 1347 2896 1398; x_wconf 83' lang='grc' dir='ltr'>Ὅσον</span> <span class='ocrx_word' id='word_1_387' title='bbox 2955 1343 3055 1418; x_wconf 73' lang='grc' dir='ltr'>γὰρ</span> <span class='ocrx_word' id='word_1_388' title='bbox 3115 1341 3499 1417; x_wconf 77' lang='grc' dir='ltr'>γηράσκουσι,</span> 
     </span>
    </p>
   </div>
   <div class='ocr_carea' id='block_1_71' title="bbox 2239 1431 2938 1511">
    <p class='ocr_par' dir='ltr' id='par_1_71' title="bbox 2239 1431 2938 1511">
     <span class='ocr_line' id='line_1_72' title="bbox 2239 1431 2938 1511; baseline -0.003 -21"><span class='ocrx_word' id='word_1_389' title='bbox 2239 1436 2696 1511; x_wconf 62' lang='grc' dir='ltr'>ἐρῥωμενέστερον</span> <span class='ocrx_word' id='word_1_390' title='bbox 2731 1431 2938 1509; x_wconf 80' lang='grc' dir='ltr'>ἔχουσι.</span> 
     </span>
    </p>
   </div>
   <div class='ocr_carea' id='block_1_72' title="bbox 2309 1517 3881 1597">
    <p class='ocr_par' dir='ltr' id='par_1_72' title="bbox 2309 1517 3881 1597">
     <span class='ocr_line' id='line_1_73' title="bbox 2309 1517 3881 1597; baseline -0.006 -18"><span class='ocrx_word' id='word_1_391' title='bbox 2309 1523 2591 1593; x_wconf 79' lang='grc' dir='ltr'><strong>Θαλάττης</strong></span> <span class='ocrx_word' id='word_1_392' title='bbox 2623 1521 2680 1576; x_wconf 84' lang='grc' dir='ltr'>ἐκ</span> <span class='ocrx_word' id='word_1_393' title='bbox 2705 1519 2982 1597; x_wconf 77' lang='grc' dir='ltr'>χαράδρας</span> <span class='ocrx_word' id='word_1_394' title='bbox 3007 1517 3173 1596; x_wconf 71' lang='grc' dir='ltr'>ὕδωρ.</span> <span class='ocrx_word' id='word_1_395' title='bbox 3204 1519 3324 1574; x_wconf 79' lang='grc' dir='ltr'><strong>Ἐπὶ</strong></span> <span class='ocrx_word' id='word_1_396' title='bbox 3345 1524 3455 1573; x_wconf 82' lang='grc' dir='ltr'>τῶν</span> <span class='ocrx_word' id='word_1_397' title='bbox 3482 1523 3598 1580; x_wconf 80' lang='grc' dir='ltr'>τοῖς</span> <span class='ocrx_word' id='word_1_398' title='bbox 3626 1517 3881 1592; x_wconf 74' lang='grc' dir='ltr'>μεγάλοις</span> 
     </span>
    </p>
   </div>
   <div class='ocr_carea' id='block_1_73' title="bbox 2238 1609 3174 1689">
    <p class='ocr_par' dir='ltr' id='par_1_73' title="bbox 2238 1609 3174 1689">
     <span class='ocr_line' id='line_1_74' title="bbox 2238 1609 3174 1689; baseline -0.005 -21"><span class='ocrx_word' id='word_1_399' title='bbox 2238 1615 2304 1668; x_wconf 68' lang='grc' dir='ltr'>τὰ</span> <span class='ocrx_word' id='word_1_400' title='bbox 2337 1615 2502 1687; x_wconf 83' lang='grc' dir='ltr'>μικρά</span> <span class='ocrx_word' id='word_1_401' title='bbox 2532 1609 3174 1689; x_wconf 79' lang='grc' dir='ltr'>προσφιλοτιμουμὲνων.</span> 
     </span>
    </p>
   </div>
   <div class='ocr_carea' id='block_1_74' title="bbox 2311 1694 3882 1775">
    <p class='ocr_par' dir='ltr' id='par_1_74' title="bbox 2311 1694 3882 1775">
     <span class='ocr_line' id='line_1_75' title="bbox 2311 1694 3882 1775; baseline -0.006 -19"><span class='ocrx_word' id='word_1_402' title='bbox 2311 1701 2480 1762; x_wconf 73' lang='grc' dir='ltr'>Θὰσος</span> <span class='ocrx_word' id='word_1_403' title='bbox 2539 1701 2771 1775; x_wconf 79' lang='grc' dir='ltr'>ἀγαθῶν.</span> <span class='ocrx_word' id='word_1_404' title='bbox 2803 1698 2927 1753; x_wconf 85' lang='grc' dir='ltr'><strong>Ἐπὶ</strong></span> <span class='ocrx_word' id='word_1_405' title='bbox 2977 1703 3085 1753; x_wconf 81' lang='grc' dir='ltr'>τῶν</span> <span class='ocrx_word' id='word_1_406' title='bbox 3137 1694 3428 1769; x_wconf 74' lang='grc' dir='ltr'>εὐδαίμονα</span> <span class='ocrx_word' id='word_1_407' title='bbox 3484 1695 3572 1750; x_wconf 83' lang='grc' dir='ltr'>καὶ</span> <span class='ocrx_word' id='word_1_408' title='bbox 3636 1695 3882 1770; x_wconf 75' lang='grc' dir='ltr'>λαμπρὸν</span> 
     </span>
    </p>
   </div>
   <div class='ocr_carea' id='block_1_75' title="bbox 2244 1786 3206 1863">
    <p class='ocr_par' dir='ltr' id='par_1_75' title="bbox 2244 1786 3206 1863">
     <span class='ocr_line' id='line_1_76' title="bbox 2244 1786 3206 1863; baseline 0.001 -19"><span class='ocrx_word' id='word_1_409' title='bbox 2244 1787 2516 1862; x_wconf 77' lang='grc' dir='ltr'>ἀποδεῖξαί</span> <span class='ocrx_word' id='word_1_410' title='bbox 2547 1811 2666 1844; x_wconf 81' lang='grc' dir='ltr'>τινα</span> <span class='ocrx_word' id='word_1_411' title='bbox 2697 1786 3206 1863; x_wconf 77' lang='grc' dir='ltr'><strong>ἐπαγγελλομένων.</strong></span> 
     </span>
    </p>
   </div>
   <div class='ocr_carea' id='block_1_76' title="bbox 2315 1999 3334 2079">
    <p class='ocr_par' dir='ltr' id='par_1_76' title="bbox 2315 1999 3334 2079">
     <span class='ocr_line' id='line_1_77' title="bbox 2315 1999 3334 2079; baseline -0.002 -20"><span class='ocrx_word' id='word_1_412' title='bbox 2315 2005 2453 2079; x_wconf 71' lang='grc' dir='ltr'>Ἱερὰ</span> <span class='ocrx_word' id='word_1_413' title='bbox 2485 2003 2708 2078; x_wconf 71' lang='grc' dir='ltr'>ἄγκυρα.</span> <span class='ocrx_word' id='word_1_414' title='bbox 2744 2004 2805 2056; x_wconf 85' lang='grc' dir='ltr'>Ἡ</span> <span class='ocrx_word' id='word_1_415' title='bbox 2836 1999 3049 2076; x_wconf 81' lang='grc' dir='ltr'>μεγάλη</span> <span class='ocrx_word' id='word_1_416' title='bbox 3088 2002 3334 2076; x_wconf 72' lang='grc' dir='ltr'>βοήθεια.</span> 
     </span>
    </p>
   </div>
   <div class='ocr_carea' id='block_1_77' title="bbox 2317 2090 2806 2170">
    <p class='ocr_par' dir='ltr' id='par_1_77' title="bbox 2317 2090 2806 2170">
     <span class='ocr_line' id='line_1_78' title="bbox 2317 2090 2806 2170; baseline -0.006 -23"><span class='ocrx_word' id='word_1_417' title='bbox 2317 2093 2520 2162; x_wconf 85' lang='grc' dir='ltr'>Ἰσότης</span> <span class='ocrx_word' id='word_1_418' title='bbox 2553 2090 2806 2170; x_wconf 70' lang='grc' dir='ltr'>φιλότης.</span> 
     </span>
    </p>
   </div>
   <div class='ocr_carea' id='block_1_78' title="bbox 2315 2180 3016 2253">
    <p class='ocr_par' dir='ltr' id='par_1_78' title="bbox 2315 2180 3016 2253">
     <span class='ocr_line' id='line_1_79' title="bbox 2315 2180 3016 2253; baseline -0.003 -16"><span class='ocrx_word' id='word_1_419' title='bbox 2315 2185 2452 2243; x_wconf 84' lang='grc' dir='ltr'>’Ὶσος</span> <span class='ocrx_word' id='word_1_420' title='bbox 2484 2181 2728 2253; x_wconf 80' lang='grc' dir='ltr'>πόλεμον</span> <span class='ocrx_word' id='word_1_421' title='bbox 2759 2180 2818 2234; x_wconf 79' lang='grc' dir='ltr'><strong>οὗ</strong></span> <span class='ocrx_word' id='word_1_422' title='bbox 2849 2185 3016 2235; x_wconf 79' lang='grc' dir='ltr'>ποιεῖ.</span> 
     </span>
    </p>
   </div>
   <div class='ocr_carea' id='block_1_79' title="bbox 2315 2270 2713 2332">
    <p class='ocr_par' dir='ltr' id='par_1_79' title="bbox 2315 2270 2713 2332">
     <span class='ocr_line' id='line_1_80' title="bbox 2315 2270 2713 2332; baseline -0.005 -5"><span class='ocrx_word' id='word_1_423' title='bbox 2315 2270 2478 2332; x_wconf 72' lang='grc' dir='ltr'>Ἰλιὰς</span> <span class='ocrx_word' id='word_1_424' title='bbox 2510 2275 2713 2325; x_wconf 81' lang='grc' dir='ltr'>κακῶν.</span> 
     </span>
    </p>
   </div>
   <div class='ocr_carea' id='block_1_80' title="bbox 2311 2356 3284 2430">
    <p class='ocr_par' dir='ltr' id='par_1_80' title="bbox 2311 2356 3284 2430">
     <span class='ocr_line' id='line_1_81' title="bbox 2311 2356 3284 2430; baseline -0.009 -14"><span class='ocrx_word' id='word_1_425' title='bbox 2311 2359 2632 2417; x_wconf 76' lang='grc' dir='ltr'>Ἱππόλυτον</span> <span class='ocrx_word' id='word_1_426' title='bbox 2716 2362 3007 2430; x_wconf 66' lang='grc' dir='ltr'>μμοιίσομαι</span> <span class='ocrx_word' id='word_1_427' title='bbox 3063 2401 3075 2412; x_wconf 95' lang='grc'><strong>.</strong></span> <span class='ocrx_word' id='word_1_428' title='bbox 3167 2356 3284 2410; x_wconf 82' lang='grc' dir='ltr'>Ἐπὶ</span> 
     </span>
    </p>
   </div>
   <div class='ocr_carea' id='block_1_81' title="bbox 2250 2449 2528 2526">
    <p class='ocr_par' dir='ltr' id='par_1_81' title="bbox 2250 2449 2528 2526">
     <span class='ocr_line' id='line_1_82' title="bbox 2250 2449 2528 2526; baseline -0.004 -23"><span class='ocrx_word' id='word_1_429' title='bbox 2250 2449 2528 2526; x_wconf 73' lang='grc' dir='ltr'>βιούντων.</span> 
     </span>
    </p>
   </div>
   <div class='ocr_carea' id='block_1_82' title="bbox 2316 2529 3895 2610">
    <p class='ocr_par' dir='ltr' id='par_1_82' title="bbox 2316 2529 3895 2610">
     <span class='ocr_line' id='line_1_83' title="bbox 2316 2529 3895 2610; baseline -0.006 -16"><span class='ocrx_word' id='word_1_430' title='bbox 2316 2537 2530 2599; x_wconf 75' lang='grc' dir='ltr'>Ἱππέας</span> <span class='ocrx_word' id='word_1_431' title='bbox 2588 2537 2664 2598; x_wconf 77' lang='grc' dir='ltr'><strong>είς</strong></span> <span class='ocrx_word' id='word_1_432' title='bbox 2722 2534 2902 2591; x_wconf 84' lang='grc' dir='ltr'>πεδίον</span> <span class='ocrx_word' id='word_1_433' title='bbox 2963 2532 3273 2610; x_wconf 81' lang='grc' dir='ltr'>προκαλεῖ.</span> <span class='ocrx_word' id='word_1_434' title='bbox 3335 2538 3503 2608; x_wconf 85' lang='grc' dir='ltr'>Ὅπερ</span> <span class='ocrx_word' id='word_1_435' title='bbox 3560 2531 3704 2604; x_wconf 75' lang='grc' dir='ltr'>ἐστὶ,</span> <span class='ocrx_word' id='word_1_436' title='bbox 3767 2529 3895 2590; x_wconf 76' lang='grc' dir='ltr'>τοὺς</span> 
     </span>
    </p>
   </div>
   <div class='ocr_carea' id='block_1_83' title="bbox 2247 2619 3544 2698">
    <p class='ocr_par' dir='ltr' id='par_1_83' title="bbox 2247 2619 3544 2698">
     <span class='ocr_line' id='line_1_84' title="bbox 2247 2619 3544 2698; baseline -0.004 -17"><span class='ocrx_word' id='word_1_437' title='bbox 2247 2624 2687 2698; x_wconf 66' lang='grc' dir='ltr'><strong>εὗδοκιμοῦντας,</strong></span> <span class='ocrx_word' id='word_1_438' title='bbox 2715 2625 2788 2686; x_wconf 83' lang='grc' dir='ltr'>εἷς</span> <span class='ocrx_word' id='word_1_439' title='bbox 2823 2626 2953 2695; x_wconf 79' lang='grc' dir='ltr'>ἅπερ</span> <span class='ocrx_word' id='word_1_440' title='bbox 2987 2621 3362 2696; x_wconf 73' lang='grc' dir='ltr'>εὐδοκιμοῦσιν</span> <span class='ocrx_word' id='word_1_441' title='bbox 3395 2619 3544 2695; x_wconf 79' lang='grc' dir='ltr'>ἔργα.</span> 
     </span>
    </p>
   </div>
   <div class='ocr_carea' id='block_1_84' title="bbox 3386 2353 3892 2431">
    <p class='ocr_par' dir='ltr' id='par_1_84' title="bbox 3386 2353 3892 2431">
     <span class='ocr_line' id='line_1_85' title="bbox 3386 2353 3892 2431; baseline -0.002 -22"><span class='ocrx_word' id='word_1_442' title='bbox 3386 2359 3492 2409; x_wconf 82' lang='grc' dir='ltr'>τῶν</span> <span class='ocrx_word' id='word_1_443' title='bbox 3600 2353 3892 2431; x_wconf 75' lang='grc' dir='ltr'><strong>σωφρόνως</strong></span> 
     </span>
    </p>
   </div>
   <div class='ocr_carea' id='block_1_85' title="bbox 2319 2801 3100 2879">
    <p class='ocr_par' dir='ltr' id='par_1_85' title="bbox 2319 2801 3100 2879">
     <span class='ocr_line' id='line_1_86' title="bbox 2319 2801 3100 2879; baseline -0.003 -20"><span class='ocrx_word' id='word_1_444' title='bbox 2319 2810 2492 2859; x_wconf 76' lang='grc' dir='ltr'><strong>Κακοῦ</strong></span> <span class='ocrx_word' id='word_1_445' title='bbox 2517 2804 2746 2879; x_wconf 82' lang='grc' dir='ltr'>κόρακος</span> <span class='ocrx_word' id='word_1_446' title='bbox 2778 2803 2938 2857; x_wconf 83' lang='grc' dir='ltr'>κακὸν</span> <span class='ocrx_word' id='word_1_447' title='bbox 2972 2801 3100 2857; x_wconf 86' lang='grc' dir='ltr'>ὠόν.</span> 
     </span>
    </p>
   </div>
   <div class='ocr_carea' id='block_1_86' title="bbox 2317 2884 3895 2966">
    <p class='ocr_par' dir='ltr' id='par_1_86' title="bbox 2317 2884 3895 2966">
     <span class='ocr_line' id='line_1_87' title="bbox 2317 2884 3895 2966; baseline -0.004 -20"><span class='ocrx_word' id='word_1_448' title='bbox 2317 2888 2516 2965; x_wconf 82' lang='grc' dir='ltr'>Κόσμει</span> <span class='ocrx_word' id='word_1_449' title='bbox 2565 2893 2799 2966; x_wconf 73' lang='grc' dir='ltr'>σπάρταν</span> <span class='ocrx_word' id='word_1_450' title='bbox 2850 2892 2916 2958; x_wconf 65' lang='grc' dir='ltr'>ἢν</span> <span class='ocrx_word' id='word_1_451' title='bbox 2968 2887 3181 2964; x_wconf 79' lang='grc' dir='ltr'>ἔλαχες.</span> <span class='ocrx_word' id='word_1_452' title='bbox 3228 2893 3347 2946; x_wconf 71' lang='lat' dir='ltr'><strong>&quot;Oti</strong></span> <span class='ocrx_word' id='word_1_453' title='bbox 3405 2884 3487 2942; x_wconf 82' lang='grc' dir='ltr'><strong>δεῖ</strong></span> <span class='ocrx_word' id='word_1_454' title='bbox 3527 2885 3771 2961; x_wconf 71' lang='grc' dir='ltr'>στέργειν</span> <span class='ocrx_word' id='word_1_455' title='bbox 3827 2888 3895 2958; x_wconf 79' lang='grc' dir='ltr'>τῇ</span> 
     </span>
    </p>
   </div>
   <div class='ocr_carea' id='block_1_87' title="bbox 2246 2978 3132 3055">
    <p class='ocr_par' dir='ltr' id='par_1_87' title="bbox 2246 2978 3132 3055">
     <span class='ocr_line' id='line_1_88' title="bbox 2246 2978 3132 3055; baseline -0.007 -19"><span class='ocrx_word' id='word_1_456' title='bbox 2246 2979 2507 3054; x_wconf 65' lang='grc' dir='ltr'>δεδομένῃ</span> <span class='ocrx_word' id='word_1_457' title='bbox 2536 2979 2678 3055; x_wconf 67' lang='grc' dir='ltr'>τύχῃ</span> <span class='ocrx_word' id='word_1_458' title='bbox 2706 2979 2793 3033; x_wconf 80' lang='grc' dir='ltr'>καὶ</span> <span class='ocrx_word' id='word_1_459' title='bbox 2827 2978 3132 3053; x_wconf 66' lang='grc' dir='ltr'>ἀνέχεσθαι.</span> 
     </span>
    </p>
   </div>
   <div class='ocr_carea' id='block_1_88' title="bbox 2318 3152 3674 3230">
    <p class='ocr_par' dir='ltr' id='par_1_88' title="bbox 2318 3152 3674 3230">
     <span class='ocr_line' id='line_1_89' title="bbox 2318 3152 3674 3230; baseline -0.004 -17"><span class='ocrx_word' id='word_1_460' title='bbox 2318 3156 2555 3230; x_wconf 80' lang='grc' dir='ltr'>Καδμεία</span> <span class='ocrx_word' id='word_1_461' title='bbox 2584 3157 2729 3227; x_wconf 87' lang='grc' dir='ltr'>νίκη.</span> <span class='ocrx_word' id='word_1_462' title='bbox 2763 3159 2824 3210; x_wconf 82' lang='grc' dir='ltr'><strong><em>Ἠ</em></strong></span> <span class='ocrx_word' id='word_1_463' title='bbox 2858 3156 2943 3210; x_wconf 80' lang='grc' dir='ltr'>ἐπὶ</span> <span class='ocrx_word' id='word_1_464' title='bbox 2974 3159 3124 3227; x_wconf 79' lang='grc' dir='ltr'>κακῷ</span> <span class='ocrx_word' id='word_1_465' title='bbox 3153 3158 3261 3208; x_wconf 82' lang='grc' dir='ltr'><strong>τῶν</strong></span> <span class='ocrx_word' id='word_1_466' title='bbox 3301 3152 3674 3222; x_wconf 85' lang='grc' dir='ltr'>νενικηκότων.</span> 
     </span>
    </p>
   </div>
   <div class='ocr_carea' id='block_1_89' title="bbox 2317 3235 3892 3318">
    <p class='ocr_par' dir='ltr' id='par_1_89' title="bbox 2317 3235 3892 3318">
     <span class='ocr_line' id='line_1_90' title="bbox 2317 3235 3892 3318; baseline -0.006 -17"><span class='ocrx_word' id='word_1_467' title='bbox 2317 3249 2564 3301; x_wconf 75' lang='grc' dir='ltr'>Κόκνειον</span> <span class='ocrx_word' id='word_1_468' title='bbox 2627 3246 2790 3318; x_wconf 81' lang='grc' dir='ltr'>ᾆσμα.</span> <span class='ocrx_word' id='word_1_469' title='bbox 2852 3245 2970 3299; x_wconf 81' lang='grc' dir='ltr'><strong>Ἐπὶ</strong></span> <span class='ocrx_word' id='word_1_470' title='bbox 3028 3249 3133 3297; x_wconf 80' lang='grc' dir='ltr'><strong>τῶν</strong></span> <span class='ocrx_word' id='word_1_471' title='bbox 3193 3241 3354 3317; x_wconf 71' lang='grc' dir='ltr'>ἐγγὺς</span> <span class='ocrx_word' id='word_1_472' title='bbox 3413 3240 3642 3304; x_wconf 79' lang='grc' dir='ltr'>θανάτου</span> <span class='ocrx_word' id='word_1_473' title='bbox 3698 3235 3892 3295; x_wconf 69' lang='grc' dir='ltr'>ὄντων·</span> 
     </span>
    </p>
   </div>
   <div class='ocr_carea' id='block_1_90' title="bbox 2246 3330 3265 3411">
    <p class='ocr_par' dir='ltr' id='par_1_90' title="bbox 2246 3330 3265 3411">
     <span class='ocr_line' id='line_1_91' title="bbox 2246 3330 3265 3411; baseline -0.003 -20"><span class='ocrx_word' id='word_1_474' title='bbox 2246 3338 2296 3391; x_wconf 76' lang='grc' dir='ltr'>οἱ</span> <span class='ocrx_word' id='word_1_475' title='bbox 2327 3338 2429 3411; x_wconf 76' lang='grc' dir='ltr'>γὰρ</span> <span class='ocrx_word' id='word_1_476' title='bbox 2460 3336 2642 3390; x_wconf 70' lang='grc' dir='ltr'>κύκνοι</span> <span class='ocrx_word' id='word_1_477' title='bbox 2675 3337 2994 3404; x_wconf 70' lang='grc' dir='ltr'>Θνήσκοντες</span> <span class='ocrx_word' id='word_1_478' title='bbox 3025 3330 3265 3404; x_wconf 73' lang='grc' dir='ltr'>ᾅδουσιν.</span> 
     </span>
    </p>
   </div>
   <div class='ocr_carea' id='block_1_91' title="bbox 2317 3502 3896 3590">
    <p class='ocr_par' dir='ltr' id='par_1_91' title="bbox 2317 3502 3896 3590">
     <span class='ocr_line' id='line_1_92' title="bbox 2317 3502 3896 3590; baseline -0.006 -21"><span class='ocrx_word' id='word_1_479' title='bbox 2317 3516 2540 3590; x_wconf 84' lang='grc' dir='ltr'>Κορώνη</span> <span class='ocrx_word' id='word_1_480' title='bbox 2593 3514 2683 3567; x_wconf 86' lang='grc' dir='ltr'>τὸν</span> <span class='ocrx_word' id='word_1_481' title='bbox 2735 3510 2992 3587; x_wconf 78' lang='grc' dir='ltr'>σκορπίον</span> <span class='ocrx_word' id='word_1_482' title='bbox 3026 3555 3037 3567; x_wconf 94' lang='grc'><strong>.</strong></span> <span class='ocrx_word' id='word_1_483' title='bbox 3089 3511 3208 3564; x_wconf 78' lang='grc' dir='ltr'><strong>Ἐπὶ</strong></span> <span class='ocrx_word' id='word_1_484' title='bbox 3266 3514 3369 3563; x_wconf 85' lang='grc' dir='ltr'>τῶν</span> <span class='ocrx_word' id='word_1_485' title='bbox 3426 3502 3717 3584; x_wconf 77' lang='grc' dir='ltr'>βλαϐεροῖς</span> <span class='ocrx_word' id='word_1_486' title='bbox 3773 3507 3896 3562; x_wconf 79' lang='grc' dir='ltr'>ἐπι-</span> 
     </span>
    </p>
   </div>
   <div class='ocr_carea' id='block_1_92' title="bbox 2292 3625 2598 3658">
    <p class='ocr_par' dir='ltr' id='par_1_92' title="bbox 2292 3625 2598 3658">
     <span class='ocr_line' id='line_1_93' title="bbox 2292 3625 2598 3658; baseline 0 0"><span class='ocrx_word' id='word_1_487' title='bbox 2292 3626 2332 3658; x_wconf 61' lang='grc' dir='ltr'><strong>Ξῖ</strong></span> <span class='ocrx_word' id='word_1_488' title='bbox 2343 3625 2598 3658; x_wconf 78' lang='grc' dir='ltr'>οουντων.</span> 
     </span>
    </p>
   </div>
   <div class='ocr_carea' id='block_1_93' title="bbox 2247 3623 3898 3766">
    <p class='ocr_par' dir='ltr' id='par_1_93' title="bbox 2247 3623 3898 3766">
     <span class='ocr_line' id='line_1_94' title="bbox 2292 3625 2598 3658; baseline 0 0"><span class='ocrx_word' id='word_1_489' title='bbox 2292 3626 2332 3658; x_wconf 79' lang='grc' dir='ltr'><strong>ει</strong></span> <span class='ocrx_word' id='word_1_490' title='bbox 2377 3625 2598 3658; x_wconf 79' lang='grc' dir='ltr'>ουντων.</span> 
     </span>
     <span class='ocr_line' id='line_1_95' title="bbox 2247 3623 3898 3766; baseline -0.005 -20"><span class='ocrx_word' id='word_1_491' title='bbox 2247 3625 2286 3679; x_wconf 74' lang='grc' dir='ltr'>χ</span> <span class='ocrx_word' id='word_1_492' title='bbox 2317 3623 2556 3748; x_wconf 53' lang='grc' dir='ltr'>ῑέιλίκιοι</span> <span class='ocrx_word' id='word_1_493' title='bbox 2586 3690 2791 3766; x_wconf 82' lang='grc' dir='ltr'>τράγοι.</span> <span class='ocrx_word' id='word_1_494' title='bbox 2825 3690 2886 3743; x_wconf 75' lang='grc' dir='ltr'><strong>Οἱ</strong></span> <span class='ocrx_word' id='word_1_495' title='bbox 2937 3685 3135 3750; x_wconf 84' lang='grc' dir='ltr'>δασεῖς.</span> <span class='ocrx_word' id='word_1_496' title='bbox 3189 3689 3341 3742; x_wconf 83' lang='grc' dir='ltr'>Ὅθεν</span> <span class='ocrx_word' id='word_1_497' title='bbox 3383 3686 3472 3741; x_wconf 77' lang='grc' dir='ltr'>καὶ</span> <span class='ocrx_word' id='word_1_498' title='bbox 3501 3685 3568 3740; x_wconf 79' lang='grc' dir='ltr'><strong>τὰ</strong></span> <span class='ocrx_word' id='word_1_499' title='bbox 3597 3684 3658 3740; x_wconf 81' lang='grc' dir='ltr'>ἐκ</span> <span class='ocrx_word' id='word_1_500' title='bbox 3686 3689 3898 3760; x_wconf 80' lang='grc' dir='ltr'>τριχῶν</span> 
     </span>
    </p>
   </div>
   <div class='ocr_carea' id='block_1_94' title="bbox 2245 3777 2976 3854">
    <p class='ocr_par' dir='ltr' id='par_1_94' title="bbox 2245 3777 2976 3854">
     <span class='ocr_line' id='line_1_96' title="bbox 2245 3777 2976 3854; baseline -0.001 -20"><span class='ocrx_word' id='word_1_501' title='bbox 2245 3781 2436 3854; x_wconf 73' lang='grc' dir='ltr'>ἱμάτια</span> <span class='ocrx_word' id='word_1_502' title='bbox 2464 3778 2671 3835; x_wconf 81' lang='grc' dir='ltr'>κιλίκια</span> <span class='ocrx_word' id='word_1_503' title='bbox 2703 3777 2976 3853; x_wconf 77' lang='grc' dir='ltr'>λέγονται.</span> 
     </span>
    </p>
   </div>
   <div class='ocr_carea' id='block_1_95' title="bbox 2319 3952 3632 4032">
    <p class='ocr_par' dir='ltr' id='par_1_95' title="bbox 2319 3952 3632 4032">
     <span class='ocr_line' id='line_1_97' title="bbox 2319 3952 3632 4032; baseline -0.003 -19"><span class='ocrx_word' id='word_1_504' title='bbox 2319 3958 2620 4032; x_wconf 78' lang='grc' dir='ltr'>Κρητίζειν.</span> <span class='ocrx_word' id='word_1_505' title='bbox 2659 3957 2803 4012; x_wconf 83' lang='grc' dir='ltr'><strong>Ἀντὶ</strong></span> <span class='ocrx_word' id='word_1_506' title='bbox 2832 3961 2932 4011; x_wconf 75' lang='grc' dir='ltr'><strong>τοῦ</strong></span> <span class='ocrx_word' id='word_1_507' title='bbox 2963 3953 3250 4029; x_wconf 76' lang='grc' dir='ltr'>ψεύδεσθαι</span> <span class='ocrx_word' id='word_1_508' title='bbox 3282 3952 3372 4008; x_wconf 77' lang='grc' dir='ltr'><strong>καὶ</strong></span> <span class='ocrx_word' id='word_1_509' title='bbox 3403 3952 3632 4023; x_wconf 70' lang='grc' dir='ltr'>ἀπατᾶν.</span> 
     </span>
    </p>
   </div>
   <div class='ocr_carea' id='block_1_96' title="bbox 2318 4134 3370 4211">
    <p class='ocr_par' dir='ltr' id='par_1_96' title="bbox 2318 4134 3370 4211">
     <span class='ocr_line' id='line_1_98' title="bbox 2318 4134 3370 4211; baseline -0.005 -20"><span class='ocrx_word' id='word_1_510' title='bbox 2318 4137 2609 4211; x_wconf 78' lang='grc' dir='ltr'>Καθώσπερ</span> <span class='ocrx_word' id='word_1_511' title='bbox 2640 4137 2694 4190; x_wconf 74' lang='grc' dir='ltr'>αἱ</span> <span class='ocrx_word' id='word_1_512' title='bbox 2722 4135 2893 4190; x_wconf 81' lang='grc' dir='ltr'>τίτθαι</span> <span class='ocrx_word' id='word_1_513' title='bbox 2926 4134 3141 4203; x_wconf 83' lang='grc' dir='ltr'>σιτίζεις</span> <span class='ocrx_word' id='word_1_514' title='bbox 3169 4137 3370 4194; x_wconf 82' lang='grc' dir='ltr'>κακῶς.</span> 
     </span>
    </p>
   </div>
   <div class='ocr_carea' id='block_1_97' title="bbox 2247 4344 3900 4416">
    <p class='ocr_par' dir='ltr' id='par_1_97' title="bbox 2247 4344 3900 4416">
     <span class='ocr_line' id='line_1_99' title="bbox 2247 4344 3900 4416; baseline -0.004 -9"><span class='ocrx_word' id='word_1_515' title='bbox 2247 4354 2378 4407; x_wconf 89' lang='lat' dir='ltr'><strong>dem</strong></span> <span class='ocrx_word' id='word_1_516' title='bbox 2411 4353 2651 4406; x_wconf 88' lang='lat' dir='ltr'><strong>reddere</strong></span> <span class='ocrx_word' id='word_1_517' title='bbox 2681 4354 2949 4416; x_wconf 88' lang='lat' dir='ltr'><strong>tenetur;</strong></span> <span class='ocrx_word' id='word_1_518' title='bbox 3001 4349 3174 4404; x_wconf 91' lang='lat' dir='ltr'><strong>debet</strong></span> <span class='ocrx_word' id='word_1_519' title='bbox 3215 4347 3372 4403; x_wconf 92' lang='lat' dir='ltr'><strong>enim</strong></span> <span class='ocrx_word' id='word_1_520' title='bbox 3403 4364 3416 4402; x_wconf 89' lang='lat'><strong>:</strong></span> <span class='ocrx_word' id='word_1_521' title='bbox 3467 4347 3515 4403; x_wconf 90' lang='lat' dir='ltr'><strong>si</strong></span> <span class='ocrx_word' id='word_1_522' title='bbox 3547 4361 3661 4401; x_wconf 91' lang='lat' dir='ltr'><strong>non</strong></span> <span class='ocrx_word' id='word_1_523' title='bbox 3692 4344 3900 4401; x_wconf 90' lang='lat' dir='ltr'><strong>vicerit</strong></span> 
     </span>
    </p>
   </div>
   <div class='ocr_carea' id='block_1_98' title="bbox 2247 4416 3897 4494">
    <p class='ocr_par' dir='ltr' id='par_1_98' title="bbox 2247 4416 3897 4494">
     <span class='ocr_line' id='line_1_100' title="bbox 2247 4416 3897 4494; baseline -0.003 -17"><span class='ocrx_word' id='word_1_524' title='bbox 2247 4425 2332 4478; x_wconf 88' lang='lat' dir='ltr'><strong>vel</strong></span> <span class='ocrx_word' id='word_1_525' title='bbox 2363 4426 2447 4479; x_wconf 88' lang='lat' dir='ltr'><strong>sic</strong></span> <span class='ocrx_word' id='word_1_526' title='bbox 2479 4439 2710 4494; x_wconf 89' lang='lat' dir='ltr'><strong>quoque</strong></span> <span class='ocrx_word' id='word_1_527' title='bbox 2742 4423 2977 4494; x_wconf 84' lang='lat' dir='ltr'><strong>reddere</strong></span> <span class='ocrx_word' id='word_1_528' title='bbox 3024 4420 3213 4494; x_wconf 69' lang='lat' dir='ltr'><strong>debet,</strong></span> <span class='ocrx_word' id='word_1_529' title='bbox 3252 4419 3408 4494; x_wconf 84' lang='lat' dir='ltr'><strong>quod</strong></span> <span class='ocrx_word' id='word_1_530' title='bbox 3457 4417 3645 4494; x_wconf 77' lang='lat' dir='ltr'><strong>victus</strong></span> <span class='ocrx_word' id='word_1_531' title='bbox 3685 4416 3782 4472; x_wconf 80' lang='lat' dir='ltr'><strong>sit.</strong></span> <span class='ocrx_word' id='word_1_532' title='bbox 3814 4418 3897 4472; x_wconf 82' lang='lat' dir='ltr'><strong>Ad</strong></span> 
     </span>
    </p>
   </div>
   <div class='ocr_carea' id='block_1_99' title="bbox 2249 4487 3898 4620">
    <p class='ocr_par' dir='ltr' id='par_1_99' title="bbox 2249 4487 3898 4620">
     <span class='ocr_line' id='line_1_101' title="bbox 2249 4487 3898 4620; baseline -0.003 -71"><span class='ocrx_word' id='word_1_533' title='bbox 2249 4512 2376 4620; x_wconf 57' lang='lat' dir='ltr'><strong>quae</strong></span> <span class='ocrx_word' id='word_1_534' title='bbox 2412 4487 2824 4566; x_wconf 47' lang='lat' dir='ltr'><strong>sic-respondit</strong></span> <span class='ocrx_word' id='word_1_535' title='bbox 2873 4493 3090 4548; x_wconf 89' lang='lat' dir='ltr'><strong>Sitias:</strong></span> <span class='ocrx_word' id='word_1_536' title='bbox 3141 4491 3201 4546; x_wconf 91' lang='lat' dir='ltr'><strong>Si</strong></span> <span class='ocrx_word' id='word_1_537' title='bbox 3247 4487 3456 4556; x_wconf 77' lang='lat' dir='ltr'><strong>vicero,</strong></span> <span class='ocrx_word' id='word_1_538' title='bbox 3507 4487 3750 4544; x_wconf 84' lang='lat' dir='ltr'><strong>reddere</strong></span> <span class='ocrx_word' id='word_1_539' title='bbox 3779 4505 3898 4544; x_wconf 91' lang='lat' dir='ltr'><strong>non</strong></span> 
     </span>
     <span class='ocr_line' id='line_1_102' title="bbox 2291 4559 3898 4620; baseline -0.004 0"><span class='ocrx_word' id='word_1_540' title='bbox 2291 4567 2468 4620; x_wconf 87' lang='lat' dir='ltr'><strong>ebeo:</strong></span> <span class='ocrx_word' id='word_1_541' title='bbox 2501 4566 2608 4620; x_wconf 89' lang='lat' dir='ltr'><strong>vici</strong></span> <span class='ocrx_word' id='word_1_542' title='bbox 2642 4565 2818 4620; x_wconf 88' lang='lat' dir='ltr'><strong>enim.</strong></span> <span class='ocrx_word' id='word_1_543' title='bbox 2853 4563 2913 4619; x_wconf 93' lang='lat' dir='ltr'><strong>Si</strong></span> <span class='ocrx_word' id='word_1_544' title='bbox 2960 4579 3076 4619; x_wconf 91' lang='lat' dir='ltr'><strong>non</strong></span> <span class='ocrx_word' id='word_1_545' title='bbox 3126 4562 3334 4620; x_wconf 88' lang='lat' dir='ltr'><strong>vicero.</strong></span> <span class='ocrx_word' id='word_1_546' title='bbox 3381 4577 3497 4615; x_wconf 92' lang='lat' dir='ltr'><strong>non</strong></span> <span class='ocrx_word' id='word_1_547' title='bbox 3527 4564 3726 4614; x_wconf 89' lang='lat' dir='ltr'><strong>teneor</strong></span> <span class='ocrx_word' id='word_1_548' title='bbox 3765 4559 3898 4614; x_wconf 87' lang='lat' dir='ltr'><strong>red-</strong></span> 
     </span>
    </p>
   </div>
   <div class='ocr_carea' id='block_1_100' title="bbox 2291 4559 3898 4631">
    <p class='ocr_par' dir='ltr' id='par_1_100' title="bbox 2291 4559 3898 4631">
     <span class='ocr_line' id='line_1_103' title="bbox 2291 4559 3898 4631; baseline -0.004 -11"><span class='ocrx_word' id='word_1_549' title='bbox 2291 4567 2468 4631; x_wconf 87' lang='lat' dir='ltr'><strong>ebeo;</strong></span> <span class='ocrx_word' id='word_1_550' title='bbox 2501 4559 2818 4620; x_wconf 55' lang='lat' dir='ltr'><strong>vici&#39;enim.</strong></span> <span class='ocrx_word' id='word_1_551' title='bbox 2853 4563 2913 4619; x_wconf 93' lang='lat' dir='ltr'><strong>Si</strong></span> <span class='ocrx_word' id='word_1_552' title='bbox 2960 4579 3076 4619; x_wconf 91' lang='lat' dir='ltr'><strong>non</strong></span> <span class='ocrx_word' id='word_1_553' title='bbox 3126 4562 3334 4627; x_wconf 89' lang='lat' dir='ltr'><strong>vicero,</strong></span> <span class='ocrx_word' id='word_1_554' title='bbox 3381 4577 3497 4615; x_wconf 93' lang='lat' dir='ltr'><strong>non</strong></span> <span class='ocrx_word' id='word_1_555' title='bbox 3527 4564 3726 4631; x_wconf 89' lang='lat' dir='ltr'><strong>teneor</strong></span> <span class='ocrx_word' id='word_1_556' title='bbox 3748 4559 3898 4631; x_wconf 48' lang='lat' dir='ltr'><strong>red;</strong></span> 
     </span>
    </p>
   </div>
   <div class='ocr_carea' id='block_1_101' title="bbox 2248 4629 3900 4708">
    <p class='ocr_par' dir='ltr' id='par_1_101' title="bbox 2248 4629 3900 4708">
     <span class='ocr_line' id='line_1_104' title="bbox 2248 4629 3900 4708; baseline -0.005 -16"><span class='ocrx_word' id='word_1_557' title='bbox 2248 4629 2643 4708; x_wconf 12' lang='lat' dir='ltr'><strong>dere;ineque</strong></span> <span class='ocrx_word' id='word_1_558' title='bbox 2691 4637 2846 4690; x_wconf 91' lang='lat' dir='ltr'><strong>enim</strong></span> <span class='ocrx_word' id='word_1_559' title='bbox 2893 4635 3093 4708; x_wconf 86' lang='lat' dir='ltr'><strong>debeo.</strong></span> <span class='ocrx_word' id='word_1_560' title='bbox 3145 4633 3408 4708; x_wconf 86' lang='lat' dir='ltr'><strong>Cumque</strong></span> <span class='ocrx_word' id='word_1_561' title='bbox 3446 4630 3685 4708; x_wconf 68' lang='lat' dir='ltr'><strong>judices</strong></span> <span class='ocrx_word' id='word_1_562' title='bbox 3729 4629 3900 4708; x_wconf 76' lang='lat' dir='ltr'><strong>dubii</strong></span> 
     </span>
    </p>
   </div>
   <div class='ocr_carea' id='block_1_102' title="bbox 2249 4700 3899 4773">
    <p class='ocr_par' dir='ltr' id='par_1_102' title="bbox 2249 4700 3899 4773">
     <span class='ocr_line' id='line_1_105' title="bbox 2249 4700 3899 4773; baseline -0.004 -11"><span class='ocrx_word' id='word_1_563' title='bbox 2249 4700 2733 4773; x_wconf 75' lang='lat' dir='ltr'><strong>distraherentur,</strong></span> <span class='ocrx_word' id='word_1_564' title='bbox 2783 4706 3018 4761; x_wconf 84' lang='lat' dir='ltr'><strong>tandem</strong></span> <span class='ocrx_word' id='word_1_565' title='bbox 3062 4700 3500 4758; x_wconf 52' lang='lat' dir='ltr'><strong>exclai&#39;na&#39;runt&#39;:</strong></span> <span class='ocrx_word' id='word_1_566' title='bbox 3551 4700 3688 4773; x_wconf 84' lang='lat' dir='ltr'><strong>Mali</strong></span> <span class='ocrx_word' id='word_1_567' title='bbox 3739 4701 3899 4773; x_wconf 79' lang='lat' dir='ltr'><strong>corvi</strong></span> 
     </span>
    </p>
   </div>
   <div class='ocr_carea' id='block_1_103' title="bbox 2249 4771 3897 4848">
    <p class='ocr_par' dir='ltr' id='par_1_103' title="bbox 2249 4771 3897 4848">
     <span class='ocr_line' id='line_1_106' title="bbox 2249 4771 3897 4848; baseline -0.005 -14"><span class='ocrx_word' id='word_1_568' title='bbox 2249 4781 2468 4834; x_wconf 89' lang='lat' dir='ltr'><strong>malum</strong></span> <span class='ocrx_word' id='word_1_569' title='bbox 2502 4795 2694 4834; x_wconf 92' lang='lat' dir='ltr'><strong>ovum.</strong></span> <span class='ocrx_word' id='word_1_570' title='bbox 2719 4771 2843 4833; x_wconf 85' lang='lat' dir='ltr'><strong>Sive</strong></span> <span class='ocrx_word' id='word_1_571' title='bbox 2875 4778 3029 4848; x_wconf 91' lang='lat' dir='ltr'><strong>quod</strong></span> <span class='ocrx_word' id='word_1_572' title='bbox 3059 4776 3239 4830; x_wconf 80' lang='lat' dir='ltr'><strong>Corax</strong></span> <span class='ocrx_word' id='word_1_573' title='bbox 3269 4773 3518 4848; x_wconf 76' lang='lat' dir='ltr'><strong>(corvus)</strong></span> <span class='ocrx_word' id='word_1_574' title='bbox 3544 4771 3765 4848; x_wconf 86' lang='lat' dir='ltr'><strong>animal</strong></span> <span class='ocrx_word' id='word_1_575' title='bbox 3798 4773 3897 4848; x_wconf 73' lang='lat' dir='ltr'><strong>sit,</strong></span> 
     </span>
    </p>
   </div>
   <div class='ocr_carea' id='block_1_104' title="bbox 2247 4844 3897 4932">
    <p class='ocr_par' dir='ltr' id='par_1_104' title="bbox 2247 4844 3897 4932">
     <span class='ocr_line' id='line_1_107' title="bbox 2247 4844 3897 4932; baseline -0.005 -26"><span class='ocrx_word' id='word_1_576' title='bbox 2247 4851 2694 4932; x_wconf 40' lang='lat' dir='ltr'><strong>ovumque‘ejus</strong></span> <span class='ocrx_word' id='word_1_577' title='bbox 2745 4849 2815 4903; x_wconf 89' lang='lat' dir='ltr'><strong>ad</strong></span> <span class='ocrx_word' id='word_1_578' title='bbox 2873 4844 3223 4932; x_wconf 73' lang='lat' dir='ltr'><strong>vescendum</strong></span> <span class='ocrx_word' id='word_1_579' title='bbox 3278 4844 3527 4901; x_wconf 88' lang='lat' dir='ltr'><strong>inutile:</strong></span> <span class='ocrx_word' id='word_1_580' title='bbox 3586 4844 3704 4932; x_wconf 60' lang='lat' dir='ltr'><strong>sive</strong></span> <span class='ocrx_word' id='word_1_581' title='bbox 3735 4844 3897 4914; x_wconf 91' lang='lat' dir='ltr'><strong>quod</strong></span> 
     </span>
    </p>
   </div>
   <div class='ocr_carea' id='block_1_105' title="bbox 2246 4914 3897 4991">
    <p class='ocr_par' dir='ltr' id='par_1_105' title="bbox 2246 4914 3897 4991">
     <span class='ocr_line' id='line_1_108' title="bbox 2246 4914 3897 4991; baseline -0.005 -15"><span class='ocrx_word' id='word_1_582' title='bbox 2246 4914 2456 4977; x_wconf 72' lang='lat' dir='ltr'><strong>corvus</strong></span> <span class='ocrx_word' id='word_1_583' title='bbox 2513 4914 2613 4975; x_wconf 80' lang='lat' dir='ltr'><strong>ubi</strong></span> <span class='ocrx_word' id='word_1_584' title='bbox 2655 4922 2781 4991; x_wconf 85' lang='lat' dir='ltr'><strong>jam</strong></span> <span class='ocrx_word' id='word_1_585' title='bbox 2840 4921 2909 4974; x_wconf 92' lang='lat' dir='ltr'><strong>ad</strong></span> <span class='ocrx_word' id='word_1_586' title='bbox 2987 4923 3341 4991; x_wconf 75' lang='lat' dir='ltr'><strong>senectutem</strong></span> <span class='ocrx_word' id='word_1_587' title='bbox 3419 4914 3700 4991; x_wconf 66' lang='lat' dir='ltr'><strong>pervenit,</strong></span> <span class='ocrx_word' id='word_1_588' title='bbox 3757 4930 3897 4991; x_wconf 81' lang='lat' dir='ltr'><strong>cum</strong></span> 
     </span>
    </p>
   </div>
   <div class='ocr_carea' id='block_1_106' title="bbox 2265 4985 3907 5062">
    <p class='ocr_par' dir='ltr' id='par_1_106' title="bbox 2265 4985 3907 5062">
     <span class='ocr_line' id='line_1_109' title="bbox 2265 4985 3907 5062; baseline -0.004 -16"><span class='ocrx_word' id='word_1_589' title='bbox 2265 4993 2434 5048; x_wconf 74' lang='lat' dir='ltr'><strong>)ullos</strong></span> <span class='ocrx_word' id='word_1_590' title='bbox 2467 5009 2604 5046; x_wconf 89' lang='lat' dir='ltr'><strong>suos</strong></span> <span class='ocrx_word' id='word_1_591' title='bbox 2636 4985 2786 5046; x_wconf 73' lang='lat' dir='ltr'><strong>alere</strong></span> <span class='ocrx_word' id='word_1_592' title='bbox 2818 5007 2930 5045; x_wconf 90' lang='lat' dir='ltr'><strong>non</strong></span> <span class='ocrx_word' id='word_1_593' title='bbox 2957 4990 3160 5062; x_wconf 86' lang='lat' dir='ltr'><strong>possit,</strong></span> <span class='ocrx_word' id='word_1_594' title='bbox 3193 4985 3451 5059; x_wconf 84' lang='lat' dir='ltr'><strong>seipsum</strong></span> <span class='ocrx_word' id='word_1_595' title='bbox 3475 4985 3594 5042; x_wconf 88' lang='lat' dir='ltr'><strong>illis</strong></span> <span class='ocrx_word' id='word_1_596' title='bbox 3621 4986 3685 5062; x_wconf 62' lang='lat' dir='ltr'><strong>iu</strong></span> <span class='ocrx_word' id='word_1_597' title='bbox 3711 4987 3907 5062; x_wconf 74' lang='lat' dir='ltr'><strong>pabu-</strong></span> 
     </span>
    </p>
   </div>
   <div class='ocr_carea' id='block_1_107' title="bbox 2245 5011 3900 5146">
    <p class='ocr_par' dir='ltr' id='par_1_107' title="bbox 2245 5011 3900 5146">
     <span class='ocr_line' id='line_1_110' title="bbox 2265 5011 3900 5062; baseline -0.004 -16"><span class='ocrx_word' id='word_1_598' title='bbox 2265 5011 2434 5048; x_wconf 83' lang='lat' dir='ltr'><strong>)UllOS</strong></span> <span class='ocrx_word' id='word_1_599' title='bbox 2467 5011 2604 5046; x_wconf 85' lang='lat' dir='ltr'><strong>suos</strong></span> <span class='ocrx_word' id='word_1_600' title='bbox 2636 5011 2786 5046; x_wconf 84' lang='lat' dir='ltr'><strong>alere</strong></span> <span class='ocrx_word' id='word_1_601' title='bbox 2818 5011 2930 5045; x_wconf 89' lang='lat' dir='ltr'><strong>non</strong></span> <span class='ocrx_word' id='word_1_602' title='bbox 2957 5011 3160 5062; x_wconf 78' lang='lat' dir='ltr'><strong>pOSSIL,</strong></span> <span class='ocrx_word' id='word_1_603' title='bbox 3193 5011 3451 5059; x_wconf 70' lang='lat' dir='ltr'><strong>selpsum</strong></span> <span class='ocrx_word' id='word_1_604' title='bbox 3476 5011 3594 5042; x_wconf 67' lang='lat' dir='ltr'><strong>uua</strong></span> <span class='ocrx_word' id='word_1_605' title='bbox 3624 5011 3680 5040; x_wconf 85' lang='lat' dir='ltr'><strong>lu</strong></span> <span class='ocrx_word' id='word_1_606' title='bbox 3712 5011 3900 5056; x_wconf 74' lang='lat' dir='ltr'><strong>pavu-</strong></span> 
     </span>
     <span class='ocr_line' id='line_1_111' title="bbox 2245 5011 3900 5146; baseline -0.004 -28"><span class='ocrx_word' id='word_1_607' title='bbox 2245 5011 2365 5119; x_wconf 80' lang='lat' dir='ltr'><strong>lum</strong></span> <span class='ocrx_word' id='word_1_608' title='bbox 2399 5066 2514 5146; x_wconf 78' lang='lat' dir='ltr'><strong>det,</strong></span> <span class='ocrx_word' id='word_1_609' title='bbox 2549 5065 2808 5134; x_wconf 81' lang='lat' dir='ltr'><strong>adeoque</strong></span> <span class='ocrx_word' id='word_1_610' title='bbox 2854 5062 2936 5116; x_wconf 91' lang='lat' dir='ltr'><strong>illi</strong></span> <span class='ocrx_word' id='word_1_611' title='bbox 2971 5066 3266 5133; x_wconf 87' lang='lat' dir='ltr'><strong>parentem</strong></span> <span class='ocrx_word' id='word_1_612' title='bbox 3298 5062 3588 5114; x_wconf 87' lang='lat' dir='ltr'><strong>devorent.</strong></span> <span class='ocrx_word' id='word_1_613' title='bbox 3641 5054 3809 5113; x_wconf 90' lang='lat' dir='ltr'><strong>Unde</strong></span> <span class='ocrx_word' id='word_1_614' title='bbox 3841 5062 3900 5113; x_wconf 90' lang='lat' dir='ltr'><strong>et</strong></span> 
     </span>
    </p>
   </div>
   <div class='ocr_carea' id='block_1_108' title="bbox 2246 5151 2546 5207">
    <p class='ocr_par' dir='ltr' id='par_1_108' title="bbox 2246 5151 2546 5207">
     <span class='ocr_line' id='line_1_112' title="bbox 2246 5151 2546 5207; baseline -0.01 -16"><span class='ocrx_word' id='word_1_615' title='bbox 2246 5151 2546 5207; x_wconf 76' lang='lat' dir='ltr'><strong>parmmla.</strong></span> 
     </span>
    </p>
   </div>
   <div class='ocr_carea' id='block_1_109' title="bbox 2317 5198 3900 5277">
    <p class='ocr_par' dir='ltr' id='par_1_109' title="bbox 2317 5198 3900 5277">
     <span class='ocr_line' id='line_1_113' title="bbox 2317 5198 3900 5277; baseline -0.007 -16"><span class='ocrx_word' id='word_1_616' title='bbox 2317 5210 2392 5277; x_wconf 79' lang='grc' dir='ltr'><strong>(ὃ)</strong></span> <span class='ocrx_word' id='word_1_617' title='bbox 2427 5207 2501 5261; x_wconf 92' lang='lat' dir='ltr'><strong>De</strong></span> <span class='ocrx_word' id='word_1_618' title='bbox 2530 5203 2736 5261; x_wconf 89' lang='lat' dir='ltr'><strong>Cleone</strong></span> <span class='ocrx_word' id='word_1_619' title='bbox 2785 5205 3006 5277; x_wconf 79' lang='lat' dir='ltr'><strong>dictum</strong></span> <span class='ocrx_word' id='word_1_620' title='bbox 3058 5207 3180 5256; x_wconf 82' lang='lat' dir='ltr'><strong>est:</strong></span> <span class='ocrx_word' id='word_1_621' title='bbox 3226 5201 3323 5273; x_wconf 92' lang='lat' dir='ltr'><strong>qui</strong></span> <span class='ocrx_word' id='word_1_622' title='bbox 3371 5216 3533 5277; x_wconf 85' lang='lat' dir='ltr'><strong>_cum_</strong></span> <span class='ocrx_word' id='word_1_623' title='bbox 3569 5198 3627 5253; x_wconf 91' lang='lat' dir='ltr'><strong>in</strong></span> <span class='ocrx_word' id='word_1_624' title='bbox 3658 5199 3900 5277; x_wconf 79' lang='lat' dir='ltr'><strong>paucis-</strong></span> 
     </span>
    </p>
   </div>
   <div class='ocr_carea' id='block_1_110' title="bbox 2245 5270 3898 5348">
    <p class='ocr_par' dir='ltr' id='par_1_110' title="bbox 2245 5270 3898 5348">
     <span class='ocr_line' id='line_1_114' title="bbox 2245 5270 3898 5348; baseline -0.004 -18"><span class='ocrx_word' id='word_1_625' title='bbox 2245 5270 2412 5332; x_wconf 76' lang='lat' dir='ltr'><strong>simis</strong></span> <span class='ocrx_word' id='word_1_626' title='bbox 2469 5277 2682 5348; x_wconf 92' lang='lat' dir='ltr'><strong>populo</strong></span> <span class='ocrx_word' id='word_1_627' title='bbox 2741 5275 3187 5348; x_wconf 73' lang='lat' dir='ltr'><strong>gratiﬁcaretur,</strong></span> <span class='ocrx_word' id='word_1_628' title='bbox 3243 5270 3453 5327; x_wconf 55' lang='lat' dir='ltr'><strong>&#39;multa</strong></span> <span class='ocrx_word' id='word_1_629' title='bbox 3520 5271 3773 5341; x_wconf 89' lang='lat' dir='ltr'><strong>ipsemet</strong></span> <span class='ocrx_word' id='word_1_630' title='bbox 3838 5270 3898 5348; x_wconf 86' lang='lat' dir='ltr'><strong>i_n</strong></span> 
     </span>
    </p>
   </div>
   <div class='ocr_carea' id='block_1_111' title="bbox 2248 5342 3900 5415">
    <p class='ocr_par' dir='ltr' id='par_1_111' title="bbox 2248 5342 3900 5415">
     <span class='ocr_line' id='line_1_115' title="bbox 2248 5342 3900 5415; baseline -0.004 -13"><span class='ocrx_word' id='word_1_631' title='bbox 2248 5351 2406 5403; x_wconf 89' lang='lat' dir='ltr'><strong>lucru</strong></span> <span class='ocrx_word' id='word_1_632' title='bbox 2419 5342 2485 5402; x_wconf 67' lang='lat' dir='ltr'><strong>ni</strong></span> <span class='ocrx_word' id='word_1_633' title='bbox 2499 5342 2670 5402; x_wconf 83' lang='lat' dir='ltr'><strong>suum</strong></span> <span class='ocrx_word' id='word_1_634' title='bbox 2695 5342 3084 5401; x_wconf 73' lang='lat' dir='ltr'><strong>convertebat.</strong></span> <span class='ocrx_word' id='word_1_635' title='bbox 3104 5345 3428 5415; x_wconf 88' lang='lat' dir='ltr'><strong>Usurpatur</strong></span> <span class='ocrx_word' id='word_1_636' title='bbox 3445 5348 3640 5415; x_wconf 81' lang='lat' dir='ltr'><strong>autem</strong></span> <span class='ocrx_word' id='word_1_637' title='bbox 3655 5342 3900 5411; x_wconf 88' lang='lat' dir='ltr'><strong>quando</strong></span> 
     </span>
    </p>
   </div>
   <div class='ocr_carea' id='block_1_112' title="bbox 2245 5413 3905 5490">
    <p class='ocr_par' dir='ltr' id='par_1_112' title="bbox 2245 5413 3905 5490">
     <span class='ocr_line' id='line_1_116' title="bbox 2245 5413 3905 5490; baseline -0.004 -19"><span class='ocrx_word' id='word_1_638' title='bbox 2245 5421 2375 5490; x_wconf 80' lang='lat' dir='ltr'><strong>quis</strong></span> <span class='ocrx_word' id='word_1_639' title='bbox 2408 5419 2652 5487; x_wconf 85' lang='lat' dir='ltr'><strong>alicujus</strong></span> <span class='ocrx_word' id='word_1_640' title='bbox 2687 5419 2766 5472; x_wconf 87' lang='lat' dir='ltr'><strong>rei</strong></span> <span class='ocrx_word' id='word_1_641' title='bbox 2797 5418 2981 5490; x_wconf 80' lang='lat' dir='ltr'><strong>gratia</strong></span> <span class='ocrx_word' id='word_1_642' title='bbox 3005 5413 3303 5486; x_wconf 78' lang='lat' dir='ltr'><strong>acceptam</strong></span> <span class='ocrx_word' id='word_1_643' title='bbox 3351 5413 3683 5490; x_wconf 83' lang='lat' dir='ltr'><strong>cujuspiam</strong></span> <span class='ocrx_word' id='word_1_644' title='bbox 3728 5428 3905 5482; x_wconf 83' lang='lat' dir='ltr'><strong>pecu-</strong></span> 
     </span>
    </p>
   </div>
   <div class='ocr_carea' id='block_1_113' title="bbox 2245 5486 3900 5546">
    <p class='ocr_par' dir='ltr' id='par_1_113' title="bbox 2245 5486 3900 5546">
     <span class='ocr_line' id='line_1_117' title="bbox 2245 5486 3900 5546; baseline -0.004 -1"><span class='ocrx_word' id='word_1_645' title='bbox 2245 5486 2401 5546; x_wconf 76' lang='lat' dir='ltr'><strong>niam</strong></span> <span class='ocrx_word' id='word_1_646' title='bbox 2428 5486 2738 5545; x_wconf 83' lang='lat' dir='ltr'><strong>consumit.</strong></span> <span class='ocrx_word' id='word_1_647' title='bbox 2801 5486 2945 5544; x_wconf 78' lang='lat' dir='ltr'><strong>Nam</strong></span> <span class='ocrx_word' id='word_1_648' title='bbox 2996 5494 3252 5543; x_wconf 79' lang='lat' dir='ltr'><strong>nutrices</strong></span> <span class='ocrx_word' id='word_1_649' title='bbox 3311 5486 3672 5541; x_wconf 83' lang='lat' dir='ltr'><strong>nutrimenta</strong></span> <span class='ocrx_word' id='word_1_650' title='bbox 3725 5499 3900 5539; x_wconf 85' lang='lat' dir='ltr'><strong>man-</strong></span> 
     </span>
    </p>
   </div>
   <div class='ocr_carea' id='block_1_114' title="bbox 2243 5557 3896 5630">
    <p class='ocr_par' dir='ltr' id='par_1_114' title="bbox 2243 5557 3896 5630">
     <span class='ocr_line' id='line_1_118' title="bbox 2243 5557 3896 5630; baseline -0.004 -13"><span class='ocrx_word' id='word_1_651' title='bbox 2243 5565 2466 5627; x_wconf 84' lang='lat' dir='ltr'><strong>dentes,</strong></span> <span class='ocrx_word' id='word_1_652' title='bbox 2501 5578 2598 5616; x_wconf 90' lang='lat' dir='ltr'><strong>ore</strong></span> <span class='ocrx_word' id='word_1_653' title='bbox 2631 5579 2736 5616; x_wconf 91' lang='lat' dir='ltr'><strong>suo</strong></span> <span class='ocrx_word' id='word_1_654' title='bbox 2758 5560 3088 5623; x_wconf 86' lang='lat' dir='ltr'><strong>extrahunt,</strong></span> <span class='ocrx_word' id='word_1_655' title='bbox 3113 5563 3165 5613; x_wconf 88' lang='lat' dir='ltr'><strong>et</strong></span> <span class='ocrx_word' id='word_1_656' title='bbox 3191 5573 3505 5630; x_wconf 90' lang='lat' dir='ltr'><strong>puerorum</strong></span> <span class='ocrx_word' id='word_1_657' title='bbox 3534 5557 3857 5630; x_wconf 80' lang='lat' dir='ltr'><strong>imponunt</strong></span> <span class='ocrx_word' id='word_1_658' title='bbox 3884 5573 3896 5610; x_wconf 94' lang='lat'><strong>:</strong></span> 
     </span>
    </p>
   </div>
   <div class='ocr_carea' id='block_1_115' title="bbox 2246 5626 3902 5706">
    <p class='ocr_par' dir='ltr' id='par_1_115' title="bbox 2246 5626 3902 5706">
     <span class='ocr_line' id='line_1_119' title="bbox 2246 5626 3902 5706; baseline -0.002 -19"><span class='ocrx_word' id='word_1_659' title='bbox 2246 5635 2397 5688; x_wconf 84' lang='lat' dir='ltr'><strong>unde</strong></span> <span class='ocrx_word' id='word_1_660' title='bbox 2430 5626 2735 5706; x_wconf 76' lang='lat' dir='ltr'><strong>contingit,</strong></span> <span class='ocrx_word' id='word_1_661' title='bbox 2799 5637 2861 5686; x_wconf 88' lang='lat' dir='ltr'><strong>ut</strong></span> <span class='ocrx_word' id='word_1_662' title='bbox 2895 5632 3002 5686; x_wconf 78' lang='lat' dir='ltr'><strong>illa:</strong></span> <span class='ocrx_word' id='word_1_663' title='bbox 3061 5626 3229 5703; x_wconf 78' lang='lat' dir='ltr'><strong>pauci</strong></span> <span class='ocrx_word' id='word_1_664' title='bbox 3289 5631 3485 5703; x_wconf 87' lang='lat' dir='ltr'><strong>pueris</strong></span> <span class='ocrx_word' id='word_1_665' title='bbox 3534 5628 3693 5696; x_wconf 88' lang='lat' dir='ltr'><strong>dent,</strong></span> <span class='ocrx_word' id='word_1_666' title='bbox 3725 5626 3902 5699; x_wconf 81' lang='lat' dir='ltr'><strong>plura</strong></span> 
     </span>
    </p>
   </div>
   <div class='ocr_carea' id='block_1_116' title="bbox 2243 5704 2827 5780">
    <p class='ocr_par' dir='ltr' id='par_1_116' title="bbox 2243 5704 2827 5780">
     <span class='ocr_line' id='line_1_120' title="bbox 2243 5704 2827 5780; baseline -0.007 -17"><span class='ocrx_word' id='word_1_667' title='bbox 2243 5712 2438 5764; x_wconf 88' lang='lat' dir='ltr'><strong>autem</strong></span> <span class='ocrx_word' id='word_1_668' title='bbox 2473 5705 2612 5780; x_wconf 68' lang='lat' dir='ltr'><strong>ipse</strong></span> <span class='ocrx_word' id='word_1_669' title='bbox 2633 5704 2827 5765; x_wconf 62' lang='lat' dir='ltr'><strong>Edent.</strong></span> 
     </span>
    </p>
   </div>
  </div>
