4110 6434
241 523 334 584 461
703 521 706 524 ’
1368 516 1999 587 PROVEBBIORUM
2044 521 2494 583 COLLECTlU.

1894 652 1948 720 Α
2053 654 2213 709 Canis
2241 658 2314 710 ad
2335 673 2494 711 suum
2521 657 2806 711 vomitum.

301 655 444 710 Κύων
479 654 566 709 ἐπὶ
599 656 690 710 τὸν
721 651 866 710 ἴδιον
898 651 1111 728 ἔμετον.

303 744 395 799 Κᾶν
429 743 516 799 ἐπὶ
546 748 646 798 τοῦ
675 748 864 818 νεκροῦ
891 743 1206 820 κερδαίνειν.

300 831 527 887 Κατόπιν
609 833 800 908 ἑορτῆς
876 831 1046 902 ἥκεις.
1097 833 1217 887 Ἐπὶ
1277 837 1382 887 τῶν
1465 831 1636 887 καλοῦ
1693 828 1862 907 πράγ-

243 942 395 995 ματος
425 919 568 975 ἆπολ
580 941 593 973 ι
603 941 779 993 μπανο
790 919 883 993 μὲν
893 944 964 976 ων
973 965 985 978 .

298 1007 597 1088 Κολοφῶνα
645 1008 933 1080 ἐπέθηκας.
983 1011 1139 1065 Ἤτοι
1185 1009 1249 1064 τὸ
1295 1008 1502 1066 τέλειον
1566 1007 1656 1063 καὶ
1717 1000 1868 1077 πλῆ-

239 1120 335 1173 pes.

297 1188 438 1243 Κατὰ
470 1186 597 1262 ῥοῦν
627 1187 864 1265 φέρεται.

299 1281 556 1352 Καρκῖνος
585 1273 770 1350 λαγὼν
797 1272 957 1350 αἴρει.
993 1275 1112 1330 Ἐπὶ
1141 1280 1248 1330 τῶν
1282 1272 1574 1331 ἀδυνάτων.

238 1363 374 1419 Κενοὶ
401 1365 532 1419 κενά
566 1363 942 1439 βουλεύονται.

300 1453 552 1528 Κεστρεὺς
582 1452 846 1523 νηστεύει.
878 1452 1001 1507 Ἐπὶ
1053 1456 1160 1508 τῶν
1211 1452 1556 1528 λαιμάργων·
1591 1448 1868 1521 ἄπληστον

239 1539 286 1598 δὲ
310 1542 370 1596 τὸ
403 1545 542 1611 ζῶον
553 1585 565 1599 .

299 1632 455 1707 Κριὸς
518 1635 743 1709 τροφεῖα
818 1630 1086 1686 ἀπέτισεν.
1150 1631 1268 1686 Ἐπὶ
1340 1634 1444 1684 τῶν
1533 1628 1866 1705 ἀχαρίστων.

232 1721 286 1773 Οἱ
336 1720 437 1796 γὰρ
495 1719 643 1796 κριοὶ
699 1718 788 1773 καὶ
843 1720 940 1780 τὰς
998 1719 1198 1797 φάτνας
1240 1717 1546 1789 πλήττουσι
1597 1717 1686 1772 καὶ
1742 1717 1868 1780 τοὺς

229 1807 512 1884 θρέψαντας
523 1852 536 1864 .

291 1897 434 1952 Κακὰ
489 1897 584 1970 μὲν
632 1895 837 1972 θρίπες,
884 1895 1023 1950 κακὰ
1067 1893 1114 1950 δ’
1164 1892 1300 1958 ἶπες.
1356 1898 1561 1973 ’Ἄμφω
1607 1897 1713 1971 γὰρ
1769 1895 1866 1950 λυ-

3506 527 3628 586 462

2044 745 2116 798 De
2145 749 2356 800 mortuo
2384 749 2553 800 etiam
2583 745 2933 815 lucrifacere.

2050 837 2180 887 Post
2209 834 2410 902 festum
2437 836 2606 890 venis.
2655 838 2732 890 De
2762 834 2835 889 iis
2863 835 2963 906 qui
3011 835 3308 907 praestanti
3341 835 3621 907 quapiam

1978 935 2038 974 re
2068 937 2177 975 sua
2207 922 2577 978 cunctatione
2609 923 2988 978 frustrantur.

2051 1008 2408 1080 Colophonem
2448 1013 2776 1082 imposuisti.
2810 1011 2953 1068 Rem
3009 1010 3299 1083 perfecisti
3343 1014 3400 1067 et
3429 1012 3626 1070 absol-

1978 1096 2110 1153 visti
2123 1139 2136 1153 .

2055 1186 2292 1243 Secundo
2320 1197 2456 1244 astu
2481 1191 2661 1260 fertur
2690 1190 2788 1260 (1).

2054 1275 2260 1331 Cancer
2288 1277 2526 1349 leporem
2548 1278 2714 1334 tollit.
2748 1277 2828 1332 De
2858 1277 3350 1350 impossibilibus.

2049 1368 2248 1421 Inanes
2275 1367 2469 1422 inania
2497 1367 2829 1422 consultant.

2048 1454 2236 1524 Mugit
2253 1455 2493 1527 jejunat.
2524 1457 2586 1511 In
2615 1455 2780 1512 valde
2807 1471 3063 1513 voraces.
3088 1455 3440 1529 Inexplebile
3467 1456 3625 1513 enim

1979 1540 2087 1598 hoc
2118 1542 2358 1598 animal.

2048 1631 2200 1686 Aries
2225 1632 2526 1688 mercedem
2554 1634 2893 1688 nutritio-nis
2931 1632 3216 1704 persolvit.
3248 1633 3328 1690 De
3357 1633 3627 1707 ingratis.

1975 1718 2198 1775 Arietes
2227 1720 2386 1775 enim
2420 1721 2721 1793 praesepia,
2764 1721 2984 1794 quique
3040 1720 3172 1779 illos
3216 1723 3509 1792 nutriunt,
3544 1723 3626 1780 fe-

1977 1806 2090 1863 rire
2118 1808 2328 1865 solent.

2046 1899 2188 1953 Mala
2229 1914 2315 1954 res
2346 1901 2570 1971 thripes,
2601 1900 2753 1954 malu
2785 1915 2870 1956 res
2899 1902 3035 1972 ipes.
3084 1901 3270 1956 Ambo
3299 1899 3456 1955 enim
3492 1915 3627 1957 ver-

232 1984 490 2060 μαντικοί.
525 1985 624 2040 Καὶ
655 1986 707 2040 οἳ
741 1985 836 2057 μὲν
863 1985 930 2040 τὰ
959 1983 1115 2054 ξύλα,
1145 1984 1198 2039 οἱ
1249 1981 1307 2038 δὲ
1333 1983 1530 2059 κέρατα
1579 1983 1859 2048 ἐσθίουσιν.

2022 2002 2100 2042 les
2131 1987 2284 2043 noxii
2320 2003 2333 2044 :
2368 2005 2503 2044 nam
2534 1987 2621 2043 illi
2650 1988 2830 2061 ligna,
2866 1989 2927 2045 bi
2958 2005 3138 2044 cornu
3169 1989 3443 2045 exedunt.

290 2168 512 2236 Λήμνια
564 2162 721 2220 κακά.
756 2164 892 2219 Ἀπὸ
947 2168 1053 2218 τῶν
1113 2162 1164 2218 ἐν
1225 2165 1436 2236 Λήμνῳ
1485 2167 1775 2237 γυναικῶν,
1807 2163 1863 2217 αἳ

227 2254 342 2317 τοὺς
375 2251 572 2329 ἄνδρας
604 2252 778 2307 αὐτῶν
805 2251 1136 2309 ἀπέκτειναν.

290 2343 515 2418 Λαγωὸς
587 2341 710 2418 περέ
792 2345 988 2416 πρεῶν.
1066 2341 1188 2396 Ἐπὶ
1258 2347 1364 2397 τῶν
1441 2339 1859 2397 κινδυνευόντων

226 2432 305 2488 καὶ
352 2429 796 2507 ἀγωνιζομένων·
847 2427 1033 2501 ἐπειδὴ
1083 2430 1329 2494 κάκεῖνος
1387 2431 1511 2508 περὶ
1577 2435 1682 2486 τῶν
1734 2431 1859 2485 ἑαυ-

224 2525 313 2576 τοῦ
340 2525 511 2594 κρεῶν
542 2519 747 2594 τρέχει.

289 2607 459 2671 Λύκος
522 2609 698 2681 μάτην
759 2608 964 2683 χανών·
1025 2608 1060 2676 ἢ
1120 2609 1294 2670 Λύκος
1362 2607 1482 2684 περὶ
1536 2606 1701 2685 φρέαρ
1760 2627 1858 2682 χο-

226 2699 378 2771 ρεύει.
413 2697 535 2752 Ἐπὶ
564 2700 673 2751 τῶν
712 2695 884 2770 μάτην
917 2697 1250 2754 πονούντων.

289 2786 462 2842 Λύκου
488 2784 685 2860 πτερὸν
718 2790 920 2854 ζητεῖς,
955 2785 1076 2840 Ἐπὶ
1104 2789 1212 2840 τῶν
1245 2782 1541 2841 ἀδυνάτων.

283 2874 437 2930 Λίνον
489 2873 630 2947 λίνῳ
676 2873 932 2936 κλώθεις.
973 2875 1094 2928 Ἐπὶ
1142 2879 1248 2928 τῶν
1298 2875 1365 2928 τὰ
1409 2873 1544 2929 αύτά
1588 2872 1852 2949 πραττόν-

217 2983 317 3018 των
347 2965 380 3032 ἢ
411 2961 711 3038 λεγόντων,
735 2963 770 3030 ἢ
803 2967 910 3016 τῶν
941 2960 1286 3032 κατάλληλα.

283 3052 453 3115 Λύκος
485 3051 641 3106 ἀετὸν
669 3050 875 3129 φεύγει.
913 3050 1033 3107 Ἐπὶ
1065 3050 1337 3129 ἀφύκτων.

282 3227 473 3285 Λύδιον
532 3227 702 3306 ἅρμα.
765 3228 882 3283 Ἐπὶ
935 3232 1044 3283 τῶν
1119 3228 1494 3305 τραχυτάτων.
1556 3229 1678 3300 Καὶ,
1738 3234 1851 3306 Παρ

216 3315 405 3373 Λύδιον
439 3317 521 3382 θὲε
532 3339 598 3378 ις.

281 3411 464 3479 Λευκῷ
492 3405 636 3478 λίθῳ
668 3404 834 3475 λευκὴ
865 3405 1096 3479 στάθμη.

273 3585 383 3640 Μία
413 3584 610 3659 λόχμη
646 3581 741 3639 δύο
773 3585 1052 3660 ἓριθακοὺς
1086 3583 1146 3638 ού
1177 3585 1380 3662 τρέφει.

275 3671 494 3744 Μηδική
527 3673 789 3747 τράπεζα.

275 3761 508 3825 Μέλιτος
542 3761 805 3836 μύστλον.
836 3762 954 3816 Ἐπί
985 3766 1081 3817 τοῦ
1111 3763 1238 3839 ἄγαν
1267 3759 1448 3832 ἡδέος.

273 3848 426 3921 Μηδὲ
488 3849 640 3923 μέλι,
705 3847 846 3923 μηδὲ
905 3848 1181 3923 μελίσσας.
1229 3851 1348 3905 Ἐπὶ
1395 3856 1503 3906 τῶν
1555 3872 1848 3928 παραιτου-

208 3939 374 4010 μὲνων
431 3939 633 4015 ἀγαθόν
690 3960 742 3994 τι
795 3940 981 3994 παθεῖν
1039 3937 1129 3994 διὰ
1190 3940 1280 3994 τὸν
1343 3937 1588 3996 κίνδυνον
1649 3941 1742 3996 τὸν
1802 3939 1853 3995 ἐν

204 4027 366 4100 αὐτῷ.

273 4119 361 4186 Μὴ
391 4117 531 4193 πρὸς
566 4112 762 4172 λέοντα
791 4114 989 4190 δορκὰς
1020 4117 1243 4191 ἅψωμαι
1278 4120 1449 4196 μάχῃ.

272 4212 466 4261 Μοσῶν
555 4203 700 4263 λεία.
759 4207 820 4260 Οἱ
884 4207 984 4282 γὰρ
1067 4206 1337 4284 περίοικοι
1421 4208 1550 4272 τοὺς
1634 4207 1849 4271 Μυσοὺς

209 4291 424 4364 tum»
435 4336 447 4349 .

277 4385 363 4451 Μὴ
437 4384 574 4440 κίνει
637 4387 966 4459 Καμάριναν.
1027 4384 1205 4457 Λίμνη
1289 4385 1355 4454 ἢν
1436 4385 1769 4462 ἀπηγόρευεν
1822 4387 1850 4440 ὁ

214 4471 457 4544 χρησμός
523 4477 930 4546 μετοχετεῖωαι·
979 4473 1030 4528 οἱ
1076 4470 1133 4528 δὲ
1182 4474 1518 4549 χρησάμενοι
1578 4476 1851 4551 παρακού-

217 4577 390 4622 σαντες
421 4555 632 4632 ἐελάϐη
641 4581 735 4615 σαν
747 4603 758 4614 .

2043 2167 2276 2222 Lemnia
2296 2168 2462 2222 mala.
2495 2167 2577 2222 Ex
2613 2167 2902 2223 Lemnicis
2933 2166 3282 2223 mulieribus
3322 2183 3448 2239 quis
3496 2183 3620 2223 ma-

1973 2252 2118 2309 ritos
2150 2271 2288 2310 suos
2311 2255 2670 2311 occiderunt.

2041 2346 2213 2415 Lepus
2239 2359 2341 2414 pro
2373 2344 2651 2401 carnibus.
2703 2346 2782 2401 De
2830 2345 2902 2400 iis
2934 2345 3035 2417 qui
3070 2343 3466 2416 periclitantes
3497 2345 3618 2401 for-

1970 2429 2106 2485 titer
2131 2430 2365 2486 interim
2396 2435 2659 2501 certant;
2690 2432 2857 2504 lepus
2918 2431 3131 2488 etenim
3182 2448 3284 2504 pro
3337 2430 3460 2489 suis
3493 2448 3617 2489 car-

1971 2518 2146 2574 nibus
2176 2519 2379 2575 currit.

2038 2609 2221 2679 Lupus
2265 2612 2488 2680 frustra
2535 2611 2776 2673 inhians,
2802 2608 2888 2664 vel
2921 2611 3104 2682 Lupus
3133 2610 3343 2666 circum
3388 2619 3613 2682 puteum

1965 2696 2149 2752 saltat.
2185 2703 2262 2752 De
2293 2697 2365 2753 iis
2395 2698 2495 2769 qui
2525 2699 2740 2755 frustra
2771 2698 2831 2753 in
2864 2715 2924 2754 re
2972 2699 3250 2770 quapiam
3281 2698 3569 2756 laborant.

2037 2787 2176 2856 Lupi
2202 2787 2320 2842 alas
2348 2789 2562 2857 quaeris.
2595 2787 2675 2842 De
2713 2787 3200 2859 impossibilibus.

2034 2877 2236 2930 Linum
2262 2876 2381 2931 lino
2407 2876 2787 2932 ronnectis.De
2817 2876 2888 2931 iis
2916 2877 3016 2947 qui
3048 2877 3251 2932 eadem
3280 2892 3383 2948 per
3401 2879 3606 2935 eadem

1965 2969 2147 3037 agunt
2175 2981 2278 3020 seu
2309 2965 2528 3021 dicunt.

2033 3054 2220 3123 Lupus
2247 3054 2494 3126 aquilam
2520 3056 2684 3126 fugit.
2735 3053 2815 3109 De
2847 3053 2918 3110 iis
2949 3069 3075 3125 qua
3107 3054 3284 3127 effugi
3322 3071 3436 3111 non
3467 3071 3603 3128 pos-

1964 3145 2122 3197 sunt.

2031 3231 2236 3302 Lydius
2263 3247 2474 3288 currus.
2521 3232 2602 3287 De
2650 3231 2901 3288 maxime
2947 3231 3216 3288 rudibus.
3260 3233 3348 3301 Et,
3392 3233 3605 3290 Praeter

1968 3319 2177 3390 Lydum
2196 3323 2392 3376 curris.

2035 3409 2167 3465 Albo
2198 3410 2376 3481 lapidi
2400 3412 2635 3465 amassis
2665 3410 2792 3466 alba
2821 3411 2920 3483 (2).

2035 3587 2214 3642 Unum
2238 3588 2554 3658 fruticetum
2577 3586 2710 3643 duos
2741 3587 3009 3644 erithacos
3036 3603 3147 3645 non
3176 3588 3280 3644 alit
3306 3588 3407 3660 (3).

2029 3673 2234 3730 Medica
2261 3691 2449 3730 mema
2478 3675 2578 3747 (4).
3149 3731 3154 3736 .

2029 3763 2202 3818 Mellis
2231 3763 2490 3819 medulla.
2521 3764 2602 3818 De
2633 3764 2807 3819 rebus
2832 3763 2998 3820 valde
3029 3764 3328 3821 dulcibus.

2029 3851 2134 3906 Nec
2161 3851 2292 3919 mel,
2321 3867 2424 3908 nec
2453 3867 2599 3923 apes.
2631 3851 2711 3906 De
2741 3851 2812 3908 iis
2845 3852 2944 3924 qui
2972 3851 3181 3910 nolunt
3209 3854 3430 3910 bonum
3462 3852 3605 3926 quid

1959 3938 2205 4010 experiri
2236 3940 2308 3994 ob
2339 3939 2666 4011 periculum
2702 3939 3010 3996 inhaerens.

2040 4117 2157 4176 Non
2195 4134 2319 4173 cum
2348 4118 2499 4173 leone
2525 4133 2699 4190 capra
2725 4118 2990 4174 decertem
3014 4118 3112 4190 (5).

2028 4213 2302 4282 Mysorum
2326 4206 2755 4278 praedeOpuli
2785 4207 2942 4262 enim
2965 4207 3140 4262 vicini
3170 4209 3360 4279 Mysos
3393 4208 3614 4278 deprae-

1959 4301 2272 4358 dabantur.

2031 4392 2110 4446 Ne
2163 4400 2378 4441 moveas
2427 4383 2798 4439 Camarinam.
2851 4384 3026 4439 Palus
3074 4388 3216 4453 erat,
3268 4399 3444 4454 quem
3491 4381 3606 4438 alio

1962 4477 2265 4533 deﬂectere
2294 4472 2595 4528 oraculum
2620 4475 2912 4540 vetuerat;
2945 4471 3046 4544 qui
3078 4477 3272 4528 autem
3303 4471 3612 4527 consulue-

1962 4570 2093 4622 rant
2151 4578 2432 4635 responso
2479 4578 2594 4616 non
2654 4561 3142 4632 obtemperantes,
3176 4561 3460 4616 damnum
3491 4559 3608 4616 sibi

1961 4654 2401 4712 contraxerunt.

285 4741 614 4811 Μωμήσεται
679 4737 892 4811 μᾶλλον
939 4739 974 4807 ἢ
1011 4741 1326 4812 μιμήσεται.
1359 4741 1480 4800 Ἐπὶ
1535 4744 1642 4795 τῶν
1702 4741 1858 4796 ἀπαι-

2039 4742 2273 4797 Facilius
2300 4747 2483 4810 carpet
2511 4754 2677 4810 quam
2705 4737 3039 4794 imitabitur.
3074 4738 3155 4794 De
3192 4737 3470 4792 indoctis.

223 4819 272 4878 δε
277 4823 410 4881 ύτων
420 4869 433 4882 .

284 4917 368 4984 Μὴ
397 4913 551 4971 παιδὶ
587 4915 883 4992 μάχαιραν.

283 5005 370 5072 Μὴ
398 5010 516 5068 τοῖς
548 5003 797 5080 ἀπείροις
827 5005 1146 5082 ἐγχειρίζειν
1174 5006 1488 5082 πράγματα.

285 5092 390 5148 Μία
416 5091 662 5170 χελιδὼν
686 5090 779 5170 ἔαρ
812 5093 875 5149 οὗ
905 5100 1074 5161 ποιεῖ,
1109 5093 1234 5152 οὐδὲ
1268 5095 1500 5170 μέλισσα
1533 5097 1681 5171 μέλι.

285 5274 470 5346 Νεκρῷ
498 5274 670 5344 μῦθον
700 5270 777 5332 εἷς
808 5267 901 5332 οὖς
930 5269 1130 5348 ἔλεγεν.
1168 5273 1288 5327 Ἐπὶ
1317 5276 1414 5328 τοῦ
1448 5273 1522 5346 μὴ
1556 5270 1860 5336 ἐπαΐοντοςο

217 5358 301 5410 καὶ
334 5357 418 5414 ἐπὶ
445 5364 556 5414 τῶν
588 5359 951 5430 ἀναισθήτων.

2033 4920 2109 4975 Ne
2136 4933 2302 4985 puero
2332 4916 2596 4987 gladium.

2039 5008 2313 5079 Imperitis
2342 5021 2449 5061 non
2479 5009 2610 5061 sunt
2636 5005 2904 5060 credenda
2932 5006 3168 5076 negotia.

2045 5097 2160 5153 Una
2189 5093 2424 5150 hirundo
2453 5109 2564 5150 non
2591 5093 2729 5167 facit
2756 5110 2850 5148 ver
2877 5109 2975 5148 nec
3003 5096 3123 5165 apis
3146 5109 3263 5150 una
3291 5095 3420 5150 mel.

2044 5275 2251 5330 Mortuo
2278 5272 2531 5345 fabulam
2561 5274 2623 5327 in
2651 5288 2852 5327 aurum
2896 5272 3184 5328 narrabat.
3230 5276 3308 5328 De
3340 5271 3486 5328 nihil
3517 5287 3620 5328 au-

1979 5363 2196 5434 diente,
2227 5367 2284 5418 et
2315 5363 2387 5418 de
2417 5361 2692 5434 stupidis.

285 5524 362 5593 (1)
405 5521 487 5576 De
530 5521 608 5576 iis
657 5521 758 5592 qui
807 5536 1083 5594 prospere
1144 5522 1438 5593 navigant,
1490 5527 1591 5579 aut
1624 5504 1872 5579 feliciter
1979 5523 2187 5580 thacus
2219 5526 2411 5594 autem
2446 5521 2670 5594 avicula
2697 5527 2786 5578 est
2817 5523 3097 5580 solitaria.

219 5597 416 5665 agunt.

285 5665 360 5746 (2)
384 5664 448 5746 In
489 5679 590 5746 eos
622 5663 726 5746 qui
781 5662 1030 5746 obscura
1065 5665 1643 5746 persequeobscura
1671 5664 1869 5721 decla-

222 5733 369 5809 rant.
395 5739 520 5809 _Aut
551 5735 622 5789 de
642 5733 721 5809 iis
753 5733 852 5806 qui
884 5735 1029 5790 nihil
1061 5733 1418 5809 intelligunt.

288 5808 363 5886 (3)
393 5807 459 5866 In
488 5821 590 5865 eos
618 5807 721 5878 qui
746 5821 814 5863 ex
844 5822 904 5864 re
936 5823 1113 5884 parva
1141 5806 1370 5865 lucrum
1402 5808 1696 5867 affectant.
1741 5807 1867 5865 Eri-

2050 5595 2126 5665 (4)
2158 5599 2234 5649 De
2281 5593 2598 5650 luxuriosis
2648 5611 2661 5650 :
2713 5595 2962 5652 delicata
3010 5597 3168 5652 enim
3220 5610 3426 5652 mensa
3474 5593 3624 5651 Medi

1981 5666 2318 5722 utebantur.

2051 5737 2128 5809 (5)
2163 5742 2237 5794 De
2268 5738 2340 5794 iis
2373 5737 2472 5810 qui
2504 5741 2642 5794 sunt
2671 5737 2893 5794 viribus
2919 5737 3195 5812 impares.
