4110 6430
494 460 612 520 463

565 584 797 647 Nebulas
823 589 1005 647 caedis.
1035 591 1115 648 De
1144 590 1629 664 impossibilibus.

563 678 730 735 Navis
755 680 1028 751 supplicat
1054 682 1239 752 petris.
1276 680 1356 736 De
1380 679 1547 737 valde
1576 682 1829 754 stupidis
1860 682 1956 753 (l).

561 947 836 1004 Novacula
862 948 927 1002 in
951 953 1125 1003 cotem
1152 947 1252 1018 (2).

562 1036 799 1107 Lignum
824 1051 1054 1092 curvum
1080 1052 1366 1108 nunquam
1394 1040 1625 1093 rectum.
1656 1036 1737 1092 De
1768 1035 2131 1108 incorrigibi-

492 1121 670 1180 libus.
1948 1162 1951 1165 -

561 1348 678 1405 Non
716 1349 863 1405 citra
909 1364 1070 1403 aram
1121 1348 1352 1404 consilio
1407 1348 1574 1403 locus.
1634 1347 1796 1413 Quod
1857 1350 1991 1403 ante
2047 1363 2138 1402 res

491 1436 947 1495 consultandum
969 1436 1190 1507 sit,non
1217 1436 1276 1491 in
1311 1435 1457 1509 ipsis
1480 1436 1674 1491 rebus.
1698 1435 1859 1491 Sicut
1889 1434 1989 1507 qui
2011 1434 2141 1492 bos-

491 1526 608 1583 tias
637 1524 755 1582 aris
784 1525 1116 1594 admovent,
1165 1539 1281 1580 non
1333 1524 1483 1581 facto
1525 1524 1652 1595 jam
1705 1540 1869 1579 sacro
1903 1522 2137 1579 consul-

490 1620 641 1671 tant.

518 1632 679 1761 alia.
709 1706 910 1760 iterum
946 1704 1153 1776 vulpes.
1189 1707 1378 1774 Deest,
1409 1704 1678 1775 capietur.
1711 1701 1817 1757 Illa
1854 1701 2009 1758 enim
2037 1701 2137 1758 ubi

493 1791 675 1850 semel
703 1792 940 1865 laqueos
962 1792 1185 1865 eﬂ‘ugit,
1219 1807 1335 1847 non
1365 1790 1580 1847 iterum
1611 1789 1858 1862 capitur.

564 1972 765 2028 Asinus
787 1974 959 2043 gestat
990 1972 1276 2042 mysteria.
1304 1969 1383 2025 De
1413 1969 1486 2026 iis
1514 1968 1729 2041 quibus
1772 1968 2011 2039 indigne
2044 1983 2136 2024 res
2165 1982 2213 2048 B

492 2060 694 2134 aliqua
720 2060 998 2117 creditur.

560 2151 723 2207 Asini
747 2150 999 2207 maxilw.
1030 2154 1095 2206 In
1124 2165 1379 2206 voraces.

565 2240 668 2297 Ubi
694 2241 844 2296 cervi
881 2255 1087 2296 cornua
1130 2238 1403 2310 abjiciunt
1447 2238 1564 2293 loca
1609 2239 1901 2293 inaccessa.
1949 2235 2028 2292 De
2060 2235 2135 2291 iis

490 2328 593 2403 qui
622 2328 1030 2402 occupationes
1055 2328 1269 2385 arduas
1293 2327 1565 2383 reddunt.

560 2508 721 2565 Domi
744 2508 978 2577 Milesia,
1020 2522 1132 2564 non
1179 2510 1364 2562 autem
1408 2505 1519 2561 hic.
1552 2505 1722 2561 Deiis
1751 2505 1851 2577 qui
1885 2503 1984 2559 ubi
2016 2519 2133 2559 non

490 2601 719 2669 oportet
751 2612 945 2653 mores
975 2600 1032 2653 et
1058 2596 1332 2652 instituta
1361 2611 1571 2667 parum
1592 2593 1910 2650 laudabilia
1941 2597 2132 2648 osten-

489 2690 637 2742 tant.
670 2685 935 2743 Milesius
961 2685 1117 2741 enim
1165 2685 1407 2757 quidam
1456 2683 1610 2756 apud
1663 2682 2131 2738 Lacedaemonios

488 2774 811 2832 orationem
842 2774 1063 2831 habens
1108 2778 1167 2829 et
1211 2772 1566 2829 domesticas
1598 2770 1835 2827 delicias
1884 2785 2133 2826 comme-

489 2880 747 2933 morans,
780 2862 889 2920 hoc
918 2862 1157 2919 audivit.

563 2955 779 3020 Vinum,
810 2969 840 3009 ο
864 2952 994 3023 ﬁlii,
1023 2969 1221 3008 verax.

553 3045 759 3102 Asinus
786 3046 849 3099 in
877 3042 1084 3115 paleas.

552 3134 739 3205 Neque
764 3133 1122 3205 compluitur,
1151 3146 1329 3202 neque
1356 3129 1469 3186 sole
1499 3127 1773 3183 aduritur.
1824 3126 1886 3181 In
1934 3123 2126 3198 stupi-

482 3221 673 3366 ἀοιῖῷ
702 3310 970 3381 lauderis,
999 3324 1070 3365 ne
1098 3310 1157 3364 in
1186 3306 1558 3380 parentalibus
1606 3303 1842 3375 quidem.
1895 3308 1970 3358 Do
2015 3301 2125 3358 ho-

481 3398 745 3455 minibus
775 3398 1061 3472 improbis
1090 3401 1147 3454 et
1176 3395 1396 3452 nullius
1430 3393 1617 3467 pretii.
1664 3391 1938 3449 Solebant
1965 3391 2124 3447 enim

479 3487 541 3543 in
574 3486 974 3561 parentalibus
1004 3486 1308 3541 defunctos
1339 3484 1598 3550 laudare,
1631 3482 1765 3538 licet
1813 3480 2125 3553 improbis-

486 3577 623 3633 simi
654 3576 923 3634 fuissent.

555 3666 699 3722 Testi
724 3665 881 3723 domo
906 3667 1127 3739 petitus.
1175 3668 1251 3720 De
1282 3663 1353 3720 iis
1384 3662 1485 3736 qui
1516 3666 1716 3718 contra
1747 3660 1971 3732 seipsos
2002 3662 2123 3714 tes-

482 3759 571 3813 tes
602 3756 952 3827 producunt.

549 3846 746 3901 Asinus
774 3847 921 3901 inter
949 3860 1098 3916 apes.
1132 3847 1210 3899 De
1240 3843 1312 3898 iis
1344 3842 1443 3915 qui
1474 3841 1531 3897 in
1585 3839 1739 3895 mala
1768 3837 2118 3894 inciderunt.

543 4023 745 4079 Asinus
774 4023 964 4096 lyram
992 4021 1241 4077 audiens.
1273 4020 1354 4076 De
1380 4017 1819 4090 insipientibus.

544 4114 713 4169 Asino
741 4114 863 4184 quis
889 4111 1139 4184 fabulam
1165 4111 1454 4177 narrabat,
1477 4108 1574 4163 ille
1600 4115 1790 4163 autem
1819 4121 1981 4161 aures
2008 4121 2118 4163 m0-

471 4201 647 4259 rebat.

535 4470 618 4525 Ea:
643 4469 837 4526 multis
854 4468 1034 4542 paleis
1058 4483 1258 4540 parum
1287 4469 1502 4537 fructus
1530 4465 1814 4537 reportavi
1842 4465 1939 4536 (3).

533 4558 729 4616 Coram
755 4558 922 4615 surdo
950 4557 1193 4613 disseris.

529 4649 609 4704 Ad
637 4649 953 4721 sepulcrum
978 4660 1227 4703 novercae
1252 4647 1451 4718 plorat.
1484 4644 1564 4700 De
1594 4642 1711 4698 illis
1749 4642 1848 4714 qui
1881 4641 2100 4715 aliquid

461 4739 594 4794 ﬁcte
624 4742 826 4811 agunt.

533 4826 736 4883 Multis
772 4829 966 4883 ictibus
1010 4827 1269 4882 domatur
1318 4840 1565 4897 quercus.
1619 4829 1695 4879 De
1753 4824 1925 4880 rebus
1979 4839 2108 4896 qum

460 4913 774 4970 difﬁculter
803 4915 1133 4987 capiuntur.

531 5003 832 5073 Antequam
855 5006 1035 5075 pisces
1064 5004 1291 5075 ceperis,
1342 5004 1585 5057 muriam
1634 5002 1851 5056 misces.
1905 5001 1984 5055 De
2029 4999 2101 5056 iis

455 5091 556 5164 qui
586 5096 851 5164 tempora
881 5097 1270 5148 antevertunt.

524 5180 690 5236 Canis
718 5182 956 5237 masculi
981 5184 1157 5236 multa
1184 5181 1410 5237 cubilia.
1446 5180 1524 5235 De
1555 5180 1626 5234 iis
1658 5178 1757 5251 qui
1791 5180 1848 5233 in
1882 5194 1974 5234 res
2004 5194 2100 5233 ve-

454 5284 659 5326 nereae
690 5269 1016 5341 praecipites
1047 5273 1318 5341 aguntur.

520 5357 673 5429 Saepe
701 5359 870 5413 etiam
897 5367 975 5414 est
1004 5358 1202 5413 stultus
1228 5357 1383 5413 valde
1410 5365 1714 5429 opportuna
1741 5358 1969 5413 locutus.

1540 460 1857 522 GEORGII
1902 459 2163 522 CYPRII
2210 462 2330 522 ΟΡ.
2377 460 2907 524 ΡΑΤΗΙΑΗΟΗᾸΞ

3780 466 3904 530 464

2165 593 2219 659 Α
2321 589 2563 669 Νεφέλας
2594 592 2815 663 ξαίνεις.
2848 593 2968 650 Ἐπὶ
2997 597 3108 651 τῶν
3138 593 3434 652 ἀδυνάτων.

2318 685 2460 742 Ναῦς
2544 681 2769 737 ἱκετεύει
2855 683 3073 758 πέτραν.
3137 685 3258 741 Ἐπὶ
3313 690 3421 742 τῶν
3481 683 3688 766 σφόδρα
3743 688 3896 743 ἀναι-

2249 767 2482 837 σθήτων.

2321 947 2499 1020 Ξυρὸς
2531 946 2605 1009 εἰς
2637 946 2860 1019 ἀκόνην.

2318 1034 2502 1089 Ξῦλον
2613 1035 2846 1112 ἀγκύλον
2958 1036 3203 1096 οὐδέποτ’
3279 1040 3439 1116 ὀρθόν
3450 1085 3463 1099 .

2250 1119 2614 1197 ἀδιορθώτων.

3556 1042 3678 1098 Ἐπὶ
3781 1049 3894 1100 τῶν

2320 1343 2392 1397 Οὐ
2449 1347 2595 1421 παρά
2654 1348 2840 1421 βωμὸν
2898 1346 2980 1403 δεῖ
3030 1349 3127 1411 τὰς
3166 1347 3573 1414 ὶπινοίας.⁸’οτι
3627 1354 3734 1428 πρὸ
3788 1357 3900 1408 τῶν

2248 1436 2580 1507 πραγμάτων
2654 1432 2736 1489 δεῖ
2802 1436 3173 1512 βουλεύεσθαι,
3233 1439 3320 1494 καὶ
3400 1442 3476 1513 μή
3552 1440 3603 1495 ἐν
3684 1441 3897 1512 αὐτοῖς,

2247 1523 2449 1596 Ὥσπερ
2505 1523 2595 1577 καὶ
2653 1525 2705 1577 οἱ
2760 1526 2827 1578 τά
2855 1525 2974 1601 ἱερά
3002 1528 3383 1603 προσάγοντες,
3422 1527 3485 1584 οὐ
3543 1531 3678 1603 μετὰ
3706 1531 3769 1586 τὸ
3798 1531 3896 1585 θῦ-

2247 1630 2331 1663 σαι
2369 1609 2719 1685 βουλεύονται
2749 1614 2875 1690 περὶ
2901 1614 3100 1670 αὐτῶν.

2317 1699 2427 1754 Οὐκ
2511 1700 2570 1755 ἂν
2657 1700 2808 1767 αὖθις
2896 1701 3145 1775 ἀλώπηξ.
3205 1707 3387 1762 Λείπει
3462 1707 3544 1779 τὸ,
3600 1706 3895 1765 ἁλώσεται.

2247 1787 2394 1858 Αὕτη
2452 1791 2553 1866 γάρ
2611 1792 2747 1863 ἅπαξ
2807 1790 3136 1871 διαφυγοῦσα
3185 1797 3282 1858 τὰς
3320 1795 3519 1871 πάγας,
3552 1796 3615 1852 οὐ
3645 1794 3898 1872 δεύτερον

2247 1876 2314 1933 άλ
2325 1877 2545 1937 ίσκεται.

2315 1969 2472 2029 "Ova;
2530 1970 2645 2045 ἄγει
2704 1973 2994 2046 μυστήρια.
3051 1972 3173 2026 Ἐπὶ
3244 1977 3351 2028 τῶν
3407 1973 3629 2045 ἀναξίως
3684 1995 3740 2029 τι
3800 1975 3899 2049 ἐμ-

2242 2058 2701 2130 πεπιστευμένων.

2313 2148 2474 2200 ’Ὀνου
2501 2148 2705 2222 γνάθοι.
2742 2147 2835 2211 Εἲς
2865 2148 3199 2227 πολυφάγον.

2314 2240 2485 2292 Ὅπου
2568 2235 2759 2317 ἔλαφοι
2837 2241 2904 2294 τά
2981 2242 3179 2315 κέρατα
3257 2236 3658 2316 ἀποϐάλλουσι,
3729 2243 3893 2299 τόποι

2245 2319 2520 2382 δύσϐατοι.
2573 2327 2693 2381 Ἐπὶ
2749 2332 2854 2381 τῶν
2914 2326 3169 2404 ἐργώδεις
3229 2330 3399 2405 εὑρεῖν
3457 2331 3553 2393 τὰς
3609 2328 3896 2407 διατριϐὰς

2242 2415 2608 2488 ποιουμένων.
2642 2417 2704 2469 Οἱ
2767 2418 2861 2489 μὲν
2915 2419 3019 2493 γάρ
3069 2417 3167 2473 οὐκ
3212 2416 3289 2473 ’ἐτ’
3344 2419 3498 2491 εἰσὶν,
3531 2421 3583 2475 oi
3634 2417 3682 2474 δ’
3737 2417 3896 2485 ὄντες

2241 2503 2420 2559 κακοί.

2313 2590 2463 2646 Οἶενοι
2522 2595 2588 2647 τά
2654 2593 2918 2667 Μιλήσια,
2980 2596 3056 2667 μὴ
3134 2597 3237 2672 γὰρ
3315 2594 3517 2661 ἐνθάδε.
3578 2598 3701 2653 Ἐπὶ
3782 2604 3892 2654 τῶν

2242 2680 2379 2735 ὅπου
2439 2683 2515 2754 μή
2575 2685 2837 2758 προσήκει
2895 2680 3343 2758 ἐπιδεικνυμένων
3397 2685 3464 2740 τά
3518 2684 3655 2757 ἤθη,
3688 2687 3724 2757 ἢ
3771 2687 3897 2743 ἐπι·

2239 2767 2552 2843 τηδεύματα
2607 2766 3034 2846 διαϐεϐλημένα.
3094 2770 3365 2844 Μιλήσιος
3421 2776 3525 2849 γάρ
3582 2776 3731 2850 παρὰ
3781 2786 3894 2831 Λα-

2240 2856 2605 2932 κεδαιμονίοις
2635 2857 2997 2938 δημηγορῶν,
3028 2862 3115 2917 καὶ
3144 2864 3242 2931 τήν
3292 2862 3432 2918 οἴκοι
3479 2866 3686 2942 τρυφὴν
3735 2865 3894 2921 ἐπαι-

2238 2952 2362 3019 νῶν,
2394 2945 2594 3017 ¹ἤκουσε
2618 2954 2803 3007 ταῦτα.
3198 2962 3205 2971 ‘

2310 3037 2487 3107 Οἶνος,
2521 3037 2565 3092 ὦ
2595 3036 2803 3111 παῖδες,
2836 3038 3085 3112 ἀλήθεια.

2308 3127 2468 3190 Ὀνος
2502 3128 2578 3189 είς
2610 3128 2806 3204 ἄχυρα.

2307 3212 2431 3269 Οὗθ’
2488 3216 2654 3287 ὕεται,
2715 3215 2829 3271 οὔθ’
2902 3216 3177 3287 ἡλιοῦται.
3234 3216 3353 3273 Ἐπὶ
3433 3222 3542 3274 τῶν
3628 3219 3891 3293 ἀναισθή-

2235 3325 2366 3360 των.

2305 3394 2415 3449 Οὐκ
2499 3395 2833 3467 ἐπαινεθείης
2902 3394 3028 3451 οὐδέ
3092 3396 3238 3473 παρὰ
3315 3394 3521 3452 δεῖπνα.
3581 3398 3706 3455 Ἐπὶ
3772 3405 3885 3455 τῶν

2235 3485 2586 3560 φαυλοτάτων
2618 3486 2706 3540 καὶ
2755 3482 2970 3548 οὐδενὸς
3018 3484 3202 3557 ἀξίων.
3237 3485 3470 3550 Εἷώθασι
3517 3486 3623 3563 γὰρ
3666 3487 3719 3542 ἐν
3764 3495 3887 3552 τοῖς

2236 3572 2339 3627 ἀπὸ
2410 3578 2517 3628 τῶν
2585 3573 2963 3630 ἀποθανόντων
3037 3572 3271 3637 δείπνοις
3346 3574 3539 3638 αὐτοὺς
3614 3575 3884 3647 ἐπαινεῖν,

2232 3661 2326 3715 κᾶν
2361 3660 2555 3738 ἔτυχον
2589 3659 2734 3726 ὄντες
2766 3663 3117 3742 φαυλότατοι.

2303 3748 2520 3806 Οῗκοθεν
2554 3752 2582 3806 ὁ
2624 3752 2853 3829 μάρτυρ.
2913 3754 3033 3807 Ἐπὶ
3090 3757 3197 3809 τῶν
3249 3754 3366 3808 καθ’
3425 3755 3628 3810 ἑαυτῶν
3687 3755 3883 3833 φερόν-

2228 3859 2335 3893 των
2368 3839 2660 3917 μάρτυρας.

2300 3929 2455 3991 Ὀνος
2509 3929 2562 3985 ἐν
2636 3929 2939 4003 μελίσσαις.
2988 3931 3109 3985 Ἐπὶ
3181 3935 3288 3986 τῶν
3346 3929 3397 3986 ἐν
3453 3937 3645 3995 κακοῖς
3717 3953 3877 4009 περι-

2225 4016 2516 4075 πεσόντων.

2298 4107 2453 4170 Ὀνος
2486 4105 2654 4183 λύρας
2685 4107 2917 4163 ἀκούων.
2952 4109 3074 4164 Ἐπὶ
3102 4113 3211 4163 τῶν
3238 4109 3519 4179 ἀξυνέτων.

2296 4197 2439 4269 Ὀνῳ
2466 4216 2551 4259 τις
2582 4192 2733 4274 ἔλεγε
2766 4202 2952 4272 μῦθον,
2983 4198 3011 4252 ὁ
3042 4194 3100 4252 δὲ
3128 4197 3196 4253 τὰ
3224 4196 3339 4253 ὦτα
3368 4196 3619 4253 ἐπέσειεν.

2293 4461 2522 4518 Πολλῶν
2556 4463 2776 4539 ἀχύρων
2810 4462 2995 4539 ὀλίγον
3028 4462 3233 4539 καρπὸν
3268 4462 3564 4539 ἀνήγαγον.

2292 4552 2443 4624 Παρὰ
2469 4556 2639 4630 κωφῷ
2672 4549 2917 4628 διαλέγῃ.

2289 4641 2431 4714 Πρὸς
2496 4649 2648 4715 σῆμα
2712 4647 2979 4718 μητρυιᾶς
3050 4640 3246 4699 κλαίει.
3315 4640 3435 4695 Ἐπὶ
3504 4645 3614 4695 τῶν
3691 4662 3865 4717 προσ-

2214 4731 2580 4802 ποιουμένων.

2292 4816 2560 4873 Πολλαῖσι
2634 4817 2873 4896 πληγαῖς
2947 4817 3073 4897 δρῦς
3157 4817 3471 4894 δαμάζεται.
3553 4820 3675 4874 Ἐπὶ
3754 4825 3861 4875 τῶν

2216 4904 2382 4962 δυσαλ
2391 4909 2565 4965 ώτων.

2282 4997 2414 5072 Πρὶν
2444 4995 2573 5059 τοὺς
2605 4996 2764 5073 ἰχθῦς
2796 4992 3001 5065 λαϐεῖν,
3030 4999 3128 5066 τὴν
3160 4994 3345 5071 ἅλμην
3375 5000 3561 5067 κυκᾷς.
3598 4995 3721 5050 Ἐπὶ
3751 5001 3860 5052 τῶν

2206 5083 2333 5147 τοὺς
2362 5084 2583 5161 καιροὺς
2609 5080 3130 5162 προλαμϐανόντων.

2281 5173 2492 5230 Πλλ“
2646 5176 2659 5193 “
2761 5173 2852 5230 ”ὀ“
3075 5174 3376 5228 ’ί’“
3472 5179 3499 5189 ’⁸
3683 5195 3713 5207 τ

2331 5195 2357 5228 ο
2440 5196 2492 5229 αι
2540 5196 2698 5230 κυνος
2756 5196 2789 5229 α
2830 5197 2973 5230 οενος
3042 5196 3206 5230 ευνα.
3274 5180 3377 5229 Επι
3433 5194 3541 5229 των
3610 5196 3709 5230 κα.

2331 5180 2492 5230 ολλαὶ
2540 5180 2698 5237 κυνὸς
2756 5180 2973 5252 ἆῤῥενος
3042 5180 3206 5230 εὐναί.
3257 5180 3377 5229 Ἐπὶ
3433 5180 3541 5229 τῶν
3610 5195 3858 5253 κατωφε-

2209 5267 2312 5338 ρῶν
2340 5263 2417 5326 εἷς
2445 5264 2513 5319 τά
2540 5271 2639 5334 τῆς
2675 5261 3002 5343 Ἀφροδίτης
3033 5261 3183 5341 ἔργα.

2277 5351 2554 5415 Πολλάκις
2590 5354 2773 5429 μωρὸς
2805 5352 2943 5429 ἀνὴρ
2972 5355 3107 5408 κατᾶ
3138 5352 3348 5428 καίριον
3383 5352 3519 5410 εἶπε.

517 5544 605 5619 (1)ᾲ
624 5543 699 5619 Ut
728 5548 786 5599 Bt
832 5543 978 5599 illud
1022 5539 1363 5619 εἈνδριάντι
1412 5538 1850 5619 πρεσϐεὒσωμεν,
1902 5546 2095 5602 Statua

2282 5544 2497 5619 μῖξαι

442 5617 837 5700 δαρέίέξεηέιδο
950 5654 953 5657 ·
1034 5685 1072 5700 ..
1460 5617 1465 5619 ’
1555 5686 1566 5698 .
1662 5689 1769 5700 ,η
1882 5689 1893 5700 .

512 5685 590 5770 (2)
618 5691 696 5744 De
725 5687 957 5770 iis‘quge
998 5685 1302 5770 aliquibus
1329 5686 1700 5770 conveniunt.
1728 5689 1845 5770 βου
1879 5689 1936 5770 in
1970 5705 2088 5770 eos,

437 5760 542 5834 qui
570 5758 700 5834 quia
733 5758 956 5836 volunt,
988 5763 1409 5833 assequuntur.
1462 5758 1688 5815 Similis
1725 5758 1809 5815 illi
1844 5776 1857 5817 :
1890 5762 2091 5817 Asinus

2296 5613 2351 5688 3)
2380 5614 2462 5671 De
2491 5615 2566 5671 iis
2594 5614 2694 5688 qui
2725 5613 3045 5687 plurimum
3078 5615 3345 5671 laborant
3370 5617 3430 5671 et
3459 5627 3671 5688 parum
3718 5629 3855 5687 pro-

2201 5686 2424 5743 ficiunt.
