4110 6452
293 437 408 502 465

360 569 555 628 Πολλὰ
586 569 784 646 μεταξὺ
814 569 1038 647 κύλικος
1070 569 1159 628 καὶ
1185 570 1403 649 χείλεος
1436 569 1623 648 ἄκρου.

361 661 596 726 Πλίνθον
629 661 875 724 πλύνεις.
913 661 1031 718 Ἐπὶ
1061 666 1168 718 τῶν
1202 659 1497 718 ἀδυνάτων.

362 756 599 827 Πτωχοῧ
665 754 818 826 πήρα
882 751 943 807 οὐ
1004 749 1336 823 πίμπλαται.
1391 749 1511 806 Ἔπὶ
1578 753 1683 805 τῶν
1754 747 1933 819 ἀπλή-

294 861 447 895 στων.

360 930 696 1001 Ποικιλότης
728 928 913 1006 ὕδρας.
944 930 1069 986 Ἐπὶ
1098 935 1205 985 τῶν
1240 928 1504 1006 δολερῶν.

360 1016 571 1075 ΠοΑλοί
602 1042 661 1076 σε
695 1021 1017 1094 μισήσουσιν
1045 1019 1106 1074 ἃν
1140 1020 1329 1074 σαυτὸν
1359 1018 1547 1097 φιλῇς.

355 1113 467 1185 Πῦρ
497 1107 585 1163 ἐπὶ
618 1106 784 1165 δαλὸν
817 1107 994 1164 ἐλθόν.

353 1196 528 1257 Πολλ⁹
556 1195 661 1253 οἶδ’
692 1195 945 1271 ἀλώπηξ,
976 1192 1103 1254 ἀλλ’
1133 1198 1316 1274 ἐχῖνος
1348 1197 1409 1252 τὸ
1444 1196 1596 1274 μέγα.

352 1284 566 1343 Πολλοί
629 1307 716 1341 τοι
792 1286 1213 1364 ναρθηκοφόροι,
1273 1291 1471 1363 παῦροι
1547 1284 1605 1341 δέ
1666 1306 1725 1340 τε
1792 1287 1925 1341 Βάκ-

325 1397 395 1434 οι.

284 1397 490 1538 pupa;
521 1463 713 1541 κέντρα
741 1462 1032 1535 λακτίζειν.

348 1555 679 1631 Προφάσεως
710 1551 878 1610 δεῖται
914 1554 1076 1627 μόνον
1107 1556 1142 1624 ἡ
1172 1555 1422 1630 πονηρία.

347 1643 459 1718 Πρὸ
486 1649 590 1713 τῆς
621 1642 776 1713 νίκης
804 1640 951 1713 ᾄδεις
982 1642 1275 1719 ἐγκώμιον.

346 1728 543 1787 Πολλὰ
572 1729 860 1805 ψεύδονται
893 1729 1088 1787 ἀοιδοί.

342 1821 600 1893 Ποταμὸς
650 1820 791 1896 πρὸς
833 1820 1099 1885 θάλατταν
1144 1820 1329 1899 ἐρίζει.
1382 1823 1502 1877 Ἐπὶ
1565 1828 1673 1879 τῶν
1726 1821 1917 1879 ἀδυνά-

273 1929 376 1965 των
385 1954 399 1967 .

342 1997 578 2056 Πολλῶν
602 1998 714 2075 ἐγὼ
744 1999 948 2076 θηρίων
982 2000 1190 2070 ἀκήκοα
1219 1999 1444 2079 ψόφους.

338 2092 612 2144 Πεινῶσαν
641 2087 910 2144 άλώπεπα
938 2087 1103 2151 ὕπνος
1133 2084 1372 2164 ἔρχεται.

337 2177 504 2248 Πενίη
537 2175 734 2256 σοφίην
762 2175 983 2254 ἔλαχεν.

338 2263 520 2320 Πάντα
548 2265 747 2341 πέτρον
778 2268 1011 2336 κινήσω,
1040 2264 1208 2321 πάντα
1238 2265 1442 2322 κάλων.

340 2355 482 2430 Πρὸς
516 2352 713 2411 λέοντα
742 2352 998 2431 δορκάδες
1032 2353 1358 2409 συνάπτουσι
1392 2355 1591 2432 μάχας.

342 2546 538 2604 Ῥόδιοι
589 2549 691 2617 τήν
741 2547 946 2605 θυσίαν.
997 2549 1117 2604 Ἐπὶ
1185 2551 1295 2604 τῶν
1341 2549 1392 2605 ἐν
1445 2550 1614 2622 ἱεροῖς
1666 2550 1913 2627 βλασφη-

280 2638 515 2710 μούντων
526 2682 540 2694 .

341 2726 557 2803 Ῥαχίας
596 2724 943 2803 λαλίστερος.
987 2728 1108 2784 Ἐπὶ
1161 2731 1265 2782 τῶν
1333 2726 1673 2805 ἀδολέσχων.
1727 2729 1912 2807 Ψόφον

276 2814 371 2891 γὰρ
397 2814 657 2871 ἀποτελεῖ
690 2815 1013 2891 βαλλομένη
1040 2821 1157 2879 τοῖς
1189 2816 1443 2889 κύμασιν.

338 2902 729 2977 Ῥαδαμάνθιος
759 2904 957 2981 κρίσις.
981 2906 1044 2960 Ἡ
1076 2903 1414 2976 δικαιοτάτη.

339 2991 521 3049 Ῥόδον
553 2991 840 3066 παρελθὼν
876 2994 1072 3066 μηκέτι
1105 2995 1252 3073 ζήτει
1284 2993 1470 3050 πάλιν.

340 3082 547 3158 Ῥεχθὶν
575 3078 636 3138 δέ
660 3102 722 3136 τε
747 3083 946 3152 νήπιος
976 3080 1136 3158 ἔγνω.

341 3170 513 3248 Ῥηγίν
521 3192 595 3227 ων
625 3167 955 3248 δειλότερος.

347 3349 447 3404 Σὺν
476 3350 681 3421 Ἀθηνᾷ
707 3348 797 3404 καὶ
828 3354 992 3426 χεῖρα
1017 3349 1176 3406 κίνει.

346 3437 614 3508 Συνῆλθεν
647 3439 912 3512 Ἀτταγᾶς
943 3438 1257 3512 Νουμηνίῳ.

346 3521 674 3600 Σύμϐουλός
706 3525 846 3581 ἐστιν
881 3528 909 3581 ὁ
939 3527 1136 3603 χρόνος
1165 3533 1273 3583 τῶν
1308 3527 1666 3604 πραγμάτων.

344 3615 654 3690 Συγγνώμη
737 3615 1124 3691 πρωτοπείρῳ.
1185 3615 1308 3670 Ἐπὶ
1384 3620 1493 3670 τῶν
1567 3615 1618 3670 ἐν
1680 3618 1918 3690 πρώτοις

275 3703 712 3778 ἁμαρτανόντων.

343 3789 678 3868 Σαρδώνειος
727 3788 924 3866 γέλως.
978 3793 1036 3846 Ὀ
1101 3794 1498 3869 προσποιητὸς,
1549 3794 1638 3848 καὶ
1708 3795 1784 3866 μὴ
1861 3794 1922 3849 ἐκ

273 3879 571 3956 χωρούσης
602 3876 847 3957 καρδίας.

342 3968 607 4037 Σικελικὴ
636 3967 894 4045 τράπεζα,
927 3969 1016 4024 καὶ
1051 3964 1407 4045 Συϐαριτική.

341 4056 516 4135 Σοφία
550 4061 760 4133 μωροῦ.
794 4057 916 4112 Ἐπὶ
945 4063 1053 4113 τῶν
1085 4057 1311 4113 ἀσύνετα
1341 4057 1670 4116 λαλούντων.

345 4147 413 4201 Σὲ
460 4143 509 4200 δ’
558 4145 856 4200 οἰωνίσαιτ’
903 4144 962 4201 ἂν
1011 4167 1092 4208 τις
1142 4144 1292 4204 ἰδών.
1342 4147 1441 4202 Καὶ
1488 4148 1580 4216 Τὸ,
1637 4147 1726 4202 τὸν
1777 4144 1836 4202 δὲ
1880 4150 1914 4217 ἡ

273 4234 458 4306 νεότης
490 4233 717 4308 ἐμίσουν
745 4254 805 4290 τε
830 4234 922 4290 καὶ
949 4234 1285 4305 οἷ’ωνίζοντο.

1435 435 2063 503 PROVERBIORUM
2107 434 2565 503 GOLLECTIO.

1959 573 2013 638 Α
2114 572 2281 628 Multa
2307 573 2507 629 cadunt
2536 575 2685 629 inter
2707 571 2938 630 calicem
2964 584 3328 646 supremaque
3358 568 3524 628 labra
3557 569 3656 644 (1).

3577 434 3698 497 466

2117 662 2360 718 Laterem
2396 662 2575 719 lavas.
2613 664 2687 718 De
2716 660 3204 734 impossibilibus.

2114 751 2355 807 Mendici
2378 767 2512 823 pera
2539 768 2649 808 non
2678 752 2963 824 impletur.
2995 751 3208 806 Contra
3233 747 3619 806 insatiabiles.

2111 928 2315 1001 Hydrae
2342 933 2568 986 astutia.
2607 932 2682 985 De
2712 929 2953 986 dolosis.

2110 1019 2281 1074 Multi
2313 1026 2363 1074 te
2390 1018 2512 1075 odio
2542 1018 2836 1085 habebunt,
2866 1023 2942 1075 sit
2970 1018 3181 1091 eipsum
3210 1033 3361 1074 ames
3389 1016 3488 1089 (2).

2108 1108 2255 1178 Ignis
2286 1108 2355 1164 ad
2384 1109 2633 1165 titionem
2661 1110 2884 1165 veniens
2916 1107 3014 1179 (3).

2109 1196 2223 1252 Scit
2251 1198 2426 1252 multa
2452 1198 2660 1270 vulpes,
2690 1214 2956 1267 magnum
2983 1198 3231 1253 echinus.

2106 1285 2304 1341 Multos
2330 1287 2688 1359 thyrsigeros,
2715 1302 2914 1359 paucos
2942 1290 3024 1342 est
3049 1301 3268 1343 cernere
3312 1285 3547 1342 Bacchas
3577 1285 3678 1359 (4).

2105 1464 2303 1520 Contra
2330 1466 2619 1521 stimulum
2646 1466 2934 1521 calcitrare
2962 1466 3061 1537 (5).

2100 1553 2326 1609 Malitia:
2349 1555 2458 1608 soli
2480 1558 2790 1625 praeteth
2816 1555 3178 1611 necessarius.

2101 1642 2237 1697 Ante
2258 1644 2543 1698 victoriam
2570 1647 2758 1699 cantas
2786 1643 3149 1715 triumphum.

2100 1731 2267 1787 Multa
2293 1733 2643 1788 mentiuntur
2664 1739 2858 1804 poetae.

2100 1820 2325 1876 Fluvius
2355 1837 2509 1877 mare
2538 1822 2749 1878 irritat.
2783 1821 2865 1877 De
2894 1820 3385 1895 impossibilibus.

2095 1998 2397 2055 Multarum
2424 2015 2519 2071 ego
2551 1999 2863 2057 belluarum
2891 2003 3148 2073 strepitus
3176 1998 3367 2057 audivi
3392 2000 3488 2074 (6).

2101 2089 2323 2160 Vulpem
2347 2090 2679 2145 esurientem
2708 2106 2939 2161 somnus
2970 2089 3200 2147 invadit.

2092 2178 2399 2247 Paupertas
2426 2179 2757 2250 sapientiam
2784 2182 2950 2235 nacta
2977 2184 3076 2235 est.

2097 2265 2321 2321 Omnem
2350 2267 2587 2339 lapidem
2613 2268 2855 2332 movebo,
2884 2283 3098 2325 omnem
3123 2266 3409 2325 rudentem
3432 2269 3531 2339 ('7).

2094 2354 2360 2412 Adversus
2389 2356 2595 2412 leonem
2619 2356 2800 2414 damas
2822 2373 3068 2429 pugnam
3095 2359 3311 2413 ineunt.

2097 2551 2294 2609 Rhodii
2318 2552 2672 2622 sacriﬁcium.
2704 2515 2787 2610 De
2821 2553 2894 2609 iis
2939 2553 3040 2626 qui
3084 2554 3143 2610 in
3185 2521 3671 2613 sacriﬁciisiblas-

2025 2640 2329 2713 pbemant.

2099 2728 2265 2785 Caute
2295 2731 2598 2801 loquacior.
2633 2735 2708 2786 De
2738 2730 3086 2803 loquacibus
3138 2749 3151 2787 :
3201 2731 3481 2788 ﬂuctibus
3509 2732 3668 2788 enim

2025 2818 2327 2875 verberata
2356 2820 2665 2891 strepitum
2695 2819 2834 2876 edit.

2097 2907 2459 2963 Radamanthi
2478 2908 2774 2979 judicium.
2805 2907 3103 2964 Judicium
3133 2924 3387 2980 aequum.

2097 2997 2271 3065 Quam
2299 2998 2598 3068 praeteristi
2622 3014 2691 3053 ne
2718 2998 2961 3070 amplius
2988 3013 3204 3069 quaeras
3231 3013 3437 3054 rosam.

2093 3087 2317 3141 Factum
2342 3089 2531 3141 autem
2558 3087 2760 3142 stultus
2788 3088 3035 3156 cognovit
3064 3087 3161 3160 (8).

2093 3173 2528 3246 Rheginensibus
2556 3174 2804 3231 timidior
2832 3175 2931 3247 (9).

1943 3314 1986 3380 Ο
2092 3354 2233 3409 Cum
2259 3353 2513 3407 minerva
2539 3354 2703 3407 etiam
2733 3367 2932 3407 manus
2961 3365 3113 3406 move
3142 3352 3278 3424 (10).

2099 3441 2477 3497 Convenerunt
2507 3441 2726 3512 Attagas
2759 3442 2809 3495 et
2838 3441 3144 3496 Numenius
3172 3440 3306 3513 (11).

2100 3530 2322 3601 Tempus
2349 3545 2541 3584 rerum
2565 3534 2787 3585 tessera.

2097 3619 2350 3673 Primum
2375 3619 2686 3689 experienti
2712 3617 2876 3673 venia
2912 3616 3114 3674 danda.
3147 3618 3228 3673 De
3264 3616 3339 3674 iis
3368 3617 3469 3690 qui
3517 3617 3578 3673 in
3613 3634 3676 3673 re

2025 3707 2360 3779 cuiuspiam
2392 3706 2581 3778 primo
2611 3722 2893 3778 aggressa
2915 3710 3103 3762 erant.

2094 3795 2397 3852 Sardonius
2430 3797 2597 3850 risus.
2627 3795 2803 3850 Risus
2831 3798 3182 3869 personatus
3219 3798 3277 3851 et
3302 3812 3415 3851 non
3449 3811 3518 3852 ex
3547 3794 3675 3851 ani-

2026 3901 2121 3940 mo
2152 3883 2449 3939 benevolo.

2097 3972 2288 4028 Sicula
2315 3987 2506 4027 mensa
2534 3976 2585 4027 et
2616 3971 2946 4043 Sybaritica.

2094 4061 2387 4132 Sapientia
2413 4059 2595 4115 stulti.
2632 4061 2709 4116 De
2738 4060 2832 4116 his
2862 4060 2962 4133 qui
2992 4060 3146 4117 sulte
3177 4060 3521 4134 loquuntur.

2098 4151 2161 4205 Te
2188 4152 2464 4220 conspecto
2495 4165 2651 4205 omen
2680 4151 2803 4221 quis
2841 4151 3042 4222 capiat.
3094 4149 3313 4209 Vel.....
3347 4150 3512 4207 Hunc
3543 4150 3677 4206 ado-

2025 4237 2311 4295 lescentes
2343 4243 2408 4293 ut
2438 4254 2672 4295 omnem
2703 4238 2954 4294 oderunt
2999 4238 3134 4311 (12).

340 4451 416 4523 (1)
447 4454 535 4524 De
557 4448 634 4506 iis
662 4465 789 4524 quae
820 4448 1158 4524 longopost
1185 4455 1446 4524 tempore
1472 4456 1751 4509 eventura
1779 4456 1920 4508 sunt
2027 4452 2164 4509 simi
2194 4468 2208 4508 :
2245 4455 2347 4524 aut
2377 4452 2448 4507 de
2479 4451 2550 4508 iis
2583 4452 2691 4524 qui?
2711 4450 2956 4524 minime
2985 4450 3215 4524 timent.

271 4520 411 4596 Cum
443 4520 634 4596 enim_
654 4520 885 4577 vineam
925 4520 1191 4596 quidam_
1215 4520 1523 4596 plantaret,
1555 4524 1798 4596 quidam
1828 4524 1917 4579 fa-

274 4592 567 4667 mulorum
617 4590 775 4667 hunc
816 4590 1055 4667 versum
1082 4590 1359 4651 recitavit.
1390 4590 1785 4667 Diogenianus
1815 4612 1915 4651 au-

2098 4524 2181 4595 (7)
2228 4523 2511 4596 Polycrati
2556 4518 3000 4596 Thebano_boc_
3024 4521 3327 4596 oraculum
3381 4518 3676 4596 redditum

1970 4598 1973 4599 ⁷
2029 4590 2138 4650 fuit
2157 4590 2300 4649 cum
2334 4590 2545 4649 Ἰοοιιω
2591 4594 2652 4648 in
2683 4610 2798 4664 quo
2842 4592 3182 4664 Mardonius
3229 4590 3676 4664 tabernaculum

276 4667 389 4746 tam
438 4663 545 4746 _ait
610 4664 762 4746 quod
833 4680 983 4746 cum.
1030 4666 1292 4746 An'caaus‘
1347 4662 1579 4746 vineam
1644 4666 1919 4737 plantans
1948 4681 1996 4746 D
2027 4682 2202 4722 suum
2233 4666 2537 4746 habuerat,
2563 4662 2757 4746 _P'ersis
2794 4664 2933 4745 fuga
2961 4662 3224 4746 dilapsis,
3252 4662 3492 4746 emisset
3525 4662 3675 4746 :"ubi

275 4733 685 4810 {amulis__s_uis
731 4737 925 4810 gravis
968 4735 1321 4807 immineret,
1368 4733 1682 4810 quemdam
1717 4754 1915 4793 eorum
1948 4733 1991 4746 ⁸’
2030 4754 2239 4792 aurum
2274 4735 2654 4792 invenit.‘Alii
2687 4733 2881 4807 adagii
2914 4733 3201 4807 originem
3235 4750 3270 4789 a
3298 4733 3675 4790 venatoribus

275 4806 492 4880 dixisse
531 4804 699 4880 illum
735 4804 814 4863 de
848 4807 962 4862 vite
1028 4824 1144 4880 non
1209 4804 1579 4880 gustaturum
1606 4826 1921 4880 ;7cumque

276 4875 502 4950 fructus
526 4877 655 4950 jam
694 4894 764 4933 ex
798 4893 879 4950 ‘ea
906 4875 1330 4950 provenissént,
1364 4880 1583 4937 famulo
1607 4875 1781 4936 illum
1813 4875 1920 4937 suo

275 4952 340 5024 ut
368 4948 480 5005 sibi
501 4947 707 5024 vinum
731 4947 1004 5024 misceret
1020 4947 1555 5024 jussi_sse,cumque
1576 4950 1814 5024 calicem
1836 4952 1923 5007 ori

276 5018 632 5086 admoveret,
663 5019 846 5090 hujus
872 5018 1078 5077 versus
1126 5020 1296 5077 illum
1342 5018 1665 5078 admonuit.
1699 5022 1923 5087 Quibus

276 5090 445 5164 dictis
493 5090 646 5164 alius
691 5090 952 5164 famulus
978 5091 1589 5164 intravitirenuntians
1628 5094 1922 5164 regionem

274 5160 433 5218 illam
461 5162 555 5237 _ab
604 5177 747 5234 apro
789 5163 1100 5237 devastari.
1145 5163 1363 5237 Relicto
1392 5164 1576 5237 igitur
1604 5160 1782 5237 calice
1810 5168 1923 5221 An-

274 5248 428 5289 caus
458 5233 521 5288 in
557 5233 768 5305 aprum
798 5233 1106 5305 incurrens
1134 5235 1209 5290 ab
1238 5233 1444 5292 eodem
1485 5235 1849 5292 interficitur.

339 5306 416 5378 (2)
445 5304 663 5378 Ferunt
691 5304 993 5378 Nymphas
1022 5304 1135 5361 hoc
1160 5305 1433 5378 Narcisso
1465 5306 1685 5378 dixisse
1711 5307 1772 5363 in
1803 5308 1925 5363 fon-

273 5374 761 5448 tem’aspicienti;
782 5374 1163 5433 et‘suammet
1191 5376 1440 5433 formam
1472 5377 1716 5434 amanti.

363 5447 421 5521 3)
440 5446 530 5521 _De
557 5446 897 5521 rebusque;
923 5448 1036 5505 cito
1068 5448 1241 5521 ﬁunt.

364 5517 420 5591 4)
439 5518 523 5575 De
552 5518 628 5574 iis
658 5518 760 5591 qui
783 5517 902 5575 sibi
922 5520 1280 5593 persuadent
1308 5534 1371 5576 se
1398 5517 1739 5592 splendidos
1772 5535 1920 5590 esse,

278 5604 388 5647 non
420 5594 564 5647 sunt
591 5594 811 5647 autem.

342 5660 421 5735 (5)
453 5663 517 5719 In
548 5677 650 5735 eos
679 5660 782 5735 qui
806 5660 1152 5735 semetipsos
1181 5660 1423 5735 ludunt.

342 5731 423 5803 (6)
456 5737 534 5791 De
563 5731 637 5790 iis
669 5731 774 5806 qui
805 5732 866 5790 in
898 5731 1074 5791 rebus
1103 5734 1375 5806 gerendis
1403 5736 1545 5791 sunt
1571 5732 1926 5791 exercitatis-

2030 4809 2273 4864 ducunt.

2101 4880 2175 4950 (8)
2206 4880 2287 4934 De
2310 4877 2745 4950 insipientibus.
2774 4875 3032 4950 Homeri.

2102 4946 2176 5021 (9)
2207 4951 2286 5021 De
2315 4946 2495 5021 supra
2522 4950 2763 5021 modum
2794 4947 3037 5021 timidis.
3071 4946 3139 5021 Et
3169 4946 3432 5021 timidior
3456 4946 3672 5021 prospi-

2102 4962 2176 5021 (9)
2207 4962 2286 5004 Ue
2315 4966 2495 5021 supra
2522 4962 2763 5004 moaum
2794 4962 3037 5003 umidis.
3071 4962 3139 5002 ut
3169 4962 3432 5003 nmzazor
3456 4962 3672 5073 prospi-

2031 5023 2227 5099 ciente.
2262 5020 2607 5099 Xenarcbus
2626 5020 2782 5075 enim
2813 5018 3338 5099 Sophronisﬁlius
3365 5017 3464 5099 in“
3510 5016 3675 5099 begi-

2031 5092 2302 5148 nensium
2334 5091 2709 5147 timiditatem
2742 5088 2961 5146 comico
2992 5088 3112 5146 sale
3147 5088 3307 5160 lusit,
3338 5106 3374 5145 a
3400 5088 3675 5161 Dionysio

2030 5169 2277 5236 tyranno
2305 5179 2641 5236 persuasus.

2101 5236 2215 5307 (10)
2248 5231 2494 5307 Quidam
2526 5232 2832 5290 oraculum
2863 5231 3103 5304 accepit,
3136 5234 3204 5287 ut
3235 5231 3473 5288 admota
3499 5245 3680 5286 manu

2032 5305 2213 5362 Deum
2248 5305 2557 5362 invocaret.

2105 5377 2218 5453 (11)
2247 5376 2331 5453 pe
2361 5375 2899 5453 dupbus_furibus._
3000 5448 3008 5453 _
3415 5407 3419 5411 ν
3642 5441 3655 5453 ⁸

2104 5446 2218 5517 (12)
2244 5447 2325 5503 De
2354 5446 2904 5510 deformibus.Quod
2924 5448 3247 5517 veteresex
3269 5460 3337 5517 eo
3367 5457 3545 5516 quem
3566 5446 3684 5515 pri-

2034 5515 2204 5575 mum
2251 5519 2311 5573 in
2356 5519 2450 5574 via
2493 5519 2730 5575 obvium
2759 5517 3073 5583 habebant,
3119 5515 3239 5572 sive
3269 5515 3562 5572 formosus
3592 5528 3682 5569 es-

2034 5595 2142 5657 set,
2175 5589 2296 5646 sive
2336 5591 2505 5662 nigra
2532 5596 2693 5649 veste
2739 5589 2860 5648 sive
2909 5587 3178 5647 candida
3204 5587 3471 5655 indutus,
3510 5600 3682 5642 omen

2034 5665 2324 5735 caperent.
