4110 6450
1743 799 1821 842 AN
1832 796 1908 842 ΝΟ
1952 795 2167 842 DOIINI
2211 795 2552 840 MCCLXXXIX

1395 1016 2890 1218 ATHANASIUS

1076 1387 2109 1523 CPOLITANUS
2195 1386 3226 1518 PATBIABCHA
3350 1483 3354 1488 ς

1897 1808 2406 1904 ΝΟΤΙΤΙΑ

1248 2017 1328 2072 Ex
1357 2015 1622 2073 Anselmi
1647 2015 1923 2072 Bandurii
1956 2017 2195 2087 Imperio
2223 2014 2520 2084 Orientali,
2549 2018 2691 2071 tom.
2727 2015 2797 2083 II,
2827 2015 2885 2071 in
2918 2017 3076 2084 not.)

529 2366 804 2424 Abdicato
834 2363 1230 2437 patriarchatu
1263 2364 1537 2435 Gregorio
1569 2363 1776 2435 Cyprio
1825 2363 1980 2417 circa
2007 2377 2270 2418 mensem
2303 2361 2545 2416 Junium
2598 2361 2733 2416 anni
2788 2361 3001 2418 Christi
3035 2362 3190 2432 1289,
3218 2361 3277 2416 in
3308 2362 3434 2433 ejus
3465 2361 3662 2418 locum
3695 2364 3872 2419 suffi-

459 2456 611 2513 citur
637 2453 993 2511 Athanasius
1023 2452 1348 2508 monachus
1379 2469 1409 2507 e
1442 2457 1637 2507 monte
1668 2452 1828 2507 Gano
1855 2469 1868 2517 ;
1900 2451 2069 2521 cujus
2103 2450 2528 2522 promotionem
2576 2450 2887 2506 celebravit
2931 2450 3300 2505 Andronicus
3330 2451 3403 2505 ad
3436 2467 3721 2523 magnum
3761 2469 3877 2524 pa-

456 2543 667 2601 latium
699 2542 757 2598 in
789 2541 1068 2597 Triclinio
1097 2536 1463 2596 Justinianeo
1523 2556 1781 2611 congrua
1828 2538 1928 2593 tali
1973 2539 2254 2593 functioni
2302 2537 2753 2609 magniﬁcentia,
2803 2539 2904 2594 sed
2937 2555 3071 2593 cum
3119 2537 3357 2594 sinistro
3395 2539 3640 2610 augurio
3666 2544 3876 2594 terrae-

459 2637 676 2697 motus,
727 2635 792 2686 ut
835 2630 1036 2686 scribit
1080 2629 1481 2700 Pachymeres,
1534 2628 1634 2682 lib.
1686 2646 1747 2698 ιι,
1802 2645 1927 2699 cap.
1981 2628 2068 2695 15,
2121 2632 2177 2681 et
2207 2626 2297 2681 die
2343 2621 2549 2698 quarta
2598 2627 2825 2682 decima
2854 2627 3076 2682 mensis
3123 2625 3390 2682 Octobris
3429 2627 3693 2698 ejusdem
3727 2628 3873 2683 anni

457 2721 761 2779 ordinatur
805 2719 1184 2784 Athanasius,
1235 2723 1298 2772 ut
1344 2717 1523 2772 tradit
1570 2717 1723 2772 idem
1775 2716 2023 2787 scriptor
2073 2715 2246 2770 citato
2293 2714 2440 2770 loco.
2491 2715 2595 2768 Hic
2640 2719 2836 2769 autem
2880 2730 3012 2769 cum
3063 2730 3190 2770 sese
3222 2715 3396 2770 rebus
3441 2714 3878 2787 temporalibus

455 2808 860 2866 vehementius
889 2807 1270 2871 immisceret,
1304 2824 1337 2861 a
1367 2806 1580 2878 populo
1611 2805 1861 2876 ejicitur,
1893 2807 1958 2859 ut
1987 2803 2189 2859 scribit
2216 2802 2576 2875 Nicephorus
2624 2801 2845 2858 Callisti
2871 2820 2883 2868 ;
2933 2802 3086 2873 quod
3120 2802 3357 2874 quidem
3389 2803 3774 2859 conﬁrmatur
3807 2820 3881 2860 ex

457 2897 808 2971 Pachymere
841 2897 938 2968 qui
970 2895 1240 2968 pluribus
1273 2913 1364 2950 res
1412 2896 1484 2949 ab
1532 2911 1598 2949 eo
1648 2895 1707 2948 in
1740 2893 2136 2965 patriarchatu
2192 2896 2408 2964 gestas,
2441 2909 2508 2947 ac
2537 2893 2665 2962 ejus
2696 2905 2888 2948 mores
2919 2890 3217 2947 describit.
3249 2892 3498 2947 Coactus
3529 2896 3726 2946 autem
3763 2892 3885 2947 fuit

456 2985 918 3060 patriarchatum
950 2985 1220 3040 abdicare
1251 2988 1564 3056 postquam
1597 2982 2048 3054 quadriennium
2081 2980 2347 3047 sedisset,
2381 2981 2663 3035 nimirum
2695 2981 2788 3035 die
2817 2980 3045 3036 decima
3074 2984 3236 3035 sexta
3257 2980 3478 3036 mensis
3508 2980 3884 3048 Octobris,ut

455 3075 635 3132 tradit
662 3074 818 3130 idem
850 3073 1116 3146 scriptor,
1151 3089 1278 3144 cap.
1328 3074 1398 3126 24
1434 3097 1448 3125 :
1480 3075 1648 3124 Τοῦτο
1699 3067 1756 3123 δέ
1799 3090 1884 3130 τις
1931 3069 2020 3122 καὶ
2073 3091 2078 3139 λ

2285 3070 2570 3142 παρατηρή
2583 3089 2736 3135 σειεν,
2779 3067 2861 3121 ὅτι
2910 3069 3188 3143 τέσσαρσιν
3217 3065 3478 3128 ἐνιαυτοῖς
3509 3069 3608 3136 τήν
3639 3066 3879 3138 Ἐκκλη-

458 3162 572 3218 σίαν
623 3163 893 3235 κατέχων,
941 3159 1107 3228 αὐτὴν
1144 3157 1337 3234 σχεδὸν
1388 3159 1595 3231 ἡμέραν
1652 3155 1759 3211 εἶδε
1804 3165 1904 3225 τῆς
1949 3152 2206 3227 ἐκϐολῆς,
2252 3159 2312 3225 ἣν
2362 3154 2427 3225 δὴ
2480 3157 2696 3225 καὶτῆς
2750 3150 3057 3218 ἀναϐάσεως
3109 3153 3359 3230 ἔγνωκεν,
3405 3155 3529 3225 ἥτις
3574 3157 3664 3210 καὶ
3715 3155 3883 3212 Ἐλα-

459 3245 808 3330 φηϐολιῶνος
857 3245 1206 3317 έκκαιὸεκάτη
1257 3248 1344 3316 ἦν.
1401 3251 1577 3305 Unum
1625 3253 1809 3303 tamen
1861 3247 1929 3301 ad
1977 3263 2082 3302 ea:

2262 3263 2365 3301 non
2395 3247 2460 3302 de
2487 3247 2665 3302 nihilo
2715 3262 2840 3317 quis
2895 3247 3184 3302 observans
3213 3248 3557 3317 adjunxerit,
3585 3249 3667 3302 sic
3695 3255 3885 3304 exacte

461 3339 890 3413 quadriennium
919 3341 979 3393 in
1024 3337 1411 3410 patriarchatu
1458 3338 1832 3392 Athanasium
1881 3337 2196 3406 explevisse,
2247 3340 2306 3390 ut
2337 3336 2581 3391 eamdem
2626 3339 2799 3406 ferme
2828 3337 2960 3390 initi
2987 3336 3277 3407 relictique
3305 3335 3592 3404 regimims
3621 3337 3889 3399 Ecclesia

460 3429 838 3484 numeraverit
867 3426 1012 3481 diem
1041 3434 1255 3480 sextum
1284 3425 1555 3480 decimum
1588 3425 1854 3480 Octobris.
1890 3424 1981 3479 Sic
2012 3423 2432 3496 Pachymeres;
2467 3441 2535 3479 ex
2565 3441 2680 3495 quo
2730 3423 2968 3495 quidam
3018 3428 3176 3496 patet
3205 3423 3595 3479 Athanasium
3625 3425 3888 3495 patriar-

464 3515 703 3574 chatum
738 3515 1045 3571 abdicasse
1079 3515 1172 3568 die
1205 3515 1432 3568 decima
1462 3519 1622 3570 sexta
1653 3513 1872 3569 mensis
1905 3513 2172 3569 Octobris
2200 3513 2356 3590 .anni
2402 3513 2615 3570 Christi
2666 3513 2822 3581 1293,
2876 3529 3009 3568 cum
3045 3512 3294 3569 sedisset
3322 3513 3493 3568 annis
3522 3516 3794 3584 quatuor,
3830 3518 3891 3570 et

465 3605 696 3660 duobus
728 3607 1004 3674 praeterea
1035 3601 1404 3671 diebus,cum
1436 3603 1700 3673 ejusdem
1724 3602 2083 3656 consecratio
2106 3601 2412 3673 contigerit
2433 3602 2525 3656 die
2549 3606 2755 3672 quarta
2785 3601 3012 3656 decima
3031 3601 3253 3657 mensis
3273 3600 3541 3656 Octobris
3562 3601 3699 3656 anni
3720 3603 3884 3656 1289.

467 3691 711 3748 Fallitur
739 3691 918 3763 igitur
946 3689 1230 3762 Georgius
1254 3689 1561 3760 Phrantza,
1595 3693 1693 3761 qui
1715 3689 2039 3745 Athanasio
2069 3706 2252 3744 annos
2284 3693 2411 3744 octo
2442 3689 2700 3760 integros
2731 3689 3010 3761 assignat.
3037 3689 3220 3753 Quam
3254 3706 3389 3745 vero
3421 3689 3597 3744 fuerit
3625 3689 3892 3746 Athana-

468 3779 594 3836 sius
623 3778 930 3834 hominum
965 3778 1348 3850 regendorum
1381 3779 1642 3849 ignarus,
1677 3795 1923 3849 quamve
1971 3794 2157 3832 szsvus
2207 3782 2263 3832 et
2293 3777 2676 3848 inhumanus,
2719 3776 2888 3833 facile
2935 3778 3233 3849 quispiam
3281 3793 3630 3850 cognoscere
3672 3780 3895 3850 poterit

471 3883 588 3924 non
619 3866 811 3922 solum
841 3883 910 3920 ex
939 3867 1308 3938 Pachymere,
1344 3867 1444 3938 qui
1479 3867 1647 3938 plura
1677 3868 1748 3922 de
1778 3883 1844 3922 eo
1876 3868 2035 3938 (nam
2067 3868 2353 3938 Gregoras
2400 3866 2912 3922 schismaticorum
2963 3866 3271 3922 hominum
3304 3865 3574 3922 laudator
3615 3867 3672 3921 in
3706 3867 3895 3921 Atha-

472 3954 708 4012 nasium
735 3953 902 4009 valde
934 3971 1259 4026 propensus
1288 3955 1441 4025 fuit),
1473 3957 1575 4010 sed
1606 3955 1781 4010 etiam
1813 3971 1881 4009 ex
1923 3955 2110 4026 ipsius
2158 3954 2464 4010 Athanasii
2515 3954 2797 4026 epistolis,
2855 3972 3004 4026 quas
3036 3955 3103 4009 ad
3157 3955 3568 4027 imperatorem
3596 3953 3895 4009 Androni-

473 4059 610 4100 cum
642 4047 699 4097 et
728 4043 798 4098 ad
832 4041 976 4098 alios
1009 4042 1336 4114 complures
1369 4045 1816 4115 conscripserat.
1852 4046 2108 4108 Quarum
2144 4044 2379 4115 quidem
2412 4043 2793 4114 epistolarum
2826 4043 3074 4098 habetur
3117 4044 3297 4098 codex
3327 4043 3672 4099 chartaceus
3703 4043 3764 4097 in
3797 4043 3897 4097 bi-

482 4130 775 4187 bliotheca
805 4129 984 4202 regia,
1019 4147 1193 4201 quem
1242 4131 1377 4186 huic
1431 4132 1667 4185 donavit
1698 4131 1787 4186 Ill.
1821 4131 1886 4186 D.
1931 4130 2173 4186 Carolus
2215 4132 2522 4187 Mauritius
2552 4132 2858 4200 Tellerius,
2907 4131 3381 4204 archiepiscopus
3411 4132 3528 4187 dux
3559 4131 3897 4199 Remensis,

476 4223 544 4275 ut
573 4219 778 4275 scribit
806 4220 1184 4275 doctissimus
1214 4219 1511 4274 Boivinius
1565 4221 1622 4274 in
1657 4221 1808 4275 notis
1841 4221 1910 4274 ad
1943 4223 2278 4293 Gregoram,
2313 4221 2410 4276 ubi
2445 4222 2515 4276 de
2546 4220 2655 4276 hoc
2693 4221 2891 4276 codice
2921 4238 2986 4276 ac
3015 4220 3277 4292 epistolis
3307 4225 3364 4276 et
3409 4221 3540 4276 aliis
3588 4220 3902 4292 opusculis

475 4305 780 4365 Athanasii
854 4306 1195 4378 patriarchae
1259 4307 1537 4378 loquitur.
1597 4307 1760 4362 Libet
1817 4311 2010 4364 autem
2069 4309 2239 4363 nobis
2298 4309 2599 4380 (quoniam
2659 4327 2760 4364 sex
2819 4309 3033 4365 abhinc
3085 4309 3254 4363 annis
3325 4325 3530 4364 omnes
3584 4308 3902 4365 Athanasii

479 4395 760 4469 epistolas
807 4412 874 4451 ac
922 4395 1207 4468 opuscula
1253 4411 1320 4450 ex
1369 4395 1605 4450 laudato
1649 4395 1846 4451 codice
1898 4397 2073 4468 Regio
2121 4397 2538 4468 exscripsimus
2586 4403 2643 4453 et
2695 4397 2752 4451 in
2801 4397 3073 4453 Latinum
3121 4397 3403 4452 vertimus
3452 4396 3547 4452 hic
3594 4397 3900 4469 integrum

479 4485 735 4541 indicem
767 4485 1175 4557 praedictorum
1207 4501 1447 4556 operum
1479 4483 1768 4550 exhibere,
1800 4501 1974 4555 quem
2008 4502 2140 4540 cum
2173 4503 2241 4541 ex
2271 4486 2502 4557 schedis
2535 4485 2799 4553 Boivinii,
2833 4489 2960 4541 tum
3007 4485 3184 4542 etiam
3216 4485 3449 4557 preprio
3494 4484 3692 4541 labore
3721 4485 3900 4541 ador-

481 4574 772 4631 navimus.
805 4574 900 4630 Sic
928 4574 1108 4646 igitur
1136 4590 1198 4629 se
1227 4573 1402 4628 habet
1432 4592 1445 4628 :

570 4755 622 4808 1.
654 4751 890 4827 Γράμμα
917 4751 1053 4825 πρὸς
1099 4750 1188 4804 τὸν
1240 4749 1608 4825 αὐτοκράτορα
1655 4751 1777 4824 περὶ
1824 4755 1931 4805 τῶν
1980 4750 2141 4826 ἀρχι-
2254 4751 2707 4826 ἀναχαιτίζωνται
2757 4752 2808 4803 οἱ
2851 4756 3338 4829 κακοπραγοῦντες,
3396 4750 3485 4806 καὶ
3537 4753 3613 4825 μή
3663 4751 3902 4826 ἀναρτᾷν

495 4837 656 4914 ερέων
687 4844 795 4894 τῶν
829 4839 1168 4910 εὑσκομένων
1202 4836 1329 4896 ὧδε.
1355 4842 1597 4912 Epistola
1625 4841 1700 4896 ad
1723 4843 2118 4909 imperatorem

2285 4840 2328 4901 ἷς
2355 4841 2418 4894 τὸ
2452 4837 2678 4912 μέλλον,
2711 4839 2800 4894 καὶ
2837 4839 3047 4912 μᾶλλον
3083 4840 3134 4895 ἐν
3174 4839 3364 4912 κύκλῳ
3415 4847 3515 4910 τῆς
3555 4840 3744 4914 Ἃγίας
3801 4847 3908 4896 Σο-

494 4929 560 4984 de
589 4931 868 4999 episcopis,
899 4931 996 4999 qui
1024 4930 1110 4983 hic
1139 4931 1513 5000 reperiuntur.
2252 4927 2392 5007 φίας.
2429 4931 2675 5001 Epistola
2703 4930 2773 4985 ad
2798 4933 3226 5002 imperatorem;
3259 4930 3398 5001 quod
3427 4932 3740 5004 abjiciendi
3791 4934 3913 4989 sint

567 5017 622 5070 2.
685 5017 828 5091 Πρὸς
891 5017 982 5070 τὸν
1068 5016 1438 5092 αὐτοκράτορα
1518 5015 1767 5091 γράμμα,
1848 5017 2140 5092 ἀνιπορῶν

2290 5022 2349 5074 ui
2375 5021 2600 5092 nefaria
2624 5023 2926 5090 agunt,nec
2953 5019 3314 5092 diﬁcrendum
3344 5022 3402 5075 in
3431 5020 3708 5094 futurum,
3723 5024 3913 5077 maxi-

502 5101 660 5157 αὐτὸν
722 5101 990 5176 προόδους
1057 5107 1323 5158 ποιεῖσθαι
1397 5105 1719 5179 συχνότερον
1777 5107 1866 5158 καὶ
1930 5104 2125 5177 μᾶλλοπ

1682 5127 1719 5158 w
1777 5107 1866 5158 καὶ
1930 5104 2139 5177 μᾶλλον
2251 5119 2446 5180 meque
2470 5110 2528 5162 in
2557 5109 2795 5164 circuitu
2825 5108 3038 5165 Sanctae
3066 5107 3305 5180 Sophiaz.

501 5191 625 5267 περὶ
683 5191 752 5245 τὰ
809 5191 968 5266 τείχη
1021 5193 1109 5246 καὶ
1156 5192 1332 5254 πύλας
1383 5196 1481 5261 τῆς
1528 5193 1762 5264 πόλεως,
1795 5194 1884 5247 καὶ
1928 5196 2002 5266 μή
2035 5194 2142 5248 εἷσ-
2326 5198 2375 5250 li.
2414 5199 2648 5270 Γραμμα
2678 5196 2814 5270 πρὸς
2865 5196 2956 5250 τὸν
3006 5194 3371 5270 αὐτοκράτορα
3417 5195 3541 5271 περὶ
3587 5199 3684 5250 τοῦ
3733 5194 3908 5272 ὀρθοῦ

503 5278 755 5354 έρχεσθαι
806 5275 932 5332 εἷ’σω
976 5282 1075 5346 τῆς
1123 5278 1338 5342 πόλεως
1395 5283 1511 5354 μεθ’
1570 5280 1756 5335 ὅπλων
1823 5281 1960 5338 τινά,
2009 5286 2126 5356 Epi

2289 5284 2547 5359 όγματος.
2581 5286 2822 5358 Epistola
2875 5288 2956 5342 ad
3012 5286 3422 5355 imperatorem,
3455 5286 3523 5341 de
3567 5288 3717 5341 reda
3773 5286 3911 5357 ﬁdei

501 5369 654 5425 stola
701 5367 772 5422 ad
817 5368 1217 5438 imperatorem,
1266 5387 1504 5426 narrans
1575 5374 1882 5442 frequentes
1951 5374 2138 5427 incur-
2253 5376 2532 5431 doctrina.

503 5473 594 5512 sus
662 5455 907 5511 maxime
971 5456 1118 5511 circa
1188 5459 1340 5512 urbis
1407 5476 1591 5514 muros
1636 5465 1684 5516 et
1744 5466 1937 5531 portas
1981 5463 2126 5530 ﬁeri

2324 5465 2376 5518 5.
2415 5459 2649 5536 Γράμμα
2687 5461 2824 5536 πρὸς
2867 5462 2957 5516 τὸν
3006 5460 3401 5516 ἀποστείλαντα
3473 5455 3686 5536 βιϐλίον
3735 5463 3909 5539 χάριν

503 5559 678 5617 neque
721 5544 1149 5615 permittendum
1198 5562 1311 5600 esse
1361 5551 1669 5618 quempiam
1719 5567 1841 5604 cum
1871 5553 2040 5604 armis
2088 5554 2126 5605 ir

2290 5550 2555 5620 ανεσκίου,
2607 5550 2695 5604 καὶ
2764 5551 3058 5625 στρέψαντα
3124 5553 3291 5604 ταῦτα
3356 5549 3605 5622 ἐξοπίσω.
3659 5552 3911 5624 Ερίδιοιιι

502 5632 695 5687 urbem
724 5633 978 5687 introire.
2253 5640 2326 5694 ad
2358 5656 2504 5711 eum,
2535 5643 2636 5712 qui
2666 5642 2880 5696 librum
2905 5641 3047 5697 dono
3075 5641 3338 5702 miserat;
3369 5642 3463 5696 cui
3487 5649 3675 5712 postea
3704 5643 3911 5697 remis-

575 5720 630 5774 3.
664 5718 897 5794 Γράμμα
949 5718 1085 5796 πρὸς
1137 5719 1228 5777 τὸν
1287 5719 1654 5799 αὐτοκράτορα
1711 5724 1835 5801 περὶ
1885 5730 1982 5780 τοῦ
2053 5724 2147 5781 ’ἕνα

874 5738 897 5774 κ
949 5718 1085 5796 πρὸς
1137 5719 1228 5777 τὸν
1287 5719 1654 5799 αὐτοκράτορα
1711 5724 1835 5801 περὶ
1885 5730 1982 5780 τοῦ
2053 5724 2147 5781 ’ἕνα
2253 5745 2342 5784 sus
2371 5731 2497 5800 fuit.
