4110 6478
334 473 445 534 4‘73

1504 471 1927 534 ATHANASII
1972 470 2093 533 ΟΡ.
2138 466 2566 536 EPISTOLjE.

3618 469 3738 532 474

401 605 452 660 6.
489 604 729 679 Γράμμα
759 601 894 679 πρὸς
925 602 1016 657 τὸν
1067 601 1436 680 αὐτοκράτορα
1486 600 1573 656 διὰ
1603 607 1697 656 τοῦ
1738 601 1974 674 νομίμου

2103 601 2376 672 ὑπήκοον.
2435 601 2677 677 Epistola
2733 602 2810 660 ad
2866 603 3254 677 imperatorem
3286 645 3300 672 ,
3359 606 3422 659 ut
3477 603 3740 661 instituat

329 691 469 768 τάχα
491 691 852 748 συνοικεσίου.
884 695 1138 767 Epistola
1188 695 1258 750 ad
1287 696 1694 766 imperatorem,
1743 693 1806 749 de
1845 694 1978 762 legi-

328 787 462 840 timo
491 785 789 840 connubio.

398 874 454 924 7.
514 870 754 943 Γράμμα
802 872 928 948 περὶ
982 876 1077 925 τοῦ
1137 874 1468 947 συναχθῆναι
1524 869 1652 940 τοὺς
1702 870 1976 945 ἀρχιερεῖς

334 958 383 1013 ἰν
415 962 482 1027 τῇ
533 960 704 1035 Χώρᾳ
755 959 904 1022 ὅπως
952 965 1144 1022 κοινῶς
1195 959 1442 1016 ἀπελθεῖν
1491 961 1625 1035 πρὸς
1676 960 1767 1014 τὸν
1817 958 1976 1013 αύτο-

327 1050 564 1123 κράτορα
620 1051 784 1125 χάριν
836 1047 1104 1126 ὡφελείας
1165 1053 1370 1118 κοινῆς.
1430 1052 1689 1122 Epistola,
1733 1051 1798 1105 de
1846 1066 1977 1105 con-

328 1139 623 1210 gregandis
654 1141 718 1195 in
749 1141 948 1197 Chorae
983 1143 1377 1196 monasterium
1418 1138 1789 1212 pontiﬁcibus,
1821 1144 1880 1193 ut
1909 1139 1978 1193 ad

329 1229 717 1300 imperatorem
749 1230 1058 1285 communis
1090 1229 1359 1284 utilitatis
1383 1245 1556 1284 causa
1583 1228 1752 1283 simul
1787 1243 1976 1283 conve-

327 1318 507 1372 niani.

399 1407 451 1459 8.
485 1404 636 1479 Πρὸς
665 1403 757 1458 τὸν
810 1402 1184 1481 αὐτοκράτοφα
1231 1404 1459 1480 γράμμα
1506 1403 1628 1479 περὶ
1678 1401 1976 1475 ἐλεημοσύ-

329 1513 446 1563 νης,
483 1497 660 1563 ζητῶν
699 1491 904 1568 βουλήν
936 1492 1058 1568 περὶ
1079 1497 1185 1547 τῶν
1213 1490 1608 1567 αἰχμαλώτων.
1644 1492 1975 1565 Epistolaad

331 1585 715 1654 imperatorem
760 1583 824 1639 de
871 1585 1213 1656 eleemosyna
1244 1602 1262 1638 :
1291 1585 1585 1640 consilium
1637 1587 1792 1654 rogat
1831 1584 1978 1638 circa

328 1674 585 1744 captivos.

394 1763 448 1816 9.
506 1760 747 1836 Γράμμα
817 1760 956 1837 πρὸς
1022 1761 1114 1815 τὸν
1195 1760 1564 1836 αὐτοκράτορα
1633 1758 1755 1836 περὶ
1812 1763 1972 1814 τινῶν

329 1849 740 1921 ὑποθέσεωνμή
790 1846 879 1903 διὰ
930 1852 1179 1922 μηνυτῶν
1229 1846 1568 1919 στέλλεσθαι,
1612 1847 1756 1903 ἀλλά
1803 1848 1976 1921 στόμα

2090 693 2291 749 liberos
2345 698 2399 749 et
2455 694 2696 750 subditos
2750 709 2935 749 omnes
2993 691 3290 749 secundum
3344 692 3442 748 Dei
3489 692 3737 764 benepla-

2086 785 2214 838 cita.

2155 873 2244 926 21.
2299 871 2534 943 Γράμμα
2582 871 2717 946 πρὸς
2767 871 2860 924 τὸν
2907 868 3283 945 αὐτοκράτορα
3333 868 3455 942 περὶ
3490 868 3737 944 ἐπιστρο-

2087 965 2192 1035 φῆς
2250 959 2387 1035 πρὸς
2446 959 2592 1030 Θεὸν,
2641 959 2731 1014 καὶ
2781 956 2873 1013 ’ίνα
2922 958 3126 1032 ἐπιγνῷ
3168 956 3388 1020 ἕκαστος
3447 956 3513 1012 τὰ
3559 956 3734 1012 οἰκεῖα

2084 1047 2173 1101 καὶ
2203 1048 2271 1101 τὰ
2298 1049 2471 1119 κοινὰ,
2505 1048 2593 1102 καὶ
2623 1049 2748 1124 περὶ
2777 1052 2873 1102 τοῦ
2901 1041 3212 1121 τετριγότος
3242 1045 3448 1100 κτύπου
3502 1044 3732 1102 ἐκείνου.

2085 1138 2324 1209 Epistola
2371 1138 2442 1193 ad
2487 1140 2876 1211 imperatorem
2923 1139 2992 1194 de
3036 1138 3382 1193 conversione
3425 1137 3496 1192 ad
3532 1142 3732 1205 Deum,

2085 1233 2135 1281 et
2162 1234 2223 1281 ut
2249 1237 2529 1297 cognoscat
2552 1230 2928 1299 unusquisque
2971 1229 3192 1298 privata
3221 1243 3285 1282 ac
3314 1227 3560 1298 publica,
3592 1235 3643 1282 et
3670 1227 3736 1282 de

2085 1318 2324 1386 strepitu
2352 1318 2513 1387 facto.

2156 1407 2244 1460 22.
2309 1405 2544 1479 Γράμμα
2621 1404 2758 1478 πρὸς
2832 1404 2924 1458 τὸν
2986 1402 3399 1478 αὐτοκράτορα,
3447 1401 3540 1457 ’ίνα
3606 1424 3732 1457 πο-

2085 1489 2396 1562 λιτεύτηται
2451 1491 2787 1563 δικαιοσύνη,
2838 1491 2926 1546 καὶ
2977 1491 3150 1562 ἕλεος,
3200 1489 3289 1546 καὶ
3318 1490 3566 1562 ἀλήθεια.
3603 1495 3732 1565 Epi-

2083 1585 2223 1638 stola
2268 1583 2337 1653 ad
2365 1585 2770 1655 imperatorem,
2803 1592 2864 1638 ut
2910 1582 3334 1638 administretur
3348 1582 3589 1653 justitia,
3629 1585 3732 1638 mi-

2082 1674 2282 1728 seratio
2310 1680 2362 1728 et
2389 1675 2609 1729 veritas.

2153 1762 2244 1815 23.
2278 1761 2512 1836 Γράμμα
2568 1758 2707 1835 πρὸς
2761 1759 2852 1814 τὸν
2907 1757 3300 1834 αὐτοκράτορα,
3345 1755 3434 1811 ’ίνα
3484 1758 3558 1830 μὴ
3603 1757 3728 1811 ἀνα-

2085 1843 2266 1922 ϐάλλῃ
2295 1855 2468 1903 ποιεῖν
2509 1849 2577 1902 τὰ
2616 1845 2779 1904 καλά.
2830 1850 3074 1921 Epistola
3119 1848 3190 1904 ad
3220 1850 3625 1920 imperatorem,
3665 1863 3735 1902 ne

327 1938 462 2013 πρὸς
496 1939 696 2012 στόμα.
746 1941 1003 2012 Epistola
1047 1941 1122 1996 ad
1168 1941 1574 2012 imperatorem,
1622 1939 1688 1995 de
1712 1955 1822 1994 non
1850 1940 1976 1994 mit-
2007 1971 2055 2035 B
2087 1939 2228 1996 bona
2264 1943 2445 2010 facere
2473 1940 2718 2011 diﬂerat.

326 2029 502 2084 tendis
527 2045 630 2101 per
656 2031 882 2085 nuntios
921 2031 1082 2085 certis
1128 2030 1384 2099 negotiis,
1413 2029 1506 2084 sed
1533 2045 1593 2084 os
1618 2029 1690 2083 ad
1718 2044 1775 2084 os
1803 2030 1976 2100 signi-

325 2117 576 2186 ﬁcandis.

398 2209 485 2261 10.
564 2203 805 2280 Γράμμα
872 2206 1007 2280 πρὸς
1081 2205 1172 2259 τὸν
1249 2203 1620 2281 αὐτοκράτορα
1689 2206 1812 2279 περὶ
1867 2209 1973 2259 τῶν

328 2292 669 2369 ἀρχιερέων,
722 2291 816 2348 ’ίνα
870 2297 938 2367 τῇ
1001 2293 1248 2370 λαχούσῃ
1305 2293 1648 2367 ἀποκαταστῇ
1703 2290 1926 2356 ἕκαστος
1961 2339 1972 2351 .

328 2385 573 2456 Epistola
603 2384 673 2439 ad
701 2384 1103 2456 imperatorem,
1136 2388 1195 2439 ut
1241 2385 1450 2455 singuli
1478 2385 1718 2456 episc0pi
1750 2387 1865 2440 suis
1892 2399 1976 2439 se-

325 2473 488 2528 dibus
517 2473 908 2528 restituantur.

401 2563 484 2615 11.
550 2560 791 2634 Γράμμα
845 2561 980 2632 πρὸς
1042 2561 1131 2614 τὸν
1198 2560 1359 2636 μέγαν
1415 2558 1719 2630 διοικητὴν,
1769 2557 1857 2613 ’ἕνα
1910 2559 1977 2613 τά

327 2645 658 2718 ἀδικήσαντα
680 2647 885 2720 ἀποδῷ.
916 2651 1158 2721 Epistola
1187 2650 1257 2705 ad
1287 2668 1547 2720 magnum
1576 2651 1875 2718 diazcetam,
1916 2654 1976 2706 ut

325 2755 422 2809 per
449 2739 726 2810 injuriam
753 2740 946 2795 ablata
974 2742 1243 2796 restituat.

400 2829 482 2881 12.
519 2825 758 2900 Γράμμα
798 2827 934 2900 πρὸς
976 2827 1066 2881 τὸν
1115 2826 1483 2902 αὐτοκράτορα
1529 2824 1616 2880 διὰ
1665 2827 1728 2879 τὰ
1773 2826 1973 2902 γρυσό-

330 2908 566 2971 ϐουλλα.
618 2917 868 2987 Epistola
924 2916 994 2971 ad
1052 2918 1441 2988 imperatorem
1488 2923 1715 2988 propter
1755 2918 1974 2988 chryso-

333 3004 500 3060 bulla'
536 3005 639 3060 ubi
681 3006 753 3059 de
792 3005 968 3060 rebus
1017 3005 1440 3077 temporalibus
1485 3005 1973 3061 monasteriorum

331 3092 838 3149 administrandis.

395 3183 477 3238 13.
531 3179 773 3254 Γράμμα
828 3181 962 3255 πρὸς
1013 3180 1104 3236 τὸν
1165 3181 1556 3257 αὐτοκράτορα,
1612 3179 1701 3235 ἵνα
1751 3178 1973 3243 ἕκαστος

328 3272 433 3323 τῶν
493 3268 798 3344 ἀρχιερέων
877 3267 1085 3343 ἀπέλθῃ
1158 3271 1293 3344 πρὸς
1350 3273 1419 3343 τῇ
1478 3268 1726 3346 λαχούσῃ
1781 3270 1926 3341 αὐτῷ
1959 3315 1972 3328 .

332 3337 681 3430 Ερίειοίαάἀ
711 3337 1116 3430 imperatorem,
1137 3337 1212 3415 ut.
1224 3337 1436 3428 singuli
1463 3337 1711 3432 episcOpi'
1728 3362 1788 3415 in
1817 3337 1974 3416 suam

2103 3337 2408 3435 πρόσταγμα
2461 3337 2794 3434 προ-στάσσον
2819 3337 2846 3425 ν,

332 3447 626 3502 Ecclesiam
656 3447 970 3503 concedant.

405 3537 488 3590 14.
541 3535 779 3609 Γράμμα
825 3533 960 3608 πρὸς
1008 3536 1096 3588 τὸν
1145 3534 1531 3611 αὐτοκράτορα,
1585 3534 1676 3589 ’ίνα
1721 3539 1973 3612 τηρηθῶ-

331 3643 410 3676 σιν
439 3620 716 3678 ἀσάλευτά
757 3620 1094 3695 δικαιοσύνη,
1143 3623 1232 3678 καὶ
1282 3624 1601 3700 σωφροσύνη
1649 3624 1737 3679 καὶ
1783 3622 1966 3687 ἕλεος.

325 3713 566 3784 Epistola
597 3713 666 3767 ad
697 3714 1106 3784 imperatorem,
1163 3717 1224 3768 ut
1269 3715 1505 3782 iustitia,
1539 3717 1896 3786 temperantia
1924 3720 1976 3770 et

325 3801 710 3857 misericordia
740 3803 1113 3858 immutabiles
1140 3807 1449 3858 serventur.

397 3891 483 3944 15.
539 3887 774 3962 Γράμμα
819 3889 956 3963 πρὸς
1002 3889 1094 3944 τὸν
1149 3889 1518 3966 αὐτοκράτορα
1562 3891 1685 3967 περὶ
1733 3895 1838 3946 τῶν
1880 3891 1974 3966 ἀρ-

327 3996 368 4052 χ
375 3976 580 4052 ιερέων,
617 3975 709 4030 ’ίνα
756 3977 964 4051 ἀπέλθῃ
1015 3975 1234 4040 ἕκαστος
1266 3978 1339 4040 εἷς
1368 3980 1467 4047 τήν
1501 3977 1776 4055 λαχοῦσαν
1808 3981 1972 4052 αὑτῷ,

331 4065 476 4127 ὅπως
506 4063 735 4139 διδάσκῃ
785 4065 874 4120 τὸν
923 4065 1051 4120 λαὸν
1107 4065 1290 4124 αὐτοῦ.
1340 4070 1584 4140 Epistola
1628 4071 1701 4125 ad
1740 4072 1975 4142 impera-

329 4159 518 4226 torem,
553 4159 612 4210 ut
643 4157 850 4226 singuli
871 4158 1256 4228 episcoporum
1283 4157 1352 4213 ad
1379 4175 1531 4213 suam
1567 4160 1864 4215 Ecclesium
1890 4177 1976 4217 re-

331 4244 508 4314 deant,
541 4250 605 4299 ut
632 4244 857 4300 doceant
878 4247 1145 4317 populum
1169 4262 1353 4302 suum.

405 4334 490 4387 16.
553 4332 791 4404 Γράμμα
845 4331 968 4407 περὶ
1025 4337 1121 4386 τοῦ
1185 4335 1260 4405 μή
1313 4355 1396 4395 τις
1455 4335 1663 4406 ποιμὴν
1725 4335 1974 4390 ἀποστε-

337 4425 443 4494 ρεῖν
494 4419 778 4492 ποίμνιον.
839 4423 1100 4494 Epistola,
1158 4439 1231 4478 ne
1282 4426 1403 4494 quis
1456 4432 1639 4496 pastor
1694 4427 1834 4481 ovile
1886 4427 1975 4482 de-

329 4519 492 4566 serat.

404 4601 487 4655 17.
522 4598 759 4673 Γράμμα
800 4599 936 4673 πρὸς
991 4599 1084 4653 τὸν
1132 4598 1519 4676 αὐτοκράτορα,
1571 4601 1704 4656 ἑκὼν
1755 4603 1789 4671 ἢ
1836 4603 1978 4657 ἄκων

2155 2030 2245 2082 24.
2308 2026 2543 2102 Γράμμα
2596 2027 2732 2102 πρὸς
2813 2026 2905 2081 τὸν
2984 2025 3352 2100 αὐτοκράτορα
3382 2071 3397 2096 ,
3449 2024 3571 2098 περὶ
3623 2026 3729 2078 τῶν

2089 2113 2385 2178 θεοκτόνων
2447 2111 2719 2171 Ἰουδαίων
2772 2162 2787 2188 ,
2841 2113 2933 2169 τίνα
2987 2112 3269 2184 ἐξὲλθωσιν
3343 2112 3402 2167 ἐκ
3473 2119 3574 2182 τῆς
3633 2112 3731 2167 πό-

2088 2201 2245 2264 λεως.
2277 2206 2520 2279 Epistola
2548 2206 2622 2260 ad
2669 2206 3070 2276 imperatorem,
3102 2204 3168 2260 de
3222 2203 3463 2260 Deicidis
3491 2203 3727 2274 Judzis,

2086 2301 2148 2348 ut
2174 2311 2246 2350 ea:
2275 2294 2412 2350 urbe
2438 2293 2740 2350 discedant.

2156 2383 2243 2437 25.
2281 2381 2428 2457 ΙΙρὸς
2452 2382 2542 2435 τ’ὸν
2575 2379 2943 2455 αὐτοκράτορα
2987 2379 3112 2454 περὶ
3159 2382 3224 2448 ἧς
3272 2377 3579 2456 ὀφείλουσιν
3612 2377 3728 2433 ἐπι-

2091 2469 2310 2542 μελείας
2370 2467 2728 2533 ἐνδείκνυσθαι
2788 2471 2840 2523 οἱ
2902 2468 3143 2544 βασιλεῖς
3193 2469 3330 2544 πρὸς
3378 2470 3439 2523 τὸ
3489 2469 3730 2539 ὑπήκοον

2089 2558 2140 2613 ἐν
2199 2560 2396 2635 ἀρχαῖς
2444 2563 2552 2613 τῶν
2602 2560 2761 2634 ἰερῶν
2815 2557 2905 2613 καὶ
2959 2557 3125 2632 ἀγίων
3175 2563 3456 2630 νηστειῶν,
3511 2555 3636 2614 Ἰνδ.
3667 2555 3729 2611 δ’.

2089 2649 2167 2704 Ad
2195 2652 2602 2721 imperatorem,
2650 2657 2921 2720 quantum
2948 2648 3293 2704 subditorum
3323 2665 3516 2704 curam
3552 2651 3734 2717 impe-

2087 2741 2296 2793 ratores
2324 2755 2515 2808 gerere
2544 2739 2780 2794 debeant
2808 2739 2870 2791 in
2907 2739 3183 2808 principio
3224 2741 3541 2793 sanctorum
3587 2738 3732 2808 ieju-

2082 2829 2321 2883 niorum.
2354 2827 2546 2892 lndict,
2580 2842 2656 2882 ιν.

2155 2919 2245 2971 26.
2281 2910 2422 2990 Πρὸς
2474 2914 2563 2969 τὸν
2614 2913 3001 2989 αὐτοκράτορα,
3053 2914 3176 2989 περὶ
3228 2913 3390 2968 αὐτοῦ
3433 2912 3522 2967 καὶ
3553 2910 3727 2982 αὖθις,

2083 3002 2202 3061 Ἰνδ.
2238 3005 2292 3058 ε’.
2327 3008 2409 3061 Ad
2455 3007 2860 3076 imperatorem,
2908 3005 2974 3060 de
3002 3004 3191 3060 eadem
3217 3021 3278 3060 re
3319 3006 3545 3070 iterum,
3575 3003 3727 3059 Indi-

2081 3097 2258 3151 ctione
2285 3112 2337 3150 ν.

2155 3186 2244 3239 27.
2304 3182 2452 3257 Πρὸς
2492 3182 2583 3236 τὸν
2642 3180 3010 3258 αὐτοκράτορα
3068 3181 3191 3255 περὶ
3243 3187 3344 3250 τῆς
3405 3183 3511 3234 τῶν
3568 3183 3672 3253 Χρι
3705 3210 3730 3223 -

2087 3269 2412 3344 στουγέννων
2502 3271 2696 3346 ἑορτῆς
2730 3315 2744 3340 ,
2806 3275 2984 3340 ζητῶν
3078 3271 3461 3346 χορηγηθῆναι
3535 3269 3726 3324 σεπτὸν

2904 3359 2955 3429 ἐξ
3016 3357 3161 3432 ὥρας
3222 3359 3503 3434 ἒσπερινοῦ
3558 3351 3670 3412 Σαϐ
3703 3391 3726 3400 -

2084 3444 2270 3517 ϐάτου,
2301 3449 2389 3503 καὶ
2442 3446 2729 3524 βασιλικῆς
2780 3448 2970 3523 ἑορτῆς
3022 3445 3310 3523 βαλανείῳ,
3355 3446 3390 3515 ἢ
3440 3445 3730 3517 καπηλείῳ

2090 3538 2163 3610 μὴ
2224 3537 2536 3612 εἷσαχθῆναι
2595 3538 2731 3610 πρὸς
2786 3537 2950 3591 πότον
3008 3538 3146 3591 τινά.
3208 3538 3286 3593 Ad
3340 3539 3730 3608 imperatorem

2084 3627 2148 3683 de
2201 3630 2336 3698 festo
2405 3628 2722 3682 Nativitatis
2780 3627 3038 3698 Christi,
3094 3642 3302 3695 rogans
3356 3624 3730 3681 venerandum

2085 3719 2263 3774 emitti
2289 3716 2582 3781 decretum,
2615 3732 2687 3771 ne
2729 3718 2850 3786 quis
2877 3733 2910 3770 a
2937 3731 3162 3786 vespera
3208 3714 3443 3770 Subbati
3471 3719 3524 3770 et
3565 3716 3730 3786 regia:

2083 3807 2398 3877 festivitatis
2445 3807 2506 3859 in
2553 3804 2809 3860 balneum
2855 3807 2952 3858 aut
3002 3804 3290 3859 tabernam
3335 3804 3404 3858 ad
3445 3803 3733 3859 libandum

2085 3895 2509 3951 intromittatur.

2157 3984 2247 4039 28.
2306 3981 2452 4053 Πρὸς
2504 3980 2594 4034 τὸν
2645 3979 3014 4055 αὐτοκράτορα
3044 4023 3058 4048 ,
3117 3977 3599 4054 προσκαλούμενος
3648 3977 3739 4032 αὐ-

2087 4071 2178 4125 τὸν
2249 4069 2300 4124 ἐν
2358 4073 2428 4143 τῇ
2487 4069 2775 4140 πανσὲπτῳ
2843 4071 3098 4141 κοιμήσει
3156 4075 3256 4137 τῆς
3323 4068 3734 4144 πανυπεράγνου

2089 4158 2383 4228 Δεσποίνης
2413 4157 2501 4211 καὶ
2534 4159 2901 4233 Θεομήτορος.
2935 4159 3022 4215 Ad
3052 4160 3450 4230 imperatorem,
3492 4159 3734 4213 invitans

2086 4253 2271 4322 ipsum
2316 4249 2390 4305 ad
2433 4249 2829 4304 Dormitionem
2876 4249 3214 4304 intcmeratee
3240 4251 3293 4302 et
3321 4247 3584 4318 Deiparae
3629 4247 3731 4301 Do-

2085 4341 2276 4394 minae.

2157 4429 2249 4482 29.
2300 4427 2447 4500 ΙΙρὸς
2495 4426 2585 4479 τὸν
2637 4422 3008 4500 αὐτοκράτορα
3067 4421 3347 4477 διανιστῶν
3396 4421 3553 4475 αὐτὸν
3598 4422 3732 4496 πρὸς

2090 4512 2264 4570 ἔλεον.
2299 4516 2378 4571 Ad
2404 4518 2814 4586 imperatorem,
2843 4515 3095 4569 excitans
3127 4529 3250 4568 eum
3298 4512 3367 4566 ad
3411 4512 3732 4567 misericor-

2087 4607 2259 4662 diam.

335 4689 400 4759 τῇ
459 4684 710 4762 λαχούσῃ
768 4684 1017 4742 ἀπελθεῖν
1075 4687 1202 4750 τοὺς
1262 4689 1557 4764 ἀρχιερεῖς.
1610 4692 1860 4763 Epistola
1905 4695 2055 4768 adD
2158 4696 2247 4749 30.
2309 4692 2454 4767 Ιῐρὸς
2512 4689 2600 4745 τὸν
2659 4689 3046 4765 αὐτοκράτορα’
3098 4686 3179 4742 ὅτι
3234 4688 3308 4761 μή
3369 4686 3506 4763 πρὸς
3565 4685 3730 4762 εὐχὰς

341 4777 742 4849 imperatorem,
771 4785 834 4833 ut
868 4780 1130 4850 episcopi,
1179 4781 1262 4835 vel
1291 4783 1478 4851 sponte
1526 4782 1608 4835 vel
1636 4783 1822 4851 inviti,
1854 4784 1975 4839 red-

332 4875 454 4920 eant
483 4867 553 4922 ad
583 4867 882 4922 Ecclesium
909 4884 1092 4923 suam.

401 4954 486 5008 18.
550 4953 635 5006 Ἐν
691 4957 770 5024 τῷ
827 4952 970 5028 ἁγίῳ
1032 4954 1357 5030 βαπτίςματι
1417 4958 1648 5033 γράμμα
1693 4959 1827 5034 πρὸς
1882 4958 1974 5014 τὸν

337 5039 558 5114 βασιλέα
585 5045 750 5117 κῦρον
781 5041 1033 5117 Μιχαὴλ,
1061 5041 1153 5097 ’ίνα
1193 5043 1331 5117 πρὸς
1376 5049 1483 5100 τῶν
1522 5047 1728 5122 μυρίων
1757 5047 1977 5125 φροντί-

331 5125 434 5183 διον
496 5127 784 5202 μελέτημα
837 5128 982 5205 ἔχειν
1033 5131 1122 5186 καὶ
1164 5131 1216 5186 τί
1276 5133 1674 5210 ὑπεσχέθημεν.
1733 5139 1978 5210 Epistola

329 5218 397 5274 ad
425 5221 820 5292 imperatorem
863 5221 1149 5276 dominum
1194 5222 1528 5292 Michaelem,
1581 5234 1643 5280 ut
1686 5227 1832 5282 inter
1857 5244 1976 5282 sea:-

330 5320 513 5364 centas
539 5325 717 5366 curas
748 5309 814 5364 de
860 5311 933 5364 iis
981 5324 1104 5382 quae
1143 5312 1206 5364 in
1243 5318 1429 5368 sancto
1478 5313 1799 5384 baptismate
1840 5331 1973 5386 pro-

328 5398 605 5466 misimus,
634 5399 867 5454 solliciti
882 5400 1075 5454 simus.

399 5485 485 5542 19.
547 5487 785 5561 Γράμμα
833 5485 970 5561 πρὸς
1014 5486 1114 5556 τήν
1172 5484 1456 5559 δεσποίνην
1507 5493 1670 5566 κῦραν
1727 5490 1971 5567 Μαρίαν.

327 5576 580 5646 Epistola
609 5576 685 5630 ad
708 5575 994 5630 dominam
1020 5579 1264 5634 Mariam
1294 5579 1716 5650 imperatricem.

395 5664 483 5718 20.
548 5664 785 5737 Γράμμα
839 5662 976 5734 πρὸς
1031 5663 1122 5717 τὸν
1184 5664 1568 5740 αὐτοκράτορα,
1615 5665 1706 5721 ἵνα
1747 5665 1975 5742 παιδεύῃ

317 5749 446 5812 τοὺς
480 5750 632 5812 υἱοὺς
666 5750 830 5805 αὐτοῦ
879 5749 952 5812 εἰς
998 5750 1065 5806 τὰ
1110 5756 1187 5823 τῷ
1235 5758 1350 5825 Θεῷ
1379 5755 1593 5830 ἀρεστὰ,
1625 5755 1714 5810 καὶ
1762 5762 1865 5810 πᾶν
1911 5758 1973 5812 τὸ

2088 4782 2139 4836 οἱ
2175 4781 2309 4854 μετά
2353 4785 2449 4835 τοῦ
2496 4777 2762 4853 βασιλέως
2806 4777 2859 4832 ἐν
2907 4782 3023 4839 τοῖς
3075 4775 3561 4850 κατηχουμενείοις
3609 4796 3730 4829 συν-

2086 4868 2360 4937 ελθόντες,
2394 4870 2528 4942 πρὸς
2583 4865 2640 4922 δὲ
2683 4867 2886 4944 τρυφὰς
2941 4861 3193 4939 ἔϐλεψαν.
3228 4865 3381 4936 Quod
3407 4867 3459 4922 ii
3485 4866 3580 4937 qui
3606 4881 3732 4921 cum

2086 4960 2416 5032 imperatore
2468 4959 2528 5012 in
2587 4956 3016 5013 catechumeneis
3072 4956 3405 5012 conveniunt
3432 4999 3446 5024 ,
3496 4969 3608 5011 non
3662 4954 3734 5009 ad

2081 5065 2289 5121 preces,
2320 5048 2414 5103 sed
2443 5046 2512 5103 ad
2540 5047 2867 5117 voluptatem
2896 5046 3214 5117 respiciant.

2155 5138 2246 5192 31.
2305 5135 2450 5208 Ῑῐρὸς
2502 5134 2594 5187 τὸν
2652 5131 3068 5206 αὐτοκράτορα,
3128 5131 3210 5186 ὅτι
3273 5132 3348 5205 μὴ
3410 5129 3730 5207 προστάσσει

2086 5223 2337 5280 ἀπελθεῖν
2378 5219 2472 5276 ἕνα
2514 5217 2734 5276 ἕκαστον
2767 5224 2874 5275 τῶν
2904 5221 3180 5294 ποιμὲνων
3219 5221 3294 5282 εἷς
3323 5221 3422 5288 τὴν
3457 5218 3733 5294 λαχοῦσαν

2087 5312 2233 5384 αὐτῷ
2263 5311 2524 5383 ποίμνην.
2556 5311 2640 5366 Ad
2686 5313 3086 5382 imperatorem,
3116 5327 3214 5367 cur
3253 5326 3366 5367 non
3385 5310 3580 5383 jubeat
3601 5326 3731 5382 pas-

2085 5407 2226 5460 tores
2255 5400 2513 5471 singulos
2542 5399 2613 5455 ad
2637 5415 2854 5472 gregem
2881 5417 3041 5456 suum
3064 5415 3308 5472 pergere.

2155 5493 2242 5547 32.
2305 5487 2543 5564 Γράμμα
2590 5488 2726 5562 πρὸς
2781 5487 2870 5542 τὸν
2912 5486 3280 5563 αὐτοκράτορα
3312 5531 3326 5555 ,
3377 5484 3466 5541 τίνα
3526 5487 3602 5559 μή
3660 5482 3731 5540 δι’

2086 5579 2364 5652 ὑπέρθεσιν
2456 5575 2687 5649 μένωσιν
2762 5575 3092 5651 ἀθεράπευτα
3173 5577 3271 5631 ὅσα
3351 5573 3482 5631 ἄττα
3561 5575 3729 5651 μικρά

2085 5667 2441 5745 ἀναφὲρομεν,
2499 5666 2588 5719 καὶ
2650 5666 2724 5738 μή
2781 5669 2850 5740 τῇ
2895 5663 3071 5741 θυρίδι
3125 5665 3394 5742 ῥιπτέσθω
3441 5662 3603 5736 μόνον
3661 5665 3727 5717 τὰ

2082 5756 2400 5833 γράμματα.
2434 5755 2680 5827 Epistola
2717 5756 2797 5812 ad
2852 5757 3258 5829 imperatorem,
3313 5772 3382 5814 ne
3429 5771 3534 5827 per
3579 5754 3724 5810 dita-
