4110 6412
425 395 546 460 478

423 619 602 675 medio
628 626 911 691 maneant,
941 641 1048 680 neu
1079 626 1274 684 littera
1297 631 1472 687 solum
1499 649 1599 704 per
1624 643 1921 706 fenestram
1945 653 2072 709 pro-

412 708 707 779 Jiciantur.

495 799 585 853 33.
636 799 782 878 Πρρς
828 800 919 855 τὸν
973 802 1342 879 αὐτοκράτορα
1389 810 1510 885 περὶ
1571 816 1676 866 τῶν
1741 813 2066 889 ἐγγιζουσῶν

423 885 720 957 ἡνωμένων
793 888 980 944 οἰκιῶν
1060 893 1193 964 μετὰ
1244 901 1349 950 τῶν
1413 899 1568 953 Θείων
1614 902 1702 955 καὶ
1762 900 2065 977 σεϐασμίων

427 971 753 1047 ἐκκλησιῶν,
802 977 950 1042 ὅπως
1004 978 1078 1035 ἔνι
1127 988 1287 1037 τοῦτο
1342 985 1458 1040 λίαν
1493 987 1818 1064 ἐφάμαρτον.
1854 998 1931 1051 Ad
1963 1000 2066 1052 im-

421 1074 752 1134 peratorem,
801 1071 865 1126 de
908 1072 1162 1129 domibus
1215 1091 1341 1146 qua
1377 1078 1582 1134 divinis
1631 1099 1694 1137 ac
1741 1089 2066 1143 venerandis

363 1209 374 1214 -
417 1155 672 1213 Ecclesiis
698 1161 968 1227 proxima
997 1171 1048 1217 et
1075 1165 1380 1235 conjuncta
1415 1175 1564 1224 sunt.
1596 1172 1744 1239 Quod
1777 1175 1832 1226 in
1868 1175 1964 1230 hoc
1990 1179 2064 1232 sit

415 1261 586 1313 grave
611 1245 899 1302 delictum.

487 1334 578 1389 34.
639 1335 783 1406 Πρὸς
831 1337 922 1390 τὸν
985 1337 1398 1417 αὐτοκράτορα,
1457 1348 1787 1418 συμπάθειαν
1849 1352 2066 1421 ἐξαιτῶν

415 1425 530 1482 τοῖς
585 1421 884 1478 ἀπολύσασι
929 1425 982 1496 ἐξ
1031 1427 1247 1501 εἱρκτῆς
1295 1433 1385 1486 τὸν
1443 1436 1639 1505 Παξῆν.
1691 1441 1770 1495 Ad
1821 1446 2064 1514 impera-

414 1518 587 1568 torem
638 1523 699 1569 ut
744 1519 1191 1575 commisereatur
1234 1524 1303 1577 iis
1355 1527 1452 1595 qui
1497 1529 1688 1584 Paxen
1729 1548 1802 1584 ex
1846 1549 2066 1590 carcere

411 1599 737 1658 eduxerunt.
1835 1606 1842 1612 ’

481 1690 575 1745 35.
611 1691 739 1763 Περὶ
769 1698 866 1748 τοῦ
895 1693 1043 1756 ὅπως
1091 1694 1172 1751 δεῖ
1222 1697 1545 1775 συνδραμεῖν
1596 1703 1646 1758 ἐν
1697 1711 1775 1777 τῷ
1803 1713 1900 1761 τοῦ
1943 1716 2060 1764 Σω-

411 1783 580 1853 τῆρος
611 1781 845 1843 ἅπαντας
878 1781 1240 1861 ἐνταφιασμῴ.
1276 1792 1426 1858 Quod
1477 1801 1716 1864 oporteat
1761 1815 1946 1855 omnes
1993 1801 2062 1856 ad

411 1867 714 1925 Saluatoris
742 1873 1084 1943 sepulturam
1113 1893 1453 1936 concurrere.

488 1956 574 2011 36.
606 1957 750 2032 Πρὸς
803 1959 894 2012 τὸν
955 1959 1084 2015 λαὸν
1143 1963 1368 2037 ἅπαντα,
1429 1971 1755 2041 παρακαλῶν
1816 1973 2054 2049 συνδρα-

419 2048 538 2116 μεῖν
565 2043 621 2100 ἐν
651 2050 730 2117 τῷ
777 2053 873 2102 τοῦ
925 2055 1183 2126 Σωτῆρος
1225 2053 1583 2130 ἐνταφιασμῷ.
1619 2062 1697 2116 Ad
1743 2043 2060 2123 universum

413 2136 698 2206 populum,
747 2139 1034 2197 cohortans
1080 2158 1204 2198 eum
1249 2150 1309 2200 ut
1357 2148 1427 2202 ad
1474 2151 1694 2205 Domini
1718 2155 2058 2224 sepulturam

412 2229 726 2280 concurrat.

484 2312 574 2368 37.
607 2312 749 2386 Πρὸς
780 2315 870 2368 τὸν
921 2315 1289 2394 αὐτοκράτορα
1331 2325 1455 2397 περὶ
1501 2330 1598 2379 τοῦ
1629 2327 1809 2382 αὐτοῦ.
1845 2333 1922 2387 Ad
1954 2335 2055 2388 im-

409 2410 722 2472 peratorem
745 2405 812 2459 de
837 2407 1023 2463 eadem
1053 2426 1130 2466 re.

483 2490 572 2547 38.
613 2493 847 2566 Γράμμα
893 2497 1026 2569 πρὸς
1068 2498 1158 2551 τὸν
1209 2500 1595 2578 αὐτοκράτορα,
1645 2505 2001 2581 προκαλούμε
2031 2542 2056 2554 -

412 2598 502 2632 νον
537 2578 695 2634 αὐτὸν
744 2582 796 2637 ἐν
831 2587 910 2654 τῷ
962 2582 1308 2663 ἐνταφιασμῷ
1353 2596 1450 2644 τοῦ
1503 2578 1775 2669 Σωτῆρος.
1810 2578 2056 2670 Epistola

407 2668 479 2724 ad
507 2671 912 2742 imperatorem.
944 2677 1187 2732 invitans
1219 2695 1339 2735 eum
1371 2682 1440 2736 ad
1471 2668 2055 2760 celebritatem—sepul-

405 2761 553 2815 tura
581 2761 897 2817 Salvatoris.

475 2846 566 2901 39.
599 2847 742 2922 Πρὸς
784 2849 876 2904 τὸν
925 2850 1312 2931 αὐτοκράτορα,
1363 2858 1842 2934 προσκαλούμενον
1887 2863 1938 2919 ἐν
1982 2871 2050 2939 τῇ

405 2933 692 3008 πανσέπτῳ
751 2942 1007 3011 κοιμήσει
1082 2950 1182 3012 τῆς
1256 2945 1542 3022 ὑπεραγίας
1602 2933 1866 3007 Θεοτόκου
1902 2997 1914 3011 .
1971 2933 2052 3012 Ad

406 3025 819 3095 imperatorem,
863 3032 1106 3088 invitans
1151 3051 1276 3090 eum
1323 3038 1400 3092 ad
1444 3041 1648 3109 festum
1700 3044 2052 3102 Dormitionis

403 3117 757 3173 sanctissima
784 3119 1052 3191 Deipara.

474 3205 561 3258 40.
597 3204 831 3277 Γράμμα
879 3209 1017 3282 πρὸς
1069 3211 1160 3264 τὸν
1211 3212 1579 3290 αὐτοκράτορα
1637 3220 1759 3294 περὶ
1818 3219 2044 3277 ἐλευθε-

405 3290 521 3363 ρίας
579 3297 675 3347 τοῦ
734 3295 1139 3354 καταπολαῦσαι
1213 3303 1312 3370 τήν
1370 3304 1693 3376 Ἐκκλησίαν
1763 3315 1996 3385 Χριστοῦ
2031 3354 2042 3366 .

402 3382 652 3450 Epistula
681 3381 752 3438 ad
780 3386 1189 3460 imperatorem,
1220 3392 1290 3447 de
1316 3397 1612 3452 asserenda
1651 3402 1707 3454 in
1739 3381 2050 3460 libertatem

403 3469 647 3526 Ecclesia
677 3472 900 3530 Christi.

476 3558 561 3616 41.
599 3558 833 3633 Γράμμα
876 3564 1012 3638 πρὸς
1060 3567 1149 3621 τὸν
1199 3568 1587 3649 αὐτοκράτορα,
1639 3575 1760 3653 περί
1811 3580 1872 3633 οὗ
1921 3580 2046 3635 ἀνα-

404 3645 771 3744 ιρὲρομεν,ῌού
821 3648 906 3705 διά
955 3675 1006 3708 τι
1059 3645 1411 3732 ἀνθρώπινον,
1464 3645 1609 3731 ἀλλὰ
1662 3645 1833 3737 μύνης
1885 3671 2045 3744 χάριν

405 3733 644 3806 ἀγάπης.
677 3739 921 3810 Epistola
951 3745 1020 3798 ad
1068 3748 1472 3818 imperatorem.
1509 3733 1671 3822 Quod
1703 3733 1815 3812 non
1843 3733 2048 3815 liu-

402 3841 568 3880 mano
597 3828 814 3899 affectu,
844 3831 936 3885 sed
964 3840 1185 3890 tantum
1231 3838 1519 3897 charitatis
1563 3859 1734 3900 causa
1761 3849 1880 3904 hac
1907 3854 2045 3920 refe-

401 3929 592 3969 ramus
599 3957 612 3969 .

478 4003 831 4096 4‘2.-I‘pa'p.p.a
877 4010 1010 4083 πρὸς
1055 4011 1145 4066 τὸν
1197 4015 1422 4087 βασιλέα
1450 4020 1708 4092 περὶτῶν
1763 4020 2044 4096 διψώντων

406 4089 457 4144 ἐν
492 4091 690 4166 βρώσει
721 4093 884 4168 ἄρτου
932 4108 1255 4178 καταφαγεῖν
1298 4106 1388 4159 τὸν
1440 4105 1568 4162 λαὸν
1614 4116 1710 4164 τοῦ
1759 4119 1912 4185 Θεοῦ,
1959 4115 2046 4170 καὶ

405 4180 688 4256 συναλγεῖν
737 4183 894 4240 αὐτὸν
945 4185 996 4240 ἐν
1047 4195 1162 4251 τοῖς
1205 4193 1591 4269 ἐπερχομένοις
1626 4200 1884 4274 ἀνιαροῖς,
1915 4204 2046 4280 ὑπὲρ

402 4268 576 4347 φίλων
630 4271 715 4326 καὶ
766 4283 1059 4348 συγγενῶν.
1112 4268 1370 4353 Ερίδίοἰαί
1401 4287 1478 4341 ad
1535 4268 1936 4364 imperatorem,
1984 4268 2049 4349 de

400 4361 471 4415 iis
498 4364 621 4432 quis
648 4367 846 4420 sitiunt
871 4368 1142 4440 populum
1164 4373 1265 4428 Dei
1283 4375 1548 4431 devorare
1575 4380 1723 4434 sicut
1751 4361 1931 4436 escam
1955 4400 2049 4453 pa-

398 4453 506 4543 nis,
537 4460 588 4506 et
615 4453 757 4524 quod
787 4457 904 4527 ipse
932 4459 1215 4516 condoleat
1233 4463 1528 4535 plusquam
1554 4469 1724 4523 amici
1737 4473 1790 4524 et
1808 4474 2043 4543 cognati,

397 4539 463 4594 de
491 4546 754 4600 a’rumnis
783 4560 908 4615 qua
936 4548 1211 4620 accidunt.

1554 410 1978 476 ATHANASH
2022 412 2140 476 GP.
2185 415 2714 484 PATRIARGHAZ

425 529 631 585 tionem
662 530 767 586 illa
794 533 1039 591 minima
1064 534 1282 605 delicta,
1315 555 1441 611 qua
1469 547 1806 612 referuntur,
1837 548 1957 602 sine
1985 564 2068 603 re—
2102 549 2156 614 Α

3716 425 3845 488 476

2258 551 2344 604 45.
2404 551 2545 625 Πρὸς
2600 552 2691 605 τὸν
2743 550 3132 627 αὐτοκράτορα,
3178 549 3299 627 περὶ
3350 556 3454 610 τῶν
3507 551 3838 632 ἀρχιερέων,

2183 635 2537 694 ἐνδιαιτᾶσθαι
2602 639 2822 696 ἕκαστον
2881 645 2949 714 τῇ
3009 639 3305 717 λαχούσῃ,
3364 642 3454 698 καὶ
3517 644 3594 717 μὴ
3655 651 3837 700 ποιεῖν

2181 724 2347 781 πλέον
2397 729 2718 801 ἑξαμηνιαῖον
2767 730 2915 791 ὲκτὸς
2949 777 2963 801 ,
3008 731 3082 792 ὡς
3131 736 3246 792 τοῖς
3293 730 3485 803 νόμοις
3538 729 3687 788 δοκεῖ
3739 733 3838 788 καὶ

2179 817 2382 885 κανόσι,
2441 819 2529 872 καὶ
2583 821 2658 891 μή
2717 825 2984 874 κατοικεῖν
3042 827 3141 888 τῆς
3207 818 3487 894 βασιλίόος
3533 820 3703 882 ἐντός.
3752 824 3842 878 Ad

2180 910 2581 978 imperatorem,
2613 910 2751 981 quod
2780 911 3003 965 debeant
3031 912 3243 982 singuli
3271 914 3511 983 episcopi
3549 914 3607 966 in
3647 913 3840 968 Eccle-

2177 998 2276 1051 siis
2327 1001 2443 1052 suis
2497 1016 2736 1068 manere,
2798 1015 2970 1070 neque
3019 1000 3086 1054 ab
3137 1002 3206 1054 iis
3250 1001 3377 1072 plus
3425 1016 3522 1056 sea:
3555 1004 3840 1056 mensibus

2178 1085 2377 1155 abesse,
2412 1090 2470 1140 ut
2519 1088 2728 1158 legibus
2775 1093 2825 1143 et
2876 1087 3174 1143 canonibus
3219 1097 3488 1144 statutum
3519 1094 3597 1144 est
3628 1107 3647 1145 .·
3677 1097 3728 1144 et
3761 1106 3840 1145 ne

2179 1172 2422 1230 habitent
2459 1177 2518 1229 in
2549 1178 2708 1244 regia
2743 1176 2894 1231 urbe.

2248 1264 2332 1317 46.
2395 1263 2535 1336 Πρὸς
2593 1263 2679 1316 τὸν
2739 1263 3154 1337 αὐτοκράτορα,
3213 1261 3540 1338 παρακαλῶν
3594 1263 3830 1340 εὐεργε-

2175 1349 2293 1410 σίας
2348 1357 2533 1425 τυχεῖν
2593 1352 2685 1404 τὸν
2739 1351 3060 1421 Οἷναιώτην.
3119 1353 3202 1420 Ad
3226 1355 3631 1424 imperatorem,
3664 1371 3835 1425 quem

2174 1441 2426 1496 hortatur
2455 1444 2511 1496 ut
2541 1441 2807 1497 (Enteota
2840 1442 3156 1510 beneﬁcium
3187 1444 3489 1511 impertiat.

2246 1531 2334 1585 47.
2369 1528 2600 1601 Γραμμα
2656 1530 2790 1601 πρὸς
2846 1531 2936 1584 τὸν
2996 1529 3386 1604 αὐτοκράτορα,
3437 1529 3585 1590 ὅπως
3632 1536 3828 1605 τυχεῖν

2173 1615 2524 1690 φιλοτίμημα
2579 1621 2669 1672 τὸν
2729 1620 3070 1692 τερετίσαντα
3127 1618 3178 1672 ἐν
3234 1623 3302 1691 τῇ
3363 1618 3488 1692 ἁγίᾳ
3543 1624 3640 1672 τοῦ
3687 1624 3830 1674 Θεοῦ

2174 1706 2468 1777 Ἐκκλησία
2512 1708 2574 1760 τὸ
2623 1705 2922 1763 συνοδικόν.
2984 1710 3239 1779 Epistola
3283 1709 3364 1765 ad
3409 1712 3830 1779 imperatorem.

2171 1797 2307 1864 Qua
2335 1813 2539 1853 merces
2589 1799 2642 1854 ei
2687 1798 2887 1867 danda,
2937 1799 3035 1869 qui
3084 1800 3144 1854 in
3192 1804 3382 1853 sancta
3432 1800 3534 1854 Dei
3580 1799 3831 1855 Ecclesia

2087 1917 2136 1982 Β
2168 1886 2494 1982 synodicum
2534 1889 2818 1982 retulerat.

2240 1977 2328 2029 48.
2391 1974 2623 2049 Γράμμα
2695 1975 2830 2050 πρὸς
2903 1975 2993 2028 τὸν
3068 1973 3438 2049 αὐτοκράτορα
3510 1974 3633 2051 περὶ
3706 1979 3823 2029 τῶν

2168 2060 2574 2138 αἱσχροκερδῶν
2624 2063 2712 2116 καὶ
2762 2067 2868 2117 τῶν
2929 2063 3245 2138 προνομίων
3291 2069 3392 2131 τῆς
3442 2061 3764 2132 Ἐκκλησίας
3808 2107 3823 2120 .

2165 2153 2406 2224 Epistola
2437 2153 2520 2208 ud
2549 2155 2959 2224 imperatorem,
2992 2156 3185 2208 contra
3214 2154 3392 2224 turpis
3411 2155 3554 2208 lucri
3571 2154 3824 2224 cupidos,

2166 2248 2217 2298 et
2246 2243 2313 2298 de
2339 2243 2645 2313 privilegiis
2673 2244 2952 2300 Ecclesia.

2238 2331 2326 2386 49.
2360 2330 2593 2405 Γράμμα
2641 2332 2776 2406 πρὸς
2826 2331 2918 2385 τὸν
2967 2328 3337 2405 αὐτοκράτορα
3363 2329 3486 2401 περὶ
3515 2333 3620 2384 τῶν
3659 2329 3826 2394 θείων

2164 2424 2308 2474 ναῶν
2362 2424 2548 2490 τιμᾷν,
2609 2419 2696 2472 καὶ
2754 2418 3088 2494 λαμπρύνειν
3141 2419 3229 2472 καὶ
3281 2417 3554 2493 ὡραίζειν,
3604 2419 3692 2472 καὶ
3738 2421 3820 2490 μή

2167 2507 2420 2580 ἐμμένειν
2476 2509 2598 2562 τινὰ
2645 2507 3132 2583 κατηχουμενείοις
3166 2553 3178 2576 ,
3230 2506 3317 2561 καὶ
3366 2507 3442 2578 μή
3493 2509 3674 2568 ο“’κους
3732 2528 3822 2561 τι-

2163 2602 2267 2651 νῶν
2317 2594 2676 2673 ἐγκολλᾶωθαι
2727 2602 2842 2659 τοῖς
2891 2595 3055 2660 θείοις
3099 2601 3272 2658 ναοῖς.
3323 2596 3563 2668 Epistola
3609 2597 3678 2652 ad
3709 2599 3821 2652 im-

2161 2692 2485 2758 peratorem,
2518 2689 2583 2743 de
2611 2686 2943 2744 honorandis
2991 2691 3043 2742 et
3072 2685 3404 2744 exornandis
3443 2685 3644 2740 divinis
3673 2690 3818 2740 tem-

2163 2778 2270 2848 plis
2297 2794 2318 2839 ;
2348 2776 2489 2848 quod
2535 2778 2810 2833 neminem
2857 2776 3041 2832 deceat
3087 2776 3148 2831 in
3192 2774 3628 2832 catechumeneis
3660 2774 3820 2830 habi-

2163 2874 2319 2928 tare;
2349 2881 2522 2938 neque
2555 2866 2737 2922 domos
2783 2866 3169 2937 quorumpiam
3209 2865 3399 2919 divina
3439 2864 3649 2936 templa
3689 2879 3820 2918 con-

2161 2957 2375 3025 tingere
2402 2971 2506 3025 par
2529 2957 2620 3010 sit.

2230 3044 2319 3097 50.
2374 3043 2514 3116 Πρὸς
2560 3043 2651 3095 τὸν
2699 3040 3086 3116 αὐτοκράτορα,
3139 3040 3287 3101 ὅπως
3342 3040 3418 3110 μή
3468 3037 3626 3094 παντὶ
3679 3039 3810 3113 βου-

2162 3128 2383 3202 λομένῳ
2416 3129 2592 3204 λέγειν
2624 3129 2870 3204 πιστεύῃ,
2920 3128 3060 3202 μηδὲ
3105 3126 3339 3184 κωλύειν
3383 3127 3512 3189 τοὺς
3549 3125 3812 3199 καλλιερ-

2160 3225 2388 3294 γοῦντας
2417 3221 2515 3287 τὴν
2548 3226 2669 3292 γῆν.
2721 3221 2804 3276 Ad
2855 3222 3263 3292 imperatorem,
3313 3222 3373 3274 ut
3402 3233 3470 3274 ne
3516 3220 3691 3273 cuivis
3729 3219 3812 3272 ln-

2160 3312 2344 3382 quenti
2395 3326 2585 3365 aurem
2609 3309 2880 3383 prabeat,
2917 3324 3021 3365 nec
3049 3303 3267 3365 eolonos
3297 3307 3364 3362 ab
3393 3308 3543 3378 agris
3571 3307 3814 3361 colendis

2156 3407 2414 3456 coerceat.

2226 3490 2316 3544 51.
2375 3486 2606 3561 Γράμμα
2683 3485 2819 3560 πρὸς
2874 3486 2964 3540 τὸν
3045 3483 3460 3560 αὐτοκράτορα,
3521 3481 3643 3554 περὶ
3700 3486 3812 3537 τῶν

2160 3575 2368 3648 ἷταμῶν
2426 3575 2513 3629 καὶ
2565 3574 2888 3650 αἰμοχαρῶν
2955 3574 3043 3628 καὶ
3101 3571 3487 3629 πλουτούντων
3547 3569 3690 3625 πολὺ
3747 3572 3810 3625 τὸ

2156 3657 2518 3720 κακόϐουλον.
2571 3663 2820 3737 Epistula
2876 3664 2946 3720 ad
2975 3665 3379 3734 imperatorem,
3417 3660 3482 3716 de
3519 3661 3812 3732 impuden-

2157 3756 2328 3820 tibus,
2360 3755 2763 3825 sanguinariis,
2795 3761 2847 3810 et
2874 3754 2936 3807 in
2964 3753 3182 3808 malitia
3212 3750 3590 3823 locupletibus.

2225 3845 2315 3897 52.
2378 3842 2611 3914 Γράμμα
2666 3839 2802 3915 πρὸς
2855 3840 2948 3894 τὸν
3010 3839 3427 3913 αὐτοκράτορα,
3487 3837 3624 3910 πρὸς
3677 3835 3805 3898 τοὺς

2157 3931 2524 4006 χειρισθὲντας
2581 3934 2765 4005 φορεῖν
2826 3929 3098 4004 μάχαιραν
3173 3928 3308 3999 πρὸς
3364 3929 3517 3995 Θεοῦ,
3575 3925 3665 3980 καὶ
3725 3927 3804 3997 μὴ

2156 4020 2291 4075 κατὰ
2319 4020 2382 4074 τὸ
2435 4017 2654 4088 θέλημα
2699 4022 2796 4072 τοῦ
2846 4017 3186 4092 χειρίσαντος
3236 4014 3574 4075 ἀνασείοντας
3616 4015 3808 4082 αὐτὴν,

2157 4107 2256 4162 ὅσα
2288 4107 2363 4168 εἰς
2395 4106 2566 4181 χόλον
2619 4111 2752 4160 Θεοῦ
2801 4111 3033 4180 παρορᾷ,
3084 4104 3172 4159 καὶ
3226 4103 3423 4175 ζήμίαν
3458 4106 3671 4178 ψυχῶν.
3709 4104 3808 4158 Καὶ

2157 4197 2279 4269 περὶ
2326 4200 2422 4249 τοῦ
2468 4193 2639 4268 Τύρου
2688 4194 2774 4246 καὶ
2827 4198 2924 4248 τοῦ
2969 4189 3370 4266 Ἀλεξανδρείας
3398 4238 3412 4261 ,
3463 4190 3610 4251 ὅπως
3659 4189 3805 4261 ἐξελ-

2158 4298 2318 4350 θωσιν
2353 4284 2412 4338 ἐκ
2439 4287 2537 4351 τῆς
2570 4281 2807 4343 πόλεως.
2842 4284 3084 4356 Epistola
3113 4284 3189 4339 ad
3221 4285 3623 4355 imperatorem.
3659 4283 3809 4351 Quod

2156 4379 2202 4432 ii
2277 4376 2474 4447 quibus
2534 4374 2753 4442 gladius
2821 4389 2855 4426 a
2909 4373 3014 4427 Deo
3085 4371 3324 4428 traditus
3379 4376 3457 4427 est
3495 4415 3511 4440 ,
3569 4386 3683 4424 non
3739 4371 3810 4426 ad

2154 4465 2432 4521 tradentis
2464 4463 2734 4530 placitum
2784 4462 2885 4517 illo
2925 4465 3192 4522 utantur;
3223 4460 3361 4531 quod
3405 4459 3476 4515 ad
3520 4461 3690 4515 Deum
3720 4461 3810 4514 ira

2155 4551 2640 4625 inﬂammandam,
2690 4558 2742 4605 et
2789 4550 2858 4605 ad
2901 4551 3229 4605 animarum
3266 4550 3569 4620 perniciem
3595 4550 3804 4620 vergit.

472 4631 559 4685 43.
617 4630 850 4704 Γράμμα
907 4636 1043 4710 πρὸς
1096 4637 1187 4692 τὸν
1246 4639 1615 4717 αὐτοκράτορα
1660 4645 1782 4718 περῖ
1844 4642 2046 4720 δωρεᾶς

2176 4646 2220 4699 ει
2250 4649 2311 4699 ut
2349 4643 2556 4713 Tyrius
2581 4644 2630 4695 et
2660 4637 3066 4695 Alexandrinus
3093 4637 3333 4708 episcopi
3357 4653 3427 4694 ea:
3465 4636 3604 4694 urbe
3627 4636 3808 4702 disce-

399 4718 468 4785 ἧς
526 4719 683 4782 αὐτὸς
739 4721 1053 4788 ἀπολαύσας
1111 4728 1188 4798 μὴ
1247 4728 1523 4804 ἀνεχέσθω
1573 4736 1652 4803 τῷ
1707 4734 1774 4787 τὰ
1821 4739 2044 4790 τοιαῦτα

397 4812 752 4884 χαρισαμένῳ
808 4818 941 4885 Θεῷ,
1006 4816 1081 4888 μὴ
1141 4815 1320 4885 ἀξίους
1372 4818 1704 4876 ἀποτιννύειν
1761 4823 2041 4898 καρπούς.

396 4897 641 4968 Epistola
685 4902 760 4956 ad
808 4905 1220 4970 imperatorem.
1271 4909 1349 4963 Ne
1392 4911 1609 4966 omittat
1634 4928 1734 4983 pro
1763 4897 1905 4969 dono
1934 4913 2044 4969 sibi

397 4987 615 5054 collato,
645 4993 947 5060 con/eremi
967 4995 1071 5050 Deo
1101 4995 1294 5066 dignos
1324 5001 1530 5069 referre
1559 5001 1790 5068 fructus.

470 5077 558 5130 44.
591 5077 826 5148 Γράμμα
873 5080 1008 5154 πρὸς
1057 5082 1148 5136 τὸν
1201 5082 1571 5159 αὐτοκράτορα
1608 5087 1731 5162 περὶ
1761 5093 1858 5142 τοῦ
1889 5089 2042 5163 ἀναγ-

395 5163 575 5232 κάζειν
632 5163 757 5226 τοὺς
830 5166 1106 5242 ἀρχιερεῖς
1181 5180 1596 5250 προσκαρτερεῖν
1644 5177 1743 5243 τήν
1803 5176 2040 5248 ποίμνην

396 5251 595 5323 αὐτῶν,
653 5254 742 5308 καὶ
800 5258 1106 5327 ποιμαίνειν
1165 5257 1345 5322 καλῶς
1401 5263 1493 5317 τὸν
1554 5263 1683 5319 λαὸν
1743 5269 1838 5320 τοῦ
1885 5269 2036 5320 Θεοῦ.

397 5343 650 5414 Epistola
691 5346 791 5399 ad‘
814 5348 1224 5418 imperatorem,
1272 5352 1337 5406 de
1381 5354 1637 5422 cogendis
1683 5356 1944 5427 episcOpis
1982 5359 2042 5410 ut

393 5449 520 5488 cum
553 5448 715 5503 grege
742 5450 844 5488 suo
882 5435 1102 5492 assidue
1140 5451 1562 5510 commorentur,
1595 5453 1647 5500 et
1691 5453 1834 5500 recte
1867 5460 2038 5515 popu-

395 5522 505 5576 lum
535 5523 635 5577 Dei
660 5527 906 5592 pascant.

465 5705 541 5784 (1)
564 5705 765 5764 Exstat
793 5708 850 5768 et
878 5705 938 5763 in
968 5705 1164 5766 codice
1194 5708 1371 5782 Regio
1399 5710 1562 5767 2525.

2151 4733 2302 4790 dant.

2223 4821 2314 4876 53.
2374 4815 2549 4891 Νεαρά
2585 4859 2597 4872 ,
2655 4816 2894 4885 Εήτησις
2954 4815 3030 4887 (1)
3084 4817 3182 4868 τοῦ
3234 4813 3577 4889 πατριάρχου
3633 4817 3806 4890 κυροῦ

2158 4905 2492 4977 Ἀθανασίου,
2543 4903 2633 4958 καὶ
2680 4909 2781 4973 τῆς
2828 4902 2951 4978 περὶ
2999 4901 3158 4958 αὐτὸν
3204 4902 3353 4978 ἱερᾶς
3408 4898 3636 4956 συνόδου
3665 4902 3807 4976 πρὸς

2151 4997 2241 5052 τὸν
2305 4989 2680 5050 εὐσεϐέστατον
2758 4988 2983 5067 βασιλέα
3051 4993 3218 5066 κῦρον
3297 4986 3636 5065 Ἀνδρόνικον
3713 4990 3808 5045 τὸν

2153 5081 2536 5158 Παλαιολόγον
2584 5078 2710 5155 περί
2757 5101 2918 5135 τινων
2967 5076 3273 5158 κεφαλαίων
3314 5078 3588 5152 νομίμων,
3631 5075 3805 5134 τύπον

2154 5173 2357 5249 ἔχουσα
2415 5176 2642 5244 Νωρᾶς,
2688 5168 2813 5239 ἥτις
2859 5169 2949 5226 καὶ
3006 5167 3273 5245 ἐστὲρχθη
3330 5167 3454 5223 τότε
3506 5166 3654 5243 παρὰ
3706 5173 3809 5224 τοῦ

2150 5263 2316 5319 αὐτοῦ
2373 5255 2752 5317 εὐσεϐεστάτου
2807 5256 3100 5334 βασιλέως.
3157 5258 3407 5327 Novella,
3455 5275 3553 5316 seu
3608 5259 3807 5318 relatio

2146 5352 2494 5427 patriarcha
2540 5351 2751 5408 domini
2804 5349 3112 5420 Athanasii,
3159 5355 3214 5404 et
3262 5355 3604 5422 congregata
3653 5350 3808 5421 apud

2149 5458 2279 5498 eum
2305 5441 2527 5513 synodi,
2579 5439 2648 5494 ad
2693 5439 3179 5508 religiosissimum
3205 5439 3597 5507 imperatorem
3621 5437 3808 5496 domi-

2148 5547 2285 5586 num
2335 5529 2709 5586 Andronicum
2753 5523 3132 5598 Palaologum
3157 5541 3179 5589 .'
3205 5525 3271 5584 de
3299 5526 3629 5599 quibusdam
3649 5528 3806 5600 juris
