4110 6406
242 428 361 491 477

1737 416 2162 485 EPISTOLJE.

3526 399 3647 491 ιιι

245 560 538 635 capitibus,
572 561 634 618 in
677 557 904 617 modum
956 557 1224 627 Novella,
1253 574 1418 630 quam
1465 556 1766 629 imperator
1794 571 1891 626 ap-
1920 553 1977 620 Α
2003 569 2115 609 non
2163 553 2489 619 amicorum,
2520 547 2897 620 cognatorum,
2942 554 3257 606 munerum,
3299 542 3394 593 aut
3446 535 3646 607 gloriae

239 651 521 725 probavit.

312 741 405 796 54.
446 739 687 813 Γράμμα
734 737 1016 814 συγκαλῶν
1067 734 1311 813 βασιλεῖς
1353 756 1413 790 τε
1462 733 1552 789 καὶ
1603 734 1893 809 ἄρχοντας,

244 827 410 903 ἱερεῖς
440 825 531 882 καὶ
588 823 1055 900 μονάζοντας,²ίνα
1101 829 1295 900 γυμνῷ
1339 828 1416 896 τῷ
1461 820 1589 878 ποδὶ
1642 819 1897 895 ἐξέλθωσι

250 916 385 989 μετᾶ
431 919 543 970 τῶν
591 914 750 979 θείων
810 913 1031 971 εἰκόνων
1102 912 1434 983 λιτάζοντες.
1485 914 1728 985 Epistola
1791 928 1898 983 qua

245 1006 567 1064 cohortatur
653 1007 1035 1078 imperatores,
1099 1007 1401 1077 principes,
1465 1003 1765 1061 sacerdotes
1846 1005 1901 1057 et

246 1096 561 1163 monachos,
592 1099 658 1150 ut
700 1094 868 1151 nudis
910 1093 1141 1167 pedibus
1170 1110 1297 1149 cum
1323 1093 1533 1149 divinis
1559 1091 1900 1164 imaginibus

245 1186 650 1258 processionem
676 1185 893 1241 obeant.

316 1274 410 1329 55.
462 1272 611 1347 Πρὸς
671 1270 766 1326 τὸν
817 1269 1208 1345 αὐτοκράτορα,
1249 1273 1560 1344 παρακινῶν
1625 1267 1801 1333 ἐλθεῖν
1848 1265 1901 1322 ἐν

249 1364 326 1432 τῷ
392 1359 745 1443 ἐνταφιασμῷ
811 1362 910 1415 τοῦ
985 1363 1266 1433 Σωτῆρος.
1333 1360 1421 1415 Ad
1494 1361 1898 1430 imperatorem,

149 1465 154 1470 ‘
250 1451 538 1509 cohortans
584 1466 712 1507 eum
750 1454 811 1505 ut
858 1449 929 1506 ad
989 1447 1292 1504 Saluatoris
1342 1448 1687 1520 sepulturam
1749 1462 1900 1505 acce-

462 1626 615 1701 ΙΙρὸς
680 1626 774 1681 τὸν
830 1624 1200 1703 αὐτοκράτορα
1262 1625 1387 1700 περὶ
1456 1629 1552 1679 τοῦ
1614 1623 1898 1700 γεγονότος

254 1712 330 1776 εἰς
372 1714 467 1768 τὸν
522 1712 653 1769 λαὸν
707 1711 899 1786 λιμοῦ.
926 1716 1008 1771 Ad
1053 1717 1441 1787 imperatorem
1484 1714 1551 1770 de
1591 1716 1739 1783 fame
1795 1730 1905 1786 qua

252 1803 484 1876 populus
514 1803 807 1859 laboravit.

2002 659 2167 700 causa
2192 643 2418 712 referre.

2072 733 2161 787 65.
2196 709 2431 805 Γράμμα
2491 730 2588 782 τοῦ
2648 724 2992 801 πατριάρχου
3059 713 3465 789 στηλιτευτικὸν
3518 709 3643 788 περὶ

2007 820 2259 876 Ἰωάννου
2324 817 2470 879 τινὸς
2538 813 2742 891 Δριμὺς
2787 813 2851 867 τὸ
2909 808 3176 875 ἐπίθετον,
3228 822 3643 879 προσεταιρισα-

2010 909 2173 982 μένου
2232 905 2537 981 συμμορίαν
2583 890 2858 978 ἐπάρατον
2943 900 3080 954 κατά
3131 915 3191 953 τε
3244 900 3345 963 τῆς
3400 890 3643 964 ποίμνης

2006 1000 2258 1072 Χριστοῦ,
2310 996 2445 1050 κατά
2484 1014 2544 1048 τε
2582 999 2682 1062 τῆς
2728 988 3078 1060 Ἐκκλησίας,
3115 985 3205 1043 καὶ
3277 986 3375 1039 τοῦ
3432 992 3641 1047 θεοστε-

2008 1071 2140 1162 φοῦς
2198 1084 2614 1160 αὐτοκράτορος.
2664 1081 2905 1154 Epistola
2944 1075 3301 1151 patriarchae,
3333 1089 3441 1146 qua
3497 1071 3644 1141 infa-

2006 1179 2123 1234 mia
2148 1180 2373 1233 notatur
2395 1178 2635 1231 Joannes
2663 1171 2900 1243 quidam
2944 1170 3183 1240 Drimys,
3214 1163 3312 1236 qui
3355 1176 3643 1231 exsecran-

2006 1265 2136 1322 dam
2162 1266 2269 1321 sibi
2292 1266 2604 1322 societatem
2631 1260 2957 1318 conciliaret
2981 1261 3175 1312 contra
3220 1266 3437 1323 gregem
3485 1248 3648 1304 Chri-

2007 1356 2100 1422 sti,
2128 1357 2316 1410 contra
2351 1352 2665 1417 Ecclesium,
2698 1340 2753 1406 et
2797 1365 2831 1402 ιι
2883 1350 2998 1403 Deo
3047 1349 3369 1399 coronatum
3404 1339 3648 1410 impera-

2077 1553 2168 1608 66.
2201 1547 2436 1625 Γράμμα
2482 1547 2618 1622 πρὸς
2665 1545 2755 1599 τὸν
2797 1538 3184 1615 αὐτοκράτορα,
3239 1534 3503 1611 διεγεῖρον
3553 1531 3647 1587 αὗ-

2007 1640 2100 1695 τὸν
2151 1624 2523 1701 εἶςσύστασιν
2572 1642 2673 1704 τῆς
2717 1629 3045 1702 Ἐκκλησίας
3092 1628 3184 1684 καὶ
3232 1624 3463 1698 ἐννόμου
3504 1627 3649 1693 ζωῆς

2009 1735 2113 1784 πᾶν
2161 1728 2225 1783 τὸ
2275 1728 2533 1797 ὑπήκοον.
2564 1725 2809 1798 Epistola
2853 1722 2924 1778 ad
2967 1721 3375 1793 imperatorem,
3406 1713 3653 1772 excitans

2010 1836 2133 1878 eum
2180 1825 2241 1875 ut
2289 1819 2586 1875 Ecclesiam
2643 1815 2949 1884 componat,
2980 1818 3033 1867 et
3070 1807 3313 1864 subditos
3358 1804 3428 1860 ad
3481 1804 3654 1860 vitam

320 1893 412 1947 57.
456 1891 602 1966 Πρὸς
650 1890 745 1945 τὸν
806 1889 990 1959 αὐτὸν,
1035 1890 1160 1967 περὶ
1214 1894 1312 1945 τοῦ
1368 1889 1532 1945 αὐτοῦ
1582 1890 1672 1945 καὶ
1727 1888 1900 1963 αὖθις,

2030 1909 2311 1966 :ecundum
2341 1909 2481 1977 leges
2509 1905 2760 1962 deducat.

252 1979 340 2035 καὶ
392 1980 471 2052 μὴ
538 1977 747 2036 πωλεῖν
795 2000 919 2034 τινα
974 1984 1121 2034 σῖτον
1171 1976 1295 2033 ἄνευ
1362 1977 1621 2049 εἶδήσεως
1667 1980 1757 2034 καὶ
1807 1982 1904 2034 τοῦ

254 2069 622 2144 πατριάρχου.
653 2069 737 2126 Ad
764 2068 1037 2141 eumdem,
1068 2069 1133 2126 de
1177 2069 1366 2126 eadem
1412 2086 1494 2138 re,
1527 2086 1592 2126 ac
1631 2085 1703 2124 ne
1728 2071 1907 2128 inscio

254 2159 581 2231 patriarcha
611 2160 951 2229 frumentum
978 2163 1207 2214 maneat.

322 2249 413 2303 58.
448 2246 689 2321 Γράμμα
735 2246 871 2322 πρὸς
915 2246 1007 2301 τὸν
1057 2245 1427 2322 αὐτοκράτορα
1468 2247 1591 2321 περὶ
1650 2251 1752 2302 τοῦ
1811 2246 1905 2302 αὖ-

253 2338 372 2405 τοῦ,
417 2334 508 2391 καὶ
574 2334 652 2406 μὴ
702 2333 1069 2407 τιμιουλκεῖν.
1124 2336 1367 2407 Epistola
1411 2336 1484 2392 ad
1527 2337 1910 2409 imperatorem

263 2425 327 2482 de
350 2424 543 2481 eadem
570 2441 649 2495 re,
680 2432 733 2481 et
758 2440 830 2480 ne
855 2426 1102 2494 pretium
1131 2441 1336 2494 augere
1364 2425 1543 2482 liceat.

319 2514 413 2569 59.
445 2510 685 2588 Γράμμα
724 2512 867 2587 πρὸς
912 2513 1005 2567 τὸν
1054 2511 1432 2588 αὐτοκράτορα
1476 2512 1602 2588 περὶ
1642 2517 1741 2568 τοῦ
1785 2520 1910 2589 παρ’
1974 2542 1979 2550 -

256 2598 447 2659 ἐλπίδα
491 2599 866 2674 συμπεσόντος
911 2607 1010 2670 τῆς
1051 2599 1335 2671 δεσποίνης
1381 2602 1410 2656 ὁ
1460 2603 1708 2665 θάνατος.
1741 2604 1912 2662 Falsa

257 2690 586 2764 inscriptio.
621 2691 871 2746 lnscribi
901 2691 1073 2747 debet
1105 2707 1119 2745 :
1154 2689 1389 2765 Γράμμα
1415 2689 1554 2762 πρὸς
1605 2692 1704 2760 τήν
1756 2691 1908 2766 βασί-

259 2775 444 2833 λισσαν
490 2778 619 2853 περὶ
675 2781 775 2832 τοῦ
837 2774 945 2832 δεῖν
1006 2776 1173 2846 αὐτὴν
1237 2778 1489 2851 ὁμονοεῖν
1531 2782 1612 2851 τῷ
1671 2779 1908 2855 συζύγῳ.

264 2869 512 2941 Epistola
558 2867 631 2923 ad
675 2869 1107 2941 imperatricem,
1140 2869 1290 2940 quod
1338 2874 1587 2940 oporteat
1641 2886 1762 2926 eam
1789 2887 1914 2927 cum

263 2959 496 3030 conjuge
551 2957 797 3013 moribus
850 2958 1158 3014 convenire.
1219 2959 1477 3013 Pertinet
1529 2959 1600 3014 ad
1668 2959 1914 3015 dissidia

263 3062 386 3118 quea
430 3047 674 3102 fuerunt
715 3046 871 3102 inter
927 3046 1327 3103 Andronicum
1384 3046 1797 3119 imperatorem
1853 3053 1913 3104 et

267 3151 505 3191 uxorem
538 3134 670 3205 ejus
698 3134 925 3206 Irenen,
956 3136 1026 3190 de
1055 3134 1272 3207 quibus
1302 3136 1609 3208 Gregoras,
1641 3141 1749 3192 etc.

329 3226 420 3280 60.
455 3222 694 3298 Γράμμοι
748 3222 884 3295 πρὸς
938 3222 1029 3277 τὸν
1085 3221 1456 3300 αὐτοκράτορα
1503 3223 1628 3300 περί
1672 3229 1770 3280 τοῦ
1811 3224 1910 3280 ὅσα

272 3310 502 3389 θεοφιλῆ
582 3311 641 3364 οἱ
710 3292 1001 3372 ποθοῦντες
1077 3292 1416 3367 ὑποτίθενται
1488 3292 1585 3367 καὶ¹
1640 3313 1905 3389 βιάζουσι,
1939 3292 1982 3359 C
2017 3298 2087 3354 ΡΟ

262 3397 449 3475 κέρδος
492 3399 697 3456 οἰκεῖον
745 3396 983 3477 ὀφείλειν
1038 3400 1168 3455 εἶναι
1218 3399 1629 3476 λογιζομένους.
1674 3406 1913 3477 Epistola

262 3491 331 3547 ad
375 3491 787 3562 imperatorem.
841 3489 992 3558 Quod
1035 3490 1080 3545 ii
1126 3491 1221 3562 qui
1263 3507 1449 3548 amore
1477 3491 1758 3548 ducuntur
1802 3498 1912 3550 Deo

259 3577 465 3650 placita
486 3579 821 3648 suggerant,
854 3584 906 3632 et
930 3593 1141 3650 magna
1168 3579 1227 3633 vi
1248 3579 1510 3651 perﬁcere
1551 3582 1825 3649 nitantur,
1856 3582 1915 3639 id

258 3665 364 3722 sibi
391 3666 546 3722 lucro
571 3680 693 3720 esse
720 3665 850 3720 rati.

327 3754 416 3812 6i.
450 3758 491 3807 Γ
494 3750 691 3827 ράμμα
739 3752 876 3828 πρὸς
935 3752 1026 3807 τὸν
1081 3752 1307 3827 βασιλέα
1355 3754 1478 3831 περὶ
1526 3760 1624 3811 τοῦ
1691 3755 1913 3833 ὀρθοδό-

263 3844 373 3914 ξοις
427 3838 615 3902 καλῶς
671 3840 850 3917 κριθὲν
903 3840 1194 3917 ἀνεγείρειν
1255 3843 1437 3907 θείους
1467 3844 1651 3919 ναοὺς,
1676 3846 1789 3901 εἶτα
1832 3853 1912 3921 τῷ

262 3930 394 3986 κατὰ
439 3926 646 3993 τόπους
696 3929 996 4008 φροντίζειν
1061 3922 1292 4006 λαχόντι
1357 3933 1785 4006 καταπιστεύειν,
1835 3937 1911 3999 ὡς

264 4018 315 4074 οἱ
344 4020 483 4074 θεῖοι
538 4017 763 4081 κανόνες
794 4015 1221 4095 διαγορεύουσιν.
1253 4023 1496 4094 Epistola
1548 4024 1622 4080 ad
1672 4028 1910 4097 impera-

262 4114 463 4167 torem.
499 4109 662 4182 Quod
684 4108 1005 4167 orthodoxis
1032 4112 1173 4166 recte
1207 4112 1472 4166 statutum
1495 4115 1549 4168 et
1575 4117 1915 4186 propositum

260 4200 350 4267 sit,
379 4202 445 4254 ut
470 4198 668 4255 divina
714 4198 923 4270 tempta
963 4198 1203 4255 excitent
1254 4216 1274 4253 :
1317 4201 1391 4256 iis
1433 4203 1532 4272 qui
1576 4204 1639 4257 in
1683 4203 1914 4261 diversis

262 4288 394 4345 locis
436 4287 508 4344 ad
553 4288 653 4343 hoc
696 4287 945 4359 deputati
986 4291 1116 4343 sunt
1162 4289 1532 4345 concredenda
1560 4308 1580 4345 :
1610 4300 1673 4346 ut
1734 4292 1915 4349 divini

261 4393 496 4433 canones
522 4378 844 4432 enuntiant.

329 4466 420 4519 62.
450 4463 693 4540 Γράμμα
736 4461 873 4539 πρὸς
919 4464 1012 4518 τὸν
1064 4462 1436 4540 αὐτοκράτορα
1480 4467 1605 4542 περὶ
1649 4474 1747 4523 τοῦ
1776 4468 1910 4544 πρό-

263 4572 409 4605 νοιαν
461 4557 771 4626 προνοῆσαι
818 4551 910 4605 τὸν
952 4553 1301 4628 πατριάρχην
1351 4553 1551 4629 ἀθάραν
1601 4556 1746 4631 ὲψεῖν
1787 4560 1911 4631 (sic)

2085 2019 2176 2072 67.
2220 2015 2456 2091 Γράμμα
2528 2011 2662 2087 πρὸς
2731 2006 3013 2081 ποιμένας,
3076 2005 3151 2078 μὴ
3222 2002 3655 2091 προσκυροῦσθαι

2013 2104 2148 2182 πρός
2202 2086 2351 2165 τινας
2415 2086 2581 2176 μονὰς
2627 2100 2722 2161 τὰς
2772 2097 2875 2153 ὑπὸ
2920 2099 3083 2172 χεῖρα
3131 2091 3330 2161 αὐτῶν,
3367 2089 3404 2159 ἢ
3451 2086 3655 2182 πιπρά-

2015 2174 2180 2262 σκειν,
2220 2192 2256 2262 ἢ
2302 2191 2392 2247 καὶ
2418 2174 2904 2266 καταχαρίζεσθαι,
2956 2184 3001 2239 εἰ
3056 2184 3131 2256 μὴ
3180 2181 3257 2242 ὡς
3302 2174 3659 2250 νενομοθέτη-

2014 2304 2100 2338 ται
2153 2281 2468 2360 ἐγκανόνως.
2500 2280 2743 2353 Epistola
2789 2277 2860 2333 ad
2902 2283 3178 2348 pastores,
3208 2288 3281 2327 ne
3321 2269 3660 2360 monasteria

2015 2357 2239 2431 subdita
2302 2372 2459 2444 quasi
2518 2370 2805 2443 propriam
2867 2364 3260 2438 possessionem
3329 2357 3656 2424 attribuant,

2017 2471 2115 2519 aut
2159 2461 2414 2529 vendant,
2447 2467 2543 2516 aut
2589 2459 2720 2514 aliis
2766 2454 3004 2521 tradant,
3052 2452 3168 2508 nisi
3197 2455 3362 2523 prout
3400 2448 3662 2504 canonice

2017 2557 2286 2609 statutum
2316 2559 2413 2607 est.

2088 2638 2439 2715 68.Γράμμα
2492 2636 2630 2713 πρὸς
2680 2634 2770 2689 τὸν
2821 2629 3191 2706 αὐτοκράτορα
3244 2625 3367 2704 περὶ
3422 2628 3520 2680 τοῦ
3568 2643 3661 2715 πεῖ

2021 2712 2321 2806 ριποθῄτου
2370 2712 2631 2782 δεσπότου
2678 2724 2798 2778 υἱοῦ
2828 2721 2991 2777 αὐτοῦ
3021 2717 3287 2775 Ἰωάννου.
3320 2716 3567 2790 Epistola
3593 2712 3666 2770 ad

2019 2822 2431 2892 imperatorem,
2462 2818 2528 2874 de
2556 2816 2779 2887 despota
2806 2815 3019 2872 Joanne
3048 2825 3147 2865 suo
3176 2808 3313 2879 ﬁlio.

2089 2926 2180 2981 69.
2227 2923 2377 2999 ΙΙρὸς
2449 2923 2540 2976 τὸν
2616 2918 3004 2995 αὐτοκράτορα,
3079 2912 3229 2975 ὅπως
3304 2913 3340 2981 ἡ
3414 2906 3665 2965 δέσποινα

2024 3014 2231 3089 βαρέως
2289 3010 2417 3086 ἔσχε
2467 3010 2601 3065 κατὰ
2654 3012 2751 3063 τοῦ
2809 3007 2930 3061 υἱοῦ
2987 3005 3155 3070 αὐτῆς
3212 3004 3309 3055 τοῦ
3337 3016 3666 3073 πανευτυχε-

2021 3103 2215 3157 στάτου
2269 3098 2549 3155 δεσπότου.
2602 3099 2679 3154 Ad
2723 3099 3132 3170 imperatorem,
3181 3089 3445 3164 quomodo
3490 3089 3662 3160 impe-

2020 3195 2203 3249 ratria:
2248 3192 2492 3263 graviter
2532 3191 2839 3244 succenseat
2882 3186 2999 3257 filio
3045 3198 3141 3239 suo
3186 3179 3513 3253 felicissimo
3543 3176 3663 3232 des-

2089 3286 2182 3339 ἰῶ.

2091 3371 2179 3424 70.
2216 3368 2453 3443 Γράμμα
2498 3365 2635 3441 πρὸς
2683 3365 2772 3417 τὸν
2826 3361 3197 3437 αὐτοκράτορα
3248 3355 3373 3432 περὶ
3437 3358 3534 3443 τοῦ
3576 3350 3664 3443 δε-

2022 3457 2227 3512 σπότου
2261 3441 2357 3511 ’καὶ
2392 3456 2512 3510 υἱοῦ
2556 3452 2721 3508 αὐτοῦ
2759 3452 3032 3518 Ἰωάννου,
3065 3445 3347 3523 ἀναλόγως
3393 3441 3531 3520 πρὸς
3572 3441 3668 3504 τὰς

2022 3544 2239 3617 ἐξόδους
2294 3542 2383 3599 καί
2440 3547 2535 3598 τοῦ
2602 3542 2911 3614 ἀξιώματος
2969 3534 3115 3614 ἔχειν
3172 3537 3268 3598 τὰς
3327 3531 3662 3606 οἰκονομίας.

2022 3636 2264 3709 Epistola
2309 3634 2379 3690 ad
2425 3636 2834 3706 imperatorem,
2882 3630 2948 3686 de
3013 3629 3234 3684 domino
3296 3628 3348 3681 et
3397 3624 3511 3696 filio
3569 3637 3666 3679 suo

2019 3728 2244 3794 Joanne,
2276 3728 2338 3779 ut
2363 3739 2462 3795 pro
2489 3721 2796 3794 sumptibus
2833 3724 2886 3776 et
2919 3734 3019 3790 pro
3048 3718 3324 3788 dignitate
3351 3712 3667 3769 necessaria

2020 3815 2131 3886 ipsi
2157 3814 2660 3869 subministrentur.

2090 3922 2181 3975 71.
2214 3918 2450 3994 Γράμμα
2490 3915 2628 3990 πρὸς
2669 3916 2761 3970 τὸν
2802 3911 3174 3989 αὐτοκράτορα
3218 3909 3344 3985 περὶ
3381 3911 3479 3994 τοῦ
3524 3926 3661 3983 προ-

2017 4004 2356 4083 τρεψαμένου
2425 4004 2690 4081 λαχόντος
2748 4001 3037 4080 διενεργεῖν
3093 4002 3162 4056 τὰ
3216 3993 3475 4072 δημώδη,
3535 3997 3661 4051 ἀνα-

2020 4101 2202 4171 γαγεῖν
2274 4115 2412 4167 τινα,
2471 4092 2809 4168 λαξευτηρίῳ
2884 4090 3111 4162 πατάξαι
3181 4087 3317 4165 πρὸς
3373 4103 3664 4159 καταστρο-

2021 4186 2125 4263 φὴν
2158 4184 2546 4257 ἐκτυπώματος
2593 4187 2690 4238 τοῦ
2736 4188 3016 4257 Σωτῆρος’
3049 4178 3138 4236 καὶ
3186 4177 3310 4254 περὶ
3356 4179 3453 4233 τοῦ
3502 4173 3662 4229 αὐθα-

2023 4271 2295 4335 δισθέντος
2353 4272 2585 4349 ἁρπάσαι
2640 4273 2731 4328 τὸν
2812 4277 2982 4327 σῖτον.
3043 4268 3277 4326 Titulus
3321 4265 3661 4322 mendosus.

2020 4365 2265 4436 Epistola
2294 4363 2365 4419 ad
2402 4365 2812 4436 imperatorem,
2843 4362 2908 4418 de
2944 4361 3294 4434 publicarum
3344 4371 3531 4412 rerum
3568 4353 3663 4411 ad-

2019 4453 2425 4521 ministratore,
2459 4454 2554 4523 qui
2580 4451 2868 4525 quemdam
2897 4450 3126 4508 induxit
3155 4455 3215 4503 ut
3241 4446 3423 4504 securi
3469 4444 3666 4513 imagi-

2019 4558 2147 4598 nem
2177 4541 2483 4598 Salvatoris
2516 4544 2833 4614 percuteret
2859 4556 2924 4595 ac
2945 4539 3203 4610 dejiceret
3231 4554 3250 4590 :
3280 4551 3345 4591 ac
3384 4534 3452 4590 de
3478 4548 3541 4589 eo
3571 4532 3669 4604 qui

263 4638 386 4713 περὶ
441 4643 553 4693 τῶν
609 4643 852 4715 πτωχῶν
909 4638 1001 4694 καὶ
1074 4642 1299 4710 ζητῆσαι
1376 4640 1513 4711 ξύλα
1554 4644 1621 4698 τὰ
1670 4645 1731 4699 τὸ
1803 4650 1911 4722 πῦρ

2030 4634 2360 4687 Frumentum
2389 4632 2644 4700 abripere
2670 4645 2847 4685 ausus
2875 4636 2976 4684 est.

263 4727 551 4806 τρέφοντα.
581 4731 843 4801 Epistola
890 4728 961 4785 ad
1008 4731 1409 4802 imperatorem,
1461 4742 1523 4790 ut
1573 4741 1729 4790 curet
1769 4751 1913 4792 com-

269 4818 561 4875 bustibilia
608 4819 766 4888 tigna
826 4817 1187 4891 suppeditari,
1236 4835 1341 4891 quo
1380 4824 1558 4892 possit
1590 4824 1916 4895 patriarcha

261 4907 607 4978 pulmentum
630 4908 973 4981 pauperibus
1001 4922 1247 4980 coquere.

333 4995 425 5051 63.
467 4993 706 5070 Γράμμα
749 4993 888 5069 πρὸς
933 4993 1024 5048 τὸν
1071 4993 1462 5071 αὐτοκράτορα,
1495 4994 1645 5059 ὅπως
1692 4994 1915 5062 ἕκαστος

262 5084 370 5137 τῶν
417 5081 721 5159 ἀρχιερέων
768 5084 837 5156 τῇ
902 5080 1149 5159 λαχούσῃ
1207 5088 1607 5161 προσκαρτερῇ,
1657 5086 1745 5141 καὶ
1792 5086 1915 5161 περί

263 5173 371 5224 τῶν
414 5168 630 5245 κλήρου
678 5168 1087 5249 ἀφηνιαζόντων
1133 5166 1306 5227 ἕνεκεν
1370 5170 1635 5251 όφφικίων
1682 5176 1772 5230 καὶ
1822 5175 1913 5251 ῥό-

264 5277 383 5334 γας.
414 5261 671 5332 Epistola
717 5259 791 5316 ad
835 5260 1223 5332 imperatorem
1269 5270 1335 5318 ut
1381 5265 1611 5337 quisque
1639 5267 1917 5338 episcopus

264 5350 327 5405 in
352 5364 458 5405 sua
484 5349 727 5407 Ecclesia
751 5347 1015 5407 resideat.
1044 5350 1114 5405 Et
1139 5349 1207 5406 de
1232 5350 1455 5407 clericis
1484 5354 1583 5423 qui
1608 5352 1918 5425 ofﬁciorum

267 5446 317 5494 et
342 5451 503 5508 roga?
530 5453 701 5499 causa
727 5446 1073 5496 contumaces
1101 5442 1249 5495 sunt.

338 5527 430 5582 64.
483 5526 723 5603 Γράμμα
777 5525 912 5601 πρὸς
969 5516 1061 5580 τὸν
1120 5523 1491 5603 αὐτοκράτορα
1545 5528 1670 5604 περὶ
1739 5534 1836 5585 τοῦ
1884 5529 1917 5585 ἃ

269 5610 550 5692 ἀναφέρειν
601 5613 711 5690 οὐχ
758 5610 933 5670 ἕνεκεν
984 5610 1179 5691 φίλων,
1208 5614 1245 5684 ἢ
1297 5619 1649 5694 συγγενῶν,ἤ
1700 5615 1913 5695 δώρων,

271 5703 306 5771 ἢ
339 5699 519 5774 δόξης.
549 5705 792 5777 Epistota
828 5704 900 5762 ad
927 5705 1335 5777 imperatorem,
1366 5723 1423 5763 se
1449 5725 1519 5765 ea
1556 5724 1682 5781 quae
1725 5711 1915 5782 refert,

2092 4739 2184 4794 72.
2218 4735 2454 4811 Γράμμα
2511 4736 2647 4811 πρὸς
2702 4735 2794 4790 τὸν
2852 4733 3224 4811 αὐτοκράτορα
3278 4730 3403 4807 περὶ
3449 4732 3556 4785 τῶν
3590 4727 3665 4801 μὴ

2026 4810 2393 4895 θελησάντων,
2416 4822 2509 4879 ’ίνα
2560 4810 2855 4897 ἐκτελεσθῇ
2886 4826 2922 4893 ἡ
2956 4810 3116 4895 ἑορτὴ
3166 4824 3274 4877 τῶν
3336 4818 3490 4884 θείων
3534 4817 3670 4872 ἀπο-

2028 4912 2256 4970 στόλων.
2288 4913 2463 4975 Αὐτὸς
2520 4910 2579 4968 δὲ
2637 4914 2713 4986 μὴ
2757 4911 3128 4988 ἀνασχόμενος
3186 4908 3358 4979 ἐᾶσαι,
3389 4904 3674 4964 ἀπέστειλε

2025 5001 2115 5057 καὶ
2144 5002 2515 5077 προσαγωγὴν
2551 5005 2620 5076 τῇ
2680 5003 2799 5076 ἰερᾷ
2851 5000 3166 5076 λειτουργίᾳ
3218 4999 3309 5054 τὸν
3361 4994 3672 5069 πολυτίμη-

2025 5111 2115 5145 τον
2164 5090 2254 5145 καὶ
2304 5089 2556 5145 ποικίλον
2607 5087 2850 5167 ποδήρη.
2880 5089 3130 5164 Epistola
3177 5090 3248 5146 ad
3276 5090 3675 5161 imperatorem

2026 5180 2099 5236 de
2136 5181 2208 5235 iis
2252 5181 2349 5251 qui
2384 5180 2642 5236 nolebant
2676 5183 2874 5253 festum
2940 5180 3253 5237 divinorum
3299 5177 3673 5251 apostolorum

2026 5267 2294 5324 celebrari
2322 5287 2340 5323 :
2370 5277 2421 5325 et
2449 5270 2594 5341 quod
2623 5271 2740 5342 ipse
2766 5273 3068 5342 imperator
3094 5286 3211 5329 non
3242 5286 3438 5343 passus
3473 5272 3567 5337 sit,
3609 5273 3674 5326 ut

2030 5356 2088 5412 id
2108 5360 2649 5429 praetermitteretur,
2678 5368 2732 5416 et
2759 5375 2936 5419 sacra
2963 5360 3214 5432 liturgise
3242 5362 3305 5416 in
3330 5360 3536 5418 donum
3562 5360 3672 5418 mi-

2026 5446 2162 5500 serit
2185 5448 2482 5517 pretiosam
2509 5464 2575 5504 ac
2600 5449 2891 5520 pulchram
2919 5452 3166 5507 tunicam
3201 5450 3462 5509 talarem.

2096 5535 2187 5591 73.
2239 5535 2474 5608 Γράμμα
2520 5536 2655 5612 πρὸς
2695 5538 2787 5593 τὸν
2837 5538 3209 5615 αὐτοκράτορα
3247 5538 3373 5614 περὶ
3431 5542 3530 5595 τοῦ
3574 5558 3670 5592 κυ-

2030 5624 2125 5697 ροῦ
2213 5622 2458 5700 Νίφωνος
2536 5620 2687 5689 ὄντος
2739 5627 2992 5698 Κυζίκου,
3046 5626 3136 5683 διὰ
3188 5629 3285 5691 τὰς
3338 5627 3671 5707 κατηγορίας

2025 5709 2121 5773 τὰς
2180 5710 2527 5777 ἀκουσθείσας
2575 5716 2701 5790 περὶ
2748 5716 2933 5776 αὐτοῦ.
2965 5721 3213 5792 Epistola
3255 5721 3335 5778 ad
3379 5722 3673 5793 imperato-
