4110 6418
266 435 379 501 481

1758 427 2180 502 ΕΡῘΞΤΟιιΕ.

3552 434 3671 504 482

267 571 454 646 ἀγνοίᾳ
498 569 637 625 κατὰ
690 573 788 625 τοῦ
850 568 1056 625 δικαίου
1122 573 1589 647 πεπαρῳνήκασιν.
1640 569 1820 643 ’Δλλ’,
1870 569 1914 624 ὣ

2031 573 2273 629 cusandi
2327 590 2534 630 causas
2581 569 2884 639 dederint;
2918 570 3120 644 quales
3168 571 3254 627 illi
3294 572 3414 629 sive
3443 588 3511 629 ex
3555 574 3673 630 im-

262 665 370 716 τῶν
429 659 577 731 ἐμῶν
626 664 826 730 κακῶν,
869 660 946 721 ὡς
997 657 1139 732 μηδὲ
1187 659 1282 714 κᾶν
1335 657 1422 714 ἷ¹σα
1460 659 1674 721 τούτοις
1728 659 1918 729 ἐξισω-

267 750 426 817 θῆναι
496 746 588 802 καὶ
655 747 722 801 τὰ
775 747 1047 823 ἡμέτεραί
1101 749 1199 803 Καὶ
1268 748 1312 804 εἰ
1383 748 1470 803 καὶ
1531 748 1690 803 πόθεν
1752 751 1919 802 ταῦτα

267 833 499 904 ἐπῆλθεν
526 839 665 910 ἡμῖν
700 833 879 907 ἄδηλα
908 841 1023 899 τοῖς
1060 836 1322 906 πολλοῖς,
1353 835 1480 892 ἀλλ’
1529 836 1656 913 οὐχὶ
1705 836 1793 890 καὶ
1839 840 1918 906 τῷ

269 931 404 998 Θεῷ.
456 926 513 978 Ὀ
588 925 690 1001 γὰρ
761 925 926 980 εἰπὼν
991 925 1500 1002 παρρησιασάμενος
1565 927 1698 1001 πρὸς
1764 925 1914 995 Θεὸν,

272 1037 299 1064 ‹‹
340 1016 398 1068 '0
453 1015 622 1082 ζῆλος
664 1018 760 1068 τοῦ
811 1011 962 1068 οίόιου
1000 1035 1095 1069 σου
1143 1015 1406 1092 κατεφαγὲ
1457 1036 1542 1088 με,
1593 1040 1622 1067 ››
1672 1015 1788 1068 εἶπε
1827 1014 1916 1068 καὶ

264 1104 347 1174 τὸ,
401 1127 430 1154 ‹‹
481 1103 546 1155 Oi
594 1099 897 1175 ὀνειδισμοὶ
964 1107 1070 1157 τῶν
1133 1101 1502 1172 ὀνειδιζόντων
1553 1124 1610 1159 σε
1660 1103 1913 1157 ἐπέπεσον

268 1191 349 1244 ἐπ’
399 1190 516 1262 ἐμὲ,
553 1213 583 1242 ››
633 1187 769 1244 Οὐδὲ
809 1191 910 1266 γὰρ
959 1190 1239 1268 ἡμετέρων
1297 1191 1457 1264 μόνον
1518 1196 1684 1246 ταῦτα
1745 1188 1915 1269 σφαλ-

273 1280 455 1353 μάτων
530 1278 849 1341 ἀντέκτισις.
902 1279 998 1333 Καὶ
1066 1281 1227 1356 χάρις
1275 1285 1404 1352 Θεῷ·
1456 1281 1546 1335 γαὶ
1608 1282 1772 1353 ἡμεῖς
1822 1280 1914 1353 μὲν

268 1365 624 1441 ἀδικούμενοι
654 1366 846 1439 οὕτως,
880 1367 979 1422 οὐκ
1009 1365 1360 1441 ἀδικούμεθα·
1394 1368 1477 1422 ὅτι
1523 1370 1615 1424 τὸν
1669 1369 1746 1441 μὴ
1797 1368 1917 1422 ἑαυ-

267 1456 358 1512 τὸν
409 1453 699 1511 ἀδικοῦντα
764 1453 939 1518 οὐδεὶς
1006 1454 1221 1512 δύναται
1283 1451 1662 1532 παραϐλάψαι·
1711 1459 1745 1526 ἡ
1795 1458 1916 1511 Ἐκ-

266 1543 471 1614 κλησία
528 1541 586 1599 δὲ
640 1543 805 1599 πάλιν
868 1539 1096 1622 ὑϐρίσθη
1155 1545 1242 1599 καὶ
1302 1545 1609 1618 ἐζημιώθη.
1643 1545 1732 1607 Τίς
1792 1542 1914 1614 δὲ

271 1633 442 1706 ζημία
467 1652 482 1700 ;
512 1638 628 1687 Τῶν
677 1637 934 1710 μοναχῶν
971 1633 1060 1688 καὶ
1113 1638 1480 1707 μοναζουσῶν,
1510 1634 1599 1689 καὶ
1650 1638 1747 1689 τοῦ
1796 1633 1914 1688 λοι-

269 1727 371 1777 ποῦ
422 1721 817 1798 Χριστωνύμου
866 1721 1021 1794 λαοῦ,
1047 1727 1156 1777 τῶν
1205 1723 1297 1796 μὲν
1352 1722 1524 1797 λόγῳ,
1564 1727 1672 1776 τῶν
1726 1720 1783 1777 δὲ
1827 1724 1916 1776 καὶ

273 1811 364 1886 βίᾳ
425 1809 742 1885 βλεψάντων
803 1812 938 1887 πρὸς
1011 1813 1074 1866 τὸ
1136 1811 1477 1886 σεμνότερον,
1527 1811 1602 1873 ὡς
1671 1811 1914 1886 καταιγὶς

268 1900 430 1976 ἀγρία
505 1900 702 1974 ἀθρόον
779 1900 1185 1971 ἐπεισπεσοῦσα,
1235 1903 1270 1970 ἡ
1343 1902 1460 1964 καθ’
1525 1903 1686 1973 ἡμῶν
1763 1895 1916 1975 ὕϐρις

268 1990 400 2062 πρὸς
442 1989 511 2042 τὰ
554 1987 852 2063 σεμνότερα
900 1984 1136 2065 ἔτρεψεν.
1169 1989 1231 2042 Ἡ
1281 1986 1338 2042 δὲ
1381 1983 1535 2065 ὕϐρις
1584 1989 1673 2042 καὶ
1719 1990 1782 2043 τὸ
1824 1988 1918 2042 αὐ-

263 2083 362 2145 τῆς
397 2074 672 2150 λυπηρὸν,
703 2078 766 2131 τὸ
827 2078 902 2150 μὴ
951 2079 1088 2132 κατά
1141 2083 1241 2146 τῆς
1273 2077 1446 2131 αὐτῶν
1479 2079 1554 2151 (1)
1589 2076 1918 2151 ὑπολήψεως

272 2165 459 2238 μόνον,
493 2165 694 2219 καὶτὸ
770 2163 952 2227 λίθους
1018 2172 1288 2241 κφατῆσαι
1360 2165 1545 2241 βαλεῖν
1612 2169 1780 2239 ἡμᾶς,
1829 2166 1918 2220 καὶ

269 2254 677 2327 ἀναθεματίσαι,
754 2255 842 2308 καὶ
913 2254 1013 2308 ὅσα
1078 2262 1394 2327 σωματικῆς
1497 2254 1636 2310 ἐστιν
1711 2251 1920 2329 ὕϐρεως

272 2343 535 2414 ἐπειπεῖν,
594 2342 722 2397 ἀλλ’
782 2340 962 2416 οίίμοιί
1026 2345 1140 2397 κατ’
1200 2343 1362 2398 αὐτοῦ
1420 2348 1514 2398 τοῦ
1563 2339 1916 2417 σεϐάσματος.

273 2433 363 2486 Διὸ
415 2430 507 2487 καί
572 2431 734 2509 φημίο
785 2432 848 2486 Εἰ
914 2431 1186 2510 ἐφρόνησα
1246 2434 1490 2503 πώποτε,
1540 2434 1575 2502 ἢ
1629 2438 1832 2510 φρονῶ,
1881 2433 1916 2502 ἢ

272 2522 527 2599 φροντίσω
587 2527 688 2590 τῆς
745 2521 904 2596 ἁγίας
960 2525 1194 2597 Χριστοῦ
1248 2526 1346 2576 τοῦ
1402 2526 1534 2576 Θεοῦ
1592 2522 1918 2593 Ἐκκλησίας

273 2607 569 2684 ἀλλότριον
618 2604 894 2686 φρόνημα,
946 2609 1186 2682 ἀνάθεμά
1239 2631 1330 2683 μοι
1383 2611 1488 2664 ἀπὸ
1534 2615 1766 2686 Χριστοῦ
1822 2616 1918 2664 τοῦ

273 2701 425 2766 Θεοῦ,
486 2695 577 2750 καὶ
634 2697 1029 2770 παντανάθεμα,
1069 2699 1160 2751 καὶ
1217 2697 1575 2770 κατανάθεμα.
1609 2698 1671 2752 Εἰ
1735 2695 1793 2752 δὲ
1841 2699 1915 2761 ὡς

275 2787 324 2839 οἱ
363 2789 464 2840 τοῦ
516 2784 714 2862 Κυρίου
767 2807 870 2859 μου
919 2787 1100 2856 Ἰησοῦ
1151 2784 1508 2861 ἐδογμάτισαν
1546 2788 1636 2842 καὶ
1685 2785 1916 2862 παραδε-

277 2871 507 2928 δώκασιν
564 2875 712 2948 ἅγιοι
757 2874 992 2946 μαθηταὶ
1037 2875 1125 2929 καὶ
1173 2873 1491 2946 ἀπόστολοι,
1545 2876 1634 2930 καὶ
1676 2876 1726 2930 οἱ
1788 2877 1921 2931 τού-

275 2983 377 3017 των
413 2959 668 3038 διάδοχοι
703 2961 954 3040 θεοφόροι
1007 2962 1258 3039 Πατέρες,
1288 2964 1379 3018 καὶ
1429 2965 1503 3026 ὡς
1551 2967 1587 3033 ἡ
1635 2964 1761 3040 ἁγία
1801 2966 1919 3020 Ἐκ-

277 3049 475 3121 κλησία
529 3055 767 3127 Χριστοῦ
835 3055 932 3106 τοῦ
975 3057 1110 3106 Θεοῦ
1175 3055 1336 3125 ἡμῶν
1403 3050 1634 3126 ἐδέξατο,
1684 3054 1920 3108 πιστεύω

276 3139 360 3193 καὶ
409 3143 702 3214 προσκυνῶ
748 3140 836 3194 καί
886 3137 1119 3216 δέχομαι
1175 3141 1265 3195 καὶ
1332 3140 1640 3216 ἀσπάζομαι
1686 3142 1776 3196 καὶ
1823 3165 1919 3213 κη-

280 3228 472 3303 ρύττω.
506 3226 580 3282 Εἴ
601 3249 652 3282 τι
686 3225 744 3282 δὲ
771 3228 973 3298 ταύτης
1017 3228 1210 3305 ἐχθρὸν
1260 3229 1349 3284 καὶ
1400 3229 1710 3306 ἀλλότριον,
1742 3252 1920 3307 παρα-

2028 663 2208 734 probo
2239 663 2436 718 animo
2479 663 2600 717 sive
2628 678 2698 717 ex
2725 660 3074 733 ignorantia,
3106 664 3308 716 contra
3327 663 3432 732 jus
3462 663 3672 735 fasque

2027 754 2084 805 et
2129 767 2263 807 cum
2309 751 2501 806 furore
2551 749 2856 820 objiciunt.
2907 749 3040 817 Sed,
3087 766 3119 804 ο
3173 767 3369 805 meum
3421 751 3669 807 infortu-

2028 838 2214 904 nium,
2246 841 2400 911 quod
2435 843 2635 894 nostra
2663 837 2782 893 illic
2814 855 2918 894 nec
2950 838 3113 910 paria
3142 854 3248 894 nec
3277 841 3674 911 comparanda

2028 927 2182 983 sint!
2216 929 2294 982 Ac
2324 927 2555 984 etiamsi
2587 927 2789 982 multis
2820 927 3085 999 ignotum
3126 926 3202 982 sit
3233 927 3388 983 unde
3419 927 3541 984 haec
3569 946 3673 986 no-

2026 1017 2117 1071 bis
2165 1017 2518 1083 acciderint;
2573 1020 2632 1070 at
2679 1033 2790 1070 non
2837 1020 2972 1071 Deo.
3024 1016 3170 1072 Nam
3224 1016 3323 1089 qui
3372 1017 3488 1072 Deo
3538 1035 3674 1075 cum

2029 1104 2240 1160 fiducia
2270 1104 2459 1159 dicere
2490 1121 2670 1160 ausus
2692 1103 3011 1173 est,«Zelus
3040 1106 3250 1160 domus
3284 1110 3393 1160 tuae
3415 1107 3668 1162 comedit

2029 1210 2143 1258 me,
2175 1216 2202 1243 »
2238 1194 2288 1248 is
2321 1194 2443 1264 ipse
2473 1193 2619 1248 dixit
2671 1217 2698 1243 ‹‹
2735 1194 2802 1248 Et
2848 1193 3162 1264 opprobria
3189 1194 3667 1266 exprobrantium

2026 1282 2132 1337 tibi
2165 1282 2501 1338 acciderunt
2549 1298 2724 1354 super
2756 1299 2866 1337 me.
2905 1303 2932 1330 »
2963 1281 3086 1336 Non
3117 1282 3273 1337 enim
3322 1283 3668 1340 delictorum

2029 1387 2291 1427 meorum
2323 1375 2550 1426 tantum
2582 1369 2702 1424 haec
2733 1370 2876 1424 ultio
2909 1369 3228 1440 fuerit,qua
3257 1371 3326 1426 de
3358 1388 3419 1426 re
3448 1375 3667 1444 gratias

2027 1476 2134 1532 ago
2164 1459 2317 1527 Deo;
2344 1476 2598 1531 namque
2625 1476 2731 1515 nos
2764 1459 2842 1513 ita
2872 1458 2991 1514 laesi
3023 1457 3168 1512 nihil
3201 1459 3506 1530 laedimur;
3530 1462 3668 1534 quia

2027 1549 2077 1604 ei
2127 1549 2225 1620 qui
2281 1565 2343 1604 se
2388 1548 2582 1619 ipsum
2618 1564 2730 1602 non
2776 1546 2954 1613 laedit,
3005 1563 3173 1602 nemo
3221 1565 3426 1604 nocere
3475 1549 3664 1619 valet;

2025 1654 2226 1693 verum
2257 1636 2514 1692 Ecclesia
2534 1635 2888 1692 contumelia
2907 1640 2966 1691 et
2986 1637 3202 1692 damno
3231 1636 3441 1692 iterum
3465 1639 3668 1696 affecta

2027 1725 2443 1790 est.Quodnam
2475 1724 2618 1780 illud
2653 1726 2934 1779 damnum
2958 1724 2986 1778 ?
3017 1724 3075 1780 in
3109 1725 3426 1782 monachos
3456 1732 3512 1782 et
3541 1744 3664 1784 mo-

2027 1813 2232 1881 niales,
2265 1831 2330 1869 ac
2361 1812 2651 1884 reliquum
2673 1813 3071 1869 Christianum
3103 1813 3666 1886 populum,quorum

2028 1902 2125 1958 alii
2155 1919 2445 1971 sermone,
2468 1902 2567 1957 alii
2597 1901 2686 1957 vel
2717 1901 2879 1956 inviti
2911 1903 2984 1957 ad
3016 1902 3350 1958 honestiora
3379 1909 3666 1975 spectant,

2028 2009 2130 2047 ceu
2185 2009 2334 2047 saeva
2374 1990 2628 2062 procella
2675 1991 2978 2046 confertim
3029 1991 3328 2063 ingruens,
3363 1997 3666 2050 contume-

2027 2081 2165 2137 liam
2197 2087 2455 2136 nostram
2490 2080 2548 2135 in
2579 2079 2996 2135 venerabiliora
3024 2081 3322 2135 convertit.
3355 2085 3669 2140 Contume-

2028 2170 2106 2226 lia
2135 2187 2307 2242 porro
2339 2169 2438 2225 illa
2467 2174 2524 2224 et
2553 2168 2794 2224 tristitia
2814 2168 2950 2224 hinc
2980 2174 3436 2238 consecuta,non
3467 2176 3670 2228 contra

2029 2259 2244 2314 famam
2297 2257 2488 2313 solum
2530 2262 2789 2314 nostram
2837 2257 3040 2329 vergit,
3091 2275 3278 2330 neque
3323 2262 3552 2315 tantum
3601 2276 3668 2318 eo

2028 2346 2277 2413 devenit,
2321 2350 2386 2400 ut
2430 2344 2678 2416 arreptis
2717 2343 3013 2416 lapidibus
3065 2361 3172 2400 nos
3221 2346 3568 2417 impeterent
3615 2352 3673 2404 et

2029 2433 2681 2501 anathematizarent,ac
2698 2433 3020 2504 quamlibet
3046 2434 3106 2488 in
3127 2450 3366 2506 corpore
3389 2435 3668 2507 injuriam

2029 2524 2148 2596 pati
2179 2527 2484 2596 cogerent;
2520 2522 2620 2577 sed
2651 2521 2935 2589 etiam,sz
2966 2521 3110 2576 mihi
3141 2522 3376 2579 lcontra
3405 2529 3668 2580 nostram

2029 2613 2100 2668 de
2131 2611 2405 2683 religione
2434 2611 2782 2667 sententiam
2812 2610 3475 2674 vertitur.0uamobrem
3504 2613 3664 2668 dico:

2030 2703 2081 2758 si
2113 2717 2368 2772 unquam
2420 2699 2601 2770 tenui,
2634 2698 2721 2754 vel
2760 2699 2885 2769 jam
2916 2702 3102 2766 teneo,
3137 2698 3222 2754 vel
3254 2699 3313 2754 in
3368 2704 3668 2773 posterum

2028 2791 2258 2854 tenebo,
2294 2789 2552 2860 aliquam
2583 2805 2618 2843 a
2667 2791 2866 2843 sancta
2918 2786 3134 2843 Christi
3182 2793 3239 2843 et
3271 2789 3370 2845 Dei
3420 2790 3672 2846 Ecclesia

2029 2878 2279 2934 alienam
2311 2877 2682 2941 sententiam,
2715 2875 3028 2931 anathema
3057 2875 3136 2930 sit
3203 2876 3349 2931 mihi
3383 2894 3417 2932 a
3444 2878 3670 2934 Christo

2030 2967 2184 3034 Deo;
2215 2966 2333 3021 imo
2379 2981 2550 3020 omne
2600 2963 2932 3032 anathema,
2969 2969 3026 3019 et
3069 2965 3263 3019 dirum
3312 2966 3625 3022 anathema
3654 2957 3698 3023 :i

2029 3056 2079 3111 si
2110 3072 2240 3111 vero
2272 3053 2768 3126 quemadmodum
2799 3052 2985 3108 sancti
3037 3051 3308 3126 discipuli
3335 3059 3392 3109 et
3421 3055 3670 3127 apostoli
3732 3068 3735 3069 '

2033 3144 2257 3200 Domini
2307 3143 2421 3198 mei
2466 3143 2632 3210 Jesu,
2683 3145 2740 3197 et
2786 3158 2989 3197 eorum
3039 3157 3404 3199 successores
3463 3143 3672 3200 Deiferi

2030 3238 2248 3299 Patres,
2281 3236 2338 3287 et
2387 3234 2590 3287 sancta
2618 3230 2874 3287 Ecclesia
2925 3230 3140 3286 Christi
3187 3231 3284 3286 Dei
3331 3232 3534 3300 nostri,
3568 3234 3669 3288 do-

277 3317 476 3389 πὲμπω
542 3321 621 3388 τῷ
685 3316 996 3389 ἀναθὲματι·
1061 3319 1112 3371 οἱ
1177 3320 1293 3373 κατ’
1359 3317 1494 3391 ἐμοῦ
1560 3321 1917 3391 ἀκονήσαντες

2031 3325 2277 3379 cuerunt
2307 3324 2364 3376 et
2405 3321 2790 3388 tradiderunt,
2818 3319 2899 3374 ita
2927 3320 3117 3390 credo,
3150 3319 3271 3375 hinc
3323 3321 3519 3391 adoro,
3551 3321 3672 3376 haec

274 3405 543 3480 γλώσσας,
593 3404 685 3459 καὶ
731 3405 981 3468 τοιαύτας
1041 3405 1230 3469 ἀθέους
1282 3408 1464 3483 φωνὰς
1521 3407 1919 3485 ἐξερευξάμενοι

276 3488 541 3563 διαϐολῆς
599 3493 689 3548 καὶ
747 3494 1126 3572 συκοφαντίας,
1186 3495 1508 3572 ἐκκήρυκτοι
1576 3499 1628 3551 οἱ
1683 3503 1920 3554 τοιοῦτοι

277 3580 604 3654 Ἐκκλησίας
665 3587 917 3658 Χριστοῦ,
976 3585 1066 3637 καὶ
1122 3583 1308 3657 ἀλύτῳ
1364 3585 1653 3663 ἀφορισμῷ
1708 3587 1770 3642 ’ἐκ
1825 3591 1922 3657 τῆς

281 3677 598 3746 ζωαρχικῆς
640 3669 891 3747 Τριάδος,
939 3673 1027 3726 καὶ
1065 3675 1230 3746 ἡμεῖς
1295 3673 1488 3728 αὐτοὺς
1539 3670 1925 3749 ὑποϐάλλομεν

281 3762 368 3814 καὶ
426 3761 531 3837 ἀρᾷ
588 3760 940 3833 ἀναθὲματος.
974 3761 1122 3816 Ἐπεὶ
1177 3760 1233 3816 δὲ
1285 3762 1454 3836 νόμος
1508 3768 1576 3837 τῇ
1628 3763 1927 3837 Ἐκκλησία

281 3853 513 3923 Χριστοῦ
568 3848 786 3911 ἑκόντας
832 3847 1020 3924 ἄρχειν
1071 3845 1320 3923 ἐχόντων,
1371 3854 1532 3924 ἡμεῖς
1580 3850 1637 3906 δὲ
1684 3851 1925 3909 δυναστι-

278 3943 389 3999 κῶς
458 3935 714 4011 ἐδόξαμεν
792 3939 1002 4013 ἄρχειν,
1073 3939 1162 3994 καὶ
1242 3938 1330 3994 διὰ
1398 3946 1558 3996 τοῦτο
1619 3941 1923 4015 ἀπώσαντο,

277 4027 633 4100 ἀπωσάμενοι
690 4031 786 4081 τοῦ
840 4027 1220 4100 ποιμαίνεσθαι
1279 4028 1364 4105 ὑφ’
1403 4032 1585 4102 ἡμῶν,
1613 4031 1702 4085 καὶ
1761 4034 1926 4104 ἡμεῖς

273 4115 589 4188 ποιμαίνειν
636 4114 828 4181 αὐτοὺς
875 4117 1299 4192 παραιτούμεθα,
1349 4119 1484 4173 κατά
1544 4120 1634 4174 τὸν
1689 4119 1922 4175 εἰπόντα⁶

282 4229 306 4254 ‹‹
357 4202 575 4279 Κλήρῳ
631 4205 983 4277 ἀνυποτάκτῳ
1041 4207 1129 4260 καὶ
1181 4204 1299 4279 λαῷ
1348 4207 1556 4263 ἀπειθεῖ
1623 4208 1925 4264 ἀποτάσσο-

277 4314 402 4366 μαι,
434 4317 461 4344 ››
497 4290 757 4366 δεόμενος
815 4292 875 4348 ἐκ
929 4297 1116 4368 ψυχῆς
1163 4297 1298 4368 ὑμῖν
1342 4316 1400 4350 τε
1429 4296 1517 4350 καὶ
1549 4297 1731 4360 αὐτοῖς
1757 4295 1923 4354 ’ίλεων

275 4378 488 4446 ἔσεσθαι
545 4382 638 4435 τὸν
684 4381 830 4436 Θεόν.
864 4382 939 4436 Τὰ
982 4379 1040 4436 δὲ
1085 4384 1327 4458 ἡμέτερα
1390 4385 1574 4459 ἄγοιτο
1644 4385 1780 4441 ὅπου
1837 4388 1926 4442 καὶ

279 4469 544 4546 βούλοιτο
574 4471 603 4524 ὁ
657 4468 708 4524 ἐν
757 4468 943 4547 Τριάδι
994 4471 1334 4544 ὑμνούμενος
1378 4472 1575 4550 Κύριος
1619 4471 1927 4551 πρεσϐείαις

272 4567 376 4629 τῆς
427 4561 799 4634 Θεομήτορος,
848 4563 953 4614 τῶν
1004 4565 1204 4636 νοερῶν
1253 4566 1387 4616 Θεοῦ
1444 4561 1770 4639 λειτουργῶν
1837 4565 1926 4620 καὶ

2032 3410 2244 3483 recipio
2293 3414 2351 3465 et
2380 3408 2699 3481 amplector
2749 3413 2806 3464 et
2861 3409 3109 3480 praedico
3143 3425 3154 3464 :
3193 3413 3251 3464 et
3293 3410 3342 3465 si
3385 3410 3528 3481 quid
3587 3410 3672 3465 illi

2032 3499 2340 3555 inimicum
2374 3497 2700 3554 alienumve
2732 3502 2839 3568 est,
2874 3497 3233 3553 anathemati
3261 3498 3470 3567 trado;
3505 3499 3542 3553 ii
3573 3499 3672 3571 qui

2032 3588 2265 3660 linguas
2296 3604 2434 3644 suas
2465 3591 2666 3641 contra
2693 3601 2787 3640 me
2807 3590 3243 3652 exacuerunt,et
3269 3586 3483 3659 impias
3504 3603 3674 3644 voces

2033 3677 2326 3732 calumnia
2355 3679 2412 3730 et
2463 3673 2842 3746 sycophantia
2867 3674 3068 3746 plenas
3108 3679 3508 3744 evomuerunt,
3540 3693 3673 3748 pro-

2034 3766 2234 3838 scripti
2265 3769 2439 3820 sunto
2486 3780 2556 3818 ex
2592 3761 2850 3818 Ecclesia
2895 3762 3130 3831 Christi,
3161 3767 3336 3835 atque
3365 3780 3464 3821 eos
3512 3765 3671 3821 inso-

2031 3855 2202 3911 lubili
2234 3850 2818 3909 excommunicationi
2849 3868 2881 3906 a
2911 3851 3038 3907 vitm
3069 3852 3325 3925 principe
3372 3853 3673 3921 Trinitate,

2035 3961 2098 4000 ac
2150 3942 2457 3998 maledicto
2505 3940 2894 3996 anathematis
2939 3957 3044 3996 nos
3098 3941 3468 4012 subjicimus.
3523 3943 3674 4006 Quo-

2036 4031 2357 4088 niamvero
2388 4046 2457 4086 ea
2484 4029 2575 4085 lex
2622 4027 2893 4084 Ecclesiae
2922 4027 3155 4100 Christi,
3189 4034 3255 4084 ut
3287 4028 3554 4086 lubentes
3584 4029 3674 4085 lu-

2035 4121 2310 4176 bentibus
2360 4119 2668 4190 imperent,
2696 4134 2802 4173 nos
2849 4133 2982 4172 vero
3011 4133 3145 4172 cum
3195 4117 3539 4174 auctoritate
3566 4118 3678 4175 visi

2036 4226 2243 4266 sumus
2293 4209 2600 4280 imperare,
2633 4210 2807 4278 atque
2852 4205 2982 4261 ideo
3013 4222 3120 4261 nos
3161 4204 3246 4260 illi
3295 4206 3670 4278 abjecerunt;

2036 4297 2245 4368 abjecti
2277 4313 2385 4352 nos
2415 4297 2487 4351 ab
2519 4294 2636 4351 illis
2669 4311 2734 4351 ac
2760 4294 3014 4367 pastoris
3043 4294 3234 4351 ofﬁcio
3265 4294 3514 4367 depulsi,
3547 4294 3681 4352 illos

2035 4385 2293 4442 vicissim
2350 4399 2586 4456 pascere
2633 4398 2988 4453 recusamus,
3022 4382 3348 4437 secundum
3394 4399 3529 4438 eum
3577 4383 3680 4454 qui

2038 4475 2182 4531 dixit
2213 4491 2226 4528 ε
2261 4497 2289 4524 ‹‹
2323 4473 2476 4529 Sorti
2507 4489 2621 4527 non
2655 4470 2999 4543 obsequenti
3033 4475 3090 4526 et
3121 4469 3336 4542 populo
3369 4469 3568 4526 rebelli
3598 4487 3684 4527 re-

2037 4561 2485 4620 nuntio.»Nobis
2514 4564 2710 4615 tamen
2741 4565 2798 4615 et
2825 4559 2970 4631 ipsis
3003 4559 3324 4631 propitium
3347 4575 3475 4615 esse
3494 4559 3680 4615 Deum

275 4648 494 4703 πάντων
543 4653 652 4702 τῶν
708 4648 797 4702 ἀπ’
825 4648 1019 4711 αἰῶνος
1071 4650 1239 4724 ἁγίων
1281 4653 1466 4724 ἡμῶν.
1497 4652 1596 4706 Καὶ
1641 4654 1692 4706 οἱ
1742 4653 1920 4729 ἀρχιε-

2041 4668 2258 4724 precor.
2291 4649 2502 4705 Nostra
2551 4664 2684 4704 vero
2717 4664 2830 4719 quo
2883 4646 3131 4703 voluerit
3176 4647 3428 4702 deducat
3471 4647 3573 4718 qui
3620 4647 3680 4702 in

275 4743 412 4814 ρεῖς,
446 4737 492 4792 εί
555 4737 652 4810 μὲν
702 4743 1001 4800 κανονικῶς
1059 4739 1209 4793 εἶπαν
1268 4740 1356 4794 καὶ
1398 4736 1648 4816 ἔπραξαν,
1709 4742 1797 4796 καὶ
1848 4740 1928 4797 δι-

274 4827 449 4888 καίως
503 4847 609 4899 μου
658 4827 1023 4899 ἀπεκόπησαν,
1051 4827 1220 4890 ’ίλεως
1269 4828 1440 4891 οὕτως
1473 4831 1501 4883 ὁ
1532 4831 1660 4892 Θεὸς
1709 4827 1791 4902 εἷή
1840 4832 1929 4886 καὶ

279 4913 486 4975 αὐτοῖς·
540 4914 586 4968 εἰ
640 4913 698 4969 δὲ
750 4917 849 4988 μή,
888 4921 1007 4977 τοῖς
1067 4915 1304 4991 ῥηθεῖσιν
1354 4917 1650 4992 ἐπιτιμίοις
1709 4919 1930 4974 ὑπεύθυ-

275 5024 361 5058 νοι
391 4999 651 5075 ἔστωσαν,
684 5004 776 5058 καὶ
829 5003 1004 5074 αὐτοὶ,
1040 5006 1127 5059 καί
1180 5005 1270 5067 οὕς
1317 5005 1528 5080 ψευδῶς
1579 5007 1928 5083 ὑποσύρουσι,

277 5092 366 5147 καὶ
428 5093 516 5171 ὑφ’
572 5094 647 5148 ὦν
705 5093 1104 5169 παρεσύρησαν.
1162 5094 1297 5170 Εἶχε
1363 5093 1420 5150 δέ
1476 5095 1565 5150 καὶ
1615 5097 1928 5160 Ἀθανάσιος

279 5181 419 5254 ἐλέῳ
466 5187 602 5236 Θεοῦ
669 5181 1096 5258 ἀρχιεπίσκοπος
1144 5184 1759 5248 Κωνσταντινουπόλεως
1807 5185 1929 5248 νέας

276 5271 497 5344 Ῥώμης
571 5271 660 5325 καὶ
729 5271 1105 5344 οἷκουμενικὸς
1184 5272 1530 5349 πατριάρχης
1591 5271 1802 5330 Ἰνδικτ.
1866 5276 1926 5346 ζ’,

281 5358 399 5434 εἶχε
435 5360 524 5414 καὶ
612 5355 938 5433 μολιϐδίνην
1028 5359 1268 5436 βούλλαν
1347 5364 1768 5438 πατριαρχικὴν,
1839 5363 1928 5417 καὶ

279 5445 515 5511 κάτωθεν
594 5453 780 5504 ταῦτα·
867 5450 1090 5513 Τούτοις
1187 5456 1395 5526 στοιχῶ
1476 5451 1706 5506 ἐνώπιον
1795 5456 1928 5506 Θεοῦ

279 5537 366 5591 καὶ
411 5538 729 5613 ἀνθρώπων·
760 5538 976 5601 τούτοις
1007 5539 1247 5614 ἐμμένω.
1282 5539 1353 5594 Ei"
1391 5561 1442 5594 τι
1491 5537 1548 5594 δὲ
1600 5539 1741 5595 ἄλλο
1792 5539 1928 5596 εἷ’πω

353 5719 425 5795 (1)
457 5717 646 5794 Ἠμῶν
679 5719 994 5795 legendum
1021 5727 1088 5778 ut
1118 5721 1270 5796 apud
1302 5721 1738 5813 Pachymerem.

2041 4741 2318 4795 Trinitate
2348 4738 2678 4794 celebratur
2705 4736 3010 4802 Dominus,
3033 4736 3304 4807 precibus
3333 4735 3434 4791 Dei
3459 4735 3679 4803 Matris,

2041 4827 2439 4902 spiritualium
2488 4826 2585 4881 Dei
2639 4825 3065 4890 ministrorum,
3098 4829 3155 4879 et
3200 4824 3466 4880 omnium
3515 4825 3684 4896 quia

2041 4917 2250 4974 saeculo
2312 4917 2550 4970 fuerunt
2582 4918 2921 4969 sanctorum
2980 4918 3338 4969 nostrorum.
3370 4913 3682 4970 Pontiﬁces

2040 5023 2172 5062 vero
2233 5003 2523 5077 siquidem
2577 5002 2855 5058 canonice
2913 5001 3164 5057 dixerint
3221 5007 3278 5056 et
3335 5001 3595 5071 fecerint,
3627 4996 3724 5058 et'

2031 5099 2166 5168 jure
2197 5111 2324 5150 sese
2355 5110 2388 5148 a
2418 5109 2511 5148 me
2542 5090 3216 5163 segregarint,propitius
3243 5089 3360 5163 illis
3391 5091 3468 5146 sit
3498 5095 3685 5160 Deus;

2040 5184 2130 5239 sin
2184 5183 2400 5248 minus,
2434 5180 2715 5253 praedictae
2765 5178 2971 5234 ultioni
3021 5179 3365 5250 subjaceant
3410 5183 3532 5234 tam
3576 5179 3684 5245 illi,
3749 5224 3768 5246 ,

2039 5289 2216 5344 quam
2249 5271 2286 5325 ii
2317 5287 2464 5343 quos
2493 5269 2799 5324 fallacibus
2829 5268 3020 5324 verbis
3052 5268 3370 5340 abducunt,
3398 5273 3456 5324 et
3490 5285 3523 5324 a
3552 5269 3684 5340 qui-

2039 5363 2149 5417 bus
2178 5359 2437 5414 vicissim
2467 5357 2702 5413 abducti
2728 5364 2888 5413 sunt.
2923 5357 3256 5429 Sequebatur
3283 5356 3681 5425 deinde,Atha-

2039 5449 2240 5506 nasius
2269 5446 2666 5503 misericordia
2711 5446 2808 5502 Dei
2842 5445 3312 5518 archiepiscopus
3353 5444 3683 5502 Constanti-

2039 5538 2314 5613 nopoleos
2362 5551 2519 5593 novae
2571 5535 2764 5592 Romae
2811 5539 2868 5592 et
2895 5534 3289 5592 cecumenicus
3328 5533 3680 5608 patriarcha.
