4110 6450
448 454 568 524 483

1569 438 1999 511 ATHANASII
2044 448 2161 509 CP.
2210 448 2741 509 PATRIARCIME

3739 440 3865 508 484

453 592 771 652 Indictione
798 604 877 644 vn
904 604 918 643 :
951 584 1190 642 Habebat
1218 587 1409 639 autem
1437 591 1490 639 et
1534 582 1849 654 plumbeam
1881 579 2085 636 bullam

2207 578 2243 645 ἢ
2274 576 2459 653 πράξω
2492 578 2645 638 ἐκτὸς
2674 581 2782 631 τῶν
2825 574 2933 632 ὦδε
2980 575 3396 652 γεγραμμένων,
3428 577 3695 654 ἄστοργον
3739 574 3862 654 ἔχω

444 678 879 757 patriarchalem
924 684 976 732 et
1005 674 1240 745 inferius
1268 674 1388 730 hac
1412 673 1622 743 scripta
1663 675 1823 726 erant
1852 689 1873 724 :
1904 674 1966 723 ln
2002 669 2093 725 his

2200 666 2290 720 καὶ
2326 665 2446 740 βίας
2478 666 2568 720 καὶ
2616 663 2927 739 τυραννίδος
2977 662 3156 741 ἔργον,
3193 666 3271 737 μὴ
3328 662 3589 727 συνειδὼς
3638 665 3864 738 ἐμαυτῷ

448 751 654 830 incedo
684 783 880 825 coram
930 764 1067 832 Deo,
1102 763 1161 817 in
1192 762 1284 817 his
1316 776 1650 833 permaneo.
1682 760 1739 815 Si
1787 759 1927 831 quid
1959 773 2085 812 vero

2204 756 2392 829 χάριτι
2422 759 2657 830 Χριστοῦ
2687 754 2877 830 ἀργίας
2909 776 2961 808 τι
2990 751 3264 829 ἔγκλημα.
3292 754 3507 809 Ἰνδικτ.
3547 757 3607 822 ζ’.

449 860 606 918 aliud
637 856 873 915 fecerim
903 858 1007 912 aut
1036 851 1280 907 dixerim
1331 854 1537 924 praeter
1565 866 1635 906 ea
1664 866 1790 921 quas
1821 848 1914 903 hic
1944 847 2163 918 scripta
2191 849 2351 913 sunt,
2379 844 2611 901 irritum
2655 843 2842 901 habeo
2871 861 2937 900 ac
2966 844 3240 901 violentia
3270 844 3697 918 tyrannideque
3724 843 3862 918 ple-

448 965 627 1018 num;
658 962 765 1003 nec
788 949 987 1001 tamen
1016 940 1162 998 mihi
1190 939 1458 1012 segnitiei
1486 940 1729 1004 crimen,
1761 937 1951 1009 gratia
1977 934 2215 1002 Christi,
2246 933 2465 990 haerere
2495 934 2768 991 conscius
2797 950 2951 990 sum.
2985 933 3306 990 Indictione
3332 950 3433 990 vn.

518 1151 713 1208 Placet
741 1149 838 1205 hic
883 1147 1057 1205 etiam
1086 1145 1441 1217 subjungere
1490 1143 1837 1214 rescriptum
1869 1140 2135 1211 ejusdem
2186 1137 2486 1193 Athanasii
2525 1136 2871 1209 patriarchae
2914 1154 3047 1192 cum
3100 1140 3298 1192 nostra
3346 1136 3534 1192 Latini
3564 1136 3859 1210 versione,

447 1257 563 1315 quo
591 1239 837 1296 infamia
881 1241 1119 1293 notatur
1145 1234 1401 1290 Joannes
1431 1232 1671 1304 quidam
1720 1229 1972 1300 Drimys,
2004 1226 2105 1299 qui
2156 1225 2493 1282 societatem
2525 1242 2658 1280 cum
2707 1225 3060 1281 exsecranda
3090 1224 3339 1280 factione
3368 1223 3613 1281 iniverat
3648 1229 3861 1281 contra

444 1313 680 1402 gregem
722 1325 958 1391 Christi,
990 1328 1190 1378 contra
1236 1319 1554 1377 Ecclesium
1584 1324 1641 1375 et
1669 1335 1703 1374 a
1734 1318 1845 1373 Deo
1893 1320 2235 1372 coronatum
2286 1314 2719 1385 imperatorem.
2752 1313 2938 1384 Hujus
2986 1317 3182 1369 autem
3227 1313 3473 1368 Joannis
3524 1313 3858 1369 meminere

445 1400 731 1490 Gregoras
760 1420 817 1470 et
862 1412 1262 1484 Pachymeres,
1290 1409 1392 1465 sed
1444 1407 1645 1480 paucis
1684 1407 1924 1463 omnino
1975 1403 2204 1472 verbis;
2237 1402 2393 1490 unde
2438 1401 2565 1458 loca
2608 1402 2709 1458 illa
2754 1402 3043 1475 Gregore,
3092 1406 3149 1457 et
3201 1400 3596 1473 Pacbymeris,
3629 1400 3731 1457 ubi
3782 1401 3861 1457 de

443 1506 555 1563 hoc
574 1489 809 1562 rJoanne
838 1502 1054 1575 agitur,
1073 1517 1185 1556 non
1218 1516 1427 1572 parum
1457 1496 1605 1553 lucis
1634 1496 1891 1567 accipere
1924 1496 2172 1567 possunt
2199 1507 2269 1546 ex
2301 1489 2409 1545 hoc
2439 1490 2719 1562 rescripto
2748 1490 3073 1558 Athanasii,
3107 1490 3264 1563 quod
3295 1489 3381 1545 sic
3412 1489 3589 1546 habet
3618 1507 3631 1545 :

444 1622 783 1692 Rescriptum
822 1616 1179 1692 patriarcha,
1210 1630 1314 1692 quo
1359 1614 1600 1692 infamia
1645 1613 1875 1667 notatur
1915 1611 2089 1692 Jour}-

513 1679 869 1763 nes'quidai'n
885 1690 1115 1763 ,Drimys
1270 1679 1580 1740 societatem
1602 1699 1728 1763 cum
1746 1679 2090 1763 exsecranda

512 1753 754 1834 factione
808 1753 1073 1834 inivergt'
1101 1753 1289 1813 contra
1346 1770 1566 1834 gregem
1624 1753 1845 1834 Christi,
1897 1760 2089 1806 contra

514 1827 813 1891 Ecclesium
841 1835 897 1887 et
922 1847 957 1885 α
986 1831 1092 1885 Deo
1120 1836 1437 1884 coronatum
1466 1827 1872 1897 imperatorem.

518 1998 707 2052 Beate
737 1997 956 2049 natura;
1002 1990 1225 2064 gratias
1257 1988 1489 2063 agimus
1520 2003 1654 2042 cum
1695 2002 1797 2058 pro
1846 1982 2088 2054 reliquis

446 2084 660 2141 divinis
687 2081 1189 2152 muneribus,tum
1220 2079 1321 2151 qui
1348 2077 1663 2135 Ecclesiam
1686 2074 2008 2132 sacerdotio
2029 2076 2089 2128 et

446 2172 690 2246 imperio
719 2169 962 2245 pulchre
991 2169 1307 2234 coronavit,
1340 2171 1406 2222 ut
1449 2165 1739 2222 ambobus
1769 2163 1928 2218 hisce
1962 2178 2084 2217 mo-

2199 1600 2432 1691 Γράμμα
2459 1606 2556 1657 τοῦ
2586 1605 2929 1691 πατριάρχου
2961 1602 3377 1691 ’στηλιτευτικὸν
3418 1603 3544 1678 περὶ
3597 1604 3857 1691 Ἰωάννου

2265 1674 2432 1741 τινὸς,
2500 1674 2739 1763 ’Δριμςὺςν
2791 1674 2869 1729 ’τό
2957 1674 3199 1763 ἐπίθετον
3298 1674 3859 1763 πρρσεταιριεάμενοξ

2267 1745 2573 1835 συμμορίαν
2626 1745 2906 1819 επάρατον
2984 1745 3118 1800 κατά
3173 1766 3231 1799 τε
3289 1745 3571 1817 ποίμνης“
3610 1745 3854 1821 Χριστοῦ

2265 1836 2401 1870 κατα
2470 1836 2527 1869 τε
2579 1819 2699 1879 τῆς.
2781 1815 3114 1879 Ἐκπλησίας
3188 1816 3279 1871 καὶ
3350 1820 3450 1872 τοῦ
3524 1818 3854 1879 θεοστεφοῦς

2268 1838 2401 1907 κατα
2470 1838 2527 1906 τε
2579 1838 2699 1885 της.
2796 1838 3114 1886 ιικπΑησιας
3188 1838 3279 1871 και
3350 1838 3450 1872 του
3524 1838 3857 1894 υεοστεφους

2268 1906 2687 1962 αυτοκρατορος.

2266 1992 2430 2068 Χάρις
2484 1992 2579 2048 κᾶν
2638 1998 2799 2049 τοῦτο
2856 1994 2948 2048 σὺν
2997 1997 3066 2066 τῇ
3119 1992 3289 2068 λοιπῇ
3345 1994 3717 2070 ἀγαθοπρεπεῖ
3769 1996 3860 2051 θε-

2196 2082 2390 2156 ουργίᾳ
2443 2085 2512 2155 τῇ
2586 2081 2738 2161 φύσει
2782 2086 2849 2155 τῇ
2913 2082 3150 2157 μακαρίᾳ
3206 2082 3287 2138 ὅτι
3357 2085 3456 2151 τὴν
3516 2082 3857 2153 Ἐκκλησίαν

2194 2170 2460 2244 ἱερωσύνῃ
2507 2171 2596 2225 καὶ
2661 2170 2911 2246 βασιλείᾳ
2968 2170 3319 2243 ἁρμοζόντως
3384 2173 3701 2245 κατέστεψεν
3770 2172 3854 2235 ὡς

447 2260 813 2318 deratoribus
838 2258 946 2314 rite
975 2274 1042 2313 ac
1067 2256 1328 2313 studiose
1358 2255 1703 2328 gubernata,
1737 2251 2085 2325 pullulantes

2199 2260 2257 2313 ἂν
2320 2260 2408 2313 ὑπ’
2464 2259 2666 2337 ἀμφοῖν
2727 2258 2787 2315 ἐκ
2845 2257 3017 2329 ζήλου
3081 2262 3423 2335 κρατουμένη
3481 2260 3853 2337 κυπρίζοντας

447 2366 590 2406 uvas
620 2349 692 2405 ad
724 2346 1126 2404 maturitatem
1155 2341 1751 2415 deducat,plenasqne
1780 2356 1845 2395 ac
1876 2339 2089 2395 divinis

445 2439 655 2512 dignas
704 2435 1100 2493 torcularibus
1130 2433 1465 2501 constituat,
1497 2436 1555 2487 et
1590 2427 1877 2503 quidquid
1909 2429 1967 2482 in
1998 2427 2089 2483 la-

447 2530 720 2584 hruscam
768 2526 1081 2598 degenerat
1107 2522 1180 2578 ab
1210 2537 1273 2578 se
1300 2521 1563 2577 eliminet
1597 2535 1611 2574 :
1646 2523 1710 2572 ut
1750 2533 1819 2573 ex
1848 2516 1955 2571 hoc
1987 2532 2086 2571 ne-

444 2617 602 2689 gotio
631 2628 978 2688 cognoscere
1010 2611 1224 2668 licebit.
1254 2611 1399 2667 Nam
1428 2608 1645 2667 Christi
1671 2606 1926 2662 Ecclesia
1951 2621 2086 2661 cum

445 2703 689 2776 reliquis
733 2702 945 2759 divinis
979 2700 1341 2769 muneribus,
1373 2714 1501 2771 quae
1550 2696 1709 2768 large
1747 2694 2089 2750 hominibus

445 2793 689 2865 prabita
718 2797 878 2863 sunt,
911 2789 1254 2863 pontificum
1286 2788 1520 2843 dextera
1550 2800 1824 2857 magnam
1856 2781 2089 2837 mirabi-

446 2880 678 2953 lemque
723 2880 1093 2937 sacerdotum
1138 2877 1481 2950 dignitatem
1535 2872 1906 2943 [constituit],
1937 2887 2086 2942 quo-

446 2986 579 3026 rum
609 2969 867 3026 officium
916 2973 1007 3025 est
1036 2968 1225 3040 primo
1274 2970 1339 3021 ut
1367 2971 1582 3021 rectam
1614 2963 1685 3017 de
1714 2962 1830 3017 Deo
1870 2958 2085 3016 doctri-

447 3075 584 3115 nam
613 3063 871 3126 teneant,
896 3062 955 3114 et
979 3058 1048 3113 ad
1078 3055 1427 3127 sanguinem
1461 3067 1644 3124 usque
1675 3050 1992 3107 defendant
2019 3064 2090 3103 ea

446 3165 574 3221 quae
602 3148 757 3204 Deus
786 3146 1018 3203 defendi
1064 3145 1254 3216 jubet,
1284 3141 1488 3198 ﬁdeles
1519 3139 1807 3212 religiosis
1837 3139 2085 3208 impera-

446 3238 672 3295 toribus
720 3240 1016 3303 maneant,
1048 3239 1105 3290 et
1133 3234 1227 3306 pie
1274 3237 1331 3287 et
1360 3236 1527 3287 caute
1569 3227 1836 3300 justiti»,
1867 3232 2086 3299 tempe-

446 3325 650 3383 rantiae
694 3330 753 3381 et
779 3325 1007 3381 veritati
1040 3324 1181 3379 dent
1209 3336 1470 3392 operam,
1503 3326 1569 3373 ut
1613 3333 1783 3389 opere
1811 3321 1869 3373 et
1914 3318 2086 3373 verbo

443 3414 742 3481 omnibus,
773 3414 845 3469 ad
893 3411 1328 3467 institutionem
1360 3408 1536 3464 utiles
1566 3407 1710 3474 sint,
1738 3412 1796 3462 et
1824 3405 1966 3461 salis
1995 3406 2084 3460 lu-

444 3507 646 3575 cisque
673 3502 861 3558 instar
886 3500 1109 3571 reliquo
1138 3497 1353 3572 populo
1385 3498 1530 3553 {iant
1557 3512 1570 3551 :
1603 3512 1670 3553 ac
1701 3493 2089 3567 praecipue,ut

444 3592 584 3659 dixi,
614 3595 880 3648 auctores
911 3589 1143 3662 populis
1191 3588 1311 3644 sint
1341 3592 1407 3642 ut
1436 3584 1897 3685 benevolentiam
1946 3599 2086 3656 erga
2114 3626 2157 3693 Ε

442 3680 754 3753 imperium
782 3682 1143 3749 conservent,
1173 3677 1313 3749 quia
1341 3676 1496 3732 Deus
1525 3676 1685 3748 pacis
1725 3673 1868 3728 dixit
1898 3673 2084 3745 respi-

446 3784 574 3825 cere
604 3784 667 3825 se
696 3772 1055 3838 mansuetos,
1088 3766 1409 3837 morigeros
1438 3768 1496 3820 et
1536 3763 1756 3830 fideles,
1790 3761 2083 3834 supplica-

440 3857 651 3924 tiones,
674 3856 996 3930 gratiarum
1027 3856 1282 3911 actiones
1312 3854 1721 3923 orationesque
1753 3852 2085 3923 frequentes

440 3962 545 4018 pro
574 3944 842 4018 imperio,
876 3961 979 4017 pro
1012 3942 1475 4016 magistratibus,
1508 3958 1611 4014 pro
1643 3941 1856 4013 seipsis
1893 3944 1951 3995 et
1979 3955 2082 4011 pro

441 4037 559 4090 toto
607 4033 849 4104 mundo,
899 4037 963 4087 ut
1008 4048 1114 4103 par
1158 4036 1266 4099 est,
1324 4031 1539 4097 edant;
1589 4035 1657 4085 ut
1699 4026 2083 4099 tranquillam

440 4126 682 4195 agentes
727 4122 928 4191 vitam,
963 4121 1154 4177 instar
1183 4117 1403 4192 speculi
1437 4116 1710 4173 fidelibus
1749 4116 2082 4181 exhibeant,

440 4228 557 4284 quo
586 4212 714 4267 vitae
744 4210 1016 4266 instituto
1047 4225 1195 4281 opus
1226 4212 1316 4264 est
1344 4207 1439 4276 iis,
1465 4206 1568 4278 qui
1598 4223 1660 4262 se
1688 4222 1841 4273 vero,
1873 4203 2084 4260 viventi

440 4306 499 4356 et
528 4301 636 4357 uni
663 4304 778 4356 Deo
808 4298 1024 4355 servire
1053 4297 1415 4371 gloriantur;
1447 4301 1621 4366 atque
1646 4293 1916 4365 equitate
1945 4309 2081 4348 con-

439 4389 665 4445 decenti
693 4386 1093 4444 Christianum
1137 4390 1348 4442 ccetum
1376 4385 1448 4440 ad
1477 4384 1697 4439 bonum
1729 4398 1901 4438 omne
1948 4397 2083 4453 ope-

438 4493 572 4534 rum
620 4475 885 4549 exemplo
929 4473 1301 4547 compellant.
1332 4473 1573 4543 Verum,
1622 4472 1681 4526 in
1714 4470 1827 4538 his,
1878 4486 1980 4525 ceu
2022 4470 2082 4523 in

435 4566 940 4634 vinea,subortum
971 4565 1187 4620 rubum
1219 4579 1348 4619 esse
1378 4561 1749 4618 audivimus:
1784 4574 2083 4630 unumque

437 4669 508 4711 ex
535 4655 732 4727 magni
759 4654 1074 4710 Salvatoris
1103 4652 1318 4708 Christi
1350 4648 1656 4722 discipulis
1687 4649 1930 4721 profana
1949 4664 2082 4718 qua-

439 4743 574 4798 dam
622 4743 1002 4800 subversione
1050 4746 1108 4797 et
1156 4746 1317 4797 torva
1367 4739 1672 4809 sententia,
1728 4737 2081 4810 proditorem

440 4831 659 4887 factum
688 4847 817 4888 esse
845 4833 1273 4903 comperimus;
1305 4829 1561 4885 Joannes
1591 4828 1811 4883 scilicet
1840 4826 2081 4899 quidam

441 4918 550 4974 hoc
596 4923 876 4991 tempore,
908 4921 1140 4993 Drimys
1170 4918 1537 4991 cognomine,
1568 4933 1629 4972 se
1676 4931 1860 4972 unum
1890 4931 1958 4970 ex
1989 4931 2081 4970 sa-

2202 2348 2396 2423 βότρυς
2424 2350 2661 2423 περκάζῃ
2692 2347 2873 2418 ἀξίους
2902 2347 2991 2401 καὶ
3023 2346 3257 2422 πλήρεις
3285 2351 3394 2402 τῶν
3427 2348 3585 2403 θείων
3635 2348 3849 2419 ληνῶν,

2196 2436 2283 2513 ἀφ’
2323 2437 2518 2505 ἑαυτῆς
2554 2436 2852 2514 ὀμφακίζον
2886 2436 3022 2490 ἅπαν
3063 2434 3529 2511 ἀπορῥαπίζουσα,
3561 2437 3639 2500 ὡς
3681 2442 3851 2493 τοῦτο

2195 2526 2474 2581 κάντεῦθεν
2551 2525 2826 2598 εἰσόμεθα.
2876 2530 3001 2594 Τῆςς
3047 2526 3152 2601 γὰρ
3228 2530 3463 2600 Χριστοῦ
3512 2525 3849 2597 Ἑκκλησίας

2195 2613 2286 2668 σὺν
2333 2619 2451 2676 ταῖς
2500 2612 2722 2676 λοιπαῖς
2765 2618 2967 2678 θεϊκαῖς
3024 2610 3251 2689 δωρεαῖς
3311 2610 3849 2687 ἐπιδαψιλευομὲνης

2194 2702 2523 2776 ἀνθρώποις,
2584 2702 2644 2757 ἐκ
2711 2700 2883 2773 δεξιᾶς
2961 2703 3369 2778 ἀρχιερατικῆς,
3426 2703 3517 2757 καὶ
3580 2704 3642 2758 τὸ
3703 2702 3849 2780 μέγα

2192 2792 2342 2846 τουτὶ
2400 2792 2490 2846 καὶ
2533 2794 2871 2867 πανάγαστον
2920 2798 3022 2859 τῆς
3090 2791 3387 2867 ἱερωσύνης
3440 2790 3677 2864 ἀξίωμα,
3734 2793 3858 2846 οἷσ-

2192 2901 2329 2935 τισιν
2390 2878 2585 2956 ὀφειλὴ
2634 2881 2697 2934 τὸ
2753 2880 2984 2955 πρώτως
3044 2876 3349 2955 ὀρθοδοξεῖν
3410 2878 3486 2941 εἷς
3543 2880 3695 2949 Θεὸν,
3753 2881 3850 2935 καὶ

2194 2967 2424 3041 αἳματος
2481 2970 2680 3045 μὲχρις
2739 2965 3171 3039 διεκδικεῖν,ὅσα
3229 2966 3388 3045 φίλον
3431 2967 3599 3041 αὐτῷ,
3627 2968 3717 3023 καὶ
3775 2966 3848 3037 δὴ

2193 3057 2283 3112 καὶ
2310 3063 2593 3131 τηρεῖσθαι
2643 3056 2867 3118 πιστοὺς
2921 3061 3039 3118 τοῖς
3094 3055 3378 3132 θεόφροσιν
3432 3054 3852 3133 αὐτοκράτορσι,

2193 3146 2283 3201 καὶ
2344 3140 2590 3207 εὐλαϐῶς
2650 3145 2738 3200 καὶ
2796 3143 3223 3221 πεφυλαγμένως
3275 3142 3586 3219 δικαιοσύνῃ
3615 3144 3855 3201 καίσω-

2194 3233 2433 3310 φροσύνῃ
2477 3234 2566 3288 καὶ
2622 3232 2855 3304 ἀληθείᾳ
2916 3232 3178 3307 βιοτεύειν
3217 3232 3535 3309 ἐπείγεσθαι,
3568 3235 3644 3299 ὡς
3699 3231 3853 3310 ἔργῳ

2192 3323 2284 3375 καὶ
2341 3320 2497 3396 λόγῳ
2546 3321 2707 3376 παντὶ
2764 3321 2842 3383 είς
2896 3318 3172 3393 παίδευμα
3200 3322 3404 3376 κεῖσθαι
3444 3322 3709 3397 χρηστόν.
3742 3324 3849 3377 Καὶ

2194 3408 2327 3470 ἅλας
2365 3410 2456 3464 καὶ
2506 3414 2620 3488 φῶς
2668 3411 2957 3486 τυγχάνειν
3006 3414 3087 3481 τῷ
3140 3408 3322 3483 λοιπῷ
3376 3408 3516 3483 λαῷ,
3544 3411 3635 3466 καὶ
3697 3409 3855 3484 μάλα

2193 3499 2300 3573 πρὸ
2355 3504 2462 3553 τῶν
2498 3497 2707 3554 λοιπῶν
2742 3499 2805 3553 τὸ
2838 3496 3023 3553 εὔνουν
3077 3497 3384 3563 ὑποτιθέναι
3439 3503 3509 3573 τῇ
3573 3498 3848 3574 βαστλείᾳ,

2194 3587 2268 3648 ὡς
2301 3585 2455 3664 ἔφην,
2485 3594 2672 3663 τηρεῖν
2732 3592 2850 3649 τοῖς
2884 3585 3057 3659 λαοῖς,
3091 3587 3165 3649 ὡς
3225 3582 3539 3644 ἐπιϐλέπειν
3595 3586 3851 3660 λελαλη-

2194 3669 2351 3736 κότος
2390 3680 2489 3730 τοῦ
2539 3682 2640 3745 τῆς
2700 3675 2924 3751 εἰρήνης
2977 3679 3131 3749 Θεοῦ,
3164 3676 3354 3752 πραέσι
3414 3679 3504 3732 καὶ
3559 3678 3850 3747 πειθηνίαν

2195 3763 2406 3838 ἂν(εἰσ)
2447 3765 2537 3819 καὶ
2594 3770 2828 3826 πιστοῖς⁸
2892 3762 3104 3836 δεήσεις
3160 3763 3227 3819 αὗ
3282 3766 3374 3821 καὶ
3436 3764 3697 3837 ἐντεύξεις
3755 3768 3847 3823 εὖ-

2191 3852 2476 3927 χαριστίας
2534 3854 2624 3907 καὶ
2681 3855 2994 3929 προσευχάς
3047 3854 3249 3915 πυκνὰς
3322 3854 3523 3917 αὐτοὺς
3585 3858 3855 3928 ποιουμέ-

2189 3962 2316 4003 νους
2365 3940 2760 4018 δφειλομὲνως,
2792 3942 2924 4018 ὑπὲρ
2976 3962 3038 4016 γε
3086 3949 3189 4012 τῆς
3247 3940 3524 4017 βασιλείας
3576 3945 3668 3999 καὶ
3723 3948 3838 4000 τῶν

2192 4030 2245 4085 ἐν
2292 4029 2439 4086 τὲλει
2496 4031 2586 4085 καὶ
2646 4030 2871 4101 ἑαυτῶν,
2931 4029 3021 4084 καί
3078 4035 3176 4086 τοῦ
3228 4029 3437 4103 κόσμου
3493 4033 3718 4104 παντὸς,
3768 4033 3855 4096 ὡς

2192 4118 2252 4174 ἂν
2297 4119 2348 4174 ἐν
2408 4120 2604 4192 ἠρὲμῳ
2662 4118 2859 4174 ἐκεῖθεν
2923 4120 3038 4191 ζωῇ
3093 4116 3252 4188 δίκην
3303 4118 3569 4196 ἐσόπτρου
3623 4120 3851 4183 πιστοὺς

2194 4208 2581 4286 ὑπεμφαίνοιεν
2636 4208 2829 4269 ὁποίας
2890 4205 3003 4263 δὲοι
3057 4208 3400 4286 ἀναστροφῆς
3455 4214 3573 4271 τοῖς
3613 4208 3850 4285 αύχοῦσι

2193 4294 2470 4372 λατρεύειν
2524 4301 2605 4369 τῷ
2661 4295 2856 4367 ἀληθεῖ
2910 4296 3001 4351 καὶ
3060 4300 3215 4366 ζῶντι
3272 4297 3362 4351 καὶ
3408 4297 3559 4371 μόνῳ
3587 4302 3724 4370 Θεῷ,
3757 4300 3853 4353 καῖ

2191 4384 2455 4456 ἐπιεικείᾳ
2530 4391 2896 4460 σεμνοπρεπεῖ
2966 4385 3030 4441 τὸ
3114 4387 3505 4460 Χριστώνυμον
3568 4386 3853 4462 σύνταγμα

2192 4474 2269 4536 εἷς
2302 4479 2404 4529 πᾶν
2440 4474 2637 4549 ἀγαθὸν
2670 4473 2722 4544 ἐξ
2752 4476 2826 4528 ὧν
2873 4473 3177 4549 ἐνεργοῦσιν
3238 4473 3389 4529 αὐτοὶ
3448 4473 3850 4534 συνελαύνομεν.

2189 4561 2363 4620 Ἀλλά
2416 4584 2477 4637 γε
2532 4564 2628 4618 κάν
2678 4562 2892 4625 τούτοις
2917 4564 2991 4624 ὡς
3020 4562 3072 4618 ἐν
3101 4561 3337 4636 ἀμπέλῳ
3394 4562 3616 4642 φύεσθαι
3679 4564 3849 4637 βάτον

2192 4651 2521 4725 ἠκούσαμεν,
2554 4652 2643 4707 καὶ
2673 4649 2767 4707 ἕνα
2796 4649 3070 4729 προδότην
3118 4656 3226 4707 τῶν
3273 4655 3372 4707 τοῦ
3420 4652 3666 4729 μεγάλου
3724 4658 3850 4707 Σω-

2187 4748 2356 4814 τῆρος
2409 4745 2643 4813 Χριστοῦ
2706 4742 2963 4815 μαθητῶν
3023 4736 3250 4816 βεϐήλῳ
3469 4739 3847 4817 τεγηνημινον

2193 4826 2346 4902 ἴσμεν
2401 4833 2751 4905 παρατροπῇ,
2802 4830 2998 4904 γνώμῃ
3042 4829 3148 4883 τινὶ
3197 4829 3564 4904 σκαιοτρόπῳ.
3616 4829 3714 4886 Καί
3760 4850 3852 4894 τις

2191 4919 2447 4989 Ἰωάννης
2477 4922 2636 4973 τανῦν
2670 4917 2878 4994 Δριμὺς
2905 4919 2967 4973 τὸ
2998 4916 3262 4991 ἐπίθετον,
3291 4921 3390 4973 τοῦ
3451 4919 3701 4994 βήματος
3750 4916 3848 4975 ἕνα

441 5006 716 5062 cerdotali
762 5008 964 5064 ordine
992 5025 1120 5065 esse
1168 5009 1491 5081 professus,
1526 5021 1801 5078 magnam
1847 5002 2082 5060 malitias

2199 5012 2622 5083 προσμαρτυρῶν
2715 4993 2900 5063 ἑαυτὸν
2985 5008 3179 5070 κακίας
3263 4993 3522 5062 ἐκϐλύσαι
3609 5006 3844 5084 ἐξήχθη,

440 5094 559 5150 vim
590 5094 886 5168 elfudit,ac
918 5095 1247 5169 reipublicae
1280 5095 1543 5151 ﬁdelium
1575 5092 1962 5166 perniciosam
1990 5109 2002 5146 :
2027 5096 2085 5147 et

440 5183 562 5240 haec
609 5200 776 5240 sacro
807 5186 1129 5257 presbyteri
1161 5186 1398 5241 nomine
1442 5182 1768 5239 occultatus
1816 5180 2085 5236 callidius

442 5287 757 5346 aggressus
787 5277 912 5329 est:
948 5290 1013 5329 ac
1044 5274 1093 5329 si
1124 5273 1257 5346 quis
1287 5273 1409 5329 ovis
1440 5271 1591 5345 pelle
1618 5270 1824 5343 lupum
1852 5271 2084 5341 obtege-

439 5367 546 5417 ret.
579 5361 785 5418 Nescio
815 5362 1031 5433 quibus
1080 5379 1153 5417 ex
1184 5361 1477 5418 barathris
1508 5365 1565 5417 et
1592 5360 1777 5416 triviis
1821 5375 2087 5415 emersus

441 5451 514 5506 ad
567 5453 982 5507 maturandam
1015 5450 1128 5507 sibi
1174 5450 1468 5523 pernicem
1517 5450 1833 5522 prodierit;
1868 5449 1919 5505 is
1949 5465 2084 5504 cum

442 5540 649 5597 multis
691 5540 803 5596 sibi
849 5540 1310 5612 obsequentibus
1355 5539 1493 5595 ﬁliis
1542 5539 1905 5611 perditionis,
1937 5555 2087 5610 quos

440 5628 565 5686 haec
595 5629 823 5685 occasio
873 5628 1163 5703 patefecit,
1195 5628 1415 5700 regiam
1463 5627 1633 5700 quasi
1663 5628 1870 5702 rubigo
1917 5627 2084 5697 adiit,

441 5717 513 5782 ad
542 5716 915 5795 imperatoris
958 5721 1335 5794 conspectum
1383 5716 1561 5788 venit,
1593 5733 1627 5775 a
1655 5732 1771 5792 quo
1812 5716 2080 5793 benigne,

2190 5094 2334 5150 πολὺ
2388 5096 2451 5150 τὸ
2510 5093 2676 5173 δριμὺ
2735 5096 2824 5151 καὶ
2882 5095 3063 5166 ἐπίζον
3097 5098 3216 5171 (sic)
3242 5099 3312 5170 τῇ
3353 5096 3605 5168 πολιτείᾳ
3633 5101 3844 5153 πιστῶν

2191 5185 2281 5239 καὶ
2317 5183 2584 5261 ὀλέθριονσ
2612 5184 2702 5239 καὶ
2759 5189 2930 5240 ταῦτα
2985 5184 3181 5256 κλήσει
3236 5185 3308 5256 τῇ
3350 5186 3470 5261 ἱερᾷ
3500 5185 3851 5262 ὑποκρυπτό-

2198 5293 2358 5345 μενος
2413 5269 2870 5350 πανουργόθιτερον⁸
2903 5273 2977 5336 ὡς
3040 5274 3098 5328 ἂν
3156 5294 3239 5335 τις
3298 5270 3485 5347 κωδίῳ
3538 5275 3627 5329 καὶ
3674 5272 3844 5330 λύκον

2191 5360 2627 5437 περικκλύψειεν,
2662 5362 2762 5418 οὐκ
2790 5359 2913 5417 οἶδα
2958 5361 3020 5417 ἐκ
3065 5362 3239 5417 ποίων
3302 5363 3586 5438 βαράθρων
3640 5383 3700 5418 τε
3752 5363 3846 5419 καὶ

2191 5447 2424 5526 τριόδων
2459 5451 2751 5513 ἀνασωθεὶς
2807 5452 2913 5525 πρὸ
2971 5454 3166 5526 καιροῦ
3223 5449 3303 5505 ἐπ’
3328 5448 3577 5523 ἀπωλείᾳ
3617 5455 3687 5525 τῇ
3718 5451 3845 5506 ἑαυ-

2190 5543 2308 5595 τοῦ.
2345 5540 2444 5594 Καὶ
2476 5539 2637 5603 ὅσους
2694 5539 2845 5602 υἱοὺς
2885 5537 3162 5602 ἀπωλείας
3214 5539 3301 5594 καὶ
3349 5539 3531 5614 τούτῳ
3585 5560 3847 5597 καταπει-

2192 5629 2302 5691 θεῖς
2361 5625 2616 5699 ἐπίδειξεν
2652 5629 2892 5702 ὁκαιρὸς
2948 5629 3046 5697 τήν
3102 5625 3360 5705 βασιλίδα
3409 5623 3841 5704 καταλαμϐάνει,

2195 5719 2283 5778 οἷά
2334 5737 2420 5783 τις
2475 5713 2836 5800 ἑρυσίϐη,καὶ
2893 5714 3108 5801 βασιλεῖ
3162 5721 3241 5794 τῷ
3298 5716 3438 5799 ἁγίῳ
3498 5716 3843 5803 ἐμφανισθεὶς
