4110 6406
234 427 353 492 485

1723 416 2153 489 EPIS’I‘OLE.

3521 417 3641 491 486

232 559 320 617 καὶ
351 557 674 637 εἴσδεχθεὶς,
723 550 928 631 δεξιῶς,
980 557 1053 620 ὡς
1084 553 1240 627 δῆθεν
1292 556 1427 612 εἶναι
1469 561 1577 611 τῶν
1611 550 1880 625 εὐλαϐὦν,

2002 558 2162 630 quasi
2213 557 2433 613 scilicet
2461 574 2531 614 ex
2587 558 2817 630 piorum
2849 573 3092 616 numero
3143 563 3317 631 esset,
3350 576 3485 617 cum
3534 562 3639 619 ho-

230 651 319 704 καὶ
378 646 768 728 φιλοτιμηθεὶς
826 647 958 724 ὑπὲρ
1010 647 1113 715 τὴν
1168 646 1339 718 ἀξίαν.
1401 646 1493 701 Διὸ
1553 645 1883 722 ἐπεφήμιζεν

232 739 407 810 ἑαυτῷ
452 735 761 813 ἱερωσύνης
805 736 960 810 οἶμαι
1011 734 1241 809 ἀξίωμα,
1288 732 1466 792 ἕλκειν
1526 735 1888 807 σκεπτόμενος

236 826 326 882 διὰ
351 824 552 883 τούτου
598 823 821 895 πολλὴν
868 825 1005 901 πρὸς
1034 823 1193 880 αὐτὸν
1223 824 1323 893 τὴν
1364 821 1666 900 ἀναδοχήν,
1698 821 1888 878 εἰωθό-

232 934 327 979 τος
389 918 556 989 τιμξᾷν
608 913 678 970 τὰ
732 915 868 984 θεῖα,
924 914 1015 969 καὶ
1068 914 1203 977 τοὺς
1254 917 1356 968 τοῦ
1412 916 1566 982 Θεού,
1622 908 1888 987 μεγάλαις

235 1001 537 1081 ὼαδοχαῖς
586 1003 678 1059 καὶ
735 1001 1044 1079 βασιλικαῖς
1095 1005 1194 1057 τοῦ
1252 999 1403 1078 ἁγίου
1465 1021 1572 1075 μου
1630 999 1889 1076 αὐτοκρά-

231 1110 399 1167 τορος
440 1090 549 1147 ἀπό
587 1110 654 1166 γε
700 1087 982 1168 φιλοθείας
1028 1088 1118 1145 καὶ
1167 1083 1433 1150 εὐσεϐείας
1479 1088 1568 1143 καὶ
1626 1082 1890 1148 εὐλαϐοῦς

233 1183 325 1237 καὶ
373 1180 590 1257 ἡμέρας
633 1181 843 1256 ψυχῆς,
894 1179 969 1241 ὡς
1016 1175 1078 1233 οὔ
1125 1197 1259 1233 ποτε
1302 1181 1412 1233 τῶν
1440 1176 1689 1232 ἀνέκαθεν
1735 1177 1887 1252 βασι-

237 1270 376 1327 λὲων
407 1268 571 1342 ἄλλῳ
614 1267 724 1324 τινὶ
772 1268 825 1324 ἐν
869 1273 986 1330 τοῖς
1033 1266 1221 1329 θείοις·
1271 1266 1369 1322 κᾶν
1415 1265 1596 1338 τούτῳ
1632 1267 1696 1321 τὸ
1726 1264 1888 1321 εὐλα-

240 1354 331 1421 ϐὲς
393 1355 854 1435 μεμαρτύρηται·
915 1356 989 1419 ὡς
1055 1360 1217 1411 τοῦτο
1290 1354 1487 1411 τούτου
1560 1360 1640 1428 τῷ
1705 1355 1890 1432 κράτει

237 1447 712 1525 πεφιλοφρόνηται
780 1440 1061 1522 ὑπερϐολῇ
1128 1444 1527 1521 καλοκαγαθίας
1601 1445 1693 1500 καὶ
1748 1445 1889 1517 ἡμε-

241 1537 497 1614 ρότητος,
540 1535 619 1599 ὡς
660 1534 755 1590 ἵνα
799 1535 896 1591 γάν
938 1534 1119 1607 τούτῳ
1165 1531 1403 1606 συνᾴδων
1439 1532 1522 1604 εἴη
1552 1538 1631 1606 τῷ
1664 1531 1890 1608 μεγάλῳ

241 1623 425 1682 Δαυΐδ’
461 1648 492 1675 ‹‹
541 1623 672 1679 Δίαν
723 1623 849 1697 ἐμοὶ
898 1624 927 1678 ὁ
975 1624 1125 1694 Θεὸς,
1179 1624 1232 1678 οἱ
1272 1621 1425 1700 φίλοι
1474 1643 1570 1677 σου
1628 1621 1892 1695 ἐτιμήθη-

239 1732 355 1769 σαν.
390 1739 417 1766 n
455 1712 616 1769 Ἀλλ’
644 1709 690 1767 ὣ
719 1715 905 1788 ψυχῆς
950 1710 1305 1787 ἀναισχύντου
1351 1712 1439 1766 καὶ
1487 1711 1662 1782 πάντη
1696 1712 1887 1773 σκιᾶςί

242 1803 355 1859 ἀντὶ
413 1803 518 1878 γὰρ
593 1798 924 1880 ὀφειλούσης
1002 1799 1426 1876 εὐγνωμοσύνης
1499 1803 1568 1873 τῇ
1627 1799 1888 1871 εὐποιία,

242 1892 295 1963 ἒξ
322 1894 392 1961 ἧς
421 1890 513 1946 καὶ
560 1892 729 1965 θῆρας
777 1887 931 1962 ἴσμεν
978 1883 1432 1963 μεταϐεϐλῆσθαι,
1482 1888 1575 1943 τὸν
1622 1889 1764 1943 θεῖον
1797 1888 1891 1966 φό-

242 1979 337 2036 ϐον
391 1980 486 2035 καὶ
516 1977 713 2055 ὅρκους
751 1976 1126 2055 ἀποῤῥαπίσας
1172 1978 1261 2055 ἀφ’
1306 1977 1496 2032 ἑαυτοῦ
1524 1977 1553 2031 ὁ
1602 1976 1724 2031 λίαν
1774 1974 1889 2049 δρι-

245 2069 349 2142 μὺς
388 2067 481 2124 καί
539 2065 884 2139 δυσθάνατος,
932 2066 1021 2121 καὶ
1072 2066 1299 2141 ὁμοίους
1348 2064 1495 2138 αὐτῷ
1550 2085 1891 2142 προσεταιρι-

241 2160 473 2232 σάμενος
521 2154 660 2212 κατά
704 2177 763 2211 τε
807 2163 907 2226 τῆς
954 2156 1198 2230 ποίμνης
1244 2160 1497 2231 Χριστοῦ,
1525 2157 1663 2210 κατά
1704 2176 1764 2210 τε
1791 2162 1891 2225 τῆς

242 2245 570 2317 Ἐκκλησίας
644 2246 735 2301 καὶ
791 2244 889 2300 τοῦ
947 2247 1264 2320 θεοστεφοῦς
1319 2242 1717 2320 αὐτοκράτορος
1775 2244 1841 2321 ῥᾳ
1870 2278 1892 2289 -

243 2332 492 2409 ψώδημα
528 2331 701 2389 δόλου
744 2333 832 2388 καὶ
881 2330 1194 2409 τυραννίδος
1244 2334 1584 2407 συνθέμενος.
1634 2338 1744 2389 Φεῦ
1790 2341 1890 2404 τῆς

242 2422 608 2501 ἔρεσχελίαςί
661 2424 688 2477 ὁ
745 2422 932 2487 ἄθλιος
989 2422 1257 2498 ἀπσγονος
1314 2423 1448 2478 εἶναι
1501 2427 1610 2479 τῶν
1669 2424 1892 2480 πώποτε

245 2509 712 2589 βεϐασιλευκότων
784 2512 930 2574 τινός
962 2531 974 2545 ·
1027 2512 1086 2567 ὃν
1157 2509 1285 2567 οὑδὲ
1338 2513 1707 2588 γεννηθῆναι,
1767 2509 1893 2567 οὐδὲ

241 2602 385 2679 παρά
433 2622 585 2664 τινος
634 2602 887 2671 θεαθῆναι
961 2602 997 2670 ἢ
1049 2600 1372 2671 ἀκουσθῆναι
1428 2606 1549 2663 ταῖς
1608 2601 1891 2672 ἀληθείαις

244 2691 332 2747 καὶ
366 2693 537 2766 μέχρι
568 2692 807 2767 σήμερον
864 2691 1144 2766 ἄνθρωπος
1190 2689 1464 2760 ἡνωτίσθη
1510 2694 1715 2752 ποσῶς.
1747 2692 1890 2765 Τρα-

243 2780 480 2858 γὲλαφος
509 2778 666 2853 οἶμαί
708 2800 793 2842 τις
841 2778 1226 2851 ἀνυπόστατος,
1276 2779 1313 2848 ἢ
1365 2780 1505 2834 καθά
1553 2799 1655 2834 που
1700 2780 1768 2833 τὰ
1798 2778 1891 2834 λό-

244 2886 352 2945 για,
389 2892 417 2921 ‹‹
447 2872 574 2924 "Ore
622 2870 658 2937 ἡ
712 2865 950 2932 θάλασσα
1000 2866 1280 2941 ἐμαιοῦτο,
1333 2867 1395 2921 σὺ
1441 2867 1709 2942 ἐτήρησας
1766 2887 1893 2942 τρα-

243 2956 499 3035 γελάφων
564 2955 823 3019 τοκετοὺς
893 2956 1167 3026 ἀκηκοώς.
1228 2980 1256 3008 ››
1316 2957 1498 3011 Ἔνθεν
1557 2950 1894 3033 πρεσϐύτερα

251 3048 324 3118 μή
387 3045 563 3102 ὀκνεῖν
619 3043 1026 3121 διακηρυκεύειν
1084 3044 1215 3121 ὑπὲρ
1275 3044 1440 3100 αὐτοῦ
1495 3045 1585 3100 καὶ
1639 3044 1889 3119 μείζονα,

246 3134 486 3210 γέλωτος
517 3131 813 3207 κωμῳδίαν
866 3132 1011 3205 ἀξίαν
1038 3134 1072 3204 ἢ
1110 3131 1323 3208 μᾶλλον
1374 3130 1618 3210 δακρύων
1667 3132 1894 3189 πολλῶν

250 3224 422 3296 ἑαυτῷ
470 3221 976 3299 καταχαριζόμενος
1010 3264 1025 3290 ,
1099 3221 1190 3277 καὶ
1262 3226 1379 3284 τοῖς
1454 3220 1766 3298 προχείρως
1835 3221 1895 3278 ἐκ

249 3313 559 3389 μοχθηρίας
638 3315 860 3367 τοιαῦτα
931 3310 1241 3366 πιστεύουσι
1330 3311 1420 3366 καὶ
1492 3311 1839 3387 κρατύνουσιν
1876 3357 1888 3370 .
1923 3294 1967 3360 C

244 3404 395 3457 Ὅθεν
442 3402 533 3457 καὶ
594 3399 809 3475 μᾶλλον
866 3398 1271 3477 μυρμηκολέων
1330 3399 1521 3476 εὐρέθη
1578 3400 1745 3463 κακὸς
1799 3422 1894 3456 κα-

242 3496 348 3554 κῶς
397 3489 763 3564 ὀλεσκόμενος
815 3490 1107 3566 ἀποτυχὼν
1152 3490 1253 3556 τῆς
1305 3490 1490 3563 βορᾶς,
1520 3489 1581 3551 ’ὸς
1617 3491 1729 3562 μετ’
1762 3488 1896 3544 ὲκεί-

243 3600 337 3635 νου
384 3584 484 3634 τοῦ
538 3580 705 3634 θεῖναι
753 3583 868 3639 τοῖς
914 3579 1131 3654 ἄστροις
1187 3577 1277 3632 τὸν
1337 3576 1522 3654 θρόνον
1583 3578 1897 3655 βατταρίσαι

241 3665 654 3742 τετολμηκότος
700 3666 768 3721 τὰ
812 3669 1036 3721 τοιαῦτα
1084 3666 1509 3743 προσονειρῶξαι
1560 3665 1659 3721 οὐκ
1697 3662 1894 3744 ἔφριξε,

249 3759 368 3831 μεθ’
427 3756 490 3811 οὗ
566 3755 655 3810 καὶ
713 3756 1142 3829 συνηριθμῆσθαι
1215 3754 1305 3809 καὶ
1380 3755 1733 3831 συντετάχθαι
1809 3753 1898 3811 διὰ

244 3849 345 3917 τήν
379 3845 638 3920 μίμησιν,
688 3843 765 3907 ὡς
813 3842 865 3914 ἐξ
916 3844 990 3898 ὧν
1041 3844 1325 3920 εἶ’ργάσατο
1356 3840 1756 3902 ἀποδείκνυται.
1789 3845 1895 3899 Κά-

246 3937 419 3991 κεῖθεν
491 3934 761 4013 ὃμόφροσι
817 3932 996 4006 τούτῳ
1038 3932 1146 3987 τισὶ
1190 3933 1258 3987 τὰ
1305 3935 1403 4002 τῆς
1461 3929 1674 4003 πλάνης
1732 3932 1896 3989 αὐτοῦ

243 4023 333 4079 καί
389 4023 718 4085 ἀποστασίας
766 4020 1278 4095 καταπιστεύσαντα,
1337 4020 1427 4076 καὶ
1480 4019 1669 4083 ἀκοαῖς
1724 4042 1896 4093 πονη-

247 4118 367 4190 ραῖς
426 4111 628 4187 λόγους
678 4107 1067 4183 διακομίσοντα
1111 4108 1408 4185 πονηροὺς,
1458 4111 1525 4164 τὰ
1576 4109 1740 4165 αὐτοῦ
1775 4109 1897 4186 βδε-

248 4201 390 4275 λυρά
433 4201 827 4274 σκαιωρήματα
870 4197 922 4254 ἐν
971 4203 1040 4273 τῇ
1070 4197 1229 4254 πόλει
1278 4199 1367 4254 καὶ
1414 4203 1581 4254 ταῦτα
1619 4203 1717 4254 τοῦ
1764 4201 1894 4276 κρά-

243 4311 371 4353 τους
425 4288 703 4365 ἒνσπείρας
752 4288 780 4344 ὁ
828 4285 1064 4351 δείλαιος
1115 4285 1421 4364 συμμορίαν
1483 4292 1718 4343 ποιεῖται
1766 4287 1894 4344 ἐπά-

246 4398 432 4454 ρατον·
492 4380 549 4432 οἴ
600 4377 692 4433 καὶ
753 4377 921 4450 μήπω
978 4373 1248 4453 διακορεῖς
1317 4380 1386 4449 τῇ
1445 4375 1676 4450 τοσαύτῃ
1736 4377 1899 4450 μανίᾳ

245 4468 559 4543 γενόμενοι,
592 4464 669 4522 ἔτι
702 4463 987 4528 ὠδίνοντες
1031 4466 1099 4520 τὰ
1143 4464 1300 4534 κακὰ,
1336 4468 1434 4519 τοῦ
1488 4464 1643 4537 μόνοι
1676 4464 1898 4522 ἐνταῦθα

245 4556 445 4629 λυττᾷν
520 4557 638 4629 μεθ’
702 4556 775 4610 ὧν
852 4554 1190 4628 ᾠκειώσαντο
1241 4554 1431 4630 μικρὸν
1493 4553 1894 4629 λογιζόμενοι,

1994 662 2134 702 nore
2163 651 2370 718 praeter
2415 646 2689 703 meritum
2721 652 2998 719 exceptus
3028 653 3135 703 est.
3166 648 3389 705 Nomen
3440 655 3639 707 autem

1995 736 2322 804 sacerdotii,
2357 740 2423 791 ut
2450 735 2998 804 estimo,simulavit
3024 761 3038 805 ;
3063 752 3337 809 magnam
3366 738 3478 795 sibi
3502 740 3643 796 inde

1995 822 2338 896 dignitatem
2361 823 2668 880 conciliare
2699 825 2944 881 studens
2969 827 3124 898 apud
3157 842 3292 883 eum
3323 828 3425 900 qui
3448 828 3645 885 divina

1996 915 2053 968 et
2100 912 2196 967 Dei
2230 912 2497 968 homines
2551 912 2836 969 honorare
2873 914 3173 971 consuevit
3192 933 3216 981 ;
3246 917 3497 988 magnis,
3550 918 3642 974 in-

1997 1016 2196 1073 quam,
2229 1005 2285 1057 et
2336 1001 2515 1074 regiis
2545 1002 2924 1058 observantiae
2973 1002 3497 1076 significationibus
3538 1006 3641 1063 ad-

1997 1089 2215 1146 missus
2247 1106 2281 1145 a
2310 1094 2511 1146 sancto
2543 1092 2893 1163 imperatore
2924 1106 3072 1161 meo,
3102 1109 3205 1164 pro
3234 1092 3413 1150 insita
3443 1096 3641 1152 animo

1996 1180 2126 1248 ejus
2154 1177 2677 1251 religione,pietate
2708 1195 2774 1233 ac
2802 1197 2869 1236 ea
2900 1197 3017 1252 qua
3047 1182 3324 1252 praeditus
3352 1188 3443 1240 est
3472 1201 3643 1241 man—

1998 1267 2347 1335 suetudine;
2377 1267 2458 1323 ita
2505 1271 2568 1322 ut
2606 1267 2752 1323 nulli
2799 1268 3045 1325 antehac
3096 1272 3474 1341 quantumvis
3521 1274 3638 1345 pio,

1996 1360 2227 1412 tantum
2257 1355 2666 1412 benevolentia:
2697 1374 2729 1412 a
2760 1358 3159 1428 superioribus
3189 1359 3644 1432 imperatoribus

1997 1444 2319 1500 exhibitum
2370 1444 2580 1512 fuerit;
2615 1461 2732 1517 qua
2777 1445 3041 1502 etiamin
3094 1464 3154 1502 re
3185 1449 3313 1520 ejus
3361 1451 3638 1522 pietatem

1998 1533 2298 1590 testiﬁcari
2328 1533 2532 1589 liceat:
2565 1533 2645 1588 ibi
2675 1534 2852 1590 etiam
2881 1535 3190 1607 probitatis
3221 1542 3278 1593 et
3308 1544 3619 1597 mansueto

1999 1621 2155 1678 dinis
2206 1621 2672 1695 magnitudinem
2703 1623 3159 1693 demonstravit;
3192 1624 3275 1681 ita
3303 1631 3368 1683 ut
3395 1644 3462 1683 ea
3490 1628 3549 1684 in
3581 1645 3643 1686 re

2000 1727 2213 1783 magno
2237 1710 2437 1767 Davidi
2469 1710 2702 1780 similis,
2733 1711 2925 1768 dicere
2956 1713 3142 1785 possit
3171 1719 3234 1769 ut
3264 1713 3359 1771 ille
3391 1733 3404 1771 :
3441 1739 3462 1767 ι
3498 1717 3642 1774 Mihi

2000 1800 2178 1857 nimis
2225 1800 2489 1856 honorati
2520 1805 2661 1856 sunt
2689 1801 2862 1857 a'mici
2890 1801 2978 1857 tui
3016 1802 3193 1859 Deus.
3224 1826 3253 1855 »
3286 1804 3420 1877 Sed,
3454 1822 3487 1862 o
3517 1807 3641 1863 ani-

2001 1905 2159 1945 mam
2192 1889 2591 1961 impudentem
2623 1895 2680 1945 et
2707 1891 3076 1947 tenebrosam
3105 1892 3119 1948 l
3150 1893 3295 1949 Nam
3315 1910 3418 1966 pro
3450 1896 3647 1953 debita

2000 1979 2182 2034 tantis
2210 1977 2510 2034 beneficiis
2541 1979 2690 2050 grati
2717 1980 2895 2034 animi
2937 1979 3382 2052 signiﬁcatione,
3415 1999 3550 2040 eum
3579 1985 3640 2041 in

1999 2068 2129 2122 ferae
2175 2073 2443 2122 naturam
2473 2084 2704 2123 versum
2753 2069 3167 2141 conspicimus,
3199 2075 3257 2125 et
3284 2071 3386 2127 Dei
3432 2072 3642 2130 timore

2001 2172 2067 2211 ac
2108 2157 2460 2226 juramentis
2491 2156 2840 2229 posthabitis
2886 2162 2942 2213 et
2988 2157 3251 2229 abjectis,
3280 2159 3509 2234 Drimys
3546 2161 3645 2218 ille

2000 2261 2066 2301 ac
2097 2244 2377 2301 exitiosus
2409 2245 2606 2312 homo,
2638 2261 2771 2300 cum
2811 2246 2958 2302 alios
2987 2248 3079 2302 sui
3110 2248 3333 2305 similes
3358 2250 3472 2305 sibi
3502 2267 3643 2308 con-

2000 2333 2278 2401 ciliasset,
2310 2338 2513 2390 contra
2563 2349 2798 2407 gregem
2825 2334 3062 2405 Christi,
3093 2342 3296 2393 contra
3324 2338 3643 2397 Ecclesiam

1999 2428 2059 2478 et
2104 2428 2309 2479 contra
2346 2422 2628 2479 divinitus
2685 2428 3025 2480 coronatum
3076 2426 3484 2498 imperatorem
3525 2445 3644 2486 ma-

2000 2511 2443 2567 chinamentum
2494 2509 2611 2567 doli
2643 2514 2700 2567 et
2747 2512 3075 2583 tyrannidis
3126 2515 3367 2586 plenum
3407 2518 3642 2575 struxit.

2002 2599 2150 2656 Proh
2182 2604 2606 2673 nugamentum
2633 2599 2645 2654 ι
2680 2600 2855 2656 Miser
2881 2599 2979 2657 ille
3008 2618 3071 2657 se
3099 2619 3167 2659 ex
3197 2604 3392 2676 aliquo
3424 2606 3643 2679 prisco-

2002 2705 2131 2744 rum
2163 2690 2582 2760 imperatorum
2601 2694 2793 2744 ortum
2824 2688 3309 2763 gloriatur,quem
3341 2711 3414 2751 ne
3436 2698 3643 2752 natum

2001 2777 2261 2849 quidem,
2294 2793 2482 2849 neque
2514 2778 2585 2833 ab
2632 2776 2829 2848 aliquo
2859 2778 3418 2847 visum,auditumve
3448 2783 3646 2841 hacte-

2001 2884 2114 2923 nus
2168 2865 2325 2921 ullus
2382 2866 2569 2922 scivit.
2630 2865 3038 2921 Hircocervum
3094 2884 3223 2925 esse
3279 2875 3445 2941 puto,
3484 2872 3649 2929 nulla

2001 2954 2333 3012 substantia
2363 2955 2671 3027 praeditum
2695 2959 2752 3010 et
2781 2956 2983 3010 ﬁctum
3012 2956 3165 3025 ;sive
3187 2974 3321 3014 cum
3352 2958 3474 3015 haec
3496 2960 3648 3016 Scri-

2001 3050 2235 3118 pturam
2283 3044 2497 3100 alicubi
2528 3043 2815 3100 dicentem
2864 3043 3148 3101 audiisset
3178 3062 3193 3101 :
3229 3046 3457 3115 Quando
3491 3066 3647 3105 mare

2001 3133 2472 3197 obstetrzcabatur,
2532 3140 2593 3187 tu
2668 3132 2971 3189 observasti
3036 3142 3235 3206 partus
3309 3136 3645 3195 hircocervo-

2001 3240 2131 3279 rum
2162 3222 2237 3295 (1)
2267 3241 2280 3291 ;
2314 3222 2449 3278 inde
2496 3221 2606 3277 sibi
2638 3221 3007 3294 antiquitatis
3036 3229 3092 3279 et
3135 3225 3366 3296 generis
3398 3226 3490 3282 sui
3522 3243 3645 3284 ma~

2004 3312 2373 3386 gnitudinem
2421 3309 2771 3382 praedicandi
2801 3310 3165 3368 occasionem
3208 3312 3470 3386 impigne
3498 3315 3647 3371 acci-

2005 3402 2194 3473 piens,
2222 3399 2566 3455 comoediam
2599 3400 2742 3467 risu,
2764 3398 2882 3455 imo
2914 3399 3109 3471 potius
3139 3400 3412 3472 lacrymis
3443 3402 3646 3459 multis

2007 3490 2243 3561 dignam
2296 3488 2498 3555 edidit,
2530 3492 2655 3543 tum
2688 3486 2780 3543 sui
2811 3504 3007 3555 causa,
3036 3492 3165 3545 tum
3197 3505 3396 3547 eorum
3428 3491 3530 3563 qui
3561 3495 3646 3548 te-

2007 3594 2163 3635 mere
2195 3595 2263 3634 ex
2312 3577 2687 3648 improbitate
2713 3576 2855 3633 talia
2894 3577 3196 3634 crederent
3228 3582 3286 3634 et
3336 3578 3648 3637 confirma-

2006 3672 2135 3723 rent
2169 3683 2182 3721 :
2216 3681 2397 3739 quare
2425 3665 2656 3722 facilius
2682 3664 2781 3721 ille
2807 3667 3211 3737 myrmecoleon
3256 3667 3650 3734 deprehende-

2005 3761 2194 3823 tur,ac
2222 3755 2412 3811 malus
2442 3755 2594 3811 male
2624 3754 2996 3827 peribit,cum
3030 3755 3175 3811 nihil
3208 3756 3363 3828 quod
3394 3757 3648 3830 devoret,

2005 3845 2232 3915 habeat,
2266 3845 2366 3915 qui
2410 3860 2542 3899 cum
2574 3843 2674 3900 illo
2706 3842 2806 3914 qui
2854 3843 3133 3900 thronum
3166 3861 3339 3901 suum
3370 3845 3430 3901 in
3475 3846 3651 3903 astris

2006 3949 2218 4007 ponere
2264 3933 2514 4000 volebat,
2564 3931 2704 3988 talia
2749 3931 2976 3989 eﬂ‘utire
3024 3937 3081 3989 et
3126 3934 3419 3991 somniare
3469 3950 3652 3991 ausus

2007 4040 2123 4080 non
2169 4021 2468 4078 exhorruit
2499 4039 2512 4077 :
2546 4037 2681 4077 cum
2710 4038 2826 4093 quo
2870 4021 3379 4078 adnumerandum
3410 4027 3467 4079 et
3514 4040 3651 4080 con-

2006 4112 2370 4169 stituendum
2412 4126 2547 4166 eum
2576 4126 2705 4167 esse
2734 4111 2806 4166 ob
2836 4110 3245 4179 imitationem,
3275 4128 3343 4167 ex
3373 4112 3651 4184 operibus

2006 4203 2136 4274 ejus
2186 4199 2877 4257 commonstratur.1nde
2925 4216 3057 4257 vero
3106 4216 3239 4255 cum
3291 4200 3649 4272 quibusdam

2007 4291 2119 4347 sibi
2175 4289 2674 4346 consentientibus
2730 4288 2941 4345 erroris
2998 4291 3057 4344 et
3130 4286 3473 4345 defectionis
3532 4304 3651 4344 sum

2007 4383 2229 4436 secreta
2275 4377 2755 4448 concredidisset,
2803 4381 2861 4433 et
2909 4377 3194 4450 improbis
3251 4377 3494 4433 auribus
3540 4376 3652 4432 im-

2008 4470 2189 4541 proba
2218 4468 2393 4523 verba
2439 4467 2717 4533 dedisset,
2751 4466 3010 4537 itemque
3039 4466 3393 4522 exsecranda
3433 4468 3492 4520 et
3520 4480 3651 4537 per-

2008 4573 2174 4613 versa
2222 4554 2695 4610 machinamenta
2739 4571 2847 4609 sua
2894 4555 2952 4608 in
3002 4553 3233 4609 civitate
3280 4551 3655 4625 imperatoria

249 4646 514 4720 μειζόνως
594 4643 646 4699 ἐν
723 4643 1019 4720 κακουργία
1093 4640 1315 4718 δραμεῖν
1375 4636 1668 4698 συνέλαϐον
1734 4643 1893 4699 πόνον

2006 4644 2472 4711 disseminasset,
2504 4642 2955 4698 abominandam
2989 4640 3100 4697 sibi
3149 4657 3392 4696 manum
3421 4640 3655 4712 collegit

241 4739 342 4790 τοῦ
372 4733 598 4809 ἀνομίαν
650 4733 953 4802 ἀποτεκεῖν,
1000 4733 1076 4794 ὡς
1127 4730 1185 4786 ἂν
1249 4731 1510 4805 μειζόνως
1572 4728 1894 4803 ἐκπολεμώ-

245 4846 334 4879 σαι
406 4822 601 4885 αὐτοὺς
675 4822 765 4877 καὶ
836 4822 963 4876 Θεὸν
1039 4817 1452 4882 ἐπισπεύδοντες
1527 4822 1652 4882 τοὺς
1706 4818 1897 4893 κύκλῳ

242 4917 406 4983 ἡμῶν
445 4912 636 4975 ἀθὲους
683 4910 773 4966 καὶ
821 4905 1054 4979 ἀσεϐεῖς,
1114 4910 1189 4971 εἷς
1248 4905 1514 4964 ἄσπονδον
1566 4910 1751 4984 μάχην
1797 4910 1895 4978 τὴν

244 5002 385 5057 κατά
432 5005 531 5057 τοῦ
570 5001 771 5077 Κυρίου
818 5000 906 5054 καὶ
957 5001 1054 5053 τοῦ
1102 5002 1337 5074 Χριστοῦ
1387 4996 1570 5069 αὐτοῦ,
1626 4998 1716 5053 καὶ
1766 4996 1898 5053 ὅλου

242 5090 621 5165 συντάγματος
683 5087 1073 5165 Χριοτωνύμου
1108 5132 1122 5158 ,
1180 5087 1501 5163 συγκαλέσαι
1570 5085 1653 5141 ἐπ’
1728 5086 1849 5140 ἀπω
1876 5118 1899 5128 -

244 5180 367 5252 λείᾳ
422 5178 581 5254 κοινῇ
638 5178 715 5241 εἰς
774 5175 1063 5250 ἀντίληψιν
1119 5178 1219 5246 τὴν
1280 5177 1481 5230 ὲαυτῶν
1528 5174 1897 5252 ἐψηφίσαντο.

243 5268 345 5323 Καὶ
400 5272 564 5323 τοῦτο
609 5266 864 5337 ἐξήνυσαν
914 5265 999 5337 ἃν,
1051 5265 1097 5319 εί
1151 5266 1225 5339 μὴ
1281 5265 1495 5339 συνέχει
1546 5263 1753 5319 τούτων
1803 5264 1901 5327 τὰς

250 5358 507 5433 μηχανὰς
563 5356 592 5411 δ
651 5353 880 5410 θανάτου
928 5354 1198 5431 ἐκτρέπων
1246 5355 1396 5408 σκιὰν
1456 5352 1531 5416 εἷς
1584 5353 1726 5422 ζωὴν
1784 5357 1900 5413 τοῖς

244 5442 473 5507 ἐλπίδας
527 5438 747 5521 βεϐαίας
796 5443 1139 5517 ἀναθεμενοις
1187 5441 1350 5514 αύτῷ·
1406 5441 1468 5504 ’ὸς
1524 5442 1612 5496 καὶ
1664 5441 1756 5495 τὸν
1800 5439 1900 5495 πό-

243 5556 334 5589 νον
382 5534 545 5589 αὑτὸν
606 5539 728 5595 ταῖς
786 5531 957 5587 αὐτῶν
1014 5529 1275 5610 κεφαλαῖς
1332 5528 1556 5595 ἐνδίκως
1613 5525 1847 5586 ἐπέϐαλε
1883 5572 1898 5600 ,

316 5718 396 5795 (1)
423 5716 521 5775 Job
552 5731 744 5786 xxxix,
776 5715 829 5772 4.
860 5714 969 5772 Sed
993 5713 1232 5773 multum
1259 5713 1488 5774 diverse.

2006 4733 2338 4797 hominum,
2372 4733 2472 4802 qui
2520 4747 2653 4785 cum
2688 4730 2946 4785 nondum
2976 4733 3142 4785 tanta
3183 4728 3433 4785 stultitia
3464 4728 3651 4786 saturi

2007 4822 2145 4888 sint,
2182 4819 2336 4875 mala
2382 4819 2793 4891 parturientes.
2828 4818 2934 4873 rati
2967 4833 3174 4889 parum
3208 4832 3336 4873 esse
3380 4817 3429 4873 si
3458 4816 3520 4873 in
3550 4815 3654 4873 illa

2008 4911 2196 4983 prima
2228 4926 2405 4981 quam
2439 4907 2686 4979 amplexi
2720 4911 2859 4962 sunt
2890 4906 3140 4963 stultitia
3168 4907 3386 4972 forant,
3410 4906 3653 4978 majoris

2010 5000 2069 5053 in
2113 4997 2378 5069 nequitia
2407 5013 2616 5051 cursus
2647 4996 2904 5051 laborem
2928 5000 3404 5067 susceperunt,ut
3423 4995 3656 5068 pariant

2010 5086 2419 5157 iniquitatem;
2476 5086 2558 5140 ita
2608 5090 2672 5139 ut
2722 5083 2960 5154 majoris
3010 5084 3144 5139 belli
3197 5085 3313 5141 Deo
3362 5082 3653 5139 inferendi

2010 5175 2207 5230 studio
2238 5174 2480 5238 incensi,
2513 5174 2793 5228 finitimos
2819 5177 3048 5228 nostros
3079 5173 3283 5229 atbeos
3311 5178 3370 5229 et
3413 5172 3650 5245 impios,

2010 5264 2079 5318 ad
2116 5261 2465 5333 inexpiabile
2485 5259 2702 5316 bellum
2726 5262 3005 5317 adversus
3035 5261 3346 5317 Dominum
3368 5266 3424 5317 et
3454 5261 3655 5318 adver-

2009 5368 2113 5407 sus
2145 5350 2440 5406 Christum
2488 5351 2637 5422 ejus,
2668 5354 2725 5406 et
2754 5351 3031 5405 adversus
3061 5354 3248 5406 totum
3289 5349 3651 5406 Christiano-

2011 5458 2141 5495 rum
2173 5445 2385 5496 costum
2418 5440 2489 5495 ad
2521 5455 2896 5495 communem
2929 5438 3240 5512 perniciem
3276 5442 3334 5494 et
3365 5439 3457 5494 sui
3487 5439 3650 5495 auxi-

2008 5530 2152 5586 lium
2186 5544 2422 5587 evocare
2470 5528 2899 5586 constituerint.
2938 5532 3001 5585 Et
3048 5528 3157 5587 hoc
3189 5544 3329 5585 sane
3374 5525 3647 5603 perfecis-
