4110 6418
491 390 610 459 487

1606 394 2031 458 ATHANASII
2075 392 2190 454 ΟΡ.
2238 392 2764 456 ΡΑΊἮΙΑΙὶΟΗΕ

3772 396 3889 457 488

486 532 639 601 sent,
672 528 785 584 nisi
835 528 935 600 qui
967 527 1173 585 mortis
1205 529 1474 586 umbram
1520 528 1580 584 in
1610 529 1792 585 vitam
1839 525 2113 584 convertit

2234 524 2323 580 xui
2357 523 2511 589 λίθον
2562 523 2767 580 κυλίειν
2819 524 2900 602 ἐφ’
2948 526 3148 581 έαυτῶν
3197 525 3380 587 αὐτοῖς
3433 525 3702 601 ἐξεγένετο
3737 571 3749 583 .
3791 528 3885 589 Οἷς

488 618 549 673 in
580 617 829 692 gratiam
854 633 1055 674 eorum
1086 616 1187 689 qui
1218 610 1382 690 spem
1412 618 1472 674 in
1500 618 1628 690 ipso
1654 618 1886 674 firmam
1919 633 2130 689 posue-

488 711 646 772 runt,
676 704 822 761 illud
870 705 1317 777 compressisset
1345 724 1358 761 :
1391 706 1491 779 qui
1521 706 1698 763 etiam
1748 706 2014 779 ipsorum
2046 704 2130 759 la-

486 796 687 852 borem
720 794 781 849 in
810 793 1004 866 capita
1031 810 1233 851 eorum
1262 794 1621 865 immisit,ita
1647 799 1713 851 ut
1730 795 1844 867 ipsi
1873 793 2129 865 lapidem

485 884 544 940 in
575 900 744 940 suam
776 883 1092 956 perniciem
1121 884 1405 940 volverint
1436 901 1449 940 :
1483 885 1699 958 quibus
1728 883 1831 939 illa
1859 882 2132 939 eveniant

483 989 690 1045 precor
718 973 774 1044 (ο
802 971 1028 1029 Christe
1058 989 1159 1029 rex
1187 978 1245 1030 et
1275 977 1446 1045 Deus,
1480 974 1580 1045 qui
1612 972 1806 1045 gregis
1835 971 1921 1027 tui
1952 971 2125 1027 mise-

486 1061 792 1118 ricorditer
808 1062 1147 1117 recordatus
1177 1078 1261 1127 es,
1292 1078 1468 1132 quem
1498 1060 1816 1133 possedisti
1840 1057 2126 1131 sanguine

483 1150 607 1223 tuo)
633 1165 762 1222 que
791 1150 1129 1205 acciderunt
1153 1149 1271 1205 illis
1292 1150 1439 1206 Oreb
1460 1155 1518 1205 et
1536 1150 1717 1205 Zebee
1747 1153 1804 1204 et
1829 1149 2128 1213 Salmana,

483 1256 551 1296 ac
580 1255 782 1296 eorum
815 1237 1178 1312 principibus
1207 1238 1309 1310 qui
1338 1239 1588 1311 superbe
1624 1239 1984 1294 fremuerant
2013 1254 2027 1304 ;
2061 1253 2128 1292 eo

481 1344 725 1402 prorsus
756 1328 928 1383 modo
958 1328 1034 1400 (2)
1064 1344 1180 1400 quo
1209 1327 1309 1384 isti
1349 1328 1631 1384 adversus
1659 1326 1994 1383 sanctuaria
2024 1324 2125 1381 Del

477 1434 542 1474 se
590 1422 823 1490 gerunt.
855 1414 955 1473 Ille
1001 1421 1195 1472 autem
1229 1414 1390 1473 nullo
1431 1417 1591 1488 jure,
1622 1415 1783 1471 nulla
1820 1415 2124 1471 occasione

477 1507 598 1564 sive
627 1505 858 1579 generis
904 1505 1024 1562 sive
1052 1521 1309 1575 morum,
1339 1521 1587 1578 regnum
1632 1506 1929 1570 aﬂ‘ectans,
1963 1521 2124 1560 acerb

480 1594 765 1651 bissimus
809 1594 1140 1660 hominum,
1170 1610 1237 1650 ac
1264 1610 1396 1650 vers
1447 1594 1544 1649 Dei
1574 1610 1727 1662 osor,
1762 1594 1853 1649 sui
1880 1594 2122 1660 oblitus,

479 1700 548 1741 ac
576 1700 646 1740 ea
658 1700 784 1756 quae
816 1699 888 1740 ne
904 1700 1009 1756 per
1022 1683 1319 1740 somnium
1351 1683 1590 1755 quidem
1615 1683 1848 1754 assequi
1874 1687 2119 1754 poterat,

477 1773 781 1846 attingere,
805 1787 871 1828 ac
901 1772 1090 1829 instar
1116 1770 1379 1844 procellae
1408 1776 1466 1828 et
1493 1772 1605 1827 diri
1636 1770 1891 1827 turbinis
1923 1773 2123 1827 omnia

476 1861 724 1917 miscere
775 1877 842 1916 ac
879 1860 939 1916 in
989 1860 1344 1932 profundum
1375 1859 1738 1915 infidelitatis
1786 1861 2122 1933 demergere

474 1964 823 2022 aggressus;
857 1953 1148 2021 quotquot
1171 1965 1203 2005 e
1230 1947 1445 2021 papulo
1473 1949 1732 2020 perditos
1761 1949 2028 2005 homines
2050 1966 2118 2005 ac

469 2037 738 2111 imperio,
773 2039 891 2093 imo
921 2037 1117 2109 potius
1147 2037 1263 2093 Deo
1293 2038 1536 2094 infestos
1566 2038 1799 2110 reperit,
1834 2039 2116 2095 maxime-

469 2143 583 2198 que
613 2142 680 2181 ex
727 2125 993 2199 lignariis
1022 2126 1134 2181 sibi
1182 2124 1552 2192 conciliavit;
1588 2125 1749 2181 nulla
1781 2127 2113 2182 rationabili

469 2215 775 2272 occasione
824 2215 1055 2284 ductus,
1086 2214 1198 2270 nisi
1230 2215 1385 2286 quod
1432 2214 1673 2286 perinde
1704 2219 1877 2286 atque
1930 2215 2026 2271 ille
2056 2217 2114 2271 in

471 2305 772 2376 Scriptura
794 2307 1153 2359 memoratus
1173 2303 1603 2376 insipiens,una
1624 2320 1758 2359 cum
1780 2304 2117 2377 gregalibus

472 2392 820 2458 suis,mente
850 2391 1093 2448 delusus
1122 2408 1187 2448 ac
1215 2393 1492 2463 deceptus
1521 2393 1914 2449 exsecrandus
1945 2392 2116 2450 homo

470 2481 581 2537 hoc
628 2481 878 2539 senserit
923 2497 990 2536 ac
1039 2479 1268 2537 dixerit.
1303 2504 1331 2530 ‹‹
1371 2480 1496 2536 Non
1543 2484 1633 2535 est
1684 2481 1854 2537 Deus.
1890 2503 1918 2531 ››
1950 2481 2114 2538 Unde

466 2569 881 2627 abominabilis
911 2570 1099 2625 factus
1130 2586 1196 2626 ac
1227 2568 1487 2641 delusus,
1501 2568 1660 2624 velut
1688 2569 2041 2625 miserabilis
2061 2574 2120 2626 et

465 2658 600 2715 vilis
647 2674 851 2731 passer
879 2659 1069 2730 periit,
1103 2659 1202 2731 qui
1250 2674 1380 2715 sese
1406 2657 1495 2714 vel
1538 2657 1653 2714 Deo
1703 2657 2115 2716 terribiliorem

463 2747 859 2803 exhibiturum
894 2747 1242 2803 somniando
1272 2751 1700 2818 speraverat,ac
1731 2748 1780 2803 si
1816 2764 1948 2804 mus
1975 2749 2113 2820 pino

468 2852 534 2893 se
563 2836 865 2893 conferret.
900 2838 1089 2902 Quare
1119 2853 1237 2892 una
1265 2852 1400 2892 cum
1425 2835 1498 2892 iis
1530 2851 1679 2907 quos
1712 2836 1825 2891 sibi
1857 2836 2118 2893 amicitia

462 2925 731 2997 improbe
758 2924 1113 2991 devinxerat,
1148 2924 1256 2981 hoc
1290 2924 1628 2996 prophetico
1658 2940 1927 2981 sermone
1956 2926 2108 2981 deri-

465 3014 638 3070 detur
670 3032 684 3071 :
717 3037 745 3065 ‹‹
778 3014 1138 3088 Regnarunt,
1169 3014 1352 3081 enim,
1393 3013 1604 3086 inquit,
1654 3012 1790 3082 sibi,
1843 3030 1957 3070 non
2013 3032 2117 3086 per

467 3119 601 3174 me;
650 3104 1018 3176 imperarunt
1064 3107 1121 3159 et
1169 3119 1286 3159 non
1331 3106 1617 3157 noverunt
1666 3118 1778 3158 me.
1836 3124 1864 3152 »
1914 3103 2112 3176 Neque

462 3208 662 3250 secum
712 3195 1058 3264 reputarunt
1111 3190 1197 3246 illi
1246 3195 1452 3263 stupor
1501 3190 1751 3263 perculsi
1818 3190 2104 3266 homines,

2239 614 2328 667 xui
2358 611 2577 677 ἐπέλθοι
2630 614 2748 685 μεθ’
2784 614 2858 667 ὧν
2909 615 3217 689 συμμάχων
3267 614 3356 670 καὶ
3410 613 3647 687 εἴλοντο,
3688 616 3886 690 Χριστὶ

2243 708 2465 785 βασιλεῦ
2519 711 2608 765 καὶ
2657 712 2773 781 Θεέ,
2831 718 2929 781 τῆς
2988 712 3225 785 ποίμνης
3275 710 3697 789 εὐσπλάγχνως,
3743 736 3882 787 μνη-

2239 801 2406 869 σθεὶς,
2461 802 2528 869 ἧς
2582 799 2794 872 ἐκτήσω
2839 805 2919 872 τῷ
2974 800 3132 865 πάθει
3189 822 3306 875 σου,
3366 802 3454 856 οἶα
3503 802 3594 858 καὶ
3651 801 3751 858 ὅσα
3805 808 3885 876 τῷ

2240 883 2407 961 Ὀρὴϐ
2467 888 2654 961 ἐκείνῳ
2709 889 2799 943 καὶ
2843 894 2922 961 τῷ
2969 884 3124 944 Ζεϐεέ
3171 890 3261 945 καὶ
3307 895 3387 961 τῷ
3432 889 3747 964 Σαλμανᾶν,
3795 893 3885 947 καὶ

2235 982 2353 1031 τοῖς
2384 977 2613 1053 ἄρχουσι
2640 983 2756 1039 τοῖς
2801 976 3012 1032 ἐκείνων
3058 979 3454 1055 φρυαξαμένοις
3505 979 3886 1059 ὑπερηφάνως,

2238 1075 2327 1128 οἷα
2356 1075 2444 1129 καὶ
2476 1072 2624 1130 οὗτοι
2656 1079 2752 1129 τοῦ
2782 1080 2917 1130 Θεοῦ
2946 1078 3013 1130 τὰ
3056 1078 3399 1150 άγιαστήρια,
3428 1077 3487 1133 ἐκ
3518 1075 3751 1151 μηδενὸς
3781 1082 3884 1133 τοῦ

2238 1159 2449 1217 δικαίου
2477 1165 2511 1232 ἢ
2546 1164 2798 1241 ἀφορμῆς
2845 1165 2879 1233 ἢ
2932 1163 3140 1240 γένους,
3173 1167 3208 1234 ἢ
3256 1165 3462 1240 τρόπου
3496 1163 3883 1241 βασιλεὶῶντος

2236 1254 2359 1326 (sic)
2389 1249 2717 1326 δριμυτάτου
2767 1250 3009 1328 δριμέος,
3061 1254 3149 1307 καὶ
3197 1250 3366 1315 ὄντως
3414 1258 3731 1330 θεοστυγοῦς
3766 1254 3885 1309 ἐπι-

2237 1338 2530 1409 λησθέντος
2583 1340 2671 1396 καὶ
2721 1342 2910 1396 ἐαυτοῦ
2957 1342 3045 1396 καὶ
3076 1342 3109 1396 ἃ
3142 1339 3272 1415 μηδ’
3301 1338 3429 1415 ὄναρ
3460 1340 3591 1398 ἰδεῖν
3638 1342 3882 1420 ἐφικτὸν,

2235 1435 2488 1500 διακένως
2546 1438 2632 1493 ἐπὶ
2689 1440 2752 1493 τὸ
2811 1437 3095 1513 δράξασθαι
3152 1437 3728 1512 κατασπουδάσαντος,
3789 1441 3883 1496 xui

2234 1525 2390 1598 δίκην
2451 1526 2688 1598 θυέλλης
2761 1529 2838 1589 ὡς
2894 1528 2953 1582 ἐκ
3004 1532 3248 1606 τυφῶνος
3326 1526 3504 1584 δεινοῦ
3565 1526 3882 1604 διαταράξαι

2231 1616 2320 1671 καὶ
2376 1614 2665 1671 καταδύσαι
2724 1617 2862 1693 πρὸς
2912 1617 3161 1679 ἀπιστίας
3221 1618 3400 1693 βυθὸν,
3461 1618 3584 1673 ὅσον
3642 1618 3820 1674 ὖπόσα
3859 1653 3881 1662 -

2233 1705 2361 1777 θρον
2422 1706 2539 1781 εὗρε
2587 1704 2678 1760 καί
2736 1702 2953 1760 δύσνουν
3012 1710 3081 1779 τῇ
3145 1704 3394 1781 βασιλείᾳ
3450 1706 3509 1762 ἐκ
3562 1711 3659 1762 τοῦ
3715 1705 3880 1762 λαοῦ·

2230 1808 2345 1876 θεῷ
2374 1800 2432 1858 δὲ
2479 1804 2566 1858 καὶ
2616 1803 2876 1879 πρότερον
2920 1804 3010 1859 xui
3063 1802 3275 1877 μᾶλλον
3323 1804 3429 1859 ἀπὸ
3475 1810 3583 1860 τῶν
3615 1805 3878 1878 ξυλωτῶν

2149 1896 2197 1963 Β
2228 1891 2279 1963 ἐξ
2310 1892 2562 1970 ἀφορμῆς
2614 1891 2846 1968 εὐλόγου
2895 1891 3151 1966 οὐδεμιᾶς
3194 1892 3269 1955 εἲς
3314 1898 3476 1949 τοῦτο
3519 1892 3715 1967 ἐλθὼν,
3746 1895 3785 1964 ἢ
3822 1894 3883 1951 ἐκ

2222 1986 2319 2037 τοῦ
2379 1984 2878 2059 φρονηματισθῆναι
2951 1982 3041 2037 καὶ
3103 1982 3305 2055 μόνυυ,
3365 1985 3503 2047 καθά
3556 2004 3661 2038 που
3718 1985 3746 2038 6
3808 1988 3880 2059 τῇ

2225 2075 2409 2148 Γραφῇ
2484 2069 2893 2145 προσᾳδόμενος
2952 2069 3133 2149 ἄφρων
3202 2072 3333 2145 μετᾶ
3384 2076 3492 2127 τῶν
3552 2070 3879 2127 ἀκολούθων

2224 2162 2370 2232 uitii»
2426 2161 2852 2238 φρεναπατηθεὶς
2908 2162 2936 2215 6
2995 2160 3270 2236 ἐξάγιστος
3329 2162 3405 2223 ὡς
3461 2160 3542 2216 δτι
3599 2162 3700 2217 οὐκ
3762 2161 3878 2217 ἔστι

2225 2257 2376 2317 Θεός·
2411 2256 2460 2328 ἐξ
2515 2256 2680 2331 οὗπερ
2735 2258 2831 2311 xxi
2889 2254 3152 2333 διεφθάρη
3217 2255 3536 2333 βδελυχθεὶς
3595 2258 3684 2313 xui
3749 2256 3875 2313 δια-

2224 2345 2478 2420 παιχθεὶς
2524 2345 2600 2407 ὡς
2648 2345 2927 2419 στρουθίον
2978 2345 3212 2419 οἰκτρὸν,
3244 2347 3271 2399 6
3302 2346 3613 2424 φαντασθεὶς
3652 2345 3883 2425 ἐμφανί-

2229 2439 2334 2502 ζειν
2383 2434 2590 2505 ἐαυτὸν,
2633 2434 2709 2496 ὡς
2760 2432 2919 2506 ᾤετο,
2975 2434 3106 2509 ὑπὲρ
3155 2438 3288 2490 Θεοῦ
3333 2430 3734 2512 φοϐερώτατον,
3792 2437 3884 2491 οἷα

2224 2522 2416 2585 πίτυος
2500 2523 2805 2596 ἁπτόμενος
2879 2528 2981 2596 μῦς
3037 2523 3248 2597 σύναμα
3305 2524 3394 2579 καὶ
3461 2525 3543 2586 οἷς
3600 2523 3883 2601 περιεάλω

2224 2617 2404 2675 κακῶς
2478 2611 3022 2688 προσεταιρισάμενος
3057 2655 3071 2680 ,
3148 2612 3345 2677 ἐκεῖθεν
3418 2612 3885 2689 μυκτηρισθέντας

2224 2710 2313 2765 καὶ
2370 2710 2706 2787 ἀναφωνήσει
2763 2714 3101 2787 προφητικῇ.
3162 2704 3508 2765 Ἐϐασίλευον
3567 2712 3702 2786 γάρ,
3765 2733 3877 2789 φη-

2225 2800 2327 2870 σὶν,
2362 2799 2571 2861 ἑαυτοῖς
2617 2798 2705 2852 καὶ
2753 2796 2814 2851 οὐ
2848 2794 2917 2851 δι’
2967 2799 3120 2871 ἐμοῦ,
3171 2797 3359 2873 ἧρξαν,
3406 2798 3495 2853 καὶ
3541 2798 3640 2852 οὐκ
3684 2798 3825 2875 ἐγνώ
3858 2834 3883 2843 -

2225 2889 2373 2961 ρισάν
2410 2908 2496 2961 με,
2530 2884 2672 2961 μηδὲ
2716 2886 2921 2942 τούτων
2973 2881 3231 2948 λαϐόντες
3278 2886 3353 2949 είς
3383 2891 3506 2941 νοῦν
3552 2887 3605 2941 οἱ
3638 2881 3880 2963 ἐμϐρόν-

2221 2997 2399 3049 τητοι,
2456 2975 2546 3031 καὶ
2603 2976 2632 3029 6
2688 2975 2894 3029 τούτων
2955 2973 3408 3036 ἀπαιδευτότατος
3465 2976 3744 3051 προεστώς
3775 2999 3788 3011 ·
3844 2978 3874 3031 6

2221 3065 2351 3141 χθὲς
2378 3069 2475 3119 τοῦ
2510 3065 2754 3138 βήματος
2783 3062 2874 3117 ἕνα
2923 3063 3177 3137 φημίζων
3228 3064 3435 3136 ἐαυτὸν,
3482 3064 3572 3118 καὶ
3620 3066 3869 3139 σήμερον

2220 3161 2518 3241 ξιφηφόρος
2575 3158 2800 3235 διψάσας
2877 3168 3109 3238 φανῆναι
3164 3162 3253 3215 καὶ
3313 3160 3629 3239 φαντασθεὶς
3689 3163 3874 3237 ἁρμα-

460 3296 688 3337 necnon
719 3280 1202 3353 imperitissimus
1230 3279 1328 3335 ille
1356 3280 1474 3335 dux
1506 3280 1846 3351 eorum,qui
1877 3296 2011 3337 cum
2043 3298 2106 3339 se

2222 3249 2494 3322 τηλατεῖν,
2528 3255 2898 3326 σκηπτοῦχος,
2932 3247 2977 3304 ὢ
3009 3247 3156 3320 δίκη,
3191 3251 3219 3304 6
3261 3249 3562 3323 τολματίας
3741 3250 3878 3306 ἀνα-

458 3370 733 3426 hesterna.
773 3369 867 3425 die
896 3386 966 3425 ex
1022 3367 1367 3425 sacerdotali
1397 3368 1597 3425 ordine
1628 3384 1755 3424 esse
1798 3370 2108 3440 praedicas-

460 3461 569 3523 set,
601 3456 776 3513 hodie
827 3454 1022 3529 gladio
1052 3456 1405 3512 instructum
1436 3472 1498 3512 se
1547 3461 1842 3513 ostentare
1872 3459 2106 3531 expetit,

468 3561 761 3617 curruque
820 3549 1018 3601 vectus
1074 3549 1133 3601 et
1188 3549 1414 3617 sceptra
1486 3548 1692 3602 tenens
1748 3553 2006 3619 apparet.
2064 3548 2109 3605 Ο

457 3633 733 3705 justitia!
766 3634 869 3707 qui
916 3633 1169 3691 audacia:
1200 3633 1499 3707 impietate
1544 3636 1696 3707 apud
1743 3636 1833 3691 sui
1885 3636 2109 3695 similes

466 3722 785 3794 conspicua
831 3723 1137 3779 redimitus
1183 3728 1292 3792 est,
1352 3722 1490 3780 solis
1540 3724 1787 3796 stupidas
1831 3742 2107 3799 vanisque

461 3809 770 3867 calumniis
800 3810 1047 3869 fallaciis
1075 3812 1352 3879 conﬁsus,
1373 3829 1478 3869 nec
1508 3814 1802 3886 cogitabat
1834 3831 1947 3871 non
1980 3816 2107 3873 sine

461 3898 579 3955 Deo
610 3899 731 3972 regi
781 3904 1101 3970 nostra,‘ac
1131 3901 1347 3956 durum
1391 3916 1521 3957 esse
1548 3906 1752 3958 contra
1794 3902 2104 3960 stimulum

458 3985 779 4056 calcitrare,
815 4003 1002 4060 neque
1051 3988 1209 4044 illam
1252 3989 1421 4045 nobis
1450 3992 1729 4046 traditam
1777 3991 2103 4049 doctrinam

455 4075 867 4133 considerabat
898 4093 912 4131 :
951 4100 972 4127 ιι
1011 4076 1118 4133 Per
1147 4093 1239 4133 me
1266 4092 1432 4151 reges
1462 4085 1765 4151 regnant.»
1796 4081 1931 4145 Qua;
1961 4098 2103 4138 sane

456 4181 573 4221 non
602 4164 1016 4223 intellexerunt
1036 4165 1235 4222 miseri
1257 4165 1547 4234 homines,
1562 4183 1752 4241 neque
1772 4169 2104 4242 cogitarunt

2220 3338 2400 3409 δηθεὶς
2451 3342 2570 3415 (sic)
2609 3339 2853 3415 αὐθωρὸν
2897 3344 3014 3401 τοῖς
3064 3338 3282 3411 ὁμοίοις
3328 3337 3475 3411 αὐτῷ
3519 3341 3619 3410 τήν
3671 3336 3871 3396 δυσσέ-

2218 3424 2366 3484 ϐειαν
2400 3476 2414 3499 ,
2475 3428 2613 3503 μόνῃ
2667 3428 2939 3504 θαρρήσας
3006 3427 3180 3502 ἀπάτῃ
3233 3435 3423 3505 κωφῆς
3481 3428 3571 3482 καὶ
3632 3430 3874 3502 ματαίας

2219 3514 2505 3589 διαϐολῆς,
2539 3518 2613 3580 ὡς
2645 3517 2729 3572 ὅτι
2774 3521 2883 3572 τῶν
2934 3517 3214 3593 ἡμετέρων
3268 3514 3419 3572 οὐδὲν
3461 3518 3623 3589 ἀθεεὶ,
3656 3517 3747 3572 καὶ
3782 3517 3870 3574 ὅτι

2217 3607 2456 3683 σκληρὸν
2512 3606 2576 3661 τὸ
2623 3607 2758 3682 πρὸς
2813 3604 3007 3681 κέντρα
3064 3603 3333 3674 λακτίζειν
3378 3604 3572 3667 αὐτοὺς
3618 3607 3869 3681 xui

2217 3704 2275 3760 ἐκ
2318 3709 2435 3778 τοῦ,
2473 3730 2499 3755 ‹‹
2530 3705 2608 3759 Δι’
2655 3703 2790 3776 ἐμοῦ
2842 3701 3082 3779 βασιλεῖς
3132 3700 3497 3779 βασιλεύουσι,
3529 3728 3555 3755 ››
3608 3700 3867 3759 διδασκό-

2220 3805 2375 3868 μεθα,
2434 3793 2467 3847 ἃ
2518 3793 2606 3848 καὶ
2667 3793 2743 3865 μή
2802 3791 3067 3853 συνιέντες
3143 3793 3195 3846 oi
3243 3790 3546 3868 ἀλιτήριοι,
3607 3790 3723 3847 οὐδ’
3780 3792 3867 3849 ὅτι

2214 3885 2374 3956 ἡμῶν
2406 3882 2494 3936 καὶ
2525 3882 2579 3935 αἱ
2626 3880 2812 3956 τρίχες
2864 3880 3237 3957 ἠριθμημέναι
3291 3880 3488 3936 ἐκεῖθεν
3541 3888 3640 3950 τῆς
3689 3903 3867 3960 κεφα-

2216 3970 2319 4041 λῆς
2372 3971 2407 4039 ἢ
2466 3969 2555 4024 καὶ
2614 3969 2786 4024 αὐτῶν
2846 3969 3237 4045 πρωτουργός.
3296 3970 3425 4043 Περὶ
3481 3968 3688 4025 τούτων
3750 3973 3858 4046 γὰρ

2210 4059 2354 4135 τάχα
2399 4058 2701 4129 κατηύξατο
2757 4056 2846 4112 καί
2894 4058 2922 4112 6
2981 4059 3124 4120 Θεῖος
3173 4056 3356 4132 Δαυῖδ,
3392 4084 3419 4110 (ι
3473 4059 3864 4115 ’Δποπεσάτω-

2212 4170 2327 4219 σαν,
2360 4176 2387 4201 ››
2422 4147 2617 4224 λέγων,
2650 4172 2679 4201 ‹‹
2711 4147 2818 4202 ἀπὸ
2863 4152 2968 4202 τῶν
3019 4142 3315 4203 διαϐολιῶν
3370 4147 3566 4220 αὐτῶν,
3615 4150 3753 4205 κατά
3794 4151 3861 4204 τὸ

455 4252 700 4327 capillos
747 4253 957 4326 capitis
995 4253 1090 4310 sui
1135 4258 1474 4311 numeratos
1520 4240 1706 4326 esse;
1755 4240 1909 4329 quod
1959 4259 2100 4315 item

2222 4245 2421 4317 πλῆθός
2476 4268 2535 4301 τε
2584 4250 2689 4301 τῶν
2748 4240 3002 4301 ἀσεϐειῶν
3061 4246 3149 4301 καὶ
3209 4247 3470 4301 ἀπιστιῶν
3529 4245 3704 4302 αὐτῶν
3762 4246 3865 4302 αὐ-

454 4358 655 4399 eorum
688 4342 933 4416 signifer
963 4359 1080 4399 non
1112 4343 1541 4399 animadvertit.
1574 4345 1867 4402 Adversus
1912 4347 2100 4403 homi-

2222 4336 2335 4399 τοὺς
2392 4334 2609 4407 ἕξωσον·
2674 4361 2699 4386 ››
2758 4334 2846 4390 καὶ
2905 4334 2950 4389 εί
3012 4336 3088 4409 μὴ
3150 4337 3432 4409 μετάνοιαν
3488 4333 3865 4407 ἐπιδείξωνται

455 4447 558 4488 nes
605 4431 949 4504 hujusmodi
997 4431 1120 4488 haec
1174 4432 1420 4489 fortasse
1466 4434 1814 4505 precabatur
1864 4436 2099 4495 divinus

2222 4426 2458 4500 ταχινὴν,
2508 4421 2722 4495 δηλαδή
2772 4431 2871 4493 τῆς
2918 4428 3025 4479 τῶν
3071 4429 3275 4479 πιστῶν
3326 4424 3672 4501 ὁμηγύρεως,
3712 4449 3732 4477 ι
3767 4425 3864 4481 καὶ

446 4519 624 4576 David
656 4520 749 4577 bis
776 4520 971 4578 verbis
1001 4540 1057 4575 τι
1086 4521 1371 4578 Decidant
1397 4538 1432 4577 a
1461 4522 1916 4595 cogitationibus
1947 4527 2092 4597 suis,

2222 4512 2678 4592 ιυλληφθήτῶσαν
2738 4511 2788 4568 ἐν
2847 4516 2916 4587 τῇ
2978 4513 3313 4592 ὑπερηφανίᾳ
3371 4513 3545 4569 αὐτῶν
3580 4560 3595 4585 ,
3654 4513 3744 4569 xui
3805 4513 3861 4585 ἐξ

445 4609 769 4665 secundum
802 4609 1240 4666 multitudinem
1258 4610 1627 4682 impietatum
1650 4627 1853 4669 eorum
1874 4615 2098 4688 expelle

2222 4604 2335 4680 ὶρᾶς
2386 4604 2475 4658 καὶ
2520 4600 2752 4676 ψεύδους
2811 4602 2976 4678 μέχρι
3042 4602 3133 4657 καὶ
3187 4601 3491 4665 συντελείας
3547 4601 3860 4678 διαγγελή-

443 4712 578 4766 eos;
608 4719 637 4748 »
685 4702 743 4754 et
790 4699 840 4753 si
892 4715 1007 4755 non
1038 4698 1445 4772 pmnitentiam
1496 4716 1667 4772 agere
1714 4706 2032 4774 maturent,
2064 4723 2098 4762 a

2222 4712 2413 4765 τονται,
2450 4715 2477 4742 ››
2507 4691 2735 4768 γνόντες,
2770 4690 2815 4747 εἷ
2851 4689 3162 4767 βούλοιντο,
3194 4692 3246 4745 oi
3279 4690 3694 4753 ἀπολωλεκότες
3726 4711 3867 4766 καρ-

450 4784 713 4842 ﬁdelium
747 4791 899 4844 certe
928 4792 1075 4843 coetu
1110 4787 1418 4857 decidant;
1453 4812 1481 4839 «
1513 4795 1571 4845 et
1600 4791 2098 4862 comprehendan-

449 4877 549 4928 tur
594 4874 653 4929 in
702 4876 979 4948 superbia
1026 4894 1154 4944 sua,
1184 4881 1241 4933 et
1289 4878 1361 4933 de
1413 4881 1808 4936 exsecratione
1836 4886 1894 4937 et
1940 4899 2099 4939 men-

451 4961 616 5017 dacio
641 4979 828 5035 usque
848 4965 921 5021 ad
947 4967 1510 5023 consummationem
1527 4969 2095 5040 annuntiabuntur;»

452 5048 703 5107 scientes
729 5051 1047 5124 (siquidem
1076 5054 1255 5110 velint
1283 5054 1396 5128 ipsi
1428 5055 1530 5128 qui
1560 5058 1733 5113 corde
1777 5059 2096 5134 perierunt)

448 5139 742 5210 quomodo
772 5139 927 5197 Deus
956 5142 1313 5211 dominetur,
1346 5149 1664 5213 conservet,
1698 5152 1881 5220 curet,
1907 5147 2096 5206 foveat

442 5231 502 5283 et
545 5232 829 5301 protegat,
885 5230 1070 5302 pium,
1118 5232 1478 5306 religiosum,
1510 5235 1883 5306 cruciferum,
1934 5254 2096 5295 man-

439 5320 698 5384 suetum,
749 5318 966 5375 Christi
998 5325 1294 5377 amantem
1342 5321 1758 5395 imperatorem
1801 5329 2093 5397 nostrum,

439 5405 738 5479 mentique
784 5406 974 5480 ipsius
1006 5407 1128 5464 haec
1176 5408 1459 5467 divinitus
1505 5411 1751 5485 inspiret
1785 5430 1797 5467 :
1831 5435 1859 5463 «
1892 5414 1951 5469 Si
1994 5431 2091 5471 vo-

442 5494 625 5551 lueris
653 5495 712 5551 in
744 5495 854 5552 viis
886 5496 1034 5553 meis
1066 5496 1387 5570 ambulare,
1411 5500 1682 5557 inimicos
1710 5505 1843 5558 tuos
1875 5519 2089 5576 ponam

516 5671 592 5756 (2)
623 5671 844 5735 Seriem
875 5672 1022 5732 mire
1051 5673 1385 5749 perplexam
1410 5674 1496 5735 sic
1527 5675 1845 5738 divinando
1869 5680 2176 5741 vertimus.

2209 4777 2345 4853 δίαν,
2376 4785 2493 4843 πῶς
2522 4780 2551 4834 6
2597 4780 2729 4843 Θεὸς
2778 4778 3023 4850 δεσπόζει
3075 4781 3165 4835 καὶ
3215 4786 3465 4857 συντηρεῖ
3514 4781 3602 4835 καὶ
3636 4781 3864 4857 φροντί-

2210 4875 2285 4939 ζει
2335 4870 2425 4925 xui
2476 4870 2719 4945 περιέπει
2771 4868 3145 4946 ὑπερασπίζων
3192 4869 3285 4924 τὸν
3345 4864 3538 4940 εὐσεϐῆ
3597 4869 3687 4925 καὶ
3745 4869 3869 4925 θεό-

2206 4978 2379 5037 φρονα
2431 4959 2521 5013 καὶ
2580 4957 2948 5036 σταυροφόρον
3010 4961 3169 5032 ἡμῶν
3224 4958 3315 5013 καὶ
3364 4965 3511 5035 πραῆ
3552 4957 3642 5013 καὶ
3691 4957 3866 5036 φελό-

2205 5068 2427 5123 χριστον
2469 5046 2685 5118 ἄνακτα,
2728 5047 2945 5123 εὐηχῶν
3006 5048 3081 5109 εἱς
3136 5052 3257 5103 νοῦν
3319 5047 3465 5120 αὐτῷ
3523 5049 3862 5121 θεῖκῶς,τὸ,

2208 5171 2234 5197 ι(
2260 5146 2320 5201 Ei
2357 5145 2582 5221 βούλοιο
2612 5150 2732 5207 ταῖς
2762 5142 2911 5207 ὁδοῖς
2947 5166 3049 5219 μου
3092 5144 3430 5221 πορεύεσθαι,
3462 5144 3588 5207 τοὺς
3637 5144 3871 5221 ἐχθραί-

2201 5235 2391 5297 νοντάς
2419 5255 2503 5289 σοι
2536 5237 2775 5306 θήσομαι
2809 5233 2860 5289 ἐν
2912 5237 2989 5306 τῷ
3040 5230 3254 5306 μηδενὶ,
3286 5234 3375 5289 καὶ
3418 5240 3580 5309 χεῖρα
3608 5228 3869 5289 ἐπιϐαλῶ

2201 5324 2442 5401 τιμωρὸν
2506 5322 2846 5400 μαχομένοις
2904 5344 3008 5380 σοι.
3070 5350 3095 5374 ››
3144 5323 3242 5377 Καὶ
3289 5324 3389 5400 γὰρ
3421 5323 3483 5378 οὐ
3537 5322 3699 5397 μόνον
3746 5322 3868 5378 ἐνύ-

2202 5413 2389 5484 σταξαν
2442 5413 2493 5467 οἱ
2538 5407 2925 5484 ἐπιϐεϐηκότες
2984 5417 3102 5474 τοῖς
3155 5411 3372 5484 ἵπποις,
3423 5413 3474 5467 oi
3529 5418 3608 5485 τῷ
3665 5410 3866 5490 δριμεῖ

2201 5497 2747 5579 συνεκϐακχευθέντες
2795 5499 2919 5571 ἤτοι
2976 5500 3044 5576 τῇ
3102 5499 3320 5579 ἀλογίᾳ,
3379 5502 3430 5557 οἱ
3481 5502 3571 5557 καὶ
3625 5500 3857 5582 ἀλόγων
