4110 6422
246 411 361 476 489

1736 413 2165 480 EPISTOLIE.

3540 416 3660 479 ιιινεῦ

243 545 415 601 αὐτῶν
474 543 850 622 ἀλογώτεροι,
911 543 1037 601 ἀλλ’
1106 544 1215 616 ἤδη
1271 548 1361 602 καὶ
1420 546 1667 604 ὕπνωσαν
1725 549 1890 603 ὕπνον

2010 549 2067 604 in
2100 548 2374 615 nihilum,
2407 553 2464 603 et
2496 547 2763 604 ultricem
2797 564 3038 604 manum
3069 550 3129 603 in
3173 549 3664 622 impugnantibus

245 633 396 690 αὐτὸν
442 633 535 688 καὶ
585 633 694 709 οὐχ
740 634 893 711 εὗρον
943 633 1131 707 οὐδὲν,
1181 635 1288 690 ἀπὸ
1341 635 1710 709 ἐπιτιμήσεως
1757 638 1886 692 πάν-

242 742 346 784 τως
400 728 502 792 τῆς
563 721 708 786 θείας
761 722 926 799 ὀργῆς
968 721 1583 801 παραδειγματισθείσης
1628 733 1728 796 τῆς
1768 726 1888 781 ἀνο-

248 810 370 885 μίας
404 809 600 878 αὐτῶν,
648 810 722 872 ὡς
774 812 949 884 μάτην
998 812 1274 889 χανόντων
1324 815 1468 888 (sic),
1516 814 1606 869 καὶ
1655 814 1790 890 πρός
1830 835 1891 889 γε

241 904 308 975 τῇ
365 899 607 975 ἁμαρτίᾳ
659 901 749 955 καὶ
809 899 1057 972 ἀπωλείᾳ
1125 901 1162 976 ᾖ
1216 901 1410 964 αὐτοὺς
1467 898 1839 976 ἐμϐεϐλήκασι
1874 949 1889 975 ,

242 988 330 1045 καί
389 988 614 1060 διηνεκῆ
679 987 981 1066 ὀφλήσουσι
1031 990 1276 1065 γέλωτα.
1337 992 1429 1053 Οἴς
1487 989 1612 1046 οὐδὲ
1668 989 1890 1047 δυνατὸν

241 1079 369 1154 παρ’
399 1079 692 1153 ἀνθρώπου
746 1077 892 1149 ἀξίαν
944 1081 1393 1157 συμψηφισθῆναι
1448 1080 1547 1149 τήν
1600 1080 1891 1156 τιμωρίαν,

243 1169 278 1236 ἦ
303 1166 452 1244 παρά
482 1166 653 1240 μόνου
683 1171 817 1223 Θεοῦ
866 1168 1003 1241 πρὸς
1048 1167 1112 1223 τὸ
1157 1173 1255 1222 τοῦ
1305 1167 1466 1243 ἐργου
1504 1169 1710 1224 τούτων
1743 1167 1895 1242 ὠμὸν

244 1254 331 1311 καὶ
391 1254 790 1331 ἀσύγγνωστον,
841 1254 929 1311 καὶ
981 1255 1280 1312 ἀθεώτατον
1337 1257 1425 1313 καὶ
1489 1255 1772 1334 ὀλέθριον.
1831 1254 1903 1311 Ei’

244 1364 324 1406 τις
371 1345 533 1417 ἡμῶν
582 1348 859 1420 νουνεχῶς
904 1344 967 1399 τὸ
1009 1348 1106 1399 τοῦ
1153 1344 1312 1409 ἀθέου
1352 1345 1729 1419 τολμήσαντος
1776 1343 1896 1399 δια-

248 1432 494 1506 σκέψεται
556 1429 928 1507 ἀποτέλεσμα,
974 1434 1045 1487 ὧν
1106 1432 1194 1488 καὶ
1252 1436 1416 1507 ἡμεῖς
1475 1431 1694 1497 ἐνδίκως
1755 1436 1897 1508 ὁμοῦ

246 1520 332 1576 καὶ
365 1519 642 1594 ἐνθέσμως
676 1523 810 1595 μετὰ
855 1529 954 1591 τῆς
1004 1521 1129 1598 περῖ
1161 1524 1311 1595 ἡμᾶς
1345 1527 1453 1577 τῶν
1480 1520 1588 1577 ὧδε
1619 1522 1899 1599 λαχόντων

249 1610 553 1684 ἱερωτάτων
608 1609 909 1687 ἀρχιερέων
967 1610 1108 1672 θείας
1169 1611 1259 1666 καὶ
1316 1611 1462 1687 ἱερᾶς
1520 1611 1743 1667 συνόδου
1801 1617 1897 1667 τοῦ

250 1693 500 1773 Σάρδεων
548 1697 639 1752 καὶ
690 1698 1009 1774 ὑπερτίμου,
1055 1702 1153 1753 τοῦ
1202 1697 1553 1770 Χαλκηδόνος
1604 1699 1694 1755 καὶ
1734 1700 1895 1776 ὑπερ-

246 1786 429 1861 τίμου,
478 1790 577 1841 τοῦ
626 1788 915 1862 Περγάμου
970 1787 1059 1842 καὶ
1119 1787 1439 1864 ὑπερτίμου,
1488 1793 1586 1844 τοῦ
1626 1788 1898 1859 Μιτζύνης

247 1875 333 1931 καὶ
388 1875 709 1952 ὑπερτίμου,
759 1880 855 1932 τοῦ
902 1878 1024 1950 (sic)
1072 1876 1378 1952 ’Δχυράους
1423 1878 1512 1932 καὶ
1564 1878 1894 1954 ὑπερτίμου,

246 1968 340 2019 τοῦ
398 1962 836 2039 ἀργιεπισκόπου
891 1964 1346 2041 Χριστουπόλεως
1404 1966 1493 2021 καὶ
1548 1971 1648 2020 τοῦ
1706 1967 1892 2042 ἀρχιε-

246 2051 521 2108 πισκόπου
579 2052 796 2129 Δίρκου,
856 2053 1248 2129 συμπαρόντων
1302 2053 1391 2109 καὶ
1456 2059 1563 2110 τῶν
1621 2053 1837 2132 θεοφιλε
1870 2088 1892 2096 -

250 2141 454 2196 πάτων
504 2141 812 2196 ἐπισκόπων
860 2147 956 2196 τοῦ
1004 2138 1330 2213 Ῥαιδεστοῦ,
1380 2144 1516 2217 πρὸς
1566 2140 1623 2198 δὲ
1670 2144 1759 2198 καὶ
1798 2148 1895 2199 τοῦ

252 2229 696 2307 Χαριουπόλεως,
730 2230 791 2284 τὸ
839 2230 1109 2305 τόλμημα
1162 2231 1518 2307 μυσαχθέντες
1565 2234 1627 2287 τὸ
1658 2232 1895 2288 ἀθεώτα-

245 2341 338 2374 τον
395 2319 487 2374 καὶ
542 2319 918 2396 ἀναίσχυντον,
970 2321 1148 2391 πάσης
1197 2321 1623 2396 ἀπογυμνοῦμεν
1671 2322 1896 2397 ἱερωσύ-

248 2429 345 2478 νης
379 2407 539 2464 αὐτὸν
569 2408 662 2463 τὸν
707 2415 850 2482 θῆρα
895 2406 986 2463 τὸν
1040 2405 1252 2464 δυτικὸν
1325 2409 1414 2464 καὶ
1463 2410 1645 2487 ριμῦν,
1696 2412 1899 2488 σπορέα

250 2501 487 2574 ιρρικτῶν
544 2495 796 2565 ζιζανίων
849 2497 1149 2571 ὑπάρξαντα
1202 2498 1483 2571 τοιούτων,
1536 2498 1581 2554 εἷ
1630 2499 1720 2554 καί
1770 2521 1900 2554 ποτε

247 2584 451 2655 ταύτης
500 2585 725 2656 ἠξίωτο,
776 2584 921 2641 ἀλλᾶ
981 2588 1056 2659 μὴ
1113 2587 1287 2658 μάτην
1331 2586 1532 2657 ταύτης
1580 2589 1897 2664 κατετυράν-

249 2695 325 2729 νει
357 2674 413 2729 ἐν
441 2671 595 2750 λόγῳ
640 2673 794 2747 μόνῳ
837 2672 985 2748 ψιλῷ
1031 2675 1169 2751 πρὸς
1216 2674 1479 2748 ἐξαπάτην
1534 2681 1638 2731 τῶν
1690 2676 1901 2732 ἁπλου-

252 2762 481 2839 στέρων,
535 2764 705 2836 τιμὴν
763 2763 1046 2819 κάντεῦθεν
1106 2765 1135 2820 6
1192 2763 1388 2837 άτιμος
1446 2766 1618 2838 ἐαυτῷ
1665 2766 1902 2838 ποριζό-

254 2873 438 2925 μενος,
466 2851 545 2913 ὡς
595 2851 624 2905 6
671 2849 871 2927 τρόπος
921 2850 1222 2927 ἀπήλεγξεν
1264 2853 1436 2924 ἑαυτῷ
1465 2851 1636 2916 ἀδεῶς
1672 2855 1738 2909 τὰ
1770 2854 1900 2929 ὑπὲρ

251 2941 438 2995 ἑαυτὸν
499 2938 901 3017 φημιζόμενος,
950 2939 1043 2994 σὺν
1089 2940 1267 3013 τούτῳ
1322 2941 1412 2996 καὶ
1467 2942 1557 2996 τὸν
1609 2941 1904 2998 ἀκόλουθον

249 3030 307 3085 ’ὀν
334 3032 371 3099 ἡ
420 3028 583 3105 Μύρα
615 3028 813 3090 Λυκίας
860 3031 1212 3105 προήνεγκεν,
1269 3031 1356 3085 οἷα
1406 3029 1569 3086 λύκον
1613 3032 1904 3104 ἀσυμπαθῆ

249 3124 364 3181 τοῖς
418 3112 720 3193 προϐάτοις
769 3122 1003 3193 Χριστοῦ
1058 3121 1488 3194 προσενεχθῆναι
1548 3121 1900 3196 ὁρμήσαντα.

253 3207 397 3281 Πρὸς
429 3204 489 3261 δὲ
532 3206 623 3260 καὶ
677 3205 864 3280 ἀλύτῳ
907 3207 996 3261 καὶ
1025 3206 1205 3280 τούτῳ
1259 3208 1393 3281 μετὰ
1438 3213 1534 3263 τοῦ
1570 3208 1902 3282 πρωταιτίου

1998 638 2336 693 immittam.
2371 660 2398 687 »
2435 636 2661 692 Etenim
2705 654 2821 692 non
2853 637 3025 692 modo
3070 638 3534 694 dormitaverunt
3561 641 3662 711 qui

1999 726 2388 782 ascenderunt
2418 743 2622 797 equos,
2657 725 2756 797 qui
2792 742 2908 780 una
2938 743 3071 781 cum
3111 731 3344 782 versuto
3376 727 3472 785 illo
3531 728 3664 784 bac-

1999 814 2163 869 chico
2196 816 2389 870 furore
2414 814 2532 870 sive
2554 813 2786 869 insania
2807 814 3162 884 agebantur;
3186 816 3285 886 qui
3305 832 3439 872 vere
3468 816 3660 873 brutis

2000 898 2147 974 ipsis
2178 902 2692 958 irrationabiliores
2722 906 2901 957 sunt:
2935 925 2961 953 ‹‹
2998 904 3098 959 sed
3128 909 3184 959 et
3220 905 3345 974 jam
3400 906 3659 963 dormie-

2001 995 2139 1046 runt
2168 1008 2442 1046 somnum
2475 1009 2673 1059 suum,
2706 996 2763 1047 et
2809 990 2953 1046 nihil
3020 993 3382 1049 invenerunt.
3418 1016 3447 1044 »
3478 995 3656 1069 idque

2003 1079 2175 1152 plane
2204 1080 2276 1134 ab
2307 1079 2698 1152 increpatione
2729 1080 2825 1134 iraa
2858 1080 3095 1135 divinae:
3122 1098 3256 1137 cum
3298 1099 3500 1139 eorum
3549 1084 3658 1140 ini-

2004 1167 2200 1239 quitas
2230 1167 2424 1238 palam
2454 1167 2725 1224 traducta
2753 1168 2850 1226 sit.
2901 1172 3100 1240 utpote
3157 1170 3257 1241 qui
3313 1170 3535 1227 frustra
3590 1188 3658 1228 os

2005 1256 2338 1328 aperuerint
2396 1257 2465 1312 ad
2524 1262 2824 1328 peccatum
2855 1261 2911 1311 et
2938 1257 3011 1312 ad
3042 1258 3356 1328 perniciem
3384 1260 3447 1315 in
3478 1277 3656 1333 quam

2007 1350 2359 1418 proruerunt
2383 1363 2396 1414 ;
2429 1345 2513 1401 ita
2524 1349 2803 1418 perpetuo
2816 1346 2937 1401 risu
2961 1345 3121 1418 digni
3147 1346 3475 1405 habeantur
3495 1367 3508 1405 :
3527 1349 3659 1422 qui-

2006 1435 2118 1489 bus
2150 1451 2264 1489 non
2296 1451 2436 1490 sane
2450 1438 2640 1505 potest
2662 1435 2732 1490 ab
2751 1434 2987 1490 homine
3019 1437 3404 1506 promeritum
3429 1438 3662 1509 decerni

2007 1522 2384 1596 supplicium,
2420 1524 2517 1580 sed
2547 1522 2739 1579 solum
2761 1540 2795 1578 a
2830 1524 2960 1592 Deo,
2994 1524 3066 1580 ob
3098 1540 3245 1596 Opus
3271 1526 3493 1582 scilicet
3516 1525 3663 1583 illud

2007 1610 2259 1679 crudele,
2291 1612 2460 1667 venia
2490 1610 2824 1684 indignum,
2850 1611 3276 1684 impiissimum
3293 1619 3352 1671 et
3375 1615 3663 1687 pernicio-

2006 1717 2138 1755 sum
2202 1701 2356 1772 quod
2414 1704 2814 1772 susceperunt.
2878 1701 2937 1755 Si
2995 1701 3096 1772 qui
3169 1708 3436 1758 nostrum
3498 1697 3663 1777 impii

2008 1789 2266 1844 hominis
2321 1789 2511 1845 audax
2576 1789 2801 1844 facinus
2874 1790 3191 1861 prudenter
3232 1792 3559 1849 consideret
3588 1793 3662 1865 [is

2006 1884 2159 1934 certe
2180 1878 2410 1951 putabit
2441 1895 2588 1951 Opus
2618 1882 2790 1949 esse],
2824 1884 2888 1935 ut
2935 1896 3042 1935 nos
3085 1897 3218 1936 cum
3268 1881 3657 1938 sanctissimis

2005 1966 2461 2039 archiepiscopis
2493 1967 2594 2038 qui
2634 1967 2771 2022 hinc
2806 1967 2863 2022 in
2887 1984 3053 2023 sacra
3082 1973 3139 2023 et
3182 1969 3380 2025 divina
3433 1970 3656 2042 synodo

2004 2057 2185 2112 coacti
2245 2062 2420 2111 sunt:
2483 2056 2756 2111 Sardensi
2789 2056 3007 2112 scilicet
3042 2056 3389 2131 hypertimo,
3417 2058 3659 2115 Chalce-

2005 2145 2249 2200 donensi
2279 2144 2628 2216 hypertimo,
2672 2145 3013 2217 Mitzynensi
3071 2145 3419 2218 hypertimo,
3472 2150 3659 2221 Ancy-

2006 2250 2147 2289 rano
2178 2232 2525 2304 hypertimo,
2557 2239 2614 2290 et
2640 2234 3095 2306 archiepiscopis
3148 2234 3580 2309 Christopoleos
3603 2240 3662 2294 et

2006 2322 2182 2389 Dirci,
2233 2321 2617 2394 praesentibus
2677 2322 2815 2377 item
2873 2322 3280 2394 religiossimis
3369 2324 3659 2398 episcopis

2008 2411 2282 2466 Raedestaa
2314 2414 2371 2465 et
2397 2410 2831 2483 Cbariopoleos,
2864 2412 2922 2465 in
2978 2411 3169 2467 scelus
3225 2412 3650 2485 impiissimum

2010 2506 2066 2555 et
2093 2500 2674 2571 impudentissimum
2709 2499 2842 2554 odio
2871 2500 3116 2569 incensi,
3151 2501 3301 2557 hanc
3331 2503 3513 2558 teram
3555 2520 3657 2560 oc-

2010 2587 2360 2643 cidentalem
2391 2588 2680 2643 etvafram
2699 2588 3022 2644 sacerdotio
3045 2606 3288 2661 prorsus
3311 2590 3656 2665 spoliemus,

2011 2693 2135 2748 quae
2193 2681 2357 2731 tanta
2412 2679 2533 2731 tam
2592 2675 2885 2733 horrenda
2944 2677 3165 2733 zizania
3222 2679 3649 2752 disseminavit,

2010 2764 2238 2821 etiamsi
2267 2764 2367 2820 illo
2397 2765 2583 2837 gradu
2614 2765 2891 2838 dignatus
2938 2765 3254 2838 aliquando
3307 2768 3500 2825 fuerit.
3560 2770 3661 2826 Ve-

2013 2871 2143 2909 rum
2175 2853 2234 2907 in
2270 2852 2367 2907 illo
2387 2853 2756 2926 tyrannidem
2779 2854 3036 2910 exercuit
3054 2855 3211 2911 nudo
3233 2859 3461 2912 tantum
3482 2857 3656 2914 verbo

2013 2960 2159 2998 usus
2190 2943 2261 2997 ad
2292 2941 2590 3014 simplices
2621 2942 3181 3011 circumveniendos,
3231 2948 3288 2999 et
3342 2945 3413 3000 ad
3475 2945 3657 3001 hone-

2015 3047 2135 3087 rem
2165 3030 2278 3086 sibi
2309 3030 2760 3098 conciliandum,
2789 3033 2895 3086 etsi
2922 3048 3053 3087 vere
3092 3031 3329 3088 infamis
3360 3032 3559 3104 homo,
3592 3038 3660 3091 ut

2013 3119 2126 3192 ipsi
2155 3135 2347 3174 mores
2375 3120 2502 3188 ejus
2533 3136 2635 3190 per
2663 3136 2725 3175 se
2751 3125 3006 3191 arguunt
3035 3136 3100 3175 ac
3132 3120 3486 3191 praedicant;
3520 3138 3658 3178 cum

2010 3206 2110 3263 illo
2131 3207 2271 3262 item
2295 3223 2543 3278 sequace
2575 3208 2703 3278 ejus
2735 3224 2909 3280 quem
2943 3209 3104 3281 Myra
3153 3209 3329 3281 Lyciae
3389 3210 3656 3282 protulit,

253 3293 487 3372 δρομέος
516 3294 608 3350 σὺν
635 3301 764 3350 πᾶσι
812 3301 926 3357 τοῖς
975 3296 1212 3372 ἀκρικῶς
1266 3294 1435 3352 εἰδόσι
1471 3298 1534 3352 τὸ
1561 3297 1741 3376 φόνιον
1777 3298 1899 3374 βού-

2020 3298 2119 3368 qui
2151 3296 2319 3367 quasi
2348 3295 2522 3367 lupus
2568 3297 2988 3353 immisericors
3039 3298 3098 3352 in
3150 3314 3386 3371 gregem
3443 3299 3657 3355 Christi

252 3384 450 3458 λευμα,
510 3383 602 3439 καὶ
667 3386 741 3458 μή
793 3385 1079 3440 σπεύσασιν
1130 3386 1205 3447 εἷς
1267 3384 1559 3464 φανέρωσιν
1615 3385 1903 3461 ἐνδεσμοῦ-

255 3495 348 3547 μεν
401 3474 718 3551 ἀφορισμῷ.
781 3472 957 3530 Ἀλλά
1000 3474 1090 3528 καὶ
1145 3475 1226 3536 οἷς
1282 3474 1387 3529 ἀπό
1434 3496 1496 3551 γε
1536 3480 1634 3530 τοῦ
1680 3480 1767 3529 νῦν
1796 3498 1905 3553 φω-

251 3565 387 3638 ραθῇ
422 3608 440 3635 ,
495 3561 705 3633 λύσσης
777 3561 1034 3633 τοιαύτης
1107 3563 1198 3618 καὶ
1265 3561 1446 3627 ἀθείας
1501 3563 1590 3619 καὶ
1654 3564 1902 3627 ἀπιστίας

252 3651 587 3729 ἐγχείρημα,
616 3649 897 3725 τούτῳτῷ
951 3649 1231 3727 φρικαλέῳ
1276 3658 1392 3715 τοῖς
1444 3654 1518 3726 μή
1567 3652 1899 3724 ἐξεστηκόσιν

253 3737 598 3813 ἐμπεδοῦμεν
650 3739 959 3818 ἀφορισμῷ,
1008 3739 1089 3796 ὅτι
1143 3738 1274 3815 μηδ’
1321 3737 1462 3796 ἄλλο
1512 3740 1832 3818 δριμύτερον
1864 3742 1900 3811 ἢ

249 3828 575 3905 πικρότερον
626 3832 707 3900 τῷ
763 3824 949 3904 δριμεῖ
1001 3829 1237 3904 Ἰωάννῃ,
1292 3830 1382 3885 καὶ
1438 3829 1766 3910 τραγελάφῳ
1812 3830 1901 3885 καὶ

251 3924 333 3993 τῷ
391 3917 559 3973 αὐτοῦ
616 3914 902 3989 ἀκολούθῳ
961 3915 1392 3992 Σαρδαναπάλῳ,
1452 3919 1542 3974 καὶ
1597 3925 1712 3982 τοῖς
1769 3919 1903 3994 ὁμό-

246 4028 406 4085 φροσι
463 4005 675 4061 τούτων
730 4004 783 4060 ἐν
842 4004 993 4082 λόγῳ
1050 4006 1220 4077 ξενίου
1275 4004 1344 4061 δι’
1403 4007 1437 4061 ἃ
1482 4008 1899 4084 κατεπράξαντο.

244 4093 434 4167 Ἔδοξε
484 4098 556 4169 τῇ
617 4093 827 4168 συνόδῳ
878 4095 1288 4171 παρασχεθῆναι
1343 4094 1557 4158 τούτοις
1612 4100 1681 4170 τῇ
1740 4098 1899 4174 ἱερᾷ,

244 4185 407 4256 ἀξίως
459 4186 559 4253 τῆς
618 4182 867 4259 ἐργασίας
922 4182 1122 4253 αὐτῶν,
1179 4183 1255 4246 ὡς
1285 4184 1509 4260 πτέρναν
1571 4183 1765 4262 ἐπᾶραι
1816 4205 1899 4241 τε·

239 4271 610 4346 τολμηκότων
668 4272 805 4326 κατά
858 4291 916 4325 τε
969 4278 1069 4341 τῆς
1127 4270 1454 4342 Ἐκκλησίας
1512 4271 1646 4327 κατά
1695 4293 1755 4326 τε
1799 4276 1899 4342 τῆς

245 4360 548 4437 βασιλείας,
603 4359 693 4415 καὶ
742 4360 880 4415 κατά
921 4364 1019 4415 τοῦ
1072 4359 1358 4437 ὁμοφύλου
1407 4361 1626 4423 παντὸς.
1658 4358 1814 4431 Μηδὲ
1841 4382 1902 4437 γε

245 4449 487 4521 ἓπόπτην
541 4449 593 4503 οἳ
642 4445 872 4504 δείλαιοι
927 4448 1198 4525 σωτηρίας
1248 4447 1420 4505 αὐτῶν
1454 4448 1542 4504 καὶ
1576 4453 1719 4519 ζωῆς
1753 4445 1899 4525 ἔχειν

244 4539 332 4594 τὸν
389 4537 776 4609 παντεπόπτην
849 4539 975 4593 Θεὸν
1059 4535 1444 4611 δοκιμάσαντες
1478 4585 1494 4611 ,
1550 4537 1673 4594 ἀλλ’
1730 4534 1901 4602 ὄντως

246 4628 461 4700 συκίνην
512 4626 826 4700 ἐπικουρίαν
864 4626 950 4682 ἐπὶ
999 4633 1177 4689 κεναῖς
1225 4628 1314 4682 καὶ
1379 4625 1630 4700 ματαίαις
1690 4626 1901 4683 ἐλπίσιν

246 4717 611 4792 αἰωρηθέντες
696 4716 786 4771 καὶ
857 4714 1225 4795 κεπφωθέντες
1300 4713 1546 4777 ἐλεεινῶς
1581 4760 1594 4785 ,
1654 4717 1743 4771 καὶ
1822 4721 1900 4789 τῷ

248 4805 468 4883 ἀρχαίῳ
544 4805 916 4879 συναποστάτῃ
991 4811 1162 4860 Σατᾶν
1237 4803 1457 4867 ἑαυτοὺς
1534 4804 1898 4879 ἀναθέμενοι,

246 4895 500 4950 κάκείνου
546 4899 653 4949 τῶν
703 4889 1029 4967 συμϐουλιῖω
1083 4893 1488 4968 πληρωθέντες,
1547 4893 1620 4955 ὡς
1674 4892 1763 4949 καί
1825 4895 1899 4957 εἰς

248 4980 382 5061 ἔργα
424 4984 803 5062 φενακισθῆναι
850 4976 1123 5057 προϐῆναι
1162 4982 1257 5043 τὰς
1306 4979 1572 5061 φλυαρίας
1621 4982 1796 5037 αὐτῶν
1851 4984 1903 5037 οἱ

248 5071 507 5149 ἐπάρατοι
536 5079 711 5127 πᾶσαν
739 5077 842 5147 γῆν
894 5072 993 5140 τὴν
1025 5071 1128 5125 ὑπὸ
1180 5069 1465 5144 Ῥωμαίων
1494 5070 1697 5147 ἀρχὴν,
1730 5069 1773 5125 ὣ
1803 5079 1903 5141 τῆς

248 5161 501 5231 ἀπάτηςὲ
555 5161 631 5223 ὡς
681 5158 896 5214 νοσσιὰν
949 5157 1455 5233 καταλελειμμένην
1509 5156 1766 5222 διακένως
1814 5159 1903 5214 ἐλ-

246 5251 504 5312 πίσαντες
556 5247 973 5322 καταλήψασθαι
1030 5249 1169 5322 (sic),
1228 5247 1366 5311 καθά
1421 5267 1525 5302 που
1579 5248 1903 5304 καὶτούτων

249 5341 282 5396 6
323 5340 634 5415 εἷσηγήτωρ
690 5342 863 5392 Σατᾶν
916 5357 1049 5392 ποτε
1101 5336 1415 5414 φαντασθεὶς
1463 5337 1563 5405 τήν
1611 5336 1700 5391 ὐπ’
1751 5338 1908 5412 οὐρα-

245 5429 344 5483 νὸν
409 5423 595 5481 ἔλαθεν
650 5425 835 5480 ἑαυτὸν
887 5424 977 5479 καὶ
1026 5425 1215 5486 σκότος
1262 5423 1376 5477 ἀντῗ
1435 5423 1575 5486 ωτὸς
1624 5424 1909 5501 κεχρημά.

245 5538 388 5591 τικε,
439 5520 531 5571 καῖ
578 5513 816 5576 στάσεως
861 5516 959 5583 τῆς
1010 5512 1328 5588 ἐπουρανίου
1378 5513 1405 5566 6
1444 5510 1703 5588 βδελυρὸς
1747 5513 1910 5585 ἀξίως

246 5609 321 5664 τὰ
376 5601 680 5681 ὑποχθόνια
736 5599 1126 5672 ἀντηλλάξατο.
1187 5604 1359 5675 "Amp
1391 5615 1479 5656 καί
1533 5608 1651 5666 τοῖς
1704 5601 1913 5679 ῥηθεῖσι

246 5701 413 5759 τανῦν
441 5693 610 5751 αὐτοῦ
661 5688 887 5754 ὀπαδοῖς
932 5689 1239 5754 σπουδαίως
1287 5689 1639 5771 ἐξείργασται,
1668 5690 1906 5753 ἐλπίδων

537 5823 813 5889 Ρλτιιοι.
859 5822 970 5887 Gn.
1017 5819 1252 5889 CXLII.

2015 3385 2245 3457 irrupit.
2278 3388 2421 3439 Cum
2454 3385 2563 3440 hoc
2585 3391 2783 3441 autem
2811 3391 2869 3441 et
2918 3387 3110 3458 primo
3141 3387 3238 3443 illo
3287 3386 3527 3443 sceleris
3551 3405 3658 3444 au-

2013 3478 2172 3530 ctore
2230 3491 2296 3529 ac
2348 3474 2680 3545 prodromo,
2739 3491 2837 3530 eos
2891 3491 3094 3530 omnes
3125 3475 3225 3547 qui
3267 3475 3327 3530 in
3364 3476 3570 3532 nefarii
3600 3482 3660 3533 et

2013 3563 2373 3635 sanguinarii
2406 3561 2632 3617 consilii
2665 3563 2933 3618 notitiam
2963 3568 3248 3619 venerunt
3296 3580 3401 3620 nec
3459 3564 3659 3622 statim

2010 3651 2362 3719 indicarunt,
2390 3651 2988 3708 excommunicatione
3008 3651 3456 3724 alligamus.Sed
3478 3655 3659 3711 etiam

2011 3757 2109 3796 eos
2142 3740 2243 3812 qui
2275 3757 2342 3795 ex
2372 3740 2478 3795 hoc
2511 3744 2772 3811 tempore
2794 3739 2975 3795 rabiei
3006 3741 3324 3813 impietatis
3370 3745 3426 3797 et
3455 3742 3660 3798 inﬁde-

2009 3828 2190 3884 litatis
2214 3828 2555 3899 hujusmodi
2589 3828 2670 3882 rei
2701 3828 3048 3899 deprehensi
3074 3830 3310 3899 fuerint,
3345 3831 3460 3885 nisi
3506 3831 3657 3887 resi-

2008 3917 2175 3989 liant,
2209 3917 2318 3972 hac
2346 3917 2653 3972 tremenda
2680 3918 3281 3974 excommunicatione
3322 3918 3656 3992 alligamus.

2010 4005 2148 4077 quia
2203 4004 2351 4060 nihil
2405 4004 2597 4061 acrius
2658 4009 2715 4060 et
2745 4006 3035 4075 acerbius,
3067 4007 3275 4062 acerbo
3306 4006 3406 4062 illo
3433 4007 3659 4066 Joanne

2009 4094 2342 4150 hircocervo
2374 4094 2565 4160 fuerit,
2598 4098 2655 4149 et
2702 4095 2938 4166 sequaci
2998 4095 3155 4151 illius
3213 4095 3653 4168 Sardanapalo;

2010 4200 2232 4240 necnon
2281 4200 2379 4239 eos
2410 4183 2512 4255 qui
2544 4199 2680 4238 cum
2745 4183 2911 4255 ipsis,
2970 4184 3314 4240 muneribus
3372 4185 3654 4256 corrupti,

2009 4273 2233 4329 ratione
2287 4272 2529 4344 hospitii
2589 4277 3015 4328 consenserunt
3096 4278 3335 4345 propter
3402 4273 3658 4329 facinora

2008 4378 2210 4417 eorum
2243 4362 2616 4416 damnamus.
2665 4361 2871 4416 Visum
2920 4366 3010 4417 est
3037 4378 3213 4417 sacrae
3256 4362 3476 4434 synodo
3507 4360 3654 4433 ipsis

2009 4449 2359 4523 condignam
2393 4450 2719 4505 facinorum
2752 4466 2980 4521 poenam
3009 4449 3293 4522 inﬂigere,
3322 4453 3524 4521 utpote
3551 4449 3653 4520 qui

2008 4538 2345 4594 calcaneum
2379 4544 2582 4594 contra
2610 4538 2949 4605 Ecclesiam,
2984 4543 3187 4594 contra
3215 4537 3648 4614 imperatorem,

2009 4632 2066 4683 et
2095 4633 2297 4683 contra
2326 4626 2681 4682 contribules
2735 4644 2937 4682 omnes
2990 4625 3261 4682 extollere
3318 4625 3447 4681 ausi
3508 4626 3647 4698 sint,

2009 4717 2116 4781 Qui
2146 4716 2345 4772 miseri
2376 4723 2530 4771 certe
2562 4715 2830 4771 homines
2859 4733 2973 4771 non
3004 4715 3324 4786 cogitantes
3353 4731 3415 4770 se
3464 4715 3648 4771 Deum

2011 4805 2276 4862 omnium
2309 4804 2691 4877 inspectorem
2726 4804 2934 4860 salutis
2965 4810 3021 4860 et
3050 4804 3176 4859 vitae
3228 4821 3346 4860 suae
3391 4804 3683 4875 explora-5

2012 4899 2194 4949 torem
2228 4894 2480 4949 habere:
2513 4894 2611 4949 sed
2646 4910 2774 4948 vere
2802 4893 3117 4949 ﬁculneum
3150 4894 3430 4948 auxilium
3464 4892 3575 4949 sibi
3599 4893 3661 4949 in

2013 5000 2161 5038 vana
2190 4991 2245 5038 et
2276 4982 2425 5036 futili
2457 4998 2559 5053 spe
2591 4987 2937 5053 reponentes
2959 4998 3023 5037 ac
3056 4981 3376 5037 miserabili
3425 4981 3662 5039 levitate

2014 5071 2195 5137 ducti,
2227 5088 2355 5126 sese
2388 5072 2627 5143 antiquo
2668 5070 2751 5124 illi
2812 5070 3084 5143 aposlatm
3142 5073 3370 5127 Satanae
3421 5072 3658 5127 addixe-

2016 5166 2193 5228 runt,
2236 5162 2481 5231 ejusque
2503 5159 2765 5215 consiliis
2798 5160 2997 5232 repleti
3029 5178 3095 5215 eo
3148 5160 3375 5233 decepti
3433 5164 3573 5215 sunt
3599 5164 3665 5216 ut

2017 5250 2235 5307 frustra
2265 5255 2569 5322 sperarent
2598 5251 2935 5305 exsecrandi
2970 5251 3241 5306 homines
3299 5266 3451 5306 vana
3505 5266 3662 5305 com-

2020 5344 2216 5395 menta
2247 5356 2353 5395 sua
2382 5343 2572 5393 totum
2605 5339 2933 5394 Romanum
2965 5340 3278 5411 imperium
3311 5354 3663 5411 pervasura;

2020 5445 2085 5484 ac
2116 5445 2179 5482 se
2208 5427 2373 5498 illud,
2407 5445 2439 5482 o
2469 5442 2770 5483 erroneam
2803 5433 3060 5485 mentem
3087 5429 3099 5483 l
3133 5446 3238 5484 ceu
3265 5428 3471 5483 nidum
3504 5428 3666 5483 dere-

2020 5518 2223 5573 lictum
2246 5516 2774 5588 comprehensuros
2803 5534 2970 5586 esse;
3032 5516 3531 5590 quemadmodum
3570 5532 3668 5570 eo-

2023 5622 2155 5662 rum
2176 5604 2455 5678 magister
2485 5606 2685 5676 Satan,
2726 5623 2859 5663 cum
2918 5607 3057 5663 olim
3111 5624 3172 5664 se
3230 5610 3416 5661 totum
3467 5603 3667 5659 orbem

2023 5696 2410 5754 subacturum
2439 5710 2569 5755 esse
2612 5696 3174 5773 comminisceretur,
3226 5692 3461 5752 nescius
3500 5695 3670 5751 tene-

3312 5822 3389 5905 ιθ
