4110 6446
478 435 588 496 491

1606 434 2027 496 ATHANASll
2073 432 2189 493 ΟΡ.
2236 432 2765 497 ΡΑἹἮΙΑΠΟΗΑΞ

3764 434 3873 497 492

475 582 614 638 bras
640 598 741 653 pro
772 580 900 635 luce
930 586 1138 637 nactus
1176 586 1283 653 est,
1335 585 1392 637 et
1443 581 1737 637 ccelestem
1806 583 2107 638 stationem

2231 578 2647 655 ἀπορραγέντων
2675 583 2889 651 θεϊκῶν,
2921 582 3011 636 καὶ
3057 580 3253 645 ταύτας
3305 582 3484 645 ἀθέοις
3529 583 3681 637 κυσὶν
3722 582 3874 659 ἀναρ-

475 670 907 727 abominandus
961 668 1079 740 ille,
1140 685 1273 725 cum
1333 670 1534 726 inferis
1590 676 1655 725 ut
1714 671 1960 727 meritus
2006 676 2115 739 est,

474 759 873 816 commutavit.
907 760 1041 824 Quas
1065 760 1189 829 jam
1227 759 1565 814 memoratis
1593 758 1711 815 illis
1733 761 1860 829 ejus
1907 777 2118 833 sequa-

472 847 639 903 cibus
671 849 1029 903 obvcnerunt
1054 847 1080 901 ?
1112 864 1247 902 nam
1274 864 1376 918 spe
1406 848 1603 902 divina
1659 849 1887 917 dejecti,
1949 865 2113 920 spem

470 953 640 993 suam
671 936 730 991 in
763 934 1007 991 canibus
1038 935 1237 1007 impiis
1260 936 1425 1007 impii
1458 936 1724 991 homines
1749 942 2113 1008 posuerunt:

469 1042 605 1082 nam
638 1025 819 1096 impia
853 1023 1277 1079 nundinatione
1311 1040 1535 1096 magna
1568 1023 1782 1079 Christi
1815 1025 2117 1080 haeredita-

469 1114 566 1181 tis,
596 1113 924 1168 orthodoxae
955 1111 1233 1167 doctrinae
1263 1113 1563 1183 despectu,
1611 1113 1767 1185 turpi
1825 1114 2119 1169 contribu-

465 1202 612 1258 lium
645 1218 887 1257 suorum
919 1201 1475 1273 proditione,impiis
1503 1200 1860 1265 Amalecitis,
1882 1200 2039 1257 ltalis
2061 1207 2121 1257 et

466 1291 538 1347 iis
569 1291 668 1363 qui
700 1291 854 1346 circa
884 1292 1101 1347 Istrum
1134 1289 1400 1345 incolunt
1428 1290 1650 1362 legatos
1692 1289 2017 1345 miserunt:
2051 1308 2118 1347 ac

468 1380 664 1436 nescio
693 1396 764 1435 an
798 1379 939 1435 dum
968 1395 1067 1434 eos
1123 1383 1450 1446 evocarent,
1509 1377 1731 1450 aliquid
1786 1396 1854 1433 ex
1902 1379 2116 1434 Christi

463 1469 642 1525 rebus
672 1466 920 1538 amplexi
953 1466 1073 1521 sint
1102 1482 1284 1537 quare
1328 1483 1445 1522 una
1475 1483 1612 1522 cum
1671 1483 1837 1522 sacra
1894 1468 2116 1540 synodo

464 1557 523 1612 id
554 1573 739 1612 unum
762 1554 1133 1627 postulamus
1165 1555 1238 1610 ab
1268 1555 1509 1626 optimo,
1544 1570 1769 1625 sereno,
1801 1559 1858 1610 et
1894 1556 1965 1611 ad
2011 1556 2117 1610 be-

463 1644 693 1714 neﬁcia,
714 1661 829 1699 non
861 1643 1150 1716 supplicia
1173 1644 1474 1700 inferenda
1502 1649 1659 1709 nato,
1713 1644 2119 1716 potentissimo

463 1740 519 1792 et
549 1738 751 1791 sancto
782 1748 911 1788 meo
943 1733 1292 1805 imperatore
1322 1736 1387 1787 ut
1417 1733 1487 1787 ad
1525 1732 1813 1788 malitiam
1862 1733 2116 1805 compri-

465 1825 740 1880 mendam
774 1821 1018 1877 ﬁdenter
1045 1821 1273 1899 legibus
1305 1825 1545 1889 utatur;
1579 1825 1761 1893 utque
1783 1820 1919 1875 mali
1943 1822 2119 1877 artiﬁ-

2223 668 2503 738 τησαντων
2533 674 2641 724 τῶν
2680 665 2976 739 δυσσεϐὦν,
3030 668 3413 743 ἀπεμπολήσει
3465 668 3725 747 φρικώδει
3757 670 3873 726 ὅσον

2224 756 2287 810 τὸ
2318 759 2435 812 κατ’
2466 757 2660 820 αὐτοὺς
2690 765 2791 827 τῆς
2826 757 3074 833 μεγάλης
3101 756 3479 834 κληρονομίας
3526 764 3763 834 Χριστοῦ
3791 760 3875 814 καὶ

2228 845 2477 916 ἀθετήσει
2540 844 2856 923 ὀρθοδοξίας
2890 894 2905 920 ,
2965 846 3053 902 καί
3109 844 3379 923 προδοσίᾳ
3440 852 3538 903 τοῦ
3598 847 3877 926 ὁμοφύλου

2226 933 2428 1009 αἰσχρᾷ
2496 934 2547 989 ἐν
2605 936 2786 999 ἀθέοις
2829 930 3293 1011 πρεσϐευομένους
3345 935 3745 1009 Ἀμαληκίταις
3794 937 3876 991 καὶ

2226 1021 2476 1085 Ἰταλοῖς·
2533 1030 2648 1086 τοῖς
2702 1045 2760 1078 τε
2824 1025 2946 1099 περὶ
3011 1026 3102 1079 τὸν
3168 1026 3378 1100 Ἵστρον
3433 1025 3674 1080 οἰκοῦσιν
3714 1071 3730 1095 ,
3785 1024 3879 1080 οὐκ

2225 1108 2347 1165 οἶδα
2405 1111 2449 1165 εἰ
2506 1113 2649 1188 τάχα
2705 1114 2840 1188 πρὸς
2904 1117 2973 1187 τῇ
3032 1111 3224 1184 κλήσει
3284 1113 3691 1186 ἀσπαζομένους
3745 1115 3875 1170 κατά

2222 1200 2274 1253 τὶ
2330 1205 2436 1254 τῶν
2492 1206 2744 1274 Χριστοῦ.
2798 1202 2882 1255 Ἐν
2933 1201 3152 1264 τούτοις
3199 1203 3409 1275 σύναμα
3452 1204 3541 1257 καὶ
3570 1207 3639 1277 τῇ
3670 1200 3875 1276 συνόδῳ

2223 1293 2291 1361 τῇ
2345 1289 2480 1363 ἰερᾷ,
2534 1290 2659 1362 μίαν
2710 1292 2810 1359 τὴν
2860 1288 3073 1361 αἴτησιν
3127 1291 3440 1365 ὲξαιτοῦμεν
3484 1296 3554 1365 τῇ
3608 1293 3875 1368 κρατίστῳ

2226 1377 2315 1431 καί
2372 1376 2620 1452 γαληνῷ,
2669 1379 2757 1433 καὶ
2818 1380 2955 1455 πρὸς
3013 1379 3312 1456 εὐεργεσίαν
3370 1380 3724 1455 γεγενημένῳ
3783 1381 3875 1443 τάς

2227 1466 2559 1542 ἀνθρωπείας
2619 1466 2680 1521 οὐ
2734 1467 3006 1545 τιμωρίας
3084 1468 3355 1544 κρατίστῳ
3428 1470 3517 1524 καί
3584 1470 3722 1546 ἁγίῳ
3786 1490 3873 1543 μοι

2226 1554 2584 1630 αὐτοκράτορι
2634 1555 2763 1619 τοὺς
2818 1556 3023 1629 νόμους
3082 1557 3157 1619 εἰς
3208 1557 3476 1628 συστολὴν
3534 1565 3635 1628 τῆς
3691 1558 3877 1620 κακίας

2228 1644 2424 1719 ἀπάρτι
2482 1644 2986 1720 παρρησιάσασθαι·
3048 1644 3241 1707 αὐτούς
3295 1667 3355 1700 τε
3409 1644 3536 1708 τοὺς
3592 1646 3875 1723 κακεργά-

2224 1753 2318 1794 τας
2349 1732 2439 1786 καὶ
2482 1732 2609 1793 τοὺς
2663 1731 2850 1796 ἄλλως
2902 1732 3211 1796 ἑαλωκότας
3244 1734 3500 1811 αἰσχραῖς
3522 1735 3556 1804 ἢ
3582 1735 3673 1791 καὶ
3719 1738 3875 1809 μετέ-

2225 1842 2382 1876 πειτα
2431 1818 2797 1895 ἀλωσίμους,
2854 1823 3137 1898 γνωρίζειν
3192 1823 3411 1886 ὲαντοὺς
3483 1825 3583 1893 τὴν
3636 1824 3872 1898 νόμιμον

464 1930 583 1980 ces,
615 1917 671 1967 et
700 1909 738 1965 ii
770 1910 868 1981 qui
907 1909 1105 1983 aliqua
1152 1910 1377 1966 ratione
1422 1910 1482 1964 in
1504 1910 1779 1981 turpibus
1838 1911 1985 1965 actis
2019 1911 2107 1966 de-

2224 1909 2609 1983 ἀγανάκτησιν,
2640 1911 2731 1965 τὸν
2764 1908 2971 1966 ἔνδικον
3020 1913 3098 1975 εἰς
3150 1911 3321 1989 ὀργὴν
3369 1918 3449 1985 τῷ
3494 1916 3791 1989 πράσσοντι
3814 1916 3876 1971 τὸ

467 2000 740 2074 prehensi
783 2001 1017 2068 fuerint,
1079 2003 1181 2055 aut
1232 2004 1432 2071 postea
1488 1999 2019 2071 deprehendentur,
2053 2015 2115 2056 se

467 2091 664 2164 legum
694 2088 1083 2163 indignationi
1130 2087 1529 2159 subjiciendos
1588 2088 2116 2145 noverintzdivino

469 2196 537 2235 ac
568 2181 671 2237 Dei
696 2196 964 2253 prvecone
993 2176 1171 2234 Paulo
1202 2176 1848 2244 declarante,vindicem
1875 2177 1934 2231 in
1967 2178 2114 2232 iram

467 2268 519 2325 ei
551 2269 649 2341 qui
698 2269 919 2325 malum
943 2267 1081 2340 agit,
1114 2271 1171 2321 et
1199 2282 1333 2321 eum
1356 2265 1457 2337 qui
1489 2282 1602 2320 non
1630 2266 1756 2321 sine
1789 2283 1966 2321 causa
1990 2264 2113 2337 gla-

466 2358 631 2413 dium
664 2362 873 2431 portat,
907 2358 1061 2412 inter
1108 2355 1206 2410 Dei
1240 2354 1542 2410 ministros
1595 2355 1942 2427 computari.
2004 2354 2112 2409 Ubi

464 2447 621 2503 enim
655 2452 866 2517 metus,
910 2445 989 2501 ibi
1034 2444 1365 2500 divinorum
1419 2443 1933 2514 humanorumque
1964 2460 2110 2515 pras-

463 2542 763 2608 ceptorum
793 2533 1117 2592 observatio
1149 2537 1275 2588 est:
1307 2537 1375 2587 ut
1432 2532 1599 2587 nobis
1630 2538 1787 2587 recta
1816 2532 2107 2603 instituta,

459 2641 587 2696 quae
619 2626 690 2680 ad
718 2624 963 2697 gloriam
994 2621 1209 2677 Christi
1232 2620 1381 2693 justi
1407 2621 1625 2692 judicis
1656 2625 1923 2692 vergunt,
1985 2638 2105 2675 ser-

455 2714 751 2786 vantibus,
783 2713 1099 2785 imperium
1130 2711 1228 2767 ille
1262 2716 1571 2782 totumque
1627 2711 1908 2782 populum
1941 2709 2106 2766 Chri-

2224 1999 2408 2069 κακὸν,
2440 1998 2528 2053 καὶ
2562 1998 2678 2068 εἷ·κῆ
2716 2001 2792 2072 μή
2825 2005 3095 2077 φοροῦντα
3139 2003 3239 2070 τὴν
3298 2003 3571 2079 μάχαιραν
3615 2004 3875 2079 τετάχθαι

2226 2085 2277 2140 έν
2309 2082 2579 2149 διακόνοις
2629 2092 2784 2159 Θεοῦ,
2845 2088 3263 2166 ἀποφηναμένου
3314 2089 3531 2145 Παύλου
3575 2096 3676 2147 τοῦ
3729 2093 3874 2147 θείου

2222 2176 2312 2229 καὶ
2345 2177 2695 2249 θεοκηρυκοςο
2731 2172 2855 2241 ἔνθα
2896 2178 2998 2252 γὰρ
3046 2174 3215 2255 φόϐος
3264 2177 3374 2233 ἐκεῖ
3422 2182 3751 2257 συντήρησις
3794 2182 3874 2235 έν-

2219 2263 2537 2336 ταλμάτων,
2570 2269 2673 2318 τῶν
2707 2265 2864 2328 θείων
2894 2267 3352 2342 καὶάνθρωπίνων
3380 2290 3453 2345 φη
3467 2268 3550 2340 μὶ,
3583 2269 3659 2331 ὡς
3688 2268 3748 2325 ἂν
3786 2291 3877 2342 τη-

2222 2352 2456 2426 ρούντων
2486 2355 2585 2423 τήν
2620 2352 2871 2427 εὐνομίαν
2903 2357 3084 2428 ἡμῶν,
3120 2355 3195 2417 εἷς
3227 2353 3381 2426 δόξαν
3432 2355 3592 2411 οὖσαν
3639 2363 3876 2434 Χριστοῦ

2217 2446 2315 2496 τοῦ
2346 2439 2558 2497 δικαίου
2582 2448 2791 2518 κριτοῦ.
2822 2445 2936 2513 Τὴν
2973 2442 3246 2519 βασιλείαν
3266 2440 3718 2502 ἀνεπιϐούλευτον
3742 2468 3874 2525 κρα-

2216 2536 2360 2585 τυνεῖ
2390 2528 2619 2605 παλάμῃ
2647 2535 2715 2605 τῇ
2749 2536 2902 2606 θεϊκῇ
2954 2531 3131 2595 λιταῖς
3180 2534 3358 2609 ἁγίαις
3385 2542 3484 2604 τῆς
3522 2540 3873 2614 Θεομήτορος

2215 2617 2306 2673 καί
2355 2620 2528 2674 πάντα
2574 2619 2706 2674 λαὸν
2758 2621 2848 2675 τὸν
2889 2622 3295 2697 χριστώνυμον,
3347 2624 3393 2695 ᾧ
3452 2620 3597 2695 δόξα,
3649 2626 3870 2701 κράτος,

2215 2709 2351 2780 τιμή
2382 2708 2472 2762 καὶ
2506 2707 2867 2784 μεγαλωσύνη
2902 2709 2976 2771 εἷς
3004 2710 3132 2773 τοὺς
3164 2711 3384 2775 αἰῶνας.
3418 2713 3618 2785 Ἀμήν.

459 2803 717 2859 stianum
748 2803 943 2858 divina
970 2818 1078 2858 sua
1109 2817 1286 2857 manu
1326 2801 1399 2855 ab
1442 2799 1674 2855 insidiis
1714 2804 1931 2868 tutum,
1953 2798 2173 2855 sanctis
2203 2798 2462 2871 Deiparae
2494 2800 2767 2871 precibus
2810 2800 3113 2857 conﬁrmet
3142 2820 3156 2858 :
3190 2802 3284 2858 cui
3315 2801 3519 2875 gloria,
3550 2804 3868 2877 imperium

458 2893 645 2949 honor
672 2897 729 2949 et
757 2891 1103 2965 magnitudo
1135 2891 1193 2945 in
1222 2888 1455 2946 saecula.
1488 2892 1694 2945 Amen.

524 3081 830 3154 Gregoras,
862 3079 967 3146 lib,
998 3095 1097 3144 vn,
1128 3094 1257 3149 cap.
1286 3078 1341 3149 9,
1383 3093 1618 3132 causam
1652 3092 1754 3131 cur
1783 3075 2144 3131 Athanasius
2202 3076 2457 3132 seeuudo
2500 3076 2943 3147 patriarbatum
2975 3077 3349 3147 abdicaverit,
3371 3078 3641 3150 pluribus
3672 3083 3872 3136 narrat

460 3170 559 3226 ubi
591 3169 969 3226 doctissimus
1018 3167 1318 3223 Boivinius
1361 3167 1433 3220 ad
1476 3164 1802 3237 marginem
1850 3165 2130 3230 monet,id
2176 3166 2396 3220 factum
2424 3181 2577 3220 anno
2621 3165 3009 3233 Christil310,
3026 3168 3181 3223 unde
3210 3172 3453 3240 apparet
3471 3168 3867 3225 Athanasium

468 3260 724 3316 secundo
782 3256 1177 3330 patriarcham
1235 3254 1461 3311 sedisse
1519 3254 1691 3309 annis
1730 3271 1831 3309 sex
1861 3259 1919 3309 et
1948 3252 2171 3325 aliquot
2200 3254 2839 3310 measibus.Casterum
2894 3256 3197 3311 Athanasii
3267 3257 3558 3313 abdicatio
3614 3257 3866 3314 secundi

457 3348 907 3422 patriarchatus,
967 3346 1102 3401 licet
1145 3344 1301 3399 edita
1347 3344 1425 3398 sit
1477 3342 1668 3415 Graece
1716 3348 1941 3398 tantum
1983 3342 2044 3397 1n
2082 3342 2245 3397 Netis
2275 3343 2345 3397 ad
2382 3342 2699 3414 Gregoram
2723 3344 3667 3417 pag,762,utisupramonuimus,
3694 3347 3870 3403 nobis

454 3443 650 3494 tamen
685 3437 895 3491 iterum
928 3451 1057 3490 eam
1092 3433 1184 3488 hic
1216 3433 1523 3488 ederecum
1557 3436 1756 3486 nostra
1784 3432 1989 3487 Latina
2018 3430 2280 3487 versione
2312 3433 2521 3503 placet.
2555 3431 2649 3487 Sic
2683 3432 2863 3504 igitur
2891 3449 2954 3488 se
2985 3432 3191 3489 habet:

804 3532 1087 3589 Abdicatio
1132 3531 1361 3587 secundi
1385 3530 1810 3601 patriarchatus.

520 3624 661 3679 Cum
693 3622 960 3678 Ecclesiae
990 3621 1205 3676 Christi
1245 3636 1449 3675 curam
1501 3620 1589 3690 (eo
1614 3636 1729 3690 quo
1786 3620 1945 3674 novit
1975 3619 2097 3690 ipse

448 3713 689 3784 judicio)
719 3712 975 3766 secundo
1006 3709 1320 3781 gerendam
1371 3708 1761 3779 suscepimus,
1810 3708 1964 3762 Deus
1994 3708 2096 3762 Ec-

449 3800 637 3857 clesiae
668 3800 741 3856 iis
770 3800 871 3870 qui
902 3816 1006 3854 nos
1055 3799 1126 3853 ad
1179 3798 1239 3852 id
1299 3798 1562 3852 muneris
1617 3796 1901 3851 cohortati
1956 3800 2097 3852 sunt

450 3889 738 3962 episcOpis
768 3889 892 3959 (vos
920 3887 1077 3942 enim
1110 3887 1252 3942 estis
1284 3887 1385 3957 qui
1418 3886 1588 3941 nobis
1618 3884 1857 3941 meliora
1905 3884 2097 3957 provi-

452 3977 666 4049 distis),
715 3977 1043 4032 mercedem
1102 3975 1410 4039 retribuat,
1469 3991 1601 4029 cum
1660 3973 1866 4045 primis
1898 3978 2096 4029 autem

450 4066 788 4140 imperatori
815 4082 944 4121 meo
977 4066 1075 4137 qui
1108 4082 1141 4121 a
1175 4064 1290 4120 Deo
1324 4068 1637 4119 coronatus
1669 4067 1791 4130 est;
1854 4064 1905 4118 is
1939 4063 2097 4120 enim

452 4157 525 4213 ab
559 4156 724 4211 initio
751 4172 922 4210 suum
960 4169 1099 4227 erga
1129 4152 1447 4208 Ecclesiam
1493 4169 1625 4207 cum
1686 4151 1932 4207 scientia
1963 4167 2097 4206 con-

447 4247 727 4318 junctum
773 4244 1060 4309 studium,
1093 4241 1547 4298 sollicitudinem
1602 4246 1659 4295 et
1710 4240 2097 4311 patrocinium

448 4334 730 4402 exhibuit,
763 4332 1110 4402 exhibetque
1142 4331 1200 4384 in
1233 4329 1378 4395 dies,
1413 4329 1634 4400 optima
1666 4334 1858 4384 mente
1890 4328 2098 4401 praedi-

445 4428 563 4489 tus,
597 4440 714 4495 qua
743 4421 925 4477 nostri
959 4437 1161 4475 curam
1191 4435 1395 4491 gerere
1422 4434 1538 4473 non
1589 4419 1837 4487 destitit,
1869 4434 1935 4473 ac
1992 4434 2099 4472 nos

443 4512 720 4568 laudibus
751 4515 806 4566 et
836 4508 1139 4581 praeconiis
1178 4506 1508 4573 celebravit,
1570 4505 1737 4562 stolis
1767 4506 2096 4562 sacerdota-

445 4601 632 4667 libus,
667 4599 852 4655 sacris
882 4597 1241 4669 imaginibus
1273 4597 1451 4667 probe
1498 4596 1741 4651 ornatis.
1792 4601 1849 4650 et
1878 4595 2102 4650 incom-

451 4689 771 4761 parabilius
798 4688 1099 4743 beneﬁciis
1130 4685 1448 4741 Ecclesiam
1481 4684 1687 4740 ditavit
1712 4702 1724 4751 ;
1745 4684 1822 4740 ita
1845 4689 1908 4739 ut
1930 4700 2101 4739 nemo

448 4779 824 4834 decessorum
853 4780 1189 4832 nostrorum
1244 4772 1712 4845 patriarcharum
1772 4773 1844 4826 ab
1904 4772 2101 4827 ortho-

450 4866 616 4922 doxis
646 4870 704 4919 et
733 4865 845 4935 piis
908 4863 1360 4936 imperatoribus
1420 4861 1518 4932 qui
1579 4862 1804 4933 pridem
1865 4863 2104 4917 fuerunt

448 4958 615 5009 tanta
662 4952 1121 5017 obtinuerit,nisi
1142 4952 1389 5007 fortasse
1437 4949 1603 5004 illum
1642 4950 1938 5021 quispiam
1972 4966 2104 5004 cum

460 5057 673 5113 magno
702 5040 798 5095 illo
830 5041 928 5112 qui
965 5042 1288 5096 secundum
1324 5039 1597 5111 Spiritum
1630 5047 1793 5109 pater
1822 5039 1947 5109 ejus
1996 5044 2105 5109 est,

457 5135 514 5185 et
545 5128 825 5201 apostolis
858 5129 1090 5200 aequali,
1122 5128 1497 5184 Constantino
1537 5126 1870 5195 contulerit,
1902 5128 1974 5182 ob
2006 5127 2105 5182 ho-

459 5235 629 5275 nores
663 5234 811 5289 quos
842 5216 939 5271 ille
962 5217 1333 5273 sanctissimo
1363 5216 1634 5270 Silvestre
1665 5216 1910 5269 detulit:
1963 5220 2106 5270 tam-

450 5307 557 5363 etsi
606 5311 772 5361 tanta
829 5305 1202 5375 intercapedo
1250 5311 1340 5361 est
1388 5305 1538 5359 inter
1614 5303 1781 5358 illum
1860 5310 1918 5359 et
1975 5321 2102 5372 nos,

449 5393 846 5467 quantainter
878 5392 1126 5447 solarem
1179 5394 1405 5447 radium
1454 5397 1511 5447 et
1561 5393 1854 5447 intuentes
1910 5390 2100 5447 illum.

440 5483 829 5552 Quamobrem
864 5481 1227 5536 uberrimum
1261 5482 1369 5552 ipsi
1404 5482 1710 5553 prromium
1745 5482 1817 5535 ab
1867 5480 2096 5536 univer-

440 5589 643 5632 sorum
673 5587 807 5644 rege
828 5570 1159 5626 conferatur
1186 5587 1200 5638 ;
1232 5571 1731 5642 quemadmodum
1761 5573 1820 5626 et
1885 5585 2098 5643 magno

515 5679 593 5754 (4)
624 5680 793 5754 Eorte
816 5674 1223 5754 καταγεραίρων

516 5745 594 5835 (2)
624 5751 811 5823 Forte,
840 5745 983 5806 τινάζ

2458 3528 2789 3603 Παραίτησις
2815 3531 2916 3597 τῆς
2948 3526 3196 3605 δευτέρας
3223 3528 3612 3606 πατριαρχίας.

2278 3618 2384 3684 Τῆς
2415 3621 2648 3689 Χριστοῦ
2701 3615 3045 3688 Ἐκκλησίας,
3097 3620 3180 3680 οἷς
3231 3617 3391 3680 αὐτὸς
3431 3616 3546 3673 οἶδε
3594 3619 3865 3693 κρίμασι,

2206 3703 2295 3757 καὶ
2329 3701 2766 3780 δευτερόπρωτον
2814 3705 2915 3774 τήν
2966 3703 3225 3783 φροντίδα
3275 3704 3644 3780 διαδεξάμενοι
3670 3752 3690 3781 ,
3746 3713 3869 3770 τοῖς

2209 3792 2285 3855 εἰς
2342 3797 2504 3848 τοῦτο
2562 3792 3029 3870 προτρεψαμένοις
3086 3794 3426 3872 ἀρχιερεῦσιν
3497 3796 3624 3868 ὑμῖν
3681 3797 3867 3870 (ὑμεῖς

2207 3881 2311 3956 γὰρ
2362 3880 2586 3955 ἐκεῖνον)
2638 3883 2713 3944 ὡς
2761 3882 2851 3937 καὶ
2897 3884 3023 3960 περὶ
3065 3886 3225 3957 ἡμῶν
3277 3883 3753 3959 προνοησαμένοις
3802 3886 3874 3941 τά

2207 3969 2456 4046 κρείττω,
2510 3971 2538 4024 ὁ
2587 3978 2687 4039 τῆς
2742 3970 3068 4042 Ἐκκλησίας
3125 3971 3254 4028 Θεδς
3307 3973 3721 4047 ἀνταμείψαιτο,
3777 3974 3871 4028 καὶ

2213 4056 2450 4132 μάλιστα
2496 4063 2577 4131 τῷ
2618 4062 2893 4137 θεοστεφεῖ
2944 4059 3160 4136 βασιλεῖ
3212 4062 3302 4116 καὶ
3358 4062 3498 4138 ἀγίῳ
3553 4084 3656 4135 μου
3706 4062 3871 4118 αὐτο-

2207 4148 2472 4221 κράτορι,
2517 4147 2756 4224 ἀρχῆθεν
2814 4149 2940 4224 περὶ
2986 4151 3085 4218 τὴν
3140 4150 3461 4221 Ἐκκλησίαν
3511 4148 3873 4225 ὲνδειξαμένῳ

2206 4238 2297 4291 τὸν
2351 4237 2467 4291 κατ’
2526 4236 2816 4311 ἐπίγνωσιν
2870 4237 3036 4307 ζῆλον
3086 4238 3177 4293 καὶ
3232 4236 3474 4308 σπουδήν
3522 4239 3613 4295 καὶ
3670 4238 3871 4295 ἀναδο-

2208 4326 2336 4401 χήν,
2390 4326 2479 4380 καὶ
2534 4327 2653 4389 καθ’
2699 4326 2927 4396 ἑκάστην
2981 4324 3373 4402 ἐνδεικνυμένῳ
3424 4328 3614 4405 ἀρίστῃ
3672 4330 3869 4407 φρενί·

2210 4411 2277 4468 δι’
2324 4416 2386 4483 ἢν
2431 4414 2521 4468 καὶ
2570 4417 2730 4488 ἡμῶν
2785 4415 2847 4469 ού
2900 4412 3111 4471 διέλιπε
3157 4414 3441 4487 κήδεσθαι,
3492 4416 3731 4481 ἐπαίνοις
3778 4419 3872 4473 καὶ

2210 4503 2505 4580 εὔφημίαις
2564 4505 2969 4581 καταγεραίρειν
3034 4508 3130 4577 (1),
3189 4506 3279 4560 καὶ
3339 4504 3560 4569 στολιῖς
3618 4508 3872 4583 ίεραρχι-

2208 4597 2351 4663 καῐς,
2384 4591 2473 4646 καὶ
2519 4593 2689 4663 ἱεραῖς
2737 4592 2906 4648 εἰκόσι
2944 4599 3063 4656 ταῖς
3115 4595 3250 4666 μετά
3296 4594 3528 4668 κόσμου,
3574 4596 3663 4651 καὶ
3715 4595 3873 4673 εὐερ-

2208 4679 2412 4756 γεσίαις
2471 4680 2813 4757 ἀσυγκρίτως
2874 4684 2974 4752 τὴν
3040 4680 3369 4753 Ἐκκλησίαν
3427 4685 3824 4740 καταπλουτῶν
3855 4726 3871 4740 .

2210 4770 2298 4829 Ὡς
2347 4765 2543 4823 οὔποτε
2589 4774 2697 4824 τῶν
2745 4771 3225 4847 πατριαρχούντων
3279 4773 3422 4835 τινὸς
3472 4774 3550 4846 (2)
3598 4772 3869 4827 τοιούτων

2214 4854 2583 4911 έπαπολαῦσαι
2633 4858 2767 4933 πρὸς
2811 4862 2920 4914 τῶν
2970 4859 3219 4923 ἀνέκαθεν
3283 4855 3513 4915 εὐσεϐῶν
3564 4861 3654 4915 καὶ
3707 4860 3875 4937 ὀρθο-

2218 4942 2385 5014 δόξων
2446 4944 2877 5022 αὐτοκρατόρων·
2930 4947 2975 5001 εἰ
3027 4950 3099 5020 μή
3153 4969 3257 5002 που
3300 4949 3390 5003 καὶ
3436 4949 3535 5017 τήν
3566 4948 3873 5024 παρίσωσιν

2215 5034 2350 5107 πρὸς
2406 5038 2484 5106 τῷ
2538 5034 2734 5089 τούτου
2804 5036 2967 5110 πατρὶ
3022 5036 3157 5091 κατά
3210 5041 3447 5111 πνεῦμα,
3508 5041 3587 5109 τῷ
3645 5036 3877 5115 μεγάλῳ

2216 5122 2360 5197 φημί
2391 5122 2478 5176 καὶ
2513 5121 2879 5195 ἰσαποστόλῳ,
2928 5123 3180 5179 εἰκάσειεν
3231 5123 3291 5179 ἄν
3318 5146 3421 5192 τις,
3476 5125 3528 5180 ἐν
3576 5132 3697 5188 ταῖς
3733 5127 3879 5182 κατά

2211 5212 2303 5265 τὸν
2344 5211 2394 5266 ἐν
2445 5210 2624 5285 ἁγίοις
2674 5212 2875 5266 ἐκεῖνον
2925 5218 3113 5285 τιμαῖς
3162 5214 3452 5290 ἱερώτατον
3510 5210 3879 5292 Σίλϐεστρον,

2214 5299 2258 5354 εἰ
2309 5300 2551 5354 κάκείνου
2591 5301 2654 5354 τὸ
2712 5300 2871 5374 μέσον
2924 5303 3057 5376 πρὸς
3104 5302 3169 5356 τα
3224 5302 3483 5379 ἡμέτερα,
3535 5302 3659 5359 ὅσον
3714 5306 3879 5360 ἀκτῖ-

2210 5410 2297 5450 νος
2328 5387 2566 5459 ἡλιακῆς
2595 5390 2722 5451 τοὺς
2765 5391 2902 5467 πρὸς
2943 5389 3109 5459 αὐτὴν
3164 5391 3518 5461 ἀτενίζοντας.
3573 5394 3652 5448 Δι’
3698 5393 3732 5448 ἃ
3780 5395 3879 5450 καὶ

2210 5476 2707 5556 πλουσιοπαρόχως
2776 5479 3160 5558 ἀνταμειφθείη
3227 5481 3368 5557 πρὸς
3424 5487 3520 5538 τοῦ
3568 5482 3821 5539 παντάνα
3854 5517 3880 5528 -

2209 5588 2357 5639 κτος,
2417 5568 2555 5633 καθὰ
2627 5573 2708 5643 τῷ
2789 5568 3016 5646 μεγάλῳ
3072 5566 3259 5645 ἐκείνῳ
3328 5568 3382 5626 ἐν
3461 5568 3748 5650 βασιλεῦσι
3808 5575 3884 5632 τὰ
