4110 6408
246 447 362 507 493

1741 442 2170 507 EPlSTOL/E.

3546 443 3662 512 494

242 576 391 651 γέρα,
420 575 513 630 καὶ
569 574 776 651 πρώτῳ
826 571 879 629 ἐν
925 572 1236 651 ὀρθοδόξοις
1294 572 1671 631 ὑπολεανθέντι
1731 574 1899 647 πηλῷ

2023 576 2094 631 illi
2125 578 2278 632 inter
2308 577 2707 649 imperatores,
2760 583 2818 633 et
2864 579 3053 651 primo
3102 579 3255 635 inter
3307 580 3662 639 orthodoxos

244 661 542 719 πλατειῶν·
606 663 659 717 ἐν
721 661 778 718 δέ
841 684 901 739 γε
958 667 1028 737 τῇ
1096 662 1344 739 βασιλείᾳ
1413 667 1646 740 Χριστοῦ
1714 662 1902 735 ἐκείνῳ

244 753 693 828 συνευωχεῖσθαι,
751 750 843 806 καὶ
902 750 954 807 ἐν
1009 756 1125 824 Θεῷ
1181 753 1489 827 γάννυσθαι.
1548 749 1710 806 Ἀλλ’
1770 749 1903 827 ὅπερ

240 840 329 896 καὶ
390 838 573 916 λέγειν
633 839 982 916 ἐξώρμημαι,
1014 839 1150 915 πρὸς
1206 839 1269 895 τὸ
1324 847 1424 910 τῆς
1466 840 1747 916 ἱεραρχίας
1777 839 1907 894 ἀνα-

245 929 481 992 τεθέντες
538 931 703 1002 ἡμεῖς
754 928 992 1003 ὑψηλὸν,
1042 924 1165 984 οὔτε
1211 926 1622 1003 διηγωνίσμεθα
1650 928 1788 1003 πρὸς
1844 928 1906 982 τὸ

252 1019 390 1095 μέγα
431 1017 780 1092 πρεπόντως,
812 1014 938 1073 οὔτε
987 1014 1242 1090 ἐδόξαμεν
1289 1024 1406 1079 τοῖς
1463 1016 1721 1083 πολλοῖς,
1762 1014 1909 1071 ἀλλὰ

244 1107 337 1163 καὶ
397 1104 740 1183 δόσχρηστοι
789 1105 956 1162 πλέον
1001 1108 1129 1181 παρ’
1176 1106 1299 1161 ὅσον
1368 1107 1458 1161 καὶ
1526 1105 1902 1182 εὑρισκόμεθα·

247 1194 336 1252 καί
383 1192 453 1264 δὴ
503 1196 643 1272 πρὸς
689 1201 806 1257 τοῖς
842 1192 1035 1257 ἄλλοις
1084 1196 1163 1257 οἷς
1209 1196 1300 1250 καὶ
1348 1192 1800 1270 προσωνειδίκασι
1843 1195 1908 1249 τὸ

247 1283 300 1338 ἐν
357 1283 640 1360 ὑποκρίσει
695 1285 945 1359 βιοῦντας
992 1286 1164 1357 ἡμᾶς,
1214 1283 1341 1338 οὐδὲ
1388 1284 1522 1338 κατὰ
1584 1288 1684 1357 τῇς
1753 1281 1909 1357 ἁγίας

245 1373 337 1427 καὶ
404 1372 721 1446 ἀμωμήτου
789 1373 939 1446 ὑμῶν
1005 1371 1239 1434 πίστεως
1306 1378 1707 1451 συκοφαντῆσαι
1771 1370 1910 1450 ἐφεί-

252 1482 435 1518 σαντο.
468 1463 583 1530 Οἷς,
615 1462 712 1518 Θεὶ
755 1466 853 1517 τοῦ
900 1461 1122 1532 παντὸς,
1159 1462 1187 1516 6
1235 1460 1409 1516 ἐλθὼν
1464 1461 1538 1523 εἰς
1585 1461 1650 1516 τὸ
1696 1458 1908 1531 πλάνης

244 1549 341 1605 καί
394 1545 639 1613 ἀσεϐείας
684 1549 914 1627 βροτοὺς
963 1548 1428 1624 ἐκλυτρώσασθαι,
1477 1548 1528 1604 ἐν
1580 1552 1650 1622 τῇ
1699 1547 1907 1604 δικαιο-

246 1638 384 1714 σύνῃ
432 1661 531 1695 σου
576 1637 995 1716 ἀντιμέτρησοψ
1042 1638 1135 1693 καὶ
1183 1641 1218 1708 ἡ
1272 1637 1517 1716 ῥομφαία
1575 1637 1747 1692 αὐτῶν
1801 1637 1909 1693 εἷσ-

245 1726 402 1792 έλθοι
472 1728 548 1791 είς
584 1728 681 1790 τὰς
725 1725 950 1804 καρδίας
1000 1726 1200 1794 αὐτῶν,
1251 1727 1296 1780 εί
1347 1726 1456 1801 ἐγὼ
1507 1725 1593 1781 ἐπὶ
1642 1727 1701 1781 σε
1748 1725 1910 1801 ἐπερ-

248 1815 414 1894 ῥίφην
466 1814 575 1871 ἀπὸ
619 1815 872 1892 γαστρός·
924 1815 1015 1870 καὶ
1068 1813 1280 1888 μᾶλλον
1328 1819 1446 1876 τοῖς
1495 1814 1617 1890 περὶ
1670 1814 1761 1868 τὸν
1808 1815 1908 1869 Ἰά-

246 1899 451 1977 κωϐον,
492 1909 610 1967 τοῖς
670 1902 962 1980 ἐπαράτοις
1033 1904 1123 1959 καὶ
1191 1904 1369 1973 πάντη
1435 1903 1797 1978 θεοστυγέσιν.
1848 1902 1911 1957 Οἳ

246 1994 336 2049 καὶ
402 1995 644 2071 καθάπερ
712 1992 1147 2069 ἀπεχθανόμενοι
1202 1997 1282 2064 τῷ
1342 1991 1428 2046 ἐπὶ
1493 1992 1708 2047 πάντων
1775 1996 1913 2075 Θεῷζ

248 2080 597 2137 δικαιώσαντι
664 2083 753 2137 καὶ
813 2085 962 2155 ἡμᾶς
1027 2079 1309 2136 καλεῖσθαι
1352 2081 1457 2135 ἀπὸ
1510 2085 1768 2158 Χριστοῦ,
1823 2082 1913 2135 και

249 2194 325 2245 μη
360 2169 585 2248 ἔχοντες
633 2170 784 2233 ὅπως
834 2170 1032 2225 ἐκεῖνον
1078 2169 1397 2243 ἀμύνονται.
1427 2172 1562 2224 κατὰ
1608 2176 1708 2239 τῆς
1755 2170 1908 2244 ἱερᾶς

248 2260 458 2316 ἐκείνου
523 2257 842 2333 θεανδρικῆς
906 2259 996 2314 καὶ
1068 2265 1446 2336 προσκυνητῆς
1526 2257 1754 2329 εἰκόνος,
1806 2265 1911 2327 τῆς

249 2349 585 2426 ἐρημώσεως
638 2350 707 2404 τὰ
767 2346 1144 2425 βδελὺγματα,
1196 2345 1241 2402 ὢ
1296 2352 1404 2403 τῶν
1467 2347 1613 2419 ἐμῶν
1684 2349 1905 2402 κακῶνί

250 2437 517 2508 λυττῆσαι
564 2437 663 2493 οὐκ
724 2432 964 2515 ἔφριξαν,
1014 2438 1153 2513 πρὸς
1199 2434 1258 2491 δὲ
1303 2436 1392 2492 καὶ
1438 2437 1542 2506 τῆς
1590 2434 1910 2513 παναχράν-

248 2548 346 2583 του
409 2524 699 2598 δεσποίνης
736 2529 895 2599 ἡμῶν
959 2525 1249 2594 Θεοτόκου,
1294 2525 1384 2581 καὶ
1432 2530 1530 2580 τοῦ
1592 2524 1766 2580 τόπου
1814 2529 1910 2579 τοῦ

248 2616 394 2672 θείου
464 2616 555 2671 καὶ
626 2614 917 2693 ζωηφόρου
968 2619 1221 2691 σταυροῦ.
1273 2616 1351 2669 Δι’
1395 2614 1486 2677 οὖς
1532 2614 1622 2669 καὶ
1670 2612 1911 2687 ἀνάθεμα

250 2712 412 2761 πᾶσιν
463 2706 762 2781 αἱρετικοῖς
821 2698 1000 2759 ἐκϐοῶ
1075 2703 1182 2758 ἀπὸ
1238 2708 1371 2759 Θεοῦ
1444 2704 1907 2779 παντοκράτορος,

251 2796 340 2850 καὶ
403 2792 992 2870 χριστιανοκατηγόρῳ
1072 2793 1253 2865 παντὶ,
1319 2797 1398 2865 τῷ
1465 2793 1541 2865 μὴ
1601 2791 1904 2867 ἀξιοχρέως

256 2884 672 2957 μετανοήσαντι.
730 2882 828 2936 Διὰ
880 2886 1049 2937 ταῦτα
1105 2882 1193 2936 καὶ
1235 2888 1338 2951 τῆς
1387 2883 1547 2953 ἡμῶν
1583 2882 1661 2953 (1)
1693 2878 1909 2955 ἱερότη-

248 2994 341 3035 τος
391 2969 607 3044 δέομαι,
651 2972 727 3044 μή
780 2971 915 3047 πρὸς
982 2967 1323 3044 ἐμποδισμὸν
1374 2968 1624 3039 ἐνστῆναί
1671 2989 1793 3023 τινα
1840 2968 1910 3023 δι’

250 3061 410 3117 αὑτὸν
440 3061 532 3116 τὸν
572 3059 820 3136 Χριστόν.
852 3061 969 3113 Ὅτι
1028 3056 1169 3133 μηδὲ
1220 3056 1439 3113 δυνατὸν
1488 3056 1630 3113 ἄλλο
1670 3079 1723 3112 τι
1774 3077 1907 3135 φρο-

250 3158 411 3222 νῆσαι
440 3148 639 3226 ἀπάρτι
681 3151 850 3221 ἡμᾶς,
884 3146 938 3203 εἶ’
977 3170 1030 3203 τι
1073 3148 1163 3203 καὶ
1210 3149 1452 3223 γένοιτο,
1484 3146 1565 3202 ὅτι
1624 3146 1715 3202 καὶ
1762 3149 1910 3222 γήρᾳ

253 3240 344 3295 καὶ
410 3238 657 3309 ἀσθενείᾳ
719 3236 1213 3313 ταλαιπωροῦντες,
1264 3234 1389 3292 οὐδὲ
1455 3235 1585 3292 αὐτὸ
1648 3236 1711 3290 τὸ
1776 3236 1904 3310 ὁρᾷν

2015 666 2253 737 praemia
2284 666 2549 733 contulit,
2581 668 2681 738 qui
2715 672 2886 723 antea
2915 667 3038 723 luto
3098 667 3423 740 platearum
3464 671 3651 729 illitus

2016 754 2207 809 fuerat
2241 772 2254 810 :
2288 756 2687 828 concedatque
2717 756 2830 828 ipsi
2860 760 2925 811 ut
2955 756 3014 811 in
3071 774 3251 830 regno
3300 757 3515 815 Christi
3544 778 3664 818 una

2016 859 2149 898 cum
2184 844 2282 899 illo
2307 844 2578 915 epuletur
2608 849 2665 900 et
2695 846 2753 899 in
2789 852 2901 900 Deo
2935 846 3175 901 laetetur.
3210 847 3322 903 Sed
3374 852 3439 903 ut
3468 849 3662 907 dicere

2017 948 2327 1004 cceperam,
2363 950 2469 989 nos
2495 934 2566 989 ad
2596 934 2968 1006 episcopatus
3010 935 3311 1007 fastigium
3352 939 3554 1006 evecti,
3587 940 3660 995 ad

2017 1036 2293 1093 magnam
2315 1019 2479 1075 illam
2510 1035 2633 1076 rem
2656 1038 2769 1076 non
2785 1026 3072 1093 quantum
3105 1022 3347 1078 decebat
3375 1022 3657 1081 laboravi-

2018 1114 2245 1178 mus,ut
2275 1108 2583 1180 permultis
2613 1109 2804 1165 visum
2834 1114 2955 1178 est;
2982 1109 3099 1165 imo
3130 1110 3305 1166 etiam
3338 1112 3659 1169 admodum

2018 1197 2258 1252 inutiles
2287 1197 2783 1268 deprehendimur
2815 1216 2829 1253 :
2863 1214 2927 1253 ac
2960 1203 3349 1271 praeterquam
3382 1202 3537 1271 quod
3567 1218 3663 1257 ex-

2018 1286 2374 1358 probrarunt
2420 1303 2528 1342 nos
2569 1302 2704 1342 cum
2752 1286 3047 1359 hypocrisi
3112 1288 3291 1343 vitam
3352 1305 3542 1361 agere,
3592 1307 3665 1347 ne

2020 1374 2258 1447 quidem
2306 1377 2567 1430 sanctam
2636 1379 2693 1431 et
2755 1375 3118 1448 inculpatam
3178 1376 3351 1433 ﬁdem
3401 1384 3664 1435 nostram

2019 1463 2332 1519 calumniis
2379 1481 2623 1520 vacuam
2674 1464 3054 1537 reliquerunt.
3124 1465 3370 1536 Quibus,
3429 1483 3463 1523 o
3509 1468 3665 1524 Deus

2018 1552 2452 1620 universorum,
2485 1553 2586 1624 qui
2618 1553 2825 1609 venisti
2858 1558 2923 1608 ut
2953 1554 3230 1609 mortales
3282 1555 3353 1611 ab
3384 1571 3578 1612 errore
3609 1560 3668 1613 et

2020 1640 2321 1713 impietate
2353 1642 2651 1712 liberares,
2684 1642 2743 1695 in
2776 1642 3011 1713 justitia
3057 1646 3160 1698 tua
3204 1642 3326 1699 vice
3356 1646 3663 1716 rependas,

2020 1733 2078 1785 et
2106 1728 2338 1802 gladius
2369 1746 2569 1785 eorum
2602 1730 2781 1785 intret
2807 1730 2865 1785 in
2899 1731 3077 1786 corda
3133 1730 3420 1803 ipsorum,
3452 1733 3503 1789 si
3532 1750 3662 1806 ego,

2021 1821 2078 1872 et
2108 1817 2346 1889 quidem
2369 1817 2683 1890 plusquam
2713 1818 2839 1890 ipse
2866 1819 3147 1887 Jacobus,
3196 1822 3257 1874 in
3296 1825 3349 1875 te
3387 1823 3666 1892 proiectus

2020 1923 2144 1962 sum
2198 1924 2270 1962 ex
2320 1916 2478 1963 utero
2521 1924 2534 1961 :
2587 1908 2686 1978 qui
2744 1908 3083 1963 exsecrandi
3135 1908 3406 1965 homines
3451 1927 3517 1966 ac
3559 1911 3663 1967 Dei

2026 2012 2245 2061 osores,
2278 1996 2446 2066 quasi
2477 1995 2816 2051 inimicitias
2846 2000 3113 2069 gerentes
3166 1998 3447 2054 adversus
3478 1999 3664 2055 Deum

2027 2083 2454 2153 universorum,
2487 2084 2586 2155 qui
2617 2101 2723 2140 nos
2754 2101 2855 2157 per
2883 2084 3177 2141 Christum
3210 2087 3400 2142 vocari
3455 2087 3665 2161 digna-

2025 2176 2123 2227 tus
2153 2176 2261 2237 est,
2295 2189 2482 2243 neque
2513 2172 2706 2244 ipsum
2738 2173 2974 2244 aggredi
3021 2173 3297 2246 valentes,
3349 2182 3549 2232 contra
3580 2194 3668 2233 sa-

2025 2276 2184 2315 cram
2216 2260 2315 2316 Dei
2365 2261 2471 2315 viri
2516 2266 2573 2316 et
2620 2261 2977 2316 adorandum
3034 2262 3369 2336 imaginem,
3406 2266 3573 2337 quasi
3604 2266 3664 2321 in

2024 2350 2457 2405 abominatione
2489 2348 2866 2405 desolationis
2897 2352 2951 2423 (ο
2984 2367 3173 2407 meam
3214 2351 3607 2411 calamitatem
3630 2355 3668 2427 ι)

2023 2437 2363 2493 debacchari
2397 2453 2513 2492 non
2545 2436 2991 2494 exhorruerunt.
3018 2439 3101 2493 Ad
3135 2439 3255 2496 haec
3284 2457 3420 2497 vero
3451 2442 3669 2499 similia

2022 2530 2429 2598 perpetrarunt
2471 2526 2529 2579 in
2600 2525 2980 2597 purissimam
3051 2528 3358 2585 Dominam
3406 2536 3667 2588 nostram

2019 2614 2349 2686 Deiparam,
2381 2630 2607 2669 necnon
2641 2614 2701 2668 in
2733 2614 2991 2670 divinam
3052 2621 3109 2670 et
3135 2617 3427 2673 vivificam
3471 2620 3664 2675 crucis

2022 2703 2360 2775 imaginem.
2395 2704 2583 2767 Quare
2611 2720 2681 2758 ex
2710 2702 2810 2758 Dei
2837 2704 3186 2760 auctoritate
3219 2707 3519 2764 universos
3551 2708 3666 2765 has-

2022 2792 2231 2847 reticos
2261 2790 2391 2846 illos
2421 2790 2736 2847 anathema
2766 2808 2894 2847 esse
2923 2810 2957 2847 a
2985 2797 3097 2848 Deo
3122 2794 3518 2867 omnipotente
3548 2798 3666 2855 alta

2019 2896 2157 2935 voce
2188 2880 2339 2948 dico,
2370 2895 2593 2935 necnon
2645 2896 2850 2935 omnes
2899 2880 3362 2939 Christianorum
3423 2902 3662 2942 accusa-

2020 2975 2196 3039 tores,
2229 2969 2343 3024 nisi
2399 2969 2799 3040 poznitentiam
2858 2971 3104 3042 egerint.
3148 2971 3455 3043 Propterea
3499 2991 3572 3030 ne
3599 2975 3662 3031 in

2019 3057 2207 3129 ipsius
2222 3056 2435 3112 Christi
2450 3057 2866 3112 causaobicem
2885 3059 3218 3130 quempiam
3236 3061 3480 3116 afferant
3498 3063 3665 3132 ;quia

2021 3146 2144 3201 ﬁeri
2175 3146 2380 3216 nequit
2408 3149 2473 3201 ut
2501 3144 2616 3200 alia
2637 3146 2765 3215 jam
2800 3147 3148 3215 sentiamus,
3197 3148 3481 3220 quidquid
3530 3155 3661 3206 tan-

2019 3235 2151 3289 dem
2184 3233 2409 3289 eveniat
2440 3250 2453 3288 :
2487 3250 2622 3288 nam
2657 3238 2955 3290 senectute
2993 3240 3051 3290 et
3088 3236 3432 3294 infirmitate
3461 3238 3662 3294 debili-

254 3327 482 3405 ἔχομεν.
517 3308 695 3383 Ἀλλὰ
723 3329 845 3400 (sic)
874 3308 1117 3402 πρόσιτε,
1149 3325 1302 3398 ἀξιῶ,
1332 3330 1412 3397 τῷ
1464 3325 1607 3400 ἁγίῳ
1654 3346 1758 3397 μου
1805 3308 1900 3378 αὖ-

2023 3323 2143 3394 tati,
2175 3339 2248 3377 ne
2295 3321 2534 3393 quidem
2586 3322 2888 3377 oculorum
2936 3340 3111 3379 usum
3168 3324 3476 3382 habemus.
3524 3327 3658 3393 Sed,

250 3418 565 3493 τοκράτορι,
606 3412 982 3484 ἐκδυσωπῆσαι
1030 3414 1274 3469 κάκεῖνον
1336 3413 1469 3489 ὑπὲρ
1522 3412 1679 3486 ἐμοῦ,
1729 3412 1897 3468 πλέον

252 3507 502 3561 ἁπάντων
554 3510 659 3573 τῆς
745 3502 1070 3573 Ἐκκλησίας
1154 3504 1254 3572 τὴν
1346 3500 1580 3579 μέριμαν
1628 3500 1896 3580 τρέφοντι,

248 3597 566 3670 συγκροτεῖν
599 3590 929 3662 ἐξαιτοῦντες
959 3591 1049 3646 καὶ
1082 3589 1392 3667 συντρέχειν
1445 3591 1572 3663 ὑμῖν
1620 3589 1673 3645 ἐν
1717 3590 1901 3660 παννὶ,

255 3681 346 3736 καὶ
405 3677 619 3754 μᾶλλον
678 3678 754 3741 είς
812 3678 1035 3752 ἐρεύνης
1105 3685 1475 3751 πνευματικῆς
1551 3677 1897 3749 ἀναζήτησιν·

256 3771 330 3833 ὡς
382 3769 443 3824 ἃν
493 3769 586 3824 τὸν
641 3764 903 3844 ἀρμόδιον
970 3772 1091 3830 ταῖς
1150 3767 1432 3843 ὑμετέραις
1501 3766 1690 3843 εὐχαῖς
1741 3787 1903 3822 κατα-

252 3860 463 3932 πέμψοι
539 3861 611 3931 τῇ
663 3856 871 3931 ποίμνῃ
936 3854 1165 3933 Χριστδς
1228 3855 1305 3919 εἰς
1373 3855 1647 3930 ἐπίσκεψιν
1714 3856 1901 3931 ἱερέων

252 3947 343 4002 καὶ
398 3945 765 4020 μοναζόντων,
814 3945 905 4000 καὶ
973 3944 1110 4001 λαοῦ
1179 3945 1569 4021 Χριστωνόμου
1624 3950 1720 4000 τοῦ
1769 3945 1907 4018 σύμ-

254 4056 480 4098 παντος.
535 4034 678 4110 Πρὸς
743 4032 801 4089 δὲ
862 4033 1099 4106 τούτοις,
1151 4034 1266 4089 ἐπεὶ
1312 4034 1404 4089 τὸν
1465 4033 1517 4089 ἐν
1572 4034 1718 4108 μέσῳ
1767 4034 1907 4095 εἰκὸς

259 4122 646 4199 εὑρισκόμενον
700 4123 776 4195 μὴ
827 4120 1015 4177 λυπεῖν
1056 4121 1147 4177 καὶ
1203 4120 1490 4177 λυπεῖσθαι
1537 4122 1681 4198 παρά
1725 4127 1906 4194 τινῶν,

256 4212 387 4274 τοὺς
455 4210 802 4282 λυπήσαντας
872 4208 1256 4282 ὁπωσδήποτε,
1305 4210 1396 4266 καί
1440 4210 1566 4273 τοὺς
1620 4211 1706 4289 ὑφ’
1753 4213 1911 4284 ἡμῶν

261 4299 627 4373 λυπηθέντας,
677 4302 1084 4377 συγχωρήσεως
1142 4300 1356 4371 ἀξιώσει
1400 4304 1475 4374 (2)
1522 4300 1612 4355 καὶ
1671 4300 1907 4378 ἀμφοτέ-

262 4410 390 4465 ρους
437 4390 467 4444 ὁ
510 4388 609 4444 ἐπὸ
656 4391 719 4444 τὸ
776 4393 946 4444 σῶσαι
994 4389 1057 4444 τὸ
1107 4387 1335 4461 πλάσμα
1380 4390 1459 4463 (3)
1511 4386 1911 4466 φιλανθρώπως

257 4477 718 4556 παραγενόμενος,
768 4477 857 4533 καὶ
905 4483 1155 4554 κρατυνεῖ
1189 4479 1265 4551 (4)
1311 4478 1380 4532 τὰ
1425 4482 1533 4533 τῶν
1586 4474 1911 4554 ὀρθοδόξων,

258 4568 349 4623 καὶ
407 4565 703 4642 σκαιωρίας
760 4565 1117 4643 περιφυλάξοι
1166 4564 1426 4628 παντοίας
1488 4566 1578 4621 καὶ
1654 4567 1917 4639 ποιμένας

2011 3428 2231 3483 quaeso,
2266 3411 2676 3482 imperatorem
2710 3428 2904 3467 meum
2939 3412 3187 3478 adite,ac
3207 3431 3311 3486 pro
3343 3431 3436 3471 me
3457 3420 3656 3488 rogate

2011 3516 2143 3555 eum
2178 3498 2276 3571 qui
2309 3498 2443 3570 plus
2474 3499 2750 3555 omnibus
2778 3500 3046 3557 Ecclesiae
3070 3501 3525 3560 sollicitudinem
3558 3521 3654 3578 ge-

2011 3588 2084 3643 rit
2115 3592 2171 3643 et
2199 3589 2368 3654 fovet,
2402 3592 2468 3641 ut
2497 3587 2798 3643 vobiscum
2832 3594 3162 3659 concurrat,
3192 3608 3295 3647 vos
3325 3593 3562 3664 adjuvet
3592 3594 3650 3650 in

2012 3677 2288 3732 omnibus
2320 3675 2687 3749 maximeque
2718 3678 2788 3732 ad
2821 3678 3107 3734 examinis
3138 3680 3465 3752 spiritualis
3524 3700 3653 3755 per-

2014 3766 2392 3837 quisitionem
2413 3783 2427 3832 ;
2450 3769 2515 3819 ut
2533 3764 2743 3821 vestris
2764 3767 3035 3838 precibus
3057 3768 3396 3842 episcopum
3419 3771 3655 3829 dotibus

2015 3855 2370 3911 instructum
2404 3854 2599 3908 mittat
2628 3854 2699 3909 ad
2732 3854 2879 3911 ovile
2907 3855 3142 3926 Christi,
3178 3861 3277 3930 qui
3335 3862 3655 3917 sacerdoti-

2016 3944 2149 4011 bus,
2186 3941 2490 3998 monachis
2522 3946 2579 3997 et
2611 3942 2881 3999 universo
2912 3945 3240 4003 Christiano
3271 3949 3487 4020 populo
3521 3967 3658 4022 pro-

2018 4032 2249 4105 spiciat.
2284 4032 2368 4085 Ad
2405 4031 2526 4087 haec
2556 4048 2689 4087 vero
2721 4049 2826 4103 par
2855 4050 2969 4089 non
3001 4040 3091 4090 est
3121 4040 3186 4090 ut
3224 4036 3273 4091 is
3307 4038 3404 4109 qui
3441 4039 3565 4109 jam
3597 4039 3658 4095 in

2020 4137 2261 4176 munere
2286 4126 2551 4176 versatur
2579 4120 2810 4193 aliquos
2838 4124 3207 4188 offendat,vel
3238 4142 3272 4180 a
3302 4126 3661 4197 quibusdam

2021 4210 2351 4267 offendatur
2381 4227 2396 4277 ;
2429 4227 2562 4265 cum
2595 4210 2666 4266 iis
2698 4211 2799 4282 qui
2856 4229 2949 4267 me
2997 4212 3311 4285 aliquando
3366 4215 3660 4287 laeserunt,

2021 4307 2148 4354 tum
2180 4298 2254 4354 iis
2284 4298 2385 4371 qui
2414 4316 2444 4353 a
2479 4315 2571 4354 me
2612 4298 2729 4355 laesi
2782 4309 2938 4369 sunt,
2997 4302 3262 4373 utrisque
3318 4303 3540 4360 scilicet
3568 4322 3662 4362 ve-

2025 4389 2184 4444 niam
2218 4388 2496 4443 concedat
2525 4388 2621 4460 qui
2675 4394 3043 4459 peramanter
3091 4391 3162 4446 ad
3213 4391 3512 4463 opiﬁcium
3543 4411 3663 4450 ser-

2023 4478 2280 4533 vandum
2315 4476 2546 4531 advenit
2574 4494 2593 4536 ;
2623 4476 2896 4547 idemque
2926 4478 3302 4533 orthoxorum
3335 4496 3424 4535 res
3454 4482 3664 4537 conﬁr-

2028 4570 2166 4631 met,
2200 4570 2375 4636 atque
2403 4570 2669 4636 pastores
2697 4569 2754 4619 et
2782 4564 2972 4634 ovilia,
3007 4568 3289 4638 quamdiu
3320 4570 3405 4625 sol
3450 4573 3664 4627 terram

262 4656 351 4711 καὶ
401 4654 655 4729 ποίμνια,
680 4651 788 4718 ἕως
844 4656 942 4725 τήν
974 4662 1079 4731 γῆν
1111 4655 1139 4710 6
1175 4652 1341 4724 ἥλιος
1389 4654 1579 4733 ἐφορᾷ,
1608 4650 1909 4730 πρεσϐείαις

2028 4654 2318 4727 respiciet,
2352 4654 2510 4709 omni
2543 4652 2769 4709 malitia
2795 4670 3009 4710 vacuos
3048 4662 3365 4725 conservet,
3400 4659 3669 4731 precibus

266 4745 533 4815 ἀλήκτοις
560 4750 663 4815 τῆς
692 4744 785 4799 τὸν
830 4742 992 4812 ἥλιον
1039 4750 1142 4813 τῆς
1189 4741 1534 4814 δικαιοσύνης
1582 4745 1916 4816 σωματωσά-

268 4855 369 4903 σης
401 4833 549 4889 Θεόν.

337 4928 465 4985 Τοῖς
518 4920 838 4996 ἱερωτάτοις
896 4920 1208 4998 ἀρχιερεῦσι
1268 4925 1425 4990 Θεοῦ,
1458 4921 1548 4976 καὶ
1595 4925 1712 4983 τοῖς
1770 4917 1918 4975 ἐνδο-

263 5012 511 5086 ξοτάτοις
556 5016 675 5074 τοῖς
719 5017 819 5081 τῆς
869 5010 1177 5087 συγκλήτου
1226 5009 1454 5087 βουλῆς,
1496 5010 1585 5065 καὶ
1631 5015 1748 5072 τοῖς
1784 5009 1921 5065 ἐντι-

274 5101 535 5176 μοτάτοις
560 5104 660 5155 τοῦ
707 5098 920 5174 κλήρου
968 5100 1165 5174 ἱερεῦσι
1215 5100 1305 5155 καὶ
1360 5100 1673 5173 μονάζουσι,
1713 5104 1828 5161 τοῖς
1866 5119 1926 5153 τε

271 5191 744 5267 στρατευομένοις,
792 5189 882 5244 καὶ
947 5194 1068 5253 τοῖς
1123 5196 1226 5259 τῆς
1293 5187 1574 5250 πολιτείας
1640 5187 1925 5249 πλουσίοις

268 5300 332 5335 τε
377 5279 469 5334 καὶ
524 5278 867 5351 πενομένοις,
917 5277 1008 5332 καὶ
1076 5275 1296 5354 ἀνδράσι
1358 5276 1449 5332 καὶ
1516 5276 1747 5352 γυναιξὶ,
1795 5282 1923 5331 πᾶσι

274 5366 544 5439 διηνεκῶς
572 5367 931 5443 χορηγεῖσθαι
982 5367 1044 5421 τὸ
1097 5370 1195 5422 τοῦ
1248 5370 1381 5421 Θεοῦ
1411 5364 1714 5441 ἐπεύχομαι
1750 5363 1926 5426 ἔλεος.

271 5457 409 5514 Εἶτα
436 5455 526 5512 καὶ
574 5461 737 5510 πᾶσιν
796 5450 1072 5511 ἀντιϐολῶ
1127 5457 1203 5530 μή
1269 5454 1344 5517 ὡς
1383 5453 1544 5530 ἔτυχε
1599 5452 1927 5530 προσταλαι-

272 5550 481 5625 πωρεῖν
557 5548 863 5607 κοπιῶντας
916 5548 985 5619 τῇ
1044 5543 1097 5601 ἐν
1248 5548 1616 5621 παροικοῦμεν
1675 5541 1927 5619 ἐσχατιᾷ,

362 5657 418 5728 1)
450 5653 792 5728 Legendum
826 5651 1000 5728 ὑμῶν.

362 5657 418 5722 1)
450 5657 792 5727 Legendum
826 5657 864 5721 ὑλ

336 5657 424 5823 ἱῖ)
452 5729 567 5787 Pro
595 5722 864 5800 ἀξιώσειε.

2029 4743 2286 4801 assiduis
2314 4743 2442 4814 ejus
2474 4742 2574 4813 qui
2607 4740 2799 4798 Solem
2816 4742 3061 4813 justitia:
3098 4745 3277 4801 Deum
3307 4763 3545 4819 corpore
3575 4748 3671 4805 in-

2028 4834 2231 4889 truxit.

2104 4919 2507 4977 Sanctissimis
2577 4920 2670 4975 nei
2739 4920 3087 4991 praesulibus
3151 4922 3520 4995 gloriossimo
3584 4941 3674 4982 se-

2035 5010 2221 5078 natui,
2273 5017 2331 5064 et
2378 5007 2850 5063 honoratissimis
2900 5026 2929 5062 e
2979 5009 3130 5067 clero
3176 5014 3577 5070 sacerdotibus
3621 5019 3679 5072 et

2036 5099 2363 5165 monachis,
2394 5098 2467 5153 iis
2519 5098 2617 5169 qui
2672 5096 2941 5153 militiam
3004 5106 3290 5170 exercent,
3336 5119 3402 5158 ac
3449 5102 3676 5159 civibus

2035 5189 2314 5246 divitibus
2346 5187 2820 5260 pauperibusque
2849 5188 2987 5244 viris
3017 5195 3072 5244 et
3115 5191 3458 5247 mulieribus
3489 5191 3677 5248 omni-

2036 5279 2148 5334 bus
2173 5278 2272 5333 Dei
2325 5276 2789 5331 misericordiam
2841 5279 3089 5333 conferri
3142 5280 3429 5352 supplico.
3468 5282 3680 5337 Deinde

2036 5367 2340 5422 universos
2374 5381 2511 5437 rogo
2543 5369 2609 5419 ut
2638 5381 2707 5419 ne
2738 5381 2977 5435 prorsus
3022 5368 3323 5424 afﬂictioni
3353 5386 3414 5426 se
3444 5370 3681 5438 dedant,

2038 5454 2202 5511 fracti
2234 5454 2430 5508 animo
2461 5452 2534 5508 ob
2564 5456 2881 5508 extremam
2934 5455 2993 5510 in
3035 5473 3149 5528 qua
3204 5473 3507 5513 versamur
3528 5456 3683 5514 cala-

2041 5543 2303 5600 mitatem
2338 5558 2351 5596 :
2385 5557 2519 5596 cum
2552 5541 2837 5613 sapientia
2863 5560 3042 5617 supra
3071 5550 3327 5603 montem
3361 5546 3549 5619 posita
3578 5545 3676 5626 sit,

2109 5650 2190 5722 (3)
2219 5644 2532 5722 placeatne
2549 5649 2706 5720 apud
2735 5647 3088 5711 Boivinium.

2110 5673 2168 5718 ςῧ
2222 5673 2519 5722 υΛατυσμα
2549 5673 2664 5720 upu

2110 5673 2190 5806 (45
2220 5720 2331 5781 Pro
2368 5715 2664 5801 κρατύνειε.
