4110 6470
465 450 583 508 495

1584 446 2012 511 ATHANASII
2059 450 2175 510 ΟΡ.
2224 446 2752 512 ΡΑἹἯΙΑΒΟΗΑΞ

3755 450 3874 513 496

460 597 528 638 ac
558 580 813 636 illustret
840 595 938 635 eos
977 580 1076 651 qui
1124 578 1575 635 illuminationis
1628 596 1808 637 causa
1863 581 1937 636 ad
1977 597 2108 637 eam

2223 586 2321 648 τῆς
2356 579 2547 657 σοφίας
2586 584 2721 636 Θεοῦ
2769 580 2952 637 ἐπάνω
3002 575 3162 655 ὅρους
3209 579 3490 653 κειμένης,
3529 579 3621 637 καὶ
3670 578 3880 652 τηλαυ-

466 671 840 737 concurrunt.
868 671 1150 722 Craterum
1180 667 1345 723 vobis
1375 683 1410 723 a
1440 667 1485 723 D
1511 684 1578 724 eo
1604 668 1913 725 charitatis
1962 670 2132 724 retri-

2243 669 2445 744 γούσης
2511 668 2638 731 τοῦς
2685 666 2860 725 ἕνεκεν
2910 672 3194 746 φωτισμοῦ
3256 669 3392 744 πρὸς
3459 666 3625 739 αὐτὴν
3676 668 3885 745 ἐπιπρέ-

465 760 703 825 buatur,
732 756 1019 830 quidquid
1053 754 1272 811 laboris
1321 761 1559 829 propter
1605 756 1950 812 charitatem
1985 774 2109 814 sust

2243 776 2464 833 χοντας·
2497 757 2643 827 πλὴν
2675 758 2764 814 καὶ
2804 761 2939 830 ἡμῖν
2989 756 3406 833 ἀντιμετρηθείη
3457 756 3595 832 πρὸς
3640 762 3739 815 τοῦ
3784 765 3883 828 τῆς

464 845 721 918 cepistis,
753 850 812 902 et
832 844 1099 916 utrisque
1145 850 1417 902 nostrum
1467 862 1689 902 merces
1737 846 2123 903 conferatur:

463 934 947 1007 quandoquidem
990 938 1050 989 et
1100 950 1208 990 nos
1265 933 1568 990 insolubili
1620 935 1841 991 amoris
1890 934 2126 991 vinculo

462 1022 712 1093 astricti,
746 1038 861 1078 non
895 1022 1007 1078 levi
1038 1023 1109 1078 de
1151 1039 1333 1079 causa
1366 1040 1401 1078 a
1443 1024 1608 1081 vobis
1651 1040 1758 1079 nos
1797 1023 2129 1097 segregavi-

464 1129 622 1178 mus,
646 1113 747 1168 sed
783 1118 846 1166 ut
876 1110 975 1167 ille
1004 1127 1258 1184 magnus
1289 1128 1477 1184 prisco
1507 1113 1612 1180 ait,
1644 1135 1673 1162 «
1711 1114 1844 1177 Quas
1876 1118 2118 1169 sanctus

458 1201 616 1259 Deus
646 1199 893 1257 consilia
923 1200 1054 1255 iniit
1085 1201 1221 1273 quis
1250 1201 1566 1272 dissipabit
1594 1202 1784 1257 ?Nam
1837 1218 1971 1257 cum
2026 1201 2123 1258 ille

456 1295 515 1350 et
548 1295 865 1363 conspectu
897 1295 956 1346 et
984 1290 1244 1362 alloquio
1297 1290 1759 1347 charissinorum
1811 1308 1916 1346 nos
1964 1290 2120 1346 indi-

461 1396 612 1453 gnos
636 1377 1006 1451 judicaverit,
1041 1378 1100 1434 id
1132 1377 1326 1434 solum
1358 1379 1526 1434 vobis
1555 1379 1804 1435 suadere
1842 1379 2121 1436 convenit

461 1473 528 1524 ut
555 1484 662 1540 pro
692 1467 1078 1539 nobispreces
1098 1466 1362 1523 fundatis
1385 1486 1398 1524 :
1421 1483 1493 1523 ne
1521 1469 1700 1524 etiam
1734 1468 1842 1524 hac
1875 1468 1931 1522 in
1953 1473 2118 1541 parte

459 1574 495 1614 a
519 1556 686 1613 vobis
717 1555 944 1613 dilectis
973 1560 1030 1612 et
1057 1555 1436 1612 amicissimis
1450 1557 1595 1611 meis
1651 1558 1956 1628 sejungar;
1979 1573 2112 1612 cum

465 1647 705 1718 quibus,
739 1663 771 1702 o
829 1644 959 1700 Filii
994 1643 1090 1700 Dei
1126 1645 1254 1699 vitae
1284 1644 1550 1717 largitor,
1612 1646 1781 1701 nobis
1816 1645 1873 1700 in
1907 1644 2109 1703 cccles-

460 1734 623 1791 tibus
671 1734 789 1790 illis
836 1733 1188 1790 exercitibus
1236 1733 1478 1790 choreas
1508 1750 1677 1805 agere
1707 1735 2112 1802 concede,Ma-

461 1824 571 1880 tris
602 1824 1016 1879 intercessione
1049 1838 1174 1894 quae
1196 1827 1254 1878 te
1284 1822 1528 1895 peperit,
1562 1839 1788 1880 necnon
1820 1822 2112 1895 apostolo-

462 1929 617 1980 rum,
649 1916 975 1982 martyrum
1005 1917 1064 1967 et
1091 1912 1356 1967 omnium
1388 1916 1727 1968 sanctorum
1760 1918 2019 1969 tuorum.

2243 847 2458 921 ἀγάπης
2504 850 2637 903 Θεοῦ
2684 846 2807 901 ὅσον
2851 844 2941 903 καῖ
3004 842 3076 900 δι’
3121 847 3331 921 ἀγάπην
3380 846 3757 919 κεκοπιάκατε,
3798 847 3887 909 καὶ

2239 937 2274 1004 ἡ
2344 936 2665 1008 ἀντάμειψις
2733 935 3063 1013 ἀμφοτέροις
3140 932 3508 1008 δαψιλευθείη.
3574 934 3722 992 Ἐπεὶ
3798 935 3887 993 καὶ

2236 1027 2400 1096 ἡμεῖς
2446 1030 2526 1096 τῷ
2564 1024 2687 1099 περὶ
2732 1026 2871 1096 ὑμᾶς
2922 1024 3107 1097 ἀλύτῳ
3155 1021 3509 1097 συνδούμενοι
3557 1024 3740 1096 πόθῳ,
3780 1025 3888 1101 οὐχ

2235 1113 2310 1175 ὡς
2341 1110 2501 1188 ἔτυχε
2552 1110 2906 1191 διεστήσαμεν
2956 1112 3151 1175 αὐτοὺς
3192 1113 3283 1191 ἀφ’
3327 1113 3478 1186 ὑμῶν
3504 1115 3604 1187 (1),
3636 1111 3764 1169 ἀλλ’
3812 1112 3888 1177 ὥς

2230 1222 2338 1257 που
2384 1202 2413 1257 ὁ
2466 1194 2989 1279 μεγαλοφὼνότατος
3041 1201 3371 1265 ὑποτίθεταυ
3409 1226 3436 1253 ‹‹
3479 1204 3550 1259 Ἀ
3595 1203 3625 1258 ὁ
3672 1202 3804 1265 Θεὸς
3854 1204 3883 1259 ὁ

2231 1292 2380 1365 ἅγιος
2430 1285 2801 1365 βεϐούλευται,
2849 1290 2930 1352 τίς
2979 1288 3313 1347 διασκεδάσαι
3351 1309 3366 1360 ;
3413 1315 3441 1343 ››
3497 1291 3737 1347 Ἐκείνου
3781 1292 3885 1367 γὰρ

2227 1379 2508 1454 κρίναντος
2556 1379 2802 1453 ἀναξίους
3056 1380 3146 1436 καὶ
3204 1378 3325 1442 Θέας
3374 1379 3465 1435 καὶ
3510 1378 3735 1452 ὁμιλίας
3785 1380 3887 1437 αὖ·

2223 1475 2325 1537 τῆς
2376 1474 2483 1524 τῶν
2552 1468 2846 1547 φιλτάτων,
2894 1474 3210 1545 πειθαρχεῖν
3281 1469 3371 1525 καὶ
3439 1470 3579 1542 ὑμᾶς
3648 1467 3874 1543 ὀφειλό-

2228 1579 2383 1630 μενον
2434 1562 2510 1631 (2)
2561 1558 2948 1634 ὑπερεύχεσθαι
3005 1558 3166 1632 μόνον
3214 1558 3354 1632 ὑμᾶς
3402 1556 3757 1630 ἐξαιτοῦντες,
3795 1559 3874 1630 μὴ

2221 1646 2461 1702 κάκεῖθεν
2511 1647 2893 1724 ἀποζευχθεῖεν
2928 1650 3006 1722 (3)
3032 1648 3168 1721 πρὸς
3199 1652 3335 1703 Θεοῦ
3383 1646 3729 1725 φιλουμένων
3782 1648 3876 1703 καὶ

2220 1733 2492 1812 φιλτάτων
2551 1737 2725 1808 ὑμῶν’
2765 1738 2880 1810 μεθ’
2935 1739 3034 1803 ὧν,
3088 1737 3177 1791 fit
3233 1741 3369 1792 Θεοῦ
3427 1733 3692 1807 ζωοδότα,
3748 1757 3874 1800 ταις

2216 1831 2490 1903 στρατιαῖς
2516 1826 2606 1880 καὶ
2633 1828 2783 1899 ἡμᾶς
2816 1830 3178 1903 συγχορεῦσαι
3221 1831 3341 1888 ταῖς
3391 1824 3668 1901 οὐρανίαις
3714 1823 3876 1882 εὐδό-

2134 1952 2183 2020 B
2213 1934 2381 1984 κησον
2438 1908 2753 1989 πρεσϐείαις
2811 1920 2914 1983 τῆς
2958 1934 3017 1969 σε
3060 1911 3327 1982 τεκούσης
3366 1911 3596 1988 μητρὸς,
3626 1910 3719 1973 καὶ
3771 1911 3879 1968 ἀπ-

2212 2003 2563 2073 στόλων,καὶ
2608 2008 2716 2058 τῶν
2771 2001 3083 2079 μαρτύρων,
3116 2001 3205 2057 καὶ
3254 2000 3474 2057 πάντων
3525 2000 3700 2075 ἁγίων
3751 2021 3877 2061 σου.

533 2213 607 2265 At
635 2207 904 2281 pluribus
929 2205 1085 2262 idem
1113 2206 1472 2261 Athanasius
1501 2206 1561 2261 in
1593 2222 1711 2261 una
1733 2221 1803 2263 ex
1831 2206 2095 2279 epistolis
2125 2225 2160 2264 a
2189 2209 2359 2266 nobis
2392 2226 2573 2282 supra
2602 2209 2906 2267 recensitis
2936 2224 3175 2265 causam
3189 2206 3582 2264 abdicationis
3597 2205 3780 2279 primi
3808 2223 3876 2263 ac

468 2296 712 2356 secundi
743 2294 1176 2370 patriarchatus
1196 2294 1433 2367 exponit
1465 2312 1478 2362 ;
1511 2311 1686 2365 quam
1712 2295 1950 2366 quidem
1972 2296 2279 2369 epistolam
2312 2298 2406 2355 hic
2435 2299 2724 2373 integram
2747 2315 2882 2355 cum
2915 2305 3120 2354 nostra
3137 2295 3684 2354 versioneexhibere
3704 2295 3876 2352 libet.

534 2421 783 2495 Epistula
830 2418 1091 2495 quomodo
1147 2420 1197 2476 el
1252 2434 1452 2495 genre”
1476 2420 1661 2495 prima
1715 2419 2037 2495 etsecunda

772 2489 1184 2564 pdtriarchatus
1213 2489 1483 2545 abdicatio
1511 2490 1668 2564 facta
1694 2492 1789 2547 sit.

534 2660 676 2709 Cum
704 2650 920 2709 Christi
951 2649 1267 2707 Ecclesiam
1300 2648 1557 2721 primum
1602 2649 1989 2722 quadriennio
2020 2666 2107 2705 re-

465 2743 685 2808 ximus,
718 2758 750 2797 o
781 2741 955 2797 homo
987 2739 1110 2804 Dei,
1140 2739 1379 2811 quando
1411 2755 1477 2793 ea
1506 2738 1576 2793 de
1609 2755 1669 2793 re
1703 2756 1811 2794 nos
1863 2740 2109 2794 interro-

466 2833 639 2904 gasti,
689 2847 804 2903 quo
856 2834 1117 2900 tempore
1165 2833 1402 2883 sanctus
1450 2844 1618 2882 meus
1688 2828 2005 2897 imperator
2051 2827 2109 2883 in

470 2922 673 2995 regina
703 2920 938 2975 urbium
970 2935 1086 2973 non
1120 2918 1479 2988 morabatur,
1515 2917 1617 2972 sed
1647 2916 1705 2971 in
1755 2916 1989 2972 Oriente
2023 2934 2115 2971 ur-

474 3017 647 3084 gente
679 3008 828 3065 bello
858 3008 1122 3080 degebat,
1158 3006 1311 3078 quod
1347 3007 1497 3061 Deus
1548 3004 1994 3078 castigationem
2017 3021 2114 3061 or-

470 3098 743 3156 thodoxis
775 3097 848 3153 ob
878 3097 1277 3165 contemptum
1308 3092 1772 3167 evangelicorum
1807 3097 2117 3165 praecepto-

476 3205 607 3244 rum
639 3190 697 3243 et
724 3184 1054 3241 divinarum
1113 3182 1310 3255 legum
1370 3181 1717 3237 immisisset
1745 3201 1766 3236 .·
1794 3183 2114 3237 immanem

474 3277 637 3333 illam
663 3273 934 3330 videlicet
964 3271 1355 3328 Barbarorum
1405 3270 1794 3342 irruptionem
1833 3274 1890 3325 et
1927 3270 2111 3341 impe-
2146 3281 2190 3348 ρ

470 3372 624 3433 tum;
655 3364 811 3419 unde
842 3379 958 3417 non
991 3362 1192 3416 aderat
1217 3359 1469 3431 quitunc
1488 3358 1548 3413 in
1570 3358 1875 3431 dirigenda
1897 3357 2111 3414 Christi

471 3453 807 3510 haereditate
838 3451 908 3506 ad
939 3447 1301 3521 evangelicae
1346 3452 1404 3503 et
1457 3446 1672 3519 legales
1714 3464 1885 3503 voces
1933 3452 1991 3503 et
2040 3448 2110 3503 ad

469 3559 709 3615 pascua,
742 3539 889 3595 mihi
919 3538 1423 3611 patrocinaretur;
1458 3540 1716 3592 attamen
1765 3535 1953 3609 gratia
1982 3534 2113 3592 Sal-

466 3631 685 3687 vatoris
718 3629 833 3685 mei
857 3628 1099 3699 juvante
1150 3627 1222 3681 ad
1270 3626 1367 3681 Dei
1416 3625 1690 3698 placitum
1745 3642 1847 3697 pro
1889 3624 2112 3697 judicio

469 3725 528 3775 et
558 3718 835 3775 facultate
883 3734 1015 3772 mea
1058 3715 1326 3772 subditos
1384 3714 1735 3787 compellere
1766 3731 1881 3770 non
1916 3714 2113 3787 segnis

469 3825 628 3863 eram
666 3825 679 3875 ;
714 3807 895 3862 laicos
938 3804 1229 3875 videlicet,
1290 3804 1640 3874 sacerdotes,
1700 3804 2006 3875 episcopos
2056 3809 2114 3859 et

469 3895 791 3952 monachos
824 3912 838 3962 ;
872 3899 1049 3966 atque
1074 3892 1517 3949 adversantibus
1548 3892 1807 3965 undique
1838 3891 2110 3964 plurimis

470 3989 528 4041 et
557 3984 706 4040 clam
740 3983 1087 4056 publiceque
1117 3982 1557 4051 insidiantibus,
1591 3998 1658 4037 ac
1692 3981 1959 4036 Saianica
1987 3996 2109 4036 ma-

468 4073 597 4129 litia
626 4071 999 4129 ofﬂ'endicula
1030 4071 1174 4127 mihi
1204 4071 1262 4125 in
1297 4071 1389 4125 via
1418 4068 2114 4142 parantibus,sermones-

469 4180 585 4236 que
615 4162 833 4219 multos
873 4162 1108 4234 iniquos
1152 4161 1462 4217 adversum
1512 4174 1605 4213 me
1656 4158 2108 4230 configentibus,

468 4269 587 4308 una
616 4253 676 4307 in
709 4256 888 4307 Deum
921 4267 1023 4323 spe
1052 4250 1297 4321 ejusque
1353 4248 1475 4303 solo
1503 4246 1823 4319 patrocinio
1859 4246 2112 4316 juvabar

464 4346 809 4415 exspectans
840 4357 983 4396 num
1036 4337 1257 4394 inimici
1318 4338 1430 4393 mei
1488 4336 1851 4409 pcenitentia,
1901 4336 2111 4391 timore

464 4431 568 4487 Dei
626 4447 692 4486 ac
746 4428 992 4486 veritate
1051 4428 1441 4493 flecterentur,
1502 4441 1568 4479 ac
1621 4424 1795 4479 finem
1855 4423 2110 4479 facerent

463 4520 906 4576 mendaciorum
938 4523 994 4573 et
1025 4514 1480 4578 calumniarum,
1512 4530 1661 4585 quas
1693 4512 1981 4569 mendacii
2012 4530 2109 4585 pa-

460 4613 550 4665 ter
577 4609 637 4664 in
668 4608 979 4663 animabus
1038 4622 1241 4662 eorum
1286 4602 1659 4676 inspergebat
1692 4620 1704 4658 :
1741 4604 2109 4674 maximeque

463 4699 511 4753 si
546 4698 989 4770 potentissimus
1023 4697 1336 4767 imperator
1365 4709 1530 4749 meus
1553 4692 1623 4746 ad
1669 4691 2105 4763 imperatoriam

460 4787 664 4842 urbem
698 4788 870 4843 citius
902 4786 1221 4850 accederet,
1254 4783 1469 4853 bicque
1500 4798 1567 4836 ex
1612 4780 1809 4836 studio
1851 4779 2109 4835 veritatis

461 4880 518 4930 et
539 4876 781 4945 justitiaa
814 4876 1141 4931 secundum
1175 4873 1358 4928 Deum
1391 4886 1635 4925 examen
1659 4869 1976 4923 haberetur
1998 4868 2108 4934 ;ita

459 4967 526 5018 ut
570 4962 948 5035 imperatoria
1000 4966 1302 5035 permotus
1353 4957 1667 5032 prudentia
1732 4973 1844 5011 non
1893 4956 2108 5027 impios

459 5051 744 5121 perderet,
778 5053 876 5107 sed
908 5051 1100 5107 solum
1131 5050 1326 5104 omnia
1375 5046 1528 5102 labia
1574 5045 1775 5101 dolosa
1823 5046 2099 5112 frenaret,

458 5141 579 5194 imo
610 5139 783 5194 etiam
816 5145 876 5194 ut
910 5157 976 5195 ea
1006 5157 1132 5211 qua:
1163 5157 1230 5194 ex
1253 5135 1542 5192 diabolica
1566 5135 1939 5206 suggestione
1962 5150 2107 5190 vane

454 5226 868 5300 vulgabantur,
902 5229 1069 5299 quasi
1120 5229 1189 5282 ab
1212 5228 1344 5299 igne
1365 5223 1720 5280 animalcula
1768 5222 1920 5278 alata
1967 5239 2103 5278 con-

457 5321 854 5372 sumerentur:
888 5334 953 5372 ac
985 5334 1099 5371 non
1133 5316 1322 5371 solum
1348 5313 1768 5385 praeteritorum
1785 5311 2103 5366 vindictam

455 5405 671 5461 faceret
704 5421 717 5458 :
751 5405 853 5460 sed
886 5406 1063 5460 etiam
1100 5404 1441 5475 perfectum,
1468 5402 1773 5456 assiduum
1806 5404 1864 5455 et
1893 5400 2101 5455 immo-

453 5492 569 5549 bile
594 5493 986 5564 patrocinium
1017 5494 1299 5564 praaberet
1329 5509 1432 5564 pro
1466 5488 1685 5545 futuris
1743 5488 2053 5545 eventibus
2086 5505 2098 5544 :

451 5599 519 5640 ac
549 5582 789 5638 omnino
818 5582 1183 5637 conﬁdebam
1200 5598 1292 5637 me
1308 5581 1379 5636 ad
1399 5580 1503 5635 Dei
1526 5578 1809 5651 placitum
1831 5582 2099 5635 acturum

546 5689 597 5761 1)
628 5688 965 5761 Legendum
993 5687 1145 5761 ὑμῖν.

546 5690 570 5744 1
628 5689 965 5761 Legendum
993 5689 1145 5761 ὑμῖν.

517 5689 597 5847 £2;
623 5761 711 5819 An
742 5760 905 5837 ἡμεῖς
936 5758 1251 5844 ὀφείλομεν.

2218 2422 2472 2497 Γράμμα,
2520 2423 2643 2497 περὶ
2697 2425 2794 2477 τοῦ
2850 2425 2967 2483 πῶς
3036 2420 3126 2476 καὶ
3189 2417 3332 2475 διατί
3380 2419 3447 2474 τά
3510 2422 3619 2473 τῶν
3677 2438 3754 2473 πα
3797 2438 3879 2472 αι-

2286 2495 2519 2563 τήσεων,
2584 2501 2685 2563 τῆς
2759 2493 2984 2566 πρώτης
3051 2490 3196 2566 φημὶ
3261 2488 3351 2547 καὶ
3411 2487 3685 2566 δευτέρας,
3756 2436 3873 2566 ξτε-

3823 2522 3873 2544 ³-

2286 2487 2519 2563 τῆσεων,
2584 2487 2685 2563 τῆς
2759 2493 2984 2570 πρώτης
3051 2490 3196 2571 φημὶ
3261 2488 3351 2547 καὶ
3411 2487 3685 2566 δευτέρας,

2286 2585 2466 2621 νοντο.

2289 2703 2399 2768 Τῆς
2463 2701 2695 2774 Χριστοῦ
2775 2695 3100 2769 Ἐκκλησίας
3165 2697 3229 2751 τὸ
3292 2698 3508 2772 πρῶτον
3574 2693 3662 2751 ἐπὶ
3730 2694 3877 2770 μόνῃ

2218 2786 2496 2860 τετραετίᾳ
2548 2787 2854 2864 γενόμενοι,
2912 2786 3160 2862 ἄνθρωπε
3211 2788 3310 2840 τοῦ
3381 2787 3536 2854 Θεοῦ,
3596 2781 3873 2858 ἐγκρατεῖς

2222 2875 2296 2938 ὡς
2352 2876 2657 2951 ἠρώτησας,
2705 2880 2801 2931 τοῦ
2846 2874 2998 2951 ἁγίου
3052 2895 3156 2947 μου
3204 2871 3603 2948 αὐτοκράτορος
3644 2871 3723 2945 μὴ
3787 2870 3874 2927 ἐν·

2224 2959 2531 3036 δημοῦντος
2579 2968 2657 3036 τῷ
2702 2963 2826 3019 τότε
2871 2967 2941 3038 τῇ
2994 2958 3237 3038 βασιλίδι
3285 2965 3392 3016 τῶν
3454 2958 3695 3017 πόλεων·
3728 2956 3877 3015 ἀλλὰ

2224 3052 2347 3127 περὶ
2388 3054 2488 3121 τὴν
2519 3057 2632 3107 Ἕω
2678 3054 2774 3115 τὰς
2824 3047 3101 3128 διατριϐὰς
3159 3050 3475 3123 ποιουμένῳ
3533 3045 3873 3125 ἐκστρατείας

2223 3140 2643 3217 κατεπειγούσης
2724 3139 2897 3196 ἕνεκεν
2969 3147 3073 3210 τῆς
3177 3137 3543 3207 ἀπολυθείσης
3627 3133 3876 3199 παιδείας

2226 3228 2334 3285 ἀπὸ
2400 3234 2533 3286 Θεοῦ
2616 3227 2923 3306 ὀρθοδόξοις
2980 3226 3050 3284 δι’
3107 3227 3356 3298 ἀθέτησιν
3434 3226 3872 3304 προσταγμάτων

2227 3316 2590 3394 εύαγγελικιῖιν
2659 3319 2749 3374 καὶ
2828 3318 2993 3394 ἁγίων
3075 3316 3283 3391 νόμων,
3329 3318 3429 3386 τῆς
3503 3315 3873 3371 ἀνυποστάτου

2224 3409 2367 3484 φημὶ
2430 3403 2767 3485 βαρϐαρικῆς
2833 3404 3107 3483 ἐκδρομῆς
3173 3405 3263 3461 καὶ
3336 3406 3625 3476 κινήσεως.
3685 3404 3873 3467 Ἔνθεν

2228 3499 2304 3573 μὴ
2334 3495 2477 3575 ἔχων
2508 3497 2600 3553 τὸν
2644 3490 3182 3569 ἀντιλαμϐανόμενον
3234 3495 3311 3557 είς
3362 3494 3425 3549 τὸ
3473 3493 3571 3562 τὴν
3625 3491 3870 3568 κληρου-

2223 3590 2347 3665 χίαν
2407 3588 2602 3643 ἰθύνειν
2673 3591 2906 3663 Χριστοῦ
2980 3587 3117 3662 πρὸς
3191 3587 3287 3647 τὰς
3369 3579 3724 3661 εύαγγελικάς
3781 3580 3873 3638 καί

2222 3678 2492 3751 νομίμους
2537 3677 2717 3755 φωνάς
2758 3676 2847 3731 καὶ
2895 3674 3090 3749 νομὰς,
3145 3672 3300 3747 ὅμως
3357 3673 3431 3736 ὡς
3489 3668 3711 3727 δυνατόν
3776 3691 3871 3745 μοι

2222 3765 2399 3844 δωρεᾷ
2427 3766 2517 3822 καὶ
2546 3766 2733 3842 χάριτι
2773 3768 2870 3820 τοῦ
2916 3764 3175 3840 Σωτῆρός
3226 3783 3332 3837 μου
3380 3761 3519 3837 πρὸς
3561 3760 3626 3815 τὸ
3675 3757 3869 3819 δοκοῦν

2225 3878 2318 3931 μοι
2379 3857 2659 3932 θεάρεστον
2736 3852 3153 3929 καταναγκάζειν
3213 3850 3276 3907 ού
3332 3851 3690 3926 κατενάρκουν
3753 3847 3873 3905 λαϊ-

2220 3946 2373 4017 κοὺς,
2439 3946 2602 4019 ἱερεῖς
2672 3944 2761 3999 καὶ
2840 3943 3141 4019 ἀρχιερεῖς,
3215 3939 3306 3995 καὶ
3387 3939 3708 4013 μονάζοντα,
3782 3938 3872 3994 καὶ

2217 4041 2385 4093 ταῦτα
2469 4033 2900 4107 πληθυνομένων
2987 4030 3240 4087 ἐκάστοτε
3300 4033 3407 4084 τῶν
3485 4027 3871 4101 ἀντικειμένων

2223 4148 2341 4201 μοι,
2392 4125 2484 4180 καὶ
2555 4120 2937 4198 ἐνεδρευόντων
3009 4122 3229 4198 ἀφανῶς
3299 4140 3361 4174 τε
3412 4117 3504 4173 καὶ
3555 4119 3871 4193 προφανῶς,

2216 4215 2470 4271 τιθέντων
2556 4233 2647 4286 μοι
2705 4208 2977 4267 σκάνδαλα
3032 4209 3273 4285 ἐχόμενα
3326 4201 3546 4284 τρίϐους
3602 4201 3873 4278 σκαιωρίᾳ

2220 4305 2499 4375 σατανικῇ,
2531 4299 2622 4356 καὶ
2654 4294 2853 4375 λόγους
2892 4298 2978 4354 ὅτι
3026 4295 3305 4359 πουλλοῦς
3352 4293 3705 4370 παρανόμους
3754 4292 3873 4348 κατ’

2219 4392 2360 4466 ἐμοῦ
2404 4388 2810 4457 τεκταινόντων,
2860 4393 2959 4461 μιᾷ
3002 4386 3093 4442 καὶ
3141 4386 3281 4460 μόνῃ
3323 4389 3394 4458 τῇ
3443 4382 3532 4439 ἐπὶ
3596 4383 3688 4438 τὸν
3737 4378 3868 4441 Θεὸν

2218 4480 2523 4558 ἐτρεφόμην
2571 4475 2753 4533 ἐλπίδι
2801 4477 2890 4532 καὶ
2940 4475 3244 4549 ιὶνίιτιλήψει⁹
3297 4475 3375 4537 ὡς
3421 4472 3479 4529 ἂν
3543 4477 3662 4535 τοῖς
3726 4470 3873 4558 ἀνᾼθι-

2218 4552 2503 4644 σταμένοις
2570 4571 2750 4629 κακῶς
2827 4564 3155 4640 μεταμέλεια
3209 4564 3510 4637 inuida“,
3550 4561 3641 4616 καὶ
3693 4552 3869 4637 φόϐος

2140 4647 2183 4712 D
2214 4665 2349 4717 Θεοῦ
2422 4658 2510 4714 καὶ
2584 4655 2816 4727 ἀλήθεια
2889 4655 3261 4729 παυσαμένους
3334 4648 3709 4726 ψευδολογιὶὼ
3770 4646 3865 4703 καὶ

2219 4743 2515 4819 διαϐολῶν,
2549 4746 2622 4800 ὢν
2657 4745 2685 4799 ὁ
2730 4748 2832 4800 τοῦ
2884 4741 3112 4817 ψεύδους
3158 4743 3338 4814 πατὴρ
3385 4745 3506 4802 ταῖς
3553 4737 3730 4803 αὐτῶν
3782 4739 3867 4793 ἐν·

2217 4836 2423 4912 σπείρει
2480 4838 2703 4909 ψυχαῖς
2765 4832 2853 4887 καὶ
2919 4829 3134 4905 μᾶλλον
3190 4830 3233 4885 εἰ
3286 4829 3376 4884 καὶ
3408 4826 3723 4902 ὁκραταιὸς
3775 4824 3869 4881 αύ-

2214 4926 2497 5001 τοκράτωρ
2570 4943 2674 4995 μου
2746 4920 2884 4995 πρὸς
2938 4922 3039 4988 τήν
3124 4918 3508 4995 βασιλεύουσαν
3591 4913 3867 4986 ἀναζεύξει

2214 5013 2536 5089 ταχύτερον,
2592 5010 2870 5067 κάντεῦθεν
2944 5007 3229 5082 ἐξετασμὸς
3280 5005 3593 5085 φιλαλήθης
3642 5003 3737 5059 καὶ
3785 5023 3872 5080 φιο

2216 5101 2491 5164 λοδίκαιος
2547 5100 2637 5156 καὶ
2695 5098 2974 5177 φιλόθεος,
3019 5097 3108 5153 καὶ
3157 5101 3328 5151 ταῦτα
3381 5094 3517 5171 πρὸς
3580 5089 3868 5169 βασιλείου

2213 5197 2500 5269 περιωπῆς
2549 5187 2929 5265 ἐκφερόμενος,
2976 5185 3075 5241 οὐκ
3122 5180 3330 5249 ἀσεϐεῖς
3382 5180 3561 5239 ὀλέσει
3610 5180 3703 5236 καὶ
3768 5179 3869 5255 μό-

2212 5303 2301 5337 νον
2360 5280 2449 5337 καὶ
2507 5278 2682 5334 πάντα
2735 5277 2803 5333 τὰ
2859 5273 3027 5351 χείλη
3085 5276 3151 5329 τά
3206 5271 3367 5328 δόλια
3421 5271 3866 5351 φιμωθήσονται,

2214 5370 2360 5427 ἀλλὰ
2416 5369 2505 5424 καὶ
2562 5368 2627 5421 τὰ
2683 5363 3065 5441 θρυλλούμενα
3120 5366 3241 5437 (sic)
3275 5360 3448 5436 μάτην
3504 5355 3867 5432 δαιμονιώδει

2213 5454 2486 5532 ὑποϐολῇ,
2519 5457 2594 5518 ὡς
2629 5454 2734 5510 ἀπὸ
2776 5453 2947 5525 πυρὸς
2998 5451 3205 5530 ζωύφια
3252 5450 3503 5527 πτερωτὰ
3555 5447 3871 5526 φλογισθή-

2211 5569 2410 5607 σονται.
2444 5545 2542 5601 Καὶ
2587 5546 2687 5613 τὴν
2738 5539 3009 5612 ἐκδίκησιν
3062 5540 3123 5597 οὐ
3176 5540 3339 5615 μόνον
3383 5543 3491 5595 τῶν
3537 5532 3870 5615 παρεληλυ-

2278 5684 2355 5761 (3)
2386 5683 2554 5741 Forte
2585 5674 2980 5754 ἀποζευχθείην
3013 5676 3101 5735 vel
3131 5670 3632 5757 ἆποζευχθείημεν.
