4110 6410
259 443 374 505 Μ

1787 433 2213 497 EPISTOLE.

3549 434 3668 495 498

261 573 428 638 θότων
486 569 710 643 ὣιεῖθεν,
765 567 914 626 ἀλλὰ
966 569 1054 628 καὶ
1108 571 1208 640 τήν
1285 568 1577 644 ἀντίληψιν
1647 569 1781 645 πρὸς
1840 570 1906 622 τὰ

2023 585 2086 624 ac
2115 567 2348 624 divitias
2374 567 2800 625 cumulatorem
2834 567 2980 624 mihi
3020 571 3076 624 et
3122 565 3446 641 disciplinis
3493 584 3665 624 evan-

258 662 444 740 πρόσω
497 661 689 730 ἐντελῆ
749 662 840 715 καὶ
901 659 1122 730 διηνεκῆ
1202 660 1292 714 καὶ
1367 657 1713 735 ἀκράδαντον,
1773 657 1907 732 πρὸς

258 750 390 806 ἅπαν
450 749 735 826 έθάῤῥουν,
765 749 856 804 καὶ
917 749 1182 826 ἐγχειρεῖν
1242 749 1333 804 καὶ
1389 746 1779 804 καταπλουτεῖν
1844 767 1909 818 με

257 841 562 915 θεάρεστον.
594 839 693 894 Καὶ
748 841 848 907 τὴν
902 841 1216 914 μογήσασαν
1276 839 1382 914 πρὸ
1458 835 1674 892 πολλοῦ
1753 836 1906 910 εὐαγ-

256 929 481 1006 γελικήν
510 929 600 982 καὶ
645 929 935 995 κανονικήν
983 932 1092 982 τῶν
1146 926 1402 1000 νομίμων
1455 925 1620 1002 ἁγίων
1671 927 1906 998 θεσμῶν,

258 1018 474 1080 λα’ίκοῖς
527 1016 619 1071 καὶ
685 1017 976 1089 μονάζουσι
1033 1017 1125 1070 καὶ
1155 1015 1313 1070 παντὶ
1343 1020 1422 1087 τῷ
1449 1023 1552 1083 τῆς
1583 1013 1907 1084 Ἐκκλησίας

256 1106 616 1181 πληρώματι·
653 1105 702 1178 ἐξ
764 1107 836 1158 ῶν
897 1104 972 1166 είς
1027 1103 1434 1180 αἰχμαλωσίαν,
1485 1104 1560 1165 ὡς
1617 1099 1768 1180 ἔφην,
1819 1102 1908 1156 καὶ

259 1191 409 1270 ὕϐριν
471 1195 724 1269 ψυχικὴν
781 1194 870 1248 καὶ
925 1194 1241 1266 σωματικὴν
1295 1192 1493 1264 ζημίαν
1541 1190 1907 1264 ὁπεριοῦσιος

259 1281 476 1354 ἐξεδόθη
533 1282 687 1345 λαός.
745 1285 842 1336 Ὧν
901 1281 1264 1356 ἀλλοτρὸπως
1341 1280 1597 1357 ρυσθῆναι
1652 1280 1742 1334 καὶ
1806 1285 1907 1348 τῆς

257 1372 382 1446 πρὶν
421 1371 701 1448 εὐτυχίας,
733 1372 809 1433 ὡς
869 1370 957 1426 ὅτε
1011 1368 1243 1445 ηῧγαζεν
1289 1372 1317 1425 ὁ
1377 1368 1578 1444 λύχνος
1636 1373 1732 1422 τοῦ
1771 1372 1908 1422 Θεοῦ

254 1461 339 1517 ἐπὶ
392 1458 640 1538 κεφαλὴν
681 1463 781 1530 τῆς
831 1464 938 1516 τῶν
999 1464 1204 1514 πιστῶν
1237 1458 1600 1534 κληρουχίας,
1629 1457 1909 1530 ἐξυψωθῆ-

256 1570 339 1605 ναι
395 1550 487 1604 καὶ
545 1549 881 1624 εὐημερῆσαι
959 1550 1047 1604 καὶ
1122 1553 1481 1623 κρατυνθῆναι
1541 1546 1609 1600 δι’
1670 1545 1908 1605 ἐπινοίας

259 1639 343 1694 καὶ
406 1637 808 1715 ἐπιχειρήσεως
855 1637 1202 1711 ἀνθρωπίνης
1250 1634 1508 1698 παντοίας
1557 1633 1811 1689 ἀδύνατον
1864 1633 1910 1687 εἷ

263 1729 336 1801 μή
396 1725 487 1782 διά
549 1727 834 1799 μετανοίας
889 1724 1220 1801 εἰλικρινοῦς
1274 1725 1364 1780 καὶ
1439 1724 1720 1778 ἀνοθεύτου
1791 1722 1906 1776 ἐπι-

261 1824 499 1894 στροφῆς
576 1817 712 1891 πρὸς
793 1816 944 1885 Θεὸν,
1005 1815 1094 1870 καὶ
1163 1816 1542 1888 συντηρήσεως
1585 1817 1692 1867 τῶν
1753 1812 1906 1866 θείων

259 1903 610 1981 Εόαγγελίων
657 1904 749 1959 καὶ
803 1903 1005 1977 νόμων,
1057 1903 1134 1966 ὡς
1193 1900 1566 1976 ὀνειδιζόμεθα
1621 1902 1756 1977 πρὸς
1812 1905 1909 1969 τῆς

260 1994 403 2056 θείας
453 1997 692 2071 Γραφῆς.
749 2018 774 2044 ‹‹
828 1992 1014 2063 Αὐτοὶ,
1067 2017 1094 2044 ››
1141 1993 1326 2070 φησὶν,
1363 2015 1390 2042 ‹‹
1430 1991 1532 2046 οὐκ
1582 1989 1791 2064 ἔμειναν
1856 1989 1906 2044 έν

254 2087 321 2156 τῇ
376 2080 611 2156 διαθήκῃ
662 2103 787 2156 μου,
833 2082 986 2156 κάγὼ
1035 2081 1291 2154 ἠμέλησα
1338 2080 1536 2151 αὐτῶν,
1589 2078 1734 2155 λέγει
1803 2079 1907 2132 Κύ-

257 2193 391 2249 ριος.
454 2172 557 2226 Καὶ
614 2172 642 2226 ὁ
703 2171 833 2233 λαὸς
889 2169 989 2226 οὐκ
1045 2171 1354 2247 ἀπεστράφη
1415 2167 1521 2231 ἕως
1577 2167 1814 2244 ἐπλήγη.
1879 2193 1904 2219 ››

258 2261 378 2328 Καὶ,
414 2259 537 2315 «Εἰ
590 2261 618 2314 ὁ
669 2257 801 2321 λαός
853 2281 955 2332 μου
999 2257 1201 2328 ἤκουσέ
1254 2279 1378 2331 μου,
1427 2263 1546 2319 ταῖς
1593 2255 1742 2320 ὁδοῖς
1804 2278 1907 2330 μου

253 2350 296 2405 εἰ
355 2348 652 2424 ἐπορεύθη,
684 2348 736 2402 ὲν
784 2353 863 2420 τῷ
915 2346 1107 2420 μηδενί
1160 2349 1218 2402 ἂν
1262 2348 1388 2409 τοὺς
1439 2347 1672 2423 ἐχθροὺς
1730 2347 1904 2402 αὐτῶν

255 2437 608 2494 ἐταπείνωσα.
644 2461 672 2490 ›)
709 2437 828 2507 Καὶ,
865 2461 891 2488 ‹‹
925 2439 1322 2515 Ἐπιστράφητε
1350 2436 1486 2513 πρὸς
1534 2437 1620 2508 με,
1652 2437 1739 2490 καὶ
1789 2435 1906 2490 ἐπι-

257 2528 639 2604 στραφήσομαι
687 2525 825 2600 πρὸς
879 2525 1042 2597 ὑμᾶς.
1097 2550 1124 2576 ››
1185 2526 1305 2597 Καὶ,
1342 2551 1369 2576 α
1421 2526 1509 2593 Μὴ
1560 2525 1752 2600 ῥητίνη
1812 2524 1912 2578 οὐκ

260 2612 398 2670 ἔστιν
447 2614 502 2668 ἐν
545 2611 784 2684 Γαλαάδ,
835 2614 1018 2689 ἰατρὸς
1076 2613 1175 2668 οὐκ
1219 2611 1358 2668 ἔστιν
1409 2612 1556 2683 ἐκεῖ;
1603 2612 1754 2667 Διατί
1813 2612 1910 2667 οὐκ

261 2699 420 2774 ἀνέϐη
478 2700 623 2764 ἴασις
673 2704 937 2778 θυγατρὸς
987 2702 1123 2758 λαοῦ
1175 2721 1315 2775 μου;
1352 2728 1378 2754 ››
1410 2702 1499 2756 καὶ
1546 2702 1642 2757 ὅσα
1688 2707 1909 2756 τοιαῦτα

263 2792 499 2861 θεσπίζει
555 2792 620 2846 τὸ
678 2795 897 2863 Πνεῦμα
954 2788 1015 2845 τι)
1067 2792 1220 2866 ἅγιον
1281 2791 1354 2854 εἲς
1427 2791 1746 2864 έξυπνισμὸν
1818 2791 1906 2845 καὶ

261 2880 538 2954 ποιμένων
595 2881 686 2935 καὶ
740 2881 1035 2953 ποιμνίων,
1095 2881 1184 2935 καὶ
1261 2878 1490 2949 ἀπειλὴν
1566 2899 1906 2958 καταφρονη-

260 2975 390 3026 τῶν.
421 2968 580 3032 Τίνος
637 2970 742 3044 γάρ
794 2965 991 3040 ἕνεκεν,
1051 2968 1176 3024 ἀλλ’
1236 2968 1299 3023 οὐ
1344 2970 1443 3036 τήν
1503 2966 1761 3046 φροντίδα
1807 2976 1907 3038 τῆς

265 3058 593 3128 Ἑκκλησίας
651 3061 886 3132 Χριστοῦ
940 3059 1030 3112 καὶ
1083 3057 1240 3119 αὐτὸς
1296 3054 1674 3132 ἀναδέδεγμαι,
1725 3057 1768 3112 εἰ
1831 3059 1904 3130 μή

255 3148 318 3203 τὰ
361 3151 590 3203 τοιαῦτα
635 3147 722 3201 καὶ
769 3151 981 3224 φρονεῖν
1029 3147 1118 3200 καὶ
1173 3144 1438 3201 διδάσκειν
1469 3145 1557 3201 καὶ
1594 3146 1725 3221 ὑπὲρ
1781 3147 1908 3200 τού-

254 3257 358 3292 των
406 3231 866 3311 προκινδυνεύειν,
901 3235 993 3289 καὶ
1042 3235 1118 3296 ὡς
1167 3235 1411 3310 ἐγένετο;
1445 3233 1619 3292 Ἀλλὰ
1657 3237 1725 3289 τὰ
1773 3241 1905 3310 Χρι-

2019 658 2212 731 εθὶὶοίε
2236 658 2642 729 ςεηυῐιὶοωᾳυο
2667 659 3030 730 quajamdiu
3055 657 3310 713 multum
3339 656 3660 725 laborabat,

2018 765 2242 803 necnon
2273 748 2460 814 laicis,
2496 747 2800 803 monachis
2848 753 2906 803 et
2953 748 3059 803 toti
3107 747 3375 804 Ecclesiaa
3411 747 3660 820 plenitu-

2019 836 2139 891 dini
2175 855 2187 892 :
2221 853 2288 891 ex
2319 853 2433 907 quo
2466 835 2716 908 populus
2748 835 3074 908 peculiaris,
3109 841 3174 891 ut
3203 836 3344 902 dixi,
3378 836 3436 890 in
3479 836 3660 910 captis

2016 926 2275 991 vitatem,
2334 925 2392 979 in
2465 926 2674 980 anima:
2742 925 3181 991 contumeliam,
3250 930 3306 980 ct
3363 925 3661 997 corporale

2019 1016 2301 1070 damnum
2332 1015 2630 1069 traditus:
2691 1015 2791 1085 qui
2847 1014 2959 1069 alio
3009 1016 3182 1070 modo
3229 1014 3457 1083 redimi,
3491 1019 3547 1070 et
3600 1015 3662 1070 in

2019 1105 2268 1176 primam
2321 1103 2678 1169 felicitatem,
2713 1120 2888 1174 quam
2940 1104 3193 1158 habebat
3242 1120 3375 1158 cum
3423 1103 3663 1159 lucerna

2021 1194 2123 1248 Dei
2152 1193 2368 1248 luceret
2395 1209 2576 1263 supra
2606 1198 2780 1264 caput
2812 1193 3168 1248 hereditatis
3189 1192 3470 1261 ﬁdelium,
3496 1193 3662 1248 resti-

2019 1282 2127 1350 tui,
2160 1282 2304 1354 erigi
2332 1286 2388 1337 et
2425 1282 2737 1337 eonlortari
2789 1299 2902 1337 non
2954 1286 3196 1351 poterat,
3231 1281 3342 1336 nisi
3394 1299 3496 1352 per
3542 1283 3662 1337 sin-

2019 1387 2210 1426 ceram
2271 1371 2690 1442 paenitentiam,
2733 1375 2791 1425 et
2841 1387 3049 1442 puram
3102 1370 3540 1426 conversionem
3589 1371 3661 1426 ad

2026 1465 2231 1528 Deum,
2268 1476 2333 1514 ac
2365 1476 2466 1530 per
2495 1459 2959 1515 observationem
3015 1459 3346 1514 divinorum
3404 1461 3662 1532 Evange-

2017 1549 2231 1605 liorum
2262 1555 2318 1604 et
2349 1548 2544 1620 legum
2577 1567 2590 1604 :
2645 1566 2760 1620 qua
2790 1550 3010 1603 ratione
3062 1566 3096 1602 a
3140 1549 3334 1604 divina
3364 1549 3666 1619 Scriptura

2021 1639 2373 1712 exprobatur
2421 1639 2607 1694 nobis.
2642 1662 2668 1687 «
2725 1640 2862 1709 Ipsi,
2897 1639 2998 1705 ait,
3050 1655 3164 1693 non
3215 1643 3665 1710 permanserunt

2021 1728 2078 1782 in
2109 1733 2460 1783 testamento
2493 1745 2642 1794 meo,
2675 1733 2732 1782 et
2760 1744 2864 1799 ego
2897 1727 3120 1798 neglexi
3151 1743 3270 1793 eos,
3304 1728 3445 1782 dicit
3476 1727 3666 1783 Domi-

2021 1834 2171 1882 nus;
2208 1839 2234 1865 »
2277 1822 2378 1871 et:
2423 1816 2739 1888 «Populus
2797 1833 3109 1872 conversus
3163 1833 3277 1872 non
3333 1821 3423 1872 est
3478 1817 3661 1872 donec

1940 1935 1987 1998 Β
2022 1910 2422 1979 percuteretur
2455 1923 2469 1973 ;
2503 1928 2530 1954 »
2562 1911 2619 1960 et
2653 1922 2665 1959 :
2704 1928 2730 1954 ‹‹
2764 1906 2822 1961 Si
2874 1905 3126 1977 populus
3177 1922 3345 1961 meus
3402 1905 3663 1962 audisset

2020 2013 2132 2064 me,
2166 1995 2214 2051 si
2245 1995 2304 2050 in
2335 1995 2444 2050 viis
2476 1994 2622 2049 meis
2653 1993 3036 2062 ambulasset,
3072 2011 3174 2066 pro
3206 1994 3385 2049 nihilo
3419 1995 3660 2050 forsitan

2017 2084 2288 2140 inimicos
2317 2100 2517 2139 eorum
2550 2083 2986 2150 humiliassem;
3020 2105 3047 2132 »
3081 2087 3174 2138 et:
3215 2083 3663 2138 «Convertimini

2020 2173 2091 2229 ad
2125 2189 2238 2240 me,
2273 2178 2329 2227 et
2363 2176 2666 2227 convertar
2692 2173 2761 2226 ad
2793 2188 2924 2239 vos;
2953 2175 3080 2227 net:
3102 2195 3123 2221 α
3152 2171 3450 2243 Numquid
3475 2173 3668 2228 resina

2021 2267 2110 2318 est
2142 2262 2200 2316 in
2232 2261 2470 2326 Galaad,
2501 2266 2556 2316 et
2588 2260 2850 2315 medicus
2883 2277 2995 2315 non
3049 2265 3138 2316 est
3168 2260 3298 2315 ibi?
3337 2275 3516 2331 quare
3550 2277 3665 2316 non

2020 2351 2285 2406 ascendit
2314 2350 2536 2405 curatio
2571 2349 2700 2404 filia:
2735 2349 2931 2421 populi
2966 2349 3130 2405 mei?
3155 2371 3183 2398 »
3216 2356 3270 2404 et
3300 2366 3668 2422 qumcunque

2019 2439 2244 2496 similia
2274 2438 2528 2510 Spiritus
2560 2443 2799 2493 sanctus
2838 2439 3191 2493 vaticinatur
3223 2438 3293 2492 ad
3327 2437 3666 2494 suscitatio-

2019 2545 2150 2585 nem
2169 2532 2468 2600 pastorum
2492 2533 2548 2582 et
2569 2527 2848 2596 ovium,et
2861 2528 2929 2582 ad
2946 2527 3461 2582 comminationem
3476 2527 3664 2598 despi-

2019 2618 2321 2673 cientium.
2357 2621 2481 2684 Qua
2509 2618 2578 2672 de
2610 2633 2788 2672 causa
2817 2617 2972 2671 enim
3007 2615 3272 2671 Ecclesiae
3303 2615 3514 2671 Christi
3554 2633 3660 2672 cu-

2019 2724 2142 2763 ram
2176 2705 2555 2778 susceperim,
2589 2705 2702 2760 nisi
2733 2705 2814 2760 ita
2843 2705 3090 2760 sentiam
3125 2711 3182 2760 et
3211 2706 3451 2761 doceam
3481 2710 3538 2761 et
3558 2723 3660 2777 pro

2017 2795 2090 2851 iis
2129 2794 2436 2868 pericliter,
2473 2795 2626 2866 quod
2677 2793 2904 2862 accidit,
2939 2798 3118 2864 utque
3169 2809 3366 2849 curem
3417 2810 3485 2848 ea
3532 2810 3662 2865 quae

2015 2884 2153 2939 Jesu
2183 2883 2390 2938 Christi
2413 2888 2467 2938 et
2488 2882 2754 2938 Ecclesiae
2785 2883 2912 2953 ejus
2946 2887 3082 2936 sunt
3116 2883 3186 2936 ad
3219 2899 3423 2937 sanam
3449 2883 3655 2938 doctri-

2019 2989 2156 3028 nam
2187 2972 2557 3027 statuendam
2593 2988 2695 3042 pro
2725 2971 2948 3026 viribus
2981 2970 3148 3038 meis,
3183 2988 3295 3042 quo
3328 2971 3456 3043 ipsa
3493 2973 3654 3028 omni

2020 3061 2251 3117 macula
2306 3065 2363 3115 et
2418 3061 2587 3116 sorde
2620 3059 2886 3132 superior
2914 3076 3129 3130 sponso
3179 3078 3284 3116 suo
3328 3064 3384 3116 et
3413 3061 3661 3115 Domino

2019 3155 2314 3223 appareat,
2349 3149 2500 3220 quod
2535 3149 2993 3220 indispensabile
3023 3149 3280 3204 officium
3315 3154 3399 3204 est
3428 3149 3665 3220 cujusli-

2021 3241 2120 3295 bet
2150 3238 2404 3311 pastoris
2436 3237 2546 3292 nisi
2581 3237 2975 3292 mercenarius
3006 3239 3103 3292 sit.
3137 3237 3247 3292 Sed
3277 3255 3309 3292 o
3341 3238 3665 3310 inexpecta-

255 3329 380 3380 στοῦ
432 3325 618 3392 Ἰησοῦ
663 3324 754 3378 καὶ
797 3323 864 3376 τά
903 3329 1003 3392 τῆς
1058 3322 1382 3394 Ἐκκλησίας
1437 3324 1602 3378 αὐτοῦ
1649 3324 1784 3396 πρὸς
1839 3327 1906 3397 τῇ

2023 3301 2604 3383 ιαωόοιθωὶῐείοωι
2658 3343 2691 3380 a
2734 3327 3088 3397 quibusdam
3129 3325 3428 3381 inductam
3461 3301 3561 3398 qui
3593 3327 3664 3382 de

256 3411 542 3490 ὀρθοδοξίᾳ
573 3410 697 3467 ὅσον
728 3413 790 3467 τὸ
838 3413 955 3466 κατ’
1003 3411 1117 3485 ἐμὲ,
1152 3413 1241 3467 καὶ
1293 3411 1507 3489 ῥυτίδος
1558 3412 1647 3466 καὶ
1705 3412 1908 3468 σπίλου

254 3502 454 3563 παντὸς
511 3501 802 3574 ὑπερτέραν
861 3501 1086 3574 ὁρᾶσθαι
1157 3505 1236 3572 τῷ
1296 3501 1513 3579 νυμφίῳ
1587 3500 1754 3570 αὐτῇ
1819 3501 1909 3555 καὶ

262 3589 524 3663 Δεσπότῃο
587 3589 616 3643 ὃ
672 3589 762 3643 καὶ
821 3589 1044 3662 ποιμένι
1119 3590 1300 3658 παντὶ,
1361 3588 1486 3645 ἀλλ’
1543 3589 1606 3644 οὗ
1658 3592 1912 3662 μισθωτῶ

257 3676 677 3753 ἀναπολόγητον
710 3673 962 3755 ὄφλημα.
993 3675 1170 3733 Ἀλλά
1231 3673 1429 3754 βαϐαίί
1485 3679 1910 3752 συμπτωμάτων

256 3773 362 3823 τῶν
419 3769 548 3843 παρ’
582 3763 776 3822 ἐλπίδα
803 3771 988 3838 τινῶν,
1029 3766 1102 3828 ὡς
1162 3764 1354 3838 ἔοικεν,
1394 3765 1670 3843 ὀρθοδόξῳ
1718 3765 1912 3838 κλήσει

258 3854 694 3930 σεμνυνομένων,
751 3851 921 3923 Χείλη
983 3852 1042 3908 δὲ
1099 3851 1259 3910 δόλια
1317 3855 1368 3909 ἐν
1429 3853 1624 3931 καρδίᾳ
1678 3851 1911 3910 ἀναϐλυ-

261 3946 462 4015 ξόντων
526 3945 667 3998 κακά
734 3943 824 3998 καὶ
899 3942 1090 4018 πόῤῥω
1146 3948 1299 3999 Θεοῦ.
1353 3944 1451 3998 Καὶ
1509 3945 1612 4018 γὰρ
1670 3943 1759 3999 ὅτε
1813 3945 1910 4012 τήν

263 4034 349 4090 ἑπέ
404 4035 475 4088 τὰ
525 4032 757 4109 κρείττω
811 4027 1121 4103 μεταϐολὴν
1174 4031 1500 4106 ἐπιλάμψαι,
1533 4030 1622 4087 διὰ
1650 4036 1748 4102 τῆς
1806 4039 1911 4087 τῶν

262 4124 420 4178 θείων
475 4124 690 4194 θεσμῶν
747 4121 1089 4192 ἐκζητήσεως
1135 4121 1225 4176 καὶ
1283 4122 1622 4184 ἀνανεώσεως
1700 4120 1916 4184 εὔελπις

267 4209 419 4284 ἤμην
481 4214 550 4284 τῇ
599 4209 877 4265 ἐπελεύσει
930 4214 1027 4264 τοῦ
1087 4209 1502 4286 αὐτοκράτορος,
1549 4211 1637 4265 καὶ
1696 4211 1754 4265 ἐκ
1806 4216 1912 4265 τῶν

270 4294 700 4376 συκοφαντωδῶν
755 4297 1164 4374 ἀῤῥητουργιῶν
1221 4299 1558 4366 ἀναπνεῦσαι,
1598 4299 1720 4354 τότε
1781 4299 1916 4373 μᾶλ-

267 4387 368 4444 λον
391 4389 460 4443 τὰ
507 4389 770 4462 θεοστυγῆ
823 4391 930 4440 τῶν
992 4383 1264 4442 διαϐολῶν
1321 4387 1756 4461 κεκραταίωνταί
1798 4391 1915 4444 καθ’

267 4477 452 4550 ἡμῶν,
510 4475 929 4552 ἀπορραγέντων
995 4497 1100 4550 μου
1156 4475 1219 4530 οὐ
1284 4476 1447 4549 μόνον
1501 4481 1606 4531 τῶν
1667 4475 1914 4556 ἀδελφῶν

268 4568 354 4620 καὶ
411 4564 854 4640 συλλειτουργῶν
910 4562 1000 4619 διὰ
1053 4565 1117 4619 τὸ
1168 4562 1496 4634 ζηλότυπον,
1529 4565 1721 4638 ὅτιμὴ
1779 4567 1916 4638 πρὸς

2020 3416 2342 3473 orthodoxa
2369 3415 2668 3472 vocatione
2699 3415 2889 3486 palam
2924 3415 3346 3487 gloriabantur,
3371 3417 3466 3472 sed
3504 3416 3666 3471 intus

2021 3510 2078 3561 et
2125 3505 2184 3559 in
2235 3505 2407 3560 corde
2455 3503 2611 3559 labia
2659 3505 2862 3559 dolosa
2909 3505 3279 3576 proferebant
3309 3508 3366 3559 et
3396 3503 3599 3576 procul
3633 3521 3667 3558 a

2021 3594 2136 3650 Deo
2167 3594 2509 3649 erant.Cum
2534 3593 2689 3647 enim
2723 3609 2824 3663 per
2849 3593 3179 3647 divinarum
3207 3591 3403 3665 legum
3437 3591 3666 3664 perqui-

2021 3682 2290 3738 sitionem
2323 3685 2380 3736 et
2408 3680 2862 3748 renovationem,
2905 3680 3289 3735 mutationem
3341 3680 3401 3734 in
3453 3678 3667 3735 melius

2024 3771 2143 3826 fore
2191 3774 2480 3841 speratem
2534 3769 2591 3823 in
2644 3770 2895 3824 adventu
2946 3769 3336 3840 imperatoris,
3369 3785 3434 3824 ac
3494 3783 3584 3823 me
3637 3785 3672 3822 a

2023 3859 2423 3931 sycolihantiis
2464 3862 2518 3913 et
2567 3857 2877 3913 calumniis
2916 3858 3340 3929 respiraturum
3375 3873 3502 3912 esse
3537 3871 3669 3911 cons

2026 3949 2288 4014 ﬁderem,
2321 3952 2461 4002 tunc
2495 3948 2745 4002 maxime
2776 3947 2891 4002 Deo
2940 3947 3151 4002 odiosas
3203 3946 3314 4001 illaa
3362 3946 3668 4002 calumnia:

2023 4037 2401 4094 invaluerunt
2431 4040 2632 4091 contra
2660 4053 2773 4106 me,
2807 4035 3022 4091 avulsis
3073 4054 3106 4090 a
3155 4051 3245 4090 me
3284 4037 3356 4090 ob
3387 4034 3668 4089 invidiam

2027 4143 2139 4182 non
2176 4126 2347 4180 modo
2381 4125 2658 4180 fratribus
2691 4130 2746 4179 et
2775 4123 3216 4192 comministris,
3250 4124 3391 4194 quia
3420 4139 3535 4177 non
3564 4139 3666 4195 pro

2027 4214 2394 4286 singulorum
2449 4213 2872 4284 cupiditatibus
2921 4213 3160 4266 affectus
3208 4228 3388 4281 eram,
3423 4211 3523 4266 sed
3577 4226 3667 4264 se-

2028 4306 2290 4360 cundum
2326 4304 2630 4357 veritatem
2683 4301 3053 4372 etjustitiam
3087 4302 3210 4367 Dei,
3245 4313 3305 4355 ut
3350 4299 3475 4370 ipse
3523 4299 3669 4353 mihi

2026 4394 2193 4448 testis
2225 4392 2348 4447 erit.
2394 4394 2583 4455 Quare
2613 4396 2813 4445 coacta
2845 4396 2934 4445 est
2963 4390 3022 4444 in
3055 4390 3296 4445 ecclesia
3345 4392 3548 4443 contra
3577 4403 3669 4442 me

2027 4483 2305 4553 synodus,
2335 4497 2398 4535 ac
2431 4479 2684 4550 quresitae
2717 4479 3076 4534 conditiones
3101 4483 3258 4546 sunt,
3291 4481 3356 4531 ut
3386 4477 3432 4532 si
3465 4492 3671 4531 secun-

2027 4572 2169 4626 dum
2218 4586 2316 4624 eas
2366 4585 2584 4624 munus
2616 4567 2954 4639 patriarchae
3000 4568 3159 4621 obire
3189 4565 3424 4635 nollem,
3462 4581 3554 4620 me
3584 4564 3668 4619 illi

267 4657 362 4717 τὰς
419 4654 622 4731 ὀρέξεις
678 4651 956 4726 διεκείμην
1016 4654 1262 4725 ἑκάστου,
1314 4655 1450 4726 πρὸς
1509 4651 1566 4709 δὲ
1620 4657 1720 4723 τὴν
1779 4654 1910 4726 ἀλής

2027 4657 2420 4729 patriarcham
2482 4673 2610 4710 esse
2670 4660 2964 4726 negarent.
2999 4655 3143 4709 Cum
3205 4671 3310 4709 nos
3369 4669 3501 4708 vero
3561 4653 3667 4708 has

270 4745 414 4798 θειαν
469 4740 561 4798 καὶ
615 4742 679 4796 τὸ
738 4739 944 4796 δίκαιον
1000 4745 1100 4796 τοῦ
1159 4746 1314 4809 Θεοῦ,
1347 4741 1422 4804 ὡς
1453 4741 1611 4804 αὐτὸς
1648 4745 1919 4818 μαρτυρή-

270 4851 344 4886 σει
410 4849 524 4905 μοι·
578 4829 699 4894 ὅθεν
757 4830 846 4884 καὶ
907 4828 1132 4885 σύνοδον
1196 4829 1508 4894 καθίσαντες
1564 4838 1662 4900 τῆς
1718 4830 1916 4902 ἐκκλη-

272 4925 391 4982 σίας
446 4919 595 4982 ἐντὸς
655 4919 774 4974 καθ’
804 4921 984 4992 ἡμῶν,
1016 4918 1106 4974 καὶ
1155 4921 1404 4990 ζητήσεις
1465 4920 1812 4994 σκεψάμενοι,
1845 4921 1920 4985 ὡς

270 5009 315 5064 εί
370 5010 507 5085 πρὸς
564 5007 762 5070 ταύτας
827 5009 901 5080 μή
960 5008 1319 5063 κατανεύοντα
1348 5008 1564 5085 εὕρωσι,
1599 5007 1738 5082 μηδὲ
1769 5009 1919 5065 αὐτοὶ

270 5096 687 5175 πατριαρχεύειν
749 5096 1192 5173 ὁμολογήσωσιν.
1241 5101 1424 5170 Ἦμῶν
1482 5094 1538 5152 δὲ

273 5189 564 5261 ζητήματα
617 5187 692 5259 μή
744 5185 1124 5262 ἀγνοησάντων
1175 5186 1402 5260 ματαίαν
1446 5186 1711 5265 πρόφασιν
1765 5187 1917 5259 εἶναι,

269 5277 552 5340 κάντεῦθεν
635 5275 992 5347 ἀπωσαμένου
1073 5274 1268 5337 αὐτοὺς
1351 5281 1448 5330 τοῦ
1535 5277 1611 5348 μὴ
1683 5275 1922 5332 ἀνελθεῖν

267 5365 406 5441 πρὸς
462 5367 637 5436 ἡμᾶς,
685 5367 784 5418 τοῦ
844 5362 1157 5437 σκέμματος
1211 5364 1614 5439 ἀστοχήσαντες
1665 5366 1802 5438 πρὸς
1857 5367 1920 5420 τὸ

269 5453 426 5531 ἔργον
485 5453 664 5529 χωρὶς
722 5452 980 5529 ἀφορμῆς
1033 5457 1132 5506 τοῦ
1193 5451 1381 5523 ἐξῶσαι
1438 5453 1722 5529 ἐχώρησαν
1777 5457 1922 5531 παρά

268 5551 442 5599 πᾶσαν
499 5542 757 5612 ἀλήθειαν
814 5548 914 5610 τῆς
963 5539 1291 5612 Ἐκκλησίας
1350 5543 1516 5614 ἡμᾶς,
1577 5542 1922 5618 ἀποσυνάγω-

267 5655 366 5709 γον
419 5633 639 5705 θέμενοι
683 5631 773 5686 τὸν
824 5629 1124 5698 πλησιάσαι
1174 5631 1264 5684 καὶ
1325 5629 1670 5700 συλλαλῆσαι
1700 5634 1836 5704 ἡμῖν
1871 5631 1919 5703 ἐξ

264 5721 445 5780 αὖτέῶν
502 5720 976 5799 συμφωνήσαντες.
1041 5723 1159 5775 Ἔτι
1223 5717 1363 5794 μηδὲ
1427 5719 1678 5797 βασιλεὺς
1716 5722 1776 5775 τὸ
1830 5743 1918 5775 τυ-

1595 5099 1660 5151 τά
1715 5099 1922 5152 τούτων

2028 4745 2381 4817 quaestiones
2412 4761 2622 4799 vanum
2658 4748 2999 4814 praetextum
3031 4759 3159 4797 esse
3205 4759 3322 4796 non
3372 4742 3668 4813 ignorare-

2029 4851 2183 4904 mus,
2213 4850 2278 4888 ac
2327 4834 2453 4888 ideo
2499 4832 2657 4904 ipsos
2705 4831 3120 4903 repelleremus
3164 4847 3235 4886 ne
3263 4847 3368 4886 nos
3399 4830 3669 4886 conveni-

2031 4927 2179 4989 rent,
2209 4939 2343 4978 cum
2375 4939 2409 4976 a
2439 4938 2612 4993 scopo
2647 4938 2752 4977 suo
2781 4921 2931 4993 lapsi
2963 4925 3180 4986 essent,
3213 4921 3340 4975 sine
3390 4923 3670 4993 praetextu

2031 5013 2102 5067 ad
2136 5029 2241 5066 nos
2269 5010 2566 5082 pellendos
2587 5014 2642 5064 et
2663 5009 3016 5065 abdicandos
3039 5014 3451 5080 processerunt
3465 5014 3674 5082 praeter

2031 5117 2264 5156 omnem
2297 5101 2616 5169 veritatem,
2647 5116 2856 5170 meque
2901 5103 3059 5154 extra
3087 5103 3450 5172 Synagogam
3502 5117 3670 5156 suam

2032 5191 2314 5256 fecerunt,
2347 5194 2518 5261 atque
2550 5206 2666 5243 uno
2698 5205 2987 5245 consensu
3022 5205 3114 5244 me
3167 5207 3199 5244 a
3247 5189 3533 5260 colloquio
3565 5206 3671 5245 suo

2031 5280 2440 5335 cohibuerunt.
2491 5280 2559 5333 Et
2607 5278 2798 5332 adhuc
2847 5278 3078 5348 quidem
3133 5295 3322 5350 neque
3355 5278 3674 5350 imperator

2031 5384 2220 5439 neque
2259 5367 2472 5439 aliquis
2521 5367 3058 5422 comministrorum
3119 5368 3261 5422 mihi
3321 5369 3672 5423 subveniens

2031 5473 2231 5512 eorum
2264 5455 2504 5511 consilio
2535 5456 2947 5511 obstitit.Tunc
2988 5473 3078 5511 res
3110 5456 3400 5512 humanas
3430 5455 3674 5512 deﬂeba-

2032 5562 2184 5610 mus,
2218 5561 2332 5615 quo
2365 5550 2527 5616 pacto
2558 5562 2664 5599 nos
2696 5544 2962 5600 homines
2994 5545 3175 5600 Deum
3222 5546 3294 5601 ob
3327 5545 3525 5600 oculos
3557 5562 3672 5599 non

2030 5634 2306 5706 ponimus
2335 5633 2395 5688 in
2443 5634 2658 5704 quibus
2706 5640 2910 5689 contra
2955 5636 3256 5690 veritatem
3301 5635 3567 5707 agimur;
3599 5634 3672 5690 iis

2031 5722 2132 5796 qui
2163 5740 2269 5779 nos
2321 5724 2564 5780 oderant
2612 5723 2669 5779 in
2701 5725 2859 5796 regia
2889 5725 3256 5797 congregatis
3287 5741 3420 5780 cum
3452 5724 3671 5794 laetitia,
