4110 6448
419 423 541 485 499

1541 422 1970 486 ATHANASII
2013 422 2133 484 ΟΡ.
2179 421 2712 484 ΡΑἸἮΙΑΒΟΗΑΞ

3712 425 3835 491 500

426 560 494 611 ut
524 553 850 611 calumnias
877 558 935 609 et
965 553 1276 627 approbria
1296 571 1427 612 mea
1455 556 1870 611 conﬁrmarent
1898 560 1955 611 et
1975 557 2070 611 ab-

2195 553 2303 628 ιὸν,
2341 549 2480 625 μηδέ
2526 573 2610 613 τις
2657 555 2763 606 τῶν
2814 549 3247 629 συλλειτουργῶν
3312 549 3529 625 ὑπᾴδων
3573 554 3637 611 τὸ
3698 557 3829 633 βού-

423 644 773 700 dicationem
806 643 968 699 illam
1002 643 1266 715 iniquam
1302 646 1470 716 quasi
1508 662 1610 716 pro
1644 662 1801 700 more
1854 645 2065 699 factam

426 737 485 789 et
512 732 832 804 legitimam
864 733 1237 789 ostenderent
1270 750 1282 789 :
1317 751 1436 806 qua
1465 735 1536 789 de
1586 750 1644 788 re
1690 734 1818 805 ipsa
1855 735 2070 790 veritas

425 821 590 891 dicit,
625 844 651 870 ‹‹
686 820 759 875 Ut
788 822 980 876 omnis
1011 822 1111 893 qui
1140 822 1362 877 occidet
1405 839 1508 877 vos
1555 824 1871 877 arbitretur
1907 823 2072 878 obse-

427 910 636 983 quium
670 926 732 965 se
764 915 1039 981 praestare
1069 911 1183 966 Deo
1209 929 1222 977 ;
1253 931 1279 961 n
1334 928 1467 966 cum
1510 928 1681 967 nemo
1711 917 1850 966 tunc
1880 928 1946 966 eo
1976 928 2069 966 ac-

426 1000 631 1056 cedere
663 1000 921 1067 auderet,
958 999 1073 1055 nisi
1106 1000 1296 1055 solum
1329 1000 1370 1054 ii
1402 1002 1501 1072 qui
1524 1017 1672 1056 vana
1692 1006 1749 1055 et
1774 1001 2074 1056 mendacia

425 1089 762 1156 tuebantur,
794 1088 1062 1161 lignariis
1109 1089 1367 1145 ecclesiae
1427 1090 1587 1145 intus
1645 1091 1886 1162 indique
1935 1106 2070 1145 con-

429 1177 769 1244 ﬂuentibus,
804 1195 870 1233 ac
901 1195 1115 1251 magna
1146 1195 1280 1234 voce
1326 1178 1718 1247 contumeliis,
1760 1179 1988 1251 probris
2018 1185 2076 1234 et

429 1265 941 1322 anathematismis
997 1272 1200 1323 contra
1258 1286 1362 1322 uos
1421 1267 1766 1322 utentibus:
1817 1267 1903 1323 vel
1946 1284 2074 1323 sero

431 1356 671 1411 tandem
697 1372 852 1411 unus
881 1371 951 1410 ex
980 1355 1287 1411 senatoriis
1318 1356 1389 1410 ad
1421 1372 1528 1411 nos
1559 1356 1824 1425 accessit,
1859 1373 1925 1412 ac
1963 1356 2077 1412 cla-

438 1460 661 1499 morem
720 1445 1151 1516 episcOporum,
1184 1461 1367 1516 eaque
1425 1462 1551 1516 qua:
1599 1450 1802 1500 contra
1857 1446 2073 1501 famam

434 1537 698 1589 nostram
727 1532 996 1605 evulgata
1028 1533 1277 1603 fuerant,
1309 1550 1436 1605 quae
1459 1551 1599 1590 sane
1621 1534 1940 1590 consistere
1963 1552 2075 1590 non

433 1626 705 1694 poterant
734 1626 933 1693 utpote
965 1639 1112 1677 vana
1139 1626 1195 1677 et
1227 1622 1547 1690 mendacia,
1582 1628 1646 1678 ut
1677 1624 1835 1679 novit
1884 1624 1933 1679 is
1974 1624 2078 1696 qui

435 1727 570 1766 cum
608 1711 846 1780 justitia
894 1711 1269 1781 judicaturus
1318 1717 1406 1766 est
1458 1713 1788 1767 universam
1840 1718 2077 1781 terram,

436 1800 643 1856 acerbe
674 1801 1047 1870 renuntiavit,
1082 1817 1188 1855 nos
1220 1802 1467 1856 fortasse
1495 1802 1937 1872 perterrefacere
1975 1818 2080 1856 cu—

438 1905 597 1957 rans,
630 1905 698 1944 ac
720 1888 771 1944 si
800 1894 955 1944 certo
981 1889 1247 1945 scivisset
1278 1906 1382 1945 nos
1411 1890 1770 1960 obiectorum
1793 1889 2080 1946 scelerum

438 1994 570 2033 reos
598 1994 747 2049 esse,
765 1982 824 2032 et
854 1977 1021 2049 quasi
1037 1979 1352 2035 miseratus
1382 1978 1776 2035 calamitatem
1799 1984 2082 2046 nostram,

443 2071 501 2122 et
545 2067 764 2123 veritus
813 2083 885 2123 ne
936 2068 1481 2124 condemnationem
1531 2074 1886 2140 pateremur,
1918 2068 2083 2124 abdi-

442 2156 731 2213 cationem
760 2173 795 2211 a
825 2172 917 2212 me
947 2156 1304 2229 postulabat,
1336 2162 1402 2212 ut
1431 2156 1882 2214 tolerabiliorem
1909 2174 1922 2212 :
1946 2173 2014 2213 ac
2035 2158 2086 2213 si

442 2245 579 2317 quis
611 2243 948 2317 quempiam
980 2245 1240 2301 occidere
1270 2246 1552 2318 gestiens,
1582 2263 1652 2301 ex
1695 2246 1889 2317 specie
1927 2263 2085 2301 com-

442 2333 860 2399 miserationis,
879 2338 1053 2405 caput
1076 2335 1203 2405 ejus
1230 2335 1661 2407 praecidendum
1684 2352 1812 2391 esse
1835 2352 2089 2407 pronun-

441 2422 655 2478 tiet.At
685 2438 791 2476 nos
822 2422 1081 2478 diximus
1108 2441 1120 2476 :
1154 2423 1642 2479 Praestantissima
1672 2425 1930 2490 domine,
1952 2441 2084 2479 cum

441 2512 663 2582 injuste
693 2511 997 2566 nobiscum
1035 2517 1263 2584 agatur,
1295 2518 1470 2584 atque
1510 2513 1719 2568 horum
1769 2513 2085 2569 criminum

443 2599 613 2655 nobis
667 2599 881 2655 conscii
943 2617 1058 2654 non
1114 2600 1321 2665 simus,
1358 2603 1710 2657 sententiam
1759 2604 2087 2675 expetimus

436 2687 709 2760 judicum
759 2689 859 2760 qui
911 2693 1090 2745 Deum
1140 2707 1256 2761 prae
1305 2690 1490 2746 oculis
1540 2691 1811 2747 habeant.
1841 2693 1908 2747 Et
1938 2710 2088 2764 quo-

443 2777 619 2832 modo
651 2776 1079 2833 abdicationem
1107 2778 1379 2834 dabimus
1400 2780 1428 2835 ?
1471 2781 1633 2847 Quod
1662 2780 1710 2835 si
1743 2782 2090 2837 auctoritate

443 2863 733 2937 compulsi
766 2865 903 2921 dare
934 2882 1232 2939 cogamur,
1266 2868 1324 2923 in
1355 2868 1654 2924 communi
1682 2870 1957 2925 tribunali
1989 2886 2087 2925 ve-

442 2954 585 3010 ritas
644 2971 757 3010 non
821 2956 1240 3021 confutabitur,
1290 2958 1524 3028 quando
1587 2963 1735 3013 Deus
1794 2958 2086 3015 ultionum

442 3042 623 3099 libere
653 3047 786 3116 aget
816 3060 828 3099 :
865 3061 1050 3100 unum
1084 3051 1237 3101 certe
1266 3062 1334 3101 ex
1365 3046 1576 3101 oblatis
1630 3052 1832 3103 contra
1867 3065 1995 3120 nos,
2026 3053 2090 3103 ut

441 3131 611 3200 dicis,
641 3133 1010 3204 criminibus,
1043 3151 1158 3190 non
1191 3136 1363 3189 modo
1410 3136 1629 3191 suflicit
1676 3137 1745 3192 ad
1799 3154 1982 3193 unum
2032 3143 2091 3194 et

440 3221 655 3290 solum,
679 3223 781 3277 sed
812 3222 989 3278 etiam
1023 3224 1094 3278 ad
1126 3227 1315 3278 totum
1346 3225 1751 3296 episcoporum
1784 3231 1996 3281 cretum
2018 3244 2087 3282 ex

2179 639 2357 713 λευμα
2410 645 2656 695 τοιοῦτον
2711 639 2893 715 κρίνας
2975 640 3222 712 ἀντέστη.
3284 642 3707 718 Ἒταλανίσαμεν
3762 646 3833 701 τά

2180 730 2514 805 ἀνθρώπινα,
2545 734 2662 791 πῶς
2698 731 2773 803 μή
2817 731 2923 805 πρὸ
2973 729 3274 808 ὀφθαλμῶν
3325 731 3378 786 οἱ
3428 729 3699 807 ἄνθρωποι
3748 755 3835 789 τι-

2180 819 2383 892 θέμεθα
2440 820 2531 873 καὶ
2588 820 2716 873 Θεὸν
2771 817 2824 873 ἐν
2884 820 2966 881 οἷς
3021 821 3158 874 κατὰ
3209 827 3311 889 τῆς
3367 820 3627 892 ἀληθείας
3673 824 3837 902 φερό-

2186 919 2339 980 μεθα,
2398 912 2505 963 τῶν
2569 907 2872 981 μισούντων
2925 908 2993 963 τά
3046 908 3366 984 ἀνακτόροις
3425 911 3830 987 ἀθροιζομένων

2182 995 2233 1051 ἐν
2296 995 2618 1074 εὐφροσύνῃ,
2649 996 2725 1059 εἷς
2772 997 2834 1050 τὸ
2890 995 3017 1058 τοὺς
3068 995 3130 1052 ἐκ
3173 992 3449 1053 διαϐολῶν
3497 1001 3616 1055 καθ’

2185 1086 2415 1158 μώμους
2476 1087 2730 1154 συστῆσαι
2801 1086 2892 1140 καὶ
2947 1091 3303 1159 κραταιῶσαι,
3356 1085 3445 1142 ’ίνα
3485 1089 3584 1157 τήν
3645 1087 3837 1145 ἄδικον

2182 1169 2415 1244 ἐκϐολήν
2477 1174 2553 1236 ὡς
2613 1176 2817 1245 συνήθη
2874 1174 2965 1228 καὶ
3019 1174 3257 1248 νόμιμον
3318 1174 3664 1248 ἀποδείξωσι,
3694 1179 3835 1233 καθά

2183 1263 2306 1336 περὶ
2338 1264 2410 1316 ὧν
2442 1265 2476 1331 ἡ
2508 1262 2892 1333 αὐτοαλήθεια,
2930 1286 2957 1311 ‹‹
2987 1266 3101 1319 Ἵνα
3130 1269 3233 1326 πᾶς
3260 1265 3289 1319 ὁ
3320 1264 3639 1329 ἀποκτείνας
3692 1268 3837 1341 ὑμᾶς

2185 1348 2311 1424 δόξῃ
2341 1349 2592 1425 λατρείαν
2623 1350 2946 1429 προσφέρειν
2975 1357 3056 1424 τῷ
3083 1358 3219 1424 Θεῷ,
3252 1379 3279 1405 ››
3318 1351 3552 1426 μηδενὸς
3592 1354 3838 1425 πλησιά-

2186 1460 2271 1494 σαι
2321 1438 2705 1512 τολμήσαντος
2754 1438 2957 1513 ἔκτοτε,
2992 1442 3156 1513 μόνον
3218 1439 3277 1496 δὶ
3321 1447 3430 1497 τῶν
3486 1442 3838 1521 φυλασσομέ-

2184 1549 2290 1582 νων
2347 1530 2416 1582 τά
2475 1529 2675 1600 μάταια
2728 1528 2817 1583 καὶ
2875 1526 3046 1602 ψευδῆ
3106 1529 3361 1600 ξυλωτῶν
3406 1538 3510 1601 τῆς
3544 1530 3841 1604 ἐκκλησίας

2188 1616 2335 1679 ἐντὸς
2415 1617 2816 1693 συντρεχόντων
2904 1617 3173 1673 ἑκάστοτε·
3230 1619 3322 1674 καὶ
3383 1617 3686 1697 λοιδορίαις
3744 1622 3840 1677 καὶ

2188 1700 2374 1780 ὕϐρεσι
2428 1707 2519 1760 καὶ
2574 1706 3032 1779 ἀναθεματισμοῖς
3113 1710 3228 1762 καθ’
3285 1711 3446 1781 ἡμῶν
3533 1708 3840 1785 χρωμένων

2193 1793 2400 1869 μεγάλῃ
2430 1794 2599 1872 φωνῇ’
2645 1794 2745 1868 ὀψέ
2800 1792 2859 1850 δὲ
2911 1796 3002 1849 καὶ
3062 1796 3223 1869 μόλις
3280 1797 3398 1859 ἐνὸς
3458 1797 3842 1874 συγκλητικῶν

2114 1922 2161 1986 Β
2188 1884 2323 1958 πρὸς
2378 1886 2528 1956 ἡμᾶς
2586 1882 2926 1953 ἀνελθόντος,
2955 1884 3046 1939 καὶ
3102 1885 3170 1940 τά
3204 1888 3304 1955 τῆς
3335 1890 3576 1962 κραυγῆς
3605 1892 3712 1942 τῶν
3745 1887 3848 1964 ἀρ-

2193 1971 2422 2048 χιερέων
2452 1973 2542 2028 καὶ
2594 1974 2663 2028 τά
2720 1973 3068 2051 φημιζόμενα
3096 1976 3232 2030 κατά
3257 1982 3358 2045 τῆς
3406 1978 3567 2048 ἡμῶν
3631 1975 3851 2047 ὑπολή-

2193 2066 2337 2135 ψεως
2396 2061 2733 2117 ἀνυπόστατα
2787 2062 2877 2118 καὶ
2938 2062 3139 2136 μάταια
3185 2063 3274 2119 ναὶ
3326 2061 3524 2139 ψευδῆ,
3561 2065 3638 2128 ὡς
3696 2062 3844 2122 οἶδεν

2195 2151 2223 2206 6
2271 2148 2490 2223 μέλλων
2534 2157 2713 2228 κρῖναι
2760 2157 2930 2206 πᾶσαν
2981 2153 3082 2221 τήν
3130 2159 3233 2227 γῆν
3282 2152 3334 2208 ἐν
3377 2150 3710 2228 δικαιοσύνῃ,
3744 2154 3851 2227 έμ-

2195 2234 2394 2316 6ριθῶς
2453 2237 2866 2315 διεξεσχομένου
2931 2239 3272 2315 καταπλῆξαι
3329 2240 3475 2318 τάχα
3550 2244 3699 2315 ἡμᾶς
3755 2242 3852 2298 καὶ

2196 2324 2459 2407 φοϐῆσαι,
2502 2329 2578 2391 ὡς
2635 2326 2784 2406 εἷ’περ
2843 2328 3069 2405 ἐργάτην
3127 2325 3521 2408 ἀναμφιϐόλως
3577 2331 3853 2400 ἠπίστατο

2193 2422 2306 2473 τῶν
2365 2421 2755 2495 φημιζομένων
2815 2418 3185 2492 ἀνομημάτων
3216 2423 3285 2493 τῇ
3328 2417 3602 2494 ὑπολήψει
3659 2423 3851 2493 ἡμῶν,

2196 2507 2285 2561 καὶ
2346 2508 2420 2568 ὡς
2470 2506 2750 2579 οἰκτείρων
2802 2506 2948 2582 τάχα
3000 2514 3104 2576 τῆς
3145 2513 3429 2586 συμφορᾶς
3462 2509 3537 2582 μὴ
3595 2508 3860 2586 καθαίρε-

2201 2616 2281 2650 σιν
2336 2597 2616 2669 πάθωμεν,
2666 2596 2860 2669 ἀπῄτει
2931 2595 3255 2671 παραίτησιν
3299 2598 3364 2651 τὸ
3392 2597 3857 2676 τάχαλκουφότε-

2198 2704 2314 2760 ρον,
2347 2685 2444 2756 ὡς,
2478 2682 2530 2739 εἶ’
2578 2705 2663 2746 τις
2718 2682 2924 2739 κτεῖναί
2981 2705 3099 2739 τινα
3156 2684 3439 2761 σφαδάζων
3498 2687 3657 2759 θυμῷ
3712 2707 3859 2760 συμ-

2196 2772 2417 2835 παθείας
2445 2775 2799 2849 πρεσχήματι
2835 2770 3019 2846 δῆθεν,
3057 2773 3221 2846 μόνον
3274 2772 3471 2829 τούτου
3525 2776 3627 2844 τὴν
3681 2795 3854 2854 κεφα-

2198 2860 2303 2932 λὴν
2353 2861 2595 2935 ἐκτεμεῖν
2653 2862 3020 2940 ἀποφήνηται.
3066 2860 3224 2917 Ἀλλ’
3252 2865 3439 2935 ἡμεῖς,
3470 2863 3634 2939 κυρὸς
3683 2864 3713 2917 6
3749 2885 3850 2937 με-

2195 2973 2315 3028 γας,
2350 2951 2594 3013 εἰπόντες
2621 2956 2700 3023 τῷ
2730 2948 2977 3027 ἄρχοντι,
3012 2948 3383 3025 ἀδικούμενοι,
3415 2952 3490 3014 ὡς
3538 2950 3708 3026 μηδὲν
3734 2956 3848 3007 τῶν

2199 3040 2713 3118 συκοφαντουμένων
2791 3037 3014 3113 εἰδότες,
3085 3039 3259 3116 κρίσιν
3348 3044 3616 3114 ζητοῦμεν
3698 3041 3851 3117 πα.ρά

2197 3134 2395 3205 κριτῶν
2427 3131 2556 3185 Θεὸν
2590 3129 2831 3205 ἐχόντων
2854 3129 2961 3204 πρὸ
3020 3126 3339 3205 ὀφθαλμῶν·
3386 3129 3476 3184 καὶ
3534 3134 3649 3191 πῶς
3706 3149 3847 3206 παρ-

2197 3218 2407 3289 αίτησιν
2441 3215 2657 3291 δῶμεν;
2692 3217 2752 3273 Εἰ
2810 3214 2869 3271 δὲ
2922 3214 3100 3290 δῶμεν
3162 3214 3625 3289 δυναστευόμενοι,
3659 3216 3711 3271 ἐν
3764 3221 3849 3289 τῷ

442 3286 701 3366 Ecclesia
737 3310 1069 3382 pellendum
1099 3330 1112 3379 ;
1163 3313 1213 3367 si
1244 3286 1479 3383 quidem
1513 3286 1811 3371 auditores
1844 3316 2084 3371 menda-

2195 3286 2363 3379 κοινῷ
2418 3286 2687 3382 κριτηρίῳ
2744 3306 2845 3360 οὐκ
2898 3286 3350 3381 ἐλεγχθήσεταιὴ
3382 3286 3634 3376 ἀλήθειαν,
3684 3286 3850 3374 ἡνίκα

442 3398 599 3453 cium
632 3399 862 3453 veritati
893 3406 1256 3471 praeponant.
1295 3404 1364 3455 At
1396 3401 1723 3473 periculum
1755 3408 1864 3468 est,
1896 3404 2089 3477 inquit

440 3485 561 3555 ille,
596 3504 668 3544 ne
691 3492 745 3543 te
770 3490 1180 3556 condemnato,
1200 3488 1300 3560 qui
1332 3507 1366 3544 a
1399 3496 1452 3546 te
1483 3491 1735 3546 ordinati
1768 3496 1907 3548 sunt
1938 3493 2090 3550 inter

440 3572 619 3631 laicos
649 3576 1018 3646 abjiciantur.
1036 3577 1151 3633 Nos
1182 3595 1313 3634 vero
1345 3584 1568 3635 contra.
1599 3582 1724 3635 llaec
1744 3598 1879 3637 vera
1907 3583 2089 3640 simu-

443 3663 585 3719 latio
615 3668 723 3733 est,
758 3666 1035 3733 diximus,
1069 3684 1204 3721 nam
1238 3669 1337 3740 qui
1380 3685 1413 3723 a
1464 3669 1633 3725 nobis
1661 3668 1941 3728 laedendis
1971 3689 2085 3727 non

442 3751 1174 3825 abstinuerunt,quomodo
1193 3756 1325 3811 aliis
1347 3758 1633 3830 parcent?
1664 3759 1735 3814 Ut
1763 3766 1958 3815 autem
1990 3760 2089 3817 ille

441 3840 532 3894 vir
561 3840 878 3912 primarius
927 3843 1075 3897 nihil
1125 3846 1382 3916 perfecit,
1416 3848 1647 3903 etiamsi
1696 3848 1786 3904 bis
1834 3854 1890 3905 et
1937 3867 2090 3922 saepe

443 3929 666 3997 exierit,
726 3932 958 3987 nemine
1010 3934 1548 3991 comministrorum
1610 3937 1696 3991 vel
1743 3937 2086 3994 clericorum

442 4017 529 4073 vel
560 4018 1023 4090 begumenorum
1058 4021 1152 4077 his
1181 4023 1457 4079 omnibus
1480 4026 1686 4081 diebus
1708 4027 1780 4081 ad
1806 4044 1910 4082 nos
1934 4043 2090 4082 acce-

443 4107 579 4162 dere
628 4108 899 4175 audente,
936 4115 1175 4181 excepto
1225 4116 1453 4168 tantum
1507 4114 1778 4187 episcopo
1827 4116 2087 4188 Gangre-

441 4213 597 4267 rum,
630 4196 868 4267 quicum
902 4216 1023 4253 rem
1055 4202 1483 4256 communicavi
1510 4220 1523 4269 ;
1557 4220 1621 4257 ac
1650 4203 2087 4261 hieromonachi

444 4284 680 4340 assidue
700 4286 1106 4355 hortabantur,
1123 4294 1320 4361 utpote
1340 4289 1436 4361 qui
1461 4292 1721 4346 viderent
1747 4293 2087 4362 hujusmodi

441 4372 778 4429 incendium
810 4379 1007 4430 contra
1035 4392 1142 4432 nos
1184 4378 1257 4431 ab
1286 4378 1564 4433 omnibus
1595 4378 1931 4446 excitatum,
1963 4386 2029 4437 ut
2058 4400 2091 4437 a

445 4466 629 4535 ccepto
660 4463 1003 4520 desisterem
1034 4469 1091 4520 et
1122 4466 1474 4521 abdicarem.
1509 4466 1655 4522 Nam
1687 4468 1993 4525 dicebant:
2028 4469 2087 4526 Si

444 4552 684 4623 quidam
716 4556 910 4608 tecum
942 4553 1340 4625 reperirentur
1385 4571 1454 4610 ex
1492 4555 1782 4629 episc0pis
1813 4557 1913 4628 qui
1942 4558 2087 4614 veri-

2197 3395 2618 3472 παῤῥησιάσεται
2667 3396 2797 3457 Θεὸς
2855 3391 3207 3464 ἐκδικήσεως,
3266 3392 3383 3455 ἐνὸς
3437 3397 3543 3448 τῶν
3599 3399 3849 3470 φημιζο-

2202 3485 2371 3559 μένων
2430 3484 2644 3539 ἀτόπων
2704 3484 2851 3560 παρά
2907 3481 3159 3554 πολλῶν,
3192 3483 3267 3545 ὡς
3326 3482 3687 3556 μανθάνομεν,
3739 3482 3852 3538 ἀπὸ

2198 3578 2294 3628 σοῦ
2318 3574 2437 3628 καθ’
2466 3575 2646 3645 ἡμῶν,
2675 3572 2783 3648 οὐχ
2810 3568 2906 3627 ἕνα
2931 3572 3022 3626 καὶ
3056 3570 3240 3644 μόνον,
3274 3569 3401 3627 ἀλλ’
3455 3570 3601 3626 ὅλων
3657 3571 3852 3648 ἀρχιε-

2200 3664 2334 3739 ρέων
2392 3659 2685 3735 δυνάμενον
2758 3660 2995 3737 ὁρμαθὸν
3071 3666 3170 3730 τῆς
3233 3659 3561 3731 Ἐκκλησίας
3630 3659 3851 3733 ἐξῶσαι,

2200 3748 2254 3806 εἷ’
2275 3772 2339 3826 γε
2392 3757 2493 3820 τῆς
2549 3748 2811 3820 ἀληθείας
2859 3750 2922 3804 τὸ
2962 3746 3161 3823 ψεῦδος
3193 3750 3244 3804 οἳ
3275 3749 3534 3826 ἀκροαταὶ
3565 3751 3855 3825 προτιμή-

2199 3860 2403 3895 σουσιν·
2465 3837 2610 3893 ἀλλά
2671 3841 2746 3912 μή
2806 3842 2873 3911 τῇ
2934 3842 3003 3904 σῇ
3060 3837 3385 3911 καθαιρέσει,
3438 3837 3592 3916 φησὶ,
3649 3836 3740 3892 καὶ
3780 3840 3855 3895 οἱ

2202 3928 2306 3983 ὑπὸ
2336 3932 2433 3983 σοῦ
2463 3928 2933 4003 χειροτονηθένοες
2959 3931 3078 3989 τοῖς
3133 3926 3347 3988 λαϊκοῖς
3392 3928 3649 4003 κριθῶσιν
3710 3925 3853 3981 ἀπό-

2199 4012 2421 4087 ϐλητοι.
2458 4019 2670 4089 Σκῆψις
2725 4020 2913 4082 ταῦτα,
2946 4014 3286 4088 ἀντείπομεν.
3317 4016 3381 4069 Οἱ
3429 4016 3534 4091 γὰρ
3571 4018 3731 4087 ἡμῶν
3770 4017 3852 4087 μὴ

2200 4104 2509 4183 φειδόμενοι
2568 4102 2771 4160 ἀδικεῖν
2824 4100 3019 4180 έτέρων
3066 4109 3185 4166 πῶς
3233 4104 3536 4182 φείσονται;
3577 4105 3666 4165 Ὧς
3714 4100 3775 4159 δὲ
3823 4105 3854 4159 6

2201 4196 2386 4271 ἄρχων
2424 4191 2592 4268 μηδὲν
2648 4188 2851 4263 λαϐὼν,
2883 4193 2972 4248 καὶ
3026 4190 3109 4255 δὶς
3166 4193 3255 4249 καὶ
3311 4191 3584 4255 πολλάκις
3614 4191 3853 4266 ἀπῆλθε,

2206 4282 2440 4359 μηδενὸς
2466 4289 2574 4338 τῶν
2605 4280 3043 4358 συλλειτουργῶν
3100 4279 3240 4355 μηδὲ
3294 4286 3401 4337 τῶν
3459 4286 3557 4336 τοῦ
3608 4280 3851 4358 κλήρου,

2205 4375 2280 4447 μή
2341 4373 2654 4448 ἡγουμένου
2710 4372 2848 4448 πρὸς
2903 4374 3052 4445 ἡμᾶς
3108 4365 3480 4446 παραϐάλλειν
3529 4368 3854 4444 τολμῶντος

2202 4463 2291 4518 ἐπὶ
2342 4461 2631 4523 τοσαόταις
2688 4462 2924 4536 ἡμέραις
2982 4460 3135 4522 ἐκτὸς
3188 4463 3297 4514 τῶν
3350 4458 3647 4536 ἀρχιερέων
3724 4459 3849 4523 ἑνὸς

2200 4556 2296 4606 τοῦ
2348 4550 2471 4605 τότε
2510 4552 2766 4624 Γαγγρῶν
2799 4548 2846 4619 ᾧ
2873 4547 3262 4621 κοινωσάμενοι
3322 4546 3448 4624 περὶ
3499 4548 3599 4615 τὴν
3654 4546 3857 4620 παρα(-

442 4636 1111 4713 ἰαῐεῐη’ριοορυεηιιιεοηι,
1143 4649 1197 4698 et
1229 4643 1275 4698 si
1312 4645 1656 4699 mandatum
1689 4647 1966 4703 canonice
1996 4665 2084 4703 ac-

2200 4661 2356 4711 τησιν
2406 4636 2477 4692 δι’
2525 4639 2586 4706 ἢν
2639 4636 2729 4690 καὶ
2806 4636 3223 4710 ἠναγκαζόμεθα
3302 4635 3390 4690 καὶ
3463 4633 3857 4711 ἱερομονάχων

445 4730 721 4801 cepisses,
749 4735 810 4785 tu
835 4730 1107 4787 insistere
1130 4733 1372 4787 deberes
1395 4750 1460 4788 ac
1483 4734 1773 4804 judicium
1798 4735 2091 4805 postulare

446 4816 520 4873 iis
550 4820 649 4889 qui
680 4818 1111 4875 abdicationem
1144 4826 1439 4892 peterent;
1473 4829 1531 4877 at
1560 4824 1792 4892 quando
1839 4841 1873 4879 a
1916 4842 2084 4881 sena-

446 4906 596 4961 torio
628 4906 749 4961 viro
781 4906 839 4962 id
866 4913 1193 4979 praestatur,
1226 4910 1532 4965 considera
1564 4928 1782 4982 quasso,
1813 4913 1947 4983 quis
1994 4930 2090 4969 eo-

447 5010 577 5049 rum
609 4994 710 5065 qui
741 5002 873 5051 ante
903 5002 959 5051 te
988 4999 1061 5053 ab
1094 4998 1347 5054 Ecclesia
1376 5001 1542 5070 ejecti
1594 5006 1755 5067 sunt,
1789 5003 2007 5073 quique
2036 5008 2093 5057 et

441 5083 620 5139 verbo
652 5088 709 5138 et
738 5083 856 5139 vita
886 5086 1084 5157 magni
1108 5086 1213 5141 viri
1240 5088 1418 5159 fuere,
1440 5094 1612 5159 teque
1636 5090 2089 5160 praestantiores,

444 5171 740 5238 canonice,
774 5176 831 5227 et
861 5189 974 5228 non
1014 5190 1081 5229 ex
1128 5176 1471 5232 auctoritate
1519 5177 1781 5232 saeculari
1831 5178 2090 5249 dejectus

446 5260 671 5316 fuerit?
701 5261 1090 5325 Quamobrem
1122 5264 1239 5319 Deo
1268 5271 1369 5321 tua
1400 5266 1796 5331 committens,
1830 5268 1930 5338 qui
1962 5284 2091 5323 ven-

440 5354 615 5405 turus
644 5354 733 5405 est
765 5366 856 5405 res
887 5355 1119 5407 nostras
1143 5353 1429 5425 judicare,
1449 5356 1654 5411 abdica
1685 5360 1742 5411 et
1771 5357 1992 5428 recede,
2020 5374 2090 5413 ne

445 5439 685 5508 quidam
746 5456 815 5494 ex
872 5441 1194 5510 conjuratis
1242 5444 1310 5497 ad
1346 5445 1641 5514 graviores
1674 5445 2090 5517 sycophantias

443 5528 737 5599 progressi
776 5528 1096 5584 multorum
1128 5530 1440 5587 animabus
1470 5538 1526 5589 et
1557 5534 1681 5589 suis
1713 5534 1890 5589 etiam
1924 5534 2088 5589 dani-

442 5633 586 5671 num
614 5618 884 5671 inferant.
908 5617 1037 5673 Haec
1065 5618 1177 5673 Deo
1200 5626 1345 5675 teste
1377 5638 1554 5677 causa
1586 5623 1692 5677 fuit
1713 5640 1845 5678 cum
1878 5624 2090 5694 prioris

440 5708 569 5758 tum
644 5704 983 5775 posterioris
1058 5706 1465 5779 abdicationis,
1540 5707 1660 5763 haec
1735 5709 2090 5781 conspiratio

2202 4724 2750 4805 προσκαρτερούντων
2840 4721 2910 4779 δι’
2990 4724 3339 4795 Ἐκκλησίας,
3398 4724 3488 4779 καὶ
3570 4724 3669 4793 τὴν
3737 4722 3861 4794 ἐξα-

2198 4820 2412 4896 φθεῖσαν
2474 4816 2702 4889 ὁρῶντες
2764 4812 3015 4891 ἐξαίφνης
3070 4812 3337 4883 τοσαύτην
3411 4812 3679 4890 πυρκαϊὰν
3736 4814 3860 4867 καθ’

2201 4910 2361 4979 ἡμῶν
2420 4904 2565 4979 παρά
2619 4902 2833 4956 πάντων
2918 4902 3007 4956 καὶ
3093 4896 3528 4974 ἐκπληττόμενοι
3607 4898 3857 4956 ἐνδοῦναι

2200 4997 2347 5068 ἡμᾶς
2403 5000 2503 5062 τῆς
2565 4990 2855 5052 ἐνστάσεως
2926 4986 3374 5049 συνεϐούλευσαν.
3434 4989 3497 5046 Et
3555 4990 3649 5063 μὲν
3713 4989 3863 5067 εὑρί-

2201 5101 2391 5139 σκοντο
2450 5080 2700 5155 λέγοντες
2758 5080 2846 5134 καὶ
2898 5082 3040 5142 τινες
3112 5080 3245 5153 μετά
3321 5083 3417 5135 σοῦ
3493 5077 3860 5154 ἀντεχόμενοι

2198 5177 2304 5227 τῶν
2363 5170 2662 5246 ἀρχιερέων
2725 5168 2857 5243 ὑπὲρ
2916 5165 3173 5238 ἀληθείας
3229 5172 3363 5223 Θεοῦ
3416 5167 3506 5222 καὶ
3554 5169 3860 5229 κανονικῶς

2200 5260 2393 5337 ἐδέχου
2428 5259 2738 5333 μηνύματα,
2767 5256 2857 5311 καὶ
2915 5255 3074 5319 atra;
3136 5256 3437 5321 ἐνίστασθαι
3482 5251 3717 5333 ὥφειλες
3762 5255 3861 5310 καὶ

2199 5351 2373 5427 κρίσιν
2437 5352 2614 5417 ζητεῖν
2669 5351 2786 5407 τοῖς
2833 5344 3119 5400 ἀπαιτοῦσι
3185 5345 3530 5421 παραίτησιν.
3589 5343 3740 5399 Ἐπεὶ
3797 5341 3864 5401 δὲ

2199 5439 2346 5515 παρά
2383 5436 2774 5512 συγκλητικοῦ,
2806 5433 2907 5510 ὅρα
2959 5456 3042 5497 τις
3098 5438 3206 5489 τῶν
3267 5431 3674 5510 ἐκδιωχθέντων
3737 5429 3860 5487 ἀδί-

2199 5550 2311 5590 κως
2364 5534 2465 5597 τῆς
2527 5522 2853 5594 Ἐκκλησίας
2910 5525 3017 5599 πρὸ
3074 5528 3191 5593 σοῦ,
3224 5525 3315 5579 καὶ
3344 5528 3512 5579 ταῦτα
3558 5519 3715 5597 λόγῳ
3762 5523 3862 5578 καὶ

2205 5618 2311 5693 βίῳ
2382 5614 2657 5689 μεγάλων,
2702 5613 2792 5668 καὶ
2843 5612 2974 5687 ὑπὲρ
3028 5613 3085 5666 σὲ
3140 5612 3497 5689 ἀσυγκρίτων,
3554 5615 3863 5675 κανονικῶς

2201 5701 2490 5778 ἐξεϐλήθη,
2538 5702 2667 5759 ἀλλ’
2725 5700 2854 5777 οὐχὶ
2910 5700 3466 5776 ἐξουσιαστικῶς.Διά
3520 5704 3681 5757 τοῦτο
3739 5703 3863 5775 Θεῷ
