4110 6432
252 448 367 512 801

1747 448 2180 512 EPISTOLE.

3555 448 3674 510 502

255 580 544 645 πιστεύσας
600 579 670 637 τὰ
720 582 857 637 κατᾶ
901 580 960 637 σε
1013 579 1103 637 καὶ
1160 580 1318 645 αὐτὸς
1373 586 1454 655 τῷ
1510 579 1796 659 ἐρχομένῳ
1842 583 1899 637 τὰ

2024 583 2247 640 exstitit
2279 600 2292 638 :
2327 582 2558 639 etiamsi
2611 582 3012 641 accusationes
3052 581 3221 639 variae
3253 584 3311 639 et
3355 580 3676 640 dissimiles

245 672 493 748 ἡμέτερα
553 668 840 727 δικαιῶσαι
895 673 1370 747 παραιτησάμενος
1428 670 1558 743 ἔξιθι
1597 718 1609 741 ,
1676 673 1750 744 μὴ
1819 674 1909 726 καὶ

244 763 383 838 πρὸς
441 760 742 838 βαρυτέρας
794 762 937 823 τινὲς
985 765 1090 816 τῶν
1146 760 1586 839 μηχανορῥαφῶν
1642 780 1907 838 συκοφαν-

247 849 367 911 τίας
423 852 802 925 χωρήσαντες,
870 846 1095 905 πολλῶν
1154 850 1334 925 ψυχὰς
1408 850 1496 905 καὶ
1551 849 1647 911 τὰς
1706 849 1906 903 έαυτῶν

248 933 668 1011 καταϐλάψωσι.
726 934 877 1009 Αὕτη
939 937 1027 992 ἐπὶ
1084 942 1219 993 Θεοῦ
1279 939 1509 1012 μάρτυρι
1567 944 1666 1007 τῆς
1719 957 1909 1013 παραι-

248 1030 466 1098 τήσεως
522 1029 622 1095 τῆς
678 1027 903 1101 πρώτης
968 1027 1057 1081 καὶ
1110 1034 1210 1096 τῆς
1278 1024 1524 1100 δευτέρας
1581 1029 1617 1096 ἡ
1677 1026 1905 1093 συσκευή

249 1116 339 1171 καὶ
401 1114 655 1177 ὑπόθεσις
681 1132 694 1146 ⁸
753 1115 800 1170 εἰ
850 1115 941 1170 καὶ
996 1115 1063 1170 τὰ
1115 1119 1223 1170 τῶν
1279 1120 1621 1191 κατηγοριῶν
1682 1113 1908 1170 ποικίλα

242 1203 332 1258 καὶ
367 1204 541 1259 ἄνισα.
577 1204 728 1258 Ἐπεὶ
777 1200 835 1258 δὲ
884 1205 961 1277 (ί)
1004 1203 1067 1258 οὐ
1112 1200 1355 1277 δημοσία
1402 1204 1491 1259 καὶ
1545 1203 1729 1276 μόνον,
1763 1202 1907 1259 ἀλλά

245 1293 335 1346 καὶ
367 1289 510 1347 οἴκοι
538 1295 640 1347 τοῦ
671 1290 888 1366 ἐρᾶσθαι
940 1293 1018 1365 (2)
1069 1293 1159 1347 καὶ
1213 1290 1459 1367 εὐλογεῖν
1513 1294 1604 1347 καὶ
1637 1289 1907 1347 διδάσκειν

240 1386 361 1443 τοῖς
414 1386 677 1457 τυχοῦσιν
738 1381 1015 1455 ἀπείργειν
1071 1383 1223 1455 ἡμᾶς
1299 1382 1351 1435 οἱ
1427 1381 1702 1456 ἀρχιερεῖς
1764 1380 1907 1457 ἐγκε-

246 1468 515 1539 λεύονται,
579 1467 715 1545 ἅπερ
773 1467 899 1524 οὐδὲ
947 1474 1027 1542 τῷ
1084 1465 1331 1526 δυσσεϐεῖ
1380 1470 1655 1546 Γεωργίῳ,
1705 1470 1741 1539 ἢ
1790 1475 1905 1532 τοῖς

251 1558 690 1636 φυλασσομένοις
736 1560 815 1632 (3)
861 1560 926 1613 τὰ
977 1561 1176 1632 μάταια
1196 1560 1286 1614 καὶ
1318 1557 1492 1633 ψευδῆ
1532 1558 1796 1629 ξυλωταῖς
1827 1561 1904 1633 (4)

136 1655 146 1661 ’
238 1652 423 1710 ποσῶς
487 1647 842 1721 ἐπετίμησαν.
907 1648 983 1720 μὴ
1045 1646 1268 1711 ἑαυτοὺς
1328 1647 1652 1703 ἀκανόνιστα
1706 1646 1846 1723 πράτ
1880 1680 1903 1691 -

238 1757 348 1791 τειν
399 1736 490 1790 καὶ
539 1733 768 1809 ἄθεσμα,
813 1736 915 1805 τὴν
960 1734 1136 1812 κρίσιν
1187 1736 1494 1814 φρίττοντες
1541 1741 1637 1791 νοῦ
1684 1736 1899 1805 Θεοῦ,ἢ

237 1824 333 1880 κᾶν
394 1824 715 1899 ἀνθρώπους
793 1822 1148 1897 αἰδούμενοι·
1209 1824 1337 1881 ἀλλ’
1394 1827 1531 1898 ἡμῖν
1607 1820 1899 1901 ἐπιτρίϐειν

241 1912 503 1989 θαῤῥοῦσι
551 1914 617 1967 τὸ
671 1912 1040 1969 ἀκανόνιστον.
1088 1911 1255 1969 Αὐτοὶ
1302 1913 1391 1967 καὶ
1447 1912 1574 1975 τοὺς
1621 1914 1759 1990 πρὸς
1791 1918 1897 1968 τῶν
1929 1948 1978 2014 Β

241 2003 262 2014 -
304 2002 316 2014 .
436 2003 459 2014 -
578 2006 607 2014 ..
704 2001 719 2014 .
858 1998 869 2014 ι
1109 2002 1122 2014 .
1187 2000 1271 2014 η.
1396 2001 1408 2014 ,
1561 2005 1591 2014 -
1670 2009 1726 2014 __
1800 2002 1819 2014 ς

237 2002 399 2058 θείων
433 2003 648 2076 θεσμῶν
701 1998 990 2073 ἐπαράτοις
1036 2002 1127 2057 καὶ
1176 2000 1492 2078 ἀλλοτρίοις
1520 2005 1620 2071 τῆς
1670 2002 1901 2072 Ἐκκλη-

236 2091 354 2153 σίας
410 2095 648 2166 Χριστοῦ
683 2137 697 2162 ,
754 2091 851 2153 τὰς
919 2089 1160 2168 κεφαλὰς
1236 2089 1621 2154 ὑποκλίναντες
1675 2090 1765 2146 καὶ
1809 2112 1903 2146 κα-

234 2178 365 2235 νόνα
414 2177 722 2252 δεξάμενοι,
781 2177 871 2234 καί
926 2180 1019 2234 τὸν
1080 2179 1132 2234 ἐν
1185 2179 1423 2255 μακαρίᾳ
1466 2183 1537 2254 τῇ
1574 2182 1764 2254 μνήμῃ
1796 2201 1900 2235 παν

234 2268 512 2345 τριάρχην
562 2273 665 2337 τῆς
715 2267 1041 2339 Ἐκκλησίας
1099 2273 1336 2343 Χριστοῦ
1394 2268 1486 2324 καὶ
1547 2267 1903 2345 ὁμολογητὴν

238 2361 404 2430 κῦρον
463 2357 669 2434 Ἰωσὴφ
725 2355 1106 2433 παρανάλωμα
1137 2401 1151 2428 ,
1214 2356 1337 2412 ὅσον
1392 2357 1461 2412 κά
1513 2360 1630 2412 κατ’
1704 2357 1900 2421 αὐτοὺς

236 2453 337 2515 τῆς
398 2444 606 2518 μανίας
654 2449 762 2499 τῶν
820 2445 1162 2520 σχιζομένων
1220 2445 1459 2522 γενέσθαι
1514 2443 1845 2519 καταδεξάμε
1875 2480 1897 2489 -

246 2555 355 2602 νοι,
412 2533 506 2589 καὶ
563 2537 734 2588 ταῦτα
795 2534 930 2606 μετὰ
1006 2535 1227 2597 θάνατον
1264 2580 1279 2606 ,
1338 2532 1470 2608 ὅπερ
1527 2534 1626 2589 οὐκ
1681 2532 1815 2591 εἶδεν
1872 2536 1900 2590 ὁ

246 2622 435 2694 ἣλιος.
480 2621 893 2696 Ἀναμείναντες
944 2621 1031 2677 ἐπὶ
1066 2622 1290 2699 χρόνοις
1341 2622 1622 2684 τοσούτοις
1673 2623 1901 2694 ζητῆσαί

247 2734 367 2767 τινα
393 2716 504 2768 τῶν
534 2713 644 2787 πρὸ
691 2709 990 2789 ὀφθαλμῶν
1046 2711 1285 2787 ἐχόντων
1335 2710 1485 2767 Θεὸν.
1531 2716 1654 2775 Πῶς
1683 2713 1774 2767 καὶ
1802 2711 1900 2767 πό-

247 2823 326 2865 ςεν
372 2806 614 2857 τοσαῦτα
657 2802 775 2855 καθ’
824 2803 985 2875 ἡμῶν
1032 2799 1359 2879 ἐφρυάξαντο
1407 2804 1507 2875 (5),
1552 2801 1643 2855 καὶ
1694 2799 1901 2875 μηδένα

242 2892 332 2946 τὸν
396 2889 850 2962 συλλυπούμενον
914 2886 1055 2962 μηδὲ
1108 2889 1200 2945 τὸν
1254 2887 1670 2966 παρακαλοῦντα
1721 2890 1900 2966 εὑρόν-

241 3001 352 3050 τες,
402 2979 498 3034 ’ίνα
543 2978 635 3034 καὶ
684 2979 859 3055 κρίσιν
912 2975 1119 3033 δικαίαν
1174 2980 1520 3051 ζητήσωμεν,
1578 2978 1754 3055 ἐκχεῶ
1809 2979 1899 3034 καὶ

244 3068 409 3131 αὐτὸς
454 3072 556 3123 τοῦ
605 3065 674 3122 δι’
738 3066 837 3141 ἐμὲ
883 3068 1282 3142 σταυρωθέντος
1337 3065 1577 3121 ἐπώπιον
1625 3069 1724 3136 τήν
1780 3065 1901 3138 δέη-

246 3158 326 3213 σίν
390 3178 518 3231 μου,
577 3155 668 3211 καὶ
727 3156 826 3224 τὴν
886 3153 1068 3229 θλίψιν
1123 3175 1226 3227 μου
1276 3154 1421 3227 αὐτῷ
1450 3153 1765 3231 ἀπαγγελῶ.
1799 3156 1898 3211 Καὶ

247 3244 461 3320 μᾶλλον
494 3245 569 3307 ὡς
616 3251 718 3313 τῆς
765 3243 955 3306 κακίας
1003 3240 1349 3315 ἐπιδιδούσης
1393 3243 1482 3298 καὶ
1527 3240 1724 3319 εἷ’ργειν
1754 3246 1899 3300 ἀναι-

2021 677 2238 729 essent.
2294 672 2441 736 Quia
2490 689 2622 728 vero
2665 689 2780 728 non
2835 671 3066 745 publice
3116 671 3331 740 solum,
3362 673 3460 728 sed
3513 672 3672 728 domi

2020 761 2194 817 etiam
2246 763 2319 818 ab
2364 763 2804 834 interrogando,
2856 761 3252 817 benedicendo
3305 764 3362 817 et
3411 762 3671 818 docendo

2020 867 2127 906 nos
2157 851 2403 906 coerceri
2446 851 2660 921 jubent
2698 851 2977 922 episcopi,
3015 867 3129 922 quo
3180 866 3370 922 neque
3417 850 3667 921 impium

2017 938 2352 1011 Georgium,
2385 956 2574 1009 neque
2604 939 2888 1011 lignarios
2908 956 3058 995 vana
3089 944 3146 995 et
3176 938 3480 994 mendacia
3508 945 3670 995 tuen-

2017 1031 2104 1083 tes
2135 1028 2580 1099 prohibuerunt,
2613 1028 2761 1083 nihil
2791 1028 2957 1083 veriti
2992 1029 3145 1100 quod
3177 1032 3380 1084 contra
3417 1045 3669 1084 canones

2017 1121 2074 1172 et
2103 1116 2260 1190 leges
2307 1121 2501 1190 agant,
2557 1134 2745 1189 neque
2786 1116 3078 1189 judicium
3110 1117 3210 1174 Dei
3261 1116 3667 1186 formidantes,

2017 1222 2122 1262 nec
2170 1206 2439 1262 homines
2485 1207 2737 1272 reveriti,
2789 1222 2990 1261 verum
3042 1205 3127 1261 illi
3180 1223 3285 1262 nos
3338 1207 3555 1262 audent
3598 1207 3671 1262 de

2015 1294 2246 1350 violatis
2276 1295 2598 1351 canonibus
2630 1312 2927 1360 accusare,
2962 1296 3062 1368 qui
3089 1295 3430 1351 hominibus
3459 1312 3668 1352 secun-

2015 1384 2156 1438 dum
2191 1383 2418 1440 divinas
2447 1385 2605 1457 leges
2634 1384 3008 1440 exsecrandis
3040 1389 3098 1440 et
3126 1384 3332 1440 alienis
3362 1385 3434 1440 ab
3476 1385 3668 1441 Eccle-

2015 1473 2106 1528 sia
2152 1472 2367 1528 Christi
2418 1473 2609 1544 capita
2655 1472 3080 1542 submiserunt,
3131 1478 3188 1528 et
3236 1473 3308 1528 ab
3357 1473 3428 1529 iis
3477 1473 3663 1546 legem

2015 1566 2365 1633 acceperunt
2398 1578 2411 1615 :
2447 1566 2504 1617 et
2550 1561 2651 1633 qui
2686 1561 2870 1617 felicis
2921 1562 3214 1618 memoria:
3248 1562 3661 1634 .patriarcham

2017 1650 2288 1706 Ecclesia;
2320 1650 2532 1706 Christi
2580 1654 2637 1705 et
2664 1650 3055 1705 confessorem
3084 1650 3389 1705 dominum
3419 1650 3658 1723 Joseph,

2014 1739 2207 1809 quoad
2240 1737 2490 1794 facultas
2519 1744 2577 1794 et
2597 1738 2827 1794 insania
2857 1755 3060 1794 eorum
3090 1738 3245 1806 tulit,
3268 1738 3661 1795 sehismaticis

2012 1826 2131 1882 illis
2159 1828 2588 1883 traducendum
2620 1827 3006 1883 dimiserunt:
3041 1827 3215 1883 etiam
3246 1833 3382 1900 post
3411 1832 3658 1884 mortem

2011 1916 2161 1986 ejus,
2197 1916 2352 1987 quod
2387 1932 2692 1987 nunquam
2719 1919 2890 1971 antea
2921 1915 3008 1971 sol
3034 1916 3257 1971 viderat
3287 1934 3301 1972 :
3333 1932 3466 1972 eum
3498 1919 3659 1972 tanto

2012 2007 2276 2076 tempore
2308 2020 2747 2076 perseveremus
2764 2004 3077 2076 quarendo
3100 2003 3436 2076 quempiam
3456 2020 3659 2061 eorum

2012 2092 2112 2164 qui
2168 2093 2351 2148 Deum
2415 2097 2548 2148 ante
2608 2093 2808 2149 oculos
2864 2093 3104 2163 habent,
3134 2095 3200 2148 ut
3245 2093 3673 2165 conquiramus

2012 2182 2304 2252 quomodo
2351 2185 2582 2237 tantum
2614 2186 2821 2238 contra
2849 2199 2957 2238 nos
3001 2182 3429 2247 infremuerint,
3461 2198 3528 2237 ac
3559 2198 3659 2238 ne-

2012 2270 2231 2326 minem
2280 2270 2647 2327 inveniamus
2677 2270 3087 2327 condolentem
3121 2270 3209 2327 vel
3233 2270 3658 2337 consolantem,

2012 2359 2328 2430 utjustum
2352 2358 2646 2429 judicium
2672 2360 3051 2431 exquiramus
3086 2377 3097 2414 :
3130 2360 3425 2415 effundam
3458 2374 3564 2431 ego
3595 2358 3655 2414 in

2011 2450 2323 2518 conspectu
2357 2448 2486 2518 ejus
2508 2447 2610 2519 qui
2641 2464 2744 2518 pro
2775 2464 2868 2503 me
2891 2448 3204 2504 cruciﬁxus
3224 2454 3315 2503 est
3333 2447 3653 2503 orationem

2011 2552 2224 2604 meam,
2273 2540 2330 2591 et
2377 2536 2815 2591 tribulationem
2866 2553 3056 2592 meam
3103 2537 3217 2609 ipsi
3269 2536 3654 2605 renuntiabo;

2010 2640 2145 2679 cum
2180 2624 2431 2680 maxime
2462 2625 2688 2680 malitia
2716 2630 3011 2698 angescat,
3045 2642 3109 2681 ac
3148 2625 3523 2698 impudenter
3554 2642 3656 2680 no-

2010 2712 2102 2773 bis
2130 2713 2217 2768 vel
2248 2713 2692 2785 respirationem
2722 2712 3096 2781 intercludat,
3134 2718 3196 2768 ut
3220 2713 3303 2768 ita
3331 2714 3545 2782 dicam,
3575 2713 3659 2769 ita

2010 2806 2076 2857 ut
2122 2817 2311 2873 neque
2341 2800 2653 2868 celebrare,
2686 2818 2876 2872 neque
2913 2802 3278 2867 benedicere,
3309 2819 3499 2874 neque
3552 2804 3655 2859 do-

2009 2907 2138 2946 cere
2173 2890 2503 2961 quempiam
2535 2906 2604 2945 ea
2632 2907 2758 2961 quae
2782 2890 2853 2945 ad
2888 2889 3139 2945 salutem
3164 2895 3432 2963 spectant
3460 2908 3660 2948 conce-

2009 2980 2128 3035 dat.
2156 2980 2367 3034 Nostra
2396 2979 2613 3050 itaque,
2650 2980 2893 3034 Domine
2922 2979 3077 3034 Deus
3122 2979 3527 3035 universorum
3554 2980 3657 3052 qui

2010 3067 2068 3122 in
2098 3068 2380 3123 Trinitate
2409 3068 2679 3139 cognitus
2710 3084 2772 3124 es
2803 3072 2859 3123 et
2887 3067 3222 3132 celebraris,
3253 3084 3367 3140 quo
3407 3068 3659 3124 volueris

2009 3157 2346 3230 procedant,
2378 3156 2899 3213 intercessionibus
2947 3158 3076 3229 ejus
3105 3174 3233 3229 quas
3284 3156 3661 3214 ineffabiliter

2008 3249 2067 3301 et
2096 3244 2472 3301 immaculate
2523 3262 2735 3318 corpus
2767 3245 3013 3318 praebuit
3042 3247 3143 3300 uni
3175 3262 3244 3301 ex
3286 3246 3660 3302 sanctissima

241 3313 584 3411 σχυντούσης
650 3331 738 3387 καὶ
792 3336 900 3387 τῶν
949 3330 1230 3387 ἀναπνοῶν
1275 3313 1422 3405 ἡμᾶς
1468 3333 1530 3387 τὸ
1574 3313 1895 3407 λεγόμενον,

2013 3334 2311 3401 Trinitate,
2344 3339 2401 3389 et
2447 3336 2712 3390 omnium
2743 3351 2777 3389 a
2806 3333 3019 3390 saeculo
3067 3334 3167 3390 Dei
3212 3334 3504 3391 cultorum
3553 3336 3655 3407 qui

241 3424 314 3485 ὡς
354 3423 434 3496 μὴ
470 3420 833 3497 λειτουργεῖν,
885 3421 960 3493 μή
1011 3419 1277 3495 εὐλογεῖν,
1335 3422 1409 3495 μὴ
1461 3417 1727 3476 διδάσκειν
1776 3424 1898 3478 τινὰ

2013 3422 2224 3481 similia
2253 3421 2413 3494 passi
2443 3426 2600 3478 sunt.

242 3512 309 3566 τὰ
363 3510 504 3586 πρὸς
561 3508 837 3586 σωτηρίαν
896 3509 1358 3586 παραχωρούσης.
1416 3511 1639 3586 ’Ἃγοιτο
1698 3508 1788 3565 οὖν
1826 3553 1840 3575 .
1899 3514 2140 3569 Δέσποτα
2212 3510 2301 3564 καὶ
2354 3509 2448 3564 Θεὲ
2515 3514 2613 3563 τοῦ
2668 3510 2867 3573 παντὸς
2927 3510 2978 3564 ἐν
3007 3507 3193 3584 Τριάδι
3250 3508 3653 3585 γινωσκόμενος

241 3599 330 3653 καὶ
391 3598 759 3673 ὑμνούμενος,
819 3596 947 3653 ὅποι
1004 3596 1163 3676 φίλον
1209 3619 1295 3653 σοι
1338 3598 1407 3653 τὰ
1451 3599 1730 3675 ἡμέτερα,
1775 3596 2084 3677 πρεσϐείαις
2128 3605 2230 3668 τῆς
2278 3598 2531 3674 ἀρρήτως
2579 3599 2670 3652 καὶ
2720 3599 3046 3675 ἀῤῥυπάρως
3091 3600 3501 3672 σωματωσάσης
3556 3602 3649 3655 τὸν

243 3684 337 3743 ἓνα
361 3694 467 3756 τῆς
513 3685 771 3763 παναγίας
818 3682 1070 3760 Τριάδος,
1116 3686 1206 3742 καὶ
1252 3685 1467 3741 πάντων
1514 3691 1622 3742 τῶν
1667 3687 1759 3742 ἀπ’
1806 3688 2004 3751 αἰῶνος
2055 3685 2496 3763 λελατρευκότων
2548 3690 2663 3758 Θεῷ
2709 3688 2796 3740 καὶ
2825 3691 3051 3742 τοιαῦτα
3095 3687 3396 3745 παθόντων.
3450 3688 3648 3760 ’Δμήν.

311 3923 395 3975 Ex
421 3918 498 3974 iis
528 3918 762 3974 duobus
791 3917 1097 3975 Athanasii
1126 3917 1361 3992 scriptis
1399 3922 1651 3990 constat,
1682 3936 1924 3976 causam
1972 3918 2358 3976 abdicationis
2405 3917 2648 3974 secundi
2700 3917 3135 3990 patriarchatus
3180 3919 3487 3976 Athanasii
3538 3937 3653 3977 non

248 4007 433 4064 fuisse
460 4023 591 4063 eam
621 4022 798 4078 quam
828 4008 1003 4062 refert
1031 4007 1337 4080 Gregoras,
1370 4006 1473 4063 lib.
1504 4025 1604 4076 vn,
1639 4024 1766 4080 cap.
1798 4009 1854 4077 9,
1884 4024 2068 4080 neque
2117 4006 2281 4062 illam
2329 4022 2507 4078 quam
2561 4006 2801 4061 adducit
2844 4006 3208 4079 Nicephorus
3236 4006 3562 4073 Chumnus,
3596 4007 3657 4063 in

248 4096 521 4153 Oratione
573 4095 797 4151 inedita
850 4113 976 4166 quae
1025 4095 1389 4164 inscribitur,
1441 4093 1714 4170 Ἔλεγχος
1763 4095 1899 4149 κατὰ

2013 4099 2042 4149 ῦ
2090 4098 2270 4156 κακῶς
2320 4094 2389 4148 τὰ
2416 4094 2590 4148 πάντα
2618 4092 3149 4169 πατριαρχεύσαντος
3178 4094 3452 4172 Νίφωνος,
3486 4095 3659 4149 ἀνενε-

246 4183 399 4260 χθεὶς
425 4183 575 4258 παρᾶ
618 4186 716 4236 τοῦ
766 4180 1135 4256 Νικομηδείας
1184 4183 1274 4237 καὶ
1318 4187 1416 4238 τοῦ
1465 4182 1788 4253 Μιτυλήνης
1842 4204 1899 4259 πε

2026 4184 2126 4251 τήν
2178 4182 2323 4258 ἱερὰν
2368 4179 2609 4253 σύνοδον,
2642 4184 2741 4238 ubi
2794 4183 2894 4249 ait,
2945 4183 3331 4240 Athanasium
3365 4202 3473 4241 sua
3520 4184 3659 4240 sede

248 4272 561 4347 expulsum
591 4277 649 4330 et
677 4275 1022 4330 damnatum
1048 4273 1317 4341 cessisse,
1350 4291 1416 4329 eo
1443 4275 1594 4345 quod
1619 4274 1891 4330 minister
1910 4274 2038 4344 ejus
2060 4272 2447 4344 Theophanes
2469 4273 2622 4328 dona
2645 4272 2964 4343 accepisset
2986 4273 3059 4327 ab
3082 4272 3154 4328 iis
3175 4273 3392 4343 quibus
3422 4273 3657 4328 ordines

247 4361 398 4418 sacri
426 4364 830 4419 conferrentur
863 4379 876 4429 ;
910 4361 968 4417 id
1001 4362 1155 4433 quod
1190 4360 1521 4434 patriarcha
1550 4361 1834 4419 insciente
1885 4361 2010 4417 ﬁeri
2060 4361 2221 4416 haud
2272 4360 2579 4432 potuisset.
2631 4359 2725 4415 Sic
2767 4360 2843 4415 ibi
2886 4361 3249 4431 Nicephorus
3299 4360 3603 4416 Chumnus
3639 4387 3653 4428 ;

252 4452 422 4523 cujus
453 4449 695 4523 quidem
728 4449 1020 4507 Orationis
1050 4450 1445 4523 fragmentum
1496 4451 1588 4506 hic
1632 4451 1897 4506 exscriho
1948 4466 2017 4505 ex
2062 4449 2228 4506 Notis
2276 4448 2521 4505 Boivinii
2572 4449 2644 4503 ad
2694 4448 3008 4521 Gregoram
3045 4467 3057 4505 :
3090 4446 3150 4500 Τί
3200 4444 3257 4501 δὲ
3302 4447 3392 4501 καὶ
3435 4444 3520 4501 ὅτι
3557 4451 3655 4501 τοῦ

245 4537 779 4615 πατριαρχεύσαντος
823 4535 1163 4611 Ἀθανασίου,
1216 4535 1404 4606 ἐπειδὴ
1456 4539 1484 4592 ὁ
1524 4536 1762 4613 γνησίως
1816 4536 2006 4610 ἐκείνῳ
2058 4536 2557 4612 ἐξυπηρετούμενος
2614 4537 2886 4612 Θεοφάνης
2946 4534 3220 4613 φωραθείη
3281 4533 3428 4610 δῶρα
3486 4534 3653 4609 λαμ-

249 4620 425 4681 ϐάνων
473 4624 561 4680 ἐπὶ
615 4630 952 4700 προτροπαῖς
996 4625 1294 4697 τοιαύταις,
1346 4626 1681 4699 ἀπέστημεν,
1727 4625 1818 4680 καὶ
1869 4626 2063 4686 πάσαις
2119 4627 2326 4699 ψήφοις
2379 4619 2762 4697 ἀπεϐαλόμεθα
2807 4621 2964 4677 τόνδε
3005 4624 3095 4677 τὸν
3148 4624 3516 4699 πατριάρχην,
3567 4622 3657 4678 καὶ

252 4712 363 4770 οὐδ’
418 4713 481 4770 οὗ
531 4717 747 4788 μήποτε
796 4711 1063 4787 δεξαίμεθ’
1114 4712 1173 4769 ἃν
1231 4714 1389 4770 αὐτὸν
1444 4713 1571 4769 οὕτε
1618 4714 1695 4776 εἰς
1747 4713 2181 4790 ἀρχιερωσύνην,
2216 4710 2339 4767 οὔτε
2370 4713 2666 4787 ἱερωσύνην
2700 4731 2714 4780 ;
2748 4710 2894 4766 Έπεί
2923 4712 3012 4767 καὶ
3055 4709 3345 4766 συνειδέναι
3378 4711 3536 4766 αὐτὸν
3567 4712 3657 4767 καὶ

255 4806 328 4877 μή
359 4803 654 4879 ἀγνώστως
686 4801 833 4879 ἔχειν
866 4808 973 4858 τῶν
1003 4807 1083 4876 τῷ
1133 4804 1389 4881 Θεοφάνει
1441 4803 1863 4879 πεπραγμένων,
1916 4802 2046 4857 αὐτὸ
2093 4802 2157 4857 τὸ
2206 4808 2436 4878 πρᾶγμα
2481 4801 2570 4856 καὶ
2623 4799 2855 4855 δείκνυσι
2902 4800 2992 4855 καὶ
3046 4798 3337 4877 διελέγχει,
3386 4801 3476 4855 καὶ
3516 4799 3654 4856 ἔστιν

250 4891 605 4970 ἰσχυρότερον
637 4892 839 4954 παντὸς
872 4890 1109 4967 ἐλέγχου
1154 4893 1245 4946 καὶ
1291 4891 1618 4968 κατηγόρου.
1680 4894 1827 4960 Non,
1861 4895 1899 4949 ἱι

2013 4910 2129 4958 am,
2161 4892 2538 4964 Theophanis
2569 4892 2811 4946 avaritia
2839 4907 3017 4947 causa
3048 4891 3177 4958 fuit,
3210 4896 3276 4946 ut
3302 4891 3656 4947 Athanasius

248 4983 510 5040 secundo
542 4998 572 5039 e
608 4984 747 5039 sede
779 4982 1107 5054 pelleretur,
1135 4987 1202 5038 ut
1230 4984 1310 5039 ait
1338 4983 1647 5038 Chumnus
1676 5000 1690 5051 ;
1725 4998 1863 5038 nam
1891 4981 2326 5053 Theophanem,
2360 4979 2693 5035 inconsulto
2722 4984 2779 5034 et
2817 4980 3060 5035 minime
3091 4980 3370 5052 probante
3397 4981 3658 5036 Athana-

246 5072 354 5143 sio,
388 5072 544 5128 dona
572 5071 839 5143 accipere
870 5070 1111 5128 solitum
1143 5071 1325 5127 fuisse
1351 5071 1460 5143 (uti
1509 5070 1731 5142 optime
1762 5076 1819 5126 et
1846 5070 2148 5126 Boivinius
2198 5068 2257 5123 in
2305 5068 2468 5124 Notis
2515 5069 2587 5123 ad
2636 5072 2976 5140 Gregoram)
3015 5075 3256 5141 apparet
3300 5085 3369 5124 ex
3410 5069 3660 5142 epistola

247 5160 443 5233 ipsius
469 5160 777 5217 Athanasii
809 5160 882 5216 ad
914 5159 1327 5231 imperatorem
1358 5158 1595 5231 scripta,
1629 5176 1748 5230 qua
1777 5157 2036 5231 postulat
2074 5162 2140 5213 ut
2168 5157 2504 5229 inquiratur
2524 5157 2583 5210 in
2616 5173 2715 5212 eos
2744 5156 2843 5229 qui
2872 5156 3178 5213 xeniorum
3209 5158 3445 5212 nomine
3480 5173 3658 5229 pecu-

255 5250 415 5307 niam
447 5249 785 5323 acceperint
815 5266 883 5305 ex
906 5249 1065 5322 turpi
1095 5265 1293 5318 causa,
1325 5254 1383 5304 et
1411 5247 1759 5304 nominatim
1791 5251 1955 5303 notat
1983 5246 2179 5319 ipsum
2207 5245 2640 5317 Theophanem.
2674 5244 2832 5301 Hanc
2863 5245 3038 5301 etiam
3060 5245 3388 5318 epistolam,
3412 5263 3545 5302 cum
3583 5246 3661 5303 sit

245 5338 492 5407 inedita,
523 5338 666 5396 libet
696 5338 793 5394 hic
822 5354 958 5395 cum
989 5343 1188 5395 nostra
1215 5337 1478 5394 versione
1511 5336 1807 5394 exhibere.

339 5588 395 5660 1)
415 5586 586 5643 Forte
613 5580 824 5655 ἐπειδή.

339 5659 396 5728 2)
424 5658 709 5728 Ἰερᾶσθαι.
923 5724 934 5728 Δ

2074 5583 2152 5728 id)
2184 5585 2352 5640 Forte
2384 5580 2679 5654 ζηλωταῖς.

2101 5656 2160 5728 5)
2190 5654 2534 5728 Ἐφρυάξατε.

335 5654 396 5728 2)
424 5658 709 5733 Ἰερᾶσθαι.
792 5654 795 5655 ν
2190 5654 2534 5731 Ἐφρυάξατε.

339 5729 398 5805 3)
425 5729 599 5788 Forte
628 5724 1079 5809 φρυασσομένοις.
1130 5778 1136 5783 .
