4110 6418
272 451 387 514 503

1757 447 2188 512 EPISTOLE.

3561 433 3686 496 $06

273 582 646 658 ποιουμένοις,
681 582 909 658 ἐξέτασιν
942 583 1088 650 ἔνθεν
1129 585 1205 648 ὡς
1250 583 1308 640 ἃν
1357 584 1448 640 καὶ
1495 579 1778 661 φροντίδος
1823 580 1913 637 καὶ

2043 581 2312 655 gligenter
2331 583 2534 654 agunt.
2561 577 2766 650 culpas
2794 577 2852 631 et
2882 571 3263 646 cogitationes
3302 567 3676 625 redimendae

274 675 538 752 ἁμαρτίας
587 675 1032 752 ἐκλυτρωθῶμεν.
1083 679 1197 730 Τῶν
1248 676 1350 750 γὰρ
1415 674 1532 730 λίαν
1599 673 1802 748 βαρέων
1852 675 1921 726 τὰ

275 764 606 820 ἀκουσθέντα
662 767 795 839 ἅπερ
851 766 940 820 καὶ
1013 767 1204 841 πρώην
1283 765 1534 842 ἀνέφερον
1614 767 1761 831 ζητῶ
1830 761 1920 816 καὶ

280 858 438 908 τανῦν
495 855 798 929 τηρηθῆναι
853 860 960 909 τῶν
1022 852 1116 909 δύο
1174 851 1248 908 ἓν·
1303 854 1338 922 ἣ
1391 854 1694 929 τηρηθῆναι
1780 852 1925 926 παρὰ

274 949 370 1010 τῆς
403 941 464 997 ἐκ
497 947 633 998 Θεοῦ
667 941 942 1016 βασιλείας
972 964 1066 997 σου
1111 947 1218 998 τῶν
1269 943 1591 1020 ἀμφοτέρων
1644 945 1740 995 τοῦ
1798 960 1924 994 κατ-

275 1031 486 1106 ηγόρου
551 1030 641 1085 καὶ
715 1033 831 1086 καθ’
886 1032 948 1086 οὗ
998 1034 1033 1100 ἡ
1093 1030 1410 1106 κατηγορία,
1471 1030 1504 1099 ἢ
1567 1027 1924 1102 ἐμπιστεύσα-

280 1122 398 1175 σθαι
441 1124 605 1175 τοῦτο
652 1123 784 1193 ἡμῖν
823 1119 1029 1194 ὀλίγων
1076 1125 1235 1174 τινῶν
1286 1119 1557 1195 παρουσίᾳ
1599 1122 1927 1173 κατακοῦσαι

279 1214 386 1264 τῶν
445 1208 785 1286 ἀμφοτέρων·
819 1211 1204 1285 Ἀναχωρὴσαι
1256 1209 1357 1285 γὰρ
1413 1206 1600 1271 ἄλλως
1641 1207 1691 1262 ἐν
1725 1211 1792 1281 τῇ
1834 1206 1928 1262 λα-

280 1299 457 1375 χούσῃ
483 1298 716 1371 κάκείνῳ
748 1297 1060 1376 ἀσύμφορον
1088 1299 1178 1354 καὶ
1200 1301 1353 1372 ἡμῖν.

282 1457 516 1535 Γράμμα
572 1456 761 1535 σταλὲν
813 1457 1060 1535 τῶν-ἐπὶ
1132 1462 1238 1535 τῶν
1318 1454 1552 1535 δεήσεων
1591 1527 1600 1535 ι
1638 1455 1756 1532 πιρὶ
1832 1454 1927 1516 τὰς

352 1525 584 1616 Ψήφους
639 1530 701 1620 ἃς
740 1531 1086 1620 ,πεποιήκασι
1148 1527 1237 1584 διὰ
1312 1525 1408 1584 τὸν.
1473 1525 1714 1597 Κυζίκου
1779 1525 1929 1587 ὅπως

353 1602 602 1656 ποιοῦσιν
636 1602 792 1656 αὐτὸν
824 1603 1192 1677 πατριάρχην.

353 1746 411 1797 Ὀ
460 1749 706 1820 συνεχῶς
754 1741 1116 1816 στελλόμενος
1162 1744 1297 1819 πρὸς
1346 1746 1504 1815 ἡμῶν
1561 1742 1636 1803 εἷς
1694 1741 1930 1816 προσκύ-

281 1854 460 1905 νησιν,
493 1832 742 1908 ἄνθρωπε
790 1838 887 1888 τοῦ
944 1837 1078 1888 Θεοῦ
1125 1836 1222 1888 τοῦ
1277 1831 1563 1906 κρατίστου
1619 1831 1709 1884 καὶ
1777 1829 1932 1906 ἁγίου

286 1944 390 1994 μου
451 1921 870 1996 αὐτοκράτορος,
902 1923 976 1984 ὡς
1037 1920 1152 1983 ἔθος
1211 1919 1380 1975 ἐλθὼν
1435 1920 1541 1993 πρὸ
1597 1923 1788 1994 καιροῦ
1841 1918 1930 1974 καὶ
1965 1945 2014 2011 Β

283 2013 691 2086 προσκυνήσας,
742 2011 832 2065 καὶ
882 2007 1113 2081 ἐξελθὼν
1163 2010 1394 2082 ἀνέμαθε
1439 2008 1575 2084 πρὸς
1627 2012 1790 2062 τινῶν
1843 2012 1935 2077 ζη-

284 2099 448 2169 τῆσαί
495 2120 555 2154 σε
590 2100 682 2154 τὸν
716 2098 867 2174 ἅγιόν
905 2120 1010 2171 μου
1039 2097 1407 2173 αὐτοκράτορα
1463 2103 1779 2174 φωνηθῆναι
1836 2100 1934 2150 τοῦ

287 2187 621 2264 ὑποστρέψαι
672 2187 764 2243 τὸν
819 2185 1073 2264 ἀδελφὸν,
1104 2184 1277 2242 ἕνεκεν
1335 2191 1432 2240 τοῦ
1492 2185 1758 2260 ἐρωτῆσαι
1814 2190 1934 2246 πῶς

283 2279 350 2331 τὰ
405 2277 533 2350 περὶ
589 2281 697 2331 τῶν
758 2279 954 2354 ψήφων
1014 2276 1180 2354 ἐφάνη
1221 2278 1380 2348 ἡμῖν,
1412 2275 1500 2329 καὶ
1534 2274 1579 2329 εἰ
1612 2272 1931 2349 ἀπεδείχθη,

281 2366 372 2420 ira!
428 2365 482 2420 τί
544 2364 888 2438 ἐλαλήσαμεν
937 2365 1060 2440 περὶ
1103 2365 1317 2419 τούτουο
1350 2366 1440 2418 καὶ
1485 2363 1548 2417 τὸ
1593 2364 1686 2436 μὲν
1719 2365 1934 2440 ψήφους

285 2450 558 2531 προϐῆναι
597 2455 633 2522 ἢ
688 2456 762 2527 μὴ
813 2449 1106 2530 προϐῆναι,
1145 2456 1310 2525 ἡμεῖς
1355 2449 1460 2514 ’έως
1509 2457 1595 2506 νῦν
1651 2451 1737 2506 ἐπὶ
1799 2452 1934 2527 μάρ-

284 2564 405 2619 τυρι
441 2549 522 2615 τῷ
583 2548 700 2614 Θεῷ
757 2541 879 2598 οὔτε
935 2543 1266 2616 ἠκούσαμεν,
1301 2539 1424 2597 οὔτε
1481 2541 1648 2596 εἰπεῖν
1706 2561 1937 2618 πεφρον-

289 2633 540 2704 τίκαμεν.
575 2631 635 2685 Τί
690 2631 869 2687 τοίνυν
921 2631 966 2686 εἰ
1014 2631 1104 2686 καὶ
1158 2631 1251 2685 τὸν
1280 2637 1382 2698 τῆς
1439 2627 1780 2703 ἀντιλήψεως
1841 2649 1935 2682 σου

294 2723 368 2793 μή
435 2718 591 2793 ἷῖσμσν
654 2720 874 2791 σκοπὸν,
906 2721 1050 2781 τίνος
1106 2719 1266 2796 χάριν
1330 2718 1490 2794 ὀρέγῃ
1551 2720 1760 2790 μαθεῖν,
1807 2717 1936 2779 τοὺς

290 2813 424 2882 ἡμῖν
475 2810 544 2864 τὰ
601 2809 727 2881 περὶ
769 2813 876 2863 τῶν
919 2811 1114 2886 ψήφων
1183 2806 1330 2863 δοκεῖ
1382 2807 1433 2861 ἐν
1484 2804 1701 2882 καρδίᾳ,
1751 2806 1837 2861 καὶ
1883 2805 1937 2860 τί

287 2899 376 2954 καὶ
409 2896 771 2971 λαλήσομεν;
808 2895 986 2953 Ἀλλά
1013 2918 1076 2974 γε
1119 2899 1193 2959 ὡς
1247 2897 1371 2973 περὶ
1430 2900 1525 2951 σοῦ
1581 2895 1934 2971 λογιζόμενοι

287 2986 464 3058 πάντη
517 2985 661 3042 καλὰ
719 2990 837 3051 θεῖα
886 2987 1028 3060 ὁμοῦ
1094 2986 1184 3040 καὶ
1242 2985 1569 3059 ἀνθρώπινα,
1629 2985 1718 3039 καὶ
1773 2989 1934 3039 τοῦτο

286 3082 394 3132 τῶν
443 3097 496 3131 τι
539 3075 894 3131 συνοισόντων
941 3075 1137 3151 εὑρεῖν,
1166 3074 1290 3149 ἐρᾷν
1336 3079 1434 3128 τοῦ
1486 3073 1562 3136 είς
1606 3077 1805 3148 γνῶσιν
1848 3072 1936 3129 ἐλ-

289 3171 397 3230 θεῖν
457 3164 801 3239 κεκρίκαμεψ
861 3162 950 3218 καὶ
1013 3162 1223 3236 μᾶλλον
1299 3163 1742 3238 παρορμηθέντες
1797 3162 1934 3237 πρὸς

285 3259 392 3309 τῶν
475 3253 680 3328 λογίων
755 3256 852 3306 τοῦ
919 3252 1151 3327 Πατρὸς,
1213 3249 1465 3324 ἑτοίμους
1543 3251 1675 3305 εἶναι
1731 3248 1933 3305 διδόναι

2031 677 2215 727 curat.
2249 671 2427 725 Valde
2470 668 2673 724 dolens
2697 666 2899 723 audita
2928 661 3148 719 montis
3176 661 3363 715 instar
3393 656 3678 715 sustinui,

2031 766 2089 817 et
2118 777 2270 815 nunc
2302 759 2471 832 cupio
2494 763 2560 814 ut
2582 775 2652 813 ex
2670 756 2902 811 duobus
2934 752 3182 808 alterum
3215 765 3380 805 cures
3415 765 3430 803 :
3458 745 3547 802 vel
3582 762 3683 818 per

2035 850 2296 905 divinum
2356 848 2666 920 imperium
2727 851 2896 900 tuum
2947 842 3070 896 haec
3128 840 3264 905 duo,
3314 841 3372 893 et
3432 852 3595 893 reum
3628 841 3689 891 et

2035 939 2467 994 accusationem
2499 936 2571 991 de
2601 952 2667 990 eo
2699 934 2900 988 audire
2932 930 3146 1002 eligas;
3170 927 3258 983 vel
3289 925 3458 982 nobis
3489 940 3686 980 coram

2035 1027 2237 1100 paucis
2267 1026 2622 1099 quibusdam
2657 1024 2778 1078 haec
2810 1023 2924 1077 duo
2959 1018 3253 1092 quaerendi
3285 1029 3485 1071 curam
3519 1029 3679 1070 com-

2035 1117 2268 1184 mittas;
2303 1115 2469 1170 aliter
2495 1113 2818 1170 versaberis
2848 1111 2906 1165 in
2935 1107 3173 1164 incertis
3205 1110 3262 1162 et
3282 1104 3367 1159 illi
3413 1107 3472 1159 et
3505 1101 3678 1158 nobis

2037 1205 2248 1261 noxiis.

2042 1455 2281 1530 Epistula
2310 1455 2380 1509 ad
2408 1453 2740 1530 magistium
2760 1448 3096 1530 _libelloru_m
3141 1444 3459 1530 supplicum
3488 1441 3560 1524 tle
3584 1441 3692 1496 eteo

2108 1531 2284 1584 ctione
2339 1543 2447 1598 qua
2502 1515 2824 1596 patriarcha
2897 1526 3113 1574 creatus
3169 1515 3353 1586 fuerat
3410 1515 3693 1586 episcopus

2114 1599 2318 1672 Cyzici.

2111 1742 2213 1796 Vir
2271 1759 2304 1795 a
2355 1739 2524 1795 nobis
2581 1739 2860 1809 perpetuo
2891 1734 2950 1788 in
2981 1728 3370 1786 venerationis
3425 1725 3686 1781 ofﬁcium

2043 1831 2285 1897 missus,
2345 1847 2376 1884 o
2413 1827 2588 1882 homo
2651 1824 2744 1880 Dei
2776 1818 3194 1892 omnipotentis
3230 1833 3295 1873 ac
3354 1813 3539 1871 sancti
3569 1811 3682 1867 mei

2043 1917 2436 1992 imperatoris,
2482 1931 2550 1970 ex
2593 1928 2752 1968 more
2807 1913 2878 1966 ad
2919 1915 3157 1980 tempus
3200 1918 3568 1978 progressus,
3597 1915 3692 1955 ac-

2043 2013 2219 2081 taque
2269 2004 2658 2071 veneratione,
2691 2015 2965 2072 egressus
2996 2014 3030 2052 a
3079 1993 3434 2068 quibusdam
3468 1989 3693 2046 audivit

2043 2102 2099 2153 te
2129 2100 2400 2153 sanctum
2446 2108 2642 2147 meum
2674 2090 3092 2160 imperatorem
3153 2082 3313 2138 adire
3370 2078 3688 2147 curavisse,

2045 2192 2111 2242 ut
2157 2187 2395 2240 fratrem
2447 2179 2714 2247 moreris,
2766 2179 2837 2232 ad
2889 2173 3249 2232 audiendum
3302 2170 3543 2225 modum
3571 2183 3690 2239 quo

2045 2275 2214 2330 nobis
2245 2289 2372 2344 qua:
2405 2271 2474 2326 ad
2521 2267 2800 2339 suffragia
2847 2268 3116 2336 spectant
3157 2257 3555 2332 apparuerint,
3612 2272 3688 2310 an

2043 2363 2218 2419 etiam
2265 2357 2645 2426 innotuerint,
2704 2371 2771 2410 ac
2827 2353 2967 2426 quid
2999 2353 3070 2407 de
3098 2350 3206 2405 hoc
3245 2346 3586 2403 dixerimus.
3620 2345 3692 2399 Et

2045 2450 2325 2523 suffragia
2356 2448 2591 2520 quidem
2627 2442 2982 2518 processisse
3027 2439 3112 2495 vel
3164 2455 3279 2493 non
3313 2435 3690 2509 processisse,

2046 2558 2152 2597 nos
2183 2522 2368 2610 usque
2420 2537 2630 2600 adhuc,
2672 2537 2821 2588 teste
2851 2536 2985 2600 Deo,
3037 2528 3278 2584 minime
3335 2522 3690 2588 audivimus,

2045 2646 2150 2686 nec
2181 2627 2402 2700 aliquid
2434 2626 2625 2681 dicere
2655 2621 3029 2684 curavimus;
3077 2633 3212 2673 cum
3245 2620 3443 2670 autem
3475 2610 3691 2668 mentis

2045 2724 2159 2774 tute
2215 2731 2457 2788 scopum
2516 2729 2630 2768 non
2700 2707 3074 2773 noverimus,
3154 2704 3450 2760 nescimus
3521 2700 3690 2769 cujus

2045 2806 2233 2880 gratia
2264 2804 2464 2861 audire
2494 2801 2718 2874 cupias,
2743 2797 3018 2870 quoniam
3054 2794 3226 2849 modo
3257 2791 3424 2847 nobis
3454 2805 3582 2860 quae
3613 2788 3687 2843 ad

2046 2877 2328 2967 suffragia
2359 2895 2626 2965 spectant
2654 2889 2713 2944 in
2746 2887 2918 2943 corde
2973 2885 3303 2948 videantur,
3357 2879 3478 2936 sive
3507 2877 3684 2934 etiam

2047 3003 2173 3058 quae
2247 2981 2586 3039 dixerimus.
2639 2981 2934 3046 Attamen,
2989 2975 3187 3044 utpote
3244 2970 3314 3024 de
3361 2972 3420 3023 te
3475 2969 3687 3022 cuncta

2045 3075 2294 3130 honesta
2322 3070 2439 3127 sive
2471 3069 2668 3125 divina
2697 3067 2818 3123 sive
2847 3065 3110 3119 humana
3160 3057 3497 3126 sentientes,
3539 3053 3686 3110 illud

2045 3163 2218 3219 etiam
2262 3177 2329 3217 ex
2387 3158 2633 3214 utilibus
2690 3153 2906 3224 aliquid
2956 3149 3226 3215 inveniri,
3277 3147 3433 3219 quod
3485 3143 3570 3200 sic
3618 3144 3691 3199 ad

2046 3251 2404 3325 agnitionem
2454 3247 2650 3303 venire
2697 3244 2922 3316 cupias,
2982 3237 3454 3311 dijudicavimus.
3484 3235 3555 3289 Et
3584 3232 3696 3288 ali-

285 3345 434 3415 ἡμᾶς
487 3313 846 3410 θεάπιζόντων
903 3313 1046 3414 (εἰσ).
1081 3313 1246 3415 λόγον
1301 3313 1538 3395 α’ἷτοῦντι
1596 3339 1757 3394 παντὶ
1809 3339 1929 3414 περὶ

2046 3313 2201 3397 unde
2259 3338 2442 3411 patris
2501 3313 2804 3408 praeceptis
2856 3329 3069 3387 moniti
3129 3330 3362 3400 paratos
3418 3339 3548 3379 esse
3586 3337 3694 3376 nos

285 3438 385 3500 τῆς
425 3427 650 3492 ἐλπίδος
700 3435 803 3499 τῆς
859 3427 910 3483 ἐν
967 3431 1124 3502 ἡμῖν·
1158 3427 1280 3504 περὶ
1311 3432 1378 3498 ἧς
1424 3430 1560 3490 ἅπας
1622 3427 1786 3502 λόγος
1841 3427 1931 3482 καὶ

287 3520 423 3575 ἅπαν
486 3522 804 3594 μυστήριον,
837 3517 894 3572 ’έν
948 3517 1038 3573 καὶ
1097 3521 1257 3572 τοῦτο
1312 3516 1538 3572 καὶτῶν
1591 3515 1932 3591 τιμιωτέρων

285 3610 353 3663 τὰ
375 3612 485 3664 τῶν
529 3611 727 3686 ψήφων
780 3607 926 3685 φημὶ
975 3605 1344 3682 λογιζόμενοι.
1376 3611 1485 3676 Τῆς
1539 3606 1675 3677 πρὸς
1735 3605 1929 3668 αὐτοὺς

285 3704 659 3771 πνευματικῆς
738 3694 940 3772 δωρεᾶς
1027 3695 1116 3749 καὶ
1201 3693 1502 3772 εὐεργεσίας
1557 3694 1647 3749 καὶ
1706 3693 1931 3758 ἐλπίδος

283 3786 374 3841 καὶ
403 3786 633 3862 χάριτος
665 3786 743 3846 ὡς
787 3783 1092 3860 ὀρεγόμεθα
1135 3783 1226 3837 καὶ
1274 3788 1575 3861 φρονοῦμεν
1625 3783 1713 3838 καὶ
1766 3783 1930 3859 εὐχό-

291 3875 421 3946 μεθα
478 3873 600 3949 περὶ
655 3873 872 3945 τούτου,
900 3873 990 3927 καὶ
1039 3870 1276 3946 λέγομεν
1336 3869 1615 3948 ἀριδήλως
1665 3871 1926 3947 γνωρίσαι

283 3982 370 4018 σοι
396 3964 460 4017 τὸ
493 3962 674 4040 ἐφετὸν
731 3961 820 4016 καὶ
877 3964 1014 4034 ἡμῖν
1077 3959 1338 4035 λογισθὲν,
1371 3960 1446 4022 ὡς
1485 3959 1601 4015 ἐνὸν
1641 3957 1929 4022 ἰδιωτικῶς

283 4051 641 4128 ὶχαράξαμεν.
701 4050 799 4104 Καὶ
857 4048 904 4104 εἴ
976 4053 1396 4124 προτραπῶμεν,
1452 4049 1542 4102 καὶ
1615 4046 1926 4122 πέμψομεν,

284 4139 412 4213 ἃτῇ
445 4139 636 4213 ἐνούσῃ
684 4155 782 4193 eor
831 4138 1080 4210 ἀξιοῦμεν
1129 4134 1406 4192 παιδεύσει
1460 4157 1520 4191 τε
1572 4137 1662 4191 καὶ
1722 4137 1928 4192 συνέσει

285 4226 642 4299 διεξελθόντα,
701 4227 747 4281 εἰ
812 4227 903 4300 μὲν
961 4230 1299 4281 συναντῶσαν
1356 4231 1436 4298 τῷ
1496 4224 1768 4302 μεγαλείῳ
1820 4231 1930 4281 τῶν

283 4321 503 4396 ψήφων,
551 4318 651 4386 τὴν
698 4316 954 4392 ὑμετέραν
1007 4315 1253 4391 εὑρήσεις
1319 4315 1610 4370 συναίνεσιν
1673 4315 1760 4369 καὶ
1811 4312 1926 4369 διά-

283 4408 421 4461 θεσιν
480 4407 570 4461 καὶ
641 4403 927 4482 διάκρισιν,
989 4402 1262 4475 δηλώσεις
1347 4403 1706 4482 ἀπεριφάνως·
1767 4404 1812 4458 εἰ
1872 4401 1929 4458 δὲ

281 4495 471 4572 «esse
526 4499 624 4550 τοῦ
680 4493 996 4571 πρέποντος,
1030 4493 1093 4548 οὐ
1148 4494 1249 4570 γὰρ
1303 4492 1517 4547 πάντων
1557 4495 1592 4562 ἡ
1623 4497 1843 4569 γνῶσις,
1874 4492 1924 4547 ἐν

283 4583 464 4659 ἀγάπῃ
511 4588 676 4639 τοῦτο
732 4585 867 4655 ἡμῖν
939 4587 1216 4657 γνωριεῖς,
1275 4581 1554 4645 κάντεῦθεν
1629 4583 1764 4654 ἡμῖν
1837 4582 1926 4635 καὶ

2043 3429 2285 3484 reddere
2335 3425 2684 3497 jubentibus
2740 3421 3073 3491 cuicunque
3130 3415 3348 3488 petenti
3400 3411 3684 3467 rationem

2041 3519 2112 3574 de
2145 3534 2247 3588 spe
2275 3532 2404 3587 quae
2434 3518 2524 3569 est
2578 3512 2638 3567 in
2670 3511 2840 3566 nobis
2872 3526 2885 3563 :
2939 3509 3009 3564 de
3039 3522 3156 3578 qua
3189 3502 3382 3561 omnis
3413 3515 3604 3557 sermo
3634 3502 3692 3553 et

2040 3623 2213 3663 omne
2244 3602 2610 3677 mysterium,
2642 3604 2699 3654 et
2724 3598 2784 3653 in
2816 3613 2998 3654 unum
3031 3597 3086 3650 in
3135 3591 3342 3665 primis
3373 3590 3686 3646 observan-

2039 3697 2179 3751 dum
2213 3675 2340 3748 dico
2370 3692 2430 3746 in
2461 3690 2555 3746 his
2587 3705 2714 3760 quea
2745 3688 2816 3742 ad
2849 3683 3126 3756 suffragia
3155 3683 3438 3754 spectant,
3482 3677 3553 3732 de
3583 3675 3678 3731 his

2039 3782 2342 3857 spirituale
2371 3781 2590 3837 donum
2613 3782 2670 3833 et
2700 3773 3160 3832 benevolentiam
3191 3776 3250 3827 et
3279 3784 3441 3841 spem
3465 3769 3524 3822 et
3551 3781 3679 3838 gra-

2037 3874 2180 3930 tiam
2215 3890 2247 3926 a
2276 3871 2444 3926 nobis
2476 3867 2758 3940 exoptari,
2808 3868 2866 3920 et
2893 3863 3186 3919 sentimus
3211 3862 3268 3915 et
3310 3857 3678 3930 jactitamus,

2040 3961 2351 4034 palamque
2380 3957 2632 4012 dicimus
2683 3969 2790 4008 nos
2822 3950 3129 4023 agnovisse
3159 3964 3194 4002 a
3237 3950 3294 4001 te
3335 3943 3677 3998 mandatum

2037 4027 2096 4108 et
2137 4067 2171 4104 ει
2226 4027 2395 4103 nobis
2454 4043 2868 4115 excogitatum,
2928 4041 3214 4110 quantum
3245 4033 3382 4088 licet
3409 4027 3678 4100 privatim

2037 4133 2634 4210 inscripsimus.Quod
2669 4130 2716 4185 si
2740 4128 2930 4200 jussis
2959 4121 3550 4196 obtemperaverimus
3590 4133 3682 4172 ea-

2037 4245 2151 4300 que
2210 4209 2544 4281 miserimus
2585 4236 2710 4292 quze
2759 4216 3005 4273 scientia
3055 4229 3122 4269 ac
3182 4209 3504 4284 prudentiae
3563 4209 3675 4260 tum

2036 4317 2216 4388 digna
2246 4317 2608 4384 reputemus,
2642 4310 2690 4364 si
2725 4307 2962 4378 quidem
3003 4299 3414 4372 suffragiorum
3447 4292 3675 4364 magni-

2036 4405 2224 4461 tudini
2259 4400 2794 4464 accommodentur,
2812 4401 2978 4451 tuum
3013 4388 3315 4462 adaperies
3345 4397 3674 4452 assensum,

2037 4492 2466 4561 consiliumque
2522 4505 2588 4543 ac
2644 4490 2897 4542 mentem
2956 4479 3149 4553 palam
3205 4475 3522 4538 ostendes;
3583 4469 3674 4524 sin

2037 4587 2234 4638 autem
2267 4585 2427 4635 extra
2485 4591 2829 4648 congruum,
2882 4587 2997 4626 non
3050 4566 3220 4624 nobis
3249 4563 3404 4619 enim
3438 4561 3673 4615 cuncto-

282 4651 680 4745 συντηρηθείης
707 4651 844 4746 πρὸς
889 4651 988 4724 τοῦ
1045 4651 1177 4725 Θεοῦ
1232 4676 1333 4738 τῆς
1388 4670 1626 4745 ἀγάπης,
1657 4651 1817 4744 ὗγιής
1867 4691 1925 4724 τε

2043 4688 2165 4726 rum
2206 4668 2467 4734 scientia,
2496 4666 2642 4720 illud
2673 4665 2731 4718 in
2764 4661 3049 4717 charitate
3095 4656 3264 4712 nobis
3317 4651 3562 4724 aperies,
3618 4652 3678 4702 et

280 4761 372 4816 καὶ
400 4760 797 4836 πολυχρόνιος,
832 4759 860 4812 ὁ
891 4755 1174 4832 δεξάμενος
1229 4759 1319 4813 καὶ
1375 4757 1650 4834 ἀναγνοὺς,
1683 4757 1919 4828 ἱππότην

283 4849 564 4924 ἐκπέμψας
627 4850 762 4922 μετὰ
814 4845 1079 4919 σπουδῆς,
1138 4843 1405 4916 λαμϐάνει
1463 4848 1553 4902 καὶ
1609 4847 1731 4902 ὅσον
1787 4851 1924 4921 ἡμῖν

281 4938 446 5018 ἐφάνη
477 4939 620 5016 πρὸς
646 4938 746 5001 τὰς
774 4939 989 5015 ψήφους
1020 4935 1282 5012 ἁρμόδιον
1314 4933 1443 5013 ἔχον
1472 4935 1666 4998 οὕτως.

349 5114 495 5173 Ἔδει
553 5121 673 5178 τοῖς
727 5116 828 5184 τὴν
890 5113 1122 5192 ἐκλογήν
1181 5115 1534 5187 ποιουμένοις
1580 5119 1791 5175 πιστοῖς
1849 5116 1926 5187 (1)

276 5209 397 5275 τοῦ,
451 5207 510 5261 ὃν
572 5205 650 5268 εἷς
707 5204 876 5260 τύπον
936 5199 1082 5281 ἔχειν
1141 5209 1394 5281 Χριστοῦ,
1451 5203 1513 5258 οὗ
1567 5202 1926 5274 κατηξίωνται

281 5295 450 5369 μάνου
479 5294 571 5350 καὶ
601 5295 824 5372 πρώτου
865 5293 1168 5370 ἀρχιερέως
1217 5291 1307 5348 καὶ
1351 5291 1611 5366 θύματος,
1650 5294 1723 5365 μὴ
1778 5289 1924 5353 ὅλως

281 5381 450 5460 ὀρέξει
505 5384 598 5438 καὶ
673 5380 938 5458 διακρίσει
1006 5381 1315 5458 ἀνθρωπίνῃ
1398 5381 1716 5456 ἐπιχειρεῖν,
1771 5378 1926 5453 νέμε-

278 5493 360 5528 σιν
387 5473 462 5535 ὡς
503 5469 716 5535 εἰδότας
760 5473 860 5540 τὴν
899 5472 1032 5526 ἂνωο
1069 5494 1097 5522 ‹‹
1126 5465 1498 5527 Ἐϐασίλευσαν
1549 5471 1656 5546 γὰρ
1714 5470 1924 5530 ἑαυτοῖς

275 5563 368 5618 καὶ
419 5562 480 5617 οὗ
541 5560 608 5616 δι’
667 5560 826 5633 ἐμοῦ,
869 5560 1037 5635 ἧρξαν
1090 5560 1180 5614 καὶ
1239 5559 1336 5614 οὐκ
1389 5559 1683 5634 ἐγνώρισάν
1747 5577 1859 5629 μοι·
1894 5582 1921 5609 ››

347 5745 428 5817 (1)
453 5743 698 5799 Vitium.

2030 4761 2186 4816 unde
2216 4758 2522 4813 nobiscum
2555 4768 2794 4808 maneas
2834 4766 2902 4805 ex
2931 4748 3032 4804 Dei
3065 4744 3348 4801 charitate
3388 4738 3588 4795 salvus
3616 4740 3674 4791 et

2035 4849 2353 4920 longaevus,
2385 4846 2488 4916 qui
2543 4859 2602 4898 re
2633 4844 2867 4911 accepta
2922 4841 3197 4907 notaque,
3229 4828 3490 4887 studiose
3519 4824 3679 4898 equi-

2036 4914 2170 4993 tem“
2187 4914 2497 4991 misisti—ut
2526 4929 2812 5003 quidquid
2836 4925 3006 4982 nobis
3029 4925 3222 4980 visum
3253 4923 3344 4976 est
3373 4918 3444 4973 de
3475 4914 3681 4972 suifra-

2037 5026 2151 5099 giis
2183 5041 2309 5080 sese
2341 5023 2727 5094 congruenter
2756 5016 2968 5071 habere
2998 5010 3298 5082 suscipiat.

2107 5113 2422 5185 Oportebat
2450 5091 2590 5165 viris
2621 5105 2959 5162 electionem
3011 5098 3324 5174 agentibus
3372 5091 3679 5165 discipulis

2036 5204 2186 5275 ejus,
2219 5217 2395 5275 quem
2425 5196 2722 5270 exemplar
2767 5193 3080 5257 habebant,
3111 5185 3550 5275 Christi,_quem
3583 5197 3677 5237 so-

2035 5269 2254 5347 lumret—
2279 5290 2537 5359 primum
2573 5269 2904 5359 pontiﬁcem
2937 5285 2995 5336 et
3024 5277 3277 5334 hostiam
3317 5273 3492 5344 digne
3520 5269 3677 5326 arbi-

2034 5385 2284 5448 trantur,
2340 5378 2460 5434 ullo
2520 5375 2760 5433 omnino
2800 5372 2972 5426 modo
3003 5364 3268 5426 consiliis
3319 5360 3679 5434 judiciisque

2035 5471 2314 5526 humanis
2370 5466 2564 5535 inniti,
2630 5467 2830 5536 utpote
2885 5474 3150 5531 supernae
3207 5453 3473 5510 vindictas
3523 5447 3677 5504 haud

2035 5547 2206 5614 inscii
2238 5576 2250 5614 :
2285 5554 2680 5626 Sibimetipsis
2710 5551 3118 5623 regnaverunt,
3179 5560 3295 5600 non
3352 5545 3546 5597 autem
3577 5553 3682 5611 per
