4110 6438
385 433 504 496 50³7

1501 432 1928 495 ATHANASII
1971 433 2090 496 GP.
2135 432 2667 497 PATRIARCHE

3666 430 3788 494 508

378 585 494 640 me,
525 568 958 643 imperaverunt
1003 587 1068 627 ac
1111 570 1255 627 mihi
1305 589 1420 627 non
1452 570 1830 626 innotuerunt
1862 587 1874 624 :
1912 571 2009 626 sed

2133 564 2268 622 ἰλλά
2315 563 2510 641 καρδίᾳ
2569 571 2666 638 μιᾷ
2711 563 2797 619 καὶ
2868 564 3218 642 ὁμοφροσύνῃ
3279 564 3370 618 καὶ
3421 562 3593 636 ἱκεσίᾳ
3645 563 3783 620 εἱλι-

376 661 551 716 corde
581 677 698 714 uno
732 666 789 716 et
820 661 1012 716 anima
1050 679 1185 726 una,
1223 679 1390 731 quem
1446 679 1514 717 ex
1546 662 1641 734 pia
1673 662 2026 731 assiduaque

377 751 708 822 precatione
789 767 822 805 a
868 750 983 806 Deo
1040 751 1286 806 electum
1339 752 1774 824 judicaverunt,
1836 768 1869 804 a
1923 751 2021 805 Dei

372 839 513 894 viris
547 839 794 894 ﬁdenter
822 840 1028 911 accipi,
1060 845 1116 895 et
1145 846 1283 896 tunc
1317 842 1632 912 perfectam
1675 847 1732 894 et
1763 843 1833 895 ab
1865 840 2025 895 omni

373 927 572 999 jurgio
604 927 929 984 immunem
962 945 1089 984 esse
1120 931 1577 1000 acceptationem
1613 947 1643 984 a
1678 931 1844 985 nobis
1877 930 2025 1000 cogi-

383 1017 520 1082 tari,
551 1020 610 1071 et
637 1033 671 1072 a
703 1017 821 1072 Deo
851 1017 1214 1086 electionem,
1251 1019 1362 1090 ipsi
1396 1019 1500 1073 soli
1535 1018 1788 1090 duplicis
1817 1018 2024 1074 salutis

386 1120 522 1176 spes
553 1105 728 1160 etiam
766 1105 1194 1161 committentes
1225 1113 1283 1162 et
1313 1124 1424 1162 non
1460 1108 1844 1173 ﬂuctuantes;
1879 1107 2021 1161 illud

381 1208 514 1247 vero
548 1208 742 1246 revera
766 1193 896 1247 ﬁdei
929 1194 1062 1248 ﬁnis
1093 1196 1531 1266 prudentiaque
1553 1212 1617 1249 ac
1650 1195 2022 1250 humilitatis.

385 1279 457 1335 Ut
487 1280 643 1336 enim
676 1298 708 1336 a
736 1282 895 1336 verbi
926 1284 1317 1353 praconibus,
1360 1288 1558 1355 utpote
1586 1285 1876 1349 novimus,
1904 1290 2022 1339 sta-

378 1373 574 1424 tutum
608 1376 718 1434 est,
756 1387 948 1426 nonne
996 1370 1136 1426 illud
1170 1371 1468 1427 lucramur
1524 1379 1683 1438 tunc,
1742 1391 1846 1428 nos
1877 1374 2022 1429 elec-

383 1457 530 1512 tioni
565 1475 599 1512 a
627 1463 737 1513 Deo
770 1459 956 1526 facta,
992 1461 1063 1514 ab
1094 1460 1371 1515 humanis
1403 1462 1724 1516 immunem
1760 1479 2024 1516 vacuam-

386 1562 498 1618 que
529 1546 980 1617 cogitationibus
1009 1555 1066 1602 et
1103 1549 1361 1604 consiliis
1393 1567 1506 1604 non
1541 1551 2022 1617 contradicentes,

385 1635 704 1706 prudenter
783 1637 1163 1707 fugientibus,
1221 1638 1396 1692 etiam
1454 1639 1528 1694 iis
1565 1641 1776 1709 quibus
1827 1641 2024 1695 divina

381 1727 640 1780 statuere
687 1725 950 1797 contigit,
1001 1743 1209 1797 nempe
1275 1727 1632 1782 conscientia
1679 1746 1791 1783 non
1843 1731 2020 1800 carpi,

377 1813 559 1868 falsos
600 1813 777 1868 etiam
835 1814 934 1869 Dei
997 1816 1294 1871 ministros
1343 1817 1461 1870 sive
1507 1818 1856 1889 repellentes
1906 1818 2022 1874 sive

2136 662 2305 731 κρινεῖ
2365 657 2453 710 xui
2517 656 2696 727 ἀόκνῳ
2762 657 2852 709 τὸν
2920 655 3208 730 θεοκρίτως
3279 654 3475 718 έκεῖθεν
3539 656 3784 731 κριθέντα

2136 740 2529 822 ἀναμφιϐόλως
2574 745 2700 806 τοὺς
2746 750 2844 799 τοῦ
2889 749 3024 800 Θεοῦ
3075 743 3451 821 ὑποδέχεσθαι.
3500 746 3597 800 Καὶ
3660 747 3784 802 τότε

2135 833 2351 901 πολλὴν
2401 835 2489 888 καὶ
2538 833 2860 909 ἀσύγκριτον
2912 833 3044 887 εἶναι
3075 835 3314 905 νομίζειν
3347 837 3480 907 ἡμῖν
3514 837 3611 903 τήν
3645 835 3779 890 ἀπο-

2136 919 2309 996 δοχὴν
2362 923 2498 997 πρὸς
2552 928 2684 976 Θεοῦ
2722 923 2811 976 καὶ
2864 921 3174 995 ἀντίληψιν,
3209 922 3290 976 ἐπ’
3321 923 3466 994 αῦτῷ
3501 925 3594 984 τὰς
3625 923 3779 979 ἐλπί-

2135 1008 2228 1071 δας
2286 1011 2374 1064 καὶ
2430 1011 2578 1083 μόνῳ
2625 1012 2718 1071 τὰς
2759 1018 2859 1078 τῆς
2913 1007 3112 1078 διπλῆς
3144 1011 3415 1086 σωτηρίας
3445 1012 3532 1066 καὶ
3563 1013 3778 1068 πιστεύ-

2135 1120 2288 1160 οντας
2341 1100 2427 1153 καὶ
2476 1099 2541 1152 οῦ
2591 1098 2936 1160 σαλεῦοντας,
2983 1099 3081 1152 Καὶ
3148 1097 3318 1161 ὄντως
3386 1102 3614 1161 πίστεως
3661 1105 3781 1174 (sic)

2134 1185 2268 1260 πέρα
2298 1188 2386 1240 καὶ
2424 1188 2675 1247 συνέσεως
2722 1189 2788 1240 τά
2835 1185 3016 1240 τοιάδε
3063 1187 3150 1240 καὶ
3203 1189 3596 1250 ταπεινώσεως’
3647 1191 3782 1242 καθά

3605 1274 3628 1292 Ν

2131 1276 2220 1329 καὶ
2274 1283 2390 1337 τοῖς
2469 1277 2746 1350 ὑπερέταις
2806 1280 2900 1329 τοῦ
2965 1274 3166 1350 Λόγου,
3235 1276 3311 1336 ὡς
3379 1274 3549 1348 ἴσμεν,
3601 1274 3778 1332 διεπέ-

2133 1386 2364 1440 πρακτο,
2435 1366 2509 1426 ὡς
2585 1364 2951 1425 πλουτοῦντας
3034 1370 3112 1435 τῶ
3195 1365 3316 1419 τότε
3380 1365 3782 1441 ἀναντιῤῥήτως

2133 1456 2282 1525 ἡμᾶς
2332 1455 2430 1521 τὴν
2482 1453 2712 1528 έκλογήν
2777 1453 3138 1528 Θεοπάροχον,
3187 1454 3536 1529 ἀνθρωπίνων
3588 1454 3780 1531 ἐξῃρη-

2137 1543 2304 1614 μένην
2358 1543 2444 1596 καὶ
2518 1544 2668 1612 ξένην
2748 1542 2999 1596 ἐπινοιῶν
3077 1542 3163 1596 καὶ
3243 1542 3489 1616 ὀρέξεων,
3552 1550 3781 1605 συνετῶς

2132 1629 2662 1706 ἀποδιδρασκόντων,
2714 1631 2801 1684 καὶ
2855 1635 2961 1684 τῶν
3013 1631 3080 1684 τά
3135 1637 3251 1693 θεῖα
3296 1630 3577 1706 λαχόντων
3631 1633 3778 1687 οἶκο-

2133 1717 2342 1790 δομεῖν,
2374 1725 2450 1790 τῷ
2500 1721 2574 1792 μὴ
2625 1718 2827 1773 ἁλῶναι
2881 1719 2932 1774 έν
2984 1717 3281 1788 συνειδήσει
3332 1721 3419 1774 καὶ
3460 1726 3592 1774 Θεοῦ
3649 1725 3776 1793 ψευ-

2133 1805 2474 1882 δομάρτυρας
2541 1808 2923 1882 ἀποκρίνοντες
2990 1809 3078 1861 xui
3147 1807 3519 1884 έγκρίνοντες;
3575 1809 3636 1862 οὗ
3702 1813 3776 1882 μὴ

374 1901 784 1973 accipientes?
815 1903 976 1967 Quod
1033 1903 1188 1958 enim
1222 1905 1556 1960 nescierunt
1586 1907 1705 1976 ipse
1739 1911 1888 1962 Deus
1920 1924 2021 1979 pro

2133 1894 2350 1965 ἤδείσαν
2418 1897 2508 1950 καὶ
2557 1898 2682 1951 Θεὸν
2753 1895 3006 1971 έγκαίνειν
3056 1897 3090 1964 ἢ
3144 1897 3448 1970 ἀποκρίνειν
3515 1899 3650 1972 πρὸς
3717 1899 3780 1952 τὸ

2147 1985 2216 2001 ’1-1
2421 1986 2482 2001 ml
2605 1987 2617 2001 \
2709 1982 2730 2001 )¹
2959 1990 2984 1999 ω
3083 1991 3116 2001 ιν
3202 1985 3211 2001 1
3444 1986 3459 2001 κ
3542 1987 3565 2001 ﬂ
3662 1986 3675 2001 9
3750 1992 3776 2001 ~

377 1989 584 2045 merito
652 1990 864 2062 accipit
915 1991 1002 2046 vel
1060 1991 1306 2064 repellit.
1367 1994 1506 2058 Quis
1553 1995 1709 2050 enim
1767 2000 2019 2050 mentem

379 2077 612 2134 Domini
635 2080 796 2135 novit
825 2097 1106 2152 unquam,
1141 2087 1244 2137 aut
1273 2082 1384 2138 fuit
1428 2085 1556 2154 ejus
1607 2083 1976 2139 consiliarius
2001 2085 2028 2137 ἱ)

385 2167 570 2239 Opere
611 2169 985 2224 ostendentes
1018 2187 1124 2225 nos
1157 2172 1391 2227 credere
1422 2173 1574 2243 quod
1609 2174 1665 2226 in
1690 2173 1848 2226 omni
1873 2177 2026 2226 terra

373 2257 602 2328 judicia
636 2257 755 2324 Dei,
814 2259 966 2329 quod
1027 2259 1222 2326 etiam,
1259 2277 1370 2316 non
1403 2260 1554 2315 sicut
1582 2261 1799 2316 videbit
1827 2261 2022 2327 homo,

381 2346 462 2400 ita
488 2345 709 2401 videbit
741 2351 912 2402 Deus.
946 2348 1039 2403 Sic
1088 2353 1282 2403 autem
1325 2349 1570 2420 placato,
1615 2355 1680 2404 ut
1723 2350 1860 2419 dixi,
1896 2366 2023 2405 ma-

379 2451 492 2508 gno
541 2433 640 2489 illo
692 2451 757 2490 ac
816 2435 1082 2491 mirando
1139 2437 1370 2510 sibique
1427 2439 1482 2492 in
1542 2438 1726 2511 gloria
1774 2439 2026 2510 compla-

375 2529 542 2580 cente
572 2523 711 2589 Deo,
746 2524 988 2580 minime
1017 2542 1150 2580 vero
1184 2526 1417 2581 incertis
1449 2528 1839 2598 quorumdam
1887 2545 2023 2582 con-

378 2611 526 2668 siliis
593 2613 892 2685 paulisper
955 2619 1268 2680 commoto,
1349 2617 1588 2671 omnino
1661 2623 1854 2671 autem
1919 2617 2023 2671 hac

385 2701 593 2773 agendi
629 2702 872 2757 ratione.
933 2703 1062 2758 Sive
1119 2707 1314 2758 autem
1347 2705 1622 2776 deinceps
1653 2721 1719 2760 ex
1749 2705 2024 2760 omnibus

382 2791 483 2861 qui
527 2807 561 2846 a
613 2790 730 2846 Deo
779 2791 1030 2862 gratiam
1078 2798 1464 2864 susceperunt
1519 2792 1812 2863 ﬁdelibus,
1847 2793 2022 2849 veluti

376 2893 446 2934 ex
475 2882 630 2934 terra
659 2879 897 2935 veritate
927 2885 1073 2948 orta,
1117 2880 1314 2937 nullus
1343 2882 1759 2938 contradixerit
1806 2884 1959 2953 quod
1992 2900 2021 2938 e

376 2965 518 3022 calo
539 2967 776 3038 justitia
828 2969 1162 3041 prospiciet,
1197 2975 1300 3025 aut
1357 2972 1532 3026 etiam
1579 2971 1755 3043 quod,
1786 2988 2020 3026 omnem

376 3055 689 3112 utilitatem
722 3057 1015 3128 prabente
1041 3059 1574 3126 Cbristo,fidelibus
1596 3077 1768 3116 omne
1799 3062 2018 3116 donum

380 3143 771 3201 indeﬁcientis
805 3146 1227 3203 benedictionis
1267 3148 1639 3216 scaturiet,ex
1669 3149 1938 3220 precibus
1987 3167 2021 3204 a

382 3235 496 3288 Deo
536 3233 726 3303 jussis
756 3235 1398 3308 supplicationibusque
1449 3237 1520 3292 ab
1549 3237 1676 3309 ipso
1707 3238 1860 3293 datis
1891 3255 2018 3310 per-

2136 1985 2367 2058 ἀξίωμα.
2421 1986 2511 2046 Τίς
2559 1987 2659 2060 γὰρ
2706 1982 2846 2059 ἔγνω
2895 1990 3016 2038 νοῦν
3082 1985 3278 2060 Κυρίου
3339 1986 3489 2057 ποτέ,
3533 1987 3566 2054 ἢ
3618 1986 3781 2041 αὐτοῦ

2137 2074 2347 2149 ἐγένετο
2417 2070 2769 2146 σῦμϐουλος;
2820 2073 2998 2128 πίστιν
3063 2073 3114 2127 ἐν
3183 2070 3326 2148 ἔργῳ
3376 2071 3673 2138 δεικνύντες
3718 2078 3780 2130 τὸ

2135 2163 2189 2218 έν
2239 2165 2381 2236 πάσῃ
2533 2167 2602 2237 γῇ
2652 2163 2717 2216 τὰ
2763 2163 3000 2238 κρίματα
3045 2167 3142 2216 τοῦ
3191 2168 3344 2233 Θεοῦ,
3397 2164 3484 2218 καὶ
3531 2166 3614 2234 τὸ,
3664 2164 3782 2241 Οὐχ

2135 2253 2208 2314 ὡς
2259 2250 2443 2325 ὄψεται
2487 2251 2792 2326 ἅνθρωπος,
2839 2251 3011 2312 οὕτως
3050 2248 3235 2324 ὄψεται
3287 2252 3375 2306 xui
3423 2253 3574 2314 Θεός.
3626 2254 3780 2308 Οὕτω

2135 2338 2193 2395 δὲ
2239 2341 2329 2394 καὶ
2379 2343 2835 2413 παραιτουμένου,
2885 2341 2960 2401 ὡς
3019 2337 3174 2418 ἔφην,
3228 2339 3422 2395 τούτου
3467 2346 3562 2396 τοῦ
3617 2345 3780 2418 μεγά-

2135 2429 2234 2484 λου
2281 2430 2369 2484 καὶ
2423 2429 2724 2501 θαυμασίου
2771 2429 2859 2482 καὶ
2929 2431 3216 2504 θεαρέστου
3281 2429 3356 2492 εἷς
3407 2427 3560 2499 δόξαν
3621 2436 3779 2501 Θεοῦ,

2135 2516 2260 2572 ἀλλ’
2294 2518 2393 2572 οὐκ
2442 2517 2705 2579 ἐπινοίαις
2757 2516 3071 2594 ἐπισφαλέσι
3123 2515 3547 2593 κραδαινομένου
3594 2526 3778 2582 ποσῶς

2133 2606 2268 2679 πρὸς
2316 2611 2502 2671 τινῶν,
2533 2606 2748 2668 πάντως
2799 2605 2850 2660 έν
2893 2606 3092 2678 τούτῳ.
3144 2605 3266 2660 Εἴθε
3323 2604 3380 2661 δὲ
3423 2608 3513 2661 καὶ
3563 2607 3614 2662 έν
3647 2615 3776 2664 πᾶσι

2131 2701 2247 2757 τοῖς
2299 2694 2357 2749 έκ
2405 2699 2538 2750 Θεοῦ
2586 2697 2887 2770 χαρισθεῖσι
2936 2696 3169 2764 πιστοῖς,
3220 2695 3293 2758 ὡς
3343 2694 3600 2766 ἀληθείας
3652 2698 3778 2752 ἀνα-

2130 2783 2388 2852 τειλάσης
2443 2783 2502 2837 έκ
2539 2790 2665 2858 γῆς,
2716 2781 2892 2844 οὐδεὶς
2942 2783 3150 2858 ἀντερεῖ
3196 2785 3272 2845 ὡς
3319 2786 3407 2838 καὶ
3461 2782 3776 2856 δικαιοσύνη

2133 2873 2385 2946 ἀνακύψει
2438 2871 2488 2942 ἐξ
2537 2872 2789 2947 οὐρανοῦ,
2831 2871 2920 2925 καὶ
2969 2872 3112 2926 οὕτω
3152 2877 3384 2946 Χριστοῦ
3428 2874 3778 2949 χρηστότητα

2131 2966 2510 3038 χορηγοῦντος
2549 2963 2638 3014 καὶ
2677 2966 2893 3022 πιστοῖς
2941 2963 3172 3036 πηγάσει
3221 2968 3324 3015 πᾶν
3379 2963 3568 3037 ἀγαθὸν
3618 2961 3773 3018 εῦλο-

2130 3052 2253 3125 γίας
2320 3049 2668 3119 ἀνελλιποῦς,
2719 3051 3010 3104 θεοπειθῶν
3084 3049 3134 3120 ἐξ
3186 3048 3362 3125 εὐχῶν
3413 3051 3502 3104 καὶ
3561 3052 3773 3106 ἱκεσιῶν

2127 3145 2234 3194 τῶν
2265 3139 2620 3215 θεοπαρόχων
2651 3136 3091 3210 πλουτιζομένης
3137 3135 3420 3208 διηνεκῶς.
3465 3139 3526 3194 Εἰ
3569 3138 3627 3194 δέ
3674 3162 3779 3195 που

2135 3229 2232 3301 ὀψέ
2289 3229 2423 3282 κατά
2479 3232 2575 3281 τοῦ
2633 3226 2895 3299 ποιμένος
2950 3225 3262 3296 λαληθῆναι
3319 3223 3502 3301 συμϐῇ
3543 3233 3649 3283 τῶν
3683 3228 3780 3284 ὅσα

382 3324 556 3393 petuo
613 3322 1028 3390 increscentis;
1077 3325 1195 3379 sive
1253 3330 1422 3396 potea
1473 3325 1688 3380 alicubi
1747 3343 2018 3397 quacun-

2133 3322 2238 3371 τῶν
2313 3315 2644 3371 ἀπευκταίων
2713 3315 2802 3370 καὶ
2863 3315 3150 3381 ἀπαισίων,
3198 3317 3260 3370 τὸ
3328 3317 3431 3392 γάρ
3497 3316 3776 3372 ἀνάλωτον

381 3425 498 3480 que
553 3411 807 3466 nefanda
837 3416 894 3466 et
937 3411 1193 3467 infausta
1229 3414 1508 3469 adversus
1559 3420 1853 3485 pastorem
1885 3432 2014 3486 pro-

374 3496 511 3552 ferri
543 3499 818 3554 acciderit
876 3501 969 3570 (ab
1027 3501 1262 3570 injuriis
1319 3502 1474 3557 enim
1530 3503 1857 3558 immunem
1889 3521 2019 3559 esse

374 3585 556 3642 solius
600 3588 722 3658 Dei,
766 3589 866 3659 qui
899 3589 1088 3644 dicere
1119 3589 1334 3645 volenti
1365 3608 1479 3646 non
1513 3592 1656 3661 dat),
1689 3608 1755 3647 ex
1787 3593 1880 3648 his
1911 3593 2016 3648 viri

375 3678 660 3746 potestate
716 3675 973 3731 fruentes
1006 3677 1145 3732 talia
1184 3684 1484 3750 spernant,
1520 3685 1716 3750 utpote
1748 3680 2017 3736 incredu-

375 3762 562 3818 litatis
628 3764 1087 3836 perditionisque
1154 3767 1410 3837 zizania,
1499 3768 1616 3822 sive
1685 3768 2017 3839 ignominia

382 3851 893 3925 damnationisque
939 3859 1185 3924 aterna,
1237 3856 1355 3912 sive
1400 3857 1575 3912 etiam
1613 3863 2018 3929 corruptorum

381 3941 780 3996 membrorum
830 3942 1046 4014 quibus
1101 3944 1369 4000 Ecclesia
1418 3947 1643 4018 corpori
1677 3947 2020 4002 incurabilis

378 4031 624 4101 putredo
680 4033 1170 4100 communicatur,
1224 4051 1327 4106 pro
1383 4033 1456 4089 iis
1495 4035 1594 4106 qui
1628 4039 1809 4090 atam
1870 4037 2020 4091 foedo

381 4118 656 4192 turpique
687 4120 822 4176 tabo
853 4137 1084 4193 semper
1127 4122 1328 4179 audire
1381 4124 1663 4194 gestiunt.
1731 4125 1814 4178 Ita
1863 4141 2020 4191 vero,

380 4213 444 4263 ut
487 4208 710 4278 judicio
759 4226 874 4264 non
925 4209 996 4264 ad
1047 4209 1225 4265 alium
1259 4216 1558 4282 spectante
1605 4211 1718 4266 nisi
1749 4212 1820 4266 ad
1854 4211 2020 4267 illum

385 4297 484 4368 qui
517 4314 752 4353 omnem
784 4304 996 4354 terram
1030 4299 1087 4353 in
1110 4299 1342 4370 justitia
1371 4299 1754 4370 palam,aque
1785 4317 2019 4371 magna-

389 4402 500 4458 que
530 4403 662 4442 cum
709 4392 998 4458 potestate
1027 4393 1116 4443 est
1163 4387 1538 4458 judicaturus
1571 4406 1583 4443 :
1619 4393 1816 4443 coacto
1847 4390 2026 4461 igitur

385 4492 420 4530 a
448 4476 759 4547 praposito
790 4477 972 4532 totius
1028 4476 1296 4532 Ecclesia
1328 4482 1499 4548 catu,
1560 4475 1736 4532 veluti
1793 4478 2024 4534 vidente

384 4563 614 4620 Christo
667 4569 724 4620 et
763 4565 1059 4636 audiente,
1121 4564 1342 4620 clarum
1416 4570 1590 4637 atque
1648 4566 2023 4622 manifestum

2127 3407 2316 3460 πάθεσι
2377 3404 2544 3477 μόνου
2600 3409 2754 3473 Θεοῦ,
2816 3405 2923 3480 οὐχ
2972 3401 3240 3459 ὑποδύντα
3311 3409 3391 3476 τῷ
3454 3405 3777 3480 βουλομένῳ

2128 3491 2433 3548 λαλεῖσθαι.
2488 3492 2571 3562 Ἐξ
2618 3493 2692 3545 ὧν
2760 3491 2885 3553 τοῦς
2951 3497 3278 3568 κρατοῦντας
3328 3493 3414 3563 έᾷν
3458 3495 3524 3548 τὰ
3569 3493 3773 3567 τοιάδε,

2128 3583 2201 3644 ὡς
2252 3581 2500 3643 ἀπιστίας
2548 3581 2636 3635 καὶ
2681 3578 2956 3643 ἀπωλείας
3005 3582 3232 3650 ζιζάνια,
3277 3581 3494 3654 ἀτιμίας
3541 3583 3629 3636 καὶ
3678 3605 3774 3638 κα-

2125 3672 2447 3745 ταγνώσεως
2515 3669 2835 3743 ἀπεράντου,
2885 3670 2973 3724 καὶ
3021 3677 3217 3742 ιμελῆν
3283 3672 3616 3747 ψωριώντων
3673 3679 3773 3742 τῆς

2129 3757 2456 3829 Ἐκκλησίας
2522 3764 2600 3830 τῷ
2668 3761 2879 3831 σώματι
2944 3758 3189 3814 ἐνιέντων
3254 3760 3354 3828 τήν
3416 3759 3772 3836 ἀθεράπευτον

2130 3853 2292 3922 σῆψιν
2339 3854 2455 3902 τοῖς
2507 3848 2587 3902 ἀεὶ
2636 3846 2994 3919 κνηθομένοις
3047 3849 3145 3916 τήν
3207 3848 3373 3916 ἀκοὴν
3438 3848 3488 3903 ἐν
3554 3850 3778 3925 τοιαύτῃ

2131 3938 2312 4011 ἀτίμῳ
2343 3935 2430 3992 καί
2481 3935 2775 4014 έφαμάρτῳ
2820 3933 3102 4012 διαφθορᾷ.
3138 3934 3296 3991 Ἀλλ’
3345 3936 3419 3998 ὡς
3465 3944 3568 4007 τῆς
3620 3936 3777 4008 δίκης

2131 4027 2234 4081 οὐκ
2271 4023 2466 4096 ἄλλου,
2501 4024 2644 4080 ἀλλά
2673 4029 2768 4079 τοῦ
2811 4023 3108 4097 μέλλοντος
3161 4023 3327 4094 οῦσης
3378 4031 3557 4100 κρῖναι
3605 4033 3775 4081 πᾶσαν

2129 4117 2228 4185 τήν
2276 4122 2380 4189 γῆν
2442 4115 2494 4168 έν
2543 4111 2874 4187 δικαιοσύνῃ,
2909 4113 3137 4190 φανερὰν
3171 4113 3258 4167 καὶ
3292 4110 3497 4169 δικαίαν
3546 4117 3635 4170 καὶ
3685 4114 3777 4170 δυ-

2132 4205 2376 4264 ναστείας
2447 4204 2674 4278 μακράν”
2737 4199 3183 4276 συγκαλουμένου
3249 4203 3446 4264 παντὸς
3514 4209 3611 4258 τοῦ
3678 4212 3778 4273 τῆς

2133 4290 2457 4362 Ἐκκλησίας
2507 4292 2884 4364 πληρώματος
2933 4291 3079 4366 παρά
3144 4294 3240 4344 τοῦ
3307 4295 3632 4365 κρατοῦντος
3703 4293 3778 4356 ὡς

2134 4383 2373 4457 ὁρῶντος
2456 4384 2687 4455 Χριστοῦ
2764 4379 2853 4433 καὶ
2919 4380 3267 4452 ἀκροωμένου
3337 4378 3615 4450 έξάκουσον
3688 4383 3778 4436 καί

2135 4467 2388 4542 λαμπρὰν
2447 4471 2546 4537 τὴν
2597 4468 2770 4544 κρίσιν
2816 4468 3073 4537 καθίζειν,
3105 4467 3194 4522 καί
3247 4468 3294 4522 εἴ
3345 4469 3537 4541 μεταξὺ
3566 4471 3631 4523 τὰ
3674 4476 3778 4538 τῆς

2133 4558 2428 4630 καταδίκης
2517 4562 2737 4632 Θεσμοῖς
2822 4560 2910 4614 καὶ
2988 4559 3172 4614 κανόσι
3259 4565 3392 4615 Θεοῦ
3449 4559 3774 4614 κατενώπιον

379 4654 776 4725 peragendum
836 4657 926 4709 est
965 4654 1281 4724 judicium,
1316 4671 1381 4709 ac
1423 4654 1471 4709 si
1498 4654 1719 4710 interea
1749 4656 2022 4710 condem-

2134 4649 2510 4723 γυμνασθέντα
2596 4648 3012 4722 ἐπικρατέστερα
3095 4645 3254 4719 δόξης
3331 4648 3633 4719 ἐξωθεῖσθαι
3691 4647 3781 4703 καὶ

379 4741 633 4798 nationis
662 4747 810 4813 acta,
841 4747 1001 4798 extra
1030 4743 1188 4814 leges
1245 4749 1304 4798 et
1361 4748 1603 4810 statuta,
1637 4743 1738 4798 Dei
1790 4744 1847 4797 in
1883 4745 2025 4800 facie

383 4831 741 4901 processisse
796 4830 1085 4900 videntur,
1118 4837 1176 4887 et
1206 4832 1460 4902 rigorose
1516 4837 1575 4886 et
1633 4831 2024 4887 inﬂexibiliter

386 4917 741 4989 repellenda,
794 4920 912 4977 ullo
970 4921 1208 4976 omnino
1266 4921 1437 4976 modo
1494 4921 1749 4976 Ecclesia
1787 4938 2025 4976 excusa-

384 5006 574 5063 tiones
605 5008 942 5079 accipiente,
996 5010 1244 5081 posteris
1304 5009 1570 5066 tuitionis
1605 5010 1882 5066 salutaris
1913 5011 2026 5065 uti-

388 5094 611 5150 litatem
644 5095 888 5151 stabiliri
911 5099 1160 5169 expedit.
1194 5098 1389 5162 Quoad
1424 5103 1616 5153 autem
1650 5098 1840 5152 virum
1876 5099 2028 5169 ejec-

385 5189 536 5250 tum,
581 5183 696 5239 nisi
726 5185 900 5239 etiam
931 5185 1280 5251 insanuerit,
1315 5185 1741 5242 emendationis
1773 5203 1890 5241 sua
1922 5187 2028 5240 ba-

379 5273 570 5328 benda
596 5277 687 5328 est
717 5273 863 5328 ratio
893 5292 905 5340 ;
941 5274 1028 5328 sin
1064 5280 1256 5329 autem
1287 5275 1386 5330 Dei
1438 5274 1843 5330 misericordia
1888 5291 2029 5329 con-

374 5361 622 5416 trarium
653 5361 946 5426 acciderit,
980 5379 1046 5416 ac
1076 5363 1174 5432 qui
1212 5362 1351 5417 olim
1375 5364 1607 5433 justum
1639 5368 1697 5418 et
1720 5379 1922 5418 verum
1975 5368 2034 5418 et

379 5451 694 5505 honestum
726 5453 785 5504 et
830 5449 946 5505 Deo
977 5454 1210 5521 gratum
1247 5455 1592 5521 prosecutus
1626 5456 1716 5506 est
1763 5452 2030 5520 Satanas,

381 5539 589 5595 exinde
619 5538 677 5593 in
738 5538 1014 5594 cordibus
1075 5538 1308 5610 penitus
1365 5539 1666 5612 ingressus
1709 5539 2032 5596 calumnia-

378 5631 598 5692 torum,
631 5633 799 5699 turpe
859 5629 1066 5682 tabum
1099 5628 1380 5684 adversus
1425 5634 1742 5701 pastorem,
1776 5646 1882 5685 nec
1916 5646 2034 5684 non

388 5716 708 5790 injuriosas
740 5722 798 5774 et
855 5717 1144 5775 infaustas
1198 5717 1521 5790 inanesque
1565 5734 1734 5774 voces
1773 5734 2036 5774 emovere

2135 4735 2368 4816 ἀφειδῶς
2435 4738 2526 4792 καὶ
2614 4737 3020 4812 ἀπαραιτήτως,
3094 4735 3234 4810 μηδὲ
3293 4740 3392 4806 τῆς
3458 4736 3784 4808 Ἐκκλησίας

2132 4826 2526 4899 ἀσμενιζούσης
2591 4827 2683 4888 τάς
2753 4823 3114 4897 ὁπωσδήποτε
3174 4828 3546 4903 παραιτήσεις,
3597 4821 3781 4897 ὄνησιν

2135 4920 2250 4976 τοῖς
2303 4914 2586 4987 μετέπειτα
2647 4913 2940 4990 ἀσφαλείας
3005 4911 3394 4990 σωτηριώδους
3443 4919 3656 4969 ποιοῦν·
3706 4919 3786 4988 τῷ

2137 5001 2185 5058 δ’
2233 4998 2575 5075 έκϐληῡέντι,
2623 5003 2667 5056 εί
2731 5006 2802 5076 μή
2873 5025 2978 5058 που
3033 5003 3121 5057 xui
3193 5002 3422 5077 μέμηνε,
3479 5003 3787 5077 μνωμένοις

2135 5092 2343 5167 τρόπου
2380 5092 2683 5164 μετάνοιαν.
2718 5091 2782 5147 Ei
2815 5089 2872 5147 δὲ
2909 5091 3047 5148 ἐλέει
3095 5097 3226 5146 Θεοῦ
3267 5091 3575 5148 τούναντίον
3627 5089 3784 5167 ἐκϐῇ,

2137 5181 2227 5236 καὶ
2255 5182 2283 5236 ὁ
2326 5179 2496 5235 πάλαι
2543 5180 2958 5254 ἐξαιτησάμενος
3009 5182 3101 5236 τὸν
3139 5178 3344 5235 δίκαιον
3389 5182 3478 5235 xui
3526 5180 3784 5252 ἀληθινὸν

2139 5272 2228 5325 xui
2279 5271 2562 5343 ἄμεμπτον
2610 5271 2699 5324 καὶ
2749 5267 2971 5340 Θεοσεϐἧ
3020 5276 3215 5340 Σατᾶν,
3250 5271 3516 5336 κάνταῦθα
3569 5270 3619 5325 ἐν
3670 5278 3787 5335 ταῖς

2140 5356 2386 5432 καρδίαις
2438 5358 2586 5421 ὅλως
2637 5356 2813 5421 εἰσδὺς
2862 5363 2970 5414 τῶν
3021 5361 3387 5437 συκοφαντῶν,
3417 5360 3517 5426 τήν
3569 5357 3786 5431 δυσώδη

2144 5445 2320 5522 ὀδμὴν
2367 5449 2501 5502 κατά
2542 5453 2638 5502 τοῦ
2684 5447 2941 5521 ποιμένος
2989 5447 3271 5524 ἠρεύξατο,
3319 5448 3415 5510 τὰς
3477 5442 3790 5524 ὑϐριπικάς

2143 5537 2232 5592 καὶ
2283 5534 2604 5615 δυσφήμους
2653 5536 2742 5592 xui
2793 5533 3177 5615 φληναφώδεις
3224 5536 3426 5614 φωνὰς,
3481 5539 3554 5610 μὴ
3611 5535 3786 5610 μαλα-

2143 5631 2252 5688 κῶς
2296 5627 2364 5680 τά
2412 5630 2654 5697 τοιαῦτα,
2705 5625 2851 5682 ἀλλά
2916 5624 3246 5702 δικαιότερον
3308 5625 3788 5705 έπεξεργαζόμενοι

2147 5716 2220 5777 ὡς
2273 5713 2360 5770 ἐπὶ
2404 5710 2554 5792 ὕϐρει
2605 5719 2758 5790 Θεοῦ,
2811 5714 2898 5770 xui
2966 5712 3184 5795 φειδοῦς
3233 5714 3446 5788 ἀπάσης
3488 5715 3791 5794 ἀποστερή-
