  <div class='ocr_page' id='page_1' title='image "/cluster/home/n/w/nwhite01/storage/ocr_20150623/142/mdp.39015078384792/262.png"; bbox 0 0 4110 6422; ppageno 0'>
   <div class='ocr_carea' id='block_1_1' title="bbox 272 432 389 494">
    <p class='ocr_par' dir='ltr' id='par_1_1' title="bbox 272 432 389 494">
     <span class='ocr_line' id='line_1_1' title="bbox 272 432 389 494; baseline 0.017 -2"><span class='ocrx_word' id='word_1_1' title='bbox 272 432 389 494; x_wconf 81' lang='lat'>509</span> 
     </span>
    </p>
   </div>
   <div class='ocr_carea' id='block_1_2' title="bbox 1757 426 2184 492">
    <p class='ocr_par' dir='ltr' id='par_1_2' title="bbox 1757 426 2184 492">
     <span class='ocr_line' id='line_1_2' title="bbox 1757 426 2184 492; baseline 0.007 -3"><span class='ocrx_word' id='word_1_2' title='bbox 1757 426 2184 492; x_wconf 67' lang='lat' dir='ltr'>EPISTOLE.</span> 
     </span>
    </p>
   </div>
   <div class='ocr_carea' id='block_1_3' title="bbox 3557 426 3678 489">
    <p class='ocr_par' dir='ltr' id='par_1_3' title="bbox 3557 426 3678 489">
     <span class='ocr_line' id='line_1_3' title="bbox 3557 426 3678 489; baseline 0 -1"><span class='ocrx_word' id='word_1_3' title='bbox 3557 426 3678 489; x_wconf 70' lang='lat'>510</span> 
     </span>
    </p>
   </div>
   <div class='ocr_carea' id='block_1_4' title="bbox 277 558 1927 640">
    <p class='ocr_par' dir='ltr' id='par_1_4' title="bbox 277 558 1922 638">
     <span class='ocr_line' id='line_1_4' title="bbox 277 558 1922 638; baseline -0.002 -20"><span class='ocrx_word' id='word_1_4' title='bbox 277 583 459 638; x_wconf 84' lang='grc' dir='ltr'>σομεν.</span> <span class='ocrx_word' id='word_1_5' title='bbox 509 558 610 618; x_wconf 82' lang='grc' dir='ltr'>Καὶ</span> <span class='ocrx_word' id='word_1_6' title='bbox 659 563 774 618; x_wconf 80' lang='grc' dir='ltr'>καθ’</span> <span class='ocrx_word' id='word_1_7' title='bbox 832 559 956 617; x_wconf 72' lang='grc' dir='ltr'>ὅσον</span> <span class='ocrx_word' id='word_1_8' title='bbox 1011 560 1226 638; x_wconf 81' lang='grc' dir='ltr'>ἀγάπης</span> <span class='ocrx_word' id='word_1_9' title='bbox 1273 561 1362 617; x_wconf 81' lang='grc' dir='ltr'>καὶ</span> <span class='ocrx_word' id='word_1_10' title='bbox 1422 559 1598 631; x_wconf 77' lang='grc' dir='ltr'>ζήλου</span> <span class='ocrx_word' id='word_1_11' title='bbox 1646 564 1740 615; x_wconf 72' lang='grc' dir='ltr'>τοῦ</span> <span class='ocrx_word' id='word_1_12' title='bbox 1787 561 1922 637; x_wconf 86' lang='grc' dir='ltr'>πρὸς</span> 
     </span>
    </p>
   </div>
   <div class='ocr_carea' id='block_1_5' title="bbox 2039 558 3675 640">
    <p class='ocr_par' dir='ltr' id='par_1_5' title="bbox 2039 560 3675 640">
     <span class='ocr_line' id='line_1_5' title="bbox 2039 560 3675 640; baseline -0.001 -21"><span class='ocrx_word' id='word_1_13' title='bbox 2039 567 2362 640; x_wconf 87' lang='lat' dir='ltr'>tentaverit,</span> <span class='ocrx_word' id='word_1_14' title='bbox 2417 568 2634 625; x_wconf 86' lang='lat' dir='ltr'>nedum</span> <span class='ocrx_word' id='word_1_15' title='bbox 2685 567 2826 624; x_wconf 90' lang='lat' dir='ltr'>talia</span> <span class='ocrx_word' id='word_1_16' title='bbox 2869 563 3231 639; x_wconf 82' lang='lat' dir='ltr'>negligenier</span> <span class='ocrx_word' id='word_1_17' title='bbox 3293 560 3675 634; x_wconf 81' lang='lat' dir='ltr'>accipiamus,</span> 
     </span>
    </p>
   </div>
   <div class='ocr_carea' id='block_1_6' title="bbox 272 649 1916 728">
    <p class='ocr_par' dir='ltr' id='par_1_6' title="bbox 272 649 1916 728">
     <span class='ocr_line' id='line_1_6' title="bbox 272 649 1916 728; baseline -0.005 -17"><span class='ocrx_word' id='word_1_18' title='bbox 272 654 400 710; x_wconf 85' lang='grc' dir='ltr'><strong>Θεὸν</strong></span> <span class='ocrx_word' id='word_1_19' title='bbox 433 650 802 728; x_wconf 80' lang='grc' dir='ltr'>ἀπαραίτητος</span> <span class='ocrx_word' id='word_1_20' title='bbox 832 651 1026 728; x_wconf 81' lang='grc' dir='ltr'>ὀφειλὴ</span> <span class='ocrx_word' id='word_1_21' title='bbox 1075 656 1153 724; x_wconf 81' lang='grc' dir='ltr'>τῷ</span> <span class='ocrx_word' id='word_1_22' title='bbox 1200 655 1394 722; x_wconf 79' lang='grc' dir='ltr'>πιστῷ,</span> <span class='ocrx_word' id='word_1_23' title='bbox 1441 651 1514 712; x_wconf 87' lang='grc' dir='ltr'>ὡς</span> <span class='ocrx_word' id='word_1_24' title='bbox 1562 649 1644 705; x_wconf 80' lang='grc' dir='ltr'>ὅτι</span> <span class='ocrx_word' id='word_1_25' title='bbox 1698 651 1772 722; x_wconf 79' lang='grc' dir='ltr'>μή</span> <span class='ocrx_word' id='word_1_26' title='bbox 1825 649 1916 704; x_wconf 84' lang='grc' dir='ltr'>τὸν</span> 
     </span>
    </p>
   </div>
   <div class='ocr_carea' id='block_1_7' title="bbox 271 736 1919 818">
    <p class='ocr_par' dir='ltr' id='par_1_7' title="bbox 271 736 1919 818">
     <span class='ocr_line' id='line_1_7' title="bbox 271 736 1919 818; baseline -0.004 -20"><span class='ocrx_word' id='word_1_27' title='bbox 271 741 508 818; x_wconf 79' lang='grc' dir='ltr'>τυχόντα</span> <span class='ocrx_word' id='word_1_28' title='bbox 559 740 854 816; x_wconf 85' lang='grc' dir='ltr'>ἀρχιερέα,</span> <span class='ocrx_word' id='word_1_29' title='bbox 904 738 1030 795; x_wconf 88' lang='grc' dir='ltr'>ἀλλ’</span> <span class='ocrx_word' id='word_1_30' title='bbox 1076 740 1233 795; x_wconf 77' lang='grc' dir='ltr'>αὐτὸν</span> <span class='ocrx_word' id='word_1_31' title='bbox 1282 741 1370 795; x_wconf 85' lang='grc' dir='ltr'>τὸν</span> <span class='ocrx_word' id='word_1_32' title='bbox 1438 747 1538 808; x_wconf 79' lang='grc' dir='ltr'>τῆς</span> <span class='ocrx_word' id='word_1_33' title='bbox 1596 736 1919 808; x_wconf 83' lang='grc' dir='ltr'>Ἐκκλησίας</span> 
     </span>
    </p>
   </div>
   <div class='ocr_carea' id='block_1_8' title="bbox 275 823 1921 905">
    <p class='ocr_par' dir='ltr' id='par_1_8' title="bbox 275 823 1921 905">
     <span class='ocr_line' id='line_1_8' title="bbox 275 823 1921 905; baseline -0.004 -18"><span class='ocrx_word' id='word_1_34' title='bbox 275 833 400 887; x_wconf 87' lang='grc' dir='ltr'>Θεὸν</span> <span class='ocrx_word' id='word_1_35' title='bbox 476 831 568 885; x_wconf 84' lang='grc' dir='ltr'>τὸν</span> <span class='ocrx_word' id='word_1_36' title='bbox 648 825 965 905; x_wconf 75' lang='grc' dir='ltr'>ἀνύϐριστον</span> <span class='ocrx_word' id='word_1_37' title='bbox 1045 830 1381 902; x_wconf 82' lang='grc' dir='ltr'>ἐμωμήσατο</span> <span class='ocrx_word' id='word_1_38' title='bbox 1455 828 1543 883; x_wconf 84' lang='grc' dir='ltr'>καὶ</span> <span class='ocrx_word' id='word_1_39' title='bbox 1605 823 1873 903; x_wconf 76' lang='grc' dir='ltr'>ἐξύϐρισεν</span> <span class='ocrx_word' id='word_1_40' title='bbox 1907 870 1921 894; x_wconf 92' lang='grc'><strong>,</strong></span> 
     </span>
    </p>
   </div>
   <div class='ocr_carea' id='block_1_9' title="bbox 275 913 1920 996">
    <p class='ocr_par' dir='ltr' id='par_1_9' title="bbox 275 913 1920 996">
     <span class='ocr_line' id='line_1_9' title="bbox 275 913 1920 996; baseline -0.002 -22"><span class='ocrx_word' id='word_1_41' title='bbox 275 919 472 974; x_wconf 76' lang='grc' dir='ltr'>ἐκεῖθεν</span> <span class='ocrx_word' id='word_1_42' title='bbox 522 913 900 996; x_wconf 73' lang='grc' dir='ltr'>ἀναμφιϐόλω</span> <span class='ocrx_word' id='word_1_43' title='bbox 955 917 1044 973; x_wconf 79' lang='grc' dir='ltr'>καί</span> <span class='ocrx_word' id='word_1_44' title='bbox 1101 925 1201 987; x_wconf 86' lang='grc' dir='ltr'>τῆς</span> <span class='ocrx_word' id='word_1_45' title='bbox 1260 924 1467 995; x_wconf 84' lang='grc' dir='ltr'>φωνῆς,</span> <span class='ocrx_word' id='word_1_46' title='bbox 1514 916 1578 971; x_wconf 88' lang='grc' dir='ltr'>τὸ</span> <span class='ocrx_word' id='word_1_47' title='bbox 1611 941 1638 968; x_wconf 89' lang='grc'>‹‹</span> <span class='ocrx_word' id='word_1_48' title='bbox 1685 922 1740 970; x_wconf 81' lang='lat'>&#39;0</span> <span class='ocrx_word' id='word_1_49' title='bbox 1798 917 1920 979; x_wconf 85' lang='grc' dir='ltr'>ἀθε-</span> 
     </span>
    </p>
   </div>
   <div class='ocr_carea' id='block_1_10' title="bbox 275 1005 1920 1080">
    <p class='ocr_par' dir='ltr' id='par_1_10' title="bbox 275 1005 1920 1080">
     <span class='ocr_line' id='line_1_10' title="bbox 275 1005 1920 1080; baseline -0.002 -18"><span class='ocrx_word' id='word_1_50' title='bbox 275 1013 383 1063; x_wconf 89' lang='grc' dir='ltr'>τῶν</span> <span class='ocrx_word' id='word_1_51' title='bbox 437 1008 580 1080; x_wconf 77' lang='grc' dir='ltr'>ὑμᾶς</span> <span class='ocrx_word' id='word_1_52' title='bbox 629 1007 726 1080; x_wconf 74' lang='grc' dir='ltr'>ἐμὲ</span> <span class='ocrx_word' id='word_1_53' title='bbox 774 1009 985 1076; x_wconf 79' lang='grc' dir='ltr'>ἀθετεῖ,</span> <span class='ocrx_word' id='word_1_54' title='bbox 1020 1007 1170 1062; x_wconf 83' lang='grc' dir='ltr'>»καὶ</span> <span class='ocrx_word' id='word_1_55' title='bbox 1215 1007 1279 1062; x_wconf 89' lang='grc' dir='ltr'>τὸ</span> <span class='ocrx_word' id='word_1_56' title='bbox 1327 1005 1562 1080; x_wconf 82' lang='grc' dir='ltr'>ἔμπαλιν</span> <span class='ocrx_word' id='word_1_57' title='bbox 1612 1005 1672 1060; x_wconf 82' lang='grc' dir='ltr'>ἐκ</span> <span class='ocrx_word' id='word_1_58' title='bbox 1713 1005 1920 1060; x_wconf 88' lang='grc' dir='ltr'>τούτων</span> 
     </span>
    </p>
   </div>
   <div class='ocr_carea' id='block_1_11' title="bbox 275 1091 1922 1173">
    <p class='ocr_par' dir='ltr' id='par_1_11' title="bbox 275 1091 1922 1173">
     <span class='ocr_line' id='line_1_11' title="bbox 275 1091 1922 1173; baseline -0.002 -22"><span class='ocrx_word' id='word_1_59' title='bbox 275 1097 364 1151; x_wconf 78' lang='grc' dir='ltr'>καὶ</span> <span class='ocrx_word' id='word_1_60' title='bbox 407 1101 518 1150; x_wconf 88' lang='grc' dir='ltr'>τῶν</span> <span class='ocrx_word' id='word_1_61' title='bbox 563 1095 827 1151; x_wconf 75' lang='grc' dir='ltr'>τοιούτων</span> <span class='ocrx_word' id='word_1_62' title='bbox 874 1101 980 1150; x_wconf 88' lang='grc' dir='ltr'>τῶν</span> <span class='ocrx_word' id='word_1_63' title='bbox 1033 1096 1084 1149; x_wconf 83' lang='grc' dir='ltr'>έν</span> <span class='ocrx_word' id='word_1_64' title='bbox 1131 1093 1362 1166; x_wconf 79' lang='grc' dir='ltr'>ἀληθείᾳ</span> <span class='ocrx_word' id='word_1_65' title='bbox 1403 1095 1547 1173; x_wconf 86' lang='grc' dir='ltr'>φημὶ</span> <span class='ocrx_word' id='word_1_66' title='bbox 1595 1094 1686 1149; x_wconf 87' lang='grc' dir='ltr'>καὶ</span> <span class='ocrx_word' id='word_1_67' title='bbox 1717 1091 1922 1148; x_wconf 87' lang='grc' dir='ltr'>δικαιο-</span> 
     </span>
    </p>
   </div>
   <div class='ocr_carea' id='block_1_12' title="bbox 278 1179 1924 1262">
    <p class='ocr_par' dir='ltr' id='par_1_12' title="bbox 278 1179 1924 1262">
     <span class='ocr_line' id='line_1_12' title="bbox 278 1179 1924 1262; baseline -0.003 -22"><span class='ocrx_word' id='word_1_68' title='bbox 278 1185 407 1258; x_wconf 79' lang='grc' dir='ltr'>σύνῃ</span> <span class='ocrx_word' id='word_1_69' title='bbox 453 1184 544 1239; x_wconf 74' lang='grc' dir='ltr'>καὶ</span> <span class='ocrx_word' id='word_1_70' title='bbox 595 1185 770 1239; x_wconf 82' lang='grc' dir='ltr'>πίστει</span> <span class='ocrx_word' id='word_1_71' title='bbox 808 1185 897 1239; x_wconf 86' lang='grc' dir='ltr'>καὶ</span> <span class='ocrx_word' id='word_1_72' title='bbox 950 1179 1105 1262; x_wconf 78' lang='grc' dir='ltr'>φόϐῳ</span> <span class='ocrx_word' id='word_1_73' title='bbox 1155 1189 1290 1240; x_wconf 88' lang='grc' dir='ltr'><strong>Θεοῦ</strong></span> <span class='ocrx_word' id='word_1_74' title='bbox 1319 1185 1454 1260; x_wconf 89' lang='grc' dir='ltr'>πρὸς</span> <span class='ocrx_word' id='word_1_75' title='bbox 1506 1187 1666 1256; x_wconf 80' lang='grc' dir='ltr'>ἡμῶν</span> <span class='ocrx_word' id='word_1_76' title='bbox 1707 1181 1924 1259; x_wconf 88' lang='grc' dir='ltr'>γινομέ-</span> 
     </span>
    </p>
   </div>
   <div class='ocr_carea' id='block_1_13' title="bbox 277 1272 1923 1350">
    <p class='ocr_par' dir='ltr' id='par_1_13' title="bbox 277 1272 1923 1350">
     <span class='ocr_line' id='line_1_13' title="bbox 277 1272 1923 1350; baseline -0.002 -23"><span class='ocrx_word' id='word_1_77' title='bbox 277 1295 383 1329; x_wconf 90' lang='grc' dir='ltr'>νων</span> <span class='ocrx_word' id='word_1_78' title='bbox 420 1319 432 1331; x_wconf 95' lang='grc'>.</span> <span class='ocrx_word' id='word_1_79' title='bbox 496 1272 808 1349; x_wconf 85' lang='grc' dir='ltr'>Ἀναλόγως</span> <span class='ocrx_word' id='word_1_80' title='bbox 883 1278 1308 1348; x_wconf 81' lang='grc' dir='ltr'>συντηρηθῶμεν</span> <span class='ocrx_word' id='word_1_81' title='bbox 1385 1272 1474 1327; x_wconf 86' lang='grc' dir='ltr'>καὶ</span> <span class='ocrx_word' id='word_1_82' title='bbox 1532 1273 1923 1350; x_wconf 81' lang='grc' dir='ltr'>φρουρηθῶμεν</span> 
     </span>
    </p>
   </div>
   <div class='ocr_carea' id='block_1_14' title="bbox 275 1358 1926 1438">
    <p class='ocr_par' dir='ltr' id='par_1_14' title="bbox 275 1358 1926 1438">
     <span class='ocr_line' id='line_1_14' title="bbox 275 1358 1926 1438; baseline -0.002 -21"><span class='ocrx_word' id='word_1_83' title='bbox 275 1363 366 1417; x_wconf 82' lang='grc' dir='ltr'>καὶ</span> <span class='ocrx_word' id='word_1_84' title='bbox 413 1362 766 1438; x_wconf 84' lang='grc' dir='ltr'>ἀναχθῶμεν,</span> <span class='ocrx_word' id='word_1_85' title='bbox 818 1362 892 1424; x_wconf 87' lang='grc' dir='ltr'>ὡς</span> <span class='ocrx_word' id='word_1_86' title='bbox 943 1361 1032 1416; x_wconf 87' lang='grc' dir='ltr'>καὶ</span> <span class='ocrx_word' id='word_1_87' title='bbox 1079 1358 1236 1424; x_wconf 69' lang='grc' dir='ltr'>ὄντας</span> <span class='ocrx_word' id='word_1_88' title='bbox 1287 1362 1336 1416; x_wconf 84' lang='grc' dir='ltr'>ἐν</span> <span class='ocrx_word' id='word_1_89' title='bbox 1389 1367 1548 1416; x_wconf 81' lang='grc' dir='ltr'>πᾶσιν</span> <span class='ocrx_word' id='word_1_90' title='bbox 1599 1363 1750 1434; x_wconf 80' lang='grc' dir='ltr'>ἡμᾶς</span> <span class='ocrx_word' id='word_1_91' title='bbox 1797 1367 1926 1435; x_wconf 86' lang='grc' dir='ltr'>Χρι-</span> 
     </span>
    </p>
   </div>
   <div class='ocr_carea' id='block_1_15' title="bbox 278 1447 1927 1527">
    <p class='ocr_par' dir='ltr' id='par_1_15' title="bbox 278 1447 1927 1527">
     <span class='ocr_line' id='line_1_15' title="bbox 278 1447 1927 1527; baseline -0.002 -21"><span class='ocrx_word' id='word_1_92' title='bbox 278 1456 426 1522; x_wconf 82' lang='grc' dir='ltr'><strong>στοῦ,</strong></span> <span class='ocrx_word' id='word_1_93' title='bbox 478 1451 569 1505; x_wconf 81' lang='grc' dir='ltr'>καὶ</span> <span class='ocrx_word' id='word_1_94' title='bbox 623 1450 915 1513; x_wconf 86' lang='grc' dir='ltr'>ἀκούοντας</span> <span class='ocrx_word' id='word_1_95' title='bbox 963 1455 1081 1512; x_wconf 87' lang='grc' dir='ltr'>τοῖς</span> <span class='ocrx_word' id='word_1_96' title='bbox 1131 1448 1316 1527; x_wconf 78' lang='grc' dir='ltr'><strong>ἔργοις</strong></span> <span class='ocrx_word' id='word_1_97' title='bbox 1362 1451 1463 1518; x_wconf 76' lang='grc' dir='ltr'>τήν</span> <span class='ocrx_word' id='word_1_98' title='bbox 1509 1449 1684 1504; x_wconf 84' lang='grc' dir='ltr'>πίστιν</span> <span class='ocrx_word' id='word_1_99' title='bbox 1720 1447 1927 1503; x_wconf 84' lang='grc' dir='ltr'>δεικνύ-</span> 
     </span>
    </p>
   </div>
   <div class='ocr_carea' id='block_1_16' title="bbox 275 1536 1931 1617">
    <p class='ocr_par' dir='ltr' id='par_1_16' title="bbox 275 1536 1931 1617">
     <span class='ocr_line' id='line_1_16' title="bbox 275 1536 1931 1617; baseline -0.001 -24"><span class='ocrx_word' id='word_1_100' title='bbox 275 1561 387 1609; x_wconf 86' lang='grc' dir='ltr'>ναι,</span> <span class='ocrx_word' id='word_1_101' title='bbox 416 1540 508 1595; x_wconf 80' lang='grc' dir='ltr'>καὶ</span> <span class='ocrx_word' id='word_1_102' title='bbox 559 1540 660 1609; x_wconf 80' lang='grc' dir='ltr'>τὴν</span> <span class='ocrx_word' id='word_1_103' title='bbox 710 1536 974 1609; x_wconf 76' lang='grc' dir='ltr'>σπουδὴν,</span> <span class='ocrx_word' id='word_1_104' title='bbox 1026 1539 1336 1617; x_wconf 80' lang='grc' dir='ltr'>ἐφαμάρτου</span> <span class='ocrx_word' id='word_1_105' title='bbox 1369 1536 1605 1609; x_wconf 83' lang='grc' dir='ltr'>διπλόης</span> <span class='ocrx_word' id='word_1_106' title='bbox 1641 1536 1931 1611; x_wconf 81' lang='grc' dir='ltr'>ἀπηλλαγ-</span> 
     </span>
    </p>
   </div>
   <div class='ocr_carea' id='block_1_17' title="bbox 282 1626 1929 1702">
    <p class='ocr_par' dir='ltr' id='par_1_17' title="bbox 282 1626 1929 1702">
     <span class='ocr_line' id='line_1_17' title="bbox 282 1626 1929 1702; baseline -0.003 -19"><span class='ocrx_word' id='word_1_107' title='bbox 282 1629 500 1702; x_wconf 79' lang='grc' dir='ltr'>μένους,</span> <span class='ocrx_word' id='word_1_108' title='bbox 541 1628 631 1683; x_wconf 84' lang='grc' dir='ltr'>καὶ</span> <span class='ocrx_word' id='word_1_109' title='bbox 686 1626 922 1700; x_wconf 77' lang='grc' dir='ltr'>μάλιστα</span> <span class='ocrx_word' id='word_1_110' title='bbox 963 1627 1016 1683; x_wconf 80' lang='grc' dir='ltr'>έν</span> <span class='ocrx_word' id='word_1_111' title='bbox 1061 1634 1179 1690; x_wconf 88' lang='grc' dir='ltr'>τοῖς</span> <span class='ocrx_word' id='word_1_112' title='bbox 1227 1633 1324 1682; x_wconf 86' lang='grc' dir='ltr'><strong>τοῦ</strong></span> <span class='ocrx_word' id='word_1_113' title='bbox 1378 1633 1533 1695; x_wconf 89' lang='grc' dir='ltr'><strong>Θεοῦ,</strong></span> <span class='ocrx_word' id='word_1_114' title='bbox 1584 1627 1674 1682; x_wconf 81' lang='grc' dir='ltr'>καὶ</span> <span class='ocrx_word' id='word_1_115' title='bbox 1721 1627 1929 1702; x_wconf 91' lang='grc' dir='ltr'>ἀνθρω-</span> 
     </span>
    </p>
   </div>
   <div class='ocr_carea' id='block_1_18' title="bbox 279 1714 1932 1793">
    <p class='ocr_par' dir='ltr' id='par_1_18' title="bbox 279 1714 1932 1793">
     <span class='ocr_line' id='line_1_18' title="bbox 279 1714 1932 1793; baseline -0.001 -21"><span class='ocrx_word' id='word_1_116' title='bbox 279 1718 446 1772; x_wconf 80' lang='grc' dir='ltr'>πίνων</span> <span class='ocrx_word' id='word_1_117' title='bbox 526 1717 750 1793; x_wconf 78' lang='grc' dir='ltr'>ὀρέξεων</span> <span class='ocrx_word' id='word_1_118' title='bbox 802 1763 817 1785; x_wconf 91' lang='grc'><strong>,</strong></span> <span class='ocrx_word' id='word_1_119' title='bbox 874 1717 1152 1772; x_wconf 83' lang='grc' dir='ltr'>κάντεῦθεν</span> <span class='ocrx_word' id='word_1_120' title='bbox 1231 1714 1428 1788; x_wconf 84' lang='grc' dir='ltr'>ένδίκῳ</span> <span class='ocrx_word' id='word_1_121' title='bbox 1500 1716 1588 1771; x_wconf 79' lang='grc' dir='ltr'>καὶ</span> <span class='ocrx_word' id='word_1_122' title='bbox 1664 1714 1932 1791; x_wconf 86' lang='grc' dir='ltr'>θεαρέστῳ</span> 
     </span>
    </p>
   </div>
   <div class='ocr_carea' id='block_1_19' title="bbox 278 1802 1619 1880">
    <p class='ocr_par' dir='ltr' id='par_1_19' title="bbox 278 1802 1619 1880">
     <span class='ocr_line' id='line_1_19' title="bbox 278 1802 1619 1880; baseline 0.001 -20"><span class='ocrx_word' id='word_1_123' title='bbox 278 1808 437 1880; x_wconf 79' lang='grc' dir='ltr'>θυμῷ</span> <span class='ocrx_word' id='word_1_124' title='bbox 464 1808 570 1875; x_wconf 78' lang='grc' dir='ltr'>τάἡ</span> <span class='ocrx_word' id='word_1_125' title='bbox 581 1809 695 1880; x_wconf 84' lang='grc' dir='ltr'>μῶν</span> <span class='ocrx_word' id='word_1_126' title='bbox 725 1807 816 1860; x_wconf 83' lang='grc' dir='ltr'>καὶ</span> <span class='ocrx_word' id='word_1_127' title='bbox 845 1807 913 1860; x_wconf 78' lang='grc' dir='ltr'>τὰ</span> <span class='ocrx_word' id='word_1_128' title='bbox 938 1810 1044 1860; x_wconf 89' lang='grc' dir='ltr'>τῶν</span> <span class='ocrx_word' id='word_1_129' title='bbox 1076 1804 1244 1867; x_wconf 87' lang='grc' dir='ltr'>πέλας</span> <span class='ocrx_word' id='word_1_130' title='bbox 1287 1802 1619 1874; x_wconf 77' lang='grc' dir='ltr'>δικάζοντας.</span> 
     </span>
    </p>
   </div>
   <div class='ocr_carea' id='block_1_20' title="bbox 283 2141 1936 2240">
    <p class='ocr_par' dir='ltr' id='par_1_20' title="bbox 283 2141 1936 2240">
     <span class='ocr_line' id='line_1_20' title="bbox 283 2141 1936 2240; baseline 0 -40"><span class='ocrx_word' id='word_1_131' title='bbox 283 2147 521 2222; x_wconf 77' lang='grc' dir='ltr'>Γράμμα</span> <span class='ocrx_word' id='word_1_132' title='bbox 581 2146 720 2240; x_wconf 68' lang='grc' dir='ltr'>πρὸς</span> <span class='ocrx_word' id='word_1_133' title='bbox 741 2146 868 2240; x_wconf 25' lang='grc' dir='ltr'>ςγτρν</span> <span class='ocrx_word' id='word_1_134' title='bbox 935 2144 1302 2240; x_wconf 41' lang='lat' dir='ltr'>aptamur?”</span> <span class='ocrx_word' id='word_1_135' title='bbox 1357 2146 1482 2220; x_wconf 79' lang='grc' dir='ltr'>περὶ</span> <span class='ocrx_word' id='word_1_136' title='bbox 1537 2149 1644 2240; x_wconf 60' lang='grc' dir='ltr'>τῶν</span> <span class='ocrx_word' id='word_1_137' title='bbox 1695 2141 1884 2200; x_wconf 86' lang='grc' dir='ltr'>θεοκτό</span> <span class='ocrx_word' id='word_1_138' title='bbox 1914 2178 1936 2187; x_wconf 98' lang='grc'><strong>-</strong></span> 
     </span>
    </p>
   </div>
   <div class='ocr_carea' id='block_1_21' title="bbox 487 2213 1727 2288">
    <p class='ocr_par' dir='ltr' id='par_1_21' title="bbox 487 2213 1727 2288">
     <span class='ocr_line' id='line_1_21' title="bbox 487 2213 1727 2288; baseline 0 -18"><span class='ocrx_word' id='word_1_139' title='bbox 487 2238 596 2271; x_wconf 90' lang='grc' dir='ltr'>νων</span> <span class='ocrx_word' id='word_1_140' title='bbox 624 2213 921 2288; x_wconf 80' lang='grc' dir='ltr'>Ἰουδαίων,</span> <span class='ocrx_word' id='word_1_141' title='bbox 949 2214 1041 2270; x_wconf 75' lang='grc' dir='ltr'>’ίνα</span> <span class='ocrx_word' id='word_1_142' title='bbox 1070 2213 1327 2288; x_wconf 77' lang='grc' dir='ltr'>ἐξέλθωσι</span> <span class='ocrx_word' id='word_1_143' title='bbox 1359 2213 1460 2286; x_wconf 74' lang='grc' dir='ltr'>τῆς</span> <span class='ocrx_word' id='word_1_144' title='bbox 1492 2216 1727 2278; x_wconf 87' lang='grc' dir='ltr'>πόλεως.</span> 
     </span>
    </p>
   </div>
   <div class='ocr_carea' id='block_1_22' title="bbox 353 2338 1935 2417">
    <p class='ocr_par' dir='ltr' id='par_1_22' title="bbox 353 2338 1935 2417">
     <span class='ocr_line' id='line_1_22' title="bbox 353 2338 1935 2417; baseline -0.002 -20"><span class='ocrx_word' id='word_1_145' title='bbox 353 2340 622 2416; x_wconf 75' lang='grc' dir='ltr'>Ῥαψάκου</span> <span class='ocrx_word' id='word_1_146' title='bbox 674 2345 772 2395; x_wconf 88' lang='grc' dir='ltr'>τοῦ</span> <span class='ocrx_word' id='word_1_147' title='bbox 827 2345 935 2395; x_wconf 87' lang='grc' dir='ltr'>τῶν</span> <span class='ocrx_word' id='word_1_148' title='bbox 1001 2338 1298 2417; x_wconf 78' lang='grc' dir='ltr'>Ἀσσυρίων</span> <span class='ocrx_word' id='word_1_149' title='bbox 1362 2338 1629 2416; x_wconf 88' lang='grc' dir='ltr'>βασιλέως</span> <span class='ocrx_word' id='word_1_150' title='bbox 1691 2347 1935 2416; x_wconf 88' lang='grc' dir='ltr'>Σεναχη-</span> 
     </span>
    </p>
   </div>
   <div class='ocr_carea' id='block_1_23' title="bbox 282 2427 1936 2506">
    <p class='ocr_par' dir='ltr' id='par_1_23' title="bbox 282 2427 1936 2506">
     <span class='ocr_line' id='line_1_23' title="bbox 282 2427 1936 2506; baseline -0.002 -21"><span class='ocrx_word' id='word_1_151' title='bbox 282 2430 410 2504; x_wconf 74' lang='grc' dir='ltr'>ρεέμ</span> <span class='ocrx_word' id='word_1_152' title='bbox 463 2433 770 2506; x_wconf 86' lang='grc' dir='ltr'>στρατηγοῦ</span> <span class='ocrx_word' id='word_1_153' title='bbox 829 2428 1034 2504; x_wconf 85' lang='grc' dir='ltr'>λόγους</span> <span class='ocrx_word' id='word_1_154' title='bbox 1110 2427 1422 2502; x_wconf 83' lang='grc' dir='ltr'>ὀνειδισμοῦ</span> <span class='ocrx_word' id='word_1_155' title='bbox 1491 2431 1626 2484; x_wconf 86' lang='grc' dir='ltr'>κατά</span> <span class='ocrx_word' id='word_1_156' title='bbox 1697 2433 1794 2484; x_wconf 89' lang='grc' dir='ltr'>τοῦ</span> <span class='ocrx_word' id='word_1_157' title='bbox 1848 2428 1936 2484; x_wconf 82' lang='grc' dir='ltr'>ἐπὶ</span> 
     </span>
    </p>
   </div>
   <div class='ocr_carea' id='block_1_24' title="bbox 280 2516 1936 2596">
    <p class='ocr_par' dir='ltr' id='par_1_24' title="bbox 280 2516 1936 2596">
     <span class='ocr_line' id='line_1_24' title="bbox 280 2516 1936 2596; baseline -0.001 -23"><span class='ocrx_word' id='word_1_158' title='bbox 280 2521 495 2574; x_wconf 79' lang='grc' dir='ltr'>πάντων</span> <span class='ocrx_word' id='word_1_159' title='bbox 547 2522 686 2574; x_wconf 91' lang='grc' dir='ltr'><strong>Θεοῦ</strong></span> <span class='ocrx_word' id='word_1_160' title='bbox 731 2517 916 2591; x_wconf 80' lang='grc' dir='ltr'>ἐμέσαι</span> <span class='ocrx_word' id='word_1_161' title='bbox 963 2516 1349 2591; x_wconf 79' lang='grc' dir='ltr'>τολμήσαντος</span> <span class='ocrx_word' id='word_1_162' title='bbox 1380 2565 1395 2589; x_wconf 88' lang='grc'>,</span> <span class='ocrx_word' id='word_1_163' title='bbox 1448 2520 1475 2572; x_wconf 98' lang='lat'>6</span> <span class='ocrx_word' id='word_1_164' title='bbox 1523 2517 1936 2596; x_wconf 75' lang='grc' dir='ltr'>θεοφιλέστατος</span> 
     </span>
    </p>
   </div>
   <div class='ocr_carea' id='block_1_25' title="bbox 287 2605 1933 2683">
    <p class='ocr_par' dir='ltr' id='par_1_25' title="bbox 287 2605 1933 2683">
     <span class='ocr_line' id='line_1_25' title="bbox 287 2605 1933 2683; baseline 0 -21"><span class='ocrx_word' id='word_1_165' title='bbox 287 2607 542 2683; x_wconf 77' lang='grc' dir='ltr'>βασιλεὺς</span> <span class='ocrx_word' id='word_1_166' title='bbox 591 2606 829 2675; x_wconf 82' lang='grc' dir='ltr'>Ἐζεκίας</span> <span class='ocrx_word' id='word_1_167' title='bbox 879 2607 940 2661; x_wconf 81' lang='grc' dir='ltr'>οὐ</span> <span class='ocrx_word' id='word_1_168' title='bbox 994 2608 1061 2661; x_wconf 75' lang='grc' dir='ltr'>τὰ</span> <span class='ocrx_word' id='word_1_169' title='bbox 1091 2606 1281 2680; x_wconf 73' lang='grc' dir='ltr'>ἱμάτια</span> <span class='ocrx_word' id='word_1_170' title='bbox 1332 2606 1494 2680; x_wconf 90' lang='grc' dir='ltr'>μόνον</span> <span class='ocrx_word' id='word_1_171' title='bbox 1537 2605 1804 2683; x_wconf 64' lang='grc' dir='ltr'>διέρρηξε,</span> <span class='ocrx_word' id='word_1_172' title='bbox 1839 2612 1933 2676; x_wconf 85' lang='grc' dir='ltr'>ζη-</span> 
     </span>
    </p>
   </div>
   <div class='ocr_carea' id='block_1_26' title="bbox 283 2694 1936 2772">
    <p class='ocr_par' dir='ltr' id='par_1_26' title="bbox 283 2694 1936 2772">
     <span class='ocr_line' id='line_1_26' title="bbox 283 2694 1936 2772; baseline -0.001 -21"><span class='ocrx_word' id='word_1_173' title='bbox 283 2695 396 2751; x_wconf 91' lang='grc' dir='ltr'>λῶν</span> <span class='ocrx_word' id='word_1_174' title='bbox 432 2696 564 2771; x_wconf 68' lang='grc' dir='ltr'>ὑπὲρ</span> <span class='ocrx_word' id='word_1_175' title='bbox 598 2700 695 2750; x_wconf 92' lang='grc' dir='ltr'><strong>τοῦ</strong></span> <span class='ocrx_word' id='word_1_176' title='bbox 746 2695 986 2772; x_wconf 75' lang='grc' dir='ltr'>μεγάλου</span> <span class='ocrx_word' id='word_1_177' title='bbox 1035 2701 1190 2764; x_wconf 84' lang='grc' dir='ltr'><strong>Θεοῦ,</strong></span> <span class='ocrx_word' id='word_1_178' title='bbox 1243 2694 1388 2751; x_wconf 86' lang='grc' dir='ltr'>ἀλλά</span> <span class='ocrx_word' id='word_1_179' title='bbox 1428 2695 1517 2751; x_wconf 82' lang='grc' dir='ltr'>καὶ</span> <span class='ocrx_word' id='word_1_180' title='bbox 1566 2697 1664 2764; x_wconf 78' lang='grc' dir='ltr'>τὴν</span> <span class='ocrx_word' id='word_1_181' title='bbox 1721 2697 1936 2772; x_wconf 86' lang='grc' dir='ltr'>βασιλι-</span> 
     </span>
    </p>
   </div>
   <div class='ocr_carea' id='block_1_27' title="bbox 285 2782 1934 2862">
    <p class='ocr_par' dir='ltr' id='par_1_27' title="bbox 285 2782 1934 2862">
     <span class='ocr_line' id='line_1_27' title="bbox 331 2782 1837 2806; baseline 0.001 -2"><span class='ocrx_word' id='word_1_182' title='bbox 331 2786 345 2804; x_wconf 77' lang='lat'><strong><em>\</em></strong></span> <span class='ocrx_word' id='word_1_183' title='bbox 447 2786 461 2803; x_wconf 73' lang='lat'><strong>1</strong></span> <span class='ocrx_word' id='word_1_184' title='bbox 553 2782 596 2802; x_wconf 51' lang='grc' dir='ltr'>ΝΚ</span> <span class='ocrx_word' id='word_1_185' title='bbox 695 2783 709 2802; x_wconf 70' lang='grc'><strong>9</strong></span> <span class='ocrx_word' id='word_1_186' title='bbox 787 2791 814 2802; x_wconf 79' lang='lat'><em>~</em></span> <span class='ocrx_word' id='word_1_187' title='bbox 974 2785 988 2806; x_wconf 73' lang='grc'><strong>9</strong></span> <span class='ocrx_word' id='word_1_188' title='bbox 1126 2786 1137 2804; x_wconf 82' lang='grc'><strong><em>1</em></strong></span> <span class='ocrx_word' id='word_1_189' title='bbox 1380 2784 1390 2802; x_wconf 68' lang='grc' dir='ltr'>θ</span> <span class='ocrx_word' id='word_1_190' title='bbox 1609 2788 1632 2806; x_wconf 70' lang='lat' dir='ltr'>fl</span> <span class='ocrx_word' id='word_1_191' title='bbox 1822 2784 1837 2806; x_wconf 68' lang='lat'><strong>,</strong></span> 
     </span>
     <span class='ocr_line' id='line_1_28' title="bbox 285 2786 1934 2862; baseline -0.001 -23"><span class='ocrx_word' id='word_1_192' title='bbox 285 2806 385 2853; x_wconf 83' lang='grc' dir='ltr'>κην</span> <span class='ocrx_word' id='word_1_193' title='bbox 437 2799 642 2846; x_wconf 87' lang='grc' dir='ltr'>αποους</span> <span class='ocrx_word' id='word_1_194' title='bbox 692 2786 906 2858; x_wconf 87' lang='grc' dir='ltr'>εσθητα,</span> <span class='ocrx_word' id='word_1_195' title='bbox 960 2805 1274 2862; x_wconf 85' lang='grc' dir='ltr'>ημφιασατο</span> <span class='ocrx_word' id='word_1_196' title='bbox 1333 2805 1528 2840; x_wconf 84' lang='grc' dir='ltr'>σακκον</span> <span class='ocrx_word' id='word_1_197' title='bbox 1562 2827 1572 2838; x_wconf 93' lang='grc'>.</span> <span class='ocrx_word' id='word_1_198' title='bbox 1634 2787 1761 2840; x_wconf 91' lang='grc' dir='ltr'><strong>Οθεν</strong></span> <span class='ocrx_word' id='word_1_199' title='bbox 1820 2807 1934 2840; x_wconf 86' lang='grc' dir='ltr'>επι-</span> 
     </span>
    </p>
   </div>
   <div class='ocr_carea' id='block_1_28' title="bbox 283 2871 1936 2951">
    <p class='ocr_par' dir='ltr' id='par_1_28' title="bbox 283 2871 1936 2951">
     <span class='ocr_line' id='line_1_29' title="bbox 283 2871 1936 2951; baseline 0 -23"><span class='ocrx_word' id='word_1_200' title='bbox 283 2873 552 2951; x_wconf 76' lang='grc' dir='ltr'>καμφθεῖς</span> <span class='ocrx_word' id='word_1_201' title='bbox 603 2875 632 2928; x_wconf 90' lang='lat'>6</span> <span class='ocrx_word' id='word_1_202' title='bbox 672 2874 800 2934; x_wconf 82' lang='grc' dir='ltr'><strong>Θεὸς</strong></span> <span class='ocrx_word' id='word_1_203' title='bbox 843 2877 950 2928; x_wconf 92' lang='grc' dir='ltr'><strong>τῶν</strong></span> <span class='ocrx_word' id='word_1_204' title='bbox 1011 2871 1314 2947; x_wconf 79' lang='grc' dir='ltr'>δυνάμεων,</span> <span class='ocrx_word' id='word_1_205' title='bbox 1362 2875 1455 2935; x_wconf 74' lang='grc' dir='ltr'>τὰς</span> <span class='ocrx_word' id='word_1_206' title='bbox 1504 2875 1688 2929; x_wconf 75' lang='grc' dir='ltr'>ἑκατὸν</span> <span class='ocrx_word' id='word_1_207' title='bbox 1739 2872 1936 2950; x_wconf 85' lang='grc' dir='ltr'>ὀγδοή-</span> 
     </span>
    </p>
   </div>
   <div class='ocr_carea' id='block_1_29' title="bbox 283 2959 1936 3038">
    <p class='ocr_par' dir='ltr' id='par_1_29' title="bbox 283 2959 1936 3038">
     <span class='ocr_line' id='line_1_30' title="bbox 283 2959 1936 3038; baseline 0.001 -21"><span class='ocrx_word' id='word_1_208' title='bbox 283 2984 449 3017; x_wconf 89' lang='grc' dir='ltr'>κοντα</span> <span class='ocrx_word' id='word_1_209' title='bbox 495 2961 651 3017; x_wconf 83' lang='grc' dir='ltr'>πέντε</span> <span class='ocrx_word' id='word_1_210' title='bbox 695 2959 954 3038; x_wconf 83' lang='grc' dir='ltr'>χιλιάδας</span> <span class='ocrx_word' id='word_1_211' title='bbox 1003 2962 1183 3018; x_wconf 86' lang='grc' dir='ltr'>ἀνεῖλε</span> <span class='ocrx_word' id='word_1_212' title='bbox 1228 2966 1335 3017; x_wconf 89' lang='grc' dir='ltr'>τῶν</span> <span class='ocrx_word' id='word_1_213' title='bbox 1388 2962 1713 3038; x_wconf 79' lang='grc' dir='ltr'>Ἀσσυρίων.</span> <span class='ocrx_word' id='word_1_214' title='bbox 1763 2965 1936 3036; x_wconf 78' lang='grc' dir='ltr'>Ἡμᾶς</span> 
     </span>
    </p>
   </div>
   <div class='ocr_carea' id='block_1_30' title="bbox 290 3047 1935 3126">
    <p class='ocr_par' dir='ltr' id='par_1_30' title="bbox 290 3047 1935 3126">
     <span class='ocr_line' id='line_1_31' title="bbox 290 3047 1935 3126; baseline 0.001 -20"><span class='ocrx_word' id='word_1_215' title='bbox 290 3048 369 3122; x_wconf 71' lang='grc' dir='ltr'>δὲ,</span> <span class='ocrx_word' id='word_1_216' title='bbox 402 3053 525 3125; x_wconf 79' lang='grc' dir='ltr'>ἅγιε</span> <span class='ocrx_word' id='word_1_217' title='bbox 558 3048 804 3126; x_wconf 80' lang='grc' dir='ltr'>βασιλεῦ,</span> <span class='ocrx_word' id='word_1_218' title='bbox 853 3049 1375 3124; x_wconf 78' lang='grc' dir='ltr'>πῶς’ἀντιλήψεται</span> <span class='ocrx_word' id='word_1_219' title='bbox 1430 3052 1458 3106; x_wconf 91' lang='grc' dir='ltr'>ὁ</span> <span class='ocrx_word' id='word_1_220' title='bbox 1506 3052 1636 3113; x_wconf 86' lang='grc' dir='ltr'>Θεὸς</span> <span class='ocrx_word' id='word_1_221' title='bbox 1685 3047 1935 3125; x_wconf 77' lang='grc' dir='ltr'>Σαϐαὼθ,</span> 
     </span>
    </p>
   </div>
   <div class='ocr_carea' id='block_1_31' title="bbox 289 3138 1937 3216">
    <p class='ocr_par' dir='ltr' id='par_1_31' title="bbox 289 3138 1937 3216">
     <span class='ocr_line' id='line_1_32' title="bbox 289 3138 1937 3216; baseline 0.001 -22"><span class='ocrx_word' id='word_1_222' title='bbox 289 3139 375 3195; x_wconf 78' lang='grc' dir='ltr'>ὅτι</span> <span class='ocrx_word' id='word_1_223' title='bbox 402 3141 501 3208; x_wconf 79' lang='grc' dir='ltr'>τὴν</span> <span class='ocrx_word' id='word_1_224' title='bbox 535 3138 817 3194; x_wconf 89' lang='grc' dir='ltr'>θεοκτόνον</span> <span class='ocrx_word' id='word_1_225' title='bbox 862 3140 1174 3216; x_wconf 78' lang='grc' dir='ltr'>συναγωγὴν</span> <span class='ocrx_word' id='word_1_226' title='bbox 1226 3141 1301 3213; x_wconf 83' lang='grc' dir='ltr'>μὴ</span> <span class='ocrx_word' id='word_1_227' title='bbox 1357 3139 1519 3212; x_wconf 90' lang='grc' dir='ltr'>μόνον</span> <span class='ocrx_word' id='word_1_228' title='bbox 1574 3140 1732 3213; x_wconf 88' lang='grc' dir='ltr'>μέσον</span> <span class='ocrx_word' id='word_1_229' title='bbox 1781 3140 1937 3196; x_wconf 87' lang='grc' dir='ltr'>καθέ-</span> 
     </span>
    </p>
   </div>
   <div class='ocr_carea' id='block_1_32' title="bbox 290 3226 1936 3305">
    <p class='ocr_par' dir='ltr' id='par_1_32' title="bbox 290 3226 1936 3305">
     <span class='ocr_line' id='line_1_33' title="bbox 290 3226 1936 3305; baseline 0 -21"><span class='ocrx_word' id='word_1_230' title='bbox 290 3231 470 3298; x_wconf 85' lang='grc' dir='ltr'>ζεσθαι</span> <span class='ocrx_word' id='word_1_231' title='bbox 527 3233 966 3305; x_wconf 85' lang='grc' dir='ltr'>παραχωροῦμεν</span> <span class='ocrx_word' id='word_1_232' title='bbox 1019 3233 1127 3283; x_wconf 91' lang='grc' dir='ltr'>τῶν</span> <span class='ocrx_word' id='word_1_233' title='bbox 1188 3226 1519 3304; x_wconf 80' lang='grc' dir='ltr'>ὀρθοδόξων,</span> <span class='ocrx_word' id='word_1_234' title='bbox 1585 3229 1936 3305; x_wconf 85' lang='grc' dir='ltr'>μυκτηρίζον-</span> 
     </span>
    </p>
   </div>
   <div class='ocr_carea' id='block_1_33' title="bbox 283 3317 1927 3393">
    <p class='ocr_par' dir='ltr' id='par_1_33' title="bbox 283 3317 1927 3393">
     <span class='ocr_line' id='line_1_34' title="bbox 283 3317 1927 3393; baseline 0.001 -21"><span class='ocrx_word' id='word_1_235' title='bbox 283 3339 378 3380; x_wconf 81' lang='grc' dir='ltr'>τας</span> <span class='ocrx_word' id='word_1_236' title='bbox 406 3319 474 3372; x_wconf 79' lang='grc' dir='ltr'>τὰ</span> <span class='ocrx_word' id='word_1_237' title='bbox 502 3318 764 3392; x_wconf 80' lang='grc' dir='ltr'>ἡμέτερα,</span> <span class='ocrx_word' id='word_1_238' title='bbox 797 3319 895 3387; x_wconf 80' lang='grc' dir='ltr'>τὴν</span> <span class='ocrx_word' id='word_1_239' title='bbox 940 3317 1304 3393; x_wconf 83' lang='grc' dir='ltr'>προσκύνησιν</span> <span class='ocrx_word' id='word_1_240' title='bbox 1352 3317 1496 3393; x_wconf 87' lang='grc' dir='ltr'>λέγω</span> <span class='ocrx_word' id='word_1_241' title='bbox 1541 3319 1630 3372; x_wconf 83' lang='grc' dir='ltr'>καὶ</span> <span class='ocrx_word' id='word_1_242' title='bbox 1679 3317 1927 3393; x_wconf 85' lang='grc' dir='ltr'>λατρείαν</span> 
     </span>
    </p>
   </div>
   <div class='ocr_carea' id='block_1_34' title="bbox 279 3406 1930 3482">
    <p class='ocr_par' dir='ltr' id='par_1_34' title="bbox 279 3406 1930 3482">
     <span class='ocr_line' id='line_1_35' title="bbox 279 3406 1930 3482; baseline 0.001 -22"><span class='ocrx_word' id='word_1_243' title='bbox 279 3408 370 3460; x_wconf 82' lang='grc' dir='ltr'>καὶ</span> <span class='ocrx_word' id='word_1_244' title='bbox 400 3406 582 3461; x_wconf 87' lang='grc' dir='ltr'>πίστιν</span> <span class='ocrx_word' id='word_1_245' title='bbox 613 3408 710 3475; x_wconf 77' lang='grc' dir='ltr'>τήν</span> <span class='ocrx_word' id='word_1_246' title='bbox 746 3406 884 3482; x_wconf 83' lang='grc' dir='ltr'>πρὸς</span> <span class='ocrx_word' id='word_1_247' title='bbox 925 3408 1015 3460; x_wconf 86' lang='grc' dir='ltr'>τὸν</span> <span class='ocrx_word' id='word_1_248' title='bbox 1070 3406 1265 3479; x_wconf 78' lang='grc' dir='ltr'>Κύριον</span> <span class='ocrx_word' id='word_1_249' title='bbox 1310 3407 1399 3461; x_wconf 85' lang='grc' dir='ltr'>καὶ</span> <span class='ocrx_word' id='word_1_250' title='bbox 1448 3406 1576 3462; x_wconf 88' lang='grc' dir='ltr'>Θεὸν</span> <span class='ocrx_word' id='word_1_251' title='bbox 1626 3409 1784 3481; x_wconf 78' lang='grc' dir='ltr'>ἡμῶν</span> <span class='ocrx_word' id='word_1_252' title='bbox 1824 3409 1930 3478; x_wconf 87' lang='grc' dir='ltr'>’1η-</span> 
     </span>
    </p>
   </div>
   <div class='ocr_carea' id='block_1_35' title="bbox 279 3491 1926 3570">
    <p class='ocr_par' dir='ltr' id='par_1_35' title="bbox 279 3491 1926 3570">
     <span class='ocr_line' id='line_1_36' title="bbox 279 3491 1926 3570; baseline 0.001 -20"><span class='ocrx_word' id='word_1_253' title='bbox 279 3499 405 3550; x_wconf 86' lang='grc' dir='ltr'>σοῦν</span> <span class='ocrx_word' id='word_1_254' title='bbox 466 3497 696 3570; x_wconf 81' lang='grc' dir='ltr'>Χριστὸν</span> <span class='ocrx_word' id='word_1_255' title='bbox 726 3542 742 3565; x_wconf 87' lang='grc'>,</span> <span class='ocrx_word' id='word_1_256' title='bbox 786 3495 874 3549; x_wconf 84' lang='grc' dir='ltr'>καὶ</span> <span class='ocrx_word' id='word_1_257' title='bbox 948 3496 1043 3558; x_wconf 77' lang='grc' dir='ltr'>τὰς</span> <span class='ocrx_word' id='word_1_258' title='bbox 1125 3494 1391 3558; x_wconf 81' lang='grc' dir='ltr'>εἶκονικάς</span> <span class='ocrx_word' id='word_1_259' title='bbox 1467 3498 1627 3569; x_wconf 77' lang='grc' dir='ltr'>ἡμῶν</span> <span class='ocrx_word' id='word_1_260' title='bbox 1693 3491 1926 3560; x_wconf 78' lang='grc' dir='ltr'>εὐσεϐεῖς</span> 
     </span>
    </p>
   </div>
   <div class='ocr_carea' id='block_1_36' title="bbox 277 3581 1926 3661">
    <p class='ocr_par' dir='ltr' id='par_1_36' title="bbox 277 3581 1926 3661">
     <span class='ocr_line' id='line_1_37' title="bbox 277 3581 1926 3661; baseline 0.001 -22"><span class='ocrx_word' id='word_1_261' title='bbox 277 3586 695 3661; x_wconf 76' lang='grc' dir='ltr'>προσκυνήσεις,</span> <span class='ocrx_word' id='word_1_262' title='bbox 726 3584 816 3638; x_wconf 86' lang='grc' dir='ltr'>καὶ</span> <span class='ocrx_word' id='word_1_263' title='bbox 849 3582 1004 3653; x_wconf 79' lang='grc' dir='ltr'>ὅταὴ</span> <span class='ocrx_word' id='word_1_264' title='bbox 1049 3583 1176 3659; x_wconf 81' lang='grc' dir='ltr'>ἁγία</span> <span class='ocrx_word' id='word_1_265' title='bbox 1225 3584 1314 3638; x_wconf 85' lang='grc' dir='ltr'>καὶ</span> <span class='ocrx_word' id='word_1_266' title='bbox 1360 3581 1594 3658; x_wconf 78' lang='grc' dir='ltr'>ἄμωμος</span> <span class='ocrx_word' id='word_1_267' title='bbox 1640 3589 1747 3640; x_wconf 91' lang='grc' dir='ltr'>τῶν</span> <span class='ocrx_word' id='word_1_268' title='bbox 1798 3591 1926 3661; x_wconf 83' lang='grc' dir='ltr'>Χρι-</span> 
     </span>
    </p>
   </div>
   <div class='ocr_carea' id='block_1_37' title="bbox 277 3670 1929 3748">
    <p class='ocr_par' dir='ltr' id='par_1_37' title="bbox 277 3670 1929 3748">
     <span class='ocr_line' id='line_1_38' title="bbox 277 3670 1929 3748; baseline 0.001 -21"><span class='ocrx_word' id='word_1_269' title='bbox 277 3677 506 3728; x_wconf 86' lang='grc' dir='ltr'>στιανῶν</span> <span class='ocrx_word' id='word_1_270' title='bbox 539 3670 721 3733; x_wconf 79' lang='grc' dir='ltr'>πίστις</span> <span class='ocrx_word' id='word_1_271' title='bbox 772 3671 1002 3727; x_wconf 87' lang='grc' dir='ltr'>πλουτεῖ</span> <span class='ocrx_word' id='word_1_272' title='bbox 1052 3674 1339 3748; x_wconf 81' lang='grc' dir='ltr'>μυστήρια·</span> <span class='ocrx_word' id='word_1_273' title='bbox 1394 3670 1518 3728; x_wconf 89' lang='grc' dir='ltr'>ἀλλ’</span> <span class='ocrx_word' id='word_1_274' title='bbox 1567 3671 1650 3728; x_wconf 78' lang='grc' dir='ltr'>ὅτι</span> <span class='ocrx_word' id='word_1_275' title='bbox 1700 3673 1788 3728; x_wconf 82' lang='grc' dir='ltr'>καὶ</span> <span class='ocrx_word' id='word_1_276' title='bbox 1838 3672 1929 3728; x_wconf 79' lang='grc' dir='ltr'>διὰ</span> 
     </span>
    </p>
   </div>
   <div class='ocr_carea' id='block_1_38' title="bbox 276 3758 1925 3837">
    <p class='ocr_par' dir='ltr' id='par_1_38' title="bbox 276 3758 1925 3837">
     <span class='ocr_line' id='line_1_39' title="bbox 276 3758 1925 3837; baseline 0.001 -22"><span class='ocrx_word' id='word_1_277' title='bbox 276 3758 470 3833; x_wconf 82' lang='grc' dir='ltr'>δώρων</span> <span class='ocrx_word' id='word_1_278' title='bbox 521 3758 742 3830; x_wconf 80' lang='grc' dir='ltr'>πολλὴν</span> <span class='ocrx_word' id='word_1_279' title='bbox 788 3759 973 3822; x_wconf 81' lang='grc' dir='ltr'>αὐτοῖς</span> <span class='ocrx_word' id='word_1_280' title='bbox 1019 3762 1118 3830; x_wconf 72' lang='grc' dir='ltr'>τὴν</span> <span class='ocrx_word' id='word_1_281' title='bbox 1167 3761 1323 3836; x_wconf 79' lang='grc' dir='ltr'>ἰσχὺν</span> <span class='ocrx_word' id='word_1_282' title='bbox 1374 3767 1633 3837; x_wconf 88' lang='grc' dir='ltr'>παρεῖχεν</span> <span class='ocrx_word' id='word_1_283' title='bbox 1684 3765 1711 3816; x_wconf 90' lang='lat'>6</span> <span class='ocrx_word' id='word_1_284' title='bbox 1743 3769 1925 3818; x_wconf 87' lang='grc' dir='ltr'>Βωκα-</span> 
     </span>
    </p>
   </div>
   <div class='ocr_carea' id='block_1_39' title="bbox 277 3848 1926 3926">
    <p class='ocr_par' dir='ltr' id='par_1_39' title="bbox 277 3848 1926 3926">
     <span class='ocr_line' id='line_1_40' title="bbox 277 3848 1926 3926; baseline 0 -21"><span class='ocrx_word' id='word_1_285' title='bbox 277 3848 397 3920; x_wconf 82' lang='grc' dir='ltr'><strong>λᾶς,</strong></span> <span class='ocrx_word' id='word_1_286' title='bbox 430 3848 513 3904; x_wconf 80' lang='grc' dir='ltr'>ὅτι</span> <span class='ocrx_word' id='word_1_287' title='bbox 546 3849 593 3903; x_wconf 81' lang='grc' dir='ltr'>εἰ</span> <span class='ocrx_word' id='word_1_288' title='bbox 635 3848 892 3923; x_wconf 87' lang='grc' dir='ltr'>τολμήσῃ</span> <span class='ocrx_word' id='word_1_289' title='bbox 938 3870 1021 3912; x_wconf 90' lang='grc' dir='ltr'>τις</span> <span class='ocrx_word' id='word_1_290' title='bbox 1067 3851 1167 3920; x_wconf 80' lang='grc' dir='ltr'>τήν</span> <span class='ocrx_word' id='word_1_291' title='bbox 1219 3854 1550 3926; x_wconf 79' lang='grc' dir='ltr'>Χριστιανῶν</span> <span class='ocrx_word' id='word_1_292' title='bbox 1599 3850 1704 3905; x_wconf 86' lang='grc' dir='ltr'>ἀπὸ</span> <span class='ocrx_word' id='word_1_293' title='bbox 1754 3851 1926 3920; x_wconf 83' lang='grc' dir='ltr'>ζήλου</span> 
     </span>
    </p>
   </div>
   <div class='ocr_carea' id='block_1_40' title="bbox 277 3936 1923 4016">
    <p class='ocr_par' dir='ltr' id='par_1_40' title="bbox 277 3936 1923 4016">
     <span class='ocr_line' id='line_1_41' title="bbox 277 3936 1923 4016; baseline 0.001 -24"><span class='ocrx_word' id='word_1_294' title='bbox 277 3936 568 4010; x_wconf 88' lang='grc' dir='ltr'>λαλῆσαι,</span> <span class='ocrx_word' id='word_1_295' title='bbox 618 3937 700 3999; x_wconf 86' lang='grc' dir='ltr'>τίς</span> <span class='ocrx_word' id='word_1_296' title='bbox 760 3938 787 3991; x_wconf 86' lang='grc' dir='ltr'>ὁ</span> <span class='ocrx_word' id='word_1_297' title='bbox 845 3945 945 4008; x_wconf 84' lang='grc' dir='ltr'>τῆς</span> <span class='ocrx_word' id='word_1_298' title='bbox 1021 3937 1267 4016; x_wconf 82' lang='grc' dir='ltr'>φυλακῆς</span> <span class='ocrx_word' id='word_1_299' title='bbox 1323 3939 1524 3994; x_wconf 79' lang='grc' dir='ltr'>ἐκεῖνον</span> <span class='ocrx_word' id='word_1_300' title='bbox 1580 3938 1923 4016; x_wconf 86' lang='grc' dir='ltr'>λυτρώσων;</span> 
     </span>
    </p>
   </div>
   <div class='ocr_carea' id='block_1_41' title="bbox 278 4024 1926 4103">
    <p class='ocr_par' dir='ltr' id='par_1_41' title="bbox 278 4024 1926 4103">
     <span class='ocr_line' id='line_1_42' title="bbox 278 4024 1926 4103; baseline 0.001 -21"><span class='ocrx_word' id='word_1_301' title='bbox 278 4027 409 4096; x_wconf 87' lang='grc' dir='ltr'>Περὶ</span> <span class='ocrx_word' id='word_1_302' title='bbox 463 4024 521 4081; x_wconf 80' lang='grc' dir='ltr'>δὲ</span> <span class='ocrx_word' id='word_1_303' title='bbox 565 4028 664 4095; x_wconf 82' lang='grc' dir='ltr'>τήν</span> <span class='ocrx_word' id='word_1_304' title='bbox 719 4027 1018 4103; x_wconf 86' lang='grc' dir='ltr'>Ἀρμενίων</span> <span class='ocrx_word' id='word_1_305' title='bbox 1088 4027 1185 4082; x_wconf 85' lang='grc' dir='ltr'>ὅσα</span> <span class='ocrx_word' id='word_1_306' title='bbox 1249 4032 1466 4082; x_wconf 86' lang='grc' dir='ltr'>ποιοῦσι</span> <span class='ocrx_word' id='word_1_307' title='bbox 1516 4028 1644 4090; x_wconf 83' lang='grc' dir='ltr'>τοὺς</span> <span class='ocrx_word' id='word_1_308' title='bbox 1693 4028 1926 4098; x_wconf 83' lang='grc' dir='ltr'>πλησιά-</span> 
     </span>
    </p>
   </div>
   <div class='ocr_carea' id='block_1_42' title="bbox 278 4113 1926 4193">
    <p class='ocr_par' dir='ltr' id='par_1_42' title="bbox 278 4113 1926 4193">
     <span class='ocr_line' id='line_1_43' title="bbox 278 4113 1926 4193; baseline 0.001 -23"><span class='ocrx_word' id='word_1_309' title='bbox 278 4119 468 4184; x_wconf 82' lang='grc' dir='ltr'>ζοντας</span> <span class='ocrx_word' id='word_1_310' title='bbox 547 4114 900 4191; x_wconf 79' lang='grc' dir='ltr'>ὀρθοδόξους,</span> <span class='ocrx_word' id='word_1_311' title='bbox 953 4115 1285 4192; x_wconf 76' lang='grc' dir='ltr'>αἰσχύνομαι</span> <span class='ocrx_word' id='word_1_312' title='bbox 1345 4113 1751 4193; x_wconf 83' lang='grc' dir='ltr'>διηγήσασθαι,</span> <span class='ocrx_word' id='word_1_313' title='bbox 1813 4115 1926 4172; x_wconf 81' lang='grc' dir='ltr'>οἶδε</span> 
     </span>
    </p>
   </div>
   <div class='ocr_carea' id='block_1_43' title="bbox 275 4202 1922 4282">
    <p class='ocr_par' dir='ltr' id='par_1_43' title="bbox 275 4202 1922 4282">
     <span class='ocr_line' id='line_1_44' title="bbox 275 4202 1922 4282; baseline 0.002 -24"><span class='ocrx_word' id='word_1_314' title='bbox 275 4204 427 4266; x_wconf 73' lang='grc' dir='ltr'><strong>Θεός¹</strong></span> <span class='ocrx_word' id='word_1_315' title='bbox 459 4202 607 4272; x_wconf 71' lang='grc' dir='ltr'>πλὴν</span> <span class='ocrx_word' id='word_1_316' title='bbox 659 4203 741 4259; x_wconf 81' lang='grc' dir='ltr'>ὅτι</span> <span class='ocrx_word' id='word_1_317' title='bbox 785 4203 874 4258; x_wconf 80' lang='grc' dir='ltr'>καί</span> <span class='ocrx_word' id='word_1_318' title='bbox 924 4206 1248 4280; x_wconf 72' lang='grc' dir='ltr'>συναγωγήν</span> <span class='ocrx_word' id='word_1_319' title='bbox 1298 4203 1443 4281; x_wconf 81' lang='grc' dir='ltr'><strong>ἔχειν</strong></span> <span class='ocrx_word' id='word_1_320' title='bbox 1496 4206 1571 4267; x_wconf 78' lang='grc' dir='ltr'>εἰς</span> <span class='ocrx_word' id='word_1_321' title='bbox 1609 4208 1922 4282; x_wconf 78' lang='grc' dir='ltr'>προσευχὴν</span> 
     </span>
    </p>
   </div>
   <div class='ocr_carea' id='block_1_44' title="bbox 276 4290 1926 4370">
    <p class='ocr_par' dir='ltr' id='par_1_44' title="bbox 276 4290 1926 4370">
     <span class='ocr_line' id='line_1_45' title="bbox 276 4290 1926 4370; baseline 0.001 -22"><span class='ocrx_word' id='word_1_322' title='bbox 276 4293 338 4348; x_wconf 79' lang='grc' dir='ltr'><strong>οὗ</strong></span> <span class='ocrx_word' id='word_1_323' title='bbox 375 4290 705 4348; x_wconf 79' lang='grc' dir='ltr'>κωλύονται.</span> <span class='ocrx_word' id='word_1_324' title='bbox 756 4291 824 4347; x_wconf 75' lang='grc' dir='ltr'>Εἴ</span> <span class='ocrx_word' id='word_1_325' title='bbox 869 4290 926 4348; x_wconf 84' lang='grc' dir='ltr'>δέ</span> <span class='ocrx_word' id='word_1_326' title='bbox 951 4315 1036 4355; x_wconf 90' lang='grc' dir='ltr'>τις</span> <span class='ocrx_word' id='word_1_327' title='bbox 1085 4298 1194 4348; x_wconf 89' lang='grc' dir='ltr'>τῶν</span> <span class='ocrx_word' id='word_1_328' title='bbox 1245 4292 1568 4349; x_wconf 88' lang='grc' dir='ltr'>κωλυόννων</span> <span class='ocrx_word' id='word_1_329' title='bbox 1623 4292 1926 4370; x_wconf 83' lang='grc' dir='ltr'>ὀρθοδόξων</span> 
     </span>
    </p>
   </div>
   <div class='ocr_carea' id='block_1_45' title="bbox 273 4379 1924 4458">
    <p class='ocr_par' dir='ltr' id='par_1_45' title="bbox 273 4379 1924 4458">
     <span class='ocr_line' id='line_1_46' title="bbox 273 4379 1924 4458; baseline 0.001 -22"><span class='ocrx_word' id='word_1_330' title='bbox 273 4381 430 4436; x_wconf 80' lang='grc' dir='ltr'>κάκεῖ</span> <span class='ocrx_word' id='word_1_331' title='bbox 458 4379 728 4454; x_wconf 78' lang='grc' dir='ltr'>τολμήσει</span> <span class='ocrx_word' id='word_1_332' title='bbox 761 4380 1019 4452; x_wconf 81' lang='grc' dir='ltr'>λαλῆσαι,</span> <span class='ocrx_word' id='word_1_333' title='bbox 1054 4379 1123 4436; x_wconf 84' lang='grc' dir='ltr'>δι’</span> <span class='ocrx_word' id='word_1_334' title='bbox 1159 4381 1360 4458; x_wconf 84' lang='grc' dir='ltr'>ὀλίγων</span> <span class='ocrx_word' id='word_1_335' title='bbox 1411 4383 1706 4458; x_wconf 79' lang='grc' dir='ltr'>βασιλικῶν</span> <span class='ocrx_word' id='word_1_336' title='bbox 1741 4383 1924 4440; x_wconf 85' lang='grc' dir='ltr'>πολλά</span> 
     </span>
    </p>
   </div>
   <div class='ocr_carea' id='block_1_46' title="bbox 275 4467 1924 4546">
    <p class='ocr_par' dir='ltr' id='par_1_46' title="bbox 275 4467 1924 4546">
     <span class='ocr_line' id='line_1_47' title="bbox 275 4467 1924 4546; baseline 0.001 -21"><span class='ocrx_word' id='word_1_337' title='bbox 275 4467 592 4540; x_wconf 73' lang='grc' dir='ltr'>δυνήσονται</span> <span class='ocrx_word' id='word_1_338' title='bbox 642 4471 696 4525; x_wconf 80' lang='grc' dir='ltr'>οἱ</span> <span class='ocrx_word' id='word_1_339' title='bbox 744 4470 1041 4546; x_wconf 80' lang='grc' dir='ltr'>Ἀρμένιοι.</span> <span class='ocrx_word' id='word_1_340' title='bbox 1094 4472 1212 4526; x_wconf 73' lang='grc' dir='ltr'>’Ότι</span> <span class='ocrx_word' id='word_1_341' title='bbox 1265 4468 1322 4525; x_wconf 75' lang='grc' dir='ltr'>δὲ</span> <span class='ocrx_word' id='word_1_342' title='bbox 1366 4471 1456 4526; x_wconf 81' lang='grc' dir='ltr'>καὶ</span> <span class='ocrx_word' id='word_1_343' title='bbox 1505 4469 1594 4527; x_wconf 86' lang='grc' dir='ltr'>διά</span> <span class='ocrx_word' id='word_1_344' title='bbox 1639 4473 1734 4535; x_wconf 81' lang='grc' dir='ltr'>τὰς</span> <span class='ocrx_word' id='word_1_345' title='bbox 1792 4472 1924 4546; x_wconf 80' lang='grc' dir='ltr'>έμάς</span> 
     </span>
    </p>
   </div>
   <div class='ocr_carea' id='block_1_47' title="bbox 275 4558 1923 4636">
    <p class='ocr_par' dir='ltr' id='par_1_47' title="bbox 275 4558 1923 4636">
     <span class='ocr_line' id='line_1_48' title="bbox 275 4558 1923 4636; baseline 0.002 -23"><span class='ocrx_word' id='word_1_346' title='bbox 275 4559 538 4635; x_wconf 82' lang='grc' dir='ltr'>ἁμαρτίας</span> <span class='ocrx_word' id='word_1_347' title='bbox 643 4563 750 4614; x_wconf 91' lang='grc' dir='ltr'>τῶν</span> <span class='ocrx_word' id='word_1_348' title='bbox 853 4564 1242 4636; x_wconf 80' lang='grc' dir='ltr'>Χριστιανικῶν</span> <span class='ocrx_word' id='word_1_349' title='bbox 1358 4558 1604 4634; x_wconf 81' lang='grc' dir='ltr'>ἄρξαντες</span> <span class='ocrx_word' id='word_1_350' title='bbox 1707 4559 1923 4617; x_wconf 86' lang='grc' dir='ltr'>πόλεων</span> 
     </span>
    </p>
   </div>
   <div class='ocr_carea' id='block_1_48' title="bbox 2033 652 3677 726">
    <p class='ocr_par' dir='ltr' id='par_1_48' title="bbox 2033 652 3677 726">
     <span class='ocr_line' id='line_1_49' title="bbox 2033 652 3677 726; baseline -0.004 -16"><span class='ocrx_word' id='word_1_351' title='bbox 2033 671 2062 709; x_wconf 92' lang='lat' dir='ltr'>e</span> <span class='ocrx_word' id='word_1_352' title='bbox 2094 660 2297 711; x_wconf 90' lang='lat' dir='ltr'>contra</span> <span class='ocrx_word' id='word_1_353' title='bbox 2330 657 2537 712; x_wconf 79' lang='lat' dir='ltr'>fortius</span> <span class='ocrx_word' id='word_1_354' title='bbox 2583 657 2866 712; x_wconf 81' lang='lat' dir='ltr'>enitentes</span> <span class='ocrx_word' id='word_1_355' title='bbox 2916 659 3113 726; x_wconf 83' lang='lat' dir='ltr'>utpote</span> <span class='ocrx_word' id='word_1_356' title='bbox 3144 656 3337 725; x_wconf 84' lang='lat' dir='ltr'>spreto</span> <span class='ocrx_word' id='word_1_357' title='bbox 3367 652 3504 718; x_wconf 93' lang='lat' dir='ltr'>Deo,</span> <span class='ocrx_word' id='word_1_358' title='bbox 3539 667 3677 705; x_wconf 91' lang='lat' dir='ltr'>cun-</span> 
     </span>
    </p>
   </div>
   <div class='ocr_carea' id='block_1_49' title="bbox 2031 739 3675 818">
    <p class='ocr_par' dir='ltr' id='par_1_49' title="bbox 2031 739 3675 818">
     <span class='ocr_line' id='line_1_50' title="bbox 2031 739 3675 818; baseline -0.005 -17"><span class='ocrx_word' id='word_1_359' title='bbox 2031 751 2185 801; x_wconf 85' lang='lat' dir='ltr'>ctam</span> <span class='ocrx_word' id='word_1_360' title='bbox 2219 748 2562 802; x_wconf 90' lang='lat' dir='ltr'>excutianus</span> <span class='ocrx_word' id='word_1_361' title='bbox 2594 743 3042 818; x_wconf 83' lang='lat' dir='ltr'>indulgentiam,</span> <span class='ocrx_word' id='word_1_362' title='bbox 3074 743 3133 797; x_wconf 91' lang='lat' dir='ltr'>in</span> <span class='ocrx_word' id='word_1_363' title='bbox 3167 745 3454 814; x_wconf 90' lang='lat' dir='ltr'>quantum</span> <span class='ocrx_word' id='word_1_364' title='bbox 3485 739 3675 794; x_wconf 90' lang='lat' dir='ltr'>chari-</span> 
     </span>
    </p>
   </div>
   <div class='ocr_carea' id='block_1_50' title="bbox 2031 827 3680 890">
    <p class='ocr_par' dir='ltr' id='par_1_50' title="bbox 2031 827 3680 890">
     <span class='ocr_line' id='line_1_51' title="bbox 2031 827 3680 890; baseline -0.004 -2"><span class='ocrx_word' id='word_1_365' title='bbox 2031 837 2123 889; x_wconf 87' lang='lat' dir='ltr'>tas</span> <span class='ocrx_word' id='word_1_366' title='bbox 2150 839 2207 889; x_wconf 91' lang='lat' dir='ltr'>et</span> <span class='ocrx_word' id='word_1_367' title='bbox 2238 836 2500 890; x_wconf 91' lang='lat' dir='ltr'>studium</span> <span class='ocrx_word' id='word_1_368' title='bbox 2555 835 2670 890; x_wconf 91' lang='lat' dir='ltr'>Deo</span> <span class='ocrx_word' id='word_1_369' title='bbox 2718 835 2788 889; x_wconf 85' lang='lat' dir='ltr'>ab</span> <span class='ocrx_word' id='word_1_370' title='bbox 2820 833 2977 888; x_wconf 93' lang='lat' dir='ltr'>omni</span> <span class='ocrx_word' id='word_1_371' title='bbox 3023 830 3179 886; x_wconf 90' lang='lat' dir='ltr'>ﬁdeli</span> <span class='ocrx_word' id='word_1_372' title='bbox 3228 827 3680 884; x_wconf 88' lang='lat' dir='ltr'>ineluctabiliter</span> 
     </span>
    </p>
   </div>
   <div class='ocr_carea' id='block_1_51' title="bbox 2033 916 3676 994">
    <p class='ocr_par' dir='ltr' id='par_1_51' title="bbox 2033 916 3676 994">
     <span class='ocr_line' id='line_1_52' title="bbox 2033 916 3676 994; baseline -0.005 -17"><span class='ocrx_word' id='word_1_373' title='bbox 2033 924 2298 988; x_wconf 83' lang='lat' dir='ltr'>debetur,</span> <span class='ocrx_word' id='word_1_374' title='bbox 2331 923 2504 978; x_wconf 89' lang='lat' dir='ltr'>veluti</span> <span class='ocrx_word' id='word_1_375' title='bbox 2542 941 2654 978; x_wconf 91' lang='lat' dir='ltr'>non</span> <span class='ocrx_word' id='word_1_376' title='bbox 2680 924 2803 994; x_wconf 84' lang='lat' dir='ltr'>jam</span> <span class='ocrx_word' id='word_1_377' title='bbox 2838 921 3192 994; x_wconf 88' lang='lat' dir='ltr'>pontiﬁcem,</span> <span class='ocrx_word' id='word_1_378' title='bbox 3227 918 3324 973; x_wconf 86' lang='lat' dir='ltr'>sed</span> <span class='ocrx_word' id='word_1_379' title='bbox 3356 917 3552 988; x_wconf 92' lang='lat' dir='ltr'>ipsum</span> <span class='ocrx_word' id='word_1_380' title='bbox 3585 916 3676 969; x_wconf 90' lang='lat' dir='ltr'>in-</span> 
     </span>
    </p>
   </div>
   <div class='ocr_carea' id='block_1_52' title="bbox 2032 1009 3679 1076">
    <p class='ocr_par' dir='ltr' id='par_1_52' title="bbox 2032 1009 3679 1076">
     <span class='ocr_line' id='line_1_53' title="bbox 2032 1009 3679 1076; baseline -0.004 -11"><span class='ocrx_word' id='word_1_381' title='bbox 2032 1011 2366 1068; x_wconf 89' lang='lat' dir='ltr'>violabilem</span> <span class='ocrx_word' id='word_1_382' title='bbox 2396 1011 2662 1067; x_wconf 60' lang='lat' dir='ltr'>Ecclesiae</span> <span class='ocrx_word' id='word_1_383' title='bbox 2713 1011 2897 1067; x_wconf 91' lang='lat' dir='ltr'>Deum</span> <span class='ocrx_word' id='word_1_384' title='bbox 2929 1009 3177 1064; x_wconf 89' lang='lat' dir='ltr'>irriserit</span> <span class='ocrx_word' id='word_1_385' title='bbox 3222 1023 3288 1062; x_wconf 90' lang='lat' dir='ltr'>ac</span> <span class='ocrx_word' id='word_1_386' title='bbox 3319 1010 3679 1076; x_wconf 80' lang='lat' dir='ltr'>contempse-</span> 
     </span>
    </p>
   </div>
   <div class='ocr_carea' id='block_1_53' title="bbox 2035 1094 3676 1167">
    <p class='ocr_par' dir='ltr' id='par_1_53' title="bbox 2035 1094 3676 1167">
     <span class='ocr_line' id='line_1_54' title="bbox 2035 1094 3676 1167; baseline -0.004 -13"><span class='ocrx_word' id='word_1_387' title='bbox 2035 1101 2172 1166; x_wconf 83' lang='lat' dir='ltr'>rint,</span> <span class='ocrx_word' id='word_1_388' title='bbox 2206 1103 2360 1156; x_wconf 89' lang='lat' dir='ltr'>unde</span> <span class='ocrx_word' id='word_1_389' title='bbox 2389 1101 2563 1156; x_wconf 89' lang='lat' dir='ltr'>etiam</span> <span class='ocrx_word' id='word_1_390' title='bbox 2594 1099 2696 1155; x_wconf 86' lang='lat' dir='ltr'>illa</span> <span class='ocrx_word' id='word_1_391' title='bbox 2725 1099 2881 1156; x_wconf 86' lang='lat' dir='ltr'>clara</span> <span class='ocrx_word' id='word_1_392' title='bbox 2910 1116 3018 1153; x_wconf 87' lang='lat' dir='ltr'>vox</span> <span class='ocrx_word' id='word_1_393' title='bbox 3037 1117 3049 1153; x_wconf 92' lang='lat'><strong>:</strong></span> <span class='ocrx_word' id='word_1_394' title='bbox 3068 1097 3175 1162; x_wconf 85' lang='lat' dir='ltr'>Qui</span> <span class='ocrx_word' id='word_1_395' title='bbox 3207 1113 3307 1152; x_wconf 88' lang='lat' dir='ltr'>vos</span> <span class='ocrx_word' id='word_1_396' title='bbox 3339 1094 3562 1167; x_wconf 83' lang='lat' dir='ltr'>spernit</span> <span class='ocrx_word' id='word_1_397' title='bbox 3583 1108 3676 1148; x_wconf 91' lang='lat' dir='ltr'>me</span> 
     </span>
    </p>
   </div>
   <div class='ocr_carea' id='block_1_54' title="bbox 2036 1185 3675 1260">
    <p class='ocr_par' dir='ltr' id='par_1_54' title="bbox 2036 1185 3675 1260">
     <span class='ocr_line' id='line_1_55' title="bbox 2036 1185 3675 1260; baseline -0.004 -17"><span class='ocrx_word' id='word_1_398' title='bbox 2036 1189 2300 1260; x_wconf 90' lang='lat' dir='ltr'>spernit;</span> <span class='ocrx_word' id='word_1_399' title='bbox 2334 1189 2546 1260; x_wconf 88' lang='lat' dir='ltr'>quibus</span> <span class='ocrx_word' id='word_1_400' title='bbox 2595 1188 2787 1244; x_wconf 89' lang='lat' dir='ltr'>verbis</span> <span class='ocrx_word' id='word_1_401' title='bbox 2835 1186 2937 1242; x_wconf 91' lang='lat' dir='ltr'>illa</span> <span class='ocrx_word' id='word_1_402' title='bbox 2981 1185 3239 1256; x_wconf 89' lang='lat' dir='ltr'>intelligo</span> <span class='ocrx_word' id='word_1_403' title='bbox 3289 1200 3416 1255; x_wconf 70' lang='lat' dir='ltr'>quas</span> <span class='ocrx_word' id='word_1_404' title='bbox 3446 1187 3675 1238; x_wconf 85' lang='lat' dir='ltr'>contra-</span> 
     </span>
    </p>
   </div>
   <div class='ocr_carea' id='block_1_55' title="bbox 2037 1271 3681 1346">
    <p class='ocr_par' dir='ltr' id='par_1_55' title="bbox 2037 1271 3681 1346">
     <span class='ocr_line' id='line_1_56' title="bbox 2037 1271 3681 1346; baseline -0.004 -14"><span class='ocrx_word' id='word_1_405' title='bbox 2037 1278 2117 1332; x_wconf 77' lang='lat' dir='ltr'>ria</span> <span class='ocrx_word' id='word_1_406' title='bbox 2152 1283 2292 1333; x_wconf 90' lang='lat' dir='ltr'>sunt</span> <span class='ocrx_word' id='word_1_407' title='bbox 2319 1277 2391 1332; x_wconf 90' lang='lat' dir='ltr'>iis</span> <span class='ocrx_word' id='word_1_408' title='bbox 2440 1283 2498 1333; x_wconf 90' lang='lat' dir='ltr'>et</span> <span class='ocrx_word' id='word_1_409' title='bbox 2548 1277 2842 1332; x_wconf 87' lang='lat' dir='ltr'>similibus</span> <span class='ocrx_word' id='word_1_410' title='bbox 2873 1292 2999 1346; x_wconf 71' lang='lat' dir='ltr'>quae</span> <span class='ocrx_word' id='word_1_411' title='bbox 3051 1292 3085 1330; x_wconf 92' lang='lat' dir='ltr'>a</span> <span class='ocrx_word' id='word_1_412' title='bbox 3136 1273 3304 1328; x_wconf 91' lang='lat' dir='ltr'>nobis</span> <span class='ocrx_word' id='word_1_413' title='bbox 3333 1272 3392 1326; x_wconf 89' lang='lat' dir='ltr'>in</span> <span class='ocrx_word' id='word_1_414' title='bbox 3440 1271 3681 1327; x_wconf 78' lang='lat' dir='ltr'>veritate</span> 
     </span>
    </p>
   </div>
   <div class='ocr_carea' id='block_1_56' title="bbox 2038 1364 3682 1439">
    <p class='ocr_par' dir='ltr' id='par_1_56' title="bbox 2038 1364 3682 1439">
     <span class='ocr_line' id='line_1_57' title="bbox 2038 1364 3682 1439; baseline -0.005 -17"><span class='ocrx_word' id='word_1_415' title='bbox 2038 1371 2094 1422; x_wconf 86' lang='lat' dir='ltr'>et</span> <span class='ocrx_word' id='word_1_416' title='bbox 2115 1367 2351 1439; x_wconf 88' lang='lat' dir='ltr'>justitia</span> <span class='ocrx_word' id='word_1_417' title='bbox 2380 1373 2437 1422; x_wconf 92' lang='lat' dir='ltr'>et</span> <span class='ocrx_word' id='word_1_418' title='bbox 2467 1367 2578 1422; x_wconf 87' lang='lat' dir='ltr'>ﬁde</span> <span class='ocrx_word' id='word_1_419' title='bbox 2627 1370 2684 1421; x_wconf 91' lang='lat' dir='ltr'>et</span> <span class='ocrx_word' id='word_1_420' title='bbox 2713 1365 2811 1421; x_wconf 93' lang='lat' dir='ltr'>Dei</span> <span class='ocrx_word' id='word_1_421' title='bbox 2860 1366 3070 1419; x_wconf 80' lang='lat' dir='ltr'>timore</span> <span class='ocrx_word' id='word_1_422' title='bbox 3113 1364 3281 1417; x_wconf 88' lang='lat' dir='ltr'>ﬁunt.</span> <span class='ocrx_word' id='word_1_423' title='bbox 3317 1364 3682 1432; x_wconf 84' lang='lat' dir='ltr'>Quapropter</span> 
     </span>
    </p>
   </div>
   <div class='ocr_carea' id='block_1_57' title="bbox 2041 1448 3686 1526">
    <p class='ocr_par' dir='ltr' id='par_1_57' title="bbox 2041 1448 3686 1526">
     <span class='ocr_line' id='line_1_58' title="bbox 2041 1448 3686 1526; baseline -0.005 -15"><span class='ocrx_word' id='word_1_424' title='bbox 2041 1473 2154 1511; x_wconf 90' lang='lat' dir='ltr'>non</span> <span class='ocrx_word' id='word_1_425' title='bbox 2189 1473 2487 1511; x_wconf 87' lang='lat' dir='ltr'>servemus</span> <span class='ocrx_word' id='word_1_426' title='bbox 2521 1472 2743 1526; x_wconf 89' lang='lat' dir='ltr'>nosque</span> <span class='ocrx_word' id='word_1_427' title='bbox 2772 1459 3047 1509; x_wconf 87' lang='lat' dir='ltr'>tueamur</span> <span class='ocrx_word' id='word_1_428' title='bbox 3077 1456 3133 1507; x_wconf 91' lang='lat' dir='ltr'>et</span> <span class='ocrx_word' id='word_1_429' title='bbox 3158 1452 3476 1523; x_wconf 85' lang='lat' dir='ltr'>erigamus,</span> <span class='ocrx_word' id='word_1_430' title='bbox 3508 1448 3686 1504; x_wconf 89' lang='lat' dir='ltr'>veluti</span> 
     </span>
    </p>
   </div>
   <div class='ocr_carea' id='block_1_58' title="bbox 2043 1540 3688 1614">
    <p class='ocr_par' dir='ltr' id='par_1_58' title="bbox 2043 1540 3688 1614">
     <span class='ocr_line' id='line_1_59' title="bbox 2043 1540 3688 1614; baseline -0.004 -14"><span class='ocrx_word' id='word_1_431' title='bbox 2043 1546 2100 1600; x_wconf 92' lang='lat' dir='ltr'>in</span> <span class='ocrx_word' id='word_1_432' title='bbox 2133 1545 2406 1600; x_wconf 90' lang='lat' dir='ltr'>omnibus</span> <span class='ocrx_word' id='word_1_433' title='bbox 2440 1561 2546 1600; x_wconf 92' lang='lat' dir='ltr'>nos</span> <span class='ocrx_word' id='word_1_434' title='bbox 2597 1545 2665 1598; x_wconf 92' lang='lat' dir='ltr'>ad</span> <span class='ocrx_word' id='word_1_435' title='bbox 2711 1543 3009 1598; x_wconf 85' lang='lat' dir='ltr'>Christum</span> <span class='ocrx_word' id='word_1_436' title='bbox 3061 1540 3438 1614; x_wconf 84' lang='lat' dir='ltr'>pertinentes,</span> <span class='ocrx_word' id='word_1_437' title='bbox 3470 1541 3527 1594; x_wconf 86' lang='lat' dir='ltr'>et</span> <span class='ocrx_word' id='word_1_438' title='bbox 3556 1554 3688 1610; x_wconf 89' lang='lat' dir='ltr'>ope-</span> 
     </span>
    </p>
   </div>
   <div class='ocr_carea' id='block_1_59' title="bbox 2040 1628 3687 1704">
    <p class='ocr_par' dir='ltr' id='par_1_59' title="bbox 2040 1628 3687 1704">
     <span class='ocr_line' id='line_1_60' title="bbox 2040 1628 3687 1704; baseline -0.004 -15"><span class='ocrx_word' id='word_1_439' title='bbox 2040 1635 2205 1690; x_wconf 87' lang='lat' dir='ltr'>ribus</span> <span class='ocrx_word' id='word_1_440' title='bbox 2277 1634 2450 1689; x_wconf 88' lang='lat' dir='ltr'>ﬁdem</span> <span class='ocrx_word' id='word_1_441' title='bbox 2518 1634 2771 1704; x_wconf 80' lang='lat' dir='ltr'>praebere</span> <span class='ocrx_word' id='word_1_442' title='bbox 2836 1632 3147 1701; x_wconf 83' lang='lat' dir='ltr'>discentes,</span> <span class='ocrx_word' id='word_1_443' title='bbox 3201 1628 3598 1699; x_wconf 87' lang='lat' dir='ltr'>studioseque,</span> <span class='ocrx_word' id='word_1_444' title='bbox 3652 1643 3687 1682; x_wconf 90' lang='lat' dir='ltr'>a</span> 
     </span>
    </p>
   </div>
   <div class='ocr_carea' id='block_1_60' title="bbox 2040 1716 3683 1795">
    <p class='ocr_par' dir='ltr' id='par_1_60' title="bbox 2040 1716 3683 1795">
     <span class='ocr_line' id='line_1_61' title="bbox 2040 1716 3683 1795; baseline -0.005 -17"><span class='ocrx_word' id='word_1_445' title='bbox 2040 1724 2197 1795; x_wconf 88' lang='lat' dir='ltr'>turpi</span> <span class='ocrx_word' id='word_1_446' title='bbox 2249 1721 2589 1794; x_wconf 88' lang='lat' dir='ltr'>duplicitate</span> <span class='ocrx_word' id='word_1_447' title='bbox 2637 1721 2949 1793; x_wconf 67' lang='lat' dir='ltr'>(praecipue</span> <span class='ocrx_word' id='word_1_448' title='bbox 2996 1737 3128 1775; x_wconf 87' lang='lat' dir='ltr'>vero</span> <span class='ocrx_word' id='word_1_449' title='bbox 3175 1719 3234 1773; x_wconf 90' lang='lat' dir='ltr'>in</span> <span class='ocrx_word' id='word_1_450' title='bbox 3292 1717 3384 1773; x_wconf 89' lang='lat' dir='ltr'>his</span> <span class='ocrx_word' id='word_1_451' title='bbox 3433 1733 3561 1789; x_wconf 75' lang='lat' dir='ltr'>qum</span> <span class='ocrx_word' id='word_1_452' title='bbox 3611 1716 3683 1770; x_wconf 90' lang='lat' dir='ltr'>ad</span> 
     </span>
    </p>
   </div>
   <div class='ocr_carea' id='block_1_61' title="bbox 2041 1803 3685 1883">
    <p class='ocr_par' dir='ltr' id='par_1_61' title="bbox 2041 1803 3685 1883">
     <span class='ocr_line' id='line_1_62' title="bbox 2041 1803 3685 1883; baseline -0.005 -15"><span class='ocrx_word' id='word_1_453' title='bbox 2041 1812 2224 1868; x_wconf 91' lang='lat' dir='ltr'>Deum</span> <span class='ocrx_word' id='word_1_454' title='bbox 2273 1813 2579 1883; x_wconf 84' lang='lat' dir='ltr'>spectant),</span> <span class='ocrx_word' id='word_1_455' title='bbox 2634 1813 2705 1866; x_wconf 92' lang='lat' dir='ltr'>ab</span> <span class='ocrx_word' id='word_1_456' title='bbox 2772 1810 3051 1881; x_wconf 89' lang='lat' dir='ltr'>omnique</span> <span class='ocrx_word' id='word_1_457' title='bbox 3115 1809 3375 1863; x_wconf 90' lang='lat' dir='ltr'>humano</span> <span class='ocrx_word' id='word_1_458' title='bbox 3441 1803 3685 1861; x_wconf 91' lang='lat' dir='ltr'>consilio</span> 
     </span>
    </p>
   </div>
   <div class='ocr_carea' id='block_1_62' title="bbox 1964 1894 3687 1990">
    <p class='ocr_par' dir='ltr' id='par_1_62' title="bbox 1964 1894 3687 1990">
     <span class='ocr_line' id='line_1_63' title="bbox 1964 1894 3687 1990; baseline -0.005 -33"><span class='ocrx_word' id='word_1_459' title='bbox 1964 1926 2013 1990; x_wconf 84' lang='lat' dir='ltr'><strong>B</strong></span> <span class='ocrx_word' id='word_1_460' title='bbox 2047 1901 2227 1972; x_wconf 82' lang='lat' dir='ltr'>exuti,</span> <span class='ocrx_word' id='word_1_461' title='bbox 2265 1905 2323 1956; x_wconf 93' lang='lat' dir='ltr'>et</span> <span class='ocrx_word' id='word_1_462' title='bbox 2368 1901 2504 1956; x_wconf 91' lang='lat' dir='ltr'>inde</span> <span class='ocrx_word' id='word_1_463' title='bbox 2534 1916 2717 1990; x_wconf 72' lang='lat' dir='ltr'>aequo</span> <span class='ocrx_word' id='word_1_464' title='bbox 2765 1903 3049 1971; x_wconf 82' lang='lat' dir='ltr'>gratoque</span> <span class='ocrx_word' id='word_1_465' title='bbox 3097 1901 3211 1952; x_wconf 92' lang='lat' dir='ltr'>Deo</span> <span class='ocrx_word' id='word_1_466' title='bbox 3260 1894 3456 1951; x_wconf 88' lang='lat' dir='ltr'>animo</span> <span class='ocrx_word' id='word_1_467' title='bbox 3488 1896 3687 1949; x_wconf 86' lang='lat' dir='ltr'>nostra</span> 
     </span>
    </p>
   </div>
   <div class='ocr_carea' id='block_1_63' title="bbox 2046 1987 3241 2062">
    <p class='ocr_par' dir='ltr' id='par_1_63' title="bbox 2046 1987 3241 2062">
     <span class='ocr_line' id='line_1_64' title="bbox 2046 1987 3241 2062; baseline -0.005 -16"><span class='ocrx_word' id='word_1_468' title='bbox 2046 1995 2103 2046; x_wconf 92' lang='lat' dir='ltr'>et</span> <span class='ocrx_word' id='word_1_469' title='bbox 2133 2006 2201 2046; x_wconf 91' lang='lat' dir='ltr'>ea</span> <span class='ocrx_word' id='word_1_470' title='bbox 2229 2007 2355 2062; x_wconf 62' lang='lat' dir='ltr'>quae</span> <span class='ocrx_word' id='word_1_471' title='bbox 2384 1989 2630 2062; x_wconf 85' lang='lat' dir='ltr'>proximi</span> <span class='ocrx_word' id='word_1_472' title='bbox 2663 1992 2804 2045; x_wconf 88' lang='lat' dir='ltr'>sunt</span> <span class='ocrx_word' id='word_1_473' title='bbox 2830 1987 3241 2060; x_wconf 88' lang='lat' dir='ltr'>dijudicantes.</span> 
     </span>
    </p>
   </div>
   <div class='ocr_carea' id='block_1_64' title="bbox 2044 2144 3693 2221">
    <p class='ocr_par' dir='ltr' id='par_1_64' title="bbox 2044 2144 3693 2221">
     <span class='ocr_line' id='line_1_65' title="bbox 2044 2144 3693 2221; baseline -0.004 -17"><span class='ocrx_word' id='word_1_474' title='bbox 2044 2151 2286 2218; x_wconf 78' lang='lat' dir='ltr'>Epistola</span> <span class='ocrx_word' id='word_1_475' title='bbox 2316 2150 2387 2205; x_wconf 87' lang='lat' dir='ltr'>ad</span> <span class='ocrx_word' id='word_1_476' title='bbox 2433 2151 2824 2221; x_wconf 69' lang='lat' dir='ltr'>imperatorem</span> <span class='ocrx_word' id='word_1_477' title='bbox 2867 2148 2931 2203; x_wconf 79' lang='lat' dir='ltr'>de</span> <span class='ocrx_word' id='word_1_478' title='bbox 2958 2146 3208 2221; x_wconf 79' lang='lat' dir='ltr'>_deicidis</span> <span class='ocrx_word' id='word_1_479' title='bbox 3234 2144 3470 2210; x_wconf 74' lang='lat' dir='ltr'>Judazz‘s,</span> <span class='ocrx_word' id='word_1_480' title='bbox 3512 2147 3575 2199; x_wconf 84' lang='lat' dir='ltr'>ut</span> <span class='ocrx_word' id='word_1_481' title='bbox 3622 2159 3693 2199; x_wconf 67' lang='lat' dir='ltr'>ea:</span> 
     </span>
    </p>
   </div>
   <div class='ocr_carea' id='block_1_65' title="bbox 2629 2218 3091 2276">
    <p class='ocr_par' dir='ltr' id='par_1_65' title="bbox 2629 2218 3091 2276">
     <span class='ocr_line' id='line_1_66' title="bbox 2629 2218 3091 2276; baseline -0.002 -1"><span class='ocrx_word' id='word_1_482' title='bbox 2629 2222 2764 2276; x_wconf 75' lang='lat' dir='ltr'>urbe</span> <span class='ocrx_word' id='word_1_483' title='bbox 2791 2218 3091 2275; x_wconf 67' lang='lat' dir='ltr'>discedant.</span> 
     </span>
    </p>
   </div>
   <div class='ocr_carea' id='block_1_66' title="bbox 2117 2340 3688 2416">
    <p class='ocr_par' dir='ltr' id='par_1_66' title="bbox 2117 2340 3688 2416">
     <span class='ocr_line' id='line_1_67' title="bbox 2117 2340 3688 2416; baseline -0.004 -15"><span class='ocrx_word' id='word_1_484' title='bbox 2117 2345 2407 2401; x_wconf 87' lang='lat' dir='ltr'>Rabsaces</span> <span class='ocrx_word' id='word_1_485' title='bbox 2439 2345 2811 2414; x_wconf 85' lang='lat' dir='ltr'>Assyriorum</span> <span class='ocrx_word' id='word_1_486' title='bbox 2843 2343 2996 2416; x_wconf 89' lang='lat' dir='ltr'>regis</span> <span class='ocrx_word' id='word_1_487' title='bbox 3017 2340 3410 2399; x_wconf 87' lang='lat' dir='ltr'>Sennacherib</span> <span class='ocrx_word' id='word_1_488' title='bbox 3432 2343 3688 2412; x_wconf 84' lang='lat' dir='ltr'>satrapa,</span> 
     </span>
    </p>
   </div>
   <div class='ocr_carea' id='block_1_67' title="bbox 2045 2431 3690 2505">
    <p class='ocr_par' dir='ltr' id='par_1_67' title="bbox 2045 2431 3690 2505">
     <span class='ocr_line' id='line_1_68' title="bbox 2045 2431 3690 2505; baseline -0.003 -15"><span class='ocrx_word' id='word_1_489' title='bbox 2045 2451 2178 2490; x_wconf 92' lang='lat' dir='ltr'>cum</span> <span class='ocrx_word' id='word_1_490' title='bbox 2209 2434 2395 2489; x_wconf 89' lang='lat' dir='ltr'>multa</span> <span class='ocrx_word' id='word_1_491' title='bbox 2425 2435 2635 2505; x_wconf 87' lang='lat' dir='ltr'>probra</span> <span class='ocrx_word' id='word_1_492' title='bbox 2663 2433 2722 2487; x_wconf 91' lang='lat' dir='ltr'>in</span> <span class='ocrx_word' id='word_1_493' title='bbox 2752 2432 3014 2488; x_wconf 91' lang='lat' dir='ltr'>omnium</span> <span class='ocrx_word' id='word_1_494' title='bbox 3049 2432 3230 2487; x_wconf 89' lang='lat' dir='ltr'>Deum</span> <span class='ocrx_word' id='word_1_495' title='bbox 3253 2431 3478 2501; x_wconf 88' lang='lat' dir='ltr'>jactare</span> <span class='ocrx_word' id='word_1_496' title='bbox 3508 2446 3690 2486; x_wconf 87' lang='lat' dir='ltr'>ausus</span> 
     </span>
    </p>
   </div>
   <div class='ocr_carea' id='block_1_68' title="bbox 2046 2518 3686 2593">
    <p class='ocr_par' dir='ltr' id='par_1_68' title="bbox 2046 2518 3686 2593">
     <span class='ocr_line' id='line_1_69' title="bbox 2046 2518 3686 2593; baseline -0.002 -15"><span class='ocrx_word' id='word_1_497' title='bbox 2046 2523 2274 2588; x_wconf 83' lang='lat' dir='ltr'>fuisset,</span> <span class='ocrx_word' id='word_1_498' title='bbox 2305 2522 2608 2593; x_wconf 90' lang='lat' dir='ltr'>piissimus</span> <span class='ocrx_word' id='word_1_499' title='bbox 2642 2538 2740 2577; x_wconf 86' lang='lat' dir='ltr'>rex</span> <span class='ocrx_word' id='word_1_500' title='bbox 2785 2520 3060 2576; x_wconf 89' lang='lat' dir='ltr'>Ezechias</span> <span class='ocrx_word' id='word_1_501' title='bbox 3089 2537 3204 2575; x_wconf 91' lang='lat' dir='ltr'>non</span> <span class='ocrx_word' id='word_1_502' title='bbox 3255 2518 3427 2575; x_wconf 89' lang='lat' dir='ltr'>scidit</span> <span class='ocrx_word' id='word_1_503' title='bbox 3454 2522 3686 2574; x_wconf 89' lang='lat' dir='ltr'>tantum</span> 
     </span>
    </p>
   </div>
   <div class='ocr_carea' id='block_1_69' title="bbox 2044 2607 3690 2682">
    <p class='ocr_par' dir='ltr' id='par_1_69' title="bbox 2044 2607 3690 2682">
     <span class='ocr_line' id='line_1_70' title="bbox 2044 2607 3690 2682; baseline -0.004 -14"><span class='ocrx_word' id='word_1_504' title='bbox 2044 2613 2394 2668; x_wconf 87' lang='lat' dir='ltr'>vestimenta</span> <span class='ocrx_word' id='word_1_505' title='bbox 2443 2628 2550 2666; x_wconf 89' lang='lat' dir='ltr'>sua</span> <span class='ocrx_word' id='word_1_506' title='bbox 2597 2626 2664 2665; x_wconf 87' lang='lat' dir='ltr'>ex</span> <span class='ocrx_word' id='word_1_507' title='bbox 2715 2609 2834 2665; x_wconf 87' lang='lat' dir='ltr'>zelo</span> <span class='ocrx_word' id='word_1_508' title='bbox 2894 2610 3092 2682; x_wconf 88' lang='lat' dir='ltr'>magni</span> <span class='ocrx_word' id='word_1_509' title='bbox 3123 2609 3244 2675; x_wconf 91' lang='lat' dir='ltr'>Dei,</span> <span class='ocrx_word' id='word_1_510' title='bbox 3280 2609 3377 2664; x_wconf 87' lang='lat' dir='ltr'>sed</span> <span class='ocrx_word' id='word_1_511' title='bbox 3433 2611 3490 2663; x_wconf 90' lang='lat' dir='ltr'>et</span> <span class='ocrx_word' id='word_1_512' title='bbox 3519 2607 3690 2679; x_wconf 69' lang='lat' dir='ltr'>regias</span> 
     </span>
    </p>
   </div>
   <div class='ocr_carea' id='block_1_70' title="bbox 2047 2699 3686 2773">
    <p class='ocr_par' dir='ltr' id='par_1_70' title="bbox 2047 2699 3686 2773">
     <span class='ocr_line' id='line_1_71' title="bbox 2047 2699 3686 2773; baseline -0.004 -16"><span class='ocrx_word' id='word_1_513' title='bbox 2047 2700 2354 2773; x_wconf 87' lang='lat' dir='ltr'>potestatis</span> <span class='ocrx_word' id='word_1_514' title='bbox 2374 2706 2719 2755; x_wconf 89' lang='lat' dir='ltr'>ornamenta</span> <span class='ocrx_word' id='word_1_515' title='bbox 2749 2699 3070 2770; x_wconf 90' lang='lat' dir='ltr'>deponens,</span> <span class='ocrx_word' id='word_1_516' title='bbox 3095 2701 3332 2768; x_wconf 89' lang='lat' dir='ltr'>opertus</span> <span class='ocrx_word' id='word_1_517' title='bbox 3361 2701 3448 2752; x_wconf 90' lang='lat' dir='ltr'>est</span> <span class='ocrx_word' id='word_1_518' title='bbox 3470 2711 3639 2751; x_wconf 88' lang='lat' dir='ltr'>sacco</span> <span class='ocrx_word' id='word_1_519' title='bbox 3671 2712 3686 2750; x_wconf 91' lang='lat'><strong>:</strong></span> 
     </span>
    </p>
   </div>
   <div class='ocr_carea' id='block_1_71' title="bbox 2047 2784 3686 2862">
    <p class='ocr_par' dir='ltr' id='par_1_71' title="bbox 2047 2784 3686 2862">
     <span class='ocr_line' id='line_1_72' title="bbox 2047 2784 3686 2862; baseline -0.003 -17"><span class='ocrx_word' id='word_1_520' title='bbox 2047 2793 2405 2862; x_wconf 90' lang='lat' dir='ltr'>quapropter</span> <span class='ocrx_word' id='word_1_521' title='bbox 2417 2788 2791 2843; x_wconf 89' lang='lat' dir='ltr'>miseratione</span> <span class='ocrx_word' id='word_1_522' title='bbox 2805 2786 3293 2842; x_wconf 88' lang='lat' dir='ltr'>commotusDeus</span> <span class='ocrx_word' id='word_1_523' title='bbox 3306 2784 3686 2855; x_wconf 85' lang='lat' dir='ltr'>exercituum,</span> 
     </span>
    </p>
   </div>
   <div class='ocr_carea' id='block_1_72' title="bbox 2047 2873 3689 2948">
    <p class='ocr_par' dir='ltr' id='par_1_72' title="bbox 2047 2873 3689 2948">
     <span class='ocr_line' id='line_1_73' title="bbox 2047 2873 3689 2948; baseline -0.002 -15"><span class='ocrx_word' id='word_1_524' title='bbox 2047 2883 2282 2934; x_wconf 89' lang='lat' dir='ltr'>centum</span> <span class='ocrx_word' id='word_1_525' title='bbox 2325 2877 2618 2948; x_wconf 87' lang='lat' dir='ltr'>octoginta</span> <span class='ocrx_word' id='word_1_526' title='bbox 2666 2875 2926 2948; x_wconf 91' lang='lat' dir='ltr'>quinque</span> <span class='ocrx_word' id='word_1_527' title='bbox 2955 2874 3140 2929; x_wconf 89' lang='lat' dir='ltr'>millia</span> <span class='ocrx_word' id='word_1_528' title='bbox 3172 2873 3460 2945; x_wconf 88' lang='lat' dir='ltr'>percussit</span> <span class='ocrx_word' id='word_1_529' title='bbox 3511 2878 3689 2946; x_wconf 84' lang='lat' dir='ltr'>Assy-</span> 
     </span>
    </p>
   </div>
   <div class='ocr_carea' id='block_1_73' title="bbox 2047 2961 3690 3036">
    <p class='ocr_par' dir='ltr' id='par_1_73' title="bbox 2047 2961 3690 3036">
     <span class='ocr_line' id='line_1_74' title="bbox 2047 2961 3690 3036; baseline -0.004 -13"><span class='ocrx_word' id='word_1_530' title='bbox 2047 2968 2266 3023; x_wconf 91' lang='lat' dir='ltr'>riorum</span> <span class='ocrx_word' id='word_1_531' title='bbox 2302 2983 2314 3021; x_wconf 89' lang='lat'>:</span> <span class='ocrx_word' id='word_1_532' title='bbox 2349 2984 2454 3022; x_wconf 91' lang='lat' dir='ltr'>nos</span> <span class='ocrx_word' id='word_1_533' title='bbox 2485 2982 2638 3030; x_wconf 78' lang='lat' dir='ltr'>vero,</span> <span class='ocrx_word' id='word_1_534' title='bbox 2671 2965 2764 3036; x_wconf 88' lang='lat' dir='ltr'>pie</span> <span class='ocrx_word' id='word_1_535' title='bbox 2795 2981 2913 3034; x_wconf 87' lang='lat' dir='ltr'>rex,</span> <span class='ocrx_word' id='word_1_536' title='bbox 2949 2979 3204 3036; x_wconf 89' lang='lat' dir='ltr'>quonam</span> <span class='ocrx_word' id='word_1_537' title='bbox 3233 2963 3402 3017; x_wconf 91' lang='lat' dir='ltr'>modo</span> <span class='ocrx_word' id='word_1_538' title='bbox 3438 2961 3690 3033; x_wconf 88' lang='lat' dir='ltr'>patietur</span> 
     </span>
    </p>
   </div>
   <div class='ocr_carea' id='block_1_74' title="bbox 2048 3053 3692 3124">
    <p class='ocr_par' dir='ltr' id='par_1_74' title="bbox 2048 3053 3692 3124">
     <span class='ocr_line' id='line_1_75' title="bbox 2048 3053 3692 3124; baseline -0.004 -13"><span class='ocrx_word' id='word_1_539' title='bbox 2048 3062 2198 3113; x_wconf 86' lang='lat' dir='ltr'>Deus</span> <span class='ocrx_word' id='word_1_540' title='bbox 2224 3055 2500 3124; x_wconf 90' lang='lat' dir='ltr'>Sabaoth,</span> <span class='ocrx_word' id='word_1_541' title='bbox 2534 3071 2664 3109; x_wconf 90' lang='lat' dir='ltr'>cum</span> <span class='ocrx_word' id='word_1_542' title='bbox 2717 3053 3002 3108; x_wconf 88' lang='lat' dir='ltr'>deicidam</span> <span class='ocrx_word' id='word_1_543' title='bbox 3046 3067 3426 3124; x_wconf 80' lang='lat' dir='ltr'>synagogam,</span> <span class='ocrx_word' id='word_1_544' title='bbox 3453 3067 3568 3105; x_wconf 89' lang='lat' dir='ltr'>non</span> <span class='ocrx_word' id='word_1_545' title='bbox 3604 3067 3692 3105; x_wconf 84' lang='lat' dir='ltr'>so-</span> 
     </span>
    </p>
   </div>
   <div class='ocr_carea' id='block_1_75' title="bbox 2041 3140 3687 3205">
    <p class='ocr_par' dir='ltr' id='par_1_75' title="bbox 2041 3140 3687 3205">
     <span class='ocr_line' id='line_1_76' title="bbox 2041 3140 3687 3205; baseline -0.004 -5"><span class='ocrx_word' id='word_1_546' title='bbox 2041 3143 2162 3200; x_wconf 92' lang='lat' dir='ltr'>lum</span> <span class='ocrx_word' id='word_1_547' title='bbox 2197 3145 2256 3199; x_wconf 92' lang='lat' dir='ltr'>in</span> <span class='ocrx_word' id='word_1_548' title='bbox 2289 3144 2481 3199; x_wconf 90' lang='lat' dir='ltr'>medio</span> <span class='ocrx_word' id='word_1_549' title='bbox 2511 3143 2710 3198; x_wconf 90' lang='lat' dir='ltr'>sedere</span> <span class='ocrx_word' id='word_1_550' title='bbox 2739 3142 3047 3197; x_wconf 88' lang='lat' dir='ltr'>fecerimus</span> <span class='ocrx_word' id='word_1_551' title='bbox 3076 3140 3554 3205; x_wconf 86' lang='lat' dir='ltr'>orthodoxorum,</span> <span class='ocrx_word' id='word_1_552' title='bbox 3588 3155 3687 3194; x_wconf 93' lang='lat' dir='ltr'>no-</span> 
     </span>
    </p>
   </div>
   <div class='ocr_carea' id='block_1_76' title="bbox 2045 3225 3684 3298">
    <p class='ocr_par' dir='ltr' id='par_1_76' title="bbox 2045 3225 3684 3298">
     <span class='ocr_line' id='line_1_77' title="bbox 2045 3225 3684 3298; baseline -0.005 -8"><span class='ocrx_word' id='word_1_553' title='bbox 2045 3240 2167 3290; x_wconf 85' lang='lat' dir='ltr'>stra</span> <span class='ocrx_word' id='word_1_554' title='bbox 2196 3233 2562 3298; x_wconf 89' lang='lat' dir='ltr'>illudentem,</span> <span class='ocrx_word' id='word_1_555' title='bbox 2595 3235 2652 3286; x_wconf 92' lang='lat' dir='ltr'>et</span> <span class='ocrx_word' id='word_1_556' title='bbox 2698 3231 3094 3286; x_wconf 88' lang='lat' dir='ltr'>adorationem</span> <span class='ocrx_word' id='word_1_557' title='bbox 3142 3229 3294 3297; x_wconf 89' lang='lat' dir='ltr'>dico,</span> <span class='ocrx_word' id='word_1_558' title='bbox 3324 3233 3383 3284; x_wconf 88' lang='lat' dir='ltr'>et</span> <span class='ocrx_word' id='word_1_559' title='bbox 3429 3225 3684 3292; x_wconf 88' lang='lat' dir='ltr'>latriam,</span> 
     </span>
    </p>
   </div>
   <div class='ocr_carea' id='block_1_77' title="bbox 2046 3316 3687 3379">
    <p class='ocr_par' dir='ltr' id='par_1_77' title="bbox 2046 3316 3687 3379">
     <span class='ocr_line' id='line_1_78' title="bbox 2046 3316 3687 3379; baseline -0.005 0"><span class='ocrx_word' id='word_1_560' title='bbox 2046 3328 2104 3379; x_wconf 91' lang='lat' dir='ltr'>et</span> <span class='ocrx_word' id='word_1_561' title='bbox 2132 3323 2305 3377; x_wconf 84' lang='lat' dir='ltr'>ﬁdem</span> <span class='ocrx_word' id='word_1_562' title='bbox 2356 3322 2412 3375; x_wconf 94' lang='lat' dir='ltr'>in</span> <span class='ocrx_word' id='word_1_563' title='bbox 2464 3321 2775 3376; x_wconf 90' lang='lat' dir='ltr'>Dominum</span> <span class='ocrx_word' id='word_1_564' title='bbox 2825 3324 2883 3375; x_wconf 89' lang='lat' dir='ltr'>et</span> <span class='ocrx_word' id='word_1_565' title='bbox 2933 3319 3115 3374; x_wconf 88' lang='lat' dir='ltr'>Deum</span> <span class='ocrx_word' id='word_1_566' title='bbox 3166 3322 3435 3373; x_wconf 90' lang='lat' dir='ltr'>nostrum</span> <span class='ocrx_word' id='word_1_567' title='bbox 3482 3316 3687 3372; x_wconf 84' lang='lat' dir='ltr'>Jesum</span> 
     </span>
    </p>
   </div>
   <div class='ocr_carea' id='block_1_78' title="bbox 2038 3405 3682 3479">
    <p class='ocr_par' dir='ltr' id='par_1_78' title="bbox 2038 3405 3682 3479">
     <span class='ocr_line' id='line_1_79' title="bbox 2038 3405 3682 3479; baseline -0.003 -12"><span class='ocrx_word' id='word_1_568' title='bbox 2038 3411 2356 3475; x_wconf 89' lang='lat' dir='ltr'>Christum,</span> <span class='ocrx_word' id='word_1_569' title='bbox 2389 3415 2447 3466; x_wconf 86' lang='lat' dir='ltr'>et</span> <span class='ocrx_word' id='word_1_570' title='bbox 2474 3425 2816 3465; x_wconf 89' lang='lat' dir='ltr'>communes</span> <span class='ocrx_word' id='word_1_571' title='bbox 2854 3415 3084 3464; x_wconf 85' lang='lat' dir='ltr'>nostras</span> <span class='ocrx_word' id='word_1_572' title='bbox 3117 3407 3244 3479; x_wconf 89' lang='lat' dir='ltr'>pias</span> <span class='ocrx_word' id='word_1_573' title='bbox 3291 3405 3682 3475; x_wconf 77' lang='lat' dir='ltr'>adorationes,</span> 
     </span>
    </p>
   </div>
   <div class='ocr_carea' id='block_1_79' title="bbox 2037 3493 3686 3570">
    <p class='ocr_par' dir='ltr' id='par_1_79' title="bbox 2037 3493 3686 3570">
     <span class='ocr_line' id='line_1_80' title="bbox 2037 3493 3686 3570; baseline -0.002 -16"><span class='ocrx_word' id='word_1_574' title='bbox 2037 3504 2095 3555; x_wconf 91' lang='lat' dir='ltr'>et</span> <span class='ocrx_word' id='word_1_575' title='bbox 2123 3499 2224 3555; x_wconf 88' lang='lat' dir='ltr'>illa</span> <span class='ocrx_word' id='word_1_576' title='bbox 2271 3499 2490 3569; x_wconf 88' lang='lat' dir='ltr'>omnia,</span> <span class='ocrx_word' id='word_1_577' title='bbox 2535 3498 2748 3570; x_wconf 91' lang='lat' dir='ltr'>quibus</span> <span class='ocrx_word' id='word_1_578' title='bbox 2794 3503 2998 3553; x_wconf 89' lang='lat' dir='ltr'>sancta</span> <span class='ocrx_word' id='word_1_579' title='bbox 3045 3512 3112 3551; x_wconf 90' lang='lat' dir='ltr'>ac</span> <span class='ocrx_word' id='word_1_580' title='bbox 3156 3493 3686 3567; x_wconf 88' lang='lat' dir='ltr'>irreprehensibilis</span> 
     </span>
    </p>
   </div>
   <div class='ocr_carea' id='block_1_80' title="bbox 2035 3583 3680 3657">
    <p class='ocr_par' dir='ltr' id='par_1_80' title="bbox 2035 3583 3680 3657">
     <span class='ocr_line' id='line_1_81' title="bbox 2035 3583 3680 3657; baseline -0.004 -13"><span class='ocrx_word' id='word_1_581' title='bbox 2035 3588 2496 3644; x_wconf 87' lang='lat' dir='ltr'>Christianorum</span> <span class='ocrx_word' id='word_1_582' title='bbox 2556 3587 2700 3641; x_wconf 90' lang='lat' dir='ltr'>ﬁdes</span> <span class='ocrx_word' id='word_1_583' title='bbox 2743 3584 3148 3657; x_wconf 89' lang='lat' dir='ltr'>locupletatur,</span> <span class='ocrx_word' id='word_1_584' title='bbox 3198 3585 3519 3657; x_wconf 86' lang='lat' dir='ltr'>mysteria;</span> <span class='ocrx_word' id='word_1_585' title='bbox 3580 3583 3680 3638; x_wconf 91' lang='lat' dir='ltr'>sed</span> 
     </span>
    </p>
   </div>
   <div class='ocr_carea' id='block_1_81' title="bbox 2036 3671 3682 3747">
    <p class='ocr_par' dir='ltr' id='par_1_81' title="bbox 2036 3671 3682 3747">
     <span class='ocr_line' id='line_1_82' title="bbox 2036 3671 3682 3747; baseline -0.005 -13"><span class='ocrx_word' id='word_1_586' title='bbox 2036 3677 2209 3734; x_wconf 88' lang='lat' dir='ltr'>etiam</span> <span class='ocrx_word' id='word_1_587' title='bbox 2261 3678 2333 3732; x_wconf 93' lang='lat' dir='ltr'>ob</span> <span class='ocrx_word' id='word_1_588' title='bbox 2364 3680 2450 3732; x_wconf 87' lang='lat' dir='ltr'>tot</span> <span class='ocrx_word' id='word_1_589' title='bbox 2497 3674 2770 3747; x_wconf 70' lang='lat' dir='ltr'>praeclara</span> <span class='ocrx_word' id='word_1_590' title='bbox 2812 3675 2964 3730; x_wconf 90' lang='lat' dir='ltr'>dona</span> <span class='ocrx_word' id='word_1_591' title='bbox 3016 3677 3360 3744; x_wconf 87' lang='lat' dir='ltr'>tantamque</span> <span class='ocrx_word' id='word_1_592' title='bbox 3409 3671 3682 3727; x_wconf 88' lang='lat' dir='ltr'>virtutem</span> 
     </span>
    </p>
   </div>
   <div class='ocr_carea' id='block_1_82' title="bbox 2037 3759 3680 3839">
    <p class='ocr_par' dir='ltr' id='par_1_82' title="bbox 2037 3759 3680 3839">
     <span class='ocr_line' id='line_1_83' title="bbox 2037 3759 3680 3839; baseline -0.005 -17"><span class='ocrx_word' id='word_1_593' title='bbox 2037 3783 2280 3839; x_wconf 68' lang='lat' dir='ltr'>quasque</span> <span class='ocrx_word' id='word_1_594' title='bbox 2309 3765 2392 3822; x_wconf 90' lang='lat' dir='ltr'>eis</span> <span class='ocrx_word' id='word_1_595' title='bbox 2425 3763 2715 3820; x_wconf 84' lang='lat' dir='ltr'>concessit</span> <span class='ocrx_word' id='word_1_596' title='bbox 2745 3762 3005 3830; x_wconf 81' lang='lat' dir='ltr'>Bocalas,</span> <span class='ocrx_word' id='word_1_597' title='bbox 3038 3764 3190 3835; x_wconf 91' lang='lat' dir='ltr'>quod</span> <span class='ocrx_word' id='word_1_598' title='bbox 3225 3762 3272 3817; x_wconf 92' lang='lat' dir='ltr'>si</span> <span class='ocrx_word' id='word_1_599' title='bbox 3305 3761 3545 3817; x_wconf 90' lang='lat' dir='ltr'>auderet</span> <span class='ocrx_word' id='word_1_600' title='bbox 3575 3759 3680 3815; x_wconf 87' lang='lat' dir='ltr'>ali-</span> 
     </span>
    </p>
   </div>
   <div class='ocr_carea' id='block_1_83' title="bbox 2036 3848 3679 3927">
    <p class='ocr_par' dir='ltr' id='par_1_83' title="bbox 2036 3848 3679 3927">
     <span class='ocr_line' id='line_1_84' title="bbox 2036 3848 3679 3927; baseline -0.004 -17"><span class='ocrx_word' id='word_1_601' title='bbox 2036 3855 2169 3927; x_wconf 89' lang='lat' dir='ltr'>quis</span> <span class='ocrx_word' id='word_1_602' title='bbox 2209 3854 2670 3910; x_wconf 89' lang='lat' dir='ltr'>Christianorum</span> <span class='ocrx_word' id='word_1_603' title='bbox 2719 3869 2788 3908; x_wconf 84' lang='lat' dir='ltr'>ex</span> <span class='ocrx_word' id='word_1_604' title='bbox 2814 3850 2932 3906; x_wconf 91' lang='lat' dir='ltr'>zelo</span> <span class='ocrx_word' id='word_1_605' title='bbox 2979 3867 3178 3907; x_wconf 90' lang='lat' dir='ltr'>vocem</span> <span class='ocrx_word' id='word_1_606' title='bbox 3229 3850 3513 3914; x_wconf 88' lang='lat' dir='ltr'>attollere,</span> <span class='ocrx_word' id='word_1_607' title='bbox 3545 3848 3679 3921; x_wconf 89' lang='lat' dir='ltr'>quis</span> 
     </span>
    </p>
   </div>
   <div class='ocr_carea' id='block_1_84' title="bbox 2034 3939 3678 4006">
    <p class='ocr_par' dir='ltr' id='par_1_84' title="bbox 2034 3939 3678 4006">
     <span class='ocr_line' id='line_1_85' title="bbox 2034 3939 3678 4006; baseline -0.003 -7"><span class='ocrx_word' id='word_1_608' title='bbox 2034 3945 2144 3999; x_wconf 89' lang='lat' dir='ltr'>erit</span> <span class='ocrx_word' id='word_1_609' title='bbox 2171 3943 2337 3998; x_wconf 90' lang='lat' dir='ltr'>illum</span> <span class='ocrx_word' id='word_1_610' title='bbox 2387 3960 2420 3998; x_wconf 90' lang='lat' dir='ltr'>a</span> <span class='ocrx_word' id='word_1_611' title='bbox 2466 3957 2694 3997; x_wconf 76' lang='lat' dir='ltr'>carcere</span> <span class='ocrx_word' id='word_1_612' title='bbox 2742 3941 3088 3996; x_wconf 86' lang='lat' dir='ltr'>redimens?</span> <span class='ocrx_word' id='word_1_613' title='bbox 3137 3940 3333 4006; x_wconf 88' lang='lat' dir='ltr'>Quoad</span> <span class='ocrx_word' id='word_1_614' title='bbox 3372 3939 3678 3995; x_wconf 84' lang='lat' dir='ltr'>Armenios</span> 
     </span>
    </p>
   </div>
   <div class='ocr_carea' id='block_1_85' title="bbox 2035 4028 3678 4103">
    <p class='ocr_par' dir='ltr' id='par_1_85' title="bbox 2035 4028 3678 4103">
     <span class='ocr_line' id='line_1_86' title="bbox 2035 4028 3678 4103; baseline -0.003 -16"><span class='ocrx_word' id='word_1_615' title='bbox 2035 4032 2269 4103; x_wconf 82' lang='lat' dir='ltr'>quantis</span> <span class='ocrx_word' id='word_1_616' title='bbox 2334 4030 2735 4087; x_wconf 86' lang='lat' dir='ltr'>vexationibus</span> <span class='ocrx_word' id='word_1_617' title='bbox 2801 4029 3061 4086; x_wconf 89' lang='lat' dir='ltr'>crucient</span> <span class='ocrx_word' id='word_1_618' title='bbox 3127 4028 3530 4085; x_wconf 88' lang='lat' dir='ltr'>cohabitantes</span> <span class='ocrx_word' id='word_1_619' title='bbox 3588 4045 3678 4083; x_wconf 90' lang='lat' dir='ltr'>or-</span> 
     </span>
    </p>
   </div>
   <div class='ocr_carea' id='block_1_86' title="bbox 2033 4117 3678 4191">
    <p class='ocr_par' dir='ltr' id='par_1_86' title="bbox 2033 4117 3678 4191">
     <span class='ocr_line' id='line_1_87' title="bbox 2033 4117 3678 4191; baseline -0.004 -15"><span class='ocrx_word' id='word_1_620' title='bbox 2033 4121 2338 4191; x_wconf 82' lang='lat' dir='ltr'>thodoxos,</span> <span class='ocrx_word' id='word_1_621' title='bbox 2382 4120 2656 4176; x_wconf 88' lang='lat' dir='ltr'>horresco</span> <span class='ocrx_word' id='word_1_622' title='bbox 2706 4119 2939 4187; x_wconf 79' lang='lat' dir='ltr'>referre,</span> <span class='ocrx_word' id='word_1_623' title='bbox 2993 4117 3105 4174; x_wconf 89' lang='lat' dir='ltr'>scit</span> <span class='ocrx_word' id='word_1_624' title='bbox 3150 4118 3354 4186; x_wconf 87' lang='lat' dir='ltr'>Deus;</span> <span class='ocrx_word' id='word_1_625' title='bbox 3406 4117 3678 4188; x_wconf 90' lang='lat' dir='ltr'>equidem</span> 
     </span>
    </p>
   </div>
   <div class='ocr_carea' id='block_1_87' title="bbox 2035 4205 3676 4282">
    <p class='ocr_par' dir='ltr' id='par_1_87' title="bbox 2035 4205 3676 4282">
     <span class='ocr_line' id='line_1_88' title="bbox 2035 4205 3676 4282; baseline -0.004 -17"><span class='ocrx_word' id='word_1_626' title='bbox 2035 4226 2392 4282; x_wconf 78' lang='lat' dir='ltr'>synagogam</span> <span class='ocrx_word' id='word_1_627' title='bbox 2424 4225 2595 4280; x_wconf 81' lang='lat' dir='ltr'>agere</span> <span class='ocrx_word' id='word_1_628' title='bbox 2626 4223 2860 4279; x_wconf 88' lang='lat' dir='ltr'>precum</span> <span class='ocrx_word' id='word_1_629' title='bbox 2891 4224 3005 4263; x_wconf 91' lang='lat' dir='ltr'>non</span> <span class='ocrx_word' id='word_1_630' title='bbox 3055 4210 3276 4274; x_wconf 89' lang='lat' dir='ltr'>vetant,</span> <span class='ocrx_word' id='word_1_631' title='bbox 3309 4206 3409 4261; x_wconf 82' lang='lat' dir='ltr'>sed</span> <span class='ocrx_word' id='word_1_632' title='bbox 3442 4205 3492 4260; x_wconf 89' lang='lat' dir='ltr'>si</span> <span class='ocrx_word' id='word_1_633' title='bbox 3523 4205 3676 4277; x_wconf 90' lang='lat' dir='ltr'>quis,</span> 
     </span>
    </p>
   </div>
   <div class='ocr_carea' id='block_1_88' title="bbox 2032 4293 3680 4363">
    <p class='ocr_par' dir='ltr' id='par_1_88' title="bbox 2032 4293 3680 4363">
     <span class='ocr_line' id='line_1_89' title="bbox 2032 4293 3680 4363; baseline -0.004 -9"><span class='ocrx_word' id='word_1_634' title='bbox 2032 4298 2366 4354; x_wconf 86' lang='lat' dir='ltr'>vetantibus</span> <span class='ocrx_word' id='word_1_635' title='bbox 2419 4297 2777 4363; x_wconf 67' lang='lat' dir='ltr'>orthodoxis,</span> <span class='ocrx_word' id='word_1_636' title='bbox 2806 4295 2888 4351; x_wconf 92' lang='lat' dir='ltr'>ibi</span> <span class='ocrx_word' id='word_1_637' title='bbox 2939 4296 3150 4350; x_wconf 91' lang='lat' dir='ltr'>audeat</span> <span class='ocrx_word' id='word_1_638' title='bbox 3179 4293 3578 4360; x_wconf 88' lang='lat' dir='ltr'>sermocinari,</span> <span class='ocrx_word' id='word_1_639' title='bbox 3611 4310 3680 4348; x_wconf 86' lang='lat' dir='ltr'>ex</span> 
     </span>
    </p>
   </div>
   <div class='ocr_carea' id='block_1_89' title="bbox 2033 4382 3679 4460">
    <p class='ocr_par' dir='ltr' id='par_1_89' title="bbox 2033 4382 3679 4460">
     <span class='ocr_line' id='line_1_90' title="bbox 2033 4382 3679 4460; baseline -0.004 -17"><span class='ocrx_word' id='word_1_640' title='bbox 2033 4388 2389 4460; x_wconf 88' lang='lat' dir='ltr'>quibusdam</span> <span class='ocrx_word' id='word_1_641' title='bbox 2442 4386 2636 4458; x_wconf 86' lang='lat' dir='ltr'>regiis,</span> <span class='ocrx_word' id='word_1_642' title='bbox 2690 4384 2874 4440; x_wconf 91' lang='lat' dir='ltr'>multa</span> <span class='ocrx_word' id='word_1_643' title='bbox 2921 4388 3161 4457; x_wconf 88' lang='lat' dir='ltr'>possent</span> <span class='ocrx_word' id='word_1_644' title='bbox 3202 4382 3480 4438; x_wconf 86' lang='lat' dir='ltr'>Armenii.</span> <span class='ocrx_word' id='word_1_645' title='bbox 3514 4382 3679 4445; x_wconf 86' lang='lat' dir='ltr'>Quod</span> 
     </span>
    </p>
   </div>
   <div class='ocr_carea' id='block_1_90' title="bbox 2033 4471 3679 4549">
    <p class='ocr_par' dir='ltr' id='par_1_90' title="bbox 2033 4471 3679 4549">
     <span class='ocr_line' id='line_1_91' title="bbox 2033 4471 3679 4549; baseline -0.006 -16"><span class='ocrx_word' id='word_1_646' title='bbox 2033 4482 2092 4533; x_wconf 88' lang='lat' dir='ltr'>et</span> <span class='ocrx_word' id='word_1_647' title='bbox 2117 4493 2221 4549; x_wconf 91' lang='lat' dir='ltr'>pro</span> <span class='ocrx_word' id='word_1_648' title='bbox 2247 4476 2499 4546; x_wconf 87' lang='lat' dir='ltr'>peccatis</span> <span class='ocrx_word' id='word_1_649' title='bbox 2532 4475 2680 4530; x_wconf 91' lang='lat' dir='ltr'>meis</span> <span class='ocrx_word' id='word_1_650' title='bbox 2729 4473 3189 4528; x_wconf 89' lang='lat' dir='ltr'>Christianorum</span> <span class='ocrx_word' id='word_1_651' title='bbox 3219 4471 3386 4544; x_wconf 91' lang='lat' dir='ltr'>potiti</span> <span class='ocrx_word' id='word_1_652' title='bbox 3417 4471 3536 4525; x_wconf 87' lang='lat' dir='ltr'>sint</span> <span class='ocrx_word' id='word_1_653' title='bbox 3582 4487 3679 4540; x_wconf 90' lang='lat' dir='ltr'>op-</span> 
     </span>
    </p>
   </div>
   <div class='ocr_carea' id='block_1_91' title="bbox 2033 4559 3680 4638">
    <p class='ocr_par' dir='ltr' id='par_1_91' title="bbox 2033 4559 3680 4638">
     <span class='ocr_line' id='line_1_92' title="bbox 2033 4559 3680 4638; baseline -0.002 -18"><span class='ocrx_word' id='word_1_654' title='bbox 2033 4566 2190 4638; x_wconf 88' lang='lat' dir='ltr'>pidis</span> <span class='ocrx_word' id='word_1_655' title='bbox 2221 4564 2551 4630; x_wconf 73' lang='lat' dir='ltr'>Ismaelitas,</span> <span class='ocrx_word' id='word_1_656' title='bbox 2585 4580 2689 4619; x_wconf 90' lang='lat' dir='ltr'>nec</span> <span class='ocrx_word' id='word_1_657' title='bbox 2733 4563 3005 4618; x_wconf 89' lang='lat' dir='ltr'>liberator</span> <span class='ocrx_word' id='word_1_658' title='bbox 3054 4561 3306 4616; x_wconf 81' lang='lat' dir='ltr'>adfuerit</span> <span class='ocrx_word' id='word_1_659' title='bbox 3336 4559 3680 4616; x_wconf 88' lang='lat' dir='ltr'>cedentibus</span> 
     </span>
    </p>
   </div>
   <div class='ocr_carea' id='block_1_92' title="bbox 275 4644 1927 4726">
    <p class='ocr_par' dir='ltr' id='par_1_92' title="bbox 275 4644 1924 4726">
     <span class='ocr_line' id='line_1_93' title="bbox 275 4644 1924 4726; baseline 0.001 -23"><span class='ocrx_word' id='word_1_660' title='bbox 275 4646 671 4720; x_wconf 71' lang='grc' dir='ltr'>Ἰσραηλῖται,</span> <span class='ocrx_word' id='word_1_661' title='bbox 732 4644 857 4703; x_wconf 79' lang='grc' dir='ltr'>οὐδὲ</span> <span class='ocrx_word' id='word_1_662' title='bbox 914 4654 1264 4723; x_wconf 84' lang='grc' dir='ltr'>σημαντῆρος</span> <span class='ocrx_word' id='word_1_663' title='bbox 1321 4649 1464 4724; x_wconf 78' lang='grc' dir='ltr'>ἦχον</span> <span class='ocrx_word' id='word_1_664' title='bbox 1529 4655 1924 4726; x_wconf 88' lang='grc' dir='ltr'>παραχωροῦσι</span> 
     </span>
    </p>
   </div>
   <div class='ocr_carea' id='block_1_93' title="bbox 2039 4644 3682 4726">
    <p class='ocr_par' dir='ltr' id='par_1_93' title="bbox 2039 4649 3682 4724">
     <span class='ocr_line' id='line_1_94' title="bbox 2039 4649 3682 4724; baseline -0.004 -14"><span class='ocrx_word' id='word_1_665' title='bbox 2039 4653 2404 4722; x_wconf 89' lang='lat' dir='ltr'>Christianis,</span> <span class='ocrx_word' id='word_1_666' title='bbox 2439 4669 2610 4708; x_wconf 91' lang='lat' dir='ltr'>nemo</span> <span class='ocrx_word' id='word_1_667' title='bbox 2642 4652 2892 4724; x_wconf 88' lang='lat' dir='ltr'>ignorat.</span> <span class='ocrx_word' id='word_1_668' title='bbox 2916 4650 3032 4706; x_wconf 92' lang='lat' dir='ltr'>Nos</span> <span class='ocrx_word' id='word_1_669' title='bbox 3062 4666 3197 4705; x_wconf 87' lang='lat' dir='ltr'>vero</span> <span class='ocrx_word' id='word_1_670' title='bbox 3227 4654 3284 4704; x_wconf 89' lang='lat' dir='ltr'>et</span> <span class='ocrx_word' id='word_1_671' title='bbox 3312 4649 3434 4704; x_wconf 66' lang='lat' dir='ltr'>haec</span> <span class='ocrx_word' id='word_1_672' title='bbox 3464 4649 3524 4703; x_wconf 91' lang='lat' dir='ltr'>in</span> <span class='ocrx_word' id='word_1_673' title='bbox 3556 4665 3682 4720; x_wconf 91' lang='lat' dir='ltr'>gra-</span> 
     </span>
    </p>
   </div>
   <div class='ocr_carea' id='block_1_94' title="bbox 273 4733 1923 4814">
    <p class='ocr_par' dir='ltr' id='par_1_94' title="bbox 273 4733 1923 4814">
     <span class='ocr_line' id='line_1_95' title="bbox 273 4733 1923 4814; baseline 0.001 -22"><span class='ocrx_word' id='word_1_674' title='bbox 273 4742 641 4812; x_wconf 79' lang='grc' dir='ltr'>Χριστιανοῖς,</span> <span class='ocrx_word' id='word_1_675' title='bbox 693 4733 868 4798; x_wconf 78' lang='grc' dir='ltr'>οὐδεὶς</span> <span class='ocrx_word' id='word_1_676' title='bbox 913 4736 1114 4813; x_wconf 87' lang='grc' dir='ltr'>ἀγνοεῖ.</span> <span class='ocrx_word' id='word_1_677' title='bbox 1167 4738 1356 4810; x_wconf 83' lang='grc' dir='ltr'>Ἡμεῖς</span> <span class='ocrx_word' id='word_1_678' title='bbox 1403 4734 1460 4792; x_wconf 78' lang='grc' dir='ltr'>δὲ</span> <span class='ocrx_word' id='word_1_679' title='bbox 1507 4737 1595 4792; x_wconf 84' lang='grc' dir='ltr'>καὶ</span> <span class='ocrx_word' id='word_1_680' title='bbox 1624 4743 1791 4794; x_wconf 88' lang='grc' dir='ltr'>ταῦτα</span> <span class='ocrx_word' id='word_1_681' title='bbox 1819 4741 1923 4814; x_wconf 85' lang='grc' dir='ltr'>χά-</span> 
     </span>
    </p>
   </div>
   <div class='ocr_carea' id='block_1_95' title="bbox 277 4825 1923 4903">
    <p class='ocr_par' dir='ltr' id='par_1_95' title="bbox 277 4825 1923 4903">
     <span class='ocr_line' id='line_1_96' title="bbox 277 4825 1923 4903; baseline 0 -22"><span class='ocrx_word' id='word_1_682' title='bbox 277 4847 385 4902; x_wconf 86' lang='grc' dir='ltr'>ριτι</span> <span class='ocrx_word' id='word_1_683' title='bbox 439 4829 676 4900; x_wconf 82' lang='grc' dir='ltr'>Χριστοῦ</span> <span class='ocrx_word' id='word_1_684' title='bbox 731 4830 829 4880; x_wconf 89' lang='grc' dir='ltr'><strong>τοῦ</strong></span> <span class='ocrx_word' id='word_1_685' title='bbox 903 4829 1042 4881; x_wconf 88' lang='grc' dir='ltr'><strong>Θεοῦ</strong></span> <span class='ocrx_word' id='word_1_686' title='bbox 1095 4826 1195 4895; x_wconf 78' lang='grc' dir='ltr'>τὴν</span> <span class='ocrx_word' id='word_1_687' title='bbox 1255 4825 1307 4880; x_wconf 84' lang='grc' dir='ltr'>έν</span> <span class='ocrx_word' id='word_1_688' title='bbox 1366 4831 1579 4902; x_wconf 83' lang='grc' dir='ltr'>Χριστῷ</span> <span class='ocrx_word' id='word_1_689' title='bbox 1650 4825 1923 4903; x_wconf 87' lang='grc' dir='ltr'>βασιλείαν</span> 
     </span>
    </p>
   </div>
   <div class='ocr_carea' id='block_1_96' title="bbox 274 4914 1928 4993">
    <p class='ocr_par' dir='ltr' id='par_1_96' title="bbox 274 4914 1928 4993">
     <span class='ocr_line' id='line_1_97' title="bbox 274 4914 1928 4993; baseline 0.001 -23"><span class='ocrx_word' id='word_1_690' title='bbox 274 4914 641 4977; x_wconf 82' lang='grc' dir='ltr'>πλουτοῦντες</span> <span class='ocrx_word' id='word_1_691' title='bbox 689 4916 1191 4993; x_wconf 79' lang='grc' dir='ltr'>κατεφρονήσαμεν,</span> <span class='ocrx_word' id='word_1_692' title='bbox 1253 4915 1314 4970; x_wconf 85' lang='grc' dir='ltr'>ού</span> <span class='ocrx_word' id='word_1_693' title='bbox 1377 4914 1539 4987; x_wconf 84' lang='grc' dir='ltr'>μόνον</span> <span class='ocrx_word' id='word_1_694' title='bbox 1597 4921 1772 4971; x_wconf 86' lang='grc' dir='ltr'>ποιεῖν</span> <span class='ocrx_word' id='word_1_695' title='bbox 1829 4914 1928 4971; x_wconf 81' lang='grc' dir='ltr'>ὅσα</span> 
     </span>
    </p>
   </div>
   <div class='ocr_carea' id='block_1_97' title="bbox 276 4999 1928 5079">
    <p class='ocr_par' dir='ltr' id='par_1_97' title="bbox 276 4999 1928 5079">
     <span class='ocr_line' id='line_1_98' title="bbox 276 4999 1928 5079; baseline 0 -19"><span class='ocrx_word' id='word_1_696' title='bbox 276 5005 536 5076; x_wconf 81' lang='grc' dir='ltr'>ἐποίησαν</span> <span class='ocrx_word' id='word_1_697' title='bbox 589 5005 642 5059; x_wconf 75' lang='grc' dir='ltr'>οἱ</span> <span class='ocrx_word' id='word_1_698' title='bbox 693 5007 801 5059; x_wconf 88' lang='grc' dir='ltr'><strong>τῶν</strong></span> <span class='ocrx_word' id='word_1_699' title='bbox 861 5001 1219 5078; x_wconf 77' lang='grc' dir='ltr'>Ἰσμαηλιτῶν</span> <span class='ocrx_word' id='word_1_700' title='bbox 1279 4999 1561 5079; x_wconf 71' lang='grc' dir='ltr'>πρέσϐεις,</span> <span class='ocrx_word' id='word_1_701' title='bbox 1616 5005 1706 5060; x_wconf 84' lang='grc' dir='ltr'>καὶ</span> <span class='ocrx_word' id='word_1_702' title='bbox 1761 5011 1928 5060; x_wconf 88' lang='grc' dir='ltr'>ταῦτα</span> 
     </span>
    </p>
   </div>
   <div class='ocr_carea' id='block_1_98' title="bbox 275 5091 1929 5170">
    <p class='ocr_par' dir='ltr' id='par_1_98' title="bbox 275 5091 1929 5170">
     <span class='ocr_line' id='line_1_99' title="bbox 275 5091 1929 5170; baseline -0.001 -20"><span class='ocrx_word' id='word_1_703' title='bbox 275 5091 581 5167; x_wconf 76' lang='grc' dir='ltr'>οὖδαμηνοὶ</span> <span class='ocrx_word' id='word_1_704' title='bbox 633 5093 726 5148; x_wconf 89' lang='grc' dir='ltr'>καὶ</span> <span class='ocrx_word' id='word_1_705' title='bbox 782 5093 929 5170; x_wconf 83' lang='grc' dir='ltr'>παρά</span> <span class='ocrx_word' id='word_1_706' title='bbox 969 5093 1236 5148; x_wconf 88' lang='grc' dir='ltr'>τοιούτων</span> <span class='ocrx_word' id='word_1_707' title='bbox 1292 5092 1722 5166; x_wconf 82' lang='grc' dir='ltr'>ἀπεσταλμένοι,</span> <span class='ocrx_word' id='word_1_708' title='bbox 1782 5091 1929 5150; x_wconf 82' lang='grc' dir='ltr'>ἀλλὰ</span> 
     </span>
    </p>
   </div>
   <div class='ocr_carea' id='block_1_99' title="bbox 272 5176 1928 5262">
    <p class='ocr_par' dir='ltr' id='par_1_99' title="bbox 272 5176 1928 5262">
     <span class='ocr_line' id='line_1_100' title="bbox 272 5176 1928 5262; baseline -0.001 -24"><span class='ocrx_word' id='word_1_709' title='bbox 272 5183 363 5238; x_wconf 85' lang='grc' dir='ltr'>καὶ</span> <span class='ocrx_word' id='word_1_710' title='bbox 423 5186 668 5262; x_wconf 86' lang='grc' dir='ltr'>φανερῶς</span> <span class='ocrx_word' id='word_1_711' title='bbox 752 5180 831 5260; x_wconf 80' lang='grc' dir='ltr'>ἐφ’</span> <span class='ocrx_word' id='word_1_712' title='bbox 910 5181 1128 5256; x_wconf 83' lang='grc' dir='ltr'>ὑψηλοῦ</span> <span class='ocrx_word' id='word_1_713' title='bbox 1179 5176 1553 5245; x_wconf 79' lang='grc' dir='ltr'>ἀναϐαίνοντες</span> <span class='ocrx_word' id='word_1_714' title='bbox 1592 5229 1604 5249; x_wconf 80' lang='grc'><strong>,</strong></span> <span class='ocrx_word' id='word_1_715' title='bbox 1663 5184 1737 5245; x_wconf 85' lang='grc' dir='ltr'><strong>ὡς</strong></span> <span class='ocrx_word' id='word_1_716' title='bbox 1809 5181 1928 5244; x_wconf 81' lang='grc' dir='ltr'><strong>ἔθος</strong></span> 
     </span>
    </p>
   </div>
   <div class='ocr_carea' id='block_1_100' title="bbox 271 5268 1927 5348">
    <p class='ocr_par' dir='ltr' id='par_1_100' title="bbox 271 5268 1927 5348">
     <span class='ocr_line' id='line_1_101' title="bbox 271 5268 1927 5348; baseline -0.001 -21"><span class='ocrx_word' id='word_1_717' title='bbox 271 5268 492 5348; x_wconf 83' lang='grc' dir='ltr'>ἔχουσιν</span> <span class='ocrx_word' id='word_1_718' title='bbox 526 5271 577 5325; x_wconf 82' lang='grc' dir='ltr'><strong>ἐν</strong></span> <span class='ocrx_word' id='word_1_719' title='bbox 610 5275 678 5345; x_wconf 76' lang='grc' dir='ltr'>τῇ</span> <span class='ocrx_word' id='word_1_720' title='bbox 725 5271 886 5346; x_wconf 83' lang='grc' dir='ltr'>χώρᾳ</span> <span class='ocrx_word' id='word_1_721' title='bbox 929 5270 1106 5326; x_wconf 86' lang='grc' dir='ltr'>αὐτῶν</span> <span class='ocrx_word' id='word_1_722' title='bbox 1156 5271 1222 5326; x_wconf 82' lang='grc' dir='ltr'><strong>τὰ</strong></span> <span class='ocrx_word' id='word_1_723' title='bbox 1273 5271 1485 5347; x_wconf 85' lang='grc' dir='ltr'>μυσαρά</span> <span class='ocrx_word' id='word_1_724' title='bbox 1531 5270 1704 5326; x_wconf 84' lang='grc' dir='ltr'>αὐτῶν</span> <span class='ocrx_word' id='word_1_725' title='bbox 1756 5272 1927 5348; x_wconf 80' lang='grc' dir='ltr'>ἐκφω-</span> 
     </span>
    </p>
   </div>
   <div class='ocr_carea' id='block_1_101' title="bbox 270 5358 1925 5437">
    <p class='ocr_par' dir='ltr' id='par_1_101' title="bbox 270 5358 1925 5437">
     <span class='ocr_line' id='line_1_102' title="bbox 270 5358 1925 5437; baseline -0.001 -22"><span class='ocrx_word' id='word_1_726' title='bbox 270 5365 425 5415; x_wconf 88' lang='grc' dir='ltr'>νοῦσι</span> <span class='ocrx_word' id='word_1_727' title='bbox 481 5362 782 5437; x_wconf 87' lang='grc' dir='ltr'>μυστήρια.</span> <span class='ocrx_word' id='word_1_728' title='bbox 835 5363 1012 5414; x_wconf 89' lang='grc' dir='ltr'>Ταῦτα</span> <span class='ocrx_word' id='word_1_729' title='bbox 1060 5360 1149 5414; x_wconf 79' lang='grc' dir='ltr'>καὶ</span> <span class='ocrx_word' id='word_1_730' title='bbox 1198 5360 1265 5415; x_wconf 77' lang='grc' dir='ltr'>τὰ</span> <span class='ocrx_word' id='word_1_731' title='bbox 1303 5364 1526 5414; x_wconf 84' lang='grc' dir='ltr'>τοιαῦτα</span> <span class='ocrx_word' id='word_1_732' title='bbox 1569 5358 1925 5434; x_wconf 85' lang='grc' dir='ltr'>τολμώμενα,</span> 
     </span>
    </p>
   </div>
   <div class='ocr_carea' id='block_1_102' title="bbox 272 5448 1928 5526">
    <p class='ocr_par' dir='ltr' id='par_1_102' title="bbox 272 5448 1928 5526">
     <span class='ocr_line' id='line_1_103' title="bbox 272 5448 1928 5526; baseline -0.001 -21"><span class='ocrx_word' id='word_1_733' title='bbox 272 5449 647 5519; x_wconf 83' lang='grc' dir='ltr'>σοσκιάζουσιν</span> <span class='ocrx_word' id='word_1_734' title='bbox 691 5450 744 5503; x_wconf 77' lang='grc' dir='ltr'><strong>οἱ</strong></span> <span class='ocrx_word' id='word_1_735' title='bbox 793 5450 1045 5522; x_wconf 88' lang='grc' dir='ltr'>ὁρῶντες,</span> <span class='ocrx_word' id='word_1_736' title='bbox 1092 5449 1182 5503; x_wconf 87' lang='grc' dir='ltr'>καὶ</span> <span class='ocrx_word' id='word_1_737' title='bbox 1233 5448 1294 5503; x_wconf 78' lang='grc' dir='ltr'>οὐ</span> <span class='ocrx_word' id='word_1_738' title='bbox 1340 5453 1559 5525; x_wconf 87' lang='grc' dir='ltr'>γυμνῶς</span> <span class='ocrx_word' id='word_1_739' title='bbox 1607 5448 1928 5526; x_wconf 83' lang='grc' dir='ltr'>ἀναφέρουσι</span> 
     </span>
    </p>
   </div>
   <div class='ocr_carea' id='block_1_103' title="bbox 272 5534 1930 5614">
    <p class='ocr_par' dir='ltr' id='par_1_103' title="bbox 272 5534 1930 5614">
     <span class='ocr_line' id='line_1_104' title="bbox 272 5534 1930 5614; baseline -0.001 -22"><span class='ocrx_word' id='word_1_740' title='bbox 272 5543 342 5612; x_wconf 81' lang='grc' dir='ltr'>τῇ</span> <span class='ocrx_word' id='word_1_741' title='bbox 377 5536 628 5614; x_wconf 79' lang='grc' dir='ltr'>βασιλείᾳ</span> <span class='ocrx_word' id='word_1_742' title='bbox 676 5558 794 5612; x_wconf 90' lang='grc' dir='ltr'>σου,</span> <span class='ocrx_word' id='word_1_743' title='bbox 821 5535 914 5592; x_wconf 66' lang='grc' dir='ltr'>⁸ίνα</span> <span class='ocrx_word' id='word_1_744' title='bbox 960 5538 1052 5592; x_wconf 87' lang='grc' dir='ltr'><strong>τὸν</strong></span> <span class='ocrx_word' id='word_1_745' title='bbox 1102 5534 1278 5593; x_wconf 80' lang='grc' dir='ltr'>ἔνθεόν</span> <span class='ocrx_word' id='word_1_746' title='bbox 1332 5559 1426 5592; x_wconf 92' lang='grc' dir='ltr'>σου</span> <span class='ocrx_word' id='word_1_747' title='bbox 1477 5537 1644 5606; x_wconf 78' lang='grc' dir='ltr'>ζῆλον</span> <span class='ocrx_word' id='word_1_748' title='bbox 1699 5534 1930 5612; x_wconf 77' lang='grc' dir='ltr'>ἐνδείξῃς</span> 
     </span>
    </p>
   </div>
   <div class='ocr_carea' id='block_1_104' title="bbox 277 5624 1930 5701">
    <p class='ocr_par' dir='ltr' id='par_1_104' title="bbox 277 5624 1930 5701">
     <span class='ocr_line' id='line_1_105' title="bbox 277 5624 1930 5701; baseline -0.002 -19"><span class='ocrx_word' id='word_1_749' title='bbox 277 5624 366 5682; x_wconf 77' lang='grc' dir='ltr'>διὰ</span> <span class='ocrx_word' id='word_1_750' title='bbox 409 5633 594 5684; x_wconf 86' lang='grc' dir='ltr'>ταῦτα.</span> <span class='ocrx_word' id='word_1_751' title='bbox 648 5627 766 5701; x_wconf 80' lang='grc' dir='ltr'>ἅγιε</span> <span class='ocrx_word' id='word_1_752' title='bbox 829 5624 1071 5701; x_wconf 87' lang='grc' dir='ltr'>βασιλεῦ.</span> <span class='ocrx_word' id='word_1_753' title='bbox 1132 5630 1256 5688; x_wconf 91' lang='grc' dir='ltr'>Πῶς</span> <span class='ocrx_word' id='word_1_754' title='bbox 1314 5625 1678 5681; x_wconf 83' lang='grc' dir='ltr'>εἷσακούσεται</span> <span class='ocrx_word' id='word_1_755' title='bbox 1724 5627 1752 5679; x_wconf 91' lang='lat'>6</span> <span class='ocrx_word' id='word_1_756' title='bbox 1800 5627 1930 5688; x_wconf 88' lang='grc' dir='ltr'>Θεὸς</span> 
     </span>
    </p>
   </div>
   <div class='ocr_carea' id='block_1_105' title="bbox 277 5711 1930 5792">
    <p class='ocr_par' dir='ltr' id='par_1_105' title="bbox 277 5711 1930 5792">
     <span class='ocr_line' id='line_1_106' title="bbox 277 5711 1930 5792; baseline -0.001 -21"><span class='ocrx_word' id='word_1_757' title='bbox 277 5721 383 5771; x_wconf 86' lang='grc' dir='ltr'>τῶν</span> <span class='ocrx_word' id='word_1_758' title='bbox 432 5715 610 5792; x_wconf 78' lang='grc' dir='ltr'>εὐχῶν</span> <span class='ocrx_word' id='word_1_759' title='bbox 664 5718 850 5790; x_wconf 79' lang='grc' dir='ltr'>ἡμῶν,</span> <span class='ocrx_word' id='word_1_760' title='bbox 896 5715 941 5770; x_wconf 79' lang='grc' dir='ltr'>εἰ</span> <span class='ocrx_word' id='word_1_761' title='bbox 988 5714 1076 5770; x_wconf 79' lang='grc' dir='ltr'>καὶ</span> <span class='ocrx_word' id='word_1_762' title='bbox 1124 5713 1271 5777; x_wconf 76' lang='grc' dir='ltr'>ὅλως</span> <span class='ocrx_word' id='word_1_763' title='bbox 1323 5714 1599 5791; x_wconf 84' lang='grc' dir='ltr'>εὐχόμεθα</span> <span class='ocrx_word' id='word_1_764' title='bbox 1628 5733 1644 5786; x_wconf 85' lang='grc'><strong>;</strong></span> <span class='ocrx_word' id='word_1_765' title='bbox 1677 5719 1804 5778; x_wconf 89' lang='grc' dir='ltr'>Πῶς</span> <span class='ocrx_word' id='word_1_766' title='bbox 1851 5711 1930 5770; x_wconf 79' lang='grc' dir='ltr'>ἔτι</span> 
     </span>
    </p>
   </div>
   <div class='ocr_carea' id='block_1_106' title="bbox 2033 4737 3680 4811">
    <p class='ocr_par' dir='ltr' id='par_1_106' title="bbox 2033 4737 3680 4811">
     <span class='ocr_line' id='line_1_107' title="bbox 2033 4737 3680 4811; baseline -0.004 -12"><span class='ocrx_word' id='word_1_767' title='bbox 2033 4744 2116 4799; x_wconf 91' lang='lat' dir='ltr'>tia</span> <span class='ocrx_word' id='word_1_768' title='bbox 2162 4741 2375 4798; x_wconf 87' lang='lat' dir='ltr'>Christi</span> <span class='ocrx_word' id='word_1_769' title='bbox 2418 4741 2542 4806; x_wconf 91' lang='lat' dir='ltr'>Dei,</span> <span class='ocrx_word' id='word_1_770' title='bbox 2591 4745 2648 4796; x_wconf 92' lang='lat' dir='ltr'>et</span> <span class='ocrx_word' id='word_1_771' title='bbox 2695 4741 2754 4795; x_wconf 90' lang='lat' dir='ltr'>in</span> <span class='ocrx_word' id='word_1_772' title='bbox 2796 4739 3009 4795; x_wconf 88' lang='lat' dir='ltr'>Christi</span> <span class='ocrx_word' id='word_1_773' title='bbox 3057 4738 3301 4811; x_wconf 88' lang='lat' dir='ltr'>imperio</span> <span class='ocrx_word' id='word_1_774' title='bbox 3343 4737 3680 4810; x_wconf 87' lang='lat' dir='ltr'>locupletati</span> 
     </span>
    </p>
   </div>
   <div class='ocr_carea' id='block_1_107' title="bbox 2036 4829 3682 4900">
    <p class='ocr_par' dir='ltr' id='par_1_107' title="bbox 2036 4829 3682 4900">
     <span class='ocr_line' id='line_1_108' title="bbox 2036 4829 3682 4900; baseline -0.003 -13"><span class='ocrx_word' id='word_1_775' title='bbox 2036 4830 2492 4896; x_wconf 88' lang='lat' dir='ltr'>contemnimus,</span> <span class='ocrx_word' id='word_1_776' title='bbox 2526 4847 2636 4885; x_wconf 88' lang='lat' dir='ltr'>non</span> <span class='ocrx_word' id='word_1_777' title='bbox 2693 4829 3062 4884; x_wconf 90' lang='lat' dir='ltr'>solummodo</span> <span class='ocrx_word' id='word_1_778' title='bbox 3094 4844 3266 4900; x_wconf 83' lang='lat' dir='ltr'>agere</span> <span class='ocrx_word' id='word_1_779' title='bbox 3317 4844 3682 4900; x_wconf 55' lang='lat' dir='ltr'>quaecunque</span> 
     </span>
    </p>
   </div>
   <div class='ocr_carea' id='block_1_108' title="bbox 2036 4915 3684 4993">
    <p class='ocr_par' dir='ltr' id='par_1_108' title="bbox 2036 4915 3684 4993">
     <span class='ocr_line' id='line_1_109' title="bbox 2036 4915 3684 4993; baseline -0.002 -18"><span class='ocrx_word' id='word_1_780' title='bbox 2036 4923 2280 4993; x_wconf 86' lang='lat' dir='ltr'>egerunt</span> <span class='ocrx_word' id='word_1_781' title='bbox 2304 4919 2664 4990; x_wconf 90' lang='lat' dir='ltr'>antiquiores</span> <span class='ocrx_word' id='word_1_782' title='bbox 2695 4916 3143 4981; x_wconf 88' lang='lat' dir='ltr'>lsmaelitarum,</span> <span class='ocrx_word' id='word_1_783' title='bbox 3170 4915 3293 4972; x_wconf 70' lang='lat' dir='ltr'>baac</span> <span class='ocrx_word' id='word_1_784' title='bbox 3323 4917 3484 4989; x_wconf 89' lang='lat' dir='ltr'>parvi</span> <span class='ocrx_word' id='word_1_785' title='bbox 3515 4933 3684 4989; x_wconf 89' lang='lat' dir='ltr'>repu-</span> 
     </span>
    </p>
   </div>
   <div class='ocr_carea' id='block_1_109' title="bbox 2037 5004 3684 5079">
    <p class='ocr_par' dir='ltr' id='par_1_109' title="bbox 2037 5004 3684 5079">
     <span class='ocr_line' id='line_1_110' title="bbox 2037 5004 3684 5079; baseline -0.004 -14"><span class='ocrx_word' id='word_1_786' title='bbox 2037 5012 2246 5079; x_wconf 88' lang='lat' dir='ltr'>tantes,</span> <span class='ocrx_word' id='word_1_787' title='bbox 2280 5007 2388 5063; x_wconf 89' lang='lat' dir='ltr'>etsi</span> <span class='ocrx_word' id='word_1_788' title='bbox 2419 5008 2488 5062; x_wconf 91' lang='lat' dir='ltr'>de</span> <span class='ocrx_word' id='word_1_789' title='bbox 2521 5006 2815 5062; x_wconf 88' lang='lat' dir='ltr'>similibus</span> <span class='ocrx_word' id='word_1_790' title='bbox 2847 5006 3035 5073; x_wconf 90' lang='lat' dir='ltr'>missi,</span> <span class='ocrx_word' id='word_1_791' title='bbox 3069 5006 3167 5061; x_wconf 91' lang='lat' dir='ltr'>sed</span> <span class='ocrx_word' id='word_1_792' title='bbox 3203 5011 3258 5060; x_wconf 88' lang='lat' dir='ltr'>et</span> <span class='ocrx_word' id='word_1_793' title='bbox 3289 5004 3480 5076; x_wconf 87' lang='lat' dir='ltr'>palam</span> <span class='ocrx_word' id='word_1_794' title='bbox 3513 5004 3573 5060; x_wconf 92' lang='lat' dir='ltr'>in</span> <span class='ocrx_word' id='word_1_795' title='bbox 3605 5004 3684 5060; x_wconf 87' lang='lat' dir='ltr'>al-</span> 
     </span>
    </p>
   </div>
   <div class='ocr_carea' id='block_1_110' title="bbox 2036 5092 3686 5166">
    <p class='ocr_par' dir='ltr' id='par_1_110' title="bbox 2036 5092 3686 5166">
     <span class='ocr_line' id='line_1_111' title="bbox 2036 5092 3686 5166; baseline -0.002 -14"><span class='ocrx_word' id='word_1_796' title='bbox 2036 5101 2162 5152; x_wconf 88' lang='lat' dir='ltr'>tum</span> <span class='ocrx_word' id='word_1_797' title='bbox 2195 5096 2598 5161; x_wconf 89' lang='lat' dir='ltr'>ascendentes,</span> <span class='ocrx_word' id='word_1_798' title='bbox 2631 5095 2783 5166; x_wconf 93' lang='lat' dir='ltr'>quod</span> <span class='ocrx_word' id='word_1_799' title='bbox 2816 5095 3057 5166; x_wconf 88' lang='lat' dir='ltr'>insuper</span> <span class='ocrx_word' id='word_1_800' title='bbox 3081 5098 3331 5149; x_wconf 89' lang='lat' dir='ltr'>tractent</span> <span class='ocrx_word' id='word_1_801' title='bbox 3358 5094 3418 5148; x_wconf 90' lang='lat' dir='ltr'>in</span> <span class='ocrx_word' id='word_1_802' title='bbox 3450 5092 3686 5165; x_wconf 84' lang='lat' dir='ltr'>regione</span> 
     </span>
    </p>
   </div>
   <div class='ocr_carea' id='block_1_111' title="bbox 2038 5181 3683 5256">
    <p class='ocr_par' dir='ltr' id='par_1_111' title="bbox 2038 5181 3683 5256">
     <span class='ocr_line' id='line_1_112' title="bbox 2038 5181 3683 5256; baseline -0.004 -14"><span class='ocrx_word' id='word_1_803' title='bbox 2038 5203 2147 5242; x_wconf 90' lang='lat' dir='ltr'>sua</span> <span class='ocrx_word' id='word_1_804' title='bbox 2177 5184 2424 5241; x_wconf 84' lang='lat' dir='ltr'>scelesta</span> <span class='ocrx_word' id='word_1_805' title='bbox 2457 5201 2720 5256; x_wconf 69' lang='lat' dir='ltr'>quaeque,</span> <span class='ocrx_word' id='word_1_806' title='bbox 2755 5183 3028 5253; x_wconf 85' lang='lat' dir='ltr'>mysteria</span> <span class='ocrx_word' id='word_1_807' title='bbox 3070 5187 3411 5254; x_wconf 89' lang='lat' dir='ltr'>nuncupent</span> <span class='ocrx_word' id='word_1_808' title='bbox 3439 5207 3453 5250; x_wconf 86' lang='lat'><strong>;</strong></span> <span class='ocrx_word' id='word_1_809' title='bbox 3482 5181 3598 5237; x_wconf 87' lang='lat' dir='ltr'>ista</span> <span class='ocrx_word' id='word_1_810' title='bbox 3625 5185 3683 5237; x_wconf 91' lang='lat' dir='ltr'>et</span> 
     </span>
    </p>
   </div>
   <div class='ocr_carea' id='block_1_112' title="bbox 2039 5270 3681 5344">
    <p class='ocr_par' dir='ltr' id='par_1_112' title="bbox 2039 5270 3681 5344">
     <span class='ocr_line' id='line_1_113' title="bbox 2039 5270 3681 5344; baseline -0.002 -15"><span class='ocrx_word' id='word_1_811' title='bbox 2039 5273 2257 5330; x_wconf 88' lang='lat' dir='ltr'>similia</span> <span class='ocrx_word' id='word_1_812' title='bbox 2304 5290 2418 5329; x_wconf 89' lang='lat' dir='ltr'>non</span> <span class='ocrx_word' id='word_1_813' title='bbox 2469 5273 2899 5339; x_wconf 86' lang='lat' dir='ltr'>erubescentes,</span> <span class='ocrx_word' id='word_1_814' title='bbox 2935 5289 3060 5344; x_wconf 73' lang='lat' dir='ltr'>quaa</span> <span class='ocrx_word' id='word_1_815' title='bbox 3108 5271 3439 5327; x_wconf 88' lang='lat' dir='ltr'>videntibus</span> <span class='ocrx_word' id='word_1_816' title='bbox 3489 5270 3681 5326; x_wconf 88' lang='lat' dir='ltr'>occul-</span> 
     </span>
    </p>
   </div>
   <div class='ocr_carea' id='block_1_113' title="bbox 2039 5360 3687 5433">
    <p class='ocr_par' dir='ltr' id='par_1_113' title="bbox 2039 5360 3687 5433">
     <span class='ocr_line' id='line_1_114' title="bbox 2039 5360 3687 5433; baseline -0.002 -14"><span class='ocrx_word' id='word_1_817' title='bbox 2039 5368 2186 5431; x_wconf 89' lang='lat' dir='ltr'>tant,</span> <span class='ocrx_word' id='word_1_818' title='bbox 2219 5367 2276 5418; x_wconf 86' lang='lat' dir='ltr'>et</span> <span class='ocrx_word' id='word_1_819' title='bbox 2305 5379 2420 5418; x_wconf 92' lang='lat' dir='ltr'>non</span> <span class='ocrx_word' id='word_1_820' title='bbox 2452 5362 2566 5417; x_wconf 91' lang='lat' dir='ltr'>nisi</span> <span class='ocrx_word' id='word_1_821' title='bbox 2598 5361 2782 5417; x_wconf 87' lang='lat' dir='ltr'>velata</span> <span class='ocrx_word' id='word_1_822' title='bbox 2829 5362 3090 5433; x_wconf 70' lang='lat' dir='ltr'>praebent</span> <span class='ocrx_word' id='word_1_823' title='bbox 3120 5360 3413 5433; x_wconf 84' lang='lat' dir='ltr'>majestati</span> <span class='ocrx_word' id='word_1_824' title='bbox 3453 5363 3586 5426; x_wconf 69' lang='lat' dir='ltr'>tum,</span> <span class='ocrx_word' id='word_1_825' title='bbox 3619 5364 3687 5414; x_wconf 92' lang='lat' dir='ltr'>ut</span> 
     </span>
    </p>
   </div>
   <div class='ocr_carea' id='block_1_114' title="bbox 2039 5448 3685 5521">
    <p class='ocr_par' dir='ltr' id='par_1_114' title="bbox 2039 5448 3685 5521">
     <span class='ocr_line' id='line_1_115' title="bbox 2039 5448 3685 5521; baseline -0.002 -14"><span class='ocrx_word' id='word_1_826' title='bbox 2039 5451 2234 5507; x_wconf 90' lang='lat' dir='ltr'>divino</span> <span class='ocrx_word' id='word_1_827' title='bbox 2265 5450 2462 5506; x_wconf 90' lang='lat' dir='ltr'>studio</span> <span class='ocrx_word' id='word_1_828' title='bbox 2509 5448 2612 5506; x_wconf 91' lang='lat' dir='ltr'>illa</span> <span class='ocrx_word' id='word_1_829' title='bbox 2657 5449 3050 5521; x_wconf 86' lang='lat' dir='ltr'>prosequaris,</span> <span class='ocrx_word' id='word_1_830' title='bbox 3086 5450 3178 5521; x_wconf 91' lang='lat' dir='ltr'>pie</span> <span class='ocrx_word' id='word_1_831' title='bbox 3226 5466 3344 5518; x_wconf 82' lang='lat' dir='ltr'>rex,</span> <span class='ocrx_word' id='word_1_832' title='bbox 3377 5449 3428 5504; x_wconf 91' lang='lat' dir='ltr'>si</span> <span class='ocrx_word' id='word_1_833' title='bbox 3459 5453 3685 5521; x_wconf 88' lang='lat' dir='ltr'>patere-</span> 
     </span>
    </p>
   </div>
   <div class='ocr_carea' id='block_1_115' title="bbox 2042 5538 3683 5611">
    <p class='ocr_par' dir='ltr' id='par_1_115' title="bbox 2042 5538 3683 5611">
     <span class='ocr_line' id='line_1_116' title="bbox 2042 5538 3683 5611; baseline -0.002 -16"><span class='ocrx_word' id='word_1_834' title='bbox 2042 5556 2194 5606; x_wconf 89' lang='lat' dir='ltr'>mur,</span> <span class='ocrx_word' id='word_1_835' title='bbox 2255 5539 2548 5610; x_wconf 91' lang='lat' dir='ltr'>quomodo</span> <span class='ocrx_word' id='word_1_836' title='bbox 2626 5538 2894 5594; x_wconf 87' lang='lat' dir='ltr'>exaudiet</span> <span class='ocrx_word' id='word_1_837' title='bbox 2955 5541 3102 5593; x_wconf 86' lang='lat' dir='ltr'>Deus</span> <span class='ocrx_word' id='word_1_838' title='bbox 3152 5555 3350 5611; x_wconf 88' lang='lat' dir='ltr'>preces</span> <span class='ocrx_word' id='word_1_839' title='bbox 3431 5541 3683 5606; x_wconf 88' lang='lat' dir='ltr'>nostras,</span> 
     </span>
    </p>
   </div>
   <div class='ocr_carea' id='block_1_116' title="bbox 2041 5626 3683 5699">
    <p class='ocr_par' dir='ltr' id='par_1_116' title="bbox 2041 5626 3683 5699">
     <span class='ocr_line' id='line_1_117' title="bbox 2041 5626 3683 5699; baseline -0.002 -16"><span class='ocrx_word' id='word_1_840' title='bbox 2041 5629 2182 5683; x_wconf 92' lang='lat' dir='ltr'>dum</span> <span class='ocrx_word' id='word_1_841' title='bbox 2214 5628 2274 5682; x_wconf 91' lang='lat' dir='ltr'>in</span> <span class='ocrx_word' id='word_1_842' title='bbox 2301 5626 2601 5684; x_wconf 90' lang='lat' dir='ltr'>communi</span> <span class='ocrx_word' id='word_1_843' title='bbox 2623 5627 3114 5699; x_wconf 80' lang='lat' dir='ltr'>deprecaremur?</span> <span class='ocrx_word' id='word_1_844' title='bbox 3144 5627 3443 5692; x_wconf 90' lang='lat' dir='ltr'>Quomodo</span> <span class='ocrx_word' id='word_1_845' title='bbox 3470 5627 3683 5682; x_wconf 87' lang='lat' dir='ltr'>iterum</span> 
     </span>
    </p>
   </div>
   <div class='ocr_carea' id='block_1_117' title="bbox 2040 5714 3688 5788">
    <p class='ocr_par' dir='ltr' id='par_1_117' title="bbox 2040 5714 3688 5788">
     <span class='ocr_line' id='line_1_118' title="bbox 2040 5714 3688 5788; baseline -0.002 -15"><span class='ocrx_word' id='word_1_846' title='bbox 2040 5721 2099 5773; x_wconf 91' lang='lat' dir='ltr'>te</span> <span class='ocrx_word' id='word_1_847' title='bbox 2140 5719 2379 5774; x_wconf 89' lang='lat' dir='ltr'>vocante</span> <span class='ocrx_word' id='word_1_848' title='bbox 2426 5715 2600 5788; x_wconf 87' lang='lat' dir='ltr'>dicet,</span> <span class='ocrx_word' id='word_1_849' title='bbox 2651 5716 2792 5773; x_wconf 90' lang='lat' dir='ltr'>Ecce</span> <span class='ocrx_word' id='word_1_850' title='bbox 2841 5715 3001 5788; x_wconf 83' lang='lat' dir='ltr'>ego?</span> <span class='ocrx_word' id='word_1_851' title='bbox 3070 5716 3369 5781; x_wconf 88' lang='lat' dir='ltr'>Quomodo</span> <span class='ocrx_word' id='word_1_852' title='bbox 3415 5714 3688 5788; x_wconf 82' lang='lat' dir='ltr'>loquetur</span> 
     </span>
    </p>
   </div>
  </div>
