4110 6424
401 396 517 460 5η

1517 401 1951 465 ATHANASII
1995 400 2113 464 GP.
2157 401 2690 469 PATRIARCHJE

3691 401 3816 465 513

413 548 618 606 pacem
667 547 844 604 super
895 530 1178 606 populum
1227 533 1448 590 tuum?
1496 534 1805 608 Propterea
1852 540 1917 591 ut
1957 535 2051 592 his

2172 533 2460 598 λαλοῦντός
2508 559 2602 592 σου
2656 537 2844 612 λὲγει,
2897 533 3038 593 Ἰδοὺ
3085 535 3308 612 πάρειμι
3346 553 3360 607 ;
3401 539 3526 600 Πῶς
3578 519 3805 606 Λαλήσει

405 622 526 677 tuis
556 621 955 691 sermonibus;
978 621 1200 694 aliquid
1252 624 1571 694 proficiam,
1604 630 1757 694 peto,
1791 641 1910 691 oro,
1945 627 2045 680 ob-

401 715 584 768 testor
614 711 980 780 majestatem
1031 717 1217 782 tuam,
1259 729 1472 784 surge;
1507 712 1794 782 accipiant
1842 715 2044 784 injusti

399 817 626 873 pcenas,
655 800 907 872 improbi
932 803 1169 873 jugum,
1204 806 1261 855 tu
1315 818 1446 856 vero
1483 803 1729 872 justitiae
1760 809 1817 859 et
1845 804 2050 858 verita-

399 889 478 944 tis
507 889 752 961 gloriam
785 895 844 944 et
886 889 1186 945 honorem.
1237 890 1551 962 Accingere
1579 891 1776 961 gladio
1826 897 1922 947 tuo
1955 911 2050 947 suo

402 994 508 1051 per
537 979 727 1034 femur
774 983 942 1033 tuum
992 995 1125 1033 cum
1177 979 1291 1034 Deo
1320 980 1377 1034 in
1424 981 1698 1036 omnibus
1747 982 1952 1053 aequis,
1994 987 2051 1036 et

406 1067 688 1134 interﬁce,
722 1073 778 1122 et
822 1069 930 1124 iter
960 1085 1302 1139 prosperum
1349 1084 1476 1140 age,
1509 1073 1565 1124 et
1610 1087 1789 1140 regna
1820 1076 2051 1142 propter

406 1156 706 1213 veritatem
765 1162 821 1212 et
881 1157 1200 1227 justitiam,
1253 1157 1446 1212 studio
1513 1158 1706 1213 divino
1770 1176 2050 1216 accensus

406 1251 464 1302 et
511 1249 667 1300 recta
731 1245 1010 1314 sentiens,
1055 1253 1121 1300 ut
1163 1250 1217 1300 te
1262 1247 1494 1301 dextera
1561 1246 1653 1302 Dei
1704 1247 2053 1303 mirabiliter

405 1335 601 1403 ducat,
659 1340 716 1389 et
762 1333 1126 1405 gloriﬁceris.
1178 1334 1580 1391 Gloriﬁcantes
1628 1354 1720 1390 me
1767 1337 2047 1408 gloriﬁco,

401 1424 485 1479 ait
513 1424 668 1479 enim
701 1423 1006 1479 Dominus.
1041 1423 1177 1478 Novi
1209 1441 1314 1496 ego
1346 1425 1499 1496 quod
1546 1424 1834 1495 gloriﬁces
1871 1432 2048 1480 Deum

402 1512 465 1568 in
514 1513 709 1583 corde,
759 1514 858 1568 sed
910 1514 1127 1583 pariter
1172 1513 1262 1567 lex
1310 1513 1407 1568 Dei
1435 1519 1551 1580 est,
1596 1515 1652 1568 in
1707 1515 2051 1570 abscondito

405 1618 538 1658 eum
587 1600 983 1674 gloriﬁcantes
1030 1601 1090 1656 in
1141 1602 1483 1658 abscondito
1532 1603 1900 1675 gloriﬁcare;
1950 1605 2051 1674 qui

407 1706 540 1747 vero
569 1707 765 1746 coram
812 1690 1172 1757 hominibus,
1203 1696 1262 1746 et
1306 1693 1432 1762 ipse
1463 1709 1658 1747 coram
1693 1692 2050 1749 hominibus.

405 1779 751 1851 Quicunque
779 1781 956 1846 enim,
985 1779 1195 1851 inquit,
1222 1797 1312 1835 me
1333 1781 1638 1836 confessus
1660 1781 1835 1836 fuerit
1856 1799 2053 1838 coram

408 1868 770 1936 hominibus,
799 1868 1115 1924 confitebor
1157 1872 1213 1924 et
1241 1884 1367 1940 ego.
1415 1867 1476 1923 In
1511 1869 1602 1924 his
1641 1869 1690 1923 si
1727 1875 1920 1940 partes
1950 1870 2052 1925 Dei

2172 1874 2267 1923 τῶν
2332 1870 2628 1943 ἀνθρώπων
2675 1867 2903 1923 ἐνώπιον
2952 1873 3061 1922 τῶν
3120 1868 3417 1944 ἀνθρώπων
3453 1914 3466 1939 ,

2224 1960 2282 1971 ..Α
2456 1959 2468 1971 .
2561 1955 2578 1971 κ
2685 1959 2696 1971 ,
2899 1956 2912 1971 ς
3002 1957 3015 1971 ς
3067 1955 3080 1971 .
3144 1956 3153 1971 .
3380 1961 3406 1970 ..

409 1956 756 2028 susceperis,
814 1956 936 2011 haac
991 1956 1190 2012 divina
1246 1962 1348 2012 tua
1393 1961 1652 2028 potestas
1702 1958 2052 2030 perﬁcietur,

405 2062 511 2102 nec
542 2044 699 2100 aliud
732 2046 1060 2101 timendum
1111 2045 1296 2100 aderit
1323 2046 1394 2100 de
1425 2046 1643 2101 caeteris
1677 2063 1689 2099 ι
1739 2046 1841 2101 tibi
1874 2046 2056 2118 igitur

399 2135 736 2191 thesauriza
765 2135 918 2206 apud
957 2135 1135 2190 Deum
1170 2133 1392 2190 clarum
1425 2139 1480 2190 et
1499 2139 1770 2190 sanctum
1803 2152 2050 2204 nomen;

409 2224 605 2280 studio
653 2239 784 2278 vere
840 2223 1178 2278 accendaris
1246 2240 1360 2278 non
1420 2223 1654 2294 quidem
1706 2225 1900 2287 verbo,
1953 2225 2053 2278 sed

407 2329 616 2386 opere;
669 2329 784 2367 non
835 2311 989 2367 enim
1035 2329 1358 2378 sermones,
1407 2313 1507 2367 sed
1559 2329 1734 2384 opera
1787 2312 2055 2368 exhibere

411 2405 638 2473 oportet
681 2400 739 2456 in
789 2405 1050 2472 tempore
1096 2400 1305 2456 exitus.
1341 2401 1566 2456 Enitere
1617 2401 1903 2457 Phinees:
1941 2401 2058 2472 pla-

411 2506 482 2545 ca
511 2489 696 2545 Deum
720 2494 954 2561 propter
985 2489 1139 2544 mala
1185 2496 1332 2560 acta,
1359 2494 1422 2544 ut
1470 2491 1795 2545 corruentis
1825 2491 2052 2562 imperii

408 2578 640 2635 ruinam
666 2584 1086 2649 compescat,ac
1109 2579 1569 2634 Christianorum
1591 2579 1736 2634 ﬁnes
1761 2580 2054 2650 extendat,

412 2671 478 2722 ut
502 2667 730 2738 copiam
762 2667 1026 2722 omnium
1078 2667 1520 2722 commodorum
1554 2671 1610 2722 et
1657 2672 1891 2738 praestet
1923 2685 2054 2740 pro-

409 2756 524 2828 bis,
557 2760 621 2811 ut
651 2761 870 2827 pugnet
899 2759 1116 2822 tecum,
1141 2761 1199 2810 et
1228 2755 1547 2812 scabellum
1571 2756 1786 2828 pedum
1817 2762 2053 2811 tuorum

409 2849 590 2917 ponat
611 2860 782 2900 omne
813 2845 1124 2899 adversum
1152 2849 1209 2899 et
1239 2845 1451 2900 hostile
1483 2845 1740 2916 pulveris
1763 2845 1968 2912 instar,
1993 2851 2056 2900 ut

413 2932 639 2991 felicem
670 2933 772 2988 tibi
805 2932 1091 3005 largiatur
1139 2933 1344 2999 vitam,
1376 2937 1434 2988 et
1483 2933 1796 3006 imperium
1832 2933 1967 2990 ﬁliis
1998 2938 2056 2989 et

415 3022 686 3096 posteris,
713 3039 778 3078 ac
807 3021 866 3076 in
899 3022 1225 3077 mercedem
1274 3021 1492 3077 laboris
1524 3022 1928 3078 benedictione
1957 3024 2055 3077 be-

415 3112 646 3168 nedicat
673 3111 801 3181 tibi,
834 3111 1116 3166 Dominus
1144 3115 1202 3166 et
1250 3127 1383 3166 cum
1434 3112 1695 3166 terrestri
1747 3111 1910 3183 regni
1941 3111 2058 3184 glo-

413 3201 561 3258 riam
591 3201 874 3258 concedat
903 3199 1218 3257 caelestem.

415 3487 661 3560 Epicteto
687 3485 769 3560 ad,
811 3487 1195 3556 imperatorem
1223 3490 1296 3560 ut
1329 3487 1603 3560 instituat
1629 3487 1826 3543 liberos
1853 3491 1907 3543 et
1934 3489 2063 3543 sub-

712 3557 855 3613 ditos
884 3572 1072 3613 omne:
1099 3557 1393 3612 secundum
1420 3559 1518 3612 Dei
1540 3559 1768 3629 placita.

495 3736 644 3800 Quia
691 3735 843 3791 ﬁlios
907 3752 1022 3790 non
1073 3737 1244 3791 doces
1307 3751 1434 3806 quae
1501 3736 1878 3808 acceptabilia
1926 3741 2066 3793 sunt

421 3824 578 3896 apud
612 3825 921 3880 Dominum
947 3841 961 3892 ;
996 3825 1136 3896 quia
1166 3825 1478 3880 honestum
1510 3842 1625 3880 non
1657 3842 2065 3898 curas,quem-

420 3912 744 3968 admodum
791 3912 980 3968 bonus
1029 3913 1201 3969 debet
1250 3913 1707 3984 paterfamilias;
1761 3917 1900 3985 quia
1947 3916 2064 3986 pol-

420 4001 547 4057 luta
577 4007 634 4056 et
684 4002 1081 4057 contaminata
1129 4006 1218 4057 est
1257 4001 1540 4072 Ecclesia,
1569 4003 1649 4058 ita
1680 4007 1743 4057 ut
1794 4021 1907 4058 non
1945 4009 2066 4059 tan-

419 4095 547 4146 tum
580 4095 889 4146 arceantur
936 4092 1253 4163 digniores,
1284 4091 1385 4146 sed
1433 4092 1607 4146 etiam
1640 4092 1952 4147 audiantur
1984 4094 2063 4146 in-

425 4179 586 4252 digni
617 4180 1075 4236 sermooinantes
1119 4179 1177 4234 in
1227 4180 1641 4247 concionibus;
1675 4180 1813 4251 quia
1842 4198 1954 4235 non
1981 4199 2068 4237 so-

424 4268 550 4325 lum
584 4269 825 4342 ignarus
871 4268 1108 4325 relictus
1146 4273 1235 4324 est
1279 4267 1514 4339 vulgus,
1547 4270 1647 4323 sed
1693 4269 1867 4324 etiam
1903 4270 2064 4342 igno-

427 4359 626 4414 rantiae
658 4358 918 4413 veritatis
970 4357 1169 4413 omnia
1207 4374 1357 4412 vana
1401 4357 1734 4412 Judzeorum
1766 4363 1822 4413 et
1865 4364 2058 4414 Arme-

427 4448 660 4503 niorum
693 4447 948 4503 admista
986 4448 1184 4514 fuere;
1220 4446 1359 4518 quia
1404 4445 1735 4502 laborantes
1780 4463 1890 4502 non
1924 4448 2070 4517 diju-

425 4536 784 4603 dicaverunt,
815 4536 915 4591 sed
949 4535 1006 4590 in
1039 4535 1511 4607 corruptionibus
1527 4540 1586 4590 et
1614 4535 1919 4606 injustitiis
1949 4553 2070 4592 cor-

2159 625 2379 700 είρήνην
2431 625 2515 680 ἐπὶ
2568 627 2657 680 τὸν
2720 627 2848 682 λαὸν
2909 626 3071 680 αύτοῦ
3105 645 3119 693 ;
3157 626 3253 680 Διά
3307 630 3494 696 ταῦτα,
3549 624 3639 680 ’ίνα
3693 631 3808 687 τοῖς

2158 720 2274 776 σοῖς
2307 713 2494 790 λόγοις
2524 719 2846 791 χρήσωμαι,
2899 713 3217 790 παρακαλῶ,
3272 714 3593 790 παρακαλῶ,
3640 731 3808 790 παρα-

2156 802 2312 858 καλῶ
2363 805 2447 871 ιὴν
2503 804 2778 880 βασιλείάν
2838 825 2954 874 σου,
3007 802 3346 873 διαναστηθι.
3382 805 3703 878 Ἐχὲτωσαν
3753 803 3807 857 οἱ

2157 889 2505 964 ἀδικούμενοι
2574 893 2748 968 κρίσιν
2786 937 2799 962 ,
2857 894 2910 946 οἱ
2966 896 3435 967 κακοπραγοῦντες
3491 893 3589 960 τὴν
3651 892 3749 946 ἀνα
3782 923 3806 934 -

2157 981 2414 1056 χαίτισιν,
2447 981 2509 1035 σὺ
2555 987 2653 1050 τῆς
2703 979 3048 1048 δικαιοσύνης
3094 979 3183 1035 καὶ
3233 978 3490 1050 ἀληθείας
3534 982 3633 1049 τὴν
3668 982 3808 1035 ἀπο-

2159 1067 2332 1145 δοχὴν
2392 1071 2480 1124 καὶ
2536 1071 2624 1124 τὸν
2683 1069 2897 1124 ἔπαινον
2936 1114 2948 1127 .
3013 1069 3313 1145 Περίζωσαι
3377 1071 3476 1137 τήν
3535 1069 3808 1146 ῥομφαίαν

2161 1180 2256 1212 σου
2289 1158 2375 1213 ἐπὶ
2404 1158 2496 1214 τὸν
2530 1160 2704 1232 μηρόν
2756 1180 2851 1213 σου
2907 1159 3038 1230 μετά
3085 1161 3212 1213 Θεὸν
3267 1157 3317 1212 ἐν
3368 1164 3498 1212 πᾶσι
3537 1164 3652 1219 τοῖς
3684 1158 3812 1234 ἀγα-

2161 1253 2299 1316 θοῖς,
2351 1249 2440 1302 καὶ
2483 1245 2678 1302 ἓντεινε
2735 1248 2823 1302 καὶ
2882 1245 3176 1302 κατευοδοῦ
3215 1248 3304 1301 καὶ
3355 1245 3605 1322 βασίλευε
3632 1244 3810 1302 ἕνεκεν

2161 1334 2422 1406 ἀληθείας
2453 1337 2542 1391 καὶ
2588 1334 2933 1406 δικαιοσύνης
2980 1336 3068 1390 καὶ
3124 1333 3294 1406 ζήλου
3341 1337 3523 1390 θεϊκοῦ
3552 1336 3641 1389 καὶ
3674 1356 3811 1412 φρο-

2160 1427 2428 1496 νήματος,
2473 1424 2560 1478 ’ίνα
2590 1429 2623 1494 ἡ
2664 1430 2760 1480 τοῦ
2807 1430 2938 1480 Θεοῦ
2989 1423 3134 1494 δεξιά
3182 1427 3504 1497 θαυμαστῶς
3564 1421 3814 1500 ὁδηγήσῃ

2163 1535 2240 1578 σε,
2267 1512 2358 1568 ’ίνα
2389 1511 2602 1588 δοξάσῃ.
2641 1537 2670 1564 ‹‹
2700 1513 2844 1576 Τοὺς
2888 1515 2992 1589 γὰρ
3034 1511 3355 1583 δοξάζοντάς
3407 1533 3474 1585 με
3518 1510 3745 1583 δοξάζω,
3784 1537 3814 1562 »

2163 1602 2325 1672 φησὶν
2358 1603 2386 1656 6
2435 1602 2584 1664 Θεός.
2637 1603 2734 1658 Καὶ
2788 1599 2908 1656 οἶδα
2955 1601 3037 1656 ὅτι
3093 1599 3330 1672 δοξάζεις
3377 1600 3534 1656 αὐτὸν
3590 1601 3642 1655 ἐν
3689 1620 3816 1676 καρ-

2165 1687 2271 1760 δίᾳ.
2307 1690 2465 1746 Ἀλλ’
2495 1691 2645 1763 ὅμως
2677 1691 2845 1764 νόμος
2896 1690 3006 1744 ἐστὶ
3055 1693 3210 1758 Θεοῦ,
3258 1691 3387 1752 τοὺς
3436 1690 3678 1767 κρυφίως
3718 1688 3814 1743 αύ-

2161 1781 2252 1834 τὸν
2305 1777 2623 1852 δοξάζοντας
2669 1778 2912 1856 κρυφίως
2961 1777 3319 1849 ἀντιδοξάζειν
3355 1797 3367 1810 ’
3407 1778 3534 1841 τοὺς
3584 1777 3815 1833 ἐνώπιον

3525 1868 3660 1922 κατά
3713 1889 3774 1922 το
3797 1886 3810 1897 ’

2170 1981 2196 2006 ‹‹
2224 1960 2406 2018 Ὅστις
2450 1955 2840 2031 ὁμολογήσειεν
2896 1956 3018 2028 ἐμοὶ
3063 1955 3291 2010 ἐνώπιον
3341 1961 3446 2010 τῶν
3492 1955 3813 2028 ἀνθρώπων,

2165 2045 2503 2120 ὁμολογήσω
2534 2045 2706 2118 κάγώ.
2733 2070 2759 2095 ››
2794 2046 2878 2099 Ἐν
2933 2043 3145 2106 τούτοις
3197 2044 3242 2098 εί
3275 2043 3476 2118 σπεύσῃ
3518 2046 3653 2117 μετά
3683 2044 3812 2099 Θεὸν

2164 2137 2198 2204 ἡ
2232 2135 2289 2190 ἐκ
2318 2138 2451 2190 Θεοῦ
2485 2132 2732 2210 βασιλεία
2764 2155 2858 2187 σου
2904 2134 3039 2209 πρὸς
3087 2131 3456 2208 ἐκπλήρωσιν,
3504 2133 3603 2187 οὐκ
3649 2133 3815 2204 ὀκνή-

2166 2245 2330 2295 σομεν
2388 2223 2664 2300 ἀναφέρειν
2721 2223 2811 2276 καὶ
2869 2223 2993 2296 περὶ
3050 2226 3156 2276 τῶν
3221 2225 3428 2276 Λοιπῶν
3467 2267 3478 2277 .
3541 2218 3818 2295 Κέρδησον

2167 2311 2258 2368 οὖν
2293 2310 2380 2367 διὰ
2409 2312 2500 2366 τὸν
2545 2313 2672 2367 Θεὸν
2718 2313 2778 2366 τὸ
2832 2309 3000 2366 καλὸν
3049 2310 3137 2366 καὶ
3189 2313 3341 2385 ἅγιον
3393 2305 3589 2383 ὄνομα.
3624 2309 3815 2380 Ζήλω-

2167 2421 2256 2456 σον
2291 2401 2510 2470 ἀληθῶς
2543 2402 2618 2472 μή
2652 2401 2826 2474 λόγῳ,
2861 2399 2990 2454 ἀλλ’
3037 2398 3199 2475 ἔργῳ.
3256 2399 3329 2454 Οὐ
3377 2401 3482 2475 γὰρ
3529 2400 3730 2475 λόγους
3762 2399 3816 2455 ἐν

2164 2495 2338 2563 καιρῷ
2387 2487 2609 2560 ἐξόδου,
2662 2488 2788 2544 ἀλλ’
2839 2485 2966 2565 ἔργα
3017 2489 3178 2564 χρεία
3226 2485 3548 2561 ἐνδείξασθαι
3583 2535 3593 2546 .
3657 2494 3820 2544 Γενοῦ

2168 2580 2376 2640 Φινεὲς.
2439 2578 2709 2649 Ἐξίλασαι
2770 2579 2901 2653 ὑπὲρ
2959 2581 3066 2632 τῶν
3122 2582 3302 2640 κακῶς
3352 2579 3684 2651 γενομένων,
3737 2576 3821 2633 ἵνα

2166 2670 2201 2738 ἡ
2259 2669 2478 2743 θραῦσις
2536 2667 2788 2739 κοπάσῃ,
2841 2666 2934 2720 ’ἱνα
2993 2665 3058 2720 τὰ
3121 2671 3228 2720 τῶν
3299 2671 3632 2741 Χριστιανῶν
3693 2666 3817 2741 ὅρια

2165 2756 2413 2830 πλατύνῃ
2444 2757 2472 2810 ὁ
2503 2757 2653 2824 Θεὸς,
2703 2753 2794 2810 ’ίνα
2842 2753 3092 2826 εὐθηνίαν
3141 2759 3252 2808 τῶν
3291 2753 3576 2831 χρειωδῶν
3615 2757 3814 2831 παρέξῃ

2166 2847 2301 2921 πρὸς
2326 2846 2388 2900 τὸ
2422 2846 2684 2915 ὑπήκοον,
2709 2844 2799 2899 τίνα
2852 2845 3240 2919 ὑπερμαχήσοι
3287 2865 3396 2915 σοι,
3420 2843 3510 2898 ’ίνα
3543 2845 3644 2898 ὑπὸ
3682 2843 3813 2906 τοὺς

2165 2931 2335 2996 πόδας
2383 2932 2512 2996 τοὺς
2579 2933 2705 2995 σοὺς
2767 2931 3068 3006 καταλεάνῃ
3114 2931 3288 2987 πάντα
3335 2931 3528 3009 ἐχθρὸν
3575 2932 3662 2986 καὶ
3712 2952 3810 2986 πο·-

2165 3022 2358 3097 λὲμιον
2410 3020 2567 3092 δίκην
2618 3027 2946 3099 κυνιορτοῦ,
2973 3019 3066 3076 ’ίνα
3122 3019 3440 3096 μακραίωνα
3481 3042 3563 3076 σοι
3609 3020 3812 3098 παρέξῃ

2168 3114 2334 3182 ζωὴν,
2359 3109 2449 3165 ’ίνα
2476 3113 2576 3180 τὴν
2622 3109 2899 3187 βασιλείαν
2953 3110 3106 3164 παισὶ
3148 3111 3239 3164 καὶ
3287 3109 3533 3186 ἐγγόνοις
3583 3131 3677 3164 σου
3725 3107 3815 3164 διὰ

2165 3201 2258 3263 τὰς
2318 3203 2414 3262 σάς
2489 3200 2682 3275 ἀρετὰς
2737 3199 3074 3276 παραπέμψῃ
3151 3205 3362 3274 γενεαῖς
3425 3203 3620 3273 γενεῶν
3657 3245 3670 3271 ,
3731 3196 3818 3253 ἵνα

2087 3272 2131 3339 C
2169 3290 2260 3345 σὺν
2311 3293 2378 3362 τῇ
2430 3287 2652 3364 ἐπιγείῳ
2713 3287 2963 3364 βασιλείᾳ
3017 3286 3217 3362 παρέξῃ
3274 3308 3356 3342 σοι
3427 3288 3518 3342 καὶ
3571 3289 3670 3356 τὴν
3731 3287 3818 3341 οὐ·

2171 3399 2262 3453 ραν
2273 3399 2351 3432 ιον
2361 3423 2374 3436 σ

2173 3485 2408 3571 Γράμμα
2467 3484 2611 3571 πρὸς
2659 3484 2753 3571 τὸν
2809 3482 3223 3571 αύτοκράτοραξ
3266 3480 3666 3571 Ἱναὶπαιδεύῃη
3692 3483 3820 3571 τοὺς

2241 3553 2391 3630 υῖούς
2451 3553 2615 3610 αύτοῦ
2675 3555 2750 3616 είς
2805 3556 2872 3609 τά
2926 3553 3005 3628 τῷ
3034 3553 3150 3628 Θεῷ
3199 3554 3412 3630 ἀρεστὰ,
3467 3553 3557 3608 καὶ
3598 3553 3701 3608 πᾶν
3757 3554 3823 3608 τὸ

2246 3627 2485 3698 ὑπήκοον
2497 3672 2508 3682 .

2245 3735 2362 3788 Ὀτι
2401 3734 2477 3806 μή
2506 3731 2635 3794 τοὺς
2685 3731 2834 3794 υἱούς
2883 3730 3158 3794 παιδεύεις
3208 3731 3283 3793 είς
3329 3733 3398 3786 τὰ
3432 3733 3511 3802 τῷ
3561 3736 3676 3803 Θεῷ
3705 3751 3823 3807 αρε-

2175 3821 2290 3876 στά·
2323 3821 2407 3877 ὅτι
2454 3826 2551 3876 τοῦ
2603 3821 2845 3892 ὑπηκόου
2897 3823 2972 3894 μὴ
3006 3825 3214 3895 προνοῇ
3256 3821 3331 3882 ὡς
3375 3818 3584 3875 παίδων
3617 3822 3819 3891 πατήρ-

2173 3911 2256 3966 δτι
2289 3907 2616 3981 ἐϐεϐηλώθη
2666 3911 2754 3965 καὶ
2798 3905 3112 3980 κατεϐλήθη
3165 3913 3200 3978 ἡ
3258 3907 3573 3979 Ἐκκλησία,
3619 3909 3694 3970 ὡς
3742 3910 3819 3981 μὴ

2179 3999 2342 4073 μόνον
2389 4000 2480 4062 οὓς
2527 3999 2834 4072 ἀγνοοῦσιν,
2886 3997 3033 4054 ἀλλά
3078 3999 3168 4053 καὶ
3220 3998 3313 4061 οὓς
3344 3995 3552 4053 οἴδασιν
3579 3997 3822 4068 ἀναξίους

2176 4087 2405 4162 εἰσάγειν
2435 4093 2513 4160 τῷ
2629 4109 2774 4160 ματι·
2809 4087 2891 4142 ὅτι
2925 4086 2988 4142 ού
3040 4088 3115 4160 μὴ
3173 4087 3336 4160 μόνον
3377 4085 3661 4149 ἀδίδακτος
3691 4105 3820 4141 κατ-

2177 4177 2399 4255 ελείφθη
2461 4178 2488 4230 ὁ
2545 4178 2725 4237 κοινὸς
2784 4176 2936 4249 λαὸς,
2998 4173 3262 4231 ἀλλὰκαὶ
3313 4181 3383 4249 τῇ
3418 4176 3690 4253 εἰσαγωγῇ
3746 4175 3824 4236 ὡς

2177 4265 2276 4321 οὐκ
2331 4260 2560 4343 ὤφειλεν
2624 4263 2896 4319 Ἰουδαίων
2951 4264 3040 4319 καὶ
3095 4263 3391 4340 Ἀρμενίων
3449 4264 3767 4338 καταμιαίνε
3799 4297 3822 4306 -

2174 4375 2282 4410 ται·
2343 4354 2424 4409 ὅτι
2485 4356 2534 4409 οἳ
2593 4354 2928 4430 ἐνεργοῦντες
2988 4353 3086 4408 οὐκ
3141 4353 3534 4429 ἀνακρίνονται,
3584 4351 3712 4408 ἀλλ’
3766 4353 3820 4407 ἐν

2176 4443 2471 4516 ἀκαθαρσίᾳ
2539 4443 2626 4498 καὶ
2704 4441 2886 4514 ἀδικίᾳ
2961 4441 3280 4517 πορεύονται
3315 4461 3328 4476 ·
3390 4442 3473 4498 ὅτι
3529 4435 3724 4516 ἐκρύϐῃ
3783 4444 3818 4510 ἡ

2179 4531 2410 4603 ἀλήθεια
2455 4532 2542 4587 καὶ
2597 4529 2904 4601 δικαιοσύνη
2955 4532 3046 4586 καὶ
3096 4531 3271 4607 κρίσις
3319 4530 3408 4586 καὶ
3455 4529 3625 4591 ἔλεος·
3675 4528 3759 4584 δτι
3791 4530 3820 4584 ὁ

424 4631 717 4693 ruerunt;
767 4625 908 4694 quia
963 4624 1190 4680 occulta
1237 4629 1328 4679 est
1373 4625 1586 4679 veritas
1636 4631 1692 4679 et
1731 4624 1966 4693 justitia
2015 4631 2059 4680 e1

2176 4627 2274 4678 τοῦ
2303 4626 2436 4678 Θεοῦ
2467 4621 2598 4683 λαὸς
2630 4621 2680 4691 ἐξ
2725 4620 2956 4693 Ἰσμαὴλ
3003 4618 3278 4696 παρεδόθη
3334 4617 3424 4674 διὰ
3457 4618 3710 4695 μοιχείας
3739 4619 3824 4673 at-

423 4714 668 4786 tsquitas
693 4713 880 4786 ;:quia
912 4713 1165 4786 populus
1188 4713 1414 4768 Domini
1447 4714 1519 4768 ab
1551 4713 1795 4768 Ismaele
1828 4715 1884 4768 in
1908 4713 2072 4769 adul-

421 4803 568 4858 teria
607 4803 940 4859 incestuosa
989 4802 1260 4868 traditur,
1293 4808 1350 4858 et
1398 4803 1457 4857 in
1489 4819 1696 4874 pravas
1747 4803 2069 4858 bestiarum

424 4891 796 4963 cupiditates,
831 4897 888 4947 et
933 4891 992 4946 in
1025 4891 1327 4946 infandum
1381 4890 1811 4963 blasphemiam
1860 4897 1916 4946 et
1946 4908 2069 4946 ma-

425 4980 585 5054 giam
629 4984 686 5034 et
732 4979 1082 5051 injustitiam
1111 5005 1125 5047 ;
1158 4980 1295 5051 quia
1347 4980 1620 5051 nuspiam
1667 4996 1944 5035 concessa
1986 4983 2074 5035 est

428 5069 638 5126 mortis
665 5068 988 5141 impunitas
1009 5067 1287 5125 solitariis
1318 5073 1374 5123 et
1394 5069 1700 5124 monachis
1725 5086 1738 5136 ;
1772 5069 1910 5140 quia
1930 5069 2071 5124 dum

425 5163 666 5232 possent
713 5161 771 5213 et
815 5157 1152 5212 communia
1212 5162 1268 5212 et
1315 5156 1550 5228 propria
1603 5161 1837 5228 propter
1888 5157 2074 5212 Domi-

428 5264 571 5306 num
603 5252 661 5303 et
709 5263 843 5302 cum
900 5246 1145 5302 Domino
1197 5261 1367 5317 agere
1417 5263 1520 5301 nec
1550 5262 1666 5301 non
1720 5246 1906 5302 colere
1936 5262 2071 5300 con-

421 5340 813 5408 tempserunt,
847 5333 1041 5407 potius
1089 5335 1296 5390 inutile
1343 5339 1670 5401 sectantes;
1702 5335 1840 5405 quia
1874 5335 2072 5390 missis

423 5427 629 5498 copiis,
693 5441 806 5480 non
867 5429 957 5479 est
1003 5441 1037 5478 a
1099 5439 1214 5494 quo
1281 5423 1802 5494 reprehendantur,
1841 5429 1897 5478 et
1965 5423 2075 5478 iter

429 5531 601 5588 agere
632 5530 766 5569 cum
797 5512 1026 5570 Christo
1059 5512 1478 5581 reformidant;
1503 5513 1561 5567 in
1593 5512 1895 5568 adulteriis
1917 5529 2070 5578 vero,

425 5611 488 5661 et
508 5602 766 5659 ozedibus
814 5602 1144 5674 rapiuntur,
1179 5607 1236 5656 et
1283 5600 1477 5670 furtis,
1510 5606 1566 5656 et
1611 5602 1886 5657 omnibus
1919 5601 2073 5657 unde

422 5693 728 5755 victoriam
759 5695 1232 5764 consequantur;
1266 5689 1406 5762 quia
1452 5690 1703 5748 scientes
1732 5690 2072 5748 Judaaorum

2185 4711 2459 4784 μομιξίας,
2507 4709 2596 4764 καί
2644 4716 2855 4780 κτηνῶν
2904 4709 2994 4764 καὶ
3041 4709 3282 4786 ἀῤῥένων
3335 4709 3544 4782 μανίαν,
3594 4709 3684 4762 καὶ
3724 4709 3824 4778 τὴν

2180 4800 2542 4854 ἀνυπόστατον
2597 4798 2946 4876 βλασφημίαν
2986 4798 3077 4853 καὶ
3127 4798 3375 4875 γοητείαν
3429 4798 3520 4853 καὶ
3576 4794 3826 4852 ἀδικίαν⁸

2182 4887 2264 4942 ὅτι
2319 4885 2577 4944 οὐδέποτε
2633 4885 2784 4944 ἄδεια
2831 4885 3106 4950 ἀπωλείας
3159 4885 3320 4958 ἐδόθη
3367 4885 3603 4956 τοσαύτη
3659 4904 3827 4959 μονα-

2184 4976 2398 5046 ζούσαις
2448 4975 2536 5032 καὶ
2591 4983 2880 5054 μοναχαῖς·
2935 4976 3016 5032 ὅτι
3058 4975 3355 5050 νυνάμενος
3413 4975 3504 5031 καὶ
3560 4975 3628 5030 τὰ
3673 4976 3832 5030 κοινά

2179 5067 2270 5121 καὶ
2316 5065 2385 5120 τὰ
2440 5062 2552 5121 ἷ¹δια
2599 5063 2688 5120 διὰ
2736 5064 2938 5141 Κυρίου
2984 5065 3073 5120 καὶ
3127 5066 3261 5138 μετά
3309 5063 3507 5140 Κυρίου
3555 5069 3829 5127 ποιεῖσθαι

2180 5154 2268 5210 καὶ
2325 5155 2548 5209 κτᾶσθαι
2604 5154 2926 5210 ταπείνωσιν
2980 5155 3079 5223 τὴν
3141 5153 3402 5227 ὁψοποιὸν
3432 5196 3445 5220 ,
3505 5152 3834 5229 προέκρινας

2179 5245 2244 5299 τὸ
2272 5239 2588 5316 ἀσύμϐολον
2614 5267 2627 5279 ·
2675 5243 2758 5300 ὅτι
2804 5243 3222 5317 ἐκπεμπομένου
3263 5246 3492 5317 στρατοῦ
3541 5242 3642 5298 οὐκ
3689 5240 3830 5297 ἔστιν

2182 5335 2503 5397 ὁνουθετῶν
2559 5333 2784 5395 τούτους
2838 5333 2930 5387 καὶ
2989 5327 3233 5410 ἐκφοϐῶν
3285 5329 3487 5387 ὁδεύειν
3538 5333 3672 5405 μετὰ
3699 5336 3836 5407 Χρι-

2183 5427 2329 5477 στοῦ·
2380 5421 2526 5478 ἀλλά
2574 5421 2850 5499 μοιχείαις
2898 5421 2986 5476 καὶ
3037 5423 3304 5498 ἁρπαγαῖς
3341 5420 3688 5497 πρόσκεινται
3741 5419 3837 5475 καὶ

2180 5509 2434 5572 κλοπαῖς.
2484 5511 2572 5566 καὶ
2637 5511 2795 5566 πόθεν
2847 5508 3024 5580 ἔζουσι
3070 5512 3135 5566 τὸ
3199 5514 3347 5581 νικᾷν
3390 5531 3402 5545 ·
3461 5508 3543 5565 δτι
3609 5527 3836 5586 καταγι-

2181 5601 2477 5662 νώσκοντες
2532 5601 2632 5668 τὴν
2679 5605 2784 5654 τῶν
2836 5597 3106 5655 Ἰουδαίων
3168 5599 3438 5655 ἀπείθειαν
3492 5599 3581 5653 καὶ
3633 5617 3834 5674 παρα-

2181 5689 2399 5764 νομίαν,
2451 5685 2521 5743 δι’
2567 5691 2628 5760 ἣν
2673 5686 3108 5767 ὡλοθρεύθησαν,
3158 5687 3486 5764 ἀπιιθοῦμεν
3523 5689 3694 5764 ἡμεῖς.
3739 5687 3832 5743 καὶ
