4110 6468
262 475 365 542 513

1743 451 2163 521 ΕΡιΒΤΟἱηΕ.

3535 457 3654 519 5M

260 609 676 683 παρανθμοῦμεν
712 599 975 676 μειζόνως
1025 597 1148 653 ὅσον
1199 592 1510 650 συνδούλων
1563 592 1759 648 ἐκεῖνοι
1797 611 1898 645 κοι-
1930 599 1974 662 Α

2061 593 2329 648 ecitatem
2357 609 2424 648 ac
2454 592 2955 665 praevaricationes
2985 608 3054 647 ex
3084 591 3300 663 quibus
3331 591 3651 663 perierunt,

258 680 662 775 ταιρρονοῦντες,
710 695 805 746 τοῦ
855 687 914 746 δὲ
954 686 1217 744 δεσπότου
1267 684 1357 740 καὶ
1411 680 1678 775 βασιλέως
1720 683 1898 775 ’ἡμεῖς

259 766 611 860 καϊμεγάλου
642 784 796 836 Θεοῦ.
848 777 911 834 Εἰ
961 777 1055 832 οὖν
1105 773 1296 830 τούτον
1351 773 1484 846 μετὰ
1533 770 1660 826 Θεὸν
1704 769 1776 830 ὡς
1808 766 1904 822 δυ-

260 858 404 932 νατὸν
449 858 769 931 σπουδάσεις
799 869 897 936 τὴν
945 864 1188 938 ἄμειψιν,
1240 863 1302 919 οὖ
1339 863 1501 936 μόνον
1533 862 1633 928 τῆς
1673 858 1906 926 ἀπειλῆς

261 965 543 1040 ὑπέρτερος
593 957 707 1032 ἔσῃ,
762 957 898 1030 μετά
944 958 1040 1009 σοῦ
1095 951 1267 1007 δὲκαὶ
1318 950 1380 1004 τὸ
1431 949 1714 1018 ὑπήκοον,
1765 942 1912 1000 ἀλλὰ

263 1032 366 1112 καὶ·
396 1032 538 1126 πρὸς
584 1047 752 1120 ταύτῃ
803 1048 873 1118 τῇ
935 1041 1187 1119 βασιλείᾳ
1244 1037 1470 1114 ἁρπάσει
1529 1035 1618 1091 καὶ
1665 1035 1764 1103 τὴν
1817 1032 1908 1087 οὐ-

269 1146 356 1219 ράν
367 1163 445 1202 ιον
456 1185 470 1198 .

275 1463 519 1539 Γράμμα.
559 1457 684 1539 περὶ
761 1459 856 1516 τοῖ’)
921 1453 1258 1539 συναχθῆναι
1331 1447 1490 1539 τούςκ
1529 1447 1804 1539 ἀρχιερειις
1867 1442 1918 1499 ἐν

340 1520 409 1607 τῇ
431 1520 605 1607 ’Χώρᾳ
632 1520 781 1607 ξπως
798 1529 992 1586 κοινῶς
1012 1520 1259 1578 ἀπελθεῖν
1283 1522 1420 1597 πρὸς
1436 1520 1527 1575 τὸν
1554 1520 1922 1594 αὐτοκράτορα

343 1599 504 1681 χᾶριν
529 1599 796 1678 ὡφελείας
836 1603 1049 1666 κοινῆς.

344 1727 491 1784 Ἐπεὶ
547 1723 768 1780 ἕκαστον
848 1724 956 1775 τῶν
1031 1715 1337 1794 ἱερωτάτων
1413 1713 1713 1790 ἀρχιερέων
1788 1709 1924 1786 πρὸς

279 1818 549 1896 λαχοῦσαν
598 1813 876 1890 πρόκειται
944 1805 1238 1876 ἀπελθεῖν,
1299 1803 1398 1858 sici
1454 1800 1510 1857 δὲ
1560 1822 1681 1856 τινα
1736 1806 1925 1868 κοινῆς

279 1889 502 1982 deditam
558 1899 758 1963 ἱκεσίας
807 1898 941 1974 πρὸς
997 1898 1088 1951 τὸν
1147 1897 1466 1972 κρατοῦντα,
1527 1893 1641 1948 οἷον
1696 1889 1763 1944 τὰ
1815 1892 1923 1943 τῶν

2015 681 2087 736 iis
2119 682 2462 748 abutuntur,
2498 681 2669 736 fidem
2703 681 3012 736 amisimus
3061 697 3168 736 nos
3217 684 3273 736 et
3320 679 3655 752 praevarica-

2016 769 2171 825 tione
2230 770 2434 841 majori
2495 769 2852 842 praevaricati
2911 786 3156 839 sumus,
3216 769 3276 823 hi
3335 767 3658 840 coaequales

2017 875 2215 914 servos
2246 863 2705 922 contemnentes,
2740 876 2844 914 nos
2875 875 3006 914 vero
3035 858 3343 913 Dominum
3378 862 3435 912 et
3465 873 3660 929 regem

2022 953 2286 1002 nostrum
2337 964 2614 1019 maguum
2669 948 2872 1002 Deum.
2927 949 3287 1019 Quapropter
3341 947 3401 1001 in
3460 945 3553 1001 his
3612 945 3663 1000 si

2027 1041 2206 1091 Deum
2238 1041 2526 1107 quantum
2577 1036 2697 1090 fieri
2746 1040 2938 1108 potest
2967 1053 3222 1108 querere
3253 1035 3572 1102 studueris,
3603 1034 3664 1089 in

2027 1126 2352 1180 mercedem
2385 1125 2620 1192 laboris,
2655 1142 2770 1179 non
2812 1125 3181 1180 solummodo
3213 1139 3438 1179 errores
3468 1122 3663 1179 debel-

2026 1213 2256 1280 laveris,
2292 1213 2393 1268 sed
2426 1214 2601 1268 etiam
2646 1213 2863 1280 locum,
2895 1213 3231 1282 honestum,
3263 1230 3330 1269 ao
3381 1216 3513 1285 post
3558 1212 3668 1268 hoc

2028 1318 2271 1374 regnum
2309 1301 2630 1357 lucraberis
2658 1307 2716 1357 et
2745 1301 2996 1358 caeleste.

2028 1445 2270 1519 Epistola
2298 1445 2366 1501 de
2395 1446 2795 1519 congregandis
2824 1449 2883 1500 in
2925 1445 3115 1503 Charm
3144 1448 3488 1502 monasterio
3517 1462 3671 1515 prcs-

2102 1517 2309 1588 byteris
2369 1522 2429 1571 ut
2485 1516 2554 1573 ad
2611 1519 2996 1588 imperatorem
3052 1520 3356 1574 communis
3408 1519 3675 1574 utilitati:

2101 1605 2265 1642 causa
2293 1589 2462 1644 simul
2490 1591 2832 1644 conveniant.

2105 1712 2269 1770 Nunc
2318 1728 2801 1784 unumquemque
2857 1712 3324 1782 praestantiorum
3380 1713 3675 1785 presbyte—

2036 1819 2234 1858 rorum
2260 1802 2429 1872 juxta
2469 1806 2683 1857 sortem
2735 1800 2965 1856 mittere
3011 1803 3279 1872 expedit;
3329 1807 3470 1858 sunt
3518 1804 3675 1859 enim

2039 1892 2305 1964 quaedam
2357 1891 2428 1946 de
2475 1891 2691 1962 quibus
2740 1890 2985 1962 publica)
3028 1907 3228 1962 preces
3259 1892 3498 1963 agendae
3544 1895 3684 1948 sunt

279 1977 542 2052 Λατίνων·
586 1992 676 2046 καὶ
725 1987 873 2052 ὅπως
926 1984 1097 2047 ἀδεῶς
1143 1981 1411 2038 διδάσκειν
1456 1979 1682 2041 τούτους
1733 1977 1974 2050 ἀκούω]

2061 1981 2194 2052 ιρυᾶ
2224 1979 2658 2051 imperatorem,
2700 1984 2901 2052 utpote
2945 1981 3018 2036 de
3070 1980 3328 2047 Latinis;
3361 1983 3426 2035 ut
3473 1996 3685 2036 sucure

285 2106 375 2158 μεν
407 2130 422 2154 ,
476 2081 569 2137 καὶ
618 2072 1014 2135 καταϐλάπτειν
1071 2077 1178 2130 τῶν
1235 2069 1572 2147 ἀστηρίκτων
1632 2065 1878 2129 πολλούς
1914 2087 1925 2098 ·

285 2155 344 2229 οὐ
403 2169 522 2226 δεον
568 2172 718 2242 ἡμᾶς
768 2163 1122 2238 ἀθεράπευτον
1177 2164 1336 2217 τοῦτο
1384 2155 1780 2218 καταλιπόντας
1813 2156 1933 2210 ἀνα-

285 2265 509 2340 χωρεῖν·
562 2258 654 2313 καὶ
705 2253 771 2325 δὴ
820 2255 911 2310 καὶ
959 2253 1088 2328 πυρὶ
1135 2255 1243 2306 τῶν
1295 2247 1567 2306 Ἰουδαίων
1612 2245 1701 2302 καὶ
1733 2246 1932 2321 ’Δρμε-

287 2332 432 2420 ν’ίων,
466 2349 617 2410 ὅπως
668 2343 945 2418 ἐξέλθωσι·
978 2341 1067 2396 καὶ
1121 2339 1218 2394 ὅσα
1264 2343 1486 2394 τοιαῦτα
1529 2333 1656 2413 ἔργα
1703 2332 1934 2410 θεοφιλῆ

287 2439 491 2501 ἱκεσίας
537 2443 725 2505 κοινῆς
773 2431 1033 2506 δεόμενα·
1088 2430 1222 2507 πρὸς
1272 2425 1329 2483 δὲ
1375 2427 1465 2482 καὶ
1516 2423 1604 2481 διὰ
1650 2427 1750 2494 τὴν
1805 2444 1933 2479 κατ-

290 2529 603 2604 επείγουσαν
663 2522 805 2599 ὥραν
860 2525 958 2576 τοῦ
1039 2519 1227 2592 θέρους
1263 2536 1275 2548 ·
1336 2515 1426 2572 διὰ
1497 2520 1664 2570 ταῦτα
1720 2512 1879 2570 κελεύ
1912 2545 1935 2554 -

291 2638 433 2691 σατε,
498 2614 635 2690 μετᾶ
691 2612 752 2667 τὸ
811 2609 1100 2686 γεύσασθαι
1155 2606 1303 2680 ἡμὰς
1345 2610 1414 2680 τῇ
1472 2608 1712 2680 Κοριακῇ
1782 2622 1937 2657 συνα-

293 2689 490 2783 χθῆναι
565 2701 654 2758 καὶ
698 2702 838 2774 ὁμοῦ
896 2697 1144 2753 ἀπελθεῖν
1199 2696 1336 2772 πρὸς
1396 2691 1765 2770 αὐτοκράτορα
1798 2735 1810 2748 .
1867 2689 1940 2744 Οὐ

294 2781 394 2872 vim
428 2794 799 2867 o’ipatwroii'cov
845 2787 1174 2862 παρόψεσθαι
1223 2785 1284 2838 τὸ
1334 2782 1611 2844 Αυσιτελὶς
1657 2789 1756 2850 τῆς
1790 2781 1942 2850 αἰτή-

298 2866 451 2945 σεως.
493 2866 601 2949 illi,
665 2879 755 2933 οὗν
801 2873 890 2931 διὰ
939 2876 1031 2930 τὸν
1083 2873 1275 2948 Κόριον
1323 2869 1392 2926 δι’
1437 2866 1592 2926 ὄκνον
1636 2869 1942 2947 ἀπολειφθῇ

293 2995 376 3035 τις
405 3017 417 3030 .
470 2970 533 3025 Εἰ
585 2966 675 3023 οὖν
721 2966 934 3043 κρίνατε
979 2961 1119 3031 δεον,
1163 2959 1506 3033 συνέλθωμεν
1540 2960 1591 3013 ἐν
1635 2963 1704 3033 τῇ
1742 2959 1902 3034 χώρᾳ
1929 3003 1943 3030 ,

293 3062 535 3117 κάκεῖθεν
569 3059 711 3132 ὁμοῦ
738 3061 856 3116 τοῖς
892 3053 1198 3130 βασιλεῦσιν
1234 3049 1564 3126 ἐντύχωμεν.

2041 2069 2339 2141 patiantur
2387 2069 2592 2123 docere
2645 2069 2970 2136 audientes,
3021 2073 3077 2125 et
3133 2067 3422 2141 plurimos
3482 2069 3685 2125 redar-

2041 2174 2218 2229 guere
2248 2157 2649 2212 imbecillium.
2677 2157 2800 2215 Non
2832 2157 2988 2213 enim
3021 2162 3321 2230 prmstaret
3348 2174 3455 2214 nos
3487 2157 3684 2230 negle-

2044 2251 2134 2301 cta
2183 2245 2303 2301 haec
2346 2245 2740 2317 relinquentes
2790 2246 2988 2314 abire;
3024 2247 3124 2302 sed
3176 2263 3206 2301 e
3257 2252 3459 2303 contra
3505 2251 3563 2302 et
3613 2247 3684 2302 de

2041 2336 2262 2392 Judaeis
2293 2340 2349 2390 et
2383 2335 2692 2406 Armeniis,
2729 2341 2792 2391 ut
2830 2335 3310 2406 proﬁciscantur;
3342 2341 3398 2392 et
3445 2337 3558 2392 alia
3605 2337 3683 2392 si-

2045 2425 2211 2480 milia
2257 2425 2409 2496 apud
2469 2429 2647 2479 Deum
2699 2425 3095 2496 acceptabilia,
3136 2426 3209 2482 de
3256 2426 3472 2498 quibus
3521 2441 3689 2498 prece

2047 2513 2280 2586 publica
2328 2530 2476 2584 opus
2515 2517 2622 2581 est,
2664 2530 2931 2586 agamus,
2963 2515 3035 2570 oh
3075 2520 3485 2586 properantem
3533 2515 3690 2570 diem

2049 2603 2280 2658 messis.
2317 2602 2678 2674 Quapropter
2709 2603 2830 2658 haec
2870 2603 3273 2673 dijudicastis,’
3296 2604 3559 2660 studium
3592 2620 3695 2662 ex.-

2051 2692 2226 2764 periri
2261 2693 2317 2746 in
2349 2691 2692 2757 Dominicis,
2725 2697 2781 2747 et
2809 2708 3180 2764 congregare,
3213 2697 3271 2749 et
3314 2709 3432 2749 una
3462 2693 3696 2750 mittere

2052 2783 2122 2836 ad
2157 2782 2586 2853 imperatorem.
2619 2781 2744 2836 Non
2795 2787 2945 2837 certe
2993 2798 3200 2837 censeo
3244 2782 3395 2838 hanc
3433 2788 3691 2839 contem-

2053 2871 2305 2925 nendam
2343 2869 2542 2925 utilem
2572 2870 3066 2941 postulationem;
3101 2875 3159 2926 et
3208 2872 3418 2927 idcirco
3453 2888 3556 2943 per
3587 2878 3692 2928 Do-

2056 2960 2305 3024 minum,
2336 2959 2580 3015 timidus
2633 2960 2884 3031 quisque
2932 2959 3393 3032 derelinquatur,
3425 2978 3492 3016 ac
3520 2962 3694 3016 dum-

2057 3051 2228 3105 modo
2259 3051 2568 3120 expediens
2601 3050 2871 3122 putastis,
2905 3050 3302 3105 coadunemur
3342 3051 3401 3106 in
3450 3052 3699 3124 regioni-

2061 3141 2191 3208 bus,
2218 3139 2297 3194 ibi
2331 3142 2614 3209 una"_cum
2645 3139 3072 3210 imperantibus
3102 3139 3463 3212 colloquium
3495 3140 3700 3196 acturi.

1472 3515 2549 3674 ATHANASII

1671 3774 1788 3834 ΟΡ.
1837 3773 2367 3834 PATRIAItCH/E

625 3926 790 4020 DE
860 3922 1647 4018 NECESSARIA
1711 3922 2597 4017 EPISCOPOBUM
2667 3924 3426 4020 RESIDENTIA

1180 4114 2182 4248 EPISTOLIE
2292 4116 2858 4258 OCTO.

695 4333 911 4405 (Latino
939 4333 1112 4390 edidit
1137 4333 1446 4390 Turrianus
1474 4333 1546 4388 ad
1577 4331 1790 4388 calcem
1815 4330 1944 4387 libri
1974 4332 2049 4388 De
2076 4331 2371 4389 recidentia
2392 4342 2702 4404 pastorum,
2736 4335 2814 4401 4ο,
2847 4335 3146 4392 Florentiae
3177 4338 3358 4409 1557.)

1933 4466 2130 4479 -

939 4563 1289 4621 EPISTOLA
1328 4565 1370 4620 Ι.

332 4690 668 4747 Athanasius
695 4688 1017 4760 patriarcha
1048 4688 1703 4760 Constantinopolitanus,
1736 4691 1983 4760 episcopo

432 4761 626 4832 Creta,
653 4761 862 4817 volenti
887 4761 1163 4832 proﬁcisci
1201 4760 1270 4818 ad
1310 4762 1677 4832 episcopatum
1705 4777 1886 4817 suum.

405 4920 763 4977 Charissime
802 4920 882 4975 mi
914 4919 1090 4976 frater
1119 4923 1175 4974 et
1204 4918 1627 4988 comminister,
1660 4921 1850 4993 gratia
1879 4920 1983 4976 tibi

335 5018 391 5067 et
441 5028 552 5084 pax
599 5026 632 5066 a
683 5009 823 5064 Deo.
855 5007 1176 5064 Consilium
1211 5008 1368 5064 istud
1403 5013 1570 5067 tuum
1604 5027 1667 5064 ac
1717 5008 1983 5066 voluntas

338 5116 466 5170 quae
515 5098 588 5154 ad
639 5113 811 5153 aures
860 5112 1021 5152 meas
1069 5096 1290 5168 perlata
1340 5101 1448 5166 est,
1477 5097 1642 5153 fortis
1685 5096 1987 5171 virilisque

339 5188 544 5257 animi,
580 5203 647 5242 ac
677 5202 918 5241 sursum
948 5189 1178 5242 tantum
1210 5185 1567 5257 aspicientis,
1601 5187 1841 5259 verique
1887 5204 1986 5260 pa-

341 5276 542 5344 storis,
568 5292 701 5332 vere
730 5291 799 5332 ac
827 5275 1087 5348 legitime
1117 5275 1416 5341 certantis,
1438 5279 1496 5332 ct
1525 5276 1773 5341 nomini,
1797 5293 1861 5331 ac
1889 5293 1988 5332 vo-

339 5365 558 5422 cationi
612 5382 732 5421 suae
786 5365 1195 5436 respondentis
1250 5363 1376 5420 visa
1429 5369 1568 5420 est:
1617 5382 1732 5420 non
1794 5370 1989 5422 autem

341 5454 688 5511 mercenarii
715 5458 772 5508 et
794 5453 1078 5526 fugientis
1108 5471 1226 5510 non
1247 5453 1440 5509 solum
1471 5455 1522 5510 si
1552 5453 1756 5526 lupum
1779 5455 1990 5526 videat,

342 5544 446 5600 sed
480 5543 527 5600 si
560 5541 794 5615 vulpem
825 5561 839 5611 ;
872 5544 1027 5598 unde
1048 5543 1210 5615 gregi
1232 5543 1471 5607 Christi,
1493 5542 1776 5616 principis
1804 5548 1995 5616 pasto-

342 5647 502 5701 rum,
533 5632 816 5688 damnum
853 5635 1031 5700 creet,
1061 5637 1119 5687 et
1161 5631 1368 5687 animae
1409 5647 1527 5687 suae
1558 5631 1818 5689 inﬁnitos
1849 5649 1995 5706 pra:-

420 5760 437 5795 ¹
468 5756 586 5816 Jer.
618 5773 820 5828 XLVIII,
854 5758 942 5814 10.
1020 5756 1042 5791 ³
1074 5755 1225 5814 Psal.
1258 5772 1316 5828 x,
1350 5756 1436 5814 13.

2008 4574 2051 4640 C
2090 4569 2254 4636 paret
2284 4565 2597 4621 cruciatus.
2630 4566 2747 4623 Cur
2775 4566 2930 4622 enim
2978 4567 3089 4622 iste
3137 4585 3250 4623 non
3307 4568 3500 4641 potius
3545 4569 3726 4626 vitam

2098 4654 2381 4725 privatam
2410 4653 2598 4709 vivere
2638 4654 2866 4723 maluit,
2897 4656 2944 4710 si
2991 4656 3283 4727 cogitabat
3328 4658 3731 4729 succumbere,

2095 4759 2292 4814 seque,
2329 4759 2445 4797 non
2499 4759 2633 4798 oves
2686 4759 2943 4814 pascere,
2977 4760 3078 4815 pro
3127 4746 3339 4816 quibus
3383 4747 3731 4819 sanguinem

2095 4848 2270 4887 suum
2292 4831 2557 4886 Christus
2579 4831 2880 4902 profudit?
2909 4833 3412 4897 Quemadmodum
3435 4852 3549 4892 non
3580 4835 3737 4892 venit

2093 4920 2228 4974 huic
2277 4921 2333 4974 iu
2384 4925 2660 4986 mentem,
2693 4921 2821 4990 ejus
2870 4921 2971 4991 qui
3002 4922 3310 4978 maledicto
3342 4940 3477 4979 eum
3522 4925 3732 4994 aﬂecit,

2095 5009 2194 5080 qui
2226 5025 2358 5080 opus
2388 5011 2617 5064 Domini
2643 5011 2777 5080 facit
2819 5010 3164 5079 negligenter
3197 5016 3211 5047 ¹
3266 5029 3280 5067 :
3332 5014 3600 5086 quamvis
3649 5013 3740 5070 fa-

2096 5115 2223 5154 cere
2281 5098 2514 5153 nomine
2571 5097 2828 5166 simulet,
2887 5099 2946 5152 in
3005 5103 3165 5171 cujes
3222 5102 3441 5173 alioqui
3499 5103 3736 5172 insidet,

2098 5188 2251 5258 quod
2283 5188 2353 5242 de
2386 5186 2698 5258 insipiente
2729 5188 3011 5259 scriptum
3043 5196 3151 5254 est,
3185 5191 3282 5262 qui
3314 5191 3456 5247 dixit
3493 5194 3554 5248 in
3581 5193 3742 5250 corde

2097 5293 2215 5346 suo,
2246 5292 2354 5331 non
2385 5292 2496 5332 esse
2527 5281 2700 5332 Deum
2732 5277 2752 5310 ²
2803 5294 2814 5331 :
2873 5294 3059 5349 neque
3089 5278 3245 5334 enim
3278 5285 3458 5336 Deum
3488 5286 3734 5353 ponunt,

2101 5367 2200 5437 qui
2232 5366 2353 5420 haec
2387 5367 2442 5421 in
2475 5370 2791 5437 conspectu
2823 5367 2952 5436 ejus
2982 5367 3170 5423 facere
3200 5370 3438 5425 audent.
3473 5372 3551 5426 Ex
3597 5387 3736 5442 quo-

2101 5472 2232 5510 rum
2265 5471 2510 5510 numero
2541 5460 2598 5509 et
2629 5455 2831 5511 ordine
2862 5456 3004 5510 faxit
3033 5457 3187 5513 Deus
3216 5475 3290 5514 ne
3322 5460 3528 5528 simus,
3566 5459 3744 5516 ascri-

2102 5545 2319 5615 batque
2370 5561 2476 5599 nos
2524 5544 2676 5601 inter
2721 5543 2924 5601 ﬁdeles
2954 5546 3407 5618 dispensatores,
3440 5549 3747 5605 concedat-

2103 5649 2216 5705 que
2245 5632 2496 5708 benigne
2543 5637 2608 5690 ut
2653 5637 2863 5708 praesto
2910 5633 3100 5693 simus
3139 5635 3390 5711 Principi
3421 5642 3745 5712 pastorum,
