4110 6422
430 413 549 475 515

1545 409 1972 470 ATHANASII
2016 407 2130 468 ΟΡ.
2180 409 2567 468 PATRIAHC
2582 407 2703 468 [ΗΕ

3713 413 3833 474 516

432 550 503 604 ad
532 547 951 620 perficiendum
974 560 1099 615 quas
1121 546 1378 615 oportet;
1414 557 1821 614 ponamusque
1843 541 2072 596 animas
2105 543 2157 607 Α
2188 556 2294 595 suo
2315 541 2650 611 decreverit,
2675 545 2738 595 ut
2763 557 2830 596 ex
2855 542 3218 614 episc0patu,
3243 543 3549 617 metropoli
3579 545 3834 602 Monem-

433 656 537 711 pro
558 638 762 692 ovibus
782 637 911 704 ejus
933 651 1031 706 qui
1064 632 1238 687 simul
1271 638 1327 686 et
1357 631 1781 686 demonstravit
1801 636 1859 684 et
1881 630 2070 684 edicto

431 727 642 791 sanxit,
675 725 829 797 quod
862 723 1136 778 omnibus
1169 721 1499 792 pastoribus
1531 721 1600 790 (si
1634 720 1869 791 quando
1902 719 2069 789 alias)

430 816 603 872 hodie
633 815 885 870 maxime
915 813 1200 876 convenit,
1235 827 1365 865 cum
1401 827 1516 864 non
1548 808 1737 864 solum
1773 808 1891 878 lupi
1938 825 2067 878 gra-

426 920 548 968 ves,
579 902 766 974 impii,
798 902 1061 972 inquam,
1090 905 1146 954 et
1175 898 1451 965 heretici,
1484 897 1541 952 in
1573 914 1806 970 gregem
1841 895 2067 951 Domini

430 993 700 1058 irruunt;
733 990 836 1046 sed
881 1007 948 1044 ex
993 987 1161 1044 nobis
1194 987 1360 1058 ipsis,
1392 993 1455 1040 ut
1484 985 1796 1057 Apostolus
1828 986 1927 1050 ait,
1963 985 2070 1039 viri

430 1086 488 1137 et
543 1079 818 1135 mulieres
866 1095 979 1133 non
1030 1083 1301 1133 verentur
1344 1075 1706 1130 Christianos
1755 1093 1788 1128 a
1838 1074 2070 1129 Christo

429 1170 752 1226 distrahere
809 1172 867 1223 et
921 1166 1183 1222 avellere.
1233 1165 1620 1229 Quamobrem
1670 1164 1818 1218 veris
1877 1169 2068 1234 pasto-

430 1259 594 1315 ribus
627 1275 741 1313 non
771 1262 861 1313 est
888 1261 1079 1311 tutum
1113 1271 1226 1309 non
1261 1253 1520 1325 vigilare,
1552 1257 1610 1308 et
1657 1269 1770 1306 non
1819 1252 2068 1306 circum-

432 1364 664 1420 quaque
718 1346 916 1401 omnia
964 1345 1232 1408 lustrare,
1267 1359 1519 1414 ovesque
1565 1347 1828 1398 errantes
1878 1341 2069 1395 solum

431 1453 708 1510 querere,
740 1453 807 1492 ac
838 1451 952 1490 non
986 1433 1171 1504 magis
1202 1431 1479 1487 sollicitos
1511 1447 1640 1485 esse
1682 1447 1784 1501 pro
1823 1428 1894 1483 iis
1945 1446 2071 1500 qua

432 1543 548 1580 non
580 1529 796 1588 errant,
831 1520 1165 1594 perterritos
1197 1519 1406 1574 horum
1450 1524 1780 1589 temporum
1815 1517 2071 1571 tenebris

429 1631 558 1686 quae
599 1614 763 1684 justo
813 1611 910 1666 Dei
959 1610 1248 1681 permissu
1303 1625 1370 1662 ac
1413 1606 1639 1678 judicio
1690 1605 1857 1659 nobis
1901 1605 2070 1658 illatas

427 1707 607 1769 sunt;
658 1701 794 1772 quia
842 1698 1062 1754 scilicet
1091 1714 1205 1752 non
1240 1697 1318 1750 ita
1346 1695 1616 1762 vivimus,
1652 1700 1715 1748 ut
1743 1710 1876 1748 eum
1909 1693 2074 1748 decet

429 1791 529 1862 qui
561 1806 666 1845 nos
695 1788 936 1844 vocavit.
970 1786 1103 1851 Sed,
1135 1803 1166 1841 o
1216 1784 1545 1840 animarum
1588 1787 1920 1837 nostrarum
1971 1782 2069 1836 de-

428 1879 806 1935 trimentuml
867 1894 898 1932 o
946 1875 1213 1947 ingentes
1262 1889 1482 1944 pcnnas,
1515 1871 1681 1926 nobis
1727 1871 1798 1926 ob
1841 1876 2071 1926 nostras

429 1967 705 2024 libidines
750 1970 808 2021 et
854 1964 1223 2036 perturbatae
1266 1961 1612 2025 voluntates,
1643 1977 1767 2031 quae
1802 1959 1909 2013 hoc
1941 1977 2068 2015 ma-

427 2056 550 2112 lum
575 2059 943 2129 pepererunt,
966 2051 1346 2124 infligendasl
1378 2050 1506 2120 hoc,
1529 2049 1795 2120 inquam,
1822 2047 2064 2115 malum,

427 2151 490 2201 ut
520 2162 664 2217 gens
696 2149 920 2209 sancta,
950 2159 1051 2215 per
1079 2157 1282 2196 omnes
1313 2157 1552 2211 campos
1582 2145 1637 2190 et
1671 2144 1898 2192 montes
1930 2137 2066 2192 vitio

427 2241 727 2308 pastorum
772 2231 1102 2290 absentium
1151 2231 1419 2300 dispersa
1466 2245 1530 2283 ac
1577 2228 1863 2299 dissipata
1893 2231 2061 2281 erret.

423 2323 631 2391 Quare,
657 2339 771 2394 quo
793 2321 1038 2377 celerius
1064 2319 1220 2374 istud
1251 2323 1418 2373 tuum
1454 2317 1712 2372 debitum
1745 2315 1847 2370 tibi
1881 2314 2064 2386 inspi-

425 2419 617 2468 ratum
667 2409 1032 2484 persolveris,
1085 2413 1472 2478 sanctumque
1523 2404 1884 2477 pr0positum
1935 2421 2060 2475 per-

422 2501 668 2572 feceris,
745 2504 904 2554 tanto
989 2514 1121 2554 cum
1201 2497 1421 2566 majore
1497 2495 1654 2548 lucro
1731 2493 2059 2564 perfeceris.

423 2590 647 2646 Debent
709 2589 818 2644 hoc
884 2588 1070 2642 facere
1135 2601 1339 2640 omnes
1404 2583 1539 2639 boni
1608 2588 1892 2654 pastores,
1933 2581 2063 2652 qui-

422 2695 652 2750 cunque
681 2678 790 2733 hoc
821 2676 1056 2732 nomine
1088 2674 1248 2746 digni
1297 2677 1472 2739 sunt;
1525 2672 1604 2726 ila
1653 2671 1751 2742 qui
1799 2671 2060 2738 cessarit,

421 2784 535 2822 non
591 2768 670 2822 sit
726 2766 965 2836 impune
1009 2769 1366 2818 cessaturus.
1419 2759 1644 2816 Etenim
1703 2760 1751 2814 si
1813 2759 2062 2831 quisque

420 2859 623 2927 pastor
653 2856 710 2909 in
741 2854 973 2909 dioecesi
1006 2869 1132 2923 quas
1163 2850 1245 2904 illi
1280 2849 1506 2921 obtigit,
1539 2847 1624 2903 vel
1657 2848 1904 2903 biduum
1939 2865 2061 2902 mo-

419 2949 599 3012 retur,
631 2942 877 3014 experiri
909 2941 1100 3007 liceat,
1133 2938 1423 3012 permulta
1461 2942 1697 3009 peccata
1739 2942 1797 2991 et
1846 2937 2063 2992 damna

420 3051 534 3089 non
565 3050 695 3088 esse
725 3033 922 3086 futura
963 3030 1022 3086 in
1069 3028 1303 3102 populo.
1339 3026 1583 3082 Perinde
1630 3042 1884 3097 namque
1933 3043 2061 3082 esse

415 3121 661 3189 videtur,
697 3137 930 3193 gregem
963 3120 1167 3174 abesse
1206 3135 1239 3172 a
1282 3121 1533 3188 pastore,
1569 3121 1634 3170 ut
1667 3131 1881 3170 caseum
1915 3116 2060 3171 duce

417 3227 631 3267 carere.
660 3213 808 3265 Sane
837 3212 1128 3280 augentur
1165 3222 1300 3262 oves
1347 3209 1405 3260 et
1453 3205 1509 3258 in
1560 3209 1687 3259 tuto
1734 3209 1891 3269 sunt,
1924 3221 2056 3259 cum

2101 1919 2148 1982 B

2183 629 2438 685 basiensi
2472 631 2756 700 subjecto,
2780 631 3013 686 ducenti
3045 633 3205 687 aurei
3239 633 3410 689 annis
3441 634 3690 706 singulis
3723 635 3831 691 tibi

2183 719 2580 785 redderentur,
2613 736 2728 790 quo
2759 720 2933 774 etiam
2968 721 3248 776 beneficio
3280 740 3386 778 nos
3431 722 3729 796 obligavit,
3767 729 3830 779 ut

2184 823 2297 862 non
2329 807 2518 862 solum
2551 813 2783 880 prepter
2813 808 3151 881 religionem
3185 811 3592 882 imperatorem
3625 813 3827 868 laude-

2186 913 2337 961 mus,
2372 901 2426 951 et
2474 914 2576 968 pro
2628 914 2694 952 eo
2744 914 2946 953 omnes
2994 897 3370 955 ecclesiastici
3419 917 3618 972 preces
3659 901 3826 956 adhi-

2181 985 2446 1054 beamus,
2479 986 2579 1040 sed
2630 992 2864 1057 propter
2908 988 3126 1042 variam
3180 988 3682 1062 multiplicemque
3725 991 3826 1046 be-

2182 1073 2548 1129 neficentiam
2581 1081 2755 1146 atque
2784 1076 3226 1147 providentiam.
3262 1077 3379 1132 Hoc
3409 1077 3674 1150 exemplo
3708 1079 3822 1135 fac-

2184 1167 2310 1217 tum
2343 1168 2451 1229 est,
2484 1169 2546 1217 ut
2578 1163 2890 1235 episcopus
2921 1164 3243 1231 Sardensis,
3270 1183 3383 1237 prae
3413 1167 3608 1222 studio
3637 1171 3695 1222 et
3723 1183 3826 1222 cu-

2185 1251 2426 1323 piditate
2455 1252 2631 1306 eundi
2663 1250 2924 1307 celeriter
2967 1253 3036 1306 ad
3087 1253 3467 1324 requirendas
3498 1271 3631 1310 oves
3663 1271 3823 1323 suas,

2183 1357 2295 1395 non
2326 1342 2616 1396 excusarit
2662 1340 2940 1412 pericula,
2973 1341 3395 1412 impedimenta
3445 1343 3692 1410 itineris,
3725 1360 3822 1400 se-

2183 1433 2498 1498 nectutem,
2522 1431 2920 1500 temporisque
2941 1429 3502 1499 incommoditatem,
3528 1449 3674 1505 quas
3705 1449 3827 1488 om-

2183 1535 2286 1573 nes
2337 1517 2714 1574 difficultates
2769 1519 2903 1573 vicit
2950 1519 3184 1574 animus
3243 1519 3430 1592 ipsius
3489 1526 3822 1594 promptus.

2182 1606 2364 1670 Quem
2397 1607 2713 1677 imperator
2739 1622 2873 1660 cum
2917 1604 3090 1661 laude
3139 1606 3383 1678 dignum
3423 1608 3736 1678 judicaret,
3768 1612 3826 1664 et

2180 1694 2251 1747 ad
2283 1694 2546 1749 debitum
2580 1711 2644 1749 ac
2677 1694 2930 1750 salutare
2954 1712 3170 1749 munus
3199 1696 3447 1751 excitare
3475 1695 3666 1762 vellet,
3690 1713 3821 1769 pro-

2179 1783 2322 1838 vidit
2374 1789 2437 1838 ut
2478 1788 2651 1849 esset,
2687 1784 2840 1838 unde
2870 1782 2954 1837 illi
2990 1785 3317 1840 necessaria
3345 1787 3651 1841 commode
3681 1802 3820 1858 sup-

2180 1877 2441 1944 peterent
2472 1889 2485 1927 :
2539 1872 2758 1927 scilicet
2786 1889 2893 1927 suo
2923 1871 3166 1928 consilio
3209 1878 3267 1928 et
3316 1875 3661 1930 auctoritate
3692 1891 3820 1947 per-

2179 1962 2332 2028 fecit,
2366 1967 2429 2016 ut
2475 1962 2705 2016 decreto
2755 1960 2960 2032 synodi
3007 1966 3064 2016 et
3114 1961 3304 2017 edicto
3351 1963 3526 2034 regis,
3576 1963 3820 2036 Metym-

2179 2051 2377 2104 nensis
2408 2050 2745 2122 metropolis
2794 2051 2845 2104 ei
2891 2050 3255 2121 adjiceretur,
3293 2059 3358 2106 ut
3403 2052 3506 2106 tibi
3541 2052 3822 2108 hactenus

2177 2139 2402 2206 adjecta
2436 2139 2543 2193 fuit
2578 2156 2589 2194 :
2639 2139 2810 2208 idque
2841 2138 3061 2210 duplici
3093 2139 3328 2195 nomine
3358 2144 3415 2195 et
3445 2157 3642 2209 causa,
3674 2145 3728 2196 et
3760 2147 3824 2196 ut

2178 2227 2545 2299 melropolita
2576 2227 2842 2300 prasidio
2870 2233 3070 2299 septus
3098 2233 3251 2284 esset
3283 2229 3355 2284 ad
3389 2229 3733 2301 regendum,
3766 2234 3824 2285 et

2176 2321 2239 2371 ut
2259 2315 2510 2388 populus
2529 2318 2652 2389 ipse
2666 2318 3159 2391 Metymnensium
3180 2319 3549 2374 commodius
3571 2318 3823 2374 facilius-

2175 2421 2286 2476 que
2318 2410 2634 2477 regeretur,
2667 2423 2731 2461 ac
2764 2412 2999 2478 propter
3038 2406 3395 2462 vicinitatem
3428 2423 3563 2463 oves
3594 2408 3814 2464 scabio-

2174 2511 2250 2548 sae
2281 2495 2466 2550 curari
2503 2501 2741 2566 possent
2768 2496 3175 2567 opportunius,
3207 2499 3334 2550 tum
3370 2496 3517 2552 bene
3559 2497 3816 2553 valentes

2172 2583 2496 2640 conservari
2529 2589 2586 2638 et
2615 2585 2851 2639 excitari
2885 2585 2954 2638 ad
2988 2584 3231 2639 honesta
3262 2601 3456 2657 opera.
3492 2585 3816 2658 Utrumque

2172 2672 2327 2727 enim
2359 2679 2616 2728 vestrum
2659 2673 2963 2729 maledicto
3009 2674 3190 2728 allicit
3240 2674 3541 2745 Scriptura
3587 2681 3817 2748 sancta,

2171 2760 2221 2816 si
2254 2778 2387 2816 cum
2420 2762 2552 2816 sitis
2585 2767 2868 2834 pastores,
2892 2779 3005 2818 non
3039 2779 3224 2833 usque
3255 2763 3327 2817 ad
3359 2764 3726 2835 sanguinem,
3752 2763 3812 2820 in

2170 2850 2242 2905 iis
2281 2867 2407 2921 quas
2451 2850 2706 2906 diximus
2737 2851 3058 2906 efficiendis
3098 2851 3460 2923 persistatis;
3509 2853 3713 2922 donec,
3748 2857 3813 2910 ut

2171 2940 2541 3010 confidimus,
2593 2939 2746 2995 Deus
2799 2940 2966 2996 nobis
3020 2941 3330 3012 propitius,
3381 2957 3599 3013 pacem,
3649 2947 3808 2996 tran-

2171 3027 2526 3099 quillitatem
2587 3046 2653 3083 ac
2685 3028 2935 3084 salutem
2996 3030 3288 3101 cujusque
3343 3031 3592 3102 pastoris
3650 3030 3809 3102 gregi

2171 3117 2478 3185 restituat;
2513 3118 2667 3188 quod
2703 3123 2766 3172 ut
2796 3118 2989 3186 faciat,
3024 3118 3346 3190 placandus
3378 3119 3814 3191 flectendusque

2170 3205 2338 3260 nobis
2386 3210 2496 3270 est,
2548 3211 2605 3260 et
2660 3207 2876 3260 nostris
2929 3212 3082 3261 recte
3141 3207 3329 3274 factis,
3381 3208 3712 3264 obedientia
3759 3211 3816 3264 et

417 3303 676 3371 praesunt
702 3298 819 3354 veri
853 3303 1114 3370 pastores
1148 3312 1160 3349 :
1208 3311 1322 3349 non
1355 3298 1550 3349 autem
1581 3293 1677 3361 qui
1711 3292 1904 3347 solum
1934 3293 2055 3348 ebi-
2089 3287 2131 3352 C
2170 3293 2285 3349 vita
2315 3293 2645 3349 Christiana
2675 3294 3099 3366 implorandus.
3137 3295 3220 3350 Ita
3256 3296 3413 3352 enim
3464 3297 3584 3366 fiet,
3619 3302 3683 3352 ut
3734 3295 3814 3353 le-

416 3389 559 3444 bant
617 3387 705 3442 lac
762 3391 817 3441 et
874 3385 1007 3440 lana
1061 3388 1356 3455 tegantur,
1409 3381 1689 3452 omnique
1745 3382 1942 3436 studio
2001 3387 2058 3437 et

415 3483 540 3532 arte
569 3476 814 3547 seipsos,
846 3491 962 3529 non
996 3490 1130 3529 oves
1164 3477 1424 3544 pascant.
1455 3471 1616 3536 Quod
1650 3470 1871 3525 malum
1906 3477 2057 3526 Deus

415 3565 487 3620 ab
517 3563 648 3619 ovili
680 3569 878 3618 nostro
911 3566 1150 3630 avertat,
1179 3559 1642 3630 multiplicetque
1674 3559 1729 3613 in
1762 3575 1828 3614 eo
1861 3560 2056 3631 potius

413 3653 698 3724 quidquid
734 3653 996 3706 divinum
1018 3650 1250 3720 Deoque
1281 3654 1531 3720 gratum.
1559 3649 1785 3703 Etenim
1817 3649 1865 3703 si
1898 3649 2052 3720 quod

413 3743 484 3797 de
515 3747 570 3797 te
601 3741 867 3796 auditum
895 3743 1121 3794 tantum
1152 3742 1242 3793 est
1271 3755 1304 3792 a
1337 3737 1561 3802 multis,
1584 3737 1654 3792 de
1683 3741 1782 3792 tuo
1809 3738 1880 3792 ad
1913 3739 2052 3792 dioe-

411 3830 592 3885 cesim
625 3829 810 3884 reditu
845 3828 1021 3900 (quod
1052 3826 1268 3898 alioqui
1315 3827 1388 3881 ab
1431 3825 1590 3882 omni
1625 3827 1895 3898 episc0po
1929 3826 2050 3882 fieri

411 3918 602 3990 debet)
652 3917 926 3974 continuo
982 3916 1171 3971 visum
1228 3921 1318 3971 est
1376 3915 1652 3970 omnibus
1709 3913 2046 3970 laudabile:

413 4022 622 4078 nempe
651 4023 784 4062 oves
812 4006 1037 4060 ablatas
1071 4005 1292 4059 fortiter
1332 4019 1690 4075 recuperare,
1725 4021 1837 4058 non
1890 4003 2049 4059 abla-

409 4098 502 4148 tas
549 4109 891 4148 conservare
937 4092 1225 4146 viriliter:
1276 4091 1571 4145 interdum
1619 4091 1794 4145 etiam
1830 4091 2050 4147 alienas

408 4181 726 4253 adjungere
773 4181 845 4235 ad
898 4184 1149 4245 nostras,
1184 4185 1308 4233 tum
1356 4185 1617 4234 errantes
1669 4183 1727 4234 et
1777 4179 2049 4250 amissas,

405 4269 596 4340 quoad
646 4269 770 4324 fieri
821 4268 1024 4340 possit,
1086 4283 1341 4338 quaarere
1391 4283 1456 4321 ac
1499 4267 1805 4339 vestigare,
1861 4273 1917 4323 et
1956 4268 2048 4323 in-

403 4361 610 4413 ventas
662 4358 721 4412 in
777 4357 1090 4412 humerum
1141 4372 1353 4428 magno
1401 4359 1611 4410 conatu
1645 4356 1944 4428 imponere
1977 4357 2046 4411 ad

401 4445 795 4518 ecclesiasque
824 4446 1099 4500 reducere
1130 4444 1188 4498 in
1222 4460 1532 4499 numerum
1575 4460 1775 4499 eorum
1826 4445 1922 4516 qui
1977 4447 2046 4500 ab

403 4551 596 4590 errore
627 4534 798 4590 alieni
829 4539 968 4590 sunt
996 4552 1008 4600 ;
1058 4533 1199 4602 haec,
1234 4532 1496 4604 inquam,
1533 4549 1708 4604 quam
1741 4538 1904 4605 grata
1935 4538 2048 4590 Deo

402 4629 460 4716 et
493 4623 848 4716 Deo_de_ditis
880 4622 1134 4716 fuerintl
1181 4622 1400 4716 Idcirco
1430 4622 1585 4692 quod
1620 4621 1874 4716 voluisti,
1909 4624 2048 4694 quia
2077 4652 2122 4716 D

401 4711 884 4769 honestissimum
929 4717 1072 4776 erat,
1105 4710 1485 4766 laudaverunt
1532 4711 1751 4766 cordati
1804 4717 1862 4767 et
1906 4729 2042 4783 pru-

401 4800 607 4856 dentes
654 4817 878 4866 omnes,
919 4806 976 4855 et
1030 4801 1088 4853 in
1140 4799 1345 4870 primis
1393 4799 1712 4871 imperator
1759 4801 1904 4872 ipse,
1947 4802 2046 4873 qui

402 4904 516 4943 non
547 4887 739 4943 solum
772 4889 1134 4960 approbavit,
1167 4888 1266 4944 sed
1310 4888 1624 4960 magnifica
1671 4889 1843 4944 verba
1892 4889 2044 4959 fecit,

403 4983 611 5032 nactus
640 4977 790 5031 hanc
821 4977 1188 5034 occasionem
1222 4976 1489 5032 Ecclesiae
1521 4977 1749 5043 utilem,
1782 4977 2047 5035 imitatus

402 5064 952 5137 eloquentissimum
994 5067 1161 5121 illum
1209 5067 1419 5132 virum,
1453 5083 1585 5120 cum
1633 5083 1745 5137 quo
1795 5068 2046 5140 (quoties

401 5171 505 5226 pro
535 5153 794 5209 Ecclesia
843 5153 925 5208 illi
971 5153 1283 5209 dicendum
1323 5159 1413 5210 est
1442 5155 1512 5209 ad
1548 5154 1858 5210 utilitatem
1893 5157 2045 5211 mul-

400 5244 621 5314 torum)
654 5259 822 5298 nemo
855 5243 1134 5298 orationis
1165 5244 1470 5311 suavitate,
1504 5244 1670 5316 copia
1711 5249 1769 5300 et
1812 5245 2044 5317 elegan-

397 5332 480 5388 tia
509 5337 733 5387 certare
765 5335 972 5403 potest,
1014 5337 1070 5386 et
1121 5349 1308 5403 usque
1347 5333 1507 5399 adeo,
1553 5339 1616 5388 ut
1665 5334 1802 5400 dixi,
1837 5351 2043 5406 propo-

398 5419 578 5477 situm
611 5420 1037 5491 consiliumque
1067 5425 1235 5475 tuum
1269 5427 1472 5492 aptum
1511 5427 1568 5477 et
1604 5439 1933 5494 congruens
1964 5425 2044 5478 vi-

2166 3398 2294 3454 gem
2321 3383 2579 3438 divinam
2603 3388 2923 3449 servantes,
2947 3400 3072 3454 quas
3105 3385 3354 3456 turpiter
3373 3385 3628 3442 viventes
3650 3387 3812 3457 juste

2166 3471 2496 3541 amisimus,
2523 3472 2792 3543 precibus
2816 3472 2994 3527 beatas
3020 3472 3211 3527 Marias
3237 3475 3642 3530 restituantur.
3671 3473 3812 3530 Vale

2164 3561 2222 3615 in
2254 3561 2500 3616 Christo.

2761 3649 3094 3706 EPISTOLA
3144 3652 3209 3706 ΙΙ.

2162 3737 2494 3793 Athanasius
2533 3737 2854 3812 patriarcha
2887 3738 3518 3811 Constantinopolitanus
3561 3742 3804 3812 episcopo

2793 3810 3170 3866 Sardensium.

2233 3915 2418 3984 Nosti,
2449 3916 2946 3986 quemadmodum
2978 3917 3276 3988 Sapientia
3313 3916 3634 3990 discipulos
3663 3933 3802 3974 suos

2162 4005 2408 4060 doceat:
2461 4009 2540 4061 Ns
2585 4004 2820 4076 (inquit)
2863 4005 3229 4077 reprehendas
3279 4007 3592 4073 sceleratos,
3638 4024 3710 4062 ne
3754 4014 3807 4062 te

2159 4093 2375 4148 oderint
2406 4095 2448 4164 ³,
2479 4099 2762 4165 tanquam
2794 4094 3089 4165 sapientes
3120 4099 3348 4150 tantum
3384 4096 3806 4167 reprehendere

2159 4188 2442 4254 Oporteat,
2495 4187 2559 4237 ut
2617 4182 2949 4254 quicunque
3007 4184 3213 4239 fratres
3269 4189 3488 4251 amant,
3539 4185 3802 4240 vicissim

2159 4277 2450 4326 amentur.
2495 4270 2833 4343 Opportune
2882 4270 3018 4326 hinc
3070 4271 3424 4344 principium
3477 4271 3806 4344 sumpsisse

2156 4361 2414 4426 videbor,
2448 4361 2546 4431 qui
2598 4360 2669 4414 ad
2713 4365 2790 4424 te,
2824 4359 3011 4414 virum
3054 4361 3378 4431 sapientem
3410 4365 3467 4416 et
3499 4362 3554 4415 in
3589 4360 3804 4416 litteris

2159 4449 2378 4503 sanctis
2423 4447 2742 4514 eruditum,
2776 4447 3050 4503 scribam.
3085 4449 3214 4504 Scio
3261 4454 3316 4504 te
3366 4466 3480 4504 non
3531 4449 3803 4520 ignorare

2158 4554 2284 4610 quas
2319 4537 2538 4592 sanctis
2580 4535 2861 4608 apostolis
2911 4537 2979 4592 de
3027 4538 3442 4593 constitutione
3482 4553 3673 4592 rerum
3706 4553 3803 4592 ec-

2158 4625 2617 4682 clesiasticarum
2649 4625 2874 4680 sancita
2903 4631 3061 4691 sunt,
3095 4642 3163 4682 ex
3213 4627 3428 4699 quibus
3472 4643 3654 4682 unum
3686 4630 3802 4696 est,

2159 4721 2222 4770 ut
2251 4714 2501 4786 quisque
2529 4719 2729 4785 pastor
2756 4713 2911 4768 intra
2943 4732 3080 4770 suos
3113 4716 3258 4771 fines
3308 4716 3543 4772 insistat
3571 4720 3808 4787 propter

2157 4820 2358 4876 pacem
2377 4809 2433 4858 et
2453 4801 2820 4870 charitatem,
2836 4820 3088 4874 quarum
3108 4809 3197 4860 est
3211 4808 3244 4859 J
3247 4821 3384 4860 esus
3405 4805 3696 4860 arctissim
3707 4820 3808 4859 um

2155 4891 2476 4962 vinculum,
2508 4892 2663 4962 quod
2717 4891 2860 4947 solvi
2911 4908 3023 4948 non
3077 4899 3286 4964 potest.
3327 4894 3452 4949 Scis
3507 4898 3806 4965 praeterea,

2157 4987 2222 5036 ut
2267 4980 2467 5052 quales
2519 4997 2634 5035 non
2684 4996 2971 5046 essemus,
3007 4987 3354 5053 appareret;
3389 4983 3602 5052 quibus
3651 4982 3808 5037 notis

2155 5087 2355 5125 verum
2389 5074 2683 5142 pastorem
2715 5069 3182 5140 designantibus,
3219 5087 3467 5144 magnus
3512 5069 3610 5126 ille
3659 5087 3807 5142 pon-

2155 5159 2294 5214 tifex
2325 5159 2612 5222 Christus,
2644 5174 2862 5212 munus
2897 5158 3146 5228 pastoris
3186 5159 3488 5214 diffinierit
3521 5177 3534 5214 :
3593 5174 3810 5232 nempe

2159 5252 2363 5302 mutua
2393 5246 2452 5301 in
2487 5245 2652 5300 illum
2686 5245 2991 5300 charitate.
3025 5247 3242 5303 Deinde
3273 5265 3389 5303 non
3425 5249 3660 5320 ignoras
3713 5265 3808 5303 or-

2157 5342 2361 5392 natum
2395 5336 2561 5408 probi
2605 5334 2877 5405 pastoris,
2913 5333 3013 5406 qui
3063 5337 3138 5390 sit
3191 5337 3421 5392 animas
3470 5338 3666 5409 gregis
3715 5336 3812 5392 sui

2155 5427 2450 5482 evidenter
2477 5423 2842 5496 cogniturus,
2877 5423 2946 5478 de
2975 5440 3091 5495 quo
3123 5427 3412 5497 scriptum
3443 5431 3533 5482 est
3566 5441 3578 5480 :
3623 5427 3810 5480 Bonus

399 5525 533 5566 sum
565 5509 902 5580 imperatori
933 5514 1042 5576 est,
1076 5514 1140 5563 ut
1177 5509 1468 5581 synodicis
1499 5511 1710 5568 litteris
1753 5517 1810 5568 et
1859 5513 2045 5571 edicto
2148 5519 2342 5590 pastor
2393 5517 2642 5571 animam
2688 5529 2847 5569 suam
2893 5514 3048 5584 ponit
3093 5531 3191 5588 pro
3242 5518 3432 5573 ovibus
3477 5517 3594 5572 suis
3631 5517 3670 5571 ‘.
3733 5514 3809 5574 Et

463 5691 488 5732 ³
517 5689 683 5753 Prov.
714 5706 795 5761 Ix,
824 5692 880 5752 8.
953 5693 977 5729 δ
1001 5689 1172 5754 Joan.
1203 5706 1262 5763 x,
1304 5691 1392 5751 15.
