4110 6418
292 409 404 469 517

1785 402 2206 468 EPISTOLAE.

3575 408 3692 469 518

290 543 444 614 quod
476 542 790 614 Gregorius
831 545 1215 614 cognomento
1246 541 1578 613 Theologus
1616 540 1888 596 edisserit
1917 556 1931 596 :
1965 540 2019 606 Α
2050 554 2182 593 cum
2215 537 2459 609 reliquis
2486 537 2656 593 malis
2687 555 2801 593 non
2828 542 2918 594 est
2944 538 3285 611 ambiguum
3315 544 3374 596 et
3401 539 3692 597 incertum

287 631 410 686 Non
488 630 945 702 unumquemvis
1022 630 1340 702 disciplum
1421 630 1492 686 ad
1570 628 1941 701 Evangelium

290 720 466 778 mitti.
501 735 689 790 neque
732 721 831 791 qui
880 719 1158 784 mittitur,
1193 720 1722 791 quomodocunque
1766 718 1940 784 mitti,

289 809 388 864 sed
419 809 521 880 qui
567 809 831 864 veritatis
862 808 1212 880 virtutisque
1244 808 1438 863 studio
1489 812 1717 862 tantum
1749 805 1942 860 inten-

290 903 387 954 tus
416 897 514 964 sit,
542 914 764 952 vacuus
806 901 864 952 et
912 898 1214 968 expeditus
1267 897 1428 952 omni
1476 913 1634 962 cura,
1668 894 1945 965 omnique

289 986 708 1054 impedimento
757 985 926 1051 liber,
955 985 1081 1040 sine
1131 1002 1268 1051 aere,
1301 986 1426 1040 sine
1467 985 1650 1057 virga,
1686 1000 1804 1038 una
1853 988 1944 1037 tu-

291 1075 441 1143 nica,
478 1074 653 1130 nudis
701 1074 877 1129 etiam
931 1075 1199 1145 pedibus,
1238 1077 1522 1143 tanquam
1558 1090 1672 1128 non
1720 1071 1948 1144 possint

292 1163 461 1219 aliter
490 1163 722 1234 speciosi
762 1179 877 1218 esse
916 1163 1074 1234 pedes
1101 1163 1615 1232 evangelizantium
1657 1176 1866 1232 pacem,
1897 1168 1948 1214 et

291 1261 491 1308 cetera
521 1252 661 1308 bona
683 1251 722 1306 ⁵.
756 1250 1090 1306 Intellexisti
1139 1250 1313 1305 etiam
1361 1249 1492 1322 quis
1526 1251 1603 1304 sit
1649 1263 1946 1303 mercena-

293 1341 416 1396 rius
446 1346 506 1397 et
549 1340 763 1413 qualis,
794 1341 866 1396 de
908 1356 1020 1411 quo
1071 1340 1253 1411 pudet
1301 1355 1394 1394 me
1441 1344 1567 1393 tum
1602 1338 1792 1393 dicere
1821 1341 1944 1390 tum

294 1435 505 1496 tacere,
537 1445 673 1484 cum
703 1428 846 1484 satis
890 1427 1016 1499 ipse
1047 1432 1240 1483 status
1267 1431 1599 1499 temporum
1650 1432 1706 1481 et
1753 1441 1948 1480 rerum

296 1535 428 1574 eum
464 1519 734 1574 ostendat
783 1521 958 1588 atque
1006 1520 1305 1589 coarguat.
1346 1517 1420 1571 De
1468 1532 1582 1587 quo
1632 1515 1682 1570 si
1732 1518 1949 1569 attente

294 1606 529 1662 audiam
581 1606 916 1678 prophetas,
949 1622 1081 1660 cum
1134 1606 1192 1659 in
1246 1605 1358 1660 mei
1409 1602 1639 1660 similes
1688 1608 1952 1675 pastores

290 1695 383 1750 his
427 1695 623 1750 verbis
677 1694 1035 1751 invehuntur
1090 1711 1103 1748 :
1155 1697 1406 1749 Pastores
1448 1697 1684 1764 pascunt
1728 1693 1948 1762 seipsos,

291 1800 402 1840 non
442 1784 636 1850 oves“;
671 1786 728 1838 et
773 1782 916 1838 illud
953 1786 1046 1841 :0
1090 1787 1362 1854 pastores,
1413 1784 1511 1853 qui
1553 1780 1783 1852 perditis
1830 1794 1954 1833 oves

2051 628 2192 698 quin
2223 625 2370 681 iram
2403 627 2502 682 Dei
2537 626 2704 683 nobis
2751 632 2960 700 augeat
2993 646 3005 682 :
3040 629 3516 700 quandoquidem
3547 631 3693 686 tole--

2051 733 2214 772 rasse
2269 716 2453 771 Deum
2509 717 2712 771 mundi
2769 722 3073 788 peccatum
3129 717 3467 785 didicimus,
3517 719 3696 775 eremi

2053 821 2184 860 vero
2233 809 2530 876 peccatum
2580 821 2973 877 nequaquam.
3003 805 3284 861 Similiter
3326 809 3696 864 verissimum

2054 899 2162 961 est,
2197 910 2384 964 neque
2415 900 2676 964 pastores
2709 895 2805 966 qui
2837 911 3067 968 gregem
3106 895 3410 969 negligant
3439 898 3696 968 impuni-

2054 988 2174 1050 tos;
2226 982 2558 1054 multosque
2607 985 2989 1049 discessuros,
3023 986 3252 1041 tametsi
3286 987 3534 1042 fortasse
3580 1005 3696 1043 non

2056 1071 2137 1126 ita
2165 1071 2430 1125 videatur
2458 1071 2528 1126 iis
2559 1073 2659 1142 qui
2703 1077 2910 1143 sponte
2957 1072 3216 1128 velamen
3250 1075 3593 1144 obtendunt,
3629 1094 3700 1132 ne

2055 1159 2318 1214 limatam
2353 1159 2644 1231 Evangelii
2676 1162 2973 1215 veritatem
3015 1161 3327 1232 aspiciant;
3361 1165 3533 1219 sicuti
3564 1181 3698 1221 cum

2058 1249 2285 1320 Moyses
2317 1248 2526 1317 legitur
2572 1248 2785 1319 populo
2818 1249 3014 1316 Israel,
3048 1267 3195 1321 quos
3226 1252 3460 1322 quidem
3509 1254 3703 1310 existi-

2058 1337 2314 1405 mabam,
2347 1336 2577 1391 sublato
2614 1337 2740 1407 jam
2787 1337 3093 1404 velamine,
3127 1339 3374 1396 revelata
3425 1342 3568 1398 facie
3613 1342 3699 1398 vi-

2059 1427 2213 1481 dere.
2248 1425 2381 1491 Sed,
2415 1443 2446 1479 o
2477 1424 2865 1480 calamitatem
2907 1431 2965 1481 et
2993 1427 3312 1494 miseriam,
3345 1436 3410 1485 ut
3441 1435 3702 1503 tempore

2059 1514 2186 1585 ipso
2219 1512 2381 1568 facile
2413 1512 2566 1568 mala
2598 1515 2880 1569 subeunt!
2939 1516 3108 1585 quale
3155 1522 3244 1573 est
3292 1518 3401 1573 hoc
3452 1520 3699 1576 monstri

2061 1603 2214 1673 quod
2249 1619 2404 1656 nunc
2435 1607 2628 1657 ortum
2677 1607 2766 1657 est
2805 1607 2871 1657 ut
2899 1605 3266 1675 reperiantur
3312 1608 3569 1680 episcopi
3600 1609 3701 1681 qui

2059 1695 2289 1746 tantum
2332 1691 2472 1745 dent
2516 1690 2850 1757 consilium,
2882 1709 3167 1764 suamque
3219 1694 3416 1751 dicant
3461 1704 3701 1754 senten-

2060 1779 2235 1846 tiam;
2271 1796 2383 1834 non
2434 1783 2627 1834 autem
2674 1780 2773 1851 qui
2807 1781 3038 1836 decreta
3085 1784 3551 1857 sententiamque
3585 1803 3707 1843 ma-

290 1874 568 1944 pascuae";
623 1873 760 1927 item
797 1888 808 1927 :
860 1875 1048 1928 Pretio
1104 1871 1436 1943 respondent
1490 1869 1812 1938 sacerdotes,
1861 1884 1947 1922 sa-
1983 1915 2028 1979 B
2056 1869 2252 1938 jorum
2286 1872 2413 1922 tum
2448 1869 2666 1939 private
2697 1874 2822 1924 tum
2854 1870 3086 1941 publice
3116 1872 3464 1929 conﬁrment
3491 1879 3548 1930 et
3578 1893 3710 1931 san-

399 1962 526 1979 ιλινΑ
575 1961 712 1979 l-__,,
797 1962 896 1979 ﬁ-“
930 1963 946 1979 1
997 1963 1011 1979 3
1067 1961 1397 1979 ,μυλιλιμηηι
1462 1963 1504 1979 ,Α
1540 1959 1702 1979 1------
1770 1972 1940 1979 μ--,.....
2065 1957 2215 1979 _2___L
2265 1957 2337 1979 1].-
2379 1963 2440 1979 --ι
2494 1958 2604 1979 2-..-
2655 1959 2705 1979 _'__
2769 1959 2953 1979 -____2_
3014 1977 3101 1979 _,_,
3148 1978 3214 1979 κη
3295 1978 3302 1979 ,
3479 1965 3530 1979 ι·

291 1962 529 2018 cerdotes
568 1961 739 2031 legem
792 1962 1011 2016 Domini
1055 1961 1418 2026 occultarunt,
1450 1963 1504 2013 et
1535 1959 1708 2026 legem
1765 1972 1945 2010 meam

291 2051 592 2117 violarunt,
625 2053 675 2104 et
712 2055 906 2105 sancta
935 2065 1057 2104 mea
1100 2049 1542 2120 prora-narunt“;
1576 2047 1716 2101 item
1750 2045 1896 2100 illud
1930 2061 1942 2098 :

289 2141 461 2195 Lanis
493 2141 680 2195 ovium
706 2139 885 2204 indui,
916 2144 1164 2193 mactare
1192 2137 1333 2208 quod
1358 2139 1568 2209 pingue
1597 2139 1698 2200 est,
1731 2135 1830 2188 lac
1861 2134 1952 2188 bi-

292 2229 487 2291 bere“;
521 2229 664 2299 haec,
697 2228 964 2299 inquam,
995 2231 1212 2282 attente
1243 2225 1510 2292 audiens,
1539 2223 1681 2295 quid
1713 2222 1950 2291 faciam,

291 2335 362 2374 ne
393 2323 658 2373 metuam
703 2333 803 2372 eos
852 2315 950 2387 qui
1004 2331 1096 2370 me
1144 2315 1525 2386 redarguunt,
1556 2316 1614 2367 et
1669 2312 1824 2366 clare
1878 2311 1950 2366 ob

291 2406 492 2463 oculos
543 2405 689 2460 mihi
740 2408 985 2477 ponunt,
1020 2402 1214 2476 qualis
1255 2401 1411 2457 sim?
1442 2418 1568 2473 quae
1616 2400 1665 2455 si
1721 2398 1953 2454 fabulas

289 2501 458 2567 putat
489 2495 593 2564 qui
624 2494 684 2548 in
713 2493 907 2565 ignem
951 2491 1118 2546 illum
1151 2495 1474 2546 extremum
1507 2504 1623 2543 non
1654 2487 1940 2555 intuetur,

289 2583 433 2638 mihi
473 2587 632 2638 certe
677 2599 792 2638 non
849 2581 1084 2648 fabulae,
1117 2580 1220 2636 sed
1280 2579 1361 2633 ita
1422 2575 1724 2632 horribilia
1754 2575 1955 2630 omnia

289 2688 418 2727 esse
447 2671 740 2741 videntur,
787 2674 849 2724 ut
895 2670 1136 2724 horrore
1181 2668 1429 2723 exedant
1477 2669 1955 2734 consumantque

293 2758 603 2817 medullas.
635 2758 832 2829 Neque
879 2763 1077 2812 tamen
1127 2771 1404 2812 curamus
1457 2754 1644 2809 facere
1687 2769 1793 2824 pro
1823 2751 1956 2806 viri.

292 2851 405 2906 bus
437 2864 510 2903 ne
542 2851 781 2919 propter
834 2845 1070 2917 aliquod
1130 2862 1198 2900 ex
1251 2843 1342 2899 his
1396 2842 1604 2897 vitium
1638 2857 1704 2895 ac
1753 2839 1950 2896 scelus

290 2934 595 2994 constricti
635 2934 886 2990 vinculis
937 2932 1306 2998 arctissimis,
1338 2930 1529 3003 poenis
1577 2929 1956 3001 sempiternis

290 3026 644 3094 efﬁciamur,
664 3025 766 3080 sed
798 3023 993 3096 potius
1027 3023 1236 3078 damus
1258 3037 1494 3093 operam
1517 3018 1682 3074 vanis
1712 3021 1953 3072 conten-

290 3115 563 3172 tionibus
615 3113 975 3184 judiciisque
1025 3112 1096 3166 ad
1154 3110 1456 3165 libidinem
1515 3112 1776 3164 nostram
1829 3123 1956 3162 cor-

291 3204 505 3278 ruptis,
534 3207 636 3258 aut
665 3203 737 3258 ab
782 3218 847 3258 eo
897 3201 1049 3273 quod
1085 3200 1205 3254 ﬁeri
1256 3198 1535 3270 oportuit,
1571 3197 1940 3252 abducimur.

293 3296 430 3360 Quae
463 3293 619 3348 enim
657 3293 843 3346 facere
881 3289 1090 3353 solent,
1123 3288 1225 3360 qui
1266 3291 1488 3341 statum
1519 3284 1788 3340 Ecclesia
1820 3300 1948 3355 per-
1980 3283 2022 3348 C

292 3384 532 3438 turbare
590 3379 938 3447 moliuntur,
990 3378 1115 3433 haec
1167 3376 1266 3431 isti
1322 3379 1583 3446 questus
1631 3373 1820 3445 gratia
1862 3372 1954 3427 fa-

296 3471 461 3528 ciunt
492 3489 504 3526 :
540 3468 767 3524 scilicet
795 3484 929 3522 cum
961 3484 995 3522 a
1034 3465 1322 3538 principio
1355 3463 1741 3519 constitutum
1776 3465 1953 3530 esset,

300 3565 366 3616 ut
417 3558 509 3614 bis
568 3573 800 3629 quoque
858 3572 1013 3611 anno
1073 3553 1332 3626 synodus
1388 3552 1720 3618 haberetur,
1754 3555 1957 3622 postea

295 3665 430 3704 vero
477 3645 845 3702 commodius
891 3644 1186 3698 videretur
1229 3641 1428 3697 haberi
1480 3639 1683 3708 semel,
1714 3655 1787 3694 ne
1817 3655 1952 3695 oves

299 3741 537 3810 prOpter
593 3735 856 3790 crebram
925 3731 1252 3788 absentiam
1307 3735 1632 3801 pastorum,
1693 3728 1859 3783 facile
1923 3747 1957 3782 a

298 3826 454 3898 lupis
489 3824 680 3879 invadi
721 3826 980 3895 possent,
1014 3824 1218 3876 nostra
1271 3835 1426 3874 nunc
1457 3823 1616 3886 aetas,
1652 3816 1846 3872 nescio
1878 3833 1953 3872 an

300 3914 520 3986 aliquid
582 3911 974 3984 prudentioris
1047 3907 1274 3964 consilii
1336 3907 1646 3980 providens
1703 3922 1775 3960 an
1833 3922 1955 3960 cor-

300 4004 536 4074 ruptius
567 4001 870 4072 judicans,
903 3999 1010 4054 hoc
1057 4013 1290 4069 quoque
1322 3995 1561 4052 sustulit
1595 4013 1608 4050 :
1646 3995 1798 4049 unde
1827 4010 1957 4065 gra-

297 4094 390 4148 via
417 4096 475 4147 et
504 4107 654 4146 nova
685 4089 837 4144 mala
885 4087 1208 4157 suscitavit,
1243 4091 1302 4142 et
1350 4101 1554 4140 curam
1608 4082 1958 4154 pastoralem

298 4181 358 4236 in
391 4179 675 4252 pecunias
708 4193 1032 4249 pauperum
1064 4175 1459 4231 corradendas
1490 4171 1762 4234 contulit,
1787 4187 1960 4244 grege

301 4270 457 4342 lupis
504 4267 708 4323 relicto
744 4285 757 4321 :
794 4283 1009 4338 magna
1054 4282 1189 4320 vero
1239 4263 1542 4334 diligentia
1571 4266 1627 4316 et
1657 4260 1964 4333 vigilantia

307 4360 498 4414 locum
530 4355 792 4428 episcopi
826 4359 1136 4419 ornarunt,
1157 4357 1223 4408 ut
1252 4351 1500 4407 desertis
1531 4351 1654 4406 suis
1686 4349 1960 4422 gregibus

306 4448 461 4519 apud
514 4445 778 4518 reginam
831 4440 1395 4514 Constantinopolim
1448 4439 1815 4505 accubarent.
1853 4438 1960 4493 De-

309 4538 488 4608 nique
539 4533 896 4599 maluerunt,
927 4531 1087 4588 brevi
1139 4529 1435 4602 voluptate
1490 4527 1769 4597 contenti,
1802 4526 1962 4582 carni

2060 1957 2236 2023 ciant,
2265 1957 2346 2011 ita
2379 1963 2443 2012 ut
2485 1958 2608 2027 jam
2655 1959 2709 2012 in
2763 1959 2956 2014 causis
3014 1977 3336 2032 pauperum
3396 1965 3703 2020 nobiscum

2061 2045 2296 2117 quidem
2320 2045 2574 2101 sentiant
2599 2047 2698 2117 qui
2728 2048 2942 2118 pariter
2961 2049 3254 2120 judicent,
3279 2069 3394 2106 non
3421 2057 3616 2109 tamen
3642 2055 3703 2109 in

2061 2134 2254 2189 causis
2285 2135 2532 2189 divitum
2585 2141 2759 2206 atque
2808 2136 3122 2205 nobilium;
3175 2143 3536 2210 quamobrem
3586 2160 3702 2199 non

2063 2223 2328 2278 convenit
2380 2223 2523 2278 mihi
2580 2240 2712 2279 cum
2773 2224 2864 2279 his
2913 2229 3355 2284 consessoribus
3398 2231 3702 2300 judicihus

2055 2311 2339 2383 judicare.
2375 2312 2433 2366 Si
2480 2329 2590 2384 pax
2621 2329 2860 2368 munere
2900 2314 3000 2370 Dei
3058 2323 3369 2374 consecuta
3425 2321 3620 2388 fuerit,
3650 2326 3708 2378 et

2064 2400 2370 2456 consilium
2441 2403 2715 2471 frequens
2771 2402 2898 2473 cogi
2953 2404 3280 2476 contigerit,
3341 2408 3707 2480 corrigentur

2062 2489 2183 2544 hzec
2215 2489 2456 2545 omnia:
2492 2491 2646 2560 quod
2707 2492 2754 2546 si
2813 2507 2982 2548 secus
3029 2495 3282 2550 evenerit
3309 2496 3704 2570 (quandoqui-

2062 2581 2196 2633 dem
2229 2580 2522 2634 nescimus
2568 2579 2706 2650 quid
2749 2581 3047 2650 proximus
3079 2583 3203 2639 dies
3250 2585 3329 2640 sit
3373 2585 3705 2661 allaturus),

2061 2668 2250 2722 Judex
2281 2666 2375 2721 ille
2405 2667 2504 2738 qui
2537 2667 2658 2722 falli
2705 2685 2820 2723 non
2872 2675 3085 2740 potest,
3115 2672 3384 2729 Ecclesia;
3415 2692 3534 2731 sua:
3565 2694 3701 2734 con-

2063 2756 2234 2812 sulet.
2270 2756 2385 2810 Hoc
2434 2762 2491 2810 te
2535 2755 2683 2812 scire
2726 2756 2901 2825 volui,
2934 2776 3006 2814 ne
3039 2760 3347 2818 molestum
3398 2771 3554 2821 esset
3601 2783 3702 2823 ve-

2064 2846 2208 2900 nire.
2242 2845 2400 2900 Vale.

2643 2953 2991 3009 EPISTOLA
3029 2955 3128 3010 III.

2068 3041 2347 3116 Gratiaet
2384 3057 2503 3116 pax
2544 3041 2647 3116 tibi
2691 3059 2726 3096 τι
2775 3044 2879 3116 Deo
2928 3045 3313 3116 omnipotente.
3367 3049 3704 3108 Athanasius

2131 3113 2450 3183 patriarcha
2530 3111 3166 3186 ConstantinOpolitanus
3236 3121 3486 3192 episcopo
3560 3125 3706 3192 Apa-

2136 3199 2295 3240 "16$.

2137 3289 2412 3345 Existimo
2455 3294 2509 3344 te
2541 3307 2657 3345 non
2689 3292 2957 3363 ignorare
2987 3294 3128 3364 quid
3172 3297 3423 3354 Basilius
3454 3298 3551 3355 ille
3581 3316 3705 3356 ma-

2068 3395 2221 3449 gnus
2253 3380 2321 3433 ad
2356 3379 2699 3450 Gregorium
2731 3381 3051 3453 scripserit,
3076 3384 3146 3439 de
3184 3402 3250 3440 eo
3283 3391 3348 3442 ut
3380 3389 3711 3446 excluderet

2065 3467 2468 3522 mulierculam
2499 3484 2677 3538 quam
2722 3469 2878 3524 domi
2925 3470 3203 3541 habebat;
3236 3479 3293 3530 et
3322 3477 3708 3548 quemadmo-

2064 3557 2206 3610 dum
2249 3555 2515 3626 jusserit,
2548 3560 2613 3610 ut
2662 3557 2774 3612 nisi
2825 3560 3027 3615 statim
3075 3562 3426 3632 excluderet,
3452 3570 3710 3622 cessaret

2066 3645 2136 3700 ab
2193 3644 2382 3699 ofﬁcio
2441 3645 2807 3712 sacerdotali,
2868 3648 3202 3706 redditurus
3258 3652 3372 3709 Deo
3427 3654 3710 3711 rationem

2066 3734 2427 3799 cessationis,
2485 3734 2836 3806 futurusque
2887 3743 3092 3793 cuncto
3142 3741 3358 3813 populo
3407 3744 3717 3799 anathema

2067 3823 2115 3878 si
2147 3839 2262 3877 non
2293 3827 2566 3887 cessaret,
2601 3825 2699 3877 sed
2753 3824 2949 3895 potius
2981 3828 3202 3899 absque
3247 3833 3567 3888 reverentia
3598 3833 3713 3888 Deo

2067 3912 2297 3967 offerret
2356 3928 2368 3966 ε
2426 3911 2643 3982 quibus
2701 3913 2891 3968 verbis
2949 3915 3394 3984 demonstravit,
3427 3927 3711 3992 quantum

2068 3999 2265 4056 damni
2299 4005 2357 4054 et
2377 3999 2621 4070 jacturae
2655 4000 2888 4071 faceret,
2919 4003 3018 4074 qui
3068 4004 3415 4077 dignitatem
3466 4009 3712 4080 adeptus

2070 4106 2182 4144 non
2213 4093 2502 4144 exerceret
2544 4089 2938 4146 ministerium
2970 4097 3125 4149 recte
3170 4101 3228 4150 et
3276 4096 3528 4152 assidue.
3563 4098 3712 4152 Sunt

2068 4180 2265 4248 itaque
2295 4178 2446 4232 facta
2480 4183 2815 4234 sanctorum
2848 4180 3084 4237 Patrum
3132 4186 3397 4256 exempla
3426 4185 3616 4247 nobis,
3647 4190 3714 4242 ut

2071 4285 2198 4338 quae
2225 4266 2392 4321 nobis
2425 4266 2688 4322 facienda
2709 4275 2867 4336 sunt,
2893 4286 3026 4324 cum
3059 4271 3130 4325 iis
3153 4288 3560 4344 comparemus
3583 4291 3715 4345 quae

2069 4355 2256 4427 gratia
2287 4359 2623 4410 sanctorum
2656 4373 2756 4427 per
2804 4373 2903 4412 eos
2953 4359 3228 4430 aspiravit
3277 4361 3334 4414 in
3386 4378 3516 4432 quae
3559 4363 3720 4434 aspi-

2071 4445 2342 4500 ciendum
2385 4450 2492 4514 est,
2529 4450 2591 4498 ut
2622 4445 2679 4498 in
2712 4445 2891 4501 solem
2944 4449 3202 4518 aspicere
3253 4449 3460 4522 solent,
3492 4451 3593 4521 qui
3625 4449 3718 4505 lu-

2073 4549 2206 4588 men
2265 4533 2619 4588 desiderant.
2671 4533 3057 4596 Quamobrem
3105 4536 3208 4590 tibi
3265 4537 3375 4592 hoc
3423 4538 3720 4610 exemplar

308 4625 634 4714 indulgere,
669 4639 848 4714 quam
885 4638 1045 4714 cum
1089 4619 1302 4692 populo
1355 4617 1790 4714 Deinlaborare,
1825 4632 1960 4714 cou-
1995 4651 2041 4714 Β
2074 4621 2495 4693 insculpimus,
2558 4626 2621 4676 ut
2685 4624 3159 4694 quandoquidem
3224 4625 3541 4682 Ecclesiam
3609 4627 3720 4684 tibi

311 4715 549 4786 temptis
593 4713 823 4784 legibus
866 4709 1084 4766 divinis
1131 4725 1261 4780 quas
1307 4705 1642 4778 prohibent,
1677 4721 1747 4760 ne
1779 4703 1964 4776 pauli-

311 4820 447 4875 sper
494 4802 733 4874 quidem
779 4801 1021 4873 impune
1054 4816 1086 4854 a
1128 4813 1302 4869 grege
1351 4796 1575 4850 abesse.
1609 4795 1682 4848 Ac
1731 4792 1869 4859 nisi,
1902 4796 1969 4846 ut

309 4890 625 4964 Apostolus
684 4892 798 4958 ait,
862 4891 1121 4944 inimicus
1175 4886 1396 4941 viderer
1443 4899 1633 4938 verum
1687 4883 1964 4953 eloquens,

312 4997 545 5053 possem
603 4978 824 5050 aliquid
886 4994 1019 5033 vere
1078 4976 1290 5031 dicere.
1324 4973 1494 5040 Quid,
1530 4988 1746 5043 quaeso,
1798 4971 1991 5051 juvat

311 5070 458 5125 istos
518 5069 822 5140 episcopos
877 5072 935 5122 et
994 5070 1256 5139 pastores
1288 5062 1347 5117 in
1381 5062 1524 5116 urbe
1581 5059 1819 5125 morari,
1855 5058 1967 5114 nisi

315 5159 608 5229 (omittam
643 5156 780 5227 alia)
812 5160 877 5211 ut
921 5153 1286 5227 patriarchas
1318 5151 1463 5206 alios
1504 5153 1791 5214 moveant,
1825 5147 1969 5203 alios

318 5247 567 5320 eligant;
603 5263 673 5300 ne
705 5246 753 5300 si
786 5245 942 5300 idem
976 5244 1076 5298 diu
1127 5241 1203 5297 sit
1246 5238 1597 5312 patriarcha,
1624 5253 1715 5292 res
1765 5252 1969 5292 omnes

317 5336 724 5391 ecclesiasticae
756 5331 1091 5404 composita
1124 5330 1243 5385 sint
1277 5346 1289 5383 :
1325 5328 1476 5399 quod
1510 5325 1851 5398 praeclarum
1884 5325 1967 5380 fa-

315 5425 486 5481 cinus
515 5441 584 5480 ex
614 5440 681 5479 eo
721 5427 983 5494 tempore
1037 5421 1223 5475 facere
1278 5417 1374 5472 isti
1424 5419 1868 5480 consueverunt,
1902 5430 1970 5470 ex

315 5531 432 5588 quo
462 5510 964 5584 Constantinopoli
1019 5508 1190 5582 potiti
1244 5522 1476 5563 sumus.
1510 5503 1676 5569 Quod
1731 5504 1968 5575 quidem

2075 4711 2470 4766 commendari
2500 4709 2756 4776 voluisti,
2783 4726 3017 4783 gregem
3049 4712 3262 4770 Christi
3295 4716 3366 4770 ad
3393 4733 3612 4787 pascua
3640 4717 3721 4771 vi-

2075 4800 2226 4855 ridia
2255 4805 2311 4854 et
2341 4799 2598 4854 salubria
2626 4799 2782 4854 omni
2817 4800 3012 4855 studio
3044 4818 3183 4873 agas
3213 4809 3269 4858 et
3298 4805 3500 4875 ducas,
3524 4805 3724 4860 defen-

2077 4891 2298 4960 dasque
2350 4905 2483 4943 eum
2535 4905 2570 4942 a
2630 4887 2832 4942 bestiis
2897 4905 3009 4943 non
3077 4890 3556 4964 quibuscunque,
3616 4895 3720 4950 sed

2075 4977 2358 5047 Arabicis,
2389 4982 2515 5030 tum
2566 4977 2962 5047 corporalibus
3018 4995 3145 5049 quae
3203 4987 3545 5052 cernuntur,
3593 4987 3720 5039 tum

2077 5065 2484 5138 spiritualibus
2516 5081 2642 5136 quia
2684 5081 2798 5119 non
2842 5072 3179 5123 cernuntur.
3213 5069 3282 5124 Et
3310 5070 3398 5141 (ut
3428 5072 3599 5126 debet
3627 5088 3720 5128 ve-

2077 5173 2178 5211 rus
2211 5155 2538 5226 episcopus)
2584 5154 2838 5209 resideas
2889 5161 3086 5212 sancte
3119 5159 3188 5213 ad
3221 5164 3485 5214 sanctam
3535 5177 3719 5232 aram,

2077 5245 2148 5300 de
2207 5261 2322 5315 qua
2379 5242 2482 5298 tibi
2538 5242 3006 5314 participandum
3065 5251 3172 5316 est,
3206 5248 3381 5303 sicuti
3442 5249 3720 5306 Dominus

2079 5332 2475 5405 pronuntiavit
2503 5331 2733 5400 dignum
2783 5349 2893 5388 esse
2941 5338 3254 5404 operarium
3305 5339 3548 5394 mercede
3593 5355 3717 5394 sua.

2079 5423 2467 5488 Quamobrem
2500 5437 2613 5475 non
2661 5425 2750 5476 est
2779 5422 3257 5494 existimandum,
3281 5425 3453 5482 licere
3483 5427 3586 5482 tibi
3615 5426 3717 5483 diu

2078 5514 2282 5588 quavis
2312 5512 2382 5566 de
2412 5527 2591 5566 causa
2618 5510 2842 5580 abesse,
2867 5511 3005 5583 quia
3034 5515 3228 5586 potius
3256 5514 3585 5574 faciendum
3611 5514 3720 5573 tibi

386 5711 409 5750 ⁵
437 5708 693 5778 Nahum,
725 5725 765 5783 ι,
798 5709 884 5766 15.
961 5708 982 5746 ο
1013 5704 1214 5764 Ezech.
1248 5718 1438 5778 xxxiv,
1469 5701 1526 5758 8.
1601 5699 1622 5741 ⁷
1651 5698 1800 5759 Ibid.
1834 5699 1921 5757 18.

2067 5697 2260 5755 lerem.
2293 5709 2374 5765 v1,
2405 5690 2491 5747 19.
2569 5689 2590 5728 ο
2619 5688 2730 5748 Isa.
2766 5705 2855 5762 LV,
2888 5691 2940 5752 1.
