4110 6412
406 393 525 453 519

1532 387 1960 448 ATHANASII
2006 377 2122 446 ΟΡ.
2172 383 2695 446 PA'l‘ltlAltUll/E

3695 389 3810 453 520

407 530 516 593 est,
548 532 613 581 ut
637 523 900 580 celeriter
927 523 1011 578 ire
1043 520 1231 594 possis
1279 522 1349 577 ad
1401 536 1529 576 eam
1579 519 1891 575 Ecclesiam
1925 519 2136 590 qumA
2167 517 2281 582 bit,
2337 534 2572 574 summa
2638 518 2875 573 licentia
2932 518 3309 591 irrepserunt.
3371 522 3510 586 Qum
3563 523 3612 578 si
3673 524 3812 580 talia

406 613 510 668 tibi
543 613 743 668 addita
788 615 878 665 est
924 616 981 665 et
1028 610 1455 678 commendata,
1487 614 1551 663 ut
1581 609 1631 663 ei
1665 609 1893 680 praesis;
1942 607 2051 662 hoc

407 707 600 758 autem
636 701 832 763 facies,
864 700 912 755 si
962 699 1126 770 prius
1176 698 1398 753 restitui
1446 697 1647 752 feceris
1689 712 2051 768 quaecunque

404 791 523 847 sive
569 796 624 845 te
671 788 904 844 conscio
963 787 1081 842 sive
1140 804 1252 842 non
1309 787 1540 842 conscio
1589 787 1866 854 subrepta
1923 801 2050 839 esse

403 878 759 943 constiterit;
797 882 859 931 ut
903 877 1152 947 benigne
1188 876 1340 931 Deus
1375 892 1481 930 sua
1531 874 1740 945 cuique
1785 878 2049 927 nostrum

402 968 658 1023 tribuere
688 965 842 1035 velit,
875 965 1029 1035 quod
1073 964 1183 1018 erit
1231 980 1337 1019 suo
1385 969 1646 1033 tempore
1686 961 2049 1032 jucundissi-

401 1073 584 1113 mum.
607 1055 740 1118 Quae
773 1054 1006 1123 quidem
1031 1053 1263 1108 sublata
1295 1058 1435 1107 sunt
1462 1053 1534 1107 ab
1569 1051 1640 1106 iis
1664 1051 1763 1122 qui
1792 1051 1941 1105 hanc
1973 1049 2054 1105 la-

395 1146 528 1202 bem
561 1143 851 1216 episcopis
890 1158 1200 1214 aspergere
1229 1140 1450 1207 volunt,
1486 1145 1551 1195 ut
1581 1141 1725 1195 dum
1777 1140 1884 1211 ipsi
1923 1139 2052 1194 aliis

395 1234 751 1290 insidiantur
781 1236 838 1287 et
869 1229 1118 1302 injurias
1159 1229 1454 1302 ingerunt,
1487 1228 1661 1300 culpa
1711 1230 1769 1283 in
1821 1245 1920 1283 eos
1951 1225 2053 1298 qui

399 1322 540 1379 mali
587 1325 847 1393 pastores
890 1323 1048 1388 sunt,
1082 1320 1489 1387 transferatur,
1524 1317 1741 1388 alioqui
1775 1317 2056 1389 quemad-

406 1412 648 1467 modum
707 1409 789 1464 ire
846 1408 1041 1464 licebit
1096 1407 1154 1461 in
1206 1413 1506 1477 aspectum
1563 1423 1762 1461 eorum
1805 1423 2052 1476 quorum

410 1502 630 1557 damna
659 1505 716 1555 et
740 1497 990 1568 injurias
1021 1496 1342 1551 inhumane
1371 1495 1792 1566 contempseris
1827 1513 1838 1548 :
1874 1513 1906 1549 a
1938 1511 2053 1566 quo

403 1595 599 1645 tamen
633 1587 792 1643 omni
825 1602 887 1641 se
916 1583 1135 1655 injuria
1163 1583 1499 1639 liberandos
1541 1599 1668 1637 esse
1712 1583 2051 1653 sperabant,

401 1682 506 1734 aut
547 1675 1040 1748 quemadmodum
1070 1689 1345 1744 cogemus
1377 1687 1475 1726 eos
1527 1676 1592 1725 ut
1641 1671 2048 1740 magistratum

396 1767 606 1833 ferant,
629 1764 746 1820 nisi
791 1764 948 1834 quod
993 1761 1299 1817 Zacchaeus
1331 1759 1596 1824 faciebat,
1621 1759 1728 1814 hoc
1762 1759 1909 1813 idem
1944 1775 2048 1813 nos

398 1853 750 1911 fecerimus?
782 1851 881 1906 Ille
911 1851 1066 1906 enim
1099 1850 1148 1906 si
1180 1850 1321 1921 quid
1355 1850 1608 1920 aliquem
1641 1848 2052 1920 defraudabat,

398 1943 680 2000 reddebat
735 1939 1155 2013 quadruplum.
1206 1940 1274 1994 Et
1330 1939 1615 1994 Dominus
1670 1937 1795 2009 pios
1848 1953 2052 1992 omnes

389 2033 564 2104 jubet
589 2031 661 2087 ab
693 2029 936 2087 avaritia
966 2028 1262 2084 abstinere
1305 2045 1316 2082 :
1347 2028 1502 2098 quod
1538 2026 1772 2098 quidem
1807 2026 1906 2097 qui
1940 2041 2053 2081 non

396 2120 598 2177 fecerit
624 2125 682 2176 et
721 2118 1008 2188 docuerit,
1040 2117 1537 2188 quemadmodum
1589 2132 1702 2168 non
1753 2116 1862 2169 erit
1913 2130 2050 2168 ana-

399 2210 598 2266 thema
628 2207 882 2280 populo?
922 2206 1019 2261 Est
1067 2206 1222 2261 enim
1282 2205 1448 2277 pejus
1509 2222 1621 2259 non
1683 2206 1868 2258 facere
1921 2203 2050 2278 hoc,

393 2315 573 2370 quam
606 2297 762 2370 quod
796 2295 1110 2368 Gregorius
1139 2293 1238 2349 ille
1269 2309 1444 2364 quem
1477 2293 1616 2363 dixi,
1640 2294 1792 2348 fecit.
1821 2295 2051 2357 Quanto

391 2385 625 2443 facilius
655 2391 713 2442 et
763 2385 946 2439 levius
987 2383 1044 2437 id
1078 2381 1213 2437 mali
1248 2386 1414 2453 potes
1447 2381 1780 2452 corrigere?
1831 2379 2049 2451 alioqui

392 2480 745 2546 utrumque,
804 2473 922 2529 imo
981 2472 1316 2543 quicunque
1375 2488 1490 2524 non
1549 2471 1958 2537 emendantur,
2016 2484 2051 2522 a

388 2564 620 2620 Christo
668 2563 929 2634 principe
980 2566 1283 2633 pastorum
1317 2561 1653 2632 punientur.
1687 2559 1836 2629 Ergo
1885 2563 2048 2629 post-

388 2669 567 2726 quam
613 2651 722 2708 hoc
773 2650 1104 2724 perfeceris,
1136 2649 1266 2706 veni
1315 2649 1387 2703 ad
1441 2666 1569 2714 nos,
1602 2653 1666 2702 ut
1712 2646 1924 2702 litteris
1955 2662 2047 2702 ac-

391 2741 578 2813 ceptis
609 2757 643 2796 a
675 2739 844 2796 nobis
899 2739 1243 2804 absolvaris,
1276 2744 1334 2793 et
1381 2739 1763 2793 confirmatus
1811 2752 1909 2791 eas
1941 2736 2045 2789 bo-

391 2847 467 2885 na
497 2829 855 2884 conscientia
904 2828 972 2883 ad
1027 2845 1244 2882 munus
1295 2826 1582 2898 pastorale
1626 2824 2043 2880 administran-

391 2920 554 2974 dum.
579 2918 849 2983 Quandiu
885 2918 1042 2972 enim
1091 2935 1203 2972 non
1239 2916 1530 2972 vereberis
1577 2915 1695 2968 haec
1745 2931 1868 2984 quae
1902 2911 2044 2967 facis

393 3007 600 3076 facere,
635 3024 742 3062 nos
774 3007 1037 3078 quidem,
1073 3012 1124 3060 te
1158 3023 1191 3060 a
1223 3007 1469 3060 dimcese
1515 3010 1617 3059 tua
1667 3004 1925 3068 absente,
1961 3003 2040 3056 rei

390 3113 507 3152 non
556 3097 778 3151 erimus
839 3101 950 3150 tuis
1002 3095 1325 3150 vacationis
1372 3109 1693 3164 eorumque
1751 3091 2038 3147 malorum

382 3205 511 3260 quea
545 3206 614 3244 ex
646 3187 912 3243 absentia
934 3191 990 3241 et
1018 3187 1318 3241 vacatione
1341 3183 1501 3239 nasci
1525 3199 1762 3238 necesse
1791 3186 1914 3249 est;
1948 3197 2041 3236 ne-

2163 610 2400 678 tamque
2458 607 2656 677 gravia
2702 606 2865 663 vobis
2922 608 3212 676 videntur,
3264 627 3388 681 age,
3436 611 3654 682 optime
3700 613 3806 682 vir,

2168 700 2476 750 contentus
2507 700 2628 750 esto
2651 701 2752 750 tua
2781 697 3046 764 dimcesi;
3082 715 3357 769 permane
3388 700 3445 754 in
3479 717 3577 767 ea;
3608 702 3696 756 fac
3727 703 3809 758 sis

2161 799 2294 838 cum
2328 785 2534 839 ovibus
2562 785 2680 838 tuis
2713 801 2896 856 usque
2929 787 2997 840 ad
3033 787 3378 859 sanguinem
3413 787 3531 843 illis
3563 790 3805 859 afﬁxus;

2161 887 2308 942 quas
2367 873 2603 944 quidem
2665 891 2819 928 nunc
2878 875 2932 928 in
2997 877 3283 946 myrtetis,
3342 877 3494 932 inter
3549 879 3694 934 ﬁcus
3752 885 3810 936 et

2162 977 2346 1027 rosas,
2375 968 2550 1032 atque
2580 962 2636 1017 in
2673 963 2970 1018 montibus
3002 965 3199 1020 divina
3229 967 3592 1037 providentia
3619 974 3814 1025 custo-

2161 1048 2266 1103 dit.
2308 1048 2506 1121 Neque
2553 1050 2732 1117 enim,
2767 1053 2919 1122 quod
2973 1054 3371 1110 certissimum
3423 1061 3526 1121 est,
3558 1057 3720 1128 virga
3751 1062 3808 1112 et

2162 1136 2368 1193 baculo
2399 1143 2498 1193 tuo
2554 1139 2828 1210 pastorali
2861 1141 2942 1205 ﬁt,
2979 1147 3045 1196 ut
3093 1143 3151 1197 in
3200 1145 3432 1215 pascuis
3483 1145 3807 1203 virentibus

2163 1225 2325 1296 pacis
2379 1232 2436 1282 et
2494 1228 2782 1284 bonorum
2842 1229 3094 1286 caelestis
3149 1233 3475 1288 Jerusalem
3533 1250 3612 1289 ea:
3668 1234 3805 1290 sint.

2163 1313 2290 1368 Scis
2336 1315 2514 1383 enim,
2546 1317 2645 1387 qui
2698 1318 2953 1389 amplius
3000 1337 3099 1374 sex
3150 1321 3450 1377 mensibus
3483 1340 3518 1378 a
3562 1323 3810 1380 dioecese

2163 1402 2474 1474 abfuerint,
2509 1405 2620 1460 nisi
2666 1423 2764 1462 eos
2795 1408 2985 1479 gravis
3037 1410 3276 1466 morbus
3322 1416 3537 1478 teneat,
3569 1413 3808 1468 canoni-

2163 1491 2271 1546 bus
2302 1498 2355 1546 et
2386 1493 2616 1565 legibus
2665 1497 2961 1552 firmatum
3020 1515 3168 1566 esse,
3204 1503 3268 1552 ut
3323 1501 3712 1557 sacerdotium
3753 1506 3811 1558 et

2159 1594 2394 1651 gregem
2454 1584 2804 1640 amitterent.
2839 1585 3075 1652 Verum,
3126 1604 3340 1643 novum
3390 1589 3701 1645 consilium
3751 1593 3809 1646 et

2159 1668 2506 1727 sceleratum
2556 1672 2648 1727 hic
2680 1691 2714 1728 a
2744 1680 2954 1730 nostra:
2983 1676 3168 1732 aetatis
3200 1677 3536 1733 hominibus
3579 1679 3808 1751 excogi-

2157 1761 2342 1814 tatum
2375 1765 2497 1816 est:
2525 1761 2769 1832 scilicet,
2797 1763 3028 1820 mittitis
3059 1765 3316 1837 aliquem
3348 1767 3447 1838 qui
3480 1769 3629 1823 sciat
3657 1767 3809 1824 mul-

2162 1861 2296 1917 gere
2324 1864 2591 1921 gregem;
2617 1851 2727 1922 ipsi
2759 1869 2892 1907 vero
2924 1853 2982 1908 in
3016 1855 3159 1910 urbe
3179 1856 3683 1928 Constantinopoli
3715 1873 3811 1913 ex-

2161 1939 2438 2006 spectatis
2479 1945 2712 2011 propter
2757 1943 3130 2013 prwfecturas
3159 1943 3379 2011 civiles,
3422 1945 3806 2018 subscriptio-

2166 2039 2289 2089 nes,
2315 2027 2759 2099 intempesttvas
2791 2030 3205 2097 ordinationes,
3229 2033 3376 2088 adde
3407 2034 3582 2089 etiam
3616 2034 3804 2092 bullas

2164 2117 2220 2165 rt
2249 2114 2511 2170 decreta:
2544 2123 2600 2171 et
2631 2123 2911 2190 tanquam
2945 2120 3185 2192 impune
3216 2122 3294 2177 sit
3321 2122 3484 2178 vobis
3515 2124 3804 2194 futurum,

2163 2201 2240 2253 ita
2277 2203 2470 2272 procul
2505 2223 2537 2260 a
2567 2207 2801 2263 dioecesi
2843 2209 3003 2264 vobis
3052 2211 3368 2267 commissa
3427 2214 3715 2285 receditis,
3749 2220 3806 2270 et

2165 2289 2275 2345 alia
2307 2292 2668 2363 hujusmodi,
2701 2303 2764 2352 ut
2794 2298 3003 2369 cuique
3034 2297 3194 2366 libet,
3217 2301 3605 2358 committitis.
3630 2302 3804 2376 Opor-

2161 2379 2317 2435 tebat
2361 2383 2574 2453 potius,
2607 2386 2833 2441 cunctis
2879 2387 3166 2459 episcopis
3199 2390 3458 2462 undique
3509 2391 3565 2446 in
3617 2410 3798 2450 unum

2161 2473 2549 2543 congregatis,
2591 2491 2759 2529 suam
2810 2476 3021 2547 cuique
3057 2477 3364 2534 diceeesem
3397 2479 3660 2536 funiculo
3691 2483 3804 2538 dis-

2158 2559 2498 2615 tributionis
2563 2562 3000 2630 circumscribi,
3059 2571 3232 2638 atque
3307 2568 3388 2623 ita
3461 2570 3801 2640 patriarcha

2159 2653 2382 2717 partem
2433 2667 2602 2705 suam
2635 2670 2668 2707 a
2701 2654 2864 2708 vobis
2909 2655 3218 2726 assignari,
3251 2661 3351 2711 aut
3389 2673 3491 2714 vos
3541 2675 3574 2713 a
3617 2660 3798 2731 patri-

2157 2736 2333 2791 archa
2380 2738 2612 2809 privari.
2649 2741 2717 2795 Et
2765 2742 2904 2813 quid
2955 2744 3208 2814 prodest,
3243 2744 3540 2802 laborasse
3589 2765 3690 2804 vos
3737 2749 3797 2804 in

2155 2824 2461 2897 deligendo
2519 2845 2583 2883 ac
2644 2831 3052 2887 constituendo
3102 2834 3450 2904 patriarcha,
3483 2852 3547 2890 ac
3597 2840 3797 2908 postea

2152 2913 2437 2969 insultare
2463 2921 2519 2971 et
2550 2918 2736 2973 efferri
2768 2920 2823 2973 in
2856 2936 3011 2990 eum,
3036 2926 3091 2976 et
3121 2922 3237 2976 vita
3267 2922 3395 2993 ipsa
3424 2928 3592 2993 atque
3617 2924 3791 2980 factis

2154 3003 2432 3059 irridere?
2481 3005 2659 3075 nulla,
2695 3023 2764 3061 ne
2796 3009 2866 3062 ad
2918 3010 3083 3065 breve
3133 3011 3370 3082 quidem
3419 3017 3792 3082 tempus,ca-

2153 3108 2265 3146 non
2281 3109 2374 3146 um
2409 3098 2465 3148 et
2508 3093 2701 3166 legum
2752 3098 2974 3152 ratione
3022 3098 3220 3152 habita
3253 3117 3266 3153 :
3301 3115 3471 3170 quem
3507 3100 3555 3155 si
3585 3100 3796 3157 vestris

2151 3181 2398 3237 fortasse
2456 3182 2805 3240 libidinibus
2860 3187 3134 3241 resistere
3190 3187 3454 3254 videatis,
3515 3189 3795 3246 continuo

385 3295 502 3350 que
553 3293 756 3333 eorum
809 3276 1097 3331 bonorum
1130 3275 1564 3344 interceptores,
1597 3290 1722 3344 quae
1767 3271 1815 3326 si
1864 3272 2035 3326 ades-
2068 3273 2110 3338 C
2149 3269 2398 3326 crimina
2427 3272 2670 3343 fingitis,
2704 3279 2757 3328 et
2787 3291 2920 3329 eum
2961 3292 3096 3329 cum
3130 3275 3375 3331 infamia
3416 3282 3590 3348 atque
3620 3278 3796 3335 dede-

381 3382 498 3433 ses,
535 3382 718 3437 opere
747 3370 806 3420 et
845 3380 1114 3420 sermone
1157 3365 1344 3419 facere
1392 3368 1622 3434 poteras
1671 3367 1727 3416 et
1772 3360 2044 3446 debebas.

384 3453 681 3511 Concedat
711 3453 818 3509 tibi
851 3453 1195 3524 cunctisque
1222 3451 1494 3508 ﬁdelibus
1519 3451 1692 3521 Deus,
1717 3451 1872 3522 quod
1895 3466 2047 3507 com-

385 3543 628 3601 modum
660 3548 767 3600 est.

973 3684 1324 3742 EPISTULA
1366 3684 1455 3740 IV.

578 3773 914 3829 Athanasius
942 3776 1264 3846 patriarcha
1292 3775 1538 3846 episcoPO
1567 3774 1842 3844 Apameae.

461 3897 655 3954 Tertio
697 3899 820 3969 jam
855 3899 925 3954 ad
958 3903 1014 3954 te
1045 3899 1255 3966 scribo,
1290 3899 1369 3954 mi
1401 3899 1579 3953 frater
1625 3902 1682 3953 et
1732 3894 2037 3953 commini-

379 3991 522 4058 ster,
555 3987 1032 4058 quandoquidem
1083 3987 1236 4042 binis
1280 3988 1426 4043 meis
1455 3987 1668 4043 litteris
1716 3983 2034 4059 superiori-

383 4077 518 4144 bus,
545 4093 692 4148 quas
722 4077 792 4131 ad
825 4080 881 4132 te
917 4077 1073 4140 misi,
1107 4093 1221 4131 non
1252 4078 1400 4132 stetit
1429 4077 1656 4131 verbum
1685 4077 1828 4131 velut
1858 4078 1919 4130 in
1947 4091 2040 4131 ore

383 4165 622 4222 duorum
649 4168 898 4232 testium,
940 4165 1092 4220 sicut
1121 4166 1201 4220 ait
1229 4166 1531 4236 Scriptura
1576 4173 1797 4220 sancta.
1832 4165 2034 4220 Horta-

382 4271 518 4310 mur
545 4271 684 4327 ergo
709 4259 788 4322 te,
814 4255 955 4326 quia
977 4254 1084 4310 hoc
1108 4255 1211 4324 jus
1233 4253 1488 4325 postulat
1513 4259 1577 4309 ut
1603 4271 1732 4325 quea
1758 4254 2037 4325 subrepta

378 4347 544 4412 sunt,
577 4343 652 4400 iis
695 4343 916 4415 quibus
947 4343 1228 4415 subrepta
1274 4359 1405 4399 esse
1451 4348 1675 4398 constat
1722 4342 2030 4398 restituan-

371 4437 471 4489 tur
503 4452 515 4490 :
559 4439 624 4488 ut
663 4449 797 4488 cum
845 4433 1116 4489 restituta
1158 4433 1392 4497 fuerint,
1426 4433 1549 4504 ipse
1581 4433 1894 4489 Ecclesiam
1927 4432 2032 4487 tibi

367 4523 853 4579 commendatam
906 4523 1069 4578 adire
1117 4524 1331 4594 possis,
1364 4538 1618 4594 eumque
1669 4522 1954 4576 honorare
2001 4538 2035 4575 a

2153 3376 2286 3430 .ore
2313 3361 2519 3430 ejicere
2556 3362 2924 3418 contenditis.
2958 3363 3041 3417 Ad
3075 3364 3212 3436 quid
3259 3380 3391 3419 vero
3421 3381 3658 3422 necesse
3686 3371 3798 3438 est,

2153 3453 2226 3507 ad
2258 3469 2426 3508 suam
2475 3469 2768 3524 quemque
2799 3453 3106 3507 dimcesem
3149 3452 3231 3508 ire
3275 3453 3595 3525 (propriam
3645 3455 3796 3527 dico,

2151 3545 2254 3596 aut
2282 3541 2393 3596 sibi
2425 3542 2917 3609 commendatam)
2962 3540 3074 3596 nisi
3105 3546 3170 3596 ut
3200 3540 3372 3612 lupos
3423 3541 3557 3598 inde
3601 3559 3798 3599 ancea-

2149 3629 2266 3684 tis?
2293 3630 2455 3693 Quod
2489 3631 2539 3685 si
2577 3630 2822 3686 fortasse
2850 3629 2965 3686 huc
2995 3646 3097 3686 vos
3141 3629 3342 3684 incitat
3371 3635 3429 3686 et
3456 3630 3638 3686 trahit
3667 3635 3794 3687 tum

2150 3718 2410 3774 studium
2458 3724 2631 3790 atque
2676 3719 3030 3775 desiderium
3076 3718 3420 3776 consulendi
3472 3719 3791 3776 multorum

2150 3807 2348 3874 saluti,
2381 3809 2556 3880 idque
2583 3809 2747 3864 vobis
2793 3809 3159 3880 propositum
3211 3814 3328 3875 est;
3369 3813 3498 3863 tum
3551 3809 3794 3865 scientia

2148 3901 2266 3952 tam
2301 3896 2490 3952 multa
2521 3902 2583 3952 ut
2612 3897 2748 3953 hinc
2791 3897 3050 3969 possitis,
3085 3897 3261 3952 etiam
3295 3914 3421 3968 quae
3453 3901 3614 3952 extra
3645 3898 3791 3956 fines

2145 3991 2469 4041 vestrorum
2509 3987 2831 4042 diceeeseon
2882 3987 3072 4057 posita
3121 3991 3278 4054 sunt,
3310 3986 3637 4058 gubernare
3669 4003 3681 4041 :
3717 3987 3790 4042 ad

2145 4075 2628 4147 exstinguendam
2663 4076 2820 4130 sitim
2851 4075 3001 4130 hanc
3047 4075 3346 4146 hujusque
3393 4075 3573 4130 studii
3620 4075 3789 4131 ardo-

2145 4181 2290 4230 rem,
2323 4165 2516 4220 veniat
2544 4167 2600 4219 in
2637 4171 2890 4220 mentem
2924 4164 3082 4220 illius
3129 4164 3222 4220 cui
3273 4163 3527 4235 plurima
3557 4169 3789 4220 sancta-

2143 4269 2274 4308 rum
2316 4253 2641 4309 litterarum
2701 4254 2946 4309 scientia
3002 4252 3277 4325 Theologi
3337 4259 3792 4325 cognomentum

2142 4341 2324 4408 dedit,
2367 4341 2643 4414 illiusque
2693 4359 2881 4414 parvas
2926 4342 3286 4398 Sozimorum
3331 4343 3675 4409 dicsceseos;
3709 4343 3793 4398 ita

2141 4437 2206 4486 ut
2233 4431 2318 4486 vel
2352 4437 2586 4503 propter
2632 4432 3008 4487 reverentiam
3060 4431 3220 4486 illius
3267 4429 3598 4486 excellentis
3646 4429 3778 4500 viri,

2140 4520 2227 4576 vel
2260 4525 2494 4592 propter
2523 4520 2921 4592 aequalitatem
2954 4520 3192 4576 honoris
3223 4536 3339 4592 quo
3377 4517 3622 4574 contenti
3653 4534 3785 4574 esse

373 4628 490 4683 quo
523 4616 737 4668 cuncta
765 4617 907 4667 sunt
936 4613 1018 4666 ita
1039 4612 1222 4682 justis
1245 4616 1301 4667 et
1324 4611 1588 4666 miriﬁcis
1621 4611 1810 4666 modis
1842 4611 2034 4682 dispo-
2064 4637 2111 4703 Β
2143 4610 2385 4672 debetis,
2429 4609 2680 4680 quisque
2708 4615 2967 4664 vestrum
3004 4609 3156 4664 intra
3185 4625 3324 4663 suos
3371 4625 3432 4663 se
3478 4607 3622 4662 fines
3652 4623 3785 4662 con-

379 4701 492 4756 sita
521 4705 698 4773 atque
728 4701 1046 4756 distributa
1078 4707 1140 4756 ut
1169 4700 1256 4756 vel
1297 4718 1472 4772 grues
1504 4718 1609 4756 suo
1648 4706 1907 4771 tempore
1937 4716 2029 4755 ca-

380 4793 542 4856 nant,
571 4805 761 4860 neque
809 4791 934 4844 sint
981 4791 1138 4844 omni
1172 4795 1430 4860 tempore
1480 4805 1669 4860 neque
1714 4791 1873 4844 omni
1905 4787 2029 4843 loco

380 4875 621 4948 graculi.
660 4877 774 4948 Ego
811 4895 944 4934 vero
988 4878 1082 4932 cui
1125 4894 1262 4950 grex
1291 4878 1504 4933 Christi
1536 4878 1891 4933 commissus
1919 4882 2026 4943 est,

378 4965 428 5020 si
461 4963 809 5036 dignitatem
862 4968 1124 5022 muneris
1174 4967 1346 5035 norit,
1378 4965 1646 5038 iniquum
1697 4982 1826 5022 esse
1876 4966 2028 5020 arbi-

377 5059 520 5119 tror,
555 5069 670 5109 non
704 5071 890 5126 usque
922 5055 993 5110 ad
1038 5055 1382 5128 sanguinem
1416 5055 1649 5111 assidue
1698 5056 1746 5110 ei
1797 5055 2031 5109 studere

378 5147 436 5198 et
465 5143 824 5199 incumbere.
850 5143 971 5198 Nisi
1021 5144 1164 5199 forte
1211 5145 1491 5216 ignoratis
1534 5144 1714 5198 Deum
1747 5161 1894 5209 esse,
1928 5145 2029 5216 qui

377 5231 592 5289 dixerit
621 5249 634 5286 :
666 5237 848 5300 Petra,
883 5248 1039 5288 ama:
1065 5249 1148 5288 me
1166 5236 1193 5286 ?
1221 5249 1390 5302 pasce
1418 5249 1542 5288 oves
1571 5249 1740 5288 meas.
1776 5235 1911 5305 Sed,
1933 5233 2027 5290 hei

381 5321 526 5376 mihi
554 5321 566 5376 l
619 5337 736 5377 non
759 5321 884 5392 jam
919 5327 1182 5393 pastores
1214 5339 1346 5378 oves
1379 5327 1646 5393 pascunt,
1679 5325 1777 5378 sed
1823 5323 2028 5379 ovibus

377 5415 658 5483 tanquam
694 5426 842 5482 pane
874 5415 1216 5482 pascuntur.
1247 5411 1378 5466 Jam
1411 5411 1715 5466 horribilia
1743 5411 1842 5466 illa
1871 5411 2028 5466 mala

376 5499 665 5557 malorum
699 5505 1025 5572 pastorum,
1053 5516 1182 5571 quae
1212 5499 1497 5574 propheta
1525 5499 1783 5557 Ezechiel
1814 5502 2026 5558 descri-

443 5682 490 5722 ¹⁰
514 5680 687 5742 Joan.
717 5697 777 5757 ι,
812 5683 900 5739 12.

2143 4699 2343 4754 tineat.
2369 4699 2758 4763 Quamobrem
2782 4698 3069 4767 existima,
3095 4699 3289 4762 frater,
3313 4696 3510 4752 deberi
3542 4713 3574 4751 a
3599 4701 3655 4751 te
3677 4696 3787 4752 hoc

2141 4804 2327 4858 usque
2369 4788 2438 4842 ad
2491 4788 2860 4859 sanguinem,
2895 4793 2959 4842 ut
3007 4804 3139 4842 cum
3197 4786 3402 4841 ovibus
3451 4785 3569 4840 tuis
3617 4785 3700 4841 sis
3731 4790 3791 4842 et

2138 4877 2318 4931 vivas.
2353 4876 2469 4932 Hoc
2515 4877 2668 4932 idem
2718 4877 2940 4931 caeteris
2986 4876 3274 4948 episcopis
3322 4876 3587 4931 studium
3636 4879 3784 4943 esto,

2139 4965 2284 5036 ipsis
2315 4965 2548 5036 quidem
2601 4982 2656 5020 et
2703 4981 2903 5020 eorum
2933 4965 3209 5036 gregibus
3259 4962 3536 5019 salutare.
3588 4963 3788 5034 Neque

2138 5055 2314 5118 enim,
2350 5055 2457 5109 hoc
2508 5054 2826 5125 praesertim
2875 5059 3154 5126 tempore,
3206 5052 3497 5124 supplicia
3547 5053 3788 5125 effugiet

2138 5148 2338 5214 pastor
2370 5143 2468 5214 qui
2502 5159 2636 5198 cum
2680 5159 2849 5215 grege
2900 5159 3011 5197 non
3061 5141 3316 5208 laborat;
3359 5141 3415 5194 in
3448 5157 3622 5211 quem
3658 5158 3790 5212 pro-

2139 5233 2285 5286 fecto
2316 5231 2622 5287 conveniat
2649 5232 2802 5302 quod
2832 5232 3112 5286 Dominus
3145 5232 3226 5286 ait
3254 5247 3266 5285 :
3297 5231 3450 5285 Videt
3485 5231 3676 5301 lupum
3698 5247 3788 5286 ve-

2135 5325 2398 5387 nientem,
2421 5330 2470 5377 et
2491 5323 2753 5393 relinquit
2779 5337 2918 5384 oves,
2941 5325 2989 5376 et
3008 5323 3172 5391 fugit,
3196 5325 3247 5375 et
3269 5321 3430 5391 lupus
3451 5321 3598 5391 rapit
3615 5321 3784 5385 eas“),

2136 5428 2262 5483 qua:
2321 5412 2418 5482 qui
2479 5427 2593 5466 non
2651 5410 2835 5480 audit,
2885 5411 3191 5464 sententia:
3246 5409 3424 5480 hujus
3480 5415 3784 5464 auctorem

2133 5502 2473 5558 contemnit.
2522 5499 2752 5557 Etenim
2811 5498 2924 5554 nisi
2983 5499 3090 5556 hoc
3148 5500 3276 5567 ﬂat,
3328 5512 3614 5571 quorsum
3673 5497 3787 5556 iste
