4110 6486
268 489 375 552 591

1753 483 2176 550 EPISTOLIE.

3547 487 3668 546 522

261 624 450 678 vester
495 623 851 690 conventus;
901 617 1040 691 quid
1092 620 1386 675 commodi
1437 621 1650 676 affert?
1698 625 1801 677 aut
1857 621 1908 677 si
1939 622 1992 688 Α
2025 636 2267 675 numero
2300 618 2682 691 reperiamur,
2712 635 2860 691 quos
2889 617 3043 674 Deus
3083 617 3310 673 occulto
3361 635 3466 674 suo
3507 619 3669 690 judi-

264 711 399 784 quid
435 710 571 766 boni
611 709 706 764 hic
750 709 945 781 agitis,
979 708 1170 763 dicite.
1203 709 1321 780 Ego
1354 708 1531 773 enim,
1570 709 1682 764 nisi
1716 727 1909 764 sacer-

266 800 418 856 dotio
467 799 661 854 labem
711 801 1042 869 aspergeret
1085 797 1290 867 oratio,
1324 797 1512 852 multa
1543 799 1914 854 demonstra-

267 906 384 945 rem
416 888 693 943 indecora
735 892 794 943 et
841 887 911 942 ab
953 885 1218 941 Ecclesia:
1250 887 1671 943 constitutione
1704 888 1912 957 aliena,

276 995 390 1050 quae
421 993 490 1032 ex
536 976 651 1032 isto
690 979 879 1031 vestro
928 975 988 1029 in
1042 975 1192 1030 hanc
1226 975 1430 1030 urbem
1464 981 1750 1032 conventu
1783 993 1913 1048 pro-

278 1068 633 1122 ﬁciscuntur.

864 1179 1214 1234 EPISTOLA
1253 1179 1343 1252 v._

357 1267 694 1324 Athanasius
756 1266 1086 1339 patriarcha
1154 1266 1828 1339 Constantinopolitanae,

441 1340 707 1410 episcopis
736 1338 806 1392 ad
835 1338 1082 1393 diaeceses
1109 1355 1238 1393 suas
1265 1338 1748 1409 proﬁciscentibus.

349 1454 408 1508 Si
456 1453 592 1524 quid
642 1456 729 1508 est
769 1450 930 1507 aliud
962 1453 1383 1519 necessarium,
1415 1454 1592 1524 idque
1623 1453 1918 1520 omnibus,

277 1543 530 1598 maxime
558 1546 665 1609 est,
697 1541 910 1596 fratres
950 1545 1008 1596 et
1052 1545 1450 1612 compastores
1483 1541 1616 1610 mei,
1652 1558 1920 1598 necessa-

275 1632 434 1688 rium
471 1631 793 1704 praesertim
828 1630 1129 1702 magistris
1162 1630 1449 1700 Ecclesiae,
1482 1636 1744 1688 sanctam
1775 1631 1924 1686 Scri-

271 1726 509 1793 pturam
526 1719 794 1786 revereri,
810 1723 1086 1789 metuere,
1105 1725 1160 1775 et
1183 1719 1446 1792 diligenti
1465 1721 1926 1792 perscrutatione

271 1808 642 1877 examinare;
674 1813 852 1880 atque
881 1808 953 1862 ad
1000 1807 1352 1880 perficienda
1381 1825 1512 1880 quae
1543 1811 1602 1864 in
1642 1827 1711 1866 ea
1756 1827 1924 1866 man-

273 1899 411 1954 data
461 1900 622 1966 sunt,
672 1901 975 1968 promptos
1025 1896 1442 1968 expeditosque
1498 1914 1627 1963 esse
1683 1902 1926 1954 cunctos

270 1986 659 2054 Christianos,
685 1985 798 2040 nisi
829 2002 1069 2057 prorsus
1094 1986 1428 2053 insaniant;
1465 1988 1746 2043 Dominus
1769 1987 1922 2042 enim
1955 1997 2003 2062 B

267 2081 361 2132 est
393 2076 492 2146 qui
524 2075 793 2131 hortatur
821 2075 1172 2146 perscrutari
1204 2075 1572 2146 Scripturas;
1607 2080 1663 2131 et
1705 2093 1772 2132 ex
1815 2077 1920 2146 eis,

269 2171 399 2220 tum
441 2163 752 2236 praeterita,
785 2167 909 2218 tum
963 2162 1239 2235 pleraque
1288 2164 1347 2218 in
1397 2169 1694 2236 posterum
1728 2166 1924 2221 futura

269 2255 499 2310 discere
547 2257 602 2309 et
651 2253 874 2308 docere.
909 2252 1070 2307 Unde
1117 2251 1327 2308 salutis
1359 2270 1477 2309 suae
1509 2254 1738 2325 cupidis
1770 2271 1922 2310 sem-

268 2360 379 2416 per
409 2341 676 2397 studium
711 2341 818 2396 fuit
844 2344 1060 2396 Mosem
1093 2345 1149 2396 et
1179 2341 1493 2413 prophetas
1524 2343 1744 2399 audire.
1773 2343 1924 2398 Ver-

265 2433 417 2488 bum
451 2430 610 2486 enim
641 2429 872 2501 judicat
901 2445 1029 2500 nos,
1061 2434 1126 2483 ut
1169 2429 1220 2484 is
1271 2430 1370 2501 qui
1403 2430 1638 2486 mentiri
1671 2449 1784 2487 non
1817 2449 1924 2503 po-

268 2525 391 2577 test
461 2519 678 2575 docuit.
748 2519 937 2582 Quare
1010 2518 1202 2573 omnis
1267 2520 1567 2591 Scriptura
1640 2521 1923 2576 divinitus

267 2608 566 2681 inspirata
597 2607 872 2662 salutaris
925 2610 984 2662 et
1027 2606 1188 2662 utilis
1228 2612 1317 2662 est
1367 2610 1437 2663 ad
1471 2610 1924 2665 examinandum

269 2698 435 2771 quod
467 2696 815 2752 conveniens
848 2699 936 2750 est
964 2700 1020 2750 et
1061 2695 1396 2764 honestum,
1429 2703 1485 2752 et
1536 2700 1608 2753 ad
1660 2699 1924 2754 erudien-

269 2789 422 2844 dum
473 2791 648 2858 atque
697 2784 1125 2856 corrigendum.
1162 2785 1354 2854 Utilis,
1388 2787 1648 2858 inquam,
1682 2805 1797 2843 non
1829 2804 1928 2843 so-

272 2877 400 2932 lum
451 2876 524 2932 iis
575 2875 675 2947 qui
723 2874 972 2945 turpiter
1017 2874 1240 2939 vivunt,
1291 2876 1392 2930 sed
1444 2876 1632 2948 magis
1682 2877 1774 2945 iis,
1825 2876 1928 2947 qui

273 2964 475 3021 sobrie
520 2967 578 3018 et
624 2961 1027 3029 continenter;
1080 2962 1153 3016 iis
1195 2979 1328 3018 vero
1376 2963 1476 3034 qui
1527 2964 1805 3036 pastorali
1835 2965 1930 3019 di-

281 3053 506 3126 gnitate
566 3055 621 3106 et
676 3051 862 3122 gradu
912 3049 1310 3123 qualicunque
1364 3053 1589 3124 praediti
1637 3059 1694 3109 et
1742 3054 1929 3110 ornati

285 3145 450 3208 sunt,
482 3143 571 3196 est
601 3139 729 3211 ipsa
760 3137 876 3194 vita
907 3142 1142 3208 aeterna,
1175 3143 1232 3194 et
1279 3139 1516 3196 lucerna
1551 3143 1800 3214 pedibus
1830 3159 1932 3198 eo-

291 3245 451 3299 rum,
479 3229 684 3300 viaque
715 3227 1044 3283 certissima
1073 3229 1143 3283 ad
1183 3228 1472 3285 faciendas
1503 3230 1603 3285 Dei
1637 3231 1924 3301 justitias.

297 3316 383 3371 Ex
411 3332 477 3370 ea
504 3317 653 3371 enim
685 3314 990 3385 discimus,
1022 3333 1124 3388 per
1152 3333 1326 3388 quem
1358 3324 1415 3373 et
1459 3336 1493 3374 a
1539 3336 1653 3390 quo
1685 3319 1842 3387 facti,
1875 3323 1932 3374 et

296 3403 370 3458 ad
427 3419 595 3475 quem
647 3404 1010 3460 tendamus:
1063 3405 1276 3476 quibus
1325 3406 1562 3477 quidem
1601 3409 1932 3478 injunctum

291 3496 386 3548 est
415 3508 632 3546 munus
662 3491 944 3556 docendi;
1001 3496 1057 3548 et
1096 3510 1212 3548 non
1244 3497 1559 3566 utcunque,
1595 3497 1695 3552 sed
1728 3497 1807 3552 ita
1838 3515 1940 3569 pa-

287 3581 520 3648 scendi,
545 3585 610 3634 ut
637 3597 773 3636 eum
797 3580 898 3652 qui
927 3597 1164 3652 pascere
1184 3582 1344 3637 dedit
1373 3584 1628 3640 vicissim
1653 3603 1939 3654 amemus,

286 3669 548 3726 scientes
582 3669 712 3739 quis
743 3674 832 3724 est
863 3669 964 3742 qui
995 3670 1168 3740 venit,
1207 3676 1263 3726 et
1302 3671 1514 3728 iterum
1544 3678 1825 3730 venturus
1855 3678 1946 3730 est

287 3759 366 3815 ad
393 3757 788 3828 judicandum
813 3758 971 3814 vivos
1002 3762 1058 3814 et
1088 3764 1384 3816 mortuos:
1419 3765 1476 3816 et
1508 3762 1757 3818 scientes
1789 3764 1944 3835 quod

285 3851 569 3921 pastores
623 3845 722 3918 qui
771 3846 872 3902 Dei
921 3853 1228 3919 praecepta,
1268 3849 1356 3904 vel
1404 3856 1640 3922 propter
1687 3869 1948 3908 reveren-

286 3936 446 3992 tiam
481 3939 539 3990 et
587 3938 811 3990 metum
840 3935 928 3990 vel
958 3940 1192 4008 propter
1222 3937 1568 3995 charitatem
1601 3939 1795 3997 animo
1827 3959 1952 3997 ser-

287 4024 520 4092 varint,
572 4023 644 4078 ad
695 4024 991 4080 dexteram
1043 4026 1221 4098 positi
1267 4025 1595 4084 incredibili
1645 4030 1953 4100 splendore

286 4112 666 4184 fulgebunt:
720 4113 823 4183 qui
872 4129 1004 4169 vero
1054 4131 1168 4169 non
1215 4114 1517 4185 servarint,
1551 4118 1622 4172 ad
1654 4118 1954 4174 sinistram

291 4205 484 4258 erunt
531 4200 602 4256 ad
653 4217 827 4256 omne
882 4218 1067 4273 genus
1108 4202 1475 4259 cruciatuum
1517 4206 1825 4264 damnati:
1879 4213 1955 4278 et,

291 4290 466 4363 quod
516 4292 605 4344 est
651 4291 917 4346 omnium
950 4291 1558 4350 intolerabilissimum
1593 4300 1766 4367 atque
1795 4313 1961 4353 acer-

289 4377 653 4445 bissimum,
688 4378 890 4450 procul
939 4397 972 4435 a
1021 4385 1336 4453 conspectu
1373 4383 1467 4438 Dei
1509 4385 1698 4456 ejecti,
1731 4390 1788 4441 et
1831 4403 1961 4458 per-

291 4472 491 4541 petuo
542 4465 910 4522 conscientias
963 4485 1163 4525 morsu
1213 4470 1527 4543 exagitati;
1579 4490 1784 4529 rursus
1831 4490 1964 4529 vero

297 4556 416 4628 qui
452 4571 699 4610 munere
744 4556 1022 4626 pastorali
1056 4562 1208 4614 recte
1239 4559 1498 4615 defuncti
1525 4561 1741 4617 fuerint
1769 4579 1965 4619 coram

304 4643 551 4717 angelis
600 4649 658 4699 et
704 4643 1044 4702 hominibus
1082 4646 1500 4717 laudabuntur,
1534 4655 1731 4722 utpote
1777 4652 1966 4724 probi,

2023 710 2131 776 cio,
2166 710 2320 780 quod
2364 711 2476 780 ipsi
2522 714 2724 764 notum
2771 714 2878 778 est,
2911 709 2981 762 ad
3034 707 3362 762 vocandum
3393 707 3666 763 invitatos

2024 799 2282 865 miserit;
2318 799 2554 854 obsecro
2584 803 2639 853 et
2661 799 2935 864 obtestor,
2961 813 3032 852 ne
3060 795 3494 867 obliviscamur,
3526 812 3666 851 neve

2017 887 2190 958 jussa
2233 887 2629 957 mandataque
2671 889 2799 958 ejus
2848 887 2946 957 qui
2998 885 3160 941 misit
3206 885 3552 955 abiiciamus
3601 902 3666 942 ac

2025 975 2412 1046 negligamus,
2443 975 2594 1030 sicut
2640 975 2681 1029 ii
2729 974 2829 1046 qui
2874 975 3049 1030 corda
3091 975 3309 1030 habent
3337 972 3573 1046 crapula
3612 977 3670 1030 et

2026 1062 2526 1119 sollicitudinibus
2575 1064 2777 1119 mundi
2829 1068 3066 1135 gravata
3112 1072 3168 1120 et
3218 1064 3513 1135 depressa.
3560 1062 3668 1126 Qui

2028 1152 2264 1225 quidem
2309 1151 2549 1224 vigilare
2596 1157 2652 1208 et
2698 1169 2863 1208 orare
2903 1152 3058 1224 jussi
3106 1167 3333 1218 sumus,
3382 1155 3667 1223 tanquam

2026 1258 2142 1296 non
2175 1241 2340 1296 aliter
2368 1241 2568 1295 futura
2603 1244 2895 1296 tormenta
2919 1241 3103 1295 vitare
3133 1239 3449 1312 possimus,
3481 1255 3671 1311 neque

2031 1329 2200 1387 aliter
2219 1345 2413 1384 coram
2441 1334 2551 1384 Deo
2581 1328 2710 1384 sisti
2742 1328 3102 1392 innocentes,
3127 1328 3417 1384 ostensuri
3447 1331 3670 1397 utrum,

2032 1427 2189 1482 mnis
2221 1427 2371 1481 datis
2404 1427 2474 1481 ad
2508 1442 2775 1482 mensam
2807 1426 3086 1498 negotiati
3114 1426 3420 1498 fuerimus,
3453 1443 3526 1480 an
3570 1443 3673 1498 po-

2035 1517 2156 1572 tius
2207 1516 2266 1570 in
2314 1515 2496 1570 fundo
2544 1520 2720 1588 atque
2767 1515 3004 1571 sudario
3051 1514 3559 1582 occultaverimus,
3608 1518 3675 1570 ut

2034 1604 2274 1677 quidam
2305 1621 2420 1675 prae
2451 1603 2712 1675 nequitia
2741 1608 2797 1658 et
2824 1604 3154 1676 ignorantia
3181 1603 3387 1659 fecisse
3418 1603 3676 1659 accusati

2033 1700 2193 1750 sunt.
2227 1693 2541 1749 Horribiles
2569 1694 2824 1765 profecto
2855 1698 2994 1749 sunt
3035 1693 3208 1748 minas
3258 1693 3426 1749 nobis
3478 1697 3674 1764 pasto-

2034 1783 2196 1838 ribus
2231 1782 2564 1855 propositze,
2597 1781 2711 1837 nisi
2743 1781 3175 1855 vigilaverimus
3210 1799 3222 1836 :
3270 1781 3486 1852 quibus
3515 1797 3676 1836 man-

2036 1873 2239 1927 datum
2270 1871 2770 1942 commissumque
2799 1877 2907 1941 est,
2937 1872 3166 1927 tradere
3199 1870 3513 1936 conservis,
3543 1873 3674 1925 tum

2033 1962 2206 2016 verbo
2236 1964 2361 2015 tum
2394 1961 2587 2025 factis,
2617 1976 2752 2015 vera
2797 1961 3073 2031 dogmata
3123 1963 3181 2014 et
3231 1959 3361 2014 vitae
3409 1959 3678 2030 perfectae

2035 2067 2300 2105 normam
2327 2075 2341 2116 ;
2373 2054 2500 2104 tum
2532 2066 2833 2121 reposcere
2863 2050 3149 2104 rationem
3182 2057 3533 2120 progressus
3557 2048 3676 2120 spi-

2037 2139 2284 2209 ritualis,
2317 2138 2623 2210 vigilanter
2661 2139 2805 2194 tuba
2849 2155 3072 2206 canere,
3106 2155 3178 2194 ne
3227 2137 3522 2208 romphaea
3552 2139 3677 2193 ani-

2035 2245 2190 2282 mam
2224 2227 2475 2297 alicujus
2498 2227 2791 2298 corripiat,
2816 2226 3034 2298 alioqui
3062 2243 3131 2282 ex
3160 2225 3433 2281 manibus
3461 2225 3678 2281 nostris

2033 2317 2430 2388 repetendam,
2479 2316 2732 2387 denique
2786 2315 3146 2371 incessanter
3193 2314 3502 2386 explanare
3548 2330 3679 2385 quas

2035 2405 2112 2460 sit
2140 2406 2240 2460 Dei
2270 2405 2538 2460 voluntas
2573 2424 2585 2460 :
2637 2409 2694 2460 et
2736 2421 2871 2459 cum
2911 2404 3049 2459 olim
3081 2404 3153 2459 ad
3184 2403 3293 2458 hoc
3325 2420 3472 2474 opus
3503 2401 3676 2458 multi

2035 2495 2202 2549 missi
2235 2495 2472 2562 fuerint,
2505 2498 2774 2549 nostrum
2818 2499 2907 2548 est
2958 2493 3164 2548 timere
3219 2510 3292 2548 ne
3346 2493 3406 2547 in
3454 2491 3681 2547 labores

2035 2601 2232 2639 eorum
2263 2584 2534 2656 ingressi,
2559 2601 2758 2654 pmnas
2781 2583 2988 2638 demus
3019 2582 3067 2637 si
3099 2582 3296 2638 minus
3321 2580 3676 2636 laboremus.

2037 2682 2224 2748 Quod,
2249 2681 2475 2736 utinam
2508 2698 2578 2736 ne
2610 2681 2779 2736 nobis
2801 2679 3026 2736 eveniat
3053 2679 3266 2751 quibus
3297 2680 3511 2734 donata
3541 2682 3682 2734 sunt

2040 2788 2153 2826 non
2186 2770 2375 2826 solum
2412 2787 2538 2841 quae
2569 2771 2724 2842 typis
2767 2774 2822 2824 et
2871 2768 3152 2841 symbolis
3184 2769 3489 2840 designata
3518 2771 3680 2837 sunt,

2037 2876 2281 2931 qumque
2302 2860 2595 2932 propheta:
2618 2863 2793 2929 atque
2805 2859 2955 2929 justi
2977 2856 3355 2929 expetierunt,
3377 2858 3478 2912 sed
3499 2857 3677 2913 etiam

2037 2951 2236 3022 gratiae
2262 2949 2694 3021 dispensatores
2711 2947 2849 3003 facti
2870 2964 3098 3003 sumus.
3128 2949 3314 3012 Quare
3338 2946 3452 3002 nisi
3480 2949 3678 3017 aperto

2039 3038 2228 3110 capite
2258 3054 2503 3093 munera
2529 3037 2650 3105 Dei,
2684 3053 2810 3108 quae
2843 3051 3029 3108 neque
3065 3035 3324 3092 oratione
3375 3033 3674 3106 consequi,

2040 3151 2228 3207 neque
2256 3139 2450 3190 mente
2479 3134 2971 3206 comprehendere
3017 3132 3173 3199 licet,
3204 3135 3481 3204 perpetuo
3531 3147 3676 3203 prae-

2042 3224 2450 3291 dicaverimus,
2483 3224 2816 3295 quicunque
2855 3222 3197 3294 hujusmodi
3252 3220 3536 3294 dignitate
3579 3236 3683 3292 pa-

2045 3313 2247 3369 storali
2277 3313 2503 3385 praediti
2533 3330 2761 3383 sumus,
2794 3312 2947 3367 haud
2992 3311 3170 3367 dubie
3215 3311 3276 3364 in
3324 3325 3535 3365 manus
3582 3309 3686 3364 Dei

2278 3365 2502 3385 In"---
2534 3365 2761 3383 ητη,
3002 3365 3101 3367 ,κ
3150 3365 3161 3367 ,

1964 3365 2008 3432 C
2046 3403 2372 3458 incidemus
2408 3421 2420 3458 :
2471 3402 2605 3470 nisi,
2636 3402 2898 3473 inquam,
2933 3399 3439 3473 praedicaverimus
3486 3414 3691 3470 quem-

2049 3493 2368 3547 admodum
2425 3508 2494 3547 ex
2542 3491 2722 3547 nihilo
2772 3495 2984 3546 cuncta
3023 3490 3177 3546 Deus
3207 3489 3478 3556 effecerit,
3511 3503 3692 3559 quam

2052 3580 2424 3637 admirabilia
2455 3581 2741 3636 exsistant
2789 3597 2857 3635 ex
2903 3579 3062 3634 omni
3104 3581 3267 3649 parte
3297 3575 3695 3632 universitatis

2054 3687 2248 3726 rerum
2288 3671 2347 3724 in
2393 3669 2688 3725 hominem
2717 3668 3014 3736 beneficia,
3049 3684 3175 3739 quae
3207 3666 3376 3722 nobis
3408 3665 3700 3737 promissa

2057 3761 2105 3815 si
2157 3759 2431 3814 mandata
2460 3758 2561 3814 Dei
2592 3757 3044 3829 pertecerimus;
3095 3772 3226 3828 quae
3272 3772 3477 3810 rursus
3529 3753 3699 3809 minae

2059 3848 2482 3920 suppliciorum
2513 3846 2826 3920 propositae
2877 3847 2927 3901 si
2974 3862 3090 3901 non
3143 3845 3596 3918 perfecerimus;
3645 3845 3704 3898 et

2060 3939 2174 3994 nisi
2204 3938 2708 4010 pradicaverimus
2741 3937 2896 4008 quod
2929 3935 3030 4008 qui
3061 3934 3213 3991 male
3241 3933 3531 4000 vixerunt,
3553 3931 3701 3987 irato

2061 4032 2177 4082 Deo
2231 4027 2303 4081 ab
2348 4026 2457 4082 hac
2498 4026 2618 4081 vita
2648 4026 2936 4092 recedent,
2969 4025 3208 4080 demum
3263 4039 3465 4096 poenas
3509 4019 3703 4076 daturi

2066 4114 2469 4185 sempiternas.
2521 4113 2803 4170 Praeterea
2858 4117 3115 4185 repetere
3168 4127 3338 4168 voces
3390 4109 3702 4184 propheta-

2067 4220 2220 4274 rum,
2252 4220 2398 4275 quas
2440 4202 2524 4258 illi
2573 4205 2644 4259 ad
2696 4203 3084 4260 revocandum
3134 4219 3167 4257 a
3211 4199 3366 4256 vitiis
3397 4199 3706 4255 hominum

2070 4309 2255 4366 genus
2305 4292 2744 4348 adhibuerunt:
2794 4293 2934 4348 item
2987 4304 3446 4348 commemorare
3493 4287 3706 4342 adven-

2071 4386 2197 4437 tum
2231 4382 2478 4452 Domini,
2513 4387 2570 4438 et
2597 4384 2752 4439 bona
2779 4383 2914 4438 inde
2943 4382 3201 4454 profecta
3235 4396 3248 4434 :
3300 4382 3428 4433 tum
3459 4378 3709 4432 mortem

2073 4473 2436 4542 probrosam,
2497 4471 2858 4543 sepulturam
2925 4476 2984 4526 et
3049 4469 3303 4525 reditum
3371 4466 3442 4522 ad
3507 4463 3710 4530 vitam,

2075 4574 2385 4614 ascensum
2438 4559 2509 4614 ad
2567 4559 2761 4630 caelos,
2818 4558 3158 4614 missionem
3215 4555 3469 4627 Spiritus
3526 4550 3718 4607 sancti

2076 4645 2484 4718 tributumque
2505 4647 2846 4703 hominibus
2869 4647 3152 4718 Spiritum
3175 4647 3463 4710 sanctum,
3489 4642 3721 4712 aposto-

300 4732 528 4789 ﬁdeles
583 4737 641 4788 et
696 4734 1013 4804 prudentes
1062 4740 1238 4807 atque
1286 4737 1457 4809 grati,
1503 4740 1724 4810 quique
1779 4742 1865 4797 sal
1922 4730 2053 4797 etD
2087 4733 2174 4790 los
2205 4735 2420 4791 missos
2448 4735 2507 4791 in
2547 4737 2884 4792 universum
2917 4735 3202 4790 mundum
3252 4736 3318 4788 ut
3361 4729 3729 4802 baptizarent

302 4823 529 4878 lumen
563 4820 780 4876 fuerint
820 4821 1182 4892 hominibus,
1213 4825 1360 4880 nihil
1410 4828 1563 4898 quod
1613 4829 1756 4885 utile
1803 4834 1977 4902 atque

309 4910 710 4968 commodum
743 4915 898 4966 esset
926 4914 1432 4984 pratermittentes
1463 4933 1474 4971 :
1510 4917 1608 4988 qui
1641 4935 1758 4974 non
1786 4920 1978 4976 verbis

304 4998 549 5065 solum,
581 4999 682 5053 sed
735 4999 903 5056 factis
950 5005 1008 5057 et
1054 5002 1299 5058 virtutes
1340 5003 1723 5070 tradiderunt,
1756 5012 1813 5063 et
1841 5007 1983 5065 vitia

306 5086 706 5160 expulerunt,
743 5089 970 5145 cunctis
1001 5091 1403 5163 praecipientes
1444 5097 1510 5147 ut
1549 5093 1908 5152 declinarent
1953 5115 1986 5153 a

309 5175 492 5232 malo
541 5178 599 5231 et
641 5176 902 5232 facerent
947 5177 1188 5235 bonum.
1221 5181 1308 5234 Ad
1342 5180 1495 5251 quod
1527 5184 1763 5253 quidem
1797 5185 1985 5242 bonus

307 5269 491 5320 Deus
515 5263 705 5336 legem
731 5283 844 5321 non
878 5268 1158 5340 scriptam
1183 5273 1403 5324 naturze
1425 5270 1737 5343 insculpsit
1764 5275 1948 5346 gratis

312 5352 550 5409 deinde
585 5369 780 5409 servos
812 5355 1043 5412 mittere
1073 5373 1188 5411 non
1236 5357 1478 5423 destitit,
1523 5361 1620 5431 qui
1653 5363 1992 5420 nuntiarent

311 5440 444 5500 Dei
474 5441 835 5498 voluntatem
869 5461 981 5500 non
1018 5444 1210 5500 solum
1244 5445 1502 5502 invitatis
1548 5449 1620 5503 ad
1664 5467 1885 5508 cccnam
1934 5459 1994 5510 et

317 5530 607 5601 nuptias,
640 5532 740 5586 sed
773 5533 845 5589 iis
878 5534 1051 5590 etiam
1088 5535 1186 5606 qui
1217 5539 1381 5590 erant
1411 5535 1468 5590 in
1510 5537 1615 5592 viis
1659 5544 1715 5594 et
1757 5543 1995 5613 sepibus

316 5635 482 5676 cum
515 5624 729 5675 ornatu
766 5623 1013 5694 nuptiali
1051 5641 1064 5680 :
1115 5629 1351 5680 caateros
1382 5624 1537 5680 enim
1569 5643 1682 5683 non
1717 5629 1800 5685 sic
1829 5648 1970 5689 orna

319 5714 459 5778 tos,
491 5709 729 5767 vincula
774 5716 830 5767 et
868 5714 1139 5770 tenebras
1169 5730 1422 5770 manere.
1456 5715 1634 5789 Rogo,
1666 5719 2002 5794 quicunque

317 5799 622 5874 pastores
652 5799 1041 5872 appellamur,
1073 5803 1282 5859 demus
1314 5818 1571 5875 operam,
1606 5809 1672 5864 ut
1706 5807 1766 5866 in
1797 5826 2002 5872 eorum

641 5924 914 5998 Panos.
962 5930 1074 5996 Gs.
1121 5928 1354 5996 CXLII.

2088 4840 2152 4880 ac
2202 4824 2474 4879 docerent
2520 4840 2881 4897 quaecunque
2918 4825 3044 4896 ipse
3073 4837 3304 4878 servare
3334 4819 3726 4892 praeceperat;

2090 4912 2306 4984 quibus
2359 4931 2421 4969 se
2472 4913 2738 4969 Christus
2791 4913 3060 4985 promisit
3110 4925 3340 4982 semper
3393 4908 3729 4964 affuturam.

2089 5010 2299 5065 Adhaec
2334 5011 2553 5067 instare
2583 5012 2738 5067 diem
2769 5010 2928 5066 illius
2960 5026 3186 5082 magnae
3215 5008 3315 5064 iraa
3345 5010 3402 5062 et
3431 5003 3735 5061 calamita-

2093 5099 2194 5165 tis,
2219 5105 2454 5172 propter
2476 5100 2909 5156 multitudinem
2941 5099 3264 5167 scelerum;
3297 5095 3532 5168 quando
3562 5095 3736 5149 draco

2095 5187 2213 5256 ille,
2255 5206 2325 5244 ex
2355 5189 2686 5261 improviso,
2711 5191 2782 5244 ad
2814 5188 3269 5260 corrumpendos
3308 5201 3510 5242 omnes
3532 5180 3736 5238 aderit.

1971 5292 1984 5331 :
2098 5277 2241 5332 Item
2274 5277 2407 5333 Elian
2450 5283 2506 5332 et
2545 5278 2738 5334 Enoch
2771 5279 3021 5334 reditum
3052 5278 3123 5333 ad
3155 5274 3614 5332 incumbendum
3647 5286 3741 5326 sa-

2099 5366 2208 5421 luti
2240 5366 2543 5422 hominum
2575 5369 2885 5423 adversum
2918 5367 3233 5433 diabolum,
3258 5381 3434 5436 quem
3465 5358 3743 5416 Dominus

2107 5456 2416 5527 praesentia
2471 5457 2752 5512 adventus
2801 5457 2893 5513 sui
2941 5459 3219 5513 destruet.
3263 5453 3543 5508 Praeterea
3593 5448 3746 5504 dice-

2112 5562 2245 5600 mus
2295 5546 2365 5599 de
2413 5544 2706 5616 rapiendis
2759 5547 2984 5602 obviam
3031 5545 3282 5611 Christo,
3335 5540 3569 5614 quando
3624 5533 3754 5592 caeli

1974 5665 1998 5675 -
2114 5649 2328 5705 magno
2361 5633 2580 5706 impetu
2615 5637 2968 5703 transibunt,
3001 5642 3156 5692 terra
3185 5639 3380 5690 autem
3421 5635 3479 5686 et
3527 5643 3657 5700 quae
3694 5625 3755 5679 in

2112 5723 2247 5794 ipsa
2279 5726 2417 5777 sunt
2446 5740 2621 5796 opera
2651 5731 2984 5782 exurentur.
3017 5727 3152 5791 Quae
3193 5721 3430 5794 quidem
3473 5732 3608 5773 cum
3661 5729 3760 5770 ex-

2115 5814 2480 5887 spectentur,
2513 5813 2738 5886 quales,
2771 5830 2990 5887 quaeso,
3034 5830 3102 5871 ac
3149 5826 3327 5885 quam
3374 5808 3610 5865 sanctos
3657 5816 3766 5860 nos

3411 5935 3485 5998 Π
