4110 6458
490 441 605 501 523

1603 431 2030 493 ATHANASII
2074 431 2188 492 ΟΡ.
2239 432 2764 495 PATRIARCILE

3774 441 3888 502 524

492 586 620 629 esse
652 566 913 643 oportetl
955 567 1240 623 Debemus
1271 565 1447 620 etiam
1480 579 1935 619 commemorare
1963 564 2126 634 judi-
2155 566 2210 633 Α
2238 565 2483 635 viusque
2506 565 2715 622 fuisset
2742 566 2876 638 igne
2896 572 3277 640 consumptos
3302 583 3450 634 esse,
3475 586 3654 641 quam
3680 572 3887 629 audire

492 660 650 716 cium
694 662 1040 726 extremum,
1074 652 1355 711 subsellia
1404 651 1689 724 apposita,
1722 652 2130 724 praesidentem

485 746 711 820 judicio
742 746 1060 817 Antiquum
1093 743 1339 810 dierum,
1372 740 1554 796 libros
1602 745 1855 812 apertos,
1890 741 2133 795 fluvium

494 836 647 910 ignis
680 851 694 892 :
746 834 974 899 deinde,
1006 849 1106 888 eos
1159 830 1260 902 qui
1309 831 1380 885 ad
1425 830 1719 885 dexteram
1750 836 1940 895 erunt,
1976 846 2134 885 com-

494 924 801 982 mendatos
832 921 1000 978 bonis
1030 920 1304 993 operibus
1343 934 1718 990 processuros
1764 918 1823 972 in
1873 935 2132 974 resurre-

492 1013 744 1070 ctionem
778 1012 941 1079 vitis;
973 1026 1072 1066 eos
1114 1024 1269 1077 vero,
1303 1007 1402 1078 qui
1443 1008 1514 1061 ad
1547 1008 1869 1074 sinistram,
1903 1024 2131 1077 proces-

495 1119 666 1158 suros
707 1101 766 1157 in
813 1099 1294 1157 resurrectionem
1319 1096 1550 1169 judicii.
1586 1095 1714 1151 Haec
1744 1100 1903 1159 sunt,
1933 1112 2062 1167 quae
2103 1114 2137 1150 a

494 1192 665 1248 nobis
694 1195 834 1247 sunt
863 1204 1096 1261 semper
1125 1186 1357 1259 p0pulis
1388 1185 1758 1252 inculcanda,
1791 1189 1847 1239 et
1877 1184 2132 1240 honestae

493 1282 624 1336 vitae
670 1278 933 1351 exemplo
1008 1275 1495 1341 commendanda,
1548 1278 1721 1344 atque
1778 1274 2135 1329 consulenda

492 1387 625 1443 qua
653 1369 889 1441 quidem
921 1383 1055 1422 cum
1090 1370 1201 1420 Deo
1233 1381 1338 1419 nos
1370 1363 1667 1434 copulant.
1702 1367 1817 1417 Hoc
1858 1368 1946 1417 est
1987 1360 2130 1417 illud

492 1456 807 1531 Evangelii,
866 1457 1051 1511 bonos
1119 1454 1436 1523 ﬁdelesque
1506 1452 1936 1523 dispensatores
1994 1453 2133 1506 dare

492 1548 789 1606 conservis
817 1545 943 1601 suis
972 1545 1032 1599 in
1062 1549 1321 1614 tempore
1353 1558 1690 1597 mensuram
1722 1541 1895 1595 tritici
1934 1559 1945 1595 ε
1994 1557 2131 1595 con-

490 1638 745 1707 ﬁrmare,
774 1636 1039 1707 inquam,
1072 1635 1302 1702 fratres,
1336 1637 1402 1685 ut
1431 1630 1783 1701 contemptis
1814 1629 1984 1684 bonis
2017 1635 2132 1685 ter-

489 1727 667 1794 renis,
701 1725 808 1781 soli
836 1722 1035 1781 virtuti
1066 1726 1123 1777 et
1151 1722 1266 1776 Deo
1298 1720 1649 1775 adhaereant.
1686 1719 1745 1772 In
1792 1718 1889 1773 his
1928 1718 2132 1789 vigila-

489 1832 570 1883 re,
604 1820 662 1872 et
706 1815 829 1869 haec
879 1810 1149 1868 meditari
1178 1810 1481 1875 debemus,
1514 1808 1765 1873 fratres;
1818 1807 1867 1862 si
1920 1823 2132 1878 magno

2242 653 2384 708 illud
2421 673 2432 708 :
2483 655 2601 709 Non
2644 658 2773 710 novi
2817 672 2905 711 vos
2939 657 3000 709 13.
3053 658 3440 719 Quamobrem
3484 660 3699 716 Paulus
3735 679 3748 716 :
3802 665 3886 719 Ne

2240 745 2439 798 erartis
2470 745 2530 812 η,
2564 744 2795 816 inquit;
2828 761 3181 801 enumerans
3213 746 3433 802 scilicet
3465 765 3591 818 quae
3631 768 3663 804 a
3705 767 3884 823 regno

2243 831 2456 887 Christi
2488 839 2685 888 arcent
2713 838 2769 888 et
2798 834 3118 889 excludunt
3145 860 3157 901 ;
3188 852 3316 906 quae
3347 838 3545 893 omnia
3576 839 3688 893 nisi
3720 842 3888 897 vobis

2244 921 2551 993 discipulis
2580 924 2707 992 ejus
2740 940 2845 978 nos
2876 926 3526 982 commemoraverimus
3560 932 3737 999 atque
3792 931 3888 986 de—

2244 1010 2726 1079 nuntiaverimus,
2748 1028 2828 1065 vas
2854 1012 3021 1067 nobis
3042 1012 3053 1065 l
3090 1012 3411 1069 Caveamus
3433 1030 3571 1086 ergo
3598 1033 3670 1072 ne
3690 1018 3888 1075 debito

2244 1099 2397 1167 quod
2447 1116 2758 1154 commune
2813 1105 2903 1155 est
2951 1101 3215 1155 omnium
3265 1106 3591 1173 pastorum,
3637 1107 3888 1177 populos

2244 1187 2620 1255 fraudemus;
2675 1188 2891 1257 debito,
2926 1189 3189 1260 inquam,
3231 1190 3512 1262 fungendi
3541 1209 3638 1264 pro
3671 1194 3891 1251 Christo

2246 1276 2519 1343 legatione
2549 1278 2610 1344 '5,
2644 1278 2758 1333 Deo
2795 1294 2898 1350 per
2946 1295 3052 1334 nos
3100 1279 3387 1346 hortante,
3420 1298 3491 1337 ne
3549 1283 3648 1353 qui
3702 1284 3891 1341 semel

2245 1364 2570 1435 baptizatus
2595 1366 2924 1423 committat
2951 1371 3017 1423 ut
3047 1368 3118 1422 ad
3158 1369 3394 1440 nuptias
3438 1370 3655 1428 intrare
3684 1373 3887 1445 prohi-

2244 1454 2464 1509 beatur.
2520 1455 2626 1539 Eos
2679 1473 2812 1511 vero
2870 1457 2972 1529 qui
3030 1456 3175 1513 alios
3231 1458 3551 1530 decipiunt,
3604 1466 3889 1533 tanquam

2246 1543 2422 1599 falsos
2454 1544 2765 1616 apostolos,
2792 1545 3159 1617 impostores,
3184 1548 3465 1603 adhibitis
3497 1550 3715 1606 sanctis
3740 1550 3895 1607 Scri-

2244 1632 2435 1703 pturis
2466 1634 2890 1705 redarguamus
2945 1652 3011 1690 ac
3056 1636 3393 1706 prodamus,
3428 1645 3897 1697 commemorato

2243 1721 2506 1792 exemplo
2536 1723 2735 1777 decem
2767 1723 3081 1795 virginum,
3115 1740 3338 1797 sagenm
3370 1726 3563 1782 missae
3609 1728 3669 1783 in
3702 1745 3890 1799 mare,

2242 1810 2403 1865 illius
2435 1812 2621 1866 induti
2654 1812 2905 1879 sordide,
2940 1812 3189 1885 aliisque
3218 1814 3581 1885 hujusmodi.
3616 1821 3747 1873 Haec
3779 1836 3890 1875 no-

489 1904 835 1970 ministerio,
867 1903 959 1957 cui
1011 1899 1413 1972 praesidemus,
1447 1896 1780 1952 satisfacere
1831 1895 2080 1951 velimus
2114 1913 2127 1950 :
2160 1933 2208 1998 B
2244 1904 2331 1954 cte
2380 1898 2587 1971 dieque
2640 1901 2849 1955 debent
2897 1902 3111 1974 singuli
3159 1908 3422 1975 pastores
3452 1906 3728 1978 gregibus
3760 1908 3891 1964 suis

489 2011 556 2050 ac
594 2010 710 2049 non
741 1992 935 2064 potius
964 1989 1095 2044 illos
1124 1988 1340 2042 imitari
1375 1986 1732 2057 proscriptos
1764 1985 2129 2056 profligatos-

488 2099 602 2154 que
631 2081 1065 2153 dispensatores
1092 2099 1109 2148 ς
1141 2076 1262 2148 qui,
1297 2078 1458 2143 dum,
1492 2080 1557 2130 ut
1584 2074 1699 2129 illis
1729 2073 1977 2144 videtur,
2014 2092 2130 2129 mo-

487 2188 612 2227 ram
644 2169 926 2226 Dominus
970 2167 1127 2231 facit,
1168 2165 1350 2219 edunt
1394 2168 1449 2218 et
1491 2166 1737 2235 potant:
1789 2180 1958 2233 quos,
1993 2180 2127 2219 cum

483 2259 729 2329 venerit,
761 2258 937 2324 idem,
971 2259 1035 2310 ut
1065 2255 1325 2309 minatus
1357 2256 1465 2319 est,
1499 2251 1737 2306 dividet.
1762 2252 1895 2315 Quae
1929 2252 2126 2307 omnia

486 2365 601 2405 non
625 2347 815 2403 solum
846 2362 952 2400 nos
979 2343 1297 2398 inclamare
1325 2340 1629 2407 debemus,
1657 2341 1757 2394 sed
1790 2341 1964 2395 etiam
1990 2341 2127 2395 ﬁds-

483 2436 643 2493 libus
674 2432 1010 2491 hominibus
1037 2430 1467 2497 commendare,
1503 2429 1601 2500 qui
1634 2429 1863 2499 possint
1894 2434 1950 2483 et
1979 2429 2124 2485 alios

482 2526 731 2592 docere;
779 2523 861 2578 ita
904 2525 969 2578 ut
1008 2519 1155 2576 nihil
1186 2519 1262 2575 sit
1291 2518 1642 2586 faciendum,
1676 2518 1832 2588 quod
1881 2534 1914 2571 a
1960 2535 2125 2573 sacra

481 2614 782 2686 Scriptura
810 2611 1066 2667 alienum
1097 2610 1192 2665 sit.
1227 2608 1514 2663 Debemus
1545 2611 1821 2678 presteres
1868 2622 1967 2661 eos
2021 2608 2122 2679 qui

480 2702 866 2776 peccaverint,
898 2699 1084 2772 poenis
1132 2703 1189 2754 et
1238 2696 1381 2753 locis
1429 2697 1500 2752 ad
1544 2712 1641 2751 eas
1683 2695 1988 2751 solvendas
2018 2697 2122 2751 ds-

479 2792 737 2864 scriptis,
776 2789 1100 2846 secundum
1151 2803 1402 2842 canones
1460 2786 1697 2840 Patrum
1745 2786 1996 2853 afﬁcere,
2029 2785 2117 2839 di-

476 2880 845 2953 stinguentes
870 2882 1137 2934 sanctum
1170 2893 1203 2930 a
1234 2875 1475 2947 profano
1503 2891 1515 2927 :
1550 2874 1728 2945 impie
1750 2874 1906 2929 enim
1939 2878 2122 2945 agunt

477 2970 740 3043 quidam,
773 2968 875 3040 qui
929 2966 1146 3022 multos
1184 2980 1387 3020 eorum
1417 2962 1658 3031 violant,
1694 2979 1881 3033 neque
1912 2962 2117 3018 memi-

475 3063 688 3116 nerunt
707 3058 862 3130 quod
885 3056 1167 3128 scriptum
1190 3058 1277 3109 est
1300 3071 1312 3107 :
1346 3054 1509 3124 Impii
1528 3054 1867 3107 transierunt
1888 3051 2024 3121 ﬁnes
2048 3055 2115 3118 ¹¹;

472 3151 533 3205 et
559 3146 705 3202 illud
741 3164 754 3203 :
798 3144 1107 3201 Maledictus
1136 3144 1232 3214 qui
1257 3143 1520 3197 terminos
1558 3158 1593 3196 a
1635 3140 1894 3212 patribus
1917 3142 2117 3212 positos

471 3235 916 3307 transgreditur;
972 3237 1028 3289 et
1085 3232 1237 3304 quod
1295 3235 1384 3286 est
1440 3229 1499 3283 in
1560 3229 1867 3301 Evangelio
1924 3248 1936 3285 :
2009 3231 2116 3297 Qui

2240 1987 2532 2043 inculcare
2559 2005 2570 2041 :
2607 2005 2733 2060 qua;
2764 1993 2883 2044 tam
2916 1991 3245 2045 necessaria
3274 1998 3434 2063 sunt,
3467 2010 3643 2065 quam
3675 2000 3764 2051 est
3795 2014 3887 2052 re-

2239 2078 2461 2148 spirare
2516 2078 2820 2133 animanti.
2874 2078 3300 2146 Necessarium,
3358 2081 3624 2153 inquam,
3686 2087 3891 2142 omnia

2230 2166 2456 2236 judicia
2485 2172 2541 2221 et
2570 2166 2909 2222 testimonia
2937 2168 3039 2222 Dei
3071 2169 3435 2241 denuntiare,
3460 2171 3541 2226 ita
3571 2176 3636 2227 ut
3668 2174 3739 2228 ab
3774 2174 3889 2231 hoc

2238 2254 2427 2309 ofﬁcio
2476 2272 2664 2325 neque
2711 2272 2810 2311 eos
2862 2257 3139 2327 superbia
3178 2263 3236 2313 et
3264 2259 3439 2315 elatio
3470 2261 3750 2333 retrahat,
3784 2281 3891 2319 ne-

2237 2358 2348 2413 que
2379 2342 2621 2398 altitudo
2652 2344 2788 2411 diei,
2819 2344 2877 2398 id
2904 2353 3000 2415 est,
3033 2348 3387 2417 prosperitas
3428 2352 3486 2403 et
3526 2351 3829 2421 opulentia
3862 2371 3876 2409 :

2236 2431 2376 2503 quin
2427 2431 2640 2502 potius,
2674 2433 2723 2487 si
2778 2437 3009 2504 tempus
3060 2435 3335 2505 postulet,
3382 2454 3485 2508 pro
3536 2438 3785 2510 legibus,
3821 2448 3883 2498 et

2234 2520 2469 2575 statutis
2516 2520 2727 2576 divinis
2767 2522 3113 2593 sanguinem
3151 2524 3412 2596 fundere,
3446 2529 3724 2597 quoniam
3756 2545 3876 2584 non

2233 2609 2419 2680 possit
2472 2608 2641 2664 aliter
2688 2615 2888 2681 pastor
2933 2611 3231 2667 Christum
3282 2630 3499 2685 amare,
3533 2616 3634 2688 qui
3688 2618 3877 2689 magi-

2232 2701 2420 2751 strum
2464 2697 2680 2753 ﬁnibus
2711 2698 3013 2754 charitatis
3047 2700 3527 2773 circumscripsit,
3560 2721 3697 2760 cum
3728 2706 3877 2761 dixit

2229 2785 2565 2856 Apostolus:
2595 2788 2733 2856 Quis
2762 2803 2860 2843 nos
2888 2789 3165 2858 separabit
3192 2805 3229 2845 α
3257 2793 3525 2845 charitale
3555 2792 3765 2848 Christi
3794 2794 3872 2848 ‘5?

2182 2900 2187 2907 τ
2230 2875 2447 2930 Deinde
2494 2877 2817 2931 cavendum
2867 2877 3035 2931 nobis
3080 2882 3187 2947 est,
3220 2894 3292 2933 ne
3340 2876 3441 2933 ulli
3487 2878 3602 2935 cito
3654 2897 3870 2937 manus

2229 2962 2625 3034 imponamus,
2658 2982 2773 3020 non
2826 2969 2962 3021 ante
3002 2966 3224 3035 justam
3274 2972 3520 3031 aetatem,
3569 2985 3683 3025 non
3735 2971 3866 3025 sine

2226 3051 2421 3122 titulo,
2455 3070 2568 3108 non
2598 3058 2757 3108 extra
2801 3054 2948 3110 ﬁnes
2994 3054 3280 3110 dimcesis.
3313 3056 3735 3113 Testimonium
3769 3059 3864 3113 di-

2227 3146 2363 3196 cant
2417 3158 2532 3196 non
2580 3142 2787 3213 quivis,
2820 3143 2920 3198 sed
2960 3158 3163 3214 graves
3203 3144 3490 3214 homines,
3523 3146 3621 3217 qui
3652 3148 3864 3203 educa-

2224 3230 2441 3285 tionem
2472 3233 2598 3301 ejus
2630 3235 2688 3286 et
2730 3248 2922 3287 mores
2953 3232 3166 3303 norint,
3199 3250 3350 3288 anne
3398 3234 3478 3289 sit
3523 3235 3864 3305 iracundus,

468 3302 693 3382 solverit
739 3340 914 3378 unum
961 3338 1032 3377 ex
1077 3302 1372 3385 mandatis,
1404 3320 1667 3373 minimus
1716 3318 2004 3373 vocabitur
2052 3319 2112 3372 in
2143 3302 2185 3369 C
2226 3335 2298 3373 an
2331 3320 2638 3391 superbus,
2673 3337 2744 3375 an
2776 3321 2994 3385 sbrius,
3028 3338 3099 3377 an
3131 3338 3362 3391 avarus,
3397 3340 3470 3377 an
3502 3340 3756 3396 pugnax,
3791 3343 3865 3382 an

467 3430 636 3485 regno
674 3413 956 3477 caelorum,
987 3411 1085 3482 qui
1123 3416 1308 3464 autem
1354 3409 1548 3477 fecerit
1596 3411 1647 3461 et
1696 3406 1956 3473 docuerit,
1988 3423 2109 3462 ma-

464 3518 604 3574 gnus
635 3502 701 3557 η.
757 3500 928 3557 Omni
981 3499 1178 3570 itaque
1228 3497 1424 3553 studio
1474 3495 1861 3552 laborandum
1910 3500 1997 3551 est
2046 3501 2111 3551 ut

468 3589 971 3663 concupiscentias
1002 3588 1196 3643 carnis
1227 3604 1353 3657 quae
1386 3584 1643 3640 militant
1672 3584 1949 3640 adversus
1982 3584 2105 3639 ani-

470 3697 658 3751 mum,
719 3681 997 3751 superent
1053 3692 1256 3732 omnes
1313 3674 1513 3729 ﬁdeles
1563 3693 1575 3730 :
1636 3674 2109 3745 admonendique

469 3768 738 3835 subinde,
771 3765 1271 3840 quemadmodum
1321 3763 1531 3819 clamet
1577 3763 1794 3819 Paulus
1840 3780 1941 3818 vas
1991 3762 2104 3818 ele-

465 3857 710 3925 ctionis,
769 3856 1062 3912 neminem
1115 3870 1316 3910 eorum
1385 3852 1483 3924 qui
1553 3851 1803 3924 peccatis
1869 3868 2103 3924 operam

466 3946 629 4014 dant,
653 3960 1062 4017 possessurum
1092 3959 1336 4014 regnum
1370 3941 1667 3998 cmlorum.
1694 3942 1799 4006 Qui
1830 3958 1965 3996 cum
1998 3958 2103 3996 nos

466 4033 733 4089 hortetur
776 4038 842 4089 ut
887 4049 1023 4089 eum
1073 4032 1392 4101 imitemur,
1425 4030 1596 4086 sicuti
1628 4030 1753 4101 ipse
1783 4029 2099 4095 Christum,

465 4122 665 4178 beatos
695 4127 957 4194 pastores
997 4120 1097 4193 qui
1126 4136 1260 4176 eum
1294 4119 1475 4174 secuti
1508 4118 1836 4189 imitatique
1866 4119 2101 4175 fuerint.

461 4210 717 4267 Tametsi
757 4210 913 4265 enim
958 4225 1072 4264 non
1120 4208 1239 4263 sint
1285 4206 1600 4261 imitabiles
1629 4205 1787 4261 illius
1818 4207 2099 4262 excellen-

456 4299 705 4355 tissimis
731 4299 977 4354 virtutes
1024 4298 1164 4369 (qua
1209 4312 1416 4351 sumus
1464 4295 1695 4366 ignavia
1743 4299 1799 4350 et
1848 4296 2098 4367 inertia),

456 4387 628 4457 illud,
662 4388 925 4459 inquam,
957 4386 1150 4442 vivere
1195 4402 1265 4440 ex
1303 4384 1601 4451 manibus,
1635 4388 1691 4439 et
1720 4385 2096 4456 Evangelium

455 4477 583 4534 sine
603 4481 843 4550 sumptu
866 4490 1150 4547 exponere
1172 4491 1183 4529 :
1209 4473 1377 4529 nobis
1398 4478 1596 4527 tamen
1620 4473 1763 4528 satis
1780 4478 1867 4528 est
1888 4474 1936 4529 si
1958 4492 2099 4546 prae-

453 4566 699 4622 beamus
730 4582 838 4622 nos
869 4564 1164 4637 operarios
1192 4562 1320 4618 cibo
1360 4562 1589 4634 dignos,
1622 4578 1687 4617 ac
1735 4579 1850 4617 non
1903 4562 2095 4635 potius

2221 3408 2405 3475 dicax,
2442 3425 2511 3462 an
2564 3425 2890 3480 percussor,
2934 3426 3006 3463 an
3057 3408 3346 3481 petulans,
3401 3428 3476 3466 an
3529 3411 3861 3470 illiteratus.

2219 3497 2353 3551 Post
2383 3496 2806 3552 ordinationem
2838 3514 2970 3554 vero
3002 3500 3326 3575 curandum
3358 3505 3448 3555 est
3475 3504 3542 3557 ut
3573 3519 3741 3558 sacra
3770 3518 3857 3557 re-

2215 3591 2489 3641 verentur
2520 3602 2584 3641 ac
2612 3586 2880 3658 religiose
2909 3591 3156 3642 tractare
3202 3592 3259 3643 et
3301 3589 3718 3647 administrare
3766 3591 3855 3646 di-

2217 3681 2359 3745 scat,
2410 3676 2687 3747 mysteria
2732 3675 3054 3747 praesertim
3114 3676 3489 3732 Eucharistiaa
3547 3695 3613 3734 ac
3670 3680 3857 3751 bapti-

2216 3764 2329 3819 smi
2363 3780 2374 3819 :
2427 3781 2518 3830 ne,
2560 3781 2690 3835 quae
2739 3765 3113 3819 sanctissima
3151 3769 3309 3835 sunt,
3342 3767 3413 3821 ab
3445 3765 3643 3838 aliquo
3675 3769 3858 3825 deliro

2214 3853 2485 3909 indecore
2532 3859 2589 3909 et
2635 3859 2853 3909 temere
2904 3854 3315 3909 administrare
3371 3854 3712 3912 doceantur.
3768 3858 3853 3913 Ad

2216 3941 2337 3997 haec
2386 3942 2830 4013 providendum,
2865 3958 2937 3998 ne
2984 3941 3167 3997 cuivis
3223 3948 3419 4014 pateat
3467 3961 3749 4002 ascensus
3794 3946 3853 4001 in

2215 4035 2579 4102 suggestum,
2630 4047 2818 4101 neque
2872 4031 3077 4085 docere
3124 4029 3295 4086 liceat
3346 4048 3405 4086 1n
3455 4033 3701 4091 ecclesia
3742 4035 3855 4091 nisi

2211 4118 2262 4172 ei
2292 4119 2391 4189 qui
2422 4118 2686 4173 castitate
2718 4118 2893 4173 etiam
2925 4122 2983 4173 et
3016 4120 3404 4188 temperantia
3435 4124 3611 4193 atque
3640 4122 3858 4195 pietate

2211 4207 2488 4278 praeditus
2519 4207 2613 4262 sit.
2648 4206 2792 4261 Item
2841 4210 2908 4260 ut
2961 4206 3106 4260 nihil
3153 4224 3356 4263 eorum
3399 4226 3529 4280 qua)
3568 4212 3640 4266 ad
3672 4212 3857 4268 eden-

2209 4295 2350 4349 dum
2400 4295 2607 4350 idonea
2654 4298 2815 4361 sunt,
2868 4294 3186 4350 offerantur
3238 4296 3297 4350 in
3351 4298 3611 4364 ecclesia,
3643 4304 3856 4370 praeter

2208 4383 2423 4451 oleum,
2478 4400 2671 4439 ceram
2722 4388 2779 4439 et
2830 4383 2987 4438 thus.
3025 4383 3255 4441 Nemini
3311 4385 3438 4441 sine
3486 4387 3851 4457 probatione,

2208 4478 2308 4528 aut
2337 4490 2437 4544 pro
2485 4489 2726 4528 munere
2755 4472 3120 4528 Eucharistia
3167 4474 3357 4541 detur,
3390 4474 3498 4529 nisi
3547 4476 3850 4546 permissu

2205 4579 2235 4617 e
2291 4579 2571 4617 concessu
2622 4560 2810 4617 Patris
2856 4561 3201 4633 spiritualis.
3264 4563 3343 4619 Ne
3390 4562 3555 4619 liceat
3600 4562 3852 4635 impune

450 4654 606 4711 bona
652 4670 973 4728 pauperum
1029 4651 1213 4708 hianti
1270 4667 1366 4707 ore
1415 4652 1773 4706 devoremus.
1817 4652 2095 4707 Hortandi
2125 4671 2172 4736 D
2208 4668 2321 4706 non
2352 4668 2553 4706 vacare
2600 4650 2658 4704 in
2709 4650 2853 4705 festo
2886 4650 3368 4723 Resurrectionis,
3402 4668 3584 4722 neque
3614 4652 3853 4725 ingredi

448 4750 748 4818 praeterea,
780 4748 845 4799 ut
894 4742 1155 4808 arrectis,
1188 4741 1343 4813 quod
1385 4740 1571 4805 aiunt,
1604 4740 1865 4810 auribus,
1897 4745 1954 4795 et
2000 4742 2090 4797 vi-

450 4834 721 4906 gilantes,
771 4834 1085 4888 clamorem
1140 4830 1307 4885 illum
1361 4828 1562 4884 medim
1613 4830 1822 4896 noctis,
1873 4830 2091 4901 impro-

446 4922 637 4978 visum
686 4928 742 4976 et
788 4921 1053 4977 subitum
1099 4923 1453 4991 exspectent,
1488 4935 1559 4972 ne
1591 4917 1733 4972 nihil
1767 4919 2089 4990 cogitantes

448 5013 505 5065 et
535 5010 593 5063 in
639 5009 853 5066 scelere
883 5008 1169 5081 occupati,
1205 5012 1304 5062 aut
1332 5006 1613 5078 voluptati
1644 5006 1729 5061 vel
1763 5024 1967 5062 somno
1999 5008 2087 5062 in-

447 5097 772 5171 dulgentes,
797 5099 1107 5153 adventum
1130 5097 1296 5151 illum
1323 5094 1792 5150 illustrissimum
1816 5096 2086 5167 pulcher-

444 5186 581 5243 rimi
612 5186 823 5259 Sponsi
857 5204 969 5241 non
1002 5185 1277 5242 sentiant.
1311 5184 1386 5239 Ut
1431 5184 1586 5239 enim
1637 5184 2088 5240 admoneremur

442 5274 809 5347 vigilandum
854 5291 1001 5344 esse,
1035 5275 1238 5329 horam
1280 5273 1467 5328 noctis
1498 5272 1751 5345 appellat
1782 5274 2081 5341 Dominus,

442 5363 1015 5420 illuminatissimum
1056 5362 1197 5418 illud
1226 5368 1479 5434 tempus.
1514 5362 1748 5417 Utinam
1782 5380 2081 5434 nunquam

441 5453 563 5511 nati
611 5456 808 5509 essent
861 5452 1074 5522 quibus
1134 5452 1524 5506 claudendum
1584 5456 1690 5517 est,
1752 5456 1807 5505 et
1864 5452 2083 5507 frustra

438 5543 721 5601 standum
752 5544 926 5612 atque
956 5538 1334 5612 pulsandum,
1369 5540 1584 5610 quibus
1614 5539 1975 5595 tolerabilius
2008 5540 2083 5596 le-

509 5674 552 5707 ιι
587 5674 752 5723 Prov.
800 5683 938 5739 xxu,
991 5668 1081 5720 28.
1160 5667 1203 5701 ¹²
1232 5665 1458 5732 Matth.,
1514 5684 1567 5735 v,
1622 5668 1705 5722 19.
1785 5668 1829 5703 ¹³
1859 5666 2064 5723 Matth.
2114 5683 2212 5735 vn,
2266 5667 2357 5721 23.
2437 5666 2531 5720 1‘I
2579 5665 2703 5720 Cor.
2754 5682 2832 5735 v1,
2872 5666 2925 5721 9.
3005 5666 3049 5701 ’³
3081 5662 3130 5718 ΙΙ
3169 5663 3296 5720 Cor.
3330 5682 3386 5734 v,
3417 5665 3507 5719 20.

433 5760 558 5815 Vln,
591 5741 682 5799 35.

2202 4739 2261 4794 in
2293 4741 2437 4794 ﬁnes
2478 4738 2715 4794 alterius
2751 4755 2763 4794 :
2819 4739 2877 4793 in
2928 4739 3239 4811 conjugiis,
3273 4744 3544 4796 caveatur
3573 4740 3851 4812 pueritia,

2200 4829 2603 4901 propinquitas
2657 4827 2983 4899 sanguinis,
3032 4828 3265 4900 adoptio
3321 4834 3377 4884 et
3432 4831 3725 4902 susceptio
3785 4831 3850 4887 in

2200 4918 2570 4990 baptismate.
2609 4916 2934 4971 Videndum
2990 4921 3079 4972 est
3129 4918 3329 4985 etiam,
3382 4922 3446 4973 ut
3499 4920 3849 4992 conjugium

2198 5024 2314 5062 non
2348 5006 2535 5062 solum
2568 5004 2792 5060 licitum
2825 5006 2902 5059 sit
2946 5010 3001 5060 et
3032 5022 3398 5075 concessum,
3431 5008 3532 5063 sed
3567 5009 3850 5065 decorum

2195 5112 2421 5167 quoque
2450 5111 2463 5151 :
2506 5112 2597 5165 ne,
2629 5094 2888 5164 inquam,
2921 5093 3111 5165 puella
3143 5094 3268 5150 seni
3300 5095 3505 5164 nubat,
3536 5113 3679 5151 neve
3710 5102 3853 5154 ante

2195 5184 2658 5239 benedictionem
2702 5199 2820 5237 una
2870 5182 3105 5237 cubent.
3137 5183 3373 5254 Jejunia
3401 5184 3663 5247 Quatuor
3692 5189 3853 5241 tem-

2195 5290 2401 5345 porum
2434 5289 2505 5328 ne
2535 5271 2856 5339 solvantur,
2880 5287 3063 5341 neque
3086 5273 3315 5343 jejunia
3334 5279 3552 5344 quartas
3580 5278 3637 5329 st
3667 5279 3853 5330 sexta

2193 5364 2367 5417 ferias.
2401 5361 2802 5433 Eleemosyna,
2834 5361 3201 5430 temperatis,
3235 5361 3474 5433 justitia
3519 5366 3576 5417 et
3624 5363 3852 5420 veritas

2192 5451 2263 5506 ab
2314 5450 2587 5506 omnibus
2640 5448 2914 5503 ﬁdelibus
2961 5448 3244 5503 colantur.
3286 5449 3516 5506 Solvere
3564 5450 3854 5511 Ecclesiis

2192 5541 2447 5596 decimas
2493 5545 2549 5595 et
2598 5537 2907 5611 primitias,
2940 5536 3230 5594 celebrare
3260 5540 3572 5596 memorias
3605 5545 3851 5596 sancto-

3588 5664 3632 5702 “
3664 5662 3851 5725 Rom.
