4110 6494
265 485 387 546 525

1755 482 2181 546 EPISTOL/E.

3551 483 3671 546 526

266 633 418 685 rem,
451 616 796 673 meminisse
824 616 1286 689 propinquorum
1316 616 1376 672 in
1408 616 1701 688 precibus,
1735 617 1916 672 absti-
1945 619 2001 684 Α
2033 632 2234 672 curam
2285 616 2551 672 omnium
2581 633 2615 671 a
2645 620 2754 671 Deo
2785 616 3118 687 suscepisti,
3150 615 3325 671 urbes
3372 615 3584 682 deseri,
3615 620 3676 672 et

266 723 406 762 nere
438 723 472 762 a
499 706 900 771 fornicatione,
934 705 1218 778 sanguine
1264 709 1320 759 et
1368 705 1671 772 suﬁ‘ocato,
1708 722 1742 759 a
1772 723 1912 777 pra;-

266 782 482 866 stigiis,
529 794 1050 861 incantationibus,
1084 793 1587 849 observationibus
1631 794 1914 865 supersti-

265 883 462 950 tiosis,
495 883 567 938 ab
599 882 757 937 omni
788 885 980 955 specie
1011 883 1474 951 divinationum;
1509 900 1624 938 non
1658 899 1915 954 compre-

267 972 526 1026 hendere
553 988 686 1026 cum
719 971 1128 1043 haereticomisi
1161 972 1237 1027 sit
1266 989 1511 1043 sponsor
1536 972 1631 1041 qui
1663 987 1915 1026 canones

269 1077 501 1116 servare
552 1078 667 1115 non
717 1061 940 1127 didicit,
974 1078 1107 1116 eum
1162 1078 1348 1132 neque
1400 1061 1680 1133 baptizari
1730 1077 1917 1131 neque

269 1149 625 1205 monachum
660 1149 779 1204 ﬁeri
811 1149 999 1205 liceat.
1037 1151 1380 1204 Monachum
1426 1153 1523 1220 qui
1558 1167 1591 1204 a
1623 1154 1917 1203 monaste-

268 1239 355 1293 rio
390 1238 702 1310 aufugerit,
736 1238 835 1308 qui
866 1239 1147 1309 receperit
1176 1243 1277 1292 aut
1306 1237 1914 1308 ordinarit,puniatur.

269 1327 532 1399 Denique
584 1327 898 1398 repetenda
946 1333 1079 1382 sunt
1128 1331 1184 1381 et
1235 1328 1748 1382 commemoranda
1804 1327 1918 1380 fre-

271 1421 521 1489 quenter
567 1434 599 1470 a
634 1415 935 1487 magistris
981 1415 1272 1481 Ecclesiae,
1305 1432 1431 1486 quas
1480 1414 1681 1470 ﬁdeles
1735 1414 1921 1470 facere

271 1506 526 1572 debent;
560 1509 616 1558 et
642 1521 769 1576 quas
802 1509 1084 1576 tanquam
1125 1508 1340 1576 pestes,
1372 1504 1717 1574 abominari.
1752 1504 1920 1558 Com-

269 1593 691 1649 memorandus
741 1593 916 1648 etiam
948 1592 1101 1664 ignis
1156 1593 1268 1662 ille,
1303 1593 1361 1647 in
1412 1593 1920 1648 consummatione

273 1681 476 1740 saeculi
508 1683 954 1755 exspectandus.
987 1683 1134 1737 Tum
1179 1681 1549 1737 exsecrabilis
1583 1681 1684 1736 illa
1715 1679 1922 1735 mundi

268 1773 420 1840 lues,
471 1771 700 1838 nefarii,
731 1771 997 1842 inquam,
1030 1770 1368 1826 Antichristi
1416 1771 1720 1841 adventus,
1756 1787 1827 1824 ne
1872 1769 1922 1824 si

272 1879 339 1917 ex
372 1861 713 1933 improviso,
744 1860 891 1914 nihil
921 1860 1362 1932 praemeditatis,
1396 1859 1648 1915 adfuerit
1677 1859 1920 1931 iniquus

271 1949 372 2006 ille
425 1955 602 2021 atque
659 1949 970 2021 superbus,
1021 1949 1121 2020 qui
1176 1947 1473 2003 extollitur
1518 1965 1698 2019 supra
1749 1962 1921 2002 omne

273 2039 430 2111 quod
483 2039 701 2093 dicitur
727 2038 899 2105 Deus,
933 2037 1102 2092 multi
1151 2037 1211 2091 in
1242 2053 1497 2092 errorem
1544 2036 1918 2097 inducantur.

274 2145 409 2184 cum
458 2128 665 2184 eodem
701 2127 759 2182 in
806 2126 1108 2181 ﬂammam
1156 2125 1310 2198 ignis
1359 2125 1730 2196 conjiciendi.
1780 2128 1920 2190 Hoc,

272 2234 499 2290 precor,
531 2220 834 2288 pastorum
887 2232 1035 2286 opus
1068 2215 1145 2271 sit
1173 2232 1186 2282 ;
1219 2215 1340 2270 hac
1373 2232 1512 2270 cura
1541 2220 1597 2270 et
1637 2214 1922 2282 studium,

276 2313 339 2362 ut
369 2323 500 2378 quis
531 2305 807 2360 Patribus
834 2304 961 2359 visa
989 2307 1127 2359 sunt
1156 2320 1401 2375 quisque
1428 2303 1513 2357 illi
1545 2308 1813 2359 accurate
1839 2306 1922 2358 te-

273 2399 553 2460 nuerunt,
585 2393 690 2448 illa
738 2394 808 2448 ad
842 2393 1252 2464 temperandos
1285 2393 1686 2464 regendosque
1723 2391 1924 2447 ﬁdeles

273 2484 663 2542 adhibeamus
700 2500 712 2537 :
748 2486 806 2537 et
853 2481 952 2554 qui
983 2498 1050 2537 ea
1102 2499 1217 2536 non
1267 2481 1572 2546 servarint,
1624 2498 1750 2551 quas
1800 2497 1926 2536 ser-

270 2590 428 2641 vare,
462 2589 582 2627 non
617 2570 838 2626 solvere
861 2571 1014 2640 jussi
1050 2587 1278 2636 sumus,
1312 2571 1417 2626 bos
1450 2569 1775 2625 maledictis
1800 2586 1927 2641 gra-

273 2662 539 2719 vissimis
568 2660 1012 2716 anathematum
1037 2659 1540 2715 afﬁciamus.Ante
1570 2658 1768 2713 omnia
1793 2675 1926 2714 vero

275 2752 606 2824 baptizatos
658 2765 864 2804 omnes
894 2748 1114 2803 hortari
1165 2749 1467 2817 debemus,
1502 2752 1566 2801 ut
1617 2764 1804 2818 usque
1853 2747 1924 2800 ad

275 2841 629 2913 sanguinem
677 2837 1051 2909 integerrime
1081 2842 1314 2892 servent
1367 2853 1726 2908 quaecunque
1760 2836 1926 2890 Chri-

277 2935 406 2984 stus
439 2928 718 3001 prwcepit
750 2945 762 2981 :
799 2927 1161 2981 afﬁrmantes
1192 2927 1414 2996 absque
1463 2926 1736 2996 operibus
1771 2941 1924 2978 mor-

278 3023 442 3072 tuam
490 3033 622 3072 esse
674 3015 872 3083 ﬁdem,
901 3019 957 3069 et
1002 3015 1154 3086 quod
1205 3031 1321 3068 non
1373 3016 1564 3069 omnis
1617 3013 1718 3084 qui
1765 3012 1923 3080 dicit,

278 3108 512 3162 Domine
559 3106 805 3171 Domine,
857 3104 1089 3158 intrabit
1137 3105 1195 3157 in
1247 3120 1478 3172 regnum
1523 3103 1782 3158 caelorum
1831 3103 1872 3136 1⁷
1911 3120 1924 3170 ;

288 3201 345 3250 et
373 3194 519 3248 illud
553 3211 566 3248 :
600 3193 703 3255 Qui
758 3209 873 3247 non
907 3197 1064 3247 amat
1118 3208 1231 3260 me,
1266 3208 1565 3246 sermones
1599 3208 1758 3246 meos
1811 3207 1928 3246 non

290 3286 506 3336 servat.
537 3280 658 3334 Hac
705 3285 761 3335 et
788 3279 906 3335 alia
936 3279 1276 3350 hujusmodi
1308 3297 1375 3334 ex
1421 3279 1640 3334 sanctis
1671 3278 1928 3350 Scriptu-

2024 707 2094 760 ad
2129 723 2235 761 nos
2283 704 2475 761 venire
2514 705 2869 761 habitatores
2917 722 3160 773 earum;
3192 705 3310 760 imo
3360 705 3579 776 potius,
3610 704 3671 760 in

2025 795 2272 866 gratiam
2322 796 2724 866 episcoporum
2775 795 2884 850 hoc
2942 795 3236 866 prohibes.
3291 794 3391 849 Sin
3451 799 3670 862 autem,

2027 900 2127 954 per
2155 884 2402 955 gratiam
2438 884 2676 949 Dei,boc
2711 888 2808 938 tua
2839 883 3151 956 prudentia
3179 887 3233 938 et
3255 881 3479 953 judicio
3511 897 3668 938 asse-

2026 975 2242 1043 queris,
2276 972 2470 1044 puniri
2502 991 2605 1027 nos
2639 990 2672 1027 a
2702 973 2839 1039 Deo,
2873 990 2987 1027 non
3014 977 3080 1027 ut
3111 989 3436 1043 pereamus,
3471 972 3571 1026 sed
3606 975 3671 1026 ut

2029 1066 2481 1116 convertamur:
2518 1079 2621 1116 cur
2667 1079 2782 1117 non
2823 1063 2998 1132 jubes
3047 1061 3380 1132 pastoribus
3428 1060 3667 1115 illarum

2027 1150 2353 1216 civitatum,
2406 1155 2471 1204 ut
2501 1150 2751 1221 quisque
2781 1167 2981 1204 eorum
3034 1166 3167 1204 cum
3216 1166 3388 1221 grege
3419 1166 3524 1205 suo
3572 1148 3672 1218 sit,

2028 1244 2092 1292 ut
2123 1244 2248 1293 tum
2301 1239 2572 1311 precibus
2604 1245 2716 1294 Deo
2748 1239 3117 1309 adhibendis,
3150 1244 3278 1293 tum
3323 1237 3670 1293 admonitio-

2033 1327 2208 1382 nibus
2242 1332 2296 1382 et
2328 1328 2833 1400 obiurgationibus
2885 1344 3024 1382 suos
3054 1345 3087 1382 a
3119 1327 3370 1398 peccatis
3404 1329 3672 1393 servent;

2033 1421 2208 1488 atque
2235 1416 2316 1470 ita
2366 1417 2550 1472 Deum
2581 1416 2828 1488 placent,
2862 1421 2929 1471 ut
2976 1415 3168 1472 minas
3216 1414 3532 1486 aliquando
3582 1431 3672 1470 re-

2033 1506 2248 1560 mittat.
2279 1506 2366 1560 An
2416 1506 2464 1560 si
2495 1510 2560 1560 tu
2592 1523 2723 1561 oves
2755 1505 2979 1578 pastori
3023 1505 3437 1571 committeres,
3467 1503 3678 1558 deinde

2034 1593 2164 1648 illas
2195 1594 2432 1665 quidem
2464 1593 2768 1650 derelictas
2815 1609 3102 1663 cerneres,
3135 1592 3306 1648 illum
3330 1609 3464 1648 vero
3495 1591 3676 1663 quieti

2032 1699 2152 1737 suae
2203 1683 2446 1754 suisque
2493 1682 2912 1753 cupiditatibus
2984 1681 3287 1754 indulgere
3333 1685 3390 1736 et
3437 1680 3677 1748 servire,

2031 1771 2123 1825 dic
2171 1771 2430 1842 obsecro,
2464 1772 2899 1843 relinqueresne
2944 1775 3238 1843 pastorem
3272 1770 3628 1842 impunitum
3649 1769 3677 1825 ?

2033 1876 2149 1914 non
2180 1861 2436 1932 patimur
2465 1877 2618 1928 oves,
2652 1861 2926 1932 pecudes,
2960 1861 3198 1932 impune
3226 1859 3458 1932 negligi,
3491 1862 3550 1914 et
3579 1875 3678 1930 pa-

2031 1949 2249 2004 tiemur
2266 1953 2528 2022 pastores
2551 1949 2882 2006 animarum
2909 1949 3151 2021 impune
3170 1948 3396 2020 seipsos
3418 1962 3676 2020 pascere,

2033 2054 2149 2094 non
2180 2054 2314 2094 oves
2338 2039 2365 2093 ?
2393 2039 2556 2110 quid,
2589 2056 2806 2110 quaaso,
2825 2039 2978 2109 apud
3010 2037 3192 2093 Deum
3223 2035 3679 2093 excusabimus‘?

2034 2126 2260 2183 utinam
2313 2144 2382 2182 ne
2427 2127 2572 2182 illud
2627 2127 2795 2183 nobis
2845 2126 3222 2198 exprobretur
3256 2142 3270 2182 :
3300 2125 3492 2182 Omnes
3539 2139 3687 2195 quae-

2035 2219 2164 2271 runt
2193 2231 2319 2287 quae
2362 2234 2464 2272 sua
2491 2225 2636 2284 sunt,
2667 2232 2780 2272 non
2827 2231 2949 2288 quae
2994 2217 3120 2273 Iesu
3169 2214 3376 2270 Christi
3401 2215 3466 2268 1⁸.
3516 2213 3676 2279 Quod

2035 2305 2192 2363 enim
2245 2321 2445 2377 preces
2474 2312 2528 2360 et
2577 2304 2806 2376 vigilias
2838 2322 2953 2376 prae
3002 2303 3234 2376 ignavia
3283 2320 3400 2359 non
3449 2305 3680 2373 curant,

2035 2399 2093 2452 et
2125 2411 2231 2450 nos
2279 2394 2418 2466 quia
2449 2393 2540 2449 his
2587 2410 2886 2459 vacamus,
2938 2393 3148 2461 rident,
3203 2392 3374 2464 plane
3424 2389 3680 2448 ostendit

2036 2483 2183 2539 nihil
2215 2498 2314 2538 eos
2367 2482 2561 2549 malle,
2596 2498 2785 2552 neque
2815 2481 2972 2537 aliud
3002 2482 3085 2537 eis
3135 2497 3264 2537 esse
3292 2481 3680 2554 propositum,

2037 2589 2214 2644 quam
2263 2571 2623 2643 patriarchas
2671 2587 2920 2639 movere,
2954 2574 3010 2625 et
3039 2586 3286 2626 munera
3332 2569 3592 2642 accipere
3621 2569 3681 2624 in

2030 2661 2276 2731 judicio,
2308 2664 2366 2715 et
2395 2664 2599 2715 caetera
2646 2659 2762 2714 alia
2791 2659 3153 2715 committere
3182 2676 3308 2731 quas
3338 2660 3462 2731 ipse
3492 2663 3682 2715 status

2035 2754 2366 2821 temporum
2399 2748 2615 2803 docuit.
2637 2750 2746 2802 Aut
2774 2748 2954 2820 igitur
2975 2749 3118 2820 juge
3149 2748 3396 2820 singulis
3427 2748 3679 2818 quibus-

2038 2855 2148 2908 que
2179 2839 2250 2892 ad
2283 2836 2559 2892 dimceses
2592 2837 2880 2908 proﬁcisci
2913 2854 3072 2900 suas,
3106 2843 3210 2892 aut
3240 2837 3436 2892 sinant
3480 2853 3571 2891 me
3601 2836 3673 2891 ad

2039 2943 2223 2981 unum
2253 2942 2283 2981 e
2313 2926 2438 2981 suis
2486 2928 2762 2998 gregibus
2794 2926 2875 2980 ire
2901 2944 2914 2994 ;
2948 2931 3004 2981 et
3033 2943 3125 2981 me
3157 2927 3542 2997 jurejurando
3573 2925 3676 2981 ob-

2037 3015 2324 3087 stringam
2384 3031 2686 3084 nunquam
2719 3015 2792 3069 ab
2841 3030 2906 3069 eo
2939 3014 3358 3082 discessurum,
3389 3013 3503 3085 ipsi
3544 3029 3677 3069 vero

2040 3105 2244 3158 urbem
2290 3103 2857 3174 Constantinopolim
2924 3103 3036 3158 sibi
3083 3103 3235 3159 inter
3282 3119 3344 3158 se
3395 3102 3674 3158 dividant.

2040 3193 2187 3256 Quid
2220 3191 2376 3247 enim
2427 3191 2719 3246 infelicius
2749 3209 2876 3247 esse
2908 3195 3116 3263 potest,
3149 3208 3326 3262 quam
3371 3190 3432 3246 in
3462 3190 3682 3245 caeteris

2041 3280 2372 3336 civitatibus
2419 3280 2591 3336 licere
2649 3281 2861 3352 cuique
2911 3281 3123 3351 pastori
3177 3297 3334 3346 suos,
3397 3283 3683 3350 quantum

293 3369 396 3436 ris,
432 3368 545 3423 nisi
575 3369 645 3422 iis
672 3368 769 3438 qui
819 3385 888 3423 ea
918 3370 1189 3439 ignorant
1227 3369 1690 3440 exposuerimus,
1726 3383 1928 3438 quem-
1963 3358 2005 3424 C
2044 3375 2238 3442 potest
2265 3376 2323 3426 et
2362 3371 2464 3441 jus
2494 3374 2604 3436 est,
2644 3386 2839 3442 regere
2877 3375 3053 3441 atque
3083 3369 3443 3442 gubernare;
3475 3369 3533 3422 in
3563 3367 3688 3423 sola

292 3457 612 3514 admodum
635 3456 850 3511 erimus
881 3456 1081 3511 ﬁdeles
1106 3457 1540 3528 dispensatores
1562 3457 1588 3510 ἱ)
1609 3458 1930 3527 Ne,qumso,

288 3547 606 3603 oscitanter
651 3549 827 3617 atque
856 3545 1237 3617 negligenter,
1271 3547 1369 3602 sed
1419 3563 1554 3601 cum
1588 3547 1795 3600 timore
1833 3562 1934 3616 po-

283 3637 409 3692 tius
456 3641 633 3707 atque
683 3638 956 3705 tremore,
991 3633 1117 3688 sine
1157 3633 1278 3688 ulla
1325 3635 1715 3701 cunctatione,
1747 3633 1936 3688 Evan-

286 3725 439 3799 gelia
491 3729 700 3780 sancta
729 3724 1146 3791 edisseramus,
1181 3725 1451 3779 docentes
1496 3723 1706 3778 coelum
1738 3727 1794 3777 et
1823 3726 1934 3777 ter-

285 3831 411 3871 ram
461 3813 808 3880 transitura,
860 3813 1037 3867 verba
1105 3817 1298 3867 autem
1347 3814 1474 3882 ejus
1543 3827 1934 3883 nequaquam.

286 3906 566 3960 Dicamus
598 3902 818 3956 frustra
847 3901 1092 3956 fortasse
1122 3901 1344 3956 dictum
1376 3917 1502 3957 esse
1525 3901 1583 3954 in
1602 3901 1935 3972 Scriptura:

286 3994 456 4049 Nemo
504 3995 650 4048 erret
680 4007 693 4044 :
725 4007 894 4045 nemo
940 3990 1182 4062 inquam
1214 4007 1406 4062 neque
1456 4007 1658 4046 eorum
1691 3991 1790 4062 qui
1832 4005 1940 4044 an-

287 4089 385 4138 tea
433 4082 694 4151 fuerunt,
733 4094 924 4151 neque
971 4096 1172 4135 eorum
1223 4080 1322 4151 qui
1370 4083 1574 4151 postea
1621 4083 1809 4134 erunt.
1843 4079 1945 4133 Est

289 4176 488 4228 autem
520 4169 694 4226 nobis
719 4169 999 4241 primum,
1034 4168 1135 4239 qui
1167 4172 1429 4240 pastores
1459 4186 1687 4238 sumus,
1721 4184 1942 4222 navan-

290 4262 433 4316 dum
475 4259 706 4324 virtuti,
738 4259 1188 4330 docendumque
1239 4259 1500 4324 omnino,
1547 4258 1701 4329 quod
1751 4261 1840 4312 est
1885 4257 1944 4310 in

293 4349 519 4406 sanctis
569 4347 912 4419 Scripturis,
946 4363 1045 4403 eos
1088 4346 1187 4418 qui
1217 4346 1512 4402 Christum
1545 4347 1791 4419 eiusque
1821 4362 1947 4401 ser-

293 4455 502 4495 mones
552 4440 882 4492 reverenter
922 4435 1374 4506 observaverint,
1425 4451 1544 4506 eos,
1577 4436 1841 4506 inquam,
1874 4435 1945 4490 ab

295 4529 502 4584 eodem
557 4525 788 4581 Christo
838 4525 1220 4595 conﬁtendos,
1253 4525 1636 4580 declarandos
1684 4529 1739 4579 et
1785 4541 1948 4580 coro-

300 4617 621 4687 nandos,ac
651 4613 838 4686 gloria
868 4613 1226 4685 sempiterna
1255 4630 1384 4669 esse
1414 4613 1820 4681 honorandos;
1847 4612 1946 4685 qui

303 4721 442 4760 eum
473 4720 709 4774 corpore
738 4708 797 4758 et
827 4701 1038 4774 spiritu
1068 4701 1450 4770 honorarunt,
1485 4719 1658 4769 nunc,
1680 4701 1920 4773 inquam

295 4795 430 4865 jam
461 4791 660 4847 ﬁdeles
688 4797 861 4863 atque
883 4793 1201 4863 prudentes
1231 4791 1576 4860 declaratos,
1611 4792 1681 4846 ad
1717 4791 1948 4863 nuptias

303 4886 368 4938 et
396 4879 757 4936 immortales
803 4879 935 4935 illas
975 4879 1212 4934 delicias
1262 4880 1676 4948 admittendos,
1713 4885 1776 4934 ut
1817 4897 1951 4935 cum

301 4969 702 5045 pulcherrimo
752 4968 852 5023 illo
883 4985 1100 5040 sponso
1149 4968 1414 5024 Ecclesiae
1461 4969 1702 5024 Domino
1754 4974 1952 5024 nostro

300 5061 445 5118 Jesu
479 5059 710 5115 Christo
739 5073 973 5130 semper
1004 5057 1120 5112 sint
1149 5083 1164 5127 ;
1195 5058 1288 5112 cui
1320 5058 1525 5124 honor,
1557 5062 1612 5114 et
1640 5059 1953 5130 imperium

299 5148 365 5204 in
396 5145 628 5203 saecula.

843 5213 852 5221 ’
896 5251 1236 5307 EPISTOLA
1277 5253 1371 5307 v1.

302 5361 583 5436 Ejusdem,
633 5359 707 5415 ad
751 5360 1187 5436 imperatorem,“
1213 5363 1272 5413 ut
1308 5359 1508 5430 jubeat
1571 5362 1829 5432 episcopis
1881 5362 1960 5417 ire

868 5430 943 5486 ad
969 5447 1099 5485 suas
1125 5431 1395 5486 dioeceses.

380 5541 442 5596 Si
474 5538 654 5594 urbes
701 5537 762 5593 in
797 5537 1030 5593 Oriente
1077 5537 1292 5592 vastari
1323 5542 1379 5593 et
1419 5537 1683 5594 funditus
1725 5538 1962 5596 interire

303 5631 443 5698 scis,
479 5629 636 5701 quod
672 5626 895 5683 malum
927 5626 1078 5682 Deus
1113 5631 1351 5695 avertat,
1384 5643 1488 5682 cur
1517 5644 1632 5682 non
1658 5629 1959 5702 jubes,qui

381 5813 422 5849 ⁸⁷
453 5807 666 5869 Matth.
697 5821 805 5875 v11,
835 5806 926 5864 21.
1004 5804 1048 5840 ¹⁸
1075 5802 1362 5878 Philippe.
1396 5821 1456 5879 n,
1486 5806 1572 5868 21.

2044 3476 2177 3514 vero
2206 3460 2313 3514 hac
2366 3460 2507 3515 urbe
2531 3459 2790 3528 judicem
2839 3475 2966 3513 esse
2994 3457 3330 3529 quicunque
3381 3456 3552 3523 velit;
3587 3471 3686 3510 ve-

2047 3565 2177 3602 rum
2210 3549 2258 3602 si
2310 3546 2455 3624 mihi
2499 3547 2707 3616 credis,
2741 3545 3182 3617 religiosissime
3229 3547 3566 3618 imperator,
3598 3545 3688 3599 fac

2050 3641 2113 3691 ut
2142 3637 2249 3692 hos
2298 3636 2494 3707 potius
2540 3635 2778 3690 tristitia
2825 3635 3064 3703 afﬁcias,
3125 3651 3302 3706 quam
3351 3639 3557 3689 Deum.
3589 3633 3687 3687 Et-

2048 3725 2281 3794 enim,si
2321 3724 2556 3796 quando
2588 3724 2917 3791 alias,nunc
2947 3725 3200 3780 maxime
3221 3723 3524 3794 episcopos
3555 3737 3688 3777 cum

2047 3813 2323 3886 gregibus
2371 3813 2498 3868 suis
2547 3813 2695 3868 mori
2743 3817 3052 3884 oporteret.
3105 3814 3266 3878 Quod
3315 3812 3364 3868 si
3412 3811 3689 3881 nolueris,

2050 3907 2285 3975 propter
2332 3908 2496 3959 tuam
2529 3919 2667 3975 erga
2697 3919 2795 3958 eos
2844 3904 3246 3973 reverentiam,
3277 3918 3484 3974 cogere
3514 3906 3579 3956 ut
3608 3902 3694 3957 fa-

2051 3993 2209 4047 ciant
2237 3993 2394 4064 quod
2427 3993 2613 4048 facere
2662 3992 2894 4062 debent,
2927 4008 3032 4064 ego
3065 3995 3334 4064 suscepta
3371 4007 3570 4055 causa,
3601 4004 3697 4045 ve-

2050 4080 2161 4137 lint
2209 4081 2415 4148 nolint,
2446 4097 2515 4136 ex
2564 4081 2707 4136 urbe
2751 4080 2986 4152 pellam,
3035 4081 3392 4154 reddamque
3442 4077 3696 4137 audacias

2053 4169 2233 4241 hujus
2264 4171 2549 4226 rationem
2568 4159 2717 4226 "Deo.

2624 4314 2971 4370 EPISTULA
3010 4314 3129 4370 VII.

2115 4419 2390 4491 Ejusdem,
2423 4419 2493 4475 ad
2523 4420 2771 4476 eumdem
2802 4422 3211 4492 imperatorem,
3243 4419 3310 4475 de
3335 4419 3525 4475 eadem
3551 4432 3631 4474 re.

2127 4562 2184 4616 Si
2214 4578 2417 4618 verum
2447 4567 2538 4618 est
2566 4564 2721 4634 quod
2754 4563 2869 4618 dici
2899 4561 3047 4619 solet
3077 4563 3175 4634 qui
3205 4578 3440 4635 gregem
3468 4565 3699 4633 pastore

2059 4651 2266 4723 privat,
2327 4651 2561 4724 utrique
2612 4651 2938 4724 periculum
2975 4668 3191 4719 creare,
3224 4651 3481 4723 profecto
3528 4664 3702 4720 prave

1932 4729 2025 4812 jD
2058 4739 2414 4811 supplicium
2475 4746 2673 4797 manet
2728 4757 2862 4796 eum
2920 4741 3021 4812 qui
3075 4743 3367 4812 pastorem
3426 4742 3584 4795 arcet
3629 4737 3701 4794 ab

2061 4829 2194 4885 ovili
2225 4847 2239 4897 ;
2273 4830 2559 4900 debetque
2606 4831 2707 4901 qui
2735 4835 2933 4902 pastor
2982 4833 3088 4901 est,
3120 4845 3307 4900 usque
3344 4828 3417 4883 ad
3466 4825 3704 4899 sangui-

2063 4933 2197 4972 nem
2248 4935 2350 4989 pro
2401 4934 2574 4989 grege
2625 4918 2837 4974 Christi
2885 4935 3000 4973 non
3050 4918 3431 4989 relinquendo
3479 4915 3708 4972 labores

2064 5007 2338 5078 perferre,
2374 5007 2488 5061 nisi
2542 5024 2674 5062 cum
2705 5024 2854 5078 opus
2885 5007 3058 5062 fuerit
3095 5007 3154 5061 in
3185 5007 3405 5079 synodo
3457 5004 3708 5077 singulis

2066 5095 2236 5150 annis
2267 5096 2338 5150 ad
2389 5096 2681 5166 agendum
2713 5097 2784 5151 de
2813 5096 2987 5150 rebus
3035 5094 3381 5151 necessariis
3411 5093 3710 5167 paulisper

2066 5185 2291 5239 abesse.
2326 5183 2547 5248 Quibus
2594 5183 2904 5252 conclusis,
2937 5185 3200 5240 celeriter
3229 5184 3592 5240 redeundum
3622 5181 3707 5237 illi

2067 5273 2162 5340 sit,
2197 5274 2245 5328 si
2296 5273 2479 5328 credit
2508 5290 2570 5328 se
2601 5274 2966 5329 redditurum
3014 5273 3298 5329 rationem
3339 5289 3573 5328 summo
3604 5289 3706 5344 pa-

2068 5362 2208 5418 stori
2241 5362 2489 5430 Christo,
2523 5367 2578 5418 et
2627 5364 2675 5417 si
2725 5363 2942 5434 dignus
2989 5368 3078 5419 est
3123 5363 3359 5418 nomine
3405 5361 3708 5433 pastoris:

2069 5451 2182 5506 nisi
2214 5451 2358 5506 forte
2407 5451 2581 5506 etiam
2613 5456 2848 5524 propter
2898 5452 3327 5520 necessitatem,
3361 5452 3429 5506 ad
3486 5449 3714 5505 utilita-

2070 5543 2188 5594 tem
2244 5539 2574 5594 animarum
2610 5540 3016 5610 pertinentem,
3053 5541 3124 5595 ab
3177 5541 3527 5612 imperatore
3559 5542 3660 5593 aut
3684 5552 3718 5592 a

2074 5627 2408 5706 patriarcha
2438 5629 2640 5684 statim
2666 5629 3002 5686 redditurus
3021 5630 3447 5695 vocetur.Quod
3479 5627 3530 5684 si
3551 5626 3719 5684 aliter
