4110 6472
366 472 480 534 534
1621 471 2045 534 NICEPHOBI
2087 469 2526 534 BLEMMIDIE
3644 473 3766 534 532

365 605 555 673 nensi,
588 603 646 659 in
680 619 798 676 qua
816 601 991 659 etiam
1023 604 1311 677 reperitur
1340 599 1508 678 λόγος
1537 604 1660 679 περὶ
1690 607 1790 672 τῆς
1826 603 1979 679 ἁγίας

2141 601 2259 675 ιδος,
2301 621 2415 676 que
2445 605 2826 660 madmodum
2861 602 3343 677 Ingolstadiensis
3373 608 3431 659 et
3481 603 3764 661 Vaticana

367 695 585 751 habent
613 693 740 764 ejus
777 695 1100 749 Encomium
1128 695 1185 748 in
1216 693 1272 750 S.
1304 695 1572 750 Joannem
1619 696 2036 766 evangelistam,
2068 700 2125 750 et
2144 691 2344 767 λόγους
2378 700 2455 750 De
2483 696 2674 750 anima
2718 700 2772 749 et
2809 711 3050 767 corpore,
3082 700 3256 765 atque
3288 694 3360 749 De
3399 692 3529 765 ﬁde,
3560 695 3769 751 virtute

370 800 436 840 ac
454 783 728 852 religione
745 781 1049 854 opuscula.
1083 783 1145 837 In
1175 782 1611 839 Vindobonensi
1641 789 1919 855 praeterea
1940 800 1993 837 st

2139 781 2239 857 rapi
2272 782 2446 857 οὔρων
2505 781 2719 855 ποίημα
2750 787 2845 836 τοῦ
2904 781 3240 857 λογιωτάτου
3297 781 3387 836 καὶ
3444 781 3762 859 σοφωτάτου

368 867 704 943 Βλεμμίδου⁶
737 871 943 943 incipit
975 889 987 926 :
1018 874 1134 923 Τῶν
1164 870 1395 925 ἀσθενῶν
1431 870 1583 926 ὑὲλια
1616 871 1749 943 μάθε
1809 869 2175 948 τφισκαίδεκω
2240 876 2367 926 tum
2395 872 2519 948 περὶ
2574 871 2841 943 αἱμάτων,
2901 874 3021 928 sive
3073 871 3247 925 κανὼν
3310 870 3386 932 εἰς
3412 872 3507 932 τὰς
3556 871 3764 945 κρίσεις

368 959 477 1013 τῶν
508 956 752 1032 αἱμάτων
782 961 880 1027 τῆς
938 953 1306 1036 φλεϐοτομίας
1332 962 1440 1013 τῶν
1475 960 1709 1023 ἀσθενῶν
1744 962 1894 1033 (qua:
1923 962 1991 1015 du

2147 961 2358 1017 trmina
2412 962 2469 1015 in
2513 962 2624 1017 alio
2681 962 2877 1018 codice
2930 963 3277 1017 tribuuntur
3331 962 3581 1017 Maximo
3643 961 3770 1018 Pla-

371 1050 585 1119 nudm).
639 1049 783 1104 Vide
812 1049 1199 1119 Lambetium,
1236 1049 1337 1105 lib.
1396 1067 1451 1104 v1
1483 1051 1656 1122 [par-1:.
1688 1068 1749 1117 ιι,
1776 1068 1831 1122 p.
1862 1052 1988 1117 249,

2238 1050 2517 1106 Praeterea
2576 1046 2779 1119 εἷ’δησις
2818 1055 2923 1104 τῶν
2985 1049 3237 1125 ἰατρικῶν
3291 1049 3522 1125 μέτρων,
3554 1055 3612 1106 et
3642 1058 3767 1104 Δια-

369 1137 597 1213 γνώσεις
653 1136 743 1191 καὶ
800 1142 1074 1211 θεραπεῖαι
1126 1142 1233 1191 τῶν
1304 1138 1623 1212 ἀνθρώπων.
1684 1140 1946 1212 Denique

2147 1140 2456 1211 'rapbicum
2500 1139 2623 1214 περὶ
2683 1139 2947 1208 οἰκήσεων
3009 1139 3361 1213 opusculum
3421 1139 3770 1217 Γεωγραφίαν

374 1226 733 1294 συνοοπτικήν
763 1231 931 1281 vocat
958 1226 1285 1282 Salmasius
1316 1244 1447 1299 pag.
1478 1229 1589 1281 276
1618 1228 1798 1300 Epist.
1857 1230 2382 1284 Demonstrationem
2435 1230 2585 1300 quod
2640 1230 2941 1285 individuis
2987 1231 3103 1284 vita
3160 1246 3273 1285 non
3328 1230 3403 1284 sit
3465 1230 3769 1301 praeﬁnita,

375 1320 663 1372 memorat
708 1316 769 1371 in
797 1318 1086 1388 Apparatu
1138 1317 1507 1372 Possevinus.
1569 1316 1713 1373 Vide
1763 1320 1820 1373 et
1861 1316 2036 1385 intra,
2084 1317 2414 1390 Nicephorus
2474 1317 2761 1373 Monachus
2812 1318 3015 1389 (Fnea)
3077 1317 3459 1390 Reliquorum
3514 1334 3773 1390 opuscu-

375 1404 569 1463 lorum
601 1405 767 1460 codd.
800 1404 860 1459 h.
892 1405 933 1462 l.
966 1405 1143 1460 simul
1173 1405 1462 1461 indicabo.
1492 1407 1556 1460 In
1587 1405 1731 1461 bibl.
1764 1406 1974 1462 Czesar.
2007 1406 2255 1462 Vindob.
2308 1411 2537 1463 exstant
2574 1425 2586 1462 :
2619 1407 2679 1462 in
2708 1408 2811 1462 cod
2842 1408 2933 1477 20,
2992 1424 3050 1461 ιι.
3082 1408 3137 1477 2,
3191 1406 3477 1479 opuscula
3523 1411 3777 1479 quatuor

378 1494 625 1562 medica,
656 1512 691 1550 a
720 1494 886 1550 Fabr.
918 1495 1090 1550 modo
1121 1496 1311 1551 Grece
1360 1495 1701 1567 designata:
1738 1495 1789 1566 1)
1820 1495 2038 1550 Notitia
2079 1510 2493 1551 mensurarum
2553 1494 2917 1551 medicarum
2947 1513 2961 1563 ;
2992 1495 3050 1566 2)
3079 1496 3387 1551 Canticum
3447 1512 3495 1551 s.
3536 1511 3774 1552 carmen

383 1584 455 1641 de
472 1584 795 1655 judicando
817 1584 888 1639 de
919 1584 1202 1655 sanguine
1234 1583 1641 1655 phlebotomia
1674 1589 2023 1655 aegrotorum
2059 1602 2073 1651 ;
2103 1585 2160 1655 3)
2189 1585 2493 1640 Canticum
2522 1584 2595 1640 de
2649 1584 2837 1639 urinis
2893 1588 3241 1655 aegrotorum
3275 1602 3288 1651 ;
3321 1585 3376 1656 4)
3404 1584 3778 1656 Cognitiones

386 1676 445 1729 et
467 1672 798 1729 curationes
823 1673 1163 1728 morborum
1191 1672 1586 1728 humanorum
1618 1673 1677 1728 in
1712 1673 1815 1727 130
1842 1672 2060 1728 divisaa.
2118 1673 2412 1743 (Lambec.
2455 1675 2548 1727 Vl.
2602 1677 2750 1745 part.
2806 1690 2868 1744 ιι,
2926 1688 3057 1745 pag.
3088 1674 3195 1727 249
3222 1673 3371 1745 seq.)
3401 1672 3637 1729 Cantica
3690 1678 3780 1729 ta-

384 1776 520 1817 men
558 1778 618 1816 n.
655 1761 691 1815 2
729 1765 787 1816 et
815 1761 848 1815 3
878 1762 936 1815 in
984 1762 1089 1817 cod
1119 1763 1327 1817 Caesar.
1365 1762 1540 1817 Vind.
1571 1762 1697 1830 269,
1745 1779 1806 1816 ιι.
1836 1762 1891 1831 9,
1921 1762 2262 1817 tribuuntur
2316 1762 2564 1818 Maximo
2611 1762 2906 1832 Planudaz,
2962 1765 3111 1817 teste
3162 1762 3429 1817 Lambec.
3487 1761 3556 1829 V,
3587 1778 3645 1834 p.
3675 1764 3781 1819 450

382 1850 598 1907 Eadem
629 1865 761 1905 vero
789 1851 905 1905 duo
934 1866 1137 1922 opusc.
1178 1856 1259 1907 De
1285 1851 1466 1906 urinis
1502 1854 1559 1906 et
1586 1852 1661 1906 De
1707 1853 1976 1919 sanguine
2035 1850 2419 1922 phlebotomia
2469 1850 2592 1905 Nic.
2651 1849 2897 1906 Blemm.
2955 1850 3298 1907 tribuuntur
3348 1850 3408 1906 in
3453 1851 3625 1909 codd.
3690 1853 3781 1908 40.

386 1955 448 1995 ιι.
479 1940 534 2007 5,
567 1943 628 1995 et
654 1940 743 2006 42,
771 1942 901 1994 n.2.
929 1939 995 1995 V.
1040 1940 1303 1995 Lambec.
1336 1938 1432 2008 Vl,
1465 1955 1597 2012 pag.
1630 1940 1737 1995 355
1765 1945 1821 1995 et
1848 1941 1972 1994 359.
2003 1970 2074 1980 —
2105 1942 2165 1995 In
2225 1939 2429 1995 eadem
2489 1938 2630 1996 bibl.
2690 1940 2831 1995 Caes.
2889 1941 3017 1995 cod.
3051 1941 3140 2009 42,
3202 1957 3259 1994 n.
3295 1941 3381 1998 19.
3411 1944 3603 1996 exstat
3656 1939 3781 1996 Nic.

386 2027 631 2084 Blemm.
690 2030 1077 2099 Fragmentum
1122 2028 1564 2101 geographieum.
1622 2029 1914 2098 (Lambec.
1967 2028 2093 2096 VII,
2148 2045 2205 2100 p.
2266 2028 2414 2099 479.)
2473 2030 2832 2101 Geographia:
2906 2028 3287 2101 compendium
3342 2033 3433 2085 est
3495 2030 3554 2084 in
3611 2030 3781 2087 codd.

389 2115 532 2171 bibl.
566 2117 805 2172 Taurin.
837 2118 942 2172 232
971 2122 1030 2173 et
1054 2118 1159 2172 244
1180 2118 1326 2189 (Cat.
1358 2118 1527 2173 codd.
1564 2120 1660 2173 Gr.
1696 2135 1751 2190 p.
1774 2118 1880 2172 318
1910 2122 1967 2172 et
1994 2118 2142 2186 373).
2175 2148 2240 2158 —
2272 2117 2606 2187 Mediolani,
2636 2117 2695 2172 in
2727 2116 2869 2173 bibl.
2924 2117 3332 2185 Ambrosiana,
3390 2122 3538 2173 teste
3595 2117 3783 2174 Mont-

391 2206 547 2273 fauc,
578 2206 640 2260 in
664 2208 864 2262 Diario
901 2207 1025 2262 Ital.
1059 2224 1116 2279 p.
1151 2208 1238 2262 14.
1274 2238 1343 2247 -—-
1399 2206 1641 2276 Matriti,
1672 2207 1734 2261 in
1792 2206 1932 2262 bibl.
1993 2208 2190 2262 Escor.
2225 2206 2560 2279 Geographia
2605 2207 3010 2278 compendiaria
3033 2224 3055 2268 ;
3109 2207 3249 2262 ordo
3271 2211 3328 2261 et
3383 2223 3569 2262 canon
3625 2206 3686 2262 in
3717 2208 3785 2262 13

394 2293 590 2366 signa,
621 2310 749 2367 quae
774 2295 1050 2351 videntur
1076 2295 1137 2350 in
1167 2295 1424 2351 hominis
1472 2294 1919 2368 aegritudinibus
1952 2313 1965 2362 ;
1999 2299 2056 2351 et
2084 2296 2157 2351 de
2213 2296 2643 2368 cognitionibus
2682 2294 2936 2361 illarum,
2970 2295 3221 2351 maxime
3251 2295 3321 2351 de
3346 2294 3585 2351 illarum
3616 2311 3789 2351 cura-

406 2381 587 2451 tione,
632 2386 867 2438 auctore
910 2383 1143 2455 Pluero,
1202 2386 1245 2439 Ι.
1280 2385 1377 2440 cit.
1423 2415 1493 2425 —-
1543 2386 1608 2440 In
1677 2385 1803 2440 cod.
1858 2383 2006 2439 bibl.
2058 2384 2242 2440 Paris.
2295 2386 2454 2451 1414,
2509 2385 2853 2455 (secundum
2914 2389 3207 2440 auctorem
3263 2388 3385 2439 Cat.
3419 2384 3588 2439 codd.
3618 2401 3680 2455 ιι,
3736 2400 3794 2456 p.

397 2470 550 2543 316.)
582 2470 635 2543 1)
663 2471 789 2528 Nic.
818 2472 1067 2527 Blemm.
1098 2473 1477 2546 Geographia;
1507 2473 1941 2545 compendium,
1966 2473 2086 2529 sive
2116 2474 2310 2545 potius
2342 2474 2597 2546 Dionysii
2628 2473 3003 2530 Alexandrini
3028 2472 3199 2529 Orbis
3234 2472 3574 2546 Descriptio,
3606 2472 3799 2529 soluta

406 2559 665 2616 oratione
702 2560 1004 2633 explicata.
1031 2563 1089 2631 2)
1115 2562 1379 2633 ejusdem
1402 2562 1559 2618 aliud
1592 2562 2041 2634 Compendium,
2078 2563 2176 2618 ubi
2200 2563 2271 2618 de
2292 2566 2465 2630 terra,
2511 2562 2671 2618 illius
2710 2562 3113 2635 magnitudine
3149 2566 3207 2618 et
3234 2561 3570 2618 climatibus
3607 2562 3796 2617 disse-

400 2649 753 2723 riturzopus
774 2652 896 2723 regi
937 2652 1170 2707 cuidam
1204 2651 1525 2707 orthodoxo
1571 2651 1945 2723 inscriptum.
1972 2652 2125 2707 —In
2161 2651 2301 2706 bibl.
2345 2650 2580 2707 Coislin.
2642 2651 2767 2721 388,
2812 2651 2934 2709 Nic.
2993 2650 3238 2707 Blemm.
3290 2650 3578 2722 Geograﬁa
3630 2666 3801 2723 syno—

393 2740 566 2811 ptica.
597 2739 706 2795 Sed
732 2741 1126 2809 Montfaucon,
1150 2742 1209 2795 in
1251 2742 1395 2796 Bibl.
1453 2740 1624 2797 Coisl.
1659 2758 1713 2813 p.
1745 2742 1869 2796 599.
1900 2761 1929 2791 «
1968 2739 2119 2809 Haec,
2185 2740 2269 2796 ait
2311 2740 2675 2813 Geographia
2727 2741 2798 2795 ab
2852 2739 3089 2796 homine
3145 2740 3417 2812 imperito
3458 2743 3516 2796 et
3568 2739 3797 2795 insulso

401 2827 694 2900 descripta
714 2829 843 2901 fuit,
883 2846 950 2885 ac
1003 2830 1097 2884 vix
1154 2831 1411 2897 credam,
1451 2846 1581 2885 esse
1622 2829 1747 2884 Nic.
1801 2827 2096 2899 Blemida,
2139 2828 2269 2897 viri,
2315 2834 2379 2883 ut
2412 2846 2520 2884 sua
2562 2833 2748 2894 aetate,
2806 2828 2979 2883 docti.
3036 2828 3140 2883 Hic
3196 2827 3479 2899 regiones,
3526 2827 3797 2894 ﬂumina,

405 2918 601 2987 urbes,
625 2934 741 2974 non
790 2917 993 2990 quales
1032 2923 1198 2974 erant
1237 2923 1295 2975 et
1317 2919 1677 2974 vocabantur
1705 2922 1965 2989 tempore
1985 2918 2311 2989 scriptoris,
2355 2918 2455 2973 sed
2487 2917 2692 2989 quales
2734 2934 2804 2972 ex
2847 2916 3264 2974 vetustioribus
3292 2916 3637 2990 geographis
3662 2931 3801 2988 per-

404 3023 605 3081 peram
648 3010 705 3062 et
724 3007 956 3064 indocte
977 3010 1393 3064 consarcinata:
1418 3013 1576 3073 sunt,
1619 3011 2128 3079 repraesentantur.
2155 3007 2362 3062 nGmtz
2402 3012 2597 3062 tamen
2658 3006 2718 3061 in
2782 3007 2933 3062 Men.
3005 3006 3146 3062 bibl.
3218 3006 3580 3062 Dresdensis.
3631 3005 3701 3075 ΙΙ,
3735 3022 3797 3076 p.

406 3096 511 3151 394
545 3096 629 3152 ait
660 3099 836 3168 caput
872 3096 1123 3169 physicas
1162 3098 1448 3169 epitomes
1505 3096 1868 3152 tricesimum
1894 3095 2237 3168 inWegelin.
2261 3095 2399 3151 edit.
2431 3112 2602 3168 agere
2631 3093 2754 3170 περὶ
2785 3093 3075 3166 οἰκήσεων,
3115 3095 3273 3167 quod
3314 3095 3480 3151 Fabr.
3523 3098 3803 3165 tanquam

410 3183 761 3257 opusculum
786 3186 1244 3261 geographicum
1265 3202 1331 3241 ex
1373 3186 1681 3241 Lambecio
1732 3183 2144 3241 landasset.—
2174 3186 2237 3240 In
2277 3185 2403 3240 cod.
2435 3184 2671 3241 Coislin.
2718 3186 2843 3252 208,
2886 3183 3074 3239 Scolia
3138 3182 3377 3255 Niceph.
3440 3183 3684 3239 Blemm.
3744 3183 3806 3238 in

414 3272 553 3330 Odos
582 3275 752 3330 Mosi:
779 3276 829 3329 et
858 3275 1123 3345 aliorum,
1152 3291 1283 3329 cum
1309 3275 1651 3346 paraphrasi
1689 3278 1745 3330 et
1788 3290 1966 3329 manu
1994 3272 2255 3329 Tinerilli
2300 3290 2412 3329 scr.
2455 3291 2591 3329 ann.
2643 3274 2716 3329 ab
2762 3272 3163 3329 Incarnatione
3200 3274 3358 3328 1656.
3408 3274 3463 3329 γ.
3513 3272 3805 3329 Monfauc.

412 3359 565 3417 Bibl.
595 3361 754 3417 Cmsl.
781 3362 1077 3433 p.267.—-
1115 3361 1435 3433 Florentiae,
1501 3363 1560 3416 in
1618 3362 1746 3417 cod.
1790 3362 1955 3417 Laur.
1996 3362 2201 3418 Medic.
2262 3366 2406 3417 orat.
2450 3363 2525 3417 De
2571 3379 2760 3434 regno,
2814 3362 3081 3433 (Bandin.
3136 3364 3189 3427 1,
3226 3378 3281 3433 p.
3346 3362 3467 3430 121,
3523 3378 3583 3417 n.
3624 3360 3714 3433 31)
3753 3363 3811 3417 et

412 3440 548 3505 libel
595 3451 671 3505 De
696 3451 801 3521 ﬁde
829 3450 901 3506 ad
928 3452 1220 3507 monachos
1265 3453 1595 3508 monasterii
1639 3469 1673 3507 a
1717 3468 1777 3507 se
1821 3453 2101 3507 erstructi.
2159 3450 2428 3523 (Bandin.
2482 3450 2578 3517 III,
2613 3467 2670 3523 p.
2723 3451 2850 3520 399,
2900 3450 3028 3506 cod.
3069 3451 3153 3506 16.
3198 3449 3347 3521 plut.
3386 3451 3478 3519 87,
3502 3468 3560 3505 ιι.
3609 3449 3811 3520 17.)—

414 3538 480 3593 In
500 3537 643 3594 bibl.
668 3539 830 3611 publ.
863 3540 1047 3596 Paris.
1072 3545 1217 3597 orat.
1262 3542 1338 3596 De
1367 3540 1615 3597 custodia
1670 3540 1865 3607 cordis,
1907 3540 1967 3595 in
2011 3539 2179 3595 codd.
2224 3540 2381 3608 1091,
2426 3556 2483 3593 ιι.
2520 3540 2616 3605 1ι;
2664 3538 2823 3605 1101,
2851 3556 2909 3593 n.
2952 3538 3078 3606 41.;
3132 3537 3294 3607 4445,
3357 3555 3413 3593 ο.
3445 3539 3498 3594 4.
3530 3568 3601 3579 ——-
3650 3537 3807 3607 Orat,

410 3628 474 3682 in
504 3627 725 3684 laudem
752 3627 809 3684 S.
838 3629 1067 3685 Joannis
1095 3629 1367 3704 Theologi,
1411 3630 1472 3685 in
1515 3630 1682 3686 codd.
1725 3630 1968 3697 4225,n.
2004 3631 2049 3684 1.
2080 3659 2146 3669 —
2200 3630 2319 3685 Vita
2363 3629 2530 3683 Pauli
2587 3630 2885 3698 Latrensis,
2918 3627 2978 3682 in
3023 3627 3150 3683 cod.
3201 3626 3361 3698 1495,
3406 3644 3465 3683 ιι.
3503 3628 3589 3683 19.
3625 3659 3688 3669 —
3737 3628 3813 3683 De

412 3714 594 3770 animi
610 3715 986 3789 facultatibus,
1017 3716 1077 3772 in
1099 3718 1227 3774 cod.
1261 3719 1419 3787 4999,
1443 3735 1501 3773 n.
1524 3719 1578 3773 3.
1607 3747 1673 3761 —-
1700 3723 1777 3774 De
1804 3717 1934 3773 ctelo
1960 3721 2014 3772 et
2042 3715 2183 3788 quod
2209 3715 2446 3772 mundus
2473 3717 2547 3771 sit
2574 3718 2836 3782 aeternus,
2869 3714 3047 3787 (quod
3096 3717 3186 3770 est
3222 3730 3350 3787 cap.
3384 3715 3457 3769 24
3503 3714 3606 3770 lib.
3662 3713 3811 3787 phy-

418 3802 550 3874 sic.)
570 3802 630 3857 in
669 3803 872 3860 codem
929 3806 1057 3861 cod.
1096 3810 1193 3873 ;et
1230 3806 1290 3862 in
1339 3808 1507 3863 codd.
1551 3808 1714 3874 2999,
1756 3824 1822 3862 ac
1860 3824 1919 3861 ιι.
1970 3807 2023 3863 4.
2072 3806 2147 3861 De
2190 3820 2360 3862 vacuo
2401 3805 2480 3875 (b.
2539 3820 2590 3859 e.
2642 3820 2768 3875 cap.
2802 3792 2876 3858 50
2920 3802 3112 3875 ejusd.
3175 3803 3386 3875 operis)
3432 3806 3491 3859 et
3543 3802 3604 3857 in
3649 3803 3813 3871 2100,

413 3890 561 3946 11.5.
588 3893 665 3947 De
687 3894 837 3961 caelo,
897 3893 1034 3955 sole.
1068 3896 1221 3963 luna,
1242 3896 1518 3951 sideribus
1542 3904 1598 3952 et
1626 3896 1816 3953 diebus
1844 3927 1912 3936 —
1958 3894 2170 3962 Opusc.
2207 3894 2279 3949 ab
2303 3893 2434 3949 aliis
2491 3892 2743 3948 Maximo
2791 3891 3103 3963 tributum)
3161 3893 3236 3948 De
3287 3892 3490 3958 urinis,
3542 3891 3604 3947 in
3644 3892 3811 3947 codd.

418 3979 583 4044 2220,
612 3981 748 4035 n.6.
782 3982 1030 4049 -—2303,
1072 4000 1132 4037 n.
1166 3984 1236 4051 3;
1288 3985 1451 4053 2315,
1502 3985 1657 4053 n.5;
1696 3985 1857 4052 2671,
1898 4000 1957 4039 n.
1990 3986 2044 4039 6.
2089 4014 2159 4024 —
2197 3983 2274 4038 De
2314 3983 2446 4037 auri
2486 3980 2809 4051 conﬁciendi
2848 3981 3063 4035 ratione
3145 3980 3205 4034 in
3245 3980 3376 4050 cod,
3417 3980 3578 4035 2529.
3620 3997 3679 4035 ιι.
3728 3979 3818 4036 10.

424 4082 492 4123 ac
511 4069 825 4141 2509,n.9,
859 4087 992 4125 cum
1016 4070 1276 4127 scholliis
1299 4073 1582 4145 marginis
1641 4072 1930 4144 adjectis;
1966 4104 2031 4113 —
2078 4071 2363 4130 Methodus
2415 4070 2741 4126 inveniendi
2795 4069 3097 4137 Paschalis,
3146 4068 3206 4124 in
3263 4069 3390 4125 cod.
3437 4069 3599 4140 4050,
3639 4085 3699 4123 ιι.
3759 4068 3812 4124 1.

423 4173 482 4228 p.
510 4156 637 4227 199,
667 4161 812 4215 tom.
839 4159 907 4229 II,
940 4158 1111 4215 catal.
1135 4190 1204 4199 —
1225 4160 1288 4215 In
1311 4160 1453 4216 bibl.
1486 4165 1624 4233 Reg.
1657 4161 2027 4229 Taurinensi,
2060 4161 2246 4216 Serm.
2273 4160 2339 4215 de
2361 4160 2563 4215 animae
2596 4159 2916 4214 necessitate
2962 4167 3018 4213 et
3046 4157 3112 4213 de
3137 4157 3449 4226 cognitione
3498 4156 3814 4225 hominum,

422 4244 484 4301 in
521 4246 648 4301 cod.
680 4246 1083 4319 334,quorum
1109 4249 1357 4305 duorum
1416 4249 1752 4321 opusculor,
1794 4264 1982 4321 neque
2030 4248 2249 4305 Caveus
2305 4248 2442 4304 facit
2496 4246 2877 4315 mentionem,
2920 4262 3107 4318 neque
3167 4244 3489 4313 Fabricius,
3528 4246 3583 4301 γ.
3631 4243 3815 4301 Catal.

423 4334 591 4390 codd.
623 4338 687 4391 G.
710 4336 886 4392 Taur.
920 4352 1052 4409 pag.
1076 4338 1179 4393 414
1208 4341 1275 4393 ut
1320 4338 1447 4393 415.
1477 4368 1547 4381 -
1579 4340 1643 4394 In
1688 4339 1814 4394 cod.
1843 4338 2057 4395 Matrit.
2116 4339 2207 4405 59,
2256 4354 2326 4393 ex
2371 4340 2515 4393 orat.
2578 4336 2705 4391 Nic.
2746 4336 2992 4391 Blemm.
3053 4335 3126 4390 ad
3165 4333 3485 4389 monachos
3522 4333 3819 4389 instruen-

420 4422 548 4491 dos,
587 4424 709 4479 sive
738 4441 808 4480 ex
847 4426 976 4496 ejus
1002 4426 1216 4498 typico,
1250 4430 1395 4481 orat.
1438 4427 1510 4481 De
1534 4427 1642 4489 ride
1672 4443 1806 4481 cum
1866 4425 2087 4498 duplici
2146 4424 2386 4496 scholio,
2427 4428 2485 4480 et
2539 4425 2614 4480 De
2665 4426 3002 4496 virtutatque
3041 4424 3458 4479 exercitatione.
3496 4422 3549 4477 V.
3590 4420 3817 4491 Iriarte,

422 4515 466 4566 Ι.
497 4528 547 4567 c.
571 4528 629 4584 p.
680 4512 805 4570 499.
838 4543 908 4555 -——
936 4515 1000 4569 In
1041 4515 1208 4570 codd.
1255 4515 1534 4573 Escorial.
1585 4516 1660 4571 De
1706 4514 1831 4586 ﬁde,
1867 4531 2001 4570 cum
2040 4514 2216 4569 variis
2241 4532 2254 4582 ;
2278 4519 2354 4569 De
2391 4516 2612 4569 nomine
2650 4519 2703 4568 et
2750 4514 2950 4581 verbo;
2997 4512 3419 4569 Introductoriae
3467 4510 3527 4565 in
3573 4510 3815 4566 Aristot.

419 4600 718 4672 Physicam
763 4602 1061 4673 Epitomes
1080 4602 1229 4659 liber
1255 4620 1350 4669 xv,
1374 4604 1693 4671 secundus,
1740 4606 1888 4659 teste
1924 4601 2195 4659 Pluerol.
2243 4603 2432 4658 cit.—-
2472 4600 2782 4671 Monachii,
2827 4603 2887 4656 in
2934 4601 3080 4657 bibl.
3138 4600 3370 4657 elector.
3423 4600 3626 4657 Bavar.
3687 4599 3818 4655 cod.

420 4687 546 4744 408.
578 4690 704 4746 Nic.
730 4690 974 4747 Blemm.
1021 4693 1353 4748 encomium
1381 4692 1442 4747 in
1486 4692 1772 4748 Joannem
1813 4690 2233 4763 evangelistam
2270 4708 2283 4758 ;
2316 4691 2501 4746 oratio
2530 4691 2605 4745 De
2633 4692 2869 4752 anima;
2892 4706 2976 4745 or.
2999 4690 3075 4746 De
3101 4705 3371 4762 corpore;
3429 4689 3826 4745 Enarrationes

422 4777 484 4833 in
513 4778 722 4850 aliquot
767 4781 1047 4851 psalmos;
1097 4785 1175 4838 De
1218 4782 1356 4852 ﬁde;
1386 4782 1462 4838 De
1506 4784 1710 4838 virtute
1740 4784 1795 4837 et
1860 4782 1975 4836 vita
2022 4780 2300 4851 religiosa.
2324 4810 2392 4819 -—
2424 4779 2488 4835 In
2532 4779 2661 4834 cod.
2694 4778 2816 4833 452.
2866 4778 2989 4834 Nic.
3022 4779 3095 4834 De
3139 4779 3274 4834 caelo
3334 4781 3469 4846 (cat.
3530 4777 3699 4833 codd.
3730 4793 3820 4848 gr,

423 4883 481 4939 p.
512 4866 582 4921 42
611 4872 669 4923 et
690 4867 809 4941 60.)
836 4870 981 4924 Add.
1005 4886 1186 4942 supra
1209 4870 1325 4926 vol.
1351 4870 1598 4942 lV,pag.
1647 4870 1775 4941 206,
1821 4870 1931 4926 sub
1963 4868 2065 4925 fin.
2099 4873 2232 4939 etp.
2275 4869 2402 4935 220,
2434 4871 2491 4923 et
2525 4867 2699 4938 infra,
2714 4867 2825 4923 vol.
2858 4866 2985 4935 XII,
3025 4866 3126 4923 ubi
3152 4867 3224 4923 de
3249 4865 3493 4923 medicis
3522 4869 3581 4922 et
3604 4864 3823 4922 chemi-

427 4952 511 5009 cis
536 4953 748 5027 agitur,
766 4961 900 5027 etc.,
926 4962 984 5015 et
1005 4957 1218 5024 Koliar,
1244 4958 1303 5014 in
1335 4959 1636 5031 Supplem.
1670 4959 1744 5014 ad
1766 4957 2059 5015 Lambecii
2078 4972 2291 5014 comm.
2324 4972 2459 5029 pag.
2490 4957 2598 5011 663
2619 4972 2745 5028 seq.
2775 4956 3006 5028 (ΗΑιιι.)

426 5184 556 5262 cod,
579 5185 722 5262 bibl.
756 5189 917 5259 publ.
948 5190 1136 5245 Paris.
1170 5190 1276 5244 155
1318 5191 1402 5262 (in
1450 5206 1565 5262 quo
1618 5191 1793 5246 etiam
1845 5190 2067 5246 Comm.
2182 5190 2341 5245 idem
2372 5187 2756 5262 commentiri
2784 5187 3073 5262 Psalmos.
3103 5186 3182 5262 V._
3203 5190 3323 5242 Cat.
3358 5186 3533 5262 codd.
3560 5185 3672 5262 Gr._
3694 5200 3829 5262 pag.

423 5257 486 5333 in
518 5256 1129 5333 Cantiea'canticorum,
1187 5256 1374 5333 eidem
1438 5256 1764 5333 Nicephoro
1823 5262 2073 5316 attribu-
2179 5263 2307 5317 214.
2340 5291 2409 5333 7-
2439 5261 2522 5333 l_b.
2560 5261 2619 5315 in
2648 5261 2777 5314 cod.
2811 5260 2935 5328 130,
2987 5258 3110 5333 Nic.
3168 5257 3574 5333 interpretatio
3629 5256 3833 5333 titulo-

420 5327 563 5402 tus,)
595 5359 661 5370 ~—
684 5331 754 5402 ln
786 5331 912 5402 cod.
947 5332 1054 5385 810
1085 5332 1165 5402 (in
1185 5331 1401 5387 Psalm.
1428 5350 1536 5399 I-X,
1574 5327 1688 5402 ιὶιν,
1745 5351 1795 5401 ι.,
1849 5337 2069 5399 Lxxm.)
2181 5349 2313 5387 rum
2347 5331 2738 5399 Psalmorum,
2761 5336 2819 5386 et
2851 5327 3030 5402 quam
3052 5330 3125 5402 ob
3158 5327 3398 5385 causam
3440 5329 3638 5402 dictus
3696 5329 3834 5400 qui-

419 5427 492 5474 —-_
518 5398 574 5452 in
597 5401 775 5474 codd.
797 5401 939 5455 2099
971 5407 1029 5458 et
1058 5398 1223 5469 2100,
1256 5404 1316 5458 in
1340 5398 1642 5460 Psalmum
1674 5398 1815 5474 'vui,
1852 5398 2067 5459 comm.
2180 5404 2323 5458 libet
2347 5403 2537 5471 fuerit,
2572 5398 2749 5473 quam
2783 5418 2817 5456 a
2865 5398 3196 5474 Nicephoro
3248 5399 3673 5456 commentario
3715 5398 3834 5455 suo

418 5469 614 5547 etiam
648 5472 1098 5547 sub__iectu_s_est
1143 5491 1311 5547 capp.
1357 5476 1644 5547 physices.
1700 5507 1768 5515 —
1803 5469 1887 5529 'ln
1939 5477 2065 5530 cod.
2182 5469 2554 5547 Psalmorum
2580 5469 3100 5547 forlepreemissam
3120 5472 3650 5547 fuissesuspicatur
3670 5476 3832 5547 auct.

421 5541 697 5619 Escorial.
736 5543 1028 5619 Expositio
1071 5545 1129 5619 in
1184 5541 1329 5600 illud
1357 5541 1716 5619 'Péalmogr.
1750 5547 1964 5619 Lunam
2004 5550 2075 5619 et
2183 5545 2355 5601 catal.
2392 5561 2571 5619 mem.
2632 5541 2840 5619 p.230.
2869 5575 2937 5619 7—:
2965 5545 3028 5598 1n
3064 5545 3217 5619 cod.
3282 5544 3381 5598 311
3422 5541 3629 5619 _eju_sd.
3685 5541 3832 5597 bibl.

418 5614 631 5699 stellas,
679 5614 833 5685 quas
870 5621 933 5671 tu
970 5615 1262 5743 3fundasti,
1322 5614 1753 5700 teste.PinEro,
1814 5618 1877 5700 in
1931 5618 2068 5685 Isin,
2180 5619 2282 5673 fin.
2309 5620 2450 5672 sunt
2479 5614 2991 5696 Nic.’Blemmidaa
3021 5618 3079 5670 et
3126 5615 3375 5672 aliorum
3428 5615 3700 5688 scriptor.
3746 5627 3835 5669 ec-

419 5700 518 5743 ver
544 5686 777 5743 Htsoan.
808 5703 865 5743 ιι.
900 5686 967 5742 18
1010 5730 1023 5743 .
1056 5717 1125 5729 --
1151 5687 1212 5743 [ιι
1242 5688 1411 5743 codd.
1449 5689 1589 5743 bibl.
1654 5690 1894 5743 Taurin.
1946 5690 2071 5743 105.
2181 5687 2550 5743 cles.hvmn1
2581 5691 2638 5743 et
2657 5703 2877 5743 nrecss.
2912 5685 3117 5743 ΗΑιιι..)

416 5700 518 5756 per
544 5685 777 5756 Hispan.
808 5703 865 5759 p.
900 5685 1023 5744 183.
1056 5717 1125 5729 --
1151 5687 1212 5743 [ιι
1242 5685 1411 5744 codd.
1449 5688 1589 5745 bibl.
1654 5688 1894 5745 Taurin.
1946 5690 2071 5762 105,
2181 5688 2319 5745 oles.
2343 5687 2550 5761 hymni
2581 5691 2638 5743 et
2656 5703 2877 5761 preces.
2912 5685 3117 5758 HARL.)
