4110 6472
389 461 512 524 533

1286 471 1388 531 DE
1432 471 1971 536 PROGESSIONE
2015 477 2078 537 S.
2129 477 2487 540 SPIRITUS
2532 472 2820 538 ORATIO
2863 473 2912 534 Ι.

3669 462 3788 525 534

776 817 1826 953 ΝΙΚΗΦΟΡΟΥ
1925 827 2271 955 ΤΟΥ
2361 819 3403 954 ΒΛΕΜΜΙΔΟΥ

1589 1082 1990 1178 ΛΟΓΟΣ
2075 1083 2577 1180 ΠΡΩΤΟΣ

382 1273 860 1331 ΔΠΟΔΕΙΚΝΥΩΝ
919 1279 1032 1331 AIA
1091 1281 1412 1333 ΧΡΗΣΕΩΝ
1464 1283 1848 1353 ΓΡΑΦῙΚΩΝ,
1902 1282 1991 1405 ’ᾷὲ
2281 1284 2399 1338 ΚΑΙ
2457 1284 2550 1337 ΕΞ
2605 1285 2758 1336 ΥΙΟΥ
2814 1275 3312 1334 ΘΕΟΛΟΓΕΙΣΘΔῙ
3367 1277 3448 1327 ΤΟ
3505 1275 3780 1330 ΠΝΕΥΜΑ

1197 1507 1374 1557 ΠΡΟΣ
1411 1507 1541 1559 ΤΟΝ
1588 1507 2144 1562 ΔΡΧΙΕΠΙΣΚΟΠΟΝ
2183 1509 2607 1562 ΒΟΥΛΓΑΡΙΛΣ
2647 1509 2959 1562 ΙΑΚΩΒΟΝ.

871 1707 1998 1985 NIGEPHORI
2123 1833 3291 1987 BLEMMIDAE]

1648 2095 2081 2187 ORATIO
2149 2099 2500 2186 PRIMA

710 2270 1286 2337 DEMONSTRANS
1343 2275 1817 2340 SANC'I‘ORUM
1872 2279 2371 2341 TESTIMONIIS
2427 2279 2583 2341 PER
2611 2279 2908 2356 FILIUM,
2940 2279 3044 2340 ET
3082 2278 3185 2339 EX
3229 2278 3434 2339 FILIO

1538 2357 1909 2421 SPlRITUM
1965 2359 2339 2422 SANCTUM
2381 2361 2560 2422 DICI.

1212 2505 1323 2568 AD
1347 2505 1736 2571 JACOBUM
1763 2509 2038 2572 BULGA
2054 2509 2234 2573 Rl/E
2261 2508 3054 2574 ARCHIEPISCOPUM.

1437 2658 1541 2730 (Ex
1567 2659 1779 2716 Leonis
1808 2660 2004 2716 Allatii
2035 2663 2246 2719 Graecia
2266 2661 2585 2728 orthodoxa,
2608 2665 2751 2718 tom.
2786 2662 2853 2734 Ι.)

438 2937 502 2986 α’.
537 2933 690 2986 Ἔστι
726 2953 819 3004 μοι
851 2931 1040 3004 πάθος,
1097 2933 1230 3010 ὅπερ
1280 2934 1572 3011 ἐξαγγελιῖγ
1607 2937 1698 2990 καὶ
1727 2939 1828 3014 γὰρ
1861 2939 1888 2992 6
1920 2936 2014 2992 λό-

2198 2942 2249 3006 1,
2284 2939 2570 3010 Morbum,
2604 2955 2719 3010 quo
2751 2937 2990 3006 afﬁcior,
3023 2935 3293 3015 inlucem
3333 2935 3665 3009 proferam:
3698 2938 3772 2995 ad

365 3039 464 3093 γος
518 3020 654 3095 πρὸς
705 3020 968 3096 ἆκέστορα
1013 3022 1178 3098 ἱερὸν,
1229 3025 1318 3078 καὶ
1368 3024 1483 3078 ὅσοι
1534 3031 1637 3094 τῆς
1686 3025 1852 3094 αὐτῆς
1898 3025 2014 3080 ἐπι-

366 3109 582 3180 στήμης
614 3107 779 3180 αὐτῷ.
814 3111 951 3186 Ἐγὼ
999 3117 1112 3172 τοῖς
1159 3117 1348 3190 σοφοῖς
1403 3113 1676 3190 παρῥησίᾳ
1717 3112 1893 3186 λαλῶ,
1928 3116 2016 3170 καὶ

367 3193 491 3251 οὔτε
550 3217 644 3269 μοι
702 3194 820 3259 δέος
877 3198 1266 3255 ἐκκαλύπτοντι
1323 3202 1423 3269 τὴν
1474 3200 1706 3256 διάνοιαν
1748 3221 1761 3234 ·
1822 3205 1858 3272 ἢ
1914 3205 2015 3279 γὰρ

371 3279 680 3358 βεϐαίωσιν,
734 3287 768 3355 ἢ
824 3283 1108 3362 διόρθωσιν
1163 3290 1198 3357 ἡ
1251 3285 1538 3351 ἄπταιστος
1583 3290 1758 3365 κρίσις
1818 3291 2013 3368 ἐπαγά-

365 3394 456 3448 γοι
486 3379 602 3435 τοῖς
653 3373 989 3451 λεγομένοιςέ
1044 3376 1296 3454 Ἀσόφοις
1349 3376 1407 3432 δὲ
1454 3375 1841 3455 διαλεγόμενος
1885 3381 2014 3435 ὑπο-

363 3461 698 3536 στὲλλομαι,
758 3464 849 3518 καὶ
908 3463 1126 3537 μάλισθ’
1180 3465 1268 3520 ὅτε
1320 3467 1444 3543 περί
1501 3473 1633 3523 Θεοῦ
1682 3470 2008 3545 φθέγγομαι·

363 3547 583 3605 δέδοικα
611 3553 713 3625 γὰρ
746 3553 809 3606 τὸ
843 3553 919 3625 μή
953 3554 1180 3623 ξυνιέναι
1235 3555 1449 3627 αὐτοὺς,
1502 3557 1574 3618 ὡς
1625 3557 1858 3613 ἐντεῦθεν
1901 3558 2013 3612 ἐπι-

365 3638 546 3716 σφαλῆ
579 3642 714 3716 πρὸς
757 3642 850 3696 τὸν
903 3641 1062 3718 λόγον
1116 3642 1366 3698 ὑπόνοιαν
1417 3645 1788 3723 ὑφορώμενος.
1840 3647 1906 3704 Εἰ
1956 3645 2013 3703 δὲ

360 3733 440 3799 τῷ
469 3727 658 3806 ἆσόφῳ
685 3728 931 3785 συνέλθοι
979 3731 1042 3785 τὸ
1092 3729 1296 3809 φίλερι,
1335 3732 1458 3788 τότε
1506 3735 1594 3789 καὶ
1643 3737 1780 3811 πρὸς
1809 3737 1870 3790 τὸ
1919 3735 2008 3791 λέ-

362 3837 478 3892 γειν
531 3815 678 3880 ὅλως
722 3818 864 3873 ὀκνῶ
893 3840 952 3874 τε
1000 3821 1087 3875 καὶ
1137 3819 1456 3894 ἀναδύομαι.
1503 3827 1704 3900 Ὥσπερ
1754 3826 1857 3901 γὰρ
1914 3825 2012 3880 οὐκ

363 3903 662 3968 ἀποδεκτὸς
727 3908 756 3961 6
831 3907 1068 3983 θρασέως
1125 3909 1214 3964 καὶ
1274 3911 1677 3987 ἀπερισκέπτως
1736 3911 2011 3989 θεολογῶν

365 3996 731 4070 (ἡνιοχεῖσθαι
762 3997 867 4073 γάρ
914 3999 1012 4066 τήν
1063 3998 1346 4073 θεολογίαν
1389 3996 1545 4078 φόϐῳ
1593 4003 1791 4078 χρεὼν,
1842 4004 1916 4065 ὡς
1948 4003 2006 4057 ἃν

366 4084 443 4156 μή
505 4085 640 4159 πρὸς
689 4085 964 4148 ἀπωλείας
1009 4081 1192 4142 ὤσειεν
1252 4087 1654 4164 ὀλισθήματα),
1714 4090 2005 4164 παραπλη-

361 4171 492 4234 σίως
521 4173 611 4228 καὶ
642 4175 670 4227 6
697 4173 1022 4250 φιλονείκως
1077 4177 1446 4252 ἀκροώμενος,
1496 4181 1584 4233 καί
1631 4179 1820 4255 τρόπῳ
1850 4181 2008 4235 παντὶ

357 4262 496 4336 πρὸς
545 4263 609 4317 τὸ
657 4261 954 4339 ἀντιλέγειν
1002 4265 1166 4339 ὁρῶν,
1200 4265 1614 4340 άποπεμπταῖος
1656 4269 1744 4322 καὶ
1774 4269 2009 4345 ἀποτρό-
2039 4309 2086 4374 Β

602 4353 693 4374 νηΔ
855 4352 869 4371 ς
1087 4353 1098 4372 ι
1483 4355 1492 4374 ι
1743 4357 1757 4374 ς
1988 4364 2011 4374 -

358 4371 541 4413 παιος.
602 4353 754 4427 Ἔρις
810 4352 912 4428 γὰρ
969 4353 1310 4430 κακόχαρτος
1365 4355 1610 4430 ταράττει
1669 4357 1759 4411 καὶ
1815 4364 2011 4434 συγχεῖ

358 4441 458 4507 τήν
519 4439 794 4510 ἀλήθειαν.
856 4441 917 4496 Εἰ
976 4439 1036 4497 δὲ
1089 4443 1179 4497 καὶ
1233 4443 1478 4518 γλῶσσαι
1528 4445 1733 4501 πολλαί
1776 4446 1905 4501 εἰσιν
1952 4448 2006 4501 αἱ

362 4527 670 4604 συρῥυεῐσαι
723 4529 860 4605 πρός
907 4532 968 4585 τὸ
1009 4531 1160 4602 αὐτὸ,
1211 4537 1327 4595 πῶς
1376 4533 1476 4587 οὐκ
1522 4533 1581 4588 ἂν
1633 4531 1833 4607 δόξειαν
1890 4541 2004 4598 τοῖς

365 4613 601 4679 πολλοῖς
655 4618 1068 4694 περιγινόμεναι
1128 4627 1254 4694 μιᾶς
1285 4621 1670 4698 ὲτερορῥεποῦς
1699 4643 1713 4693 ;
1747 4624 1791 4678 εἰ
1833 4621 1891 4678 δὲ
1917 4626 2007 4679 καὶ

363 4704 439 4758 ὧν
466 4705 520 4759 αἱ
552 4706 839 4783 ὑπεροχαὶ,
888 4712 1006 4771 πῶς
1055 4709 1131 4771 εἰς
1179 4709 1375 4785 ἀγαθὸν
1421 4706 1660 4782 ἀποϐαίη
1711 4717 1788 4785 τῷ
1834 4714 2005 4787 ἅσυμ-

363 4794 530 4871 φώνῳ
556 4797 620 4851 τὸ
650 4794 1028 4867 ἀληθευτικὸν,
1057 4800 1192 4853 κατά
1218 4819 1279 4876 γε
1309 4797 1377 4867 δή
1407 4799 1712 4878 τούμφανὲς

2125 3029 2420 3085 medicum
2451 3028 2607 3083 enim
2627 3043 2858 3083 sacrum
2889 3025 3074 3082 oratio
3104 3024 3398 3098 dirigitur,
3449 3027 3506 3080 et
3561 3040 3769 3081 omnes

2125 3115 2291 3183 alios,
2325 3115 2426 3188 qui
2452 3115 2660 3172 iisdem
2701 3131 2768 3170 ac
2819 3112 2917 3169 ille
2971 3111 3298 3184 disciplinis
3353 3112 3578 3185 praediti
3607 3117 3767 3168 sunt.

2124 3204 2254 3277 Ipse
2283 3221 2418 3261 cum
2449 3203 2637 3260 doctis
2684 3202 2878 3276 palam
2925 3201 3221 3273 libereque
3278 3217 3579 3258 sermones
3630 3218 3767 3258 con-

2123 3293 2280 3348 tero:
2316 3291 2632 3363 nullusque
2662 3307 2756 3347 me
2785 3307 2959 3346 sensa
2989 3289 3343 3361 aperientem
3375 3289 3552 3345 timor
3603 3289 3767 3346 inva-

2122 3382 2242 3437 dit:
2281 3379 2862 3452 namqueinfallibile
2885 3378 3177 3450 judicium
3233 3378 3390 3434 dicta
3445 3376 3534 3434 vel
3591 3379 3770 3434 corri-

2121 3475 2235 3544 get,
2267 3470 2357 3526 vel
2388 3468 2810 3541 comprobabit.
2843 3469 2986 3524 Cum
3017 3473 3156 3524 ivero
3214 3466 3426 3524 sciolos
3484 3465 3768 3539 alloquor,

2121 3559 2373 3631 reprimo
2403 3574 2519 3624 me,
2539 3562 2596 3613 et
2626 3555 3002 3628 potissimum
3035 3571 3169 3611 cum
3201 3555 3274 3610 de
3316 3555 3431 3611 Deo
3460 3555 3636 3611 verba
3692 3557 3770 3611 fa-

2120 3649 2246 3715 cio;
2293 3664 2486 3703 vereor
2543 3646 2780 3713 etenim,
2842 3661 2913 3699 ne
2970 3645 3112 3699 dum
3152 3643 3266 3716 ipsi
3322 3660 3446 3699 rem
3505 3643 3766 3715 capiunt,

2120 3737 2250 3793 falsi
2281 3736 2425 3791 mihi
2457 3735 2849 3807 suspicionem
2879 3733 3388 3806 appingant.Quod
3420 3731 3470 3788 si
3497 3731 3768 3805 imperito

2119 3825 2509 3882 contentionis
2541 3824 2803 3880 studium
2836 3823 3079 3888 accedit,
3108 3826 3237 3876 tum
3270 3820 3428 3894 loqui
3487 3822 3765 3894 detrecto,

2119 3921 2175 3971 et
2231 3917 2301 3970 de
2357 3913 2591 3970 circulis
2668 3913 2983 3969 subducor.
3037 3911 3545 3977 Quemadmodum
3609 3913 3765 3967 enim

2122 4003 2280 4060 nullo
2309 4005 2480 4059 modo
2510 4002 2741 4058 admitti
2772 4002 2964 4066 debet,
2998 4000 3096 4072 qui
3138 4000 3414 4055 audacter
3459 4003 3516 4054 et
3571 3999 3768 4056 incon-

2118 4094 2370 4149 siderate
2399 4093 2470 4148 de
2501 4091 2675 4146 rebus
2704 4089 2916 4145 divinis
2948 4089 3208 4160 loquitur
3244 4088 3507 4160 (necesse
3551 4087 3766 4160 quippe

2117 4186 2227 4249 est,
2277 4179 2655 4252 Theologiam
2704 4178 2916 4234 timore
2963 4176 3158 4248 dirigi,
3219 4193 3289 4232 ne
3347 4175 3407 4231 in
3473 4175 3765 4232 excidium

2119 4269 2447 4342 praecipites
2486 4266 2802 4340 agat),pari
2826 4264 3176 4336 ratione,qui
3206 4263 3567 4320 contentiosa
3595 4280 3766 4320 aures

2118 4358 2369 4425 exhibet,
2401 4362 2458 4413 et
2486 4357 2675 4413 modis
2705 4354 2980 4411 omnibus
3008 4353 3526 4410 contradictionem
3557 4351 3762 4420 ambit,

2119 4447 2441 4520 ejiciendus
2470 4451 2578 4512 est,
2611 4449 2667 4500 et
2687 4443 3099 4500 exsecrandus.
3129 4441 3431 4497 Contentio
3470 4440 3765 4512 siquidem

2117 4536 2288 4592 malis
2353 4536 2618 4609 gaudens
2676 4533 3002 4599 confundit,
3064 4530 3379 4601 turbatque
3433 4527 3760 4584 veritatem.

2118 4627 2279 4692 Quod
2306 4625 2356 4680 si
2385 4629 2442 4680 et
2471 4639 2771 4678 sermones
2801 4621 3064 4693 pierique
3094 4619 3153 4673 in
3209 4618 3364 4674 idem
3418 4634 3537 4674 una
3583 4616 3762 4674 simul

2117 4717 2488 4784 concurrant,
2505 4711 2800 4784 quomodo
2821 4726 2936 4765 non
2961 4708 3315 4764 videbuntur
3333 4705 3538 4762 multis
3561 4706 3760 4776 unius,

2117 4804 2217 4876 qui
2248 4804 2308 4858 in
2340 4801 2584 4857 alteram
2615 4803 2839 4872 partem
2870 4796 3132 4866 inclinat,
3181 4795 3435 4868 potiores
3499 4794 3675 4852 esse?
3696 4795 3764 4852 Et

360 4883 410 4939 si
472 4901 673 4941 eorum
704 4886 944 4954 fuerint,
1010 4889 1109 4960 qui
1169 4889 1228 4944 in
1279 4889 1669 4962 dignitatibus
1728 4895 1886 4963 sunt,
1918 4908 2036 4963 qua
2081 4893 2305 4948 ratione
2358 4891 2571 4946 veritas
2632 4889 2760 4961 ipsa
2815 4887 2874 4941 in
2919 4886 3140 4941 bonum
3170 4883 3276 4951 illi,
3339 4883 3440 4956 qui
3469 4883 3763 4940 contraria

356 4973 556 5042 sentit,
584 4974 644 5030 in
675 4984 987 5049 conspectu
1007 4975 1256 5034 aliorum
1285 4983 1544 5035 vertetur
1560 4981 1588 5035 ?

431 5060 500 5136 β’.
559 5060 744 5125 Οὕτως
795 5063 847 5118 ἐν
876 5063 1117 5151 ⁸τούτοις
1176 5064 1342 5143 ἔχων,
1403 5065 1547 5123 οὕτω
1603 5067 1830 5145 πάσχων
1888 5067 2000 5124 ἐπεὶ

354 5150 491 5226 πρὸς
549 5151 752 5230 σοφοὺς
806 5150 898 5207 νῦν
954 5155 982 5208 6
1044 5153 1232 5228 λόγος,
1285 5155 1373 5210 καὶ
1433 5157 1647 5232 εἶρήνην
1711 5162 2002 5227 ζητοῦντας

352 5239 453 5307 τήν
509 5238 561 5294 ἐν
615 5246 832 5314 Χριστῷ
886 5241 974 5297 καὶ
1052 5241 1344 5307 διώκοντας
1375 5291 1389 5317 ,
1447 5246 2004 5324 πεπαρῥησιασμὲνως

357 5325 461 5403 ἐρῶ
505 5328 629 5405 περί
677 5334 775 5384 τοῦ
830 5333 1191 5406 προκειμένου
1249 5335 1580 5407 ζητήματος·
1626 5335 1690 5390 τὸ
1740 5333 1796 5390 δὲ
1839 5336 2000 5410 ἐστιν,

356 5415 401 5471 εἰ
429 5413 498 5472 δι’
546 5419 678 5473 Υἱοῦ
729 5419 794 5474 τὸ
845 5420 999 5494 ἅγιον
1049 5419 1392 5494 ἐκπορεύεται
1440 5428 1660 5496 Πνεῦμα
1703 5425 1848 5500 παρά
1894 5431 2002 5480 Πα-

354 5504 503 5581 τρὸς,
537 5507 571 5575 ἢ
609 5508 721 5580 μὴν
749 5506 811 5562 ἐκ
853 5508 1064 5583 Πατρὸς
1113 5515 1421 5586 προσεχῶς,
1472 5509 1598 5567 ἀλλ’
1641 5512 1702 5566 οὐ
1753 5511 1822 5567 δι’
1853 5515 2000 5568 Υἱοῦ.

357 5595 453 5649 Καὶ
485 5593 566 5650 6'1:
604 5597 700 5669 μὲν
731 5595 795 5651 τὸ
825 5601 1043 5673 πρῶτον
1090 5596 1294 5653 πολλοὶ
1335 5604 1442 5654 τῶν
1478 5601 1635 5676 ἱερῶν
1665 5598 2002 5658 διδασκάλων

355 5681 677 5758 παρέδοσαν,
739 5682 916 5746 οὐδεὶς
973 5683 1031 5741 δὲ
1088 5686 1150 5741 τὸ
1209 5684 1478 5765 δεύτερον,
1539 5690 1690 5764 οἶμαι
1735 5688 1800 5758 δὴ
1834 5690 2006 5746 πάντα

357 5775 716 5850 μαρτυρήσειν
783 5769 951 5852 ἄνδρα
1006 5776 1381 5854 θειογραφικὸν
1453 5776 1704 5850 εὐθύτητι
1763 5776 2006 5835 διοικού-

2180 5074 2234 5126 2.
2266 5070 2411 5125 Cum
2441 5069 2523 5124 ita
2547 5083 2638 5122 me
2668 5066 2936 5133 habeam,
2968 5068 3024 5119 et
3051 5063 3134 5119 ita
3186 5062 3426 5132 efﬁciar,
3455 5066 3514 5118 et
3554 5061 3627 5118 ad
3659 5077 3768 5134 pe-

2112 5158 2253 5214 ritos
2283 5157 2465 5214 oratio
2492 5157 2588 5225 sit,
2620 5170 2855 5226 eosque,
2891 5152 2989 5224 qui
3023 5167 3227 5224 pacem
3257 5151 3318 5206 in
3348 5149 3577 5206 Christo
3607 5165 3765 5221 qua-

2111 5252 2270 5315 runt,
2303 5251 2359 5302 et
2386 5251 2720 5319 procurant,
2752 5243 2931 5298 libere
2989 5244 3328 5313 aperteque,
3357 5240 3429 5295 de
3470 5237 3766 5312 proposita

2114 5337 2432 5410 quaestione
2488 5333 2830 5399 edisseram,
2888 5347 3015 5402 qua
3072 5329 3218 5385 erit:
3279 5345 3353 5385 au
3412 5345 3514 5402 per
3551 5327 3764 5385 Filium

2112 5426 2366 5499 Spiritus
2397 5428 2637 5481 sanctus
2668 5440 2702 5478 a
2741 5422 2908 5476 Patre
2939 5419 3218 5492 procedit,
3269 5435 3343 5474 an
3400 5433 3534 5474 vero
3566 5432 3634 5473 ex
3656 5421 3765 5473 Pa-

2112 5520 2201 5570 tre
2233 5514 2455 5586 absque
2485 5512 2698 5580 medio,
2733 5514 2789 5566 et
2821 5525 2932 5564 non
2967 5524 3070 5579 per
3097 5507 3330 5563 Filium.
3380 5506 3450 5562 Et
3504 5505 3762 5578 primum

2113 5603 2347 5675 quidem
2374 5621 2407 5659 a
2435 5601 2639 5657 multis
2661 5599 2880 5656 sanctis
2903 5597 3238 5652 doctoribus
3255 5595 3535 5652 traditum
3557 5593 3762 5661 fuisse,

2114 5692 2437 5748 secundum
2472 5709 2504 5746 a
2530 5689 2781 5757 nemine,
2817 5685 3086 5743 existimo
3117 5702 3320 5742 omnes
3351 5683 3640 5754 homines,
3658 5682 3761 5755 qui

2114 5783 2174 5838 in
2207 5781 2390 5839 sacris
2429 5779 2640 5837 litteris
2671 5775 2904 5836 exerciti
2933 5779 3094 5846 sunt,
3125 5778 3182 5830 et
3201 5773 3473 5846 aequitate
3502 5771 3763 5844 dirigun-
