4110 6474
297 411 414 477 535
1542 409 1968 477 NICEPHORI
2009 408 2449 476 BLEMMIDE
2752 464 2757 469 .
3574 416 3700 481 536

299 551 418 615 tur,
452 563 558 604 suo
586 544 924 604 testimonio
953 546 1456 619 comprobaturos.
1508 547 1575 601 Et
1631 563 1737 601 nos
1794 545 1937 600 item
1967 603 1972 611 ,

2086 564 2235 598 .ενον.
2267 542 2385 619 Οὐχ
2411 546 2571 613 ἧττον
2606 541 2663 599 δὲ
2691 543 2781 599 καὶ
2829 546 2992 618 ἡμεῖς
3038 544 3091 601 ἐν
3118 544 3293 621 τρισὶν
3343 547 3693 613 Ἐπιστολαῖς

301 654 417 693 non
450 637 646 692 minus
676 635 827 692 hanc
849 652 970 692 rem
1000 635 1192 691 tribus
1221 635 1503 708 epistolis,
1547 636 1673 708 jam
1706 652 1941 707 percen-

303 742 534 781 8111111118

374 832 426 886 3.
452 832 613 894 Quod
643 848 778 887 vero
811 832 868 886 in
897 830 1228 904 Evangeliis
1260 830 1430 904 plane
1459 849 1567 886 vox
1595 831 1696 886 illa
1727 831 1948 885 inserta

304 937 419 976 non
450 926 562 987 est,
606 921 759 992 quod
820 920 1081 992 plerique
1138 921 1209 975 ad
1267 919 1805 986 contradicendum,
1853 936 1947 974 ar-

304 1008 545 1081 ripiunt,
579 1009 838 1083 dogmati
868 1009 1251 1064 nihilominus
1276 1027 1388 1064 non
1418 1011 1645 1064 oﬂicere
1676 1009 1953 1081 probatur

307 1114 509 1154 eorum
541 1099 655 1154 ﬁde
685 1099 860 1171 digno
891 1099 1248 1168 testimonio,
1299 1098 1400 1169 qui
1448 1115 1541 1153 res
1598 1098 1952 1168 theologicas

309 1190 774 1260 pertractarunt;
834 1189 1069 1259 quando
1149 1204 1252 1242 nec
1308 1187 1366 1241 in
1421 1192 1619 1241 nostra
1671 1192 1956 1258 potestate

311 1280 461 1332 esset
488 1276 851 1332 Deiferorum
903 1281 1113 1331 Patum
1166 1276 1337 1331 dictis
1395 1292 1511 1331 non
1570 1277 1821 1345 credere,
1854 1276 1957 1331 sed

311 1381 513 1421 eorum
545 1365 947 1420 auctoritatem
996 1364 1136 1419 dicti
1193 1365 1748 1420 demonstrationem
1807 1380 1955 1435 esse,

313 1453 590 1511 facultate
621 1454 779 1511 omni
810 1453 997 1526 logica
1024 1458 1082 1508 et
1109 1454 1558 1509 contradictoria
1597 1453 1958 1520 validiorem,

321 1545 413 1601 cui
446 1562 480 1600 a
508 1543 803 1615 theologia
830 1559 1042 1598 nomen
1074 1547 1181 1611 est,
1232 1543 1293 1597 in
1336 1542 1634 1598 invectivis
1683 1544 1961 1598 adversus

318 1634 625 1690 Julianum
654 1632 945 1687 decernat.
976 1630 1083 1697 Qui
1113 1631 1269 1686 enim
1309 1631 1683 1703 evangelistis
1712 1631 1960 1703 inspira-

319 1723 423 1791 vit,
456 1722 553 1778 ille
582 1722 739 1777 idem
769 1725 824 1776 et
854 1719 985 1776 aliis
1016 1720 1391 1793 diviniloquis
1418 1722 1595 1776 verba
1622 1720 1877 1791 dictavit,
1910 1728 1965 1776 et

319 1812 423 1869 Dei
457 1828 627 1868 voces
681 1814 822 1867 sunt
875 1813 1215 1866 sanctorum
1271 1809 1536 1865 omnium
1593 1813 1964 1866 sacrosancta

320 1904 724 1957 monumenta.

390 2008 444 2064 4.
471 2008 542 2063 Et
567 2006 757 2063 dicere
786 2005 989 2061 eadem
1020 2004 1093 2060 ab
1134 2004 1250 2060 illis
1306 2004 1406 2076 qui
1461 2004 1703 2077 Spiritui
1761 2006 1965 2060 adver-

319 2100 550 2163 santur,
576 2098 850 2166 corrupta
878 2094 1080 2160 fuisse,
1138 2093 1385 2149 stultum
1443 2098 1533 2150 est
1593 2110 1659 2151 ac
1715 2094 1964 2150 fatuum.

320 2201 455 2243 cum
483 2184 631 2241 nihil
652 2185 711 2239 id
741 2183 980 2240 omnino
1012 2183 1085 2239 ad
1134 2182 1402 2239 haeresim
1435 2183 1713 2249 conferat,
1746 2199 1848 2255 per
1875 2183 1935 2237 Fi
1955 2215 1969 2228 -

317 2276 467 2332 lium
487 2274 772 2347 Spiritum
804 2277 1071 2329 sanctum
1110 2271 1274 2328 fateri
1330 2289 1364 2328 a
1419 2276 1593 2341 Patre
1637 2273 1967 2343 procedere,

322 2365 426 2421 sed
456 2365 692 2437 penitus
736 2377 865 2418 eam
917 2361 1105 2433 rejicit
1157 2378 1223 2417 ac
1284 2361 1514 2417 refellit.
1578 2365 1697 2417 Hac
1754 2362 1970 2418 etenim

325 2452 580 2525 Spiritus
610 2454 874 2506 creatura
930 2449 1108 2522 impie
1161 2450 1479 2506 admodum
1537 2452 1840 2518 asseritur,
1872 2449 1971 2507 illo

326 2559 396 2599 ex
424 2541 556 2612 ipsa
583 2539 712 2595 Filli
741 2538 997 2594 essentia
1026 2539 1394 2611 pradicatur,
1428 2543 1485 2594 et
1513 2540 1777 2610 ejusdem
1834 2557 1971 2595 cum

325 2631 497 2688 Patre
522 2633 581 2685 et
613 2628 757 2684 Filio
787 2627 1074 2684 essentiae.
1107 2628 1177 2682 Et
1219 2644 1538 2699 quamnam
1597 2629 1969 2701 probabilita-

326 2723 445 2776 tem
476 2717 766 2787 habuerit,
807 2715 997 2772 simile
1038 2715 1265 2771 facinus
1320 2716 1381 2773 in
1436 2718 1739 2774 universos
1794 2718 1974 2775 totius

328 2807 487 2865 orbis
544 2823 740 2862 sacros
786 2805 969 2861 libros
1029 2809 1327 2861 tantorum
1410 2811 1746 2863 sanctorum
1795 2806 1975 2863 simul

329 2896 683 2969 desaeviisse,
752 2898 809 2951 et
883 2894 1273 2967 corruptelam
1359 2895 1500 2951 adeo
1586 2895 1974 2952 universalem

327 2986 529 3043 fuisse.
563 2983 911 3057 nullumque
936 2987 1073 3039 ante
1119 3000 1225 3040 nos
1270 2987 1495 3041 tantam
1552 3001 1762 3040 noxam
1819 2985 1976 3041 indi-

327 3074 537 3132 casse?
566 3074 693 3132 Non
723 3073 835 3128 fuit
863 3088 1150 3145 unquam,
1186 3089 1303 3128 non
1323 3076 1446 3129 est:
1482 3073 1696 3130 mentis
1727 3072 1974 3143 miseras,

327 3180 394 3222 ac
419 3163 670 3223 infelicis
699 3166 1100 3218 commentum
1130 3160 1190 3217 id
1219 3164 1327 3217 est.

400 3344 455 3400 3.
488 3342 752 3406 Quanam
809 3340 954 3396 item
1010 3338 1234 3396 ratione
1301 3339 1637 3412 quicunque
1693 3341 1973 3397 adversus

330 3431 565 3487 Latinos
597 3433 729 3502 post
758 3427 1070 3485 dissidium
1100 3432 1157 3483 et
1175 3427 1456 3493 schisma,
1487 3445 1613 3501 quae
1645 3430 1704 3485 in
1735 3429 1977 3486 dissidio

335 3524 520 3591 erant,
551 3518 1048 3591 conscripserunt,
1079 3534 1149 3573 ex
1178 3517 1321 3573 Filio
1366 3518 1648 3590 Spiritum
1705 3523 1979 3575 sanctum

335 3627 461 3667 esse
492 3607 900 3675 essentialiter,
934 3623 1038 3679 pro
1065 3607 1289 3663 viribus
1333 3607 1622 3663 adversati
1670 3612 1846 3677 sunt;
1880 3625 1983 3680 per

335 3698 544 3754 Filium
573 3712 706 3753 vero
736 3713 769 3752 a
792 3696 961 3751 Patre
991 3711 1383 3768 nequaquam,
1411 3694 1530 3752 imo
1570 3697 1765 3769 potius
1830 3697 1983 3753 inter

336 3803 437 3844 eos
466 3785 790 3857 peritiores,
821 3784 998 3840 veluti
1030 3784 1259 3856 patroni
1295 3784 1454 3841 illius
1492 3803 1730 3842 causam
1787 3802 1984 3842 susce-

335 3877 570 3948 perunt.
595 3874 733 3929 inde
760 3877 1107 3946 argumenta
1150 3878 1419 3930 sumente
1469 3875 1540 3929 ad
1599 3874 1980 3932 refellendum

336 3968 395 4020 et
414 3962 598 4019 illud:
627 3954 712 4018 Ea:
738 3963 908 4018 Filio.
939 3963 1122 4034 quue
1169 3963 1250 4018 ita
1306 3979 1369 4019 se
1421 3962 1637 4019 habere
1683 3981 1753 4020 ex
1808 3965 1977 4022 libro.

334 4054 431 4111 cui
461 4054 692 4109 Sacrum
719 4053 1229 4108 Armamentarium
1259 4068 1472 4109 nomen
1503 4057 1613 4122 est,
1672 4055 1977 4111 discimus.

333 4142 574 4199 Librum
623 4158 792 4215 porro
834 4146 975 4197 tunc
1030 4142 1311 4214 temporis
1364 4144 1667 4199 doctorum
1725 4145 1982 4202 virorum

334 4230 644 4304 praecipuis
674 4231 736 4287 in
780 4230 1154 4286 veneratione
1209 4230 1412 4300 fuisse,
1470 4236 1672 4304 postea
1727 4234 1800 4289 ab
1851 4233 1983 4291 aliis

336 4335 550 4392 magno
580 4319 774 4375 studio
804 4319 1225 4391 conquisitum,
1274 4324 1476 4376 nostra
1503 4319 1612 4376 hac
1664 4325 1829 4378 aetate
1858 4339 1982 4379 ma-

335 4409 493 4465 xime
538 4409 919 4477 celebratum,
977 4412 1153 4481 atque
1206 4409 1266 4464 in
1323 4409 1541 4465 honore
1599 4409 1887 4483 habitum,
1928 4418 1986 4469 et

339 4497 634 4555 neminem
666 4514 952 4570 unquam,
999 4498 1175 4554 etiam
1233 4514 1456 4567 eorum,
1489 4498 1592 4571 qui
1628 4500 1849 4570 pudore
1879 4500 1982 4555 de-

339 4587 530 4659 posito
558 4587 755 4643 omnia
784 4586 1170 4643 inverecunde
1198 4591 1447 4655 tentant,
1492 4589 1802 4644 adversum
1849 4605 1983 4645 eum

342 4676 608 4749 linguam
649 4691 881 4732 movere
936 4693 1148 4732 ausum
1179 4693 1328 4745 esse,
1377 4693 1512 4733 cum
1569 4681 1627 4735 et
1678 4678 1972 4733 violentius

2098 4668 2429 4745 διαπρυσίως
2478 4669 2545 4722 τὰ
2590 4667 2906 4743 πράγματα.
2953 4672 3038 4726 Ἐν
3083 4657 3249 4749 ταύτῃ
3306 4678 3571 4750 Ῥωμαῖοι
3626 4657 3753 4735 διαλ⁴

340 4763 589 4837 Spiritus
619 4763 977 4836 processioni
1007 4780 1076 4820 ex
1099 4764 1243 4821 Filio
1294 4766 1650 4834 adversetur,
1702 4783 1793 4822 res
1850 4767 1988 4838 ipsa;

342 4852 485 4909 satis
513 4852 837 4910 luculenter
864 4852 1141 4910 clamant.
1176 4856 1239 4910 In
1272 4870 1338 4910 eo
1366 4854 1576 4922 Latini,
1598 4854 1684 4910 uti
1714 4855 1774 4910 in
1804 4854 1987 4911 dialo-

340 4941 432 5012 gis
461 4941 585 4996 ﬁeri
617 4945 795 5009 amat,
828 4941 1303 4998 introducuntur.
1338 4943 1759 5015 sapientissimi
1791 4943 1987 5016 Cyrilli

337 5027 561 5085 dictum
620 5029 691 5085 ad
748 5031 1042 5102 propriam
1105 5030 1439 5104 Opinionem
1495 5033 1984 5089 corroborandam

335 5122 761 5191 proponentes;
822 5120 995 5175 verba
1050 5119 1245 5193 Cyrilli
1303 5125 1476 5177 sunt:
1529 5122 1808 5177 Mutabilis
1860 5138 1984 5178 vero

331 5202 567 5263 minime
593 5216 674 5262 est
723 5206 998 5279 Spiritus;
1044 5226 1177 5264 nam
1204 5211 1256 5265 si
1300 5212 1601 5266 mutationi
1628 5215 1764 5266 esset
1818 5212 1983 5267 obno-

333 5288 484 5363 xius,
517 5297 632 5368 ipsi
646 5295 848 5351 divina:
876 5298 1091 5354 natura?
1118 5300 1362 5370 defectus
1408 5299 1789 5366 ascriberetur,
1810 5301 1981 5371 siqui-

326 5381 450 5441 dem
496 5386 611 5441 Dei.
670 5387 721 5440 et
776 5387 982 5456 Patris,
1041 5402 1141 5441 nec
1187 5403 1301 5443 non
1331 5390 1382 5443 et
1408 5389 1543 5442 Filii
1569 5393 1646 5443 est
1675 5390 1770 5459 qui
1798 5405 1977 5443 essen-

327 5466 545 5548 tiqlliter
577 5490 647 5530 ex
703 5477 950 5546 utroque,
1000 5470 1072 5530 ea:
1125 5476 1292 5531 Patre
1339 5478 1553 5532 scilicet
1594 5494 1698 5548 per
1750 5478 1976 5548 Filium,

326 5543 568 5647 Spiirilus
593 5543 849 5634 proﬂuit:
906 5565 1314 5635 Expendamus
1370 5582 1540 5637 porro
1594 5543 1867 5637 quanam
1905 5543 1976 5621 ad

326 5668 427 5724 eos
456 5652 558 5724 qui
609 5652 792 5707 Roma
847 5655 1254 5719 convenerant,
1315 5652 1782 5723 responderunt:
1832 5654 1977 5708 Bea-

328 5712 413 5797 tuzs
442 5712 531 5798 hic
557 5742 726 5798 Pater
773 5741 1017 5814 Cyrillus
1073 5712 1273 5797 multas
1327 5712 1642 5797 nostrarum
1695 5744 1977 5800 rationum

389 5832 400 5856 ἱ

1994 1917 2042 1982 Β

2054 630 2345 708 φθάσαντες
2378 633 2779 707 ὑπεμνήσαμεν.

2126 827 2189 902 γ’.
2245 829 2361 880 Ὅτι
2421 823 2478 881 δὲ
2528 828 2591 881 τὸ
2654 828 2728 901 μὴ
2786 833 2901 891 τοῖς
2957 828 3316 905 Εὐαγγελίοις
3366 836 3546 908 σαφῶς
3599 835 3699 903 τήν

2060 916 2243 992 φωνὴν
2296 914 2629 990 ἐντετάχθαι,
2677 922 2837 971 τοῦτο
2894 916 2959 986 δὴ
2990 919 3053 972 τὸ
3101 919 3396 995 πρόχειρον
3450 921 3526 984 εἲς
3554 922 3703 978 ἀντι-

2061 1002 2248 1079 λογίαν
2294 1004 2550 1072 πολλοῖς,
2604 1003 2720 1059 ούτι
2764 1027 2869 1060 που
2920 1012 3021 1061 τοῦ
3084 1005 3354 1083 δόγματος
3400 1010 3703 1088 ἀφαιρεῖται

2059 1092 2123 1146 τὸ
2180 1090 2595 1168 εὖπαράδεκτον,
2654 1097 2688 1163 ἡ
2747 1100 2849 1149 τῶν
2905 1095 3346 1173 θεολογησάντων
3406 1099 3707 1169 ἀξιοπιστία

2061 1180 2383 1257 παρίστησιν
2417 1225 2436 1251 ,
2490 1182 2602 1237 ἐπεὶ
2667 1181 2794 1255 μηδ’
2867 1184 3055 1254 ἐξεῖναι
3131 1186 3369 1240 ἀπιστεῖν
3424 1194 3542 1250 τοῖς
3602 1188 3706 1244 ὑπὸ

2062 1274 2171 1324 τῶν
2231 1270 2504 1347 θεοφόρων
2564 1269 2773 1347 ἀνδρῶν
2834 1272 3192 1349 είρημένοις,
3253 1273 3379 1330 ἀλλ’
3435 1274 3705 1348 ἀπόδειξιν

2067 1358 2201 1413 εἶναι
2229 1364 2325 1413 τοῦ
2375 1359 2539 1436 λόγου
2583 1360 2643 1414 τὸ
2691 1360 2901 1416 ἐκείνων
2954 1362 3283 1435 ἀξιόπιστον,
3333 1365 3509 1435 πάσης
3555 1363 3709 1420 δυνά-

2072 1469 2216 1520 μεως
2275 1446 2501 1524 λογικῆς
2555 1448 2643 1504 καὶ
2697 1449 3050 1527 ἀντιλογικῆς
3121 1451 3469 1528 ἰσχυρότερον
3530 1454 3558 1507 ὁ
3607 1461 3708 1523 τῆς

2068 1535 2353 1611 θεολογίας
2386 1537 2671 1610 ἐπώνυμος
2719 1537 2769 1593 ἐν
2818 1545 2934 1601 τοῖς
2984 1538 3425 1611 Στηλιτευτικοῖς
3473 1540 3710 1620 ἀποφαί-

2068 1645 2234 1682 νεται.
2270 1626 2327 1677 Ὁ
2381 1626 2484 1701 γὰρ
2541 1633 2656 1688 τοῖς
2716 1626 3121 1702 εὖαγγελισταῖς
3181 1629 3502 1702 ἐμπνεύσας,
3556 1632 3717 1694 αὐτὸς

2074 1712 2276 1776 ἐκεῖνος
2336 1715 2587 1777 καὶτοῖς
2636 1714 2854 1778 λοιποῖς
2912 1717 3201 1793 θεηγόροις
3260 1717 3570 1792 ἐνέπνευσε,
3627 1720 3719 1775 καὶ

2074 1808 2209 1858 Θεοῦ
2238 1804 2411 1881 φωναὶ
2436 1806 2504 1859 τὰ
2534 1808 2640 1859 τῶν
2673 1803 2816 1860 ὅλων
2842 1805 3011 1881 ἁγίων
3046 1807 3170 1882 ἅγια
3197 1808 3612 1883 συγγράμματα.

2144 1997 2186 2054 δ’
2220 2043 2233 2055 .
2287 1997 2357 2053 Τό
2427 1996 2485 2053 δὲ
2538 1998 2716 2075 λέγειν
2786 1998 2919 2055 αὐτὰ
2991 2003 3325 2058 νενοθεῦσθαι
3399 2004 3545 2081 παρὰ
3615 2009 3724 2061 τῶν

2077 2089 2581 2165 Πνευματομάχων,
2632 2087 2870 2161 ἠλίθιον,
2930 2088 3048 2144 ἐπεὶ
3095 2092 3210 2146 κατ’
3263 2089 3415 2148 οὐδὲν
3466 2091 3613 2159 ὅλως
3656 2098 3725 2169 τῇ

2078 2179 2278 2255 αἱρέσει
2327 2173 2699 2251 συμϐάλλεται
2746 2178 2810 2233 τὸ
2858 2175 2927 2232 δι’
2954 2180 3082 2233 Υἱοῦ
3128 2181 3191 2235 τὸ
3220 2185 3441 2256 Πνεῦμα
3476 2185 3540 2238 τὸ
3571 2182 3722 2259 ἅγιον

2079 2266 2473 2343 ὁμολογεῖσθαι
2517 2264 2826 2342 προοδικῶς
2878 2267 3013 2323 εἶναι
3062 2270 3208 2346 παρὰ
3258 2273 3493 2345 Πατρὸς,
3550 2273 3597 2328 εἰ
3648 2275 3722 2347 μή

2077 2356 2388 2411 τοὺναντίον
2448 2358 2608 2425 ἅπαν,
2655 2357 2744 2411 καὶ
2801 2352 3131 2413 καταϐάλλει
3182 2360 3405 2434 ταύτην,
3451 2360 3543 2417 καὶ
3587 2363 3730 2418 ἀναι-

2081 2451 2182 2523 ρεῖ.
2233 2450 2309 2520 Τῇ
2361 2448 2455 2519 μὲν
2509 2448 2611 2521 γὰρ
2664 2446 2867 2519 κτίσμα
2917 2445 3318 2525 βλασφημεῖται
3366 2451 3430 2505 τὸ
3486 2456 3727 2527 Πνεῦμα,

2078 2540 2158 2607 τῷ
2189 2532 2235 2589 δ’
2266 2534 2326 2590 ἐκ
2350 2538 2451 2604 τῆς
2499 2533 2681 2597 οὐσίας
2730 2534 2897 2605 αὐτῆς
2946 2536 3266 2612 κηρύττεται
3315 2543 3411 2594 τοῦ
3461 2542 3610 2615 Υίοῦ,
3640 2542 3729 2596 καὶ

2081 2625 2373 2697 ὁμοούσιον
2407 2625 2577 2701 Πατρὶ
2607 2624 2695 2679 καὶ
2742 2625 2871 2696 Τὶᾦ.
2902 2625 3028 2680 Τίνα
3077 2623 3123 2680 δ’
3156 2625 3215 2681 ἃν
3267 2626 3388 2703 ἔχοι
3435 2630 3525 2683 καὶ
3567 2628 3730 2706 λὸγον

2079 2713 2143 2768 τὸ
2190 2714 2288 2782 τήν
2348 2712 2604 2783 τοιαύτην
2661 2713 2987 2789 κακουργίαν
3060 2736 3180 2778 ταις
3254 2718 3563 2793 ἁπανταχοῦ
3627 2727 3732 2789 τῆς

2083 2801 2408 2875 οἰκουμένης
2480 2802 2650 2876 ἱεραῖς
2706 2801 2965 2877 ἐνσκῆψαι
3023 2799 3240 2879 βίϐλοις
3297 2804 3403 2861 τῶν
3460 2806 3733 2861 τοσούτων

2084 2890 2251 2964 ἁγίων
2313 2890 2454 2961 ὁμοῦ
2486 2935 2500 2961 ,
2559 2890 2649 2944 καὶ
2704 2890 2803 2959 τὴν
2879 2893 3226 2969 παραφθορὰν
3291 2893 3432 2950 οὕτω
3487 2893 3730 2969 γενέσθαι

2083 2977 2421 3055 παγκόσμιον
2474 2984 2594 3040 τοῖς
2659 2982 2766 3033 τῶν
2828 2980 3079 3055 μεγάλων
3143 2985 3393 3060 Πατέρων
3453 2982 3728 3060 συγγράμ-

2089 3089 2240 3142 μασι,
2275 3067 2363 3122 καὶ
2398 3064 2606 3140 μηδένα
2647 3072 2754 3122 τῶν
2798 3067 2904 3145 πρὸ
2952 3072 3112 3143 ἡμῶν
3161 3072 3259 3140 τήν
3309 3071 3489 3146 λύμην
3544 3072 3734 3143 ἐπιση-

2089 3158 2354 3230 μήνασθαι
2389 3175 2403 3226 ;
2437 3155 2549 3210 Οὐκ
2603 3154 2715 3211 ἔστι
2766 3161 2950 3231 τοῦτο,
3010 3158 3110 3214 οὐκ
3163 3156 3276 3216 ἔστι
3310 3179 3322 3192 ·
3382 3158 3617 3225 διανοίας
3673 3162 3737 3219 τὸ

2083 3251 2329 3301 τοιοῦτον
2364 3243 2692 3319 ἀνάπλασμα
2720 3244 3141 3320 κακοδαίμονος.

2157 3337 2215 3391 ε’.
2276 3338 2401 3397 Πῶς
2461 3331 2520 3389 δὲ
2575 3334 2664 3388 καὶ
2720 3333 2837 3390 ὅσοι
2896 3337 3032 3391 κατὰ
3085 3337 3366 3412 Ῥωμαίων
3435 3342 3737 3419 γεγράφασι

2084 3426 2151 3479 τὰ
2202 3429 2304 3493 τῆς
2363 3420 2542 3499 ἔριδος
2600 3424 2733 3497 μετὰ
2784 3425 2847 3478 τὸ
2895 3424 3103 3500 σχίσμα
3150 3427 3241 3482 καὶ
3286 3430 3384 3498 τήν
3438 3426 3734 3503 διάστασιν,

2086 3513 2222 3588 πρὸς
2259 3512 2351 3585 μὲν
2385 3512 2470 3584 τὸ,
2530 3511 2589 3566 ἐκ
2625 3511 2720 3566 τοὺ
2774 3514 2903 3568 Υῖοῦ
2956 3515 3019 3569 τὸ
3078 3521 3297 3591 Πνεῦμα
3354 3517 3489 3574 εἶναι
3536 3518 3734 3575 οὐσιω-

2089 3597 2218 3670 δῶς,
2277 3601 2351 3661 ὡς
2409 3601 2584 3676 εἶχον,
2642 3600 2987 3675 ἀντέστησαν,
3045 3606 3182 3679 πρὸς
3242 3602 3301 3661 δὲ
3347 3606 3433 3680 τὸ,
3491 3604 3561 3662 δι’
3609 3608 3736 3663 Υἱοῦ

2086 3690 2234 3763 παρὰ
2273 3693 2371 3744 τοῦ
2402 3690 2633 3763 Πατρὸς,
2681 3687 2961 3764 οὐδαμῶς,
3012 3690 3224 3765 μᾶλλον
3272 3695 3365 3768 μὲν
3416 3694 3507 3751 οὖν
3557 3697 3609 3752 οἱ
3639 3694 3736 3753 λο-

2088 3780 2344 3854 γιώτεροι
2380 3822 2393 3848 ,
2451 3778 2541 3832 καὶ
2614 3784 3038 3854 συνηγοροῦντες
3110 3782 3256 3855 αὐτῷ
3320 3784 3688 3864 κατεφάνησαν
3719 3828 3735 3843 .

2089 3867 2376 3922 Κάντεῦθεν
2456 3866 2858 3943 ἐπιχειροῦντες
2931 3869 3306 3941 ἆνασκευάζειν
3379 3876 3461 3946 τὸ,
3527 3875 3588 3931 ἐκ
3640 3879 3739 3931 τοῦ

2089 3957 2239 4013 Υἱοῦ.
2290 3956 2387 4011 Καὶ
2428 3955 2510 4011 ὅτι
2557 3958 2701 4011 τοῦθ⁹
2757 3956 2929 4020 οὕτως
2983 3955 3110 4035 ἔχον
3163 3959 3327 4033 ἐστὶν,
3374 3962 3435 4019 ἐκ
3459 3967 3560 4035 τῆς
3592 3965 3738 4041 ἱερᾶς

2088 4044 2437 4117 Ὀπλοθήκης
2498 4045 2856 4119 μανθάνομεν.
2900 4049 3086 4111 Ὅπως
3143 4046 3201 4104 δὲ
3256 4054 3291 4121 ἠ
3351 4048 3543 4128 βίϐλος
3598 4053 3741 4112 αὶδὲ-

2091 4156 2252 4209 σιμος
2280 4134 2348 4204 ἧν
2385 4139 2503 4197 τοῖς
2549 4134 2673 4189 τότε
2714 4138 2819 4189 τῶν
2870 4133 3076 4211 λογίων
3127 4137 3335 4214 ἀνδρῶν
3389 4142 3603 4219 λογάσι,
3647 4144 3739 4200 καὶ

2090 4221 2555 4300 περισπούδαστος
2604 4222 2872 4278 είσὲπειτά
2915 4246 2975 4280 τε
3020 4227 3109 4280 καὶ
3155 4224 3261 4291 ἕως
3308 4232 3468 4304 ἡμῶν
3516 4232 3742 4309 περίπυ-

2092 4334 2214 4376 στος
2272 4313 2360 4368 καὶ
2418 4311 2685 4389 ἐξαίρετος
2720 4356 2734 4382 ,
2786 4315 2875 4368 καὶ
2934 4312 3109 4378 οὐδείς
3163 4339 3295 4374 ποτε
3344 4322 3461 4376 κατ’
3519 4321 3689 4392 αὐτῆς
3721 4368 3738 4395 ,

2092 4400 2216 4458 οὐδὲ
2260 4406 2367 4457 τῶν
2426 4401 2596 4475 πάντῃ
2665 4400 3139 4477 ἀπῃναιδευμένων
3208 4415 3421 4478 κινῆσαι
3490 4409 3739 4486 γλῶσσαν

2092 4492 2238 4554 ὅλως
2309 4489 2645 4563 τετόλμηκεν
2680 4534 2694 4560 ,
2756 4489 2871 4546 ἐπεὶ
2945 4493 3034 4547 καὶ
3113 4492 3414 4574 βιαιότερον
3467 4497 3735 4555 ἐνίσταται

2092 4582 2225 4657 πρὸς
2265 4581 2364 4649 τὴν
2417 4579 2592 4644 υἱόθεν
2644 4584 2740 4633 τοῦ
2789 4580 3100 4655 Πνεύματος
3154 4584 3411 4662 πρόοδον,
3459 4586 3595 4644 αὐτὸ.
3637 4589 3741 4665 βοᾷ

2099 4758 2348 4835 λογικοῖς
2410 4756 2603 4831 νόμοις
2675 4757 2977 4835 εἰσάγονται
3047 4760 3202 4837 ῥῆσιν
3263 4770 3360 4820 τοῦ
3424 4767 3740 4846 σοφωτάτου

2095 4846 2370 4924 Κυρίλλου
2418 4844 2787 4923 προτείνοντες
2840 4846 2914 4910 εἷς
2965 4848 3212 4905 σύστασιν
3260 4857 3359 4908 τοῦ
3394 4844 3541 4934 σφῶν
3568 4855 3739 4912 αὐτῶν

2096 4934 2390 5013 δόγματος,
2452 4935 2626 4997 οὕτως
2688 4933 2917 5010 ἔχουσαν
2953 4955 2967 4968 °
3027 4939 3266 5012 Τρεπτὸν
3319 4940 3378 4998 δὲ
3430 4933 3579 5002 οὔτοι
3635 4967 3741 5003 που

2091 5026 2154 5081 τὸ
2212 5031 2434 5098 Πνεῦμα
2510 5023 2646 5079 ἐστίν
2682 5043 2695 5057 ·
2754 5025 2789 5093 ἢ
2865 5023 3013 5101 εἷ’περ
3087 5029 3151 5083 τὸ
3207 5030 3491 5107 τρέπεσθαι
3544 5041 3739 5109 νοσεῖ,

2094 5114 2177 5170 ἐπ’
2229 5115 2396 5184 αὐτὴν
2453 5115 2481 5168 ὁ
2539 5118 2733 5186 μῶμος
2801 5114 2900 5182 τὴν
2972 5114 3114 5171 θείαν
3189 5119 3578 5198 ἀναδραμεῖται
3647 5126 3746 5205 φύ-

2092 5225 2215 5278 σιν,
2275 5202 2426 5280 εἷ’περ
2497 5201 2606 5258 ἐστί
2658 5205 2756 5255 τοῦ
2817 5207 2950 5256 Θεοῦ
3004 5206 3094 5259 καὶ
3152 5210 3404 5286 Πατρὸς,
3463 5215 3553 5269 καὶ
3631 5201 3738 5291 μὴν

2089 5292 2179 5348 καί
2235 5297 2332 5349 τοῦ
2391 5293 2518 5347 Υἱοῦ
2551 5338 2564 5363 ,
2622 5291 2683 5345 τὸ
2762 5289 3042 5356 ούσιωδῶς
3095 5294 3146 5368 ἐξ
3205 5299 3407 5378 ἀμφοῖν
3440 5349 3455 5376 ,
3504 5289 3640 5374 ἤωςή
3682 5305 3743 5363 ἐκ

2090 5382 2298 5459 Πατρὸς
2374 5379 2444 5436 δι’
2516 5382 2645 5435 Υἱοῦ
2700 5381 3106 5457 προερχόμενον
3180 5392 3400 5465 Πνεῦμα
3434 5437 3446 5451 .
3498 5395 3589 5457 Τίς
3644 5394 3737 5453 οὖν

2087 5476 2122 5542 ἡ
2181 5469 2455 5547 ἀπολογία
2510 5470 2645 5547 πρὸς
2696 5467 2823 5531 τοὺς
2875 5468 2936 5525 ἐκ
2994 5473 3213 5548 Ῥώμης
3268 5485 3731 5559 κατανοήσωμενξ.

2086 5563 2142 5616 Ὁ
2204 5559 2466 5635 μακάριος
2553 5559 2709 5619 οὗτος
2792 5558 2971 5635 πατὴρ
3058 5563 3332 5641 Κύριλλος
3416 5574 3512 5635 τὰς
3593 5558 3732 5631 πολ,

2085 5647 2184 5711 λὰς
2266 5654 2373 5741 τῶν
2467 5646 2748 5741 ἡμετὲρ-ιυγ
2830 5644 3009 5741 λόχων
3083 5658 3379 5734 προφάσεις
3453 5683 3735 5741 προαναι-

2085 5743 2191 5813 ρῶν
2277 5737 2541 5813 σύντομον
2632 5733 2785 5798 εὐθὺς
2887 5739 2960 5812 τῇ
3056 5747 3161 5799 τῶν
3209 5733 3215 5734 ⁷
3267 5733 3507 5831 ἀσαφῶν*
3569 5753 3669 5811 συλ
3706 5789 3728 5800 -
