4110 6426
475 432 590 494 537

1366 436 1471 499 DE
1513 435 2048 502 PROCESSIONE
2093 437 2161 502 S.
2203 435 2564 502 SPIRITUS
2605 435 2896 501 ORATIO
2939 434 2992 499 Ῑ.

3750 433 3873 499 538

473 559 657 620 λαϐὣν
716 571 967 644 προφορᾷ
1041 569 1380 644 προσήνεγκε
1454 571 1554 638 τήν
1632 572 1941 648 σαφήνειαν.
2027 569 2118 628 E1-

2227 573 2699 644 tergiversationes
2721 571 3048 644 praecidens,
3089 569 3534 642 compendiosum
3590 569 3744 628 illico
3773 569 3867 626 ob-

472 655 587 708 πὼν
647 656 750 730 γὰρ
799 653 1076 718 οὐσιωδῶς
1132 657 1182 728 ἐξ
1239 657 1442 736 ἀμφοῖν
1510 660 1572 714 τὸ
1643 664 1860 733 Πνεῦμα
1917 659 2114 736 προέρ-

471 754 684 819 χεσθαι,
742 744 824 816 τὸ,
875 743 1043 821 ἤγουν
1096 745 1156 801 ἐκ
1227 749 1437 823 Πατρὸς
1498 745 1567 802 δι’
1623 749 1773 817 T106,
1831 748 2113 821 συντόμως

475 832 736 908 ἐπήγαγε.
792 833 862 887 Τὸ
921 831 980 888 δὲ
1033 831 1122 890 διὰ
1175 838 1275 904 τῆς
1330 837 1587 906 τοιαύτης
1644 839 1932 913 ἐπαγωγῆς
1995 859 2113 891 συν-

472 921 736 996 αγόμενον
816 920 967 978 οὐδὲν
1040 920 1220 999 ἕτερον
1281 925 1314 994 ἢ
1373 926 1435 979 τὸ
1491 925 1550 980 ἐκ
1617 925 1784 999 μόνου
1853 931 1949 981 τοῦ
2006 932 2114 980 Πα-

471 1011 597 1086 τρὸς
655 1011 718 1065 τὸ
776 1016 994 1085 Πνεῦμα
1051 1015 1430 1090 προέρχεσθαι,
1475 1015 1537 1069 ού
1598 1015 1703 1087 μὴν
1762 1015 1851 1069 καὶ
1913 1014 1970 1070 ἐκ
2018 1021 2115 1070 τοῦ

473 1100 618 1158 T106.
679 1100 741 1155 Εἰ
799 1101 901 1177 γὰρ
959 1108 1051 1156 καῖ
1103 1105 1250 1158 τοῦτ’
1304 1105 1389 1176 ἦν,
1434 1103 1532 1158 οὐκ
1587 1103 1645 1158 ἂν
1702 1111 1801 1174 τῆς
1857 1104 2114 1175 τοιαύτης

469 1192 548 1260 τῷ
605 1188 746 1263 ἁγίῳ
799 1193 1119 1265 προσθήκης
1175 1190 1409 1263 ἐδέησεν.
1471 1194 1534 1246 01
1592 1193 1651 1247 ἐκ
1705 1194 1924 1266 Ῥώμης
1978 1196 2114 1269 πρὸς

470 1281 655 1332 ταῦτα’
737 1278 924 1333 Τοίνυν
1012 1277 1126 1335 οὐδ’
1206 1285 1370 1353 ἡμεῖς
1447 1281 1820 1359 σφαλλόμεθα,
1881 1281 2113 1338 ἀκολούι-

473 1377 581 1430 θως
629 1370 709 1438 τῷ
757 1367 887 1441 θείῳ
931 1369 1109 1442 τούτῳ
1158 1371 1326 1446 Πατρί
1377 1370 1435 1426 ἐκ
1487 1371 1696 1447 Πατρὸς
1758 1372 1850 1444 μὲν
1909 1371 1999 1426 καὶ
2057 1371 2116 1426 ἐκ

469 1458 570 1510 τοῦ
630 1457 754 1510 T106
824 1456 886 1511 τὸ
963 1463 1178 1532 Πνεῦμα
1245 1458 1496 1535 λέγοντες
1574 1459 1977 1536 ἐκπορεύεσθαι,
2027 1460 2114 1515 ἐπὶ

467 1548 564 1599 τοῦ
612 1545 740 1599 T106
797 1547 894 1614 τήν
951 1545 1023 1617 ἐξ,
1070 1547 1187 1602 ἀντὶ
1244 1555 1346 1619 τῆς
1403 1546 1511 1620 διὰ,
1571 1549 1660 1604 καὶ
1719 1553 1965 1611 νοοῦντες
2025 1549 2113 1604 καὶ

466 1631 874 1708 ἑρμηνεύοντες·
953 1633 1080 1691 ἀλλ’
1156 1637 1205 1707 ὁ,
1264 1637 1377 1708 καὶ,
1437 1634 1755 1710 σύνδεσμος,
1831 1637 1986 1714 φασὶν
2061 1640 2114 1693 01

463 1721 600 1796 πρὸς
648 1717 879 1799 ἔλεγχον
924 1728 1235 1798 χωροῦντες
1285 1725 1481 1798 αὐτῶν,
1525 1726 1611 1781 ἐπὶ
1661 1730 1756 1781 τοῦ
1806 1727 1933 1781 T106
1985 1731 2112 1804 παρ’

466 1810 620 1883 ὑμῶν
689 1812 1111 1886 προστιθέμενος
1181 1813 1280 1869 οὐκ
1337 1814 1397 1886 ἐᾷ
1440 1820 1663 1870 τοιαῦτα
1718 1813 1914 1892 λέγειν,
1970 1817 2109 1890 ὑμᾶς

463 1905 772 1978 προφανῶς,
833 1899 1103 1978 ἐλέγχων,
1164 1903 1240 1966 ὡς
1323 1903 1383 1959 ἐκ
1439 1909 1536 1960 τοῦ
1614 1905 1823 1981 Πατρὸς
1906 1905 1995 1961 καὶ
2053 1905 2111 1961 ἐκ

461 1993 556 2043 τοῦ
617 1990 745 2044 T106
796 1992 858 2045 τὸ
915 1995 1136 2064 Πνεῦμα
1212 1991 1458 2069 λέγοντες
1533 1993 1932 2068 ἐκπορεύεσθαι,
1994 1995 2112 2058 καθ’

462 2078 650 2132 ὁποῖον
749 2078 1146 2152 σημαινόμενον
1233 2079 1322 2136 ἐπὶ
1403 2086 1501 2136 τοῦ
1580 2083 1789 2158 Πατρὸς
1872 2084 1970 2151 τήν
2061 2082 2112 2154 ἐξ

462 2162 864 2240 ἐκλαμϐάνεσθε
919 2170 1054 2224 κατὰ
1107 2171 1170 2225 τὸ
1225 2169 1355 2226 αύτὸ
1398 2172 1488 2226 καὶ
1545 2170 1632 2226 ἐπὶ
1684 2177 1780 2226 τοῦ
1839 2173 1966 2226 T106
2021 2174 2111 2227 καὶ

462 2259 636 2311 νοεῖτε
712 2257 913 2328 ταύτην
971 2258 1060 2314 καὶ
1109 2257 1310 2334 λέγετε.
1359 2261 1544 2315 Τοίνυν
1599 2261 1634 2328 ἢ
1695 2262 1784 2315 καὶ
1863 2260 1943 2315 ἐπ’
2000 2262 2110 2335 ἀμ-

461 2349 580 2421 φοῖν
639 2349 719 2417 τῷ
767 2348 936 2422 Πατρὶ
997 2344 1210 2418 δηὶαδὴ
1269 2349 1358 2404 καὶ
1413 2353 1492 2421 τῷ
1551 2350 1662 2422 Υἱῷ
1717 2351 1815 2419 τήν
1872 2349 1926 2421 ἐξ
1981 2349 2110 2426 πρό·

461 2444 600 2497 θεσιν
684 2435 821 2490 κατὰ
904 2436 1004 2505 τὴν
1087 2435 1255 2506 αὐτὴν
1355 2437 1627 2511 σημασίαν
1707 2437 1932 2494 τιθέατε·
2018 2441 2108 2494 καὶ

461 2526 579 2584 πῶς
625 2521 724 2577 οὐκ
780 2523 1118 2590 ἐναντιοῦσθε
1166 2530 1245 2598 τῷ
1302 2526 1433 2600 θείῳ
1491 2526 1683 2603 Πατρὶ,
1735 2528 1834 2596 τὴν
1898 2529 1990 2601 μὲν
2055 2527 2106 2599 ἐξ

465 2609 549 2666 ἐπὶ
609 2616 706 2667 τοῦ
757 2616 991 2690 Πατρὸς,
1021 2615 1118 2683 τήν
1152 2611 1210 2670 δὲ
1267 2612 1357 2671 διὰ
1412 2615 1498 2671 ἐπὶ
1549 2621 1646 2671 τοῦ
1703 2618 1831 2672 T106
1863 2616 2107 2695 ἐκφωνή-

463 2721 665 2770 σαντες,
726 2704 761 2771 ἢ
820 2703 908 2758 καὶ
969 2703 1053 2758 ἐπ’
1109 2705 1308 2783 ἀμφοῖν
1396 2705 1511 2760 ἀντὶ
1567 2709 1668 2776 τῆς
1727 2703 1834 2778 διὰ,
1894 2707 1993 2774 τὴν
2054 2705 2104 2780 ἐξ

459 2784 782 2862 λαμϐάνετε,
834 2788 922 2846 διὰ
981 2797 1077 2848 τοῦ
1136 2794 1366 2870 Πατρὸς,
1417 2795 1506 2849 καὶ
1569 2792 1658 2849 διὰ
1709 2799 1806 2850 τοῦ
1858 2796 1985 2850 T106
2040 2795 2104 2851 τὸ

458 2881 677 2951 Πνεῦμα
755 2878 1007 2955 λέγοντες
1086 2880 1486 2957 ἐκπορεύεσθαι,
1549 2884 1638 2938 καὶ
1715 2881 1836 2938 δότε
1912 2883 2103 2939 λοιπὸν

455 2968 588 3038 ἡμῖν
645 2966 850 3044 ἕτερον,
893 2968 943 3040 ἐξ
1002 2971 1064 3025 06
1121 2970 1183 3025 τὸ
1238 2975 1456 3046 Πνεῦμα
1513 2969 1602 3026 διὰ
1653 2976 1760 3026 τῶν
1821 2969 1916 3027 δύο
1970 2972 2097 3028 τού-

453 3059 558 3110 τῶν
645 3055 1024 3132 ἐκπορεύεσθαι
1109 3057 1342 3136 λέγεται.
1403 3067 1533 3117 Κατ’
1616 3058 1792 3131 ἄλλην
1851 3061 1952 3138 γὰρ
2012 3061 2098 3117 ἐπὶ

451 3148 549 3199 τοῦ
603 3145 838 3222 Πατρὸς,
887 3147 979 3203 καὶ
1034 3154 1150 3203 κατ’
1196 3146 1372 3220 ἄλλην
1433 3148 1521 3204 ἐπὶ
1577 3153 1675 3204 τοῦ
1733 3151 1861 3204 T106
1919 3171 2096 3223 σημα-

453 3232 567 3288 σίαν
622 3236 724 3304 τήν
796 3235 962 3306 αὐτὴν
1042 3238 1130 3292 καὶ
1217 3237 1342 3311 μίαν
1425 3238 1673 3314 πρόθεσιν
1761 3237 2094 3312 ἐκλαμϐάνε-

2227 678 2517 717 scurarum
2535 662 2876 733 syllabarum
2913 662 3284 717 enuntiationi
3331 659 3544 715 addidit
3571 659 3869 732 expositio-

2221 768 2368 806 nem.
2405 750 2539 805 Cum
2584 752 2733 806 enim
2779 750 3028 818 dixisset,
3089 749 3457 805 essentialiler
3513 765 3582 804 ex
3640 757 3869 820 utroque

2223 838 2494 911 Spiritum
2516 841 2810 910 proﬂuere,
2862 839 3004 894 illud
3049 855 3121 895 ex
3154 840 3317 894 Patre
3369 854 3568 909 nempe
3617 853 3715 908 per
3761 839 3866 895 Fi-

2224 927 2384 994 lium,
2416 931 2625 984 concise
2668 929 2986 998 subnexuit,
3029 929 3094 984 At
3139 927 3278 1000 quod
3329 943 3399 983 ex
3453 927 3635 982 simili
3664 928 3867 982 induc-

2225 1019 2374 1072 tione
2397 1018 2700 1089 colligitur,
2745 1017 2890 1072 nihil
2937 1016 3112 1087 aliud,
3172 1017 3340 1088 infert
3402 1033 3567 1087 quam
3623 1032 3694 1071 ex
3747 1015 3868 1072 solo

2223 1109 2391 1162 Patre
2439 1107 2678 1178 Spiritus
2727 1121 3143 1175 processzonem,
3192 1121 3304 1160 non
3349 1108 3531 1161 autem
3586 1121 3655 1160 ex
3703 1106 3864 1160 Filio.

2222 1200 2365 1253 Nam
2391 1196 2441 1250 si
2471 1195 2526 1250 id
2554 1202 2711 1260 esset,
2741 1195 2946 1249 similis
2997 1193 3293 1249 additionis
3340 1210 3474 1265 opus
3502 1210 3613 1248 non
3641 1196 3863 1266 fuisset.

2223 1283 2307 1336 Ad
2343 1282 2482 1345 haec,
2517 1281 2614 1352 qui
2648 1282 2830 1337 Roma
2860 1283 3214 1336 advenerant
3249 1299 3262 1348 ;
3294 1281 3475 1353 Neque
3510 1297 3621 1336 non.
3674 1283 3864 1354 itaque
3921 1305 3927 1313 ι

2221 1371 2485 1442 fallimur
2533 1371 2693 1426 dictis
2746 1370 2924 1425 dzvini
2998 1370 3220 1441 hujusce
3275 1372 3459 1426 Patris
3514 1370 3867 1438 inhaerentes,

2222 1477 2346 1516 cum
2374 1463 2670 1516 asserimus
2698 1476 2770 1515 ex
2799 1461 2982 1526 Patre,
3013 1462 3065 1514 et
3091 1475 3161 1514 ex
3208 1460 3347 1514 Filio
3407 1459 3674 1530 Spiritum
3733 1478 3864 1532 pro-

2221 1551 2408 1606 cedere
2444 1559 2730 1607 :attamen
2759 1550 2819 1604 in
2863 1549 3013 1605 Filio
3067 1565 3135 1603 ex
3177 1550 3603 1621 propositionem
3650 1550 3762 1606 loco
3793 1551 3864 1605 il-

2222 1640 2335 1695 lius
2361 1655 2460 1711 per
2493 1639 2880 1706 intelligimus,
2906 1647 2957 1693 et
2987 1639 3442 1710 interpretamur.
3476 1637 3577 1694 Sed
3629 1641 3860 1708 coniun-

2220 1730 2324 1784 ctio
2381 1733 2457 1794 et,
2515 1727 2812 1800 inquiunt,
2894 1727 2994 1798 qui
3053 1743 3150 1782 eos
3198 1726 3460 1782 refellere
3517 1728 3859 1797 conabatur,

2219 1817 2364 1873 Filio
2395 1835 2429 1872 a
2459 1817 2604 1873 vobis
2627 1833 2866 1883 annexa,
2897 1833 2965 1871 ea
2993 1831 3120 1888 quae
3165 1816 3370 1883 dicitis,
3412 1817 3702 1888 mam/esto
3730 1833 3857 1873 con-

2217 1908 2384 1978 futat,
2415 1923 2541 1962 cum
2567 1922 2635 1962 ex
2662 1908 2828 1962 Patre
2873 1910 2926 1960 et
2962 1922 3035 1960 ex
3052 1906 3192 1961 Filio
3247 1906 3517 1977 Spiritum
3568 1905 3859 1977 procedere

2221 1996 2406 2053 dicitis
2440 1998 2500 2052 in
2553 2012 2655 2068 quo
2709 1995 3028 2067 signiﬁcatu
3078 1997 3140 2050 in
3194 1996 3358 2051 Patre
3412 1995 3861 2068 praepositionem

2221 2101 2290 2141 ex
2318 2087 2625 2155 assumetis,
2658 2086 2720 2140 in
2745 2083 2930 2139 eodem
2957 2091 3010 2139 et
3038 2085 3099 2139 in
3129 2084 3266 2138 Filto
3311 2099 3401 2139 vos
3433 2100 3555 2139 eam
3613 2085 3862 2155 accipitis

2220 2179 2273 2230 et
2301 2175 2582 2246 fatemini.
2619 2174 2822 2243 Quare,
2854 2176 2954 2228 aut
2983 2174 3048 2228 in
3075 2175 3322 2244 utroque,
3355 2174 3415 2226 in
3444 2172 3616 2227 Patre
3668 2187 3865 2240 nempe

2219 2279 2289 2319 ex
2314 2263 2476 2333 Filio,
2502 2279 2570 2318 ex
2604 2263 3038 2335 praepoiitionem
3091 2262 3154 2316 in
3199 2260 3386 2316 eodem
3439 2261 3748 2331 signiﬁcatu
3778 2276 3862 2315 as-

2219 2354 2424 2419 truitis,
2454 2355 2511 2408 et
2535 2350 2798 2425 quomodo
2842 2351 3030 2406 divino
3086 2350 3250 2405 Patri
3296 2364 3408 2405 non
3463 2347 3857 2404 adversamini.

2219 2443 2313 2514 qui
2341 2458 2410 2497 ex
2437 2443 2499 2496 in
2536 2441 2722 2508 Patre,
2765 2456 2868 2512 per
2915 2441 3098 2494 autem
3153 2440 3215 2494 in
3266 2439 3406 2493 Filio
3458 2438 3730 2499 dictitat;
3759 2440 3858 2492 aut

2217 2532 2279 2588 in
2307 2539 2551 2602 utroque,
2584 2531 2696 2586 loco
2725 2530 2881 2584 illius
2910 2545 3032 2601 per,
3062 2543 3132 2584 ex
3151 2528 3597 2599 praepositionem
3628 2542 3860 2582 assumi-

2216 2621 2303 2688 tis,
2335 2636 2434 2691 per
2462 2621 2699 2687 Patrem,
2733 2622 2783 2672 et
2828 2634 2928 2688 per
2973 2618 3180 2672 Filium
3235 2616 3505 2688 Spiritum
3551 2620 3855 2670 asserentes

2209 2707 2516 2780 procedere,
2547 2715 2599 2762 et
2625 2708 2901 2776 assignate
2927 2707 3084 2761 nobis
3121 2706 3316 2772 alium,
3349 2720 3419 2760 ex
3464 2720 3568 2776 quo
3614 2704 3857 2776 Spiritus

2211 2813 2312 2869 per
2367 2797 2460 2852 hos
2512 2797 2648 2852 duos
2719 2794 3006 2867 procedere
3060 2795 3294 2849 dicatur.
3355 2793 3663 2848 Secundum
3704 2795 3854 2848 enim

2212 2903 2386 2942 unum
2413 2885 2786 2957 signiﬁcatum
2832 2886 2893 2939 in
2942 2885 3127 2946 Patre,
3155 2887 3206 2939 et
3256 2882 3558 2938 secundum
3587 2883 3764 2937 alium
3793 2884 3854 2937 in

2210 2976 2354 3030 Filio
2384 2991 2554 3030 unam
2579 2974 2875 3046 eademque
2921 2974 3374 3044 praepositionem
3429 2973 3672 3043 accipere
3716 2988 3851 3027 con-

2209 3065 2487 3131 iunctione
2515 3065 2618 3119 illa
2644 3064 2975 3134 copulativa,
3005 3065 3068 3116 ut
3113 3079 3237 3133 1am
3292 3061 3558 3126 diximus,
3618 3061 3848 3132 impedi-

2207 3154 2370 3208 mini.
2404 3155 2540 3209 Nam
2569 3153 2771 3224 absque
2818 3152 3010 3223 copula
3065 3152 3246 3223 effari,
3307 3153 3403 3205 aut
3457 3149 3717 3216 scribere,
3777 3165 3846 3204 ex

2207 3242 2394 3308 Patre,
2427 3258 2496 3298 ex
2526 3240 2688 3311 Filio,
2720 3257 2815 3296 vos
2841 3255 3050 3312 quoque
3077 3240 3250 3294 veluti
3292 3238 3587 3294 barbarum
3622 3247 3674 3294 et
3702 3239 3847 3294 inco-

453 3323 590 3393 σθαι,
669 3325 817 3400 παρᾶ
895 3329 994 3380 τοῦ
1085 3324 1493 3400 συμπλεκτικοῦ
1593 3327 1787 3382 τούτου
1886 3325 2096 3383 συνδέσ-

2211 3331 2435 3400 gitabile
2463 3332 2666 3397 vitatis,
2700 3331 2768 3385 Et
2814 3329 2936 3384 haac
2992 3327 3230 3401 quidem
3282 3344 3352 3384 ex
3402 3327 3596 3383 divino
3653 3343 3848 3383 arma-

463 3432 564 3484 μου
651 3412 844 3488 βιαίως
937 3411 1229 3482 κωλύεσθε,
1311 3415 1448 3470 καθὰ
1526 3418 1950 3492 προειρήκαμεν.
2030 3417 2102 3472 Τὸ

2213 3419 2522 3474 mentario.

449 3501 551 3575 γὰρ
608 3499 907 3564 ἀσυνδέτως
964 3501 1159 3580 λέγειν,
1199 3505 1234 3574 ἢ
1298 3503 1521 3582 γράφειν
1578 3504 1638 3560 ἐκ
1688 3510 1786 3560 τοῦ
1845 3507 2076 3582 Πατρὸς,
2123 3505 2184 3562 ἐκ
2234 3511 2332 3562 τοῦ
2373 3507 2519 3579 T106,
2564 3505 2654 3560 καὶ
2712 3505 2866 3579 ὑμεῖς
2925 3505 2999 3568 ὡς
3061 3499 3328 3581 βάρϐαρον
3387 3504 3477 3558 καὶ
3531 3501 3846 3573 ἀδιανόητον

450 3588 800 3667 ἀποφεύγετε.
832 3595 1006 3647 Ταῦτα
1038 3593 1132 3666 μὲν
1166 3592 1224 3648 ἐκ
1251 3600 1353 3663 τῆς
1384 3595 1530 3670 ἱερᾶς
1560 3593 1928 3665 Ὁπλοθήκης.

520 3697 584 3760 ς’.
610 3696 822 3760 ’Ἄλλος
854 3695 911 3753 δέ
938 3719 1024 3761 τις
1051 3703 1157 3754 τῶν
1209 3698 1468 3776 ἐκκρίτων
1522 3697 1736 3770 δηλαδὴ
1793 3701 1883 3756 καὶ
1941 3701 2100 3765 αὐτὸς

444 3790 562 3847 τοῖς
611 3784 670 3840 ἐκ
699 3787 920 3859 Ῥώμης
975 3784 1383 3864 διαλεγόμενος,
1416 3786 1602 3858 ἐπειδή
1654 3789 1938 3865 προείλετο
1998 3788 2102 3846 δεῖ·

450 3873 555 3946 ξαι,
591 3872 723 3947 μηδ’
755 3875 1001 3931 ὁπωσοῦν
1034 3874 1307 3947 ἀλλήλοις
1367 3877 1576 3933 ἐναντία
1629 3876 1756 3932 ὅντα
1784 3876 1919 3933 κατά
1948 3900 2012 3954 γε
2037 3881 2100 3934 τὸ

452 3961 662 4034 ἀληθὲς
686 3964 756 4020 τὰ
799 3965 946 4042 παρᾶ
986 3970 1094 4021 τῶν
1143 3965 1304 4042 ἁγίων
1340 3965 1630 4041 λεγόμενα,
1661 3966 1756 4022 κᾶν
1791 3965 1924 4042 δοκῇ
1980 3974 2098 4031 τοῖς

443 4051 580 4128 ἆπερ
641 4054 1036 4115 σκέπτοις.Ἦν
1097 4054 1179 4127 ἃν,
1212 4055 1398 4132 φησὶν,
1449 4051 1678 4129 ἐναντία,
1739 4055 1785 4112 εἷ
1841 4057 1978 4134 πρὸς
2033 4059 2098 4113 τὸ

441 4139 596 4214 αὐτὸ,
661 4142 751 4197 καὶ
833 4143 968 4198 κατά
1051 4143 1111 4198 τὸ
1191 4143 1343 4215 αὐτὸ,
1398 4144 1488 4200 καὶ
1565 4149 1666 4199 τοῦ
1731 4145 1894 4200 αὐτοῦ
1973 4141 2098 4202 ὄντα

443 4233 771 4304 σημαντικὰ,
839 4231 986 4308 παρά
1081 4233 1174 4306 μὲν
1252 4236 1383 4306 τῶν,
1472 4229 1866 4307 ἀπεϐάλλοντο,
1951 4235 2096 4311 παρά

447 4315 503 4373 δὲ
559 4323 694 4388 τῶν,
752 4318 1103 4396 ἐνεκρίνοντο.
1168 4321 1322 4376 Οὕτω
1397 4325 1524 4397 γοῦν
1602 4321 1693 4377 καὶ
1757 4323 1808 4378 ἐν
1878 4323 2095 4387 τούτοις

440 4417 728 4492 ὁΧριστὸς
767 4418 862 4473 Ἐκ
899 4421 998 4473 τοῦ
1067 4418 1297 4495 Πατρὸς,
1359 4414 1484 4497 ἔφη,
1541 4421 1604 4474 τὸ
1655 4424 1872 4494 Πνεῦμα
1938 4421 2094 4476 ἐκπο-

445 4504 756 4580 ρευόμενον.
816 4505 914 4562 Καὶ
989 4505 1132 4582 τάχα
1208 4509 1383 4563 πάντα
1465 4508 1743 4586 ἀναφέρων
1803 4509 1940 4584 πρὸς
1997 4510 2089 4566 τὸν

441 4594 651 4669 Πατέρα
709 4595 786 4658 ὡς
872 4596 1007 4671 πρὸς
1091 4597 1317 4672 πρώτην
1401 4597 1598 4666 αἰτίαν,
1654 4596 1744 4653 καὶ
1815 4600 1916 4668 την
1994 4604 2091 4654 τοῦ

446 4680 760 4756 Πνεύματος
842 4683 1167 4758 ἐμπόρευσιν
1251 4685 1398 4758 αὐτῷ
1489 4685 1788 4757 ἀνατίθησι.
1876 4689 1976 4743 Καὶ
2062 4690 2091 4745 ὁ

2279 3705 2333 3758 6.
2366 3703 2530 3760 Alius
2559 3703 2736 3759 etiam
2767 3703 2856 3757 vir
2885 3701 3136 3758 eximius
3165 3705 3223 3756 et
3261 3705 3545 3774 praestans
3575 3717 3708 3756 cum
3741 3702 3848 3758 La-

2210 3791 2371 3862 tinis,
2403 3809 2698 3847 semonem
2733 3807 3068 3863 conserens,
3105 3807 3242 3846 cum
3292 3790 3404 3846 sibi
3451 3789 3853 3862 proposuisset

2211 3882 2611 3938 demonstrare
2659 3880 2820 3937 nullo
2869 3881 3062 3951 modo,
3115 3880 3162 3935 si
3229 3879 3444 3935 veritas
3501 3879 3852 3936 attendenda

2208 3972 2318 4036 est,
2350 3968 2480 4035 sibi,
2514 3985 2637 4040 qua
2669 3985 2703 4023 a
2743 3969 2965 4023 sanctis
3014 3967 3294 4024 dicuntur
3350 3968 3666 4036 adversari,
3719 3967 3854 4024 licet

2206 4054 2266 4112 id
2299 4057 2562 4112 videatur
2593 4056 2902 4129 imperitis,
2933 4057 3369 4112 Adversarenlur
3395 4058 3605 4128 utique,
3636 4055 3851 4128 inquit,

2203 4146 2254 4200 si
2284 4145 2358 4200 de
2381 4147 2592 4212 eodem,
2621 4149 2673 4200 et
2697 4145 2995 4201 secundum
3047 4145 3209 4212 idem,
3270 4145 3414 4200 idem
3461 4144 3846 4218 signiﬁcantia

2203 4234 2272 4290 ab
2303 4235 2390 4290 his
2413 4235 2630 4306 quidem
2659 4236 3044 4307 rejicerentur,
3085 4235 3160 4291 ab
3206 4235 3336 4290 aliis
3382 4234 3844 4306 approbarentur.

2204 4332 2293 4388 Sic
2319 4334 2509 4405 itaque
2537 4333 2598 4388 in
2635 4334 2910 4389 similibus
2962 4332 3210 4389 Christus
3253 4334 3510 4399 asseruit,
3557 4332 3842 4404 Spiritum

2203 4437 2269 4478 ex
2297 4423 2465 4477 Patre
2512 4423 2842 4494 procedere,
2891 4425 2941 4477 et
2993 4424 3180 4478 omnia
3205 4424 3346 4493 forte
3400 4423 3558 4476 Patri
3597 4423 3841 4492 referens

2201 4515 2472 4583 tanquam
2497 4513 2696 4582 prima:
2725 4527 2928 4579 causae,
2977 4511 3068 4566 illi
3107 4527 3318 4584 quoque
3364 4511 3605 4581 Spiritus
3628 4525 3843 4582 proces-

2200 4602 2409 4655 sionem
2449 4601 2691 4655 ascribit'
2743 4604 2808 4656 Et
2858 4617 3091 4670 magnus
3141 4615 3348 4671 quoque
3398 4599 3731 4654 Athanasius
3764 4601 3843 4654 ita

2201 4689 2412 4744 locutus
2467 4693 2547 4745 est
2597 4707 2611 4743 :
2663 4688 2914 4762 Spiritus
2970 4705 3040 4744 ex
3105 4689 3292 4755 Patre,
3345 4688 3842 4759 quemadmodum

443 4770 536 4842 μὶν
609 4773 773 4848 μέγας
844 4773 1162 4837 Ἀθανάσιος
1245 4774 1422 4837 οὕτως
1512 4774 1646 4830 εἴπεο
1722 4776 1792 4830 Τὸ
1873 4781 2096 4852 Πνεῦμα

2211 4795 2272 4834 ex
2301 4779 2505 4850 Verbo,
2536 4779 2686 4850 quod
2712 4795 2782 4833 ex
2801 4779 2978 4834 Patre
3017 4782 3126 4845 est,
3177 4777 3515 4849 procedens.
3569 4778 3845 4850 Nyssenus

443 4857 502 4914 ἐκ
529 4864 627 4914 τοῦ
657 4860 889 4938 Πατρὸς,
923 4861 999 4924 ὡς
1024 4864 1170 4937 παρὰ
1204 4867 1302 4918 τοῦ
1360 4863 1538 4939 Λόγου
1587 4868 1684 4918 τοῦ
1737 4863 1797 4918 ἐκ
1851 4869 1946 4920 τοῦ
1977 4871 2088 4922 Πα-

424 4949 552 5022 τρὸς
647 4949 1098 5025 ἐκπορευόμενον.
1164 4952 1220 5005 Ὀ
1303 4949 1361 5007 δὲ
1438 4950 1643 5026 Νύσσῃς
1727 4952 1916 5023 εἰπὼν,
1991 4955 2083 5010 τὸν

425 5037 549 5092 Υἱὸν
608 5037 741 5094 εἶναι
799 5043 1094 5116 προσεχῶς
1155 5039 1214 5096 ἐκ
1268 5045 1367 5096 τοῦ
1408 5041 1653 5117 πρώτου,
1685 5041 1925 5097 τουτέστι
1984 5048 2080 5098 τοῦ

427 5127 661 5204 Πατρὸς,
696 5127 818 5200 ἑξῆς
877 5126 1050 5204 λέγει,
1106 5129 1169 5184 τὸ
1228 5133 1447 5203 Πνεῦμα
1504 5126 1594 5185 διὰ
1645 5134 1742 5184 τοῦ
1793 5137 2080 5209 προσεχῶς

426 5213 486 5271 ἐκ
541 5221 639 5272 τοῦ
697 5218 941 5294 πρώτου.
997 5219 1053 5272 Ὀ
1107 5217 1284 5296 Σοφὸς
1340 5216 1616 5296 Κύριλλος
1664 5225 1952 5299 προφανῶς
2008 5220 2079 5276 εἷε-

422 5325 604 5380 ρηκεν,
665 5305 718 5378 ἐξ
773 5307 1001 5384 ἀμφοῖν,
1057 5304 1272 5378 δηλαδὴ
1363 5313 1462 5364 τοῦ
1521 5309 1731 5384 Πατρὸς
1775 5309 1864 5364 καὶ
1924 5312 2072 5383 T106,

420 5401 548 5460 ἀλλ’
632 5404 1038 5483 ἐφερμηνεύων,
1115 5409 1234 5468 πῶς
1318 5406 1382 5462 τὸ
1457 5404 1510 5476 ἐξ
1593 5405 1819 5485 ἀμφοῖν,
1906 5407 2072 5483 εἶπεν,

2200 4873 2385 4922 autem
2433 4883 2558 4922 cum
2608 4868 2858 4939 dixisset,
2911 4866 3122 4922 Filium
3195 4882 3322 4921 esse
3381 4866 3717 4922 immediate
3773 4883 3843 4921 ex

2197 4956 2388 5028 primo
2417 4981 2431 5023 ;
2463 4957 2629 5011 Patre
2658 4957 2882 5025 scilicet,
2912 4955 3416 5026 subdit,Spiritum
3453 4971 3555 5026 per
3584 4971 3716 5010 eum
3738 4955 3835 5026 qui

2191 5044 2527 5100 immediate
2565 5049 2676 5112 est,
2709 5061 2778 5099 ex
2829 5044 3038 5116 primo.
3087 5045 3314 5116 Sapiens
3367 5043 3608 5115 Cyrillus
3643 5044 3835 5114 palam

2186 5136 2368 5204 fassus
2395 5140 2498 5205 est,
2533 5150 2602 5189 ex
2632 5137 2901 5205 utroque,
2934 5137 3102 5188 Patre
3164 5147 3373 5204 nempe
3431 5137 3488 5187 et
3548 5131 3708 5197 Filio,
3737 5133 3829 5190 sed

2186 5225 2410 5279 modum
2456 5239 2747 5289 enarrans,
2797 5221 3062 5293 quomodo
3091 5237 3162 5276 ex
3205 5225 3454 5293 utroque,
3496 5220 3730 5288 addidit,
3762 5237 3831 5278 ex

2184 5316 2354 5367 Patre
2385 5311 2608 5367 scilicet
2638 5328 2741 5383 per
2771 5311 3000 5365 Filium.
3047 5312 3111 5366 Et
3157 5313 3392 5367 Joannes
3437 5315 3828 5376 Damascenus,

2184 5426 2257 5466 ex
2301 5415 2476 5465 Patre
2523 5409 2813 5479 afﬁrmans
2865 5413 3180 5481 tanquame
3202 5411 3384 5481 primo
3429 5409 3729 5480 principio,
3777 5412 3828 5464 et

422 5489 717 5567 ἐπήγαγεν,
749 5491 865 5565 ἤως
925 5493 985 5550 ἐκ
1038 5498 1134 5550 τοῦ
1184 5495 1393 5572 Πατρὸς
1450 5492 1520 5550 δι’
1573 5496 1721 5552 T106.
1772 5497 1828 5550 Ὀ
1890 5499 2072 5570 μέντοι

2211 5500 2363 5554 ινίηια
2419 5515 2603 5565 causa,
2664 5515 2778 5553 non
2834 5513 2904 5553 ex
2958 5498 3122 5565 Filio,
3197 5507 3460 5568 tanquam
3517 5513 3586 5553 ex
3634 5498 3817 5568 primo

422 5584 780 5654 Δαμασκηνὸς
867 5585 1124 5654 Ἰωάννης
1205 5585 1268 5640 τὸ
1341 5583 1401 5640 ἐκ
1448 5583 1658 5659 Πατρὸς
1742 5583 1915 5662 λέγων
1995 5588 2071 5650 ὡς

2211 5589 2472 5660 ινίησιρίο,
2503 5602 2603 5644 nec
2628 5587 2916 5659 prohibuit
2944 5587 3056 5642 dici
3092 5603 3160 5642 ex
3185 5585 3346 5652 Filio,
3367 5592 3635 5657 tanquam
3663 5603 3733 5642 ex
3759 5601 3820 5643 eo

417 5668 477 5726 ἐκ
532 5672 764 5747 πρώτης
821 5674 1003 5750 ἀρχῆς
1061 5673 1151 5729 καὶ
1207 5674 1433 5747 πρώτης
1475 5673 1674 5743 αἰτίας,
1709 5673 1809 5731 οὐκ
1863 5674 1923 5731 ἐκ
1973 5680 2072 5732 τοῦ

2211 5678 2279 5732 ui
2333 5677 2673 5744 immediate,
2727 5677 2815 5731 vel
2864 5693 2964 5749 per
3017 5693 3142 5732 eum
3189 5678 3285 5748 qui
3339 5675 3651 5731 immediate
3695 5685 3819 5739 est;

416 5758 567 5833 T106,
608 5760 794 5837 φησὶν,
851 5761 927 5827 ὡς
989 5761 1048 5820 ἐκ
1092 5762 1318 5839 πρώτης
1381 5762 1580 5837 ἀρχῆς,
1633 5763 1723 5819 uel
1780 5763 1879 5819 οὐκ
1933 5763 2072 5835 ἀπη-

2178 5766 2322 5824 idem
2350 5769 2520 5839 enim
2541 5766 2696 5825 valet
2721 5782 2810 5838 ex,
2841 5769 2897 5822 et
2935 5781 3037 5838 per
3075 5765 3399 5838 przpositio
3426 5781 3446 5820 :
3475 5764 3638 5836 idque
3686 5765 3818 5822 sole-
