  <div class='ocr_page' id='page_1' title='image "/cluster/home/n/w/nwhite01/storage/ocr_20150623/142/mdp.39015078384792/277.png"; bbox 0 0 4110 6436; ppageno 0'>
   <div class='ocr_carea' id='block_1_1' title="bbox 250 441 368 504">
    <p class='ocr_par' dir='ltr' id='par_1_1' title="bbox 250 441 368 504">
     <span class='ocr_line' id='line_1_1' title="bbox 250 441 368 504; baseline 0 0"><span class='ocrx_word' id='word_1_1' title='bbox 250 441 368 504; x_wconf 71' lang='lat'><strong><em>539</em></strong></span> 
     </span>
    </p>
   </div>
   <div class='ocr_carea' id='block_1_2' title="bbox 1499 438 2398 504">
    <p class='ocr_par' dir='ltr' id='par_1_2' title="bbox 1499 438 2398 504">
     <span class='ocr_line' id='line_1_2' title="bbox 1499 438 2398 504; baseline -0.003 -1"><span class='ocrx_word' id='word_1_2' title='bbox 1499 439 1919 504; x_wconf 82' lang='lat' dir='ltr'><strong><em>NICEPHORI</em></strong></span> <span class='ocrx_word' id='word_1_3' title='bbox 1963 438 2398 502; x_wconf 73' lang='lat' dir='ltr'><strong><em>BLEMMIDE</em></strong></span> 
     </span>
    </p>
   </div>
   <div class='ocr_carea' id='block_1_3' title="bbox 3525 439 3643 502">
    <p class='ocr_par' dir='ltr' id='par_1_3' title="bbox 3525 439 3643 502">
     <span class='ocr_line' id='line_1_3' title="bbox 3525 439 3643 502; baseline 0.034 -3"><span class='ocrx_word' id='word_1_4' title='bbox 3525 439 3643 502; x_wconf 78' lang='grc'><strong><em>540</em></strong></span> 
     </span>
    </p>
   </div>
   <div class='ocr_carea' id='block_1_4' title="bbox 257 569 1899 647">
    <p class='ocr_par' dir='ltr' id='par_1_4' title="bbox 257 573 1888 646">
     <span class='ocr_line' id='line_1_4' title="bbox 257 573 1888 646; baseline -0.001 -17"><span class='ocrx_word' id='word_1_5' title='bbox 257 590 386 630; x_wconf 89' lang='lat' dir='ltr'><strong><em>mne</em></strong></span> <span class='ocrx_word' id='word_1_6' title='bbox 413 577 490 630; x_wconf 85' lang='lat' dir='ltr'><strong><em>est</em></strong></span> <span class='ocrx_word' id='word_1_7' title='bbox 515 573 721 630; x_wconf 84' lang='lat' dir='ltr'><strong><em>divinis</em></strong></span> <span class='ocrx_word' id='word_1_8' title='bbox 749 575 967 642; x_wconf 76' lang='lat' dir='ltr'><strong><em>litteris,</em></strong></span> <span class='ocrx_word' id='word_1_9' title='bbox 1017 591 1116 631; x_wconf 90' lang='lat' dir='ltr'><strong><em>nec</em></strong></span> <span class='ocrx_word' id='word_1_10' title='bbox 1158 578 1268 646; x_wconf 78' lang='lat' dir='ltr'><strong><em>fuit</em></strong></span> <span class='ocrx_word' id='word_1_11' title='bbox 1308 593 1342 631; x_wconf 88' lang='lat' dir='ltr'><strong><em>a</em></strong></span> <span class='ocrx_word' id='word_1_12' title='bbox 1387 578 1588 632; x_wconf 78' lang='lat' dir='ltr'><strong><em>sanctis</em></strong></span> <span class='ocrx_word' id='word_1_13' title='bbox 1635 575 1888 630; x_wconf 88' lang='lat' dir='ltr'><strong><em>Patribus</em></strong></span> 
     </span>
    </p>
   </div>
   <div class='ocr_carea' id='block_1_5' title="bbox 2011 569 3641 647">
    <p class='ocr_par' dir='ltr' id='par_1_5' title="bbox 2011 569 3641 647">
     <span class='ocr_line' id='line_1_5' title="bbox 2011 569 3641 647; baseline 0.001 -23"><span class='ocrx_word' id='word_1_14' title='bbox 2011 573 2221 646; x_wconf 74' lang='grc' dir='ltr'>γόρευσε</span> <span class='ocrx_word' id='word_1_15' title='bbox 2277 572 2359 642; x_wconf 86' lang='grc' dir='ltr'>τὸ,</span> <span class='ocrx_word' id='word_1_16' title='bbox 2423 571 2481 626; x_wconf 85' lang='grc' dir='ltr'><strong><em>ἐκ</em></strong></span> <span class='ocrx_word' id='word_1_17' title='bbox 2536 576 2632 626; x_wconf 90' lang='grc' dir='ltr'><strong><em>τοῦ</em></strong></span> <span class='ocrx_word' id='word_1_18' title='bbox 2689 572 2835 643; x_wconf 71' lang='grc' dir='ltr'>Υὶοῦ,</span> <span class='ocrx_word' id='word_1_19' title='bbox 2896 571 2970 634; x_wconf 85' lang='grc' dir='ltr'><strong><em>ὡς</em></strong></span> <span class='ocrx_word' id='word_1_20' title='bbox 3029 569 3088 626; x_wconf 81' lang='grc' dir='ltr'><strong><em>ἐκ</em></strong></span> <span class='ocrx_word' id='word_1_21' title='bbox 3141 575 3240 626; x_wconf 88' lang='grc' dir='ltr'><strong><em>τοῦ</em></strong></span> <span class='ocrx_word' id='word_1_22' title='bbox 3313 575 3641 647; x_wconf 77' lang='grc' dir='ltr'><strong><em>προσεχοῦς,</em></strong></span> 
     </span>
    </p>
   </div>
   <div class='ocr_carea' id='block_1_6' title="bbox 256 665 1886 735">
    <p class='ocr_par' dir='ltr' id='par_1_6' title="bbox 256 665 1886 735">
     <span class='ocr_line' id='line_1_6' title="bbox 256 665 1886 735; baseline -0.001 -15"><span class='ocrx_word' id='word_1_23' title='bbox 256 666 591 733; x_wconf 74' lang='lat' dir='ltr'><strong><em>ignoratum.</em></strong></span> <span class='ocrx_word' id='word_1_24' title='bbox 622 666 697 719; x_wconf 89' lang='lat' dir='ltr'><strong><em>Et</em></strong></span> <span class='ocrx_word' id='word_1_25' title='bbox 724 667 866 720; x_wconf 78' lang='lat' dir='ltr'><strong><em>siea:</em></strong></span> <span class='ocrx_word' id='word_1_26' title='bbox 893 666 1060 734; x_wconf 81' lang='lat' dir='ltr'><strong><em>Filio,</em></strong></span> <span class='ocrx_word' id='word_1_27' title='bbox 1090 666 1262 720; x_wconf 75' lang='lat' dir='ltr'><strong><em>veluti</em></strong></span> <span class='ocrx_word' id='word_1_28' title='bbox 1314 682 1384 720; x_wconf 79' lang='lat' dir='ltr'><strong><em>ex</em></strong></span> <span class='ocrx_word' id='word_1_29' title='bbox 1429 669 1591 720; x_wconf 88' lang='lat' dir='ltr'><strong><em>Patre</em></strong></span> <span class='ocrx_word' id='word_1_30' title='bbox 1644 681 1743 735; x_wconf 87' lang='lat' dir='ltr'><strong><em>per</em></strong></span> <span class='ocrx_word' id='word_1_31' title='bbox 1793 665 1886 718; x_wconf 88' lang='lat' dir='ltr'><strong><em>Fi-</em></strong></span> 
     </span>
    </p>
   </div>
   <div class='ocr_carea' id='block_1_7' title="bbox 255 753 1887 825">
    <p class='ocr_par' dir='ltr' id='par_1_7' title="bbox 255 753 1887 825">
     <span class='ocr_line' id='line_1_7' title="bbox 255 753 1887 825; baseline -0.001 -17"><span class='ocrx_word' id='word_1_32' title='bbox 255 753 392 808; x_wconf 83' lang='lat' dir='ltr'><strong><em>lium</em></strong></span> <span class='ocrx_word' id='word_1_33' title='bbox 417 770 440 814; x_wconf 70' lang='grc' dir='ltr'><strong><em>,ο</em></strong></span> <span class='ocrx_word' id='word_1_34' title='bbox 469 762 538 819; x_wconf 90' lang='lat' dir='ltr'><strong><em>et,</em></strong></span> <span class='ocrx_word' id='word_1_35' title='bbox 568 754 621 808; x_wconf 85' lang='lat' dir='ltr'><strong><em>si</em></strong></span> <span class='ocrx_word' id='word_1_36' title='bbox 647 753 715 808; x_wconf 89' lang='lat' dir='ltr'><strong><em>ab</em></strong></span> <span class='ocrx_word' id='word_1_37' title='bbox 745 757 992 824; x_wconf 88' lang='lat' dir='ltr'><strong><em>utroque,</em></strong></span> <span class='ocrx_word' id='word_1_38' title='bbox 1041 756 1320 810; x_wconf 75' lang='lat' dir='ltr'><strong><em>similiter.</em></strong></span> <span class='ocrx_word' id='word_1_39' title='bbox 1379 757 1444 810; x_wconf 88' lang='lat' dir='ltr'><strong><em>Et</em></strong></span> <span class='ocrx_word' id='word_1_40' title='bbox 1495 757 1548 809; x_wconf 98' lang='lat' dir='ltr'><strong><em>si</em></strong></span> <span class='ocrx_word' id='word_1_41' title='bbox 1591 771 1663 809; x_wconf 80' lang='lat' dir='ltr'><strong><em>ea:</em></strong></span> <span class='ocrx_word' id='word_1_42' title='bbox 1705 755 1887 825; x_wconf 85' lang='lat' dir='ltr'><strong><em>prima</em></strong></span> 
     </span>
    </p>
   </div>
   <div class='ocr_carea' id='block_1_8' title="bbox 256 841 1885 916">
    <p class='ocr_par' dir='ltr' id='par_1_8' title="bbox 256 841 1885 916">
     <span class='ocr_line' id='line_1_8' title="bbox 256 841 1885 916; baseline 0 -20"><span class='ocrx_word' id='word_1_43' title='bbox 256 841 473 914; x_wconf 84' lang='lat' dir='ltr'><strong><em>quidem</em></strong></span> <span class='ocrx_word' id='word_1_44' title='bbox 502 858 669 897; x_wconf 81' lang='lat' dir='ltr'><strong><em>causa</em></strong></span> <span class='ocrx_word' id='word_1_45' title='bbox 699 845 880 908; x_wconf 87' lang='lat' dir='ltr'><strong><em>Patre,</em></strong></span> <span class='ocrx_word' id='word_1_46' title='bbox 915 859 985 899; x_wconf 74' lang='lat' dir='ltr'><strong><em>ea:</em></strong></span> <span class='ocrx_word' id='word_1_47' title='bbox 1011 860 1092 915; x_wconf 88' lang='lat' dir='ltr'><strong><em>eo,</em></strong></span> <span class='ocrx_word' id='word_1_48' title='bbox 1125 845 1221 916; x_wconf 87' lang='lat' dir='ltr'><strong><em>qui</em></strong></span> <span class='ocrx_word' id='word_1_49' title='bbox 1269 845 1583 899; x_wconf 78' lang='lat' dir='ltr'><strong><em>immediate</em></strong></span> <span class='ocrx_word' id='word_1_50' title='bbox 1612 854 1691 898; x_wconf 81' lang='lat' dir='ltr'><strong><em>est</em></strong></span> <span class='ocrx_word' id='word_1_51' title='bbox 1722 844 1885 897; x_wconf 84' lang='lat' dir='ltr'><strong><em>Filio.</em></strong></span> 
     </span>
    </p>
   </div>
   <div class='ocr_carea' id='block_1_9' title="bbox 254 931 1888 1004">
    <p class='ocr_par' dir='ltr' id='par_1_9' title="bbox 254 931 1888 1004">
     <span class='ocr_line' id='line_1_9' title="bbox 254 931 1888 1004; baseline -0.001 -17"><span class='ocrx_word' id='word_1_52' title='bbox 254 932 360 988; x_wconf 82' lang='lat' dir='ltr'><strong><em>Nec</em></strong></span> <span class='ocrx_word' id='word_1_53' title='bbox 389 948 523 986; x_wconf 90' lang='lat' dir='ltr'><strong><em>sane</em></strong></span> <span class='ocrx_word' id='word_1_54' title='bbox 551 935 740 986; x_wconf 90' lang='lat' dir='ltr'><strong><em>contra</em></strong></span> <span class='ocrx_word' id='word_1_55' title='bbox 770 932 998 988; x_wconf 75' lang='lat' dir='ltr'><strong><em>hisceret</em></strong></span> <span class='ocrx_word' id='word_1_56' title='bbox 1041 936 1258 1004; x_wconf 79' lang='lat' dir='ltr'><strong><em>sapiens</em></strong></span> <span class='ocrx_word' id='word_1_57' title='bbox 1313 936 1676 990; x_wconf 86' lang='lat' dir='ltr'><strong><em>Damascenus</em></strong></span> <span class='ocrx_word' id='word_1_58' title='bbox 1705 931 1773 987; x_wconf 89' lang='lat' dir='ltr'><strong><em>ad</em></strong></span> <span class='ocrx_word' id='word_1_59' title='bbox 1803 948 1888 986; x_wconf 89' lang='lat' dir='ltr'><strong><em>ea.</em></strong></span> 
     </span>
    </p>
   </div>
   <div class='ocr_carea' id='block_1_10' title="bbox 255 1019 1888 1093">
    <p class='ocr_par' dir='ltr' id='par_1_10' title="bbox 255 1019 1888 1093">
     <span class='ocr_line' id='line_1_10' title="bbox 255 1019 1888 1093; baseline -0.001 -18"><span class='ocrx_word' id='word_1_60' title='bbox 255 1037 374 1093; x_wconf 61' lang='lat' dir='ltr'><strong><em>que</em></strong></span> <span class='ocrx_word' id='word_1_61' title='bbox 420 1019 615 1076; x_wconf 77' lang='lat' dir='ltr'><strong><em>habent</em></strong></span> <span class='ocrx_word' id='word_1_62' title='bbox 665 1038 898 1090; x_wconf 85' lang='lat' dir='ltr'><strong><em>magnus</em></strong></span> <span class='ocrx_word' id='word_1_63' title='bbox 946 1023 1296 1089; x_wconf 81' lang='lat' dir='ltr'><strong><em>Athanasius,</em></strong></span> <span class='ocrx_word' id='word_1_64' title='bbox 1349 1040 1580 1092; x_wconf 90' lang='lat' dir='ltr'><strong><em>magnus</em></strong></span> <span class='ocrx_word' id='word_1_65' title='bbox 1625 1022 1888 1093; x_wconf 81' lang='lat' dir='ltr'><strong><em>Cyrittus.</em></strong></span> 
     </span>
    </p>
   </div>
   <div class='ocr_carea' id='block_1_11' title="bbox 252 1110 1892 1183">
    <p class='ocr_par' dir='ltr' id='par_1_11' title="bbox 252 1110 1892 1183">
     <span class='ocr_line' id='line_1_11' title="bbox 252 1110 1892 1183; baseline 0.001 -18"><span class='ocrx_word' id='word_1_66' title='bbox 252 1117 304 1165; x_wconf 88' lang='lat' dir='ltr'><strong><em>et</em></strong></span> <span class='ocrx_word' id='word_1_67' title='bbox 331 1111 601 1180; x_wconf 86' lang='lat' dir='ltr'><strong><em>Nyssenus</em></strong></span> <span class='ocrx_word' id='word_1_68' title='bbox 645 1110 951 1182; x_wconf 78' lang='lat' dir='ltr'><strong><em>Gregorius,</em></strong></span> <span class='ocrx_word' id='word_1_69' title='bbox 983 1112 1075 1166; x_wconf 84' lang='lat' dir='ltr'><strong><em>sed</em></strong></span> <span class='ocrx_word' id='word_1_70' title='bbox 1133 1113 1347 1167; x_wconf 84' lang='lat' dir='ltr'><strong><em>diceret</em></strong></span> <span class='ocrx_word' id='word_1_71' title='bbox 1395 1123 1447 1167; x_wconf 88' lang='lat' dir='ltr'><strong><em>et</em></strong></span> <span class='ocrx_word' id='word_1_72' title='bbox 1503 1114 1615 1183; x_wconf 84' lang='lat' dir='ltr'><strong><em>ipse</em></strong></span> <span class='ocrx_word' id='word_1_73' title='bbox 1671 1114 1892 1166; x_wconf 87' lang='lat' dir='ltr'><strong><em>omnino</em></strong></span> 
     </span>
    </p>
   </div>
   <div class='ocr_carea' id='block_1_12' title="bbox 257 1197 1896 1273">
    <p class='ocr_par' dir='ltr' id='par_1_12' title="bbox 257 1197 1896 1273">
     <span class='ocr_line' id='line_1_12' title="bbox 257 1197 1896 1273; baseline 0.001 -21"><span class='ocrx_word' id='word_1_74' title='bbox 257 1197 358 1254; x_wconf 78' lang='lat' dir='ltr'><strong><em>hoc</em></strong></span> <span class='ocrx_word' id='word_1_75' title='bbox 386 1199 564 1270; x_wconf 86' lang='lat' dir='ltr'><strong><em>modo,</em></strong></span> <span class='ocrx_word' id='word_1_76' title='bbox 598 1204 648 1254; x_wconf 83' lang='lat' dir='ltr'><strong><em>et</em></strong></span> <span class='ocrx_word' id='word_1_77' title='bbox 695 1215 763 1255; x_wconf 80' lang='lat' dir='ltr'><strong><em>ea:</em></strong></span> <span class='ocrx_word' id='word_1_78' title='bbox 795 1202 934 1256; x_wconf 82' lang='lat' dir='ltr'><strong><em>Filio</em></strong></span> <span class='ocrx_word' id='word_1_79' title='bbox 983 1202 1245 1273; x_wconf 80' lang='lat' dir='ltr'><strong><em>Spiritus,</em></strong></span> <span class='ocrx_word' id='word_1_80' title='bbox 1295 1201 1509 1272; x_wconf 85' lang='lat' dir='ltr'><strong><em>quando</em></strong></span> <span class='ocrx_word' id='word_1_81' title='bbox 1555 1204 1608 1255; x_wconf 86' lang='lat' dir='ltr'><strong><em>et</em></strong></span> <span class='ocrx_word' id='word_1_82' title='bbox 1654 1204 1770 1270; x_wconf 86' lang='lat' dir='ltr'><strong><em>ipse</em></strong></span> <span class='ocrx_word' id='word_1_83' title='bbox 1795 1216 1896 1272; x_wconf 90' lang='lat' dir='ltr'><strong><em>per</em></strong></span> 
     </span>
    </p>
   </div>
   <div class='ocr_carea' id='block_1_13' title="bbox 257 1287 1896 1361">
    <p class='ocr_par' dir='ltr' id='par_1_13' title="bbox 257 1287 1896 1361">
     <span class='ocr_line' id='line_1_13' title="bbox 257 1287 1896 1361; baseline 0.001 -20"><span class='ocrx_word' id='word_1_84' title='bbox 257 1287 466 1342; x_wconf 87' lang='lat' dir='ltr'><strong><em>Filium</em></strong></span> <span class='ocrx_word' id='word_1_85' title='bbox 497 1288 653 1353; x_wconf 82' lang='lat' dir='ltr'><strong><em>dicit,</em></strong></span> <span class='ocrx_word' id='word_1_86' title='bbox 684 1305 748 1343; x_wconf 92' lang='lat' dir='ltr'><strong><em>ac</em></strong></span> <span class='ocrx_word' id='word_1_87' title='bbox 775 1291 825 1343; x_wconf 89' lang='lat' dir='ltr'><strong><em>si</em></strong></span> <span class='ocrx_word' id='word_1_88' title='bbox 852 1288 1095 1345; x_wconf 84' lang='lat' dir='ltr'><strong><em>eamdem</em></strong></span> <span class='ocrx_word' id='word_1_89' title='bbox 1122 1291 1236 1344; x_wconf 80' lang='lat' dir='ltr'><strong><em>vim</em></strong></span> <span class='ocrx_word' id='word_1_90' title='bbox 1283 1290 1540 1345; x_wconf 85' lang='lat' dir='ltr'><strong><em>haberent</em></strong></span> <span class='ocrx_word' id='word_1_91' title='bbox 1578 1306 1697 1361; x_wconf 88' lang='lat' dir='ltr'><strong><em>per,</em></strong></span> <span class='ocrx_word' id='word_1_92' title='bbox 1749 1294 1801 1342; x_wconf 83' lang='lat' dir='ltr'><strong><em>et</em></strong></span> <span class='ocrx_word' id='word_1_93' title='bbox 1829 1304 1896 1342; x_wconf 86' lang='lat' dir='ltr'><strong><em>ex</em></strong></span> 
     </span>
    </p>
   </div>
   <div class='ocr_carea' id='block_1_14' title="bbox 1997 657 3641 736">
    <p class='ocr_par' dir='ltr' id='par_1_14' title="bbox 1997 657 3641 736">
     <span class='ocr_line' id='line_1_14' title="bbox 1997 657 3641 736; baseline 0.001 -24"><span class='ocrx_word' id='word_1_94' title='bbox 1997 657 2122 728; x_wconf 68' lang='grc' dir='ltr'>ἤτοι</span> <span class='ocrx_word' id='word_1_95' title='bbox 2183 657 2270 713; x_wconf 80' lang='grc' dir='ltr'>διὰ</span> <span class='ocrx_word' id='word_1_96' title='bbox 2332 665 2430 714; x_wconf 87' lang='grc' dir='ltr'><strong><em>τοῦ</em></strong></span> <span class='ocrx_word' id='word_1_97' title='bbox 2505 665 2830 736; x_wconf 87' lang='grc' dir='ltr'>προσεχοῦς.</span> <span class='ocrx_word' id='word_1_98' title='bbox 2884 660 3083 715; x_wconf 86' lang='grc' dir='ltr'>Ταυτὸν</span> <span class='ocrx_word' id='word_1_99' title='bbox 3156 659 3258 736; x_wconf 79' lang='grc' dir='ltr'><strong><em>γὰρ</em></strong></span> <span class='ocrx_word' id='word_1_100' title='bbox 3333 658 3550 714; x_wconf 85' lang='grc' dir='ltr'>δύναται</span> <span class='ocrx_word' id='word_1_101' title='bbox 3605 663 3641 730; x_wconf 77' lang='grc' dir='ltr'>ἡ</span> 
     </span>
    </p>
   </div>
   <div class='ocr_carea' id='block_1_15' title="bbox 2001 744 3646 823">
    <p class='ocr_par' dir='ltr' id='par_1_15' title="bbox 2001 744 3646 823">
     <span class='ocr_line' id='line_1_15' title="bbox 2001 744 3646 823; baseline 0 -21"><span class='ocrx_word' id='word_1_102' title='bbox 2001 744 2089 802; x_wconf 85' lang='grc' dir='ltr'><strong><em>διὰ</em></strong></span> <span class='ocrx_word' id='word_1_103' title='bbox 2147 748 2400 823; x_wconf 83' lang='grc' dir='ltr'><strong><em>πρόθεσις</em></strong></span> <span class='ocrx_word' id='word_1_104' title='bbox 2458 749 2546 804; x_wconf 81' lang='grc' dir='ltr'><strong><em>καὶ</em></strong></span> <span class='ocrx_word' id='word_1_105' title='bbox 2604 751 2639 817; x_wconf 76' lang='grc' dir='ltr'>ἡ</span> <span class='ocrx_word' id='word_1_106' title='bbox 2702 749 2775 818; x_wconf 82' lang='grc' dir='ltr'><strong><em>ἐξ.</em></strong></span> <span class='ocrx_word' id='word_1_107' title='bbox 2835 750 2932 804; x_wconf 82' lang='grc' dir='ltr'><strong><em>Καὶ</em></strong></span> <span class='ocrx_word' id='word_1_108' title='bbox 3016 754 3174 804; x_wconf 91' lang='grc' dir='ltr'>τοῦτο</span> <span class='ocrx_word' id='word_1_109' title='bbox 3257 749 3478 818; x_wconf 85' lang='grc' dir='ltr'>σύνηθες</span> <span class='ocrx_word' id='word_1_110' title='bbox 3556 750 3646 803; x_wconf 84' lang='grc' dir='ltr'><strong><em>καὶ</em></strong></span> 
     </span>
    </p>
   </div>
   <div class='ocr_carea' id='block_1_16' title="bbox 2001 837 3647 914">
    <p class='ocr_par' dir='ltr' id='par_1_16' title="bbox 2001 837 3647 914">
     <span class='ocr_line' id='line_1_16' title="bbox 2001 837 3647 914; baseline 0.001 -24"><span class='ocrx_word' id='word_1_111' title='bbox 2001 837 2134 910; x_wconf 77' lang='grc' dir='ltr'>αὐτῇ</span> <span class='ocrx_word' id='word_1_112' title='bbox 2191 842 2259 911; x_wconf 85' lang='grc' dir='ltr'><strong><em>τῇ</em></strong></span> <span class='ocrx_word' id='word_1_113' title='bbox 2319 843 2526 913; x_wconf 78' lang='grc' dir='ltr'>Γραφῇ,</span> <span class='ocrx_word' id='word_1_114' title='bbox 2584 839 2672 893; x_wconf 88' lang='grc' dir='ltr'><strong><em>καὶ</em></strong></span> <span class='ocrx_word' id='word_1_115' title='bbox 2742 844 2858 900; x_wconf 86' lang='grc' dir='ltr'>τοῖς</span> <span class='ocrx_word' id='word_1_116' title='bbox 2941 838 3114 914; x_wconf 78' lang='grc' dir='ltr'><strong><em>ἁγίοις</em></strong></span> <span class='ocrx_word' id='word_1_117' title='bbox 3203 839 3469 914; x_wconf 83' lang='grc' dir='ltr'>ΙΙατράσιν</span> <span class='ocrx_word' id='word_1_118' title='bbox 3548 838 3647 892; x_wconf 79' lang='grc' dir='ltr'><strong><em>οῦκ</em></strong></span> 
     </span>
    </p>
   </div>
   <div class='ocr_carea' id='block_1_17' title="bbox 2000 926 3646 1001">
    <p class='ocr_par' dir='ltr' id='par_1_17' title="bbox 2000 926 3646 1001">
     <span class='ocr_line' id='line_1_17' title="bbox 2000 926 3646 1001; baseline 0.001 -21"><span class='ocrx_word' id='word_1_119' title='bbox 2000 926 2366 1001; x_wconf 79' lang='grc' dir='ltr'><strong><em>ἀγνοούμενον</em></strong></span> <span class='ocrx_word' id='word_1_120' title='bbox 2446 928 2543 982; x_wconf 84' lang='grc' dir='ltr'>Καὶ</span> <span class='ocrx_word' id='word_1_121' title='bbox 2614 928 2659 982; x_wconf 76' lang='grc' dir='ltr'><strong><em>εἰ</em></strong></span> <span class='ocrx_word' id='word_1_122' title='bbox 2724 930 2816 1000; x_wconf 70' lang='grc' dir='ltr'><strong><em>μὲν</em></strong></span> <span class='ocrx_word' id='word_1_123' title='bbox 2866 927 2925 982; x_wconf 88' lang='grc' dir='ltr'><strong><em>ἐκ</em></strong></span> <span class='ocrx_word' id='word_1_124' title='bbox 2965 932 3062 982; x_wconf 91' lang='grc' dir='ltr'><strong><em>τοῦ</em></strong></span> <span class='ocrx_word' id='word_1_125' title='bbox 3120 929 3246 982; x_wconf 76' lang='grc' dir='ltr'>Υἱοῦ</span> <span class='ocrx_word' id='word_1_126' title='bbox 3303 929 3376 989; x_wconf 87' lang='grc' dir='ltr'>ὡς</span> <span class='ocrx_word' id='word_1_127' title='bbox 3436 927 3495 982; x_wconf 85' lang='grc' dir='ltr'><strong><em>ἐκ</em></strong></span> <span class='ocrx_word' id='word_1_128' title='bbox 3548 931 3646 982; x_wconf 84' lang='grc' dir='ltr'><strong><em>τοῦ</em></strong></span> 
     </span>
    </p>
   </div>
   <div class='ocr_carea' id='block_1_18' title="bbox 2003 1014 3645 1093">
    <p class='ocr_par' dir='ltr' id='par_1_18' title="bbox 2003 1014 3645 1093">
     <span class='ocr_line' id='line_1_18' title="bbox 2003 1014 3645 1093; baseline 0 -23"><span class='ocrx_word' id='word_1_129' title='bbox 2003 1017 2211 1091; x_wconf 88' lang='grc' dir='ltr'>Πατρὸς</span> <span class='ocrx_word' id='word_1_130' title='bbox 2268 1014 2357 1070; x_wconf 81' lang='grc' dir='ltr'><strong><em>διὰ</em></strong></span> <span class='ocrx_word' id='word_1_131' title='bbox 2410 1021 2508 1070; x_wconf 89' lang='grc' dir='ltr'><strong><em>τοῦ</em></strong></span> <span class='ocrx_word' id='word_1_132' title='bbox 2559 1018 2708 1086; x_wconf 69' lang='grc' dir='ltr'>Υἱοῦ,</span> <span class='ocrx_word' id='word_1_133' title='bbox 2767 1017 2854 1070; x_wconf 85' lang='grc' dir='ltr'><strong><em>καὶ</em></strong></span> <span class='ocrx_word' id='word_1_134' title='bbox 2912 1018 2958 1070; x_wconf 74' lang='grc' dir='ltr'>εἱ</span> <span class='ocrx_word' id='word_1_135' title='bbox 3016 1015 3068 1086; x_wconf 82' lang='grc' dir='ltr'>ἐξ</span> <span class='ocrx_word' id='word_1_136' title='bbox 3151 1017 3374 1093; x_wconf 78' lang='grc' dir='ltr'><strong><em>ἀμφοῖν,</em></strong></span> <span class='ocrx_word' id='word_1_137' title='bbox 3435 1015 3645 1088; x_wconf 79' lang='grc' dir='ltr'>ὁμοίως</span> 
     </span>
    </p>
   </div>
   <div class='ocr_carea' id='block_1_19' title="bbox 2003 1101 3648 1181">
    <p class='ocr_par' dir='ltr' id='par_1_19' title="bbox 2003 1101 3648 1181">
     <span class='ocr_line' id='line_1_19' title="bbox 2003 1101 3648 1181; baseline 0.001 -23"><span class='ocrx_word' id='word_1_138' title='bbox 2003 1101 2061 1158; x_wconf 81' lang='grc' dir='ltr'>δὶ</span> <span class='ocrx_word' id='word_1_139' title='bbox 2115 1106 2203 1159; x_wconf 84' lang='grc' dir='ltr'><strong><em>καὶ</em></strong></span> <span class='ocrx_word' id='word_1_140' title='bbox 2262 1104 2308 1159; x_wconf 68' lang='grc' dir='ltr'>εἰ</span> <span class='ocrx_word' id='word_1_141' title='bbox 2368 1104 2427 1159; x_wconf 86' lang='grc' dir='ltr'><strong><em>ἐκ</em></strong></span> <span class='ocrx_word' id='word_1_142' title='bbox 2478 1107 2701 1181; x_wconf 81' lang='grc' dir='ltr'><strong><em>πρώτης</em></strong></span> <span class='ocrx_word' id='word_1_143' title='bbox 2758 1105 2852 1179; x_wconf 78' lang='grc' dir='ltr'><strong><em>μὶν</em></strong></span> <span class='ocrx_word' id='word_1_144' title='bbox 2924 1105 3096 1166; x_wconf 80' lang='grc' dir='ltr'>αἰτίας</span> <span class='ocrx_word' id='word_1_145' title='bbox 3152 1110 3249 1160; x_wconf 90' lang='grc' dir='ltr'><strong><em>τοῦ</em></strong></span> <span class='ocrx_word' id='word_1_146' title='bbox 3307 1106 3538 1181; x_wconf 86' lang='grc' dir='ltr'>Πατρὸς,</span> <span class='ocrx_word' id='word_1_147' title='bbox 3589 1104 3648 1160; x_wconf 84' lang='grc' dir='ltr'><strong><em>ἐκ</em></strong></span> 
     </span>
    </p>
   </div>
   <div class='ocr_carea' id='block_1_20' title="bbox 1999 1192 3648 1272">
    <p class='ocr_par' dir='ltr' id='par_1_20' title="bbox 1999 1192 3648 1272">
     <span class='ocr_line' id='line_1_20' title="bbox 1999 1192 3648 1272; baseline -0.001 -24"><span class='ocrx_word' id='word_1_148' title='bbox 1999 1199 2096 1248; x_wconf 88' lang='grc' dir='ltr'><strong><em>τοῦ</em></strong></span> <span class='ocrx_word' id='word_1_149' title='bbox 2153 1199 2462 1269; x_wconf 75' lang='grc' dir='ltr'>προσεχοῦς</span> <span class='ocrx_word' id='word_1_150' title='bbox 2523 1192 2579 1248; x_wconf 73' lang='grc' dir='ltr'><strong>δί</strong></span> <span class='ocrx_word' id='word_1_151' title='bbox 2637 1199 2733 1249; x_wconf 90' lang='grc' dir='ltr'><strong><em>τοῦ</em></strong></span> <span class='ocrx_word' id='word_1_152' title='bbox 2792 1196 2942 1264; x_wconf 74' lang='grc' dir='ltr'>Υἱοῦ,</span> <span class='ocrx_word' id='word_1_153' title='bbox 2997 1197 3128 1270; x_wconf 76' lang='grc' dir='ltr'>ἅπερ</span> <span class='ocrx_word' id='word_1_154' title='bbox 3187 1195 3347 1272; x_wconf 78' lang='grc' dir='ltr'>φησὶν</span> <span class='ocrx_word' id='word_1_155' title='bbox 3403 1195 3430 1248; x_wconf 98' lang='lat'><strong><em>6</em></strong></span> <span class='ocrx_word' id='word_1_156' title='bbox 3485 1192 3648 1268; x_wconf 83' lang='grc' dir='ltr'><strong>μέγας</strong></span> 
     </span>
    </p>
   </div>
   <div class='ocr_carea' id='block_1_21' title="bbox 2005 1280 3646 1359">
    <p class='ocr_par' dir='ltr' id='par_1_21' title="bbox 2005 1280 3646 1359">
     <span class='ocr_line' id='line_1_21' title="bbox 2005 1280 3646 1359; baseline -0.005 -13"><span class='ocrx_word' id='word_1_157' title='bbox 2005 1285 2346 1352; x_wconf 82' lang='grc' dir='ltr'>Ἀθανάσιος,</span> <span class='ocrx_word' id='word_1_158' title='bbox 2404 1285 2432 1338; x_wconf 86' lang='lat'><strong><em>6</em></strong></span> <span class='ocrx_word' id='word_1_159' title='bbox 2494 1282 2659 1359; x_wconf 81' lang='grc' dir='ltr'><strong><em>μέγας</em></strong></span> <span class='ocrx_word' id='word_1_160' title='bbox 2743 1280 3038 1356; x_wconf 76' lang='grc' dir='ltr'>Κύριλλος,</span> <span class='ocrx_word' id='word_1_161' title='bbox 3097 1285 3124 1337; x_wconf 94' lang='lat'><strong><em>6</em></strong></span> <span class='ocrx_word' id='word_1_162' title='bbox 3193 1283 3406 1353; x_wconf 84' lang='grc' dir='ltr'>Νύσσης</span> <span class='ocrx_word' id='word_1_163' title='bbox 3500 1288 3646 1358; x_wconf 87' lang='grc' dir='ltr'><strong><em>Γρη-</em></strong></span> 
     </span>
    </p>
   </div>
   <div class='ocr_carea' id='block_1_22' title="bbox 253 1370 1899 1450">
    <p class='ocr_par' dir='ltr' id='par_1_22' title="bbox 253 1378 1895 1450">
     <span class='ocr_line' id='line_1_22' title="bbox 253 1378 1895 1450; baseline -0.001 -19"><span class='ocrx_word' id='word_1_164' title='bbox 253 1378 686 1450; x_wconf 66' lang='lat' dir='ltr'><strong><em>praepositiones.</em></strong></span> <span class='ocrx_word' id='word_1_165' title='bbox 721 1379 884 1448; x_wconf 88' lang='lat' dir='ltr'><strong><em>Quod</em></strong></span> <span class='ocrx_word' id='word_1_166' title='bbox 911 1380 962 1432; x_wconf 89' lang='lat' dir='ltr'><strong><em>si</em></strong></span> <span class='ocrx_word' id='word_1_167' title='bbox 991 1383 1254 1449; x_wconf 86' lang='lat' dir='ltr'><strong><em>tanquam</em></strong></span> <span class='ocrx_word' id='word_1_168' title='bbox 1294 1395 1366 1434; x_wconf 82' lang='lat' dir='ltr'><strong><em>ea:</em></strong></span> <span class='ocrx_word' id='word_1_169' title='bbox 1407 1381 1593 1449; x_wconf 88' lang='lat' dir='ltr'><strong><em>prima</em></strong></span> <span class='ocrx_word' id='word_1_170' title='bbox 1651 1394 1816 1432; x_wconf 86' lang='lat' dir='ltr'><strong><em>causa</em></strong></span> <span class='ocrx_word' id='word_1_171' title='bbox 1846 1381 1895 1430; x_wconf 87' lang='lat' dir='ltr'><strong><em>et</em></strong></span> 
     </span>
    </p>
   </div>
   <div class='ocr_carea' id='block_1_23' title="bbox 2011 1370 3650 1450">
    <p class='ocr_par' dir='ltr' id='par_1_23' title="bbox 2011 1370 3650 1449">
     <span class='ocr_line' id='line_1_23' title="bbox 2011 1370 3650 1449; baseline -0.001 -21"><span class='ocrx_word' id='word_1_172' title='bbox 2011 1373 2213 1447; x_wconf 81' lang='grc' dir='ltr'>γόριος,</span> <span class='ocrx_word' id='word_1_173' title='bbox 2271 1372 2370 1426; x_wconf 78' lang='grc' dir='ltr'>οὐκ</span> <span class='ocrx_word' id='word_1_174' title='bbox 2449 1372 2506 1426; x_wconf 80' lang='grc' dir='ltr'>ἂν</span> <span class='ocrx_word' id='word_1_175' title='bbox 2568 1373 2596 1426; x_wconf 92' lang='lat'><strong><em>6</em></strong></span> <span class='ocrx_word' id='word_1_176' title='bbox 2665 1373 2830 1449; x_wconf 83' lang='grc' dir='ltr'>σοφὸς</span> <span class='ocrx_word' id='word_1_177' title='bbox 2888 1371 3142 1443; x_wconf 87' lang='grc' dir='ltr'>Ἰωάννης</span> <span class='ocrx_word' id='word_1_178' title='bbox 3228 1370 3650 1448; x_wconf 78' lang='grc' dir='ltr'>ἀντιφθέγξαιτο,</span> 
     </span>
    </p>
   </div>
   <div class='ocr_carea' id='block_1_24' title="bbox 254 1460 1899 1539">
    <p class='ocr_par' dir='ltr' id='par_1_24' title="bbox 254 1467 1898 1539">
     <span class='ocr_line' id='line_1_24' title="bbox 254 1467 1898 1539; baseline 0 -19"><span class='ocrx_word' id='word_1_179' title='bbox 254 1481 330 1521; x_wconf 75' lang='lat' dir='ltr'><strong><em>ea:</em></strong></span> <span class='ocrx_word' id='word_1_180' title='bbox 357 1467 496 1521; x_wconf 80' lang='lat' dir='ltr'><strong><em>Filio</em></strong></span> <span class='ocrx_word' id='word_1_181' title='bbox 527 1469 809 1537; x_wconf 84' lang='lat' dir='ltr'><strong><em>quispiam</em></strong></span> <span class='ocrx_word' id='word_1_182' title='bbox 836 1472 1130 1538; x_wconf 80' lang='lat' dir='ltr'><strong><em>astrueret,</em></strong></span> <span class='ocrx_word' id='word_1_183' title='bbox 1161 1468 1306 1539; x_wconf 90' lang='lat' dir='ltr'><strong><em>quod</em></strong></span> <span class='ocrx_word' id='word_1_184' title='bbox 1343 1469 1530 1521; x_wconf 84' lang='lat' dir='ltr'><strong><em>nullus</em></strong></span> <span class='ocrx_word' id='word_1_185' title='bbox 1555 1481 1799 1538; x_wconf 87' lang='lat' dir='ltr'><strong><em>unquam</em></strong></span> <span class='ocrx_word' id='word_1_186' title='bbox 1829 1481 1898 1520; x_wconf 77' lang='lat' dir='ltr'><strong><em>ea:</em></strong></span> 
     </span>
    </p>
   </div>
   <div class='ocr_carea' id='block_1_25' title="bbox 2011 1460 3652 1539">
    <p class='ocr_par' dir='ltr' id='par_1_25' title="bbox 2011 1460 3652 1536">
     <span class='ocr_line' id='line_1_25' title="bbox 2011 1460 3652 1536; baseline -0.001 -20"><span class='ocrx_word' id='word_1_187' title='bbox 2011 1461 2130 1518; x_wconf 80' lang='grc' dir='ltr'>ἀλλ’</span> <span class='ocrx_word' id='word_1_188' title='bbox 2162 1461 2273 1536; x_wconf 83' lang='grc' dir='ltr'>ἐρεῖ</span> <span class='ocrx_word' id='word_1_189' title='bbox 2301 1461 2389 1515; x_wconf 87' lang='grc' dir='ltr'><strong><em>καὶ</em></strong></span> <span class='ocrx_word' id='word_1_190' title='bbox 2420 1460 2580 1523; x_wconf 80' lang='grc' dir='ltr'>αὐτὸς</span> <span class='ocrx_word' id='word_1_191' title='bbox 2627 1461 2732 1526; x_wconf 79' lang='grc' dir='ltr'>δτι,</span> <span class='ocrx_word' id='word_1_192' title='bbox 2765 1460 2935 1522; x_wconf 78' lang='grc' dir='ltr'>οὕτως</span> <span class='ocrx_word' id='word_1_193' title='bbox 2993 1461 3082 1516; x_wconf 80' lang='grc' dir='ltr'><strong><em>καὶ</em></strong></span> <span class='ocrx_word' id='word_1_194' title='bbox 3139 1461 3198 1517; x_wconf 89' lang='grc' dir='ltr'><strong><em>ἐκ</em></strong></span> <span class='ocrx_word' id='word_1_195' title='bbox 3251 1465 3349 1516; x_wconf 90' lang='grc' dir='ltr'><strong><em>τοῦ</em></strong></span> <span class='ocrx_word' id='word_1_196' title='bbox 3407 1461 3534 1515; x_wconf 77' lang='grc' dir='ltr'>Υἱοῦ</span> <span class='ocrx_word' id='word_1_197' title='bbox 3590 1461 3652 1515; x_wconf 85' lang='grc' dir='ltr'>τὸ</span> 
     </span>
    </p>
   </div>
   <div class='ocr_carea' id='block_1_26' title="bbox 261 1549 1899 1628">
    <p class='ocr_par' dir='ltr' id='par_1_26' title="bbox 261 1554 1898 1626">
     <span class='ocr_line' id='line_1_26' title="bbox 261 1554 1898 1626; baseline 0 -17"><span class='ocrx_word' id='word_1_198' title='bbox 261 1554 524 1609; x_wconf 85' lang='lat' dir='ltr'><strong><em>Patribus</em></strong></span> <span class='ocrx_word' id='word_1_199' title='bbox 573 1557 892 1626; x_wconf 81' lang='lat' dir='ltr'><strong><em>afﬁrmavit,</em></strong></span> <span class='ocrx_word' id='word_1_200' title='bbox 927 1557 1259 1612; x_wconf 88' lang='lat' dir='ltr'><strong><em>contradicet</em></strong></span> <span class='ocrx_word' id='word_1_201' title='bbox 1285 1557 1384 1611; x_wconf 81' lang='lat' dir='ltr'><strong><em>ille</em></strong></span> <span class='ocrx_word' id='word_1_202' title='bbox 1407 1563 1571 1624; x_wconf 86' lang='lat' dir='ltr'><strong><em>certe,</em></strong></span> <span class='ocrx_word' id='word_1_203' title='bbox 1605 1571 1898 1625; x_wconf 85' lang='lat' dir='ltr'><strong><em>vocemque</em></strong></span> 
     </span>
    </p>
   </div>
   <div class='ocr_carea' id='block_1_27' title="bbox 2011 1549 3651 1628">
    <p class='ocr_par' dir='ltr' id='par_1_27' title="bbox 2011 1549 3651 1628">
     <span class='ocr_line' id='line_1_27' title="bbox 2011 1549 3651 1628; baseline -0.001 -23"><span class='ocrx_word' id='word_1_204' title='bbox 2011 1555 2244 1623; x_wconf 88' lang='grc' dir='ltr'>Πνεῦμα.</span> <span class='ocrx_word' id='word_1_205' title='bbox 2306 1553 2404 1605; x_wconf 78' lang='grc' dir='ltr'><strong><em>Διὰ</em></strong></span> <span class='ocrx_word' id='word_1_206' title='bbox 2457 1555 2554 1606; x_wconf 90' lang='grc' dir='ltr'><strong><em>τοῦ</em></strong></span> <span class='ocrx_word' id='word_1_207' title='bbox 2611 1551 2740 1604; x_wconf 74' lang='grc' dir='ltr'><strong><em>Υἱοῦ</em></strong></span> <span class='ocrx_word' id='word_1_208' title='bbox 2813 1551 2938 1624; x_wconf 79' lang='grc' dir='ltr'>γὰρ,</span> <span class='ocrx_word' id='word_1_209' title='bbox 2997 1550 3129 1628; x_wconf 80' lang='grc' dir='ltr'>φησὶ</span> <span class='ocrx_word' id='word_1_210' title='bbox 3176 1551 3266 1605; x_wconf 86' lang='grc' dir='ltr'><strong><em>καὶ</em></strong></span> <span class='ocrx_word' id='word_1_211' title='bbox 3339 1549 3518 1621; x_wconf 77' lang='grc' dir='ltr'>αὐτὸς,</span> <span class='ocrx_word' id='word_1_212' title='bbox 3577 1550 3651 1610; x_wconf 82' lang='grc' dir='ltr'><strong><em>ὡς</em></strong></span> 
     </span>
    </p>
   </div>
   <div class='ocr_carea' id='block_1_28' title="bbox 255 1635 1899 1716">
    <p class='ocr_par' dir='ltr' id='par_1_28' title="bbox 255 1643 1235 1716">
     <span class='ocr_line' id='line_1_28' title="bbox 255 1643 1235 1716; baseline 0.002 -17"><span class='ocrx_word' id='word_1_213' title='bbox 255 1644 459 1716; x_wconf 71' lang='lat' dir='ltr'><strong><em>efferet.</em></strong></span> <span class='ocrx_word' id='word_1_214' title='bbox 492 1643 562 1698; x_wconf 89' lang='lat' dir='ltr'><strong><em>Et</em></strong></span> <span class='ocrx_word' id='word_1_215' title='bbox 590 1645 662 1700; x_wconf 92' lang='lat' dir='ltr'><strong><em>de</em></strong></span> <span class='ocrx_word' id='word_1_216' title='bbox 689 1644 788 1702; x_wconf 81' lang='lat' dir='ltr'><strong><em>his</em></strong></span> <span class='ocrx_word' id='word_1_217' title='bbox 816 1662 1044 1716; x_wconf 89' lang='lat' dir='ltr'><strong><em>quoque</em></strong></span> <span class='ocrx_word' id='word_1_218' title='bbox 1072 1645 1235 1702; x_wconf 84' lang='lat' dir='ltr'><strong><em>satis.</em></strong></span> 
     </span>
    </p>
   </div>
   <div class='ocr_carea' id='block_1_29' title="bbox 2011 1635 3657 1716">
    <p class='ocr_par' dir='ltr' id='par_1_29' title="bbox 2011 1635 3657 1711">
     <span class='ocr_line' id='line_1_29' title="bbox 2011 1635 3657 1711; baseline -0.001 -18"><span class='ocrx_word' id='word_1_219' title='bbox 2011 1639 2440 1711; x_wconf 81' lang='grc' dir='ltr'>ίσοδυναμούσης</span> <span class='ocrx_word' id='word_1_220' title='bbox 2498 1645 2594 1708; x_wconf 83' lang='grc' dir='ltr'><strong><em>τῆς</em></strong></span> <span class='ocrx_word' id='word_1_221' title='bbox 2647 1637 2736 1694; x_wconf 80' lang='grc' dir='ltr'><strong><em>διὰ</em></strong></span> <span class='ocrx_word' id='word_1_222' title='bbox 2791 1639 2880 1694; x_wconf 86' lang='grc' dir='ltr'><strong><em>καὶ</em></strong></span> <span class='ocrx_word' id='word_1_223' title='bbox 2933 1646 3034 1708; x_wconf 77' lang='grc' dir='ltr'>τῆς</span> <span class='ocrx_word' id='word_1_224' title='bbox 3225 1638 3289 1694; x_wconf 76' lang='grc' dir='ltr'><strong><em>Εἰ</em></strong></span> <span class='ocrx_word' id='word_1_225' title='bbox 3349 1635 3409 1693; x_wconf 71' lang='grc' dir='ltr'>δὲ</span> <span class='ocrx_word' id='word_1_226' title='bbox 3462 1639 3536 1700; x_wconf 85' lang='grc' dir='ltr'>ὡς</span> <span class='ocrx_word' id='word_1_227' title='bbox 3597 1637 3657 1692; x_wconf 84' lang='grc' dir='ltr'><strong><em>ἐκ</em></strong></span> 
     </span>
    </p>
   </div>
   <div class='ocr_carea' id='block_1_30' title="bbox 252 1726 3654 1808">
    <p class='ocr_par' dir='ltr' id='par_1_30' title="bbox 252 1726 3654 1808">
     <span class='ocr_line' id='line_1_30' title="bbox 252 1726 3654 1808; baseline -0.001 -23"><span class='ocrx_word' id='word_1_228' title='bbox 252 1731 478 1806; x_wconf 85' lang='grc' dir='ltr'>πρώτης</span> <span class='ocrx_word' id='word_1_229' title='bbox 539 1731 734 1803; x_wconf 78' lang='grc' dir='ltr'>αἰτίας,</span> <span class='ocrx_word' id='word_1_230' title='bbox 804 1731 892 1786; x_wconf 85' lang='grc' dir='ltr'><strong><em>καὶ</em></strong></span> <span class='ocrx_word' id='word_1_231' title='bbox 954 1733 1012 1786; x_wconf 84' lang='grc' dir='ltr'><strong><em>ἐκ</em></strong></span> <span class='ocrx_word' id='word_1_232' title='bbox 1060 1737 1158 1787; x_wconf 92' lang='grc' dir='ltr'><strong><em>τοῦ</em></strong></span> <span class='ocrx_word' id='word_1_233' title='bbox 1216 1735 1343 1788; x_wconf 72' lang='grc' dir='ltr'>ι”ιοῦ</span> <span class='ocrx_word' id='word_1_234' title='bbox 1416 1732 1569 1808; x_wconf 88' lang='grc' dir='ltr'>λέγοι</span> <span class='ocrx_word' id='word_1_235' title='bbox 1649 1753 1753 1802; x_wconf 91' lang='grc' dir='ltr'>τις,</span> <span class='ocrx_word' id='word_1_236' title='bbox 1813 1729 1944 1806; x_wconf 82' lang='grc' dir='ltr'>ὅπερ</span> <span class='ocrx_word' id='word_1_237' title='bbox 2030 1730 2144 1784; x_wconf 82' lang='grc' dir='ltr'>εἷπε</span> <span class='ocrx_word' id='word_1_238' title='bbox 2224 1733 2331 1784; x_wconf 85' lang='grc' dir='ltr'><strong><em>τῶν</em></strong></span> <span class='ocrx_word' id='word_1_239' title='bbox 2414 1729 2577 1804; x_wconf 85' lang='grc' dir='ltr'>ἁγίων</span> <span class='ocrx_word' id='word_1_240' title='bbox 2663 1726 2858 1800; x_wconf 76' lang='grc' dir='ltr'>οὒδεὶς,</span> <span class='ocrx_word' id='word_1_241' title='bbox 2915 1729 3005 1784; x_wconf 87' lang='grc' dir='ltr'><strong><em>καὶ</em></strong></span> <span class='ocrx_word' id='word_1_242' title='bbox 3090 1728 3515 1806; x_wconf 80' lang='grc' dir='ltr'>ἀντιφθέγξεται,</span> <span class='ocrx_word' id='word_1_243' title='bbox 3566 1726 3654 1781; x_wconf 86' lang='grc' dir='ltr'><strong><em>καὶ</em></strong></span> 
     </span>
    </p>
   </div>
   <div class='ocr_carea' id='block_1_31' title="bbox 257 1817 1479 1895">
    <p class='ocr_par' dir='ltr' id='par_1_31' title="bbox 257 1817 1479 1895">
     <span class='ocr_line' id='line_1_31' title="bbox 257 1817 1479 1895; baseline 0.004 -23"><span class='ocrx_word' id='word_1_244' title='bbox 257 1817 395 1894; x_wconf 90' lang='grc' dir='ltr'>μέγα</span> <span class='ocrx_word' id='word_1_245' title='bbox 429 1820 644 1895; x_wconf 77' lang='grc' dir='ltr'>βοήσει.</span> <span class='ocrx_word' id='word_1_246' title='bbox 687 1819 806 1874; x_wconf 82' lang='grc' dir='ltr'>Ἐπὶ</span> <span class='ocrx_word' id='word_1_247' title='bbox 843 1826 1096 1875; x_wconf 88' lang='grc' dir='ltr'>τοσοῦτον</span> <span class='ocrx_word' id='word_1_248' title='bbox 1151 1823 1239 1876; x_wconf 81' lang='grc' dir='ltr'><strong><em>καὶ</em></strong></span> <span class='ocrx_word' id='word_1_249' title='bbox 1295 1826 1479 1877; x_wconf 87' lang='grc' dir='ltr'>ταῦτα.</span> 
     </span>
    </p>
   </div>
   <div class='ocr_carea' id='block_1_32' title="bbox 324 1922 1899 2001">
    <p class='ocr_par' dir='ltr' id='par_1_32' title="bbox 324 1927 1895 2001">
     <span class='ocr_line' id='line_1_32' title="bbox 324 1927 1895 2001; baseline -0.001 -18"><span class='ocrx_word' id='word_1_250' title='bbox 324 1929 378 1983; x_wconf 93' lang='grc'>7.</span> <span class='ocrx_word' id='word_1_251' title='bbox 415 1927 629 1984; x_wconf 88' lang='lat' dir='ltr'><strong><em>Multos</em></strong></span> <span class='ocrx_word' id='word_1_252' title='bbox 658 1934 936 2001; x_wconf 74' lang='lat' dir='ltr'><strong><em>praeterea</em></strong></span> <span class='ocrx_word' id='word_1_253' title='bbox 983 1930 1129 1985; x_wconf 89' lang='lat' dir='ltr'><strong><em>alios</em></strong></span> <span class='ocrx_word' id='word_1_254' title='bbox 1159 1947 1227 1986; x_wconf 85' lang='lat' dir='ltr'><strong><em>ex</em></strong></span> <span class='ocrx_word' id='word_1_255' title='bbox 1276 1929 1697 1986; x_wconf 80' lang='lat' dir='ltr'><strong><em>recentioribus</em></strong></span> <span class='ocrx_word' id='word_1_256' title='bbox 1729 1927 1895 1994; x_wconf 90' lang='lat' dir='ltr'><strong><em>illud,</em></strong></span> 
     </span>
    </p>
   </div>
   <div class='ocr_carea' id='block_1_33' title="bbox 2011 1922 3652 2001">
    <p class='ocr_par' dir='ltr' id='par_1_33' title="bbox 2077 1922 3652 2000">
     <span class='ocr_line' id='line_1_33' title="bbox 2077 1922 3652 2000; baseline -0.003 -20"><span class='ocrx_word' id='word_1_257' title='bbox 2077 1926 2137 1993; x_wconf 82' lang='grc' dir='ltr'><strong><em>ζ’.</em></strong></span> <span class='ocrx_word' id='word_1_258' title='bbox 2172 1922 2424 1986; x_wconf 84' lang='grc' dir='ltr'>Πολλοὺς</span> <span class='ocrx_word' id='word_1_259' title='bbox 2458 1923 2516 1979; x_wconf 76' lang='grc' dir='ltr'>δὲ</span> <span class='ocrx_word' id='word_1_260' title='bbox 2544 1925 2634 1979; x_wconf 83' lang='grc' dir='ltr'>καὶ</span> <span class='ocrx_word' id='word_1_261' title='bbox 2665 1923 2870 1987; x_wconf 70' lang='grc' dir='ltr'>ἄλλους</span> <span class='ocrx_word' id='word_1_262' title='bbox 2923 1929 3033 1979; x_wconf 80' lang='grc' dir='ltr'><strong><em>τῶν</em></strong></span> <span class='ocrx_word' id='word_1_263' title='bbox 3088 1922 3363 2000; x_wconf 76' lang='grc' dir='ltr'><strong><em>νεωτέρων</em></strong></span> <span class='ocrx_word' id='word_1_264' title='bbox 3406 1922 3652 1995; x_wconf 84' lang='grc' dir='ltr'>εὑρίσκο-</span> 
     </span>
    </p>
   </div>
   <div class='ocr_carea' id='block_1_34' title="bbox 254 2017 1891 2092">
    <p class='ocr_par' dir='ltr' id='par_1_34' title="bbox 254 2017 1891 2092">
     <span class='ocr_line' id='line_1_34' title="bbox 254 2017 1891 2092; baseline 0 -20"><span class='ocrx_word' id='word_1_265' title='bbox 254 2032 325 2072; x_wconf 79' lang='lat' dir='ltr'><strong><em>ea:</em></strong></span> <span class='ocrx_word' id='word_1_266' title='bbox 347 2017 514 2085; x_wconf 76' lang='lat' dir='ltr'><strong><em>Filio,</em></strong></span> <span class='ocrx_word' id='word_1_267' title='bbox 547 2034 780 2072; x_wconf 89' lang='lat' dir='ltr'><strong><em>summo</em></strong></span> <span class='ocrx_word' id='word_1_268' title='bbox 812 2017 946 2073; x_wconf 92' lang='lat' dir='ltr'><strong><em>nisu</em></strong></span> <span class='ocrx_word' id='word_1_269' title='bbox 977 2018 1728 2092; x_wconf 86' lang='lat' dir='ltr'><strong><em>oppugnantes,admodum</em></strong></span> <span class='ocrx_word' id='word_1_270' title='bbox 1757 2033 1891 2073; x_wconf 88' lang='lat' dir='ltr'><strong><em>vero</em></strong></span> 
     </span>
    </p>
   </div>
   <div class='ocr_carea' id='block_1_35' title="bbox 254 2105 1892 2180">
    <p class='ocr_par' dir='ltr' id='par_1_35' title="bbox 254 2105 1892 2180">
     <span class='ocr_line' id='line_1_35' title="bbox 254 2105 1892 2180; baseline -0.001 -19"><span class='ocrx_word' id='word_1_271' title='bbox 254 2105 438 2162; x_wconf 83' lang='lat' dir='ltr'><strong><em>valide</em></strong></span> <span class='ocrx_word' id='word_1_272' title='bbox 469 2105 635 2174; x_wconf 89' lang='lat' dir='ltr'><strong><em>illud,</em></strong></span> <span class='ocrx_word' id='word_1_273' title='bbox 663 2123 765 2179; x_wconf 87' lang='lat' dir='ltr'><strong><em>per</em></strong></span> <span class='ocrx_word' id='word_1_274' title='bbox 800 2109 1006 2163; x_wconf 78' lang='lat' dir='ltr'><strong><em>Filium</em></strong></span> <span class='ocrx_word' id='word_1_275' title='bbox 1034 2110 1502 2180; x_wconf 86' lang='lat' dir='ltr'><strong><em>comprobantes,</em></strong></span> <span class='ocrx_word' id='word_1_276' title='bbox 1525 2108 1892 2164; x_wconf 82' lang='lat' dir='ltr'><strong><em>ostendimus</em></strong></span> 
     </span>
    </p>
   </div>
   <div class='ocr_carea' id='block_1_36' title="bbox 255 2196 1890 2270">
    <p class='ocr_par' dir='ltr' id='par_1_36' title="bbox 255 2196 1890 2270">
     <span class='ocr_line' id='line_1_36' title="bbox 255 2196 1890 2270; baseline 0.001 -20"><span class='ocrx_word' id='word_1_277' title='bbox 255 2196 578 2251; x_wconf 89' lang='lat' dir='ltr'><strong><em>secundum</em></strong></span> <span class='ocrx_word' id='word_1_278' title='bbox 613 2213 740 2251; x_wconf 89' lang='lat' dir='ltr'><strong><em>eam</em></strong></span> <span class='ocrx_word' id='word_1_279' title='bbox 774 2215 951 2268; x_wconf 90' lang='lat' dir='ltr'><strong><em>quam</em></strong></span> <span class='ocrx_word' id='word_1_280' title='bbox 984 2203 1118 2254; x_wconf 86' lang='lat' dir='ltr'><strong><em>ante</em></strong></span> <span class='ocrx_word' id='word_1_281' title='bbox 1136 2196 1890 2270; x_wconf 85' lang='lat' dir='ltr'><strong><em>attulinus,expositionem;</em></strong></span> 
     </span>
    </p>
   </div>
   <div class='ocr_carea' id='block_1_37' title="bbox 257 2284 1891 2355">
    <p class='ocr_par' dir='ltr' id='par_1_37' title="bbox 257 2284 1891 2355">
     <span class='ocr_line' id='line_1_37' title="bbox 257 2284 1891 2355; baseline 0 -16"><span class='ocrx_word' id='word_1_282' title='bbox 257 2299 434 2355; x_wconf 88' lang='lat' dir='ltr'><strong><em>quare</em></strong></span> <span class='ocrx_word' id='word_1_283' title='bbox 465 2285 659 2341; x_wconf 90' lang='lat' dir='ltr'><strong><em>nescio</em></strong></span> <span class='ocrx_word' id='word_1_284' title='bbox 691 2287 986 2342; x_wconf 87' lang='lat' dir='ltr'><strong><em>undenam</em></strong></span> <span class='ocrx_word' id='word_1_285' title='bbox 1026 2287 1186 2342; x_wconf 90' lang='lat' dir='ltr'><strong><em>ducti</em></strong></span> <span class='ocrx_word' id='word_1_286' title='bbox 1224 2287 1332 2343; x_wconf 92' lang='lat' dir='ltr'><strong><em>hac</em></strong></span> <span class='ocrx_word' id='word_1_287' title='bbox 1389 2291 1555 2342; x_wconf 65' lang='lat' dir='ltr'><strong><em>aetate</em></strong></span> <span class='ocrx_word' id='word_1_288' title='bbox 1602 2284 1891 2353; x_wconf 89' lang='lat' dir='ltr'><strong><em>nonnulli,</em></strong></span> 
     </span>
    </p>
   </div>
   <div class='ocr_carea' id='block_1_38' title="bbox 253 2374 1894 2448">
    <p class='ocr_par' dir='ltr' id='par_1_38' title="bbox 253 2374 1894 2448">
     <span class='ocr_line' id='line_1_38' title="bbox 253 2374 1894 2448; baseline 0 -20"><span class='ocrx_word' id='word_1_289' title='bbox 253 2390 370 2429; x_wconf 90' lang='lat' dir='ltr'><strong><em>non</em></strong></span> <span class='ocrx_word' id='word_1_290' title='bbox 401 2374 698 2429; x_wconf 83' lang='lat' dir='ltr'><strong><em>sustinent</em></strong></span> <span class='ocrx_word' id='word_1_291' title='bbox 726 2376 878 2430; x_wconf 89' lang='lat' dir='ltr'><strong><em>dici:</em></strong></span> <span class='ocrx_word' id='word_1_292' title='bbox 914 2377 1180 2448; x_wconf 89' lang='lat' dir='ltr'><strong><em>Spiritum</em></strong></span> <span class='ocrx_word' id='word_1_293' title='bbox 1207 2393 1305 2448; x_wconf 87' lang='lat' dir='ltr'><strong><em>per</em></strong></span> <span class='ocrx_word' id='word_1_294' title='bbox 1348 2377 1550 2432; x_wconf 84' lang='lat' dir='ltr'><strong><em>Filium</em></strong></span> <span class='ocrx_word' id='word_1_295' title='bbox 1604 2375 1894 2447; x_wconf 86' lang='lat' dir='ltr'><strong><em>procedere</em></strong></span> 
     </span>
    </p>
   </div>
   <div class='ocr_carea' id='block_1_39' title="bbox 255 2464 1894 2536">
    <p class='ocr_par' dir='ltr' id='par_1_39' title="bbox 255 2464 1894 2536">
     <span class='ocr_line' id='line_1_39' title="bbox 255 2464 1894 2536; baseline 0 -18"><span class='ocrx_word' id='word_1_296' title='bbox 255 2477 328 2518; x_wconf 76' lang='lat' dir='ltr'><strong><em>ea:</em></strong></span> <span class='ocrx_word' id='word_1_297' title='bbox 357 2467 540 2518; x_wconf 87' lang='lat' dir='ltr'><strong><em>Patre.</em></strong></span> <span class='ocrx_word' id='word_1_298' title='bbox 574 2465 686 2518; x_wconf 87' lang='lat' dir='ltr'><strong><em>Sed</em></strong></span> <span class='ocrx_word' id='word_1_299' title='bbox 716 2464 1040 2531; x_wconf 83' lang='lat' dir='ltr'><strong><em>videamus,</em></strong></span> <span class='ocrx_word' id='word_1_300' title='bbox 1087 2483 1214 2536; x_wconf 65' lang='lat' dir='ltr'><strong><em>qua</em></strong></span> <span class='ocrx_word' id='word_1_301' title='bbox 1256 2465 1327 2520; x_wconf 91' lang='lat' dir='ltr'><strong><em>de</em></strong></span> <span class='ocrx_word' id='word_1_302' title='bbox 1382 2465 1490 2521; x_wconf 86' lang='lat' dir='ltr'><strong><em>hoc</em></strong></span> <span class='ocrx_word' id='word_1_303' title='bbox 1547 2467 1894 2536; x_wconf 86' lang='lat' dir='ltr'><strong><em>argumento</em></strong></span> 
     </span>
    </p>
   </div>
   <div class='ocr_carea' id='block_1_40' title="bbox 258 2551 1892 2626">
    <p class='ocr_par' dir='ltr' id='par_1_40' title="bbox 258 2551 1892 2626">
     <span class='ocr_line' id='line_1_40' title="bbox 258 2551 1892 2626; baseline -0.001 -19"><span class='ocrx_word' id='word_1_304' title='bbox 258 2551 634 2623; x_wconf 84' lang='lat' dir='ltr'><strong><em>Serapionem</em></strong></span> <span class='ocrx_word' id='word_1_305' title='bbox 666 2553 1004 2625; x_wconf 90' lang='lat' dir='ltr'><strong><em>episcopum</em></strong></span> <span class='ocrx_word' id='word_1_306' title='bbox 1037 2571 1140 2625; x_wconf 91' lang='lat' dir='ltr'><strong><em>per</em></strong></span> <span class='ocrx_word' id='word_1_307' title='bbox 1167 2553 1474 2626; x_wconf 85' lang='lat' dir='ltr'><strong><em>epistolam</em></strong></span> <span class='ocrx_word' id='word_1_308' title='bbox 1513 2554 1772 2619; x_wconf 84' lang='lat' dir='ltr'><strong><em>edoceat,</em></strong></span> <span class='ocrx_word' id='word_1_309' title='bbox 1805 2551 1892 2606; x_wconf 91' lang='lat' dir='ltr'><strong><em>di-</em></strong></span> 
     </span>
    </p>
   </div>
   <div class='ocr_carea' id='block_1_41' title="bbox 255 2640 1893 2713">
    <p class='ocr_par' dir='ltr' id='par_1_41' title="bbox 255 2640 1893 2713">
     <span class='ocr_line' id='line_1_41' title="bbox 255 2640 1893 2713; baseline 0.001 -18"><span class='ocrx_word' id='word_1_310' title='bbox 255 2655 430 2713; x_wconf 87' lang='lat' dir='ltr'><strong><em>gnus,</em></strong></span> <span class='ocrx_word' id='word_1_311' title='bbox 463 2640 561 2711; x_wconf 87' lang='lat' dir='ltr'><strong><em>qui</em></strong></span> <span class='ocrx_word' id='word_1_312' title='bbox 591 2640 803 2697; x_wconf 90' lang='lat' dir='ltr'><strong><em>habeat</em></strong></span> <span class='ocrx_word' id='word_1_313' title='bbox 831 2660 899 2698; x_wconf 85' lang='lat' dir='ltr'><strong><em>ex</em></strong></span> <span class='ocrx_word' id='word_1_314' title='bbox 929 2642 1365 2698; x_wconf 87' lang='lat' dir='ltr'><strong><em>immortalitate</em></strong></span> <span class='ocrx_word' id='word_1_315' title='bbox 1389 2641 1893 2708; x_wconf 87' lang='lat' dir='ltr'><strong><em>nomen,Athana-</em></strong></span> 
     </span>
    </p>
   </div>
   <div class='ocr_carea' id='block_1_42' title="bbox 257 2729 1891 2803">
    <p class='ocr_par' dir='ltr' id='par_1_42' title="bbox 257 2729 1891 2803">
     <span class='ocr_line' id='line_1_42' title="bbox 257 2729 1891 2803; baseline 0 -18"><span class='ocrx_word' id='word_1_316' title='bbox 257 2729 382 2785; x_wconf 90' lang='lat' dir='ltr'><strong><em>sius</em></strong></span> <span class='ocrx_word' id='word_1_317' title='bbox 419 2747 431 2784; x_wconf 89' lang='lat'>:</span> <span class='ocrx_word' id='word_1_318' title='bbox 463 2731 929 2799; x_wconf 84' lang='lat' dir='ltr'><strong><em>Quemadmodum</em></strong></span> <span class='ocrx_word' id='word_1_319' title='bbox 959 2749 1179 2801; x_wconf 84' lang='lat' dir='ltr'><strong><em>germen</em></strong></span> <span class='ocrx_word' id='word_1_320' title='bbox 1208 2733 1556 2803; x_wconf 86' lang='lat' dir='ltr'><strong><em>unigenitum</em></strong></span> <span class='ocrx_word' id='word_1_321' title='bbox 1586 2732 1768 2786; x_wconf 85' lang='lat' dir='ltr'><strong><em>Filius</em></strong></span> <span class='ocrx_word' id='word_1_322' title='bbox 1796 2738 1891 2802; x_wconf 90' lang='lat' dir='ltr'><strong><em>est,</em></strong></span> 
     </span>
    </p>
   </div>
   <div class='ocr_carea' id='block_1_43' title="bbox 255 2818 1897 2892">
    <p class='ocr_par' dir='ltr' id='par_1_43' title="bbox 255 2818 1897 2892">
     <span class='ocr_line' id='line_1_43' title="bbox 255 2818 1897 2892; baseline -0.001 -18"><span class='ocrx_word' id='word_1_323' title='bbox 255 2821 338 2874; x_wconf 75' lang='lat' dir='ltr'><strong><em>sic</em></strong></span> <span class='ocrx_word' id='word_1_324' title='bbox 364 2827 415 2874; x_wconf 86' lang='lat' dir='ltr'><strong><em>et</em></strong></span> <span class='ocrx_word' id='word_1_325' title='bbox 445 2818 706 2890; x_wconf 83' lang='lat' dir='ltr'><strong><em>Spiritus,</em></strong></span> <span class='ocrx_word' id='word_1_326' title='bbox 739 2822 836 2892; x_wconf 88' lang='lat' dir='ltr'><strong><em>qui</em></strong></span> <span class='ocrx_word' id='word_1_327' title='bbox 863 2839 897 2875; x_wconf 93' lang='lat' dir='ltr'><strong><em>a</em></strong></span> <span class='ocrx_word' id='word_1_328' title='bbox 925 2822 1065 2876; x_wconf 83' lang='lat' dir='ltr'><strong><em>Filio</em></strong></span> <span class='ocrx_word' id='word_1_329' title='bbox 1094 2821 1257 2876; x_wconf 90' lang='lat' dir='ltr'><strong><em>datur</em></strong></span> <span class='ocrx_word' id='word_1_330' title='bbox 1297 2830 1347 2877; x_wconf 89' lang='lat' dir='ltr'><strong><em>ct</em></strong></span> <span class='ocrx_word' id='word_1_331' title='bbox 1391 2823 1656 2890; x_wconf 84' lang='lat' dir='ltr'><strong><em>mittitur,</em></strong></span> <span class='ocrx_word' id='word_1_332' title='bbox 1703 2822 1753 2874; x_wconf 88' lang='lat' dir='ltr'><strong><em>et</em></strong></span> <span class='ocrx_word' id='word_1_333' title='bbox 1782 2821 1897 2891; x_wconf 80' lang='lat' dir='ltr'><strong><em>ipse</em></strong></span> 
     </span>
    </p>
   </div>
   <div class='ocr_carea' id='block_1_44' title="bbox 257 2909 1897 2982">
    <p class='ocr_par' dir='ltr' id='par_1_44' title="bbox 257 2909 1897 2982">
     <span class='ocr_line' id='line_1_44' title="bbox 257 2909 1897 2982; baseline -0.002 -16"><span class='ocrx_word' id='word_1_334' title='bbox 257 2924 420 2974; x_wconf 83' lang='lat' dir='ltr'><strong><em>unus,</em></strong></span> <span class='ocrx_word' id='word_1_335' title='bbox 474 2911 522 2964; x_wconf 84' lang='lat' dir='ltr'><strong><em>et</em></strong></span> <span class='ocrx_word' id='word_1_336' title='bbox 573 2925 683 2964; x_wconf 90' lang='lat' dir='ltr'><strong><em>non</em></strong></span> <span class='ocrx_word' id='word_1_337' title='bbox 711 2909 916 2980; x_wconf 82' lang='lat' dir='ltr'><strong><em>plures,</em></strong></span> <span class='ocrx_word' id='word_1_338' title='bbox 961 2927 1129 2982; x_wconf 89' lang='lat' dir='ltr'><strong><em>neque</em></strong></span> <span class='ocrx_word' id='word_1_339' title='bbox 1180 2927 1252 2965; x_wconf 75' lang='lat' dir='ltr'><strong><em>ex</em></strong></span> <span class='ocrx_word' id='word_1_340' title='bbox 1292 2911 1549 2981; x_wconf 78' lang='lat' dir='ltr'><strong><em>pluribus</em></strong></span> <span class='ocrx_word' id='word_1_341' title='bbox 1589 2926 1753 2974; x_wconf 89' lang='lat' dir='ltr'><strong><em>unus,</em></strong></span> <span class='ocrx_word' id='word_1_342' title='bbox 1795 2909 1897 2964; x_wconf 87' lang='lat' dir='ltr'><strong><em>sed</em></strong></span> 
     </span>
    </p>
   </div>
   <div class='ocr_carea' id='block_1_45' title="bbox 257 2997 1896 3070">
    <p class='ocr_par' dir='ltr' id='par_1_45' title="bbox 257 2997 1896 3070">
     <span class='ocr_line' id='line_1_45' title="bbox 257 2997 1896 3070; baseline 0.001 -20"><span class='ocrx_word' id='word_1_343' title='bbox 257 2997 406 3051; x_wconf 82' lang='lat' dir='ltr'><strong><em>solus</em></strong></span> <span class='ocrx_word' id='word_1_344' title='bbox 437 2998 548 3068; x_wconf 89' lang='lat' dir='ltr'><strong><em>ipse</em></strong></span> <span class='ocrx_word' id='word_1_345' title='bbox 576 2997 816 3070; x_wconf 88' lang='lat' dir='ltr'><strong><em>Spiritus</em></strong></span> <span class='ocrx_word' id='word_1_346' title='bbox 851 3024 865 3066; x_wconf 87' lang='lat'><strong>;</strong></span> <span class='ocrx_word' id='word_1_347' title='bbox 896 3016 1028 3054; x_wconf 89' lang='lat' dir='ltr'><strong><em>nam</em></strong></span> <span class='ocrx_word' id='word_1_348' title='bbox 1056 3016 1179 3054; x_wconf 89' lang='lat' dir='ltr'><strong><em>cum</em></strong></span> <span class='ocrx_word' id='word_1_349' title='bbox 1211 3017 1354 3054; x_wconf 90' lang='lat' dir='ltr'><strong><em>unus</em></strong></span> <span class='ocrx_word' id='word_1_350' title='bbox 1382 3001 1455 3054; x_wconf 87' lang='lat' dir='ltr'><strong><em>sit</em></strong></span> <span class='ocrx_word' id='word_1_351' title='bbox 1485 2999 1678 3062; x_wconf 81' lang='lat' dir='ltr'><strong><em>Filius,</em></strong></span> <span class='ocrx_word' id='word_1_352' title='bbox 1710 3000 1896 3052; x_wconf 84' lang='lat' dir='ltr'><strong><em>viveus</em></strong></span> 
     </span>
    </p>
   </div>
   <div class='ocr_carea' id='block_1_46' title="bbox 263 3085 1892 3158">
    <p class='ocr_par' dir='ltr' id='par_1_46' title="bbox 263 3085 1892 3158">
     <span class='ocr_line' id='line_1_46' title="bbox 263 3085 1892 3158; baseline -0.002 -16"><span class='ocrx_word' id='word_1_353' title='bbox 263 3085 510 3153; x_wconf 85' lang='lat' dir='ltr'><strong><em>Verbum,</em></strong></span> <span class='ocrx_word' id='word_1_354' title='bbox 542 3103 718 3141; x_wconf 88' lang='lat' dir='ltr'><strong><em>unum</em></strong></span> <span class='ocrx_word' id='word_1_355' title='bbox 749 3090 954 3158; x_wconf 87' lang='lat' dir='ltr'><strong><em>oportet</em></strong></span> <span class='ocrx_word' id='word_1_356' title='bbox 1004 3103 1115 3142; x_wconf 86' lang='lat' dir='ltr'><strong><em>esse</em></strong></span> <span class='ocrx_word' id='word_1_357' title='bbox 1169 3090 1489 3158; x_wconf 78' lang='lat' dir='ltr'><strong><em>perfectam,</em></strong></span> <span class='ocrx_word' id='word_1_358' title='bbox 1547 3086 1892 3156; x_wconf 80' lang='lat' dir='ltr'><strong><em>completam-</em></strong></span> 
     </span>
    </p>
   </div>
   <div class='ocr_carea' id='block_1_47' title="bbox 254 3176 1896 3246">
    <p class='ocr_par' dir='ltr' id='par_1_47' title="bbox 254 3176 1896 3246">
     <span class='ocr_line' id='line_1_47' title="bbox 254 3176 1896 3246; baseline -0.001 -16"><span class='ocrx_word' id='word_1_359' title='bbox 254 3189 358 3246; x_wconf 86' lang='lat' dir='ltr'><strong><em>que</em></strong></span> <span class='ocrx_word' id='word_1_360' title='bbox 387 3176 834 3244; x_wconf 83' lang='lat' dir='ltr'><strong><em>sanctificantem,</em></strong></span> <span class='ocrx_word' id='word_1_361' title='bbox 865 3179 914 3231; x_wconf 88' lang='lat' dir='ltr'><strong><em>et</em></strong></span> <span class='ocrx_word' id='word_1_362' title='bbox 945 3177 1353 3230; x_wconf 79' lang='lat' dir='ltr'><strong><em>illuminantem</em></strong></span> <span class='ocrx_word' id='word_1_363' title='bbox 1389 3177 1580 3243; x_wconf 88' lang='lat' dir='ltr'><strong><em>vitam,</em></strong></span> <span class='ocrx_word' id='word_1_364' title='bbox 1613 3189 1738 3245; x_wconf 72' lang='lat' dir='ltr'><strong><em>quae</em></strong></span> <span class='ocrx_word' id='word_1_365' title='bbox 1765 3189 1896 3243; x_wconf 86' lang='lat' dir='ltr'><strong><em>0pc-</em></strong></span> 
     </span>
    </p>
   </div>
   <div class='ocr_carea' id='block_1_48' title="bbox 254 3264 1895 3337">
    <p class='ocr_par' dir='ltr' id='par_1_48' title="bbox 254 3264 1895 3337">
     <span class='ocr_line' id='line_1_48' title="bbox 254 3264 1895 3337; baseline -0.002 -19"><span class='ocrx_word' id='word_1_366' title='bbox 254 3267 396 3320; x_wconf 85' lang='lat' dir='ltr'><strong><em>ratio</em></strong></span> <span class='ocrx_word' id='word_1_367' title='bbox 449 3265 620 3336; x_wconf 90' lang='lat' dir='ltr'><strong><em>ipsius</em></strong></span> <span class='ocrx_word' id='word_1_368' title='bbox 673 3269 725 3319; x_wconf 89' lang='lat' dir='ltr'><strong><em>et</em></strong></span> <span class='ocrx_word' id='word_1_369' title='bbox 779 3282 983 3321; x_wconf 79' lang='lat' dir='ltr'><strong><em>munus</em></strong></span> <span class='ocrx_word' id='word_1_370' title='bbox 1031 3274 1107 3321; x_wconf 90' lang='lat' dir='ltr'><strong><em>est</em></strong></span> <span class='ocrx_word' id='word_1_371' title='bbox 1145 3283 1167 3326; x_wconf 90' lang='lat'><em>;</em></span> <span class='ocrx_word' id='word_1_372' title='bbox 1215 3281 1330 3337; x_wconf 75' lang='lat' dir='ltr'><strong><em>quae</em></strong></span> <span class='ocrx_word' id='word_1_373' title='bbox 1363 3281 1431 3321; x_wconf 76' lang='lat' dir='ltr'><strong><em>ex</em></strong></span> <span class='ocrx_word' id='word_1_374' title='bbox 1477 3270 1640 3319; x_wconf 89' lang='lat' dir='ltr'><strong><em>Patre</em></strong></span> <span class='ocrx_word' id='word_1_375' title='bbox 1692 3264 1895 3318; x_wconf 86' lang='lat' dir='ltr'><strong><em>dicitur</em></strong></span> 
     </span>
    </p>
   </div>
   <div class='ocr_carea' id='block_1_49' title="bbox 255 3353 1897 3425">
    <p class='ocr_par' dir='ltr' id='par_1_49' title="bbox 255 3353 1897 3425">
     <span class='ocr_line' id='line_1_49' title="bbox 255 3353 1897 3425; baseline 0 -18"><span class='ocrx_word' id='word_1_376' title='bbox 255 3353 565 3424; x_wconf 85' lang='lat' dir='ltr'><strong><em>procedere,</em></strong></span> <span class='ocrx_word' id='word_1_377' title='bbox 598 3355 812 3424; x_wconf 90' lang='lat' dir='ltr'><strong><em>quando</em></strong></span> <span class='ocrx_word' id='word_1_378' title='bbox 865 3371 900 3409; x_wconf 92' lang='lat' dir='ltr'><strong><em>a</em></strong></span> <span class='ocrx_word' id='word_1_379' title='bbox 949 3355 1151 3420; x_wconf 78' lang='lat' dir='ltr'><strong><em>Verbo,</em></strong></span> <span class='ocrx_word' id='word_1_380' title='bbox 1179 3355 1322 3425; x_wconf 88' lang='lat' dir='ltr'><strong><em>quod</em></strong></span> <span class='ocrx_word' id='word_1_381' title='bbox 1349 3369 1418 3408; x_wconf 76' lang='lat' dir='ltr'><strong><em>ea:</em></strong></span> <span class='ocrx_word' id='word_1_382' title='bbox 1460 3353 1622 3408; x_wconf 89' lang='lat' dir='ltr'><strong><em>Patre</em></strong></span> <span class='ocrx_word' id='word_1_383' title='bbox 1653 3361 1747 3424; x_wconf 85' lang='lat' dir='ltr'><strong><em>est,</em></strong></span> <span class='ocrx_word' id='word_1_384' title='bbox 1779 3353 1897 3407; x_wconf 84' lang='lat' dir='ltr'><strong><em>sine</em></strong></span> 
     </span>
    </p>
   </div>
   <div class='ocr_carea' id='block_1_50' title="bbox 253 3441 1531 3507">
    <p class='ocr_par' dir='ltr' id='par_1_50' title="bbox 253 3441 1531 3507">
     <span class='ocr_line' id='line_1_50' title="bbox 253 3441 1531 3507; baseline 0 -11"><span class='ocrx_word' id='word_1_385' title='bbox 253 3441 373 3496; x_wconf 85' lang='lat' dir='ltr'><strong><em>utta</em></strong></span> <span class='ocrx_word' id='word_1_386' title='bbox 403 3441 753 3498; x_wconf 60' lang='lat' dir='ltr'><strong><em>hxsitatione</em></strong></span> <span class='ocrx_word' id='word_1_387' title='bbox 781 3443 973 3507; x_wconf 85' lang='lat' dir='ltr'><strong><em>elucet,</em></strong></span> <span class='ocrx_word' id='word_1_388' title='bbox 1003 3443 1251 3498; x_wconf 85' lang='lat' dir='ltr'><strong><em>mittitur</em></strong></span> <span class='ocrx_word' id='word_1_389' title='bbox 1278 3445 1327 3497; x_wconf 86' lang='lat' dir='ltr'><strong><em>et</em></strong></span> <span class='ocrx_word' id='word_1_390' title='bbox 1351 3441 1531 3497; x_wconf 87' lang='lat' dir='ltr'><strong><em>datur.</em></strong></span> 
     </span>
    </p>
   </div>
   <div class='ocr_carea' id='block_1_51' title="bbox 328 3546 1896 3618">
    <p class='ocr_par' dir='ltr' id='par_1_51' title="bbox 328 3546 1896 3618">
     <span class='ocr_line' id='line_1_51' title="bbox 328 3546 1896 3618; baseline 0.001 -17"><span class='ocrx_word' id='word_1_391' title='bbox 328 3547 382 3602; x_wconf 90' lang='lat'><strong><em>8.</em></strong></span> <span class='ocrx_word' id='word_1_392' title='bbox 417 3546 693 3604; x_wconf 87' lang='lat' dir='ltr'><strong><em>Elucendi</em></strong></span> <span class='ocrx_word' id='word_1_393' title='bbox 746 3548 920 3604; x_wconf 92' lang='lat' dir='ltr'><strong><em>verbo</em></strong></span> <span class='ocrx_word' id='word_1_394' title='bbox 970 3548 1207 3618; x_wconf 89' lang='lat' dir='ltr'><strong><em>quidam</em></strong></span> <span class='ocrx_word' id='word_1_395' title='bbox 1250 3550 1546 3604; x_wconf 86' lang='lat' dir='ltr'><strong><em>mordicus</em></strong></span> <span class='ocrx_word' id='word_1_396' title='bbox 1595 3548 1896 3615; x_wconf 70' lang='lat' dir='ltr'><strong><em>inhaerent,</em></strong></span> 
     </span>
    </p>
   </div>
   <div class='ocr_carea' id='block_1_52' title="bbox 258 3635 1898 3708">
    <p class='ocr_par' dir='ltr' id='par_1_52' title="bbox 258 3635 1898 3708">
     <span class='ocr_line' id='line_1_52' title="bbox 258 3635 1898 3708; baseline 0 -18"><span class='ocrx_word' id='word_1_397' title='bbox 258 3635 614 3706; x_wconf 84' lang='lat' dir='ltr'><strong><em>traduntque</em></strong></span> <span class='ocrx_word' id='word_1_398' title='bbox 670 3652 736 3691; x_wconf 87' lang='lat' dir='ltr'><strong><em>eo</em></strong></span> <span class='ocrx_word' id='word_1_399' title='bbox 785 3635 1314 3708; x_wconf 86' lang='lat' dir='ltr'><strong><em>promulgationem</em></strong></span> <span class='ocrx_word' id='word_1_400' title='bbox 1358 3637 1624 3706; x_wconf 89' lang='lat' dir='ltr'><strong><em>indicari,</em></strong></span> <span class='ocrx_word' id='word_1_401' title='bbox 1660 3653 1772 3692; x_wconf 91' lang='lat' dir='ltr'><strong><em>non</em></strong></span> <span class='ocrx_word' id='word_1_402' title='bbox 1803 3653 1898 3691; x_wconf 84' lang='lat' dir='ltr'><strong><em>ex-</em></strong></span> 
     </span>
    </p>
   </div>
   <div class='ocr_carea' id='block_1_53' title="bbox 261 3722 1898 3797">
    <p class='ocr_par' dir='ltr' id='par_1_53' title="bbox 261 3722 1898 3797">
     <span class='ocr_line' id='line_1_53' title="bbox 261 3722 1898 3797; baseline 0.001 -19"><span class='ocrx_word' id='word_1_403' title='bbox 261 3722 593 3778; x_wconf 86' lang='lat' dir='ltr'><strong><em>sistentiam</em></strong></span> <span class='ocrx_word' id='word_1_404' title='bbox 629 3739 642 3776; x_wconf 91' lang='lat'>:</span> <span class='ocrx_word' id='word_1_405' title='bbox 678 3741 930 3795; x_wconf 85' lang='lat' dir='ltr'><strong><em>namque</em></strong></span> <span class='ocrx_word' id='word_1_406' title='bbox 960 3741 1063 3796; x_wconf 91' lang='lat' dir='ltr'><strong><em>per</em></strong></span> <span class='ocrx_word' id='word_1_407' title='bbox 1086 3726 1373 3797; x_wconf 87' lang='lat' dir='ltr'><strong><em>procedere</em></strong></span> <span class='ocrx_word' id='word_1_408' title='bbox 1428 3732 1599 3781; x_wconf 87' lang='lat' dir='ltr'><strong><em>antea</em></strong></span> <span class='ocrx_word' id='word_1_409' title='bbox 1643 3726 1898 3797; x_wconf 88' lang='lat' dir='ltr'><strong><em>positum</em></strong></span> 
     </span>
    </p>
   </div>
   <div class='ocr_carea' id='block_1_54' title="bbox 263 3810 1900 3886">
    <p class='ocr_par' dir='ltr' id='par_1_54' title="bbox 263 3810 1900 3886">
     <span class='ocr_line' id='line_1_54' title="bbox 263 3810 1900 3886; baseline 0.001 -20"><span class='ocrx_word' id='word_1_410' title='bbox 263 3810 661 3867; x_wconf 88' lang='lat' dir='ltr'><strong><em>exsistentiam</em></strong></span> <span class='ocrx_word' id='word_1_411' title='bbox 694 3813 1077 3869; x_wconf 86' lang='lat' dir='ltr'><strong><em>manifestari.</em></strong></span> <span class='ocrx_word' id='word_1_412' title='bbox 1120 3815 1178 3869; x_wconf 91' lang='lat' dir='ltr'><strong><em>Si</em></strong></span> <span class='ocrx_word' id='word_1_413' title='bbox 1222 3816 1414 3886; x_wconf 83' lang='lat' dir='ltr'><strong><em>itaque</em></strong></span> <span class='ocrx_word' id='word_1_414' title='bbox 1472 3815 1720 3886; x_wconf 83' lang='lat' dir='ltr'><strong><em>Spiritus</em></strong></span> <span class='ocrx_word' id='word_1_415' title='bbox 1769 3831 1900 3886; x_wconf 88' lang='lat' dir='ltr'><strong><em>pro-</em></strong></span> 
     </span>
    </p>
   </div>
   <div class='ocr_carea' id='block_1_55' title="bbox 265 3899 1901 3974">
    <p class='ocr_par' dir='ltr' id='par_1_55' title="bbox 265 3899 1901 3974">
     <span class='ocr_line' id='line_1_55' title="bbox 265 3899 1901 3974; baseline 0.002 -20"><span class='ocrx_word' id='word_1_416' title='bbox 265 3899 468 3954; x_wconf 87' lang='lat' dir='ltr'><strong><em>cedere</em></strong></span> <span class='ocrx_word' id='word_1_417' title='bbox 516 3899 732 3954; x_wconf 88' lang='lat' dir='ltr'><strong><em>dicitur</em></strong></span> <span class='ocrx_word' id='word_1_418' title='bbox 786 3919 855 3957; x_wconf 83' lang='lat' dir='ltr'><strong><em>ex</em></strong></span> <span class='ocrx_word' id='word_1_419' title='bbox 884 3903 1074 3966; x_wconf 86' lang='lat' dir='ltr'><strong><em>Patre,</em></strong></span> <span class='ocrx_word' id='word_1_420' title='bbox 1106 3905 1380 3974; x_wconf 90' lang='lat' dir='ltr'><strong><em>quoniam</em></strong></span> <span class='ocrx_word' id='word_1_421' title='bbox 1433 3921 1467 3958; x_wconf 91' lang='lat' dir='ltr'><strong><em>a</em></strong></span> <span class='ocrx_word' id='word_1_422' title='bbox 1501 3904 1687 3958; x_wconf 89' lang='lat' dir='ltr'><strong><em>Verbo</em></strong></span> <span class='ocrx_word' id='word_1_423' title='bbox 1714 3904 1901 3958; x_wconf 88' lang='lat' dir='ltr'><strong><em>mani-</em></strong></span> 
     </span>
    </p>
   </div>
   <div class='ocr_carea' id='block_1_56' title="bbox 265 3987 1903 4063">
    <p class='ocr_par' dir='ltr' id='par_1_56' title="bbox 265 3987 1903 4063">
     <span class='ocr_line' id='line_1_56' title="bbox 265 3987 1903 4063; baseline 0.003 -22"><span class='ocrx_word' id='word_1_424' title='bbox 265 3987 533 4056; x_wconf 81' lang='lat' dir='ltr'><strong><em>festatur,</em></strong></span> <span class='ocrx_word' id='word_1_425' title='bbox 565 4006 698 4044; x_wconf 90' lang='lat' dir='ltr'><strong><em>cum</em></strong></span> <span class='ocrx_word' id='word_1_426' title='bbox 731 4007 846 4045; x_wconf 91' lang='lat' dir='ltr'><strong><em>non</em></strong></span> <span class='ocrx_word' id='word_1_427' title='bbox 890 3992 1320 4058; x_wconf 85' lang='lat' dir='ltr'><strong><em>manifestatur,</em></strong></span> <span class='ocrx_word' id='word_1_428' title='bbox 1369 4009 1557 4063; x_wconf 87' lang='lat' dir='ltr'><strong><em>neque</em></strong></span> <span class='ocrx_word' id='word_1_429' title='bbox 1613 4009 1681 4047; x_wconf 84' lang='lat' dir='ltr'><strong><em>ex</em></strong></span> <span class='ocrx_word' id='word_1_430' title='bbox 1737 3993 1903 4047; x_wconf 84' lang='lat' dir='ltr'><strong><em>Patre</em></strong></span> 
     </span>
    </p>
   </div>
   <div class='ocr_carea' id='block_1_57' title="bbox 265 4077 1900 4151">
    <p class='ocr_par' dir='ltr' id='par_1_57' title="bbox 265 4077 1900 4151">
     <span class='ocr_line' id='line_1_57' title="bbox 265 4077 1900 4151; baseline 0.001 -20"><span class='ocrx_word' id='word_1_431' title='bbox 265 4077 577 4149; x_wconf 88' lang='lat' dir='ltr'><strong><em>procedere</em></strong></span> <span class='ocrx_word' id='word_1_432' title='bbox 620 4077 866 4134; x_wconf 87' lang='lat' dir='ltr'><strong><em>dicetur.</em></strong></span> <span class='ocrx_word' id='word_1_433' title='bbox 915 4081 1001 4134; x_wconf 87' lang='lat' dir='ltr'><strong><em>An</em></strong></span> <span class='ocrx_word' id='word_1_434' title='bbox 1054 4081 1238 4151; x_wconf 84' lang='lat' dir='ltr'><strong><em>igitur</em></strong></span> <span class='ocrx_word' id='word_1_435' title='bbox 1289 4087 1420 4135; x_wconf 87' lang='lat' dir='ltr'><strong><em>ante</em></strong></span> <span class='ocrx_word' id='word_1_436' title='bbox 1479 4099 1570 4135; x_wconf 91' lang='lat' dir='ltr'><strong><em>res</em></strong></span> <span class='ocrx_word' id='word_1_437' title='bbox 1618 4081 1900 4146; x_wconf 85' lang='lat' dir='ltr'><strong><em>conditas,</em></strong></span> 
     </span>
    </p>
   </div>
   <div class='ocr_carea' id='block_1_58' title="bbox 266 4165 1904 4239">
    <p class='ocr_par' dir='ltr' id='par_1_58' title="bbox 266 4165 1904 4239">
     <span class='ocr_line' id='line_1_58' title="bbox 266 4165 1904 4239; baseline 0.002 -18"><span class='ocrx_word' id='word_1_438' title='bbox 266 4165 388 4222; x_wconf 90' lang='lat' dir='ltr'><strong><em>sive</em></strong></span> <span class='ocrx_word' id='word_1_439' title='bbox 434 4167 702 4238; x_wconf 88' lang='lat' dir='ltr'><strong><em>sensiles,</em></strong></span> <span class='ocrx_word' id='word_1_440' title='bbox 753 4167 872 4223; x_wconf 89' lang='lat' dir='ltr'><strong><em>sive</em></strong></span> <span class='ocrx_word' id='word_1_441' title='bbox 919 4169 1362 4239; x_wconf 88' lang='lat' dir='ltr'><strong><em>intellectuales,</em></strong></span> <span class='ocrx_word' id='word_1_442' title='bbox 1414 4171 1686 4239; x_wconf 89' lang='lat' dir='ltr'><strong><em>quibusa</em></strong></span> <span class='ocrx_word' id='word_1_443' title='bbox 1716 4170 1904 4224; x_wconf 85' lang='lat' dir='ltr'><strong><em>Verbo</em></strong></span> 
     </span>
    </p>
   </div>
   <div class='ocr_carea' id='block_1_59' title="bbox 270 4255 1906 4328">
    <p class='ocr_par' dir='ltr' id='par_1_59' title="bbox 270 4255 1906 4328">
     <span class='ocr_line' id='line_1_59' title="bbox 270 4255 1906 4328; baseline 0.002 -18"><span class='ocrx_word' id='word_1_444' title='bbox 270 4255 681 4311; x_wconf 86' lang='lat' dir='ltr'><strong><em>manifestatus</em></strong></span> <span class='ocrx_word' id='word_1_445' title='bbox 702 4261 791 4312; x_wconf 89' lang='lat' dir='ltr'><strong><em>est</em></strong></span> <span class='ocrx_word' id='word_1_446' title='bbox 837 4257 1088 4328; x_wconf 88' lang='lat' dir='ltr'><strong><em>Spiritus</em></strong></span> <span class='ocrx_word' id='word_1_447' title='bbox 1120 4264 1381 4328; x_wconf 88' lang='lat' dir='ltr'><strong><em>sanctus,</em></strong></span> <span class='ocrx_word' id='word_1_448' title='bbox 1410 4276 1525 4312; x_wconf 88' lang='lat' dir='ltr'><strong><em>non</em></strong></span> <span class='ocrx_word' id='word_1_449' title='bbox 1576 4259 1800 4312; x_wconf 89' lang='lat' dir='ltr'><strong><em>dicetur</em></strong></span> <span class='ocrx_word' id='word_1_450' title='bbox 1839 4275 1906 4313; x_wconf 81' lang='lat' dir='ltr'><strong><em>ex</em></strong></span> 
     </span>
    </p>
   </div>
   <div class='ocr_carea' id='block_1_60' title="bbox 267 4346 1904 4418">
    <p class='ocr_par' dir='ltr' id='par_1_60' title="bbox 267 4346 1904 4418">
     <span class='ocr_line' id='line_1_60' title="bbox 267 4346 1904 4418; baseline 0.001 -19"><span class='ocrx_word' id='word_1_451' title='bbox 267 4348 436 4400; x_wconf 88' lang='lat' dir='ltr'><strong><em>Patre</em></strong></span> <span class='ocrx_word' id='word_1_452' title='bbox 469 4347 781 4417; x_wconf 87' lang='lat' dir='ltr'><strong><em>procedere</em></strong></span> <span class='ocrx_word' id='word_1_453' title='bbox 809 4346 837 4400; x_wconf 86' lang='lat'><strong><em>?</em></strong></span> <span class='ocrx_word' id='word_1_454' title='bbox 865 4347 1372 4410; x_wconf 85' lang='lat' dir='ltr'><strong><em>Quemadmodum</em></strong></span> <span class='ocrx_word' id='word_1_455' title='bbox 1415 4347 1570 4401; x_wconf 87' lang='lat' dir='ltr'><strong><em>enim</em></strong></span> <span class='ocrx_word' id='word_1_456' title='bbox 1630 4347 1904 4418; x_wconf 87' lang='lat' dir='ltr'><strong><em>quopiam</em></strong></span> 
     </span>
    </p>
   </div>
   <div class='ocr_carea' id='block_1_61' title="bbox 267 4434 1905 4505">
    <p class='ocr_par' dir='ltr' id='par_1_61' title="bbox 267 4434 1905 4505">
     <span class='ocr_line' id='line_1_61' title="bbox 267 4434 1905 4505; baseline 0 -15"><span class='ocrx_word' id='word_1_457' title='bbox 267 4434 494 4491; x_wconf 87' lang='lat' dir='ltr'><strong><em>dicente</em></strong></span> <span class='ocrx_word' id='word_1_458' title='bbox 526 4436 825 4490; x_wconf 88' lang='lat' dir='ltr'><strong><em>hominem</em></strong></span> <span class='ocrx_word' id='word_1_459' title='bbox 857 4436 1172 4491; x_wconf 86' lang='lat' dir='ltr'><strong><em>essentiam</em></strong></span> <span class='ocrx_word' id='word_1_460' title='bbox 1206 4436 1546 4505; x_wconf 88' lang='lat' dir='ltr'><strong><em>animatam,</em></strong></span> <span class='ocrx_word' id='word_1_461' title='bbox 1607 4436 1905 4502; x_wconf 89' lang='lat' dir='ltr'><strong><em>sensilem,</em></strong></span> 
     </span>
    </p>
   </div>
   <div class='ocr_carea' id='block_1_62' title="bbox 270 4523 1906 4594">
    <p class='ocr_par' dir='ltr' id='par_1_62' title="bbox 270 4523 1906 4594">
     <span class='ocr_line' id='line_1_62' title="bbox 270 4523 1906 4594; baseline 0 -16"><span class='ocrx_word' id='word_1_462' title='bbox 270 4524 748 4594; x_wconf 88' lang='lat' dir='ltr'><strong><em>quandoquidem</em></strong></span> <span class='ocrx_word' id='word_1_463' title='bbox 781 4523 1000 4579; x_wconf 88' lang='lat' dir='ltr'><strong><em>animal</em></strong></span> <span class='ocrx_word' id='word_1_464' title='bbox 1031 4528 1141 4589; x_wconf 89' lang='lat' dir='ltr'><strong><em>est,</em></strong></span> <span class='ocrx_word' id='word_1_465' title='bbox 1175 4525 1222 4578; x_wconf 88' lang='lat' dir='ltr'><strong><em>si</em></strong></span> <span class='ocrx_word' id='word_1_466' title='bbox 1273 4523 1424 4578; x_wconf 86' lang='lat' dir='ltr'><strong><em>alius</em></strong></span> <span class='ocrx_word' id='word_1_467' title='bbox 1455 4541 1692 4579; x_wconf 89' lang='lat' dir='ltr'><strong><em>causam</em></strong></span> <span class='ocrx_word' id='word_1_468' title='bbox 1752 4542 1906 4579; x_wconf 89' lang='lat' dir='ltr'><strong><em>ever-</em></strong></span> 
     </span>
    </p>
   </div>
   <div class='ocr_carea' id='block_1_63' title="bbox 269 4611 1905 4684">
    <p class='ocr_par' dir='ltr' id='par_1_63' title="bbox 269 4611 1905 4684">
     <span class='ocr_line' id='line_1_63' title="bbox 269 4611 1905 4684; baseline 0 -16"><span class='ocrx_word' id='word_1_469' title='bbox 269 4617 390 4668; x_wconf 84' lang='lat' dir='ltr'><strong><em>tere</em></strong></span> <span class='ocrx_word' id='word_1_470' title='bbox 449 4614 657 4684; x_wconf 90' lang='lat' dir='ltr'><strong><em>possit,</em></strong></span> <span class='ocrx_word' id='word_1_471' title='bbox 718 4611 1121 4669; x_wconf 89' lang='lat' dir='ltr'><strong><em>inductionem</em></strong></span> <span class='ocrx_word' id='word_1_472' title='bbox 1180 4613 1355 4668; x_wconf 87' lang='lat' dir='ltr'><strong><em>etiam</em></strong></span> <span class='ocrx_word' id='word_1_473' title='bbox 1413 4619 1664 4668; x_wconf 90' lang='lat' dir='ltr'><strong><em>evertet:</em></strong></span> <span class='ocrx_word' id='word_1_474' title='bbox 1705 4614 1905 4668; x_wconf 90' lang='lat' dir='ltr'><strong><em>eadem</em></strong></span> 
     </span>
    </p>
   </div>
   <div class='ocr_carea' id='block_1_64' title="bbox 271 4701 1908 4775">
    <p class='ocr_par' dir='ltr' id='par_1_64' title="bbox 271 4701 1908 4775">
     <span class='ocr_line' id='line_1_64' title="bbox 271 4701 1908 4775; baseline 0 -19"><span class='ocrx_word' id='word_1_475' title='bbox 271 4701 495 4756; x_wconf 89' lang='lat' dir='ltr'><strong><em>ratione</em></strong></span> <span class='ocrx_word' id='word_1_476' title='bbox 537 4701 745 4756; x_wconf 83' lang='lat' dir='ltr'><strong><em>talium</em></strong></span> <span class='ocrx_word' id='word_1_477' title='bbox 805 4702 1111 4757; x_wconf 88' lang='lat' dir='ltr'><strong><em>hominum</em></strong></span> <span class='ocrx_word' id='word_1_478' title='bbox 1159 4703 1558 4775; x_wconf 86' lang='lat' dir='ltr'><strong><em>suppositione</em></strong></span> <span class='ocrx_word' id='word_1_479' title='bbox 1615 4703 1908 4773; x_wconf 88' lang='lat' dir='ltr'><strong><em>submota,</em></strong></span> 
     </span>
    </p>
   </div>
   <div class='ocr_carea' id='block_1_65' title="bbox 271 4790 1910 4864">
    <p class='ocr_par' dir='ltr' id='par_1_65' title="bbox 271 4790 1910 4864">
     <span class='ocr_line' id='line_1_65' title="bbox 271 4790 1910 4864; baseline 0 -19"><span class='ocrx_word' id='word_1_480' title='bbox 271 4791 422 4861; x_wconf 91' lang='lat' dir='ltr'><strong><em>quod</em></strong></span> <span class='ocrx_word' id='word_1_481' title='bbox 454 4791 589 4846; x_wconf 89' lang='lat' dir='ltr'><strong><em>inde</em></strong></span> <span class='ocrx_word' id='word_1_482' title='bbox 619 4790 934 4864; x_wconf 85' lang='lat' dir='ltr'><strong><em>colligitur,</em></strong></span> <span class='ocrx_word' id='word_1_483' title='bbox 964 4797 1244 4861; x_wconf 85' lang='lat' dir='ltr'><strong><em>quantum</em></strong></span> <span class='ocrx_word' id='word_1_484' title='bbox 1277 4792 1335 4845; x_wconf 91' lang='lat' dir='ltr'><strong><em>in</em></strong></span> <span class='ocrx_word' id='word_1_485' title='bbox 1367 4790 1511 4862; x_wconf 88' lang='lat' dir='ltr'><strong><em>ipsis</em></strong></span> <span class='ocrx_word' id='word_1_486' title='bbox 1541 4791 1910 4857; x_wconf 88' lang='lat' dir='ltr'><strong><em>est,destrue-</em></strong></span> 
     </span>
    </p>
   </div>
   <div class='ocr_carea' id='block_1_66' title="bbox 265 4881 381 4932">
    <p class='ocr_par' dir='ltr' id='par_1_66' title="bbox 265 4881 381 4932">
     <span class='ocr_line' id='line_1_66' title="bbox 265 4881 381 4932; baseline -0.026 0"><span class='ocrx_word' id='word_1_487' title='bbox 265 4881 381 4932; x_wconf 91' lang='lat' dir='ltr'><strong><em>tur.</em></strong></span> 
     </span>
    </p>
   </div>
   <div class='ocr_carea' id='block_1_67' title="bbox 341 4965 1908 5038">
    <p class='ocr_par' dir='ltr' id='par_1_67' title="bbox 341 4965 1908 5038">
     <span class='ocr_line' id='line_1_67' title="bbox 341 4965 1908 5038; baseline 0.001 -18"><span class='ocrx_word' id='word_1_488' title='bbox 341 4967 396 5021; x_wconf 88' lang='lat'><strong><em>9.</em></strong></span> <span class='ocrx_word' id='word_1_489' title='bbox 428 4967 498 5021; x_wconf 89' lang='lat' dir='ltr'><strong><em>Et</em></strong></span> <span class='ocrx_word' id='word_1_490' title='bbox 525 4965 584 5020; x_wconf 88' lang='lat' dir='ltr'><strong><em>hi</em></strong></span> <span class='ocrx_word' id='word_1_491' title='bbox 615 4966 849 5038; x_wconf 89' lang='lat' dir='ltr'><strong><em>quidem</em></strong></span> <span class='ocrx_word' id='word_1_492' title='bbox 908 4967 1118 5035; x_wconf 86' lang='lat' dir='ltr'><strong><em>adhuc,</em></strong></span> <span class='ocrx_word' id='word_1_493' title='bbox 1170 4971 1406 5038; x_wconf 88' lang='lat' dir='ltr'><strong><em>propter</em></strong></span> <span class='ocrx_word' id='word_1_494' title='bbox 1461 4968 1615 5038; x_wconf 90' lang='lat' dir='ltr'><strong><em>quod</em></strong></span> <span class='ocrx_word' id='word_1_495' title='bbox 1660 4967 1908 5035; x_wconf 88' lang='lat' dir='ltr'><strong><em>dicatur,</em></strong></span> 
     </span>
    </p>
   </div>
   <div class='ocr_carea' id='block_1_68' title="bbox 269 5055 1908 5128">
    <p class='ocr_par' dir='ltr' id='par_1_68' title="bbox 269 5055 1908 5128">
     <span class='ocr_line' id='line_1_68' title="bbox 269 5055 1908 5128; baseline 0.001 -20"><span class='ocrx_word' id='word_1_496' title='bbox 269 5055 522 5126; x_wconf 87' lang='lat' dir='ltr'><strong><em>Spiritus</em></strong></span> <span class='ocrx_word' id='word_1_497' title='bbox 552 5071 620 5110; x_wconf 83' lang='lat' dir='ltr'><strong><em>ex</em></strong></span> <span class='ocrx_word' id='word_1_498' title='bbox 668 5055 836 5111; x_wconf 86' lang='lat' dir='ltr'><strong><em>Patre</em></strong></span> <span class='ocrx_word' id='word_1_499' title='bbox 873 5057 1204 5128; x_wconf 89' lang='lat' dir='ltr'><strong><em>procedere,</em></strong></span> <span class='ocrx_word' id='word_1_500' title='bbox 1252 5061 1528 5126; x_wconf 69' lang='lat' dir='ltr'><strong><em>quaerent.</em></strong></span> <span class='ocrx_word' id='word_1_501' title='bbox 1562 5056 1679 5110; x_wconf 91' lang='lat' dir='ltr'><strong><em>Nos</em></strong></span> <span class='ocrx_word' id='word_1_502' title='bbox 1707 5072 1908 5110; x_wconf 89' lang='lat' dir='ltr'><strong><em>verum</em></strong></span> 
     </span>
    </p>
   </div>
   <div class='ocr_carea' id='block_1_69' title="bbox 271 5142 1909 5215">
    <p class='ocr_par' dir='ltr' id='par_1_69' title="bbox 271 5142 1909 5215">
     <span class='ocr_line' id='line_1_69' title="bbox 271 5142 1909 5215; baseline 0.001 -17"><span class='ocrx_word' id='word_1_503' title='bbox 271 5142 547 5200; x_wconf 89' lang='lat' dir='ltr'><strong><em>dictionis</em></strong></span> <span class='ocrx_word' id='word_1_504' title='bbox 567 5143 962 5215; x_wconf 85' lang='lat' dir='ltr'><strong><em>signiﬁcatum</em></strong></span> <span class='ocrx_word' id='word_1_505' title='bbox 995 5145 1548 5215; x_wconf 88' lang='lat' dir='ltr'><strong><em>assumentes,hunc</em></strong></span> <span class='ocrx_word' id='word_1_506' title='bbox 1578 5144 1637 5199; x_wconf 93' lang='lat' dir='ltr'><strong><em>in</em></strong></span> <span class='ocrx_word' id='word_1_507' title='bbox 1669 5145 1909 5200; x_wconf 90' lang='lat' dir='ltr'><strong><em>modum</em></strong></span> 
     </span>
    </p>
   </div>
   <div class='ocr_carea' id='block_1_70' title="bbox 271 5233 1909 5305">
    <p class='ocr_par' dir='ltr' id='par_1_70' title="bbox 271 5233 1909 5305">
     <span class='ocr_line' id='line_1_70' title="bbox 271 5233 1909 5305; baseline 0.001 -19"><span class='ocrx_word' id='word_1_508' title='bbox 271 5235 774 5303; x_wconf 86' lang='lat' dir='ltr'><strong><em>argumentemur.</em></strong></span> <span class='ocrx_word' id='word_1_509' title='bbox 837 5233 1091 5303; x_wconf 88' lang='lat' dir='ltr'><strong><em>Spiritus</em></strong></span> <span class='ocrx_word' id='word_1_510' title='bbox 1149 5251 1216 5288; x_wconf 87' lang='lat' dir='ltr'><strong><em>ex</em></strong></span> <span class='ocrx_word' id='word_1_511' title='bbox 1272 5235 1483 5300; x_wconf 78' lang='lat' dir='ltr'><strong><em>Verbo,</em></strong></span> <span class='ocrx_word' id='word_1_512' title='bbox 1528 5250 1628 5305; x_wconf 87' lang='lat' dir='ltr'><strong><em>per</em></strong></span> <span class='ocrx_word' id='word_1_513' title='bbox 1659 5234 1909 5290; x_wconf 85' lang='lat' dir='ltr'><strong><em>Verbum</em></strong></span> 
     </span>
    </p>
   </div>
   <div class='ocr_carea' id='block_1_71' title="bbox 272 5319 1912 5393">
    <p class='ocr_par' dir='ltr' id='par_1_71' title="bbox 272 5319 1912 5393">
     <span class='ocr_line' id='line_1_71' title="bbox 272 5319 1912 5393; baseline 0.002 -18"><span class='ocrx_word' id='word_1_514' title='bbox 272 5319 492 5376; x_wconf 87' lang='lat' dir='ltr'><strong><em>scilicet</em></strong></span> <span class='ocrx_word' id='word_1_515' title='bbox 523 5320 764 5392; x_wconf 76' lang='lat' dir='ltr'><strong><em>proﬂuit</em></strong></span> <span class='ocrx_word' id='word_1_516' title='bbox 792 5337 860 5374; x_wconf 84' lang='lat' dir='ltr'><strong><em>ex</em></strong></span> <span class='ocrx_word' id='word_1_517' title='bbox 910 5321 1098 5390; x_wconf 90' lang='lat' dir='ltr'><strong><em>Patre,</em></strong></span> <span class='ocrx_word' id='word_1_518' title='bbox 1149 5323 1645 5393; x_wconf 85' lang='lat' dir='ltr'><strong><em>quemadmodum</em></strong></span> <span class='ocrx_word' id='word_1_519' title='bbox 1694 5341 1762 5378; x_wconf 83' lang='lat' dir='ltr'><strong><em>ex</em></strong></span> <span class='ocrx_word' id='word_1_520' title='bbox 1791 5322 1912 5378; x_wconf 91' lang='lat' dir='ltr'><strong><em>sole</em></strong></span> 
     </span>
    </p>
   </div>
   <div class='ocr_carea' id='block_1_72' title="bbox 270 5407 1912 5482">
    <p class='ocr_par' dir='ltr' id='par_1_72' title="bbox 270 5407 1912 5482">
     <span class='ocr_line' id='line_1_72' title="bbox 270 5407 1912 5482; baseline 0.002 -19"><span class='ocrx_word' id='word_1_521' title='bbox 270 5426 375 5481; x_wconf 92' lang='lat' dir='ltr'><strong><em>per</em></strong></span> <span class='ocrx_word' id='word_1_522' title='bbox 423 5409 625 5464; x_wconf 89' lang='lat' dir='ltr'><strong><em>lumen</em></strong></span> <span class='ocrx_word' id='word_1_523' title='bbox 674 5407 1017 5464; x_wconf 88' lang='lat' dir='ltr'><strong><em>illuminans</em></strong></span> <span class='ocrx_word' id='word_1_524' title='bbox 1068 5409 1365 5482; x_wconf 87' lang='lat' dir='ltr'><strong><em>splendor.</em></strong></span> <span class='ocrx_word' id='word_1_525' title='bbox 1415 5411 1474 5466; x_wconf 87' lang='lat' dir='ltr'><strong><em>Id</em></strong></span> <span class='ocrx_word' id='word_1_526' title='bbox 1525 5429 1658 5467; x_wconf 89' lang='lat' dir='ltr'><strong><em>cum</em></strong></span> <span class='ocrx_word' id='word_1_527' title='bbox 1704 5412 1785 5467; x_wconf 90' lang='lat' dir='ltr'><strong><em>ita</em></strong></span> <span class='ocrx_word' id='word_1_528' title='bbox 1813 5413 1912 5478; x_wconf 90' lang='lat' dir='ltr'><strong><em>sit,</em></strong></span> 
     </span>
    </p>
   </div>
   <div class='ocr_carea' id='block_1_73' title="bbox 269 5497 1911 5572">
    <p class='ocr_par' dir='ltr' id='par_1_73' title="bbox 269 5497 1911 5572">
     <span class='ocr_line' id='line_1_73' title="bbox 269 5497 1911 5572; baseline -0.001 -18"><span class='ocrx_word' id='word_1_529' title='bbox 269 5503 327 5554; x_wconf 89' lang='lat' dir='ltr'><strong><em>et</em></strong></span> <span class='ocrx_word' id='word_1_530' title='bbox 353 5497 610 5554; x_wconf 88' lang='lat' dir='ltr'><strong><em>Verbum</em></strong></span> <span class='ocrx_word' id='word_1_531' title='bbox 644 5515 710 5552; x_wconf 85' lang='lat' dir='ltr'><strong><em>ex</em></strong></span> <span class='ocrx_word' id='word_1_532' title='bbox 745 5497 910 5552; x_wconf 89' lang='lat' dir='ltr'><strong><em>Patre</em></strong></span> <span class='ocrx_word' id='word_1_533' title='bbox 941 5499 1290 5552; x_wconf 82' lang='lat' dir='ltr'><strong><em>conﬁtemur</em></strong></span> <span class='ocrx_word' id='word_1_534' title='bbox 1325 5519 1336 5567; x_wconf 91' lang='lat'>;</span> <span class='ocrx_word' id='word_1_535' title='bbox 1370 5505 1674 5572; x_wconf 84' lang='lat' dir='ltr'><strong><em>prOpterea</em></strong></span> <span class='ocrx_word' id='word_1_536' title='bbox 1703 5505 1759 5556; x_wconf 85' lang='lat' dir='ltr'><strong><em>et</em></strong></span> <span class='ocrx_word' id='word_1_537' title='bbox 1789 5501 1911 5572; x_wconf 82' lang='lat' dir='ltr'><strong><em>Spi-</em></strong></span> 
     </span>
    </p>
   </div>
   <div class='ocr_carea' id='block_1_74' title="bbox 272 5586 1914 5660">
    <p class='ocr_par' dir='ltr' id='par_1_74' title="bbox 272 5586 1914 5660">
     <span class='ocr_line' id='line_1_74' title="bbox 272 5586 1914 5660; baseline 0.001 -18"><span class='ocrx_word' id='word_1_538' title='bbox 272 5586 422 5642; x_wconf 89' lang='lat' dir='ltr'><strong><em>ritus</em></strong></span> <span class='ocrx_word' id='word_1_539' title='bbox 454 5605 521 5643; x_wconf 83' lang='lat' dir='ltr'><strong><em>ex</em></strong></span> <span class='ocrx_word' id='word_1_540' title='bbox 557 5587 721 5642; x_wconf 90' lang='lat' dir='ltr'><strong><em>Patre</em></strong></span> <span class='ocrx_word' id='word_1_541' title='bbox 753 5587 1062 5657; x_wconf 87' lang='lat' dir='ltr'><strong><em>procedere</em></strong></span> <span class='ocrx_word' id='word_1_542' title='bbox 1093 5587 1326 5643; x_wconf 87' lang='lat' dir='ltr'><strong><em>dicitur.</em></strong></span> <span class='ocrx_word' id='word_1_543' title='bbox 1353 5589 1606 5660; x_wconf 88' lang='lat' dir='ltr'><strong><em>Usurpat</em></strong></span> <span class='ocrx_word' id='word_1_544' title='bbox 1633 5607 1765 5644; x_wconf 87' lang='lat' dir='ltr'><strong><em>vero</em></strong></span> <span class='ocrx_word' id='word_1_545' title='bbox 1798 5589 1914 5644; x_wconf 86' lang='lat' dir='ltr'><strong><em>dic-</em></strong></span> 
     </span>
    </p>
   </div>
   <div class='ocr_carea' id='block_1_75' title="bbox 273 5674 1910 5750">
    <p class='ocr_par' dir='ltr' id='par_1_75' title="bbox 273 5674 1910 5750">
     <span class='ocr_line' id='line_1_75' title="bbox 273 5674 1910 5750; baseline 0.002 -19"><span class='ocrx_word' id='word_1_546' title='bbox 273 5677 494 5732; x_wconf 89' lang='lat' dir='ltr'><strong><em>tionem</em></strong></span> <span class='ocrx_word' id='word_1_547' title='bbox 528 5676 718 5742; x_wconf 80' lang='lat' dir='ltr'><strong><em>etucet,</em></strong></span> <span class='ocrx_word' id='word_1_548' title='bbox 753 5674 825 5730; x_wconf 90' lang='lat' dir='ltr'><strong><em>ad</em></strong></span> <span class='ocrx_word' id='word_1_549' title='bbox 858 5675 1306 5731; x_wconf 87' lang='lat' dir='ltr'><strong><em>similitudinem</em></strong></span> <span class='ocrx_word' id='word_1_550' title='bbox 1336 5676 1462 5732; x_wconf 63' lang='lat' dir='ltr'><strong><em>vitae</em></strong></span> <span class='ocrx_word' id='word_1_551' title='bbox 1488 5677 1910 5750; x_wconf 66' lang='lat' dir='ltr'><strong><em>illuminantis;</em></strong></span> 
     </span>
    </p>
   </div>
   <div class='ocr_carea' id='block_1_76' title="bbox 273 5763 1916 5841">
    <p class='ocr_par' dir='ltr' id='par_1_76' title="bbox 273 5763 1916 5841">
     <span class='ocr_line' id='line_1_76' title="bbox 273 5763 1916 5841; baseline 0 -18"><span class='ocrx_word' id='word_1_552' title='bbox 273 5765 520 5838; x_wconf 89' lang='lat' dir='ltr'><strong><em>ideoque</em></strong></span> <span class='ocrx_word' id='word_1_553' title='bbox 549 5769 606 5820; x_wconf 92' lang='lat' dir='ltr'><strong><em>et</em></strong></span> <span class='ocrx_word' id='word_1_554' title='bbox 638 5763 810 5822; x_wconf 88' lang='lat' dir='ltr'><strong><em>Verbi</em></strong></span> <span class='ocrx_word' id='word_1_555' title='bbox 871 5765 1289 5841; x_wconf 87' lang='lat' dir='ltr'><strong><em>operationem,</em></strong></span> <span class='ocrx_word' id='word_1_556' title='bbox 1341 5764 1530 5822; x_wconf 89' lang='lat' dir='ltr'><strong><em>vivam</em></strong></span> <span class='ocrx_word' id='word_1_557' title='bbox 1585 5766 1805 5824; x_wconf 90' lang='lat' dir='ltr'><strong><em>scilicet</em></strong></span> <span class='ocrx_word' id='word_1_558' title='bbox 1860 5771 1916 5823; x_wconf 90' lang='lat' dir='ltr'><strong><em>et</em></strong></span> 
     </span>
    </p>
   </div>
   <div class='ocr_carea' id='block_1_77' title="bbox 2005 2013 3650 2090">
    <p class='ocr_par' dir='ltr' id='par_1_77' title="bbox 2005 2013 3650 2090">
     <span class='ocr_line' id='line_1_77' title="bbox 2005 2013 3650 2090; baseline -0.002 -22"><span class='ocrx_word' id='word_1_559' title='bbox 2005 2034 2098 2086; x_wconf 89' lang='grc' dir='ltr'><strong><em>μεν</em></strong></span> <span class='ocrx_word' id='word_1_560' title='bbox 2142 2013 2521 2086; x_wconf 75' lang='grc' dir='ltr'><strong><em>ἐνισταμένους</em></strong></span> <span class='ocrx_word' id='word_1_561' title='bbox 2573 2015 2665 2087; x_wconf 72' lang='grc' dir='ltr'>μὲν</span> <span class='ocrx_word' id='word_1_562' title='bbox 2711 2015 2848 2090; x_wconf 86' lang='grc' dir='ltr'>πρὸς</span> <span class='ocrx_word' id='word_1_563' title='bbox 2895 2015 2978 2081; x_wconf 87' lang='grc' dir='ltr'><strong><em>τὸ,</em></strong></span> <span class='ocrx_word' id='word_1_564' title='bbox 3013 2013 3073 2068; x_wconf 84' lang='grc' dir='ltr'><strong><em>ἐκ</em></strong></span> <span class='ocrx_word' id='word_1_565' title='bbox 3126 2016 3224 2066; x_wconf 89' lang='grc' dir='ltr'><strong><em>τοῦ</em></strong></span> <span class='ocrx_word' id='word_1_566' title='bbox 3281 2013 3429 2080; x_wconf 72' lang='grc' dir='ltr'>Υἳοῦ,</span> <span class='ocrx_word' id='word_1_567' title='bbox 3487 2031 3650 2065; x_wconf 90' lang='grc' dir='ltr'>κατα-</span> 
     </span>
    </p>
   </div>
   <div class='ocr_carea' id='block_1_78' title="bbox 2001 2098 3644 2177">
    <p class='ocr_par' dir='ltr' id='par_1_78' title="bbox 2001 2098 3644 2177">
     <span class='ocr_line' id='line_1_78' title="bbox 2001 2098 3644 2177; baseline -0.002 -20"><span class='ocrx_word' id='word_1_568' title='bbox 2001 2102 2351 2171; x_wconf 80' lang='grc' dir='ltr'>σκευάζοντας</span> <span class='ocrx_word' id='word_1_569' title='bbox 2403 2099 2460 2157; x_wconf 75' lang='grc' dir='ltr'>δὶ</span> <span class='ocrx_word' id='word_1_570' title='bbox 2497 2103 2585 2156; x_wconf 82' lang='grc' dir='ltr'><strong><em>καὶ</em></strong></span> <span class='ocrx_word' id='word_1_571' title='bbox 2621 2101 2769 2175; x_wconf 88' lang='grc' dir='ltr'>μάλα</span> <span class='ocrx_word' id='word_1_572' title='bbox 2798 2103 3057 2177; x_wconf 88' lang='grc' dir='ltr'>γενναίως</span> <span class='ocrx_word' id='word_1_573' title='bbox 3103 2103 3186 2171; x_wconf 89' lang='grc' dir='ltr'>τὸ,</span> <span class='ocrx_word' id='word_1_574' title='bbox 3219 2098 3290 2155; x_wconf 90' lang='grc' dir='ltr'>δι’</span> <span class='ocrx_word' id='word_1_575' title='bbox 3336 2101 3486 2158; x_wconf 73' lang='grc' dir='ltr'>Ποῦ.</span> <span class='ocrx_word' id='word_1_576' title='bbox 3518 2101 3644 2154; x_wconf 82' lang='grc' dir='ltr'>Καθ’</span> 
     </span>
    </p>
   </div>
   <div class='ocr_carea' id='block_1_79' title="bbox 2000 2187 3642 2267">
    <p class='ocr_par' dir='ltr' id='par_1_79' title="bbox 2000 2187 3642 2267">
     <span class='ocr_line' id='line_1_79' title="bbox 2000 2187 3642 2267; baseline -0.002 -22"><span class='ocrx_word' id='word_1_577' title='bbox 2000 2193 2060 2260; x_wconf 76' lang='grc' dir='ltr'>ἣν</span> <span class='ocrx_word' id='word_1_578' title='bbox 2121 2188 2675 2267; x_wconf 84' lang='grc' dir='ltr'>προδιεσημηνάμεθα</span> <span class='ocrx_word' id='word_1_579' title='bbox 2729 2190 2994 2262; x_wconf 76' lang='grc' dir='ltr'>δήλωσιν.</span> <span class='ocrx_word' id='word_1_580' title='bbox 3030 2192 3183 2245; x_wconf 86' lang='grc' dir='ltr'><strong><em>Ὅθεν</em></strong></span> <span class='ocrx_word' id='word_1_581' title='bbox 3244 2190 3344 2246; x_wconf 78' lang='grc' dir='ltr'>οὐκ</span> <span class='ocrx_word' id='word_1_582' title='bbox 3383 2187 3542 2243; x_wconf 74' lang='grc' dir='ltr'><strong><em>οἶδ’ἔῖ</em></strong></span> <span class='ocrx_word' id='word_1_583' title='bbox 3590 2209 3642 2242; x_wconf 92' lang='grc' dir='ltr'><strong><em>τι</em></strong></span> 
     </span>
    </p>
   </div>
   <div class='ocr_carea' id='block_1_80' title="bbox 2001 2274 3642 2356">
    <p class='ocr_par' dir='ltr' id='par_1_80' title="bbox 2001 2274 3642 2356">
     <span class='ocr_line' id='line_1_80' title="bbox 2001 2274 3642 2356; baseline -0.003 -21"><span class='ocrx_word' id='word_1_584' title='bbox 2001 2280 2262 2344; x_wconf 80' lang='grc' dir='ltr'>παθόντες</span> <span class='ocrx_word' id='word_1_585' title='bbox 2291 2279 2491 2356; x_wconf 82' lang='grc' dir='ltr'>ἀρτίως</span> <span class='ocrx_word' id='word_1_586' title='bbox 2519 2281 2663 2342; x_wconf 78' lang='grc' dir='ltr'>τινὲς</span> <span class='ocrx_word' id='word_1_587' title='bbox 2720 2280 2819 2335; x_wconf 76' lang='grc' dir='ltr'><strong><em>οὐκ</em></strong></span> <span class='ocrx_word' id='word_1_588' title='bbox 2868 2281 3150 2356; x_wconf 81' lang='grc' dir='ltr'>ἀνέχονται</span> <span class='ocrx_word' id='word_1_589' title='bbox 3179 2280 3242 2333; x_wconf 88' lang='grc' dir='ltr'>τὸ</span> <span class='ocrx_word' id='word_1_590' title='bbox 3301 2282 3523 2350; x_wconf 78' lang='grc' dir='ltr'>Πνεῦμα</span> <span class='ocrx_word' id='word_1_591' title='bbox 3554 2274 3642 2331; x_wconf 87' lang='grc' dir='ltr'>δι’.</span> 
     </span>
    </p>
   </div>
   <div class='ocr_carea' id='block_1_81' title="bbox 2001 2363 3646 2446">
    <p class='ocr_par' dir='ltr' id='par_1_81' title="bbox 2001 2363 3646 2446">
     <span class='ocr_line' id='line_1_81' title="bbox 2001 2363 3646 2446; baseline -0.002 -22"><span class='ocrx_word' id='word_1_592' title='bbox 2001 2371 2129 2424; x_wconf 75' lang='grc' dir='ltr'>Υἱοῦ</span> <span class='ocrx_word' id='word_1_593' title='bbox 2204 2371 2602 2446; x_wconf 79' lang='grc' dir='ltr'><strong><em>προσέρχεσθαι</em></strong></span> <span class='ocrx_word' id='word_1_594' title='bbox 2661 2369 2806 2444; x_wconf 83' lang='grc' dir='ltr'>παρὰ</span> <span class='ocrx_word' id='word_1_595' title='bbox 2860 2373 2956 2424; x_wconf 89' lang='grc' dir='ltr'><strong><em>τοῦ</em></strong></span> <span class='ocrx_word' id='word_1_596' title='bbox 3008 2367 3240 2444; x_wconf 88' lang='grc' dir='ltr'>Πατρός.</span> <span class='ocrx_word' id='word_1_597' title='bbox 3302 2364 3460 2422; x_wconf 84' lang='grc' dir='ltr'>Ἀλλ’</span> <span class='ocrx_word' id='word_1_598' title='bbox 3512 2363 3646 2421; x_wconf 72' lang='grc' dir='ltr'>ἴδω-</span> 
     </span>
    </p>
   </div>
   <div class='ocr_carea' id='block_1_82' title="bbox 2005 2456 3651 2534">
    <p class='ocr_par' dir='ltr' id='par_1_82' title="bbox 2005 2456 3651 2534">
     <span class='ocr_line' id='line_1_82' title="bbox 2005 2456 3651 2534; baseline -0.002 -21"><span class='ocrx_word' id='word_1_599' title='bbox 2005 2480 2099 2530; x_wconf 87' lang='grc' dir='ltr'><strong><em>μεν</em></strong></span> <span class='ocrx_word' id='word_1_600' title='bbox 2141 2461 2231 2512; x_wconf 82' lang='grc' dir='ltr'>οἷα</span> <span class='ocrx_word' id='word_1_601' title='bbox 2267 2457 2391 2534; x_wconf 89' lang='grc' dir='ltr'><strong><em>περί</em></strong></span> <span class='ocrx_word' id='word_1_602' title='bbox 2439 2459 2634 2513; x_wconf 87' lang='grc' dir='ltr'>τούτου</span> <span class='ocrx_word' id='word_1_603' title='bbox 2677 2456 2916 2513; x_wconf 83' lang='grc' dir='ltr'>διδάσκει</span> <span class='ocrx_word' id='word_1_604' title='bbox 2969 2459 3060 2512; x_wconf 82' lang='grc' dir='ltr'><strong><em>τὸν</em></strong></span> <span class='ocrx_word' id='word_1_605' title='bbox 3121 2457 3413 2512; x_wconf 87' lang='grc' dir='ltr'>ἐπίσκοπον</span> <span class='ocrx_word' id='word_1_606' title='bbox 3477 2463 3651 2532; x_wconf 86' lang='grc' dir='ltr'>Σερα-</span> 
     </span>
    </p>
   </div>
   <div class='ocr_carea' id='block_1_83' title="bbox 2000 2545 3646 2617">
    <p class='ocr_par' dir='ltr' id='par_1_83' title="bbox 2000 2545 3646 2617">
     <span class='ocr_line' id='line_1_83' title="bbox 2000 2545 3646 2617; baseline -0.002 -15"><span class='ocrx_word' id='word_1_607' title='bbox 2000 2546 2179 2602; x_wconf 86' lang='grc' dir='ltr'>πίωνα</span> <span class='ocrx_word' id='word_1_608' title='bbox 2237 2545 2305 2602; x_wconf 86' lang='grc' dir='ltr'>δι’</span> <span class='ocrx_word' id='word_1_609' title='bbox 2363 2547 2655 2616; x_wconf 77' lang='grc' dir='ltr'>ἐπιστολῆς</span> <span class='ocrx_word' id='word_1_610' title='bbox 2710 2548 2737 2602; x_wconf 86' lang='grc' dir='ltr'>ὁ</span> <span class='ocrx_word' id='word_1_611' title='bbox 2793 2548 2895 2615; x_wconf 71' lang='grc' dir='ltr'><strong><em>τῆς</em></strong></span> <span class='ocrx_word' id='word_1_612' title='bbox 2947 2547 3257 2607; x_wconf 80' lang='grc' dir='ltr'>Ἀθανασίας</span> <span class='ocrx_word' id='word_1_613' title='bbox 3320 2545 3646 2617; x_wconf 78' lang='grc' dir='ltr'>ἀξιώνυμος·</span> 
     </span>
    </p>
   </div>
   <div class='ocr_carea' id='block_1_84' title="bbox 2001 2633 3649 2712">
    <p class='ocr_par' dir='ltr' id='par_1_84' title="bbox 2001 2633 3649 2712">
     <span class='ocr_line' id='line_1_84' title="bbox 2001 2633 3649 2712; baseline -0.002 -21"><span class='ocrx_word' id='word_1_614' title='bbox 2001 2639 2203 2712; x_wconf 83' lang='grc' dir='ltr'>’Ὥσπερ</span> <span class='ocrx_word' id='word_1_615' title='bbox 2287 2637 2533 2711; x_wconf 88' lang='grc' dir='ltr'>γέννημα</span> <span class='ocrx_word' id='word_1_616' title='bbox 2620 2637 2903 2710; x_wconf 76' lang='grc' dir='ltr'>μονογενὶς</span> <span class='ocrx_word' id='word_1_617' title='bbox 2968 2637 2996 2690; x_wconf 93' lang='lat'><strong><em>6</em></strong></span> <span class='ocrx_word' id='word_1_618' title='bbox 3076 2635 3198 2696; x_wconf 75' lang='grc' dir='ltr'>Υἱός</span> <span class='ocrx_word' id='word_1_619' title='bbox 3282 2634 3446 2706; x_wconf 85' lang='grc' dir='ltr'>ἐστιν,</span> <span class='ocrx_word' id='word_1_620' title='bbox 3507 2633 3649 2688; x_wconf 78' lang='grc' dir='ltr'>οὕτω</span> 
     </span>
    </p>
   </div>
   <div class='ocr_carea' id='block_1_85' title="bbox 2003 2719 3647 2801">
    <p class='ocr_par' dir='ltr' id='par_1_85' title="bbox 2003 2719 3647 2801">
     <span class='ocr_line' id='line_1_85' title="bbox 2003 2719 3647 2801; baseline -0.003 -21"><span class='ocrx_word' id='word_1_621' title='bbox 2003 2724 2092 2780; x_wconf 83' lang='grc' dir='ltr'><strong><em>καὶ</em></strong></span> <span class='ocrx_word' id='word_1_622' title='bbox 2157 2726 2220 2780; x_wconf 90' lang='grc' dir='ltr'>τὸ</span> <span class='ocrx_word' id='word_1_623' title='bbox 2298 2729 2519 2797; x_wconf 80' lang='grc' dir='ltr'>Πνεῦμα</span> <span class='ocrx_word' id='word_1_624' title='bbox 2603 2726 2750 2801; x_wconf 87' lang='grc' dir='ltr'>παρᾶ</span> <span class='ocrx_word' id='word_1_625' title='bbox 2831 2729 2927 2779; x_wconf 89' lang='grc' dir='ltr'><strong><em>τοῦ</em></strong></span> <span class='ocrx_word' id='word_1_626' title='bbox 3009 2724 3138 2778; x_wconf 74' lang='grc' dir='ltr'>Υἱοῦ</span> <span class='ocrx_word' id='word_1_627' title='bbox 3217 2719 3502 2796; x_wconf 83' lang='grc' dir='ltr'>διδόμενον</span> <span class='ocrx_word' id='word_1_628' title='bbox 3558 2722 3647 2776; x_wconf 79' lang='grc' dir='ltr'><strong><em>καὶ</em></strong></span> 
     </span>
    </p>
   </div>
   <div class='ocr_carea' id='block_1_86' title="bbox 2004 2808 3648 2886">
    <p class='ocr_par' dir='ltr' id='par_1_86' title="bbox 2004 2808 3648 2886">
     <span class='ocr_line' id='line_1_86' title="bbox 2004 2808 3648 2886; baseline -0.002 -19"><span class='ocrx_word' id='word_1_629' title='bbox 2004 2814 2381 2886; x_wconf 90' lang='grc' dir='ltr'>πεμπόμενον,</span> <span class='ocrx_word' id='word_1_630' title='bbox 2429 2814 2518 2868; x_wconf 87' lang='grc' dir='ltr'><strong><em>καὶ</em></strong></span> <span class='ocrx_word' id='word_1_631' title='bbox 2585 2813 2716 2867; x_wconf 84' lang='grc' dir='ltr'>αὐτὸ</span> <span class='ocrx_word' id='word_1_632' title='bbox 2765 2812 2818 2867; x_wconf 85' lang='grc' dir='ltr'><strong><em>ἓν</em></strong></span> <span class='ocrx_word' id='word_1_633' title='bbox 2874 2813 2962 2868; x_wconf 83' lang='grc' dir='ltr'><strong><em>καὶ</em></strong></span> <span class='ocrx_word' id='word_1_634' title='bbox 3019 2811 3081 2867; x_wconf 79' lang='grc' dir='ltr'>οὐ</span> <span class='ocrx_word' id='word_1_635' title='bbox 3138 2809 3344 2882; x_wconf 81' lang='grc' dir='ltr'>πολλὰ,</span> <span class='ocrx_word' id='word_1_636' title='bbox 3391 2808 3518 2865; x_wconf 78' lang='grc' dir='ltr'>ούδὶ</span> <span class='ocrx_word' id='word_1_637' title='bbox 3589 2809 3648 2865; x_wconf 86' lang='grc' dir='ltr'><strong><em>ἐκ</em></strong></span> 
     </span>
    </p>
   </div>
   <div class='ocr_carea' id='block_1_87' title="bbox 2004 2900 3645 2976">
    <p class='ocr_par' dir='ltr' id='par_1_87' title="bbox 2004 2900 3645 2976">
     <span class='ocr_line' id='line_1_87' title="bbox 2004 2900 3645 2976; baseline -0.002 -19"><span class='ocrx_word' id='word_1_638' title='bbox 2004 2901 2233 2958; x_wconf 82' lang='grc' dir='ltr'>πολλῶν</span> <span class='ocrx_word' id='word_1_639' title='bbox 2290 2903 2369 2975; x_wconf 78' lang='grc' dir='ltr'>ἓν,</span> <span class='ocrx_word' id='word_1_640' title='bbox 2427 2902 2574 2958; x_wconf 84' lang='grc' dir='ltr'>ἀλλᾶ</span> <span class='ocrx_word' id='word_1_641' title='bbox 2633 2903 2796 2976; x_wconf 87' lang='grc' dir='ltr'>μόνον</span> <span class='ocrx_word' id='word_1_642' title='bbox 2858 2901 2986 2956; x_wconf 75' lang='grc' dir='ltr'>αὐτὸ</span> <span class='ocrx_word' id='word_1_643' title='bbox 3045 2905 3284 2974; x_wconf 87' lang='grc' dir='ltr'>Πνεῦμα·</span> <span class='ocrx_word' id='word_1_644' title='bbox 3336 2901 3482 2961; x_wconf 88' lang='grc' dir='ltr'>Ἐνὸς</span> <span class='ocrx_word' id='word_1_645' title='bbox 3541 2900 3645 2975; x_wconf 80' lang='grc' dir='ltr'>γὰρ</span> 
     </span>
    </p>
   </div>
   <div class='ocr_carea' id='block_1_88' title="bbox 2003 2987 3648 3065">
    <p class='ocr_par' dir='ltr' id='par_1_88' title="bbox 2003 2987 3648 3065">
     <span class='ocr_line' id='line_1_88' title="bbox 2003 2987 3648 3065; baseline -0.004 -19"><span class='ocrx_word' id='word_1_646' title='bbox 2003 2987 2160 3054; x_wconf 67' lang='grc' dir='ltr'>ὄντος</span> <span class='ocrx_word' id='word_1_647' title='bbox 2205 2995 2303 3046; x_wconf 91' lang='grc' dir='ltr'><strong><em>τοῦ</em></strong></span> <span class='ocrx_word' id='word_1_648' title='bbox 2363 2992 2489 3044; x_wconf 72' lang='grc' dir='ltr'>Υἱοῦ</span> <span class='ocrx_word' id='word_1_649' title='bbox 2544 2996 2640 3045; x_wconf 90' lang='grc' dir='ltr'><strong><em>τοῦ</em></strong></span> <span class='ocrx_word' id='word_1_650' title='bbox 2700 2995 2897 3060; x_wconf 81' lang='grc' dir='ltr'>ζῶντος</span> <span class='ocrx_word' id='word_1_651' title='bbox 2955 2989 3152 3065; x_wconf 84' lang='grc' dir='ltr'>Λόγου,</span> <span class='ocrx_word' id='word_1_652' title='bbox 3190 2989 3314 3063; x_wconf 89' lang='grc' dir='ltr'>μίαν</span> <span class='ocrx_word' id='word_1_653' title='bbox 3377 2990 3509 3042; x_wconf 78' lang='grc' dir='ltr'>εἶναι</span> <span class='ocrx_word' id='word_1_654' title='bbox 3566 2987 3648 3042; x_wconf 88' lang='grc' dir='ltr'><strong><em>δεῖ</em></strong></span> 
     </span>
    </p>
   </div>
   <div class='ocr_carea' id='block_1_89' title="bbox 2003 3075 3646 3155">
    <p class='ocr_par' dir='ltr' id='par_1_89' title="bbox 2003 3075 3646 3155">
     <span class='ocr_line' id='line_1_89' title="bbox 2003 3075 3646 3155; baseline -0.004 -19"><span class='ocrx_word' id='word_1_655' title='bbox 2003 3081 2212 3136; x_wconf 86' lang='grc' dir='ltr'>τελείαν</span> <span class='ocrx_word' id='word_1_656' title='bbox 2272 3080 2359 3135; x_wconf 84' lang='grc' dir='ltr'><strong><em>καὶ</em></strong></span> <span class='ocrx_word' id='word_1_657' title='bbox 2418 3079 2608 3155; x_wconf 74' lang='grc' dir='ltr'>πλήρη</span> <span class='ocrx_word' id='word_1_658' title='bbox 2669 3082 2767 3148; x_wconf 75' lang='grc' dir='ltr'>τὴν</span> <span class='ocrx_word' id='word_1_659' title='bbox 2854 3080 3166 3155; x_wconf 83' lang='grc' dir='ltr'>ἁγιαστικὴν</span> <span class='ocrx_word' id='word_1_660' title='bbox 3246 3079 3412 3148; x_wconf 78' lang='grc' dir='ltr'>ζωὴν,</span> <span class='ocrx_word' id='word_1_661' title='bbox 3489 3075 3646 3131; x_wconf 71' lang='grc' dir='ltr'>οὖσαν</span> 
     </span>
    </p>
   </div>
   <div class='ocr_carea' id='block_1_90' title="bbox 2004 3165 3652 3244">
    <p class='ocr_par' dir='ltr' id='par_1_90' title="bbox 2004 3165 3652 3244">
     <span class='ocr_line' id='line_1_90' title="bbox 2004 3165 3652 3244; baseline -0.002 -20"><span class='ocrx_word' id='word_1_662' title='bbox 2004 3169 2269 3244; x_wconf 79' lang='grc' dir='ltr'>ἐνέργειαν</span> <span class='ocrx_word' id='word_1_663' title='bbox 2329 3168 2492 3222; x_wconf 79' lang='grc' dir='ltr'>αὐτοῦ</span> <span class='ocrx_word' id='word_1_664' title='bbox 2571 3166 2661 3223; x_wconf 82' lang='grc' dir='ltr'>καί</span> <span class='ocrx_word' id='word_1_665' title='bbox 2733 3165 2959 3244; x_wconf 77' lang='grc' dir='ltr'>δωρεὰν,</span> <span class='ocrx_word' id='word_1_666' title='bbox 3009 3167 3131 3236; x_wconf 76' lang='grc' dir='ltr'>ἥτις</span> <span class='ocrx_word' id='word_1_667' title='bbox 3188 3187 3251 3242; x_wconf 87' lang='grc' dir='ltr'><strong><em>γε</em></strong></span> <span class='ocrx_word' id='word_1_668' title='bbox 3307 3165 3366 3221; x_wconf 88' lang='grc' dir='ltr'><strong><em>ἐκ</em></strong></span> <span class='ocrx_word' id='word_1_669' title='bbox 3440 3165 3652 3241; x_wconf 80' lang='grc' dir='ltr'>Πατρὸς</span> 
     </span>
    </p>
   </div>
   <div class='ocr_carea' id='block_1_91' title="bbox 2006 3253 3652 3333">
    <p class='ocr_par' dir='ltr' id='par_1_91' title="bbox 2006 3253 3652 3333">
     <span class='ocr_line' id='line_1_91' title="bbox 2006 3253 3652 3333; baseline -0.003 -20"><span class='ocrx_word' id='word_1_670' title='bbox 2006 3259 2220 3333; x_wconf 82' lang='grc' dir='ltr'>λέγεται</span> <span class='ocrx_word' id='word_1_671' title='bbox 2313 3257 2710 3331; x_wconf 78' lang='grc' dir='ltr'>ἐκπορεύεσθαι,</span> <span class='ocrx_word' id='word_1_672' title='bbox 2779 3253 2964 3324; x_wconf 85' lang='grc' dir='ltr'>ἐπειδή</span> <span class='ocrx_word' id='word_1_673' title='bbox 3058 3255 3204 3332; x_wconf 83' lang='grc' dir='ltr'>παρὰ</span> <span class='ocrx_word' id='word_1_674' title='bbox 3287 3259 3386 3309; x_wconf 91' lang='grc' dir='ltr'><strong><em>τοῦ</em></strong></span> <span class='ocrx_word' id='word_1_675' title='bbox 3470 3255 3652 3329; x_wconf 89' lang='grc' dir='ltr'>Λόγου</span> 
     </span>
    </p>
   </div>
   <div class='ocr_carea' id='block_1_92' title="bbox 2003 3341 3654 3420">
    <p class='ocr_par' dir='ltr' id='par_1_92' title="bbox 2003 3341 3654 3420">
     <span class='ocr_line' id='line_1_92' title="bbox 2003 3341 3654 3420; baseline -0.005 -17"><span class='ocrx_word' id='word_1_676' title='bbox 2003 3351 2100 3403; x_wconf 89' lang='grc' dir='ltr'><strong><em>τοῦ</em></strong></span> <span class='ocrx_word' id='word_1_677' title='bbox 2158 3346 2218 3402; x_wconf 82' lang='grc' dir='ltr'><strong><em>ἐκ</em></strong></span> <span class='ocrx_word' id='word_1_678' title='bbox 2273 3351 2369 3400; x_wconf 91' lang='grc' dir='ltr'><strong><em>τοῦ</em></strong></span> <span class='ocrx_word' id='word_1_679' title='bbox 2432 3347 2641 3414; x_wconf 88' lang='grc' dir='ltr'>Πατρὸς</span> <span class='ocrx_word' id='word_1_680' title='bbox 2697 3343 3162 3420; x_wconf 85' lang='grc' dir='ltr'>ὁμολογουμένως</span> <span class='ocrx_word' id='word_1_681' title='bbox 3221 3341 3513 3416; x_wconf 79' lang='grc' dir='ltr'>ἐκλάμπει,</span> <span class='ocrx_word' id='word_1_682' title='bbox 3566 3342 3654 3397; x_wconf 85' lang='grc' dir='ltr'><strong><em>καὶ</em></strong></span> 
     </span>
    </p>
   </div>
   <div class='ocr_carea' id='block_1_93' title="bbox 2008 3433 2778 3490">
    <p class='ocr_par' dir='ltr' id='par_1_93' title="bbox 2008 3433 2778 3490">
     <span class='ocr_line' id='line_1_93' title="bbox 2008 3433 2778 3490; baseline -0.003 0"><span class='ocrx_word' id='word_1_683' title='bbox 2008 3435 2399 3490; x_wconf 79' lang='grc' dir='ltr'>ἀποστέλλεται</span> <span class='ocrx_word' id='word_1_684' title='bbox 2429 3435 2517 3488; x_wconf 87' lang='grc' dir='ltr'><strong><em>καὶ</em></strong></span> <span class='ocrx_word' id='word_1_685' title='bbox 2550 3433 2778 3489; x_wconf 84' lang='grc' dir='ltr'>δίδοται.</span> 
     </span>
    </p>
   </div>
   <div class='ocr_carea' id='block_1_94' title="bbox 2079 3538 3656 3617">
    <p class='ocr_par' dir='ltr' id='par_1_94' title="bbox 2079 3538 3656 3617">
     <span class='ocr_line' id='line_1_94' title="bbox 2079 3538 3656 3617; baseline -0.004 -19"><span class='ocrx_word' id='word_1_686' title='bbox 2079 3544 2148 3612; x_wconf 87' lang='grc' dir='ltr'><strong><em>η’.</em></strong></span> <span class='ocrx_word' id='word_1_687' title='bbox 2205 3542 2552 3617; x_wconf 77' lang='grc' dir='ltr'>Ἐπιφύονται</span> <span class='ocrx_word' id='word_1_688' title='bbox 2606 3546 2686 3612; x_wconf 83' lang='grc' dir='ltr'>τῷ</span> <span class='ocrx_word' id='word_1_689' title='bbox 2736 3539 3032 3614; x_wconf 83' lang='grc' dir='ltr'>ἐκλάμπειν</span> <span class='ocrx_word' id='word_1_690' title='bbox 3111 3540 3275 3612; x_wconf 68' lang='grc' dir='ltr'>τινες,</span> <span class='ocrx_word' id='word_1_691' title='bbox 3333 3538 3420 3593; x_wconf 83' lang='grc' dir='ltr'><strong><em>καὶ</em></strong></span> <span class='ocrx_word' id='word_1_692' title='bbox 3497 3551 3656 3616; x_wconf 74' lang='grc' dir='ltr'>φανε-</span> 
     </span>
    </p>
   </div>
   <div class='ocr_carea' id='block_1_95' title="bbox 2009 3627 3653 3708">
    <p class='ocr_par' dir='ltr' id='par_1_95' title="bbox 2009 3627 3653 3708">
     <span class='ocr_line' id='line_1_95' title="bbox 2009 3627 3653 3708; baseline -0.002 -23"><span class='ocrx_word' id='word_1_693' title='bbox 2009 3631 2227 3706; x_wconf 85' lang='grc' dir='ltr'>ρώσεως</span> <span class='ocrx_word' id='word_1_694' title='bbox 2259 3631 2393 3686; x_wconf 73' lang='grc' dir='ltr'>εἶναί</span> <span class='ocrx_word' id='word_1_695' title='bbox 2443 3651 2598 3708; x_wconf 84' lang='grc' dir='ltr'>φασιν</span> <span class='ocrx_word' id='word_1_696' title='bbox 2647 3629 2777 3684; x_wconf 82' lang='grc' dir='ltr'><strong><em>αὐτὸ</em></strong></span> <span class='ocrx_word' id='word_1_697' title='bbox 2832 3627 3160 3702; x_wconf 85' lang='grc' dir='ltr'>δηλωτικὸν,</span> <span class='ocrx_word' id='word_1_698' title='bbox 3195 3627 3301 3704; x_wconf 81' lang='grc' dir='ltr'>οὐχ</span> <span class='ocrx_word' id='word_1_699' title='bbox 3357 3628 3653 3701; x_wconf 82' lang='grc' dir='ltr'>ὑπάρξεως·</span> 
     </span>
    </p>
   </div>
   <div class='ocr_carea' id='block_1_96' title="bbox 2007 3716 3657 3796">
    <p class='ocr_par' dir='ltr' id='par_1_96' title="bbox 2007 3716 3657 3796">
     <span class='ocr_line' id='line_1_96' title="bbox 2007 3716 3657 3796; baseline -0.004 -20"><span class='ocrx_word' id='word_1_700' title='bbox 2007 3722 2069 3776; x_wconf 90' lang='grc' dir='ltr'>τὸ</span> <span class='ocrx_word' id='word_1_701' title='bbox 2127 3722 2229 3796; x_wconf 80' lang='grc' dir='ltr'><strong><em>γὰρ</em></strong></span> <span class='ocrx_word' id='word_1_702' title='bbox 2316 3720 2693 3796; x_wconf 70' lang='grc' dir='ltr'>ἐκπορεύεσθαι</span> <span class='ocrx_word' id='word_1_703' title='bbox 2774 3716 3252 3794; x_wconf 82' lang='grc' dir='ltr'>προδεδηλωκέναι</span> <span class='ocrx_word' id='word_1_704' title='bbox 3321 3718 3420 3785; x_wconf 74' lang='grc' dir='ltr'><strong><em>τὴν</em></strong></span> <span class='ocrx_word' id='word_1_705' title='bbox 3490 3717 3657 3791; x_wconf 78' lang='grc' dir='ltr'>ὕπαρ-</span> 
     </span>
    </p>
   </div>
   <div class='ocr_carea' id='block_1_97' title="bbox 2011 3803 3659 3885">
    <p class='ocr_par' dir='ltr' id='par_1_97' title="bbox 2011 3803 3659 3885">
     <span class='ocr_line' id='line_1_97' title="bbox 2011 3803 3659 3885; baseline -0.002 -23"><span class='ocrx_word' id='word_1_706' title='bbox 2011 3811 2107 3880; x_wconf 79' lang='grc' dir='ltr'><strong><em>ξιν.</em></strong></span> <span class='ocrx_word' id='word_1_707' title='bbox 2142 3811 2208 3867; x_wconf 75' lang='lat' dir='ltr'><strong><em>E’i</em></strong></span> <span class='ocrx_word' id='word_1_708' title='bbox 2235 3809 2414 3864; x_wconf 88' lang='grc' dir='ltr'>τοίνυν</span> <span class='ocrx_word' id='word_1_709' title='bbox 2449 3809 2830 3885; x_wconf 81' lang='grc' dir='ltr'>ἐκπορεύεσθαι</span> <span class='ocrx_word' id='word_1_710' title='bbox 2874 3809 2937 3862; x_wconf 89' lang='grc' dir='ltr'>τὸ</span> <span class='ocrx_word' id='word_1_711' title='bbox 2997 3811 3213 3879; x_wconf 87' lang='grc' dir='ltr'>Πνεῦμα</span> <span class='ocrx_word' id='word_1_712' title='bbox 3270 3803 3480 3881; x_wconf 78' lang='grc' dir='ltr'>λέγεται</span> <span class='ocrx_word' id='word_1_713' title='bbox 3514 3805 3659 3879; x_wconf 79' lang='grc' dir='ltr'>παρὰ</span> 
     </span>
    </p>
   </div>
   <div class='ocr_carea' id='block_1_98' title="bbox 2008 3895 3655 3974">
    <p class='ocr_par' dir='ltr' id='par_1_98' title="bbox 2008 3895 3655 3974">
     <span class='ocr_line' id='line_1_98' title="bbox 2008 3895 3655 3974; baseline -0.004 -20"><span class='ocrx_word' id='word_1_714' title='bbox 2008 3905 2104 3954; x_wconf 89' lang='grc' dir='ltr'><strong><em>τοῦ</em></strong></span> <span class='ocrx_word' id='word_1_715' title='bbox 2153 3900 2382 3974; x_wconf 88' lang='grc' dir='ltr'>Πατρὸς,</span> <span class='ocrx_word' id='word_1_716' title='bbox 2419 3895 2604 3966; x_wconf 80' lang='grc' dir='ltr'>ἐπειδὴ</span> <span class='ocrx_word' id='word_1_717' title='bbox 2649 3898 2796 3972; x_wconf 88' lang='grc' dir='ltr'>παρὰ</span> <span class='ocrx_word' id='word_1_718' title='bbox 2844 3901 2942 3950; x_wconf 90' lang='grc' dir='ltr'><strong><em>τοῦ</em></strong></span> <span class='ocrx_word' id='word_1_719' title='bbox 2988 3896 3169 3969; x_wconf 88' lang='grc' dir='ltr'>Λόγου</span> <span class='ocrx_word' id='word_1_720' title='bbox 3200 3899 3542 3972; x_wconf 78' lang='grc' dir='ltr'>φανεροῦται,</span> <span class='ocrx_word' id='word_1_721' title='bbox 3580 3895 3655 3966; x_wconf 83' lang='grc' dir='ltr'>μὴ</span> 
     </span>
    </p>
   </div>
   <div class='ocr_carea' id='block_1_99' title="bbox 2013 3982 3659 4062">
    <p class='ocr_par' dir='ltr' id='par_1_99' title="bbox 2013 3982 3659 4062">
     <span class='ocr_line' id='line_1_99' title="bbox 2013 3982 3659 4062; baseline -0.005 -18"><span class='ocrx_word' id='word_1_722' title='bbox 2013 3985 2176 4058; x_wconf 62' lang='grc' dir='ltr'>οὔσης</span> <span class='ocrx_word' id='word_1_723' title='bbox 2231 3996 2332 4057; x_wconf 79' lang='grc' dir='ltr'>τῆς</span> <span class='ocrx_word' id='word_1_724' title='bbox 2390 3987 2766 4062; x_wconf 81' lang='grc' dir='ltr'>φανερώσεως,</span> <span class='ocrx_word' id='word_1_725' title='bbox 2800 3983 2913 4040; x_wconf 78' lang='grc' dir='ltr'><strong><em>οὐδ’</em></strong></span> <span class='ocrx_word' id='word_1_726' title='bbox 2971 3985 3030 4040; x_wconf 84' lang='grc' dir='ltr'><strong><em>ἐκ</em></strong></span> <span class='ocrx_word' id='word_1_727' title='bbox 3065 3989 3163 4039; x_wconf 86' lang='grc' dir='ltr'><strong><em>τοῦ</em></strong></span> <span class='ocrx_word' id='word_1_728' title='bbox 3207 3983 3415 4059; x_wconf 86' lang='grc' dir='ltr'>Πατρὸς</span> <span class='ocrx_word' id='word_1_729' title='bbox 3477 3982 3659 4058; x_wconf 86' lang='grc' dir='ltr'>λέγοιτ</span> 
     </span>
    </p>
   </div>
   <div class='ocr_carea' id='block_1_100' title="bbox 2013 4073 3656 4151">
    <p class='ocr_par' dir='ltr' id='par_1_100' title="bbox 2013 4073 3656 4151">
     <span class='ocr_line' id='line_1_100' title="bbox 2013 4073 3656 4151; baseline -0.005 -19"><span class='ocrx_word' id='word_1_730' title='bbox 2013 4078 2071 4132; x_wconf 79' lang='grc' dir='ltr'>ἂν</span> <span class='ocrx_word' id='word_1_731' title='bbox 2133 4076 2533 4151; x_wconf 80' lang='grc' dir='ltr'>ἐκπορεύεσθαι.</span> <span class='ocrx_word' id='word_1_732' title='bbox 2593 4076 2653 4130; x_wconf 92' lang='grc' dir='ltr'>Τί</span> <span class='ocrx_word' id='word_1_733' title='bbox 2709 4079 2838 4150; x_wconf 88' lang='grc' dir='ltr'>γοῦν</span> <span class='ocrx_word' id='word_1_734' title='bbox 2897 4075 3003 4150; x_wconf 88' lang='grc' dir='ltr'>πρὸ</span> <span class='ocrx_word' id='word_1_735' title='bbox 3062 4079 3160 4129; x_wconf 90' lang='grc' dir='ltr'><strong><em>τοῦ</em></strong></span> <span class='ocrx_word' id='word_1_736' title='bbox 3227 4074 3504 4148; x_wconf 88' lang='grc' dir='ltr'>γεγονέναι</span> <span class='ocrx_word' id='word_1_737' title='bbox 3560 4073 3656 4139; x_wconf 76' lang='grc' dir='ltr'>τήν</span> 
     </span>
    </p>
   </div>
   <div class='ocr_carea' id='block_1_101' title="bbox 2012 4161 3662 4238">
    <p class='ocr_par' dir='ltr' id='par_1_101' title="bbox 2012 4161 3662 4238">
     <span class='ocr_line' id='line_1_101' title="bbox 2012 4161 3662 4238; baseline -0.004 -17"><span class='ocrx_word' id='word_1_738' title='bbox 2012 4167 2207 4236; x_wconf 82' lang='grc' dir='ltr'>κτίσιν,</span> <span class='ocrx_word' id='word_1_739' title='bbox 2240 4165 2345 4220; x_wconf 61' lang='grc' dir='ltr'>εἷίτε</span> <span class='ocrx_word' id='word_1_740' title='bbox 2399 4167 2499 4234; x_wconf 78' lang='grc' dir='ltr'>τήν</span> <span class='ocrx_word' id='word_1_741' title='bbox 2550 4166 2776 4236; x_wconf 76' lang='grc' dir='ltr'>νοητὴν,</span> <span class='ocrx_word' id='word_1_742' title='bbox 2823 4163 2946 4227; x_wconf 79' lang='grc' dir='ltr'>ἔνθα</span> <span class='ocrx_word' id='word_1_743' title='bbox 2991 4163 3136 4238; x_wconf 86' lang='grc' dir='ltr'>παρᾶ</span> <span class='ocrx_word' id='word_1_744' title='bbox 3188 4167 3285 4216; x_wconf 87' lang='grc' dir='ltr'><strong><em>τοῦ</em></strong></span> <span class='ocrx_word' id='word_1_745' title='bbox 3343 4161 3523 4235; x_wconf 88' lang='grc' dir='ltr'>Λόγου</span> <span class='ocrx_word' id='word_1_746' title='bbox 3571 4181 3662 4215; x_wconf 90' lang='grc' dir='ltr'>πε-</span> 
     </span>
    </p>
   </div>
   <div class='ocr_carea' id='block_1_102' title="bbox 2014 4246 3658 4334">
    <p class='ocr_par' dir='ltr' id='par_1_102' title="bbox 2014 4246 3658 4334">
     <span class='ocr_line' id='line_1_102' title="bbox 2014 4246 3658 4334; baseline -0.005 -24"><span class='ocrx_word' id='word_1_747' title='bbox 2014 4256 2316 4334; x_wconf 80' lang='grc' dir='ltr'>φανέρωται</span> <span class='ocrx_word' id='word_1_748' title='bbox 2370 4256 2431 4309; x_wconf 90' lang='grc' dir='ltr'>τὸ</span> <span class='ocrx_word' id='word_1_749' title='bbox 2489 4259 2705 4326; x_wconf 77' lang='grc' dir='ltr'>Πνεῦμα</span> <span class='ocrx_word' id='word_1_750' title='bbox 2758 4254 2821 4308; x_wconf 85' lang='grc' dir='ltr'>τὸ</span> <span class='ocrx_word' id='word_1_751' title='bbox 2883 4253 3057 4326; x_wconf 78' lang='grc' dir='ltr'>ἅγιον,</span> <span class='ocrx_word' id='word_1_752' title='bbox 3116 4250 3217 4306; x_wconf 82' lang='grc' dir='ltr'>οὐκ</span> <span class='ocrx_word' id='word_1_753' title='bbox 3273 4250 3332 4305; x_wconf 74' lang='grc' dir='ltr'>ἂν</span> <span class='ocrx_word' id='word_1_754' title='bbox 3391 4249 3521 4304; x_wconf 82' lang='grc' dir='ltr'>αὐτὸ</span> <span class='ocrx_word' id='word_1_755' title='bbox 3569 4246 3658 4302; x_wconf 83' lang='grc' dir='ltr'>λε-</span> 
     </span>
    </p>
   </div>
   <div class='ocr_carea' id='block_1_103' title="bbox 2014 4333 3668 4421">
    <p class='ocr_par' dir='ltr' id='par_1_103' title="bbox 2014 4333 3668 4421">
     <span class='ocr_line' id='line_1_103' title="bbox 2014 4333 3668 4421; baseline -0.005 -23"><span class='ocrx_word' id='word_1_756' title='bbox 2014 4333 2170 4421; x_wconf 74' lang='grc' dir='ltr'>χθείη</span> <span class='ocrx_word' id='word_1_757' title='bbox 2258 4343 2683 4419; x_wconf 83' lang='grc' dir='ltr'>ἐκπορευόμενον</span> <span class='ocrx_word' id='word_1_758' title='bbox 2743 4341 2802 4397; x_wconf 86' lang='grc' dir='ltr'><strong><em>ἐκ</em></strong></span> <span class='ocrx_word' id='word_1_759' title='bbox 2856 4341 3113 4417; x_wconf 88' lang='grc' dir='ltr'>Πατρός;</span> <span class='ocrx_word' id='word_1_760' title='bbox 3171 4343 3371 4415; x_wconf 82' lang='grc' dir='ltr'>’Ὥσπερ</span> <span class='ocrx_word' id='word_1_761' title='bbox 3458 4339 3559 4412; x_wconf 77' lang='grc' dir='ltr'><strong><em>γὰρ</em></strong></span> <span class='ocrx_word' id='word_1_762' title='bbox 3612 4333 3668 4390; x_wconf 76' lang='grc' dir='ltr'><strong><em>εἷ’</em></strong></span> 
     </span>
    </p>
   </div>
   <div class='ocr_carea' id='block_1_104' title="bbox 2012 4424 3661 4507">
    <p class='ocr_par' dir='ltr' id='par_1_104' title="bbox 2012 4424 3661 4507">
     <span class='ocr_line' id='line_1_104' title="bbox 2012 4424 3661 4507; baseline -0.007 -19"><span class='ocrx_word' id='word_1_763' title='bbox 2012 4455 2159 4495; x_wconf 88' lang='grc' dir='ltr'>τινος</span> <span class='ocrx_word' id='word_1_764' title='bbox 2189 4434 2281 4487; x_wconf 90' lang='grc' dir='ltr'>τὸν</span> <span class='ocrx_word' id='word_1_765' title='bbox 2315 4430 2593 4507; x_wconf 81' lang='grc' dir='ltr'>ἄνθρωπον</span> <span class='ocrx_word' id='word_1_766' title='bbox 2629 4431 2878 4506; x_wconf 84' lang='grc' dir='ltr'>λέγοντος</span> <span class='ocrx_word' id='word_1_767' title='bbox 2938 4427 3120 4484; x_wconf 81' lang='grc' dir='ltr'>οὐσίαν</span> <span class='ocrx_word' id='word_1_768' title='bbox 3175 4424 3443 4503; x_wconf 79' lang='grc' dir='ltr'>ἔμψυχον,</span> <span class='ocrx_word' id='word_1_769' title='bbox 3477 4426 3661 4493; x_wconf 65' lang='grc' dir='ltr'>αἶσθηυ</span> 
     </span>
    </p>
   </div>
   <div class='ocr_carea' id='block_1_105' title="bbox 2012 4512 3658 4594">
    <p class='ocr_par' dir='ltr' id='par_1_105' title="bbox 2012 4512 3658 4594">
     <span class='ocr_line' id='line_1_105' title="bbox 2012 4512 3658 4594; baseline -0.007 -17"><span class='ocrx_word' id='word_1_770' title='bbox 2012 4524 2192 4591; x_wconf 83' lang='grc' dir='ltr'>τικήν,</span> <span class='ocrx_word' id='word_1_771' title='bbox 2225 4519 2409 4590; x_wconf 79' lang='grc' dir='ltr'>ἐπειδὴ</span> <span class='ocrx_word' id='word_1_772' title='bbox 2472 4526 2607 4589; x_wconf 82' lang='grc' dir='ltr'>ζῶον</span> <span class='ocrx_word' id='word_1_773' title='bbox 2665 4519 2824 4574; x_wconf 85' lang='grc' dir='ltr'>ἐστίν·</span> <span class='ocrx_word' id='word_1_774' title='bbox 2875 4515 3023 4594; x_wconf 78' lang='grc' dir='ltr'>εἷ’περ</span> <span class='ocrx_word' id='word_1_775' title='bbox 3080 4515 3197 4593; x_wconf 77' lang='grc' dir='ltr'>ἔχει</span> <span class='ocrx_word' id='word_1_776' title='bbox 3254 4538 3336 4579; x_wconf 91' lang='grc' dir='ltr'><strong><em>τις</em></strong></span> <span class='ocrx_word' id='word_1_777' title='bbox 3390 4512 3568 4589; x_wconf 68' lang='grc' dir='ltr'>ἔτερος</span> <span class='ocrx_word' id='word_1_778' title='bbox 3595 4515 3658 4567; x_wconf 87' lang='grc' dir='ltr'>τὸ</span> 
     </span>
    </p>
   </div>
   <div class='ocr_carea' id='block_1_106' title="bbox 2015 4602 3658 4684">
    <p class='ocr_par' dir='ltr' id='par_1_106' title="bbox 2015 4602 3658 4684">
     <span class='ocr_line' id='line_1_106' title="bbox 2015 4602 3658 4684; baseline -0.005 -19"><span class='ocrx_word' id='word_1_779' title='bbox 2015 4609 2184 4666; x_wconf 61' lang='grc' dir='ltr'>αἴτιον</span> <span class='ocrx_word' id='word_1_780' title='bbox 2247 4608 2476 4684; x_wconf 81' lang='grc' dir='ltr'>ἀνελεῖν,</span> <span class='ocrx_word' id='word_1_781' title='bbox 2536 4608 2810 4664; x_wconf 87' lang='grc' dir='ltr'>συνανέλοι</span> <span class='ocrx_word' id='word_1_782' title='bbox 2867 4607 2956 4663; x_wconf 83' lang='grc' dir='ltr'><strong><em>καὶ</em></strong></span> <span class='ocrx_word' id='word_1_783' title='bbox 3013 4607 3074 4661; x_wconf 87' lang='grc' dir='ltr'>τὸ</span> <span class='ocrx_word' id='word_1_784' title='bbox 3133 4607 3510 4680; x_wconf 82' lang='grc' dir='ltr'>συμπέρασμα,</span> <span class='ocrx_word' id='word_1_785' title='bbox 3568 4602 3658 4657; x_wconf 85' lang='grc' dir='ltr'><strong><em>τὸν</em></strong></span> 
     </span>
    </p>
   </div>
   <div class='ocr_carea' id='block_1_107' title="bbox 2019 4691 3662 4775">
    <p class='ocr_par' dir='ltr' id='par_1_107' title="bbox 2019 4691 3662 4775">
     <span class='ocr_line' id='line_1_107' title="bbox 2019 4691 3662 4775; baseline -0.005 -21"><span class='ocrx_word' id='word_1_786' title='bbox 2019 4699 2176 4754; x_wconf 80' lang='grc' dir='ltr'>αὐτὸν</span> <span class='ocrx_word' id='word_1_787' title='bbox 2234 4699 2436 4775; x_wconf 86' lang='grc' dir='ltr'>τρόπον</span> <span class='ocrx_word' id='word_1_788' title='bbox 2501 4706 2599 4768; x_wconf 82' lang='grc' dir='ltr'><strong><em>τῆς</em></strong></span> <span class='ocrx_word' id='word_1_789' title='bbox 2643 4698 2817 4752; x_wconf 80' lang='grc' dir='ltr'>αὐτῶν</span> <span class='ocrx_word' id='word_1_790' title='bbox 2890 4694 3192 4760; x_wconf 84' lang='grc' dir='ltr'>ὑποθέσεως</span> <span class='ocrx_word' id='word_1_791' title='bbox 3259 4691 3662 4770; x_wconf 81' lang='grc' dir='ltr'>ἀνατετραμμέ-</span> 
     </span>
    </p>
   </div>
   <div class='ocr_carea' id='block_1_108' title="bbox 2018 4779 3665 4862">
    <p class='ocr_par' dir='ltr' id='par_1_108' title="bbox 2018 4779 3665 4862">
     <span class='ocr_line' id='line_1_108' title="bbox 2018 4779 3665 4862; baseline -0.003 -20"><span class='ocrx_word' id='word_1_792' title='bbox 2018 4810 2139 4858; x_wconf 89' lang='grc' dir='ltr'>νης,</span> <span class='ocrx_word' id='word_1_793' title='bbox 2172 4786 2233 4842; x_wconf 87' lang='grc' dir='ltr'>τὸ</span> <span class='ocrx_word' id='word_1_794' title='bbox 2267 4785 2422 4857; x_wconf 79' lang='grc' dir='ltr'>δῆθεν</span> <span class='ocrx_word' id='word_1_795' title='bbox 2455 4786 2842 4862; x_wconf 85' lang='grc' dir='ltr'>συναγόμενον,</span> <span class='ocrx_word' id='word_1_796' title='bbox 2899 4783 3024 4840; x_wconf 70' lang='grc' dir='ltr'>ὅσον</span> <span class='ocrx_word' id='word_1_797' title='bbox 3084 4783 3144 4838; x_wconf 88' lang='grc' dir='ltr'>τὸ</span> <span class='ocrx_word' id='word_1_798' title='bbox 3198 4783 3280 4837; x_wconf 83' lang='grc' dir='ltr'>ἐπ’</span> <span class='ocrx_word' id='word_1_799' title='bbox 3315 4782 3522 4853; x_wconf 82' lang='grc' dir='ltr'>αὐτοῖς,</span> <span class='ocrx_word' id='word_1_800' title='bbox 3556 4779 3665 4837; x_wconf 86' lang='grc' dir='ltr'>διε-</span> 
     </span>
    </p>
   </div>
   <div class='ocr_carea' id='block_1_109' title="bbox 2018 4875 2318 4932">
    <p class='ocr_par' dir='ltr' id='par_1_109' title="bbox 2018 4875 2318 4932">
     <span class='ocr_line' id='line_1_109' title="bbox 2018 4875 2318 4932; baseline 0 0"><span class='ocrx_word' id='word_1_801' title='bbox 2018 4875 2318 4932; x_wconf 84' lang='grc' dir='ltr'>σκέδασται.</span> 
     </span>
    </p>
   </div>
   <div class='ocr_carea' id='block_1_110' title="bbox 2085 4960 3668 5039">
    <p class='ocr_par' dir='ltr' id='par_1_110' title="bbox 2085 4960 3668 5039">
     <span class='ocr_line' id='line_1_110' title="bbox 2085 4960 3668 5039; baseline -0.003 -18"><span class='ocrx_word' id='word_1_802' title='bbox 2085 4968 2147 5022; x_wconf 89' lang='grc' dir='ltr'><strong><em>θ’.</em></strong></span> <span class='ocrx_word' id='word_1_803' title='bbox 2173 4965 2272 5020; x_wconf 83' lang='grc' dir='ltr'><strong><em>Καὶ</em></strong></span> <span class='ocrx_word' id='word_1_804' title='bbox 2330 4965 2478 5019; x_wconf 85' lang='grc' dir='ltr'>οὗτοι</span> <span class='ocrx_word' id='word_1_805' title='bbox 2543 4965 2636 5037; x_wconf 77' lang='grc' dir='ltr'><strong><em>μὶν</em></strong></span> <span class='ocrx_word' id='word_1_806' title='bbox 2674 4960 2752 5018; x_wconf 82' lang='grc' dir='ltr'>ἔτι</span> <span class='ocrx_word' id='word_1_807' title='bbox 2781 4960 2853 5017; x_wconf 88' lang='grc' dir='ltr'>δι’</span> <span class='ocrx_word' id='word_1_808' title='bbox 2881 4963 2910 5017; x_wconf 82' lang='grc' dir='ltr'><strong>ὃ</strong></span> <span class='ocrx_word' id='word_1_809' title='bbox 2967 4960 3179 5039; x_wconf 87' lang='grc' dir='ltr'>λέγεται</span> <span class='ocrx_word' id='word_1_810' title='bbox 3233 4961 3380 5034; x_wconf 82' lang='grc' dir='ltr'>παρὰ</span> <span class='ocrx_word' id='word_1_811' title='bbox 3407 4964 3504 5016; x_wconf 86' lang='grc' dir='ltr'><strong><em>τοῦ</em></strong></span> <span class='ocrx_word' id='word_1_812' title='bbox 3561 4965 3668 5016; x_wconf 88' lang='grc' dir='ltr'>Πα-</span> 
     </span>
    </p>
   </div>
   <div class='ocr_carea' id='block_1_111' title="bbox 2017 5049 3669 5130">
    <p class='ocr_par' dir='ltr' id='par_1_111' title="bbox 2017 5049 3669 5130">
     <span class='ocr_line' id='line_1_111' title="bbox 2017 5049 3669 5130; baseline -0.003 -21"><span class='ocrx_word' id='word_1_813' title='bbox 2017 5056 2144 5130; x_wconf 91' lang='grc' dir='ltr'>τρὸς</span> <span class='ocrx_word' id='word_1_814' title='bbox 2229 5052 2608 5128; x_wconf 79' lang='grc' dir='ltr'>ἐκπορεύεσθαι</span> <span class='ocrx_word' id='word_1_815' title='bbox 2662 5054 2724 5107; x_wconf 88' lang='grc' dir='ltr'>τὸ</span> <span class='ocrx_word' id='word_1_816' title='bbox 2778 5055 2996 5125; x_wconf 87' lang='grc' dir='ltr'>Πνεῦμα</span> <span class='ocrx_word' id='word_1_817' title='bbox 3073 5049 3421 5120; x_wconf 89' lang='grc' dir='ltr'>ζητείτωσαν.</span> <span class='ocrx_word' id='word_1_818' title='bbox 3479 5050 3669 5122; x_wconf 86' lang='grc' dir='ltr'>Ἡμεῖς</span> 
     </span>
    </p>
   </div>
   <div class='ocr_carea' id='block_1_112' title="bbox 2021 5135 3667 5218">
    <p class='ocr_par' dir='ltr' id='par_1_112' title="bbox 2021 5135 3667 5218">
     <span class='ocr_line' id='line_1_112' title="bbox 2021 5135 3667 5218; baseline -0.004 -20"><span class='ocrx_word' id='word_1_819' title='bbox 2021 5141 2078 5199; x_wconf 73' lang='grc' dir='ltr'>δὲ</span> <span class='ocrx_word' id='word_1_820' title='bbox 2103 5144 2202 5212; x_wconf 80' lang='grc' dir='ltr'>τὴν</span> <span class='ocrx_word' id='word_1_821' title='bbox 2230 5141 2410 5212; x_wconf 82' lang='grc' dir='ltr'>ἀληθῆ</span> <span class='ocrx_word' id='word_1_822' title='bbox 2461 5135 2901 5218; x_wconf 75' lang='grc' dir='ltr'>προσλαϐόμενοι</span> <span class='ocrx_word' id='word_1_823' title='bbox 2957 5138 3228 5212; x_wconf 87' lang='grc' dir='ltr'>σημασίαν</span> <span class='ocrx_word' id='word_1_824' title='bbox 3285 5145 3387 5208; x_wconf 87' lang='grc' dir='ltr'><strong><em>τῆς</em></strong></span> <span class='ocrx_word' id='word_1_825' title='bbox 3446 5137 3667 5211; x_wconf 82' lang='grc' dir='ltr'>λέξεως,</span> 
     </span>
    </p>
   </div>
   <div class='ocr_carea' id='block_1_113' title="bbox 2020 5226 3667 5307">
    <p class='ocr_par' dir='ltr' id='par_1_113' title="bbox 2020 5226 3667 5307">
     <span class='ocr_line' id='line_1_113' title="bbox 2020 5226 3667 5307; baseline -0.004 -20"><span class='ocrx_word' id='word_1_826' title='bbox 2020 5232 2194 5294; x_wconf 76' lang='grc' dir='ltr'>οὕτως</span> <span class='ocrx_word' id='word_1_827' title='bbox 2229 5229 2685 5307; x_wconf 86' lang='grc' dir='ltr'>συλλογισόμεθα.</span> <span class='ocrx_word' id='word_1_828' title='bbox 2719 5231 2790 5284; x_wconf 90' lang='grc' dir='ltr'><strong><em>Τὸ</em></strong></span> <span class='ocrx_word' id='word_1_829' title='bbox 2838 5233 3059 5302; x_wconf 88' lang='grc' dir='ltr'>Πνεῦμα</span> <span class='ocrx_word' id='word_1_830' title='bbox 3115 5228 3262 5302; x_wconf 84' lang='grc' dir='ltr'><strong><em>παρά</em></strong></span> <span class='ocrx_word' id='word_1_831' title='bbox 3314 5231 3411 5282; x_wconf 90' lang='grc' dir='ltr'><strong><em>τοῦ</em></strong></span> <span class='ocrx_word' id='word_1_832' title='bbox 3462 5226 3667 5302; x_wconf 86' lang='grc' dir='ltr'>Λόγου,</span> 
     </span>
    </p>
   </div>
   <div class='ocr_carea' id='block_1_114' title="bbox 2018 5315 3668 5396">
    <p class='ocr_par' dir='ltr' id='par_1_114' title="bbox 2018 5315 3668 5396">
     <span class='ocr_line' id='line_1_114' title="bbox 2018 5315 3668 5396; baseline -0.002 -21"><span class='ocrx_word' id='word_1_833' title='bbox 2018 5323 2284 5391; x_wconf 87' lang='grc' dir='ltr'>τουτέστι,</span> <span class='ocrx_word' id='word_1_834' title='bbox 2317 5317 2407 5374; x_wconf 82' lang='grc' dir='ltr'>διὰ</span> <span class='ocrx_word' id='word_1_835' title='bbox 2432 5325 2531 5375; x_wconf 88' lang='grc' dir='ltr'><strong><em>τοῦ</em></strong></span> <span class='ocrx_word' id='word_1_836' title='bbox 2571 5319 2748 5396; x_wconf 86' lang='grc' dir='ltr'>Λόγου</span> <span class='ocrx_word' id='word_1_837' title='bbox 2804 5318 3046 5395; x_wconf 87' lang='grc' dir='ltr'>πρόεισιν</span> <span class='ocrx_word' id='word_1_838' title='bbox 3106 5316 3166 5373; x_wconf 85' lang='grc' dir='ltr'><strong><em>ἐκ</em></strong></span> <span class='ocrx_word' id='word_1_839' title='bbox 3220 5317 3452 5392; x_wconf 87' lang='grc' dir='ltr'>Πατρὸς,</span> <span class='ocrx_word' id='word_1_840' title='bbox 3487 5315 3668 5392; x_wconf 83' lang='grc' dir='ltr'>ὥσπερ</span> 
     </span>
    </p>
   </div>
   <div class='ocr_carea' id='block_1_115' title="bbox 2021 5403 3671 5486">
    <p class='ocr_par' dir='ltr' id='par_1_115' title="bbox 2021 5403 3671 5486">
     <span class='ocr_line' id='line_1_115' title="bbox 2021 5403 3671 5486; baseline -0.002 -22"><span class='ocrx_word' id='word_1_841' title='bbox 2021 5410 2072 5480; x_wconf 79' lang='grc' dir='ltr'><strong><em>ἐξ</em></strong></span> <span class='ocrx_word' id='word_1_842' title='bbox 2102 5408 2263 5479; x_wconf 77' lang='grc' dir='ltr'>ἡλίου</span> <span class='ocrx_word' id='word_1_843' title='bbox 2315 5405 2404 5463; x_wconf 80' lang='grc' dir='ltr'><strong><em>διὰ</em></strong></span> <span class='ocrx_word' id='word_1_844' title='bbox 2449 5413 2547 5464; x_wconf 91' lang='grc' dir='ltr'><strong><em>τοῦ</em></strong></span> <span class='ocrx_word' id='word_1_845' title='bbox 2605 5408 2786 5486; x_wconf 81' lang='grc' dir='ltr'>φωτὸς</span> <span class='ocrx_word' id='word_1_846' title='bbox 2841 5406 3139 5485; x_wconf 77' lang='grc' dir='ltr'>φωτιστική</span> <span class='ocrx_word' id='word_1_847' title='bbox 3199 5403 3530 5479; x_wconf 78' lang='grc' dir='ltr'>λαμπηδὼν.</span> <span class='ocrx_word' id='word_1_848' title='bbox 3565 5404 3671 5460; x_wconf 84' lang='grc' dir='ltr'>Κά-</span> 
     </span>
    </p>
   </div>
   <div class='ocr_carea' id='block_1_116' title="bbox 2019 5492 3673 5572">
    <p class='ocr_par' dir='ltr' id='par_1_116' title="bbox 2019 5492 3673 5572">
     <span class='ocr_line' id='line_1_116' title="bbox 2019 5492 3673 5572; baseline -0.002 -20"><span class='ocrx_word' id='word_1_849' title='bbox 2019 5496 2181 5565; x_wconf 82' lang='grc' dir='ltr'>πειδή</span> <span class='ocrx_word' id='word_1_850' title='bbox 2212 5499 2357 5552; x_wconf 87' lang='grc' dir='ltr'>τοῦτ’</span> <span class='ocrx_word' id='word_1_851' title='bbox 2391 5492 2553 5569; x_wconf 81' lang='grc' dir='ltr'>ἔστιν,</span> <span class='ocrx_word' id='word_1_852' title='bbox 2579 5498 2606 5551; x_wconf 88' lang='lat'><strong><em>6</em></strong></span> <span class='ocrx_word' id='word_1_853' title='bbox 2639 5495 2696 5552; x_wconf 76' lang='grc' dir='ltr'>δὲ</span> <span class='ocrx_word' id='word_1_854' title='bbox 2725 5496 2901 5572; x_wconf 88' lang='grc' dir='ltr'>Λόγος</span> <span class='ocrx_word' id='word_1_855' title='bbox 2959 5494 3018 5551; x_wconf 85' lang='grc' dir='ltr'><strong><em>ἐκ</em></strong></span> <span class='ocrx_word' id='word_1_856' title='bbox 3070 5499 3166 5551; x_wconf 88' lang='grc' dir='ltr'><strong><em>τοῦ</em></strong></span> <span class='ocrx_word' id='word_1_857' title='bbox 3213 5495 3424 5570; x_wconf 88' lang='grc' dir='ltr'>Πατρὸς</span> <span class='ocrx_word' id='word_1_858' title='bbox 3453 5493 3673 5568; x_wconf 85' lang='grc' dir='ltr'>ὡμολό-</span> 
     </span>
    </p>
   </div>
   <div class='ocr_carea' id='block_1_117' title="bbox 2021 5582 3670 5662">
    <p class='ocr_par' dir='ltr' id='par_1_117' title="bbox 2021 5582 3670 5662">
     <span class='ocr_line' id='line_1_117' title="bbox 2021 5582 3670 5662; baseline -0.003 -19"><span class='ocrx_word' id='word_1_859' title='bbox 2021 5607 2204 5662; x_wconf 85' lang='grc' dir='ltr'>γηται·</span> <span class='ocrx_word' id='word_1_860' title='bbox 2267 5583 2356 5640; x_wconf 75' lang='grc' dir='ltr'><strong><em>διὰ</em></strong></span> <span class='ocrx_word' id='word_1_861' title='bbox 2409 5592 2570 5643; x_wconf 90' lang='grc' dir='ltr'>τοῦτο</span> <span class='ocrx_word' id='word_1_862' title='bbox 2630 5587 2718 5641; x_wconf 88' lang='grc' dir='ltr'><strong><em>καὶ</em></strong></span> <span class='ocrx_word' id='word_1_863' title='bbox 2764 5587 2827 5641; x_wconf 89' lang='grc' dir='ltr'>τὸ</span> <span class='ocrx_word' id='word_1_864' title='bbox 2857 5591 3074 5660; x_wconf 89' lang='grc' dir='ltr'>Πνεῦμα</span> <span class='ocrx_word' id='word_1_865' title='bbox 3127 5585 3273 5661; x_wconf 85' lang='grc' dir='ltr'>παρᾶ</span> <span class='ocrx_word' id='word_1_866' title='bbox 3319 5585 3527 5661; x_wconf 88' lang='grc' dir='ltr'>Πατρὸς</span> <span class='ocrx_word' id='word_1_867' title='bbox 3584 5582 3670 5638; x_wconf 85' lang='grc' dir='ltr'>ἐκ-</span> 
     </span>
    </p>
   </div>
   <div class='ocr_carea' id='block_1_118' title="bbox 2022 5670 3670 5752">
    <p class='ocr_par' dir='ltr' id='par_1_118' title="bbox 2022 5670 3670 5752">
     <span class='ocr_line' id='line_1_118' title="bbox 2022 5670 3670 5752; baseline -0.002 -21"><span class='ocrx_word' id='word_1_868' title='bbox 2022 5675 2337 5749; x_wconf 86' lang='grc' dir='ltr'>πορεύεσθαι</span> <span class='ocrx_word' id='word_1_869' title='bbox 2397 5675 2630 5752; x_wconf 89' lang='grc' dir='ltr'>λέγεται.</span> <span class='ocrx_word' id='word_1_870' title='bbox 2711 5675 2992 5751; x_wconf 82' lang='grc' dir='ltr'>Κέχρηται</span> <span class='ocrx_word' id='word_1_871' title='bbox 3052 5670 3110 5730; x_wconf 68' lang='grc' dir='ltr'>δὲ</span> <span class='ocrx_word' id='word_1_872' title='bbox 3162 5676 3231 5748; x_wconf 80' lang='grc' dir='ltr'><strong><em>τῇ</em></strong></span> <span class='ocrx_word' id='word_1_873' title='bbox 3291 5670 3588 5748; x_wconf 82' lang='grc' dir='ltr'>ἐκλάμπειν</span> <span class='ocrx_word' id='word_1_874' title='bbox 3641 5674 3670 5728; x_wconf 86' lang='lat'><strong><em>6</em></strong></span> 
     </span>
    </p>
   </div>
   <div class='ocr_carea' id='block_1_119' title="bbox 2025 5762 3668 5843">
    <p class='ocr_par' dir='ltr' id='par_1_119' title="bbox 2025 5762 3668 5843">
     <span class='ocr_line' id='line_1_119' title="bbox 2025 5762 3668 5843; baseline 0.002 -23"><span class='ocrx_word' id='word_1_875' title='bbox 2025 5762 2348 5827; x_wconf 86' lang='grc' dir='ltr'>διδάσκαλος</span> <span class='ocrx_word' id='word_1_876' title='bbox 2406 5762 2564 5839; x_wconf 82' lang='grc' dir='ltr'>λέξει,</span> <span class='ocrx_word' id='word_1_877' title='bbox 2625 5763 2992 5837; x_wconf 84' lang='grc' dir='ltr'>καταλλήλως</span> <span class='ocrx_word' id='word_1_878' title='bbox 3048 5768 3117 5838; x_wconf 76' lang='grc' dir='ltr'><strong><em>τῇ</em></strong></span> <span class='ocrx_word' id='word_1_879' title='bbox 3175 5767 3476 5843; x_wconf 80' lang='grc' dir='ltr'>φωτιστικῇ</span> <span class='ocrx_word' id='word_1_880' title='bbox 3531 5766 3668 5837; x_wconf 81' lang='grc' dir='ltr'>ζωῇ.</span> 
     </span>
    </p>
   </div>
  </div>
