4110 6426
475 478 589 539 δυ

1367 477 1470 538 DE
1515 471 2044 541 PROCESSIONE
2087 473 2152 536 S.
2199 475 2558 539 SPIRITUS
2603 472 2901 539 ORATIO
2942 474 2993 536 Ῑ.

3751 470 3870 531 542

470 608 570 666 Διᾶ
621 614 783 666 τοῦτο
838 612 928 666 καὶ
983 617 1080 667 τοῦ
1136 611 1312 688 Λόγου
1370 611 1660 688 ἐνέργειαν,
1722 616 1891 667 σῶσαν
1942 606 2109 679 δηλο-

2225 610 2646 667 subsistentem
2678 611 2961 684 Spiritum
2992 611 3264 665 sanctum
3293 605 3686 683 compellavit.
3720 603 3869 660 Ver-

471 699 609 771 νότι,
641 699 729 754 καὶ
779 699 1086 778 ὕφεστῶσαν
1131 703 1194 756 τὸ
1247 703 1401 776 ἅγιον
1446 701 1690 774 ὠνόμασε
1737 705 1976 772 Πνεῦμα,
2028 698 2121 752 τὸν

473 788 648 863 Λόγον
707 790 796 844 καὶ
852 791 975 844 Υἱὸν
1033 789 1189 853 εἰδὼς
1247 796 1380 846 Θεοῦ
1439 789 1659 864 δύναμιν
1720 789 2072 845 ένυπόστατον
2105 829 2117 841 .

477 877 625 933 Ἐπεὶ
681 875 738 932 δὲ
790 875 878 932 διὰ
930 886 1031 948 τῆς
1090 877 1366 952 δυνάμεως
1414 883 1450 948 ὴ
1501 879 1754 955 ἐνέργεια,
1788 881 1823 948 ἡ
1856 875 1913 932 δε
1962 875 2118 932 δύνα-

479 989 570 1041 μις
602 967 1062 1042 ὁμολογουμένως
1111 969 1170 1024 ἐκ
1209 974 1304 1023 τοῦ
1355 975 1508 1040 Θεοῦ,
1560 967 1648 1024 διὰ
1690 972 1850 1022 τοῦτο
1882 967 1940 1021 ἐκ
1988 970 2120 1020 Θεοῦ

476 1059 510 1125 ἠ
545 1055 799 1132 ἐνέργεια.
859 1062 1028 1112 Τοῦτο
1077 1059 1178 1134 γὰρ
1242 1057 1494 1133 βούλεται
1550 1063 1628 1130 τῷ
1675 1055 1983 1129 διδασκάλῳ
2033 1055 2116 1124 τὸ,

474 1144 686 1221 λέγεται
778 1146 1157 1222 ἐκπορεύεσθαι
1219 1194 1232 1220 ,
1304 1149 1378 1209 ὡς
1451 1155 1550 1217 τῆς
1624 1151 1722 1201 τοῦ
1807 1145 2120 1218 Πνεύματος

475 1233 843 1306 έκπορεόσεως
919 1234 1224 1311 λεγομένης
1294 1235 1384 1290 καὶ
1435 1237 1845 1311 κηρυττομένης
1901 1234 1960 1289 ἐκ
2016 1240 2120 1289 Πα-

472 1325 601 1400 τρὸς
661 1321 749 1378 διὰ
802 1325 901 1392 τήν
967 1326 1102 1401 πρὸς
1152 1326 1214 1380 τὸ
1267 1330 1482 1401 πρῶτον
1541 1324 1830 1403 ἀναφοράν.
1884 1326 1971 1386 ⁶Θς
2024 1326 2116 1396 μὲν

474 1413 569 1468 οῦν
617 1413 879 1490 ἐνέργειαν
934 1419 1031 1468 τοῦ
1085 1415 1215 1468 Υἱοῦ
1271 1414 1360 1468 καὶ
1409 1419 1541 1470 Θεοῦ
1573 1414 1752 1490 Λόγου
1789 1415 1852 1469 τὸ
1901 1419 2118 1486 Πνεῦμα

467 1501 531 1557 τδ
564 1503 712 1579 ἅγιον
745 1501 936 1565 ἀϊδίως
967 1501 1233 1576 ἐκλάμπει
1255 1504 1382 1580 παρ’
1411 1503 1596 1572 αὐτοῦ,
1621 1501 1812 1558 ταυτὸν
1847 1500 1892 1557 δ’
1924 1503 2116 1561 εἰπεῖν,

472 1588 538 1646 δι’
614 1592 778 1646 αὐτοῦ
835 1595 982 1666 παρὰ
1047 1598 1144 1647 τοῦ
1218 1594 1429 1667 Πατρός
1463 1610 1478 1625 ⁸
1533 1593 1609 1654 ὡς
1667 1590 1723 1647 δὲ
1797 1591 1973 1669 δωρεὰ
2027 1593 2115 1648 καὶ

467 1679 881 1754 ἀποστέλλεται,
913 1683 1002 1736 καὶ
1034 1679 1240 1737 δίδοται
1272 1686 1528 1759 φυσικῶς.

546 1811 597 1859 ι’.
646 1807 763 1859 Ὅτι
814 1802 872 1860 δὲ
920 1806 983 1860 τὸ
1033 1804 1330 1879 ἐκλάμπειν
1390 1806 1442 1861 έν
1495 1804 1746 1882 θεολογίᾳ
1790 1826 2114 1882 παραστατι-

468 1893 564 1949 κόν
595 1891 702 1948 ἐστι
744 1901 844 1963 τῆς
898 1894 1139 1956 ἀπαθοῦς
1184 1895 1272 1950 καὶ
1321 1895 1555 1971 ἆχρόνου
1605 1894 1903 1971 ὑπάρξεως,
1947 1895 2036 1949 καὶ
2085 1896 2114 1949 6

2232 699 2394 766 bum,
2426 704 2484 754 et
2514 699 2724 756 Filium
2747 716 2993 756 noscens
3015 699 3116 755 Dei
3137 699 3412 755 virtutem
3445 701 3870 770 enypostatam-

2229 788 2469 852 Quando
2498 807 2632 845 vero
2665 807 2766 862 per
2811 789 3085 844 virtutem
3135 789 3411 860 operatio,
3455 791 3640 843 virtus
3670 789 3866 842 autem

2228 892 2294 932 ex
2340 877 2455 933 Deo
2507 879 2738 935 nemine
2792 881 3247 946 contradicente,
3298 882 3606 950 propterea
3652 893 3720 932 ex
3751 881 3865 931 Deo

2229 968 2485 1037 operatio
2515 972 2624 1036 est,
2670 969 2824 1040 quod
2871 968 3142 1041 Magister
3193 968 3454 1023 insinuat
3502 966 3618 1022 illis
3649 965 3861 1036 verbis,

2227 1055 2433 1110 dicitur
2455 1057 2765 1128 procedere,
2793 1074 2928 1113 cum
2975 1057 3227 1129 Spiritus
3273 1055 3564 1128 processio
3597 1056 3860 1123 dicatur;

2229 1148 2286 1200 et
2317 1145 2659 1216 praedicetur
2688 1165 2757 1202 ex
2799 1148 2966 1202 Patre
2997 1152 3230 1218 propter
3275 1146 3616 1201 relationem
3651 1146 3721 1200 ad
3747 1144 3864 1217 pri-

2228 1249 2386 1288 mam
2445 1251 2703 1290 causam.
2766 1235 2858 1292 Uti
2913 1236 3112 1307 itaque
3168 1235 3424 1306 operatio
3481 1234 3630 1302 Filii,
3679 1240 3737 1289 et
3767 1233 3866 1289 Dei

2225 1323 2384 1378 verbi
2443 1324 2697 1394 Spiritus
2744 1329 2982 1380 sanctus
3031 1329 3310 1396 perpetuo
3358 1324 3547 1380 elucet
3594 1323 3666 1378 ab
3714 1323 3866 1394 ipso,

2228 1413 2381 1482 quod
2412 1412 2567 1467 idem
2598 1417 2708 1481 est,
2759 1429 2824 1468 ac
2873 1414 3082 1482 dicere,
3115 1430 3217 1485 per
3245 1414 3440 1484 ipsum
3473 1430 3506 1467 a
3535 1412 3720 1468 Patre.
3753 1411 3864 1468 Sed

2226 1502 2506 1572 tanquam
2561 1502 2781 1558 donum
2828 1505 2886 1558 et
2934 1501 3206 1571 mittitur,
3257 1509 3314 1558 et
3341 1502 3592 1559 donatur
3621 1505 3862 1557 natura-

2224 1586 2376 1644 liter.

2296 1803 2383 1856 10.
2414 1804 2646 1860 Etucere
2670 1821 2841 1876 porro
2885 1805 2945 1859 in
2995 1805 3172 1861 rebus
3219 1803 3432 1860 divinis
3462 1803 3860 1861 exsistentiam

2224 1907 2410 1962 neque
2440 1893 2700 1962 passioni
2722 1893 3052 1961 obnoxiam,
3077 1910 3264 1965 neque
3284 1893 3530 1965 tempori
3559 1894 3862 1965 subjacen-

473 1984 639 2058 μέγας
692 1981 970 2045 Βασίλειος
1019 1981 1280 2039 δείκνυσιν
1341 1983 1483 2039 οὕτω
1537 1981 1715 2059 λέγων
1771 1984 1823 2039 έν
1884 1981 2114 2060 δευτέρῳ

2220 1983 2339 2034 tem
2370 1981 2670 2050 inducere,
2697 1999 2948 2054 magnus
2970 1983 3222 2038 Basilius
3251 1984 3334 2038 ita
3352 1984 3579 2055 probat,
3603 1983 3862 2040 oratione

464 2077 574 2128 τῶν
653 2071 1079 2148 ’Δντιρῥητικῶν
1120 2093 1132 2105 '
1194 2074 1360 2142 Κοινὴ
1446 2072 1726 2150 πρόληψις
1809 2079 1964 2128 πᾶσιν
2052 2075 2109 2129 6-

470 2160 643 2234 μοίως
701 2166 1044 2236 Χριπιανοῖς
1104 2162 1393 2238 ἐνυπάρχει
1469 2167 1583 2223 τοῖς
1639 2183 1699 2237 γε
1755 2163 1830 2224 ὡς
1888 2161 2111 2231 ἀληθῶς

461 2257 562 2318 τῆς
634 2249 1006 2326 προσηγορίας
1076 2250 1278 2321 ταύτης
1351 2250 1519 2321 ἀξίοις
1569 2297 1582 2324 ,
1647 2250 1769 2328 περὶ
1833 2256 1930 2306 τοῦ
2000 2257 2111 2330 φῶς

467 2338 600 2393 εἶναι
673 2339 763 2393 τὸν
821 2340 943 2394 Υἱὸν
999 2342 1246 2415 γεννητὸν
1302 2339 1362 2394 ἐκ
1415 2345 1510 2395 τοῦ
1579 2341 1876 2416 ἀγεννήτου
1932 2342 2110 2420 φωτὸς

465 2425 865 2502 ἀπολάμψαντα
898 2473 910 2484 .
970 2429 1068 2483 Καὶ
1138 2428 1302 2484 πάλιν
1333 2450 1346 2462 ·
1406 2431 1641 2505 Ἀγαθοῦ
1715 2431 1806 2503 μὲν
1875 2431 2110 2504 Πατρὸς,

461 2515 664 2591 ἀγαθὸς
721 2518 843 2579 Υἱὸς
878 2563 892 2588 ,
967 2517 1146 2595 φωτὸς
1209 2516 1266 2573 δὲ
1318 2523 1416 2573 τοῦ
1477 2519 1772 2594 ἆγεννήτου
1830 2523 1944 2598 φῶς
2003 2518 2110 2589 ἐξέ-

467 2605 654 2679 λαμψε
681 2606 744 2660 τὸ
801 2603 996 2664 ἀΐδιον.
1057 2607 1156 2662 Καὶ
1189 2607 1493 2684 Γρηγόριος
1549 2605 1606 2662 δὲ
1659 2611 1766 2662 τῶν
1823 2609 2106 2663 Νυσσαέων

465 2695 495 2749 6
527 2695 692 2773 σοφὸς
741 2693 1027 2771 ἱεράρχης,
1084 2694 1227 2751 οὕτω
1284 2697 1445 2774 φησὶν
1505 2696 1555 2751 ἐν
1612 2701 1690 2769 τῷ
1743 2698 1947 2774 πρώτῳ
2003 2701 2110 2752 τῶν

462 2783 889 2860 ’Λντιρῥητικῶν
945 2802 958 2814 ⁸
1019 2786 1206 2861 Πατὴρ
1281 2787 1375 2858 μὲν
1448 2786 1685 2862 ἄναρχος
1719 2832 1732 2858 ,
1790 2785 1879 2840 καὶ
1955 2786 2108 2862 ἀγέν-

461 2893 642 2943 νητος,
699 2871 788 2926 καὶ
848 2873 930 2927 ἀεὶ
983 2875 1170 2950 Πατὴρ
1225 2879 1448 2931 νοεῖται.
1505 2875 1590 2945 Ἐξ
1641 2873 1804 2929 αὐτοῦ
1863 2874 1920 2929 δὲ
1975 2876 2109 2932 κατὰ

463 2961 528 3015 τὸ
603 2962 872 3037 προσεχὲς
949 2959 1280 3024 ἀδιαστάτως
1356 2965 1384 3018 ὁ
1459 2964 1755 3040 μονογενὴς
1828 2965 1952 3026 Υἱὸς
2027 2969 2107 3037 τῷ

465 3050 636 3126 Πατρὶ
723 3056 1106 3106 ωνεπινοεῖται
1149 3097 1162 3109 .
1248 3053 1326 3107 Δι’
1405 3052 1569 3108 αὐτοῦ
1654 3051 1729 3124 δὲ,
1815 3053 1902 3108 καὶ
1991 3056 2106 3126 μετ’

466 3138 630 3194 αὐτοῦ
702 3140 828 3212 πρίν
902 3161 954 3194 τι
1037 3140 1188 3195 κενόν
1273 3162 1332 3196 τε
1409 3141 1497 3197 καὶ
1582 3141 1943 3197 ἀνυπόστατον
2018 3140 2108 3198 διὰ

471 3227 633 3301 μέσου
691 3234 1051 3304 παρεμπεσεῖν
1127 3230 1310 3304 νόημα
1342 3274 1356 3301 ,
1413 3229 1566 3293 εὐθὺς
1622 3232 1684 3285 τὸ
1756 3236 1977 3305 Πνεῦμα
2040 3233 2103 3287 τὸ

462 3318 612 3392 ἅγιον
691 3317 1054 3391 συνημμένως
1128 3314 1601 3392 καταλαμϐάνεται
1635 3364 1647 3376 .

464 3404 608 3481 ρίζον
667 3405 803 3460 κατά
855 3407 955 3474 τήν
1016 3405 1236 3482 ὕπαρξιν
1301 3408 1434 3480 μετὰ
1484 3409 1576 3464 τὸν
1638 3409 1783 3484 Υἱὸν,
1841 3411 1917 3472 ὡς
1972 3410 2104 3464 ποτὶ

460 3493 553 3548 τὸν
646 3501 914 3568 μονογενῆ
1000 3491 1132 3570 δίχα
1225 3499 1321 3550 τοῦ
1406 3496 1718 3570 Πνεύματος
1797 3500 2105 3572 νοηθῆναι,

456 3579 591 3638 ἀλλ’
639 3581 700 3637 ἐκ
760 3583 853 3655 μὲν
908 3587 1006 3638 τοῦ
1063 3588 1197 3640 Θεοῦ
1268 3589 1376 3640 τῶν
1435 3584 1619 3657 ὅλων,
1678 3586 1768 3641 καὶ
1827 3587 1956 3642 αὐτὸ
2009 3589 2110 3656 τὴν

458 3670 632 3726 αἰτίαν
709 3668 838 3748 ἔχον
906 3677 1003 3726 τοῦ
1079 3674 1214 3728 εἶναι
1257 3720 1272 3745 ,
1333 3673 1452 3738 ὅθεν
1515 3675 1604 3729 καὶ
1678 3677 1740 3730 τὸ
1820 3675 2108 3751 μονογενὲς

457 3758 570 3816 ἰστι
630 3765 766 3838 φῶςο
826 3758 915 3815 διὰ
971 3759 1029 3815 δὲ
1075 3766 1172 3816 τοῦ
1226 3762 1488 3830 ἀληθινοῦ
1546 3763 1727 3841 φωτὸς
1803 3762 2107 3839 έκλάμψαν,

457 3845 584 3903 οὔτε
659 3846 987 3922 διαστήματι
1055 3896 1070 3922 ,
1151 3847 1276 3906 οὕτε
1349 3851 1557 3929 φύσεως
1639 3852 1914 3927 ἑτερότητι
2008 3858 2108 3908 τοῦ

456 3938 668 4013 Πατρὸς
703 3984 719 4010 ,
780 3938 815 4006 ἢ
874 3942 970 3992 τοῦ
1055 3945 1378 4016 μονογενοῦς
1455 3941 1813 4015 ἀποτέμνεται
1861 3984 1874 3996 .
1935 3943 2104 3998 Πάλιν

453 4027 594 4103 πρὸς
650 4026 810 4081 αὐτὸν
872 4027 900 4081 6
964 4028 1132 4102 μέγας
1179 4027 1462 4092 Βασίλειος
1521 4030 1644 4106 περὶ
1705 4028 1963 4109 διαφορᾶς
2021 4031 2110 4087 οὗ·

456 4115 574 4178 σίας
632 4117 723 4170 καὶ
782 4115 1142 4179 ὑποστάσεως·
1182 4119 1260 4172 ΔὈ
1322 4116 1378 4174 δὲ
1433 4120 1558 4182 Υἱὸς
1612 4121 1674 4175 τὸ
1731 4121 1791 4176 ἐκ
1840 4125 1938 4176 τοῦ
1991 4127 2106 4177 Ila-

453 4203 584 4278 τρὸς
658 4203 1086 4281 ἐκπορευόμενον
1157 4210 1380 4280 Πνεῦμα
1457 4205 1526 4262 δι’
1581 4209 1771 4264 ἑαυτοῦ
1835 4209 1925 4264 καὶ
1995 4211 2108 4282 μεθ’

455 4295 648 4349 ἑαυτοῦ
706 4293 984 4370 γνωρίζων
1021 4340 1037 4364 ,
1094 4294 1258 4368 μόνος
1320 4302 1626 4373 μονογενῶς
1683 4297 1743 4352 ἐκ
1791 4303 1894 4354 τοῦ
1951 4299 2106 4373 ἆγεν-

455 4384 622 4453 νητου
695 4383 874 4460 φωτὸς
939 4383 1221 4458 ἐκλάμψας
1256 4432 1270 4457 ,
1330 4383 1584 4460 οὐδεμίαν
1657 4387 1794 4442 κατὰ
1848 4388 1910 4442 τὸ
1977 4385 2108 4442 ἰδιά-

462 4475 551 4540 ζον
606 4476 714 4526 τῶν
776 4475 1168 4548 γνωρισμάτων
1244 4475 1344 4543 τὴν
1421 4473 1706 4530 κοινωνίαν
1787 4475 1900 4552 ἔχει
1973 4477 2108 4550 πρὸς

455 4559 544 4613 τὸν
605 4561 839 4637 Ιῐατέρα,
889 4563 924 4630 ἢ
983 4563 1119 4634 πρὸς
1177 4561 1242 4617 τό
1296 4567 1516 4637 Πνεῦμα
1567 4564 1632 4617 τὸ
1690 4565 1866 4640 ἅγιον.
1927 4566 2106 4620 Ἰωάν-

458 4669 554 4717 νης
585 4650 613 4703 6
660 4650 825 4728 σοφὸς
857 4651 1096 4722 ποιητὴς
1151 4651 1204 4706 ἐν
1237 4653 1463 4725 Ὕμνοις
1494 4653 1628 4728 πρὸς
1672 4653 1770 4721 τὴν
1806 4652 2103 4730 ὑπέραγνον

1733 3321 1851 3396 Οὐχ
1926 3322 2048 3376 ὑστε
2078 3354 2100 3364 -
2134 3345 2177 3413 C

2223 2072 2482 2125 secunda
2510 2073 2924 2129 antirrhetica:
2967 2074 3302 2140 Communis,
3349 2072 3559 2144 inquit,
3591 2073 3860 2143 praenotio

2220 2161 2473 2215 omnibus
2502 2176 2678 2234 mquw
2710 2161 3044 2218 Christianis
3066 2165 3263 2217 innata
3281 2165 3359 2217 est
3388 2163 3477 2229 iis,
3503 2164 3599 2233 qui
3627 2161 3737 2218 tali
3764 2179 3861 2234 ap-

2216 2249 2516 2319 pellatione
2544 2251 2699 2321 digni
2737 2259 2884 2316 sunt,
2919 2252 3106 2306 lumen
3152 2267 3267 2306 esse
3305 2253 3508 2306 Filium
3536 2256 3862 2322 generatum

2219 2353 2291 2392 ea:
2319 2340 2562 2409 ingenito
2594 2341 2804 2395 lumine
2850 2341 3273 2395 illucescentem.
3307 2340 3376 2395 Et
3415 2356 3650 2395 rursum
3676 2357 3689 2395 :
3721 2341 3863 2396 Boni

2219 2429 2408 2482 Patris
2473 2428 2639 2484 bonus
2685 2430 2879 2484 Filius.
2921 2430 3176 2485 Luminis
3221 2445 3350 2485 vero
3390 2431 3630 2502 ingeniti
3675 2431 3861 2485 lumen

2217 2514 2404 2571 eluxit
2421 2519 2830 2588 smpiternam.
2853 2519 3164 2591 Gregorius
3187 2535 3419 2590 quoque
3438 2518 3855 2592 Nyssaensium

2219 2604 2423 2661 doctus
2453 2608 2697 2664 antistes
2745 2608 2802 2662 in
2848 2609 3040 2679 prima
3088 2608 3464 2664 antirrhetica
3493 2608 3614 2664 haec
3642 2607 3855 2664 habet:

2215 2694 2384 2750 Pater
2411 2697 2632 2767 quidem
2662 2698 2782 2751 sine
2823 2693 3122 2768 principio,
3156 2705 3208 2754 et
3235 2699 3533 2767 ingenitus,
3573 2705 3624 2753 et
3647 2713 3858 2766 semper

2214 2787 2382 2839 Pater
2412 2786 2743 2856 intelligitur
2764 2803 2786 2847 ;
2814 2802 2886 2842 ea:
2915 2802 2975 2842 eo
2998 2802 3124 2842 vero
3165 2786 3505 2853 immediate,
3538 2791 3592 2842 et
3620 2787 3857 2842 indivise

2214 2876 2527 2942 unigenitvs
2555 2875 2736 2931 Filius
2778 2891 2900 2930 cum
2946 2880 3114 2930 Patre
3157 2877 3328 2930 simul
3358 2877 3731 2946 intelligitur;
3755 2892 3857 2948 per

2215 2962 2360 3017 hunc
2388 2967 2594 3029 autem,
2624 2969 2677 3019 et
2717 2980 2844 3020 cum
2894 2966 3031 3034 ipso,
3079 2974 3368 3036 antequam
3424 2966 3631 3033 inanis,
3665 2970 3718 3020 et
3745 2981 3858 3020 non

2213 3051 2510 3107 subsistens
2539 3054 2601 3107 in
2625 3052 2798 3108 medio
2818 3053 3088 3124 perceptio
3115 3055 3347 3124 incidat,
3369 3069 3480 3108 non
3507 3061 3624 3124 post
3651 3054 3857 3108 Filium

2214 3147 2299 3194 tus
2350 3149 2566 3194 sanctus
2623 3141 2856 3210 iunctim
2924 3142 3252 3211 concipitur,
3319 3157 3430 3196 non
3478 3145 3598 3211 post
3651 3142 3856 3197 Filium

2213 3231 2536 3284 exsistentia
2565 3230 2882 3297 subsistens,
2915 3235 2975 3285 ut
3005 3230 3301 3302 aliquando
3317 3232 3634 3301 unigenitus
3662 3232 3858 3303 absque

2214 3317 2431 3389 Spiritu
2477 3321 2823 3389 concipiatur
2845 3337 2866 3380 ;
2894 3319 2989 3375 sed
3034 3336 3104 3375 ea:
3151 3336 3339 3375 rerum
3377 3321 3623 3376 omnium
3651 3321 3778 3385 Deo,
3808 3328 3860 3375 et

2217 3408 2334 3478 ipse
2361 3422 2479 3464 suae
2507 3410 2758 3464 essentiae
2785 3425 3009 3464 causam
3038 3409 3409 3475 habens,unde
3431 3419 3482 3464 et
3510 3410 3859 3480 unigenitum

2217 3496 2400 3550 lumen
2454 3500 2648 3565 oritur,
2700 3514 2800 3567 per
2847 3514 3038 3554 verum
3085 3503 3265 3553 autem
3317 3500 3503 3554 lumen
3530 3499 3855 3569 elucescens,

2215 3599 2392 3656 neque
2437 3586 2716 3654 distantia,
2767 3603 2946 3658 neque
2988 3596 3212 3644 natura
3248 3588 3564 3643 diversitate
3590 3605 3625 3642 a
3668 3589 3857 3653 Patre,

2216 3677 2330 3728 sive
2357 3675 2424 3729 ab
2454 3677 2734 3746 unigenito
2763 3675 3053 3731 dividitur.
3090 3677 3314 3732 Rursus
3342 3677 3414 3732 ad
3445 3676 3717 3732 eumdem
3740 3693 3861 3732 ma-

2217 3779 2367 3834 gnus
2387 3763 2637 3819 Basilius
2664 3765 2734 3819 de
2755 3765 3083 3820 differentia
3107 3766 3393 3833 essentia,
3418 3771 3474 3821 et
3488 3765 3854 3839 hypostasis:

2216 3851 2389 3906 Filius
2427 3869 2499 3907 ex
2541 3853 2704 3908 Patre
2751 3855 3124 3924 procedentem
3173 3855 3448 3924 Spiritum
3488 3872 3589 3926 per
3633 3855 3860 3910 semeti—

2213 3956 2394 4011 psum,
2427 3944 2477 3995 et
2517 3958 2629 3996 una
2673 3958 2853 3997 secum
2903 3959 3240 4014 cognoscens,
3285 3945 3432 3999 solus
3476 3946 3761 4014 unigenite
3788 3961 3861 3999 ex

2215 4031 2460 4098 ingenito
2491 4032 2703 4086 lumine
2753 4033 2988 4098 elucens,
3019 4034 3240 4088 nullum
3281 4033 3581 4089 secundum
3607 4034 3857 4106 proprie-

2217 4129 2380 4176 tatem
2406 4127 2664 4175 notarum
2712 4123 3146 4178 communionem
3199 4122 3504 4178 habetcum
3544 4124 3728 4189 Patre,
3759 4128 3861 4176 aut

2217 4225 2343 4264 cum
2372 4209 2588 4280 Spiritu
2615 4219 2820 4265 sancto.
2867 4211 3126 4267 Joannes
3167 4216 3337 4283 poeta
3385 4211 3858 4284 sapientissimus

2216 4297 2276 4352 in
2305 4299 2549 4371 Hymnis
2580 4300 2651 4354 ad
2681 4299 3291 4356 immaculatissimam
3321 4300 3620 4373 Virginem
3647 4318 3659 4356 :
3693 4299 3860 4356 Mater

2217 4389 2336 4454 Dei,
2367 4388 2567 4460 absque
2613 4391 2995 4460 conjunctione
3036 4391 3299 4461 peperisti
3343 4406 3488 4455 eum,
3538 4391 3640 4462 qui
3665 4405 3738 4444 ea:
3765 4391 3861 4445 in-

2216 4481 2474 4548 corrupto
2501 4480 2667 4533 Patre
2696 4479 2891 4534 eluxit.
2925 4479 3009 4533 Ad
3033 4478 3154 4534 haec
3182 4478 3490 4549 interpres,
3524 4479 3621 4549 qui
3654 4477 3860 4534 multis

2218 4564 2279 4619 in
2309 4567 2696 4622 admiratione
2725 4572 2832 4638 est,
2867 4571 2924 4622 et
2973 4567 3074 4638 qui
3124 4583 3320 4623 sacros
3351 4582 3602 4621 canones
3629 4566 3858 4638 primus

2217 4655 2522 4726 exposuit:
2580 4657 2790 4724 Eluxit,
2849 4656 3044 4727 inquit
3106 4672 3402 4727 supernam
3454 4655 3594 4711 Filii
3661 4655 3862 4725 absque

463 4712 785 4813 Θέομήτορα
819 4781 832 4795 .
893 4712 989 4793 Σὺ.
1042 4712 1228 4816 μήτηρ
1301 4712 1458 4795 Θεοῦ
1507 4712 1917 4804 ιὶιῖυνδυάστως1
1953 4712 2102 4820 γέγέ-

2219 4747 2466 4815 passione
2494 4747 2901 4814 generationem
2928 4744 3166 4800 denotat.
3216 4744 3682 4812 Quemadmodum
3711 4745 3861 4799 enim

462 4847 616 4897 νησαι
701 4831 800 4881 τοῦ
887 4826 938 4901 ἐξ
1013 4825 1288 4905 ἀκηράτου
1364 4830 1580 4905 ΙΙατρὸς
1664 4829 2042 4905 ἐκλάμψαντος
2092 4874 2107 4888 .

461 4915 546 4970 Ἐν
605 4914 822 4979 τούτοις
881 4917 909 4971 6
965 4916 1345 4993 ἐξηγούμενος,
1399 4919 1428 4972 6
1471 4916 1706 4981 πολλοῖς
1765 4921 2109 4994 θαυμαζόμε-

452 5024 565 5076 νος,
627 5006 655 5061 ὁ
709 5005 800 5060 καὶ
858 5009 966 5060 τῶν
1027 5007 1185 5082 ἰερῶν
1239 5007 1470 5062 κανόνων
1517 5012 1736 5084 πρῶτος
1783 5013 2108 5088 σαφηνιστὴ,

452 5091 516 5148 τὸ
575 5091 955 5169 ἐκλάμψαντος
992 5141 1006 5167 ,
1085 5095 1246 5173 φησὶν
1281 5140 1296 5166 ,
1348 5097 1446 5166 τήν
1519 5094 1627 5152 ἄνω
1693 5098 1938 5175 γέννηςιν
2011 5104 2109 5156 τοῦ

450 5181 581 5237 Υἱοῦ
656 5181 842 5252 ἀπαθῆ
922 5183 1247 5260 παρίστησιν
1289 5225 1301 5238 .
1361 5190 1449 5247 Ὡς
1513 5187 1614 5262 γὰρ
1690 5189 1725 5256 ἡ
1802 5185 2108 5259 λαμπηδὼν

454 5269 513 5324 ἐκ
565 5274 663 5326 τοῦ
719 5269 890 5341 ἡλίου
945 5271 1164 5334 ἀπαθῶς
1220 5270 1408 5344 ἔξεισιν
1443 5320 1458 5347 ,
1516 5271 1660 5329 οὕτω
1733 5277 1822 5330 καὶ
1881 5277 1909 5330 ὁ
1981 5277 2104 5340 Υἱὸς

452 5359 674 5422 ἀπαθῶς
733 5359 1045 5437 γεγέννηται
1101 5365 1181 5434 τῷ
1239 5363 1432 5438 Πατρὶ,
1491 5363 1581 5418 καὶ
1637 5363 1700 5418 τὸ
1756 5362 1989 5441 ἄχρονον
2049 5363 2107 5420 δὲ

448 5452 546 5504 τοῦ
603 5450 753 5515 Υἱοῦ,
811 5449 902 5504 καὶ
959 5451 1096 5506 κατὰ
1165 5456 1328 5507 τοῦτο
1401 5450 1664 5529 ἄναρχον,
1724 5451 1813 5508 διὰ
1863 5459 1961 5510 τοῦ
2017 5454 2102 5511 έκ-

452 5535 669 5612 λάμψαι
745 5534 983 5594 διδάσκει
1046 5541 1074 5594 6
1131 5543 1372 5611 ποιητής
1407 5583 1420 5597 .
1478 5543 1566 5603 Ὡς
1610 5543 1711 5619 γὰρ
1769 5545 1882 5617 ἅμα
1937 5549 2051 5622 φῶς
2086 5591 2100 5617 ,

443 5625 531 5680 καὶ
593 5629 706 5701 ἅμα
763 5630 798 5698 ἡ
859 5627 908 5701 ἐξ
962 5628 1126 5685 αὐτοῦ
1186 5627 1513 5705 λαμπηδὼν,
1579 5631 1750 5695 οὕτως
1807 5634 1921 5707 ἅμα
1967 5655 2100 5704 νοη-

442 5715 559 5786 Θείη
624 5717 838 5794 Πατὴρ,
871 5714 984 5793 ἅμα
1030 5717 1324 5796 παρέπεται
1379 5725 1618 5786 νοεῖσθαι
1670 5720 1856 5778 καὶτὸν
1945 5722 2092 5782 Υἱόν.

2217 4834 2477 4903 splendor
2505 4851 2575 4890 ea:
2624 4835 2739 4891 sole
2782 4837 2905 4890 sine
2945 4835 3207 4905 passione
3253 4835 3452 4905 efﬂuit,
3501 4836 3578 4888 ita
3607 4837 3660 4889 et
3684 4834 3861 4889 Filius

2219 4924 2338 4978 sine
2357 4925 2612 4995 passione
2639 4925 2864 4997 genitus
2907 4926 2987 4979 est
3015 4940 3051 4978 a
3094 4929 3281 4994 Patre,
3322 4931 3377 4978 et
3422 4923 3632 4979 Filium
3661 4925 3861 4994 absque

2218 5021 2476 5084 tempore,
2506 5016 2556 5068 et
2583 5013 2883 5068 secundum
2924 5012 3070 5067 idem
3106 5014 3225 5068 sine
3270 5014 3554 5084 principio
3597 5029 3698 5084 per
3730 5013 3860 5068 Ver-

2221 5102 2344 5156 bum
2376 5101 2603 5158 elucere
2630 5109 2789 5173 poeta
2834 5101 3032 5156 edocet.
3081 5103 3232 5156 Sicut
3273 5103 3423 5156 enim
3449 5102 3616 5157 simul
3649 5102 3855 5172 lumen,

2217 5194 2270 5246 et
2299 5191 2468 5246 simul
2495 5193 2593 5262 qui
2636 5207 2706 5247 ea:
2754 5207 2814 5246 eo
2862 5194 2962 5259 est,
3013 5189 3310 5262 splendor;
3338 5193 3421 5247 sic
3463 5207 3588 5246 cum
3612 5193 3858 5263 primum

2214 5288 2394 5336 mente
2421 5281 2736 5352 concipitur
2764 5281 2947 5347 Pater,
2980 5280 3149 5335 simul
3188 5281 3543 5352 subsequitur
3569 5287 3621 5335 et
3649 5280 3857 5335 Filium

2214 5371 2471 5441 intelligi.
2503 5371 2574 5425 Et
2603 5369 2724 5424 haec
2773 5367 3083 5441 plusquam
3125 5387 3273 5442 opus
3302 5374 3444 5438 erat,
3479 5369 3853 5425 adduximus.

2213 5457 2322 5513 Ubi
2353 5459 2508 5514 enim
2543 5458 2846 5523 sententiae
2876 5475 3045 5513 mens
3067 5460 3342 5530 prudens,
3373 5458 3744 5530 multumque
3772 5473 3856 5512 re-

2212 5547 2323 5603 bus
2354 5548 2628 5619 adaptata
2652 5547 2900 5616 videtur,
2924 5547 2972 5602 si
2994 5547 3077 5602 ita
3101 5549 3340 5603 verbum
3370 5548 3692 5620 accipiatur
3715 5571 3729 5614 ;
3760 5547 3850 5602 sin

2210 5637 2408 5692 minus
2437 5637 2494 5692 in
2528 5636 2707 5692 alium
2751 5648 2989 5692 Sensum
3037 5637 3418 5702 distrahatur,
3450 5635 3701 5691 multum
3733 5636 3850 5691 im-

2209 5725 2662 5800 probabilitatis,
2683 5731 2858 5802 atque
2888 5727 3366 5783 inconcinnitatis
3386 5724 3850 5801 praisefert,quid
