4110 6434
209 417 329 486 843

1453 427 1878 493 NICEPHORI
1919 428 2361 493 BLEMMIDJE

3483 430 3602 496 544

206 557 345 613 inde
377 557 563 631 magis
590 559 661 616 ad
687 558 989 617 veritatem
1036 562 1530 636 comprobandam
1579 565 1841 621 emendi-

1969 560 2131 618 Αλλὰ
2158 569 2325 619 ταῦτα
2370 563 2465 636 μὲν
2515 557 2648 625 ἷ¹σως
2695 560 2828 640 ὖπὶρ
2874 561 2975 633 τὴν
3025 561 3231 640 χρείαν.
3281 527 3454 620 ’ίΟπου
3499 585 3599 640 γαρ

209 648 459 703 candum
491 654 578 706 est
598 651 626 705 ?

1954 655 1989 724 ὴ
2021 657 2118 708 τοῦ
2148 651 2318 726 λόγου
2350 650 2559 708 διάνοια
2589 651 2956 728 λελογισμένη
2987 653 3076 708 καὶ
3107 651 3226 708 λίαν
3272 653 3598 730 ἡρμοσμένῃ

206 733 467 812 φαίνεται,
499 738 932 813 τοιουτοτρόπως
965 735 1445 815 ἐκλαμϐανομένης
1475 750 1575 811 τῆς
1606 741 1823 814 λέξεωςσ
1857 740 2042 802 ἄλλως
2074 739 2120 797 δ’
2152 740 2295 818 ἔχειν
2331 742 2758 814 ὑπονοουμένης,
2791 739 2933 797 πολὺ
2957 740 3018 797 τὸ
3052 741 3338 817 ἀλόγιστον
3371 744 3605 820 φέρουσα

213 825 302 879 καὶ
334 825 688 900 ἀνάρμοστον,
720 828 773 883 τί
800 830 910 904 ’χρή
943 829 1108 884 πλὲον
1143 830 1312 886 ἐκεῖσε
1346 838 1522 902 ζητεῖν
1557 833 1632 894 εἷς
1659 834 1757 901 τήν
1788 835 1885 902 τῆς
1913 830 2170 902 ἀληθείας
2200 832 2526 907 παράστασιν
2560 851 2573 901 ;

300 919 373 973 ί1.
410 917 557 972 Illud
590 924 784 974 autem
811 921 1023 987 dicere,
1073 939 1144 977 ne
1175 923 1308 994 quis
1339 924 1649 990 existimet,
1683 925 1846 996 prin-

213 1005 429 1078 cipium
460 1009 710 1079 Spiritus
755 1010 986 1082 Filium,
1033 1012 1407 1068 manifestare
1436 1013 1717 1085 Spiritum
1750 1031 1851 1086 per

211 1097 531 1152 doctrinam
567 1115 756 1167 suam,
789 1104 846 1154 et
874 1099 1047 1154 veluti
1079 1101 1191 1157 sibi
1214 1107 1526 1173 cognatum
1557 1103 1846 1175 exhibere,

207 1184 454 1255 ideoque
485 1186 599 1240 dici
628 1204 695 1242 ex
725 1187 891 1243 Patre
923 1189 1251 1260 procedere,
1285 1191 1580 1246 curiosum
1612 1193 1847 1263 quidem

209 1279 314 1343 est,
347 1275 446 1329 sed
479 1277 634 1346 quod
667 1276 831 1331 facile
854 1278 1205 1348 deprehendi
1244 1284 1452 1349 potest.
1474 1281 1657 1344 Quam
1691 1282 1847 1337 enim

211 1363 608 1435 suspicionem
696 1366 967 1438 principii
1041 1369 1380 1439 hujusmodi
1456 1371 1849 1427 manifestatio

213 1459 388 1524 atque
417 1454 695 1510 exhibitio
747 1456 1002 1512 inferet?
1033 1461 1091 1512 et
1137 1474 1389 1529 quanam
1422 1460 1645 1515 ratione
1675 1461 1850 1516 veluti

213 1546 494 1614 cognatus
526 1541 705 1598 Filius
737 1544 1018 1615 Spiritum
1045 1551 1312 1601 sanctum
1345 1548 1646 1616 exhibens,
1680 1567 1793 1604 non
1818 1567 1852 1606 a

211 1636 458 1702 cognato
489 1631 600 1686 sibi
645 1632 1057 1688 exhibebitur?
1098 1639 1155 1689 et
1185 1638 1474 1706 quomodo
1503 1637 1693 1692 Verbo
1725 1638 1851 1694 sine

209 1720 602 1776 controversia
652 1737 720 1776 ex
777 1726 948 1777 Patre
1001 1728 1393 1796 comparente,
1449 1742 1562 1780 non
1611 1727 1852 1783 habebit

209 1809 335 1864 sine
366 1810 754 1866 controversia
783 1812 1069 1884 quidquid
1125 1813 1301 1869 habet
1341 1831 1375 1869 a
1402 1814 1568 1871 Patre
1595 1815 1623 1870 ‘t
1653 1820 1708 1870 et
1737 1833 1853 1888 qua

2032 928 2114 976 ια’.
2147 922 2218 976 Τὸ
2250 919 2306 976 δέ
2339 920 2538 994 λέγειν,
2565 920 2657 975 ’ίνα
2710 923 2784 995 μή
2838 942 2921 983 τις
2967 920 3184 996 νομίσῃ,
3219 922 3294 983 ὡς
3325 921 3474 998 ἀρχὴ
3507 943 3602 976 του

1958 1010 2276 1083 ΙΙνεύματος
2333 1011 2360 1064 6
2423 1010 2566 1081 Υἱὸς,
2622 1010 2936 1088 ἐπιφυεροῖ
2982 1011 3045 1065 τὸ
3105 1015 3328 1082 Πνεῦμα
3375 1007 3465 1064 διὰ
3502 1017 3602 1078 τῆς

1958 1096 2307 1161 διδασκαλίας
2365 1097 2550 1169 αὐτοῦ,
2607 1098 2696 1153 καὶ
2756 1096 2974 1154 δίδωσιν
3032 1099 3107 1160 ὡς
3163 1100 3410 1175 συγγενὲς
3443 1145 3457 1171 ,
3516 1097 3606 1156 διὰ

1955 1193 2117 1244 τοῦτο
2165 1186 2383 1263 λέγεται
2437 1188 2496 1244 ἐκ
2544 1189 2758 1264 Πατρὸς
2814 1187 2943 1243 αὐτὸ
2999 1187 3421 1264 ἐκπορεύεσθαι,
3481 1211 3549 1243 πε
3580 1221 3602 1231 -

1960 1277 2174 1354 ρίεργον
2230 1278 2345 1349 μὲν,
2393 1275 2519 1334 ἀλλ’
2567 1277 2874 1355 εὐφώρατον
2904 1321 2915 1333 .
2967 1278 3139 1333 Ποίαν
3191 1279 3293 1354 γὰρ
3340 1279 3403 1333 τὸ
3452 1299 3606 1356 φανε-

1960 1372 2084 1442 ροῦν
2142 1367 2230 1421 καὶ
2289 1364 2495 1422 διδόναι
2552 1367 2996 1442 τοιουτοτρόπως
3055 1366 3287 1441 ὑποψίαν
3329 1367 3606 1444 εἷσαγάγοι

1960 1457 2018 1512 ἂν
2075 1458 2301 1532 ἀρχῆς;
2345 1457 2380 1525 ἢ
2437 1461 2555 1519 πῶς
2621 1457 2697 1518 ὡς
2755 1458 3009 1530 συγγενὲς
3069 1453 3251 1520 διδοὺς
3309 1456 3487 1532 Λόγος
3541 1457 3606 1512 τὸ

1957 1547 2178 1618 Πνεῦμα
2220 1546 2284 1600 τὸ
2332 1547 2501 1621 ἅγιον,
2554 1545 2654 1600 οὐκ
2699 1543 3004 1616 ἀντιδοθείη
3057 1545 3205 1621 παρᾶ
3257 1551 3353 1600 τοῦ
3413 1566 3606 1620 συγγε-

1957 1639 2077 1696 νοῦς
2111 1654 2124 1703 ;
2156 1636 2190 1704 ἢ
2244 1640 2361 1696 πῶς
2398 1639 2496 1689 τοῦ
2555 1635 2736 1709 Λόγου
2786 1634 3093 1712 πεφηνότος
3144 1633 3609 1710 ὁμολογουμένως

1959 1724 2018 1778 ἐκ
2045 1728 2140 1779 τοῦ
2198 1724 2434 1799 ΙΙατρὸς,
2497 1722 2626 1798 οὐχὶ
2679 1722 2772 1778 καί
2822 1725 2991 1779 πάντα
3044 1723 3144 1779 ὅσα
3189 1723 3304 1800 ἔχει
3363 1719 3606 1799 ὁλόγος,

1960 1810 2422 1888 ὁμολογουμένως
2471 1811 2530 1866 ἐκ
2573 1817 2670 1866 τοῦ
2718 1813 2934 1888 Πατρὸς
2967 1831 2980 1881 ;
3015 1811 3104 1867 καὶ
3161 1817 3277 1874 πῶς
3329 1813 3475 1889 ἀρχὴ
3513 1817 3608 1867 τοῦ

209 1899 433 1954 ratione
461 1899 520 1953 in
572 1905 869 1972 posterum
907 1902 1160 1974 Spiritus
1209 1903 1561 1974 principium
1595 1906 1849 1961 Verbum

1969 1900 2276 1974 [Ῑνεύματος
2329 1901 2357 1954 6
2397 1899 2574 1975 Λόγος
2624 1898 2906 1974 νομισθείη
2961 1899 3152 1956 λοιπόν
3191 1919 3204 1969 ;
3237 1902 3452 1975 Ἀπαγε
3499 1905 3606 1955 τῶν

207 1987 619 2060 reputabitur?
667 1996 863 2062 Apage
917 1991 1025 2046 has
1077 2008 1284 2063 pravas
1339 1993 1754 2065 expositiones,
1786 1999 1847 2050 tu

213 2093 445 2149 quoque
471 2079 710 2135 omnino
743 2079 920 2146 dices,
972 2097 1078 2136 nec
1125 2080 1314 2150 fallor,
1355 2081 1428 2151 ei,
1462 2098 1714 2153 quocum
1745 2083 1851 2138 tibi

212 2166 466 2239 litigium
499 2172 606 2222 est.
655 2167 1071 2224 Verumtamen
1117 2169 1395 2242 Spiritum
1447 2188 1515 2226 ex
1553 2175 1720 2228 Patre
1753 2189 1855 2244 per

211 2253 421 2310 Filium
445 2257 1034 2330 procedere.magnus
1049 2258 1298 2315 Basilius
1315 2259 1584 2331 pluribus
1603 2260 1663 2314 in
1684 2259 1851 2325 locis,

206 2347 351 2398 etin
387 2345 777 2402 antirrheticis
825 2347 1199 2418 potissimum
1251 2349 1545 2403 decernit:
1583 2349 1852 2417 Quomodo

207 2438 410 2504 itaque,
443 2434 740 2506 inquiens,
795 2437 1215 2508 separabuntur
1241 2453 1305 2493 ea
1335 2453 1453 2509 qua
1482 2441 1736 2508 separari
1763 2455 1854 2494 ne-

207 2532 440 2597 queunt,
477 2525 700 2581 Verbum
733 2527 848 2591 Dei,
881 2529 932 2582 et
979 2525 1214 2597 Spiritus
1242 2543 1312 2581 ex
1355 2527 1464 2583 Deo
1489 2543 1591 2598 per
1618 2526 1852 2583 Filium.

209 2614 272 2670 Si
312 2614 552 2686 Spiritus
597 2632 714 2668 non
769 2615 1036 2680 creditur,
1081 2624 1132 2670 et
1195 2615 1421 2671 Verbum
1477 2632 1690 2687 quoque
1744 2633 1853 2672 non

209 2703 455 2758 creditur
503 2703 583 2757 De
640 2703 748 2758 hoc
796 2704 999 2758 eodem
1033 2703 1578 2775 perspicacissimus
1604 2705 1855 2776 Epipha-

211 2789 346 2846 nius
375 2791 433 2844 in
467 2795 752 2862 Ancyroto
797 2791 953 2846 hunc
1002 2793 1059 2845 in
1091 2793 1331 2847 modum
1353 2793 1667 2848 discurrit:
1702 2816 1730 2843 «
1768 2795 1860 2849 Ait

211 2881 400 2950 itaque
448 2880 632 2934 beatus
680 2883 878 2934 Petrus
927 2881 1033 2945 his,
1084 2882 1180 2952 qui
1224 2897 1347 2935 cum
1394 2881 1614 2937 Anania
1653 2889 1854 2937 erant:

212 2991 240 3018 «
275 2967 384 3023 Cur
412 2971 642 3024 tentavit
671 2984 758 3023 vos
805 2969 1063 3036 Satanas,
1095 2971 1322 3025 mentiri
1368 2971 1606 3042 Spiritui
1631 2979 1813 3027 sancto
1833 2974 1858 3024 .9

207 3059 273 3113 Et
297 3059 417 3112 ait:
446 3058 565 3113 Non
622 3057 839 3114 homini
883 3061 1102 3114 mentiti
1143 3061 1295 3126 estis,
1351 3059 1442 3115 sed
1495 3064 1621 3115 Deo.
1659 3084 1680 3111 ι
1719 3061 1857 3117 Deus

207 3162 332 3218 ergo
361 3162 430 3202 ex
458 3149 626 3202 Patre
653 3151 706 3202 et
735 3147 878 3202 Filio
926 3147 1186 3218 Spiritus,
1218 3149 1311 3203 cui
1362 3150 1582 3204 mentiti
1610 3155 1852 3219 fuerant,

210 3235 313 3306 qui
338 3240 402 3290 de
446 3237 630 3306 pretio
685 3234 1042 3309 fraudarant.
1102 3239 1172 3290 Et
1217 3253 1495 3292 rursum:
1544 3239 1714 3293 Pater
1742 3239 1860 3293 veri

214 3324 346 3379 Filii
371 3325 542 3380 Pater
570 3329 668 3391 est,
721 3325 905 3379 lumen
945 3329 1112 3392 totus,
1159 3333 1210 3380 et
1255 3327 1438 3381 Patris
1487 3327 1606 3381 veri
1663 3326 1854 3394 Filius,

219 3413 406 3469 lumen
437 3413 499 3469 de
531 3413 761 3478 lumine,
791 3429 902 3468 non
951 3421 1011 3468 ut
1057 3430 1141 3469 res
1186 3415 1364 3484 factae,
1396 3419 1490 3469 aut
1515 3419 1728 3482 creatae,
1759 3432 1857 3472 no-

216 3504 526 3558 minatione
569 3503 689 3558 sola
735 3501 973 3573 Spiritus
1020 3506 1261 3569 sanctus,
1317 3503 1561 3572 Spiritus
1607 3505 1859 3560 veritatis

214 3601 335 3658 est,-
369 3592 556 3646 lumen
603 3593 830 3646 tertium
873 3609 908 3645 a
964 3596 1132 3647 Patre
1177 3597 1234 3647 et
1262 3593 1447 3646 Filio:
1503 3594 1714 3665 reliqua
1741 3594 1862 3649 alia

210 3682 503 3753 positione,
561 3681 646 3735 vel
701 3682 1063 3753 appositione,
1121 3683 1206 3737 vel
1273 3681 1671 3754 appellatione.
1731 3681 1861 3738 Haec

220 3769 711 3841 perspicassimus
790 3769 1168 3842 Epiphanius,
1228 3788 1298 3827 ex
1368 3773 1533 3826 Patre
1605 3775 1660 3826 et
1725 3773 1862 3827 Filio

218 3873 534 3927 usurpans,
568 3855 694 3912 loco
740 3855 920 3918 illius,
951 3874 1019 3912 ex
1067 3863 1231 3914 Patre
1259 3875 1360 3930 per
1400 3859 1624 3913 Filium.
1657 3859 1865 3923 Quem-

222 3944 541 4000 admodum
572 3949 628 4000 et
657 3945 1128 4016 sapientissimus
1179 3947 1429 4019 Cyr-illus
1468 3947 1527 4001 in
1579 3948 1864 4003 Thesauris

223 4033 317 4089 bis
347 4033 538 4089 verbis
588 4034 940 4089 enuntians:
994 4035 1144 4103 Quod
1191 4035 1383 4090 beatus
1423 4036 1624 4108 Moyses
1655 4036 1867 4092 homini

225 4139 264 4178 a
313 4123 419 4178 Deo
472 4124 736 4193 inflatum
782 4124 954 4193 fuisse
1009 4123 1304 4192 contendit,
1354 4124 1412 4178 id
1461 4125 1709 4180 Christus
1748 4132 1866 4195 post

224 4214 683 4269 resurrectionem
703 4229 738 4266 a
759 4215 988 4268 mortuis
1018 4229 1283 4268 renovans
1305 4215 1529 4280 inﬂavit
1555 4215 1670 4268 suis
1697 4214 1865 4270 disci-

215 4303 386 4375 pulis,
428 4301 660 4357 dicens:
710 4299 966 4372 Accipite
1011 4300 1317 4372 Spiritum,
1363 4310 1424 4356 ut
1472 4318 1661 4357 rursus
1690 4305 1865 4373 refor-

217 4392 360 4448 mati
383 4394 444 4446 in
473 4393 793 4460 imaginem,
826 4407 988 4462 quam
1020 4407 1054 4446 a
1091 4392 1368 4462 principio
1397 4390 1708 4460 habuimus,
1739 4407 1866 4446 con-

215 4483 417 4552 formes
447 4482 642 4551 ﬁamus
672 4480 912 4536 Creatori
948 4496 1049 4551 per
1095 4479 1331 4550 Spiritus
1367 4481 1861 4550 participationem.

222 4571 357 4627 Cum
385 4571 568 4642 itaque
621 4572 868 4642 Spiritus
920 4574 1135 4625 sanctus
1190 4568 1260 4624 ad
1300 4585 1396 4624 nos
1445 4571 1689 4637 veniens,
1740 4586 1866 4626 con-

224 4661 429 4732 formes
453 4677 553 4716 nos
608 4660 777 4731 efﬁcit
832 4660 958 4726 Deo,
1012 4657 1242 4731 proﬂuit
1270 4674 1396 4714 vero
1453 4666 1506 4713 et
1532 4674 1603 4713 ex
1629 4661 1794 4713 Patre
1816 4665 1868 4714 et
1897 4645 1946 4708 D

224 4750 383 4821 Filio,
413 4750 776 4819 manifestum
805 4756 884 4804 est
928 4763 1052 4803 eum
1095 4747 1304 4804 divinae
1347 4747 1592 4802 essentia:
1622 4761 1752 4815 esse,
1783 4762 1872 4802 es-

226 4840 495 4893 sentiater
550 4839 608 4892 in
668 4840 808 4908 ipsa,
867 4839 920 4892 et
964 4853 1034 4891 ea:
1089 4837 1216 4908 ipsa
1267 4837 1560 4907 proﬂuens.
1610 4835 1869 4901 Proﬂuit,

224 4927 437 4996 inquit,
489 4943 557 4982 ex
587 4925 753 4980 Patre
813 4932 870 4981 et
918 4925 1081 4982 Filio.
1141 4925 1250 4980 hoc
1279 4931 1371 4980 est
1401 4941 1501 4997 per
1560 4923 1770 4980 Filium
1803 4941 1872 4980 ex

222 5015 414 5070 Patre.
451 5017 520 5070 At
558 5015 976 5087 Nyssaensium
1025 5015 1304 5086 orbisque
1349 5013 1570 5081 lumen,
1606 5018 1746 5085 quot
1774 5012 1871 5070 ille

221 5105 281 5160 in
315 5103 455 5158 locis
489 5102 681 5174 palam
715 5104 1043 5174 conﬁrmat,
1069 5120 1170 5176 per
1192 5102 1401 5158 Filium
1427 5102 1711 5174 Spiritum
1744 5118 1874 5157 san-

222 5197 383 5248 ctum
415 5209 483 5247 ex
515 5192 680 5246 Patre
710 5192 884 5246 esse?
910 5192 1009 5246 sed
1041 5191 1415 5264 potissimum
1449 5191 1507 5244 in
1540 5191 1733 5262 prima
1760 5191 1872 5245 An-

221 5281 527 5338 tirrhetica
555 5280 677 5334 haec
715 5280 786 5335 de
841 5280 1057 5351 Spiritu
1102 5279 1318 5336 tradit:
1372 5281 1530 5333 Patri
1571 5279 1871 5334 secundum

224 5371 374 5442 quod
431 5372 705 5425 increatus
763 5375 841 5424 est
894 5370 1272 5440 conj-ungitur,
1317 5385 1613 5439 rursusque
1666 5369 1734 5422 ab
1784 5384 1868 5436 eo,

225 5461 374 5533 quod
403 5459 854 5532 quemadmodum
884 5459 978 5513 ille
1036 5455 1201 5512 Fater
1242 5473 1352 5513 non
1404 5465 1502 5527 est,
1541 5465 1828 5528 separatur
1849 5475 1870 5520 ,-

223 5550 577 5622 conjungitur
606 5557 656 5604 et
683 5550 824 5603 Filio
871 5547 1169 5603 secundum
1198 5547 1337 5619 quod
1386 5549 1664 5602 increatus
1693 5549 1790 5613 est,
1823 5556 1874 5602 et

223 5639 363 5711 quod
410 5655 637 5695 causam
691 5639 1026 5694 exsistentiz
1082 5653 1151 5691 ex
1205 5638 1451 5692 omnium
1506 5636 1610 5691 Deo
1640 5636 1872 5699 habeat;

222 5730 536 5802 sejungitur
591 5743 784 5784 rursus
831 5727 1192 5799 proprietate,
1250 5723 1391 5799 quod
1444 5739 1556 5780 non
1614 5732 1874 5798 tanquam

1958 1990 2220 2045 τοιούτων
2279 1990 2721 2065 παρεξηγήσεων,
2781 1987 2883 2044 οἶδ’
2938 1988 3020 2044 δτι
3070 1989 3234 2068 φαίης
3283 1990 3341 2044 ἃν
3401 1989 3490 2044 καὶ
3520 1988 3611 2044 αύ-

1958 2078 2051 2139 τὸς
2082 2083 2160 2150 τῷ
2190 2075 2468 2152 ἐρωτικῷ.
2503 2077 2573 2131 Τὸ
2608 2076 2788 2149 μέντοι
2839 2074 2908 2131 δι’
2955 2077 3084 2131 Υἱοῦ
3112 2077 3174 2131 τὸ
3208 2079 3430 2149 Πνεῦμα
3468 2077 3614 2150 παρά

1963 2167 2174 2239 Πατρὸς
2219 2165 2620 2241 ἐκπορεύεσθαι,
2667 2165 2757 2220 καὶ
2815 2162 3096 2227 Βασίλειος
3153 2166 3181 2220 ὁ
3243 2164 3410 2240 μέγας
3470 2165 3611 2220 πολ-

1964 2253 2162 2330 λαχοῦ,
2195 2255 2285 2309 καὶ
2327 2251 2394 2323 δὴ
2443 2255 2538 2308 κάν
2591 2259 2708 2316 τοῖς
2758 2253 3189 2330 ’Δντιρῥητικοῖς
3239 2251 3608 2331 ἀποφαίνεται·

1962 2349 2093 2406 Πῶς
2152 2343 2210 2398 ἂν
2272 2341 2386 2415 οῦν,
2449 2344 2685 2422 φάσκων,
2746 2343 3044 2418 χωρίζοιτο
3088 2342 3157 2397 τὰ
3193 2342 3478 2418 ἀχώριστα
3509 2341 3614 2398 Λό-

1961 2454 2056 2509 γος
2111 2437 2245 2489 Θεοῦ
2301 2433 2390 2486 καὶ
2443 2437 2670 2505 Πνεῦμα
2728 2432 2787 2486 ἐκ
2843 2437 2975 2487 Θεοῦ
3033 2429 3103 2486 δι’
3161 2434 3309 2499 Υίοῦ,
3360 2432 3405 2488 εί
3449 2437 3616 2488 Πνεῦ-

1967 2543 2041 2596 μα
2116 2522 2416 2578 ἀπιστεῖται
2469 2568 2483 2593 ,
2542 2521 2633 2576 καὶ
2706 2520 2882 2597 Λόγος
2959 2527 3356 2576 συναπιστεῖται
3407 2567 3419 2580 .
3479 2521 3616 2598 Περὶ

1963 2610 2155 2666 τούτου
2229 2611 2319 2666 καὶ
2387 2612 2414 2666 6
2487 2608 2940 2686 διορατικώτατος
3017 2611 3332 2689 Ἐπιφάνιος
3415 2609 3466 2666 ἐν
3539 2616 3616 2683 τῷ

1965 2701 2298 2776 Ἀγκυρωτῷ
2353 2697 2596 2770 διέξεισιν
2657 2698 2857 2754 ούτωσί
2893 2721 2905 2734 ο
2967 2698 3141 2768 Φησὶν
3201 2697 3294 2754 οῦν
3349 2701 3377 2754 ὁ
3437 2701 3614 2772 μακά-

1965 2809 2083 2866 ριος
2144 2785 2352 2860 Πέτρος
2410 2794 2528 2851 τοῖς
2579 2788 2702 2860 περὶ
2759 2788 2850 2843 τὸν
2907 2787 3174 2843 Ἀνανίαν’
3225 2788 3286 2842 Τί
3340 2787 3420 2844 ὅτι
3471 2788 3614 2842 ἐπεί-

1966 2899 2118 2955 ρασεν
2223 2879 2361 2951 ὑμᾶς
2440 2878 2468 2931 ὁ
2557 2882 2794 2939 Σατανᾶς
2857 2919 2871 2946 ,
2956 2876 3245 2950 ψεύσασθαι
3333 2878 3465 2950 ὑμᾶς
3548 2878 3612 2932 τὸ

1965 2972 2187 3040 Πνεῦμα
2267 2967 2330 3021 τὸ
2409 2967 2562 3041 ἅγιον
2622 2985 2636 3036 ;
2695 2965 2784 3020 καὶ
2861 2966 3023 3043 φησὶν
3077 3010 3094 3033 ,
3151 2965 3260 3020 Οὐκ
3342 2966 3611 3042 ἀνθρώπῳ

1967 3056 2274 3130 ἐψεύσασθε,
2335 3053 2481 3110 ἀλλὰ
2535 3059 2691 3126 Θεῷ.
2753 3055 2892 3125 ’Δρα
2949 3054 3079 3117 Θεὸς
3136 3054 3195 3109 ἐκ
3252 3056 3467 3131 Πατρὸς
3524 3053 3613 3110 καὶ

1965 3145 2095 3199 Υἱοῦ
2149 3145 2212 3198 τὸ
2271 3147 2517 3216 Πνεῦμα,
2575 3143 2622 3216 ᾧ
2681 3140 2970 3216 ἐψεύσαντο
3028 3143 3079 3196 o1
3141 3141 3245 3198 ἀπὸ
3291 3145 3389 3198 τοῦ
3444 3145 3616 3216 τιμή-

1972 3253 2137 3306 ματος
2191 3230 2574 3310 νοσφισάμενοι
2611 3275 2623 3288 ,
2677 3230 2777 3286 Καὶ
2835 3228 3002 3286 πάλιν
3039 3253 3051 3265 ·
3110 3233 3171 3290 Ὁ
3225 3232 3416 3305 Πατὴρ
3478 3229 3617 3302 ἀλη-

1966 3324 2092 3385 θοῦς
2144 3322 2272 3376 Υῖοῦ
2311 3321 2423 3375 ἐστι
2480 3321 2709 3396 Πατὴρ,
2771 3323 2888 3398 φῶς
2943 3318 3110 3392 δλος,
3169 3321 3260 3375 καὶ
3324 3321 3451 3383 Υἱὸς
3509 3326 3620 3377 Πα-

1963 3413 2092 3485 τρὸς
2141 3409 2400 3480 ἀληθοῦς.
2450 3414 2576 3472 Φῶς
2637 3409 2697 3464 ἐκ
2725 3408 2928 3488 φωτὸς,
2988 3409 3095 3485 οὐχ
3160 3410 3236 3472 ὡς
3294 3411 3362 3464 τὰ
3414 3409 3620 3479 ποιητᾶ

1965 3502 2003 3571 ἢ
2061 3501 2129 3555 τὰ
2197 3500 2431 3572 κτιστὰ,
2488 3498 2832 3574 προσηγορίᾳ
2908 3497 3043 3574 μόνῃ
3115 3499 3178 3554 τὸ
3254 3503 3481 3572 Πνεῦμα
3552 3500 3616 3554 τὸ

1969 3591 2118 3666 ἅγιον
2200 3592 2422 3662 Πνεῦμα
2498 3585 2756 3659 ἀληθείας
2809 3587 2966 3642 ἐστί·
3029 3591 3143 3667 φῶς
3216 3588 3397 3662 τρίτον
3473 3591 3619 3666 παρὰ

1969 3679 2184 3753 Πατρὸς
2242 3677 2332 3732 καὶ
2389 3679 2517 3732 Υἳοῦ
2552 3720 2566 3744 ,
2623 3676 2691 3731 τὰ
2762 3674 2819 3731 δὲ
2875 3674 3022 3732 ἄλλα
3091 3677 3301 3748 πάντα,
3364 3676 3521 3749 θέσει,
3580 3679 3616 3747 ἢ

1969 3767 2276 3843 παραθέσει,
2335 3767 2372 3835 ἢ
2429 3763 2646 3837 κλήσει.
2703 3770 2878 3821 Ταῦτα
2932 3765 3022 3820 καὶ
3081 3766 3109 3819 ὁ
3167 3763 3621 3842 διορατικώτατος

1971 3856 2281 3934 Ἐπιφάνιος
2351 3859 2431 3927 τῷ
2508 3853 2568 3909 ἐκ
2633 3855 2850 3928 Πατρὸς
2925 3854 3014 3908 καὶ
3073 3855 3197 3908 ι”ιοῦ
3279 3855 3620 3930 κεχρημένος

1969 3945 2083 4000 ἆντῖ
2129 3949 2226 3999 τοῦ
2275 3943 2334 3999 ἐκ
2361 3943 2575 4019 Ῑῐατρὸς
2621 3941 2691 3997 δι’
2738 3943 2889 3999 Υῖοῦ.
2941 3942 3086 3998 Καθὰ
3128 3943 3277 3998 καὶὸ
3310 3944 3622 4019 σοφώτατος

1973 4033 2244 4111 Κύριλλος
2296 4033 2346 4088 ἐν
2398 4039 2514 4095 τοῖς
2564 4037 2868 4108 Θησαυροῖς
2917 4029 3090 4107 λέγων
3138 4030 3332 4096 οὕτως·
3383 4035 3551 4112 Ὅπερ
3593 4036 3622 4090 6

1976 4122 2236 4199 μακάριος
2314 4129 2550 4191 Μωϋσῆς
2624 4121 3036 4200 ἐμπεφυσῆσθαι
3107 4122 3253 4196 παρὰ
3337 4126 3472 4180 Θεοῦ
3543 4127 3624 4196 τῷ

1971 4213 2243 4289 ἀνθρώπῳ
2319 4209 2680 4288 δυσχυρίσατο
2731 4255 2746 4282 ,
2831 4213 2991 4264 τοῦτο
3075 4210 3307 4286 Χριστὸς
3390 4212 3620 4267 ἀνινεῶν

1974 4300 2026 4355 ἐν
2087 4303 2224 4374 ἡμῖν
2299 4299 2436 4354 κατὰ
2507 4300 2603 4368 τὴν
2665 4297 2725 4353 ἐκ
2795 4301 2996 4375 νεκρῶν
3068 4293 3358 4356 ἀναϐίωσιν
3418 4299 3572 4378 ἐνεφύ
3601 4333 3624 4342 -

1974 4410 2105 4460 σησε
2204 4393 2324 4450 τοῖς
2409 4388 2600 4443 ἐαυτοῦ
2679 4389 2946 4460 μαθηταῖς
3033 4385 3206 4464 λέγων
3277 4434 3292 4460 ,
3368 4381 3570 4444 Λάϐετε
3600 4433 3616 4460 ,

1973 4482 2197 4550 Πνεῦμα
2231 4522 2246 4546 ,
2296 4475 2385 4531 ’ίνα
2455 4474 2619 4531 πάλιν
2697 4474 3176 4553 ἀναμορφωθέντες
3251 4477 3331 4540 εἰς
3397 4478 3494 4545 τήν
3564 4475 3617 4546 ἐξ

1975 4567 2154 4644 ἀρχῆς
2214 4565 2393 4622 εἰκόνα
2459 4566 2775 4644 σύμμορφοι
2852 4565 3166 4641 φαινώμεθα
3236 4570 3316 4638 τῷ
3388 4585 3619 4635 πεποιη-

1973 4656 2089 4711 κότι
2149 4653 2238 4710 διὰ
2293 4662 2393 4725 τῆς
2443 4660 2541 4710 τοῦ
2594 4654 2910 4727 Πνεύματος
2966 4657 3230 4731 μετοχῆς.
3279 4657 3404 4710 ’Ὁτε
3437 4654 3618 4710 τοίνυν

1977 4745 2040 4798 τὸ
2100 4746 2320 4817 Πνεῦμα
2381 4742 2445 4796 τὸ
2502 4743 2654 4817 ἅγιον
2709 4740 2759 4796 ἐν
2820 4743 2955 4815 ἡμῖν
3013 4741 3295 4816 γινόμενον
3351 4741 3626 4818 συμμόρ-

1980 4851 2112 4909 φους
2188 4833 2337 4904 ἡμᾶς
2409 4827 2744 4886 ἀποδεικνύει
2801 4833 2935 4885 Θεοῦ
2966 4875 2981 4901 ,
3037 4829 3249 4905 πρόεισι
3307 4827 3366 4885 δὲ
3417 4831 3509 4885 καὶ
3568 4829 3627 4885 ἐκ

1979 4921 2194 4994 Ιιατρὸς
2247 4919 2336 4975 καὶ
2394 4920 2544 4992 Υἱοῦ,
2598 4916 2882 4996 πρόδηλον
2942 4917 3024 4974 ὅτι
3079 4925 3183 4988 τῆς
3238 4917 3382 4982 θείας
3441 4918 3623 4983 οὐσίας

1981 5009 2168 5083 ἐστὶν,
2224 5005 2503 5071 οὖσιωδῶς
2584 5007 2636 5064 ἐν
2689 5008 2826 5082 αὐτῇ
2903 5007 2991 5063 καὶ
3050 5006 3101 5078 ἐξ
3154 5008 3322 5078 αὐτῆς
3378 5008 3573 5086 προϊόν
3608 5049 3624 5065 .

1980 5099 2228 5174 Πρόεισι,
2287 5097 2472 5176 φησὶν,
2536 5098 2597 5153 ἐκ
2649 5097 2863 5174 ΙΙατρὸς
2920 5095 3009 5152 καὶ
3065 5098 3215 5152 Υἱοῦο
3263 5098 3507 5154 τουτέστι
3554 5095 3626 5153 δι’

1980 5187 2110 5242 Υἱοῦ
2139 5188 2286 5264 παρᾶ
2333 5191 2431 5242 τοῦ
2478 5185 2708 5263 Πατρός.
2746 5187 2803 5240 Ὀ
2851 5183 2910 5241 δέ
2955 5207 3016 5262 γε
3059 5191 3167 5242 τῶν
3218 5187 3504 5243 Νυσσαέων
3535 5188 3625 5242 καὶ

1977 5283 2079 5347 τῆς
2109 5276 2436 5351 οΐκουμένης
2479 5277 2724 5354 φωστὴρ,
2774 5275 2826 5330 ἐν
2874 5275 3064 5338 πόσοις
3106 5276 3430 5352 παρίστησιν
3481 5276 3627 5353 ἐναρ-

1979 5370 2112 5440 γῶς,
2173 5365 2254 5420 ὅτι
2313 5362 2380 5420 δι’
2436 5365 2564 5420 Υἱοῦ
2619 5365 2683 5420 τὸ
2731 5369 2958 5438 Πνεῦμα
2994 5365 3057 5419 τὸ
3087 5365 3240 5441 ἅγιον
3276 5365 3332 5422 ἐν
3390 5366 3625 5440 Πατρὸς,

1977 5454 2114 5518 τέως
2173 5458 2300 5529 γοῦν
2362 5454 2414 5509 ἐν
2471 5458 2551 5526 τῷ
2603 5455 2806 5527 πρώτῳ
2859 5457 2965 5510 τῶν
3019 5453 3440 5532 Ἀντιρῥητικῶν
3497 5451 3628 5510 τάδε

1981 5540 2131 5618 λέγει
2175 5543 2300 5620 περὶ
2347 5547 2444 5597 τοῦ
2495 5543 2831 5618 ῐΙνεύματος·
2866 5544 2960 5615 Τῷ
3005 5541 3178 5619 Πατρί
3222 5543 3357 5600 κατὰ
3382 5544 3445 5600 τὸ
3475 5543 3625 5599 ἄκτι-

1981 5653 2102 5686 στον
2177 5631 2577 5706 συναπτόμενον
2651 5630 2817 5687 πάλιν
2891 5631 3056 5687 αὐτοῦ
3091 5676 3104 5702 ,
3163 5636 3242 5705 τῷ
3298 5633 3375 5707 μή
3435 5632 3622 5706 Πατὴρ

1982 5721 2116 5778 εἶναι
2167 5720 2407 5798 καθάπερ
2465 5720 2669 5785 ἐκεῖνος
2729 5719 3114 5800 δια-χωρίζεται
3145 5763 3160 5779 .
3219 5723 3297 5796 Τῇ
3371 5718 3432 5779 δὲ
3491 5721 3630 5797 πρὸς
