4110 6452
458 468 586 543 ηις

1346 472 1449 540 DE
1489 466 2028 541 PROGESSIONE
2072 470 2140 540 s.
2187 479 2547 546 SPIRITUS
2590 480 2887 547 ORATIO
2929 477 2978 546 I.

3752 481 3867 548 546

465 612 557 667 τὸν
617 613 741 668 Υἱὸν
799 614 934 670 κατὰ
988 613 1052 668 τὸ
1107 609 1354 668 ἄκτιστον
1411 609 1686 689 συναφείᾳ,
1744 609 1834 665 καὶ
1909 609 1961 666 ἐν
2035 615 2114 682 τῷ
2141 631 2174 697 Α

2269 617 2547 685 nigenitus
2575 633 2645 673 ea:
2672 619 2844 674 Patre
2871 618 3137 684 subsistit,
3168 620 3220 672 et
3266 618 3407 690 quod
3436 633 3532 687 per
3561 635 3745 690 ipsum
3773 621 3865 676 Fi-

469 701 568 771 τήν
611 701 783 758 αἰτίαν
835 709 940 772 τῆς
1007 701 1280 777 ὑπάρξεως
1337 699 1397 756 ἐκ
1455 705 1554 754 τοῦ
1615 704 1749 755 Θεοῦ
1799 704 1906 754 τῶν
1965 699 2110 754 ὅλων

2226 702 2367 759 lium
2394 709 2670 778 apparuit.
2703 708 2906 763 Rursus
2929 724 3055 763 cum
3099 711 3354 763 creatura
3381 725 3479 778 per
3506 709 3707 763 Filium
3737 710 3865 764 sub-

471 787 621 866 ἔχειν
674 789 961 868 ἀφίσταται
1010 788 1176 847 πάλιν
1235 794 1314 860 τῷ
1374 785 1655 859 ἰδιάζοντι,
1710 786 1761 842 ἐν
1819 792 1898 860 τῷ
1976 790 2115 861 μήτε

2269 795 2467 865 ιίιὶδδει,
2517 812 2586 851 ne
2626 813 2750 852 cum
2791 813 2856 853 ea
2893 799 3326 853 communionem
3372 797 3618 868 Spiritus
3671 798 3868 854 habere

479 883 786 956 μονογενῶς
850 879 910 936 ἐκ
979 884 1079 936 τοῦ
1132 881 1342 955 Πατρὸς
1412 877 1730 948 ὑποστῆναι,
1786 876 1876 931 καὶ
1934 875 1985 931 ἐν
2037 881 2116 949 τῷ

2269 883 2655 955 cistimaretur,
2689 885 2828 956 quod
2875 902 2973 956 per
2998 887 3209 941 Filium
3239 895 3500 956 appareat
3546 887 3865 942 immutabi-

475 965 546 1023 δι’
601 967 766 1024 αὐτοῦ
847 973 944 1024 τοῦ
1029 969 1156 1028 Υἱοῦ
1249 967 1560 1044 πεφηνέναι.
1622 964 1794 1020 Πάλιν
1881 962 1940 1020 δὲ
2015 972 2114 1034 τῆς

473 1057 700 1121 κτίσεως
767 1055 858 1113 διὰ
928 1063 1026 1113 τοῦ
1093 1061 1431 1132 Μονογενοῦς
1516 1056 1838 1128 ὑποσνάσης,
1911 1056 1985 1117 ὡς
2054 1054 2115 1110 ειν

2228 971 2398 1038 litate,
2424 973 2704 1042 ﬁrmitate,
2739 992 2801 1029 ac
2831 975 3107 1039 bonitatis,
3139 990 3261 1046 qua
3289 979 3560 1030 extranea
3586 978 3676 1044 sit,
3707 979 3868 1032 nulla

2230 1060 2551 1132 indigentia,
2584 1080 2624 1118 a
2656 1067 2913 1119 creatura
2940 1063 3182 1135 Spiritus
3211 1066 3535 1120 secernitur.

479 1148 556 1220 μὴ
624 1147 916 1218 κοινότητά
979 1168 1101 1203 τιτα
1163 1148 1228 1203 τὸ
1282 1151 1497 1219 Πνεῦμα
1560 1148 1794 1218 νομισθῇ
1866 1145 2002 1220 πρὸς
2056 1144 2256 1216 ταύτην
2312 1144 2480 1224 ἔχειν,
2541 1149 2600 1204 ἐκ
2654 1155 2749 1204 τοῦ
2810 1149 2898 1205 διὰ
2966 1155 3060 1206 τοῦ
3117 1152 3243 1205 Υἱοῦ
3299 1153 3608 1230 πεφηνέναι,
3672 1152 3724 1207 έν
3801 1159 3879 1226 τῷ

477 1235 725 1312 ἀτρέπτῳ
797 1237 886 1294 καὶ
961 1236 1322 1309 ἀναλλοιώτῳ
1383 1236 1474 1292 καὶ
1563 1233 1851 1309 ἀπροσδεεῖ
1938 1241 2038 1304 τῆς
2119 1235 2371 1310 ἑτέρωθεν
2450 1239 2782 1314 ἀγαθότητος
2813 1285 2827 1312 ,

479 1333 582 1396 τῆς
610 1325 856 1389 κτίσεως.

558 1415 648 1491 ιβ’.
708 1420 1035 1493 Διαπορούσι
1092 1416 1215 1490 περὶ
1293 1419 1391 1470 τοῦ
1463 1414 1754 1492 πεφηνέναι
1817 1413 1982 1476 τινὲς.
2040 1414 2128 1484 Μή
2162 1431 2209 1496 Β

485 1526 638 1575 ποτε,
682 1504 958 1582 λέγοντες,
1008 1505 1359 1583 φανερώσεως
1419 1503 1553 1559 αὐτὸ
1608 1501 1916 1574 δηλωτικόν
1972 1501 2136 1571 ἐστιν,

489 1595 597 1672 οόχ
652 1595 949 1671 ὑπάρξεως.
995 1594 1184 1650 Καίτοι
1236 1595 1286 1670 γ’
1343 1593 1512 1669 ἐχρῆν
1573 1591 1791 1663 αὐτοὺς,
1819 1593 1867 1647 εἰ
1926 1593 2002 1666 μὴ
2059 1596 2138 1664 τῷ

489 1685 831 1762 ἱνεργητικὸν
885 1684 1024 1741 εἶναι
1072 1685 1136 1739 τὸ
1183 1682 1335 1760 ῥῆμα
1379 1681 1516 1738 κατά
1567 1703 1628 1737 τε
1698 1683 1977 1760 προφορὰν
2047 1680 2138 1736 καὶ

491 1771 734 1844 δήλωσιν
795 1775 936 1848 ὁμοῦ
982 1774 1452 1851 προσεσχήκεσαν,
1509 1770 1606 1827 κᾶν
1659 1776 1787 1848 γοῦν
1849 1770 1900 1844 ἐξ
1951 1768 2137 1826 ἄλλων

495 1862 706 1939 ῥήσεων
737 1867 1021 1940 Ιῐατρικῶν
1063 1863 1163 1932 τὴν
1219 1860 1490 1934 σημασίαν
1547 1859 1991 1932 κατανενοηκέναι
2041 1862 2142 1929 τῆς

497 1951 713 2025 λέξεως,
761 1951 853 2007 καὶ
906 1953 982 2026 μὴ
1029 1952 1132 2020 τῆς
1187 1949 1450 2021 ἀληθείας
1497 1948 1830 2027 ἐπηρεαστὰς
1882 1949 2142 2020 καθεστη-

493 2040 640 2097 κέναι
671 2039 943 2111 διακενῆς.
979 2039 1184 2096 Αὐτίκα
1229 2041 1335 2115 γὰρ
1366 2040 1395 2094 ὁ
1429 2040 1595 2115 μέγας
1645 2038 1928 2101 Βασίλειος
1977 2041 2147 2093 ταῦτα

499 2129 646 2207 λέγει
722 2128 849 2206 περὶ
937 2133 1034 2184 τοῦ
1110 2127 1446 2202 Πνεύματος·
1519 2126 1684 2183 Οὐδὲν
1764 2123 1894 2203 ἔχον
1973 2127 2146 2198 ἑαυτῷ

503 2218 815 2290 ἰπίκτητον,
877 2217 1004 2275 ἀλλ’
1065 2215 1260 2281 ἆϊδίως
1339 2216 1513 2272 πάννα
1576 2212 1704 2293 ἔχον
1783 2217 1860 2279 ὡς
1931 2220 2149 2288 Πνεῦμα

501 2313 657 2379 Θεοῦ,
724 2308 814 2364 καὶ
880 2307 933 2380 ἐξ
1005 2307 1168 2363 αὐτοῦ
1245 2305 1508 2386 πεφηνός.
1567 2311 1622 2360 '0
1702 2303 1759 2361 δὲ
1834 2306 2148 2383 σοφώτατος

501 2395 778 2473 Κύριλλος
840 2397 966 2474 περὶ
1001 2400 1101 2452 τοῦ
1145 2400 1401 2473 Χριστοῦ·
1449 2396 1547 2451 Τὸν
1591 2399 1725 2451 Θεοῦ
1785 2394 2004 2468 μεσίτην
2059 2393 2149 2448 καὶ

505 2489 804 2566 ἀνθρώπων
899 2488 1035 2543 κατὰ
1103 2487 1199 2549 τὰς
1287 2485 1500 2564 Γραφὰς
1576 2486 1882 2562 συγκεῖσθαι
1957 2484 2151 2563 φαμὲν,

505 2574 569 2633 ἔκ
653 2597 714 2632 τε
785 2583 888 2646 τῆς
961 2577 1081 2640 rae’
1167 2577 1318 2649 ἡμᾶς
1402 2573 1841 2649 ἀνθρωπότητος,
1927 2571 2151 2636 τελείως

509 2666 747 2743 ἐχούσης
807 2666 944 2722 κατὰ
1005 2666 1098 2720 τὸν
1147 2661 1286 2720 ἴδιον
1340 2661 1525 2739 λόγον,
1571 2664 1662 2719 καὶ
1720 2663 1780 2719 ἐκ
1835 2667 1934 2718 τοῦ
1979 2683 2154 2740 πεφη-

508 2755 664 2818 νότος
734 2754 795 2810 ἒκ
855 2758 954 2810 τοῦ
1019 2758 1155 2810 Θεοῦ
1229 2753 1366 2808 κατὰ
1431 2752 1585 2831 φύσιν
1663 2754 1814 2823 Υῖοῦ,
1890 2752 2154 2822 τουτέστι,

507 2849 605 2900 τοῦ
677 2847 1020 2920 μονογενοῦς.
1073 2842 1173 2897 Καὶ
1239 2841 1422 2897 πάλιν
1473 2839 1640 2899 ’Ίδιόν
1699 2840 1810 2896 ἐστι
1867 2841 1932 2896 τὸ
1987 2844 2154 2894 Πνεῦ-

516 2954 590 3007 μα
634 2937 731 2988 τοῦ
779 2934 929 3005 Υἱοῦ,
971 2929 1121 2988 οὗτοι
1173 2952 1276 2986 πον
1348 2930 1511 3005 μόνον
1559 2929 1598 3004 ᾖ
1647 2929 1820 3006 Λόγος
1876 2928 2007 3001 ἐστὶ,
2058 2950 2152 2984 πε-

513 3023 700 3101 φηνὼς
757 3021 819 3076 ἐκ
862 3021 1098 3098 Πατρὸς,
1155 3018 1282 3075 ἀλλ’
1339 3019 1387 3075 εἰ
1457 3019 1547 3074 καί
1600 3025 1780 3074 νοοῖτο
1834 3020 1951 3084 καθ’
2009 3021 2158 3092 ἡμᾶς

516 3113 799 3188 ἅνθρωπος
863 3110 1122 3187 γεγονώς.
1194 3107 1490 3184 Πρόδηλον
1555 3105 1820 3180 δήπουθεν
1898 3109 1970 3170 ὡς
2027 3108 2156 3170 Θεὸς

520 3201 615 3274 μὲν
660 3200 723 3255 τὸ
774 3202 1021 3272 Πνεῦμα,
1066 3199 1127 3253 τὸ
1177 3197 1229 3269 ἐξ
1273 3199 1336 3254 οὗ
1380 3196 1583 3274 κυρίως
1642 3195 1772 3273 ἕχον
1850 3196 1940 3252 καί
2005 3218 2157 3274 φυσι-

516 3294 628 3351 κῶς
677 3289 753 3351 ὡς
817 3289 970 3358 Θεὸς,
1015 3289 1084 3343 τὰ
1127 3285 1173 3342 δ’
1226 3285 1373 3343 ἄλλα
1443 3288 1726 3360 ποιήματα
1793 3307 2160 3363 καταχρηστι-

519 3379 756 3455 κώτερον
834 3377 910 3440 ὡς
959 3377 1019 3432 ἐκ
1085 3380 1315 3446 ποιηνοῦ
1378 3376 1469 3431 καὶ
1534 3373 1873 3452 δημιουργοῦ
1931 3374 2165 3454 πεφηνό-

517 3488 605 3537 τα,
684 3467 736 3538 ἐξ
828 3467 890 3522 οὗ
986 3465 1268 3543 λεγόμενα.
1356 3467 1516 3520 Ὥστε
1589 3466 1916 3538 σημαντικὸν
1992 3464 2164 3540 ὑπάρ-

521 3560 652 3630 ξεως
734 3553 1017 3630 ἀριδήλως
1100 3555 1163 3609 τὸ
1246 3553 1560 3633 πεφηνέναι,
1629 3555 1728 3623 τῆς
1815 3560 2033 3631 Γραφῆς
2109 3551 2167 3608 δὲ

525 3643 945 3722 διαγορευούσης
1031 3643 1174 3699 οὕτω
1276 3643 1400 3719 περὶ
1493 3647 1592 3697 τοῦ
1666 3641 2005 3715 ῙΙνεύματος’
2080 3644 2169 3703 Ὠς

525 3732 617 3789 οῦν
671 3735 701 3788 ὁ
758 3731 1100 3811 δημιουργὸς
1159 3733 1337 3807 Λόγος
1396 3730 1681 3807 έσέερέωσε
1750 3731 1840 3786 τὸν
1918 3731 2166 3808 οὐρανὸν,

562 3822 589 3844 υ
800 3821 814 3842 \
904 3823 932 3876 ὸ
1112 3826 1141 3836 ~
1349 3825 1377 3836 α’
1547 3823 1575 3834 ~
1628 3820 1650 3838 η
1974 3825 2001 3835 η.

528 3844 672 3878 ουτω
725 3843 816 3877 και
870 3842 900 3876 τ
1000 3828 1226 3895 Ιινευμα
1283 3842 1381 3875 του
1446 3827 1580 3875 Θεου
1629 3839 1657 3874 ο
1705 3820 1850 3895 παρὰ
1903 3839 2006 3875 του
2053 3826 2168 3875 Πα-

525 3912 652 3988 τρὸς
739 3909 1124 3987 ἐκπορεύεται,
1207 3909 1524 3978 τουτέστιν,
1592 3907 1653 3963 ἐκ
1720 3913 1819 3963 τοῦ
1902 3908 2170 3982 στόματος

514 3999 698 4055 αὐτοῦ.
755 4000 855 4054 Καὶ
923 3997 1112 4073 πάλιν,
1163 3996 1296 4053 Οῦτε
1371 3996 1665 4070 ἀλλότριον
1723 4004 1825 4067 τῆς
1883 4003 1980 4052 τοῦ
2038 4002 2172 4054 Θεοῦ

2911 1237 3236 1315 διακρίνεται
3321 1241 3384 1295 τὸ
3469 1246 3687 1314 Πνεῦμα
3771 1243 3876 1298 ἀπὸ

2313 1418 2398 1472 12.
2448 1419 2525 1474 De
2572 1421 2744 1476 verbo
2794 1419 2893 1474 illo
2949 1435 3225 1491 apparere
3273 1419 3536 1492 plerique
3581 1421 3874 1478 dubitant.

2245 1511 2411 1562 Anne
2441 1507 2736 1580 inquiunt,
2770 1508 2915 1564 illud
2965 1508 3500 1565 manifestationem
3549 1515 3606 1566 et
3637 1527 3752 1566 non
3784 1528 3880 1567 ex-

2247 1596 2579 1652 sistentiam
2612 1601 2814 1665 notat;
2847 1613 2981 1653 cum
3030 1601 3320 1669 oporteret
3362 1599 3618 1665 eosdem,
3655 1605 3888 1671 praster-

2249 1701 2425 1757 quam
2457 1687 2611 1758 quod
2644 1687 2887 1742 verbum
2918 1685 3064 1741 illud
3093 1690 3221 1741 tum
3254 1688 3727 1759 pronuntatione,
3759 1692 3886 1744 tum

2249 1775 2619 1847 expressione
2666 1775 2918 1831 activum
2966 1779 3076 1842 est,
3111 1774 3307 1831 saltim
3357 1793 3426 1831 ex
3473 1774 3602 1832 aliis
3648 1780 3888 1832 Patrum

2251 1864 2558 1920 sententiis
2585 1865 2740 1920 vocis
2768 1863 3163 1937 significatum
3194 1864 3487 1937 colligere,
3519 1881 3709 1938 neque
3738 1866 3886 1921 veri-

2249 1955 2430 2007 tatem
2451 1951 2878 2009 calumniantes
2901 1953 3118 2009 frustra
3135 1957 3369 2026 tempus
3389 1957 3593 2010 terere.
3614 1956 3678 2010 In
3696 1971 3890 2026 prom-

2253 2045 2355 2111 ptu
2402 2041 2560 2096 enim
2607 2046 2766 2110 sunt,
2812 2059 2937 2114 quae
2987 2041 3239 2099 Basilius
3289 2044 3535 2113 Magnus
3593 2045 3768 2100 tradit
3820 2045 3890 2100 de

2255 2128 2474 2201 Spiritu
2508 2146 2520 2184 :
2554 2131 2712 2186 Nihil
2743 2131 2944 2187 habens
2987 2134 3044 2186 in
3075 2147 3132 2188 se
3184 2132 3296 2203 ipso
3337 2134 3663 2204 ascititium,
3694 2133 3787 2190 sed
3832 2135 3902 2190 ab

2255 2221 2460 2274 aeterno
2488 2221 2678 2275 omnia
2723 2221 3028 2291 possidens,
3060 2224 3124 2276 ut
3170 2221 3272 2277 Dei
3298 2221 3564 2292 Spiritus,
3594 2226 3649 2278 et
3689 2239 3760 2279 ex
3789 2224 3906 2295 ipso

2256 2323 2548 2379 apparens.
2605 2308 3088 2381 Sapientissimus
3161 2309 3411 2382 Cyrillus
3467 2312 3538 2367 de
3597 2311 3825 2368 Christo
3886 2330 3899 2369 :

2258 2395 2618 2453 Mediatorem
2648 2400 2750 2454 Dei
2777 2407 2828 2454 et
2856 2399 3165 2465 hominum,
3196 2407 3258 2455 ut
3302 2399 3505 2456 diutum
3534 2400 3758 2457 tradunt
3788 2403 3900 2458 Lit-

2261 2490 2411 2555 terae,
2445 2489 2696 2558 componi
2738 2487 2988 2556 dicimus,
3023 2493 3075 2544 et
3116 2505 3188 2544 ea:
3215 2492 3408 2545 nostra
3455 2489 3796 2546 humanitate
3823 2507 3902 2547 se-

2261 2575 2506 2631 cundum
2557 2578 2840 2645 propriam
2885 2579 3158 2633 rationem
3206 2581 3473 2650 per/ecta,
3513 2583 3567 2634 et
3605 2594 3686 2650 eo,
3729 2582 3826 2651 qui
3873 2597 3907 2636 a

2263 2665 2368 2720 Deo
2420 2667 2713 2736 apparuit,
2766 2665 3064 2722 secundum
3118 2671 3380 2722 naturam
3435 2668 3595 2739 Filio,
3653 2668 3751 2723 hoc
3805 2677 3904 2737 est,

2265 2753 2567 2823 unigenito.
2603 2753 2670 2807 Et
2717 2769 2967 2808 rursus:
3018 2754 3283 2824 Proprias
3328 2757 3409 2808 est
3456 2752 3697 2825 Spiritus
3744 2756 3905 2823 Filii,

2265 2856 2375 2896 non
2401 2856 2467 2896 ea
2520 2842 2732 2895 ratione
2775 2847 3010 2911 tantum,
3043 2857 3150 2912 qua
3211 2841 3447 2896 Verbum
3494 2851 3590 2908 est,
3636 2860 3914 2916 apparens

2264 2944 2333 2984 ea:
2361 2935 2550 2998 Patre,
2581 2931 2677 2984 sed
2702 2945 2767 2984 ea
2795 2931 2982 2997 etiam,
3015 2947 3122 3001 qua
3149 2947 3186 2985 a
3214 2932 3370 2986 nobis
3416 2934 3723 3002 concipitur
3751 2935 3905 2990 homo

2264 3021 2458 3091 factus.
2513 3020 2865 3090 Manifestum
2918 3019 3086 3074 Deum
3137 3036 3249 3075 esse
3295 3020 3584 3091 Spiritum,
3640 3023 3782 3077 illud
3838 3040 3906 3078 ea:

2267 3109 2380 3164 alio
2407 3111 2634 3179 proprie
2659 3109 2960 3179 possidens,
2990 3117 3042 3164 et
3068 3109 3408 3165 naturaliter
3444 3113 3506 3164 ut
3536 3111 3674 3166 Deus
3703 3129 3723 3166 :
3754 3112 3906 3168 alias

2272 3213 2396 3254 vero
2459 3206 2740 3252 creaturas
2793 3199 2968 3268 magis
3018 3199 3332 3270 improprie,
3382 3205 3648 3270 tanquam
3703 3215 3828 3271 qua
3879 3217 3912 3256 a

2273 3288 2538 3343 Creatore
2581 3294 2637 3341 et
2693 3287 2882 3356 opifice
2925 3290 3335 3357 apparuerunt;
3369 3303 3440 3342 ea:
3486 3304 3588 3359 quo
3630 3288 3908 3344 dicuntur.

2274 3376 2452 3444 Quare
2478 3377 2926 3446 manifestissime
2953 3377 3177 3430 verbum
3227 3391 3504 3446 apparere
3533 3378 3914 3432 exsistentiam

2273 3465 2510 3527 denotat,
2544 3465 2833 3534 Scriptura
2877 3464 3038 3520 verbo
3083 3464 3200 3520 hac
3245 3474 3519 3520 asserente
3567 3467 3632 3520 de
3671 3468 3911 3537 Spiritu.

2278 3553 2740 3622 Quemadmodum
2768 3556 2952 3624 itaque
2999 3554 3184 3625 opifex
3217 3554 3448 3609 Verbum
3488 3555 3685 3610 caelum
3723 3556 3913 3625 ﬁrma-

2275 3645 2373 3708 vit,
2407 3644 2488 3697 ita
2515 3646 2566 3697 et
2596 3643 2694 3697 Dei
2722 3642 2988 3710 Spiritus,
3017 3644 3114 3714 qui
3144 3659 3213 3697 ea:
3241 3644 3404 3698 Patre
3434 3644 3688 3716 procedit,
3712 3644 3808 3699 hoc
3837 3649 3913 3700 est

2276 3748 2349 3786 ex
2375 3746 2470 3787 ore
2496 3731 2632 3802 ejus.
2666 3732 2736 3786 Et
2773 3747 2978 3786 rursus
3013 3747 3026 3785 ε
3058 3735 3243 3802 Neque
3271 3749 3304 3786 a
3334 3734 3434 3788 Dei
3479 3733 3658 3804 gloria
3701 3735 3917 3790 alienus

2276 3821 2518 3892 Spiritus
2547 3836 2617 3876 ex
2640 3820 2913 3892 ineffabili
2958 3836 3049 3875 ore
3095 3821 3457 3892 ineﬁabiliter
3507 3839 3796 3895 apparens.
3831 3829 3918 3878 An

2281 3926 2394 3965 non
2426 3909 2734 3965 manifesto
2764 3910 2834 3964 de
2879 3909 3098 3981 Spiritu
3144 3910 3431 3967 evincitur
3476 3913 3630 3968 idem
3661 3929 3787 3968 esse
3818 3928 3922 3985 ap-

2281 4015 2502 4071 parere,
2531 4003 2588 4054 et
2617 3999 2973 4071 procedere?

517 4087 680 4162 δόξης
751 4090 815 4144 τὸ
889 4093 1105 4162 Πνεῦμα
1171 4092 1269 4143 τοῦ
1348 4085 1587 4164 ἀῤῥήτου
1664 4085 1933 4160 πόματος
2020 4086 2271 4164 ἀρρήτως
2339 4084 2596 4164 πεφηνός.
2665 4085 2738 4140 Οὐ
2813 4087 3002 4141 ταυτὸν
3081 4086 3168 4141 ἐπὶ
3240 4092 3336 4142 τοῦ
3414 4087 3723 4161 Πνεύματος
3811 4085 3917 4144 δεί-

511 4199 700 4234 κνυται
731 4183 974 4257 φανερῶς
1004 4179 1068 4234 τὸ
1099 4177 1415 4256 πεφηνέναι,
1446 4173 1536 4230 καὶ
1562 4173 1945 4251 ἐκπορεύεσθαι
1970 4195 1984 4245 ;

587 4270 668 4345 ιγ’.
724 4271 1025 4344 Τοιγαροῦν
1073 4261 1182 4322 ἔδει
1238 4268 1330 4322 καὶ
1385 4267 1513 4332 τοὺς
1565 4268 1814 4324 ἐνταυθοῖ
1867 4265 1991 4342 περὶ
2065 4268 2163 4320 τοῦ

2344 4267 2430 4322 13.
2463 4268 2778 4338 Oportebat
2807 4267 3004 4340 itaque
3047 4285 3146 4324 eos
3176 4271 3277 4342 qui
3307 4271 3401 4327 hic
3449 4269 3520 4326 de
3550 4269 3727 4341 hujus
3757 4269 3918 4325 verbi

514 4358 806 4436 πεφηνέναι
857 4354 1266 4431 διαποροῦντας,
1316 4355 1646 4433 ἀλλαχόθεν,
1697 4357 1773 4420 ὡς
1832 4353 2053 4434 ἔφαμεν,
2103 4353 2163 4409 ἐκ

512 4452 618 4503 τῶν
652 4446 1066 4526 ἀναμφιλέκτων
1120 4447 1218 4516 τὴν
1276 4453 1377 4515 τῆς
1437 4445 1635 4517 λέξεως
1692 4443 2016 4522 πορίσασθαι
2061 4440 2158 4514 δή·

517 4535 709 4610 λωσιν,
735 4537 772 4606 ἢ
810 4537 906 4609 μὲν
933 4531 996 4590 ἔκ
1023 4555 1088 4611 γε
1139 4537 1238 4604 τῆς
1299 4539 1397 4589 τοῦ
1454 4533 1622 4612 λόγου
1655 4535 2012 4614 συμφράσεως
2045 4553 2166 4588 συν-

521 4626 813 4703 εωρακέναι
896 4625 960 4681 τὸ
1053 4621 1280 4695 ἀληθὲς,
1360 4623 1449 4678 καὶ
1546 4625 1623 4697 μὴ
1709 4619 2166 4699 παραλογίζεσθαι

524 4721 653 4793 σφᾶς
702 4714 916 4776 αὐτούς.
964 4713 1134 4770 ΙΙοίαν
1204 4713 1308 4788 γὰρ
1358 4711 1418 4767 ἂν
1465 4706 1610 4789 ἔχειν
1659 4711 1981 4781 ὑπωπτεύθη
2032 4709 2169 4786 πρὸς

523 4805 617 4873 τὴν
648 4804 820 4860 κτίσιν
869 4801 1161 4873 κοινότητα
1203 4803 1266 4856 τὸ
1305 4805 1534 4876 Πνεῦμα
1585 4801 1649 4855 τὸ
1707 4801 1884 4876 ἅγιον,
1939 4798 1998 4854 ὲκ
2049 4803 2168 4870 τοῦ,

521 4894 618 4962 τὴν
654 4894 748 4966 μὲν
780 4889 868 4947 διὰ
896 4897 993 4948 τοῦ
1027 4894 1369 4968 Μονογενοῦς
1415 4891 1730 4961 ὑποστῆναι,
1762 4889 1826 4944 τὸ
1874 4885 1932 4943 δὲ
1981 4885 2051 4942 δι’
2077 4887 2170 4942 αύ-

524 4987 619 5037 τοῦ
667 4981 1076 5060 πεφανερῶσθαι
1116 4979 1286 5054 αὖτῇ;
1318 4984 1385 5034 Ἤ
1440 4982 1557 5040 πῶς
1606 4977 1656 5032 ἐν
1719 4975 1912 5039 ἄλλοις
1965 4974 2172 5050 διακρι-

525 5070 749 5144 νόμενον
780 5069 845 5124 τὸ
878 5073 1105 5143 Πνεῦμα
1160 5068 1266 5123 ἀπὸ
1296 5070 1394 5137 τῆς
1452 5067 1700 5130 κτίσεως,
1734 5065 1795 5120 ού
1847 5063 2059 5138 μᾶλλον
2112 5065 2170 5120 ἂν

531 5157 823 5236 διεκρίνετο
881 5157 1329 5236 προχειρότερον,
1362 5156 1423 5211 ἐκ
1474 5160 1591 5214 τοῦ.
1639 5156 1739 5224 τὴν
1790 5155 1883 5228 μὲν
1934 5150 2024 5208 διὰ
2077 5158 2174 5207 τοῦ

529 5253 862 5325 Μονογενοῦς
913 5245 1058 5324 ἔχειν
1107 5248 1171 5302 τὸ
1219 5247 1375 5318 εἶναι,
1413 5245 1478 5300 τὸ
1526 5242 1585 5299 δὲ
1644 5245 1719 5318 μὴ
1767 5241 1836 5298 δι’
1884 5243 2048 5298 αὐτοῦ
2106 5241 2172 5312 δὴ

528 5343 624 5394 τοῦ
652 5343 1031 5415 Μονογενοῦς;
1079 5336 1224 5393 ἀλλὰ
1268 5335 1429 5392 τοῦτό
1479 5335 1590 5390 ἐστι
1631 5331 1700 5388 δι’
1754 5333 1881 5386 Υἱοῦ
1935 5333 1998 5387 τὸ
2045 5331 2174 5386 εἶναι

531 5433 608 5500 τῷ
637 5427 912 5501 Πνεύματι
944 5427 1092 5503 παρὰ
1120 5426 1336 5501 Ματρὸς
1394 5427 1633 5503 φυσικῶς
1665 5419 1733 5477 δι’
1792 5422 1938 5491 Υὶοῦ,
1971 5421 2060 5475 καὶ
2106 5424 2176 5494 τῇ

533 5517 719 5590 κτίσει,
769 5515 916 5572 ἀλλὰ
984 5513 1420 5592 δημιουργικῶς.
1471 5511 1682 5588 Τρεπτή
1731 5510 1834 5586 γὰρ
1892 5509 2050 5580 αὕτη·
2095 5506 2179 5564 διὸ

531 5606 621 5661 καὶ
651 5603 957 5678 ἆλλοιωτὴ,
989 5605 1079 5660 καὶ
1107 5611 1208 5674 τῆς
1257 5602 1316 5658 ἐκ
1363 5606 1496 5658 Θεοῦ
1543 5599 1880 5676 ἀγαθότητος
1939 5596 2176 5670 ἐπιδεὴς,

532 5697 595 5750 τὸ
625 5692 684 5750 δὶ
711 5698 940 5769 Πνεῦμα
966 5694 1028 5749 τὸ
1059 5693 1214 5770 ἅγιον
1261 5691 1359 5748 ούκ
1406 5690 1610 5769 ἐτράπη
1663 5688 1768 5744 ἀπὸ
1824 5692 1921 5743 τοῦ
1977 5688 2053 5761 μή
2113 5687 2182 5743 εἶ-

533 5805 620 5841 ναι
669 5783 746 5849 εἰς
795 5783 858 5840 τὸ
913 5783 1050 5840 εἶναι
1115 5775 1440 5860 μεταϐαλόν·
1491 5781 1558 5854 ἦν
1607 5779 1716 5859 γὰρ
1759 5777 1864 5855 ἀεὶ,
1914 5773 2000 5833 διὸ
2056 5774 2183 5835 οὐδὲ

2271 4356 2606 4428 signiﬁcatu
2665 4355 2957 4424 haesitant,
3001 4356 3258 4426 aliunde,
3304 4364 3368 4414 ut
3418 4357 3696 4423 diximus,
3747 4361 3804 4412 et
3851 4373 3918 4412 ex

2272 4444 2618 4501 indubitatis
2633 4445 2903 4500 dictionis
2925 4447 3274 4502 sententiam
3288 4446 3681 4520 expiscari,vel
3701 4445 3911 4502 saltem

2277 4551 2346 4590 ex
2390 4535 2520 4605 ipsa
2563 4534 2791 4590 dicendi
2842 4538 3139 4591 structura
3184 4536 3484 4591 veritatem
3533 4535 3916 4607 comprehen-

2277 4624 2434 4694 dere,
2467 4626 2524 4678 et
2562 4639 2678 4678 non
2727 4623 2951 4694 seipsos
2994 4623 3159 4679 falsis
3207 4624 3710 4679 raticinationibus
3761 4623 3914 4679 deci-

2279 4728 2433 4784 pere.
2465 4711 2612 4774 Quid
2660 4711 2817 4766 enim
2850 4728 2983 4766 cum
3032 4717 3297 4767 creatura
3347 4713 3558 4767 habere
3604 4728 3916 4768 commune

2279 4800 2708 4856 existimaretur
2736 4800 2990 4871 Spiritus
3020 4806 3257 4856 sanctus
3285 4818 3354 4856 ex
3381 4818 3447 4856 eo
3477 4802 3632 4872 quod
3663 4799 3765 4856 illa
3793 4799 3918 4872 qui-

2281 4890 2414 4945 dem
2465 4907 2566 4961 per
2597 4888 2973 4960 Unigenitum
3027 4889 3318 4956 subsistit,
3350 4890 3604 4962 Spiritus
3651 4907 3786 4944 vero
3817 4905 3920 4960 per

2282 4979 2478 5050 ipsum
2508 4977 2592 5032 illi
2644 4977 3053 5034 manifestatus
3082 4978 3216 5033 est?
3265 4987 3466 5035 Annon
3512 4995 3646 5034 cum
3697 4979 3756 5033 in
3787 4977 3920 5034 aliis

2283 5068 2537 5138 Spiritus
2584 5070 2922 5121 secernatur
2963 5084 2996 5121 a
3041 5071 3323 5134 creatura,
3357 5067 3543 5140 magis
3590 5072 3648 5122 et
3680 5067 3922 5122 faciliori

2284 5156 2537 5227 quodam
2588 5155 2760 5209 modo
2805 5160 3202 5210 secerneretur
3248 5173 3316 5211 ex
3364 5173 3429 5212 eo
3480 5158 3634 5228 quod
3682 5155 3782 5210 illa
3826 5172 3924 5226 per

2284 5244 2514 5313 Filium,
2535 5245 2689 5315 quod
2714 5244 2808 5307 sit,
2835 5243 3044 5298 habeat
3071 5260 3084 5300 :
3110 5244 3205 5299 ille
3231 5248 3425 5300 autem
3451 5262 3565 5300 non
3587 5246 3924 5316 peripsum,

2285 5332 2663 5406 Unigenitum
2696 5349 2905 5403 nempe
2929 5332 2956 5386 ‘t
2986 5333 3089 5387 Sed
3114 5333 3220 5388 hoc
3247 5338 3336 5389 est
3369 5352 3469 5406 per
3499 5334 3708 5389 Filium
3738 5332 3923 5404 Spiri-

2285 5421 2391 5488 tui,
2421 5422 2572 5493 quod
2623 5421 2699 5476 sit
2743 5438 2812 5476 ex
2855 5422 3018 5477 Patre
3068 5424 3410 5479 naturaliter
3463 5440 3564 5496 per
3610 5423 3838 5486 Filium,
3871 5425 3929 5475 et

2288 5517 2585 5577 creaturae,
2619 5511 2719 5565 sed
2767 5514 2832 5564 ut
2876 5511 2948 5565 ab
2996 5505 3201 5582 opiﬁce
3248 5513 3559 5584 productae.
3611 5511 3740 5566 Haec
3771 5513 3928 5565 enim

2293 5600 2444 5656 haud
2467 5600 2636 5654 ﬁrma
2665 5603 2775 5665 est,
2803 5598 3049 5670 ideoque
3070 5605 3126 5654 et
3156 5600 3477 5672 mutabilis,
3509 5605 3565 5656 et
3595 5600 3799 5655 divina:
3823 5599 3926 5653 bo-

2291 5688 2490 5744 nitatis
2549 5688 2839 5761 indigens.
2896 5687 3010 5743 Sed
3061 5688 3315 5760 Spiritus
3381 5695 3619 5746 sanctus
3689 5687 3931 5743 minime

2291 5781 2554 5836 mutatus
2584 5781 2694 5850 est,
2722 5793 2792 5835 ex
2834 5792 2901 5834 eo
2931 5778 3088 5852 quod
3134 5794 3249 5836 non
3279 5783 3390 5853 est,
3421 5779 3494 5837 ad
3524 5778 3583 5836 id
3633 5777 3786 5853 quod
3819 5780 3931 5850 est,
