4110 6422
235 413 352 472 547

1491 401 1540 464 Ν
1547 393 1911 466 lCEPHORI
1955 396 2390 465 BLEMMIDAS

3516 398 3635 460 548

237 544 486 616 gradum
517 533 752 596 faciens.
785 537 920 594 Erat
950 535 1103 593 enim
1137 551 1370 609 semper
1402 554 1415 592 :
1447 541 1751 610 propterea
1785 553 1862 592 ne

1992 534 2208 607 κτίσμα.
2241 534 2305 588 El
2354 532 2454 609 γὰρ
2479 532 2541 588 τὸ
2581 532 2792 588 κτιστὸν
2831 530 3091 608 τρεππὸν,
3122 531 3185 585 τὸ
3246 531 3322 604 μή
3381 531 3632 607 τρε-κτὸν,

239 647 352 704 que
383 635 651 686 creatura
679 632 765 682 est
791 646 803 696 ;
830 627 1043 682 etenim
1077 627 1124 682 si
1167 631 1426 682 creatum
1460 626 1740 683 mutabile
1771 630 1878 690 est,

237 736 353 776 non
385 723 643 775 creatum
686 715 1052 771 immutabile
1097 715 1225 770 erit.
1259 715 1533 771 Creatura
1581 714 1880 771 mutabilis

237 814 357 876 est,
418 822 738 880 progressu
797 803 1317 859 sanctificationem
1378 805 1704 876 acquirens,
1762 803 1880 858 imo

235 898 412 954 etiam
444 913 477 951 a
508 893 733 950 meliori
764 893 1095 948 desciscens
1126 898 1184 947 et
1214 893 1285 946 ad
1317 892 1514 963 pejora
1545 898 1698 946 retro
1721 909 1877 947 com-

234 1002 457 1042 means.
482 983 737 1056 Spiritus
758 981 1260 1037 absolutissimam
1285 981 1397 1036 sibi
1415 981 1781 1036 sanctitatem
1806 981 1876 1035 ab

235 1080 448 1132 aeterno
496 1072 770 1128 vindicat.
805 1073 953 1143 Ergo
1014 1072 1061 1124 si
1115 1075 1374 1125 creatum
1431 1069 1710 1124 mutabile
1767 1073 1874 1139 est,

234 1163 386 1236 quod
438 1160 802 1217 immutabile
850 1166 957 1226 est,
989 1164 1250 1215 creatum
1302 1175 1416 1212 non
1464 1164 1571 1214 est.
1603 1157 1878 1213 Creatura

233 1252 557 1310 secundum
611 1247 1116 1323 participationem
1165 1248 1384 1302 bonum
1433 1263 1501 1302 ex
1539 1248 1648 1302 Deo
1679 1246 1875 1314 habet,

230 1341 482 1414 Spiritus
539 1356 674 1396 vero
717 1355 785 1394 ex
832 1338 1024 1409 seipso
1072 1337 1262 1392 bonus
1312 1341 1420 1392 est.
1465 1336 1627 1400 Quod
1680 1336 1876 1407 itaque

231 1430 432 1486 alienas
482 1427 761 1484 bonitatis
810 1444 925 1482 non
977 1426 1219 1498 indiget,
1271 1431 1327 1480 et
1374 1424 1872 1493 immutabilitate,

231 1525 408 1592 atque
437 1517 710 1573 firmitate
738 1515 988 1588 Spiritus
1022 1532 1057 1570 a
1080 1517 1345 1570 creatura
1375 1513 1718 1568 secernitur.
1742 1512 1874 1576 Quae

231 1609 282 1664 si
311 1607 536 1663 inﬁcias
583 1605 776 1672 ierint,
807 1602 1029 1675 aliquid
1067 1619 1202 1658 cum
1254 1607 1517 1658 creatura
1563 1619 1875 1658 commune

228 1698 510 1770 Spiritum
541 1695 753 1751 habere
775 1694 1105 1748 existimare
1125 1707 1360 1748 necesse
1389 1696 1497 1760 est,
1530 1709 1596 1747 ex
1624 1707 1690 1747 eo
1717 1693 1873 1762 quod

229 1803 332 1858 per
359 1785 568 1841 Filium
600 1801 634 1838 a
663 1783 829 1838 Patre
858 1782 1147 1852 apparuit.

301 1875 388 1930 14.
411 1873 634 1940 Quibus
673 1871 875 1927 statim
902 1870 1213 1941 objicimus
1251 1868 1352 1924 Dei
1392 1885 1624 1935 manus,
1653 1886 1778 1941 qua:
1809 1869 1868 1923 in

230 1962 478 2020 Psalmis
495 1965 652 2027 sunt,
681 1959 894 2028 radios,
920 1975 1051 2013 cum
1077 1958 1483 2014 consimilibus
1501 1957 1692 2012 fluviis
1715 1958 1865 2030 apud

227 2051 548 2123 theologos,
581 2066 614 2104 a
661 2048 776 2103 Deo
808 2052 975 2103 natos
1023 2046 1311 2116 surculos,
1344 2051 1400 2102 et
1447 2046 1584 2100 bina
1625 2047 1864 2114 viscera,

228 2145 286 2197 et
311 2139 536 2195 lumina
566 2137 774 2203 Patris,
805 2142 862 2192 et
892 2136 1178 2208 quidquid
1209 2136 1368 2191 hisce
1398 2135 1554 2190 haud
1581 2136 1868 2192 dissimile

227 2233 358 2297 est;
391 2244 578 2300 neque
632 2230 848 2282 norunt
893 2226 993 2296 qui
1042 2226 1149 2280 hac
1194 2230 1544 2297 praponunt,
1590 2225 1865 2296 hyposta-

229 2335 367 2375 seon
411 2317 809 2381 inconfusum,
842 2320 898 2370 et
947 2315 1196 2385 primam
1240 2331 1475 2369 causam
1531 2315 1666 2369 inde
1698 2315 1866 2370 nobis

225 2407 534 2464 insinuari.
567 2405 827 2461 Tandem
872 2404 932 2458 in
964 2404 1138 2458 rebus
1183 2402 1391 2458 divinis
1441 2404 1862 2475 pertractandis

224 2495 700 2552 consultissimus
747 2492 1125 2557 Athanasius,
1159 2493 1417 2546 oratione
1467 2492 1538 2546 de
1579 2491 1858 2563 unigeniti

225 2584 399 2641 Verbi
429 2582 850 2651 incarnatione,
883 2582 952 2635 de
995 2581 1195 2636 eodem
1231 2579 1538 2651 Unigenito
1569 2581 1688 2635 haec
1720 2581 1860 2636 scri-

223 2674 311 2730 bit
360 2691 374 2728 :
423 2675 562 2728 Dum
609 2669 949 2726 commendat
1005 2671 1064 2723 in
1122 2685 1318 2723 manus
1374 2670 1557 2724 Patri:
1604 2671 1864 2739 spiritum

224 2779 406 2833 suum,
437 2769 498 2816 ut
540 2762 715 2830 homo,
747 2760 1096 2830 semetipsum
1144 2760 1252 2812 sibi
1279 2767 1340 2813 ut
1368 2759 1473 2813 Deo
1499 2759 1860 2814 commendat.

224 2853 338 2924 Ipse
364 2851 512 2906 enim
541 2857 618 2904 est
659 2864 852 2902 manus
898 2847 1096 2901 Patris.
1133 2847 1379 2917 Sapiens
1428 2863 1660 2918 quoque
1687 2847 1861 2902 Joan-

226 2958 330 2996 nes
360 2941 418 2994 in
450 2936 967 2994 Ecclesialaudans
984 2952 1115 2991 eum
1151 2936 1251 3007 qui
1282 2936 1538 2990 extendit
1571 2953 1780 2991 manus
1800 2937 1859 2992 in

225 3045 394 3086 cruce
452 3045 464 3082 :
525 3032 752 3098 Pr0pter
801 3042 888 3081 me
945 3026 1315 3080 immaculatis
1370 3025 1526 3079 illius
1582 3028 1856 3093 manibus,

224 3119 517 3191 praedicat,
560 3121 769 3188 [actam
797 3116 966 3187 fuisse
992 3131 1174 3170 meam
1225 3117 1285 3168 in
1322 3115 1597 3185 principio
1627 3117 1856 3170 creatio-

219 3223 343 3262 nem
371 3223 442 3262 ex
470 3210 636 3276 terra,
671 3205 904 3261 creandi
932 3203 1049 3258 vim
1081 3205 1266 3273 ipsam
1290 3202 1462 3258 Verbi
1494 3209 1551 3258 et
1579 3204 1859 3275 operatio-

1990 623 2052 677 ού
2110 622 2343 679 κτιστόν.
2403 623 2464 677 Ἠ
2523 622 2691 682 κτίσις
2761 619 3043 689 ἀλλοιωτή
3114 621 3250 675 κατά
3323 621 3630 694 προκοπὴν,

1991 708 2341 785 λαμϐάνουσα
2381 712 2473 766 τὸν
2525 711 2808 786 ἀγιασμὸν,
2853 710 2913 764 οὐ
2977 711 3082 782 μὴν
3155 707 3300 764 ἀλλά
3353 708 3440 762 καὶ
3497 709 3630 762 ἀπο-

1989 807 2227 879 φοιτῶσα
2255 805 2351 855 τοῦ
2381 801 2710 876 κρείττονος,
2743 800 2832 854 καὶ
2879 801 3014 873 πρὸς
3063 798 3127 852 τὸ
3180 803 3365 873 γεῖρον
3424 799 3628 852 ὑποπο-

1989 888 2226 960 δίζουσα.
2278 891 2348 944 Τὸ
2412 887 2469 943 δὲ
2527 894 2747 961 Πνεῦμα
2815 889 2914 956 τὴν
2973 888 3273 963 ἀκροτάτην
3329 885 3628 962 ἁγιωσύνην

1988 977 2176 1041 ἀιδίως
2225 978 2404 1054 αὐχεῖ.
2437 983 2756 1052 Τοιγαροῦν,
2791 977 2835 1031 εἰ
2881 978 2943 1030 τὸ
2989 976 3201 1031 κτιστὸν
3248 975 3335 1030 καὶ
3387 972 3630 1029 ἀλλοιω-

1983 1069 2095 1123 τόν·
2124 1068 2185 1123 τὸ
2236 1069 2312 1139 μή
2356 1065 2684 1139 ἀλλοιωτὸν,
2717 1063 2839 1120 οὐδὲ
2895 1066 3127 1120 κτιστόν.
3161 1066 3221 1120 Ἣ
3277 1064 3448 1126 κτίσις
3496 1065 3631 1119 κατά

1989 1158 2195 1230 μέθεξιν
2245 1155 2358 1232 ἔχει
2407 1157 2470 1210 τὸ
2521 1157 2715 1231 ἀγαθὸν
2760 1156 2819 1210 ἐκ
2863 1160 2960 1209 τοῦ
3008 1159 3160 1226 Θεοῦ,
3192 1155 3254 1208 τὸ
3300 1151 3357 1208 δὲ
3405 1156 3630 1226 Πνεῦμα

1984 1246 2298 1322 αὐτ-ἀγαθον.
2361 1246 2442 1300 Ἐν
2505 1246 2606 1321 ἄρα
2687 1249 2766 1316 τῷ
2837 1241 3124 1320 ἀπροσδεεῖ
3191 1250 3292 1311 τῆς
3375 1242 3630 1317 ἑτέρωθεν

1983 1335 2339 1412 ἀγαθότητος,
2397 1334 2486 1389 καὶ
2544 1339 2622 1406 τῷ
2679 1332 3059 1404 ἀναλλοιώτῳ,
3108 1331 3196 1387 καὶ
3242 1337 3321 1404 τῷ
3381 1331 3628 1408 ἀτρέπτῳ

1985 1423 2310 1499 διακρίνεται
2363 1423 2426 1477 τὸ
2492 1427 2717 1496 Πνεῦμα
2782 1423 2885 1477 ἀπὸ
2943 1428 3044 1491 τῆς
3111 1420 3358 1482 κτίσεως.
3410 1419 3472 1475 Εἰ
3525 1421 3624 1492 μὴ,

1980 1519 2148 1569 ταῦτα
2202 1514 2302 1588 γὰρ
2362 1510 2621 1584 ἐνομίσθη
2673 1511 2732 1566 ἄν
2776 1532 2899 1566 τινα
2944 1511 3081 1587 πρὸς
3130 1511 3226 1578 τὴν
3263 1509 3432 1564 κτίσιν
3479 1507 3622 1584 ἔχειν

1982 1602 2294 1671 κοινότητα,
2321 1605 2402 1672 τῷ
2434 1597 2504 1654 δι’
2535 1602 2663 1656 Υἱοῦ
2692 1600 2984 1678 πεφηνέναι
3016 1599 3163 1675 παρὰ
3194 1598 3432 1675 Πατρός.

2056 1866 2139 1924 ιδ’.
2174 1867 2333 1924 Ἀλλ’
2363 1868 2515 1932 εὐθὺς
2564 1869 2618 1922 αἱ
2665 1866 2935 1940 ψαλμικαὶ
2988 1869 3086 1920 τυῦ
3143 1869 3277 1919 Θεοῦ
3333 1869 3538 1940 χεῖρες,
3569 1865 3625 1918 αἱ

1980 1957 2294 2032 Θεολογικαὶ
2352 1959 2582 2025 ἀκτῖνες,
2631 1957 2722 2010 σὺν
2777 1961 2893 2016 τοῖς
2953 1953 3168 2026 ὁμοίοις
3220 1959 3512 2025 ποταμοῖς,
3571 1954 3624 2007 οἱ

1977 2045 2228 2124 θεόφυτοί
2278 2067 2337 2101 τε
2388 2044 2636 2122 βλαστοὶ,
2679 2044 2769 2098 καὶ
2820 2044 2888 2098 τὰ
2937 2039 3139 2115 δίδυμα
3193 2039 3501 2116 σπλάγχνα,
3533 2041 3622 2096 καὶ

1979 2140 2129 2213 φῶτα
2159 2139 2254 2189 τοῦ
2287 2135 2521 2210 Πατρὸς,
2553 2132 2641 2188 καί
2675 2129 2726 2187 εἷ’
2748 2153 2799 2186 τι
2847 2135 3095 2186 τοιοῦτον
3147 2131 3622 2205 ἀντιπροτείνεται,

1977 2226 2066 2279 καὶ
2116 2225 2214 2279 οὐκ
2267 2222 2438 2278 ἴσασιν
2491 2225 2542 2277 οἱ
2588 2226 2752 2276 ταῦτα
2801 2218 2867 2290 δὴ
2898 2215 3366 2295 προϐαλλόμενοι,
3397 2219 3460 2274 τὸ
3517 2223 3622 2273 τῶν

1980 2314 2321 2368 ὑποστάσεων
2397 2312 2730 2387 ἀσύγχυτον,
2777 2309 2865 2363 καὶ
2920 2309 2983 2363 τὸ
3041 2312 3256 2381 πρῶτον
3320 2305 3490 2362 αἶ’τιον
3543 2307 3622 2362 ἐν·

1975 2407 2155 2466 τεῦθεν
2208 2397 2691 2474 παραδηλούμενα.
2740 2397 2883 2460 Τέως
2933 2395 2980 2450 δ’
3029 2394 3118 2451 οῦν
3167 2396 3194 2449 ὁ
3243 2395 3308 2450 τά
3354 2397 3472 2452 θεῖα
3522 2416 3622 2451 πο-

1979 2489 2076 2552 λὺς
2108 2491 2419 2552 ’Δθανάσιος
2451 2489 2502 2544 έν
2547 2493 2626 2560 τῷ
2673 2487 2796 2561 περὶ
2843 2493 2946 2556 τῆς
2991 2489 3088 2540 τοῦ
3148 2489 3476 2559 μονογενοῦς
3514 2485 3620 2540 Λό-

1975 2601 2074 2655 γου
2133 2579 2608 2654 ἐνανθρωπήσεως,
2657 2580 2880 2631 τοιαῦτα
2929 2574 3060 2653 φησί
3118 2575 3243 2650 περὶ
3303 2573 3467 2628 αὐτοῦ
3522 2579 3619 2630 τοῦ

1977 2671 2332 2745 Μονογενοῦς·
2390 2671 2515 2721 Ὅτε
2586 2665 2930 2739 παρατίθεται
3006 2665 3068 2718 τὸ
3142 2667 3367 2736 Πνεῦμα
3449 2663 3614 2718 αὐτοῦ

1974 2758 2049 2820 εἷς
2123 2759 2218 2820 τὰς
2276 2764 2462 2833 χεῖρας
2513 2761 2610 2810 τοῦ
2664 2754 2873 2830 Πατρὸς
2931 2754 3006 2814 ὡς
3067 2751 3371 2827 ἅνθρωπος,
3426 2753 3608 2806 ἑαυτὸν

1971 2847 2319 2924 παρατίθεται
2395 2847 2586 2917 έαυτῷ,
2648 2845 2723 2906 ὡς
2807 2847 2941 2916 Θεῷ,
2999 2841 3156 2905 αὐτὸς
3230 2842 3328 2918 γὰρ
3385 2843 3417 2911 ἡ
3485 2840 3608 2915 χεὶρ

1970 2937 2060 2991 καὶ
2122 2938 2177 2991 αἱ
2226 2941 2407 3012 χεῖρες
2475 2939 2571 2988 τοῦ
2629 2933 2862 3009 Πατρός.
2914 2933 2976 2988 Ἡ
3034 2929 3091 2986 δὲ
3149 2932 3312 3008 σοφὸς
3360 2929 3609 3000 Ἰωάννης

1973 3026 2054 3080 ἐπ’
2087 3023 2411 3096 Ἑκκλησίας
2456 3024 2635 3096 ὑμνῶν
2691 3023 2780 3076 τὸν
2842 3019 3227 3075 διαπετάσαντα
3281 3020 3378 3081 τὰς
3424 3023 3611 3095 χεῖρας

1971 3115 2021 3169 ἐν
2061 3119 2140 3186 τῷ
2185 3117 2417 3189 σταυρῷ.
2453 3113 2530 3166 Δι’
2578 3111 2696 3184 ἐμὲ,
2725 3117 2843 3165 ταῖς
2893 3110 3184 3186 ἀχράντοις
3235 3108 3398 3164 αὐτοῦ
3457 3108 3616 3184 χερσὶ

1967 3203 2219 3279 κηρύττει
2295 3202 2566 3278 γεγονέναι
2643 3201 2741 3268 τὴν
2824 3197 2961 3272 ἐμὴν
3042 3200 3314 3274 καναρχάς
3385 3195 3616 3252 διάπλα-

222 3296 316 3350 nis
344 3293 716 3350 efficientiam
769 3309 979 3348 manus
1011 3290 1327 3364 symbolice
1382 3291 1645 3363 exemplo
1678 3291 1860 3346 nostri

1975 3314 2052 3346 σιν
2108 3292 2165 3346 ἐκ
2211 3292 2366 3367 χοὸς,
2416 3292 2478 3345 τὸ
2531 3288 2922 3364 δημιουργικὸν
2975 3292 3072 3342 τοῦ
3139 3287 3340 3362 Λόγου,
3402 3287 3492 3342 καὶ
3553 3287 3616 3341 τὸ

223 3399 592 3455 nuncupans.
625 3382 682 3436 Si
715 3382 849 3452 quis
877 3398 1010 3436 vero
1041 3387 1098 3435 et
1127 3380 1338 3434 Filium
1369 3385 1427 3434 et
1459 3380 1709 3452 Spiritus
1736 3398 1858 3436 ma-

222 3489 334 3528 nus
365 3471 467 3528 Dei
497 3470 635 3526 velit
664 3469 974 3542 appellare,
1009 3485 1246 3524 causam
1277 3469 1490 3523 habeat
1533 3485 1719 3540 neque
1748 3470 1859 3524 im-

221 3560 604 3633 probabilem,
651 3575 839 3630 neque
884 3558 1352 3630 intempestivam
1388 3573 1400 3613 :
1430 3563 1486 3612 et
1531 3575 1665 3613 cum
1698 3559 1862 3615 audit

220 3649 430 3704 Filium
477 3647 806 3716 brachium,
835 3652 892 3702 et
935 3648 1227 3703 dexteram
1275 3647 1396 3712 Dei,
1429 3647 1680 3718 digitum
1727 3664 1860 3702 vero

221 3738 504 3810 Spiritum
536 3744 828 3806 sanctum,
854 3741 993 3792 tunc
1035 3753 1330 3791 summam
1365 3735 1489 3790 Filii
1520 3742 1576 3791 et
1607 3735 1860 3808 Spiritus

220 3827 505 3882 unitatem
536 3825 888 3897 speculetur,
915 3831 972 3879 et
1000 3841 1100 3896 per
1132 3825 1343 3880 Filium
1375 3825 1658 3896 Spiritum
1689 3843 1722 3880 a
1744 3825 1859 3881 Deo

218 3915 390 3972 Patre
419 3915 746 3986 procedere.
780 3913 990 3969 Filium
1020 3918 1214 3968 autem
1247 3919 1303 3968 et
1332 3914 1615 3985 Spiritum
1647 3931 1858 3970 manus

218 4003 323 4060 Dei
372 4001 730 4074 intelligens,
764 4003 1138 4057 inconfusum
1189 4001 1345 4068 inde,
1380 4007 1436 4057 et
1480 4019 1582 4074 per
1619 4020 1680 4058 se
1725 4004 1858 4060 sub-

221 4094 437 4150 sistens
483 4091 612 4147 Filii
663 4097 718 4147 et
773 4092 1022 4164 Spiritus
1080 4091 1258 4147 simul
1309 4097 1500 4148 mente
1549 4093 1856 4165 concipiat,

220 4198 336 4238 non
395 4183 550 4254 quod
601 4197 702 4253 per
749 4181 956 4236 Filium
1001 4181 1251 4252 Spiritus
1299 4197 1412 4236 non
1467 4183 1739 4252 procedat
1791 4197 1860 4238 ex

218 4271 406 4342 Patre,
439 4270 934 4342 quemadmodum
963 4287 1152 4341 neque
1183 4269 1336 4340 quod
1384 4269 1444 4324 hi
1473 4270 1622 4325 inter
1651 4288 1712 4326 se
1743 4288 1856 4328 non

221 4366 661 4430 connectantur,
690 4359 863 4415 sicuti
905 4376 1116 4414 manus
1165 4359 1416 4425 dextera,
1451 4364 1507 4413 et
1535 4358 1676 4414 lava
1707 4375 1720 4412 :
1755 4361 1856 4416 sed

219 4450 374 4522 quod
407 4466 558 4505 unus
588 4466 657 4505 ex
687 4466 804 4504 una
849 4453 1014 4520 parte
1043 4452 1150 4518 est,
1182 4447 1333 4502 alius
1381 4446 1440 4501 in
1473 4446 1606 4514 alia,
1654 4464 1766 4503 non
1796 4447 1856 4502 in

219 4537 429 4611 seipsis
458 4537 704 4594 confusi.

290 4803 379 4860 15.
412 4804 542 4859 ldeo
572 4802 631 4857 in
681 4802 1047 4874 Theologicis
1097 4805 1380 4874 praestans
1411 4801 1721 4874 Gregorius
1752 4801 1856 4857 ali-

218 4891 453 4962 quando
483 4891 643 4946 radio
692 4891 980 4947 assimilat
1029 4890 1258 4956 Filium,
1293 4889 1502 4945 lumini
1551 4891 1851 4962 Spiritum,

217 4984 276 5036 et
306 4979 463 5034 hunc
492 4980 728 5050 quidem
760 4981 952 5048 ﬂuvio,
987 4978 1155 5033 illum
1187 4979 1330 5034 fonti
1366 4996 1379 5034 :
1416 4978 1728 5050 aliquando
1759 4996 1853 5035 eo-

217 5067 487 5123 rumdem
528 5067 769 5123 minime
809 5070 1080 5124 confusas
1130 5067 1371 5123 Deitatis
1401 5069 1764 5140 hypostases,
1797 5073 1855 5124 et

217 5157 277 5211 in
304 5156 590 5211 descensu
619 5157 691 5211 ad
731 5157 996 5211 homines
1027 5173 1142 5211 non
1193 5157 1448 5228 separari
1479 5173 1514 5212 a
1564 5158 1729 5212 Patre
1759 5175 1855 5213 ex-

216 5243 487 5316 planans,
520 5242 606 5297 uti
654 5244 824 5300 binos
872 5245 1066 5300 radios
1115 5261 1213 5299 eos
1245 5261 1312 5300 ex
1343 5262 1458 5300 uno
1508 5244 1630 5300 sole
1678 5247 1852 5316 mitti,

217 5337 276 5387 et
304 5333 453 5388 duos
499 5331 706 5388 ﬂuvios
754 5348 822 5387 ex
869 5350 985 5388 uno
1018 5334 1174 5388 fonte
1221 5334 1391 5406 longe
1438 5333 1669 5406 lateque
1722 5353 1852 5407 pro-

215 5425 536 5488 currentes,
568 5419 770 5492 illique
818 5438 1048 5493 semper
1094 5423 1475 5492 adhaarentes,
1509 5426 1662 5480 unde
1704 5442 1857 5482 ema-

214 5515 378 5578 nant,
409 5515 592 5565 vocat.
623 5510 949 5583 Aliquando
995 5527 1181 5566 unum
1223 5512 1657 5584 indivisumque
1686 5514 1854 5569 Tria-

213 5599 326 5668 dis,
361 5614 466 5655 nec
497 5615 614 5656 non
645 5599 917 5656 eumdem
960 5599 1224 5655 omnium
1252 5599 1531 5657 honorem
1562 5607 1855 5674 astruens,

214 5703 394 5747 unam
423 5704 554 5748 eam
601 5688 982 5763 margaritam
1028 5687 1301 5763 appellat.
1333 5689 1402 5747 Et
1429 5689 1743 5765 Dionysius
1772 5708 1859 5752 re-

1885 4649 1933 4714 D

1967 3389 2066 3450 τῆς
2115 3380 2378 3456 ἐνεργείας
2442 3379 2744 3450 ἀνυστικὸν,
2792 3383 2984 3454 χεῖρας
3051 3376 3354 3449 ὀνομάζων,
3405 3371 3612 3449 συμϐο-

1971 3469 2140 3531 λικῶς
2173 3469 2230 3524 ἐκ
2259 3473 2366 3522 τῶν
2394 3470 2506 3522 καθ’
2535 3471 2700 3540 ἡμᾶς.
2733 3467 2793 3522 Εἰ
2827 3465 2883 3520 δέ
2930 3488 3013 3528 τις
3060 3465 3148 3520 καὶ
3194 3466 3285 3519 τὸν
3347 3465 3468 3519 Υἱὸν
3522 3465 3609 3519 καὶ

1967 3560 2029 3613 τὸ
2061 3563 2287 3630 Πνεῦμα
2315 3563 2506 3632 χεῖρας
2537 3558 2747 3632 αἱροῖτο
2795 3553 3075 3610 καλεῖσθαι
3134 3559 3288 3622 Θεοῦ,
3319 3555 3417 3622 τὴν
3449 3573 3612 3629 προσ-

1968 3651 2202 3718 ήκουσαν
2257 3645 2429 3700 αἰτίαν
2487 3643 2887 3720 συνεκδεχέσθω
2934 3642 3023 3698 καί
3073 3640 3319 3718 εὔλογον.
3371 3643 3467 3698 Καὶ
3523 3641 3613 3697 ὅτε

1973 3737 2065 3809 μὲν
2107 3735 2293 3789 ἀκούοι
2325 3734 2416 3789 τὸν
2474 3734 2596 3788 Υἱὸν
2656 3732 2924 3809 βραχίονα
2969 3732 3060 3786 καὶ
3111 3729 3280 3802 δεξιὰν
3331 3735 3426 3786 τοῦ
3456 3735 3610 3802 Θεοῦ,

1969 3823 2230 3878 δάκτυλον
2282 3821 2339 3877 δὲ
2391 3823 2454 3877 τὸ
2502 3827 2728 3895 Πνεῦμα
2781 3823 2844 3876 τὸ
2897 3823 3067 3897 ἅγιον,
3127 3819 3249 3874 τότε
3304 3821 3400 3888 τήν
3445 3817 3609 3893 ἄκραν

1968 3911 2236 3991 συμφυΐαν
2292 3911 2560 3987 θεωρείτω
2615 3915 2712 3965 τοῦ
2768 3911 2918 3979 Υἱοῦ,
2969 3910 3057 3964 καὶ
3111 3913 3209 3964 τοῦ
3265 3908 3612 3982 Πνεύματος,

1967 4002 2056 4057 καὶ
2100 4002 2161 4056 τὸ
2213 3999 2304 4055 διὰ
2343 4005 2439 4055 τοῦ
2489 4000 2616 4053 Υἱοῦ
2658 4000 2721 4054 τὸ
2751 4004 2977 4072 Πνεῦμα
3005 3999 3149 4074 παρά
3177 4002 3273 4052 τοῦ
3329 4002 3464 4052 Θεοῦ
3522 3997 3612 4052 καὶ

1965 4091 2181 4168 ΙΙατρὸς
2229 4088 2628 4166 ἐκπορεύεσθαι.
2677 4089 2775 4143 Τὸν
2836 4089 2958 4142 Υἱὸν
3007 4085 3064 4142 δέ
3120 4087 3208 4142 καὶ
3267 4087 3330 4142 τὸ
3386 4091 3615 4160 Πνεῦμα

1967 4186 2154 4256 χεῖρας
2200 4183 2342 4233 νοῶν
2373 4182 2470 4233 τοῦ
2502 4182 2656 4250 Θεοῦ,
2689 4177 2751 4231 τὸ
2807 4176 3108 4252 ἀσύγχυτον
3164 4175 3401 4230 ἐντεῦθεν
3463 4195 3613 4230 συνε-

1965 4269 2242 4338 πινοείτω,
2272 4268 2361 4322 καὶ
2397 4264 2805 4322 ἰδιοϋπόστατον
2861 4271 2959 4321 τοῦ
3017 4267 3144 4320 Υἱοῦ
3200 4264 3290 4320 καὶ
3321 4269 3416 4320 τοῦ
3448 4263 3612 4319 Πνεύ-

1971 4380 2163 4433 ματος,
2194 4357 2256 4412 οὗ
2302 4358 2366 4411 τὸ
2413 4357 2489 4429 μὴ
2539 4353 2627 4411 διὰ
2675 4359 2774 4410 τοῦ
2829 4357 3168 4430 Μονογενοῦς
3227 4353 3606 4430 ἐκπορεύασθαι

1963 4450 2026 4503 τὸ
2056 4451 2274 4519 Πνεῦμα
2320 4447 2466 4521 παρά
2527 4445 2758 4518 Πατρὸς,
2795 4443 2970 4520 ὥςπερ
3001 4441 3126 4499 οὐδὲ
3181 4444 3245 4498 τὸ
3308 4444 3381 4516 μὴ
3426 4439 3600 4511 ἀλληο

1967 4536 2287 4612 λουχεῖσθαι
2346 4539 2514 4590 ταῦτα
2570 4535 2707 4589 κατά
2757 4535 2854 4603 τὴν
2919 4532 3091 4604 δεξιὰν
3147 4538 3310 4609 χεῖρα
3363 4530 3449 4586 καὶ
3505 4530 3603 4599 τὴν

1965 4626 2262 4698 εὐώνυμον,
2296 4623 2442 4679 ἀλλά
2506 4624 2569 4677 τὸ
2631 4623 2724 4696 μὶν
2791 4620 2930 4678 ἔνθεν
2966 4623 3122 4693 εἶναι,
3152 4623 3215 4677 τὸ
3248 4619 3296 4676 δ’
3327 4619 3470 4685 ἔνθεν
3505 4617 3610 4674 οὐκ

1968 4715 2018 4771 ἐν
2053 4712 2349 4785 ἀλλήλοις.

2039 4811 2117 4860 ιε’.
2151 4805 2248 4858 Διά
2295 4807 2462 4858 ταῦτα
2510 4801 2599 4856 καὶ
2629 4802 2656 4856 ὁ
2692 4800 2855 4879 μέγας
2905 4800 2956 4854 ἐν
3009 4800 3261 4877 θεολογίᾳ
3308 4799 3612 4876 Γρηγόριος

1965 4895 2097 4948 ποτὶ
2157 4894 2251 4966 μὲν
2311 4893 2482 4947 ἀκτῖνι
2542 4891 2853 4967 παρεικάζει
2907 4892 2998 4945 τὸν
3059 4891 3204 4960 Υἱὸν,
3239 4889 3378 4968 φωτὶ
3436 4885 3493 4943 δὲ
3547 4887 3611 4942 τὸ

1963 4987 2203 5055 Πνεῦμα,
2245 4981 2332 5036 καὶ
2379 4981 2469 5036 τὸν
2519 4981 2611 5053 μὲν
2666 4984 2839 5056 πηγῇ,
2870 4981 2933 5035 τὸ
2981 4978 3038 5035 δὲ
3088 4984 3340 5052 ποταμῷ,
3372 4978 3504 5032 ποτὶ
3553 4973 3612 5031 δὶ

1961 5073 2024 5126 τὸ
2070 5076 2175 5126 τῶν
2229 5069 2525 5146 εἰρημένων
2575 5075 2674 5138 τῆς
2725 5069 2982 5139 θεότητος
3044 5069 3382 5124 ὑποστάσεων
3443 5065 3611 5141 ἀσύγ-

1963 5181 2129 5236 χυτον
2197 5156 2591 5234 παραδηλῶσαι
2654 5159 3008 5231 πρύθέμενος,
3056 5159 3147 5214 καὶ
3204 5159 3266 5212 τὸ
3337 5157 3444 5211 ἀπὸ
3513 5157 3610 5210 τοῦ

1963 5250 2172 5325 Πατρὸς
2245 5250 2550 5324 ἀχώριστον
2612 5246 2663 5302 ἐν
2723 5251 2792 5320 τῇ
2850 5247 3066 5321 καθόδῳ
3121 5251 3190 5321 τῇ
3243 5247 3377 5322 πρὸς
3435 5247 3606 5318 ἡμᾶς,

1966 5337 2145 5413 ὥσπερ
2178 5338 2392 5399 ἀκτῖνας
2423 5334 2518 5390 δύο
2549 5337 2853 5409 πέμπεσθαι
2908 5336 3105 5400 ταύτας
3164 5336 3215 5407 ἐξ
3276 5336 3392 5394 ἑνὸς
3438 5333 3609 5403 ἡλίου

1965 5427 2117 5504 φησὶ,
2149 5428 2238 5480 καὶ
2272 5424 2366 5480 δύο
2418 5425 2698 5499 ποταμοὺς
2748 5424 2810 5479 ἐκ
2863 5431 2990 5498 μιὶς
3047 5431 3252 5500 πηγῆς,
3287 5417 3608 5500 προϐαίνον-

1962 5536 2056 5577 τας
2093 5516 2185 5589 μὲν
2228 5513 2372 5569 πολύ
2419 5535 2478 5568 τε
2523 5515 2612 5568 καὶ
2655 5513 2732 5576 εἷς
2782 5515 3008 5590 μακρὸν,
3041 5512 3341 5589 ἐχομένους
3399 5510 3457 5566 δὲ
3511 5513 3607 5565 τοῦ

1965 5603 2083 5668 ὅθεν
2144 5601 2432 5665 διαπαντὸς
2464 5600 2613 5657 δὲτὸ
2642 5600 2940 5680 ἀδιαίρευον
3000 5609 3099 5673 τῆς
3157 5599 3385 5679 Τριάδος
3439 5618 3608 5675 παρα-

1966 5700 2154 5768 στῆσαι
2218 5689 2575 5772 βουλόμενος,
2617 5692 2708 5749 καὶ
2769 5691 3061 5769 ὁμότιμον,
3117 5688 3213 5749 ἕνα
3271 5689 3604 5773 μαργαρίτην
