4110 6480
443 483 563 542 549
1328 472 1430 537 DE
1475 473 2010 539 PROCESSIONE
2052 476 2119 537 S.
2167 474 2526 538 SPIRITUS
2574 468 2867 539 ORATIO
2911 475 2959 536 Ι.
3720 476 3845 537 550

437 611 638 681 ταύτην
700 605 980 665 ἀποκαλεῖ.
1041 607 1141 663 Καὶ
1196 605 1476 669 Διονύσιος
1538 607 1631 682 μὶν
1682 608 1711 661 6
1741 608 2117 682 θεωρητικῶ-⁴

2230 625 2328 663 um
2371 608 2699 665 divinarum
2748 606 3079 681 speculator
3125 610 3182 662 et
3230 609 3469 663 venator
3515 607 3837 664 acerrimus

438 721 598 763 τατος
650 695 851 771 δίδυμα
905 695 1199 773 σπλάγχνα
1243 700 1342 751 τοῦ
1391 697 1628 773 Ιιατρὸς,
1662 697 1752 751 καὶ
1800 701 1969 773 φῶτα,
1999 695 2089 751 καὶ

2229 696 2338 753 lina
2369 698 2556 754 Patris
2586 698 2826 765 viscera,
2859 702 2917 753 et
2960 695 3206 767 lumina,
3257 701 3315 751 et
3364 696 3559 758 ﬂores,
3614 700 3671 751 et
3716 712 3844 767 ger-

443 791 575 861 ἄνθη
612 835 626 861 ,
684 788 775 842 καὶ
854 785 1121 863 βλαστοὺς
1193 784 1482 863 θεοφύτους
1553 784 1943 862 προσαγορεύει
2001 785 2094 840 τὸν

2229 786 2362 841 uina
2390 804 2424 841 a
2451 787 2567 843 Deo
2598 790 2915 859 prognatos
2968 783 3177 840 Filium
3209 787 3264 839 et
3293 784 3578 856 Spiritum
3624 784 3838 857 indigi-

444 879 568 935 I‘ibv
598 875 781 933 καὶτό
811 880 1051 950 Πνεῦμα,
1092 876 1153 930 τὸ
1198 879 1305 929 τῶν
1357 873 1698 929 ὑποστάσεων
1743 873 2091 951 ὑπεμφαίνων

2229 880 2305 940 at,
2340 876 2582 931 minime
2612 876 2886 931 confusas
2916 890 3116 929 eorum
3148 872 3492 945 hypostases
3537 889 3844 929 common-

451 967 782 1042 ἀσύγχυτον,
838 964 929 1019 καὶ
974 965 1038 1019 τὸ
1087 962 1147 1019 ἐκ
1184 968 1283 1018 τοῦ
1336 963 1546 1037 Πατρὸς
1593 959 1739 1038 ἔχειν
1789 962 1879 1017 καὶ
1929 959 2094 1039 ἄμφω

448 1057 511 1112 τὸ
566 1055 698 1111 εἶναι
755 1051 993 1130 γνησίως
1051 1053 1141 1107 καὶ
1200 1053 1541 1130 ἀκραιφνῶς.
1604 1052 1817 1127 Ἐτεροι
1878 1049 1936 1105 δὲ
1984 1056 2092 1105 τῶν

450 1146 611 1221 ἱερῶν
669 1139 879 1218 ἀνδρῶν
941 1141 1088 1218 ῥίζαν
1152 1142 1245 1215 μὲν
1306 1141 1633 1214 ὀνομάζουσι
1687 1142 1777 1195 τὸν
1836 1140 2046 1215 Πατέρα
2081 1184 2094 1208 ,

449 1230 653 1290 κλάδον
713 1232 805 1287 τὸν
862 1232 1010 1301 Υὶὸν,
1064 1230 1154 1286 καὶ
1209 1231 1413 1308 καρπὸν
1469 1230 1533 1284 τὸ
1566 1234 1782 1302 Πνεῦμα
1827 1229 1887 1283 τὸ
1920 1229 2099 1305 ἅγιον,

451 1324 552 1392 τὴν
608 1324 706 1377 τοῦ
765 1319 924 1396 ἁγίου
976 1320 1291 1394 Πνεύματος
1348 1316 1436 1374 διὰ
1491 1323 1586 1373 τοῦ
1634 1320 1764 1374 Υἲοῦ
1810 1319 1958 1394 παρὰ
2001 1321 2098 1372 τοῦ

453 1411 665 1487 Πατρὸς
726 1407 1159 1471 ὑποδεικνύοντες
1217 1408 1462 1485 ὕπαρξιν.
1522 1407 1732 1466 Ἀκούω
1786 1405 1843 1463 δὲ
1889 1406 1980 1462 καί
2022 1427 2101 1460 τι-

453 1521 545 1562 νος
601 1497 911 1569 θεολήπτου
974 1499 1065 1552 καὶ
1129 1497 1388 1576 θεοσόφου
1443 1499 1760 1573 καθηγητοῦ
1820 1496 1945 1573 περὶ
1999 1503 2100 1565 τῆς

457 1587 713 1665 ὑπερθέου
773 1584 1010 1663 Τριάδος
1059 1586 1259 1642 οὑτωσί
1310 1607 1378 1660 με
1429 1583 1796 1648 διδάσκοντος·
1848 1586 1954 1654 Τὴν
2004 1586 2098 1658 μὶν

457 1678 713 1733 ἀνωτάτω
770 1675 921 1753 ῥίζαν
956 1719 971 1744 ,
1025 1678 1094 1746 ἧς
1171 1674 1411 1731 ἐπέκεινα
1483 1675 1547 1730 τὸ
1622 1674 1835 1748 σύμπαν
1902 1673 2055 1729 οὐδὲν
2085 1720 2099 1746 ,

458 1766 730 1837 ἐννοήσεις
785 1765 877 1819 τὸν
936 1763 1146 1838 Πατέρα
1180 1783 1193 1796 ·
1247 1764 1338 1819 τὸν
1415 1761 1473 1818 δέ
1541 1784 1605 1839 γε
1672 1770 1773 1833 τῆς
1845 1764 2103 1818 ἀνωτάτω

461 1854 617 1930 ῥίζης
698 1852 1033 1931 ἐκπεφυκότα
1109 1852 1200 1907 καὶ
1286 1852 1681 1927 γεγεννημένον
1744 1899 1758 1925 ,
1836 1848 2105 1928 παραδέξῃ

454 1944 550 1998 τὸν
604 1943 725 1997 Υἱὸν
762 1988 776 2015 ,
837 1941 936 1996 οὐκ
988 1940 1040 1996 ἐν
1111 1937 1205 2015 ἴσῃ
1268 1940 1411 2011 τάξει
1480 1947 1597 2003 τοῖς
1660 1941 2055 2014 πεποιημένοις
2087 1983 2101 2010 ,

456 2034 559 2102 τὴν
617 2031 668 2086 ἐν
744 2030 933 2108 χρόνῳ
999 2028 1244 2105 λαχόντα
1316 2028 1565 2105 γέννησιν
1601 2074 1615 2100 ,
1677 2028 1799 2085 οὕτε
1871 2031 1976 2103 μὴν
2051 2029 2103 2084 ἐν

461 2120 760 2191 ἐλάττοσιν,
818 2121 856 2189 ἢ
914 2118 966 2174 ἐν
1026 2120 1106 2181 οἷς
1165 2120 1194 2174 6
1248 2119 1476 2194 Πατὴρ,
1535 2120 1597 2173 τὸ
1653 2126 1753 2189 τῆς
1813 2116 1950 2181 ἰδίας
2007 2118 2106 2196 φύ-

462 2231 601 2273 σεως
659 2209 976 2287 ἐκφαίνοντα
1028 2205 1235 2271 κάλλος
1266 2253 1281 2278 ,
1341 2206 1468 2262 ἀλλ’
1526 2209 1639 2282 ἅμα
1709 2230 1769 2263 τε
1823 2209 1912 2289 καὶ
1989 2229 2108 2263 συν-

462 2296 637 2353 αΐδιον
674 2344 688 2367 ,
745 2303 850 2352 πᾶν
911 2298 1089 2353 ὁτιοῦν
1160 2296 1446 2373 ίσόμετρον
1505 2294 1734 2373 ἔχοντα,
1793 2295 1922 2373 δίχα
1981 2297 2050 2371 μό
2084 2331 2107 2340 -

460 2406 560 2442 νου
608 2390 707 2441 τοῦ
755 2392 950 2441 τεκεῖν.
1009 2387 1286 2463 Προσήκοι
1343 2387 1447 2461 γὰρ
1508 2385 1566 2441 ἂν
1624 2390 1784 2441 τοῦτο
1837 2386 1985 2459 μόνῳ
2033 2389 2111 2458 τῷ

464 2479 581 2548 Θεῷ
635 2475 727 2531 καὶ
783 2476 953 2549 Πατρὶ
999 2518 1012 2544 ,
1065 2476 1215 2551 ἅγιον
1271 2472 1330 2530 δὲ
1402 2480 1622 2548 Πνεῦμα
1688 2480 1972 2551 προσερεῖς
2050 2475 2111 2529 τὸ

465 2563 527 2619 ἐκ
580 2568 681 2619 τοῦ
756 2567 889 2620 Θεοῦ
948 2565 1158 2639 Πατρὸς
1218 2561 1287 2618 δι’
1342 2564 1470 2618 Υἱοῦ
1526 2563 1899 2640 προχεόμενον
1960 2584 2112 2641 φυσι-

467 2658 580 2716 κῶς
629 2697 644 2724 ,
704 2653 793 2709 καὶ
864 2652 1101 2729 καθάπερ
1176 2651 1236 2708 ἐκ
1300 2652 1455 2726 τύπῳ
1522 2659 1620 2722 τῆς
1697 2652 1756 2707 ἐκ
1829 2653 2111 2725 στομάτων

466 2738 732 2811 διαπνοῆς
810 2743 910 2810 τήν
989 2740 1125 2797 ἰδίαν
1204 2744 1340 2815 ἡμῖν
1418 2742 1789 2815 ὑποσημαῖνον
1867 2740 2111 2818 ὕπαρξιν.

464 2829 620 2886 Οὕτω
693 2851 753 2886 τε
828 2837 971 2910 σαφῆ
1050 2829 1141 2885 καὶ
1211 2828 1513 2906 ἀσύγχυτον
1579 2832 1679 2900 τὴν
1754 2834 1862 2885 τῶν
1946 2834 2114 2905 τριῶν

466 2918 814 2974 ὑποστάσεων
896 2919 948 2973 ἐν
1036 2915 1233 2981 ἶδικαῖς
1318 2918 1598 2994 ὑπάρξεσιν
1684 2915 1930 2989 ἰδιότητα
1996 2940 2064 2988 τη
2092 2951 2115 2961 -

470 3012 579 3083 ρῶν
616 3051 631 3079 ,
694 3006 816 3080 μίαν
876 3027 955 3079 τε,
1011 3006 1102 3062 καὶ
1159 3005 1450 3079 ὁμοούσιον
1514 3007 1614 3075 τὴν
1669 3005 1912 3062 ἁπάντων
1972 3007 2119 3083 βασι-

474 3093 606 3150 λίδα
658 3097 1050 3171 προσκυνήσεις
1108 3095 1263 3174 φύσιν
1300 3139 1312 3151 .
1369 3095 1430 3149 Τί
1496 3096 1559 3150 τὸ
1637 3101 1960 3171 προχεῖσθαι
2022 3118 2119 3174 φυ-

468 3188 634 3246 σικῶς
668 3203 683 3253 ;
716 3184 859 3240 Αὐτὸ
909 3180 977 3253 δὴ
1034 3185 1096 3239 τὸ
1155 3183 1536 3261 ἐκπορεύεσθαι
1593 3189 1692 3240 τοῦ
1750 3185 2066 3257 Πνεύματος
2097 3233 2114 3257 ,

473 3271 697 3349 ὕπαρξις
754 3271 900 3343 ίδικὴ
951 3272 1042 3328 καὶ
1093 3269 1296 3347 ἰδίωμα
1329 3316 1343 3341 ,
1393 3273 1573 3337 καθὼς
1637 3277 1733 3328 τοῦ
1788 3274 1999 3349 Πατρὸς
2054 3273 2118 3329 τὸ

2204 968 2420 1032 strans,
2453 969 2509 1020 et
2534 982 2603 1021 ex
2645 965 2809 1020 Patre
2855 963 3068 1018 habere
3114 968 3450 1032 utrumque,
3504 962 3659 1032 quod
3711 978 3845 1018 vere

2205 1057 2263 1107 et
2291 1054 2524 1124 proprie
2554 1055 2647 1109 sit.
2690 1053 2803 1108 Alii
2859 1068 2925 1108 ex
2984 1050 3199 1107 sanctis
3256 1050 3528 1105 Patribus
3586 1050 3844 1106 radicem

2207 1146 2552 1214 nuncupant
2600 1146 2851 1212 Patrem,
2912 1157 3143 1195 ramum
3196 1140 3432 1208 Filium,
3475 1144 3532 1194 et
3589 1141 3845 1195 fructum

2207 1231 2491 1303 Spiritum
2522 1235 2818 1298 sanctum,
2847 1230 3099 1301 Spiritus
3128 1229 3315 1285 sancti
3348 1244 3449 1301 per
3494 1226 3704 1284 Filium
3750 1244 3847 1284 ex-

2208 1319 2535 1375 sistentiam
2570 1320 3057 1375 demonstrantes.
3089 1317 3277 1372 Audio
3319 1320 3595 1390 praeterea
3640 1333 3848 1390 quem-

2207 1409 2343 1464 dam
2377 1408 2620 1464 numine
2649 1408 2933 1475 afﬂatum,
2968 1410 3025 1462 et
3053 1406 3248 1462 divina
3267 1405 3533 1461 doctrina
3551 1405 3849 1463 imbutum

2208 1501 2622 1569 praeceptorem
2653 1497 2723 1552 de
2754 1495 2949 1551 divina
2993 1494 3201 1550 Triade
3252 1494 3373 1550 haec
3429 1495 3503 1550 ad
3560 1494 3849 1551 amussim

2212 1586 2640 1642 disserentem:
2700 1585 3035 1654 Supremam
3089 1585 3336 1639 omnium
3383 1582 3646 1653 radicem,
3700 1584 3852 1640 ultra

2212 1691 2396 1746 quam,
2429 1673 2698 1746 quidquid
2724 1682 2819 1744 est,
2866 1673 3022 1729 nihil
3048 1676 3147 1739 est,
3208 1671 3512 1744 intelligite
3554 1673 3698 1728 mihi
3743 1674 3849 1729 Pa-

2213 1771 2368 1833 trem,
2401 1779 2430 1818 e
2456 1780 2712 1835 suprema
2743 1779 2865 1819 vero
2893 1762 3086 1819 radice
3135 1764 3377 1829 enatum,
3423 1771 3856 1834 prognatumque

2215 1853 2444 1924 accipito
2464 1853 2692 1919 Filium,
2738 1868 2849 1908 non
2902 1852 3088 1907 eodem
3137 1850 3314 1917 modo,
3369 1867 3440 1906 ac
3491 1859 3712 1908 caeth
3766 1867 3853 1908 res

2212 1949 2435 2009 creatae,
2490 1942 2859 2012 generationis
2903 1941 3251 2011 temporariae
3295 1939 3521 1995 modum
3574 1941 3852 2009 sortitum,

2214 2046 2388 2102 neque
2416 2032 2479 2085 in
2498 2030 2879 2102 paucioribus,
2917 2045 3085 2100 quam
3118 2034 3279 2084 Pater
3332 2030 3581 2100 proprie
3636 2034 3854 2085 natura:

2213 2119 2677 2192 pulchritudinem
2706 2122 3256 2181 commonstrantem;
3292 2117 3384 2174 sed
3423 2119 3683 2174 universa
3721 2134 3857 2175 coae-

2216 2214 2394 2279 terna,
2426 2217 2477 2263 et
2529 2225 2681 2280 aeque
2721 2217 2889 2279 atque
2936 2210 3106 2263 Pater
3158 2223 3419 2263 mensura
3460 2207 3852 2279 possidentem,

2217 2314 2396 2353 unum
2423 2299 2476 2353 si
2502 2298 2768 2369 excipias,
2827 2312 3055 2368 parere;
3108 2312 3346 2368 namque
3396 2296 3462 2352 id
3488 2296 3594 2352 soli
3642 2297 3750 2353 Deo
3800 2300 3856 2352 et

2219 2388 2378 2441 Patri
2404 2388 2655 2443 convenit
2680 2403 2693 2440 :
2717 2388 2989 2456 Spiritum
3017 2396 3202 2441 autem
3229 2394 3484 2442 sanctum
3518 2384 3705 2450 dicito,
3758 2401 3858 2458 qui

2220 2491 2289 2531 ex
2319 2481 2434 2531 Deo
2462 2477 2630 2530 Patre
2657 2492 2754 2546 per
2800 2476 3001 2530 Filium
3043 2475 3347 2547 effunditur
3398 2474 3755 2546 naturaliter,
3809 2483 3862 2531 et

2219 2565 2414 2632 veluti,
2446 2572 2507 2619 ut
2535 2565 2780 2636 exemplo
2809 2564 2907 2620 hoc
2934 2568 3083 2631 utar,
3115 2581 3185 2620 ea:
3214 2566 3331 2621 oris
3373 2565 3685 2636 spiratione
3729 2580 3859 2636 pro-

2216 2655 2405 2725 priam
2433 2655 2821 2710 exsistenliam
2849 2653 3207 2709 indicantem.
3255 2655 3354 2710 Sic
3395 2654 3635 2724 planam
3680 2655 3730 2709 et
3780 2654 3865 2709 in-

2221 2742 2507 2813 confusam
2562 2744 2732 2798 trium
2773 2743 3128 2814 hypostaseon
3175 2745 3236 2798 in
3281 2740 3668 2813 singularibus
3715 2745 3863 2799 exsi-

2221 2833 2438 2887 stensiis
2482 2833 2881 2903 proprietatem
2919 2847 3263 2899 conservans,
3314 2848 3486 2886 unam
3527 2834 3582 2887 el
3628 2833 3863 2888 consub-

2223 2920 2539 2976 stantialem
2594 2922 2848 2989 reginam
2920 2922 3165 2976 omnium
3246 2923 3511 2977 naturam
3581 2920 3859 2977 adorabis.

2226 3008 2371 3075 Quid
2403 3015 2492 3065 est
2520 3009 2737 3065 eﬂ‘undi
2783 3009 3173 3065 naturaliter?
3212 3009 3341 3082 ipsa
3388 3010 3683 3081 processio
3724 3010 3860 3082 Spi-

2224 3098 2396 3164 ritus,
2427 3099 2767 3153 exsistcntia
2796 3097 3134 3171 singularis,
3184 3102 3241 3154 et
3277 3098 3621 3170 proprietas,
3656 3114 3863 3171 quem-

2227 3187 2547 3242 admodum
2604 3186 2791 3242 Patris
2849 3203 3124 3258 supremo
3180 3186 3303 3242 loco
3357 3203 3508 3259 esse,
3563 3191 3620 3243 et
3710 3188 3866 3243 ultra

2232 3292 2428 3347 quem,
2460 3275 2604 3331 nihil
2635 3276 2744 3331 hoc
2772 3282 2862 3331 est
2918 3276 3142 3348 absque
3184 3276 3510 3348 principio;
3562 3280 3620 3332 et
3664 3275 3796 3332 Filii
3834 3292 3870 3332 a

473 3361 733 3417 ἀνωτάτω
784 3362 935 3434 εἶναι,
983 3359 1075 3417 καί
1124 3361 1187 3416 οὗ
1239 3361 1484 3417 ἐπέκεινα
1543 3359 1732 3434 μηδὲν,
1781 3362 2021 3418 τουτέστι
2056 3363 2117 3418 τὸ

2233 3342 2403 3419 ῥαῖνε
2432 3380 2559 3420 esse
2579 3364 2862 3435 genitum.
2895 3369 2972 3419 De
3002 3342 3094 3419 his
3114 3342 3269 3419 enim
3299 3342 3477 3420 allata
3497 3342 3676 3436 supra
3694 3364 3871 3420 verba

484 3446 741 3526 ἄναρχον·
797 3451 888 3506 καὶ
942 3454 1040 3505 τοῦ
1094 3451 1219 3505 Υἱοῦ
1269 3451 1334 3506 τὸ
1378 3451 1523 3525 παρὰ
1566 3455 1663 3507 τοῦ
1707 3451 1915 3527 Πατρὸς
1945 3472 2122 3529 γεγεν-

481 3540 692 3608 νῆσθαι.
723 3539 855 3616 Περὶ
882 3539 1105 3616 ντούτων
1159 3539 1262 3616 γὰρ
1309 3542 1344 3609 ἡ
1377 3539 1634 3614 σύμπασα
1682 3539 1838 3617 ῥῆσις
1884 3538 2122 3611 διέζεισι,

477 3626 611 3690 τοὺς
639 3635 742 3697 τῆς
768 3629 1045 3706 ὑπάρξεως
1070 3628 1309 3704 τρόπους
1342 3626 1649 3705 εἰλικρινῶς
1682 3626 1992 3706 διορίζουσα
2018 3633 2126 3685 τῶν

486 3715 764 3793 μακαρίων
784 3720 891 3787 τῆς
920 3717 1175 3787 θεότητος
1208 3716 1564 3775 ὑποστάσεων.

560 3806 642 3869 ις’.
680 3803 856 3862 Ἀλλὰ
881 3805 934 3860 τί
965 3806 1077 3881 χρή
1107 3806 1231 3881 περὶ
1257 3810 1364 3862 τῶν
1393 3805 1656 3863 τοιούτων
1710 3815 2076 3883 μακρηγορεῖν
2110 3837 2125 3881 ;

478 3893 547 3949 Εἰ
582 3894 679 3967 μὲν
710 3891 923 3950 οὐδέπω
970 3899 1151 3973 σαφῶς
1199 3892 1376 3958 οὐδείς
1422 3900 1531 3951 τῶν
1578 3896 1745 3971 ἁγίων
1794 3895 2020 3968 ἐδίδαξε,
2063 3900 2127 3954 τὸ

480 3981 553 4038 δι’
610 3984 737 4038 Υἱοῦ
787 3985 887 4054 τὴν
945 3987 1043 4039 τοῦ
1089 3983 1408 4057 Πνεύματος
1457 3984 1772 4062 έκπόρευσιν
1817 3986 2129 4061 εἶναιπαρὰ

478 4072 719 4148 ΙΙατρὸς,
771 4070 885 4128 οὐδ’
927 4074 1091 4146 ἡμεῖς
1138 4072 1373 4151 ἀνάγκην
1422 4072 1623 4149 ἔχομεν
1674 4073 1916 4151 ὀρύσσειν
1959 4077 2127 4154 φρέαρ

477 4160 698 4215 καινόν.
758 4160 827 4216 Εἴ
879 4158 927 4216 δ’
983 4160 1214 4217 ἔκπαλαι
1266 4167 1428 4218 τοῦτο
1482 4160 1547 4218 τὰ
1598 4163 1765 4240 φρέαρ
1825 4162 2125 4240 ὀρώρυκτο,

482 4248 832 4305 Φιλιστιαίου
891 4248 947 4305 δὲ
996 4251 1121 4327 χεὶρ
1179 4249 1477 4330 ένέφραξεν,
1536 4252 1573 4320 ἢ
1633 4252 1972 4327 συνέχωσεν,
2032 4253 2132 4309 οὐκ

481 4338 830 4413 ἀνακαθαριεῖ
883 4360 965 4401 τις
1020 4338 1150 4395 αὑτό
1206 4361 1357 4411 ποτε,
1415 4339 1504 4395 καὶ
1555 4341 1645 4395 τὸν
1695 4345 1830 4417 χοῦν
1895 4341 2128 4421 ἐκφορή-

481 4448 582 4489 σας
638 4427 729 4482 τὸν
783 4425 956 4483 πολὺν
1012 4434 1114 4499 τῆς
1165 4428 1402 4504 ἀγνοίας,
1453 4429 1667 4504 εὑρήσει
1713 4429 1777 4485 τὸ
1829 4434 1932 4500 ζῶν
1961 4429 2127 4509 ὕδωρ,

481 4514 577 4571 καὶ
625 4520 732 4571 τῶν
778 4519 878 4586 τῆς
924 4518 1101 4591 νομῆς
1151 4514 1443 4594 προϐάτων
1488 4518 1551 4573 τὸ
1582 4517 1854 4595 σύνταγμα
1902 4518 2132 4594 διατμη-

485 4605 574 4659 θὶν
601 4603 665 4659 οὗ
691 4604 898 4677 καλῶς,
932 4606 1010 4668 εἰς
1062 4605 1187 4680 μίαν
1234 4606 1398 4663 πάλιν
1449 4606 1689 4682 ποίμνην
1737 4605 1827 4663 διὰ
1870 4613 1967 4664 τοῦ
2014 4631 2131 4665 κοι-

2235 3459 2435 3525 agunt,
2467 3453 2816 3512 exsistentiaa
2847 3453 3051 3509 modos
3084 3452 3386 3526 perspicue
3415 3453 3870 3511 determinantia

2232 3543 2536 3599 beatarum
2566 3542 2807 3599 Deitatis
2836 3543 3249 3616 bypostaseon.

2310 3811 2391 3866 16.
2428 3814 2840 3867 Verumtamen
2886 3810 3026 3883 quid
3085 3828 3232 3884 opus
3286 3816 3375 3869 est
3429 3812 3499 3869 de
3556 3810 3647 3869 his
3705 3811 3875 3886 plura

2236 3898 2476 3955 dicere?
2507 3899 2807 3971 Siquidem
2840 3901 2889 3955 si
2921 3899 3119 3956 nullus
3162 3916 3232 3956 ex
3279 3902 3498 3958 sanctis
3552 3901 3721 3974 plane
3768 3919 3876 3959 nos

2237 3988 2491 4060 Spiritus
2521 3989 2951 4059 processionem
3008 4006 3111 4061 per
3161 3989 3369 4047 Filium
3418 4008 3486 4047 ex
3532 3990 3701 4047 Patre
3749 4007 3877 4047 esse

2238 4076 2553 4142 docuisset,
2587 4093 2776 4149 neque
2806 4078 2976 4133 nobis
3018 4078 3382 4136 eﬂ‘odiendus
3430 4083 3643 4152 puteus
3693 4096 3877 4136 novus

2239 4168 2429 4221 esset:
2464 4167 2565 4221 sed
2600 4168 2648 4223 si
2671 4167 2798 4237 jam
2831 4166 2968 4223 olim
3000 4172 3211 4239 puteus
3260 4167 3354 4223 hic
3402 4167 3619 4224 effosus
3663 4171 3773 4238 est,
3822 4170 3880 4224 et

2240 4253 2514 4310 Philistaei
2538 4271 2749 4312 manus
2769 4256 3080 4322 obturavit,
3105 4259 3281 4328 atque
3301 4255 3572 4329 opplevit,
3597 4273 3713 4312 non
3742 4272 3878 4312 eum

2243 4341 2556 4415 aliquando
2622 4344 2917 4417 quispiam
2982 4345 3410 4417 expurgaverit,
3485 4344 3879 4417 immanisque

2241 4431 2583 4504 ignorantia
2613 4431 2738 4489 luto
2768 4438 2987 4506 egesto,
3012 4433 3202 4490 vivam
3234 4450 3449 4507 aquam
3481 4433 3794 4500 invenerit,
3824 4436 3881 4490 et

2243 4520 2458 4588 ovium,
2491 4538 2618 4593 quae
2650 4538 2867 4593 pascuo
2896 4522 3031 4577 huic
3070 4523 3373 4578 destinatae
3436 4526 3592 4587 sunt,
3644 4537 3876 4594 agmen,

2242 4609 2532 4682 malisque
2563 4611 2788 4666 artibus
2819 4610 3069 4667 divisum
3104 4611 3163 4666 in
3195 4628 3375 4667 unum
3409 4627 3614 4667 rursus
3642 4626 3879 4683 germen

484 4696 584 4748 νοῦ
612 4693 873 4767 ποιμένος
920 4695 1231 4771 ἐπισυνάψει
1274 4700 1353 4769 τῷ
1406 4701 1691 4773 μονογενεῖ
1727 4698 1816 4752 καὶ
1848 4698 2112 4774 ἀγαπητῷ

2243 4716 2346 4773 per
2374 4715 2745 4755 communem
2777 4705 3068 4772 pastorem
3100 4699 3419 4771 unigenito,
3461 4704 3518 4756 et
3564 4698 3775 4755 dilecto
3818 4699 3881 4755 in

486 4776 631 4836 ἔστιν
661 4780 724 4837 οὗ
752 4783 841 4838 καὶ
865 4785 967 4853 τὴν
1015 4784 1180 4840 αὐτοῦ
1229 4782 1295 4854 δὴ
1324 4790 1423 4840 τοῦ
1465 4785 1639 4841 καλοῦ
1686 4786 1948 4859 ποιμένος
1984 4787 2135 4862 ἐκμι-

490 4871 805 4945 μησάμενος
854 4868 1245 4949 συγκατάϐασιν
1276 4894 1291 4945 ;
1320 4873 1460 4951 Φέρε
1509 4871 1576 4943 δὴ
1635 4876 1773 4949 μετὰ
1804 4880 1912 4931 τῶν
1944 4874 2129 4932 ἄλλων

485 4957 696 5015 παίδων
723 4965 823 5016 τοῦ
854 4963 1068 5037 Πατρὸς
1112 4968 1212 5018 τοῦ
1257 4962 1633 5041 κληρονόμου,
1664 4963 1755 5018 καὶ
1803 4966 1990 5040 χάριτι
2032 4986 2134 5021 πα-

482 5049 613 5125 τρὸς
666 5053 773 5105 τῶν
833 5049 997 5107 ἐθνῶν
1031 5098 1045 5124 ,
1103 5052 1191 5107 καὶ
1246 5053 1336 5107 τὸν
1426 5052 1594 5128 μέγαν
1652 5052 1817 5108 πάλιν
1872 5053 2137 5119 κάνταῦθα

484 5137 887 5213 παραγάγωμεν
937 5141 1273 5211 Ἀθανάσιον,
1321 5141 1412 5195 καὶ
1459 5138 1663 5214 ἴδωμεν
1712 5139 1864 5204 αὖθις
1913 5141 2036 5198 ὅσον
2066 5141 2133 5213 δὴ

483 5224 576 5280 καὶ
640 5225 799 5289 αὐτὸς
853 5231 924 5302 τῇ
970 5225 1130 5284 τοῦδε
1177 5228 1404 5307 φρέατος
1452 5230 1689 5307 άνορυγῇ
1752 5226 2133 5288 συνεϐάλλετο.

482 5312 548 5368 Τί
588 5318 717 5389 γοῦν
765 5318 883 5371 κατ’
926 5312 1191 5372 Εύσεϐίου
1236 5322 1334 5373 τοῦ
1386 5319 1768 5392 Σαμοσατέως,
1819 5319 1908 5374 καὶ
1957 5320 2135 5377 Μελε-

481 5403 604 5457 τίου
631 5408 739 5459 τῶν
770 5402 1104 5484 ἀλλοφύλων
1142 5412 1245 5477 τῆς
1295 5405 1527 5469 πίστεως
1579 5396 1938 5483 ἠκροϐόλισεν
1981 5410 2010 5462 6
2040 5414 2135 5463 τοῦ

483 5492 759 5548 Δεσπότου
808 5493 1115 5571 οῗκογενής,
1175 5496 1204 5549 ὁ
1257 5498 1357 5565 τῆς
1415 5494 1736 5566 Ἐκκλησίας
1791 5491 2132 5573 ὑπέρμαχος·

482 5582 584 5637 Ἦν
663 5579 723 5637 δὲ
793 5580 1049 5640 ἀδύνατον
1130 5583 1183 5639 ἐν
1250 5588 1321 5659 τῇ
1395 5592 1497 5655 τῆς
1570 5582 1799 5661 Τριάδος
1877 5583 2004 5660 δόξῃ
2072 5586 2136 5641 τὸ

481 5673 715 5745 Πνεῦμα
785 5668 1144 5748 δοξάζεσθαι,
1208 5679 1286 5747 μὴ
1345 5671 1655 5751 προοδικῶς
1729 5673 1787 5730 ὂν
1868 5673 1929 5730 ἐκ
2001 5679 2137 5731 Θεοῦ

483 5756 556 5817 δι’
612 5761 742 5815 Υἱοῦ
773 5805 790 5832 ,
847 5760 994 5819 ἀλλὰ
1047 5766 1349 5836 ποιητικῶς
1403 5762 1463 5819 ἐκ
1539 5768 1673 5821 Θεοῦ
1730 5765 1954 5843 γεγονὸς
1989 5810 2003 5839 ,
2063 5765 2138 5828 ὡς

2244 4787 2546 4845 nonnullis
2575 4789 2839 4859 ejusdem
2872 4789 3009 4844 boni
3033 4789 3284 4860 pastoris
3311 4787 3728 4844 demissionem
3750 4787 3882 4843 imi-

2239 4880 2398 4932 tatus
2432 4876 2846 4947 conjunxerit?
2876 4884 2996 4949 Age
3026 4876 3206 4948 igitur
3234 4892 3368 4932 eum
3415 4875 3545 4932 aliis
3592 4876 3729 4931 ﬁliis
3777 4876 3884 4933 Pa-

2245 4965 2351 5020 tris
2381 4970 2438 5020 et
2465 4965 2731 5032 heredis,
2765 4969 2821 5019 et
2850 4965 3037 5038 gratia
3067 4965 3249 5036 patris
3279 4965 3568 5037 gentium,
3599 4980 3883 5038 magnum

2245 5054 2360 5110 huc
2387 5054 2748 5109 adducamus
2780 5053 3189 5121 Athanasium,
3224 5071 3579 5126 rursumque
3622 5058 3884 5111 contem-

2248 5142 2501 5214 plemur,
2534 5160 2661 5214 quis
2690 5142 2817 5214 ipse
2845 5142 2905 5197 in
2937 5142 3184 5213 hujusce
3213 5143 3374 5215 putei
3405 5143 3715 5200 eii'ossione
3740 5158 3885 5215 prm-

2246 5232 2479 5287 stiterit.
2514 5230 2660 5294 Quid
2691 5231 2889 5303 itaque
2918 5232 3197 5287 adversus
3227 5232 3675 5288 Samosatenum
3702 5236 3887 5287 Euse-

2247 5321 2433 5386 bium,
2465 5325 2522 5375 et
2560 5319 2854 5376 Meletium
2878 5337 2911 5375 a
2942 5321 3054 5376 fide
3084 5321 3326 5392 alienos,
3360 5321 3593 5377 Domini
3624 5337 3802 5377 verna
3830 5324 3888 5377 et

2246 5408 2510 5465 Ecclesia:
2541 5409 2810 5464 defensor
2840 5409 3149 5481 ejaculavit
3172 5410 3197 5465 ἲ
3224 5411 3373 5465 Fieri
3398 5412 3627 5466 minime
3656 5415 3883 5482 poterat,

2245 5506 2306 5552 ut
2336 5499 2396 5552 in
2427 5497 2643 5553 Triadis
2670 5498 2850 5566 gloria
2880 5498 3119 5569 Spiritus
3169 5500 3595 5571 gloriﬁcaretur,
3639 5501 3752 5555 nisi
3781 5497 3888 5554 ille

2243 5586 2536 5659 proﬁueret
2562 5602 2631 5642 ea:
2657 5588 2762 5642 Deo
2788 5603 2888 5658 per
2914 5586 3156 5655 Filium,
3180 5588 3273 5644 sed
3300 5597 3363 5644 ut
3390 5589 3623 5659 reliquae
3662 5591 3883 5643 creatu-

2244 5690 2328 5733 rae
2355 5691 2423 5731 ea
2451 5676 2557 5731 Deo
2580 5671 2764 5749 Iactus
2781 5678 2988 5749 fuisset,
3019 5687 3082 5734 ut
3118 5682 3392 5735 asserunt.
3441 5677 3589 5744 Quid
3638 5676 3715 5733 sit
3753 5690 3885 5749 pro-

2246 5766 2458 5838 ﬂueret.
2490 5763 2760 5827 Oratione
2789 5766 2860 5822 de
2888 5766 3273 5841 dogmatibus
3309 5770 3367 5825 et
3414 5766 3618 5824 ordine
3664 5763 3888 5843 episcoj
