4110 6442
351 435 461 499 551
1596 427 2019 493 NICEPHORI
2063 426 2504 496 BLEMMIDE
3636 430 3758 496 55!

356 585 588 642 porum,
656 566 755 638 qui
812 561 1066 638 theologi
1132 579 1456 637 cognomen
1522 563 1718 632 habet,
1793 563 1980 636 pauci:

2110 561 2346 639 λέγουσι.
2414 564 2476 619 Τί
2527 566 2590 621 τὸ
2645 563 2956 634 προοδικῶς
3005 564 3056 620 ἐν
3105 569 3186 637 τῷ
3261 565 3384 640 περὶ
3461 561 3752 639 δογμάτων

355 658 769 729 interpretatus
826 660 948 710 est:
981 656 1047 710 Si
1095 659 1175 722 tu,
1230 654 1451 723 dicens,
1498 655 1710 709 curiose
1757 655 1980 724 inquiri,

2107 653 2195 706 καὶ
2261 656 2632 717 καταστάσεως
2676 655 2981 709 ἐπισκόπων
3027 657 3055 710 6
3105 661 3208 724 τῆς
3257 653 3551 730 Θεολογίας
3609 653 3755 708 ἐπώ-

353 748 494 804 Filii
519 747 959 817 generationem,
990 752 1041 798 et
1072 742 1312 814 Spiritus
1343 745 1632 814 e/ﬂuxum,
1663 746 1716 797 et
1744 759 1839 811 ego
1881 746 1980 816 qui

2106 762 2275 813 νυμος
2345 743 2625 815 συντόμως
2689 747 3051 818 ἡρμήνευσεψ
3108 743 3170 798 El
3247 742 3755 818 πολυπραγμονεῖς,

348 837 524 891 οιεηια
556 842 607 890 te
636 834 862 906 inquiro
888 833 1107 890 animse
1145 843 1199 888 et
1246 835 1492 902 corporis
1541 834 1880 888 mistionem.
1932 837 1980 886 El

2107 830 2294 898 εἰπὼν,
2372 833 2498 886 ι”ιοῦ
2567 833 2812 906 γέννησιν
2900 833 2989 888 καὶ
3073 832 3400 905 [Ινεύματος
3496 828 3753 905 πρόοδον,

342 941 550 981 rursus
578 942 590 980 :
625 927 704 980 Ne
733 925 946 978 curiose
975 925 1144 978 nimis
1201 923 1440 994 Spiritus
1471 923 1742 992 e/ﬂuxum
1770 923 1980 992 perqui-

2104 919 2258 992 κάγώ
2341 941 2436 974 σου
2513 919 2960 997 πολυπραγμονῶ
3032 921 3094 976 τὸ
3169 927 3353 996 κρᾶμα
3443 924 3627 995 ψυχῆς
3698 940 3754 974 τε

341 1016 466 1069 rite.
503 1013 772 1068 Secunda
804 1010 1074 1066 Oratione
1105 1012 1176 1065 de
1219 1027 1390 1080 pace:
1444 1009 1544 1064 Sed
1586 1011 1664 1063 ibi
1717 1009 1980 1079 relinque:

2102 1007 2190 1061 καὶ
2237 1009 2508 1081 σώματος.
2559 1011 2657 1064 Καὶ
2711 1008 2900 1080 πάλιν,
2949 1007 3101 1079 Μηδὲ
3156 1009 3464 1082 Πνεύματος
3534 1027 3750 1084 περιερ-

332 1101 635 1174 pulchrum
674 1100 870 1172 fetum,
922 1108 973 1155 et
1025 1099 1419 1154 admirabilem
1462 1099 1750 1168 efﬂuxum.
1805 1099 1980 1152 Item:

2101 1097 2266 1169 γάζου
2320 1098 2418 1165 τήν
2474 1096 2731 1174 πρόοδον.
2783 1100 2868 1156 Ἐν
2938 1097 3171 1174 δευτέρῳ
3239 1094 3297 1152 δὲ
3357 1102 3463 1152 τῶν
3522 1097 3746 1172 Εἶρηνι-

339 1193 451 1262 Ipsi
478 1206 602 1245 vero
623 1207 794 1244 unam
815 1205 887 1245 ac
906 1189 1165 1244 eamdem
1188 1203 1410 1244 noscere
1431 1197 1691 1242 naturam
1739 1188 1980 1252 Deitatis,

2100 1189 2228 1238 κῶν
2309 1184 2463 1242 Ἀλλ’
2540 1186 2709 1241 ἐκεῖσε
2792 1186 3027 1248 ἀνοίσεις
3098 1185 3161 1241 τὸ
3236 1183 3402 1240 καλὸν
3483 1187 3747 1262 γέννημα,

338 1294 464 1352 quae
492 1280 696 1350 absque
723 1279 1026 1350 principio,
1060 1279 1414 1346 generatione
1446 1282 1496 1332 et
1545 1278 1758 1348 efﬂuxu
1803 1290 1980 1346 cogno-

2099 1273 2186 1327 καὶ
2261 1276 2360 1344 τὴν
2439 1275 2735 1349 θαυμασίαν
2817 1273 3073 1350 πρόοδον.
3151 1275 3248 1329 Καὶ
3320 1272 3508 1329 πάλιν·
3579 1274 3748 1329 Αὐτοὶ

340 1371 537 1425 scitur.
573 1371 757 1433 Quam
789 1366 990 1438 itaque
1024 1368 1306 1422 rationem
1343 1366 1402 1420 in
1434 1370 1619 1430 Patre,
1653 1365 1780 1419 sine
1837 1365 1980 1436 prin-

2100 1359 2158 1417 δὲ
2235 1363 2359 1436 μίαν
2435 1365 2524 1419 καὶ
2596 1367 2694 1434 τὴν
2768 1365 2934 1434 αὐτὴν
3012 1362 3206 1420 εἰδέναι
3281 1365 3436 1442 φύσιν
3488 1363 3744 1434 θεότητος

342 1458 516 1530 cipio,
575 1463 632 1512 et
691 1456 752 1511 in
813 1455 978 1526 Filio,
1040 1456 1327 1528 genitum,
1387 1454 1650 1510 eamdem
1698 1453 1872 1509 habet
1927 1452 1980 1507 in

2099 1451 2320 1528 ἀνάρχῳ
2393 1453 2482 1508 καὶ
2555 1456 2798 1529 γεννήσει
2867 1455 2954 1509 καὶ
3031 1450 3251 1530 προόδῳ
3306 1452 3740 1529 γνωριζομένην.

343 1545 589 1618 Spiritu,
671 1544 931 1611 efﬂuere,
1011 1545 1166 1616 quod
1226 1545 1380 1600 idem
1465 1547 1576 1614 est,
1656 1559 1721 1599 ac
1794 1557 1980 1615 proce-

2099 1541 2185 1595 Ὃν
2216 1543 2309 1596 οὗν
2339 1540 2454 1618 ἔχει
2489 1542 2652 1619 λόγον
2707 1543 2794 1598 ἐπὶ
2845 1548 2942 1599 τοῦ
2993 1543 3203 1617 Πατρὸς
3245 1543 3307 1597 τὸ
3364 1540 3742 1618 ἀνάρχως,ἐπί

344 1635 502 1691 dere.
2093 1652 2151 1686 τε
2195 1635 2293 1686 τοῦ
2341 1633 2468 1686 ι”ιοῦ
2513 1631 2576 1687 τὸ
2619 1637 2913 1708 γεννητῶς,
2948 1632 3036 1686 τὸν
3082 1631 3241 1686 αὐτὸν
3292 1630 3381 1685 ἐπὶ
3422 1635 3522 1685 τοῦ
3571 1631 3738 1686 Πνεύ-

2099 1741 2264 1793 ματος
2295 1722 2357 1775 τὸ
2385 1719 2714 1798 προσδικῶς,
2741 1721 2933 1776 ταυτὸν
2968 1719 3014 1776 δ’
3046 1720 3212 1776 εἰπεῖν
3246 1719 3665 1794 ἐκπορευτικῶς.

414 1813 501 1867 17.
534 1811 866 1884 Aliquando
896 1811 1072 1867 etiam
1104 1811 1230 1884 ipse
1270 1811 1498 1883 aliquos
1546 1810 1703 1866 hunc
1751 1809 1812 1864 in
1865 1825 1980 1864 mo-

2167 1811 2248 1879 ιζ.
2282 1811 2424 1885 Ἐγὼ
2474 1809 2520 1865 δ’
2566 1810 2776 1881 ἀκήκοά
2819 1831 2952 1866 ποτε
2997 1810 3088 1864 καὶ
3138 1808 3281 1865 οὕτω
3331 1806 3738 1884 διαπορούντων

346 1900 487 1955 dum
518 1900 872 1956 disserentes
916 1900 1152 1955 audivi:
1209 1899 1264 1954 Si
1313 1904 1402 1956 est
1455 1916 1558 1972 per
1614 1898 1824 1955 Filium
1853 1895 1980 1969 Spi-

2099 1903 2271 1954 τινῶν.
2303 1899 2367 1954 Εἰ
2416 1896 2506 1954 διὰ
2549 1904 2645 1954 τοῦ
2675 1900 2802 1954 Υἱοῦ
2856 1900 2919 1954 τὸ
2967 1903 3207 1970 Πνεῦμα,
3240 1901 3356 1960 πῶς
3415 1897 3443 1951 ὁ
3483 1894 3735 1972 θεολογι-

346 1949 517 2055 ritus,
551 1989 843 2058 quomodo
872 1987 932 2042 in
970 1989 1143 2043 rebus
1169 1949 1512 2060 theologicis
1562 1949 1980 2060 pertractandis

2099 1989 2336 2050 κώτατος
2419 1989 2722 2065 Γρηγόριος
2811 1985 3016 2064 εἷ’ρηκε,
3095 1949 3249 2042 Stin)
3340 1987 3431 2040 τὸν
3519 1949 3735 2062 ΙΙατέιρα

344 2077 764 2133 celeberrimus
807 2078 1118 2149 Gregorius
1149 2077 1332 2132 dixit:
1386 2078 1506 2133 Volo
1537 2080 1765 2132 Patrem
1810 2077 1980 2142 maio-

2099 2077 2265 2151 μείζω
2321 2077 2510 2150 εἰπεῖν,
2564 2078 2615 2148 ἐξ
2665 2079 2727 2133 οὗ
2786 2077 2875 2132 καὶ
2922 2079 2984 2132 τὸ
3047 2075 3180 2137 ἷ¹σοις
3238 2075 3369 2130 εἶναι
3426 2080 3545 2136 τοῖς
3594 2070 3733 2136 ἴσοις

345 2180 465 2219 rem
493 2165 691 2236 dicere,
722 2181 792 2224 ex
819 2181 952 2236 quo,
1011 2169 1075 2220 ut
1127 2167 1362 2238 aequales
1410 2168 1540 2231 sint,
1589 2168 1836 2238 wquales
1891 2169 1980 2224 ha-

2099 2165 2222 2238 ἐστὶ,
2272 2168 2361 2222 καὶ
2425 2167 2489 2221 τὸ
2555 2167 2704 2221 εἶναι.
2761 2171 2930 2221 Τοῦτο
2987 2168 3090 2241 γὰρ
3156 2166 3302 2240 παρᾶ
3355 2165 3569 2218 πάντων
3640 2160 3729 2217 δο-

344 2254 487 2325 bent,
533 2262 586 2310 et
640 2263 790 2310 sunt.
843 2254 952 2311 Hoc
1001 2256 1154 2310 enim
1199 2255 1266 2310 ab
1321 2255 1575 2310 omnibus
1631 2257 1977 2328 concedetur,

2099 2258 2329 2326 θήσεται,
2387 2256 2474 2311 καὶ
2554 2254 2770 2311 δέδοικα
2841 2257 2940 2323 τήν
3005 2256 3207 2330 ἀρχὴν,
3277 2255 3353 2326 μὴ
3426 2252 3727 2308 ἐλαττόνων

337 2358 630 2415 vereorque
685 2360 754 2399 ne
805 2345 1166 2416 principium,
1225 2345 1556 2415 inferiorum
1635 2349 1978 2418 principium

2099 2347 2266 2422 Ξρχὴν
2324 2349 2562 2418 ποιήσω,
2611 2347 2699 2400 καὶ
2773 2339 3084 2420 καθυϐρίσω
3141 2341 3230 2398 διὰ
3293 2349 3393 2412 τῆς
3453 2343 3730 2418 προτιμή-

340 2433 574 2502 faciam,
607 2441 656 2487 et
673 2433 1002 2506 praelatione
1032 2433 1247 2504 injuria
1271 2432 1559 2504 afﬁciam?
1590 2434 1648 2490 Si
1697 2434 1974 2507 Verbum,

2099 2455 2245 2497 πως.
2293 2435 2357 2489 El
2403 2435 2578 2511 Λόγος
2629 2434 2718 2489 καὶ
2793 2437 3018 2507 Πνεῦμα
3091 2434 3242 2508 ἅγιον
3303 2430 3412 2502 ἴσα,
3480 2428 3602 2501 ἴσην
3671 2429 3727 2484 ἃν

342 2525 398 2576 et
427 2521 680 2592 Spiritus
712 2526 951 2577 sanctus
981 2520 1229 2593 aequalia
1259 2528 1417 2588 sunt,
1447 2523 1728 2594 (aqualem
1779 2525 1979 2597 utique

2099 2522 2266 2600 ἔχοιεν
2316 2524 2404 2578 καὶ
2449 2525 2547 2593 την
2599 2522 2846 2599 ὕπαρξιν,
2901 2519 3100 2596 ἔχοντα
3145 2522 3235 2575 καὶ
3300 2521 3466 2598 ἄμφω
3530 2519 3728 2588 ταύτην

341 2609 645 2665 habebunt
673 2615 732 2666 et
759 2610 1180 2680 exsistentiam,
1214 2628 1348 2666 cum
1400 2628 1527 2667 eam
1585 2618 1830 2685 uterque
1880 2614 1979 2671 ha-

2099 2613 2345 2675 ὧσαύτως
2388 2614 2533 2688 παρὰ
2576 2612 2805 2686 Πατρός.
2838 2616 3012 2666 Ταῦτα
3057 2614 3164 2665 τῶν
3225 2613 3550 2683 καινοτέρων
3601 2609 3731 2662 ἀπο-

343 2697 477 2753 beat
523 2699 819 2770 aequaliter
873 2717 907 2755 a
964 2701 1146 2756 Patre.
1207 2704 1337 2756 Haec
1395 2707 1534 2756 sunt
1589 2705 1976 2760 recentiorum

2099 2705 2372 2776 βημάτων,
2403 2702 2475 2764 ὡς
2525 2701 2624 2756 ούκ
2671 2701 2730 2756 ἂν
2780 2701 2918 2776 πρὸς
2963 2700 3050 2754 τὸν
3125 2701 3400 2774 Μονογενῆ
3446 2697 3546 2765 τὴν
3614 2697 3726 2751 ἰσό-

342 2787 544 2854 dubia,
605 2787 826 2844 nullam
909 2789 1130 2845 scilicet
1197 2789 1588 2860 aequalitatem
1647 2809 1780 2847 cum
1845 2795 1975 2848 uni-

2099 2813 2221 2862 εητα
2279 2796 2376 2846 τοῦ
2441 2791 2752 2864 ιινεύματος
2803 2788 3050 2864 ἔχοντος,
3101 2787 3146 2842 εἰ
3206 2784 3276 2841 δι’
3332 2785 3494 2840 αὐτοῦ
3561 2783 3723 2838 ἐκπο-

341 2876 535 2948 genito
566 2877 849 2949 Spiritum
882 2877 1241 2949 habiturum,
1276 2878 1324 2933 si
1356 2897 1456 2952 per
1479 2881 1670 2951 ipsum
1704 2885 1976 2954 procede-

2099 2881 2322 2936 οεύοιτο·
2369 2880 2458 2935 καὶ
2515 2881 2618 2954 μὴν
2665 2880 2753 2934 καὶ
2804 2879 2892 2932 ἀπ’
2931 2877 3100 2945 αὐτῆς
3153 2878 3250 2944 τῆς
3283 2873 3334 2928 ἐν
3383 2877 3451 2946 τῇ
3484 2869 3720 2926 ἐνστάσει

343 2970 461 3020 ret:
495 2969 552 3021 et
579 2971 776 3021 tamen
810 2967 882 3022 ab
911 2967 1111 3022 eadem
1149 2967 1334 3023 Patris
1383 2969 1688 3036 sententia,
1741 2987 1867 3041 qua:
1915 2971 1975 3027 in

2099 2968 2539 3045 παρειλημμένης
2601 2967 2808 3044 ῥήσεως
2871 2967 3146 3041 ΙΙατρικῆς
3193 2965 3228 3032 ἡ
3288 2960 3442 3022 λῦσις
3483 2959 3721 3036 προφαί-

342 3053 475 3126 ipsa
503 3055 826 3126 objectione
866 3057 1207 3124 assumitur,
1240 3056 1429 3112 facilis
1460 3074 1587 3113 sese
1615 3060 1782 3113 offert
1821 3059 1976 3115 solu-

2099 3079 2250 3115 ρεται.
2304 3055 2526 3113 Δέδοικα
2599 3057 2724 3132 γὰρ,
2775 3055 2928 3134 φησὶ,
2975 3056 3072 3123 τήν
3137 3053 3314 3127 ἀρχὴν
3372 3051 3447 3123 μὴ
3497 3047 3721 3104 ἐλαττό-

342 3143 444 3198 tio.
501 3145 690 3200 Verem'
725 3147 895 3214 enim,
957 3143 1058 3213 ait,
1114 3161 1184 3200 ne
1235 3147 1592 3216 principium,
1648 3147 1980 3219 inferiorum

2099 3170 2186 3202 οων
2257 3147 2434 3223 ἀρχὴν
2487 3148 2723 3216 ποιήσω·
2785 3144 2922 3198 ὥστε
2979 3142 3121 3197 θέλει
3175 3141 3266 3195 καὶ
3321 3140 3418 3206 τὴν
3469 3136 3645 3212 ἀρχὴν
3697 3135 3725 3189 ὁ

343 3234 683 3304 principium
707 3234 929 3306 faciam
956 3251 968 3300 ;
1000 3232 1124 3288 vult
1179 3233 1378 3305 itaque
1425 3251 1676 3307 magnus
1707 3235 1799 3291 hic
1829 3238 1976 3292 divi-

2099 3239 2259 3313 μέγας
2291 3237 2549 3312 θεηγόρος
2594 3233 2712 3305 ἴσην
2765 3233 2899 3287 εἶναι
2947 3236 3066 3293 τοῖς
3123 3229 3174 3300 ἐξ
3223 3228 3414 3300 αὐτῆς,
3453 3223 3620 3300 μηδὲν
3667 3224 3731 3279 τὸ

349 3319 624 3392 niloquus
665 3321 836 3377 Pater
890 3322 1245 3394 principium
1294 3323 1516 3394 aequale
1559 3340 1687 3380 esse
1725 3342 1858 3380 cum
1909 3327 1980 3382 iis

2099 3327 2319 3403 ἀρχικὸν
2379 3319 2907 3401 παραϐλαπτομένην
2982 3320 3042 3376 ἐκ
3103 3326 3205 3389 τῆς
3280 3315 3548 3387 ἰσότητος,
3611 3315 3735 3384 ἥτις

347 3409 447 3482 qui
480 3411 550 3464 ab
581 3411 784 3466 eodem
815 3414 1109 3478 emanant,
1141 3427 1275 3466 cum
1324 3411 1384 3466 in
1417 3411 1577 3467 nullo
1628 3414 1979 3486 principium

2099 3415 2382 3488 δμοτιμίαν
2433 3411 2684 3483 δείκνυσι,
2716 3411 2805 3466 καί
2861 3404 3162 3478 ταυτότητά
3220 3406 3452 3484 φύσεως,
3485 3405 3660 3464 καθὼς
3705 3404 3733 3456 ὁ

346 3498 418 3553 ab
463 3498 794 3569 aequalitate
823 3499 926 3554 illa
953 3499 1306 3566 vulneretur,
1341 3517 1467 3572 quae
1500 3503 1768 3557 eumdem
1800 3503 1980 3559 hono-

2099 3505 2249 3566 κύτὸς
2278 3503 2442 3559 πάλιν
2504 3499 2827 3562 διδάσκαλος
2887 3498 2939 3554 ἐν
3003 3495 3237 3572 δευτέρῳ
3265 3500 3372 3550 τῶν
3422 3493 3723 3569 Εἰρηνικῶν

360 3602 482 3642 rem
543 3589 926 3658 eamdemque
976 3594 1244 3644 naturam
1299 3591 1653 3662 constabilit,
1701 3594 1980 3664 quemad-

2099 3591 2393 3668 διαγορεύει
2443 3589 2759 3665 σαφέστατα,
2809 3588 2987 3664 Τριὰς,
3038 3585 3234 3660 λέγων,
3291 3584 3366 3644 ὡς
3426 3580 3644 3649 ἀληθῶς
3692 3582 3727 3646 ἡ

342 3676 584 3731 modum
616 3676 771 3732 idem
813 3676 1095 3749 magister
1123 3678 1382 3733 secunda
1424 3681 1682 3735 oratione
1728 3682 1798 3736 de
1842 3699 1980 3754 pace

2099 3683 2283 3758 Τριάς,
2331 3678 2577 3758 ἀδελφοὶ,
2625 3679 2784 3754 Τριᾶς
2837 3674 2894 3732 δὲ
2965 3675 3062 3730 οὐκ
3138 3672 3332 3727 ἀνίσων
3393 3668 3726 3758 πραγμάτων

344 3763 685 3835 plenissime
717 3771 1029 3837 asseverat,
1062 3767 1236 3834 Trias,
1269 3767 1486 3837 dicens,
1520 3771 1801 3826 verissime
1835 3771 1980 3826 Trias

2099 3757 2487 3847 ἀπαρίθμησις,
2533 3766 2658 3823 ἀλλ’
2711 3765 2840 3822 ῗσων
2916 3764 3004 3820 καὶ
3071 3760 3354 3835 ὁμοτίμων
3431 3757 3728 3830 σύλληψις.

342 3855 442 3918 est,
475 3867 504 3907 ο
525 3856 747 3924 fratres,
783 3855 941 3910 Tria:
977 3871 1088 3910 non
1137 3858 1502 3927 inaqualium
1530 3875 1716 3914 rerum
1759 3876 1980 3916 enume-

2099 3867 2292 3931 Ὥσπερ
2326 3856 2479 3927 οὖνὴ
2510 3862 2616 3912 τῶν
2663 3860 2828 3933 τριῶν
2881 3855 3066 3924 ἰσότης
3125 3851 3224 3907 οὐκ
3277 3851 3583 3928 ἀφαιρεῖται
3637 3849 3731 3901 τοῦ

344 3943 513 4007 ratio,
544 3942 639 3997 sed
685 3943 1000 4014 aequalium,
1031 3949 1084 4000 et
1139 3961 1289 4018 aeque
1318 3946 1712 4003 honoratarum
1740 3965 1980 4020 compre-

2099 3948 2202 4010 ἑνὸς
2230 3950 2328 4017 τὴν
2359 3947 2561 4024 ἀρχὴν,
2585 3945 2728 4000 οὕτω
2785 3944 2874 3999 καὶ
2902 3945 2935 4012 ἡ
2993 3946 3099 3996 τῶν
3161 3939 3222 3995 ἐκ
3272 3946 3375 4008 τῆς
3405 3938 3586 4024 ἀρχῆς
3619 3934 3730 3989 ἶσό-

343 4031 554 4088 hemio.
590 4033 1097 4096 Quemadmodum
1121 4034 1318 4105 itaque
1340 4035 1516 4091 trium
1537 4037 1843 4108 aequalitas
1866 4056 1980 4094 non

2099 4060 2206 4110 της,
2258 4037 2358 4092 ούκ
2400 4023 2544 4090 ἐστὶν
2604 4034 2906 4110 ἀναιρετικὴ
2959 4027 3170 4100 τοῦ,τὸ
3233 4032 3452 4100 Πνεῦμα
3502 4023 3573 4080 δι’
3604 4024 3732 4079 Υἱοῦ

340 4119 523 4176 violat
579 4121 754 4176 unius
815 4121 1191 4193 principium,
1249 4123 1333 4180 sic
1386 4130 1441 4180 et
1495 4143 1694 4181 eorum
1755 4128 1855 4198 qui
1912 4145 1980 4184 ex

2099 4127 2235 4204 παρὰ
2277 4129 2374 4181 τοῦ
2414 4126 2623 4198 ΙΙατρὸς
2677 4121 3075 4198 ἐκπορεύεσθαι.
3122 4117 3329 4188 Ταύτην
3386 4116 3479 4188 μὶν
3540 4111 3631 4204 οὗν
3678 4113 3730 4167 ἐν

339 4207 630 4282 principio
665 4213 824 4282 sunt,
857 4211 1160 4283 aequalitas
1192 4229 1305 4267 non
1353 4212 1505 4268 tollit
1550 4214 1830 4286 Spiritum
1880 4233 1980 4288 per

2099 4203 2388 4292 :ﬁTptai3t
2433 4218 2618 4290 τηρεῖν
2683 4213 2781 4280 τὴν
2841 4209 3086 4279 ἷσότητα,
3131 4211 3238 4262 τῶν
3298 4203 3731 4280 ἀναγκαιοτάτων

338 4298 554 4354 Filium
588 4315 656 4354 ex
687 4303 859 4355 Patre
890 4302 1220 4372 procedere.
1253 4302 1382 4357 Haec
1412 4318 1548 4374 ergo
1580 4304 1881 4375 aequalitas
1922 4306 1980 4360 in

2099 4291 2255 4373 ἐστὶν,
2288 4302 2667 4375 ἀποπεμπτέον
2703 4297 2759 4354 δὶ
2789 4297 2978 4374 πόῤῥω
3005 4298 3105 4365 τὴν
3165 4294 3420 4370 σύγχυσιν
3465 4293 3538 4353 ὡς
3572 4291 3737 4364 ὑπερ-

342 4388 555 4444 Triade
613 4392 747 4444 ante
791 4389 991 4445 omnia
1031 4390 1313 4446 servanda
1358 4398 1464 4459 est,
1517 4391 1800 4464 longeque
1849 4394 1980 4449 mit-

2099 4390 2286 4464 Ξολήν,
2321 4393 2396 4454 ὡς
2441 4387 2682 4463 ἕλλειψίν
2727 4409 2786 4442 τε
2830 4389 2929 4456 τὴν
2987 4384 3295 4454 ἀνισότητα,
3341 4379 3579 4436 τουτέστι
3631 4379 3729 4445 τήν

341 4477 522 4532 tenda
551 4477 838 4547 confusio,
871 4484 937 4533 ut
967 4496 1260 4546 excessus,
1283 4486 1340 4536 et
1363 4485 1423 4534 ut
1442 4481 1703 4536 defectus
1724 4482 1980 4554 inaequa-

2099 4480 2478 4557 ιλλοτρίωσιν.
2510 4478 2699 4553 Τίγᾶρ
2751 4474 2834 4530 δεῖ
2861 4475 2990 4531 Θεὸν
3049 4474 3085 4542 ἢ
3146 4470 3476 4546 συναλείφειν
3526 4469 3731 4557 κακῷις,

337 4565 493 4632 lites,
527 4565 637 4622 hoc
669 4572 760 4624 est
791 4567 1082 4624 alienatio.
1119 4568 1264 4632 Quid
1297 4568 1450 4624 enim
1484 4586 1631 4641 opus
1662 4575 1750 4625 est
1773 4550 1980 4641 Deum,

2099 4574 2125 4642 ἢ
2164 4550 2515 4643 κατατέμνειν
2563 4550 2637 4630 εἷς
2673 4550 3015 4634 -ἆνισότητα;
3050 4561 3142 4617 καί
3199 4559 3378 4628 πάλιν,
3428 4558 3462 4625 ἢ
3513 4550 3736 4610 συστέλ-

339 4659 440 4710 aut
472 4655 696 4711 insulse
723 4657 1089 4723 contrahere,
1138 4662 1238 4712 aut
1280 4657 1669 4727 inaequalitate
1716 4660 1980 4716 concide-

2099 4662 2204 4716 λειν
2280 4658 2508 4728 θέότητα
2571 4655 2661 4711 καὶ
2729 4653 2972 4709 ἀναλύειν
3035 4651 3228 4719 ἀθέως,
3286 4649 3321 4718 ἢ
3386 4644 3738 4746 κατατέμνειν

339 4744 448 4799 re?
479 4761 835 4818 rursumque
866 4763 980 4801 non
1030 4751 1119 4802 est
1174 4746 1571 4803 contrahenda
1617 4747 1830 4819 Deitas,
1883 4754 1980 4806 aut

2099 4750 2292 4811 ἆνίσοις
2339 4744 2760 4822 ἆλλοτριότησιν
2817 4743 2854 4812 ἢ
2918 4740 3171 4818 μεγέθους
3219 4740 3254 4808 ἢ
3314 4736 3546 4816 φύσεως.
3580 4731 3736 4790 Ἀλλ’

338 4831 521 4904 impie
552 4833 948 4907 dissolvenda,
998 4840 1100 4891 aut
1141 4835 1544 4907 inmqualibus,
1599 4835 1687 4891 vel
1740 4843 1978 4907 naturae,

2099 4837 2244 4914 εἷ’περ
2295 4836 2420 4916 φασὶ
2468 4833 2558 4889 διὰ
2603 4838 2700 4888 τοῦ
2767 4832 2897 4886 Υἱοῦ
2937 4832 2999 4885 τὸ
3051 4833 3270 4901 Πνεῦμα
3322 4823 3739 4916 λεχθείηηθεο-

337 4920 425 4976 vel
457 4921 880 4994 magnitudinis
911 4925 1406 4995 disjunctionibus
1437 4925 1836 4982 discindenda.
1869 4929 1978 4984 Sed

2099 4908 2253 5004 γόνος
2288 4908 2346 4980 έν
2382 4921 2464 4994 εἷή
2497 4923 2586 4978 καὶ
2618 4924 2645 4976 6
2675 4921 2817 4983 Υἱόςο
2868 4925 3026 4974 τοῦτο
3060 4917 3116 4974 δὲ
3160 4921 3259 4973 τοῦ
3318 4914 3528 4990 Πατρὸς
3590 4908 3742 4964 ἰδίω-

339 5009 409 5077 si,
443 5009 740 5080 inquiunt,
783 5029 886 5084 per
943 5013 1154 5069 Filium
1199 5014 1450 5086 Spiritus
1505 5013 1747 5085 dicetur,
1803 5016 1980 5072 Filius

2099 5003 2188 5092 μα.
2222 5012 2622 5090 Συμμερίσεται
2655 5008 2756 5086 ἄρα
2787 5011 2814 5064 6
2845 5010 2968 5070 Υἱὸς
3025 5013 3104 5080 τῷ
3160 5004 3330 5082 Πατρὶ
3385 5004 3449 5092 τδ
3495 5003 3742 5092 τοιοῦτον

339 5114 573 5169 quoque
609 5101 787 5155 Deum
845 5108 1166 5173 generaret,
1228 5120 1354 5174 quae
1409 5102 1598 5157 Patris
1655 5105 1980 5174 proprietas

2099 5087 2317 5178 lSlwpa,
2349 5087 2456 5172 Τῆς
2499 5099 2555 5156 δὲ
2603 5099 2869 5174 Θεογόνου
2918 5095 3196 5171 δυνάμεως
3233 5093 3390 5168 μένον
3427 5090 3630 5168 ἔρημον
3679 5087 3740 5142 τὸ

337 5190 445 5240 est.
479 5185 915 5260 Compartietur
941 5208 1076 5262 ergo
1109 5191 1289 5247 Filius
1320 5208 1450 5246 cum
1481 5196 1654 5246 Patre
1687 5192 1836 5248 hanc
1856 5211 1980 5265 pro-

2099 5199 2313 5267 Πνεῦμα
2369 5193 2430 5246 τὸ
2491 5192 2665 5265 ἅγιον,
2727 5187 2788 5243 ού
2852 5183 3180 5242 κινδυνεύσει
3253 5180 3480 5257 μεγάλῳ
3550 5178 3743 5267 βαθμῷ

335 5275 663 5346 prietatem.
700 5278 764 5332 Et
791 5277 1038 5351 Deipara
1068 5282 1339 5335 facultate
1389 5279 1678 5352 spoliatus
1728 5281 1980 5353 Spiritus

2099 5291 2190 5354 τῆς
2251 5282 2505 5352 θεότητος
2564 5278 2825 5345 ἐκπεσεῖν,
2868 5272 2922 5331 εἷ’
2968 5297 3030 5351 γε
3084 5278 3152 5348 τῇ
3213 5269 3439 5343 δυνάμει
3495 5267 3582 5323 καὶ
3638 5265 3738 5332 τὴν

336 5369 598 5436 sanctus,
632 5383 704 5420 an
735 5383 850 5421 non
876 5368 946 5423 de
976 5385 1187 5441 magno
1220 5370 1453 5425 deitatis
1492 5370 1674 5441 gradu
1734 5371 1978 5444 decidet,

2099 5353 2276 5429 ούσίαν
2341 5371 2542 5445 ἀνάγκη
2623 5367 3083 5442 συνυφαιρεῖσθαις
3143 5363 3207 5416 Εἰ
3264 5362 3368 5436 γὰρ
3426 5358 3486 5445 τὸ
3543 5353 3744 5445 ὁμοού-

336 5453 387 5508 si
419 5470 539 5508 una
571 5471 705 5509 cum
740 5454 1040 5524 facultate,
1074 5459 1327 5513 essentia
1357 5474 1588 5529 quoque
1619 5458 1830 5530 privari
1883 5477 1979 5517 ne-

2099 5483 2232 5530 σιον,
2278 5441 2652 5534 ὁμοδύναμον,
2698 5441 2773 5510 τὸί
2825 5455 2900 5529 μὴ
2972 5448 3317 5526 ὁμοδύναμον
3373 5443 3488 5502 οὐδ’
3535 5441 3740 5520 ὁμοσύ-

337 5559 500 5598 cesse
531 5543 654 5599 sit?
689 5544 917 5600 Etenim
952 5547 1000 5600 si
1047 5547 1198 5618 quod
1251 5548 1514 5617 ejusdem
1561 5552 1650 5603 est
1691 5551 1978 5618 essentia),
2090 5571 2233 5607 σιον.

334 5632 602 5704 ejusdem
634 5635 812 5690 etiam
833 5635 1101 5707 potentiae
1123 5641 1234 5703 est,
1254 5637 1408 5707 quod
1425 5636 1691 5707 ejusdem
1711 5639 1980 5710 potentias

289 5744 294 5750 ·
335 5737 455 5782 non
484 5726 592 5794 est,
627 5738 818 5799 neque
845 5724 1114 5798 ejusdem
1144 5724 1410 5784 essentia
1439 5723 1568 5782 erit.
