4110 6418
318 430 441 495 553

1213 428 1315 494 DE
1355 428 1896 498 PROCESSIONE
1938 432 2005 497 S.
2048 432 2405 503 SPlRlTUS
2453 440 2745 506 ORATIO
2788 439 2838 504 Ι.

3600 444 3722 510 554

395 562 486 648 ιη’.
547 555 740 627 Βαόαἶ,
796 559 961 615 πόσον
1034 560 1158 634 ἐμοὶ
1233 562 1381 637 φέρει
1441 562 1509 618 τὰ
1580 564 1841 640 εἴρημὲνα
1903 562 1966 619 τὰ

2156 570 2241 623 18.
2290 571 2478 644 Papae,
2538 589 2716 645 quam
2774 547 3400 648 mihi-comprehensu
3459 578 3723 636 difﬁcilia

320 646 657 719 δύσληπτον.
689 648 752 703 Εἰ
798 649 958 726 γὰρὸ
990 650 1179 723 Πατὴρ
1237 656 1400 726 γεννᾷ
1450 652 1542 706 τὸν
1603 653 1725 707 Υἱὸν
1781 655 1856 726 μὴ
1912 651 1970 708 "ex

316 758 462 801 τινος
516 741 678 793 τοῦτο
738 732 943 808 λαϐὼν,
995 736 1121 794 οὐδὲ
1151 739 1179 793 6
1207 740 1331 801 Υἱὸς
1388 736 1506 815 ἔχει
1536 741 1598 795 τὸ
1630 747 1847 815 Πνεῦμα
1877 742 1971 798 λα-

321 821 432 882 ϐὼν
490 826 620 882 αύτό
675 828 915 903 φυσικῶς
970 828 1118 903 παρὰ
1165 832 1262 882 τοῦ
1320 830 1554 903 Πατρὸς,
1588 828 1650 884 ού
1697 833 1966 907 γεννώμε-

318 937 432 985 νον,
487 914 615 972 ἀλλ’
666 914 1099 991 ἐκπορευόμενον
1160 913 1229 970 δι’
1287 916 1450 972 αὐτοῦ
1507 919 1653 995 παρὰ
1709 924 1805 974 τοῦ
1857 926 1967 975 Πα-

318 1006 470 1081 τρὸς,
500 1003 600 1059 οὐκ
629 1001 750 1059 οἶδα
777 1009 935 1058 ποῖον
969 1003 1202 1059 ἐντεῦθεν
1252 1002 1458 1078 ἷ³δίωμτ
1513 1009 1774 1084 πατρικὸν
1830 1005 1965 1080 ἕξειν

324 1093 615 1171 φάσκουσιν
670 1093 761 1147 τὸν
818 1092 960 1149 Υἱόν.
993 1096 1117 1155 Πῶς
1176 1090 1235 1147 δὲ
1275 1094 1364 1148 καὶ
1413 1095 1673 1171 Θεογόνον
1701 1097 1795 1151 τὸν
1853 1103 1966 1153 Πα-

322 1179 452 1256 τέρα
506 1181 1004 1253 κατονομάζουσιν;
1063 1181 1128 1236 Εἰ
1188 1182 1280 1254 μὲν
1341 1181 1424 1237 ὅτι
1480 1185 1608 1239 Θεὸν
1670 1191 1827 1259 γεννᾷ
1879 1197 1970 1241 τὸν

323 1272 471 1339 Υἱὸν,
529 1267 752 1341 ἀληθῶς
803 1273 966 1325 τοῦτο
1018 1276 1119 1340 τῆς
1177 1274 1450 1346 Πατρικῆς
1512 1271 1777 1349 ἐξαίρετον
1840 1276 1967 1329 ὑπο-

325 1361 582 1431 στάσεως,
616 1360 645 1414 6
700 1355 760 1414 δὲ
815 1359 937 1421 Υἱὸς
996 1358 1058 1412 ού
1116 1358 1397 1436 Θεογόνος,
1430 1361 1551 1415 Υἱὸν
1610 1363 1686 1434 μὴ
1743 1368 1965 1438 γεννῶν.

322 1447 393 1503 Ei’
422 1446 479 1503 δὲ
501 1449 570 1504 16
604 1452 787 1524 γεννᾷν
841 1448 930 1503 καὶ
987 1442 1322 1521 προϐάλλειν
1353 1450 1443 1503 καὶ
1500 1450 1665 1528 ἄμφω
1717 1451 1966 1527 συνάγον-

320 1557 409 1599 τες
461 1537 535 1599 εἰς
587 1537 801 1609 ταυτὸν,
858 1536 1121 1612 Θεογόνον
1176 1535 1320 1591 οὕτω
1372 1538 1463 1592 τὸν
1525 1540 1735 1612 Πατέρα
1788 1540 1966 1617 φασὶν,

322 1623 443 1680 ἰδοὺ
472 1628 606 1681 Θεοῦ
643 1624 801 1701 γόνος
847 1625 937 1680 καὶ
984 1625 1049 1680 τὸ
1097 1630 1341 1699 Πνεῦμα,
1372 1626 1462 1680 καὶ
1504 1629 1621 1688 πῶς
1668 1628 1968 1703 μονογενὴς

320 1714 479 1784 Υἱός;
510 1714 574 1769 Ei
635 1710 680 1768 δ’
710 1711 1185 1788 ἀπαρακαλύπτως
1239 1714 1303 1768 τὸ
1360 1709 1694 1789 προϐάλλειν
1729 1715 1966 1791 εἰσάγον-

318 1823 408 1866 τες
462 1803 538 1865 ὡς
594 1799 803 1875 ῗδίωμα
857 1802 1151 1878 Πατρικὸν,
1210 1800 1445 1857 ἐντεῦθεν
1514 1800 1968 1872 κατασκευάζουσι

317 1892 381 1948 τὸ
415 1893 489 1965 μή
526 1888 597 1946 δι’
641 1892 771 1945 Υἳοῦ
826 1890 1121 1968 πεφηνέναι
1178 1890 1241 1945 τὸ
1288 1894 1509 1963 Πνεῦμα
1535 1891 1682 1964 παρὰ
1733 1893 1965 1968 Πατρὸς,
1996 1926 2045 1992 Β

320 1979 380 2035 ἐκ
427 1984 526 2036 τοῦ
582 1980 635 2035 ἐν
691 1979 841 2056 ἀρχῇ
895 1979 1170 2054 ἐκχεῖσθαι
1228 1978 1559 2056 σοφίζονται.
1617 1980 1688 2035 Τὸ
1745 1982 1849 2056 γὰρ
1907 1979 1967 2036 ἐκ

318 2069 533 2145 Πατρὸς
568 2070 643 2141 μὴ
678 2066 748 2122 δι’
779 2069 907 2123 Υἱοῦ
935 2068 997 2122 τὸ
1028 2071 1246 2141 Πνεῦμα
1303 2068 1392 2122 καὶ
1448 2068 1512 2122 τὸ
1571 2065 1776 2140 ἰδίωμα
1832 2068 1965 2124 εἶναι

320 2157 590 2233 Πατρικὸν
646 2157 711 2212 τὸ
760 2152 1157 2232 προϐλητικὸν,
1190 2154 1438 2232 ἄντικρυς
1497 2157 1712 2214 ταυτόν.
1743 2157 1880 2212 Ποία
1910 2155 1968 2213 δὲ

322 2247 511 2325 Γραφὴ
564 2246 628 2301 τὸ
688 2249 936 2301 τοιοῦτον
1020 2242 1230 2319 ῗδίωμα
1309 2242 1724 2321 παραδίδωσιν;
1782 2241 1966 2301 ἔπειτα

320 2337 440 2397 πῶς
462 2334 527 2390 τὸ
556 2335 756 2410 προσὸν
808 2338 890 2406 τῷ
932 2334 1105 2409 Πατρί
1159 2332 1393 2407 καθάπερ
1450 2334 1597 2409 ἀρχῇ
1656 2329 1965 2407 προϐλητι-

318 2422 414 2478 κόν
472 2423 965 2500 συμμερισθήσεται
1018 2425 1098 2494 τῷ
1124 2421 1236 2495 Υἱῷ
1264 2421 1324 2477 ἐκ
1347 2426 1445 2478 τοῦ
1493 2420 1563 2477 δι’
1609 2422 1773 2478 αὐτοῦ
1830 2423 1961 2479 εἶναι

317 2509 381 2566 τό
438 2515 660 2585 Πνεῦμα
712 2511 859 2583 παρὰ
917 2510 1123 2586 Πατρός
1154 2529 1168 2579 ;
1197 2509 1261 2565 Εἰ
1323 2511 1417 2584 μὲν
1457 2510 1559 2587 γὰρ
1592 2509 1652 2566 ἐκ
1679 2515 1774 2566 τοῦ
1833 2513 1961 2567 Υῖοῦ

317 2600 382 2655 τὸ
411 2604 629 2673 Πνεῦμα
659 2598 806 2674 λέγει
833 2620 917 2662 τις
947 2600 1024 2662 ὡς
1081 2599 1141 2654 ἐκ
1193 2600 1419 2676 πρώτης
1467 2599 1667 2675 ἀρχῆς,
1696 2598 1844 2655 ἔσται
1893 2599 1958 2670 δὴ

318 2688 409 2743 καὶ
466 2689 495 2743 6
550 2688 675 2750 Υἱὸς
724 2691 860 2743 κατὰ
913 2688 977 2742 τὸ
1034 2687 1260 2763 ἀρχικὸν
1328 2688 1588 2750 κοινωνὸς
1636 2693 1716 2760 τῷ
1767 2688 1958 2764 Πατρί.

316 2776 419 2832 Καὶ
472 2781 592 2839 πῶς
647 2776 813 2845 Υἱόςς
871 2771 1236 2831 ἀνακόλουθον
1280 2781 1443 2831 τοῦτο
1496 2777 1585 2831 καὶ
1642 2777 1864 2833 ἄτοπον.
1895 2776 1959 2831 Εἰ

319 2862 378 2920 δὲ
431 2865 519 2920 καὶ
577 2864 712 2934 αύτή
770 2869 868 2920 τοῦ
923 2864 1234 2938 Πνεύματος
1288 2867 1347 2935 ἡ,
1387 2863 1699 2940 ἐκπόρευσις
1760 2864 1820 2919 ἐκ
1863 2869 1959 2919 τοῦ

316 2954 528 3029 Πατρὸς
610 2950 910 3030 διαῤῥήδην
995 2953 1342 3029 κηρύττεται,
1389 2954 1567 3016 καθὼς
1620 2953 1711 3007 καὶ
1788 2954 1962 3009 πάντα

318 3041 418 3097 ὅσα
466 3038 584 3117 ἔχει
625 3043 654 3097 6
696 3042 844 3115 Υἱὸς,
904 3039 1197 3118 προδήκως
1259 3046 1652 3118 σκιαμαχοῦσιν
1706 3042 1759 3096 οἱ
1814 3042 1960 3097 ἀντι-

316 3131 596 3193 τείνοντες·
629 3129 682 3186 ἐν
737 3127 797 3186 δὲ
851 3151 914 3206 γε
969 3135 1082 3192 τοῖς
1142 3130 1583 3207 ἐπενηνεγμένοις
1634 3126 1959 3205 προσλαϐώ-

324 3221 461 3294 μεθα
513 3221 604 3274 καὶ
652 3220 747 3274 τὸν
799 3219 922 3274 Υἱὸν
979 3221 1165 3293 ἡμεῖς,
1196 3220 1286 3274 καὶ
1336 3215 1800 3295 ἀντεπενέγκωμεν
1859 3227 1961 3290 τῆς

2079 662 2238 727 sunt,
2271 676 2397 731 quae
2428 661 2745 716 dicunturl
2781 662 3008 718 Etenim
3041 662 3091 718 si
3138 663 3306 719 Pater
3352 673 3593 737 generat
3622 668 3721 723 Fi-

2077 742 2244 813 lium,
2268 763 2302 801 a
2323 747 2485 803 nullo
2508 748 2565 804 id
2592 749 2905 829 accipiens,
2930 756 2986 805 et
3017 750 3198 806 Filius
3223 750 3397 808 habet
3416 753 3717 827 Spiritum,

2077 847 2211 889 eum
2244 852 2278 889 a
2306 836 2473 893 Patre
2522 837 2868 893 naturaliter
2919 838 3230 910 accipiens,
3265 857 3380 895 non
3431 843 3715 915 genitum,

2077 922 2178 979 sed
2210 939 2313 995 per
2340 926 2612 981 eumdem
2644 928 3057 998 procedentem
3099 945 3169 984 ex
3214 929 3381 985 Patre
3414 947 3426 985 :
3480 948 3719 1004 prorsus

2079 1027 2193 1065 non
2224 1013 2411 1083 capio,
2446 1030 2763 1086 quamnam
2787 1020 3090 1087 paternam
3112 1017 3525 1089 proprietatem
3558 1019 3721 1076 habi-

2076 1102 2276 1155 turum
2308 1105 2619 1158 autumant
2648 1102 2882 1158 Filium.
2914 1105 2987 1159 Et
3014 1105 3309 1174 quomodo
3356 1106 3454 1161 Dei
3489 1108 3716 1179 genito-

2077 1202 2200 1243 rem
2256 1188 2486 1245 Patrem
2540 1189 2894 1261 indigitant?
2928 1191 2985 1246 Si
3035 1191 3189 1262 quod
3247 1193 3427 1248 Deum
3483 1202 3721 1267 generat

2076 1274 2309 1342 Filium,
2336 1294 2466 1333 vere
2510 1277 2617 1333 hoc
2666 1283 2756 1333 est
2804 1284 3053 1350 paternae
3082 1279 3465 1352 bypostascos
3516 1284 3717 1355 praeci-

2075 1380 2282 1436 puum,
2313 1370 2375 1421 at
2430 1366 2608 1422 Filius
2666 1384 2782 1423 non
2838 1367 3021 1423 Deum
3079 1384 3365 1440 generans
3422 1374 3529 1440 est,
3581 1390 3717 1430 cum

2077 1452 2290 1509 Filium
2324 1472 2437 1510 non
2485 1460 2740 1526 generet.
2773 1456 2833 1511 Si
2883 1473 3015 1511 vero
3067 1473 3362 1529 generare,
3393 1464 3450 1515 et
3500 1461 3716 1531 produ-

2075 1556 2224 1605 cere,
2257 1545 2313 1597 et
2344 1546 2589 1614 utraque
2618 1544 2677 1598 in
2727 1561 2909 1600 unum
2961 1544 3322 1618 colligentes,
3354 1547 3460 1604 hac
3493 1549 3718 1605 ratione

2076 1629 2260 1685 Deum
2290 1634 2663 1702 generantem
2711 1632 2941 1688 Patrem
2991 1632 3307 1704 appellant,
3339 1652 3469 1691 ecce
3516 1641 3572 1692 et
3614 1637 3717 1694 Dei

2076 1717 2229 1773 fetus
2260 1722 2350 1773 est
2378 1718 2633 1790 Spiritus
2661 1737 2674 1789 ;
2725 1722 2782 1775 et
2811 1736 3069 1791 quanam
3116 1721 3339 1777 ratione
3378 1724 3718 1797 unigenitus

2075 1806 2256 1862 Filius
2285 1806 2395 1863 erit
2414 1807 2441 1862 ?
2485 1807 2543 1862 Si
2571 1808 2711 1864 item
2741 1809 3060 1880 producere
3091 1814 3289 1880 aperte
3326 1810 3715 1885 insinuantes,

2074 1899 2357 1966 tanquam
2404 1896 2819 1968 proprietatem
2877 1898 3387 1968 paternam,.inde
3445 1918 3715 1975 compro-

2076 1984 2236 2048 bant,
2271 2000 2388 2039 non
2420 2001 2523 2056 per
2551 1984 2762 2039 Filium
2812 1986 3155 2057 apparuisse
3182 1987 3464 2059 Spiritum
3498 2006 3568 2045 ex
3610 1991 3717 2046 Pa-

2077 2075 2181 2138 tre,
2214 2088 2283 2127 ex
2311 2088 2377 2128 e0
2427 2073 2581 2144 quod
2632 2072 2693 2128 in
2746 2073 3034 2145 principio
3082 2075 3440 2143 ell‘undatur,
3472 2078 3718 2134 subdole

2076 2164 2443 2231 argutantur.
2477 2160 2742 2232 Namque
2771 2176 2837 2215 ex
2868 2160 3037 2216 Patre
3066 2178 3182 2217 non
3213 2179 3317 2233 per
3345 2163 3559 2220 Filium
3590 2165 3716 2238 Spi-

2074 2246 2273 2318 ritum,
2306 2253 2363 2305 et
2392 2248 2803 2320 proprietatem
2833 2265 2961 2305 esse
2992 2254 3293 2321 paternam
3332 2251 3453 2307 vim
3493 2254 3715 2325 produ-

2074 2336 2239 2392 cendi
2271 2336 2445 2407 plane
2473 2336 2629 2392 idem
2660 2340 2748 2392 est
2784 2353 2797 2392 :
2848 2353 3115 2408 quasnam
3169 2343 3365 2395 autem
3416 2340 3716 2414 Scriptura

2072 2423 2250 2480 talem
2283 2424 2695 2498 proprietatem
2726 2424 2950 2480 tradit?
2997 2424 3211 2481 Deinde
3241 2428 3555 2498 quomodo,
3589 2446 3715 2501 quae

2071 2514 2226 2569 inest
2259 2513 2413 2568 Patri
2459 2513 2640 2569 veluti
2699 2513 2989 2586 principio
3047 2513 3295 2571 facultas
3351 2515 3711 2586 effundendi,

2071 2602 2451 2673 dispartietur
2478 2617 2611 2656 cum
2644 2601 2810 2671 Filio,
2844 2605 3149 2679 propterea
3179 2603 3333 2673 quod
3367 2619 3471 2674 per
3512 2602 3710 2675 ipsum

2069 2696 2160 2746 est
2186 2691 2434 2762 Spiritus
2472 2707 2539 2746 ex
2569 2690 2777 2745 Patre?
2818 2690 3117 2761 Siquidem
3169 2691 3219 2746 si
3271 2690 3405 2763 quis
3451 2708 3520 2747 ex
3568 2692 3710 2749 Filio

2067 2778 2369 2852 Spiritum,
2402 2782 2467 2833 ut
2504 2794 2574 2833 ex
2602 2778 2790 2849 primo
2838 2777 3122 2850 principio
3169 2782 3409 2845 asserat,
3441 2796 3707 2836 commu-

2069 2868 2291 2924 nicabit
2337 2866 2538 2938 utique
2585 2866 2767 2923 Filius
2816 2866 2996 2934 Patri,
3031 2869 3356 2923 secundum
3403 2870 3559 2940 quod
3607 2869 3705 2926 ille

2068 2955 2423 3029 principium
2450 2959 2558 3026 est,
2589 2959 2647 3010 et
2686 2959 2809 3010 tum
2861 2955 3151 3026 quomodo
3189 2955 3299 3011 erit
3346 2955 3575 3014 Filius?
3602 2960 3705 3014 sed

2069 3059 2436 3114 consequens
2466 3042 2525 3097 id
2554 3043 2878 3098 absurdum
2925 3045 3033 3110 est,
3068 3058 3174 3098 nec
3221 3044 3508 3099 convenit.
3543 3047 3705 3112 Quod

2070 3132 2118 3188 si
2149 3136 2206 3187 et
2228 3131 2358 3203 ipsa
2385 3130 2638 3203 Spiritus
2669 3129 2962 3202 processio
3011 3147 3079 3186 ex
3130 3134 3299 3187 Patre
3345 3132 3540 3204 palam
3583 3134 3704 3189 ed1-

2077 3222 2248 3291 citur,
2282 3218 2779 3291 quemadmodum
2811 3221 2869 3274 et
2898 3218 3095 3275 omnia
3124 3235 3251 3290 quae
3299 3219 3476 3276 habet
3506 3220 3711 3291 Filius,

321 3283 576 3383 δεογόνου
624 3304 905 3382 δυνάμεως
961 3283 1166 3383 ἔρημον
1218 3305 1276 3362 ὃν
1334 3308 1396 3363 τὸ
1426 3283 1643 3381 Πνεῦμα
1668 3283 1732 3362 16
1790 3283 1966 3383 ἅγιον,

2078 3308 2389 3365 manifesto
2437 3306 2752 3363 adversarii
2797 3306 3050 3362 inaniter
3096 3323 3231 3362 cum
3280 3309 3490 3364 umbra
3530 3310 3711 3382 depu-

316 3392 531 3473 ἔρημος
585 3394 659 3450 ὢν
705 3395 794 3451 καὶ
827 3397 856 3452 6
885 3396 1033 3464 Υἱὸς,
1064 3395 1127 3451 ού
1173 3394 1575 3451 κινδυνεύσουσι
1627 3397 1742 3451 κατ’
1773 3395 1967 3458 αὐτοὺς

310 3491 415 3554 τῆς
446 3484 703 3553 θεότητος
732 3484 983 3540 ἐκπεσεῖν
1001 3503 1015 3554 ;

2076 3400 2278 3470 gnant.
2307 3395 2728 3451 Verumtamen
2758 3394 2817 3448 in
2856 3395 3127 3451 adductis
3159 3412 3262 3451 nos
3294 3395 3506 3452 Filium
3547 3414 3715 3453 assu-

2077 3488 2317 3552 mimus,
2350 3488 2409 3539 et
2437 3483 2769 3553 objicimus,
2795 3482 3068 3539 facultate
3102 3484 3342 3555 Deipara
3370 3501 3504 3540 cum
3536 3486 3717 3557 Spiri-

313 3579 413 3632 tus
460 3578 704 3632 sanctus
750 3579 962 3646 careat,
993 3576 1302 3645 careatque
1349 3578 1409 3630 et
1455 3574 1581 3646 ipse
1611 3574 2032 3645 Filius,annon
2073 3574 2399 3630 secundum
2461 3573 2620 3644 ipsos
2678 3572 2748 3627 de
2806 3572 3019 3627 deitate
3069 3572 3240 3645 dejici
3296 3573 3715 3644 periclitabun-

316 3668 417 3719 tur
436 3663 467 3718 τ

384 3750 473 3813 ιθ’.
506 3751 647 3825 Ἐγὼ
706 3746 764 3804 δὲ
819 3746 1081 3821 θαυμάζω
1136 3749 1226 3803 καὶ
1283 3750 1384 3818 τήν
1442 3748 1618 3804 αὐτῶν
1672 3748 1765 3804 σὺν
1812 3749 1959 3804 ἀντι-

308 3834 453 3893 θέσει
508 3838 893 3917 ἀντιστροφὴν,
954 3836 1023 3892 δι’
1079 3839 1145 3906 ἧς
1199 3838 1275 3910 μή
1337 3837 1470 3892 εἶναι
1512 3839 1964 3908 κατασκευάζουσι

311 3932 392 4000 τῷ
446 3926 619 4003 Πατρὶ
671 3927 765 3981 τὸν
828 3926 949 3981 Υἱὸν
1010 3924 1325 3997 ὁμοούσιον.
1358 3925 1425 3980 Ei’
1451 3925 1551 4002 γὰρ
1580 3926 1643 3981 τὸ
1688 3927 1782 3998 μὲν
1834 3927 1965 3999 ὁμο-

311 4016 496 4070 ούσιον
528 4012 900 4088 ὁμοδύναμον,
928 4015 995 4070 τὸ
1024 4009 1084 4069 δὲ
1146 4015 1222 4087 μὴ
1280 4012 1626 4088 ὁμοδύναμον
1677 4012 1807 4088 μηδ’
1834 4015 1966 4088 ὁμο-

314 4104 523 4173 ούσιον,
553 4104 590 4172 ἢ
624 4104 653 4158 6
684 4102 810 4165 ne;
841 4102 1135 4176 ὁμοούσιος
1181 4107 1262 4174 τῷ
1290 4104 1481 4179 Πατρὶ,
1513 4104 1602 4158 καὶ
1662 4101 1751 4158 διὰ
1804 4108 1965 4158 τοῦτο

313 4195 405 4248 καὶ
464 4189 924 4266 ὁμοδύναμος,ἣν
984 4191 1232 4247 ὑπέθεντο
1287 4188 1533 4264 δύναμιν,
1577 4191 1667 4246 καὶ
1723 4193 1967 4267 γεννήσει

317 4283 534 4343 πάντως
587 4281 732 4353 Υἱὸν,
762 4280 799 4349 ἢ
832 4279 939 4355 οὐχ
995 4276 1343 4354 ὁμοδύναμος
1398 4281 1497 4348 τήν
1555 4279 1810 4351 τοιαύτην
1846 4301 1966 4355 γεν-

315 4371 545 4440 νητικὴν
601 4366 853 4442 δύναμιν,
898 4367 989 4423 καὶ
1046 4369 1162 4423 κατ’
1220 4367 1438 4439 αὐτοὺς,
1500 4366 1612 4423 οὐδ’
1671 4368 1965 4442 ὁμοούσιος

314 4463 396 4531 τῷ
459 4457 655 4531 Πατρί.
713 4458 815 4512 Καὶ
869 4460 1012 4527 πῶς,
1074 4457 1253 4534 φασὶν,
1310 4456 1355 4512 εἷ
1414 4454 1503 4511 διὰ
1556 4462 1653 4511 τοῦ
1711 4458 1841 4511 Υἳοῦ
1904 4456 1968 4511 τὸ

2143 3750 2229 3805 19.
2260 3750 2378 3823 Ego
2409 3765 2581 3821 porro
2611 3747 2867 3804 admiror
2911 3750 3247 3804 eorumdem
3296 3767 3429 3806 cum
3478 3752 3715 3824 opposi-

2072 3839 2226 3895 tione
2257 3836 2712 3903 conversionem,
2737 3853 2835 3909 per
2864 3853 3041 3908 quam
3074 3836 3282 3893 Filium
3307 3855 3421 3894 non
3448 3839 3713 3909 ejusdem

2073 3943 2202 3982 esse
2260 3942 2393 3982 cum
2450 3928 2620 3981 Patre
2674 3930 2895 3980 naturae
2930 3930 3222 3981 astruunt.
3257 3927 3484 3982 Etenim
3543 3929 3590 3983 si
3653 3929 3712 3984 id

2074 4015 2228 4087 quod
2259 4015 2523 4085 ejusdem
2554 4014 2819 4069 essentia;
2850 4019 2956 4082 est,
2991 4015 3253 4086 ejusdem
3282 4014 3575 4071 facultatis
3606 4021 3714 4083 est,

2073 4107 2132 4160 et
2161 4103 2314 4174 quod
2360 4119 2474 4157 non
2525 4106 2616 4158 est
2662 4103 2926 4173 ejusdem
2968 4101 3290 4167 facultatis,
3322 4119 3510 4174 neque
3558 4106 3716 4175 ejus-

2075 4192 2207 4247 dem
2235 4190 2505 4246 essentiae
2553 4195 2663 4259 est,
2696 4197 2799 4246 aut
2846 4189 3029 4247 Filius
3076 4191 3338 4263 ejusdem
3389 4209 3523 4246 cum
3556 4193 3720 4248 Patre

2076 4278 2363 4344 essentia,
2421 4277 2664 4347 ideoque
2722 4284 2779 4333 et
2834 4278 3101 4348 ejusdem
3158 4277 3480 4346 facultatis,
3540 4295 3717 4349 quam

2075 4367 2189 4439 ipsi
2243 4379 2602 4438 supponunt,
2653 4364 2894 4421 omnino
2954 4365 3255 4438 generabit
3311 4365 3567 4433 Filium;
3617 4369 3722 4421 aut

2078 4472 2191 4511 non
2225 4460 2313 4511 est
2340 4455 2608 4526 ejusdem
2659 4453 2974 4522 facultatis,
3006 4453 3347 4524 generativaa
3392 4452 3632 4520 scilicet,
3666 4456 3724 4508 et

318 4551 540 4620 Πνεῦμα
565 4547 629 4602 16
658 4546 837 4622 ἅγιον,
867 4547 896 4600 6
935 4543 1257 4621 Καισαρείας
1314 4544 1567 4607 Λεόντιος
1624 4542 1778 4621 ἔλεγε
1835 4544 1971 4600 κατᾶ

2080 4544 2405 4599 secundum
2463 4543 2698 4597 eosdem
2750 4558 2864 4597 non
2916 4541 3027 4595 erit
3068 4540 3333 4611 ejusdem
3382 4558 3515 4595 cum
3556 4541 3723 4596 Patre

320 4609 570 4705 Νίκαιαν,
600 4635 677 4697 ὡς
706 4609 793 4688 ¹ἐκ
816 4609 915 4703 τῆς
970 4609 1119 4704 ὅλης.
1167 4630 1391 4688 συνόδου
1447 4634 1584 4709 πρὸς
1611 4635 1701 4688 τὸν
1731 4609 1971 4689 ἰιιιλόσο-

2079 4631 2365 4688 essentiae.
2428 4631 2496 4684 Et
2550 4629 2864 4701 quomodo,
2914 4609 3209 4700 inquiunt,
3243 4627 3292 4682 si
3352 4645 3454 4699 per
3511 4628 3720 4684 Filium

319 4745 440 4801 φονυ
500 4723 675 4799 Δὲχου
767 4722 890 4796 μίαν
974 4721 1206 4791 θεότητα
1270 4725 1370 4777 τοῦ
1429 4722 1639 4800 Πατρὸς
1693 4726 1790 4777 τοῦ
1845 4743 1967 4797 γεν-

316 4814 581 4882 νήσαντος
663 4811 757 4865 τὸν
836 4810 959 4865 Υἱὸν
1043 4808 1446 4887 ἀνεκφράστως,
1503 4810 1594 4865 καὶ
1678 4815 1775 4865 τοῦ
1842 4811 1971 4866 Υἱοῦ

312 4905 413 4955 τοῦ
461 4897 864 4977 γεγεννημένου
920 4899 971 4969 ἐξ
1027 4898 1212 4970 αὐτοῦ,
1273 4899 1363 4953 καὶ
1418 4902 1516 4953 τοῦ
1600 4898 1754 4974 ἁγίου
1810 4897 1972 4953 Πνεύ-

322 5009 491 5062 ματος
563 4991 663 5043 τοῦ
740 4986 1173 5062 ἐκπορευομένου
1241 4985 1292 5058 ἐξ
1351 4985 1516 5040 αὐτοῦ
1581 4990 1680 5040 τοῦ
1738 4987 1973 5061 Πατρὸς,

322 5074 463 5133 ἰδίου
519 5074 579 5131 δὶ
622 5071 779 5138 ὄντος
822 5079 921 5131 τοῦ
977 5076 1143 5144 Υἱοῦ;
1180 5078 1306 5136 Πῶς
1358 5071 1416 5129 δὲ
1461 5073 1550 5128 καὶ
1599 5073 1759 5136 αὐτὸς
1800 5075 1828 5129 6
1878 5072 1977 5128 Κύ-

325 5185 439 5242 ριος
472 5163 525 5220 ἒν
555 5162 912 5241 Εύαγγελίοις
953 5162 1108 5242 φησὶ,
1136 5164 1200 5218 τὸ
1253 5166 1479 5235 Πνεῦμα
1524 5164 1586 5217 τὸ
1630 5164 1783 5239 ἅγιον
1833 5163 1977 5239 παρὰ

323 5258 420 5308 τοῦ
483 5252 703 5329 Πατρὸς
772 5250 1174 5328 ἐκπορεύεσθαι,
1230 5252 1306 5324 μὴ
1368 5251 1677 5325 προστιθεὶς
1742 5252 1831 5319 τὸ,
1890 5248 1979 5306 διὰ

321 5346 420 5397 τοῦ
466 5342 635 5410 Υἳοῦ;
685 5340 838 5416 Πρὸς
886 5340 1034 5395 ταῦθ’
1085 5341 1252 5413 ἡμεῖς
1298 5338 1470 5401 οὕτως
1515 5338 1975 5416 ἀνθυποφερομεν.

325 5431 423 5485 Διὰ
454 5429 509 5484 τί
551 5430 616 5485 τὸ
664 5432 891 5501 Πνεῦμα
932 5428 996 5483 16
1040 5428 1216 5504 ἅγιον,
1248 5424 1386 5482 ἴδιον
1438 5426 1582 5481 εἶπεν
1634 5426 1664 5480 6
1724 5426 1978 5488 Λεόντιος

322 5522 420 5573 τοῦ
461 5518 615 5589 Υἲοῦ,
673 5518 751 5590 μή
806 5516 988 5591 μέντοι
1035 5515 1126 5570 καὶ
1173 5515 1266 5571 τὸν
1317 5516 1440 5570 Υἱὸν
1489 5512 1630 5569 ἴδιον
1702 5515 1835 5569 εἶναι
1884 5518 1981 5569 τοῦ

324 5608 666 5683 Πνεύματος,
696 5605 744 5660 εἱ
796 5606 872 5678 μὴ
920 5606 1012 5660 τὸν
1059 5604 1155 5677 μὶν
1201 5600 1323 5678 ᾔδει
1370 5602 1586 5678 ἀμέσως
1634 5603 1694 5658 ἐκ
1727 5608 1825 5658 τοῦ
1865 5609 1983 5659 lla-

329 5696 482 5783 τρὸς,
506 5696 574 5756 τὸ
624 5690 685 5751 δὶ
734 5691 824 5750 διὰ
866 5697 964 5752 τοῦ
1007 5693 1134 5750 Υῖοῦ
1182 5690 1234 5767 ἐξ
1280 5690 1444 5751 αὐτοῦ
1476 5696 1574 5752 τοῦ
1620 5690 1876 5779 lla-1964;
1918 5689 1983 5750 Ei

618 5825 885 5891 Ριτιοι..
933 5823 1045 5889 Gn.
1089 5821 1323 5889 CXLII.

2080 4724 2170 4776 est
2197 4720 2448 4792 Spiritus
2478 4722 2738 4787 sanctus,
2767 4718 3045 4772 Leontius
3083 4716 3453 4772 Caesariensis
3486 4718 3724 4772 nomine

2081 4808 2323 4864 Niczenae
2356 4806 2562 4881 synodi
2593 4807 2664 4860 ad
2697 4806 3110 4877 philosophum
3143 4804 3455 4875 respondet
3486 4822 3499 4859 :
3534 4806 3725 4877 Accipe

2081 4915 2251 4953 imam
2282 4898 2542 4952 Deitatem
2574 4896 2777 4960 Patris,
2815 4896 2910 4965 qui
2938 4894 3129 4961 genuit
3157 4894 3362 4948 Filium
3416 4894 3723 4966 ineﬂ‘abiti-

2084 4991 2166 5043 ter
2188 4996 2238 5041 et
2270 4986 2409 5043 Filii
2436 5001 2505 5039 ex
2532 5000 2594 5039 eo
2622 4984 2821 5055 geniti,
2851 4986 2901 5037 et
2927 4982 3174 5050 Spiritus
3220 4983 3398 5037 sancti
3442 4999 3511 5037 ea:
3538 4982 3728 5039 eodem

2087 5081 2246 5131 Patre
2292 5073 2652 5146 procedentis,
2688 5074 2784 5144 qui
2822 5080 2873 5127 et
2916 5073 3171 5143 praprius
3220 5080 3297 5127 est
3346 5072 3522 5126 Filii?
3575 5073 3726 5136 Quo-

2087 5163 2259 5219 modo
2293 5161 2468 5218 etiam
2498 5166 2555 5217 et
2607 5162 2729 5232 ipse
2774 5160 3060 5216 Dominus
3112 5160 3169 5214 in
3226 5160 3534 5232 Evangelio
3565 5159 3727 5230 dicit,

2086 5251 2369 5323 Spiritum
2401 5232 2673 5305 sanctu'm
2704 5266 2737 5304 a
2770 5249 2933 5304 Patre
2982 5249 3311 5320 procedere,
3344 5264 3460 5303 non
3512 5249 3731 5318 addito,

2089 5355 2192 5405 per
2223 5337 2436 5394 Filium
2458 5337 2486 5391 ?
2516 5337 2618 5393 His
2649 5354 2756 5392 nos
2788 5337 2867 5392 ita
2917 5336 3231 5407 objicimus
3265 5355 3278 5392 :
3332 5337 3519 5400 Quare
3548 5335 3731 5407 Spiri-

2089 5432 2217 5483 tum
2270 5430 2539 5482 sanctum
2593 5425 2893 5498 proprium
2942 5424 3087 5480 dixit
3137 5425 3406 5481 Leontius
3435 5424 3585 5490 Filii,
3619 5441 3735 5480 non

2091 5517 2233 5571 item
2265 5520 2324 5570 et
2354 5514 2565 5569 Filium
2597 5514 2900 5586 proprium
2930 5530 3061 5569 esse
3106 5514 3380 5586 Spiritus,
3417 5513 3529 5569 nisi
3580 5514 3735 5585 quod

2094 5606 2433 5677 agnosceret
2459 5602 2617 5657 hunc
2647 5602 2884 5675 quidem
2916 5602 3252 5660 immediate
3282 5619 3350 5659 ex
3390 5603 3572 5669 Patre,
3603 5602 3735 5674 Spi-

2094 5693 2274 5753 ritum
2325 5707 2459 5752 vero
2516 5708 2620 5779 per
2673 5691 2885 5754 Filium
2935 5708 3005 5753 ex
3053 5692 3256 5753 eodem
3307 5690 3524 5749 Patre?
3571 5690 3642 5750 Et
3686 5690 3737 5752 si

3378 5819 3456 5888 18
