4110 6422
473 372 591 441 555

1717 372 2137 437 NICEPHOIII
2180 372 2613 440 BLEMMleE

3750 364 3873 437 556

472 510 777 582 placuerit,
801 513 1139 565 assumatur
1168 508 1335 575 illud,
1368 508 1500 575 solo,
1534 507 1657 563 loco
1689 507 1869 572 illius,
1900 509 2108 563 eodem.

2241 506 2506 577 Ξουλητὸν
2548 506 2605 564 δὲ
2647 510 2709 564 τὸ
2760 508 2926 581 μόνου
2975 504 3335 587 παρειλήφθω
3381 508 3499 563 ἀντὶ
3536 510 3635 562 τοῦ
3682 505 3872 573 αὐτοῦ,

471 603 538 654 ut
557 599 803 669 objectio
835 598 1097 670 ipsorum
1134 598 1321 668 magis
1354 613 1419 651 ac
1464 597 1653 668 magis
1693 600 1917 669 urgeat,
1957 596 2116 652 dica-

472 692 701 758 turque,
731 687 1011 759 Spiritum
1045 691 1337 751 sanctum,
1373 685 1475 757 qui
1507 701 1575 740 ex
1606 689 1773 740 Patre
1821 685 1943 741 solo
1985 702 2115 757 pro-

474 776 645 831 cedit.
681 774 787 838 Qui
831 774 1151 846 praeterea?
1197 773 1343 829 Cum
1393 773 1534 828 dicit
1581 774 1814 829 divinus
1861 773 2117 828 Athana-

477 864 614 930 sius,
688 863 947 919 oratione
1026 863 1217 935 prima
1291 871 1484 917 contra
1571 865 1831 927 Arianos,
1892 862 2118 917 Patrem

478 952 669 1009 solum
747 951 1027 1024 Spiritum
1104 956 1373 1006 sanctum
1455 951 1847 1022 suppeditare,
1926 967 2118 1005 annon

480 1041 755 1098 dabimus
812 1040 953 1096 Filio
983 1041 1248 1109 ejusdem
1280 1039 1532 1111 Spiritus
1562 1039 1750 1094 sancti
1780 1040 2120 1110 suppedita—

478 1130 746 1186 tionem?
772 1130 885 1184 Aut
914 1145 1047 1184 cum
1080 1129 1223 1184 dicit
1272 1128 1577 1196 Dominus,
1612 1129 1681 1183 de
1730 1129 1823 1182 die
1872 1127 1990 1194 illo,
2024 1133 2125 1181 aut

480 1219 624 1274 hora
652 1217 945 1273 neminem
975 1218 1146 1279 scire,
1181 1234 1368 1287 neque
1397 1216 1636 1288 angelos
1677 1216 1977 1279 caelorum,
2010 1214 2123 1269 nisi

480 1325 653 1364 suum
685 1307 912 1362 Patrem
945 1306 1158 1372 solum,
1184 1323 1255 1361 an
1288 1305 1540 1360 similem
1559 1306 1952 1377 cognitionem
1986 1304 2125 1359 Filio

479 1394 949 1468 denegabimus?
980 1394 1064 1448 vel
1097 1411 1231 1449 cum
1265 1394 1335 1449 ad
1372 1394 1599 1448 Patrem
1633 1394 1774 1449 dicit
1808 1411 1820 1447 :
1870 1394 1989 1447 Haec
2044 1402 2127 1447 est

479 1488 601 1541 vita
630 1493 860 1551 wterna,
890 1488 947 1538 ut
995 1487 1326 1556 cognoscant
1372 1488 1421 1538 te
1470 1483 1646 1537 solum
1696 1499 1881 1537 verum
1929 1484 2123 1551 Deum,

481 1583 530 1629 et
560 1590 717 1645 quem
747 1574 969 1639 misisti,
1001 1574 1185 1627 Jesum
1218 1571 1517 1637 Christum,
1550 1589 1743 1626 annon
1791 1586 2125 1626 asseremus

482 1664 665 1718 Deum
704 1678 905 1717 verum
957 1661 1251 1717 Christum
1274 1661 1302 1714 ?
1349 1676 1544 1715 annon
1577 1676 1910 1716 asseremus
1942 1659 2121 1714 Deum

483 1768 683 1808 verum
704 1751 982 1823 Spiritum
1008 1750 1315 1805 sanctum?
1336 1750 1446 1805 Sed
1470 1750 1966 1821 quemadmodum
1990 1765 2122 1803 cum

488 1843 653 1897 Pater
682 1840 830 1895 scire
860 1839 1021 1895 solus
1052 1838 1287 1903 dicitur,
1316 1837 1509 1893 omnis
1534 1837 1649 1893 alia
1676 1838 1949 1910 cognitio,
1970 1854 2125 1891 mor-

485 1929 696 1984 talium
727 1943 956 1999 nempe,
989 1931 1181 1983 cessat
1211 1944 1224 1981 :
1279 1932 1336 1982 et
1373 1942 1507 1981 cum
1564 1926 1726 1982 solus
1775 1943 1945 1981 verus
1971 1926 2127 1980 Deus

485 2017 921 2088 comprobatur,
966 2015 1160 2071 omnis
1208 2020 1478 2071 externus
1531 2019 1681 2070 Deus
1729 2016 2125 2070 amandatur:

486 2105 568 2160 ita
597 2109 654 2159 et
682 2119 814 2159 cum
846 2120 881 2159 a
930 2102 1052 2159 solo
1100 2102 1265 2158 Patre
1294 2102 1543 2174 Spiritus
1592 2108 1831 2158 sanctus
1857 2117 2131 2157 emanare

487 2193 733 2259 dicetur,
765 2207 937 2247 omne
985 2190 1186 2246 alienae
1237 2191 1504 2246 essentia:
1550 2191 1902 2262 principium
1963 2191 2132 2262 longe

486 2281 809 2354 fugabitur.
845 2280 1033 2335 Solum
1061 2280 1277 2335 etenim
1329 2279 1483 2335 inter
1511 2279 1756 2335 Deitatis
1787 2280 2132 2351 hypostases

487 2369 835 2425 divisionem
862 2366 1189 2423 necessario
1246 2383 1357 2422 non
1410 2367 1605 2432 infert,
1639 2372 1703 2421 ut
1752 2367 1875 2439 ipse
1926 2384 2132 2422 rursus

487 2455 895 2514 divinissimus
936 2455 1295 2511 Athanasius
1346 2455 1405 2510 in
1455 2471 1772 2527 congressu
1822 2472 1954 2510 cum
1999 2456 2132 2511 Ario

490 2550 933 2603 commonstrat.
966 2544 1062 2600 Sic
1091 2543 1289 2615 itaque
1322 2560 1425 2599 nec
1450 2544 1625 2599 dictio
1657 2545 1713 2598 in
1742 2544 1928 2599 eodem
1962 2560 1973 2598 :
2008 2543 2134 2600 dis-

492 2635 678 2693 cernit
705 2634 860 2691 enim
891 2634 1086 2705 potius
1116 2633 1235 2703 illa,
1267 2649 1447 2704 quam
1478 2633 1704 2688 dividit.

561 2904 651 2957 20.
686 2902 754 2957 Et
783 2902 833 2956 si
866 2899 1053 2973 placet
1084 2916 1202 2955 una
1229 2899 1405 2955 simul
1456 2899 2045 2971 comprehendantur,
2078 2905 2136 2955 et

490 2994 623 3060 solo,
658 2995 715 3046 et
742 2990 970 3054 eodem;
1000 2989 1134 3060 quis
1164 2989 1486 3044 dummodo
1535 3005 1774 3060 compos
1818 2989 1999 3044 animi
2036 2988 2133 3057 sit,

491 3097 606 3136 non
640 3079 918 3136 fatebitur
953 3096 1021 3133 ex
1068 3078 1271 3133 eodem
1318 3077 1442 3133 solo
1484 3077 1600 3133 Deo
1648 3083 1703 3132 et
1750 3078 1916 3132 Patre
1961 3078 2137 3149 Spiri-

488 3173 614 3225 tum
642 3172 941 3235 sanctum,
972 3171 1255 3238 tanquam
1288 3182 1356 3220 ex
1386 3165 1575 3237 primo
1606 3166 1892 3238 principio
1936 3183 2130 3239 proce-

488 3257 664 3314 dere?
694 3260 750 3312 et
779 3271 1158 3328 quascumque
1188 3254 1366 3309 habet
1398 3255 1600 3321 Filius,
1633 3272 1701 3309 ex
1732 3258 1900 3309 Patre
1931 3271 1998 3310 ea
2026 3256 2128 3311 ba-
2161 3239 2204 3306 C

487 3344 673 3401 bere?
703 3345 832 3415 Ipse
878 3359 1011 3398 vero
1062 3342 1196 3396 hinc
1244 3357 1460 3409 vereor,
1494 3357 1565 3396 ne
1614 3342 1743 3412 quis
1801 3347 1858 3397 et
1914 3360 2137 3399 meram

498 3432 903 3504 impotentiam
937 3430 1142 3485 divinae
1177 3428 1468 3501 potentiae,
1502 3435 1559 3485 et
1587 3432 1713 3485 vitae
1754 3430 2135 3502 privationem

494 3521 646 3587 vitai,
681 3537 807 3592 quae
838 3536 943 3592 per
971 3518 1228 3590 seipsam
1258 3518 1375 3573 vita
1421 3524 1529 3585 est,
1576 3524 1633 3575 et
1682 3536 1782 3589 per
1830 3537 1891 3575 se
1940 3521 2140 3576 subsi-

499 3610 708 3665 stentis
736 3608 911 3664 Verbi
944 3606 1513 3663 irrationabilitatem
1542 3608 1840 3673 attribuat,
1876 3608 1996 3664 haec
2043 3627 2138 3665 ea-

502 3698 635 3753 dem
692 3696 803 3754 sibi
860 3696 1113 3752 tribuere
1165 3696 1479 3751 Dominum
1534 3698 1890 3752 contendens
1952 3715 1965 3751 :
2025 3700 2142 3754 Non

500 3802 742 3857 possum,
791 3786 1101 3851 dicentem,
1154 3788 1336 3855 facere
1378 3802 1447 3839 ex
1490 3802 1576 3841 me
1623 3788 1737 3857 ipso
1784 3787 2142 3858 quidquam;

500 3879 559 3931 et
590 3891 603 3928 :
640 3881 746 3929 Per
804 3880 1028 3929 Patrem
1082 3875 1247 3939 vivo;
1302 3877 1379 3944 et,
1435 3875 1667 3929 Verbum
1718 3876 1857 3946 quod
1912 3879 2141 3947 auditis,

500 3980 611 4019 non
644 3968 723 4018 est
749 3979 956 4028 meum,
1004 3963 1099 4018 sed
1126 3965 1262 4033 ejus,
1305 3965 1402 4033 qui
1444 3965 1599 4018 misit
1639 3981 1743 4029 me,
1775 3968 1979 4021 Patris.
2014 3966 2142 4022 Haec

500 4052 748 4108 Domino
778 4052 1119 4107 enuntiante
1149 4055 1384 4122 propter
1413 4052 1598 4106 Patris
1646 4051 1947 4120 honorem,
1981 4060 2038 4110 et
2066 4055 2137 4110 ad

496 4141 747 4213 primam
800 4157 1037 4196 causam
1087 4144 1441 4211 respectum,
1490 4144 1545 4195 et
1595 4158 1665 4195 ne
1711 4141 1977 4197 videatur
2024 4143 2138 4199 Deo

494 4230 807 4296 adversari,
852 4234 907 4284 et
964 4228 1078 4283 alia
1134 4228 1479 4284 auctoritate
1537 4246 1836 4285 sermones
1900 4248 2133 4287 serere:

495 4320 746 4387 Verbum,
781 4319 881 4389 ait,
913 4317 1052 4390 quod
1082 4316 1311 4384 auditis,
1341 4333 1450 4373 non
1491 4325 1571 4372 est
1618 4333 1816 4385 meum,
1848 4321 1947 4375 sed
1994 4322 2132 4392 ejus,

490 4410 586 4480 qui
612 4410 766 4464 misit
795 4424 899 4477 me,
934 4408 1138 4462 Patris.

557 4498 646 4552 21.
675 4495 935 4564 Ambigit
964 4496 1158 4549 nescio
1189 4493 1341 4565 quis,
1373 4511 1440 4548 ex
1472 4494 1543 4549 iis
1594 4494 1763 4550 etiam
1813 4496 1909 4566 qui
1963 4497 2132 4570 pleno

2227 595 2302 657 ὡς
2348 597 2406 651 ἂν
2447 601 2482 667 ἡ
2532 595 2773 660 ἔνστασις
2821 597 2908 652 ἐπὶ
2951 596 3117 653 πλέον
3170 593 3271 672 ἔχῃ
3311 597 3375 652 τὸ
3430 596 3625 673 βίαιον,
3655 594 3746 650 καὶ
3794 594 3873 650 εἷ-

2229 687 2415 758 ρησθω
2461 687 2523 741 τὸ
2567 691 2785 759 Πνεῦμα
2839 688 2901 741 τὸ
2952 686 3101 762 ἅγιον
3164 684 3223 741 ἐκ
3279 689 3378 741 τοῦ
3435 686 3647 761 Πατρὸς
3707 683 3875 757 μόνου

2229 772 2677 849 ἐκπορευόμενον.
2725 775 2786 829 Τί
2835 779 2964 851 γοῦν
3009 772 3099 830 ὅτε
3144 775 3304 852 φησὶν
3353 775 3381 828 6
3430 773 3498 829 τὰ
3540 776 3658 828 θεῖα
3700 771 3879 834 πολὺς

2227 862 2539 925 Ἀθανασιος
2590 864 2642 919 ἐν
2689 868 2769 935 τῷ
2817 865 2953 918 κατὰ
3004 865 3290 939 Ἀρειανῶν
3354 863 3586 939 πρώτῳ,
3632 861 3725 917 τὸν
3774 867 3886 916 Πα-

2229 951 2357 1026 τέρα
2401 952 2563 1025 μόνον
2611 952 2744 1007 εἶναι
2793 956 2890 1006 τοῦ
2940 950 3095 1027 ἁγίου
3142 952 3453 1024 Πνεύματος
3500 951 3767 1026 χορηγὸν,
3818 948 3883 1004 ού

2233 1036 2478 1111 δώσομεν
2525 1046 2603 1112 τῷ
2648 1042 2760 1111 Υίῴ
2806 1041 2868 1095 τὸ
2922 1041 3056 1094 εἶναι
3105 1044 3335 1116 χορηγῷ
3379 1043 3477 1094 τοῦ
3508 1038 3673 1095 αὐτοῦ
3713 1037 3887 1094 Πνεύ-

2237 1148 2439 1198 ματος;
2490 1135 2554 1183 Ἠ
2612 1128 2735 1183 ὅταν
2797 1127 2933 1203 λέγῄ
2992 1130 3021 1183 6
3080 1128 3275 1204 Κύριος
3333 1128 3458 1203 περὶ
3514 1134 3613 1196 τῆς
3669 1128 3887 1202 ἡμερας

2237 1217 2461 1286 ἐκείνης,
2510 1218 2543 1286 ἢ
2574 1225 2675 1287 τῆς
2725 1217 2868 1293 ὥρας
2923 1215 3130 1290 μηδένα
3176 1214 3391 1285 εἰδέναι,
3428 1213 3569 1288 μηδὲ
3611 1214 3739 1276 τοὺς
3786 1215 3884 1290 ἀγ-

2235 1304 2432 1378 γὲλους
2460 1311 2567 1359 τῶν
2598 1305 2860 1381 ούρανῶν,
2894 1305 2939 1359 εἷ
2975 1307 3049 1379 μὴ
3080 1305 3171 1360 τὸν
3218 1304 3383 1359 αὐτοῦ
3432 1303 3641 1379 Πατέρα
3687 1302 3885 1375 μόνον,

2238 1393 2298 1447 οὐ
2347 1391 2591 1466 δώσομεν
2639 1395 2729 1448 καὶ
2770 1400 2851 1466 τῷ
2896 1394 3005 1466 ι’ἱῷ
3047 1394 3248 1462 ταύτην
3286 1395 3385 1462 τὴν
3438 1390 3673 1462 εἷ’ςησιη
3701 1392 3736 1460 ἢ
3788 1391 3885 1445 ὅτε

2236 1482 2371 1557 πρὸς
2419 1485 2508 1536 τὸν
2560 1482 2762 1559 πατέρα
2809 1482 2995 1561 φησὶν.
3026 1481 3172 1553 Αὕτη
3231 1480 3371 1535 ἐστὶν
3403 1483 3438 1550 ἡ
3469 1480 3692 1542 αἰώνιος
3738 1480 3880 1549 ζωὴ,

2230 1571 2318 1624 ’ἱνα
2372 1571 2679 1646 γινώσκωσί
2738 1592 2794 1626 σε
2847 1572 2936 1625 τὸν
3018 1570 3180 1644 μόνον
3258 1566 3516 1639 ἀληθινὸν
3576 1569 3729 1636 Θεὸν,
3787 1567 3884 1622 καὶ

2236 1660 2293 1713 ὃν
2355 1658 2671 1721 ἀπέστειλας
2734 1661 2941 1727 Ἰησοῦν
3000 1658 3245 1733 Χριστὸν,
3305 1656 3404 1711 οὐκ
3460 1656 3687 1733 ἐροῦμεν
3747 1655 3883 1711 Θεὸν

2238 1746 2489 1817 ἀληθινὸν
2546 1749 2636 1802 τὸν
2697 1747 2958 1823 Χριστόν;
3013 1746 3113 1801 ούκ
3156 1747 3383 1821 ἐροῦμεν
3445 1745 3574 1800 Θεὸν
3622 1742 3887 1814 ἀληθινὸν

2235 1836 2298 1889 τὸ
2332 1840 2551 1908 Πνεῦμα
2578 1837 2641 1891 τὸ
2677 1839 2867 1912 ἅγιον;
2915 1833 3072 1891 Ἀλλ’
3119 1833 3300 1910 ὥσπερ
3351 1833 3476 1889 ὅταν
3509 1835 3538 1888 6
3568 1834 3756 1909 Πατὴρ
3805 1833 3889 1887 εἷ-

2240 1922 2380 1978 δὶναι
2434 1924 2659 2000 λέγηται
2714 1926 2900 1999 μόνος.
2947 1924 3089 1979 πᾶσά
3156 1945 3238 1986 τις
3290 1922 3444 1998 ἑτέρα
3488 1927 3708 1999 γνῶσις,
3760 1944 3893 1978 ’ποθ’

2237 2013 2380 2069 τὲστι
2431 2020 2537 2068 τῶν
2591 2020 2837 2089 γηγενῶν
2889 2014 3117 2089 ἐξαργεῖ.
3154 2013 3248 2067 Καὶ
3301 2012 3426 2067 ὅταν
3476 2012 3641 2075 μόνος
3690 2010 3894 2082 ἀληθι-

2238 2103 2327 2163 νὸς
2379 2111 2713 2179 μαρτνλρῆται
2764 2104 2914 2174 Θεὸς,
2966 2108 3070 2164 πᾶς
3108 2123 3193 2164 τις
3240 2102 3537 2179 ἑτεροφυὴς
3575 2102 3706 2162 Θεὸς
3757 2099 3896 2154 ἀπο·-

2239 2193 2533 2264 πὲμπεται,
2583 2194 2675 2247 τὸν
2729 2191 2886 2247 αὐτὸν
2935 2190 3161 2266 τρόπον,
3214 2190 3303 2267 καὶ
3364 2189 3454 2244 ὅτε
3509 2190 3655 2264 παρὰ
3715 2189 3891 2261 μόνου

2239 2286 2335 2335 τοῦ
2386 2282 2595 2355 Πατρὸς
2645 2280 2868 2356 λεχθείη
2918 2281 2980 2334 τὸ
3030 2284 3248 2352 Πνεῦμα
3309 2279 3696 2354 προέρχεσθαι,
3744 2275 3893 2334 πᾶσά

2238 2391 2322 2433 τις
2372 2370 2710 2446 ἑτεροούσιος
2759 2370 2908 2446 ἀρχὴ
2966 2368 3157 2444 πόρῥω
3208 2366 3471 2446 φεύξεται.
3504 2368 3575 2421 Τὸ
3623 2367 3727 2442 γὰρ
3792 2366 3894 2439 μό-

2240 2480 2350 2530 νον,
2406 2458 2508 2513 ούκ
2564 2459 2614 2529 ἐξ
2688 2459 2922 2535 ἀνάγκης
2998 2462 3231 2512 ποιεῖται
3303 2453 3558 2530 διαίρεσιν
3617 2459 3728 2509 τῶν
3784 2456 3891 2523 τῆς

2240 2547 2495 2617 θεότητος
2556 2549 2919 2616 ὑποστάσεων,
2960 2547 3036 2607 ὡς
3097 2545 3254 2607 αὐτὸς
3313 2542 3477 2599 πάλιν
3533 2544 3562 2599 6
3609 2543 3891 2605 θειότατος

2241 2637 2558 2698 Ἀθανάσιος
2615 2635 2668 2690 ἐν
2718 2634 2957 2705 Διαλέξει
3002 2639 3071 2709 τῇ
3119 2635 3255 2710 πρὸς
3296 2636 3511 2709 ’Ἀρειον
3564 2629 3893 2687 ἀποδείκνυ-

2243 2746 2343 2781 σιν.
2396 2724 2580 2786 Οῦτως
2637 2725 2726 2779 οῦν
2785 2723 2910 2779 οὐδὲ
2961 2725 3025 2779 τὸ
3075 2722 3259 2779 αὐτοῦ·
3320 2719 3726 2795 διακρινητικὸν
3783 2722 3892 2798 γὰρ

2248 2812 2459 2886 μᾶλλον
2488 2813 2646 2868 τοῦτό
2678 2812 2839 2884 ἐστιν,
2861 2815 2895 2883 ἢ
2930 2810 3279 2890 διαιρετικόν.

2313 2904 2380 2958 κ’.
2433 2902 2497 2957 Ei’
2549 2900 2697 2958 δοκεῖ
2745 2900 2803 2957 δὲ
2851 2901 3323 2978 συμπαρειλήφθω
3397 2899 3489 2954 καὶ
3545 2900 3629 2964 τὸ,
3691 2897 3890 2971 μόνου,

2242 2990 2331 3045 καὶ
2384 2993 2468 3060 τὸ,
2512 2990 2694 3047 αὐτοῦ·
2752 2990 2833 3053 τίς
2894 2991 3000 3067 οὐχ
3056 2988 3325 3065 ὁμολογεῖ
3378 2993 3484 3043 τῶν
3543 2986 3891 3065 φρονούντων

2244 3080 2441 3155 ὀρθῶς,
2493 3078 2543 3150 ἐξ
2592 3079 2756 3135 αὐτοῦ
2810 3079 2978 3153 μόνου
3032 3083 3129 3133 τοῦ
3195 3082 3330 3134 Θεοῦ
3399 3076 3489 3132 καὶ
3564 3078 3775 3152 Πατρὸς
3825 3078 3893 3131 τὸ

2244 3173 2462 3241 Πνεῦμα
2510 3167 2575 3222 τὸ
2622 3169 2794 3244 ἅγιον,
2847 3168 2925 3231 ὡς
2970 3166 3029 3223 ἐκ
3072 3167 3299 3243 πρώτης
3366 3166 3544 3242 ἀρχῆς
3606 3164 3893 3240 ἐκπορεύε-

2244 3268 2401 3326 σθαι;
2451 3258 2541 3312 καὶ
2588 3258 2762 3312 πάντα
2807 3256 2905 3312 ὅσα
2966 3254 3081 3332 ἔχει
3132 3257 3161 3311 6
3212 3255 3356 3325 Υἱὸς,
3409 3252 3470 3308 ἐκ
3524 3257 3622 3307 τοῦ
3679 3254 3893 3329 Πατρὸς

2243 3350 2390 3401 ταῦτ’
2438 3344 2583 3421 ἔχειν
2641 3346 2799 3401 αὐτόν
2826 3366 2839 3415 ;
2870 3346 3009 3422 Ἐγὼ
3057 3342 3115 3399 δὲ
3157 3345 3220 3399 τὸ
3269 3342 3463 3399 λοιπὸν
3514 3339 3756 3413 δύδοικα,
3810 3345 3890 3415 μή

2244 3457 2329 3497 τις
2377 3435 2467 3489 καὶ
2513 3434 2723 3491 τελείαν
2774 3432 3071 3507 ἀδυναμίαν
3108 3440 3209 3503 τῆς
3257 3436 3354 3487 τοῦ
3402 3434 3535 3486 Θεοῦ
3584 3428 3893 3504 δυνάμεως,

2247 3524 2336 3577 καὶ
2386 3528 2531 3593 ζωῆς
2581 3523 2809 3598 ἐρημίαν
2858 3526 2956 3592 τῆς
3000 3522 3301 3592 αὐτοζωῆς,
3349 3520 3439 3578 καὶ
3497 3517 3724 3594 ἀλογίαν
3793 3524 3895 3574 τοῦ

2251 3612 2609 3667 ἐνυποστάτου
2684 3612 2860 3688 Λόγου
2923 3610 3373 3688 καταψηφίσαιτο,
3452 3614 3897 3685 προσμαρτυρεῖν

2248 3704 2340 3755 τὸν
2402 3701 2595 3777 Κύριον
2663 3703 2834 3773 ἑαυτῷ
2896 3705 3063 3755 ταῦτα
3130 3697 3555 3771 διατεινόμενος,
3605 3695 3678 3750 Ού
3739 3694 3905 3751 δύνα-

2255 3810 2371 3861 μαι,
2443 3788 2694 3864 λέγοντα,
2745 3795 2919 3843 ποιεῖν
2966 3789 3055 3843 ἀπ’
3108 3787 3343 3860 ἐμαυτοῦ
3411 3782 3583 3840 οὐδὲν·
3636 3783 3749 3857 καὶ,
3800 3786 3904 3839 Διά

2249 3878 2339 3932 τὸν
2402 3879 2611 3954 Πατέρα
2672 3883 2766 3947 ζῶ·
2835 3877 2946 3950 καὶ,
3003 3878 3059 3930 Ὀ
3120 3875 3320 3951 Λόγος,
3376 3875 3435 3929 ’ὸν
3495 3872 3736 3943 ἀκούετε,
3798 3873 3906 3927 οὐκ

2251 3966 2392 4021 ἔστιν
2460 3966 2609 4039 ἐμὸς,
2656 3965 2801 4021 ἀλλά
2852 3970 2951 4020 τοῦ
3017 3963 3331 4038 πέμψαντός
3389 3983 3456 4035 με
3503 3961 3743 4039 ΙΙατρός’
3799 3966 3903 4016 τοῦ

2252 4056 2448 4132 Κυρίου
2480 4055 2727 4131 λέγοντος
2759 4053 2848 4110 διὰ
2890 4056 2986 4123 τήν
3034 4058 3132 4109 τοῦ
3183 4052 3392 4128 ῐιατρὸς
3440 4052 3631 4124 τιμὴν,
3662 4050 3754 4105 καὶ
3800 4052 3905 4119 τήν

2250 4146 2326 4208 εἷς
2354 4146 2418 4201 τὸ
2448 4150 2663 4221 πρῶτον
2714 4142 2883 4199 αἶ’τιον
2916 4143 3204 4221 ἀναφορὰν,
3239 4139 3328 4197 διά
3370 4161 3429 4195 τε
3475 4139 3539 4195 τὸ
3590 4140 3666 4213 μὴ
3717 4135 3898 4195 δοκεῖν

2248 4235 2378 4290 εἶναι
2412 4235 2673 4306 ἀντίθεος,
2703 4234 2793 4289 καὶ
2823 4234 2896 4296 ὡς
2934 4233 3025 4287 ἀπ’
3057 4229 3234 4302 ἄλλης
3273 4230 3421 4291 τινὸς
3470 4227 3711 4301 ἐξουσίας
3767 4249 3897 4283 ποι-

2246 4330 2415 4387 εῖσθαι
2500 4323 2626 4385 τοὺς
2716 4322 2933 4399 λόγους,
2993 4320 3076 4376 ὅτι
3134 4322 3191 4373 Ὀ
3249 4318 3445 4394 Λόγος,
3503 4318 3561 4371 ’ὸν
3648 4316 3891 4390 ἀκούετε,

2244 4414 2343 4467 οὐκ
2396 4411 2531 4467 ἔστιν
2591 4412 2743 4485 ἐμὸς,
2801 4409 2948 4467 ἀλλὰ
3005 4414 3103 4465 τοῦ
3158 4406 3470 4482 πέμψαντός
3531 4426 3598 4480 με
3655 4406 3887 4481 Πατρός.

2313 4503 2411 4557 κα’.
2449 4496 2811 4579 Ἀμφιϐἀλλει
2861 4522 2940 4562 τις
2989 4498 3135 4561 ὅλως
3181 4502 3288 4552 τῶν
3349 4500 3469 4551 νοῦν
3518 4493 3775 4570 ἐχόντων.
3823 4494 3886 4547 Τί

488 4590 716 4658 pectore
744 4585 1004 4657 sapiunt,
1038 4599 1214 4655 quam
1269 4584 1340 4638 ob
1390 4600 1627 4639 causam
1687 4602 1719 4638 a
1776 4586 1941 4641 Patre
1991 4588 2128 4644 dixit

2241 4588 2445 4661 δήποτε
2492 4592 2637 4665 παρὰ
2679 4594 2777 4645 τοῦ
2828 4590 3035 4663 ῐΙατρὸς
3106 4585 3316 4663 εἶ’ρηκεν
3383 4581 3764 4660 ἐκπορεύεσθαι
3820 4582 3883 4636 τὸ

487 4675 771 4746 Spiritum
820 4674 1079 4729 veritatis
1128 4672 1457 4743 procedere,
1520 4689 1633 4727 non
1689 4674 1909 4729 addens
1963 4675 2128 4744 illud,

484 4778 590 4833 per
616 4780 721 4830 me,
757 4781 891 4819 cum
920 4770 1117 4817 tamen
1151 4762 1417 4831 Spiritum
1447 4762 1693 4816 veritatis
1738 4762 1958 4831 dicens,
1992 4782 2132 4836 pro-

487 4852 681 4923 prium
710 4854 800 4908 sui
829 4869 959 4907 esse
988 4851 1267 4922 Spiritum
1330 4854 1602 4904 sanctum
1654 4852 1957 4907 confessus
2006 4854 2083 4909 sit
2114 4873 2127 4911 :

485 4943 602 5014 Ego
626 4944 792 5008 enim,
826 4942 1038 5013 inquit,
1068 4958 1191 4996 sum
1227 4942 1455 4996 veritas.
1491 4944 1567 4995 De
1620 4941 1875 5011 proprio,
1930 4948 2126 4999 autem

482 5030 656 5084 verbo
712 5031 900 5102 quid?
953 5047 1066 5084 non
1123 5029 1284 5092 dicit,
1319 5029 1574 5083 Verbum
1634 5045 1828 5085 meum
1883 5047 1917 5085 a
1965 5032 2127 5089 Patre

481 5124 592 5185 est,
624 5120 723 5173 sed
782 5120 1025 5185 Verbum,
1058 5119 1208 5190 quod
1257 5118 1483 5183 auditis,
1516 5134 1627 5173 non
1673 5127 1753 5173 est
1798 5136 2002 5189 meum,
2034 5122 2127 5176 sed

474 5208 617 5277 ejus,
653 5209 749 5278 qui
795 5209 946 5261 misit
989 5223 1095 5271 me,
1126 5208 1333 5260 Putris.
1391 5205 1537 5270 Quid
1590 5206 1769 5278 igitur
1819 5208 2025 5264 fuisset
2073 5210 2121 5264 si

473 5294 760 5351 Dominhs
792 5296 1053 5360 dixisset,
1087 5294 1341 5365 Spiritus
1371 5299 1614 5349 sanctus
1647 5312 1763 5350 non
1804 5301 1893 5351 est
1932 5314 2119 5365 meus,

470 5399 656 5453 neque
688 5383 947 5456 procedit
978 5400 1079 5454 per
1111 5382 1249 5437 me?
1304 5382 1370 5437 Et
1415 5388 1610 5438 tamen
1662 5384 1944 5441 candidas
1978 5404 2121 5458 pru-

468 5472 793 5545 dentesque
849 5488 1039 5542 aures,
1089 5487 1276 5541 neque
1332 5470 1427 5525 hic
1479 5487 1671 5526 sermo
1731 5472 2115 5544 vulnerasset,

472 5565 708 5637 prepter
736 5578 834 5619 eas
866 5578 1097 5631 causas,
1129 5575 1274 5633 quas
1304 5560 1679 5617 adduximus.

2242 4684 2463 4751 Πνεῦμα
2491 4687 2590 4748 τῆς
2623 4678 2903 4750 ἀληθείας,
2934 4678 2997 4733 τὸ
3045 4675 3115 4731 δι’
3147 4677 3281 4748 ἐμοῦ
3334 4675 3409 4748 μὴ
3455 4671 3732 4748 προσθεὶς,
3768 4671 3887 4726 καί-

2236 4788 2385 4843 τοιγε
2429 4768 2491 4823 τὸ
2542 4772 2763 4840 Πνεῦμα
2807 4774 2907 4836 τῆς
2971 4764 3249 4835 ἀληθείας,
3306 4763 3496 4835 εἰπὼν,
3547 4762 3741 4816 ἑαυτοῦ
3788 4781 3889 4833 με-

2244 4857 2581 4933 μαρτύρηκεν
2642 4855 2771 4910 εἶναι
2827 4858 2890 4909 τὸ
2957 4858 3179 4926 Πνεῦμα
3235 4852 3299 4906 τὸ
3357 4852 3534 4927 ἅγιον.
3587 4850 3732 4924 Ἐγὼ
3782 4849 3885 4924 γάρ

2238 4946 2373 5019 εἰμι,
2407 4946 2591 5023 φησὶν,
2622 4947 2657 5013 ἡ
2718 4943 2966 5015 ἀλήθεια.
3019 4942 3153 5018 Περὶ
3203 4939 3262 4995 δὲ
3305 4944 3403 4995 τοῦ
3452 4938 3657 4995 οἰκείου
3714 4934 3887 5012 λόγου

2234 5035 2285 5089 τί
2317 5056 2475 5112 φησιν
2503 5053 2517 5103 ;
2551 5034 2659 5109 οὐχ
2688 5033 2770 5087 ὅτι
2802 5034 2859 5086 Ὀ
2884 5032 3057 5108 Λόγος
3085 5033 3113 5085 ὁ
3148 5030 3279 5104 ἐμὸς
3329 5028 3476 5105 παρὰ
3519 5031 3620 5083 τοῦ
3671 5026 3885 5099 Πατρός

2237 5122 2399 5195 ἐστιν,
2449 5121 2575 5177 ἀλλ’
2631 5121 2712 5177 ὅτι
2784 5123 2840 5175 Ὀ
2897 5119 3083 5197 λόγος,
3142 5120 3199 5174 ’ὸν
3279 5117 3518 5189 ἀκούετε,
3566 5114 3666 5171 οὐκ
3742 5112 3883 5169 ἔστιν

2235 5212 2387 5286 ἐμὸς,
2438 5210 2583 5267 ἀλλά
2647 5216 2743 5266 τοῦ
2799 5210 3113 5285 πέμψαντός
3176 5230 3242 5282 με
3297 5205 3540 5282 Πατρός.
3570 5204 3631 5259 Τί
3692 5204 3751 5259 ἂν
3790 5201 3884 5258 οὖν

2232 5300 2461 5376 ἐγεγόνει
2517 5298 2733 5371 λοιπὸν,
2767 5297 2820 5354 εἷ’
2863 5321 2979 5361 πως
3039 5300 3246 5373 εἰρήκει
3304 5297 3332 5351 6
3390 5295 3609 5371 Κύριος,
3671 5292 3753 5347 ὅτι
3812 5292 3886 5347 T6

2229 5394 2451 5463 Πνεῦμα
2491 5390 2553 5444 τὸ
2599 5392 2752 5464 ἅγιον
2799 5388 2898 5442 ούκ
2947 5387 3085 5442 ἔστιν
3135 5387 3287 5460 ἐμὸν,
3319 5385 3355 5454 ἢ
3389 5384 3488 5439 οὐκ
3533 5380 3885 5459 ἐκπορεύεται

2229 5475 2297 5532 δι’
2354 5477 2527 5550 ἐμοῦ;
2590 5478 2841 5551 Καίτοιγε
2919 5478 3021 5545 τήν
3103 5475 3418 5551 εὐγνώμονα
3489 5471 3580 5527 καὶ
3654 5472 3883 5540 συνετὴν

2226 5565 2393 5635 ἀκοὴν
2450 5563 2562 5622 οὐδ’
2604 5566 2759 5627 οὗτος
2802 5565 2862 5621 ἃν
2895 5566 2923 5620 ὁ
2972 5565 3137 5643 λόγος
3182 5557 3528 5643 παρὲὅλαψε,
3561 5558 3631 5618 δι’
3683 5557 3747 5623 ἃς
3797 5560 3885 5614 αἰ-

2223 5656 2339 5721 τίας
2372 5650 2815 5739 ἀποδεδωκαμεν.
