4110 6418
282 426 402 492 557

1170 429 1275 493 DE
1316 412 1852 496 PQOCESSIONE
1896 436 1961 495 s.
2007 430 2366 495 SPIRITUS
2412 428 2703 494 omne
2747 430 2798 491 1.

3569 432 3688 495 558

352 563 459 638 κβ’.
512 566 639 624 ῐιῶς
697 559 744 616 δ’
802 557 1192 637 ἐπιϐάλλουσιν
1251 563 1651 641 εὖστοχώτατα,
1708 565 1798 620 καὶ
1856 568 1935 636 τῷ

2115 567 2203 620 22.
2264 566 2564 629 Quomodo
2631 564 2808 619 etiam
2864 566 3016 619 recte
3089 562 3234 618 illud
3293 563 3615 635 conjiciunt
3675 582 3688 620 :

282 656 465 705 Πᾶσαν
523 649 669 706 δόσιν
729 652 977 726 ἀγαθήν,
1038 651 1128 707 καὶ
1205 659 1305 707 πᾶν
1387 650 1622 726 δώρημα
1675 651 1927 723 τέλειον,

280 736 485 803 ἄνωθεν
573 739 708 794 εἶναι
791 740 938 816 παρᾶ
1016 744 1115 795 τοῦ
1201 745 1311 795 τῶν
1377 741 1569 818 φώτων
1654 742 1928 818 Πατρός;

280 832 451 883 Φῶτα
503 826 757 903 λέγουσιν
809 828 1057 884 ἐνταυθοῖ
1086 830 1176 884 τὸν
1235 830 1377 901 Υἳὸν,
1436 829 1525 883 καὶ
1582 830 1647 885 τὸ
1688 833 1929 903 Πνεῦμα,

282 915 503 993 Πατέρα
550 914 609 971 δὲ
655 916 828 971 αὐτῶν
881 917 971 972 τὸν
1022 916 1150 972 Θεὸν
1188 918 1263 991 μή
1313 918 1599 989 συνιέντες,
1639 918 1713 979 ὡς
1748 916 1793 972 εἷ
1824 924 1933 972 Πα-

279 1006 389 1081 τῆρ
416 1010 514 1061 τοῖ’)
564 1005 882 1079 Πνεύματος
934 1006 962 1059 ὁ
1010 1006 1158 1071 Θεὸς,
1210 1005 1260 1076 ἐξ
1311 1005 1553 1081 ἀνάγκης
1597 1007 1660 1061 τὸ
1707 1010 1935 1078 Πνεῦμα

282 1093 430 1156 Υἱός.
481 1095 538 1148 '0
584 1095 775 1168 Πατὴρ
819 1094 924 1170 γὰρ
972 1094 1174 1170 κυρίως
1222 1095 1351 1148 Υἱοῦ
1404 1097 1615 1170 Πατήρ.
1667 1094 1766 1148 Καὶ
1811 1098 1930 1155 πῶς

284 1183 315 1237 6
364 1181 543 1258 Λόγος
596 1183 915 1257 μονογενὴς,
970 1183 1016 1236 εἰ
1064 1181 1158 1236 καὶ
1203 1182 1265 1237 τὸ
1296 1187 1515 1255 Πνεῦμα
1576 1182 1692 1245 Υἱός
1727 1201 1741 1251 ;
1777 1180 1932 1237 Ἀλλ’

283 1269 469 1348 ὥσπερ
520 1272 710 1347 Πατὴρ
750 1275 859 1325 τῶν
910 1270 1209 1346 οἰκτίρμων
1243 1271 1271 1325 6
1300 1271 1450 1341 Θεὸς,
1501 1272 1577 1334 ὡς
1622 1271 1796 1334 αἴτιος
1842 1271 1932 1325 καὶ

284 1357 456 1435 δοτὴρ
487 1359 809 1436 οἰκτιρμῶν,
842 1358 986 1414 οὕτω
1034 1358 1122 1414 καὶ
1172 1361 1366 1436 Πατὴρ
1412 1364 1520 1414 τῶν
1575 1361 1769 1437 φώτων
1821 1358 1932 1414 ἐστί

279 1469 346 1503 τε
371 1447 462 1503 καὶ
490 1447 829 1522 ὀνομάζεται.
884 1452 1049 1502 Φῶτα
1101 1444 1159 1502 δὲ
1199 1449 1392 1509 πάντες
1444 1449 1496 1501 οἱ
1544 1447 1603 1502 ἐκ
1644 1453 1777 1503 Θεοῦ
1825 1470 1934 1527 φω-

279 1536 496 1610 τισμοὶ,
543 1542 705 1592 πᾶσαι
754 1538 809 1591 αἱ
857 1534 1187 1610 ἐλλάμψεις,
1238 1538 1411 1591 πάντα
1456 1537 1522 1591 τὰ
1560 1535 1783 1612 οὐράνια
1829 1556 1932 1613 χα-

284 1625 543 1701 ρίσματα,
589 1624 679 1680 καὶ
730 1625 958 1700 λαμπρὰ
1000 1629 1189 1696 ταῦτα,
1247 1625 1337 1679 καὶ
1392 1622 1565 1688 δόσεις
1626 1625 1755 1679 εἰσὶν
1808 1627 1935 1701 ἀγα-

281 1714 392 1785 θαὶ,
426 1712 515 1768 καὶ
545 1710 846 1789 δωρήματα
872 1711 1074 1784 τέλεια,
1104 1712 1317 1768 πάντων
1374 1710 1431 1769 δὲ
1477 1714 1682 1768 τούτων
1712 1713 1934 1789 γενέτης

279 1802 375 1858 καὶ
423 1802 700 1880 παροχεὺς
748 1804 777 1857 6
828 1801 979 1873 Θεὸς,
1034 1801 1134 1857 οὐκ
1180 1802 1486 1879 ἀνθρώποις
1547 1803 1733 1875 μόνον,
1790 1801 1936 1859 ἀλλὰ

280 1892 375 1947 καὶ
430 1896 551 1954 ταῖς
611 1890 995 1968 ὑπερκοσμίοις
1051 1892 1280 1953 ἁπασαις
1339 1889 1617 1965 δυνάμεσι.
1669 1893 1786 1968 Χρὴ
1827 1890 1935 1946 τοί-

280 2001 376 2035 νυν
438 1981 750 2054 ἁπανταχοῦ
806 1985 906 2048 τῆς
964 1982 1181 2057 Γραφῆς
1229 1986 1476 2058 προςφυῆ
1524 1984 1603 2052 τῷ
1639 1980 1789 2056 ῥητῷ
1832 1981 1931 2048 τήν

283 2065 521 2124 διάνοιαν
598 2067 840 2137 ἐκζητεῖν
876 2111 890 2135 ,
949 2067 1039 2122 καὶ
1114 2068 1526 2143 συνηρτημένην
1605 2068 1769 2142 ἑαυτῇ
1845 2070 1935 2123 καὶ

283 2154 646 2227 συνᾴδουσαν,
694 2156 784 2210 καὶ
829 2156 893 2211 τὸ
942 2152 1113 2211 αἴτιον
1161 2152 1331 2219 ὅντως
1377 2154 1550 2212 αἷίτιον
1596 2155 1937 2233 ἁρμοδιώτα-

276 2266 400 2314 τον,
431 2245 521 2299 καὶ
552 2246 628 2317 μὴ
657 2245 795 2310 πρὸς
832 2240 1058 2306 ,ἀνοδίας
1103 2245 1192 2299 καὶ
1222 2246 1498 2321 κρημνοὺς
1544 2244 1934 2317 ἐκτοπίζεσθαι,

286 2336 393 2405 τὴν
423 2332 627 2397 εὐθεῖαν
659 2332 855 2394 ἐῶντας
884 2332 973 2387 καὶ
1005 2334 1244 2403 ἀπλανῆ,

359 2425 466 2501 κγ’.
503 2420 684 2479 Ἀλλά
726 2422 816 2477 καὶ
854 2422 915 2475 τὸ
959 2418 1269 2478 τελευταῖον
1312 2421 1485 2478 αὐτῶν
1532 2424 1621 2478 καὶ
1674 2421 1937 2494 δυσάντη-

286 2533 406 2583 τον,
433 2508 582 2568 τόδε“
615 2514 742 2572 Πῶς
796 2509 843 2564 εἴ
891 2507 981 2564 διὰ
1012 2515 1110 2565 τοῦ
1160 2511 1286 2565 Υἱοῦ
1336 2513 1399 2567 τὸ
1440 2517 1659 2585 Πνεῦμα
1691 2511 1853 2583 ἐστὶν,
1913 2512 1941 2565 6

290 2600 461 2678 σοφὸς
518 2597 771 2671 Ἰωάννης
824 2599 984 2677 φησὶν
1022 2643 1036 2668 ,
1094 2600 1189 2654 Ἐκ
1258 2605 1355 2654 τοῦ
1421 2602 1547 2655 Υἱοῦ
1602 2602 1666 2656 τὸ
1723 2605 1943 2674 Πνεῦμα

295 2690 376 2764 μὴ
434 2687 706 2764 λέγεσθαι,
761 2686 853 2744 κεί
905 2686 987 2742 ὅτι
1050 2686 1214 2760 μόνος
1274 2688 1447 2752 αἰτιος
1503 2692 1531 2746 6
1586 2689 1940 2766 Πατήρ;Εἷς

288 2778 457 2833 ταυτὸ
513 2777 618 2852 γὰρ
676 2776 1016 2852 συνάγουσιν,
1081 2777 1155 2839 ὡς
1208 2773 1374 2850 ἔοικε,
1431 2779 1494 2833 τὸ
1553 2777 1614 2834 ἐκ
1655 2783 1753 2834 τοῦ
1794 2778 1940 2850 Υἱοῦ,

291 2866 385 2921 καὶ
413 2866 501 2937 τὸ,
534 2862 605 2920 δι’
633 2865 780 2922 Υἱοῦ.
814 2868 933 2920 Ὅτι
987 2865 1080 2940 μὶν
1135 2863 1226 2919 οῦν
1257 2867 1286 2921 6
1334 2866 1514 2939 αὐτὸς,
1550 2868 1600 2921 εἷ
1644 2867 1734 2922 καὶ
1762 2866 1821 2922 ἐκ
1845 2871 1944 2922 τοῦ

294 2954 517 3030 Πατρὸς
549 2951 665 3008 οἶδε
690 2954 754 3007 τὸ
785 2958 1030 3027 Πνεῦμα,
1060 2952 1206 3026 πλὴν
1259 2953 1406 3010 ἀλλά
1455 2953 1526 3010 δι’
1573 2956 1721 3023 Υὶοῦ,
1772 2954 1941 3025 δῆλον

295 3042 351 3113 ἐξ
381 3043 456 3096 ὧν
517 3042 570 3097 ἐν
630 3040 824 3104 ἄλλοις
870 3042 1034 3120 φησὶν
1087 3042 1219 3100 αὐτὸ
1266 3045 1489 3117 Πνεῦμα
1539 3046 1688 3115 Υἱοῦ,
1732 3045 1840 3120 οὐχ
1869 3045 1945 3107 ὡς

296 3132 352 3203 ἐξ
383 3131 570 3204 αὐτοῦ,
619 3129 744 3186 ἀλλ’
793 3131 868 3193 ὡς
917 3128 987 3185 δι’
1037 3131 1205 3187 αὐτοῦ
1256 3131 1317 3189 ἐκ
1359 3137 1457 3188 τοῦ
1500 3135 1712 3207 Πατρὸς
1766 3132 1896 3188 ἐκπο
1926 3166 1948 3176 -

298 3219 615 3297 ρευόμενον,
676 3219 726 3291 ἐξ
786 3220 860 3274 ὧν
907 3241 967 3275 τε
1021 3221 1157 3297 πρὸς
1206 3220 1401 3298 Κύριον
1458 3221 1507 3277 ἐν
1542 3222 1732 3295 ὕμνοις
1795 3224 1896 3298 βοᾷ
1929 3267 1943 3292 ,

296 3306 494 3365 Ἰλεων
550 3310 737 3381 νέμοις
792 3311 928 3380 ἡμῖν
1004 3314 1231 3382 Πνεῦμα
1304 3308 1652 3393 μεταδοτικὸν
1726 3310 1889 3387 ἁγαθό
1919 3343 1941 3352 —
1976 3298 2019 3364 ί]

294 3418 467 3467 τητος
500 3442 514 3469 ,
574 3395 635 3451 ἐκ
690 3397 904 3472 Πατρὸς
966 3394 1054 3451 διὰ
1110 3402 1205 3452 σοῦ
1261 3398 1669 3474 προερχόμενον
1708 3445 1720 3455 .
1780 3400 1949 3474 Λέγο-

300 3506 399 3560 μεν
455 3482 515 3540 δὲ
543 3485 633 3539 καὶ
664 3487 845 3558 ἡμεῖς·
898 3485 973 3548 ὡς
1022 3484 1121 3540 οὐκ
1171 3485 1230 3541 ἂν
1282 3485 1342 3541 ἐκ
1385 3492 1482 3542 τοῦ
1515 3489 1641 3542 Υἱοῦ
1679 3507 1951 3565 προηγου-

301 3576 482 3649 μένως
502 3571 725 3649 λεχθείη
755 3574 818 3629 τὸ
848 3578 1071 3648 Πνεῦμα
1098 3574 1161 3628 τὸ
1210 3575 1387 3649 ἅγιον,
1434 3573 1559 3631 ἀλλ’
1592 3575 1651 3631 ἐκ
1690 3580 1788 3631 τοῦ
1838 3582 1950 3631 Ila-

294 3662 430 3740 τρὸς
486 3660 576 3717 διὰ
602 3666 700 3716 τοῦ
757 3661 885 3717 Υἷοῦ
916 3679 930 3694 ·
988 3663 1168 3739 χρεὼν
1226 3663 1330 3740 γὰρ
1397 3664 1785 3737 ὁμολογεῖσθαι
1850 3665 1949 3733 τὴν

299 3751 586 3827 Πατρικὴν
655 3749 975 3805 ὑπόσταστιν
1007 3795 1021 3820 ,
1078 3750 1258 3827 ἀρχὴν
1331 3753 1420 3807 καὶ
1478 3753 1650 3808 αἰτίαν
1712 3753 1799 3808 καὶ
1855 3757 1952 3808 τοῦ

298 3841 429 3895 Υἱοῦ
458 3839 549 3894 καὶ
589 3842 686 3894 τοῦ
733 3838 1052 3912 Πνεῦματος
1102 3839 1287 3898 αὐτοῦ.
1340 3840 1516 3904 Μόνος
1569 3842 1672 3918 γὰρ
1718 3837 1890 3903 αἴτιος
1923 3842 1951 3895 6

301 3930 517 4005 Πατὴρ,
552 3928 643 3983 καὶ
694 3927 794 3983 οὐκ
849 3928 908 3982 ἂν
970 3925 1053 3998 εἷίη
1115 3927 1285 3985 αἴτιον
1342 3929 1569 4007 ἀρχικὸν
1619 3931 1647 3984 6
1696 3931 1843 4002 Υἱὸς,
1877 3931 1950 3984 ὧν

299 4016 636 4079 αὖτοιαίτιος
686 4018 714 4071 6
776 4019 985 4088 Πατήρ.
1040 4017 1175 4072 Μίαν
1224 4020 1325 4095 γὰρ
1376 4020 1554 4095 ἀρχὴν
1598 4020 1688 4074 τὸν
1744 4020 1955 4095 Πατέρα

298 4108 393 4162 τὸν
452 4106 688 4181 ἄναρχον
752 4102 1150 4181 δογματίζομεν
1201 4108 1290 4162 καὶ
1338 4108 1564 4170 κτίσεως
1626 4108 1714 4163 καὶ
1763 4107 1951 4177 θεότη-

299 4216 419 4263 τος,
449 4202 554 4264 τῆς
583 4195 809 4257 κτίσεως
851 4202 1170 4267 ποιητικήν,
1221 4198 1451 4274 φυσικὴν
1500 4204 1602 4266 τῆς
1658 4196 1912 4268 θεότητος
1940 4240 1952 4253 .

301 4285 361 4337 '0
394 4284 492 4356 μὲν
538 4280 630 4337 οῦν
677 4282 737 4337 ἐκ
782 4288 878 4337 τοῦ
923 4284 1051 4338 Υἱοῦ
1095 4286 1159 4339 τὸ
1209 4289 1427 4356 Πνεῦμα
1469 4285 1679 4361 λέγων,
1722 4285 1953 4359 ὑποψίαν

303 4374 537 4448 παρέχει
573 4376 695 4445 τοῦ,
747 4372 837 4427 τὸν
896 4373 1014 4427 Υἱὸν
1075 4371 1417 4449 δογματίζειν
1468 4370 1665 4449 ἔχοντα
1712 4375 1773 4429 τὸ
1828 4395 1957 4447 προ-

305 4456 595 4530 ϐλητικὸν,
625 4460 700 4521 ὡς
731 4460 760 4514 6
793 4462 986 4534 Πατὴρ
1015 4462 1078 4516 τὸ
1124 4462 1463 4537 γεννητικόν.
1513 4463 1610 4517 Καὶ
1659 4461 1748 4518 διὰ
1795 4468 1958 4519 τοῦτο

307 4570 469 4628 φησιν
530 4550 559 4603 6
618 4554 762 4613 θεῖος
829 4549 986 4612 οὗτος
1043 4550 1220 4623 ἀνὴρ,
1282 4551 1365 4606 ὅτι
1425 4552 1519 4607 Ἐκ
1565 4557 1663 4606 τοῦ
1714 4553 1838 4610 Υἱοῦ
1894 4552 1958 4607 τὸ

2044 656 2212 711 Omne
2240 655 2433 709 datum
2485 655 2704 723 bonum,
2738 661 2789 708 et
2810 669 2967 708 omne
3015 652 3219 707 donum
3244 655 3548 724 perfectum
3596 653 3693 708 de-

2038 759 2208 814 super
2243 747 2320 798 est
2365 759 2437 799 ea:
2482 744 2648 798 Patre
2696 743 3019 796 luminum?
3047 741 3294 796 Lumina
3344 741 3439 796 hic
3484 746 3695 798 vocant

2043 829 2276 901 Filium,
2309 835 2366 885 et
2412 831 2714 903 Spiritum,
2762 829 2987 884 Patrem
3036 845 3170 885 vero
3219 845 3421 884 eorum
3469 830 3688 897 Deum;

2045 936 2147 975 nec
2199 919 2455 991 capiunt,
2490 919 2643 991 quod
2676 918 2724 973 si
2755 918 2909 972 Deus
2957 917 3209 989 Spiritus
3239 918 3408 974 Pater
3445 924 3556 990 est,
3590 934 3692 973 ne-

2042 1008 2294 1064 cessario
2348 1008 2601 1079 Spiritus
2630 1010 2784 1063 esset
2814 1005 3017 1074 Filius,
3049 1007 3220 1062 Pater
3257 1008 3412 1062 enim
3461 1007 3692 1079 proprie

2040 1095 2168 1151 Filii
2217 1100 2423 1168 pater:
2459 1099 2516 1151 et
2557 1095 2847 1168 quomodo
2896 1094 3156 1149 Verbum
3204 1096 3592 1167 unigenitum,
3637 1096 3689 1151 si

2041 1185 2297 1257 Spiritus
2312 1185 2488 1240 etiam
2514 1184 2692 1240 Filius
2714 1188 2805 1240 est
2825 1184 2853 1237 ‘I
2870 1184 2977 1239 Sed
3001 1185 3499 1255 quemadmodum
3520 1184 3689 1241 Pater

2044 1273 2489 1329 miserationum
2537 1273 2691 1329 Deus
2738 1278 2851 1340 est,
2897 1272 3074 1328 veluti
3124 1288 3303 1328 causa
3361 1273 3686 1329 miseratio-

2043 1378 2209 1428 num,
2241 1365 2298 1417 et
2344 1364 2533 1427 dator,
2565 1362 2650 1417 sic
2692 1365 2748 1417 et
2778 1362 2947 1417 Pater
2973 1359 3263 1416 luminum
3309 1366 3418 1426 est,
3454 1367 3512 1417 et
3551 1361 3690 1417 dici-

2042 1456 2139 1505 tur
2197 1467 2210 1505 :
2272 1451 2522 1506 Lumina
2576 1467 2707 1506 vero
2761 1450 3043 1505 universae
3108 1449 3565 1506 illuminationes
3621 1466 3691 1505 ex

2043 1539 2182 1606 Deo,
2242 1539 2523 1595 universa:
2592 1539 3037 1606 illustrationes,
3094 1538 3364 1594 universa
3436 1538 3693 1595 cmlestia

2045 1644 2309 1698 munera,
2344 1634 2401 1684 et
2445 1628 2721 1700 praeclara
2751 1644 3017 1699 quaeque,
3071 1628 3207 1682 data
3245 1631 3385 1683 sunt
3435 1627 3605 1699 bona,
3637 1630 3695 1683 et

2045 1717 2196 1772 dona
2250 1716 2504 1788 perfecta
2555 1734 2567 1784 ;
2628 1732 2946 1788 eorumque
3003 1715 3265 1772 omnium
3334 1715 3580 1788 genitor,
3636 1718 3695 1771 et

2043 1804 2320 1877 elargitor
2349 1805 2503 1861 Deus
2544 1822 2660 1860 non
2689 1805 3027 1860 hominibus
3057 1808 3310 1871 tantum,
3344 1804 3443 1860 sed
3490 1820 3691 1876 super-

2045 1895 2360 1949 mundanis
2415 1894 2690 1950 omnibus
2748 1893 3082 1948 virtutibus.
3135 1892 3438 1948 Sententia
3493 1893 3694 1963 itaque

2044 1983 2188 2039 locis
2217 1983 2277 2038 in
2327 1984 2601 2039 omnibus
2632 1999 2808 2038 sacrae
2855 1982 3167 2053 Scriptu‘raa
3197 1981 3351 2036 dicto
3389 1997 3650 2036 consona
3678 2006 3694 2049 ;

2044 2077 2101 2127 et
2146 2071 2496 2143 sibimetipsi
2546 2071 2863 2142 cohaerens,
2898 2071 3395 2143 respondensque,
3426 2074 3483 2125 et
3512 2085 3692 2125 causa

2046 2176 2179 2215 vere
2208 2177 2408 2227 causa,
2441 2158 3019 2231 familiarissimaque
3047 2158 3359 2230 querenda
3386 2162 3496 2225 est,
3529 2158 3696 2213 dede—

2048 2252 2254 2320 eetque
2319 2253 2532 2304 rectam
2619 2249 2770 2304 viam
2827 2248 3298 2319 inerrantemque
3363 2247 3695 2303 deserentes

2050 2338 2121 2393 ad
2153 2340 2485 2410 ‘praerupta,
2544 2337 3005 2409 confragosaque
3063 2336 3455 2408 nosmetipsos
3510 2335 3694 2406 conji-

2050 2442 2197 2482 cere.

2121 2516 2212 2569 ‘33.
2246 2518 2608 2570 Postremum
2640 2515 2998 2581 earumdem,
3027 2531 3094 2570 ac
3134 2513 3308 2586 plane
3338 2512 3576 2570 difﬁcile
3604 2530 3700 2569 ar-

2053 2607 2401 2677 gumentum
2455 2608 2545 2658 est
2575 2619 2590 2658 :
2620 2602 2919 2665 Quomodo
2951 2602 2999 2657 si
3050 2619 3150 2673 per
3185 2601 3397 2658 Filium
3446 2602 3701 2674 Spiritus

2054 2697 2291 2748 sanctus
2322 2697 2429 2757 est,
2458 2691 2695 2763 sapiens
2723 2691 2980 2747 Joannes
3007 2690 3201 2764 inquit
3230 2709 3243 2746 :
3281 2696 3367 2748 Ea:
3393 2692 3532 2748 Filio
3570 2691 3699 2763 Spi-

2052 2783 2227 2836 ritum
2254 2796 2365 2836 non
2393 2780 2524 2849 dici,
2554 2784 2611 2835 et
2659 2782 2886 2836 Patrem
2915 2781 3097 2836 solum
3124 2797 3351 2836 causam
3379 2797 3510 2836 esse.
3543 2779 3701 2835 Idem

2054 2870 2210 2925 enim
2256 2872 2478 2933 rentur,
2512 2873 2579 2924 ut
2625 2875 2885 2941 apparet,
2917 2886 2986 2925 ex
3033 2869 3195 2936 Filio,
3228 2874 3286 2925 et
3314 2886 3418 2941 per
3464 2867 3697 2925 Filium.

2052 2958 2334 3015 Joannem
2386 2958 2584 3028 itaque
2613 2956 2746 3014 licet
2776 2974 2842 3012 ex
2874 2962 3042 3014 Patre
3085 2958 3365 3030 Spiritum
3400 2957 3575 3026 dicat,
3609 2957 3699 3012 ni-

2056 3046 2373 3102 hilominus
2422 3063 2524 3118 per
2553 3046 2759 3102 Filium
2793 3047 3118 3119 agnovisse,
3149 3063 3217 3102 ex
3263 3046 3383 3101 illis
3411 3063 3537 3117 quae
3568 3043 3699 3102 aliis

2056 3136 2116 3190 in
2145 3135 2288 3191 locis
2336 3134 2498 3200 dicit,
2526 3134 2837 3191 manifesto
2886 3134 3233 3207 colligimus.
3264 3134 3527 3206 Namque
3566 3133 3701 3205 Spi-

2056 3224 2231 3280 ritum
2266 3225 2347 3280 ait
2382 3224 2505 3279 Filii
2537 3240 2651 3279 non
2700 3227 2978 3296 tanquam
3010 3240 3081 3279 ex
3109 3223 3257 3297 ipso,
3289 3224 3391 3279 sed
3420 3228 3702 3293 tanquam

2059 3331 2161 3386 per
2190 3314 2383 3385 ipsum
2414 3330 2483 3369 ex
2515 3314 2678 3369 Patre
2706 3314 3110 3384 procedentem
3136 3330 3149 3380 ;
3182 3317 3307 3369 tum
3337 3329 3407 3367 ex
3435 3310 3707 3383 illis,qui-

2061 3403 2170 3458 bus
2216 3403 2288 3457 ad
2339 3402 2647 3458 Dominum
2696 3403 2753 3456 in
2802 3402 3036 3474 hymnis
3085 3401 3345 3457 clamat:
3394 3401 3706 3472 PrOpitium

2059 3492 2322 3547 exhibeas
2350 3492 2507 3546 nobis
2536 3490 2831 3562 Spiritum,
2863 3493 2958 3561 qui
2989 3490 3291 3546 bonitatem
3319 3491 3605 3559 elargitur,
3638 3504 3707 3543 ex

2060 3587 2228 3637 Patre
2270 3597 2375 3651 per
2422 3590 2474 3635 te
2518 3579 2914 3651 procedentem.
2947 3580 3063 3635 Nos
3106 3595 3340 3651 quoque
3387 3577 3706 3634 asserimus

2062 3686 2363 3740 nunquam
2390 3685 2457 3724 ex
2486 3667 2628 3724 Filio
2654 3669 3062 3724 antecedenter
3089 3669 3202 3723 dici
3234 3684 3405 3740 posse
3425 3667 3707 3739 Spiritum

2062 3764 2349 3825 sanctum,
2383 3757 2482 3813 sed
2533 3774 2600 3813 ex
2625 3761 2793 3813 Patre
2825 3773 2927 3828 per
2972 3756 3184 3812 Filium
3213 3775 3227 3823 ;
3259 3772 3513 3828 namque
3544 3772 3704 3811 asse-

2063 3847 2244 3903 renda
2271 3850 2361 3901 est
2407 3845 2652 3901 Paterna
2680 3846 3012 3917 hypostasis
3041 3846 3396 3917 principium
3440 3849 3497 3902 et
3527 3861 3706 3901 causa

2063 3941 2120 3991 et
2150 3934 2276 3991 Filii
2307 3940 2365 3990 et
2415 3935 2601 4006 ipsius
2630 3934 2903 4007 Spiritus.
2935 3933 3100 4005 Solus
3131 3938 3284 3990 enim
3335 3935 3500 3991 Pater
3527 3951 3706 3991 causa

2063 4028 2172 4093 est,
2206 4022 2502 4094 Filiusque
2551 4040 2847 4095 nunquam
2882 4023 3108 4079 dicetur
3149 4024 3341 4095 prima
3389 4040 3568 4079 causa
3612 4040 3706 4078 eo-

2064 4130 2194 4167 rum
2244 4128 2490 4184 quorum
2542 4112 2668 4183 ipsa
2710 4129 2889 4168 causa
2939 4113 3108 4167 Pater
3157 4116 3262 4167 est.
3310 4111 3502 4167 Unum
3549 4110 3708 4166 enim

2066 4200 2420 4274 principium
2468 4201 2716 4265 Patrem,
2750 4201 2852 4273 qui
2882 4200 3009 4257 sine
3060 4200 3347 4273 principio
3373 4206 3480 4265 est,
3513 4201 3708 4255 decer-

2067 4289 2282 4357 nimus,
2342 4294 2399 4345 et
2477 4293 2773 4357 creaturae,
2831 4295 2890 4345 et
2961 4289 3306 4353 divinitatis,
3383 4287 3710 4343 etfectivum

2066 4382 2366 4447 creaturae,
2397 4378 2721 4434 divinitatis
2770 4378 3055 4434 naturale.
3088 4378 3195 4440 Qui
3245 4377 3439 4448 itaque
3469 4393 3535 4432 ex
3568 4375 3711 4431 Filio

2068 4468 2348 4539 Spiritum
2397 4468 2630 4537 astruit,
2678 4468 3071 4539 suspicionem
3120 4466 3327 4537 injicit,
3375 4482 3446 4520 ne
3500 4465 3711 4519 Filium

2069 4561 2293 4613 asserat
2320 4555 2438 4611 vim
2495 4556 2848 4626 producendi
2881 4556 2939 4610 in
2972 4571 3035 4610 se
3066 4555 3299 4621 habere,
3333 4554 3713 4625 quemadmo-

312 4641 533 4710 Πνεῦμα
576 4636 637 4691 οὐ
697 4635 952 4712 λὲγομεν.
1011 4639 1067 4691 Ὁ
1125 4636 1183 4693 δὲ
1239 4636 1412 4715 λέγων
1476 4640 1535 4695 ἐκ
1588 4646 1684 4696 τοῦ
1745 4641 1957 4718 Πατρὸς

2071 4645 2208 4700 dum
2248 4645 2424 4700 habet
2456 4644 2620 4699 Pater
2648 4644 2760 4699 vim
2811 4644 3149 4715 generandi.
3181 4644 3605 4714 Proptereaque
3633 4641 3717 4696 di-

307 4727 372 4779 τὸ
430 4728 652 4797 Πνεῦμα
684 4722 773 4780 διὰ
826 4732 922 4781 τοῦ
983 4726 1128 4797 Υἱοῦ,
1186 4726 1483 4803 προδήλως
1543 4729 1829 4806 ὁμολογεῖ,
1867 4731 1957 4784 τὸν

312 4814 523 4888 Πατέρα
573 4813 739 4886 μόνον
796 4812 966 4869 αἷίτιον
1013 4815 1147 4869 εἶναι
1193 4823 1295 4886 τῆς
1347 4822 1444 4872 τοῦ
1500 4819 1813 4891 Πνεῦματος
1873 4818 1960 4873 ἐκ·

312 4902 644 4977 πορεύσεως.
691 4904 872 4958 Πάντα
898 4904 1002 4979 γὰρ
1041 4902 1140 4958 ὅσα
1183 4901 1299 4980 ἔχει
1350 4906 1378 4960 6
1435 4907 1573 4977 Υἱὸς,
1626 4906 1797 4969 οὕτως
1846 4903 1961 4982 ἔχει

313 4985 499 5045 λαϐὼν
552 4989 687 5045 αὐτὰ
729 4992 876 5066 παρά
926 4996 1022 5047 τοῦ
1069 4994 1299 5067 Πατρὸς,
1355 4993 1633 5058 οὖσιωδῶς
1683 4991 1964 5066 δηλονότι,

310 5079 404 5135 καὶ
436 5084 696 5157 φυσικῶς,
719 5080 795 5143 ὡς
826 5080 1029 5156 κυρίως
1061 5082 1182 5144 Υἱὸς
1212 5082 1271 5137 ἐκ
1295 5082 1495 5159 κυρίως
1517 5085 1751 5160 Ματρὸς.

388 5343 486 5402 κδ’.
526 5346 586 5402 Εἰ
620 5343 681 5402 δὲ
706 5348 797 5403 καὶ
837 5353 917 5420 τῷ
967 5350 1097 5425 ἰερῷ
1142 5345 1421 5422 Συμϐόλῳ
1471 5353 1572 5421 τῆς
1604 5351 1833 5413 πίστεως
1873 5351 1972 5407 οὐκ

316 5434 778 5513 ἐμπεριείληπται
824 5438 888 5493 τὸ
948 5435 1017 5493 δι’
1067 5440 1192 5494 Υἱοῦ
1247 5440 1310 5493 τὸ
1342 5444 1564 5513 Πνεῦμα
1616 5441 1679 5495 τὸ
1732 5441 1879 5515 ἅγιον
1914 5440 1973 5495 ἐκ

313 5528 415 5579 τοῦ
473 5525 686 5600 Πατρὸς
743 5524 1147 5603 ἐκπορεύεσθαι,
1215 5528 1474 5601 θαυμάζει
1535 5528 1597 5583 οὐ
1651 5532 1761 5604 χρή
1801 5572 1814 5585 .
1874 5529 1970 5584 Καὶ

313 5609 475 5691 ’ἔτερα
529 5614 633 5691 γὰρ
691 5618 796 5669 τῶν
854 5615 1156 5692 ἀναγκαίων
1211 5615 1273 5671 οῦ
1330 5616 1573 5694 περιέχει
1630 5618 1694 5673 τὸ
1749 5613 1970 5690 Σύμϐο-

318 5704 439 5783 λον,
487 5703 581 5762 καὶ
620 5704 686 5762 τὸ
733 5700 799 5779 δὴ
851 5704 1293 5786 ἀναγκαιότατον,
1341 5706 1516 5766 ὅτιτὸ
1566 5707 1721 5793 ἅγιον
1749 5711 1968 5791 Πνεῦμα

2069 4734 2244 4788 vinus
2272 4733 2365 4787 hic
2395 4733 2482 4787 vir
2529 4733 2609 4787 ait
2644 4758 2656 4786 :
2693 4734 2773 4786 Ea:
2802 4732 2953 4787 Filio
2987 4732 3258 4802 Spiritum
3303 4747 3413 4785 non
3460 4730 3713 4785 dicimus.

2074 4823 2181 4888 Qui
2235 4838 2367 4876 vero
2398 4821 2539 4891 dicit
2585 4821 2864 4892 Spiritum
2895 4838 2963 4876 ex
3009 4820 3176 4875 Patre
3206 4836 3310 4891 per
3362 4818 3592 4888 Filium,
3624 4835 3721 4890 pa-

2076 4911 2189 4967 lam
2240 4910 2453 4965 fatetur
2485 4914 2711 4965 Patrem
2743 4909 2930 4964 solum
2964 4924 3199 4963 causam
3247 4925 3375 4964 esse
3408 4906 3721 4979 processio-

2077 5000 2168 5055 nis
2218 4999 2488 5070 Spiritus.
2537 4998 2902 5069 Quaecunque
2960 4997 3115 5053 enim
3168 4997 3346 5051 habet
3392 4997 3593 5068 Filius,
3641 4995 3725 5050 ita

2076 5088 2251 5143 habet
2302 5091 2361 5141 ut
2391 5086 2679 5157 accipiens
2727 5102 2794 5141 ea
2834 5083 2867 5140 a
2898 5087 3089 5150 Patre,
3139 5084 3528 5141 essentialiter
3574 5082 3727 5139 scili-

2078 5181 2190 5241 cet,
2246 5179 2303 5230 et
2362 5173 2726 5242 naturaliter,
2787 5180 3071 5244 tanquam
3135 5174 3367 5245 prOprie
3431 5172 3607 5227 Filius
3656 5187 3737 5239 ex,

2079 5264 2310 5337 preprie
2341 5263 2526 5318 Patre.

2147 5355 2237 5408 24.
2290 5353 2528 5407 Etiamsi
2589 5368 2721 5407 vero
2772 5351 2831 5406 in
2881 5369 3044 5406 sacro
3113 5350 3384 5423 Symbolo
3435 5349 3565 5405 fidei
3612 5365 3728 5404 non

2081 5440 2608 5513 comprehendatur
2657 5456 2760 5511 per
2808 5440 3017 5496 Filium
3063 5440 3337 5511 Spiritum
3388 5444 3657 5494 sanetum
3697 5454 3733 5493 a

2083 5535 2245 5586 Patre
2294 5529 2622 5602 procedere,
2652 5545 2767 5583 non
2800 5534 2906 5597 est,
2940 5546 3045 5584 cur
3092 5530 3467 5584 admiremur.
3503 5528 3644 5585 Nam
3677 5530 3735 5582 et

2082 5619 2196 5675 alia
2228 5636 2296 5674 ex
2349 5617 2697 5673 necessariis
2729 5617 3071 5691 Symbolum
3103 5634 3217 5674 non
3269 5617 3546 5683 continet,
3578 5620 3637 5670 et
3675 5615 3733 5670 id

2082 5708 2240 5794 quod
2289 5705 2540 5768 maxime
2567 5705 2830 5768 omnium
2879 5705 3276 5785 necessarium
3310 5709 3418 5778 est,
3450 5703 3734 5781 Spiritum
