4110 6422
486 416 605 483 359

1740 420 2158 485 NICEPHORI
2204 416 2641 485 BLEMMIDIE
2695 382 2767 453 ⁸

3770 415 3895 489 860

480 553 703 611 scilicet
749 557 1017 610 sanctum
1049 558 1231 609 Deum
1281 569 1430 623 esse,
1462 554 1726 624 ejusdem
1773 571 1906 610 cum
1955 554 2120 611 Patre

2235 554 2388 624 Θεὸς,
2448 553 2538 607 καὶ
2578 551 2873 627 ὁμοούσιον
2906 557 2983 625 τῷ
3014 551 3186 630 Ιῐατρί
3214 572 3273 609 τε
3301 552 3390 609 καὶ
3435 558 3513 626 τῷ
3550 554 3679 627 Υἱῷ.
3714 556 3812 610 Διὰ
3838 558 3892 611 τί

477 647 537 698 et
563 642 703 698 Filio
749 642 1035 698 essentia.
1069 647 1311 714 Propter
1339 644 1481 714 quid
1530 643 1687 699 enim
1719 644 1929 699 Filium
1961 660 2118 699 asse-

474 735 636 786 verat
681 729 782 785 Dei
814 729 1048 799 Filium,
1079 736 1134 785 et
1165 735 1300 786 ante
1349 731 1561 787 saecula
1609 733 1806 787 omnia
1853 733 2120 804 genitum

474 835 546 874 ex
572 820 763 885 Patre,
797 835 983 890 neque
1033 819 1143 875 hoc
1175 819 1390 885 solum,
1423 821 1521 875 sed
1563 821 1743 877 Deum
1791 838 1995 877 rursus
2026 837 2121 878 ve-

475 923 630 975 rum,
663 912 721 963 et
753 908 901 962 Patri
933 908 1609 973 consubstiantialem,et
1639 910 1711 964 de
1742 910 1959 981 Spiritu
1994 927 2125 964 san-

475 1002 567 1052 cto
620 994 766 1051 nihil
825 995 941 1051 tale
988 997 1362 1068 prosequitur
1403 1016 1416 1064 ;
1467 998 1567 1053 sed
1619 1002 1823 1069 postea
1868 1014 2003 1052 cum
2052 998 2123 1053 de

474 1083 638 1140 illius
686 1085 940 1140 essentia
971 1090 1028 1140 et
1080 1084 1384 1140 divinitate
1415 1085 1582 1141 multi
1630 1086 1879 1143 fuissent
1919 1087 2123 1159 agitati

475 1188 799 1241 sermones,
849 1177 976 1227 tum
1024 1174 1335 1229 Dominum
1404 1175 1599 1247 ipsum
1650 1180 1834 1237 vocat,
1884 1180 1941 1229 et
1986 1191 2120 1229 cum

471 1263 661 1328 Patre,
692 1268 751 1318 et
783 1262 926 1317 Filio
977 1262 1153 1318 simul
1185 1263 1438 1333 adorari,
1469 1268 1526 1319 et
1567 1263 1990 1335 congloriticari
2019 1264 2119 1318 de—

468 1350 666 1407 clarat.
700 1354 906 1406 Annon
962 1352 1170 1406 exinde
1190 1353 1319 1422 jam
1378 1352 1683 1407 manifeste
1712 1352 2123 1407 confitebimur

463 1439 744 1511 Spiritum
777 1443 1045 1495 sanctum
1078 1439 1261 1495 Deum
1293 1441 1467 1496 esse?
1496 1440 1833 1507 etiamnc,si
1867 1440 2120 1495 consub-

466 1527 801 1584 stantialem
853 1528 1241 1599 praedicemus
1273 1527 1413 1598 illis,
1448 1530 1800 1600 quibuscum
1844 1529 2122 1583 adoretur

467 1621 525 1673 et
573 1616 1063 1689 congloriﬁcatur,
1118 1617 1188 1671 de
1235 1616 1511 1672 innovate
1557 1617 1689 1672 ﬁdei
1761 1617 2119 1689 professione

456 1705 749 1777 judicium
809 1705 1192 1761 subibimus‘?
1222 1710 1281 1763 et
1337 1706 1469 1777 quis
1528 1723 1682 1761 sanas
1741 1706 1954 1762 mentis
2012 1706 2119 1761 hoc

467 1794 726 1850 dixerit?
751 1794 868 1849 Hoc
917 1793 1097 1865 igitur
1129 1795 1300 1849 modo
1331 1794 1478 1849 nihil
1510 1800 1718 1866 praeter
1748 1795 1835 1849 fas
1867 1812 2116 1850 morem-

2230 644 2331 716 γὰρ
2361 642 2452 695 τὸν
2504 642 2598 715 μὲν
2651 643 2772 697 Υῖὸν
2820 642 3131 717 ἀναγορεύει
3181 647 3316 697 Θεοῦ
3364 643 3508 711 Υἱὸν,
3562 644 3654 698 καὶ
3699 664 3891 718 γεννη-

2234 731 2389 793 θέντα
2418 732 2523 806 πρὸ
2565 730 2780 786 πάντων
2832 735 2940 785 τῶν
2993 730 3206 786 αἰώνων
3259 730 3320 786 ἐκ
3362 735 3459 786 τοῦ
3511 733 3747 806 Ιιατρὸς,
3796 733 3887 787 καὶ

2233 817 2294 873 ού
2322 822 2490 874 ταῦτα
2540 820 2726 893 μόνον,
2769 816 2915 874 ἀλλὰ
2961 821 3050 874 καὶ
3097 820 3227 875 Θεὸν
3269 817 3419 881 αὖθις
3465 819 3747 893 ἀληθινὸν,
3795 820 3886 876 καὶ

2233 907 2525 978 ὁμοούσιον
2565 912 2645 979 τῷ
2694 907 2888 982 ΙΙατρὶ,
2940 908 3063 976 περὶ
3113 904 3171 962 δὲ
3217 912 3314 962 τοῦ
3367 908 3519 984 ἁγίου
3564 908 3887 981 ΙΙνεύματος

2232 992 2385 1050 οὐδὲν
2417 1001 2661 1051 τοιοῦτον
2706 994 2970 1068 διέξεισιν,
3019 995 3145 1052 ἀλλ’
3193 996 3436 1073 ὕστερον,
3487 995 3575 1052 ὅτε
3620 998 3745 1074 περὶ
3782 1001 3885 1067 τῆς

2231 1084 2414 1147 οὐσίας
2473 1085 2637 1139 αὐτοῦ
2694 1086 2782 1139 καὶ
2839 1085 3097 1155 θεότητος
3153 1083 3321 1160 λόγος
3381 1085 3621 1161 ὶγεγόνει
3668 1085 3885 1156 πολὺς,

2228 1174 2352 1228 τότε
2384 1173 2578 1247 Κύριον
2611 1173 2741 1228 αὐτὸ
2771 1172 2949 1243 καλεῖ,
2980 1174 3070 1227 καὶ
3115 1177 3195 1246 τῷ
3244 1176 3417 1250 Ιιατρὶ
3463 1175 3553 1229 καὶ
3604 1175 3716 1247 Υίῖρ
3744 1196 3884 1250 συμ-

2229 1263 2702 1336 προσκυνούμενον
2739 1306 2753 1331 ,
2813 1263 2902 1317 καὶ
2968 1259 3418 1335 συνδοεαζόμενον
3476 1263 3833 1343 ἀποφαίνεται
3869 1308 3884 1321 .

2232 1350 2469 1426 Πότερον
2532 1350 2769 1405 ἐντεῦθεν
2828 1350 2936 1426 ούχ
3002 1349 3424 1427 ὁμολογήσομεν
3483 1350 3629 1406 οὕτω
3675 1356 3886 1430 σαφῶς,

2229 1438 2355 1493 Θεὸν
2398 1439 2533 1492 εἶναι
2570 1440 2633 1493 τὸ
2666 1443 2891 1512 Πνεῦμα
2919 1437 2982 1494 τὰ
3016 1440 3165 1515 ἅγιον
3200 1458 3213 1508 ;
3256 1440 3291 1508 ἢ
3323 1440 3412 1494 καὶ
3445 1439 3740 1513 ὁμοούσιον
3783 1461 3886 1512 κη-

2231 1527 2535 1601 ρύττοντες,
2599 1529 2679 1589 οἷς
2750 1532 3241 1602 συμπροσκυνεῖται
3295 1528 3386 1582 καὶ
3457 1525 3833 1600 συνδοξάζεται
3869 1575 3884 1601 ,

2231 1613 2429 1690 λόγους
2473 1616 2826 1688 καινοτομίας
2880 1616 2955 1678 εἷς
3001 1619 3101 1685 τὴν
3140 1623 3242 1686 τῆς
3292 1616 3528 1678 πίστεως
3577 1616 3886 1693 ὁμολογίαν

2231 1704 2493 1781 ὑφέξομεν
2531 1705 2664 1773 ;καὶ
2710 1706 2795 1767 τίς
2860 1704 2919 1760 ἂν
2975 1702 3118 1760 εἷ’ποι
3175 1709 3339 1760 τοῦτο
3396 1709 3609 1784 φρονῶν
3666 1706 3883 1781 ὺγιῶς;

2228 1792 2411 1855 Οὕτως
2457 1791 2548 1847 οὗν
2606 1791 2758 1848 οὐδὲν
2812 1793 3064 1864 ἐξαίσιον,
3097 1793 3142 1848 εί
3184 1793 3274 1848 καὶ
3298 1795 3396 1862 τήν
3431 1792 3743 1870 έκπόρευσιν
3785 1798 3885 1849 τοῦ

470 1898 586 1955 que
636 1883 876 1950 accidet,
935 1882 984 1937 si
1031 1888 1087 1937 et
1136 1883 1505 1954 processione
1556 1884 1821 1954 ejusdem
1866 1885 2118 1955 Spiritus

2230 1880 2391 1935 αὐτοῦ
2453 1882 2772 1953 Ιινεύματος
2833 1883 2884 1937 οἱ
2940 1882 3065 1938 τότε
3142 1883 3238 1956 μὶν
3293 1883 3529 1955 Ῑῐατέρες
3585 1880 3676 1937 διά
3729 1904 3886 1946 τινας

472 1970 558 2025 illi
606 1971 843 2042 quidem
895 1970 1115 2039 Patres,
1147 1970 1247 2042 qui
1300 1976 1424 2026 tum
1476 1972 1815 2037 ﬂoruerunt,
1861 1988 1999 2027 suas
2048 1973 2120 2027 ob

471 2074 681 2115 causas
710 2057 1073 2115 enucleatius
1104 2058 1566 2132 explicatiusque
1589 2077 1703 2115 non
1731 2062 2121 2116 tradiderunt.

467 2147 585 2204 Vos
614 2151 811 2204 autem
844 2148 1113 2220 praesenti
1144 2148 1425 2219 temporis
1457 2149 1768 2206 occasione
1802 2151 1871 2204 ad
1907 2149 2123 2206 multas

466 2241 669 2308 gentes
718 2237 788 2292 ad
820 2236 1099 2292 unionem
1149 2236 1207 2290 in
1241 2236 1476 2293 Christo
1510 2237 1935 2309 pertrahendas
1986 2255 2121 2310 pro-

465 2324 653 2382 vocati
685 2324 1002 2381 dilucidius
1032 2326 1298 2381 eamdem
1330 2326 1629 2397 exponetis
1656 2345 1668 2394 ;
1703 2343 1824 2395 vos,
1860 2327 2123 2399 inquam,

466 2413 732 2484 ejusdem
789 2413 1061 2485 Spiritus,
1124 2418 1180 2469 et
1240 2414 1490 2485 perfecte
1545 2415 1784 2470 Patrum
1842 2416 2127 2487 sapientia

469 2502 895 2574 sanctitateque
941 2501 1286 2569 illustrium,
1341 2508 1397 2557 et
1443 2503 1598 2558 fama
1655 2502 2118 2559 clarissimorum

472 2591 748 2663 dogmata
797 2596 1132 2662 sequentes,
1182 2606 1311 2662 quae
1363 2592 1436 2646 ab
1486 2591 1613 2663 ipso
1665 2592 1831 2646 initio
1880 2593 1951 2647 ad
2003 2593 2125 2649 haec

474 2695 664 2751 usque
711 2683 974 2751 tempora
1002 2679 1185 2751 culpae
1232 2680 1764 2750 reprehensionem,
1796 2686 1853 2737 et
1894 2683 2117 2738 calum-

478 2768 709 2823 niarum
759 2767 992 2824 aculeos
1022 2768 1260 2824 omnino
1311 2769 1660 2840 effugerunt.
1694 2770 1797 2825 His
1849 2769 2127 2825 Tarasius

483 2856 895 2914 sanctissimus
951 2863 1007 2912 et
1056 2874 1248 2912 rerum
1308 2857 1638 2912 divinarum
1698 2858 2127 2931 scientissimus

480 2946 664 3002 fultus
716 2963 781 3001 ac
813 2946 1214 3014 confirmatus,
1245 2961 1314 3000 ex
1342 2946 1511 3001 Patre
1564 2963 1664 3017 per
1694 2947 1899 3002 Filium
1935 2964 2127 3019 proce-

480 3035 712 3091 dentem
764 3035 1048 3106 Spiritum
1099 3038 1393 3104 sanctum,
1434 3033 1628 3089 libello
1677 3035 1953 3106 synodico
1997 3036 2121 3105 jam

2232 1969 2405 2031 αἰτίας
2473 1970 2535 2024 ού
2591 1967 2995 2045 διηυκρίνησαν.
3053 1975 3157 2025 Νῦν
3205 1969 3275 2026 ’δὲ
3334 1976 3524 2048 καιροῦ
3579 1970 3884 2034 καλοῦντος

2236 2058 2377 2129 ὑμᾶς
2409 2057 2495 2112 ἐπὶ
2543 2057 2792 2122 πολλοὺς
2841 2058 3008 2122 λαοὺς
3054 2059 3127 2121 εἷς
3155 2061 3255 2128 τήν
3303 2061 3439 2115 κατά
3487 2061 3717 2136 Χριστὸν
3750 2060 3885 2133 ὁμόα

2231 2167 2378 2200 νοιαν
2441 2146 2830 2224 ἐφελκύσασθαι
2881 2145 3242 2223 διαρθρώσετε
3290 2149 3444 2222 ὑμεῖς
3495 2149 3547 2203 οἱ
3587 2152 3686 2204 τοῦ
3716 2149 3886 2204 αὐτοῦ

2236 2233 2548 2308 Ιῐνεύματος
2596 2235 2820 2299 ἐντελῶς
2863 2241 2983 2298 τοῖς
3012 2241 3120 2290 τῶν
3164 2235 3250 2290 ἐπὶ
3301 2236 3465 2314 σοφίᾳ
3494 2237 3583 2292 καὶ
3634 2237 3886 2314 ἁγιότητι

2232 2324 2511 2399 περιόπτω
2571 2325 2658 2379 καὶ
2712 2324 3056 2401 περιπύστων
3102 2324 3359 2401 Πατέρων
3419 2326 3676 2398 ἑπόμενοι
3736 2324 3888 2404 δόγ-

2238 2433 2418 2485 μασιν,
2470 2416 2553 2475 οἷς
2610 2413 2845 2488 ἀρχῆθεν
2898 2414 2988 2469 καὶ
3034 2410 3139 2476 ἕως
3186 2416 3345 2487 ἡμῶν
3386 2415 3450 2469 τὸ
3492 2416 3666 2486 πάντη
3699 2415 3895 2471 ἀνεπί-

2235 2500 2443 2572 ληπτον
2504 2505 2912 2578 συντετήρηται.
2963 2504 3060 2564 Οἷς
3115 2503 3205 2557 καὶ
3261 2503 3525 2579 Ταράσιος
3574 2504 3604 2559 ὁ
3652 2506 3892 2579 ἁγιώτα-

2232 2611 2345 2659 τος,
2395 2589 2485 2645 καί
2537 2592 2605 2645 τὰ
2648 2596 2763 2655 θεῖα
2812 2592 3126 2668 σοφώτατος
3168 2590 3538 2667 ὠχυρωμένος
3593 2593 3683 2648 καὶ
3715 2591 3891 2669 ἡδρα-

2236 2679 2452 2751 σμένος,
2488 2677 2547 2733 ἐκ
2600 2684 2698 2733 τοῦ
2757 2681 2972 2751 ιῐατρὸς
3025 2676 3096 2734 δι’
3155 2680 3282 2734 Υἱοῦ
3335 2680 3766 2757 ἐκπορευόμενον
3822 2683 3891 2737 τὸ

2237 2772 2459 2840 Πνεῦμα
2506 2769 2567 2822 τὸ
2617 2769 2770 2842 ἅγιον
2818 2768 3215 2843 προανεκήρυξε
3269 2766 3359 2823 διὰ
3415 2764 3680 2825 λιϐέλλου
3732 2791 3890 2825 συνο-

2236 2855 2410 2914 δικοῦ.
2457 2858 2554 2911 Καὶ
2603 2857 2663 2911 τὸ
2709 2857 3071 2934 ἀκροατήριον
3118 2858 3492 2931 οίκουμενικὸν
3540 2859 3629 2913 καὶ
3684 2860 3890 2935 παγκό-

2237 2965 2417 3017 σμιον,
2449 2946 2539 3000 καὶ
2570 2942 2747 3007 οὐδεὶς
2794 2951 2900 3006 τῶν
2944 2947 3189 3001 ἁπάντων
3238 2949 3337 3017 τῆς
3385 2946 3546 3002 αὐτοῦ
3585 2944 3886 3024 Θεολογίας

2239 3028 2585 3088 ἐπιλαϐέσθαι
2615 3032 2974 3107 τετόλμηκεν.

480 3123 667 3179 multo
698 3128 831 3179 ante
862 3123 1055 3195 palam
1104 3127 1417 3195 aperteque
1464 3123 1764 3194 professus
1808 3125 1954 3191 fuit;
1988 3128 2163 3196 atque
2208 3124 2266 3179 id
2314 3124 2371 3179 in
2422 3124 2733 3180 universali
2775 3127 2956 3181 totius
3009 3124 3166 3181 orbis
3212 3130 3497 3181 terrarum
3549 3126 3887 3195 auditorio;

474 3228 581 3268 nec
612 3212 927 3285 quisquam
983 3212 1223 3267 omnino
1254 3227 1323 3267 ex
1352 3212 1624 3267 omnibus
1686 3212 1793 3267 fuit
1822 3212 1922 3283 qui
1955 3214 2082 3282 ejus
2107 3212 2429 3268 doctrinam
2487 3213 2560 3268 de
2612 3212 2727 3268 Deo
2786 3213 3228 3286 reprehendere,
3260 3230 3327 3269 ac
3375 3213 3425 3269 ei
3485 3214 3887 3272 contradicere

474 3316 659 3356 ausus
686 3306 795 3357 est.

545 3390 636 3445 25.
668 3389 944 3454 Quamvis
997 3388 1298 3446 nonnullis
1328 3389 1512 3445 nostri
1564 3391 1843 3462 temporis
1892 3393 2124 3463 sapien-
2158 3393 2201 3458 Ο

471 3478 632 3533 tibus
662 3494 778 3534 non
810 3477 1057 3533 defuerit
1089 3476 1342 3546 solertia,
1378 3479 1520 3548 quin
1552 3479 1730 3534 etiam
1762 3478 1854 3534 hic
1894 3486 2121 3533 contra-

472 3566 704 3621 dicendi
735 3582 909 3621 ansas
947 3566 1294 3620 inveuerunt
1324 3584 1337 3634 ;
1373 3566 1579 3621 dicunt
1608 3567 1762 3621 enim
1804 3567 2123 3624 Orientales

474 3671 543 3711 ea
571 3672 697 3727 quis
744 3653 803 3709 in
834 3652 1030 3709 libello
1079 3658 1268 3723 erant,
1297 3653 1530 3710 silentio
1575 3671 1681 3709 suo
1734 3655 2119 3728 improbasse,

474 3760 608 3799 cum
657 3742 715 3798 in
764 3759 872 3798 sua
938 3742 1070 3797 ﬁdei
1122 3742 1481 3814 professione
1530 3743 1698 3811 illud,
1740 3762 1842 3814 per
1890 3748 2118 3817 Filium,

475 3831 797 3888 omiserint.
848 3830 1289 3898 Verumtamen,
1336 3848 1463 3904 quae
1511 3832 1597 3887 vis
1644 3833 1780 3888 inde
1827 3835 2118 3889 contradi-

474 3920 650 3976 ctioni
696 3919 889 3990 fuerit,
922 3919 971 3974 si
1018 3919 1345 3974 beatissimi
1401 3920 1713 3992 Sophronii
1762 3927 1983 3978 tornum
2034 3922 2119 3978 illi

471 4013 756 4079 tenentes,
788 4008 1077 4064 miserunt
1132 4008 1258 4063 sine
1289 4007 1409 4063 ulla
1435 4009 1867 4076 immutatione,
1904 4017 1968 4066 ut
2013 4027 2120 4083 par

469 4103 612 4164 erat,
661 4104 1105 4165 conservatum;
1138 4113 1272 4151 cum
1319 4097 1481 4152 nulla
1512 4103 1749 4169 urgeret
1797 4101 2117 4155 necessitas

468 4186 879 4259 interpolandi,
914 4185 1463 4257 contradicendique
1490 4185 1561 4240 iis
1595 4204 1723 4257 quae
1751 4187 1863 4258 ipsi
1895 4205 2119 4259 recepe-

467 4281 619 4332 rant.
656 4276 771 4331 Hoc
817 4274 1112 4347 quispiam
1161 4274 1449 4341 ostendat,
1486 4275 1543 4329 in
1598 4274 1855 4347 aliquam
1907 4276 2114 4332 saltem

464 4364 554 4421 vel
602 4365 965 4421 levissimam
1009 4362 1521 4435 reprehensionem
1582 4364 1924 4434 patriarcha:
1972 4366 2115 4420 seri-

465 4459 632 4527 ptum
667 4454 1003 4509 incurrisse.
1032 4452 1089 4507 Id
1120 4451 1172 4508 si
1202 4469 1317 4508 non
1352 4453 1828 4524 possunt,dicant
1856 4454 2113 4527 interim,

466 4561 659 4599 annon
711 4541 984 4598 laudibus
1016 4540 1219 4597 multis
1273 4540 1662 4612 maximisque
1691 4541 1838 4597 illud
1870 4544 2115 4615 dignum

465 4633 777 4696 duxerunt,
811 4630 1167 4703 speculativa
1195 4633 1251 4685 et
1284 4629 1482 4685 divina
1510 4630 1755 4686 scientia
1786 4631 2114 4689 instructis-

467 4721 629 4777 sima:
653 4718 1137 4776 considerationis
1158 4719 1482 4773 sacrarium
1520 4718 1574 4773 id
1599 4734 1727 4774 esse
1748 4722 2113 4790 conﬁtentes,
2150 4756 2195 4823 Β

450 4812 629 4883 quod
680 4814 939 4865 exactam
971 4814 1027 4863 et
1078 4807 1354 4862 divinitus
1386 4806 1731 4879 inspiratam
1767 4814 1935 4864 rectae
1988 4811 2120 4866 fidei

468 4897 866 4964 traditionem,
926 4896 1433 4967 clarissimamque
1515 4896 1993 4967 apostolicorum,
2054 4917 2121 4955 ac

469 4990 841 5058 paternorum
876 4986 1218 5056 dogmatum
1249 4983 1719 5055 explanationem
1744 4987 1825 5040 uti
1860 4985 2001 5043 solis
2033 5006 2119 5043 ra-

471 5075 599 5130 dios
630 5074 864 5128 emittit.
898 5074 1039 5136 Quis
1068 5075 1263 5144 itaque
1311 5072 1453 5127 dicit
1482 5088 1581 5128 eos
1612 5073 1975 5130 existimasse
2005 5076 2115 5131 ali-

469 5163 607 5235 quid
663 5162 1113 5233 reprehensione
1161 5162 1401 5233 dignum
1436 5162 1492 5215 in
1538 5163 1755 5234 scripto
1807 5163 2114 5230 contineri,

469 5252 624 5324 quod
657 5255 742 5306 tot
792 5250 1094 5321 praeconiis
1125 5251 1197 5304 ab
1247 5249 1469 5305 eisdem
1520 5255 1825 5322 exceptum
1878 5253 2115 5307 fuerat?

468 5342 581 5398 Sed
612 5339 671 5394 hi
704 5339 940 5410 quidem
974 5338 1165 5393 sic.At
1194 5338 1552 5393 meumenica
1581 5340 1838 5411 synodus
1869 5342 2113 5396 audiens

463 5429 775 5485 turbatane
825 5428 959 5482 est?
988 5426 1168 5482 edidit
1214 5426 1520 5497 strepitum
1545 5428 1573 5481 ‘I
1611 5444 1817 5483 novam
1862 5430 2111 5485 auditio-

464 5534 595 5573 nem
626 5516 971 5572 exhorruit?
1002 5515 1321 5587 prohibuit,
1352 5519 1417 5569 ut
1447 5517 1569 5570 ﬁeri
1605 5523 1765 5572 amat
1810 5517 1865 5571 in
1900 5519 2108 5573 absur—

462 5608 673 5663 dorum
702 5598 1045 5679 dogmatUm
1078 5602 1492 5661 traditionibus
1514 5608 1537 5659 Ρ
1557 5605 1797 5661 Minime
1820 5608 2105 5679 gentium.

2310 3390 2403 3444 κε’.
2462 3388 2526 3443 Εἰ
2583 3390 2671 3444 καί
2728 3410 2867 3451 τινες
2922 3394 3027 3445 τῶν
3084 3390 3204 3465 ἄρτι
3265 3393 3444 3468 σοφῶν
3498 3387 3614 3445 οὐδ’
3667 3389 3895 3455 ἐνταῦθα

2230 3476 2466 3551 τρόπους
2500 3477 2815 3553 ἀντιλογίας
2866 3477 3233 3553 ἠμηχάνησαν
3288 3477 3540 3554 ἐξευρεῖν.
3590 3479 3731 3534 Φασὶ
3761 3480 3893 3556 γὰρ,

2233 3564 2314 3618 ὅτι
2347 3566 2482 3620 κατά
2513 3566 2574 3620 τὸ
2606 3568 2960 3639 σιωπώμενον
3011 3561 3344 3621 ἐπελάϐοντο
3380 3571 3477 3622 τοῦ
3529 3563 3798 3623 λιὸέλλου
3837 3569 3897 3623 οἱ

2232 3652 2599 3723 Ἀνατολικοὶ,
2653 3655 2714 3710 τὸ
2772 3653 2843 3710 δι’
2899 3656 3027 3710 Υἱοῦ
3084 3654 3337 3731 παρέντες
3390 3655 3442 3711 ἐν
3490 3660 3560 3730 τῇ
3611 3660 3755 3735 σφῶν
3788 3655 3891 3711 αύ-

2226 3746 2333 3796 τῶν
2378 3741 2651 3818 ὁμολογίᾳ
2700 3746 2797 3813 τῆς
2848 3743 3102 3806 πίστεως.
3152 3743 3250 3798 Καί
3298 3765 3383 3798 τοι
3434 3750 3593 3799 ποῖον
3646 3744 3891 3800 ἐντεῦθεν

2227 3832 2261 3900 ἡ
2295 3831 2581 3905 ἀντιλογία
2611 3831 2759 3910 φέρει
2803 3832 2866 3888 τὸ
2915 3831 3193 3909 κραταιὰν,
3243 3832 3289 3887 εί
3342 3834 3433 3887 τὸν
3463 3837 3562 3888 τοῦ
3609 3853 3892 3909 μακαριω-

2224 3920 2388 3974 τάτου
2448 3921 2765 3998 Σωφρονίου
2840 3921 3025 3995 Τόμον
3097 3921 3293 3976 ἐκεῖνοι
3369 3922 3630 3998 τυχόντες
3690 3918 3837 3998 ἔχειν
3872 3969 3889 3995 ,

2228 4007 2541 4063 ἐστάλκασῖν
2577 4056 2591 4077 ,
2641 4010 3049 4083 ἀπαραποίητον
3108 4010 3267 4065 αὐτὸν
3304 4054 3319 4081 ,
3376 4011 3453 4071 ὡς
3508 4008 3656 4082 ἔδει,
3715 4014 3894 4086 τηρή-

2227 4117 2411 4159 σαντες
2440 4141 2457 4165 ,
2512 4098 2625 4152 ἐπεὶ
2678 4097 2806 4171 μηδ’
2850 4098 3085 4175 ἀνάγκην
3137 4099 3288 4175 εἶχον
3352 4101 3739 4178 μετεγγράφειν
3795 4101 3892 4155 καὶ

2226 4186 2601 4259 ἀντιπέμπειν,
2649 4185 2782 4263 ἅπερ
2834 4184 3098 4258 ἐδέξαντο.
3151 4189 3245 4243 Διὸ
3290 4192 3452 4244 τοῦτο
3505 4186 3730 4259 δειξάτω
3775 4210 3891 4261 τις,

2226 4271 2278 4327 εἷ’
2322 4296 2443 4329 τινα
2505 4277 2709 4349 μέμψιν
2769 4275 2865 4331 κᾶν
2907 4281 3034 4353 γοῦν
3087 4277 3307 4354 μετρίαν
3356 4281 3436 4349 τῷ
3485 4282 3584 4332 τοῦ
3626 4280 3896 4355 πατριάρ-

2224 4382 2329 4437 χου
2387 4366 2671 4438 προσῆψαν
2726 4366 3036 4440 γράμματι,
3094 4365 3182 4420 καὶ
3234 4365 3280 4420 εί
3344 4366 3419 4439 μὴ
3467 4369 3630 4421 τοῦτο
3668 4366 3810 4428 τέως
3840 4366 3891 4421 εἶ

2228 4453 2302 4524 μή
2354 4452 2613 4520 ἐπαίνων,
2662 4452 2751 4533 καὶ
2798 4452 3005 4508 τούτων
3051 4452 3278 4510 πολλῶν
3327 4453 3419 4509 καὶ
3456 4452 3708 4531 μεγάλων
3756 4454 3889 4510 αὐτὸ

2223 4540 2584 4613 κατηξίωσαν,
2643 4543 3022 4615 Θεωρητικῆς,
3082 4542 3172 4597 καὶ
3230 4543 3692 4621 θεοφρονεστάτης
3745 4540 3889 4598 δια-

2224 4628 2371 4689 νοίας
2433 4630 2940 4705 ἀνομολογήσαντες
2999 4630 3132 4685 εἶναι
3190 4631 3442 4707 πανίερον
3469 4676 3483 4702 ,
3534 4630 3885 4687 θεόπνευστον

2224 4718 2323 4787 τὴν
2355 4720 2453 4786 τῆς
2497 4716 2807 4793 ὀρθοδοξίας
2854 4714 3153 4792 ἀκρίϐειαν,
3212 4720 3301 4774 καὶ
3344 4724 3452 4773 τῶν
3501 4719 3886 4777 ἀποστολικῶν

2227 4805 2407 4859 τεκαὶ
2454 4812 2740 4882 Πατρικῶν
2791 4804 3076 4883 δὸγμάτων
3127 4809 3227 4877 τήν
3283 4804 3704 4886 διαφανεστάτην
3756 4808 3887 4879 ἐξά-

2229 4893 2461 4951 πλωσιν.
2522 4896 2595 4957 ὡς
2654 4897 2868 4957 ἀκτῖνας
2924 4894 3161 4965 ἡλιακὰς
3215 4891 3672 4972 προϐαλλόμενον
3709 4938 3723 4952 .
3784 4897 3887 4953 Eni.

2229 4982 2376 5057 λέγει
2426 5004 2508 5045 τις
2562 4982 2900 5059 ἐπιλήψιμὸν
2949 5006 3000 5039 τι
3060 4986 3240 5063 φέρειν
3300 4984 3496 5048 αὐτοὺς
3554 4988 3885 5062 ἡγήσασθαι,

2224 5070 2286 5125 τὸ
2341 5071 2606 5140 τοσαύτης
2678 5075 2979 5148 τετυχηκὸς
3049 5080 3175 5150 παρ’
3232 5073 3407 5129 αὐτῶν
3483 5073 3883 5151 inﬁdis-stoc;

2223 5156 2378 5214 Ἀλλ’
2437 5158 2586 5215 οὗτοι
2647 5162 2741 5233 μὲν
2806 5162 2996 5223 οὕτως·
3047 5165 3081 5232 ἡ
3143 5160 3188 5217 δ’
3235 5164 3591 5237 οἱκουμενική
3653 5160 3880 5227 σύνοδος

2225 5248 2595 5321 ἀκροασαμένη
2665 5252 2979 5323 τετάρακται
3030 5270 3043 5319 ;
3097 5246 3434 5327 τεθορύϐηκε
3481 5270 3495 5322 ;
3553 5251 3617 5307 τὸ
3682 5253 3869 5308 καινὸν

2224 5336 2587 5412 ἆπηγόρευκεν
2670 5336 2919 5412 ἄκουσμα
2970 5386 2983 5411 ,
3048 5341 3228 5404 καθὼς
3298 5339 3477 5404 εἰώθει
3560 5334 3877 5415 συμϐαίνειν

2218 5429 2339 5486 ταῖς
2394 5429 2501 5479 τῶν
2568 5424 2885 5481 ἀλλοκότων
2942 5425 3231 5503 δογμάτων
3292 5427 3617 5504 εἰσαγωγαῖς
3651 5447 3666 5499 ;
3703 5427 3879 5485 Οὐδα-

2224 5518 2362 5586 μῶς.
2406 5513 2668 5589 Ἐροίμην
2725 5513 2771 5569 δ’
2827 5515 2887 5570 ἂν
2943 5517 3270 5595 προσφόρως
3325 5517 3416 5571 καὶ
3453 5517 3554 5585 τὴν
3595 5516 3694 5587 σήν
3735 5518 3879 5575 πολ-

2220 5601 2323 5673 λήν
2394 5601 2673 5678 άγιότητα,
2732 5608 2810 5677 τῷ
2861 5606 3064 5676 τεύτης
3119 5605 3316 5682 ἱλαρῷ,
3372 5605 3462 5660 καὶ
3523 5605 3732 5683 ἀτύφῳ,
3786 5607 3879 5664 καὶ

460 5696 716 5755 Peterem
765 5694 890 5768 ipse
922 5708 1154 5768 quoque
1206 5709 1322 5750 non
1351 5692 1681 5766 importune
1710 5711 1746 5753 a
1773 5698 1876 5752 tua
1920 5694 2107 5753 multa

2230 5693 2352 5770 πρὸς
2392 5691 2600 5776 ἀνοχὴν
2638 5692 2841 5773 ἑτοίμῳ
2878 5694 3248 5779 τεθαρρηκώς.
3288 5692 3361 5754 Εἴ
3391 5695 3511 5753 τινά
3547 5715 3682 5753 ποτε
3733 5716 3878 5779 προ-
