4110 6440
255 448 372 516 861

1150 453 1254 516 DE
1295 451 1830 518 PROCESSIONE
1873 451 1936 514 S.
1984 451 2346 518 SPIRITUS
2391 451 2684 517 ORATIO
2728 453 2778 515 Ι.

3551 452 3669 518 562

251 583 480 660 ἠνεγκες
529 579 682 655 δόξαν
737 581 842 660 οὐχ
883 582 1246 660 ὑγιαίνουσαν,
1283 584 1442 654 ἀπείη
1505 583 1562 639 δὲ
1617 585 1705 638 καὶ
1763 585 1907 659 γνώ-

2024 587 2356 656 sanctitate,
2419 587 2581 643 illius
2641 585 2942 657 hilaritati,
3002 589 3058 642 et
3113 585 3423 658 dejectioni
3481 591 3538 644 et
3594 589 3662 644 ad

253 693 366 745 μης
414 671 592 735 οὕτως
647 671 794 749 ἔχειν
851 672 1098 751 ἔφασκες,
1149 673 1292 729 οὕτω
1343 679 1578 751 φρονεῖν,
1629 673 1772 728 οὕτω
1814 695 1904 728 πι-

251 760 458 816 στεύειν
545 759 964 834 διατεινόμενος,
1039 763 1265 838 πότερον
1349 763 1406 817 ἂν
1477 762 1756 836 ἡρεμαίως
1855 763 1905 817 οἱ

251 848 494 919 πλησίον
529 871 622 904 σου
645 851 742 918 τήν
774 855 871 905 τοῦ
903 848 1192 928 δυσφήμου
1234 854 1580 927 προσήκειντο
1625 848 1861 926 πάροδον
1891 871 1903 919 ;

251 938 366 994 Οὔκ
415 937 473 993 ἃν
529 940 773 994 ἀντεῖπον
802 959 815 1008 ;
847 939 946 994 οὐκ
997 939 1055 994 ἃν
1109 939 1158 1010 ἐξ
1209 940 1450 1003 ἐναντίας
1499 961 1594 994 σου
1642 937 1902 1008 ἔστησαν;

252 1028 404 1102 Ἐγὼ
465 1028 558 1100 μὲν
615 1027 790 1100 οἶμαι,
857 1026 996 1100 μηδὲ
1073 1030 1162 1083 τὸν
1254 1030 1450 1084 οἰκεῖον
1529 1036 1661 1106 σφᾶς
1713 1028 1906 1089 αὐτοὺς

250 1115 608 1191 ἐπεγνωκέναι
692 1117 1055 1192 καθηγεμόνα,
1115 1118 1239 1193 πρὶν
1303 1117 1460 1172 αὐτὸν
1543 1118 1904 1172 ἀποσκευάσα-

251 1215 378 1268 σθαι
421 1205 484 1258 τὸ
533 1199 871 1276 ἀπόϐλητον,
917 1206 1006 1260 καὶ
1055 1212 1172 1268 ταῖς
1219 1211 1315 1261 τοῦ
1367 1207 1702 1279 ἀναθέματος
1750 1207 1905 1281 ἀραῖς

251 1290 588 1348 ἐνδικώτατα
647 1289 1068 1357 καθυποϐαλεῖνε
1122 1294 1234 1349 ἐκεῖ
1281 1292 1339 1349 δὲ
1385 1294 1692 1349 τούναντίον
1744 1296 1902 1349 ἅπαν.

250 1383 318 1436 Οἱ
368 1383 470 1458 γὰρ
518 1389 618 1452 τῆς
665 1382 1050 1456 οἰκουμενικῆς
1114 1381 1495 1452 συνελεύσεως,
1544 1384 1633 1439 καὶ
1688 1382 1906 1456 μάλισθ’

252 1469 377 1526 ὅσοι
428 1472 525 1540 την
573 1472 719 1546 ἱερὰν
788 1474 1004 1549 Γραφὴν
1071 1472 1627 1548 ἐπιστημονικιίντεροι
1673 1472 1761 1527 καὶ
1813 1494 1902 1526 σο-

259 1559 500 1636 φώτεροι
558 1563 664 1614 τῶν
725 1554 1001 1615 λιϐέλλων
1055 1560 1146 1615 καὶ
1195 1560 1515 1636 ἀμφοτέρων
1544 1561 1618 1622 εἰς
1650 1560 1902 1636 ἀκρόασιν

253 1646 750 1722 ὑπανεγνωσμένων
802 1650 1012 1720 κοινὴν,
1065 1649 1141 1711 ὡς
1184 1646 1278 1704 ἕνα
1327 1649 1553 1712 τούτους
1607 1648 1900 1722 κεκρίκασι,

249 1741 333 1808 τῷ
392 1738 472 1808 μὴ
530 1737 754 1812 θατέρου
814 1735 1034 1813 θάτερον
1093 1736 1493 1813 παραλλάττειν
1551 1759 1602 1792 τι
1651 1739 1767 1792 κατ’
1817 1737 1901 1792 εύ-

252 1819 488 1880 σέϐειαν.
551 1822 802 1893 ᾜδεισαν
856 1827 962 1902 γὰρ
1012 1821 1253 1902 ἀκριϐῶς
1303 1827 1428 1889 τοὺς
1472 1831 1578 1881 τῶν
1628 1826 1900 1904 θεοφόρων

253 1913 513 1988 Πατέρων
559 1913 916 1988 προέχοντας,
968 1910 1038 1968 δι’
1093 1915 1221 1968 Υἱοῦ
1275 1915 1374 1983 τήν
1433 1919 1530 1968 τοῦ
1586 1914 1900 1987 ΙΙνεύματος

248 1999 569 2077 ἐκπόρευσιν
659 2001 792 2056 εἶναι
875 2002 1340 2078 τεθεολογηκότας
1390 2001 1450 2057 ἐκ
1494 2007 1590 2056 τοῦ
1660 2004 1896 2077 ΙΙατρὸς,

247 2089 380 2152 τούς
412 2109 472 2144 τε
509 2091 654 2166 παρά
711 2092 925 2165 Ματρὸς
978 2088 1370 2167 διηγγελκότας
1429 2091 1558 2146 αὐτὸ
1611 2090 1899 2166 ἐκπορευό-

255 2199 436 2250 μενον,
469 2177 571 2232 ούκ
628 2179 992 2252 ἀνῃναμένους
1048 2180 1111 2235 τὸ
1157 2177 1226 2234 δι’
1253 2180 1398 2236 Υἱοῦ.
1435 2180 1493 2235 Εἰ
1549 2180 1725 2234 τοίνυν
1782 2185 1898 2242 τοῖς

250 2265 312 2321 ἐκ
359 2271 457 2321 τοῦ
511 2268 728 2341 Πατρὸς
778 2267 1019 2343 εἷ’ρηκόσι
1075 2268 1138 2322 τὸ
1193 2273 1417 2341 Πνεῦμα
1473 2268 1898 2344 ἐκπορευόμενον

250 2355 355 2410 οὐκ
410 2353 697 2428 ἀπείρηται
755 2354 900 2418 ὅλως
957 2357 1022 2410 τὸ
1067 2353 1136 2410 δι’
1169 2357 1314 2412 ι’ἱοῦ.
1345 2361 1460 2417 τοῖς
1519 2354 1575 2411 δέ
1629 2377 1689 2432 γε
1754 2355 1900 2431 διαρ-

251 2447 461 2518 θρῶσαι
509 2445 610 2512 τήν
672 2443 734 2499 ἐκ
789 2444 1007 2520 ΙΙατρὸς
1068 2443 1378 2519 ἐκπόρευσιν
1428 2449 1524 2499 τοῦ
1583 2444 1899 2518 ΙΙνεύματος

246 2533 380 2606 παρ’
417 2530 582 2587 αὐτοῦ
620 2531 999 2604 κεκινημένοις
1045 2537 1142 2588 τοῦ
1189 2533 1508 2606 Πνεύματος
1555 2533 1896 2608 προσαρῥέθη

244 2618 310 2675 τὸ
343 2617 413 2674 δι’
444 2621 593 2690 Υἱοῦ,
625 2618 856 2692 εὔδηλον
912 2620 994 2676 ὅτι
1052 2621 1358 2695 σύμπαντες
1419 2623 1471 2676 οἱ
1507 2626 1604 2676 τοῦ
1648 2623 1900 2694 Ιινεύμα-

246 2728 369 2777 τος,
402 2707 502 2762 οὐκ
558 2707 747 2770 ἄλλως
807 2708 866 2764 ἐκ
909 2713 1008 2764 τοῦ
1068 2709 1278 2785 ΙΙατρὸς
1329 2708 1459 2764 αὐτὸ
1504 2711 1898 2786 πεφρονήκασιν

253 2795 659 2872 ἐκπορεύεσθαι,
692 2796 737 2851 εἰ
790 2798 866 2869 μὴ
916 2794 986 2851 δι’
1043 2797 1192 2864 Υἱοῦ,
1227 2794 1496 2870 μηδεμίαν
1555 2795 1898 2872 παρείσδυσιν

252 2883 478 2961 ἔχοντες
507 2889 605 2940 τοῦ
662 2884 1051 2962 ἐναντιολογεῖν
1103 2885 1156 2940 ἐν
1201 2885 1406 2955 αὐτοῖς,
1439 2887 1605 2959 ἄκρας
1653 2884 1711 2942 δὲ
1762 2885 1900 2959 μᾶλ-

255 2971 355 3029 λον
416 2973 734 3050 συμφωνίας
787 2973 951 3043 οὔσης
1009 2974 1060 3028 ἐν
1117 2979 1232 3035 τοῖς
1287 2973 1482 3050 ἀγίοις,
1511 2975 1602 3030 καὶ
1653 2975 1718 3029 τὸ
1773 2974 1903 3029 αὐτὸ

254 3066 365 3118 τῶν
425 3061 570 3117 ὅλων
629 3059 1071 3134 πεπαιδευμένων
1123 3067 1360 3140 φρονεῖν,
1391 3063 1481 3117 καὶ
1533 3069 1633 3131 τῆς
1691 3063 1900 3138 ἀγάπης

252 3150 344 3205 καὶ
390 3149 636 3224 εἰρήνης,
685 3149 774 3204 καὶ
824 3151 1076 3224 ὁμονοίας
1127 3146 1292 3206 ὅντων
1347 3149 1399 3206 ἐν
1439 3151 1734 3223 Πνεύματι,
1767 3153 1904 3214 καΘὰ

253 3236 322 3306 δὴ
383 3237 473 3293 καὶ
531 3239 583 3292 οἱ
635 3238 700 3292 τὸ
757 3239 898 3314 ἱερὸν
963 3239 1189 3312 μάθημα
1217 3235 1659 3314 παραδεδωκότες
1689 3237 1902 3294 συνοδι-

2016 676 2381 732 tolerandum
2446 677 2706 746 facilitati
2768 675 3020 732 maxime
3087 676 3292 733 ﬁdens.
3350 677 3406 732 Si
3485 695 3662 749 quam

2017 764 2330 836 aliquando
2363 765 2697 838 opinionem
2753 783 2868 820 non
2911 751 3121 820 [sanam
3174 766 3232 820 in
3286 766 3545 822 medium
3576 770 3661 822 at-

2015 853 2200 908 tulisti
2277 859 2333 909 et
2408 860 2462 910 te
2527 855 2609 909 ita
2683 859 2874 910 tenere
2935 855 3338 925 contenderes,
3397 855 3477 910 ita
3532 872 3663 912 sen-

2016 943 2142 1009 tire,
2198 943 2279 997 ita
2324 944 2558 999 credere
2605 943 2814 998 obnixe
2861 944 3208 1008 afﬁrmares,
3269 961 3342 999 an
3404 945 3504 1016 qui
3559 961 3660 1000 au-

2015 1031 2185 1085 diunt
2244 1032 2558 1103 propinqui
2632 1031 2803 1086 tacite
2863 1031 3270 1103 blasphemam
3329 1033 3662 1105 Opinionem

2016 1120 2505 1191 persentiscerent
2523 1121 2551 1174 ?
2575 1123 2773 1175 Annon
2805 1120 3308 1175 contradicerent?
3335 1131 3542 1177 Annon
3567 1123 3662 1176 ad-

2014 1224 2245 1263 versum
2270 1214 2323 1263 te
2347 1210 2544 1264 omnia
2566 1209 2860 1264 facerent?
2884 1210 3001 1280 Ego
3025 1226 3163 1264 sane
3183 1210 3452 1266 existimo
3477 1227 3663 1283 neque

2016 1298 2316 1369 proprium
2348 1298 2648 1353 ductorem
2681 1299 2915 1370 eosdem
2948 1297 3092 1353 velle
3135 1314 3568 1369 recognoscere,
3603 1300 3662 1354 ni

2015 1386 2176 1457 prius
2201 1386 2501 1456 rejiculam
2525 1386 2857 1458 opinionem
2883 1387 3178 1457 abjecerit,
3195 1391 3251 1442 et
3270 1387 3662 1444 anathematis

2016 1474 2931 1545 dirisjustissimesubjecerit.lbi
2946 1491 3078 1530 vero
3097 1478 3283 1530 totum
3300 1476 3657 1533 contrarium

2014 1563 2438 1635 contigit.Nam
2471 1564 2569 1635 qui
2602 1565 2660 1618 in
2695 1564 3080 1619 universalem
3114 1579 3495 1636 congressum
3525 1581 3659 1622 con-

2013 1657 2309 1717 venerant,
2343 1656 2399 1707 et
2429 1651 2797 1723 potissimum
2832 1651 2891 1706 in
2924 1651 3104 1707 sacris
3135 1651 3345 1724 litteris
3377 1653 3654 1710 scientio-

2014 1756 2127 1808 res,
2160 1745 2217 1795 et
2247 1741 2649 1812 sapientiores,
2685 1757 2816 1795 cum
2850 1745 3094 1810 uterque
3128 1739 3364 1796 libellus
3395 1740 3527 1797 aliis
3549 1759 3652 1797 au-

2013 1829 2306 1884 dientibus
2329 1829 2618 1900 legeretur
2636 1834 2918 1900 tanquam
2947 1845 3129 1884 unum
3141 1830 3504 1900 judicarunt,
3520 1847 3655 1886 cum

2014 1934 2165 1973 unus
2199 1918 2269 1972 ab
2313 1917 2423 1972 alio
2468 1918 2528 1971 in
2560 1917 2741 1983 nullo,
2775 1918 2930 1987 quod
2980 1918 3052 1972 ad
3103 1917 3378 1988 pietatem
3419 1919 3654 1988 faceret,

2012 2007 2387 2078 discreparet.
2419 2005 2594 2061 Plane
2625 2005 2915 2076 siquidem
2948 2005 3257 2072 callebant,
3292 2006 3441 2061 inter
3469 2005 3658 2062 Deife-

2011 2111 2107 2149 ros
2137 2095 2332 2150 Patres
2363 2095 2706 2166 praecipuos,
2743 2110 2845 2166 per
2876 2093 3087 2149 Filium
3127 2094 3379 2166 Spiritus
3429 2111 3656 2164 proces-

2011 2183 2234 2238 sionem
2267 2199 2395 2238 esse
2426 2200 2459 2238 a
2489 2183 2654 2239 Patre
2681 2199 3074 2249 asseverasse;
3109 2198 3326 2254 eosque
3354 2183 3454 2254 qui
3488 2183 3655 2240 illum

2011 2287 2078 2326 ex
2109 2271 2277 2326 Patre
2309 2271 2940 2342 pronuntiassent,non
2967 2270 3263 2342 respuisse
3286 2287 3387 2343 per
3418 2271 3653 2344 Filium,

2011 2360 2070 2414 Si
2099 2359 2296 2430 itaque
2327 2360 2400 2414 ab
2429 2359 2501 2413 iis
2541 2359 2641 2430 qui
2690 2376 2760 2414 ex
2792 2363 2959 2414 Patre
3003 2360 3442 2415 affirmaverunt
3469 2361 3653 2432 Spiri-

2009 2451 2135 2502 tum
2179 2447 2504 2517 procedere.
2538 2464 2652 2501 non
2687 2447 2948 2518 rejicitur
2979 2447 3236 2516 omnino,
3266 2463 3370 2519 per
3400 2449 3650 2505 Filium:

2009 2536 2080 2590 ab
2112 2536 2183 2590 iis
2213 2551 2366 2603 vero,
2399 2536 2499 2606 qui
2529 2535 2828 2590 enucleate
2874 2536 3243 2591 tradiderunt
3289 2536 3541 2608 Spiritus
3579 2554 3647 2594 ex

2009 2627 2177 2678 Patre
2226 2623 2677 2694 processionem,
2731 2624 2802 2678 ab
2843 2624 3047 2678 eodem
3095 2623 3311 2693 Spiritu
3359 2625 3645 2692 excitatis,

2011 2712 2276 2766 additum
2307 2711 2436 2777 fuit,
2465 2727 2568 2782 per
2595 2712 2820 2777 Filium,
2853 2711 3232 2767 manifestum
3276 2717 3366 2768 est
3412 2714 3648 2768 univer-

2011 2816 2128 2868 sos,
2163 2800 2261 2870 qui
2295 2817 2325 2855 e
2357 2800 2577 2871 Spiritu
2621 2805 2778 2865 sunt,
2813 2817 2927 2855 non
2978 2799 3145 2855 aliter
3192 2816 3259 2855 ex
3299 2805 3468 2856 Patre
3511 2817 3646 2858 eum

2010 2888 2339 2960 procedere,
2370 2904 2544 2959 quam
2593 2905 2694 2959 per
2740 2887 2952 2942 Filium
2997 2887 3272 2956 sensisse,
3303 2905 3437 2944 cum
3487 2888 3652 2946 nulla

2009 2976 2070 3030 in
2101 2975 2218 3031 illis
2240 2976 2384 3031 ratio
2405 2975 2837 3030 contradicendi
2859 2975 3208 3031 interveniat
3231 2995 3245 3044 ;
3279 2977 3398 3032 imo
3419 2992 3652 3032 summa

2011 3065 2163 3120 inter
2205 3081 2268 3120 se
2315 3065 2500 3120 sancti
2549 3064 2921 3132 conveniunt,
2967 3064 3238 3136 doctique
3293 3081 3495 3120 omnes
3542 3065 3652 3121 hoc

2012 3153 2162 3209 idem
2219 3153 2499 3223 sentiunt,
2551 3169 2829 3220 amorem,
2881 3169 3103 3223 pacem,
3151 3158 3326 3224 atque
3374 3152 3650 3208 unionem

2011 3241 2424 3312 amplectentes
2482 3241 2541 3295 in
2596 3240 2814 3311 Spiritu
2851 3257 2863 3296 :
2896 3241 3396 3310 quemadmodum
3444 3247 3502 3296 et
3549 3241 3652 3313 qui

250 3332 382 3388 κῶς.
417 3327 664 3382 Κάκεῖνοι
711 3327 811 3401 γάρ
861 3327 997 3382 κατὰ
1034 3328 1133 3396 τὴν
1181 3327 1347 3396 αὐτὴν
1402 3323 1602 3382 ἔννοιαν
1653 3329 1900 3403 ἱερογρα-

2011 3309 2239 3384 sacram
2272 3328 2422 3384 hanc
2453 3309 2779 3384 doctrinam
2811 3309 2985 3400 plena
3013 3329 3235 3400 synodo
3260 3309 3648 3385 tradiderunt.

251 3419 426 3492 φικῶς
475 3417 539 3470 τὸ
585 3419 831 3470 τοιοῦτον
880 3414 1134 3486 ἐξέθεντο,
1184 3412 1374 3490 λόγοις
1423 3415 1738 3488 οἰκονομίας
1796 3417 1894 3484 τήν

250 3504 439 3581 φωνήν
473 3505 1010 3578 παρασιωπήσαντες,
1042 3507 1122 3575 τῷ
1157 3524 1216 3558 τε
1262 3502 1397 3577 πρὸς
1454 3501 1599 3558 ἄλλα
1650 3502 1894 3558 σπεύδειν

251 3591 552 3667 ἐπείγοντα,
610 3590 700 3646 καὶ
753 3595 834 3662 τῷ
882 3595 989 3644 τῶν
1044 3591 1421 3666 αἱρετιζόντων
1499 3593 1591 3647 τὸν
1670 3588 1898 3666 θόρυϐον

228 3679 609 3736 .ἆποσείεσθαι.
645 3681 723 3734 Δι’
776 3680 836 3748 ἢν
896 3677 1069 3734 αἰτίαν
1129 3677 1254 3734 οὐδὲ
1284 3679 1412 3735 Θεὸν
1453 3681 1517 3735 τὸ
1568 3686 1794 3754 Πνεῦμα
1833 3682 1895 3735 τὸ

247 3769 404 3844 ἅγιον
466 3772 650 3846 σαφῶς
705 3766 850 3823 οὕτω
923 3769 1013 3822 καὶ
1089 3770 1336 3843 καθαρῶς
1419 3769 1894 3845 προσηγόμευσαν,

243 3862 324 3928 τῷ
374 3857 453 3928 μὴ
503 3853 647 3932 ἔχειν
700 3855 761 3911 ἐκ
795 3860 901 3911 τῶν
934 3855 1282 3932 Εὐαγγελίων
1315 3857 1549 3929 ἑτοίμως
1595 3859 1694 3926 τήν
1726 3877 1894 3932 προσ-

245 3945 479 4020 ηγορίαν
525 3945 915 4002 πιστώσασθαι.
947 3942 1010 3999 Τί
1043 3943 1089 3999 δ’
1130 3942 1234 4000 ἔδει
1293 3945 1430 4018 πρὸς
1489 3943 1750 4014 διαλέξεις
1805 3944 1894 3999 καὶ

247 4035 381 4107 ὑπὲρ
436 4037 544 4088 τῶν
597 4031 861 4087 τοιούτων
919 4037 1112 4110 φωνῶν
1162 4038 1366 4108 χωρεῖν
1412 4032 1630 4102 αὐτοὺς,
1656 4033 1745 4087 καὶ
1800 4032 1895 4088 λο-

246 4128 547 4198 γομαχεῖν,
577 4122 666 4176 καὶ
721 4121 812 4175 τὸν
874 4118 1047 4176 πολὺν
1107 4118 1413 4176 κλονεῖσθαι
1475 4119 1628 4193 λαὸν,
1661 4121 1775 4176 ἐνὸν
1805 4121 1894 4176 καὶ

245 4208 436 4271 ἄλλως
517 4207 914 4285 ἀναντιῤῥήτως
986 4209 1086 4278 τήν
1161 4204 1354 4278 εὐσεϐῆ
1411 4208 1755 4284 κρατύνεσθαι
1805 4210 1893 4264 καὶ

251 4295 540 4370 ὁρθόδοξον
572 4295 775 4350 ἔννοιαν
801 4315 816 4364 ;

318 4388 436 4450 κςέ
471 4389 590 4440 Ὅτι
641 4381 698 4440 δὲ
750 4384 814 4439 τὸ
870 4384 931 4439 ἐκ
975 4385 1191 4458 ΙΙατρὸς
1244 4385 1416 4461 λέγειν
1467 4384 1891 4461 ἐκπορευόμενον

245 4476 307 4530 τὸ
335 4477 560 4546 Πνεῦμα
586 4472 648 4528 τὸ
679 4472 852 4549 ἅγιον,
884 4475 973 4528 καὶ
1012 4474 1076 4528 τὸ
1133 4472 1194 4528 ἐκ
1247 4475 1462 4550 ΙΙατρὸς
1495 4472 1566 4528 δι’
1595 4475 1740 4542 Υἱοῦ,
1771 4494 1893 4527 ταυ-

248 4563 340 4617 τὸν
397 4563 514 4617 κατ¹
570 4557 795 4632 ἔννοιαν,
851 4559 912 4615 ού
963 4558 1242 4639 διάφορον,
1297 4561 1356 4616 ἐκ
1405 4566 1512 4616 τῶν
1568 4569 1666 4631 τῆς
1727 4561 1890 4631 αὐτῆς

2008 3417 2108 3474 Ille
2139 3418 2355 3473 etenim
2385 3417 2590 3472 eodem
2623 3433 2799 3472 sensu
2835 3417 3020 3472 sacris
3049 3417 3228 3472 innixi
3265 3417 3491 3474 Litteris
3539 3417 3650 3474 hoc

2007 3510 2404 3577 exposuerunt
2446 3522 2475 3560 e
2520 3504 2840 3576 prudentia:
2897 3505 3125 3577 legibus
3179 3522 3377 3561 vocem
3433 3506 3648 3562 obtice-

2007 3599 2270 3661 scentes;
2306 3598 2444 3648 tunc
2493 3593 2563 3648 ad
2595 3592 2708 3648 alia
2740 3594 3127 3664 procuranda,
3161 3598 3217 3649 et
3267 3593 3646 3650 sectariorum

2005 3681 2285 3754 strepitus
2333 3681 2807 3752 comprimendos
2855 3681 3111 3738 intenti:
3163 3682 3410 3754 ideoque
3460 3698 3650 3754 neque

2007 3769 2289 3842 Spiritum
2325 3773 2592 3825 sanctum
2642 3768 2812 3840 plane
2861 3773 2917 3824 et
2965 3769 3116 3824 clare
3158 3771 3339 3826 Deum
3387 3785 3649 3842 pronun-

2005 3858 2245 3924 tiarunt,
2281 3873 2413 3912 cum
2441 3874 2555 3912 non
2597 3857 2878 3913 haberent
2904 3857 2965 3912 in
3021 3862 3294 3929 promptu
3343 3859 3559 3930 quibus
3587 3859 3648 3915 id

2007 3963 2076 4002 ex
2121 3945 2448 4018 Evangeliis
2495 3946 2961 4017 comprobarent.
3007 3947 3075 4000 Et
3125 3947 3267 4018 quid
3323 3963 3472 4019 opus
3527 3951 3652 4003 erat

2005 4051 2104 4090 eos
2160 4050 2263 4105 pro
2320 4033 2411 4089 his
2468 4033 2731 4103 vocibus,
2790 4034 3291 4105 disputationibus
3342 4034 3650 4106 verbisque

2006 4123 2326 4192 decertare,
2359 4122 2682 4192 turbasque
2711 4121 2861 4177 ciere
2892 4122 2950 4177 in
2976 4121 3216 4194 populo,
3247 4139 3381 4178 cum
3413 4127 3651 4194 possent

2005 4210 2120 4266 alia
2159 4210 2380 4266 ratione
2427 4210 2906 4282 irret‘ragabiliter
2947 4211 3103 4282 piam
3153 4211 3650 4282 orthodoxamque

2005 4299 2356 4355 sententiam
2386 4297 2761 4354 constabilire
2783 4298 2810 4352 ?

2073 4389 2163 4442 26.
2195 4387 2413 4443 Verum
2444 4403 2512 4442 ex
2542 4387 2707 4442 Patre
2735 4402 2994 4442 asserere
3026 4387 3334 4459 procedere
3363 4386 3646 4458 Spiritum

2003 4480 2292 4542 sanctum,
2328 4478 2386 4530 et
2413 4491 2481 4530 ex
2512 4475 2678 4530 Patre
2705 4491 2805 4545 per
2839 4474 3042 4529 Filium
3091 4490 3267 4530 sensu
3307 4474 3460 4529 idem
3492 4489 3645 4539 esse,

2004 4579 2110 4618 nec
2154 4564 2470 4629 diversum,
2515 4580 2583 4617 ex
2629 4563 2775 4617 actis
2820 4563 3085 4632 ejusdem
3127 4561 3387 4634 septimas
3435 4562 3642 4633 synodi

251 4645 495 4723 ἐϐδόμης
548 4646 771 4704 συνόδου
851 4655 1162 4722 πρακτικῶν
1223 4648 1580 4726 ἐναργέστατα
1636 4650 1890 4727 καταφαί-

2009 4651 2370 4722 apertissime
2418 4650 2722 4705 evincitur.
2754 4651 2900 4704 Nam
2939 4667 3070 4704 cum
3100 4651 3261 4705 'tomi
3310 4649 3370 4704 in
3423 4650 3643 4720 synodo

247 4758 416 4795 νεται.
447 4742 562 4793 Τῶν
618 4736 812 4810 Τόμων
862 4739 965 4812 γὰρ
1023 4737 1513 4813 ὑπανεγνωσμένων
1574 4736 1890 4806 συνοδικῶς,

248 4831 346 4881 τοῦ
375 4846 435 4881 τε
463 4827 525 4880 τὸ
574 4829 798 4898 Πνεῦμα
853 4827 914 4879 τὸ
966 4827 1113 4901 ἅγιον
1156 4825 1216 4880 ἐκ
1267 4830 1364 4881 τοῦ
1423 4826 1634 4901 ΙΙατρὸς
1667 4823 1736 4879 δι’
1767 4827 1894 4879 Υἱοῦ

247 4911 636 4990 διασαφοῦντος
691 4913 1140 4989 ἐκπορευόμενον,
1173 4911 1261 4968 καὶ
1316 4917 1435 4981 τοῦ,
1486 4911 1676 4974 ἀϊδίως
1730 4913 1890 4967 ἐκπο-

247 5002 540 5078 ρευόμενον
587 5002 646 5057 ἐκ
692 5006 790 5056 τοῦ
837 5005 969 5058 Θεοῦ
1019 5001 1107 5055 καὶ
1159 5001 1371 5077 ΙΙατρὸς
1399 5002 1460 5056 τὸ
1490 5002 1620 5056 αὐτὸ
1653 5005 1890 5074 Πνεῦμα,

245 5088 681 5166 διαγορεύοντος,
715 5091 743 5144 ὁ
778 5089 871 5163 μὲν
925 5093 1033 5144 τῶν
1091 5096 1190 5158 τῆς
1242 5086 1465 5143 συνόδου
1517 5093 1722 5143 σεπτῶν
1776 5094 1888 5143 Πα-

242 5175 437 5255 τέρων,
487 5177 661 5239 οὕτως
718 5175 949 5253 ἔχουσαν
1006 5178 1106 5244 τὴν
1165 5177 1391 5252 γνώμην
1449 5177 1742 5253 ἐξήνεγκεν.
1805 5178 1889 5231 Ἐν

247 5265 495 5340 μηδεμιᾷ
573 5266 752 5337 ἐννοίᾳ
823 5263 1272 5341 παραλλάττοντα
1337 5266 1425 5320 καὶ
1467 5267 1534 5320 τὰ
1586 5270 1677 5319 νῦν
1739 5266 1894 5339 ἀναγ-

243 5357 517 5411 νωσθέντα
599 5355 660 5410 ἐκ
738 5361 841 5424 τῆς
947 5351 1245 5424 Ἀνατολῆς
1347 5354 1658 5431 πεμφθέντα
1757 5355 1892 5428 πρὸς

242 5444 502 5520 Ταράσιον
581 5444 675 5498 τὸν
757 5443 1059 5517 ἁγιώτατον
1145 5441 1573 5519 ἀρχιεπίσκοπον
1656 5443 1745 5498 καὶ
1815 5443 1893 5496 οἱ-

243 5533 567 5606 κουμενικὸν
641 5533 1014 5608 πατριάρχην,
1081 5536 1178 5585 τοῦ
1261 5532 1347 5586 ὑπ’
1403 5531 1566 5586 αὐτοῦ
1651 5551 1893 5606 προομο-

245 5621 576 5698 λογηθέντος
653 5619 783 5695 ὅρου
859 5621 957 5688 τῆς
1047 5615 1277 5681 πίστεως
1363 5621 1556 5696 εὑρὼν,
1634 5620 1788 5694 κάγὼ
1865 5619 1892 5673 ὁ

242 5709 456 5783 ἀνάξιος
532 5708 750 5770 τούτοις
824 5707 1151 5782 συντίθεμαι.
1233 5709 1290 5762 ⁸0
1366 5706 1424 5763 δὲ
1495 5708 1748 5780 τοιαύτην
1819 5709 1890 5761 ῶν

2003 4737 2132 4794 lecti
2167 4738 2435 4802 fuissent,
2469 4738 2565 4792 ille
2597 4737 2881 4804 videlicet,
2914 4737 3014 4808 qui
3044 4738 3324 4809 Spiritum
3371 4743 3641 4793 sanctum

2003 4842 2071 4881 ex
2114 4827 2276 4881 Patre
2324 4843 2425 4896 per
2476 4825 2688 4880 Filium
2740 4826 3146 4895 procedentem
3193 4826 3484 4892 aﬁirmat;
3516 4829 3642 4880 tum

2003 4915 2174 4977 alius,
2206 4915 2305 4984 qui
2337 4915 2409 4970 ab
2441 4917 2652 4970 aeterno
2685 4913 3093 4984 procedentem
3125 4931 3193 4969 ex
3233 4914 3347 4970 Deo
3393 4919 3450 4970 et
3483 4915 3644 4970 Patre

2003 5003 2272 5058 eumdem
2316 5001 2597 5074 Spiritum
2650 5001 2879 5069 asserit,
2911 5019 3064 5056 unus
3113 5019 3181 5057 ex
3229 5003 3434 5074 synodi
3483 5019 3646 5058 vene-

2002 5091 2201 5146 randis
2231 5091 2503 5145 Patribus
2532 5090 2881 5145 sententiam
2911 5089 2994 5145 ita
3020 5105 3081 5145 se
3114 5090 3423 5146 habentem
3451 5096 3646 5162 protu-

2000 5179 2069 5233 lit
2097 5197 2117 5234 :
2168 5180 2310 5234 Cum
2363 5180 2595 5249 scripta,
2643 5195 2763 5248 qua
2809 5195 2957 5233 nunc
3003 5179 3158 5245 lecta,
3207 5188 3258 5235 et
3316 5196 3386 5235 ea:
3433 5181 3649 5234 Oriente

1999 5268 2172 5321 missa
2201 5270 2329 5321 sunt
2365 5266 2436 5320 ad
2487 5267 2772 5320 Tarasium
2820 5269 3235 5322 sanctissimum
3279 5268 3648 5338 archiepisco-

1996 5372 2133 5427 pum
2180 5363 2233 5410 et
2283 5357 2678 5410 mcumem’cum
2729 5355 3108 5426 patriarcham
3165 5359 3225 5411 in
3275 5358 3431 5412 nullo
3486 5373 3650 5410 sensu

2000 5445 2321 5514 discrepare
2348 5461 2380 5497 a
2410 5443 2728 5511 deﬁnitione
2755 5443 2883 5513 ﬁdei
2930 5445 2998 5498 ab
3044 5445 3227 5500 eodem
3274 5449 3472 5501 emissa
3501 5462 3647 5500 com-

2000 5534 2236 5604 periam,
2268 5548 2366 5600 ego
2393 5547 2604 5604 quoque
2631 5531 2891 5602 indignus
2919 5536 3202 5588 assentior.
3249 5534 3410 5589 Alius
3443 5549 3643 5588 eorum

2003 5636 2131 5692 quae
2163 5620 2366 5687 audiit,
2401 5621 2752 5676 sententiam
2783 5620 2933 5676 hanc
2965 5622 3152 5676 dedit:
3175 5621 3388 5694 Scripta
3437 5622 3646 5676 Tarasii

2002 5709 2340 5766 sanctissimi
2397 5709 2789 5781 archiepiscopi
2845 5714 2896 5766 et
2945 5713 3266 5767 arcumenici
3309 5711 3645 5782 patriarcha?
