4110 6454
401 428 520 492 863

1648 422 2071 488 NIGEPHORI
2117 422 2553 490 BLEMMIDE

3683 425 3809 487 564

403 578 528 637 qua
558 562 695 619 tecta
715 564 767 618 et
787 555 857 618 ab
889 558 1167 617 Orientali
1189 558 1409 616 diaecesi
1429 558 1502 614 ab
1531 558 1687 613 illius
1711 559 2043 629 praesulibus

2172 559 2467 633 ἠκροάσατο
2522 561 2620 629 τὴν
2669 559 2842 634 κρίσιν
2902 558 3187 631 πεποίηκε·
3241 557 3317 614 Τὰ
3395 558 3809 636 ἀναγνωσθέντα

402 655 571 708 missa
599 656 744 720 sunt,
777 653 939 706 talem
969 651 1405 721 conformitatem
1444 664 1572 704 cum
1621 648 1845 716 scriptis
1891 650 2044 702 anti-

402 743 548 798 stitis
579 739 1174 810 Constantinopolitani
1222 738 1423 792 habere
1467 738 1743 801 existimo,
1784 745 1844 791 ut
1888 736 2047 791 nulla

403 830 692 885 diuersitas
723 830 871 882 inter
904 843 968 883 ea
996 828 1086 893 sit,
1117 826 1217 880 sed
1253 827 1490 896 perfecta
1522 825 1783 880 identitas
1815 842 1834 879 :
1880 814 1959 881 ita
1987 832 2045 879 ut

405 935 577 973 unum
607 926 843 988 utraque
868 918 1000 986 sint,
1045 917 1210 986 plena
1249 916 1457 969 scilicet
1502 916 1655 969 omni
1691 914 2042 970 orthodoxia.

406 1008 571 1063 Alius
600 1007 684 1062 ita
712 1005 1122 1062 determinavit
1154 1023 1167 1060 :
1203 1007 1410 1073 Quibus
1435 1006 1611 1075 pietas
1639 1019 1794 1060 curae
1830 1011 1924 1067 est,
1978 1005 2048 1057 iis

406 1099 596 1170 utique
632 1102 686 1152 et
732 1095 1073 1151 orthodoxiw
1101 1095 1276 1148 oratio
1319 1093 1637 1163 resplendet.
1685 1094 1820 1149 Jure
1865 1095 2052 1162 itaque

404 1188 594 1242 merito
626 1201 748 1241 mea
773 1184 1016 1254 paruitas
1046 1184 1197 1237 lectis
1223 1184 1420 1249 sacris,
1452 1198 1516 1236 ac
1542 1182 1822 1253 synodicis
1853 1180 2051 1236 litteris

404 1275 750 1331 sanctissimi
777 1276 829 1327 et
858 1272 1160 1327 beatissimi
1208 1271 1393 1339 Regia?
1437 1271 1590 1325 urbis
1632 1270 2052 1341 archipraesulis

409 1364 640 1428 Tarasii,
675 1378 809 1432 quas
853 1360 930 1417 ad
960 1359 1264 1415 Orientales
1316 1360 1646 1414 transmissit
1674 1376 1693 1412 :
1741 1374 1956 1414 necnon
2001 1366 2053 1413 et

410 1452 517 1520 his,
532 1465 657 1521 quae
671 1452 739 1505 ab
757 1451 835 1504 eis
857 1448 926 1503 ad
948 1450 1128 1520 ipsum
1150 1448 1371 1504 directae
1388 1451 1532 1513 sunt,
1545 1449 1795 1502 animum
1813 1446 2054 1515 diligen-

408 1546 497 1596 ter
521 1539 828 1603 advertens,
850 1554 951 1609 per
976 1538 1166 1592 omnia
1192 1540 1509 1591 sanctorum
1538 1537 1767 1590 Patrum
1808 1536 1940 1605 ﬁdei
1962 1552 2054 1589 or-

414 1627 661 1684 thodomae
689 1626 1078 1682 concordantes
1110 1626 1288 1695 legens
1316 1623 1742 1694 cognovi.Alius
1764 1623 1869 1679 has
1889 1638 2057 1678 voces

417 1716 615 1773 emisit
645 1734 657 1770 :
693 1715 1096 1770 Consentientes
1127 1715 1343 1769 intuens
1371 1712 1659 1785 synodicas
1703 1714 1919 1768 litteras
1950 1717 2058 1768 Ta-

420 1804 559 1860 rasii
584 1805 918 1859 sanctissimi
944 1812 994 1858 et
1025 1803 1346 1857 aecumenici
1370 1802 1704 1872 patriarcha
1731 1805 1780 1856 et
1797 1804 2062 1871 rescripta

420 1908 611 1949 eorum
659 1892 726 1947 ab
774 1891 1131 1946 orientalibus
1172 1891 1504 1962 praesulibus
1552 1892 1891 1958 transmissa,
1940 1888 2062 1944 illis

421 1981 719 2037 consentio.
752 1978 917 2034 Alius
946 1979 1026 2033 ita
1056 1977 1455 2049 pronuntiavit
1485 1993 1498 2031 :
1552 1977 1704 2033 Sicut
1734 1995 1908 2033 unum
1937 1994 2061 2033 sen-

420 2070 619 2123 tientes
648 2068 1018 2134 convenimus,
1050 2068 1130 2121 ita
1155 2071 1205 2121 et
1232 2082 1406 2121 unum
1435 2066 1620 2121 dicere
1647 2066 1823 2122 edocti
1849 2083 2063 2128 sumus;

421 2158 684 2228 quoniam
712 2157 908 2226 itaque
954 2155 1207 2226 synodici
1248 2155 1429 2226 apices
1479 2156 1686 2210 Tarasii
1729 2156 2066 2210 sanctissimi

424 2246 743 2301 aecumenici
766 2243 1107 2316 patriarchae
1135 2243 1204 2298 ad
1249 2244 1617 2299 sanctissimos
1647 2244 1889 2299 Orientis
1914 2260 2064 2315 prae-

423 2335 571 2389 sules
597 2350 696 2404 per
725 2332 973 2388 eumdem
1004 2333 1334 2397 transmissi,
1357 2340 1406 2387 et
1435 2334 1703 2403 rescripta
1727 2348 1827 2403 per
1853 2333 2066 2388 eosdem

424 2422 495 2478 ad
536 2424 716 2493 ipsum
759 2421 986 2491 directa,
1017 2421 1081 2475 de
1130 2428 1319 2475 sancta
1365 2425 1414 2476 et
1461 2420 1770 2477 orthodoxa
1819 2420 1928 2489 ﬁde
1970 2438 2069 2476 sca:

426 2510 828 2566 universalium
873 2510 1209 2581 synodorum
1254 2510 1398 2563 inter
1442 2526 1496 2563 se
1542 2512 1682 2565 recte
1722 2512 2066 2574 conveniant,

428 2600 510 2654 ita
534 2606 585 2653 et
612 2614 707 2669 ego
735 2598 911 2654 credo.
964 2596 1191 2669 Reliqui
1239 2596 1595 2652 sanctissimi
1644 2597 1899 2670 episcOpi
1949 2598 2069 2653 haec

430 2685 871 2742 conclamarunt
903 2687 1093 2753 :,Tota,
1124 2702 1247 2757 qum
1288 2702 1388 2756 per
1436 2687 1679 2756 gratiam
1710 2686 1918 2743 Christi
1955 2689 2072 2742 veri

433 2776 531 2832 Dei
573 2778 768 2843 nostri,
797 2783 848 2831 et
888 2777 1043 2846 piam
1089 2774 1690 2846 tranquillissimamm,
1722 2784 1773 2831 et
1819 2775 2069 2831 orihodo-

432 2880 635 2919 morum
660 2871 971 2919 nostrorum
1019 2866 1419 2934 imperatorum
1458 2863 1799 2919 sanctionem
1841 2880 2070 2933 congre-

433 2959 562 3023 gata
599 2961 679 3008 est
725 2952 983 3024 synodus,
1010 2952 1335 3008 relationem
1382 2952 1452 3006 ab
1502 2951 1758 3007 Adriano
1796 2968 1943 3023 papa
1985 2968 2070 3008 se-

429 3041 606 3096 nioris
664 3042 847 3097 Romae
902 3040 973 3094 ad
1026 3041 1273 3095 marcime
1332 3039 1655 3095 orthodoxos
1716 3042 2072 3111 imperatores

432 3132 661 3199 nostros,
694 3133 745 3183 et
774 3129 1027 3184 chartam
1054 3144 1203 3183 nunc
1230 3128 1443 3194 lectam,
1477 3142 1601 3198 qna?
1641 3134 1848 3183 rectam
1891 3130 2071 3185 ortho-

433 3216 734 3287 dexamque
796 3218 1173 3287 definitionem
1245 3218 1604 3282 sanctissimi,
1659 3225 1710 3272 et
1767 3218 2074 3273 beatissimi

2152 830 2252 891 τῆς
2339 824 2667 895 ἀνατολικῆς

2154 645 2456 720 γράμματα
2531 648 2794 724 Ταρασίου
2876 654 2973 702 τοῦ
3056 649 3361 723 άγιωτάτου
3444 647 3804 725 ἀρχιεπισκό-

2155 755 2259 788 που
2345 737 2433 790 καὶ
2520 737 2901 809 οἷκουμενικοῦ
2982 738 3347 812 πατριάρχου,
3378 736 3467 791 καὶ
3553 738 3620 791 τὰ
3697 735 3808 791 ἀπὸ

2773 823 3099 896 διοικήσεως
3190 827 3337 902 παρὰ
3415 830 3525 880 τῶν
3619 825 3808 889 αὐτόθι

2156 911 2478 987 ἀρχιερέων,
2562 913 2817 982 τοιαύτην
2900 913 3210 984 οἷκειότητα
3298 911 3444 989 ἔχειν
3531 915 3666 987 πρὸς
3739 915 3813 968 τά

2154 1005 2252 1054 τοῦ
2347 1001 2509 1056 αὐτοῦ
2596 1005 2835 1077 ἡγοῦμαι
2920 1002 3222 1078 ἀρχιερέως
3302 1003 3809 1057 Κωνσταντινουπό-

2160 1088 2319 1157 λεως,
2375 1089 2515 1145 ὥστε
2589 1089 2859 1164 μηδεμίαν
2947 1091 3237 1166 ἑτερότητα
3292 1090 3343 1145 ἐν
3402 1090 3586 1153 αὐτοῖς
3646 1092 3810 1163 εἶναι,

2159 1176 2303 1232 ἀλλά
2368 1178 2577 1234 τελείαν
2654 1180 2979 1249 ταυτότητά,
3038 1181 3113 1241 ὡς
3182 1179 3237 1233 ἓν
3296 1181 3385 1234 καὶ
3437 1181 3500 1235 τὸ
3555 1180 3687 1235 αὐτὸ
3742 1183 3814 1235 τά

2161 1264 2326 1344 ἄμφω
2399 1267 2554 1339 εἶναι,
2615 1266 2733 1337 ἤως
2816 1267 3227 1344 πεπληρωμένα
3314 1270 3495 1339 πάσης
3581 1267 3810 1344 όρθοδο-

2161 1354 2295 1426 ξίας.
2350 1359 2570 1432 Ἕτερος
2621 1356 2819 1411 ούτωσὶ
2877 1357 3208 1434 ἀπεφήνατο’
3269 1358 3361 1419 Οἷς
3424 1358 3453 1411 ὁ
3504 1365 3609 1426 τῆς
3666 1358 3813 1413 εὗσε-

2162 1438 2311 1505 6είας
2381 1443 2746 1517 μεμελέτηται
2814 1445 3036 1521 τρόπος,
3121 1446 3335 1507 τούτοις
3416 1442 3595 1515 δήπου
3681 1445 3813 1499 πάν-

2161 1553 2268 1594 τως
2343 1535 2433 1587 καὶ
2508 1535 2537 1588 ὁ
2591 1537 2687 1602 τῆς
2776 1531 3089 1608 ὀρθοδοξίας
3175 1531 3539 1607 διαλάμπεται
3617 1533 3804 1610 λόγος.

2166 1619 2407 1683 Εἰκότως
2463 1622 2641 1677 τοίνυν
2699 1622 2788 1677 καὶ
2845 1625 2880 1691 ἠ
2941 1622 3048 1695 ἐμὴ
3113 1622 3414 1698 βραχύτης,
3469 1628 3583 1685 τοῖς
3641 1623 3819 1699 ἀναγ-

2165 1716 2440 1772 νωσθεῖσιν
2528 1712 2695 1786 ἱεροῖς
2790 1710 2879 1765 καὶ
2966 1708 3268 1772 συνοδικοῖς
3349 1712 3631 1786 γράμμασι
3713 1717 3817 1766 τοῦ

2169 1798 2467 1853 ὁσιωτάτου
2551 1798 2639 1853 καὶ
2717 1798 3131 1874 μακαριωτάτου
3217 1806 3319 1868 τῆς
3419 1799 3822 1875 βασιλευούσης

2167 1890 2275 1940 τῶν
2374 1884 2589 1941 πόλεων
2699 1883 3104 1963 ἀρχιπροέδρου
3194 1887 3483 1963 Ταρασίου,
3570 1886 3604 1940 ἃ
3676 1888 3823 1961 πρὸς

2166 1972 2293 2035 τοὺς
2369 1981 2470 2043 τῆς
2556 1976 2726 2047 Ἑῲας
2815 1972 3203 2047 ἐξαπέστειλεν,
3264 1973 3341 2029 ἔτι
3410 1996 3471 2050 γε
3548 1977 3656 2047 μὴν
3728 1975 3824 2029 καὶ

2169 2067 2285 2123 τοῖς
2324 2063 2451 2137 παρ’
2507 2061 2682 2117 αὐτῶν
2766 2063 2903 2137 πρὸς
2988 2061 3147 2117 αὐτὸν
3230 2060 3580 2117 ἀποσταλεῖσι
3644 2083 3828 2118 νουνε-

2173 2156 2291 2225 χῶς
2346 2150 2411 2204 τὸ
2466 2158 2564 2220 τῆς
2604 2148 2845 2213 διανοίας
2902 2150 3166 2224 ἐνερείσας
3223 2147 3399 2225 ὄμμα,
3456 2152 3593 2206 κατά
3646 2152 3828 2206 πάντα

2169 2242 2239 2311 τῇ
2294 2243 2401 2292 τῶν
2476 2239 2642 2314 ἁγίων
2728 2241 2984 2315 Ιῐατέρων
3074 2244 3463 2317 συμφωνοῦντα
3545 2237 3825 2313 ὀρθοδόξῳ

2173 2326 2371 2397 πίστει,
2441 2324 2529 2381 διὰ
2599 2329 2699 2396 τῆς
2775 2328 3122 2402 ἀναγνώσεως
3180 2324 3366 2402 ἔγνων.
3427 2326 3636 2390 ’Ἄλλος
3689 2328 3825 2382 ταύ-

2171 2435 2268 2476 τας
2338 2412 2523 2491 εἷ’ρηκε
2573 2415 2666 2478 τὰς
2753 2413 2955 2494 φωνάς·
3016 2415 3292 2492 Σύμφωνα
3350 2416 3489 2490 ὁρῶν
3541 2416 3610 2471 τά
3660 2437 3824 2472 συνο-

2176 2501 2300 2558 δικά
2363 2505 2661 2577 γράμματα
2715 2504 2977 2579 Ταρασίου
3032 2524 3091 2558 τε
3173 2508 3269 2558 τοῦ
3345 2505 3647 2580 ἀγιωτάτου
3731 2505 3825 2559 καὶ

2176 2590 2557 2664 οἶκουμενικοῦ
2638 2590 3005 2668 πατριάρχου,
3061 2592 3150 2646 καὶ
3233 2594 3301 2647 τὰ
3382 2593 3675 2671 ἀντίγραφα
3728 2593 3825 2648 αύ-

2173 2684 2281 2733 τῶν
2339 2680 2406 2734 τὰ
2460 2679 2565 2734 ἀπὸ
2621 2685 2727 2735 τῶν
2789 2688 2891 2749 τῆς
2947 2682 3244 2751 ἈνατοΛῆς
3326 2681 3647 2759 ἀρχιερέων,
3692 2703 3827 2737 συν-

2174 2768 2388 2841 τίθεμαι
2452 2768 2657 2831 αὐτοῖς.
2711 2772 2933 2845 Ἕτερος
3016 2768 3188 2832 οὕτως
3244 2769 3557 2848 ἐφθέγξατοο
3615 2774 3824 2846 ’Ὠσπερ

2174 2855 2229 2911 ’ὲν
2312 2862 2635 2933 φρονοῦντες
2717 2855 3086 2931 ἐληλύθαμεν,
3147 2858 3291 2913 οὕτω
3371 2858 3463 2913 καὶ
3522 2858 3577 2913 ἓν
3638 2858 3822 2934 λέγειν

2178 2942 2564 3021 ἐδιδάχθημεν.
2626 2946 2945 3023 Συμφώνων
2998 2946 3179 3001 τοίνυν
3257 2946 3432 3001 οὐσῶν
3504 2950 3613 3001 τῶν
3693 2948 3827 3002 ὑπα-

2176 3038 2583 3107 ναγνωσθεισῶν
2686 3031 2980 3089 συνοδικῶν
3062 3039 3292 3109 κεραιῶν
3373 3036 3643 3112 Ταρασίου
3723 3040 3825 3091 τοῦ

2178 3122 2484 3197 ἀγιωτάτου
2578 3122 2960 3195 οἰκουμενικοῦ
3062 3122 3424 3198 πατριάρχου,
3505 3128 3611 3178 τῶν
3699 3144 3826 3178 στα-

2179 3208 2373 3265 λεισῶν
2448 3211 2575 3284 παρ’
2629 3210 2794 3265 αὐτοῦ
2868 3212 3003 3286 πρὸς
3077 3210 3203 3273 τοὺς
3273 3218 3375 3281 τῆς
3427 3211 3599 3284 Ἑῴας
3659 3214 3829 3286 ἁγιω-

431 3306 753 3360 ωειιηιεηίσί
795 3304 1140 3376 patriarchae
1197 3304 1408 3358 Tarasii
1469 3305 1860 3375 complectitur,
1908 3309 2063 3377 atque

2176 3300 2370 3361 τάτους
2425 3298 2722 3374 ἀρχιερεῖς,
2779 3298 2868 3353 καὶ
2939 3303 3045 3353 τῶν
3124 3298 3460 3377 ἀντιγράφων
3528 3304 3636 3354 τῶν
3693 3301 3824 3376 παρ’

429 3394 643 3448 litteras
671 3393 749 3448 ad
779 3393 1169 3448 beatitudinem
1197 3395 1313 3465 ejus
1351 3392 1423 3447 ab
1470 3393 1711 3448 Orientis
1737 3394 2070 3464 praesulibus

429 3482 647 3546 missas,
707 3481 1030 3552 recipientes
1115 3482 1516 3549 conﬁrmamus,
1592 3490 1645 3536 et
1724 3497 2068 3537 veneramur.

429 3568 574 3623 Hinc
603 3568 974 3640 indagatores
1006 3567 1263 3624 veritatis
1293 3572 1584 3638 astruunt,
1626 3569 2069 3625 sanctissimum

430 3656 736 3711 Tarasium
777 3656 1207 3727 processionem
1261 3656 1513 3728 Spiritus
1559 3657 1746 3712 sancti
1794 3675 1863 3713 ex
1910 3658 2073 3714 Patre

430 3759 534 3815 per
562 3743 770 3798 Filium
803 3744 862 3799 in
893 3756 1171 3816 germana
1209 3745 1427 3816 synodo
1476 3761 1609 3800 cum
1659 3746 2069 3813 examinasset,

428 3833 946 3903 approbassetque,
996 3832 1080 3887 ita
1130 3832 1221 3903 pie
1268 3833 1607 3899 admodum,
1641 3838 1697 3888 et
1742 3833 1934 3889 divino
1982 3834 2071 3889 in-

433 3919 655 3975 stinctu
687 3920 1020 3987 tradidisse,
1048 3921 1369 3975 multorum
1409 3922 1632 3991 judicio
1679 3922 2071 3978 stabilientem

430 4006 600 4073 illud,
634 4013 690 4063 et
738 4009 1202 4078 conﬁrmantem,
1236 4015 1292 4064 et
1338 4025 1440 4080 per
1468 4009 1777 4080 epistolam
1822 4012 1891 4065 ad
1943 4011 2072 4065 uni-

430 4110 630 4151 versas
659 4096 871 4152 Christi
901 4096 1189 4151 Ecclesiae
1219 4096 1744 4169 promulgationem
1777 4100 2070 4154 universa-

429 4183 546 4239 lem
590 4184 1105 4239 transmittentem.

2179 3387 2354 3442 αὐτῶν
2412 3387 2547 3462 πρὸς
2615 3386 2773 3441 αὐτὸν
2852 3388 3226 3465 πεμφθέντων,
3284 3388 3423 3463 πρὸς
3495 3389 3595 3457 τήν
3669 3388 3819 3463 άγίαν

2178 3475 2268 3530 καὶ
2338 3473 2619 3551 ὀρθόδοξον
2691 3475 2869 3530 πίστιν
2941 3480 3047 3530 τῶν
3125 3475 3181 3546 ’ἐξ
3260 3476 3651 3549 οἱκουμενικῶν
3735 3498 3825 3531 συ-

2179 3563 2375 3637 νόδων,
2408 3564 2550 3619 οὕτω
2580 3564 2728 3641 κάγὼ
2779 3564 3036 3620 πιστεύω.
3073 3566 3137 3620 Οἱ
3186 3563 3374 3620 λοιποὶ
3428 3570 3535 3621 τῶν
3596 3566 3825 3622 ὁσιωτά·

2178 3674 2285 3708 των
2370 3653 2676 3709 ἐπισκόπων
2760 3656 2909 3708 ταῦτ’
2966 3653 3324 3732 ἐξεφώνησαν·
3384 3661 3543 3711 Πᾶσα
3597 3657 3632 3724 ἡ
3686 3655 3825 3710 κατᾶ

2181 3743 2341 3817 χάριν
2408 3746 2641 3817 Χριστοῦ
2718 3746 2814 3796 τοῦ
2870 3741 3134 3812 ἀληθινοῦ
3191 3747 3325 3797 Θεοῦ
3380 3745 3559 3816 ἡμῶν,
3618 3744 3709 3798 καὶ
3756 3745 3826 3798 τά

2181 3825 2493 3907 φιλευσεόἒς
2581 3831 2849 3903 θέσπισμα
2924 3835 3031 3884 τῶν
3117 3829 3499 3907 γαληνοτάτων
3569 3831 3659 3886 καὶ
3728 3833 3823 3908 ὀρ-

2179 3916 2414 3991 θοδόξων
2504 3921 2664 3991 ἡμῶν
2780 3918 3045 3995 βασιλέων
3159 3922 3599 3996 συναθροισθεῖσα
3699 3920 3827 3997 άγία

2181 4004 2425 4075 σύνοδος,
2480 4009 2579 4076 τήν
2669 4006 2965 4082 γενομένην
3052 4008 3318 4086 ἀναφοράν
3403 4009 3549 4085 παρὰ
3605 4007 3827 4086 ’Δδρια-

2178 4101 2273 4151 νοῦ
2351 4094 2504 4150 πάπα
2578 4102 2680 4165 τῆς
2760 4091 3124 4172 πρεσϐυτέρας
3177 4098 3397 4170 Ῥώμης
3480 4098 3615 4173 πρὸς
3697 4098 3828 4161 τοὺς

2182 4181 2632 4260 ὀρθοδοξοτάτους
2712 4187 2870 4257 ἡμῶν
2977 4183 3239 4259 βασιλεῖς,
3326 4186 3417 4240 καὶ
3511 4187 3601 4241 τὸν
3706 4188 3825 4241 νυνῖ

428 4269 836 4346 ἀναγνωσθέντα
882 4268 1113 4345 χάρτην,
1148 4269 1272 4345 ὅρον
1334 4268 1642 4343 ὀρθοδοξίας
1671 4276 1764 4325 τοῦ
1823 4272 2126 4346 ἀγιωτάτου
2155 4274 2243 4329 καὶ
2279 4274 2693 4349 μακαριωτάτου
2741 4273 3121 4346 οἷκουμενικοῦ
3169 4275 3511 4350 πατριάρχου
3559 4274 3825 4349 Ταρασίου

428 4354 578 4429 ὄντα,
609 4357 698 4413 καί
751 4359 819 4413 τὰ
874 4359 981 4413 ἀπὸ
1036 4365 1135 4427 τῆς
1166 4358 1464 4428 Ἀνατολῆς
1496 4359 1902 4437 ἀναπεμφθέντα
1929 4363 2064 4436 πρὸς
2097 4363 2195 4431 τὴν
2244 4363 2407 4416 αὐτοῦ
2458 4361 2829 4437 μακαριότητα
2857 4363 3003 4438 παρὰ
3057 4366 3163 4418 τῶν
3197 4362 3497 4439 ἀρχιερέων
3528 4364 3827 4440 γράμματα

433 4444 856 4521 ἀποδεχόμενοι,
914 4451 1264 4521 ποιχοῦμεν,
1316 4447 1405 4502 καὶ
1462 4446 1829 4519 ἀσπαζόμεθα.
1891 4450 2158 4504 Ἐντεῦθεν
2217 4450 2267 4503 οἱ
2323 4451 2387 4503 τὸ
2444 4447 2643 4519 ἀληθὲς
2724 4448 3072 4520 έκζητοῦντες
3161 4451 3515 4526 πορίζονται,
3575 4452 3665 4506 καὶ
3740 4452 3823 4507 ὅτι

428 4534 490 4588 τὸ
551 4533 608 4589 ἐκ
659 4540 757 4589 τοῦ
833 4534 1043 4609 ΙΙατρὸς
1106 4531 1176 4588 δι’
1232 4535 1358 4587 Υῖοῦ
1413 4536 1475 4589 τὸ
1532 4539 1755 4608 Πνεῦμα
1808 4534 1870 4589 τὰ
1930 4536 2077 4611 ἅγιον
2137 4535 2513 4612 ἐκπορεύεσθαι
2574 4536 2707 4609 μετά
2753 4543 2854 4606 τῆς
2910 4536 3111 4599 οῗκείας
3167 4535 3394 4593 συνόδου
3478 4538 3827 4609 κατεξετάσας

428 4622 516 4676 καὶ
578 4620 875 4696 δοκιμάσας
933 4626 961 4678 ὁ
1018 4624 1318 4697 άγιώτατος
1375 4623 1657 4700 Ταράσιος,
1717 4623 1859 4679 οὕτω
1928 4624 2293 4687 θεοπνεύστως
2352 4624 2581 4695 ἐξέθετο,
2637 4625 2807 4701 κρίσει
2891 4623 3117 4681 πολλῶν
3199 4625 3581 4703 κυρωσάμενος
3669 4627 3827 4697 αὐτὸ,

427 4709 517 4764 καὶ
554 4706 1010 4785 βεϐαιῶσάμενος,
1042 4711 1130 4766 καὶ
1155 4713 1416 4788 κήρυγμα
1471 4712 1813 4786 παγκόσμιον
1874 4710 1944 4767 δι’
2002 4711 2295 4783 ἐπιπολῆς
2351 4714 2427 4775 εἰς
2482 4719 2653 4767 πᾶσαν
2709 4711 3186 4791 διαπεφοιτηκυίας
3245 4713 3536 4786 ἐκκλησίαν
3589 4704 3826 4792 Χριστοῖ)

427 4819 817 4871 ποιησάμενος.

497 4890 587 4943 27.
621 4891 784 4954 Quod
816 4891 864 4945 si
896 4891 1029 4946 fidei
1058 4891 1418 4963 Symbolum,
1452 4893 1607 4962 quod
1649 4909 1682 4947 a
1712 4892 1979 4949 Patribus
2010 4893 2063 4948 in

2248 4892 2346 4960 κζ’.
2381 4891 2443 4945 Εἰ
2477 4888 2535 4945 δὲ
2584 4892 2646 4945 τὸ
2697 4894 2796 4960 τῆς
2846 4892 3079 4953 πίστεως
3130 4887 3445 4965 Σύμϐολον,
3475 4893 3505 4947 ’ὁ
3534 4894 3682 4969 παρά
3714 4899 3823 4948 τῶν

429 4978 650 5048 synodo
700 4980 956 5034 secunda
1002 4980 1329 5051 expositum
1380 4980 1508 5046 fuit,
1558 4980 1731 5036 etiam
1777 4985 1834 5036 et
1880 4980 1963 5035 illi
2012 4982 2070 5036 in

430 5064 681 5135 septima
711 5070 913 5136 postea
940 5067 1339 5123 deﬁnitionem
1363 5067 1496 5123 ﬁdei
1518 5083 1647 5123 esse
1667 5068 2070 5139 decreverunt,

430 5168 546 5207 non
578 5156 667 5207 est
697 5169 801 5207 cur
826 5153 1123 5210 miremur.
1158 5155 1491 5211 Maluerunt
1528 5157 1684 5211 enim
1716 5156 1948 5227 publice
1976 5172 2069 5212 co-

427 5239 653 5313 gnitam
688 5242 980 5313 omnibus,
1011 5244 1512 5316 approbatamque
1548 5244 1948 5300 deﬁnitionem
1981 5262 2071 5301 ro-

430 5330 543 5385 bur
570 5329 763 5384 adbuc
794 5329 1025 5396 habere,
1054 5347 1125 5385 ne
1156 5332 1488 5387 viderentur
1517 5349 1723 5388 novam
1757 5334 2071 5403 professio-

430 5434 565 5473 nem
597 5417 724 5473 sine
753 5416 871 5473 ullo
910 5418 1305 5473 emolumento
1349 5421 1576 5475 tradere
1624 5436 1757 5475 cum
1809 5437 1875 5476 eo
1926 5427 2069 5476 tem-

431 5522 570 5579 pore
629 5506 899 5561 universa
955 5505 1210 5562 Ecclesia
1267 5508 1480 5562 Christi
1538 5509 1774 5564 unionis
1843 5509 2072 5565 vinculo

431 5592 822 5667 colliguntur.
854 5595 969 5651 Nec
1001 5594 1157 5651 ullus
1186 5600 1327 5650 tunc
1358 5597 1638 5667 temporis
1664 5614 1731 5652 ex
1762 5596 1853 5653 bis
1883 5598 2071 5653 omni-

432 5682 543 5739 bus
572 5683 919 5756 patriarcha:
952 5684 1346 5742 contradicere
1375 5703 1556 5742 ausus
1585 5691 1692 5742 est.
1725 5688 1888 5743 Esset
1915 5687 2071 5743 enim

2179 4986 2279 5048 τῆς
2335 4975 2586 5056 δευτέρας
2641 4977 2865 5035 συνόδου
2924 4980 3177 5054 Ιῐατέρων
3255 4978 3565 5052 ἐκτέθειται,
3624 4981 3713 5036 καὶ
3774 4983 3827 5036 οἱ

2181 5074 2281 5135 τῆς
2312 5061 2554 5139 ἑϐδόμης
2586 5064 2711 5141 ὅρον
2756 5074 2857 5136 τῆς
2910 5066 3135 5128 αίστεως
3182 5067 3271 5121 καὶ
3332 5065 3485 5131 αὖθις
3543 5068 3678 5123 εἶναι
3742 5089 3828 5125 κε-

2179 5154 2446 5230 κρίκασιν,
2501 5153 2653 5209 οὐδὲν
2712 5154 3038 5228 θαυμαστόν.
3085 5155 3427 5230 ᾟρετίσαντο
3480 5158 3581 5232 γάρ
3640 5156 3692 5213 ἐν
3748 5162 3829 5229 τῷ

2180 5248 2353 5315 κοινῷ
2402 5244 2493 5298 τὸν
2544 5250 2701 5298 πᾶσιν
2746 5242 3081 5317 ἐγνωσμένον
3139 5242 3230 5298 καὶ
3279 5244 3824 5320 καθωμολογημένον

2184 5330 2374 5404 λόγον,
2404 5333 2494 5386 καὶ
2555 5331 2716 5387 εἰσέτι
2770 5337 3006 5406 κρατεῖν,
3039 5331 3127 5386 καὶ
3190 5333 3265 5405 μὴ
3317 5331 3492 5389 δοκεῖν
3541 5334 3663 5389 νέαν
3695 5336 3803 5408 ὁμο

2183 5418 2379 5493 λογίων
2440 5419 2526 5474 ἐπὶ
2589 5417 2781 5492 μηδενὶ
2836 5417 3015 5497 κέρδει
3058 5420 3412 5496 παραδιδόναι
3471 5421 3656 5493 αὐτοὶ),
3688 5425 3828 5492 ἡνω-

2186 5508 2355 5581 μένης
2397 5507 2564 5577 οὔσης
2617 5512 2695 5580 τῷ
2747 5508 2871 5563 τότε
2919 5515 3019 5576 τῆς
3081 5507 3371 5579 ἐκκλησίας
3429 5510 3641 5580 ἀπάσης
3700 5516 3827 5587 Χρι-

2183 5600 2330 5650 στοῦ·
2379 5595 2517 5659 τέως
2555 5601 2662 5651 τῶν
2713 5597 2959 5651 ἁπάντων
3017 5593 3193 5658 οὐδεὶς
3250 5597 3690 5675 ἀντιφθέγξασθαι
3747 5603 3827 5671 τῷ

2183 5685 2494 5761 πατριάρχῃ
2552 5686 2909 5759 τετόλμηκεν.
2942 5687 3038 5741 Ἦν
3097 5685 3198 5762 γὰρ
3252 5686 3312 5741 ἂν
3360 5692 3476 5749 τοῖς
3503 5693 3822 5765 πρακτικοῖς
