4110 6418
239 477 360 544 565

1117 433 1222 546 ne
1264 481 1804 548 PROCESSIONE
1847 484 1911 546 s.
1957 483 2318 549 srmrrus
2365 485 2655 551 ORATIO
2697 485 2777 549 ιι.

3523 491 3640 554 566

239 609 602 690 ἐντεταγμένη
655 614 743 669 καὶ
801 614 835 684 ἡ
869 613 1202 692 ἀντίρρησις.
1263 617 1436 684 ’ΔΑλ’,
1483 617 1558 679 ὡς
1596 614 1759 688 ἕοικε,
1800 621 1895 670 νῦν

2005 620 2201 690 utique
2252 624 2308 673 et
2355 620 2734 676 contradictio
2788 621 2846 676 in
2907 622 3051 678 actis
3098 621 3334 680 inserta.
3385 623 3518 693 Sed,
3576 635 3642 687 ut

237 703 498 775 σύμπασα
567 707 800 777 γνῶσις,
878 705 1092 778 σύμπας
1151 704 1340 776 ζῆλος,
1399 706 1520 760 τότε
1573 703 1628 759 δὲ
1683 726 1742 781 γε
1796 707 1884 760 καὶ

239 790 434 868 ἐφεξῆς
486 797 731 846 τοιοῦτον
773 791 948 850 οὐδέν.
1001 798 1124 855 Πῶς
1172 795 1276 871 γὰρ
1311 795 1368 849 ἂν
1417 796 1480 849 τὸ
1524 802 1623 864 τῆς
1660 793 1883 869 ὀρθοδο-

236 880 355 950 ξίας
406 879 722 957 ἀλλότριον,
776 881 923 958 εἶ’περ
963 883 1028 951 ἦν
1079 881 1248 953 ὅλως,
1296 885 1749 956 ἀνεπισήμαντον,
1781 881 1886 946 ἕως

237 967 400 1045 δεῦρο
456 971 780 1046 παρεωράθη
817 1015 831 1042 ,
889 971 977 1026 καὶ
1036 970 1419 1042 ἀστηλίτευτον
1478 991 1491 1040 ;
1554 979 1715 1027 Ποῖον

234 1057 489 1136 ἐκφῦλων
538 1056 822 1135 δογμάτων
874 1061 936 1114 οὐ
988 1058 1334 1138 διεφαυλίσθη
1386 1061 1747 1135 πολυτρόπως
1786 1083 1884 1115 πα-

236 1145 687 1222 ραδειγματισθὲν
737 1167 751 1216 ;
805 1154 967 1211 Ποῖος
1021 1149 1226 1224 ἀρχγὸς
1281 1157 1379 1219 τῆς
1434 1151 1648 1204 οἰασοῦν
1710 1149 1825 1225 αἰρὲ
1860 1184 1881 1191 -

238 1257 396 1306 σειης,
452 1236 486 1304 ἢ
548 1238 874 1312 συνήγορος,
934 1236 1034 1291 οὐκ
1090 1237 1470 1314 ἐκκτςρυκτος;
1519 1239 1589 1293 Τὸ
1641 1236 1707 1292 δι’
1757 1239 1883 1292 Υἰοῦ

236 1326 388 1400 παρά
445 1326 658 1400 Πατρὸς
737 1325 1114 1401 ἐκπορεύεσθαι
1181 1327 1243 1381 τὸ
1301 1331 1524 1399 Πνεῦμα
1587 1327 1648 1380 τὸ
1709 1327 1881 1400 ἅγιον,

233 1413 379 1475 τίνες
438 1409 894 1484 ἀποϐάλλονται;
943 1415 1041 1469 Καὶ
1098 1415 1223 1477 τούς
1279 1416 1340 1469 τὸ
1400 1413 1575 1490 δόγμα
1631 1417 1880 1488 θεμέννυς

240 1503 586 1578 ἀνάγραπτον
642 1504 982 1573 οἷ’κειοῦνται,
1045 1503 1133 1558 καὶ
1207 1503 1448 1579 ΙΙατὲρας
1525 1505 1880 1567 ἀποκαλοῦσι,

235 1592 329 1646 καὶ
362 1589 741 1662 διδασκάλους,
795 1591 882 1646 καὶ
942 1591 1128 1666 ἁγίους
1167 1597 1303 1664 Θεῷ,
1360 1592 1449 1646 καὶ
1481 1597 1683 1669 φωναῖς
1718 1591 1882 1668 εὐφή-

242 1702 370 1752 μοις
430 1679 512 1735 ἐπ’
583 1679 904 1752 Ἐκκλησίας
976 1681 1321 1757 γεραίρουσι,
1379 1681 1467 1735 καὶ
1541 1682 1636 1742 τὰς
1717 1681 1880 1756 εὐχὰς

235 1768 413 1824 αὐτῶν
500 1769 794 1837 αἰτοῦνται,
871 1770 960 1824 καὶ
1033 1777 1132 1838 τῆς
1210 1770 1260 1840 ἐξ
1337 1769 1508 1824 αὐτῶν
1571 1769 1879 1845 ἐπικουρίας

1139 1859 1236 1913 Καὶ
1313 1859 1472 1920 ποίας
1543 1864 1709 1913 ταῦτα

1775 977 1882 1026 τῶν

235 1859 567 1913 ἱκετεύουσιν
644 1857 1010 1929 ἐπιτεύξασθαι
1061 1877 1075 1926 ;
1139 1859 1236 1913 Καὶ
1313 1859 1472 1920 ποίας
1543 1864 1709 1913 ταῦτα
1779 1866 1880 1926 τῆς

234 1969 297 2002 συ
307 1947 552 2024 μφωνίας
600 1966 614 2015 ;

233 2037 358 2112 ὑγιῆ
393 2034 686 2109 πέπεισμαι
721 2035 852 2090 εἶναι
900 2037 966 2089 τὰ
1013 2033 1280 2109 δόγματα,
1332 2036 1422 2090 καὶ
1472 2037 1543 2090 ὧν
1597 2036 1702 2111 οὐχ
1752 2037 1872 2111 ὑγιῆ

227 2125 296 2179 τὰ
348 2122 612 2200 δόγματα,
660 2123 886 2186 τούτους
945 2124 1045 2179 οὐκ
1101 2124 1161 2178 ἃν
1220 2121 1429 2197 εἷ’ποιμι
1484 2123 1671 2198 ἁγίους
1725 2125 1875 2195 ποτε,

231 2209 408 2276 οῦτως
441 2212 656 2291 ἀφελῶς
704 2211 818 2288 ἔχω
865 2213 954 2267 καὶ
1004 2212 1385 2288 ἀπραγμόνως.
1442 2211 1578 2268 Οὐδὲ
1619 2215 1719 2288 γὰρ
1766 2211 1877 2267 δέν-

234 2300 362 2378 δρον
423 2301 622 2376 ἀγαθὸν
679 2302 932 2374 ἑωράκειν
987 2303 1120 2356 ποτε
1167 2302 1371 2377 καρπὸν
1448 2302 1682 2376 πονηρὸν
1741 2323 1875 2376 προ-

231 2387 598 2463 ϐαλλόμενον,
633 2388 778 2445 ἀλλά
800 2395 898 2446 τοῦ
935 2395 1142 2467 σαπροῦ
1189 2389 1410 2466 δένδρου
1442 2392 1642 2466 καρπὸν
1677 2390 1873 2445 ἐκεῖνον

232 2479 370 2534 εἶναι
396 2477 726 2554 πεπείραμαι
758 2480 1020 2554 πονηρὸν,
1043 2484 1139 2534 τοῦ
1161 2477 1206 2534 δ’
1236 2480 1437 2555 ἀγαθοῦ
1460 2477 1680 2551 δένδρου
1711 2480 1874 2542 καλὸς

234 2565 517 2642 ἀραρότως
547 2567 637 2621 καὶ
669 2567 698 2622 ὁ
727 2567 952 2643 καρπός.

1997 709 2245 775 videtur,
2302 710 2411 764 hoc
2467 714 2726 782 tempore
2784 711 2976 768 omnis
3033 711 3291 778 scientia,
3342 719 3400 769 et
3446 715 3639 770 omnis

1995 796 2155 852 zelus
2182 798 2442 853 abundat
2467 816 2479 862 ;
2513 804 2650 853 tunc
2671 816 2804 855 vero
2835 805 2892 854 et
2921 801 3251 856 subsecutis
3276 803 3639 874 temporibus

1997 885 2143 940 nihil
2176 886 2366 941 simile
2398 887 2524 942 fuit.
2559 889 2860 951 Quomodo
2891 889 3046 944 enim
3079 891 3228 959 quod
3263 895 3384 945 erat
3423 891 3493 946 ab
3544 910 3635 948 or-

1995 973 2247 1030 thodoxa
2299 976 2410 1030 ﬁdo
2458 975 2736 1041 alienum,
2769 978 2817 1031 si
2867 977 3004 1048 quid
3038 979 3243 1046 fuerat,
3277 981 3514 1035 omnino
3561 981 3634 1036 ad

1996 1063 2116 1117 haec
2140 1080 2322 1133 usque
2350 1068 2613 1135 tempora
2642 1065 2768 1120 sine
2800 1065 2920 1120 ulla
2950 1071 3105 1133 nota,
3131 1071 3300 1137 atque
3329 1067 3635 1139 reprehen-

1949 1179 1952 1182 ~
1995 1151 2156 1207 sione
2182 1151 2511 1224 neglectum
2533 1151 2900 1208 delituisset?
2927 1155 3228 1217 Quodnam
3253 1155 3323 1211 de
3344 1157 3633 1211 extraneis

1994 1240 2366 1311 dogmatibus
2390 1241 2824 1311 reprehensioni
2849 1258 2963 1296 non
2985 1243 3191 1313 patuit,
3217 1243 3420 1299 multis
3443 1245 3632 1300 modis

1994 1327 2184 1400 palam
2245 1329 2634 1384 traductum?
2687 1331 2828 1395 Quis
2885 1332 3285 1401 cujuscunque
3344 1332 3630 1390 haereseos

1994 1425 2212 1483 auctor,
2248 1417 2366 1472 sive
2407 1422 2686 1488 patronus
2733 1419 3096 1489 proscriptus
3149 1436 3264 1474 non
3319 1420 3469 1475 fuit?
3523 1422 3631 1476 Per

1994 1506 2204 1561 Filium
2248 1523 2281 1560 a
2326 1506 2490 1560 Patre
2524 1508 2832 1578 procedere
2863 1507 3146 1578 Spiritum
3179 1513 3469 1574 sanctum,
3502 1511 3629 1580 qui-

1993 1611 2130 1648 nam
2161 1595 2598 1649 condemnant?
2645 1602 2852 1650 Annon
2903 1612 3001 1651 eos
3047 1597 3144 1666 qui
3187 1597 3378 1652 simile
3418 1599 3634 1670 dogma

1993 1684 2207 1754 scripto
2237 1683 2625 1750 tradiderunt,
2651 1684 2762 1738 sibi
2797 1685 3107 1751 associant,
3143 1689 3453 1757 Patresque
3485 1705 3632 1742 nun-

1991 1777 2224 1842 cupant,
2259 1777 2316 1826 et
2345 1777 2747 1843 prmceptores,
2779 1778 3124 1843 sanctosque
3157 1773 3273 1841 Dei,
3310 1779 3366 1829 et
3394 1775 3631 1832 vocibus

1991 1861 2137 1915 bene
2167 1861 2443 1915 ominatis
2492 1862 2548 1915 in
2602 1861 2854 1917 Ecclesia
2885 1861 3287 1932 cohonestant,
3320 1868 3376 1917 et
3430 1879 3630 1934 preces

666 1944 822 2002 Ἀλλ’
877 1944 1052 2022 ἓγωγε
1105 1946 1240 2001 τὲως
1298 1952 1402 2002 τῶν
1462 1945 1623 2023 ἁγίων
1675 1945 1880 2022 ἀνδρῶν

746 2035 770 2049 ν
943 2037 955 2049 ς
1017 2033 1070 2049 μ,
1406 2036 1418 2049 ι
1481 2037 1507 2049 ν
1638 2036 1650 2049 .
1757 2037 1770 2049 ,
1846 2042 1910 2049 _.

1991 1965 2192 2004 eorum
2247 1949 2606 2022 imploranti,
2663 1966 2977 2020 eorumque
3035 1951 3299 2006 subsidia
3353 1953 3627 2023 consequi

1987 2039 2394 2094 contendunt?
2447 2039 2514 2093 Et
2562 2055 2826 2108 quaenam
2879 2039 2936 2092 in
2986 2039 3077 2093 his
3125 2039 3480 2095 consensio?
3509 2042 3627 2113 Ego

1984 2143 2118 2182 vero
2137 2132 2471 2182 sanctorum
2489 2128 2726 2182 Patrum
2744 2128 3018 2199 dogmata
3034 2144 3176 2182 sana
3192 2144 3319 2183 6889
3337 2127 3624 2200 existimo,

1985 2221 2042 2271 et
2069 2232 2315 2286 quorum
2347 2217 2621 2288 dogmata
2650 2233 2793 2272 sana
2836 2233 2949 2271 non
2999 2220 3160 2284 sunt,
3192 2233 3290 2271 eos
3324 2234 3625 2287 nunquam

1985 2305 2110 2376 ipse
2141 2309 2374 2360 sanctos
2405 2304 2823 2376 compellarim.
2859 2309 2945 2358 Ita
2974 2321 3104 2359 sum
3137 2304 3405 2375 simplex,
3437 2309 3492 2359 et
3521 2305 3627 2360 mi-

1988 2393 2145 2448 nime
2185 2393 2452 2449 curiosus
2485 2410 2498 2447 :
2555 2409 2738 2463 neque
2786 2393 2943 2447 enim
2976 2394 3240 2448 arborem
3273 2394 3484 2448 bonam
3517 2411 3623 2449 un-

1985 2499 2159 2552 quam
2183 2481 2554 2553 conspicatus
2583 2499 2714 2538 sum
2747 2483 3001 2537 fructum
3033 2481 3254 2536 malum
3285 2481 3622 2553 producere,

1990 2571 2089 2625 sed
2136 2571 2360 2625 arboris
2412 2571 2657 2642 putridzn
2711 2573 2964 2626 fructum
3011 2568 3178 2625 illum
3228 2570 3448 2624 malum
3498 2586 3626 2626 esse

1988 2659 2344 2729 experientia
2365 2659 2493 2732 ipsa
2517 2660 2752 2732 cognovi
2780 2685 2793 2728 ;
2826 2661 2991 2716 bona:
3010 2676 3142 2715 vero
3170 2659 3392 2714 arboris
3411 2659 3622 2725 bonus,

1988 2753 2056 2803 ut
2082 2753 2138 2804 et
2167 2748 2453 2815 convenit,
2485 2749 2710 2805 fructus
2746 2754 2851 2805 est.

589 3058 1639 3188 ΝΙΚΗΦΟΡΟΥ
1747 3059 2093 3187 ΤΟΥ
2222 3058 3265 3188 ΒΛΕΜΜΙΔΟΥ

1362 3314 1760 3409 ΛΟΓΟΖ
1844 3315 2490 3410 ΔΕΥΤΕΡΟΣ

1245 3517 1401 3566 ΠΕΡΙ
1438 3513 1645 3567 ΤΙΝΩΝ
1685 3514 2111 3568 ΔΟΓΜΑΤΙΚΩΝ
2152 3516 2610 3582 ΣΥΖΗΤΗΣΕΩΝ,

365 3646 545 3696 ΠΡΟΣ
583 3645 712 3694 TON
751 3643 1010 3694 ΕΥΣΕΒΗ
1049 3639 1352 3695 ΒΔΣΙΛΕΑ
1392 3637 2177 3692 ΚΩΝΣΤΑΝΥΙΝΟΥΠΟΛΕΩΣ
2202 3681 2216 3705 ,
2258 3641 2600 3690 ΘΕΟΔΩΡΟΝ
2642 3640 2902 3691 ΛΟΥΚΑΝ
2939 3642 3064 3690 TON
3105 3641 3474 3694 ΛΔΣΚΑΡΙΝ.

763 3935 1868 4105 NICEPHORI

1978 3938 3086 4100 BLEMMID/E

1375 4205 1838 4299 ORATIO
1900 4205 2305 4300 SECUN
2312 4207 2478 4298 DA

1043 4380 1145 4438 DE
1187 4374 1628 4438 NONNULLIS
1670 4377 2146 4436 DOGMATICIS
2188 4376 2808 4451 QUESTIONIBUS,

301 4529 419 4592 AD
477 4523 706 4588 PIUM
756 4517 1401 4584 IMPERATOREM
1466 4515 1910 4658 (κ’οΝεὲῙὶίᾶῖέ

1991 4515 2359 4657 Ἠῆριιγλι
2376 4515 2589 4589 ΝΠΜ,
2656 4516 3182 4580 THEODORUM
3241 4516 3544 4580 DUCAM

291 4899 360 4953 α’.
391 4898 450 4950 ’0
479 4893 642 4949 αἰτῶν
695 4888 749 4944 ἐν
783 4885 844 4942 οῦ
893 4886 1086 4958 καιρῷ,
1138 4879 1226 4935 καὶ
1269 4872 1557 4951 λαμϐάνων
1588 4877 1639 4932 ἐν
1672 4882 1865 4952 καιρῷ,
1901 4897 1944 4963 C

219 4986 520 5064 παρίστησι
576 4971 971 5053 τεκμηριωδῶς
1011 4971 1111 5040 τὴν
1160 4965 1372 5036 αἶ’όησιν
1425 4965 1692 5042 εὔκαιρον,
1736 4965 1788 5019 εἷ’
1818 4987 1877 5041 γε

222 5050 631 5153 πρξηγοβμένφ
913 5060 1048 5118 κατὰ
1093 5057 1276 5130 καιρὸν
1327 5050 1498 5108 ἓποιτ’
1548 5052 1604 5107 ἂν
1638 5053 1700 5107 τὸ
1742 5053 1878 5107 κατὰ

223 5140 439 5243 καιρόν.
465 5140 526 5218 Pii
559 5140 617 5216 δέ
644 5177 728 5219 τις
760 5159 829 5228 τῇ
857 5155 952 5208 τοῦ
983 5147 1318 5243 παρεχοντος
1361 5140 1877 5243 ἐπιγράφοιτωπρο-

231 5230 432 5331 μηδεία
457 5253 522 5308 τὸ
553 5244 916 5315 ἀποτέλεσμα,
947 5238 1226 5297 κάντεῦθεν
1250 5231 1358 5306 οὐχ
1377 5230 1539 5298 ἧττον
1571 5230 1632 5284 τὸ
1660 5234 1758 5284 τοῦ
1787 5251 1878 5284 κα-

1042 5325 1054 5331 -
1173 5320 1198 5331 ..
1458 5316 1477 5331 ,
1502 5321 1528 5331 η
1627 5313 1690 5331 ,η
1861 5317 1873 5331 ι

227 5313 516 5421 τάρξαντος
547 5313 1120 5401 δείκνυται-νουνεχὶς,
1168 5320 1252 5376 ὅτι
1300 5339 1358 5372 τε
1386 5316 1570 5379 καλῶς
1621 5313 1741 5390 ᾔδει
1787 5317 1877 5372 καὶ

880 5417 905 5421 -,
1213 5403 1341 5421 ρης
1505 5407 1517 5421 ς
1657 5407 1666 5421 .

227 5403 358 5490 λίάν
407 5424 810 5499 ἐπιστημόνως,
869 5417 905 5492 ᾖ
962 5403 1406 5499 προκαταϐάλλ-ει
1461 5407 1528 5460 τὰ
1576 5407 1874 5499 σπέρματα,

226 5522 319 5577 καὶ
351 5519 435 5574 ὅτι
463 5491 830 5572 τότε-πάντως
883 5505 1073 5579 ἐχρῆν,
1109 5496 1181 5550 *ἶν’
1213 5494 1302 5549 ὅτε
1348 5491 1459 5547 δὲοι
1505 5493 1878 5568 μεταλήψαιτο

656 5644 670 5670 ,
728 5587 1254 5673 προϋποτεθειμένης
1337 5590 1438 5651 τῆς
1493 5587 1588 5636 τοῦ
1646 5582 1879 5659 ἐφίεσθαι

230 5670 569 5756 συνετίσεως.
838 5682 926 5740 καὶ
975 5675 1235 5755 γεωργὸς,
1293 5670 1434 5725 οὕτω
1503 5671 1591 5724 καὶ
1645 5693 1876 5749 φυτουρο

229 5790 345 5866 γὸς,
394 5785 494 5842 κᾶν
553 5783 632 5859 μὴ
682 5775 828 5853 παρά
865 5767 1032 5831 πόδας
1093 5765 1274 5823 αὑτοῖς
1317 5762 1352 5830 ἡ
1394 5758 1712 5833 ἀπόλαυσις,
1755 5782 1882 5835 προ-

2061 4887 2107 4935 ι.
2141 4879 2247 4942 Qui
2279 4879 2682 4950 intempestive
2711 4880 2918 4950 poscit,
2941 4883 2997 4935 et
3024 4879 3364 4951 tempestive
3384 4879 3617 4952 accipit,

1987 4967 2310 5041 perspicuis
2376 4968 2738 5039 argumentis
2803 4968 3208 5040 tempestivam
3278 4969 3619 5040 petitionem

1985 5056 2258 5121 ostendit,
2282 5056 2350 5120 si,
2376 5073 2510 5111 eum
2543 5057 2597 5110 id
2630 5057 2783 5126 quod
2814 5057 3291 5129 intempestivum
3311 5063 3453 5127 erat,
3478 5075 3620 5130 pras-

1987 5145 2246 5210 cesserit,
2279 5146 2669 5215 subsequatur
2717 5145 2856 5200 illud
2906 5147 3056 5215 quod
3088 5152 3480 5218 opportunum
3512 5151 3620 5204 est.

1985 5235 2046 5289 Si
2077 5251 2208 5288 vero
2238 5234 2368 5304 quis
2407 5233 2487 5288 rei
2536 5233 2960 5290 assecutionem
2992 5237 3140 5305 ejus,
3172 5235 3270 5305 qui
3298 5251 3426 5290 eam
3459 5235 3624 5291 exhi-

1989 5323 2085 5377 bet
2132 5322 2506 5394 providentias
2558 5323 2832 5388 ascribat,
2879 5323 3014 5377 inde
3064 5340 3178 5378 non
3227 5323 3419 5379 minor
3467 5323 3624 5380 illius

1989 5410 2298 5482 prudentia
2326 5414 2702 5473 monstratur,
2726 5411 2823 5481 qui
2855 5411 3040 5466 eidem
3071 5411 3422 5483 principium
3445 5412 3624 5484 dedit,

1989 5499 2154 5553 scivit
2183 5502 2339 5553 enim
2371 5504 2494 5554 cate
2525 5505 2582 5553 et
2613 5499 2855 5555 solerter
2882 5517 3192 5570 quemnam
3228 5501 3282 5555 in
3318 5500 3510 5556 locum
3542 5519 3628 5556 se-

1990 5593 2239 5642 mentem
2272 5588 2594 5659 projiceret,
2619 5594 2682 5642 ut
2713 5607 2845 5643 cum
2877 5606 3023 5659 opus
3053 5595 3226 5656 esset,
3251 5591 3626 5662 postmodum

1991 5675 2244 5730 fructum
2292 5676 2583 5748 percipere
2638 5682 2852 5748 posset,
2889 5678 3223 5749 praehabita,
3257 5677 3480 5733 scilicet
3533 5696 3626 5733 so-

1990 5764 2117 5820 lerti
2151 5766 2481 5838 cognitione
2512 5765 2668 5822 illius
2713 5767 2864 5837 quod
2917 5771 3230 5838 appeteret.
3265 5768 3478 5823 Eadem
3535 5784 3627 5822 ra-
