4110 6440
435 402 549 467 567

431 626 892 685 emolumentum
924 624 1019 689 sit,
1047 624 1119 679 ob
1145 626 1415 680 eventum
1440 622 1824 681 nihilominus
1848 620 2077 676 labores

432 717 884 789 prasassumunt,
934 730 1035 785 spe
1092 710 1328 768 meliore
1376 711 1751 779 corroborati,
1796 709 2074 781 quidquid

434 800 552 856 illis
574 799 867 855 adversari
894 803 1095 871 posset
1121 798 1499 864 excutientes,
1524 801 1906 867 tenentesque
1932 796 2077 851 nihil

430 889 551 945 illis
580 888 806 944 evenire
836 904 1027 958 posse,
1060 887 1210 957 quod
1244 902 1410 958 spem
1464 887 1798 952 frustretur,
1830 886 1915 941 vel
1970 883 2077 940 mi-

430 982 593 1034 nuat.
632 980 941 1049 Propterea
981 980 1043 1031 tu
1086 992 1315 1047 quoque
1346 974 1649 1047 sapientiae
1680 976 1873 1042 fastus,
1907 978 2081 1046 atque

433 1064 734 1135 alumnus,
781 1065 1040 1120 nondum
1074 1064 1196 1120 haec
1250 1065 1308 1119 in
1367 1065 1509 1119 urbe
1556 1068 1733 1131 mota,
1782 1080 1906 1133 quas
1954 1062 2082 1133 jam

434 1159 724 1226 eruperat,
757 1153 1093 1226 dogmatica
1122 1152 1456 1224 quaestione,
1490 1153 1561 1207 de
1592 1170 1660 1208 ea
1690 1151 1966 1224 providus
1998 1167 2083 1206 ra-

436 1243 627 1300 tiones
656 1241 919 1314 exposcis
959 1242 1032 1296 ab
1084 1241 1155 1296 iis
1194 1257 1338 1312 quos
1369 1241 1473 1296 tibi
1510 1241 1734 1297 futuros
1765 1239 2084 1313 morigeros

442 1331 810 1401 existimasti,
832 1329 969 1385 licet
992 1329 1121 1385 aliis
1148 1328 1358 1384 studiis
1388 1333 1513 1384 tum
1544 1328 1824 1401 temporis
1846 1344 2084 1400 occupa-

442 1423 666 1485 rentur,
691 1422 753 1473 et
779 1415 983 1490 petitio
1013 1415 1115 1471 illa
1144 1432 1259 1470 non
1289 1420 1518 1471 tantum
1547 1415 1827 1471 molestia:
1859 1431 2080 1482 secum,

443 1511 727 1578 quantum
772 1505 1149 1577 providentiae
1193 1505 1490 1571 afferebat,
1537 1509 1595 1560 et
1643 1505 1701 1560 in
1754 1504 1942 1578 capite
1991 1521 2082 1560 sa-

445 1595 660 1667 pientis
709 1594 846 1661 illis,
900 1595 998 1665 qui
1051 1611 1142 1651 res
1201 1593 1505 1665 concipere
1554 1598 1840 1665 poterant,
1886 1592 2085 1650 oculos

443 1683 605 1740 illius
636 1683 1083 1756 praenuntiabat,
1114 1700 1180 1738 ea
1208 1700 1333 1753 quae
1363 1684 1625 1739 nondum
1657 1689 1841 1754 erant,
1875 1683 2086 1738 melius

445 1771 840 1845 praevidentis,
871 1787 1046 1841 quam
1077 1788 1278 1827 eorum
1311 1788 1437 1841 qua:
1459 1772 1585 1841 jam
1619 1776 1779 1839 sunt,
1808 1773 2086 1827 exsisten-

446 1861 590 1917 tiam
633 1861 866 1931 capiant
916 1858 1002 1913 illi
1054 1858 1151 1929 qui
1196 1876 1264 1914 ea
1311 1864 1539 1914 tantum
1584 1877 1709 1930 quae
1747 1865 1880 1915 ante
1913 1860 2087 1932 pedes

447 1952 607 2016 sunt,
640 1946 996 2020 intelligunt.
1018 1948 1163 2003 Cum
1193 1964 1326 2003 vero
1354 1964 1508 2002 nunc
1539 1948 1713 2003 rebus
1745 1948 1823 2003 ita
1854 1964 2089 2019 poscen-

446 2035 627 2102 tibus,
648 2050 940 2105 vocemur,
964 2052 1079 2091 non
1111 2035 1323 2106 dicam,
1357 2035 1456 2091 sed
1488 2036 1931 2108 compellamur,
1956 2035 2090 2091 licet

448 2123 684 2179 infirma
713 2128 886 2193 atque
915 2139 1068 2195 aegra
1099 2123 1426 2179 valetudine
1457 2123 1665 2192 simus,
1690 2124 1761 2179 ad
1794 2123 2089 2197 petitionis

451 2212 812 2267 exactionem
870 2214 1039 2282 atque
1105 2211 1479 2277 solutionem,
1536 2211 1715 2267 veluti
1782 2213 2086 2284 cujdsdam

450 2298 777 2371 praescripti
805 2298 1123 2371 vectigalis,
1146 2304 1202 2355 et
1232 2300 1374 2355 satis
1398 2300 1523 2369 jam
1553 2299 1718 2355 dilati
1749 2300 1951 2369 debiti,
1983 2305 2087 2355 ha-

449 2387 554 2443 bes
574 2391 899 2460 opportune
918 2388 1142 2443 fructus
1168 2404 1371 2444 eorum
1392 2406 1517 2459 quae
1539 2393 1707 2444 antea
1728 2388 2052 2460 projeceras
2073 2407 2086 2454 ;

450 2475 634 2532 habes
651 2479 935 2547 quantum
962 2476 1132 2532 nobis
1157 2475 1529 2534 imbecillitas
1549 2476 1741 2533 carnis
1762 2478 2091 2549 mentisque

450 2564 758 2635 permittit.

521 2656 577 2708 2.
609 2657 760 2708 Ante
787 2652 984 2709 omnia
1012 2652 1205 2723 itaque
1235 2652 1380 2709 scito
1409 2654 1842 2725 processionem
1876 2655 1935 2712 in
1966 2656 2091 2728 Spi-

452 2739 569 2795 ritu
599 2744 800 2796 sancto
832 2741 1071 2796 modum
1101 2740 1452 2797 exsistentiaz
1492 2757 1643 2811 esse,
1673 2746 1730 2798 et
1770 2742 2091 2817 bypostati-

454 2844 582 2884 eam
638 2828 1080 2900 proprietatem,
1136 2830 1628 2899 quemadmodum
1685 2835 1774 2887 est
1830 2832 1890 2886 in
1948 2831 2091 2887 Filio

455 2916 838 2983 nascibilitas,
871 2922 927 2972 et
968 2916 1027 2971 in
1058 2920 1227 2972 Patre
1256 2916 1660 2973 inascibilitas.
1694 2917 1843 2973 Illud
1876 2919 2091 2974 etenim

453 3005 784 3077 ingenitum
833 3021 981 3076 esse,
1030 3010 1086 3060 et
1130 3005 1414 3077 genitum,
1460 3011 1516 3061 et
1568 3007 1895 3076 procedere,
1935 3007 2093 3063 hunc

454 3094 686 3165 quidem
720 3093 971 3165 Patrem,
1004 3091 1171 3148 illum
1209 3092 1440 3160 Filium,
1474 3093 1629 3150 hunc
1676 3110 1830 3162 vero,
1863 3095 1934 3151 de
1981 3111 2093 3166 quo

451 3182 684 3252 dicitur,
709 3182 992 3254 Spiritum
1023 3186 1290 3237 sanctum
1322 3182 1699 3254 nuncupavit,
1734 3188 1799 3237 ut
1826 3183 1885 3238 in
1917 3184 2091 3239 rebus

1677 393 2100 462 NIGEPHOBI
2144 391 2583 459 BLEMMIDE

320 598 328 607 ,
431 539 592 595 tione
638 540 693 593 et
739 534 1012 609 agricola,
1046 538 1104 591 et
1133 537 1311 603 sator,
1343 533 1478 590 licet
1506 538 1632 590 tum
1666 532 1895 588 nullum
1926 530 2073 602 ipsis

2195 526 2487 600 μοχθοῦσιν
2520 524 2673 598 ὅμως
2717 520 2807 580 διὰ
2859 524 2959 594 τὴν
3009 518 3247 581 ἔκϐασιν.
3297 527 3379 596 τῷ
3422 523 3689 600 κρείττονι
3734 526 3838 595 τῆς

2188 611 2410 675 ἐλπίδος
2459 613 2844 687 νευρούμενοι,
2903 612 3213 668 τούναντίον
3266 611 3690 687 ἆποσειόμενοι,
3745 616 3840 670 καὶ

2188 702 2264 763 ὡς
2295 701 2376 756 ἐπ’
2428 700 2648 757 ἔλαττον
2704 704 2791 757 οἷα
2847 699 3107 775 μηδέποτ’
3158 700 3407 773 ἐσόμενον
3462 700 3837 778 λογιζόμενοι,

2186 795 2265 862 τῷ
2292 812 2378 846 τοι
2426 791 2513 845 καὶ
2570 790 2632 844 σὺ
2679 791 2868 866 σοφίας
2923 790 3161 864 μαίευμα
3193 790 3281 845 καὶ
3329 792 3628 864 τιθήνημα,
3665 794 3837 864 μήπω

2190 880 2544 952 κεκινημένης
2591 878 2837 943 ἐνταυθοῖ
2888 886 2987 949 τῆς
3042 876 3152 948 ἤδη
3212 878 3652 955 ωνερῥηγμὲνης
3708 878 3837 956 δογ-

2195 975 2425 1040 ματικῆς
2490 969 2835 1038 συζητήσεως
2871 1013 2885 1038 ,
2939 968 3157 1045 φθάνεις
3234 966 3561 1042 ἐξῖιτημένος
3634 967 3837 1044 λόγους

2190 1058 2313 1128 περὶ
2363 1055 2585 1127 ταύτης,
2638 1055 2689 1126 ἐξ
2730 1054 2804 1110 ὧν
2849 1056 3181 1132 τεθάρρηκας
3240 1058 3444 1132 ἑτέροις
3503 1056 3835 1133 ἐνασχολου-

2195 1146 2369 1217 μὲνων
2400 1149 2696 1214 τηνικαῦτα
2743 1142 3140 1218 σπουδάσμασι,
3193 1145 3282 1200 καὶ
3331 1146 3396 1214 ἦν
3428 1147 3463 1215 ἡ
3508 1142 3724 1216 αἴτησις
3775 1146 3839 1201 ού

2189 1232 2346 1287 τόσον
2376 1234 2538 1306 ἑαυτῇ
2589 1233 2992 1309 συνεπαγόμένη
3042 1233 3104 1287 τὸ
3158 1234 3435 1311 φορτικὸν,
3486 1232 3613 1288 ὅσον
3664 1232 3733 1304 δὴ
3778 1236 3843 1290 τὸ

2191 1322 2547 1398 προοπτικὸν,
2597 1321 2691 1375 κᾶν
2722 1324 2791 1394 τῇ
2832 1320 3043 1399 κεφαλῇ
3090 1325 3186 1375 τοῦ
3232 1325 3401 1398 σοφοῦ
3446 1328 3566 1385 τοῖς
3613 1344 3679 1398 γε
3724 1324 3845 1394 ξυν-

2196 1411 2324 1465 ιέναι
2373 1406 2691 1483 δυναμένοις
2748 1408 2875 1472 τοὺς
2934 1408 3253 1487 ὀφθαλμοὺς
3303 1409 3464 1465 αὐτοῦ
3511 1409 3783 1487 καταγγέλί
3816 1446 3845 1456 -

2194 1498 2363 1554 λουσα
2417 1498 2485 1553 τὰ
2545 1500 2713 1572 μήπω
2780 1495 2908 1553 ὄντα
2963 1499 3358 1574 προορωμένου
3412 1498 3602 1572 πλέον,
3654 1500 3691 1570 ἢ
3738 1502 3842 1570 τήν

2192 1592 2298 1642 τῶν
2350 1582 2515 1641 ὄντων
2568 1586 2857 1641 ὑπόστασιν
2887 1634 2903 1660 ,
2953 1588 3005 1641 οἱ
3052 1592 3327 1643 κατανοεῖν
3382 1586 3653 1661 ᾑρημένοι
3708 1589 3850 1662 μόνα

2190 1676 2258 1731 τὰ
2301 1674 2354 1731 ἐν
2401 1674 2581 1732 ποσίν.
2635 1676 2783 1730 Ἐπεὶ
2832 1672 2890 1730 δὲ
2943 1679 3037 1729 νῦν
3093 1674 3163 1749 τῇ
3221 1674 3373 1753 φύσει
3427 1679 3534 1730 τῶν
3592 1678 3854 1754 πραγμά-

2193 1785 2323 1834 των,
2352 1764 2452 1819 οὐκ
2498 1764 2557 1818 ἂν
2618 1763 2872 1841 φαίημεν,
2931 1763 3014 1818 ὅτι
3070 1761 3406 1837 κεκλήμεθα,
3469 1763 3685 1837 μᾶλλον
3749 1768 3848 1839 μὲν

2118 1895 2164 1958 Β
2196 1852 2287 1906 οὗν
2350 1848 2475 1906 ἀλλ’
2525 1851 2854 1925 ἠπείγμεθα,
2902 1850 2990 1905 καί
3033 1871 3117 1905 τοι
3163 1851 3226 1958 '56
3258 1855 3418 1924 σῶμα
3473 1850 3850 1927 νοσηλευόμε-

2195 1963 2298 2011 νοι,
2354 1941 2490 2015 πρὸς
2520 1940 2619 2008 τήν
2649 1943 2747 1994 τοῦ
2796 1940 3099 2014 αἷτήματος
3143 1935 3411 2014 εἴσπραξιν
3460 1940 3549 1994 καὶ
3596 1941 3851 1997 ἀπότισιν

2197 2029 2286 2083 οἷά
2313 2048 2455 2089 τινος
2486 2026 2787 2104 ὡρισμένου
2836 2026 3006 2105 φόρου
3053 2028 3143 2082 καὶ
3193 2027 3391 2090 ἱκανῶς
3445 2027 3849 2105 ἀφωσιωμένου

2201 2115 2543 2194 ὀφλήματος,
2591 2112 2737 2191 ἔχεις
2783 2121 2882 2170 τοῦ
2928 2110 3522 2192 προηταόεβλημὲνου
3568 2118 3667 2186 τήν
3722 2119 3846 2175 ἐπι-

2195 2205 2421 2281 καρπίαν
2465 2205 2601 2260 κατὰ
2642 2203 2850 2278 καιρόν.
2903 2206 3089 2280 Ἔχεις
3145 2202 3192 2260 δ’
3241 2200 3448 2275 ὁπόσην
3500 2205 3536 2274 ἡ
3594 2204 3645 2261 ἐν
3706 2211 3847 2283 ἡμῖν

2196 2293 2439 2349 ἀσθένεια
2493 2300 2594 2357 τῆς
2640 2294 2845 2367 σαρκὸς
2906 2292 3017 2367 ἅμα
3072 2293 3161 2348 καὶ
3216 2300 3318 2364 τῆς
3367 2290 3607 2356 διανοίας
3667 2316 3845 2373 παρα-

2197 2402 2392 2458 χωρει.

2276 2649 2339 2723 β’.
2376 2652 2597 2722 Πρῶτον
2653 2648 2746 2720 μὲν
2797 2647 2888 2702 οὗν
2940 2648 3046 2713 ἴσθι
3099 2650 3200 2718 τὴν
3251 2648 3565 2725 ἐκπόρευσιν
3616 2649 3705 2706 ἐπὶ
3750 2656 3857 2708 τοῦ

2202 2736 2355 2812 ἁγίου
2414 2736 2730 2809 Πνεύματος
2763 2782 2777 2807 ,
2833 2736 3034 2812 τρόπον
3096 2738 3373 2814 ὑπάρξεως
3406 2785 3421 2811 ,
3484 2740 3853 2811 ὑποστατικὴν

2204 2822 2449 2893 ἰδιότητα
2474 2872 2489 2897 ,
2521 2826 2699 2887 καθώς
2744 2824 2885 2879 ἐστιν
2936 2829 2971 2895 ἡ
3020 2824 3271 2901 γέννησις
3298 2826 3386 2882 ἐπὶ
3423 2832 3521 2883 τοῦ
3550 2830 3679 2884 ι’ἱοῦ
3713 2875 3729 2898 ,
3757 2831 3855 2885 καὶ

2200 2917 2235 2983 ἠ
2270 2913 2558 2989 ἀγεννησία
2614 2912 2701 2969 ἐπὶ
2758 2918 2853 2969 τοῦ
2906 2914 3135 2991 Πατρός.
3195 2914 3336 2972 Αὐτὸ
3385 2918 3489 2991 γὰρ
3535 2917 3599 2972 τὸ
3642 2920 3719 2991 μὴ
3759 2939 3857 2994 γε-

2201 3009 2507 3078 γεννῆσθαι,
2564 3000 2655 3056 καί
2709 3003 2771 3057 τὸ
2827 3010 3226 3077 γεγεννῆσθαι,
3289 3004 3380 3059 καὶ
3435 3005 3499 3059 τὸ
3557 3005 3852 3083 ἐκπορεύε-

2203 3103 2343 3163 σθαι,
2374 3090 2465 3145 τὸν
2503 3091 2597 3163 μὲν
2630 3090 2859 3167 Πατέρα,
2893 3092 2982 3146 τὸν
3038 3089 3097 3146 δὲ
3125 3092 3271 3163 Υἱὸν,
3321 3093 3384 3149 τὸ
3436 3090 3495 3149 δὲ
3531 3096 3681 3159 τοῦθ’
3713 3094 3853 3171 ὅπερ

2205 3179 2414 3255 λέγεται
2471 3184 2688 3251 Πνεῦμα
2735 3180 2905 3254 ἅγιον,
2962 3180 3421 3256 προσηγόρευσεν,
3481 3179 3558 3244 ὥς
3612 3202 3777 3260 φησιν
3820 3182 3854 3237 6

447 3253 789 3341 theologicis
812 3270 1237 3341 pertractandis
1258 3268 1508 3325 eximius
1530 3253 1845 3343 Gregorius
1866 3272 1965 3327 ait.
1981 3274 2083 3338 Qui

2198 3253 2372 3330 πολὺς
2423 3267 2475 3323 ἐν
2529 3253 2789 3341 θεολογία
2836 3253 3169 3344 Γρηγόριοςξ
3199 3253 3262 3324 Οἱ
3312 3266 3359 3324 δ’
3413 3253 3709 3343 ὁμώνυμον
3760 3269 3856 3326 ἐπὶ

444 3373 577 3413 vero
626 3357 688 3409 τὸ
736 3359 1045 3428 procedere
1088 3358 1147 3412 in
1178 3358 1398 3430 Spiritu
1428 3363 1631 3415 sancto
1663 3358 2084 3433 homonymum

445 3444 764 3509 afﬁrmant,
800 3445 1104 3517 assignant
1161 3445 1333 3501 aliam
1403 3463 1622 3514 vocem,
1671 3464 1797 3518 quis
1854 3449 2087 3521 proprie

439 3533 845 3589 exsistentiam
905 3533 1162 3604 Spiritus
1219 3534 1404 3589 sancti
1452 3539 1649 3603 notet;
1710 3536 1800 3591 sin
1862 3537 2083 3605 minus,

439 3619 976 3691 innascibilitatem,
1007 3624 1064 3677 et
1095 3622 1544 3678 nascibilitatem
1591 3623 1650 3677 in
1701 3624 1831 3681 aliis
1870 3626 2083 3682 divinis

2192 3361 2289 3411 τοῦ
2320 3356 2476 3431 ἁγίου
2528 3357 2838 3429 [Ινεύματος
2888 3355 3121 3419 τιθέντες
3177 3357 3239 3411 τὸ
3290 3356 3706 3433 ἐκπορεύεσθαι,
3760 3356 3856 3414 δό-

2191 3466 2367 3500 τωσαν
2395 3445 2576 3520 ἱτέραν
2610 3444 2794 3518 φωνὴν
2825 3452 2925 3513 τῆς
2962 3449 3059 3499 τοῦ
3105 3444 3261 3520 ἁγίου
3316 3446 3627 3520 Πνεύματος
3675 3448 3851 3524 ὑπάρ-

2194 3534 2325 3604 ξεως
2375 3531 2526 3596 ἰδίως
2576 3536 2939 3605 σημαντικήν,
2984 3535 3019 3602 ἢ
3074 3534 3180 3606 μὴν
3230 3533 3318 3589 καὶ
3365 3536 3465 3604 τήν
3504 3535 3848 3611 ἆγεννησίαν,

2191 3622 2279 3676 καὶ
2308 3621 2687 3697 τῆν’γέννησιν
2737 3621 2824 3676 ἐπὶ
2872 3626 2978 3676 τῶν
3029 3620 3216 3677 ἄλλων
3263 3629 3366 3693 τῆς
3414 3622 3671 3693 θεότητος
3706 3625 3848 3680 ὑπο-

443 3708 861 3781 bypostasibus
880 3710 1084 3765 eodem
1116 3716 1351 3782 stupore
1376 3710 1771 3784 homonymon
1793 3718 2080 3770 astruant.

2195 3712 2421 3764 πάσεων
2486 3710 2619 3782 μετὰ
2674 3716 2741 3778 ἧς
2793 3709 2960 3779 αὐτῆς
3013 3709 3394 3785 παραπληξίας
3443 3712 3846 3785 ὁμωνυμείτω-

443 3796 672 3852 Etenim
723 3796 785 3850 τὸ
834 3799 1142 3870 procedere
1188 3815 1320 3855 cum
1369 3801 1544 3855 rebus
1592 3800 1723 3857 aliis
1768 3818 2081 3871 annexum,

446 3900 649 3940 eorum
722 3886 1074 3955 quibuscum
1149 3889 1548 3956 construitur,
1613 3890 2082 3960 conjunctionem

446 3972 819 4044 signiﬁcabit,
858 3975 1016 4029 verbi
1073 3975 1303 4045 gratia:
1353 3978 1581 4032 Fluviu:
1625 3993 1695 4032 ea:
1742 3978 1914 4034 Edam
1955 3995 2081 4050 pro-

443 4060 630 4125 cedit;
676 4065 732 4117 et
783 4061 889 4117 hoc
926 4079 939 4116 :
988 4063 1317 4118 Procedebat
1344 4065 1529 4136 foras,
1563 4074 1615 4120 et
1658 4066 1978 4137 loquebatur
2022 4069 2084 4122 in

442 4150 724 4222 ἰιίἰριςιιηι,⁸
779 4155 1181 4205 verumtamen
1234 4151 1451 4222 Spiritu
1508 4158 1709 4209 sancto
1766 4170 2081 4227 annexum,

441 4238 633 4310 ipsam
658 4242 716 4293 et
745 4237 929 4293 solam
951 4238 1205 4309 Spiritus
1231 4238 1416 4294 sancti
1441 4239 1840 4296 exsistentiam
1867 4241 2084 4314 signiti-

441 4330 552 4395 cat,
576 4331 641 4381 ut
670 4326 729 4380 in
753 4325 1101 4398 Evangeliis,
1123 4328 1221 4397 qui
1248 4326 1409 4382 solus
1435 4327 1670 4398 sapiens
1690 4335 1797 4395 est,
1820 4330 2079 4385 tradidit.

443 4415 717 4487 Progredi
748 4430 903 4482 vero,
937 4418 994 4469 et
1021 4414 1317 4487 eﬁ‘ulgere,
1349 4420 1408 4470 et
1454 4416 1503 4471 si
1550 4416 1686 4486 quid
1737 4417 1929 4474 simile
1972 4424 2080 4485 est,

442 4502 574 4559 aliis
630 4504 805 4562 rebus
871 4519 1129 4558 connexa
1185 4503 1330 4559 alios
1387 4521 1596 4561 sensus
1653 4506 2076 4576 praeseferunt;

2193 3819 2308 3853 σαν.
2342 3800 2467 3854 Μεθ’
2515 3797 2708 3872 ἐτέρων
2763 3798 2858 3871 μὲν
2907 3799 3007 3873 γὰρ
3057 3800 3389 3875 πραγμάτων
3437 3801 3501 3854 τὸ
3554 3799 3847 3877 ἐκπορεύε-

2193 3889 2311 3941 σθαι
2371 3887 2815 3959 συνταττόμενον,
2876 3889 2960 3949 οἷς
3009 3887 3068 3942 ἂν
3121 3889 3464 3943 συντάττοιτο
3499 3934 3513 3959 ,
3572 3885 3850 3959 δηλώσειε

2190 3976 2254 4030 τὸ
2308 3973 2660 4046 κατάλληλον
2703 4020 2718 4044 ,
2778 3975 2852 4038 ὡς
2910 3976 2973 4030 τὸ
3007 4018 3022 4043 ,
3072 3976 3329 4049 Ποταμὸς
3386 3975 3436 4049 ἐξ
3467 3974 3633 4050 Ἐδέμ
3682 3976 3849 4033 ἐκπο-

2193 4063 2443 4138 ρεύεται,
2501 4064 2590 4118 καὶ
2671 4064 3046 4141 Ἐξεπορεύετο
3125 4063 3226 4135 ἔξω
3259 4110 3272 4136 ,
3330 4065 3420 4120 καὶ
3494 4064 3679 4121 ἐλάλει
3753 4066 3843 4122 ἐπὶ

2188 4152 2252 4207 τὸ
2306 4152 2456 4211 αὐτὸ.
2512 4153 2656 4207 Κατὰ
2714 4150 2771 4208 δὲ
2824 4157 2922 4208 τοῦ
2980 4152 3133 4229 ἁγίου
3165 4153 3480 4227 Πνεύματος
3515 4154 3838 4230 εὑρισκόμε-

2190 4261 2301 4312 νον,
2354 4240 2519 4308 αὐτὴν
2550 4241 2639 4294 καὶ
2669 4239 2836 4313 μόνην
2870 4241 3126 4313 σημαίνει
3154 4242 3252 4310 τὴν
3312 4246 3410 4296 τοῦ
3465 4241 3622 4317 ἁγίου
3668 4242 3839 4299 Πνεύ-

2195 4349 2363 4401 ματος
2411 4328 2653 4404 ὕπαρξιν,
2701 4330 2877 4391 καθὼς
2910 4328 2960 4384 ἐν
3012 4327 3369 4406 Εὐαγγελίοις
3400 4330 3429 4384 6
3463 4330 3626 4403 μόνος
3673 4332 3839 4409 σοφὸς

2190 4413 2556 4494 παραδέδωκε.
2614 4418 2684 4471 Τὸ
2741 4412 2799 4470 δέ
2850 4438 2910 4492 γε
2956 4418 3340 4492 προέρχεσθαι,
3388 4416 3480 4473 καί
3519 4419 3581 4473 τὸ
3629 4417 3838 4494 ἐκλάμ-

2190 4525 2329 4573 πειν,
2361 4505 2449 4559 καὶ
2485 4501 2537 4558 εἷ’
2576 4525 2627 4559 τι
2682 4508 2952 4572 τοιοῦτον,
3005 4501 3200 4567 ἄλλοις
3254 4506 3349 4579 μὶν
3395 4506 3484 4562 καὶ
3535 4505 3672 4561 αὐτὰ
3720 4528 3841 4563 συν-

441 4592 622 4647 veluti
655 4610 668 4648 :
719 4592 1091 4663 Progredilur
1121 4594 1269 4654 Rex;
1300 4597 1357 4648 et
1393 4609 1405 4647 :
1449 4595 1595 4649 Jum'
1619 4594 1910 4665 fulgebunt
1937 4597 2080 4651 sicut

2195 4593 2440 4665 τιθέμενα
2494 4592 2823 4668 πράγμασιν,
2884 4591 3056 4654 ἄλλας
3111 4594 3314 4657 ἐννοίας
3374 4595 3704 4671 εἰσάγουσιν,
3762 4596 3838 4659 ὠς

443 4682 544 4749 sol,
574 4698 698 4751 quas
746 4681 803 4735 in
854 4680 1067 4735 divinis
1116 4686 1442 4752 assumpta,
1475 4682 1533 4735 in
1578 4682 1796 4754 Spiritu
1847 4683 2081 4753 quidem

2195 4681 2274 4749 sti,
2318 4682 2660 4757 Ιιροέρχεται
2716 4682 2745 4735 ὁ
2810 4679 3061 4754 βασιλεὺς
3097 4722 3112 4749 ,
3169 4683 3307 4752 καὶ,
3367 4685 3431 4738 Ol
3488 4682 3688 4740 δίκαιοι
3748 4684 3835 4741 ἐκ·

446 4769 697 4840 Spiritus
744 4769 932 4825 sancti
984 4768 1379 4825 exsistentiam
1436 4769 1788 4841 significant,
1830 4772 1887 4826 iu
1938 4772 2083 4828 Filio

444 4861 639 4912 autem
679 4857 804 4910 Filii
832 4882 846 4924 ;
896 4861 953 4911 et
995 4857 1353 4923 testimonia,
1384 4874 1510 4927 quae
1539 4856 1795 4929 plurima
1825 4864 1986 4931 sunt,
2015 4878 2083 4915 ex

405 5015 407 5017 ι
440 4945 626 5000 sacris
658 4945 909 5010 Litteris,
941 4944 999 4998 in
1045 4948 1320 5016 promptu
1356 4949 1495 5000 sunt
1524 4947 1901 5017 perquirenti.

2194 4768 2498 4841 λάμψουσιν
2559 4770 2633 4830 ὡς
2693 4770 2721 4823 ὁ
2776 4767 2960 4837 ἥλιος,
3018 4767 3069 4823 ἐν
3133 4769 3390 4843 θεολογίᾳ
3433 4768 3490 4826 δὲ
3545 4773 3841 4848 παραλαμ-

2192 4853 2483 4931 ϐανόμενα,
2542 4861 2610 4931 τῇ
2670 4857 2763 4928 μὲν
2841 4855 2963 4932 περὶ
3033 4861 3130 4911 τοῦ
3189 4859 3509 4931 Πνεύματος
3579 4862 3681 4929 τὴν
3739 4867 3838 4916 τοῦ

2193 4946 2504 5019 ΙΙνεύματος
2560 4946 2915 5018 σημαίνουσιν
2976 4945 3197 5021 ὕπαρξιν
3232 4994 3247 5019 ,
3299 4951 3367 5021 τῇ
3442 4944 3501 5002 δὲ
3554 4949 3679 5024 περὶ
3738 4955 3839 5005 τοῦ

438 5031 584 5101 Υἱοῦ,
642 5031 741 5099 τὴν
795 5035 892 5085 τοῦ
950 5031 1097 5099 Υὶοῢ,
1154 5032 1244 5085 καὶ
1298 5033 1391 5092 τὰς
1452 5033 1746 5109 μαρτυρίας
1804 5033 2024 5111 εὐχερὲς
2076 5040 2155 5108 τῷ
2215 5032 2538 5110 βουλομένῳ
2594 5032 2811 5096 πολλάς
2865 5055 2927 5109 γε
2958 5032 3117 5096 οὔσας
3164 5034 3225 5090 ἐκ
3278 5042 3378 5105 τῆς
3439 5037 3587 5113 ἱερᾶς
3614 5043 3843 5116 Γραφῆς

432 5117 784 5192 ἀναλέγεσθαι

501 5209 555 5262 3.
587 5208 1101 5264 Verumenimvero
1129 5208 1379 5280 Spiritus
1422 5212 1608 5268 sancti
1641 5214 2071 5284 processionem

427 5313 496 5354 ex
523 5297 691 5352 Patre
723 5313 823 5367 per
853 5295 1065 5351 Filium
1096 5311 1225 5352 esse
1256 5296 1443 5353 multo
1467 5301 1593 5370 jam
1628 5307 1797 5358 antea
1827 5302 1885 5357 in
1932 5319 2074 5357 con-

428 5386 602 5442 fessis
631 5390 781 5451 erat,
814 5389 873 5440 et
905 5400 1087 5453 usque
1118 5386 1187 5439 ad
1222 5385 1343 5440 haec
1376 5393 1575 5443 nostra
1606 5395 1869 5461 tempora
1899 5408 1931 5446 a
1962 5391 2075 5463 piis

432 5473 771 5530 hominibus
821 5471 1124 5539 asseritur,
1170 5479 1228 5528 et
1273 5473 1446 5529 veluti
1504 5494 1814 5536 commune
1864 5481 2078 5552 dogma

433 5561 700 5618 Εοοιωδὶςιε
734 5559 1029 5632 recipitur.
1065 5560 1175 5616 Sed
1209 5577 1323 5616 non
1365 5562 1460 5617 diu
1512 5570 1620 5630 est,
1652 5583 1719 5622 ex
1768 5585 1881 5637 quo
1930 5585 2076 5624 non-

435 5649 582 5708 nulli
605 5649 851 5707 rixlioule
876 5648 1089 5719 dicam,
1112 5665 1185 5705 an
1210 5649 1534 5707 miserrime
1557 5654 1764 5725 aﬂ‘ecti,
1794 5657 1936 5711 dum
1958 5655 2075 5712 vel-

2252 5220 2318 5286 γ’.
2343 5213 2410 5266 Τὸ
2443 5210 2500 5267 δὲ
2535 5213 2635 5281 τὴν
2680 5215 2778 5265 τοῦ
2827 5210 2986 5285 ἁγίου
3038 5211 3358 5285 Πνεύματος
3406 5212 3722 5288 ἐκπόρευσιν
3767 5211 3841 5270 δι’

2183 5302 2311 5355 Υἱοῦ
2369 5301 2499 5356 εἶναι
2555 5301 2701 5375 παρὰ
2748 5299 2963 5376 ΙΙατρὸς
3021 5299 3469 5377 ὁμολογούμενον
3522 5302 3588 5371 ἦν
3646 5301 3838 5357 ἀνεκα-

2185 5391 2288 5459 θεν,
2342 5390 2430 5444 καὶ
2476 5387 2583 5451 ἕως
2638 5391 2797 5461 ἡμῶν
2854 5393 2973 5450 τοῖς
3034 5384 3271 5443 εὐσεϐέσι
3329 5391 3420 5444 καὶ
3468 5384 3837 5465 πρεσϐευόμε-

2183 5498 2297 5547 νον,
2348 5478 2439 5532 καὶ
2488 5478 2576 5531 οἷα
2623 5473 2806 5550 δόγμα
2846 5476 3024 5530 κοινὸν
3074 5477 3479 5551 ἀνατεθειμένον
3508 5482 3578 5552 τῇ
3608 5475 3841 5548 Ἐκκλη-

2187 5564 2275 5636 σίᾳ
2332 5571 2429 5621 τοῦ
2487 5570 2639 5621 Θεοῦ.
2704 5564 2899 5640 Καιρὸς
2956 5561 2999 5618 δ’
3054 5563 3116 5618 ού
3174 5563 3395 5639 πολὺς,
3446 5566 3498 5638 ἐξ
3569 5566 3633 5621 οὗ
3696 5584 3839 5629 τινες

2186 5652 2379 5710 ἔπαθόν
2409 5676 2457 5709 τι
2490 5653 2859 5731 γελοιότατον,
2891 5653 2926 5722 ἢ
2965 5650 3177 5727 μᾶλλον
3232 5654 3423 5728 εἰπεῖν,
3470 5653 3835 5730 ἀθλιώτατον,
