4110 6422
330 451 449 515 569

1210 450 1313 514 DE
1357 448 1896 516 PROCESSIONE
1942 440 2010 514 S.
2054 445 2413 515 SPIRITUS
2455 445 2750 512 ORATIO
2790 444 2872 510 Il.

2295 270 2325 297 ο

3617 435 3740 501 570

332 580 666 660 βουλόμενοι
737 580 841 659 γὰρ
905 581 965 638 ἐκ
1006 582 1318 659 περιουσίας
1368 580 1597 653 ἀνελεῖν,
1645 583 1728 651 τὸ,
1778 582 1838 637 ἐκ
1883 586 1977 636 τοῦ

2093 582 2210 639 lent
2239 583 2471 655 penitus
2502 598 2571 637 ex
2598 581 2737 638 Fitio
2766 578 2989 650 tollere,
3021 594 3140 634 una
3192 592 3326 633 cum
3376 588 3444 631 eo
3474 570 3731 631 sustule-

326 674 480 741 Ποῦ,
515 668 819 727 συνανεῖλαν
866 670 1013 744 αύτῷ
1057 670 1148 727 καὶ
1194 673 1276 743 τὸ,
1321 668 1390 725 δι’
1440 672 1587 744 Υἱοῦ,
1639 671 1728 726 καὶ
1778 671 1845 726 τὰ
1894 669 1975 726 δι-

330 758 586 835 δάγματα
611 765 718 815 τῶν
750 760 1022 815 τοσούτων
1057 760 1250 836 ἁγίων,
1283 759 1419 815 ὅπου
1449 761 1543 830 μὲν
1586 761 1653 830 ἧν
1694 781 1780 822 τις
1828 755 1973 828 λαϐὴ

329 847 586 920 δοκοῦσα,
637 845 975 925 ὃιέστρεψαν.
1020 848 1156 904 ὅπου
1207 847 1251 904 δ’
1300 849 1399 905 οὐκ
1443 850 1510 919 ἦν
1561 847 1837 922 οὐδαμῶς,
1896 848 1976 912 ὡς

329 937 634 1015 ἀσύμφωνα
690 934 847 1007 δῆθεν
913 944 1030 1000 τοῖς
1105 936 1340 1001 πολλοῖς
1421 935 1815 1015 διεκρούσαντο.
1875 937 1975 992 Καὶ

328 1025 468 1081 ὅπου
522 1027 616 1100 μὲν
663 1026 732 1094 ἦν
777 1027 840 1081 τὸ
870 1025 930 1080 ἐκ
956 1030 1055 1081 τοῦ
1083 1027 1294 1103 Πατρὸς
1344 1026 1450 1083 εἷ’τε
1494 1033 1838 1103 προχεῖσθαι,
1872 1024 1977 1080 εἴτε

324 1115 696 1191 προέρχεσθαι
734 1115 798 1169 τὸ
844 1118 1072 1187 Πνεῦμα
1120 1114 1183 1169 τὸ
1235 1116 1407 1188 ἅγιον,
1440 1115 1527 1169 ἐπὶ
1565 1121 1668 1184 τῆς
1716 1112 1973 1189 ἐκπορεύ-

328 1224 469 1266 σεως
515 1199 870 1278 παρεδέξαντο
913 1204 981 1258 τὰ
1032 1202 1288 1276 ὀνόματα·
1341 1203 1478 1259 ὅπου
1527 1201 1585 1259 δὲ
1630 1204 1692 1258 τὸ
1743 1201 1812 1258 δι’
1852 1204 1977 1256 Υἱοῦ

328 1290 670 1369 προσέκειτο,
710 1292 809 1361 τήν
860 1291 1127 1368 πρόχυσιν
1175 1291 1286 1347 ἐκεῖ
1327 1292 1416 1347 καὶ
1453 1293 1552 1361 τὴν
1598 1288 1856 1368 πρόοδον,
1888 1291 1977 1346 καὶ

327 1375 386 1434 εἴ
406 1398 461 1432 τι
492 1375 633 1433 ἄλλο
663 1382 908 1433 τοιοῦτον
942 1378 1059 1434 ἀντὶ
1088 1385 1190 1449 τῆς
1222 1375 1428 1455 δωρεᾶς
1467 1378 1798 1457 ἐξειλήφασι.

405 1552 469 1612 δ’.
517 1552 741 1617 Σύνεσις
791 1552 852 1610 δὲ
898 1553 1124 1628 οὐδεμία
1171 1557 1579 1632 συνεωρακέναι,
1619 1561 1832 1627 πρῶτον
1883 1556 1975 1630 μὲν

325 1642 417 1699 ὅτι
478 1640 685 1698 πολλοὶ
735 1647 842 1698 τῶν
918 1643 1083 1719 ἁγίων
1152 1645 1404 1718 Πατέρων
1470 1642 1826 1721 έδογμάτισαν
1890 1642 1979 1699 καί

327 1728 453 1786 λίαν
482 1732 788 1809 σαφέστατα
825 1733 888 1787 τὸ
920 1729 1008 1787 διὰ
1034 1736 1132 1788 τοῦ
1163 1734 1291 1788 Υἱοῦ
1332 1733 1396 1788 τὸ
1447 1735 1670 1806 Πνεῦμα
1711 1735 1774 1788 τὸ
1823 1735 1976 1809 ἅγιον

322 1823 426 1875 τοῦ
481 1821 699 1887 Πατρὸς
756 1819 1158 1897 ἐκπορεύεσθαι,
1187 1821 1251 1876 τὸ
1301 1819 1358 1876 δὲ
1409 1823 1485 1894 μὴ
1537 1820 1627 1877 διὰ
1680 1827 1778 1877 τοῦ
1828 1824 1979 1895 Υἱοῦ,

319 1912 435 1963 τῶν
466 1907 615 1963 ὅλων
650 1906 828 1972 οὐδεὶς
855 1914 924 1984 τῇ
957 1909 1214 1985 θεολογίᾳ
1259 1906 1578 1986 προσέθετο,
1608 1910 1756 1981 πλὴν
1808 1910 1856 1965 εἶ
1901 1912 1975 1984 μή
2010 1950 2059 2015 Β

317 2017 410 2058 τις
458 1995 661 2072 εἰσάγει
709 1997 771 2052 τὸ
814 2002 911 2053 τοῦ
941 1996 1300 2075 Θεοδωρήτου
1344 1998 1672 2077 φιλόνεικον.
1706 2001 1783 2054 Δι’
1813 2001 1841 2056 ’ὁ
1890 1999 1979 2055 καὶ

322 2085 632 2162 καθῄρητο,
710 2085 801 2141 καὶ
884 2086 1314 2162 ἀποκεκήρυκτο,
1397 2087 1494 2143 κᾶν
1586 2087 1803 2165 ὕστερον
1886 2110 1980 2144 κα-

319 2174 618 2247 τεγνωκὼς
667 2172 756 2228 καὶ
806 2173 966 2237 αὐτὸς
1017 2174 1230 2243 ἑαυτοῦ,
1278 2175 1368 2230 καὶ
1414 2174 1540 2238 τοὺς
1592 2175 1825 2239 οἰκείους
1886 2175 1981 2233 λό-

323 2280 484 2337 γους,
515 2261 634 2316 ὅσοι
687 2268 789 2332 τῆς
838 2268 1156 2339 θεοστυγοῦς
1208 2260 1410 2340 ἔριδος,
1457 2263 1981 2339 ἀποσκευασάμενος,

329 2348 399 2405 οὗ
453 2351 559 2423 μὴν
606 2348 754 2407 ἀλλὰ
798 2351 889 2406 καὶ
928 2358 1047 2414 ταῖς
1087 2356 1185 2407 τοῦ
1236 2353 1568 2426 ἀναθέματος
1617 2353 1771 2430 ἀραῖς
1817 2365 1982 2418 καθυ-

330 2433 622 2511 ποϐαλὼν,
660 2439 823 2512 μόλις
853 2439 996 2495 οὕτω
1024 2438 1406 2517 προσδέδεκτο.

416 2618 474 2672 ε’.
508 2616 762 2693 Δεύτερον
813 2614 890 2691 δὲ,
921 2617 985 2672 τὸ
1011 2619 1148 2680 ’πῶς
1198 2618 1257 2674 ἂν
1311 2616 1433 2694 ἔχοι
1474 2621 1502 2674 6
1551 2621 1674 2682 Υἱὸς
1722 2625 1983 2697 χορηγεῖν

336 2706 405 2760 τὸ
456 2710 697 2779 Πνεῦμα,
735 2707 811 2779 μὴ
857 2708 995 2762 κατά
1038 2727 1157 2761 τινα
1205 2706 1388 2783 σχέσιν
1439 2709 1620 2784 ἑτέραν
1685 2716 1785 2779 τῆς
1849 2710 1985 2783 ὁμο-

337 2794 662 2864 ουσιότητος
715 2795 1060 2870 ᾠκειωμένον
1109 2794 1291 2868 αύτῷ;
1323 2796 1386 2852 Εἰ
1435 2797 1538 2874 γὰρ
1584 2797 1646 2852 τὸ
1696 2797 1989 2872 ὁμοούσιον

334 2880 512 2938 αἴτιον
540 2888 622 2956 τῷ
648 2884 761 2956 Υἱῷ
797 2889 900 2954 τῆς
948 2883 1222 2960 χορηγίας
1270 2889 1367 2939 τοῦ
1415 2891 1437 2941 Ι
1447 2885 1754 2961 Ινεύματος,
1788 2886 1823 2955 ἢ
1847 2887 1989 2949 τινὸς

334 2976 449 3026 τῶν
506 2970 717 3043 ἄλλων,
768 2973 842 3027 ὧν
903 2970 1049 3048 ἔχειν
1109 2971 1320 3050 λέγεται
1379 2975 1526 3050 παρὰ
1590 2979 1688 3030 τοῦ
1736 2975 1862 3031 Υἱοῦ
1924 2975 1989 3030 τὸ

335 3064 589 3133 Πνεῦμα,
635 3059 754 3115 ἐπεὶ
813 3059 992 3134 ὥσπερ
1043 3060 1071 3115 6
1117 3061 1240 3123 Υἱὸς
1290 3066 1370 3133 τῷ
1437 3062 1709 3135 Πνεύματι
1780 3062 1987 3137 ὁμοού-

337 3166 481 3218 σιον,
515 3146 660 3202 οὕτω
694 3148 783 3202 καὶ
812 3147 875 3202 τὸ
904 3152 1131 3221 Πνεῦμα
1158 3153 1237 3221 τῷ
1280 3150 1409 3222 riis,
1441 3156 1679 3226 χορηγεῖ
1720 3147 1778 3207 δὲ
1807 3152 1850 3205 ὁ.
1864 3151 1987 3214 Υἱὸς

336 3231 403 3290 τὸ
451 3239 700 3307 Πνεῦμα,
730 3237 1041 3314 χορηγήσοι
1095 3235 1154 3291 ἃν
1204 3236 1294 3292 καὶ
1342 3238 1404 3292 τὸ
1451 3243 1673 3311 Πνεῦμα
1709 3240 1798 3295 τὸν
1832 3239 1979 3299 Υἱόν.

2087 674 2225 727 runt
2252 676 2308 728 et
2333 687 2432 743 per
2460 672 2692 735 Filium,
2707 673 2764 725 et
2786 673 3084 726 tantorum
3104 667 3338 724 Patrum
3358 665 3730 731 documenta,

2086 761 2134 815 si
2184 778 2300 833 qua
2344 761 2635 833 captionis
2678 758 2929 814 dabatur
2976 773 3137 825 ansa,
3183 754 3605 828 perverterunt,
3634 750 3728 806 sin

2085 865 2217 905 vero
2248 849 2410 904 nulla
2440 848 2775 921 apparebat,
2809 851 2936 902 tum
2970 846 3089 914 illa,
3122 848 3404 915 tanquam
3436 858 3564 913 quae
3593 855 3730 895 cum

2085 938 2291 994 multis
2322 937 2453 993 aliis
2501 954 2616 993 non
2669 936 3073 1001 convenirunt,
3108 934 3454 1005 rejecerunt.
3490 931 3563 986 Et
3605 928 3731 984 ubi-

2085 1042 2314 1097 cunque
2355 1031 2480 1081 erat
2529 1042 2598 1081 ex
2628 1030 2797 1080 Patre
2845 1025 2964 1080 sive
3013 1022 3257 1089 eﬂ'undi,
3288 1021 3408 1076 sive
3459 1033 3731 1075 emanare

2086 1115 2367 1187 Spiritum
2418 1120 2709 1182 sanctum,
2742 1116 2812 1170 de
2862 1113 3232 1186 processione
3276 1125 3444 1167 voces
3491 1121 3730 1178 accepe-

2086 1208 2244 1275 runt,
2290 1203 2626 1276 ubicunque
2674 1220 2807 1259 vero
2854 1219 2957 1274 per
2985 1200 3199 1257 Filium
3241 1212 3533 1256 annexum
3582 1197 3726 1262 erat,

2086 1292 2429 1348 effusionem
2462 1292 2563 1358 ibi,
2595 1296 2652 1347 et
2697 1290 3147 1357 emanationem,
3180 1292 3238 1344 et
3277 1286 3328 1343 si
3377 1284 3520 1359 quid
3568 1282 3725 1340 aliud

2086 1381 2324 1452 simile,
2400 1397 2505 1453 pro
2563 1381 2712 1437 dono
2749 1424 2764 1450 ,
2839 1383 2897 1436 et
2945 1394 3187 1436 munere
3242 1375 3356 1432 dici
3415 1372 3728 1431 contende-

2086 1474 2244 1525 runt.

2158 1560 2210 1612 4.
2242 1558 2442 1630 Neque
2472 1557 2592 1614 ulla
2621 1557 2742 1613 illis
2774 1556 3086 1630 prudentia
3115 1553 3303 1612 adfuit
3332 1549 3728 1608 discernendi.

2088 1646 2349 1703 Primum
2378 1647 2615 1719 quidem
2649 1646 2868 1702 multos
2900 1649 3132 1702 sanctos
3163 1645 3362 1699 Patres
3391 1644 3448 1698 et
3484 1638 3733 1713 apertis-

2088 1736 2235 1791 sime
2264 1735 2501 1791 omnino
2541 1735 2861 1792 sancivisse
2908 1751 3011 1807 per
3058 1732 3268 1789 Filium
3297 1730 3577 1803 Spiritum
3609 1744 3739 1783 san-

2089 1828 2253 1880 ctum
2286 1840 2353 1880 ex
2385 1828 2554 1880 Patre
2602 1824 2934 1896 procedere,
2968 1826 3027 1878 at
3067 1838 3170 1893 per
3198 1818 3407 1876 Filium
3455 1833 3571 1873 non
3600 1832 3733 1889 pro-

2089 1914 2292 1969 cedere
2362 1913 2610 1983 nullum,
2674 1913 2816 1968 dum
2873 1913 2944 1967 de
3000 1911 3176 1967 rebus
3253 1906 3464 1963 divinis
3514 1908 3730 1978 ageret,

2090 2000 2437 2068 afﬁrmasse,
2456 2001 2569 2057 nisi
2601 2001 2734 2073 quis
2765 2001 2873 2057 hoc
2894 2018 2929 2056 a
2954 1999 3314 2055 Theodoreto
3343 1992 3733 2052 contentionis

2089 2087 2227 2144 vitio
2272 2088 2491 2145 dictum
2522 2088 2582 2145 in
2635 2089 2895 2144 medium
2934 2088 3160 2154 afferat,
3190 2087 3426 2158 propter
3454 2080 3609 2154 quod
3641 2080 3736 2135 de-

2091 2176 2319 2249 positus
2349 2180 2406 2233 et
2424 2178 2785 2250 proscriptus
2803 2181 2930 2244 est;
2962 2174 3096 2231 licet
3127 2176 3328 2247 postea
3347 2170 3733 2242 semetipsum

2092 2266 2509 2336 condemnans,
2542 2265 2911 2322 sermonibus
2958 2262 3210 2336 propriis
3239 2276 3388 2333 quos
3428 2273 3738 2315 exsecran-

2093 2355 2178 2410 da!
2238 2355 2629 2410 contentionis
2685 2354 2878 2410 studio
2935 2352 3248 2417 etfutierat,
3322 2346 3625 2421 ablegatis,
3683 2348 3741 2400 et

2094 2442 2487 2500 anathematis
2531 2443 2676 2500 diris
2724 2442 3005 2509 subactis,
3044 2440 3140 2496 vix
3182 2439 3422 2495 tandem
3469 2437 3737 2507 receptus

2093 2532 2194 2589 sit.

2164 2621 2219 2677 5.
2262 2623 2526 2678 Secundo
2577 2637 2732 2691 vero,
2783 2636 3037 2692 quonam
3085 2618 3255 2674 modo
3304 2611 3737 2689 possetFilius

2093 2711 2372 2785 Spiritum
2402 2710 2622 2784 largiri,
2657 2710 2770 2766 nisi
2799 2713 2953 2766 esset
2977 2709 3122 2781 [cum
3150 2724 3217 2763 eo
3269 2705 3467 2778 aliqua
3489 2701 3605 2759 alia
3631 2700 3739 2758 ha-

2096 2799 2385 2866 bitudine,
2445 2816 2623 2871 quam
2655 2795 3286 2854 consubstantialitatis
3332 2793 3683 2864 conjunctus
3707 2790 3736 2846 ?

2095 2887 2342 2954 Etenim,
2377 2887 2425 2943 si
2448 2884 3083 2944 consubstantialitatis
3121 2900 3301 2940 causa
3329 2882 3388 2937 in
3411 2880 3554 2937 Filio
3583 2882 3739 2936 esset

2098 2976 2588 3049 suppeditationis
2610 2975 2887 3047 Spiritus,
2912 2974 3030 3030 sive
3048 2972 3291 3030 alterius
3313 2968 3640 3042 cujuspiam
3671 2984 3741 3024 ex

2096 3065 2170 3121 iis
2219 3082 2347 3137 quae
2391 3064 2642 3137 Spiritus
2691 3064 2904 3121 habere
2954 3063 3169 3118 dicitur
3224 3079 3259 3116 a
3308 3058 3472 3131 Filio,
3504 3058 3739 3130 quando

2097 3154 2593 3224 quemadmodum
2636 3153 2900 3224 ejusdem
2930 3149 3193 3208 essentia
3223 3152 3313 3205 est
3358 3163 3493 3203 cum
3521 3145 3738 3219 Spiritu

2100 3241 2319 3310 Filius;
2379 3241 2463 3298 ita
2515 3245 2572 3298 et
2627 3241 2882 3314 Spiritus
2928 3256 3061 3296 cum
3109 3238 3274 3307 Filio,
3306 3235 3556 3309 largitur
3602 3249 3736 3289 vero

332 3320 502 3381 Ἵδιον
556 3324 616 3378 τὸ
664 3328 887 3397 Πνεῦμα
930 3329 1028 3380 τοῦ
1075 3326 1224 3395 Υῖοῦ,
1264 3323 1402 3389 ἴδιος
1453 3325 1511 3381 ἂν
1556 3326 1773 3403 λέγοιτο
1819 3328 1910 3383 καὶ
1958 3329 1986 3385 6

2098 3330 2281 3386 Filius
2323 3330 2626 3402 Spiritum,
2656 3313 3059 3402 suppeditaret
3102 3342 3337 3399 quoque
3365 3322 3578 3379 Filium
3608 3321 3737 3394 Spi—

335 3412 463 3473 m:
507 3416 606 3467 τοῦ
653 3411 994 3485 Πνεύματος.
1030 3412 1382 3470 Ἀποστέλλει
1415 3416 1443 3469 6
1471 3416 1591 3478 Υἱὸς
1633 3416 1695 3471 τὸ
1741 3421 1983 3492 Πνεῦμα,

334 3501 428 3555 καὶ
484 3500 646 3564 αὐτὸς
704 3500 780 3562 ὡς
823 3503 952 3564 Θεὸς
998 3500 1425 3575 ἀνταποπαλείη
1479 3504 1625 3580 παρά
1668 3509 1768 3560 τοῦ
1817 3504 1984 3561 ΙΙνεύ-

341 3610 529 3663 ματος.
593 3591 800 3645 Ἐκεῖνα
874 3589 1037 3647 λαλεῖ
1088 3592 1150 3646 τὸ
1205 3597 1445 3666 Πνεῦμα,
1504 3591 1601 3648 ὅσα
1668 3592 1727 3648 ἂν
1796 3593 1982 3650 ἀκούοι

337 3679 486 3754 παρά
536 3683 636 3734 τοῦ
680 3679 829 3751 Υἱοῦ,
860 3680 951 3735 καὶ
1000 3681 1029 3735 6
1073 3680 1196 3743 Υἱὸς
1244 3680 1417 3737 έκεῖεα
1462 3679 1718 3753 λαλήσει,
1775 3682 1877 3738 ὅσα
1924 3684 1982 3738 ἂν

337 3766 588 3823 ἀκούσειε
642 3767 789 3844 παρὰ
838 3771 935 3823 τοῦ
993 3767 1324 3842 Πνεύματος.
1375 3772 1469 3824 Ἐκ
1512 3774 1608 3825 τοῦ
1657 3772 1783 3825 Υίοῦ
1841 3770 1984 3845 λαμ-

334 3850 485 3912 ϐάνει
532 3855 598 3911 τὸ
645 3860 889 3929 Πνεῦμα,
920 3855 1160 3931 λήψαιτο
1205 3857 1294 3913 καὶ
1327 3859 1355 3912 6
1394 3858 1517 3922 Υἱὸς
1565 3859 1625 3913 ἐκ
1666 3863 1764 3914 τοῦ
1822 3860 1985 3916 Πνεύ-

339 3965 532 4018 ματος.
593 3946 693 4000 Διὰ
761 3950 859 4000 τοῦ
932 3946 1060 4001 Υἰοῦ
1116 3947 1179 4001 τὸ
1233 3951 1456 4021 Πνεῦμα
1531 3949 1849 4003 συνάπτεται
1903 3955 1984 4022 τῷ

336 4032 531 4108 Ππρί,
580 4033 670 4087 καὶ
723 4034 752 4087 6
796 4034 917 4096 Υἱὸς
978 4031 1067 4088 8ιά
1111 4038 1207 4089 τοῦ
1272 4033 1590 4108 Πνεύματος
1659 4038 1981 4093 συνάπτοιτο

328 4127 411 4195 τῷ
466 4122 654 4194 οἰκείῳ
706 4121 897 4199 Πατρί.
945 4125 1080 4177 Ὅσα
1126 4120 1241 4198 ἔχει
1297 4124 1360 4179 τὸ
1416 4128 1656 4197 Πνεῦμα,
1692 4127 1833 4201 παρά
1887 4131 1980 4181 τοῦ

330 4210 515 4285 Λόγου
546 4208 687 4286 ἔχει,
728 4209 817 4265 καὶ
848 4211 877 4265 6
908 4210 1029 4288 Υἱὸς
1062 4210 1161 4266 ὅσα
1203 4210 1342 4287 ἔχει,
1370 4216 1517 4268 ταῦτ’
1566 4211 1625 4267 ἂν
1668 4211 1789 4289 ἔχοι
1837 4216 1982 4291 παρά

329 4304 427 4354 τοῦ
478 4298 817 4372 ιῐνεύματος.
852 4300 951 4354 Διά
985 4304 1082 4354 τοῦ
1130 4299 1441 4373 ΙΙνεύματος
1497 4301 1525 4355 ὁ
1571 4301 1694 4364 Υἱὸς
1751 4302 1977 4380 ἐνεργεῖ,

328 4387 579 4464 ἐνεργοίη
638 4385 731 4443 καί
775 4387 839 4442 τὸ
888 4393 1105 4461 Πνεῦμα
1151 4385 1241 4443 διὰ
1279 4393 1377 4443 τοῦ
1433 4389 1579 4447 Υἱοῦ.
1625 4390 1803 4445 Εἷκών
1868 4390 1978 4447 ἐστι

327 4481 426 4532 τοῦ
483 4476 609 4530 Ποῦ
661 4476 726 4531 τὸ
780 4480 1021 4549 Πνεῦμα,
1046 4477 1193 4531 καὶὸ
1241 4477 1363 4539 Υἱὸς
1419 4477 1576 4532 εἰκὼν
1631 4478 1690 4533 ἂν
1747 4476 1829 4550 εἴη
1883 4485 1980 4535 τοῦ

2096 3418 2243 3475 ritus
2277 3437 2289 3474 :
2323 3419 2594 3492 proprius
2621 3423 2712 3475 est
2756 3417 2886 3473 Filii
2916 3416 3185 3490 Spiritus,
3219 3413 3487 3486 proprius
3516 3411 3740 3466 dicere-

2093 3512 2192 3563 tur
2218 3512 2273 3563 et
2324 3506 2506 3563 Filius
2554 3507 2847 3580 Spiritus;
2893 3505 3075 3561 mittit
3124 3503 3303 3561 Filius
3349 3501 3655 3575 Spiritum,
3683 3505 3741 3554 et

2095 3595 2219 3668 ipse
2248 3600 2313 3650 ut
2341 3595 2498 3651 Deus
2526 3599 2730 3651 contra
2774 3594 3097 3651 mitteretur
3125 3610 3158 3648 a
3184 3590 3402 3665 Spiritu
3432 3608 3445 3659 ;
3480 3587 3740 3661 loquitur

2091 3684 2363 3756 Spiritus,
2395 3699 2759 3756 quaecunque
2789 3700 2823 3739 a
2853 3681 2996 3738 Filio
3029 3680 3214 3753 audit,
3246 3684 3303 3735 et
3328 3677 3508 3735 Filius
3537 3676 3738 3748 loque-

2095 3776 2256 3829 retur
2284 3789 2647 3844 quaecunque
2693 3789 2727 3827 a
2778 3770 2999 3845 Spiritu
3046 3770 3313 3836 audiret;
3362 3785 3434 3823 ex
3476 3765 3615 3820 Filio
3645 3782 3739 3821 ac-

2093 3861 2237 3933 cipit
2283 3860 2554 3932 Spiritus,
2588 3861 2875 3932 acciperet
2904 3862 2961 3915 et
3008 3875 3077 3915 ex
3105 3857 3323 3930 Spiritu
3375 3854 3600 3923 Filius;
3635 3870 3739 3926 per

2096 3949 2306 4005 Filium
2363 3949 2617 4021 Spiritus
2660 3949 3037 4020 conjungitur
3084 3945 3258 4014 Patri,
3289 3951 3347 4002 et
3404 3943 3586 4031 Filius
3634 3958 3736 4015 per

2093 4038 2375 4110 Spiritum
2408 4038 2643 4109 proprio
2674 4036 2833 4093 Patri
2854 4036 3336 4108 conjungeretur;
3370 4046 3736 4106 quacunque

2091 4126 2265 4182 habet
2294 4125 2568 4198 Spiritus,
2602 4142 2636 4180 a
2665 4124 2802 4180 Filio
2833 4124 3027 4192 habet,
3060 4128 3117 4179 et
3159 4120 3341 4176 Filius
3371 4134 3735 4189 quiscunque

2089 4214 2287 4282 habet,
2320 4230 2388 4270 ea
2434 4214 2675 4270 haberet
2704 4231 2738 4269 a
2783 4213 3041 4286 Spiritu;
3076 4227 3180 4282 per
3222 4208 3504 4281 Spiritum
3547 4205 3732 4262 Filius

2089 4308 2382 4376 operatur,
2412 4307 2469 4359 et
2499 4302 2750 4376 Spiritus
2783 4319 2884 4374 per
2913 4300 3125 4356 Filium
3169 4302 3547 4371 Operaretur;
3578 4295 3731 4351 ima~

2089 4409 2161 4465 go
2190 4395 2281 4448 est
2310 4391 2437 4448 Filii
2463 4391 2739 4464 Spiritus,
2759 4394 2816 4446 et
2846 4389 3032 4445 Filius
3054 4385 3523 4459 imagoSpiritus
3544 4386 3725 4440 esset:

2087 4480 2261 4536 talem
2293 4480 2577 4551 ordinem,
2612 4484 3003 4551 naturamque
3048 4476 3227 4533 habet
3255 4472 3504 4547 Spiritus
3534 4473 3606 4529 ad
3638 4472 3730 4527 Fi-

330 4564 667 4638 Πνεύματος.
699 4563 965 4635 Τοιαύτην
995 4562 1142 4636 τάξιν
1173 4564 1262 4620 καὶ
1294 4565 1450 4644 φύσιν
1491 4562 1607 4642 ἔχει
1651 4567 1715 4622 τὸ
1762 4572 1981 4642 Πνεῦμα

2093 4569 2253 4636 lium,
2286 4568 2514 4641 qualem
2569 4568 2746 4623 Filius
2792 4567 2969 4623 habet
3010 4566 3082 4621 ad
3131 4565 3378 4634 Patrem,
3420 4560 3598 4618 talem
3624 4561 3728 4619 ha-

330 4654 468 4729 πρὸς
521 4653 614 4708 τὸν
673 4651 818 4724 Υἱὸν,
853 4650 968 4709 οἵαν
1003 4655 1031 4709 6
1061 4654 1184 4716 Υἱὸς
1242 4650 1357 4729 ἔχει
1414 4655 1553 4730 πρὸς
1601 4654 1692 4710 τὸν
1744 4655 1976 4732 ΙΙατέραο

2093 4658 2250 4714 beret
2277 4662 2335 4713 et
2364 4656 2547 4712 Filius
2597 4657 2667 4712 ad
2700 4656 2982 4728 Spiritum
3031 4658 3088 4709 et
3136 4652 3423 4717 ordinem,
3455 4655 3513 4706 et
3556 4654 3728 4738 natu-

326 4740 586 4812 τοιαύτην
638 4740 699 4797 ἃν
753 4740 878 4818 ἔχοι
930 4742 1021 4797 καὶ
1072 4743 1102 4797 6
1152 4742 1271 4804 Υἱὸς
1315 4742 1454 4816 πρὸς
1508 4744 1571 4797 τὸ
1619 4747 1841 4817 Πνεῦμα
1887 4745 1975 4801 καὶ

2093 4762 2232 4813 ram,
2266 4745 2496 4818 qualem
2547 4745 2673 4816 ipse
2723 4743 2977 4816 Spiritus
3023 4741 3095 4797 ad
3141 4745 3395 4796 Patrem.
3426 4738 3607 4795 Multa
3633 4737 3729 4794 his

322 4830 472 4905 τάξιν
518 4830 609 4886 καὶ
658 4830 839 4908 φύσιν,
871 4828 988 4885 οἵαν
1031 4830 1163 4886 αὐτὸ
1208 4830 1344 4906 πρὸς
1380 4830 1473 4885 τὸν
1514 4832 1748 4908 Πατέρα.
1783 4832 1975 4889 Πολλὰ

2093 4833 2301 4891 similia
2326 4838 2482 4889 sunt.
2512 4831 2744 4888 Interim
2770 4834 3061 4898 autem,et
3079 4846 3148 4886 ex
3164 4828 3256 4884 his
3272 4844 3399 4901 qua
3421 4829 3730 4883 numerata

323 4920 394 4976 τὰ
430 4924 675 4976 τοιαῦτω
723 4919 862 4982 τέως
912 4916 970 4974 δὲ
1017 4919 1108 4973 καὶ
1155 4919 1262 4974 ἀπὸ
1326 4923 1432 4973 τῶν
1502 4919 1971 4995 ἀπηριθμημένων

2093 4923 2201 4991 iam
2232 4926 2391 4989 sunt,
2426 4921 2527 4994 qui
2558 4919 2796 4976 omnino
2847 4918 3256 4975 verecundiam
3286 4933 3403 4973 non
3433 4914 3726 4988 deposuit,

322 5008 421 5085 ὅγε
480 5010 558 5083 μή
616 5005 793 5079 πάντη
850 5005 1333 5083 ἀπῃναιδευμένος,
1388 5008 1478 5063 καὶ
1534 5008 1970 5084 ἀπονενοημένος

2093 5015 2138 5067 et
2166 5027 2410 5083 prorsus
2458 5009 2676 5066 oblitus
2720 5009 2812 5065 sui
2847 5025 2963 5065 non
2995 5012 3104 5076 est,
3136 5004 3365 5063 veritati
3418 5020 3727 5062 assensum

318 5102 391 5173 τῇ
421 5096 656 5170 ἀληθείᾳ
680 5095 991 5161 κατάθοιτο.
1516 5128 1521 5143 ς

2093 5098 2379 5173 praebebit.

393 5188 458 5252 ς’.
517 5190 709 5258 Ζητεῖς
799 5183 1113 5263 μαρτυρίας,
1192 5186 1266 5240 ὧν
1348 5184 1548 5262 ἀρτίως
1634 5185 1968 5261 εῗρήκαμεν;

2149 5189 2203 5244 6.
2237 5186 2592 5244 Testimonia
2614 5187 2740 5258 jam
2789 5186 3078 5242 dictorum
3127 5183 3438 5258 exposcis?
3467 5181 3726 5239 Plurima

315 5274 585 5338 Πλείστας
645 5272 876 5352 ἕναγχός
935 5295 1022 5329 σοι
1078 5264 1582 5351 προκεκομίκαμεν.⁴
1610 5275 1786 5349 Τόμον
1814 5275 1967 5352 ’ὅλον

2093 5275 2252 5348 paulo
2310 5280 2445 5331 ante
2501 5275 2845 5345 obtulimus,
2902 5291 3033 5351 cum
3082 5278 3308 5329 tomum
3359 5270 3724 5327 traderemus

317 5363 754 5442 ἑγκεχειρικότες
799 5362 1064 5418 τοιούτων
1118 5362 1330 5436 μεστόν.
1381 5366 1590 5437 Ὅμωςι
1624 5363 1684 5418 ἂν
1735 5363 1786 5434 ἐξ
1822 5354 1967 5420 ’ἐκεί-

2093 5366 2288 5421 norum
2342 5363 2828 5431 refertissimum;
2875 5362 3258 5419 nihilominus
3306 5378 3375 5417 ex
3415 5360 3486 5416 iis
3530 5363 3587 5415 et
3628 5357 3723 5414 hic

316 5475 422 5509 νων
502 5454 777 5509 κάνταῦθα
862 5451 1126 5527 βραχείας
1208 5451 1358 5514 τινὰς
1438 5456 1844 5527 παραθήσομεν.
1910 5454 1967 5507 '0

2093 5453 2363 5509 ionnulla
2439 5468 2822 5526 apponemus.
2885 5452 3294 5508 Divinissimus
3361 5448 3723 5504 Athanasius

315 5542 498 5599 τοίνυν
553 5543 622 5597 τὰ
677 5543 794 5596 θεῖα
848 5539 1023 5602 πολὺς
1081 5539 1418 5614 Ἀθανάσιος,
1451 5541 1502 5597 έν
1566 5542 1659 5614 μὲν
1707 5546 1787 5614 τῷ
1833 5543 1968 5597 κατὰ

2093 5548 2278 5598 mntra
2305 5542 2552 5598 Arianos
2581 5540 2851 5597 Oratione
2896 5541 3017 5597 haec
3066 5541 3241 5596 habet
3272 5556 3286 5595 :
3320 5541 3556 5595 Rursum
3597 5552 3721 5592 vero

317 5634 614 5706 ’Δρειανῶν
687 5630 893 5705 πρώτῳ
964 5626 1095 5685 τάδε
1167 5629 1347 5707 φησίνο
1407 5630 1464 5684 ‘0
1518 5626 1576 5684 δὲ
1649 5630 1845 5706 Σωτήρ
1903 5630 1966 5684 τὸ

317 5716 558 5793 ἔμπαλιν
616 5717 747 5781 Θεὸς
806 5716 905 5788 ὣν,
960 5717 1052 5773 καὶ
1117 5717 1189 5792 τῇ
1267 5716 1516 5794 βασιλείᾳ
1585 5723 1682 5774 τοῦ
1746 5719 1964 5793 Πατρὸς

2080 5630 2336 5687 Salvator
2381 5636 2526 5688 Deus
2571 5631 2862 5702 exsistam,
2900 5630 3182 5686 dominatu
3229 5629 3418 5686 Patris
3456 5630 3722 5699 perpetuo

2076 5721 2374 5794 imperans,
2406 5728 2456 5776 et
2498 5719 2763 5794 Spiritum
2810 5727 3065 5776 sanctum
3091 5721 3288 5775 unicus
3316 5718 3430 5790 ipse
3457 5716 3716 5788 largiens.
