4110 6552
320 506 436 571 8⁸71

1577 501 1997 568 NICEPHOBI
2039 502 2475 570 BLEMMIDE

3606 506 3738 569 572

327 641 472 697 Item
508 639 732 711 :Neque
777 639 928 695 enim
974 641 1246 710 exseipso
1290 638 1537 711 Spiritus
1585 639 1847 710 lequitur,
1876 638 1968 693 sed

2094 637 2160 692 isi
2233 638 2561 713 βασιλεύων,
2608 643 2703 694 τοῦ
2767 660 2825 694 τε
2874 638 3190 713 Πνεόματος
3240 643 3338 696 τοῦ
3406 637 3560 716 ἁγίου
3625 639 3731 695 αὖ·

334 731 563 786 Verbum
590 733 686 799 est,
719 728 859 800 quod
887 729 1051 784 illum
1086 728 1271 797 dignis
1318 728 1698 784 subministrat
1726 746 1743 782 :
1780 729 1919 783 Item
1955 744 1967 782 :

327 821 569 891 Denique
597 817 1048 890 quemadmodum
1095 826 1220 873 ante
1270 819 1715 874 incarnationem
1746 817 1975 871 Verbum

326 924 452 964 cum
480 916 629 974 esset,
657 909 862 962 sanctis
890 906 1057 961 veluti
1099 907 1384 977 proprium
1430 907 1704 978 Spiritum
1732 907 1971 975 elargie-

330 996 512 1061 batur,
543 997 624 1051 sic
666 1004 722 1050 et
767 996 922 1051 homo
949 996 1127 1065 factus
1157 996 1367 1067 Spiritu
1410 995 1721 1064 sanctiﬁcat
1768 1010 1969 1049 omnes.

326 1086 397 1141 Et
439 1085 610 1141 tertia
657 1085 916 1139 oratione
967 1102 979 1139 :
1031 1084 1091 1139 Si
1132 1084 1374 1155 Spiritus
1422 1086 1546 1152 scit,
1580 1086 1748 1139 multo
1796 1086 1973 1152 magis

325 1176 431 1232 scit
486 1175 734 1239 Verbum,
784 1190 889 1246 qua
938 1172 1175 1229 Verbum
1222 1177 1317 1243 est,
1363 1190 1436 1228 ex
1487 1190 1590 1245 quo
1634 1181 1685 1228 et
1732 1173 1972 1245 Spiritus

323 1265 545 1334 accipit.
604 1263 858 1317 Rursum
910 1279 922 1316 :
977 1264 1326 1334 Quaecunque
1391 1262 1553 1317 habet
1599 1262 1860 1333 Spiritus,
1911 1278 1974 1316 ea

324 1352 480 1408 habet
505 1369 546 1407 α
583 1353 763 1406 Verbo.
798 1350 943 1406 Illud
977 1355 1171 1405 autem
1208 1367 1220 1404 :
1256 1352 1577 1422 Quicunque
1613 1350 1819 1406 dixerit
1844 1367 1971 1406 con-

326 1450 412 1496 tra
444 1442 648 1496 Filium
699 1440 961 1506 hominis,
993 1441 1301 1495 remittetur
1330 1441 1401 1510 ei,
1451 1456 1747 1511 exponens
1796 1441 1874 1494 ait
1905 1440 1975 1495 de

325 1528 555 1584 Christo
588 1544 601 1581 :
633 1530 752 1600 Ipse
803 1528 1039 1585 Verbum
1089 1529 1186 1583 Dei
1212 1544 1337 1583 cum
1381 1531 1474 1595 sit,
1510 1530 1627 1600 ipse
1666 1545 1767 1600 per
1797 1529 1974 1600 Spiri-

326 1623 443 1673 tum
469 1618 656 1672 omnia
684 1620 959 1688 operatur.
986 1618 1053 1671 Et
1085 1617 1155 1671 ad
1188 1616 1560 1689 Serapionem
1591 1617 1931 1690 episcopum
1958 1634 1970 1672 :

326 1707 509 1776 Imago
554 1707 688 1761 Filii
730 1705 962 1772 dicitur,
992 1714 1043 1761 et
1090 1713 1165 1762 est
1213 1704 1471 1774 Spiritus.
1504 1705 1693 1761 Item:
1739 1707 1913 1761 Filius
1942 1724 1975 1760 a

326 1801 493 1851 Patre
522 1795 741 1867 quidem
770 1798 1032 1865 mittitur,
1065 1797 1178 1868 ipse
1221 1812 1348 1851 vero
1376 1796 1645 1866 Spiritum
1684 1796 1857 1850 mittit
1878 1812 1896 1855 :
1928 1803 1978 1850 et

324 1884 500 1939 Filius
546 1884 765 1955 quidem
815 1888 1037 1939 Patrem
1088 1883 1388 1953 gloriﬁcat,
1421 1885 1607 1939 dicens
1638 1902 1655 1937 :
1709 1906 1737 1934 ‹‹
1786 1886 1971 1950 Pater,

326 1977 504 2068 ego-te
528 1973 862 2068 gloriﬁcavi,
890 1994 919 2022 »
952 1972 1194 2068 Spiritus
1218 1977 1411 2068 autem
1431 1971 1707 2068 glori/ient
1726 1973 1932 2068 Piliam
1954 1990 1973 2026 :
2005 2003 2054 2068 Β

325 2084 355 2111 ‹‹
388 2062 487 2117 Ille
533 2064 703 2129 enim,
737 2084 765 2111 ››
799 2063 904 2129 ait,
942 2083 971 2111 (ι
1002 2078 1089 2117 me
1141 2062 1488 2132 gloriﬁcabit.
1522 2082 1552 2111 »
1582 2063 1647 2116 Et
1675 2060 1856 2117 Filius
1888 2062 1977 2116 in-

331 2150 452 2221 quit
482 2169 500 2204 :
532 2173 560 2200 «
595 2152 729 2220 qu
756 2151 952 2206 audivi
978 2168 1016 2206 a
1045 2152 1230 2218 Patre,
1265 2152 1380 2206 hac
1407 2154 1460 2206 et
1493 2149 1687 2222 loquor
1703 2150 1930 2205 mundo.
1950 2172 1978 2199 »

332 2240 573 2311 Spiritus
599 2255 669 2295 ex
699 2240 842 2294 Filio
893 2240 1091 2311 accipit
1121 2258 1140 2293 :
1172 2262 1199 2289 ‹‹
1230 2244 1309 2295 De
1349 2256 1466 2295 meo
1497 2241 1665 2308 enim,
1703 2261 1731 2289 υ
1776 2240 1976 2311 inquit,

332 2351 362 2379 «
397 2330 643 2401 accipiet,
676 2336 726 2384 et
752 2328 1111 2383 annuntiabit
1144 2329 1344 2385 vobis.»
1375 2330 1441 2383 Et
1465 2329 1643 2384 Filius
1664 2330 1721 2383 in
1754 2330 1981 2383 nomine

332 2417 521 2472 Patris
550 2418 696 2471 venit
727 2434 747 2470 .·
778 2438 805 2465 ‹‹
833 2415 1072 2486 Spiritus
1088 2420 1270 2471 autem
1295 2424 1535 2483 sanctus,
1571 2438 1599 2465 ››
1630 2417 1729 2480 ait,
1763 2439 1790 2464 ‹‹
1823 2431 1980 2486 quem

330 2507 511 2560 mittet
553 2509 720 2560 Pater
765 2506 822 2559 in
872 2506 1095 2560 nomine
1139 2520 1275 2559 meo.
1312 2525 1338 2553 ›»
1389 2506 1579 2559 Talem
1625 2504 1877 2559 ordinem
1931 2507 1981 2558 et

330 2601 593 2649 naturam
619 2609 746 2648 cum
774 2592 969 2648 habeat
993 2594 1237 2665 Spiritus
1280 2593 1351 2648 ad
1378 2594 1601 2660 Filium,
1632 2593 1848 2664 qualem
1879 2592 1979 2648 ha-

330 2685 416 2739 bet
442 2682 617 2737 Filius
665 2689 734 2737 ad
779 2683 1026 2748 Patrem,
1059 2682 1324 2753 quomodo
1353 2683 1499 2738 hunc
1543 2687 1860 2737 creaturam
1890 2695 1979 2735 vo-

330 2775 439 2839 cat,
471 2786 583 2827 non
609 2770 756 2825 idem
800 2778 854 2825 et
882 2770 946 2826 de
973 2770 1112 2826 Filio
1158 2772 1464 2827 necessario
1491 2772 1734 2826 sentiet?
1768 2770 1983 2824 Etenim

328 2861 380 2915 si
430 2859 671 2930 Spiritus
723 2862 803 2914 est
852 2863 1108 2915 creatura
1154 2861 1319 2925 Filii,
1374 2861 1703 2930 subsequens
1757 2859 1980 2914 omnino

329 2950 503 3019 fuerit
556 2948 847 3020 afﬁrmare
920 2948 1160 3016 eosdem,
1219 2953 1270 3004 et
1330 2949 1558 3005 Verbum
1629 2948 1815 3003 Patris
1868 2962 1984 3002 esse

328 3041 661 3109 creaturam,
695 3036 942 3109 Magnus
973 3041 1100 3092 tum
1132 3037 1190 3092 in
1234 3035 1499 3109 agendis,
1532 3040 1658 3092 tum
1707 3036 1769 3090 in
1800 3034 1982 3091 medi-

328 3126 527 3181 tandis
574 3125 849 3194 Basilius,
899 3125 971 3181 de
1020 3126 1135 3181 ﬁde
1192 3129 1452 3181 tractans
1508 3125 1567 3180 in
1629 3123 1911 3180 Asceticis
1963 3139 1977 3178 ε

328 3216 493 3270 Patre
518 3217 768 3271 mittente
815 3214 1040 3280 Filium,
1072 3214 1212 3269 Filio
1258 3216 1504 3269 mittente
1548 3213 1818 3285 Spiritum
1844 3228 1981 3267 san-

328 3308 501 3360 etum.
527 3305 706 3359 Item:
735 3302 979 3375 Spiritus
1006 3308 1248 3371 sanctus,
1274 3304 1371 3374 qui
1394 3304 1570 3368 docet,
1617 3305 1672 3356 et
1697 3303 1982 3358 memoria?

2081 726 2171 788 τὸς
2233 725 2306 781 ὢν
2365 729 2609 805 χορηγὸς
2672 728 2857 802 μόνος.
2897 729 3015 803 ,Καὶ
3090 726 3275 784 πάλιν
3337 727 3410 783 Οὐ
3471 730 3577 805 γὰρ
3637 729 3734 808 ἀφ’

2082 816 2272 872 ἑαυτοῦ
2329 818 2390 872 τὸ
2450 823 2672 892 Πνεῦμα
2750 816 2928 889 λαλεῖ,
2990 816 3116 873 ἀλλ’
3175 819 3204 872 6
3262 816 3443 893 Λόγος
3509 817 3649 873 ἐστὶν
3700 819 3735 873 6

2080 909 2244 959 τοῦτο
2332 903 2514 969 διδοὺς
2596 912 2715 970 τοῖς
2790 907 2979 977 ἀξίοις.
3055 907 3154 962 Καὶ
3244 903 3417 968 αὖθις·
3499 905 3731 979 ’Δμέλει

2085 992 2267 1070 ὥσπερ
2328 996 2433 1069 πρὸ
2496 1003 2596 1066 τῆς
2662 996 3117 1071 ἐνανθρωπήσεως
3174 994 3347 1071 Λόγος
3395 993 3468 1050 ὢν
3525 994 3736 1071 ἐχορή-

2082 1102 2163 1157 γει
2219 1088 2338 1145 τοῖς
2409 1084 2586 1158 ἁγίοις
2647 1084 2723 1145 ὡς
2803 1082 2939 1139 ἴδιον
3000 1085 3061 1139 τὸ
3120 1086 3363 1157 Πνεῦμα,
3424 1082 3568 1137 οὕτω
3642 1084 3737 1138 καὶ

2083 1171 2360 1244 ἄνθρωπος
2463 1172 2781 1246 γενόμενος,
2865 1172 3072 1247 ἁγιάζει
3156 1171 3283 1234 τοὺς
3368 1173 3569 1233 πάντας
3650 1176 3735 1243 τῷ

2084 1259 2384 1331 Πνεῦματι.
2441 1266 2524 1315 Ἐν
2593 1266 2673 1333 τῷ
2738 1261 2907 1337 τρίτῳ
2980 1258 3038 1316 δὲ
3108 1266 3216 1315 τῶν
3292 1260 3485 1315 αὐτῶν·
3548 1259 3612 1315 Ei
3668 1261 3734 1315 τὸ

2086 1353 2308 1421 Πνεῦμα
2383 1347 2520 1422 οἶδε,
2578 1347 2775 1422 πολλῷ
2847 1349 3060 1423 μᾶλλον
3122 1351 3150 1404 6
3208 1349 3404 1424 Λόγος,
3555 1348 3737 1423 Λόγος

2084 1435 2248 1507 ἐστὶν,
2329 1435 2462 1511 οἶδε,
2521 1445 2645 1513 παρ’
2719 1439 2782 1493 οὗ
2858 1439 2945 1493 καὶ
3015 1438 3079 1493 τὸ
3149 1442 3370 1511 Πνεῦμα
3437 1432 3733 1509 λαμϐάνει.

2084 1525 2183 1580 Καὶ
2241 1524 2411 1589 αὖθις·
2461 1528 2559 1581 Καὶ
2612 1526 2711 1582 ὅσα
2774 1523 2889 1602 ἔχει
2945 1528 3008 1582 τὸ
3078 1531 3313 1600 Πνεῦμα,
3363 1531 3528 1581 ταῦτα
3586 1526 3737 1601 παρά

2081 1618 2179 1668 τοῦ
2227 1614 2407 1689 Λόγου
2457 1614 2593 1691 ἔχει.
2635 1614 2705 1670 Τό
2756 1613 2826 1687 δ’,
2868 1618 2960 1677 Ὃς
3002 1615 3062 1670 ἂν
3114 1612 3239 1689 εἴπῃ
3284 1616 3420 1669 κατὰ
3463 1618 3561 1669 τοῦ
3607 1615 3735 1668 Υίοῦ

2081 1706 2178 1755 τοῦ
2272 1704 2578 1779 ἀνθρώπου,
2663 1704 2985 1782 ἀφεθήσεται
3091 1703 3255 1775 αὐτῷ,
3341 1701 3733 1777 διερμηνεύων,

2084 1791 2215 1869 φησῖ
2268 1792 2391 1867 περὶ
2439 1797 2537 1847 τοῦ
2586 1798 2839 1869 Χριστοῦ,
2890 1791 2996 1859 ὅτι,
3045 1791 3218 1854 Αὐτὸς
3268 1791 3446 1866 Λόγος
3511 1789 3587 1845 ὣν
3637 1795 3737 1847 τοῦ

2084 1886 2239 1951 Θεοῦ,
2283 1881 2442 1943 αὐτὸς
2494 1879 2583 1936 διὰ
2639 1886 2737 1937 τοῦ
2796 1880 3111 1953 Πνεόματος
3167 1879 3371 1956 ἐνεργεῖ
3423 1882 3493 1935 τὰ
3543 1879 3734 1937 πάντα.

2085 1972 2231 2045 Πρὸς
2300 1970 2618 2045 Σεραπίωνα
2690 1968 2748 2025 δὲ
2832 1971 2921 2025 τὸν
3001 1969 3311 2025 ἐπίσκοπονι
3382 1968 3554 2025 Είκὼν
3637 1973 3736 2024 τοῦ

2087 2059 2213 2113 Υἱοῦ
2270 2058 2504 2135 λέγεται,
2551 2059 2641 2114 καὶ
2714 2060 2824 2114 ἐστὶ
2870 2059 2933 2114 τὸ
2985 2061 3227 2131 Πνεῦμα,
3283 2058 3383 2114 Καὶ
3448 2057 3637 2112 πάλιν·
3679 2059 3737 2110 '0

2092 2147 2185 2219 μὲν
2246 2148 2366 2209 Υἱὸς
2435 2148 2582 2221 παρὰ⁸
2652 2152 2750 2202 τοῦ
2810 2146 3027 2223 Πατρός
3100 2144 3516 2214 ἀποστέλλεται,
3574 2145 3737 2207 αὐτὸς

2089 2232 2147 2290 δὲ
2208 2237 2270 2290 τὸ
2352 2240 2576 2308 Πνεῦμα
2648 2234 2995 2292 ἀποστέλλεν
3056 2235 3146 2290 καὶ
3205 2237 3234 2290 6
3295 2235 3390 2308 μὲν
3447 2235 3568 2297 Υἱὸς
3642 2235 3737 2290 τὸν

2088 2323 2303 2397 Πατέρα
2369 2322 2598 2398 δοξάζει,
2669 2323 2860 2401 λέγων,
2921 2326 3123 2401 Πάτερ,
3173 2324 3284 2399 ἐγώ
3359 2345 3416 2379 σε
3490 2321 3735 2395 ἐδόξασα,

2086 2412 2150 2467 τὸ
2212 2410 2270 2467 δὲ
2345 2417 2573 2486 Πνεῦμα
2638 2410 2847 2484 δοξάζει
2919 2415 3011 2469 τὸν
3089 2413 3230 2468 nev.
3310 2413 3546 2474 Ἐκεῖνος
3611 2412 3735 2488 γὰρ,

2089 2501 2273 2579 φησὶν,
2335 2502 2432 2574 ἐμὲ
2501 2499 2730 2572 δοξάσει.
2789 2502 2885 2557 Καὶ
2962 2503 2991 2556 6
3074 2502 3166 2575 μὲν
3239 2502 3362 2563 Υἱὸς
3423 2501 3609 2579 φησὶν,
3667 2502 3737 2557 Ἀ

2087 2587 2296 2659 ἤκουσα
2340 2590 2486 2665 παρὰ
2529 2595 2627 2646 τοῦ
2672 2591 2908 2666 Πατρὸς,
2958 2595 3124 2645 ταῦτα
3165 2589 3255 2645 καὶ
3311 2587 3470 2645 λαλῶ
3521 2589 3598 2651 είς
3648 2590 3741 2645 τὸν

2087 2678 2316 2751 κόσμον,
2375 2680 2437 2733 τὸ
2496 2676 2554 2733 δὲ
2610 2683 2829 2753 Πνεῦμα
2876 2678 2936 2734 ἐκ
2991 2684 3090 2735 τοῦ
3147 2679 3273 2733 Υἱοῦ
3327 2672 3615 2751 λαμϐάνει.
3646 2679 3740 2733 Ἐκ

2088 2772 2185 2822 τοῦ
2242 2767 2377 2840 ἐμοῦ
2435 2769 2563 2845 γὰρ,
2595 2768 2752 2846 φησὶ,
2787 2767 3041 2842 λήψεται.
3074 2768 3172 2823 Καὶ
3205 2769 3233 2823 6
3263 2768 3358 2841 μὶν
3391 2768 3515 2830 Υἱὸς
3561 2765 3615 2822 ἐν
3662 2771 3743 2839 τῷ

2093 2855 2314 2929 ὀνόματι
2361 2860 2458 2911 τοῦ
2507 2858 2722 2933 Πατρός
2770 2855 2925 2926 ἦλθε.
2973 2857 3046 2912 T6
3094 2854 3153 2912 δὲ
3199 2860 3421 2930 Πνεῦμα
3455 2856 3519 2911 τὸ
3565 2857 3740 2931 ἅγιον,

2089 2944 2275 3023 φησὶν,
2331 2944 2360 3019 ὃ
2409 2946 2615 3018 πέμψει
2671 2946 2700 2999 6
2757 2946 2952 3021 Πατὴρ
3021 2944 3072 2999 ἐν
3146 2949 3227 3017 τῷ
3301 2943 3532 3018 ὀνόματί
3615 2965 3741 3018 μου.

2087 3033 2351 3104 Τοιαότην
2457 3030 2515 3088 δὲ
2611 3032 2758 3104 τάξιν
2843 3035 2934 3088 καὶ
3040 3032 3197 3112 φύσιν
3309 3031 3534 3109 ἔχοντος
3645 3037 3745 3087 τοῦ

2090 3122 2406 3196 Πνεῦματος
2460 3122 2599 3197 πρὸς
2667 3122 2759 3177 τὸν
2816 3124 2961 3194 Υῖὸν,
3008 3120 3124 3177 ο⁹ίαν
3174 3120 3290 3197 ἔχει
3336 3122 3366 3176 6
3424 3122 3546 3184 Υἱὸς
3603 3120 3742 3198 πρὸς

2087 3213 2177 3267 τὸν
2248 3210 2483 3288 Πατέρα,
2535 3215 2654 3274 πῶς
2714 3212 2743 3266 6
2817 3216 2978 3266 τοῦτο
3051 3211 3253 3285 κτίσμα
3319 3209 3511 3287 λέγων,
3563 3209 3628 3265 οὐ
3683 3211 3747 3265 τὸ

2088 3300 2217 3356 αὐτὸ
2291 3300 2381 3355 καὶ
2455 3300 2579 3376 περὶ
2651 3304 2749 3355 τοῦ
2823 3301 2952 3354 Υἱοῦ
3007 3299 3060 3373 ἐξ
3129 3298 3366 3375 ἀνάγκης
3442 3301 3744 3377 φρονήσει;

330 3394 597 3464 suggerit,
628 3368 966 3464 quacunque
996 3408 1031 3447 a
1059 3391 1197 3446 Filio
1234 3368 1507 3447 audierit.
1543 3391 1609 3445 Et
1637 3391 1707 3446 ad
1741 3389 1981 3462 Amphi-

2094 3389 2158 3445 Εί
2224 3389 2324 3465 γάρ
2392 3368 2536 3444 ἐστι·
2578 3388 2641 3443 τὸ
2720 3392 2944 3462 Πνεῦμα
3006 3368 3106 3444 τοῦ
3162 3368 3563 3461 Υἱοῦνκτίσμα,
3606 3368 3751 3443 νᾶκόέ

336 3479 596 3536 lochium
628 3481 893 3536 scribens
924 3496 941 3536 :
975 3481 1123 3537 Unus
1149 3495 1273 3535 vero
1300 3488 1379 3534 est
1403 3488 1459 3535 et
1486 3480 1723 3551 Spiritus
1740 3482 1982 3545 sanctus,

336 3570 437 3642 qui
464 3576 516 3625 et
543 3571 658 3640 ipse
685 3569 1057 3644 singulariter
1099 3569 1451 3634 enuntiatur,
1480 3576 1535 3624 et
1557 3584 1661 3640 per
1689 3584 1866 3623 unum
1894 3568 1984 3622 Fi-

340 3659 482 3713 lium
518 3658 621 3713 uni
668 3659 827 3714 Patri
872 3658 1241 3726 coniungitur.
1279 3657 1346 3712 Et
1398 3658 1468 3712 ad
1522 3657 1761 3712 fratrem
1809 3672 1985 3712 suum

336 3746 493 3801 inter
521 3749 757 3801 sanctos
802 3745 1307 3818 sapientissimum
1341 3745 1687 3818 Gregorium
1719 3746 1791 3800 de
1819 3744 1985 3800 diffe-

337 3832 525 3889 rentia
582 3832 850 3888 essentiaa
908 3838 967 3889 et
1045 3833 1379 3907 hypostasis
1429 3851 1443 3889 :
1499 3833 1987 3902 Quemadmodum,

336 3921 438 3991 ait,
489 3921 547 3976 in
600 3929 819 3989 catena,
868 3922 963 3993 qui
1008 3939 1180 3978 unam
1215 3924 1622 3979 extremitatem
1668 3924 1892 3994 arripit,
1940 3930 1992 3977 et

338 4009 495 4065 aliud
524 4017 834 4065 extremum
864 4027 975 4066 una
1003 4027 1129 4066 cum
1156 4027 1222 4066 ea
1269 4012 1521 4079 attrahit,
1551 4014 1632 4067 sic
1658 4020 1710 4067 et
1740 4014 1835 4083 qui
1865 4010 1987 4082 Spi-

342 4097 516 4152 ritum
562 4098 758 4165 traxit,
790 4113 889 4169 per
915 4114 1049 4152 eum
1090 4105 1140 4153 et
1167 4099 1378 4154 Filium
1404 4099 1574 4154 simul
1618 4100 1793 4154 traxit
1815 4117 1839 4164 ;
1865 4106 1917 4154 et
1942 4100 1994 4154 si

347 4187 472 4258 quis
500 4185 705 4240 Filium
748 4201 877 4241 vcre
919 4188 1237 4258 susceperit,
1270 4186 1487 4243 habebit
1532 4190 1715 4259 ipsum
1758 4192 1995 4258 utraque

347 4290 421 4330 ex
463 4277 639 4345 parte,
670 4273 773 4330 hac
819 4275 1059 4345 Patrem,
1088 4275 1191 4330 illa
1233 4276 1521 4346 proprium
1566 4276 1837 4347 Spiritum
1878 4292 1994 4331 una

347 4378 533 4419 secum
575 4362 878 4419 ducentem.
929 4365 1111 4434 Neque
1149 4364 1304 4419 enim
1350 4381 1385 4418 a
1430 4365 1613 4435 Patre,
1644 4366 1741 4437 qui
1784 4381 1997 4436 semper

348 4454 411 4508 in
449 4454 616 4508 Patre
645 4460 742 4520 est,
772 4452 1074 4524 prxscindi
1113 4455 1323 4522 potest;
1354 4469 1528 4525 neque
1566 4470 1600 4509 a
1642 4452 1856 4525 Spiritu
1894 4470 1995 4509 un-

353 4557 517 4612 quam
543 4541 932 4597 dissociabitur
970 4544 1227 4613 proprio,
1261 4543 1357 4614 qui
1387 4544 1576 4598 omnia
1624 4546 1684 4597 in
1731 4546 1847 4614 ipso
1877 4560 1998 4615 ope-

350 4637 528 4686 ratur.
565 4631 633 4686 Et
660 4630 721 4687 in
741 4630 1156 4686 Antirrheticis
1189 4648 1202 4686 :
1240 4632 1388 4688 Unus
1409 4632 1549 4687 Deus
1581 4647 1705 4687 cum
1730 4633 1824 4701 sit,
1856 4633 1999 4688 Deus

2094 3477 2288 3534 λουθον
2350 3476 2409 3532 ἂν
2450 3475 2534 3548 εἴη
2597 3475 2777 3552 λέγειν
2837 3475 3030 3539 αὐτοὺς
3081 3476 3171 3532 καὶ
3243 3475 3337 3532 τὸν
3395 3476 3574 3550 Λόγον
3650 3480 3752 3531 τοῦ

2094 3566 2308 3642 Πατρὸς
2390 3565 2526 3619 εἶναι
2605 3565 2824 3638 κτίσμα.
2883 3567 2941 3619 '0
3011 3563 3178 3642 μέγας
3257 3585 3309 3620 εν
3385 3565 3585 3641 θεωρίᾳ
3657 3565 3750 3621 καὶ

2092 3655 2281 3731 πράξει
2329 3651 2610 3717 Βασίλειος
2656 3655 2781 3730 περὶ
2817 3661 2918 3725 τῆς
2949 3655 3182 3717 πίστεως
3242 3649 3630 3728 διαλαμϐάνων
3691 3654 3743 3709 ἐν

2092 3747 2212 3805 τοῖς
2269 3745 2641 3814 ’Δσκητικοῖς·
2703 3747 2809 3798 Τοῦ
2871 3744 2967 3816 μὲν
3022 3741 3236 3817 Πατρός
3291 3741 3607 3816 πέμποντος
3651 3743 3745 3798 τὸν

2094 3832 2239 3904 Υἳὸν,
2295 3836 2393 3886 τοῦ
2451 3829 2509 3887 δὲ
2566 3833 2691 3887 Υἱοῦ
2765 3832 3078 3905 πέμποντος
3149 3831 3212 3886 τὸ
3284 3833 3439 3906 ἅγιον
3504 3835 3746 3904 Πνεῦμα.

2096 3920 2196 3975 Καὶ
2247 3918 2435 3993 πάλιν,
2466 3920 2537 3975 Τὸ
2595 3924 2822 3994 Πνεῦμα
2877 3921 2939 3975 τὸ
2997 3920 3149 3995 ἅγιον
3206 3918 3270 3974 τὸ
3328 3917 3600 3990 διδάσκον,
3657 3919 3751 3975 καί

2100 4010 2515 4082 ὑπομιμνῆσκον
2596 4006 2790 4079 πάντα,
2853 4008 2951 4064 ὅσα
3028 4009 3087 4063 ἂν
3166 4009 3355 4064 ἀκούοι
3436 4009 3583 4082 παρά
3648 4014 3751 4065 τοῦ

2096 4100 2244 4156 Υἱοῦ.
2305 4095 2677 4153 Ἐπιστέλλων
2749 4095 2808 4153 δὲ
2876 4098 3015 4173 πρὸς
3076 4096 3468 4176 ’Δμφιλόχιον.
3526 4100 3619 4153 Ἕν
3691 4094 3752 4153 δὲ

2098 4187 2189 4243 καὶ
2242 4187 2306 4241 τὸ
2362 4189 2515 4261 ἅγιον
2572 4189 2815 4259 Πνεῦμα,
2872 4187 3027 4265 φησὶ,
3087 4186 3177 4242 καὶ
3235 4185 3366 4241 αὐτὸ
3444 4183 3754 4258 μοναδικῶς

2101 4270 2586 4352 ὲξαγγελλόμενον,
2642 4275 2732 4329 καὶ
2792 4272 2861 4330 δι’
2920 4274 3034 4337 ένὸς
3088 4276 3216 4330 Υἱοῦ
3291 4279 3369 4347 τῷ
3440 4275 3517 4329 ἑνὶ
3575 4274 3755 4351 Πατρὶ

2103 4363 2526 4437 συναπτόμενον.
2597 4364 2741 4440 Πρὸς
2823 4363 2881 4419 δέ
2944 4364 3038 4419 τὸν
3112 4361 3345 4442 ἀδελφὸν
3425 4362 3590 4418 αὐτοῦ
3658 4363 3753 4418 τὸν

2105 4454 2269 4532 σοφὸν
2330 4451 2380 4507 ἐν
2444 4452 2616 4529 ἁγίοις
2676 4455 2998 4530 Γρήγοριον,
3051 4452 3176 4529 περὶ
3234 4449 3495 4530 διαφορᾶς
3569 4451 3756 4515 οὐσίας

2104 4542 2195 4597 καὶ
2272 4542 2638 4613 ὑποστάσεως,
2695 4544 2918 4615 Ὥσπερ,
2995 4541 3180 4619 φησὶν,
3265 4539 3318 4611 ἐξ
3398 4539 3663 4612 ἁλύσεως,
3727 4541 3756 4594 6

2104 4635 2202 4687 τοῦ
2277 4631 2389 4693 ἑνὸς
2468 4627 2636 4707 ἄκρου
2708 4630 3002 4705 ἁψάμενος,
3061 4629 3151 4685 καὶ
3218 4630 3282 4684 τὸ
3352 4626 3535 4703 ἓτερον
3595 4626 3761 4704 ἄκρον

358 4718 532 4775 Filius
559 4723 793 4792 paterna
819 4724 1026 4775 natura
1053 4723 1105 4775 et
1144 4724 1375 4791 paterno
1404 4721 1667 4788 nomine;
1697 4736 1844 4777 unus
1873 4737 1986 4778 cum

2110 4717 2564 4792 συνεπεσπάσατο,
2632 4718 2804 4782 οὕτως
2889 4720 2919 4774 6
3013 4720 3077 4774 τὸ
3178 4722 3402 4792 Πνεῦμα
3502 4714 3758 4791 ἑλκύσας,

354 4809 428 4863 sit
455 4808 719 4864 Dominus
756 4810 955 4876 Filius,
984 4810 1249 4864 Dominus
1277 4810 1462 4876 Pater,
1495 4810 1757 4879 imaginis
1783 4813 2005 4868 nomine

358 4898 637 4967 vocitatus,
668 4902 931 4968 tanquam
975 4898 1257 4969 exemplar
1303 4898 1458 4954 illius
1487 4906 1540 4954 et
1583 4901 1817 4967 genitor,
1848 4901 1929 4955 sic
1954 4909 2006 4956 et

358 4983 598 5054 Spiritus
648 4986 910 5041 Dominus
957 5003 992 5041 a
1046 4987 1273 5042 Domino
1330 5004 1529 5043 nomen
1581 4988 1758 5059 habet,
1808 5006 1840 5042 a
1900 5005 2002 5060 quo

356 5073 830 5144 subministratur,
888 5083 939 5130 ct
993 5077 1265 5131 Dominus
1312 5077 1378 5131 ab
1439 5078 1684 5146 imagine
1737 5079 2002 5148 Spiritus,

357 5160 579 5234 quando
631 5169 682 5216 et
735 5162 876 5217 Deus
924 5162 1161 5234 Spiritus
1206 5164 1272 5219 ab
1330 5163 1517 5221 eodem
1574 5166 2001 5237 cognominetur.

359 5248 844 5321 Sapientissimus
883 5250 1154 5323 Cyrillus,
1187 5253 1258 5307 ad
1307 5252 1717 5325 imperatorem
1748 5254 2005 5311 Theodo-

358 5338 515 5394 sium
546 5338 618 5393 de
649 5337 882 5394 Christo
917 5355 931 5395 :
963 5340 1226 5395 Liberans
1253 5344 1401 5396 enim
1429 5359 1462 5395 a
1491 5345 1728 5412 peccatis
1755 5360 1881 5399 eum
1910 5346 2007 5415 qui

361 5428 471 5499 ipsi
516 5427 778 5494 adhaeret,
811 5429 1031 5499 proprio
1074 5429 1323 5501 deinceps
1373 5433 1531 5502 ungit
1580 5432 1812 5505 Spiritu,
1843 5450 2007 5504 quem

364 5518 614 5572 immittit
654 5519 770 5588 ipse
810 5521 1072 5587 tanquam
1117 5533 1186 5572 ex
1214 5521 1316 5573 Deo
1346 5520 1511 5576 Patre
1560 5522 1789 5577 Verbum
1808 5543 1827 5590 ί
1859 5525 1910 5578 et
1938 5539 2007 5578 ex

356 5607 592 5677 propria
622 5614 818 5661 natura
850 5606 1007 5660 nobis
1048 5608 1328 5677 emittens,
1359 5613 1411 5662 et
1458 5617 1722 5681 tanquam
1772 5628 1890 5667 rem
1922 5612 2007 5666 in-

360 5696 720 5762 carnationis,
752 5695 1156 5766 dispensatione
1183 5712 1527 5753 communem
1554 5716 1762 5771 ponens
1789 5702 2007 5772 propter

360 5784 621 5841 unionem
672 5786 865 5857 etiam,
916 5788 976 5840 ut
1031 5786 1187 5841 homo
1245 5787 1609 5860 corporaliter
1664 5788 2003 5861 insufﬂabat,

2113 4806 2184 4864 δι’
2265 4808 2428 4864 αὐτοῦ
2511 4807 2601 4863 καὶ
2680 4809 2772 4864 τὸν
2856 4808 2980 4863 Υἱὸν
3066 4806 3511 4885 συνεφελκόσατο,
3569 4805 3659 4860 καὶ
3713 4805 3761 4861 εἰ

2111 4898 2202 4953 τὸν
2254 4897 2375 4952 Υίὸν
2433 4896 2655 4968 ἀληθῶς
2710 4918 2795 4959 τις
2851 4891 3038 4967 λάϐοι,
3094 4893 3198 4967 ἕξει
3281 4894 3441 4951 αὐτὸν
3501 4893 3765 4970 ἑκατέρω-

2113 4989 2221 5059 θεν,
2269 4989 2348 5056 πῆ
2426 4986 2520 5060 μὲν
2570 4986 2658 5040 τὸν
2713 4986 2905 5041 ἑαυτοῦ
2957 4986 3191 5062 Πατέρα,
3249 4991 3327 5055 πῆ
3387 4981 3445 5040 δὲ
3501 4983 3563 5038 τὸ
3622 4980 3763 5038 ἴδιον

2112 5080 2339 5148 Πνεῦμα
2393 5074 2846 5151 συνεπαγόμενον.
2905 5070 3041 5129 Οὔτε
3117 5075 3222 5150 γὰρ
3295 5077 3393 5128 τοῦ
3459 5074 3673 5148 Πατρὺς
3733 5072 3763 5125 ὁ

2113 5163 2194 5220 ἀεὶ
2252 5161 2326 5218 ὢν
2389 5162 2441 5219 ἐν
2498 5168 2577 5236 τῷ
2632 5163 2808 5239 Πατρὶ
2885 5162 3272 5237 ἀποτμηθῆναι
3330 5158 3570 5233 δύναται,
3639 5155 3766 5215 οὔτε

2110 5257 2209 5309 τοῦ
2275 5252 2588 5325 ΙΙνεύματος
2670 5252 2803 5307 ποτε
2895 5248 3343 5326 διαζευχθήσεται
3390 5242 3515 5305 τοῦ
3593 5246 3761 5319 ἰδίου,

2114 5343 2142 5397 6
2194 5342 2367 5397 πάντα
2423 5340 2474 5397 ἐν
2533 5340 2679 5412 αὐτῷ
2737 5339 2984 5416 ἐνεργῶν.
3038 5341 3121 5395 Ἐν
3177 5337 3235 5394 δὲ
3290 5343 3412 5402 τοῖς
3470 5336 3768 5415 Ἀντιῤῥη-

2112 5436 2308 5503 τικοῖς,
2365 5430 2518 5493 Ἑνὸς
2582 5425 2737 5492 ὄντος
2821 5433 2919 5484 τοῦ
2982 5433 3136 5501 Θεοῦ,
3184 5429 3314 5491 Θεὸς
3362 5428 3391 5483 ὁ
3447 5427 3590 5499 Υἱὸς,
3653 5429 3768 5481 Πα-

2112 5523 2274 5595 τρικῇ
2341 5517 2515 5597 φύσει,
2574 5517 2663 5572 καὶ
2732 5522 2991 5595 Πατρικῷ
3032 5517 3280 5591 ὀνόματι.
3350 5517 3440 5572 καὶ
3506 5516 3623 5577 ἑνὸς
3679 5509 3768 5568 ὅν-

2112 5629 2205 5670 τος
2262 5608 2461 5683 Κυρίου
2533 5610 2630 5661 τοῦ
2705 5607 2856 5679 Υἱοῦ,
2911 5607 3110 5683 Κύριος
3170 5608 3199 5661 6
3258 5607 3473 5683 Πατὴρ,
3529 5608 3610 5676 τῷ
3665 5610 3767 5672 τῆς

2116 5696 2325 5759 εἰκόνος
2387 5696 2615 5769 ὀνόματι
2697 5694 3058 5769 καλούμενος,
3118 5696 3193 5758 ὡς
3252 5694 3611 5772 πρωτότυπος
3670 5690 3771 5746 αὗ-

2113 5794 2213 5859 τῆς
2269 5786 2358 5842 καὶ
2423 5787 2717 5863 γεννήτωρ,
2771 5783 2915 5841 οὕτω
2997 5784 3087 5840 καὶ
3143 5784 3206 5840 τὸ
3283 5783 3507 5859 Πνεῦμα
3573 5779 3773 5860 Κύριος
