4110 6420
246 471 387 536 ’5⁸73

1143 469 1244 532 DE
1287 463 1826 531 PROGESSIONE
1871 464 1938 528 S.
1982 462 2340 529 SPIRITUS
2383 458 2680 526 ORATIO
2722 460 2802 524 II.

3550 456 3669 520 574

259 601 373 659 ἀπὸ
427 605 526 658 τοῦ
583 599 783 679 Κυρίου
838 602 939 672 τὴν
996 600 1308 675 ἐπωνυμίαν
1364 596 1502 676 ἔχει,
1562 599 1651 677 ἀφ’
1708 598 1770 652 οὗ
1824 596 1915 651 καὶ

2034 597 2295 653 Secundo
2342 598 2733 653 Thesaurorum
2780 594 2931 651 libro
2974 610 2987 649 :
3037 592 3348 650 Necessario
3395 590 3699 664 Spiritum.

266 688 614 765 μεταδίδοται
678 710 693 724 ο
765 690 854 746 καὶ
944 692 972 745 6
1050 688 1254 763 Κύριος
1337 690 1444 744 ἀπὸ
1525 695 1627 757 τῆς
1711 686 1914 748 εἰκόνος

262 783 489 853 Πνεῦμα
519 822 536 848 ,
611 778 726 834 ἐπεὶ
802 779 892 833 καὶ
971 780 1000 833 6
1076 777 1206 840 Θεὺς
1283 782 1505 850 Πνεῦμα
1587 776 1679 830 ἀπ’
1751 774 1915 830 αὑτοῦ

258 870 697 943 προσηγόρευται
734 910 747 924 .
805 868 863 920 Ὃ
918 868 1229 946 σοφώτατος
1303 865 1577 941 Κόριλλος
1632 864 1767 940 πρὸς
1824 864 1912 918 τὸν

266 956 499 1033 βασιλέα
576 953 862 1012 Θεοδόσιον
936 956 1061 1028 περὶ
1134 960 1230 1010 τοῦ
1287 959 1520 1031 Χριστοῦ
1553 973 1566 985 ·
1626 951 1912 1009 Ἀπολὺων

260 1044 371 1121 γὰρ
448 1044 712 1120 ἁμαρτίας
765 1045 855 1100 τὸν
932 1043 1078 1116 αὐτῷ
1152 1042 1581 1119 προσκείμενον,
1639 1047 1718 1114 τῷ
1792 1038 1917 1113 ἰδίῳ

260 1130 462 1187 λοιπὸν
520 1130 806 1208 καταχρίει
863 1133 1139 1205 Πνεῦματι
1175 1177 1188 1194 ,
1248 1131 1380 1207 ὅπερ
1457 1130 1626 1202 ἐνίησι
1683 1131 1777 1204 μὲν
1827 1128 1917 1183 αὐ-

258 1221 359 1282 τὰς
416 1220 492 1282 ὡς
554 1220 613 1275 ἐκ
670 1225 804 1276 Θεοῦ
864 1221 1074 1297 ΙΙατρὸς
1102 1219 1302 1295 Λόγος,
1333 1220 1422 1275 καὶ
1482 1219 1532 1290 ἐξ
1589 1217 1729 1281 ἰδίας
1777 1221 1914 1291 ἡμῖν

262 1309 628 1385 ἆναπηγάζων
690 1308 902 1386 φύσεως
936 1354 950 1380 ,
1008 1305 1187 1362 κοινὸν
1250 1307 1308 1363 δὲ
1364 1307 1543 1381 ὥσπερ
1599 1309 1662 1362 τὸ
1721 1314 1918 1382 χρῆμα

258 1397 434 1461 τιθεὶς
489 1397 560 1472 τῇ
647 1397 781 1470 μετὰ
850 1395 1045 1473 σαρκὸς
1118 1396 1409 1470 οἰκονομίᾳ
1485 1394 1574 1451 διὰ
1625 1397 1725 1465 τήν
1784 1394 1916 1450 ἔνω-

263 1507 371 1555 ςιν,
425 1487 515 1541 καὶ
572 1486 647 1549 ὡς
703 1484 984 1561 άνθρωπος
1039 1484 1241 1541 ἐνέπνει
1300 1489 1627 1558 σωματικῶς
1656 1528 1668 1540 .
1728 1485 1813 1539 Ἐν
1892 1482 2123 1558 δευτέρῳ
2203 1479 2404 1559 βιϐλίῳ
2478 1488 2587 1538 τῶν
2645 1488 2938 1557 Θησαυρῶν
2973 1502 2987 1514 ⁸

2024 702 2095 742 ea:
2121 691 2326 742 natura
2355 687 2491 743 Filii
2537 689 2800 741 exsistere
2840 684 3124 757 fatendum
3169 687 3250 739 est
3280 702 3297 737 :
3343 698 3580 753 namque
3610 688 3673 737 ut

2025 792 2096 831 ea:
2123 790 2183 831 eo
2222 784 2424 830 natura
2482 777 2770 840 exsistens,
2829 782 2879 829 et
2934 775 2990 828 in
3043 776 3326 828 creaturas
3373 772 3441 827 ab
3486 771 3671 827 eodem

2024 866 2222 920 missus
2249 866 2658 920 renovationem
2705 864 2891 934 efﬁcit.
2926 863 3067 917 Item
3102 878 3115 915 :
3166 862 3285 916 Non
3332 872 3404 916 est
3447 861 3669 916 alienus

2024 955 2091 1009 ab
2120 955 2355 1009 essentia
2382 953 2513 1008 Filii
2546 952 2782 1023 Spiritus
2812 954 3054 1019 sanctus,
3085 951 3181 1006 sed
3226 951 3287 1005 in
3334 952 3467 1021 ipso,
3498 958 3552 1004 et
3598 965 3673 1005 ea:

2024 1042 2160 1113 ipso,
2192 1045 2245 1097 el
2291 1042 2463 1097 veluti
2507 1042 2749 1113 operatio
2799 1041 3056 1112 quadam
3091 1039 3390 1095 naturalis.
3426 1041 3567 1094 Item
3599 1038 3670 1092 ad

2024 1130 2358 1187 Nestorium
2406 1130 2477 1185 de
2524 1130 2798 1186 Christo:
2851 1132 2966 1200 Ipse
3011 1145 3242 1200 operans
3275 1144 3376 1199 per
3402 1126 3672 1199 Spiritum

2022 1223 2274 1275 sanctum
2301 1218 2513 1274 dicebat
2544 1236 2557 1273 :
2611 1241 2640 1269 ‹‹
2689 1219 2761 1274 De
2789 1234 2907 1274 meo
2936 1218 3195 1289 accipiet,
3230 1225 3284 1272 et
3321 1215 3673 1271 annuntiabil

2025 1309 2193 1363 vobis.
2227 1327 2253 1359 ι
2290 1312 2480 1379 Atque
2508 1323 2578 1363 ex
2608 1307 2702 1363 his
2732 1306 2971 1379 quidem
3003 1306 3382 1362 manifestum
3426 1308 3535 1371 est,
3568 1321 3673 1376 per

2027 1396 2237 1453 Filium
2268 1412 2397 1452 esse
2422 1395 2702 1468 Spiritum
2732 1413 2767 1451 a
2797 1396 2979 1451 Patre.

3067 1482 3300 1557 Ἀνάγκη
3381 1482 3443 1537 τὸ
3499 1483 3668 1537 Πνεῦ-

262 1594 342 1646 μα
397 1580 502 1643 τῆς
554 1573 740 1636 οὐσίας
801 1573 1063 1650 ὑπάρχειν
1140 1572 1436 1649 ὁμολογεῖν
1492 1578 1590 1627 τοῦ
1645 1574 1805 1647 Υἱοῦξ.
1862 1574 1950 1634 Ὧς
2004 1572 2107 1649 γὰρ
2169 1572 2218 1645 ἐξ
2277 1572 2440 1627 αὐτοῦ
2494 1573 2629 1627 κατὰ
2699 1573 2852 1650 φύσιν
2928 1572 3171 1648 ὑπάρχον
3209 1615 3222 1640 ,
3281 1568 3372 1626 καί
3429 1569 3517 1624 ἐπὶ
3570 1569 3671 1638 τὴν

253 1662 429 1717 κτίσιν
516 1663 643 1739 παρ’
726 1661 889 1717 αὑτοῦ
972 1662 1322 1736 πεμπόμενον
1388 1708 1402 1731 ,

1480 1662 1570 1717 τὸν
1648 1661 2030 1735 ἀνακαινισμὸν
2103 1660 2378 1737 ἐργάζεται
2428 1707 2440 1719 .

2524 1661 2621 1715 Καὶ
2699 1659 2863 1715 πάλιν
2918 1708 2931 1732 ,
3006 1660 3116 1716 Οὐκ
3200 1659 3489 1736 ἀλλότριον
3573 1665 3674 1726 τῆς

254 1750 447 1813 οὐσίας
501 1755 600 1805 τοῦ
669 1752 795 1810 Υἱοῦ
870 1751 934 1806 τὸ
991 1753 1143 1826 ἅγιον
1204 1754 1430 1823 Πνεῦμα
1461 1796 1475 1820 ,
1534 1749 1661 1806 ἀλλ’
1720 1750 1771 1805 ἐν
1830 1749 1997 1821 αὐτῷ,
2056 1751 2145 1804 καὶ
2198 1751 2249 1820 ἐξ
2325 1749 2489 1804 αὑτοῦ
2522 1795 2535 1819 ,
2594 1750 2683 1804 καὶ
2742 1749 2921 1825 ὥσπερ
2994 1748 3230 1825 ἐνέργειά
3304 1767 3387 1810 τις
3445 1748 3678 1825 φυσική-

253 1838 411 1912 Πρὸς
468 1835 527 1894 δέ
581 1839 873 1913 Νεστὸριον
922 1839 1047 1915 περὶ
1101 1843 1198 1894 τοῦ
1258 1843 1492 1915 Χριστοῦ
1564 1838 1751 1909 πάλιν,
1811 1839 1985 1900 Αὐτὸς
2043 1836 2267 1914 ἐνεργῶν
2330 1836 2419 1893 διὰ
2472 1843 2569 1893 τοῦ
2645 1838 2795 1915 ἁγίου
2855 1838 3204 1911 Ῑινεόματος,
3266 1834 3486 1915 ἔφασκεν
3524 1883 3538 1908 ,
3593 1835 3676 1890 δτι

256 1934 356 1985 Ἐκ
408 1933 508 1984 τοῦ
566 1926 702 2001 ἐμοῦ
778 1927 1011 2002 λήψεται
1046 1974 1060 2002 ,
1117 1927 1206 1983 καὶ
1280 1927 1572 2003 ἀναγγελεῖ
1628 1928 1775 2000 ὑμῖν.
1833 1926 1988 1983 Ἀλλ’
2041 1926 2103 1982 ἐκ
2154 1928 2363 1983 τούτων
2423 1928 2517 2001 μὲν
2575 1929 2824 2006 φανερὸν,
2883 1926 2964 1982 ὅτι
3020 1925 3089 1981 δι’
3146 1928 3272 1980 Υἰοῦ
3334 1926 3398 1981 τὸ
3457 1927 3679 1999 Πνεῦμα

254 2018 409 2093 παρὰ
439 2016 675 2092 ΙΙατρὸς.

331 2146 544 2219 ζ”Ἠδη
606 2146 664 2204 δὲ
716 2147 806 2204 καί
863 2169 1012 2211 τινας
1071 2149 1342 2211 ἐνστάσεις
1397 2152 1508 2204 τῶν
1561 2149 1919 2228 ἀντιφερομέ-

2098 2153 2153 2207 7.
2189 2152 2300 2207 Sed
2322 2153 2449 2224 jam
2481 2151 2954 2208 adversariorum
2986 2150 3344 2222 objectiones
3371 2148 3601 2221 aliquae,
3622 2154 3680 2206 et

254 2259 368 2293 νων
430 2237 526 2299 τάς
590 2258 652 2313 γε
712 2238 1016 2314 βιαιοτέρας
1072 2237 1442 2308 ἐπισκεπτέον,
1506 2236 1656 2300 ὅπως
1715 2238 1774 2292 ἂν
1808 2236 1920 2308 ἐξε-

256 2324 576 2399 ταζομένων
652 2325 827 2380 αὑτῶν
896 2328 932 2394 ἡ
991 2332 1090 2395 τῆς
1168 2323 1430 2394 ἀληθείας
1506 2325 1757 2388 σύστασις
1835 2325 1923 2380 ἐπὶ

261 2413 438 2470 πλέον
500 2413 825 2490 ἰσχυροτέρα
879 2415 1068 2491 φανείη
1125 2418 1195 2487 τῇ
1252 2418 1362 2468 τῶν
1418 2420 1520 2483 τῆς
1578 2414 1789 2485 ἀπάτης
1831 2436 1921 2469 συ-

264 2506 519 2581 στροφῶν
580 2500 823 2558 διαλύσει
867 2502 1254 2578 συντρέχουσα,
1312 2500 1402 2557 καί
1456 2503 1519 2557 τὸ
1580 2499 1649 2556 δι’
1699 2504 1824 2563 Υἰοῦ
1860 2502 1923 2558 τὰ

271 2596 503 2663 Πνεῦμα
556 2590 849 2669 πεφηνέναι
904 2591 1051 2664 παρά
1120 2590 1336 2665 ΙΙατρὸς
1392 2589 1715 2664 ἐκφαίνουσα
1763 2611 1869 2668 ,τρα
1899 2624 1923 2634 -

270 2678 492 2753 νότερον
550 2678 640 2733 καὶ
698 2678 1050 2755 κρατόνουσα.
1109 2680 1236 2740 ΙΙῶς
1297 2675 1387 2733 οὖν
1444 2678 1602 2733 εἰκών
1662 2678 1771 2734 ἐστι
1827 2683 1924 2734 τοῦ

270 2768 406 2822 Υἱοῦ
457 2766 522 2823 τὸ
600 2769 869 2840 ΙΙνεῦμα;
929 2766 1108 2843 φασίν.
1185 2766 1250 2822 Εἰ
1304 2771 1466 2822 τοῦτο
1522 2766 1654 2839 ἐστὶ,
1712 2772 1790 2839 τῷ
1818 2769 1926 2840 Υἰῷ

270 2856 412 2911 κατὰ
465 2856 637 2911 πάντα
700 2857 1139 2929 παρισωθήσεται
1172 2901 1187 2926 ,
1247 2855 1337 2910 καὶ
1406 2852 1511 2926 ἕξει
1566 2857 1693 2932 παρ’
1754 2856 1926 2929 ἐαυτῷ

265 2945 339 2999 τὰ
364 2946 466 3013 τῆς
520 2948 618 2998 τοῦ
674 2945 800 2998 Υἱοῦ
854 2945 1185 3019 γνωριστικὰ
1230 2943 1589 3007 ὑποστάσεως.
1649 2947 1776 3006 Ιιῶς
1831 2943 1923 2999 οὗν

269 3031 373 3087 οὐκ
426 3030 570 3087 ἔσται
630 3033 876 3106 γέννημα
927 3036 1024 3086 τοῦ
1082 3031 1308 3107 Πατρὶς,
1366 3031 1517 3088 ἀλλὰ
1571 3027 1921 3106 πρόϐλημα;

269 3121 308 3189 ἢ
368 3123 486 3181 πῶς
544 3118 604 3173 οὗ
634 3124 733 3173 τοῦ
762 3118 887 3173 Υἷοῦ
922 3119 1017 3192 μὲν
1048 3120 1186 3188 Υἱὸς,
1219 3115 1442 3195 ἔγγονος
1473 3117 1531 3174 δὲ
1558 3124 1655 3175 τοῦ
1687 3121 1924 3196 Ιιατρὸς,

274 3203 426 3285 εἴπερ
481 3206 559 3269 εἰς
616 3207 706 3262 τὸν
766 3207 885 3263 Υἱὸν
942 3208 1018 3269 ὡς
1076 3207 1154 3270 εἰς
1209 3207 1519 3284 ἀρχέτυπον
1566 3207 1922 3286 ἀναφέρεται;

275 3296 424 3372 Πρὸς
480 3299 649 3351 ταῦτα
696 3294 792 3350 κᾶν
856 3296 931 3368 μὴ
980 3296 1118 3371 πρὸς
1173 3298 1322 3369 ἡμᾶς
1377 3299 1412 3366 ἡ
1449 3296 1625 3372 μάχη,
1656 3298 1794 3373 πρὸς
1824 3299 1925 3373 γὰρ

270 3383 404 3446 τούς
436 3383 720 3459 εἰρηκότας
766 3383 946 3439 εἰκόνα
988 3389 1086 3439 τοῦ
1136 3383 1264 3440 Υἰοῦ
1290 3384 1353 3439 τὸ
1400 3387 1623 3458 Πνεῦμα
1658 3386 1721 3440 τὸ
1752 3382 1924 3461 ἅγιον,

275 3470 407 3528 ἀλλ’
458 3475 623 3546 ἡμεῖς
681 3471 825 3527 οὕτω
882 3471 1055 3550 φαμέν
1079 3517 1091 3530 .
1149 3475 1305 3530 Ιιᾶσα
1363 3472 1519 3527 εἰκὼν
1582 3473 1634 3544 ἐξ
1689 3473 1924 3549 ἀνάγκης

274 3558 517 3639 διαφέρει
567 3560 703 3615 κατά
746 3580 799 3615 τι
847 3561 984 3637 πρὸς
1029 3561 1094 3616 τὸ
1141 3559 1466 3636 ἀρχέτυπον.
1501 3568 1768 3640 Διαφορᾶς
1825 3564 1926 3639 γὰρ

274 3649 377 3705 οὐκ
423 3646 593 3719 οὔσης
637 3650 785 3712 τινὸς
835 3648 887 3704 ἐν
933 3649 1140 3719 αὐτοῖς,
1192 3650 1294 3705 εἰεν
1340 3648 1399 3704 ’ἀν
1432 3651 1488 3704 αἱ
1531 3648 1734 3713 εἰκόνες
1766 3651 1927 3727 ἀρχέ-

270 3756 437 3794 τυπα’
466 3735 551 3792 διὸ
608 3736 847 3813 καθάπερ
895 3738 924 3793 6
979 3737 1102 3800 Υἱὸς
1163 3736 1321 3793 εἰκὼν
1383 3738 1650 3814 ὑπάρχων
1710 3738 1925 3814 ΙΙατρὸς

273 3824 569 3902 διενήνοχε
611 3830 710 3881 τοῦ
769 3824 1130 3900 πρωτοτύπου
1183 3830 1264 3898 τῷ
1325 3822 1601 3899 ἰδιώματι.
1661 3826 1780 3889 Υἱὸς
1822 3826 1925 3903 γὰρ

274 3914 339 3970 οὗ
396 3915 611 3989 ΙΙατήρ,
672 3914 952 3988 γεννητὸς,
1014 3913 1112 3969 οὐκ
1164 3913 1480 3988 ἀγέννητος,
1539 3914 1681 3969 οὕτω
1728 3914 1818 3969 καὶ
1862 3915 1926 3970 τὸ

274 4007 499 4077 Πνεῦμα
550 4002 616 4058 τὸ
671 4004 849 4077 ἅγιον,
904 4003 1061 4057 εἰκὼν
1120 4007 1215 4057 τοῦ
1254 4003 1399 4075 Υἱοῦ,
1432 4003 1522 4057 καὶ
1552 4004 1609 4058 ὃν
1639 4004 1729 4058 καὶ
1763 4002 1923 4079 λεγό-

278 4112 440 4164 μενον
489 4094 714 4165 Πνεῦμα
771 4090 933 4163 ἐστὶν,
997 4091 1105 4167 οὑχ
1146 4090 1286 4163 Υἱὸς,
1333 4085 1674 4166 πορϐΛητὸν,
1706 4089 1832 4147 ἀλλ’
1862 4091 1925 4147 οὐ

272 4178 532 4256 γεννητόν
565 4224 579 4237 .
639 4181 701 4236 Ἣ
766 4179 870 4255 γὰρ
931 4176 1141 4249 ἰδιότης
1197 4178 1453 4249 ἀκίνητός
1521 4179 1660 4235 ἐστιν
1719 4179 1779 4235 ἐκ
1829 4185 1925 4236 τοῦ

272 4269 475 4338 ταύτην
508 4262 755 4343 ἔχοντος·
788 4268 824 4336 ἢ
856 4272 976 4331 πῶς
1024 4268 1084 4322 ἂν
1133 4264 1343 4338 ἰδιότης
1390 4267 1544 4340 μένοι
1572 4267 1924 4342 κοινουμένη,

274 4357 365 4413 καὶ
413 4357 504 4435 ἀφ’
553 4357 736 4427 ἐτέρου
785 4358 921 4433 πρὸς
971 4353 1150 4433 ἕτερον
1205 4356 1657 4429 μεταπίπτουσα;
1706 4358 1777 4412 Τὸ
1823 4359 1924 4434 γὰρ

276 4445 331 4501 ἐν
364 4443 513 4500 δυσὶν
540 4446 576 4514 ἢ
609 4444 844 4508 πολλοῖς
899 4445 1293 4522 θεωρούμενον,
1344 4446 1624 4517 κοινότης,
1670 4443 1797 4501 ἀλλ’
1829 4447 1929 4501 οίικ

281 4531 494 4604 ἰδιότης
526 4534 687 4593 ἐστίν.

352 4669 423 4738 η’.
477 4669 632 4722 Ὅθεν
679 4664 805 4723 οὐδὲ
849 4667 970 4730 Υἱὸς
1020 4666 1168 4730 ὅλως
1220 4665 1427 4738 ἐκλήση
1475 4667 1539 4722 τὸ
1585 4667 1809 4741 Πνεῦμα
1863 4667 1927 4723 τὸ

284 4755 462 4832 ἅγιον,
492 4754 566 4817 ὠς
612 4755 673 4811 ἃν
727 4754 810 4827 εἴη
866 4755 1027 4830 μόνος
1056 4756 1201 4827 Υἱὸς,
1234 4757 1263 4811 6
1294 4756 1414 4819 Υἱὸς
1443 4755 1535 4811 καὶ
1564 4755 1728 4829 μὸνον
1780 4756 1923 4828 Υἱὸς,

282 4843 351 4946 οὑ
378 4846 489 4914 μὴν
511 4844 633 4946 .
691 4845 1280 4946 Ιξατήρ,“τὸΔίΙνεῦμα
1301 4844 1389 4946 ‘16
1446 4846 1646 4946 cii‘vt'ov',
1705 4845 1927 4946 Ilveﬁua
1955 4880 2003 4946 D

283 4932 469 5004 μόνον,
500 4929 629 4987 ἀλλ’
671 4931 800 5009 οὐχὶ
847 4933 938 4987 καὶ
988 4933 1132 5002 Υἱὸς,
1184 4934 1361 4995 καθὼς
1412 4931 1499 4987 καί
1530 4934 1558 4986 ὁ
1597 4933 1785 5009 Πατὴρ
1821 4931 1927 5004 μό-

278 5041 368 5076 νον
403 5022 617 5096 ῙΙατήρ.
678 5022 772 5076 Διὸ
819 5021 909 5076 καὶ
962 5020 990 5074 ό
1042 5019 1210 5097 μέγας
1258 5020 1309 5076 ἐν
1358 5020 1555 5097 θεωρίᾳ
1602 5020 1692 5075 καὶ
1737 5020 1923 5094 πράξει

278 5106 560 5164 Βασίλειος
613 5108 758 5164 οὕτω
804 5109 936 5187 φησί
984 5111 1122 5182 πρὸς
1167 5108 1438 5183 Εὐνόμιον
1469 5108 1793 5185 ἀποροῦντα·
1830 5109 1927 5163 Διὰ

275 5194 326 5250 τί
390 5196 468 5269 μὴ
528 5195 617 5251 καὶ
671 5197 735 5252 τὸ
799 5197 875 5271 μὴ
908 5196 1134 5252 εἰναιέκ
1179 5201 1313 5253 Θεοῦ
1363 5194 1434 5252 δι’
1485 5198 1632 5269 Υἱοῦ,
1683 5194 1927 5253 ἀλλ”ίνα

278 5285 339 5340 τὸ
397 5286 625 5358 Πνεῦμα
700 5284 821 5347 Υἱὸς
890 5289 988 5340 τοῦ
1063 5286 1228 5343 Υἱοῦ.
1282 5288 1399 5341 Ὅτι
1457 5284 1520 5340 οὗ
1580 5283 1670 5339 διὰ
1722 5285 1786 5340 τὸ
1846 5286 1923 5359 μή

280 5374 408 5431 εἶναι
468 5372 530 5429 ἐκ
583 5378 716 5432 Θεοῦ
772 5370 843 5428 δι’
898 5375 1042 5446 ficii,
1103 5372 1228 5430 ἀλλ’
1280 5372 1371 5430 ’ίνα
1426 5377 1462 5444 ἡ
1512 5375 1672 5450 Τριὰς
1726 5374 1801 5447 μή
1835 5395 1925 5429 νο⁶

283 5462 450 5537 μισθῇ
508 5461 719 5532 πλῆθος
777 5459 998 5539 ἄπειρον
1062 5462 1214 5526 υἱοὺς
1276 5462 1328 5537 ἐξ
1386 5465 1538 5533 υἱῶν,
1598 5462 1672 5525 ὠς
1727 5462 1817 5517 καὶ
1875 5462 1928 5518 ἐν

279 5552 586 5626 ἀνθρώποις
616 5594 637 5623 ,
712 5547 858 5626 ἔχειν
938 5552 1336 5607 ὑποπτουθεῖσα
1368 5595 1380 5608 .
1459 5549 1632 5609 Ἀλλά
1700 5549 1875 5626 λέγεις
1909 5598 1923 5623 ,

283 5639 343 5695 Εἰ
401 5644 538 5695 Θεοῦ
598 5638 691 5712 μὶν
751 5637 908 5693 εἰκὼν
969 5641 998 5694 6
1046 5639 1205 5712 Υἱὸς,
1265 5640 1391 5696 Υἶοῦ
1449 5636 1507 5694 δὲ
1558 5640 1621 5693 τὸ
1680 5643 1921 5713 Πνεῦμα.

284 5729 368 5784 καὶ
428 5728 475 5785 εἰ
534 5731 668 5784 Θεοῦ
726 5729 822 5804 μὲν
876 5727 1053 5804 Λόγος
1110 5730 1139 5784 6
1196 5728 1337 5802 Υἱὸς,
1374 5728 1525 5806 ῥῆμα
1583 5725 1642 5783 δὲ
1698 5729 1822 5784 ῐὶοῦ
1863 5731 1926 5785 τὸ

2030 2238 2337 2296 validiores
2368 2240 2803 2295 considerandae
2860 2244 3021 2304 sunt,
3076 2244 3143 2294 ut
3188 2238 3263 2295 iis
3309 2237 3680 2305 examinatis,

2031 2328 2248 2383 veritas
2278 2328 2489 2399 magis,
2523 2328 2796 2383 fraudum
2827 2327 3117 2383 machinis
3147 2326 3468 2394 dissolutis,
3500 2326 3687 2382 eluce-

2035 2420 2181 2484 scat,
2218 2432 2321 2487 per
2351 2415 2561 2471 Filium
2595 2416 2877 2489 Spiritum
2906 2416 3187 2474 exsistere
3234 2432 3302 2471 ex
3332 2419 3522 2481 Patre,
3554 2414 3683 2487 pla-

2033 2503 2170 2559 nius
2199 2505 2576 2570 conﬁrmans,
2608 2509 2784 2577 atque
2814 2504 3455 2570 stabiliens.Quomodo
3484 2503 3682 2576 itaque

2033 2592 2228 2664 imago
2280 2591 2409 2647 Filii
2455 2592 2709 2664 Spiritus
2758 2597 2846 2648 est
2874 2592 2902 2646 ‘I
2947 2594 3223 2665 inquiunt.
3276 2593 3331 2647 Si
3382 2593 3441 2648 id
3484 2592 3678 2662 fuerit,

2035 2681 2176 2737 Filio
2229 2682 2287 2736 in
2338 2681 2613 2737 omnibus
2660 2681 3078 2753 exaequabitur,
3121 2680 3474 2752 habebitque
3522 2681 3676 2752 apud

2034 2769 2418 2841 semetipsum
2477 2786 2581 2841 per
2635 2769 2833 2825 omnia
2874 2769 3253 2842 hypostascos
3304 2768 3432 2824 Filii
3485 2772 3674 2825 notas.

2035 2858 2334 2923 Quomodo
2365 2858 2563 2931 itaque
2601 2874 2716 2913 non
2758 2857 2868 2913 erit
2917 2862 3231 2931 generatus
3278 2874 3313 2912 a
3358 2857 3548 2925 Patre,
3579 2857 3681 2913 sed

2035 2946 2403 3017 procedens?
2450 2951 2506 3001 et
2556 2947 2850 3019 quomodo
2902 2963 3017 3002 non
3066 2947 3178 3001 erit
3222 2946 3405 3001 Filius
3445 2945 3596 3012 Filii,
3629 2949 3687 3000 et

2034 3034 2224 3089 Patris
2255 3051 2457 3106 nepos,
2493 3034 2542 3090 si
2591 3034 2649 3089 in
2684 3033 2895 3089 Filium
2942 3039 3225 3105 tanquam
3273 3035 3345 3089 ad
3392 3033 3689 3105 exemplar

2033 3122 2432 3178 transfertur?
2487 3122 2573 3177 Ad
2622 3122 2764 3189 huic,
2813 3122 2948 3178 licet
2994 3124 3284 3178 contentio
3333 3126 3534 3178 contra
3577 3138 3685 3177 nos

2034 3215 2307 3283 suscepta
2339 3227 2454 3266 non
2476 3210 2571 3282 sit,
2596 3212 2698 3267 sed
2724 3216 2929 3267 contra
2955 3227 3055 3267 eos
3083 3210 3183 3282 qui
3214 3210 3340 3266 Filii
3363 3210 3681 3283 imaginem

2035 3299 2320 3371 Spiritum
2352 3304 2621 3355 sanctum
2653 3304 3005 3368 asseverant,
3038 3317 3145 3356 nos
3175 3299 3257 3355 ita
3284 3298 3681 3356 occurrimus:

2036 3387 2240 3443 Omnis
2266 3387 2459 3460 imago
2485 3390 2812 3445 necessario
2837 3388 2909 3443 ab
2932 3387 3246 3461 exemplari
3271 3404 3377 3444 suo
3397 3386 3459 3442 in
3484 3386 3681 3458 aliquo

1959 3518 2003 3586 ϐ
2041 3475 2252 3531 diﬂ‘ert.
2291 3479 2437 3532 Nam
2492 3478 2540 3531 si
2590 3476 2752 3532 nulla
2800 3480 2956 3532 esset
2999 3476 3153 3533 inter
3206 3492 3274 3533 ea
3330 3476 3682 3543 differentia,

2042 3568 2238 3620 essent
2290 3563 2462 3637 plane
2509 3564 2799 3637 imagines
2865 3564 3239 3636 exemplaria.
3298 3565 3680 3637 Quapropter,

2035 3653 2535 3724 quemadmodum
2569 3652 2749 3709 Filius
2769 3654 2963 3727 imago
2994 3653 3182 3709 Patris
3207 3670 3339 3710 cum
3363 3653 3459 3724 sit,
3493 3654 3686 3709 differt

2034 3746 2231 3797 tamen
2264 3742 2336 3797 ab
2362 3741 2676 3814 exemplari
2705 3742 3091 3814 proprietate;
3134 3742 3315 3798 Filius
3361 3742 3518 3797 enim
3571 3745 3678 3809 est,

2035 3846 2151 3885 non
2185 3831 2384 3899 Pater;
2418 3834 2750 3903 generatus,
2783 3847 2898 3886 non
2931 3831 3226 3903 ingenitus
3259 3848 3270 3886 :
3307 3831 3391 3886 sic
3421 3834 3477 3885 et
3507 3829 3682 3901 Spiri-

2034 3922 2131 3973 tus
2160 3922 2400 3974 sanctus
2431 3920 2623 3991 imago
2654 3917 2782 3974 Filii
2806 3934 2941 3974 cum
2972 3919 3069 3985 sit,
3115 3924 3172 3974 et
3211 3920 3457 3989 dicatur,
3489 3918 3678 3991 Spiri-

2033 4010 2151 4078 tus,
2183 4011 2272 4062 est
2302 4024 2417 4062 non
2451 4006 2631 4063 Filius
2655 4032 2677 4075 ί
2715 4007 2955 4075 effusus,
3007 4008 3107 4063 sed
3159 4025 3273 4064 non
3320 4012 3673 4080 generatus;

2033 4095 2359 4168 proprietas
2390 4095 2546 4151 enim
2578 4097 2650 4151 ab
2680 4112 2811 4151 eam
2843 4096 3181 4168 possidente
3212 4096 3378 4153 avelli
3425 4112 3542 4151 non
3573 4112 3676 4166 po-

2034 4187 2186 4252 test;
2217 4183 2305 4241 vel
2337 4185 2627 4257 quomodo
2658 4184 3001 4257 proprietas,
3033 4185 3082 4240 si
3122 4184 3674 4251 communicaretur,

2033 4277 2091 4328 et
2117 4273 2191 4328 ab
2222 4290 2338 4328 uno
2384 4274 2445 4328 in
2494 4272 2676 4328 alium
2716 4276 3156 4329 transmearet?
3200 4274 3361 4337 Quod
3409 4272 3566 4328 enim
3617 4272 3677 4325 in

2033 4360 2285 4430 duobus,
2318 4364 2419 4416 aut
2446 4360 2714 4432 pluribus
2744 4362 3118 4433 conspicitur.
3144 4360 3535 4417 communitas
3566 4365 3675 4426 est,

2035 4465 2151 4505 non
2182 4449 2528 4521 proprietas.

2106 4670 2161 4724 8.
2195 4669 2340 4725 Hinc
2368 4685 2558 4742 neque
2586 4670 2770 4727 Filius
2799 4687 3041 4743 prorsus
3069 4674 3307 4727 vocatus
3359 4675 3449 4727 est
3495 4671 3677 4744 Spiri-

2034 4761 2133 4814 tus
2163 4762 2404 4814 sanctus
2429 4784 2442 4827 ;
2474 4763 2531 4814 et
2560 4759 2721 4815 solus
2743 4759 2924 4815 Filius
2945 4764 3099 4816 esset
3114 4758 3391 4828 Filius,et
3420 4764 3678 4816 tantum-

2036 4846 2210 4903 modo
2263 4846 2468 4918 Filius,
2501 4851 2559 4902 et
2606 4864 2722 4903 non
2771 4848 2977 4904 Pater:
3026 4852 3081 4904 et
3125 4848 3380 4920 Spiritus
3439 4853 3680 4905 sanctus

2035 4934 2289 5007 Spiritus
2319 4934 2533 5001 solum,
2566 4953 2680 4992 non
2713 4936 2853 4992 item
2872 4941 2928 4993 et
2949 4937 3155 5006 Filius,
3179 4938 3679 5009 quemadmodum

2034 5028 2091 5079 et
2118 5024 2288 5078 Pater
2318 5022 2511 5079 solum
2542 5028 2728 5079 Pater.
2754 5029 3065 5097 Propterea
3087 5043 3338 5099 magnus
3361 5032 3484 5082 tum
3510 5042 3682 5099 agens

2034 5111 2146 5179 dis,
2177 5116 2305 5167 tum
2348 5112 2703 5168 meditandis
2751 5113 3004 5170 Basilius
3051 5116 3334 5171 Eunomio
3364 5115 3679 5184 haesitanti,

2035 5216 2215 5272 quare
2247 5216 2363 5255 non
2395 5206 2453 5256 et
2481 5201 2731 5273 Spiritus
2768 5202 2946 5258 Filius
2979 5202 3153 5259 Filii?
3184 5205 3530 5276 respondet:
3561 5206 3681 5261 Non

2035 5288 2176 5360 quod
2203 5305 2315 5345 non
2342 5290 2418 5345 sit
2444 5306 2514 5345 ex
2543 5290 2649 5345 Deo
2685 5306 2786 5362 per
2814 5292 3039 5363 Filium,
3069 5291 3165 5348 sed
3207 5309 3279 5348 ue
3313 5294 3465 5349 Trias
3491 5294 3682 5363 inﬁni-

2034 5386 2148 5433 tam
2202 5377 2644 5445 multitudinem,
2694 5380 2869 5436 Filios
2915 5381 3122 5437 scilicet
3168 5397 3238 5438 ex
3284 5383 3461 5447 Filiis,
3511 5390 3574 5438 ut
3621 5384 3679 5437 in

2033 5467 2355 5521 hominibus
2382 5467 2533 5535 solet,
2568 5469 2632 5522 in
2659 5485 2716 5523 se
2747 5469 2948 5525 habere
2975 5472 3402 5526 existimaretur.
3435 5470 3539 5526 Sed
3566 5473 3679 5527 ais:

2035 5554 2097 5610 Si
2143 5555 2242 5609 Dei
2288 5556 2469 5626 imago
2517 5565 2596 5612 est
2642 5558 2841 5624 Filius,
2872 5559 3009 5613 Filii
3054 5575 3176 5614 vero
3228 5557 3507 5631 Spiritus;
3555 5562 3684 5614 etsi

2034 5643 2132 5698 Dei
2158 5642 2374 5714 quidem
2409 5645 2636 5701 Verbum
2676 5646 2866 5700 Filius.
2897 5648 3120 5701 Verbum
3165 5663 3292 5703 vero
3341 5648 3471 5704 Filii
3498 5647 3679 5719 Spiri-

2034 5740 2141 5803 tus,
2174 5748 2348 5803 quare
2394 5749 2505 5790 non
2550 5740 2603 5790 et
2649 5735 2823 5790 Filius
2873 5734 3008 5791 Filii
3052 5736 3290 5808 Spiritus
3334 5737 3523 5795 dictus
3551 5741 3629 5793 est
3656 5740 3682 5791 .’
