4110 6442
347 415 470 484 5'13

1585 425 2006 492 NIGEPHORI
2048 423 2485 491 BLEMMIDE

3634 426 3756 499 876

348 553 445 610 hoc
470 553 739 627 siquidem
768 555 1119 614 validissimo
1145 563 1471 629 argumento
1513 561 1583 617 ad
1613 565 1766 618 tuam
1796 563 1986 633 impie-

2105 564 2349 633 Πνεῦμα,
2409 557 2551 616 διατί
2610 560 2685 634 μή
2745 559 2865 624 Υἱὸς
2918 559 3047 617 Τὶοῦ
3100 560 3163 617 16
3210 564 3437 636 Πνεῦμα
3491 558 3753 640 εἷ’ρηταις

349 651 518 700 tatem
562 646 912 703 astruendam
955 664 1088 704 usus
1129 664 1202 704 es.
1256 649 1362 706 Aut
1406 651 1561 706 enim
1615 652 1840 721 Filium,
1899 659 1996 706 aut

349 741 660 790 creaturam
678 736 839 808 jubes
868 753 976 793 non
1000 742 1183 793 tenere
1212 756 1230 793 :
1273 747 1325 794 et
1369 739 1511 811 quod
1557 741 1732 796 Filius
1777 757 1994 795 nuncu-

343 831 512 894 patus
538 838 650 880 nan
669 833 764 895 est,
796 825 925 881 ideo
952 834 1263 883 creaturam
1282 845 1398 884 esse
1417 830 1587 900 impie
1606 830 1803 885 asseris
1835 830 1996 884 illum

352 912 451 982 qui
498 918 779 971 creaturas
826 931 994 971 causa
1037 921 1136 978 est.
1167 918 1266 989 qui
1307 925 1616 974 creaturam
1659 919 1991 988 sanctiﬁcat,

349 1004 403 1056 et
433 1001 674 1071 dei/teat,
706 1004 803 1074 qui
847 1005 1091 1073 Domini,
1122 1007 1325 1078 Deique
1370 1006 1745 1078 appellatione
1785 1009 1994 1079 gloriﬁ-

348 1093 528 1158 catur,
560 1093 657 1162 qui
692 1092 909 1149 divinas
954 1096 1191 1165 complet
1235 1098 1598 1166 operationes.
1632 1100 1768 1154 Cum
1814 1098 1998 1167 itaque

346 1179 717 1249 appellatione
747 1183 878 1237 Filii
903 1183 1163 1249 indignus
1189 1183 1294 1238 tibi
1325 1183 1626 1256 judicetur,
1656 1188 1927 1255 tanquam
1959 1202 1995 1240 a

345 1267 520 1323 Patre
564 1277 616 1324 et
663 1270 803 1325 Filio
850 1271 1091 1343 alienus,
1136 1273 1427 1328 considera
1475 1289 1726 1346 quanam
1781 1275 1997 1329 ratione

345 1356 518 1412 Filios
564 1358 732 1428 efﬁcit
779 1374 866 1415 eos
906 1362 1005 1432 qui
1042 1362 1488 1431 sanctiﬁcantur.
1526 1360 1676 1429 Quod
1721 1362 1772 1417 si
1804 1365 1863 1416 tu
1898 1379 1998 1433 per

346 1443 620 1515 Spiritum
649 1449 824 1503 Filius
855 1451 956 1505 Dei
981 1466 1056 1517 es,
1080 1438 1348 1523 quomodo
1380 1450 1624 1521 Spiritus
1651 1467 1687 1505 a
1717 1450 1997 1520 ﬁliatione

348 1534 567 1589 alienus
595 1539 718 1590 est?
745 1536 889 1593 Item
923 1555 936 1594 :
969 1539 1214 1594 Dicimus
1252 1541 1438 1611 itaque
1476 1541 1765 1611 afﬁrmare
1793 1540 1999 1595 Filium

348 1638 422 1677 ea:
448 1622 589 1678 Filio
618 1624 865 1681 Triadem
893 1628 950 1681 in
981 1628 1359 1683 multitudinis
1416 1629 1689 1684 deitatum
1731 1629 1995 1699 suspicio-

346 1727 476 1769 nem
502 1711 763 1781 homines,
797 1715 968 1786 quiid
995 1715 1297 1785 audissent,
1324 1716 1637 1773 adduxisset
1665 1737 1684 1783 ;
1732 1718 1793 1772 in
1812 1732 1997 1787 prom-

341 1802 442 1870 ptu
476 1816 713 1872 namque
740 1811 861 1858 erat
882 1805 1178 1876 suspicari,
1207 1807 1350 1861 sicut
1390 1806 1563 1860 Filius
1610 1822 1681 1860 ea:
1731 1806 1871 1860 Filio
1899 1821 1991 1873 ge-

2101 647 2287 722 Τούτῳ
2345 649 2447 724 γὰρ
2510 648 2853 725 ἰσχυροτάτῳ
2910 650 3045 725 πρὸς
3117 651 3217 719 τήν
3285 645 3527 707 ἀσέϐειαν
3584 651 3754 728 ἐχρή-

2103 759 2202 795 σω.
2263 739 2331 793 Ἥ
2389 738 2492 813 γὰρ
2540 739 2703 807 Υἱὸν,
2765 739 2800 807 ἢ
2878 739 3081 813 κτίσμα
3138 738 3378 797 κελεύεις
3431 746 3591 798 νοεῖν.
3652 741 3753 797 Καὶ

2105 824 2190 881 ὅτι
2253 828 2327 899 μὴ
2388 827 2512 889 Υἱὸς
2579 826 2939 901 ὠνόμασται,
2973 826 3063 884 διὰ
3116 834 3280 885 τοῦτο
3334 827 3536 904 κτίσμα
3594 830 3750 900 εἶναι,

2108 916 2474 994 βλασφημεῖς,
2532 917 2595 972 τὸ
2650 924 2750 987 τῆς
2805 916 3029 980 κτίσεως
3087 916 3257 975 αἶ’τιον
3288 964 3303 991 ,
3361 918 3424 975 τὰ
3480 926 3583 988 τῆς
3639 919 3754 974 κτί-

2106 1025 2244 1067 σεως
2314 1006 2623 1079 ἀγιαστικὸν
2697 1006 2787 1061 καὶ
2862 1005 3112 1071 θεοποιὸν
3168 1051 3182 1077 ,
3239 1009 3303 1064 τὸ
3376 1009 3577 1084 Κυρίου
3658 1009 3751 1065 καὶ

2105 1098 2239 1150 Θεοῦ
2311 1091 2667 1167 δοξαζόμενον
2748 1095 2975 1167 ὀνόματι
3002 1140 3022 1168 ,
3077 1095 3143 1150 16
3190 1101 3300 1151 τῶν
3372 1096 3526 1153 θείων
3586 1096 3703 1172 ἐνερ
3736 1117 3748 1128 ·

2104 1186 2266 1257 γειῶν
2338 1180 2689 1256 πληρωτικὸν
2728 1228 2739 1240 .
2798 1184 2945 1239 Ἐπεὶ
3020 1182 3112 1239 οῦν
3185 1185 3395 1256 ἀνάξιόν
3465 1207 3549 1241 σοι
3626 1186 3751 1263 φαί-

2103 1291 2244 1326 νεται
2316 1278 2418 1341 τῆς
2488 1276 2587 1326 τοῦ
2658 1274 2782 1329 Υἱοῦ
2858 1273 3233 1351 προσηγορίας
3310 1274 3385 1336 ὡς
3455 1271 3750 1349 ἀλλότριον

2106 1360 2323 1435 Ῑιατρὸς
2380 1361 2470 1415 καὶ
2524 1361 2651 1415 Ποῦ
2684 1405 2699 1431 ,
2752 1360 2941 1436 σκέψαι
2976 1367 3137 1431 ,πῶς
3205 1361 3357 1425 υἱοὺς
3431 1362 3754 1439 ἀπεργάζε-

2102 1467 2189 1502 ται
2244 1448 2373 1509 τοὺς
2432 1448 2863 1524 ἁγιαζομένους.
2925 1451 2990 1506 Εἰ
3047 1447 3106 1505 δὶ
3170 1449 3233 1505 σὺ
3286 1448 3375 1506 διὰ
3426 1455 3522 1506 τοῦ
3580 1449 3754 1507 Πνεό-

2109 1556 2278 1607 ματος
2333 1537 2455 1599 Υἱὸς
2508 1542 2661 1610 Θεοῦ,
2713 1542 2831 1601 πῶς
2879 1539 2943 1595 τὸ
2992 1543 3216 1614 Πνεῦμα
3269 1538 3416 1609 ξένον
3465 1539 3753 1609 υἱότητος;

2105 1624 2203 1680 Καὶ
2263 1622 2414 1689 αὖθις
2448 1644 2462 1659 ’
2522 1627 2760 1701 Λέγομεν
2837 1624 2927 1682 οῦν
3005 1625 3089 1682 ὅτι
3126 1628 3190 1682 τὸ
3265 1626 3434 1683 εἰπεῖν
3501 1629 3621 1682 Υἱὸν
3700 1627 3754 1701 ἐξ

2104 1713 2252 1779 Υἱοῦ,
2304 1715 2405 1782 τὴν
2462 1712 2665 1790 Τριάδα
2717 1722 2818 1784 τῆς
2877 1714 3136 1785 θεότητος
3192 1715 3267 1778 εἰς
3325 1714 3578 1785 πλήθους
3616 1716 3752 1771 ὑπο-

2103 1800 2228 1875 ψίαν
2307 1810 2575 1878 προσῆγεν
2655 1803 2965 1879 ἀνθρώποις
3017 1848 3031 1873 ,
3085 1802 3370 1861 ἀκούσασιν
3414 1846 3429 1861 .
3488 1807 3751 1877 Ἔτοιμον

346 1898 579 1945 neratus
607 1894 707 1957 est,
741 1892 819 1947 ita
847 1907 917 1947 ea:
943 1892 1042 1949 hoc
1068 1910 1259 1949 rursus
1299 1894 1478 1949 alium
1510 1902 1841 1965 prognatum
1859 1909 1994 1960 esse,

2105 1890 2203 1966 γὰρ
2254 1891 2320 1959 ἦν
2382 1886 2698 1963 ὑπολαϐεῖν,
2760 1891 2834 1954 ὡς
2890 1889 3039 1989 εἴπερ
3067 1892 3217 1989 ..Υἱὸς
3281 1890 3333 1962 ἐξ
3390 1893 3514 1989 ΥὶοΙῦ
3568 1893 3753 1968 γεγὲνο

348 1981 401 2032 et
428 1993 622 2033 rursus
648 1979 848 2047 alium,
881 1985 932 2036 et
961 1983 1042 2036 sic
1070 1984 1196 2038 item
1235 1983 1427 2054 plures
1474 1982 1613 2038 alios
1661 1999 1836 2037 unum
1875 1990 1997 2053 post

349 2065 545 2121 alium.
578 2068 874 2139 Propterea
911 2086 982 2125 ea:
1022 2071 1127 2127 Deo
1172 2070 1389 2142 quidem
1428 2086 1540 2127 esse
1574 2070 1859 2140 Spiritum,
1888 2086 1996 2141 pa-

356 2154 470 2210 lam
514 2155 797 2227 Apostolus
840 2157 1035 2231 edixit,
1083 2159 1316 2215 dicens:
1374 2179 1403 2209 ‹‹
1448 2160 1737 2231 Spiritum,
1789 2161 1888 2230 qui
1930 2175 2000 2213 ere

352 2242 459 2298 Deo
489 2250 583 2311 est,
610 2248 937 2317 accepimus.
974 2267 1001 2297 »
1038 2248 1107 2302 Et
1132 2263 1231 2319 per
1277 2247 1481 2302 Filium
1526 2263 1790 2319 apparere
1836 2247 2000 2317 plane

352 2330 758 2404 demonstravit,
791 2351 917 2390 cum
945 2335 1212 2406 Spiritum
1242 2336 1411 2391 illum
1448 2344 1684 2392 vocasset
1712 2337 1797 2391 uti
1824 2337 1925 2391 Dei
1949 2343 2001 2391 et

264 2472 270 2478 .
348 2428 583 2478 mentem
612 2421 820 2479 Christi
864 2426 1095 2495 insuper
1138 2441 1407 2494 asserens,
1439 2424 1900 2497 quemadmodum
1946 2429 1999 2480 et

347 2509 449 2564 Dei
474 2508 746 2581 Spiritum
789 2515 852 2567 ut
896 2512 1156 2569 hominis.
1202 2514 1412 2569 Filium
1455 2529 1581 2569 vero
1630 2513 1770 2569 Filii
1819 2513 1999 2569 dicere

347 2598 512 2667 cavit,
549 2602 612 2654 ut
656 2616 801 2656 unus
848 2599 1068 2672 quidem
1114 2607 1279 2658 Pater
1323 2604 1375 2656 et
1424 2602 1580 2671 Deus,
1637 2604 1734 2672 qui
1786 2617 1999 2673 semper

350 2690 515 2743 Pater
566 2695 902 2758 perseverat,
931 2693 983 2744 et
1027 2692 1108 2745 est
1158 2689 1226 2745 ab
1279 2693 1479 2745 aeterno
1507 2689 1649 2762 quod
1678 2698 1758 2746 est
1789 2708 1809 2743 :
1852 2706 1997 2745 unus

350 2790 484 2831 vero
510 2776 686 2832 Filius
714 2779 1055 2849 sempiterna
1080 2779 1429 2847 generatione
1442 2782 1732 2850 generatus
1756 2781 1853 2851 qui
1879 2779 1999 2834 sine

351 2863 628 2937 principio
657 2868 734 2921 est
772 2881 898 2921 cum
927 2869 1109 2931 Patre,
1145 2871 1196 2925 et
1226 2869 1400 2923 Filius
1444 2884 1604 2923 verus
1650 2869 1750 2923 Dei
1788 2883 1997 2940 semper

350 2961 452 3021 est,
484 2954 585 3026 qui
610 2962 689 3009 est
717 2955 855 3011 Deus
891 2955 1115 3011 Verbum
1145 2964 1196 3012 et
1226 2957 1489 3012 Dominus
1517 2975 1536 3012 :
1567 2974 1710 3013 unus
1738 2960 1789 3013 et
1823 2957 1997 3030 Spiri-

350 3044 438 3097 tus
465 3050 684 3099 sanctus
712 3059 835 3100 vere
860 3045 1106 3116 Spiritus
1143 3052 1383 3102 sanctus.

420 3308 476 3364 9.
510 3309 576 3363 Et
603 3324 789 3380 quare,
824 3310 1035 3383 inquit,
1076 3311 1318 3383 Spiritus
1355 3311 1631 3367 descendit
1677 3312 1753 3368 ad
1793 3313 2000 3368 Filium

349 3396 416 3451 in
442 3397 615 3467 specie
642 3398 920 3466 columbae,
950 3399 1002 3454 si
1047 3401 1269 3455 omnino
1311 3416 1379 3455 ea:
1401 3400 1542 3455 Filio
1571 3405 1689 3455 erat
1713 3403 1739 3453 .9
1784 3401 1895 3469 Qui
1921 3402 2002 3457 ita

351 3486 540 3552 sentit,
569 3484 743 3542 modis
770 3488 1022 3543 omnibus
1051 3489 1111 3543 in
1142 3487 1246 3544 duo
1277 3488 1556 3544 Christum
1588 3505 1758 3543 unum
1779 3488 1997 3559 dividit,

358 3580 417 3629 ut
443 3589 514 3629 ex
540 3574 681 3631 Filio
710 3576 810 3630 Dei
837 3576 1106 3647 Spiritum
1134 3580 1391 3633 sanctum
1421 3577 1738 3634 descendere
1765 3577 1911 3633 dicat
1940 3581 2001 3634 in

353 3661 537 3731 ﬁlium
564 3663 822 3719 hominis.
856 3664 1096 3720 Dicimus
1126 3669 1327 3737 utaque
1355 3682 1464 3722 non
1493 3665 1726 3721 aliunde
1753 3683 1918 3740 quam
1937 3667 2002 3723 de

355 3751 489 3806 caelo
514 3752 575 3806 in
604 3752 896 3808 Dominum
923 3754 1195 3816 Spiritum
1224 3755 1549 3812 descendere
1577 3756 1843 3822 decuisse,
1857 3755 2003 3811 unde

352 3841 527 3897 etiam
580 3856 686 3896 vos:
729 3842 915 3897 Patris
946 3843 1187 3915 advenit,
1230 3848 1289 3900 ut
1333 3845 1593 3900 caelestem
1638 3860 1751 3901 esse
1796 3845 2000 3915 conﬁr-

354 3933 552 3999 maret,
587 3937 641 3984 et
667 3930 873 3986 Filium
899 3948 1024 3987 vere
1055 3934 1173 4002 Dei,
1213 3934 1311 4006 qui
1335 3933 1397 3988 in
1442 3941 1591 3988 terra
1638 3933 1995 3989 abluebatur.

361 4017 571 4073 Deinde
597 4026 660 4074 ut
690 4019 752 4074 in
780 4020 1064 4077 hominem
1090 4026 1313 4093 propter
1339 4022 1805 4094 dispensationem
1837 4037 2000 4093 super

355 4107 560 4162 Filium
616 4106 856 4179 Spiritus
900 4109 1190 4166 descendit.
1240 4111 1358 4166 Hoc
1410 4114 1468 4165 et
1525 4110 1999 4182 sapientissimus

354 4194 555 4251 docuit
582 4194 852 4268 Cyrillus,
886 4197 1232 4271 prophetam
1264 4199 1485 4255 Joelem
1516 4204 1850 4271 expdnens:
1884 4200 2003 4267 Qua

353 4285 504 4341 enim
556 4288 658 4351 est,
689 4285 790 4354 ait,
828 4287 968 4344 Deus
1022 4296 1074 4342 et
1128 4303 1198 4343 ex
1245 4289 1351 4343 Deo
1401 4288 1696 4343 secundum
1741 4294 2001 4342 naturam

353 4374 526 4430 Filius
554 4376 876 4446 (generatus
903 4377 1052 4432 enim
1093 4392 1216 4432 vere
1259 4384 1339 4432 est
1383 4392 1453 4432 ea:
1503 4378 1609 4432 Deo
1663 4379 1845 4445 Patre)
1872 4392 1997 4448 pro-

348 4463 507 4532 prius
535 4463 652 4533 ejus
698 4469 751 4517 et
793 4464 854 4517 in
906 4478 966 4519 eo
1013 4465 1251 4536 Spiritus
1278 4468 1355 4520 est
1378 4481 1398 4524 ;
1452 4463 1904 4535 quemadmodum
1945 4471 2000 4519 et

352 4548 421 4605 de
455 4550 572 4621 ipso
618 4552 723 4605 Deo
769 4555 823 4606 et
869 4553 1029 4608 Patre
1071 4552 1433 4624 intelligitur.
1489 4553 1608 4621 Qua
1650 4567 1776 4607 vero
1820 4554 2000 4623 factus

2104 1998 2283 2050 νηται,
2341 1978 2430 2034 καὶ
2488 1978 2549 2033 ἐκ
2596 1978 2792 2034 τούτου
2848 1977 3010 2034 πάλιν
3067 1976 3248 2055 ἕτερος
3300 1981 3360 2035 ἂν
3427 1977 3511 2051 εἴη
3568 2000 3754 2056 γεγεν-

2105 2065 2364 2140 νημένος,
2421 2068 2507 2121 καὶ
2561 2065 2725 2122 πάλιν
2785 2066 2983 2139 ἄλλος,
3040 2068 3130 2123 καὶ
3189 2067 3277 2124 ἐπὶ
3333 2067 3545 2139 πλῆθος
3602 2069 3747 2140 ἑξῆς·

2107 2155 2205 2210 Διὰ
2261 2152 2327 2224 δὴ
2384 2160 2546 2211 τοῦτο
2603 2158 2664 2211 τὸ
2724 2157 2818 2231 μὲν
2877 2154 2938 2211 ἐκ
2989 2160 3123 2212 Θεοῦ
3191 2157 3254 2212 τὸ
3312 2161 3534 2231 Πνεῦμα
3590 2157 3749 2231 εἶναι,

2103 2247 2315 2319 τρανῶς
2393 2243 2709 2318 ἆνεκήρυξεν
2793 2245 2822 2300 6
2880 2242 3214 2308 ’Δπόστολος
3251 2291 3265 2317 ,
3352 2243 3578 2321 λέγων,
3664 2245 3749 2302 ὅτι

2103 2332 2174 2387 Τὸ
2231 2335 2454 2405 Πνεῦμα
2502 2333 2567 2387 τὸ
2620 2333 2680 2387 ἐκ
2732 2337 2828 2388 τοῦ
2885 2339 3016 2394 θεοῦ
3073 2329 3365 2407 ἐλάϐομεν,
3421 2332 3510 2389 καί
3564 2335 3626 2390 τὸ
3678 2332 3752 2390 δι’

2105 2421 2232 2475 Υίοῦ
2313 2420 2603 2500 πεφηνέναι
2692 2422 2853 2500 σαφὲς
2946 2424 3234 2493 πεποιήκει
3318 2421 3444 2483 Υἱοῦ
3532 2426 3754 2495 Πνεῦμα

2106 2507 2376 2581 ὀνομάσας
2451 2509 2581 2565 αὑτὸ
2652 2511 2889 2586 καθάπερ
2946 2515 3078 2565 Θεοῦ
3111 2555 3125 2580 ,
3182 2510 3272 2565 καὶ
3325 2514 3451 2566 νοῦν
3515 2516 3751 2587 Χριστοῦ

2104 2598 2414 2674 προσειπὼν
2448 2643 2462 2670 ,
2516 2598 2756 2675 καθάπερ
2841 2597 2932 2653 καί
3003 2603 3136 2659 θεοῦ
3209 2603 3433 2673 Πνεῦμα
3498 2599 3575 2662 ὡς
3652 2604 3752 2655 τοῦ

2104 2686 2388 2763 ἀνθρώπου
2420 2733 2435 2759 ,
2494 2687 2613 2748 Υίὸν
2688 2685 2746 2742 δὲ
2816 2692 2914 2742 τοῦ
2987 2689 3113 2749 Υίοῦ
3169 2694 3481 2764 προσειπεῖν
3550 2687 3751 2767 ἐφυλά-

2105 2775 2250 2847 ξατο,
2302 2774 2393 2831 ’ίνα
2450 2775 2526 2838 εἷς
2589 2776 2682 2850 μὲν
2734 2778 2923 2852 Πατὴρ
2979 2775 3069 2831 καὶ
3124 2777 3274 2849 Θεὸς,
3334 2777 3362 2832 6
3420 2776 3501 2833 ἀεὶ
3555 2778 3748 2855 Πατὴρ

2105 2861 2396 2938 διαμένων,
2471 2864 2560 2919 καὶ
2641 2862 2715 2919 ὢν
2793 2862 2982 2927 ἆϊδίως
3033 2863 3065 2920 6'
3134 2863 3300 2923 ἐστιν.
3358 2865 3453 2929 Εἷς
3509 2862 3568 2921 δὲ
3623 2863 3750 2931 Υἱδς

2103 2950 2263 3025 ἀϊδίῳ
2315 2954 2562 3028 γεννήσει
2636 2954 3025 3030 γεγεννημένος
3058 3000 3073 3028 ,
3133 2954 3161 3009 6
3214 2949 3452 3030 ἄναρχος
3520 2953 3612 3009 σόν
3668 2958 3750 3026 τῷ

2102 3042 2299 3117 Ιῐατρὶ,
2359 3042 2480 3105 Υἱὸς
2535 3040 2796 3111 ἀληθινὸς
2850 3046 3017 3112 θεοῦ,
3073 3041 3157 3097 ἀεὶ
3214 3039 3307 3115 ὢν,
3367 3040 3400 3097 ὅ
3455 3042 3587 3113 ὲστι,
3617 3043 3745 3106 θεὸς

2104 3126 2282 3206 Λόγος
2336 3130 2426 3186 καὶ
2483 3131 2699 3207 Κύριος,
2757 3129 2814 3185 ἓν
2873 3127 2931 3185 δὶ
2986 3130 3075 3186 καὶ
3132 3132 3196 3186 τὸ
3254 3134 3477 3205 Πνεῦμα
3503 3132 3566 3187 τὸ
3597 3131 3749 3207 ἅγιον

2108 3219 2329 3290 άληθῶς
2362 3219 2511 3294 ἇγιον
2549 3223 2789 3292 Πνεῦμα,

2027 3283 2070 3350 C
2299 3283 2541 3362 Kal-{va
2591 3283 2890 3385 1i,'(pnei,
2944 3307 3007 3361 16
3062 3310 3287 3380 Πνεῦμα
3340 3304 3605 3376 κατῆλθεν
3665 3305 3755 3363 ἐπὶ

2106 3396 2199 3452 τὸν
2253 3395 2373 3452 Υίὸν
2448 3395 2500 3450 ἐν
2560 3392 2686 3450 εἷ’δει
2744 3399 3101 3471 περιπερὶς,
3161 3391 3308 3469 εἴπερ
3364 3395 3432 3464 ἦν
3490 3392 3639 3457 ὅλως
3696 3394 3759 3457 ἐκ

2106 3489 2204 3539 τοῦ
2260 3483 2386 3539 Υίοῦ
2422 3504 2435 3553 ;
2469 3482 2695 3546 Πάντως
2752 3484 2780 3538 6
2838 3483 2981 3539 οὕτω
3043 3486 3275 3562 φρονῶν,
3334 3482 3411 3545 εἴς
3469 3480 3567 3538 δύο
3614 3480 3757 3537 διαι-

2111 3578 2194 3650 ρεῖ
2247 3573 2338 3628 τὸν
2387 3569 2482 3628 ἕνα
2539 3572 2768 3649 Χριστὸν
2803 3617 2818 3645 ,
2871 3569 2960 3627 ’ίνα
3009 3571 3069 3627 ἐκ
3122 3575 3220 3627 τοῦ
3296 3571 3422 3627 Ποῦ
3472 3574 3571 3626 τοῦ
3625 3574 3758 3628 Θεοῦ

2107 3655 2426 3716 καταϐαῖνον
2502 3657 2626 3735 εἴπῃ
2696 3659 2758 3714 τὸ
2830 3664 3051 3734 Πνεῦμα
3127 3659 3214 3715 ἐπὶ
3295 3660 3386 3715 τὸν
3462 3659 3581 3716 Υἳὸν
3658 3663 3758 3715 τοῦ

2109 3749 2398 3826 ἀνθρώπου
2432 3790 2445 3804 .
2498 3749 2737 3826 Αὲγομεν
2797 3745 2887 3803 οὖν
2915 3792 2930 3817 ,
2987 3747 3063 3810 ὡς
3121 3748 3222 3803 οὐκ
3294 3744 3524 3803 ἄλλοθεν
3581 3746 3753 3824 ἐχρῆν

2109 3836 2344 3893 κατιέναι
2409 3837 2472 3892 τὸ
2546 3839 2767 3910 Πνεῦμα
2823 3834 2911 3891 ἐπὶ
2960 3835 3053 3890 τὸν
3123 3835 3316 3912 Κύριον
3352 3882 3367 3907 ,
3426 3835 3462 3904 ἢ
3536 3834 3596 3890 ἔκ
3643 3839 3753 3891 τῶν

2111 3925 2372 4000 οὐρανῶν,
2431 3923 2550 3981 ὅθεν
2605 3924 2697 3979 καὶ
2752 3926 2787 3994 ἠ
2864 3925 3021 4002 φωνὴ
3077 3928 3176 3979 τοῦ
3250 3924 3502 4001 Πατρὸς,
3556 3923 3634 3986 ὡς
3690 3923 3751 3979 ἂν

2111 4015 2358 4090 οὐράνιον
2420 4015 2553 4070 εἶναι
2609 4018 2997 4084 πιστώσηται,
3051 4014 3142 4070 καὶ
3198 4013 3319 4074 Υἱὸν
3395 4009 3565 4076 ὄντως
3619 4016 3754 4074 θεοῦ

2106 4105 2200 4160 τὸν
2259 4102 2345 4158 ἐπὶ
2397 4109 2498 4180 γῆς
2563 4102 2957 4179 βαπτιζόμενον
2993 4146 3006 4159 .
3067 4103 3292 4161 Ἔπειτα
3364 4101 3455 4156 καὶ
3523 4100 3598 4165 ὡς
3678 4099 3755 4164 είς

2110 4191 2389 4267 ἄνθρωπον
2470 4188 2559 4247 διὰ
2624 4193 2722 4260 τὴν
2789 4190 3105 4264 οἰκονομίαν
3184 4190 3273 4246 ἐπὶ
3348 4189 3442 4246 τὸν
3512 4188 3634 4246 Υίὸν
3690 4190 3755 4245 τὸ

2108 4286 2334 4355 Πνεῦμα
2386 4280 2707 4358 κατέρχεται
2741 4325 2753 4337 .
2812 4283 2981 4335 Τοῦτο
3049 4280 3140 4335 καὶ
3198 4280 3227 4334 6
3283 4278 3597 4359 σοφώτατος
3651 4275 3757 4334 ἐδί-

2110 4368 2231 4441 δαξε
2285 4368 2561 4446 Κόριλλος
2589 4415 2604 4440 ,
2660 4370 2750 4425 τὸν
2808 4369 3096 4448 προφήτην
3151 4364 3317 4438 Ἰωήλ
3372 4365 3751 4442 ἐξηγούμενος.

2107 4461 2177 4527 ᾝ
2210 4458 2303 4531 μὶν
2361 4458 2466 4534 γάρ
2523 4456 2686 4526 ἐστιν,
2741 4456 2945 4529 εἰπὼν,
2996 4455 3124 4519 Θεὸς
3179 4454 3270 4511 καὶ
3327 4453 3386 4510 ἐκ
3435 4458 3567 4510 Θεοῦ
3619 4454 3757 4510 κατὰ

2108 4545 2263 4623 φύσιν
2329 4547 2357 4600 6
2431 4546 2552 4607 Υἱὸς
2627 4542 2964 4620 (γεγέννηται
3038 4544 3142 4619 γὰρ
3228 4542 3453 4614 ἀληθῶς
3528 4540 3587 4597 ἐκ
3658 4544 3755 4597 τοῦ

351 4641 432 4694 est
487 4637 664 4707 homo,
694 4643 749 4695 et
801 4640 960 4697 modo
1004 4646 1191 4697 nostro
1245 4641 1523 4712 apparuit,
1586 4641 1858 4696 ascititius
1913 4641 1997 4696 illi

2107 4639 2243 4691 Θεοῦ
2298 4636 2388 4690 καὶ
2444 4633 2725 4708 Πατρὸς),
2784 4629 2924 4688 ἴδιον
2983 4630 3149 4687 αὖτοῦ
3216 4651 3277 4687 τε
3344 4632 3434 4688 καὶ
3502 4630 3556 4691 ἐν
3606 4629 3757 4703 αὐτῷ

351 4741 467 4782 esse
490 4726 732 4798 Spiritus
761 4729 971 4786 dicitur
988 4747 1009 4791 ;
1057 4729 1333 4786 descendit
1359 4731 1511 4785 enim
1535 4744 1696 4799 super
1725 4730 1910 4799 ipsum
1938 4728 1999 4783 in

354 4817 534 4886 specie
560 4817 848 4887 columbae,
878 4834 1005 4873 cum
1049 4818 1345 4874 secundum
1386 4833 1487 4873 nos
1535 4819 1737 4887 factus,
1767 4824 1829 4872 ut
1852 4816 1994 4885 dixi,

357 4911 615 4977 tanquam
645 4921 790 4963 unus
819 4923 893 4962 es:
918 4907 1075 4963 nobis
1100 4923 1200 4978 per
1240 4907 1703 4978 dispensationem
1748 4905 1999 4977 baptiza-

356 5001 534 5049 retur.
567 4994 698 5049 Tum
725 5004 778 5050 et
820 4996 1077 5067 proprius
1126 4996 1299 5068 ipsius
1325 4995 1566 5067 Spiritus
1612 4994 1847 5049 donatus
1893 4993 2002 5066 ipsi

354 5081 563 5138 dicitur
583 5090 805 5154 propter
828 5082 1263 5147 humanitatem;
1314 5091 1367 5140 et
1412 5084 1527 5139 haec
1555 5090 1631 5138 est
1664 5082 1996 5139 exinanitio.

356 5170 492 5227 Cum
521 5172 709 5242 itaque
735 5175 797 5227 ut
823 5172 983 5228 homo
1009 5177 1230 5244 propter
1256 5172 1718 5244 dispensationem
1760 5172 1999 5242 accipie-

355 5258 445 5315 bat
471 5258 739 5331 Spiritum
764 5276 947 5328 suum,
990 5261 1263 5330 undenam
1305 5261 1467 5317 illum
1506 5260 1620 5315 nisi
1662 5259 1732 5315 de
1776 5260 1909 5315 coelo
1939 5259 1995 5313 in

352 5348 444 5403 sui
475 5347 720 5419 gloriam
744 5348 973 5405 debebat
999 5351 1241 5419 accipere
1262 5340 1444 5406 ?.Post
1490 5349 1797 5420 passionem
1849 5363 1996 5414 vero,

356 5443 409 5491 et
448 5438 921 5504 resurrectionem,
960 5438 1083 5509 jam
1135 5432 1537 5515 dispensatione
1580 5438 1840 5508 perfecta,
1886 5452 1998 5492 non

358 5526 564 5594 accipit
590 5528 867 5598 Spiritum
893 5534 1166 5593 sanctum,
1190 5525 1282 5581 sed
1297 5524 1604 5595 "elargitur,
1634 5529 1684 5581 et
1711 5542 1782 5581 eo:
1809 5531 2000 5582 semel-

358 5615 475 5687 ipso
503 5617 833 5672 transmittit
875 5632 975 5688 per
1024 5615 1480 5691 insufﬂatiqnem,
1511 5615 1658 5688 facto
1708 5616 1825 5685 ipso
1869 5614 1997 5670 edo-

357 5721 499 5776 cens,
562 5722 661 5785 per
708 5721 833 5763 eum
886 5723 923 5763 a
968 5708 1138 5763 I‘atre
1184 5703 1490 5776 procedere.
1535 5703 1764 5760 Interim
1818 5705 1999 5774 itaque

2108 4722 2197 4777 καὶ
2255 4722 2308 4793 ἐξ
2364 4722 2528 4778 αὐτοῦ
2581 4722 2645 4778 τὸ
2700 4724 2925 4795 Πνεῦμα
2978 4719 3091 4775 ἐστὶ
3145 4718 3380 4796 καθάπερ
3440 4718 3757 4789 ἁμέλειιηὶ

2106 4810 2188 4867 ἐπ’
2244 4811 2409 4868 αὐτοῦ
2466 4816 2665 4867 νοεῖται
2721 4815 2818 4866 τοῦ
2892 4812 3024 4870 θεοῦ
3078 4807 3169 4865 καὶ
3240 4807 3458 4884 Πατρός
3489 4850 3503 4865 .
3564 4810 3635 4877 ᾚ
3694 4805 3753 4869 δὶ

2107 4900 2319 4977 γὲγονεν
2392 4897 2675 4976 ἄνθρωπος
2740 4895 2831 4955 καί
2898 4896 3105 4976 πέφηνε
3177 4897 3295 4957 καθ’
3365 4898 3513 4971 ἡμᾶς
3545 4940 3562 4968 ,
3620 4895 3752 4952 ἐπα-

2107 4989 2231 5044 κτὸν
2292 4988 2440 5062 αὐτῷ
2486 4988 2617 5044 εἶναι
2689 4988 2753 5043 τὸ
2826 4991 3047 5061 Πνεῦμα
3101 4984 3353 5062 λέγεται.
3410 4985 3754 5061 Euangel-

2106 5098 2241 5149 τηκε
2297 5078 2401 5154 γὰρ
2459 5075 2542 5133 ἐπ’
2596 5076 2754 5132 αὐτὸν
2812 5076 2866 5133 ἐν
2921 5072 3051 5131 εἷ’δει
3108 5079 3446 5151 περιστερᾶς,
3493 5072 3585 5131 ὅτε
3638 5076 3756 5131 καθ’

2107 5169 2257 5241 ἡμᾶς
2312 5166 2575 5241 γεγονὼς,
2607 5166 2683 5228 ὡς
2742 5159 2899 5243 ἔφην,
2928 5164 3005 5228 ὡς
3037 5163 3113 5227 εἷς
3170 5162 3224 5237 ἐξ
3279 5165 3439 5237 ἡμῶν
3472 5162 3755 5243 οἰκονομι-

2105 5261 2217 5318 κῶς
2261 5250 2575 5323 ἐϐαπτίζετο
2608 5297 2623 5313 .
2668 5253 2800 5309 Τότε
2855 5252 2946 5311 καὶ
2998 5253 3061 5308 τὸ
3119 5249 3255 5308 ἴδιον
3309 5251 3477 5308 αὖτοῦ
3530 5255 3756 5325 Πνεῦμα

2107 5342 2263 5400 δοτὸν
2313 5342 2459 5414 αὐτῷ
2508 5341 2744 5417 λέγεται,
2776 5338 2866 5397 διὰ
2911 5342 2976 5398 16
3022 5341 3360 5418 ἀνθρώπινον
3387 5360 3400 5374 ο
3451 5341 3541 5396 καὶ
3586 5338 3751 5401 τοῦτό

2107 5431 2246 5488 ἐστιν
2304 5434 2341 5501 ἡ
2397 5429 2621 5493 κένωσις
2661 5473 2674 5486 .
2733 5429 2882 5486 Ἐπεὶ
2945 5433 3075 5505 γοῦν
3147 5429 3223 5492 ὡς
3299 5426 3583 5505 ἄνθρωπος
3658 5425 3753 5484 διὰ

2103 5521 2203 5591 τήν
2260 5518 2572 5592 οἰκονομίαν
2648 5515 2867 5595 ἐδέχετο
2938 5519 3002 5573 16
3056 5520 3278 5591 Πνεῦμα
3339 5516 3526 5590 αὐτοῦ,
3582 5515 3743 5575 πόθεν

2106 5607 2215 5665 ἔδει
2271 5611 2434 5663 τοῦτο
2493 5605 2763 5683 δέχεσθαι,
2821 5607 2868 5663 εἰ
2926 5608 3004 5681 μὴ
3058 5605 3164 5662 ἀπὸ
3217 5610 3327 5665 τῶν
3371 5605 3612 5683 οὐρανῶν
3667 5604 3749 5668 εἰς

2106 5697 2259 5772 δόξαν
2319 5696 2485 5754 αὐτοῦ
2516 5716 2530 5768 ;
2557 5697 2707 5755 Μετὰ
2758 5693 2816 5755 δὲ
2864 5696 2927 5753 τὸ
2982 5693 3151 5761 πάθος
3207 5694 3298 5752 καὶ
3350 5697 3451 5765 τὴν
3509 5694 3750 5755 ἀνάρτα-
