4110 6408
365 418 486 489 5‘77

1244 415 1348 488 DE
1385 415 1921 491 PROGESSiONE
1966 428 2032 489 S.
2078 422 2438 491 SPIRITUS
2484 380 2780 493 ORATiO
2822 422 2902 490 II.

3654 423 3774 491 578

366 576 448 613 σιν
505 552 617 625 ἥδη
675 558 779 625 τῆς
848 553 1164 628 οἰκονομίας
1233 553 1644 629 τετελεσμένης,
1702 556 1765 611 ού
1850 554 2009 633 δέχε-

2134 559 2361 616 Verbum
2393 561 2933 631 ineircumseriptum
2958 574 3086 614 cum
3111 562 3269 625 esset,
3301 562 3363 614 in
3389 559 3624 617 Iordane
3650 565 3775 618 erat

365 666 451 701 ται
510 645 573 700 τὸ
627 646 850 717 Πνεῦμα
920 644 986 699 τὸ
1060 644 1234 719 ἅγιον,
1295 643 1440 717 ἀλλὰ
1508 642 1697 700 δίδωσι
1772 646 1863 701 καὶ
1929 647 2017 725 ἀφ’

366 736 559 790 ἑαυτοῦ
635 731 861 810 προΐησι
930 729 1000 787 δι’
1067 731 1444 811 ἐμφυσήσεως,
1495 736 1807 810 πρακτικῶς
1876 731 2017 789 ἐκδιυ

368 820 601 891 δάσκων,
671 820 754 876 ὅτι
819 820 889 876 δι’
953 820 1117 877 αὐτοῦ
1184 821 1331 898 παρᾶ
1390 826 1487 877 τοῦ
1564 823 1774 899 Πατρὸς
1855 822 2016 879 ἐκπο-

373 911 602 989 ρεύεται.
658 911 803 971 Τέως
870 908 917 966 δ’
963 908 1054 965 οῦν
1122 908 1237 965 ἐπεὶ
1305 911 1706 988 ἆπερίγραπτος
1754 912 1783 966 ὁ
1852 912 2022 989 Λόγος

369 999 461 1055 καὶ
526 999 579 1054 ἐν
643 1003 725 1071 τῷ
767 995 1014 1074 Ἰορδάνῃ
1085 999 1216 1073 μετὰ
1276 1000 1529 1073 σώματος
1577 1002 1665 1069 ἦν,
1717 1000 1779 1055 οὗ
1851 1020 2022 1074 προσ-

371 1087 585 1167 είληφε,
652 1088 742 1143 καὶ
829 1085 1133 1161 ἀσωμάτως
1221 1086 1276 1144 ἐν
1362 1088 1575 1163 οὐρανῷ
1661 1091 1842 1153 καθὼς
1931 1089 2020 1145 καὶ

380 1180 714 1252 ἁπανταχοῦ.
797 1175 972 1239 Αὐτὸς
1064 1174 1155 1232 οῦν
1241 1176 1348 1232 ἀπὸ
1430 1181 1538 1232 τῶν
1621 1177 1862 1255 ούρανων
1947 1179 2022 1241 ὡς

376 1267 506 1329 Θεὸς
561 1266 768 1341 πέμπει
821 1266 884 1320 τὸ
943 1270 1167 1339 Πνεῦμα
1218 1264 1383 1321 αὐτοῦ
1440 1265 1518 1327 εἰς
1565 1266 1751 1322 ἑαυτὸν
1814 1267 1889 1329 ὡς
1946 1267 2023 1329 εἷς

371 1353 673 1431 ἄνθρωπον.
725 1356 818 1409 Διὸ
870 1354 960 1409 καὶ
1010 1356 1039 1409 ὁ
1081 1355 1147 1409 τὰ
1198 1359 1314 1418 θεῖα
1360 1354 1535 1417 πολὺς
1583 1355 1921 1427 ’Δθανάσιος,
1972 1354 2024 1411 ἐν

369 1444 455 1506 οἷς
500 1443 624 1519 περὶ
669 1448 770 1513 τῆς
819 1442 1279 1518 ἐνανθρωπήσεως
1323 1447 1420 1498 τοῦ
1473 1448 1795 1520 μονογενοῦς
1844 1445 2022 1521 Λόγου

371 1530 637 1604 διέξεισιν,
698 1532 864 1587 εἰπὼν
932 1530 1036 1605 ὅτι,
1116 1530 1296 1609 ὥσπερ
1370 1534 1660 1609 περιστερὰ
1732 1531 1887 1612 ὤφθη
1960 1533 2024 1588 τὸ

2126 666 2251 705 eum
2277 665 2522 721 corpore,
2554 648 2694 721 quod
2724 656 3108 720 assumpserat,
3138 652 3195 703 et
3240 649 3361 704 sine
3405 664 3646 721 corpore,
3703 651 3767 707 in

2128 738 2281 806 cceto,
2313 743 2373 793 ut
2402 743 2456 794 et
2489 739 2703 810 ubique.
2735 743 2860 809 Ipse
2888 739 3057 808 igitur
3085 737 3293 793 decaeto
3322 745 3384 793 ut
3426 742 3575 794 Deus
3602 741 3775 796 mittit

2127 827 2406 897 Spiritum
2433 844 2594 883 suum
2623 829 2684 882 in
2713 828 3062 897 semetipsum
3090 830 3152 880 ut
3182 826 3480 883 hominem.
3514 828 3773 900 Quapro-

2130 918 2258 987 pter
2287 915 2346 970 in
2379 917 2553 970 rebus
2598 916 2811 970 divinis
2856 919 3140 987 praestans
3195 914 3573 984 Athanasius,
3608 916 3667 973 in
3700 918 3772 975 iis

2131 1019 2258 1075 qua
2288 1004 2358 1058 de
2390 1004 2785 1059 incarnatione
2817 1002 3100 1075 unigeniti
3158 1002 3330 1058 Verbi
3381 1019 3485 1075 per
3537 1007 3770 1073 tractat,

2130 1098 2443 1165 postquam
2466 1092 2707 1148 dixisset
2723 1097 3001 1163 tanquam
3027 1090 3358 1147 columbam
3376 1091 3566 1149 visum
3587 1094 3770 1152 fuisse

2132 1181 2415 1253 Spiritum
2478 1184 2745 1236 sanctum
2816 1180 3265 1236 descendentem
3322 1187 3776 1253 manentemque

2133 1284 2310 1341 super
2339 1268 2674 1340 Dominum,
2708 1269 2911 1324 subdit
2941 1285 2954 1323 :
2985 1273 3111 1340 Ipse
3140 1271 3287 1325 enim
3315 1285 3550 1341 superne
3575 1270 3774 1328 demit-

2132 1359 2274 1414 tebat
2301 1361 2360 1413 ut
2387 1360 2548 1424 Deus,
2605 1363 2659 1414 et
2701 1360 2918 1429 inferne
2971 1360 3087 1428 ipse
3141 1373 3267 1413 eum
3323 1360 3655 1431 suscipiebat
3712 1366 3776 1417 ut

2132 1447 2416 1503 homo.Ex
2443 1463 2503 1503 eo
2520 1447 2691 1518 igitur
2718 1449 2777 1502 in
2800 1462 2923 1501 eum
2951 1446 3319 1515 descendebat,
3339 1462 3409 1502 ex
3426 1452 3549 1521 ejus
3577 1448 3775 1507 deitate

2133 1535 2192 1591 in
2217 1535 2621 1591 humanitatem
2648 1536 2839 1606 ipsius.
3490 1524 3501 1532 ’

367 1625 597 1699 Πνεῦμα
644 1622 709 1677 τὸ
757 1622 910 1697 ἅγιον
954 1614 1276 1676 καταϐαῖνον
1323 1621 1412 1675 καὶ
1467 1622 1622 1695 μένον
1670 1620 1759 1676 ἐπὶ
1805 1622 1896 1677 τὸν
1941 1622 2161 1698 Κύριον,
2216 1621 2403 1696 ἐπάγει
2465 1621 2681 1677 λοιπόν
2731 1622 2902 1684 Αὐτὸς
2966 1623 3067 1699 γὰρ
3143 1622 3341 1677 ἄνωθεν
3408 1622 3537 1679 αὐτὸ
3603 1623 3772 1699 ἔπεμ-

370 1731 468 1766 πεν
546 1710 621 1773 ὡς
697 1710 849 1781 Θεὸς,
907 1710 999 1764 καὶ
1073 1708 1234 1771 αὐτὸς
1308 1709 1438 1765 αὐτὸ
1511 1709 1746 1765 κάτωθεν
1821 1707 2112 1786 ὑπεδέχετο
2188 1711 2264 1773 ὡς
2339 1708 2639 1784 ἅνθρωπος.
2690 1712 2773 1784 Ἐξ
2831 1711 2994 1766 αὐτοῦ
3052 1709 3143 1767 οῦν
3205 1711 3281 1774 εἷς
3346 1711 3504 1767 αὐτὸν
3561 1714 3777 1787 κατῄει,

369 1798 433 1855 ἐκ
456 1802 558 1869 τῆς
588 1799 845 1869 θεότητος
876 1797 1040 1854 αὐτοῦ
1069 1797 1148 1859 εἷς
1176 1799 1275 1867 τὴν
1310 1798 1703 1875 ἆνθρωπότητα
1732 1799 1917 1856 αὐτοῦ.

444 1890 495 1946 ι’.
565 1886 740 1943 Πάλιν
800 1886 1094 1942 ἐνίστανται
1150 1886 1516 1964 γενναιότερον
1596 1887 1740 1942 οὕτω
1806 1887 2021 1964 προτεί-

367 1997 572 2038 νοντες.
605 1981 719 2031 Πᾶν
765 1976 795 2030 ὃ
842 1975 967 2051 περὶ
1010 1980 1146 2030 Θεοῦ
1191 1974 1425 2051 λέγεται,
1458 1976 1493 2044 ἢ
1535 1974 1715 2030 κοινόν
1765 1975 1874 2030 ἐστι
1921 1982 2022 2045 τῆς

367 2062 621 2141 Τριάδος,
661 2066 697 2135 ἢ
745 2069 870 2139 μιᾶς
922 2065 1266 2127 ὑποστάσεως
1306 2061 1465 2119 ἴδιονε
1514 2063 1653 2119 ὥστε
1700 2064 1789 2119 καὶ
1833 2065 1896 2119 τὸ
1941 2065 2023 2119 ἐκ·

368 2153 777 2230 πορευτικὸν,ἢ
830 2153 920 2208 καὶ
971 2158 1079 2208 τῶν
1126 2156 1293 2229 τριῶν
1341 2149 1423 2223 εἴη
1469 2153 1528 2208 ἂν
1584 2152 1948 2222 ὑποστάσεων,
1980 2154 2016 2222 ἢ

373 2250 500 2318 μιᾶς
560 2242 614 2314 ἐξ
660 2242 855 2298 αὐτῶν·
913 2242 1074 2314 μέσον
1121 2243 1227 2318 γάρ
1275 2263 1326 2297 τι
1374 2245 1601 2319 φυσικοῦ
1651 2241 1743 2297 καὶ
1792 2241 2019 2297 ὑποστα-

364 2335 524 2389 τικοῦ
597 2322 917 2404 ἰδιώματος,
977 2329 1038 2385 ού
1123 2330 1481 2406 γινώσκομεν.
1542 2331 1691 2385 Ἐπεὶ
1768 2328 1825 2385 δὲ
1872 2331 2018 2407 παρά

365 2426 464 2478 τοῦ
494 2420 710 2497 Πατρός
741 2418 1203 2497 ὁμολογουμένως
1244 2417 1588 2495 ἐκπορεύεται
1654 2420 1717 2475 τὸ
1776 2424 2018 2493 Πνεῦμα,

366 2512 496 2587 παρ’
545 2510 739 2565 ἑαυτοῦ
807 2506 866 2564 δὲ
920 2505 1176 2564 ἀδύνατον
1242 2507 1643 2584 ἐκπορεύεσθαι,
1701 2505 1828 2563 οὐδὲ
1874 2509 2021 2583 παρᾶ

367 2604 467 2655 τοῦ
515 2599 640 2653 Υἱοῦ
684 2596 1053 2672 ἐκπορεύεται,
1082 2596 1172 2652 καὶ
1222 2592 1370 2651 ἔσται
1418 2603 1519 2666 τῆς
1568 2599 1843 2672 Πατρικῆς
1886 2598 2018 2651 ὑπο-

370 2689 607 2749 στάσεως
652 2683 791 2741 ἴδιον
836 2685 900 2739 τὺ
950 2684 1352 2762 ἐκπόρευτικόν.
1388 2684 1543 2740 Οὕτω
1585 2686 1686 2762 γὰρ
1734 2685 1824 2741 καὶ
1883 2689 2022 2761 Γρη-

371 2775 563 2853 γόριος
612 2774 664 2830 ἐν
712 2769 903 2850 ’βίϐλῳ
947 2778 1016 2848 τῇ
1066 2773 1373 2850 Θεογνωσίᾳ
1413 2770 1650 2829 διδάσκει
1713 2778 1819 2829 τῶν
1879 2781 2020 2829 Νυσ-

376 2865 546 2920 σαέων
601 2864 630 2918 ὁ
678 2861 965 2937 πρόεδρος,
1012 2865 1233 2936 Πνεῦμα
1280 2859 1476 2937 λέγων,
1525 2863 1589 2917 τὸ
1660 2870 1762 2932 τῆς
1812 2867 2019 2939 Πατρι-

377 2960 481 3023 κῆς
589 2952 932 3013 ὑποστάσεως
1023 2950 1473 3026 ἐκπορευόμενον,
1553 2956 1651 3006 τοῦ
1754 2948 1801 3006 δ’
1870 2948 2024 3007 ἕνεκα

380 3042 486 3118 γὰρ
540 3041 632 3096 καὶ
686 3044 908 3114 Πνεῦμα
970 3039 1257 3113 στόματος,
1316 3038 1441 3095 ἀλλ’
1497 3039 1626 3118 οὐχὶ
1672 3040 1849 3116 Λόγον
1907 3040 2026 3096 στό-

380 3150 548 3205 ματος
634 3126 846 3206 εἴρηκεν
932 3130 961 3185 ὁ
1033 3123 1217 3201 Δαϐὶδ,
1277 3126 1369 3184 ἵνα
1447 3130 1547 3198 τὴν
1636 3128 2021 3206 ἐκπορευτικήν

378 3217 630 3289 ἰδιότητα
718 3222 799 3290 τῷ
891 3217 1064 3295 Πατρὶ
1118 3219 1302 3292 ’μόνῳ
1410 3221 1714 3295 προσοῦσαν
1823 3220 2025 3274 πιστώ-

375 3328 559 3380 σηται.

449 3398 536 3454 ια’.
586 3395 649 3450 Ti
723 3393 814 3451 οὗν
880 3397 1043 3468 ἡμεῖς
1107 3396 1243 3470 πρὸς
1305 3398 1473 3451 ταῦτα
1522 3396 1737 3474 φαμέν;
1796 3400 2020 3473 Πρῶτον

377 3484 495 3559 μὶν,
529 3484 612 3541 ὅτι
656 3486 722 3540 τὸ
765 3488 992 3559 Πνεῦμα
1018 3485 1080 3539 τὸ
1119 3484 1273 3560 ἅγιον
1316 3483 1415 3539 οὐκ
1457 3482 1517 3539 ἐκ
1561 3489 1658 3539 τοῦ
1701 3485 1828 3541 Υἱοῦ
1866 3483 2023 3539 καθά-

370 3594 473 3649 περ
521 3574 582 3630 έκ
628 3574 856 3650 πρώτης
904 3574 1083 3650 ἀρχῆς
1136 3569 1561 3648 δογματίζομεν,
1602 3570 1749 3629 ἀλλὰ
1792 3570 1879 3627 διὰ
1924 3577 2022 3629 τοῦ

368 3664 502 3719 Υἲοῦ
549 3663 697 3739 παρᾶ
754 3666 853 3717 τοῦ
909 3661 1138 3737 Πατρός.
1193 3663 1416 3717 Ἔπειτα
1462 3661 1642 3723 καθὼς
1689 3660 1751 3716 ού
1804 3658 2023 3717 δύναται

339 3753 500 3828 ’παρ’
546 3751 741 3807 ὶαυτοῦ
797 3750 1180 3825 ἐκπορεύεσθαι
1231 3750 1471 3823 πάντως,
1526 3747 1638 3804 οὐδ’
1688 3748 2020 3805 ἀποστέλλε-

373 3850 495 3903 σθαι
533 3841 664 3917 παρ’
721 3839 915 3894 ἑαυτοῦ
970 3835 1171 3893 δύναιτ’
1230 3837 1313 3911 ἃν,
1366 3835 1459 3892 ἵνα
1514 3839 1589 3911 μὴ
1636 3839 1700 3893 τὸ
1745 3837 1875 3893 αὐτὸ
1931 3838 2020 3893 καὶ

370 3926 715 3984 άποστέλλον
775 3925 859 3998 εἴη
929 3927 1067 3981 κατὰ
1111 3929 1324 3997 ταυτὸν,
1366 3926 1457 3981 καὶ
1522 3924 2020 4000 ἀποστελλόμενον.

372 4016 523 4071 Ἐπεὶ
574 4012 633 4070 δὲ
677 4014 768 4070 καὶ
821 4016 968 4091 παρὰ
1009 4014 1222 4089 Πατρὸς
1269 4011 1683 4086 ἀποστέλλεται,
1733 4014 1823 4069 καὶ
1876 4015 2022 4090 παρὰ

367 4108 467 4160 τοῦ
514 4104 662 4175 Υἱοῦ,
688 4103 868 4167 καθὼς
916 4101 1077 4165 αὐτὸς
1109 4103 1138 4157 ὁ
1166 4106 1265 4157 τοῦ
1316 4102 1533 4178 Πατρὸς
1573 4103 1696 4165 Υἱὸς
1746 4102 1797 4158 ἐν
1848 4103 2016 4179 Εὐαγ-

369 4191 583 4270 γελίοις
639 4189 894 4264 ἐδίδαξεν,
926 4190 1192 4266 ἔγνωμεν,
1237 4188 1353 4246 ἰδοὺ
1406 4191 1503 4259 τὴν
1562 4189 1872 4260 ἀποστολὴν
1924 4196 2019 4248 τοῦ

372 4280 717 4355 ιινεύματος,
752 4281 920 4354 μέσην
955 4280 1316 4350 ὑποστατικῆς
1360 4300 1417 4334 τε
1462 4278 1552 4334 καὶ
1603 4282 1831 4357 φυσικῆς
1882 4278 2019 4335 ἰδιό-

369 4390 557 4441 τητος.
590 4372 747 4434 Ὅθεν
774 4370 804 4424 ό
834 4375 936 4439 τῆς
992 4367 1287 4431 ένοτάσεως
1354 4366 1621 4442 θέμεθλος
1666 4365 2017 4424 διασέσειοται

371 4459 464 4514 καὶ
519 4458 875 4535 σεσάθρωται.
931 4458 994 4512 Tt
1053 4455 1099 4513 δ’
1130 4457 1191 4512 ἂν
1250 4462 1401 4533 φαῖεν
1454 4457 1544 4511 καὶ
1600 4458 1717 4511 κατ’
1773 4456 1900 4512 αὐτὸ
1954 4458 2019 4513 τὸ

371 4550 470 4602 τοῦ
502 4545 818 4620 Πνεύματος
871 4541 1051 4620 ὄνομα
1093 4549 1192 4601 τοῦ
1234 4543 1505 4622 ἀγνώστου
1548 4542 1713 4618 μέσου
1760 4567 2020 4622 γινωσκο-

378 4635 582 4710 μένου;
616 4639 838 4710 Πνεῦμα
891 4635 992 4712 γὰρ
1050 4635 1282 4711 Πατρὸς,
1331 4633 1423 4689 καὶ
1476 4638 1695 4706 Πνεῦμα
1749 4634 1898 4706 Υἱοῦ,
1953 4636 2017 4690 τὸ

376 4726 531 4799 άγιον
581 4727 810 4799 Πνεῦμα
847 4722 1081 4801 λέγεται,
1127 4722 1218 4778 καὶ
1267 4720 1431 4786 ἐστὶν,
1460 4721 1651 4777 ἑαυτοῦ
1682 4719 1739 4777 δὲ
1796 4728 2019 4797 Πνεῦμα

376 4811 488 4867 οὔτ’
521 4810 687 4881 ἔστιν,
723 4808 851 4867 οὔτε
893 4810 1128 4888 λέγεται,
1179 4811 1358 4872 καθὼς
1409 4806 1536 4865 οὐδὲ
1583 4810 1612 4863 ὁ
1660 4811 1850 4886 Πατὴρ
1896 4812 2016 4866 εαυ-

371 4905 471 4956 τοῦ
500 4902 717 4976 Πατήρ,
757 4901 793 4971 ἢ
827 4902 855 4955 ὁ
885 4902 1009 4963 Υἱὸς
1043 4900 1235 4955 ἑαυτοῦ
1266 4898 1411 4961 Υἱός.

448 4990 541 5064 ιβ’.
575 4988 735 5045 Ἀλλ’
791 4988 1090 5062 ἐξεταστέον
1151 4986 1369 5059 λοιπυν,
1402 4984 1550 5060 εἶίπερ
1608 4986 1782 5063 ὀρθῶς
1826 5009 1884 5043 τε
1929 4988 2019 5044 καὶ

375 5076 635 5157 ἀσφαλῶς
682 5080 745 5134 τὸ
790 5082 887 5133 τοῦ
936 5082 1104 5156 σοφοῦ
1158 5074 1465 5153 Γρηγορίου
1510 5075 1671 5152 ῥητὸν
1726 5080 2019 5153 παρενήνε-

372 5186 519 5236 κται,
547 5165 828 5243 λέγοντος,
861 5167 936 5229 ὡς
964 5166 1117 5222 αὐτοί
1148 5185 1297 5244 φασι,
1326 5164 1418 5220 τὸν
1460 5158 1625 5219 Δαϐὶδ
1673 5164 1869 5221 τούτου
1916 5167 2019 5242 χά-

377 5276 460 5333 ριν
517 5256 787 5330 εἰρηκέναι
827 5256 892 5310 τὸ
942 5259 1162 5329 Πνεῦμα
1195 5253 1464 5327 στόματος
1515 5256 1748 5327 πνεῦμα,
1796 5255 1886 5310 καὶ
1943 5257 2018 5329 μή

371 5344 466 5399 τὸν
524 5344 703 5419 Λόγον
760 5344 1030 5418 στόματος
1091 5342 1279 5419 λόγον,
1334 5339 1428 5396 ἵνα
1480 5343 1581 5411 τήν
1632 5341 2020 5419 ἐκπορευτικήν

377 5430 628 5505 ἰδιότητα
680 5438 762 5506 τῷ
819 5434 995 5510 Πατρὶ
1055 5432 1207 5506 μόνῳ
1280 5434 1585 5506 προσοῦσαν
1662 5433 2022 5503 πιστώσηται.

374 5527 504 5585 Πῶς
557 5521 650 5576 οῦν
702 5522 749 5577 εἷ
794 5523 885 5577 τὸν
934 5521 1110 5598 Λόγον
1155 5520 1364 5595 εἰρήκει
1393 5519 1661 5593 στόματος
1719 5519 1905 5599 λόγον,
1935 5525 2025 5580 καί

371 5631 481 5667 τινι
520 5612 656 5685 μετὰ
699 5615 795 5667 τοῦ
842 5611 1056 5688 Πατρὸς
1097 5610 1265 5687 ἑτέρῳ
1313 5609 1411 5678 τὴν
1456 5608 1714 5680 τοιαύτην
1762 5608 1821 5667 ἃν
1870 5611 2027 5669 ἐκπο-

376 5701 630 5783 ριυτικήν
724 5697 971 5775 ἰδιότητα
1050 5698 1417 5772 ἐκοινώσατο;
1494 5696 1664 5759 Ποίαν
1751 5694 1866 5781 ἔχει
1923 5706 2023 5778 τὴν

2203 1892 2288 1945 19.
2312 1890 2516 1946 Adhuc
2538 1891 2787 1946 validius
2811 1890 3032 1945 instant
3060 1894 3234 1962 atque
3255 1891 3575 1960 objiciunt:
3601 1893 3778 1957 Quid-

2132 1978 2271 2048 quid
2329 1980 2401 2033 de
2460 1980 2575 2034 Deo
2635 1980 2869 2044 dicitur,
2929 1985 3029 2034 aut
3065 1980 3260 2035 Triadi
3323 1996 3630 2037 commune
3662 1986 3771 2050 est,

2133 2072 2235 2121 aut
2284 2068 2386 2122 uni
2435 2068 2735 2139 hypostasi
2786 2068 3125 2141 proprium;
3182 2085 3363 2140 quare
3413 2069 3471 2124 id
3504 2070 3657 2142 quod
3687 2075 3779 2126 est

2131 2153 2414 2221 emittere,
2447 2161 2549 2212 aut
2603 2157 2794 2213 tribus
2852 2157 3264 2229 bypostasibus
3319 2157 3637 2226 conveniet,
3675 2163 3778 2215 aut

2130 2242 2231 2298 uni
2259 2261 2271 2311 ;
2320 2243 2468 2298 nihil
2500 2244 2657 2300 enim
2690 2244 2950 2300 medium
2981 2244 3137 2301 inter
3165 2244 3491 2301 naturalem
3514 2250 3572 2302 et
3600 2246 3780 2319 hypo-

2130 2331 2396 2387 staticam
2427 2332 2837 2405 proprietatem
2863 2333 3255 2406 agnoscimus.
3282 2334 3522 2398 Quando
3550 2351 3685 2391 vero
3706 2350 3773 2391 ex

2127 2417 2318 2489 Patre,
2378 2420 2609 2478 nemine
2689 2421 3015 2488 haesitante,
3073 2422 3323 2493 Spiritus
3380 2424 3659 2496 procedit,
3719 2429 3776 2480 et

2127 2507 2253 2564 ﬁeri
2285 2509 2486 2580 nequit
2514 2514 2578 2565 ut
2607 2526 2641 2565 a
2670 2515 2854 2566 semet
2909 2510 3128 2581 aliquid
3161 2512 3437 2583 procedat
3490 2528 3677 2585 neque
3704 2528 3773 2569 ex

2131 2596 2275 2653 Filio
2313 2599 2606 2670 procedet,
2657 2603 2714 2654 et
2766 2599 2849 2655 sic
2896 2599 2985 2655 vis
3031 2599 3336 2655 emittendi
3385 2600 3495 2656 erit
3540 2601 3776 2674 propria

2131 2685 2464 2757 bypostasis
2514 2692 2786 2757 paternis.
2847 2686 2941 2743 Sic
2999 2687 3210 2743 etenim
3258 2691 3315 2743 et
3370 2689 3684 2761 Gregorius
3712 2688 3773 2744 in

2130 2774 2279 2830 libro
2311 2776 2411 2847 qui
2458 2777 2533 2831 De
2559 2776 2659 2832 Dei
2712 2777 3015 2847 cognitione
3062 2776 3424 2847 inscribitur,
3478 2776 3775 2849 Nyssaen-

2132 2862 2285 2918 sium
2319 2864 2564 2920 antistes
2608 2864 2815 2920 docet:
2846 2865 3115 2936 Spiritus,
3147 2863 3519 2937 inquiens,ex
3542 2868 3775 2937 paterna

2131 2952 2413 3023 hypostasi
2464 2951 2761 3021 procedens
2809 2970 2822 3021 ;
2879 2953 3022 3007 hanc
3074 2954 3249 3008 etiam
3304 2953 3367 3008 ob
3419 2969 3661 3025 causam,
3721 2962 3773 3010 et

2131 3041 2397 3113 Spiritum
2443 3042 2576 3110 oris,
2627 3057 2739 3097 non
2793 3044 2975 3096 autem
3027 3042 3253 3098 Verbum
3299 3042 3410 3097 oris
3455 3041 3629 3097 David
3675 3059 3776 3115 ap-

2129 3131 2378 3203 pellavit,
2446 3137 2507 3186 ut
2572 3132 2970 3203 proprietatem
3033 3129 3367 3202 procedendi
3438 3132 3601 3187 Patri
3671 3132 3779 3188 soli

2134 3222 2423 3274 astrueret.

2204 3398 2291 3451 11.
2325 3396 2473 3460 Quid
2506 3397 2702 3468 itaque
2759 3411 2865 3451 nos
2921 3395 2993 3451 ad
3027 3394 3148 3451 haec
3177 3394 3476 3452 dicimus?
3513 3395 3773 3452 Primum

2131 3484 2370 3556 quidem
2400 3501 2507 3540 nos
2538 3484 2820 3556 Spiritum
2880 3488 3150 3540 sanctum
3184 3499 3298 3539 non
3352 3500 3421 3539 ex
3467 3483 3611 3540 Filio
3641 3488 3773 3540 tan-

2130 3590 2303 3645 quam
2335 3590 2403 3630 ex
2460 3572 2648 3646 primo
2705 3573 2991 3645 principio
3049 3588 3474 3641 asseveramus,
3535 3574 3636 3629 sed
3668 3588 3774 3645 per

2131 3661 2340 3717 Filium
2400 3678 2469 3718 ex
2510 3666 2700 3718 Patre.
2751 3662 3056 3733 Deinceps,
3105 3660 3598 3733 quemadmodum
3655 3678 3772 3719 non

2131 3755 2325 3823 potest
2351 3767 2419 3806 ex
2444 3751 2637 3823 seipso
2668 3750 2979 3822 procedere
3009 3749 3269 3819 omnino,
3295 3765 3481 3822 neque
3503 3767 3537 3806 a
3565 3755 3776 3807 semet-

2130 3840 2258 3912 ipso
2299 3840 2450 3895 mitti
2498 3839 2729 3912 poterit,
2765 3855 2836 3895 ne
2870 3838 3023 3894 idem
3064 3843 3120 3893 et
3178 3838 3419 3894 mittens
3469 3838 3547 3894 sit
3576 3854 3778 3895 secun-

2133 3928 2270 3983 dum
2301 3928 2457 3983 idem
2490 3934 2547 3982 et
2576 3927 2843 3983 missum.
2877 3927 3020 3983 Cum
3052 3932 3246 3982 autem
3267 3931 3324 3982 et
3353 3943 3386 3982 a
3415 3927 3582 3983 Patre
3638 3928 3775 3983 mit-

2132 4017 2296 4086 titur,
2327 4022 2384 4072 et
2413 4033 2447 4072 a
2475 4016 2640 4083 Filio,
2673 4015 2845 4072 sicuti
2874 4014 3002 4087 ipse
3035 4017 3217 4071 Patris
3261 4015 3441 4071 Filius
3487 4014 3549 4071 in
3598 4020 3776 4072 Evan-

2133 4105 2283 4178 gelio
2329 4105 2547 4167 docuit.
2598 4105 2885 4175 novimus,
2935 4104 3275 4160 missionem
3326 4104 3579 4176 Spiritus
3651 4118 3772 4161 me-

2131 4195 2288 4249 diam
2319 4193 2470 4250 inter
2510 4193 2959 4266 bypostaticam,
2991 4197 3048 4248 et
3088 4192 3416 4248 naturalem
3450 4191 3774 4264 proprieta-

2126 4286 2265 4338 tem.
2328 4284 2517 4349 Quare
2590 4282 2885 4337 instantim
2945 4281 3395 4336 fundamentum
3455 4280 3769 4351 disjectum

2127 4370 2301 4444 plane
2331 4370 2633 4427 emarcuit.
2666 4368 2814 4436 Quid
2847 4385 3020 4442 porro
3067 4368 3327 4424 dicerent
3364 4368 3437 4433 de
3482 4367 3611 4440 ipso
3642 4367 3771 4440 Spi-

2129 4460 2277 4516 ritus
2306 4459 2561 4528 nomine,
2594 4459 2747 4529 quod
2777 4458 2836 4512 in
2868 4457 2940 4514 iis
2986 4458 3044 4512 in
3097 4456 3308 4527 quibus
3340 4455 3595 4512 medium
3653 4471 3771 4511 non

2129 4552 2476 4620 agnoscunt,
2508 4547 2764 4602 medium
2794 4549 2989 4601 tamen
3037 4561 3165 4600 esse
3204 4543 3596 4617 cognoscitur.
3644 4543 3770 4615 Spi-

2127 4636 2273 4693 ritus
2302 4637 2459 4692 enim
2492 4635 2779 4703 Patris,‘et
2809 4634 3063 4706 Spiritus
3096 4633 3223 4689 Filii
3251 4638 3491 4689 sanctus
3521 4632 3775 4705 Spiritus

2129 4726 2344 4781 dicitur
2380 4729 2436 4780 et
2460 4727 2591 4790 est;
2621 4724 2713 4779 sui
2760 4723 2945 4794 ipsius
2973 4738 3106 4778 vero
3158 4721 3412 4794 Spiritus
3442 4736 3633 4793 neque
3663 4723 3773 4801 est,

2128 4830 2313 4885 neque
2368 4812 2622 4879 dicitur;
2660 4811 3153 4882 quemadmodum
3211 4825 3400 4881 neque
3456 4808 3623 4865 Pater
3679 4808 3775 4865 sui

2128 4903 2316 4975 ipsius
2345 4904 2535 4967 Pater,
2569 4916 2757 4971 neque
2788 4899 2965 4954 Filius
2995 4899 3086 4954 sui
3116 4898 3303 4970 ipsius
3340 4896 3539 4954 Filius.

2204 4991 2289 5047 12.
2348 4989 2633 5045 Οωῐενιιω
2688 4988 2834 5043 illud
2889 4987 3346 5043 examinandum
3410 4992 3519 5053 est,
3576 4989 3775 5042 utrum

2131 5084 2283 5135 recte
2313 5083 2556 5149 tutoque
2584 5077 2867 5149 sapientis
2897 5075 3172 5148 Gregorii
3202 5075 3423 5131 dictum
3457 5075 3778 5131 adductum

2132 5168 2228 5233 sit,
2258 5167 2526 5233 dicentis,
2559 5174 2620 5221 ut
2675 5165 2786 5238 ipsi
2819 5167 3007 5233 aiunt,
3040 5163 3314 5220 Davidem
3372 5164 3502 5220 ideo
3559 5163 3779 5219 dixisse

2134 5257 2408 5329 spiritum
2440 5255 2558 5311 oris
2599 5254 2898 5326 Spiritum,
2936 5258 2992 5309 et
3047 5270 3161 5309 non
3212 5254 3456 5323 verbum
3488 5252 3606 5309 oris
3634 5251 3779 5307 Ver-

2132 5346 2295 5416 bum,
2331 5349 2396 5399 ut
2424 5342 2835 5417 proprietatem
2891 5341 3194 5400 emittendi
3250 5341 3356 5397 soli
3410 5340 3565 5397 Patri
3626 5356 3781 5397 asse-

2134 5439 2303 5490 reret.
2367 5433 2666 5499 Quomodo
2723 5432 2916 5503 itaque
2973 5432 3022 5487 si
3080 5431 3318 5487 dixisset
3375 5430 3615 5486 verbum
3660 5427 3780 5485 oris

2132 5523 2412 5589 Verbum,
2446 5520 2702 5592 aliquem
2734 5537 2852 5577 una
2893 5538 3026 5577 cum
3070 5524 3241 5577 Patre
3266 5519 3445 5591 hujus
3474 5517 3782 5574 emittendi

2133 5611 2479 5688 propietatis
2511 5608 2853 5683 participem
2906 5608 3174 5667 fecisset?
3205 5610 3391 5676 Quam
3447 5607 3630 5664 oratio
3688 5621 3783 5662 ne-

2135 5702 2473 5763 cessitatem
2504 5698 2745 5777 arguit?
2771 5700 2904 5776 Sed,
2937 5703 3003 5759 ut
3046 5698 3299 5774 videtur,
3341 5695 3781 5783 Scripturarum
