4110 6428
408 424 413 429 ,
443 365 564 430 579

1704 362 2125 426 NICEPHORI
2169 358 2603 427 BLEMMIDJS

3727 362 3849 426 580

445 498 659 565 subita,
693 513 797 553 nec
822 495 966 551 satis
995 499 1268 552 accurata
1295 495 1486 562 lectio,
1528 512 1644 551 non
1676 496 1875 551 minus
1904 511 2083 567 quam

2199 494 2436 569 ἀνάγκην
2498 496 2526 549 6
2585 492 2754 569 λόγος
2784 513 2799 564 ;
2830 491 2987 549 Ἀλλ’
3015 494 3089 556 ὡς
3131 489 3300 549 ἔοικεν
3334 495 3370 563 ἡ
3403 492 3675 569 παροδική
3733 498 3841 549 τῶν

444 603 640 643 mores
669 585 1039 654 contentiosi,
1098 590 1155 640 et
1183 602 1313 655 quae
1373 585 1508 639 inde
1565 585 1968 656 subsequitur,
2005 586 2087 639 fa-

446 676 713 732 cinorosa
741 674 956 729 astutia
987 674 1242 729 absurda
1271 673 1393 728 hinc
1424 674 1481 728 in
1531 673 1789 729 medium
1822 672 2085 744 protulit.

444 763 590 819 Cum
639 762 793 817 enim
827 761 1017 816 tribus
1046 761 1374 830 elementis,
1407 765 1465 817 et
1521 762 1684 833 apice
1714 760 2088 832 superposito

443 868 553 906 vox
596 849 832 922 Spiritus
887 854 1175 914 exaretur,
1226 849 1367 904 dum
1417 849 1813 913 abbreviatur,
1846 855 1901 903 et
1963 847 2087 919 pari

450 939 624 994 modo
680 938 858 994 etiam
892 955 998 993 vox
1044 939 1224 993 Patris
1253 937 1447 993 medio
1502 937 1790 993 elemento
1856 942 2087 992 tantum

445 1028 836 1099 discrepante,
898 1026 1075 1082 medii
1126 1026 1419 1097 corruptio
1494 1030 1667 1097 atque
1732 1025 2091 1092 immutatio,

437 1116 596 1188 quod
624 1115 788 1171 facile
820 1115 943 1169 fieri
975 1115 1182 1187 potuit,
1234 1114 1294 1170 in
1345 1115 1608 1170 fraudem
1656 1132 1863 1186 parum
1895 1115 2087 1169 consi-

436 1205 670 1260 deratos
701 1203 960 1270 deduxit,
992 1202 1092 1275 qui
1125 1202 1281 1274 quod
1313 1204 1615 1276 proprium
1658 1208 1780 1259 erat
1809 1203 2083 1275 Spiritus,

436 1293 592 1349 Patri
626 1293 694 1348 ad
705 1296 1000 1364 aptarunt.

507 1382 593 1437 13.
645 1382 756 1437 Sed
805 1383 1112 1454 oportebat
1162 1397 1334 1453 porro
1381 1379 1749 1436 considerare
1799 1377 2086 1452 ἐκπορεύε-

434 1472 552 1525 σθαι
583 1470 890 1543 procedere,
925 1470 1155 1542 passive
1207 1469 1443 1541 quidem
1503 1469 1761 1533 formari,
1814 1469 1912 1523 sed
1947 1486 2085 1523 sen-

437 1576 569 1617 sum
629 1559 963 1630 przeseferre
1014 1558 1409 1626 activum;ut
1465 1556 1660 1629 potius
1704 1558 1780 1612 sit
1829 1558 2085 1629 Spiritus

435 1653 677 1705 sanctus
722 1643 1101 1721 ἐκπορευτικὸς
1144 1647 1463 1718 procedens,
1513 1663 1691 1717 quam
1762 1643 2083 1718 ἐκπόρευτος

438 1745 746 1806 emanatus,
778 1740 880 1792 aut
908 1735 1205 1808 profusus,
1235 1740 1298 1790 ut
1325 1735 1408 1790 ita
1456 1735 1646 1790 dicam
1681 1754 1693 1790 :
1726 1751 1896 1807 agere
1926 1736 2083 1790 enim

2199 588 2420 659 Γραφῶν
2473 580 2816 656 διεξέλευσις,
2864 582 2973 659 οὐχ
3017 586 3177 652 ἦττον
3208 583 3244 651 ἢ
3275 583 3339 638 τὸ
3367 587 3465 638 τοῦ
3509 583 3719 659 τρόπου
3750 583 3847 660 φί-

2199 669 2341 747 λερι,
2372 672 2462 727 καὶ
2509 674 2571 728 τὸ
2617 671 2853 737 ἐντεῦθεν
2901 676 3204 748 κακοῦργον
3254 671 3349 734 τὰς
3412 671 3666 734 τοιαύτας
3716 672 3843 728 ἀτο-

2196 759 2320 820 πίας
2366 759 2659 835 εἰσήνεγκε.
2692 760 2842 834 Τρισὶ
2888 760 2988 836 γὰρ
3037 758 3334 833 στοιχείοις
3388 760 3503 832 μετ’
3550 758 3843 823 ἐπιθέσεως

2196 848 2413 923 κεραίας
2457 856 2561 918 τῆς
2594 848 2863 921 Ιινεόματι
2918 846 3113 919 λέξεως
3161 845 3670 924 διαχαραττομένης
3722 869 3849 923 συγ-

2197 938 2491 1008 κοπτικῶς,
2522 937 2658 992 κατὰ
2693 941 2860 991 ταῦτα
2905 934 2962 991 δὲ
3014 937 3103 991 καὶ
3148 943 3251 1006 τῆς
3296 937 3489 1012 Πατρὶ,
3519 941 3618 991 τοῦ
3678 937 3847 1009 μέσου

2201 1024 2369 1097 μόνου
2394 1046 2457 1100 γε
2486 1022 2889 1101 διενηνοχότος,
2920 1027 2955 1095 ἡ
2994 1029 3090 1079 τοῦ
3143 1025 3310 1097 μέσου
3368 1023 3728 1102 παραφθρορά
3780 1046 3839 1080 τε

2195 1114 2283 1169 καὶ
2333 1113 2690 1187 μεταποίησις
2738 1113 2847 1186 (καὶ
2894 1114 2995 1189 γὰρ
3040 1112 3296 1189 εὐχερὴς)
3323 1114 3422 1182 τὴν
3466 1111 3680 1182 ἀπάτην
3725 1119 3847 1177 τοῖς

2199 1203 2275 1275 μὴ
2308 1201 2727 1275 ἰπεσκεμμένοις
2756 1201 3087 1277 προύξένησε
3113 1202 3175 1256 τὸ
3205 1206 3304 1256 τοῦ
3359 1200 3677 1276 Ιινεόματος
3710 1199 3850 1257 ἴδιον

2192 1295 2271 1363 τῷ
2301 1292 2475 1366 ΙΙατρὶ
2506 1289 2969 1366 προσαρμόσασιν.

2270 1386 2349 1455 ιγ’.
2410 1377 2564 1436 Ἀλλ’
2620 1378 2792 1454 ἐχρῆν
2874 1378 3119 1449 ἐννοῆσαι
3175 1379 3238 1433 τὸ
3306 1378 3693 1453 ἐκπορεύεσθαι
3750 1401 3852 1435 πα-

2195 1470 2432 1539 θητικῶς
2508 1469 2601 1541 μὶν
2679 1466 3173 1544 ἐσχηματισμένον,
3230 1466 3392 1546 φέρον
3470 1465 3528 1523 δέ
3595 1465 3845 1538 δήλωσιν

2194 1555 2563 1632 ἐνεργητικὴν,
2637 1558 2712 1619 ὡς
2789 1557 2922 1612 εἶναι
3002 1555 3216 1630 μᾶλλον
3302 1556 3680 1631 ἐκπορευτικὸν
3772 1558 3838 1612 τὸ

2194 1651 2420 1719 Πνεῦμα
2472 1647 2535 1701 τὸ
2593 1648 2768 1721 ἅγιον,
2828 1644 2969 1721 ἤπερ
3030 1644 3379 1721 ἐκπόρευτον·
3443 1645 3669 1723 ἐνεργεῖν
3718 1646 3845 1722 γάρ,

2194 1733 2319 1789 ἀλλ’
2353 1734 2482 1810 οὐχὶ
2513 1733 2740 1809 πάσχειν
2773 1733 2883 1789 ἐστὶ
2934 1734 2998 1789 τὸ
3048 1734 3370 1809 πορεύεσθαί
3407 1755 3487 1806 τε,
3530 1734 3623 1790 καὶ
3678 1733 3847 1792 ξλαυ-

437 1830 544 1893 est,
581 1829 638 1881 et
668 1840 780 1879 non
833 1824 980 1895 pati,
1030 1822 1299 1896 progredi
1338 1827 1397 1878 et
1443 1824 1771 1895 procedere.
1825 1825 2084 1893 Quapro-

2199 1821 2456 1897 ρςύεσθαι.
2487 1823 2580 1876 Διὸ
2617 1821 2708 1876 καὶ
2740 1822 2768 1876 6
2799 1822 2967 1900 σοφὸς
3011 1822 3170 1884 οὗτος
3218 1822 3355 1896 ἀνὴρ
3404 1820 3630 1898 καιρίως
3673 1822 3855 1900 ἄπιτ-

438 1918 569 1986 pter
595 1911 829 1984 sapiens
888 1911 983 1966 hic
1039 1912 1127 1966 vir
1157 1916 1484 1984 opportune
1532 1912 1921 1983 interpretans
1953 1912 2034 1966 ait
2066 1929 2080 1968 :

439 2002 558 2057 Ideo
586 2002 858 2073 Spiritum
885 2002 1017 2067 oris,
1047 2016 1157 2055 non
1190 2016 1310 2056 vero
1348 2001 1575 2055 Verbum
1606 2002 1714 2055 oris
1735 2000 1905 2055 Dam’d
1932 2000 2083 2066 dicit,

437 2094 499 2145 ut
524 2090 853 2161 procedendi
878 2092 1279 2161 proprietatem
1330 2089 1437 2145 soli
1462 2088 1697 2160 Spiritui
1728 2089 2034 2143 vindicaret
2064 2106 2082 2141 :

437 2195 551 2233 non
584 2195 715 2233 vero
746 2184 802 2233 et
831 2178 943 2250 ipsi
980 2179 1186 2244 Verbo,
1229 2177 1367 2249 quia
1418 2178 1595 2233 verba
1625 2180 1743 2233 oris
1777 2179 2084 2250 procedere

441 2267 719 2329 dicuntur
751 2286 763 2323 :
799 2267 932 2335 Quae
960 2268 1107 2323 enim
1132 2266 1459 2338 procedunt,
1502 2269 1605 2334 ait,
1633 2283 1733 2337 per
1763 2267 1911 2321 labia
1942 2282 2081 2331 mea,

437 2372 549 2411 non
575 2356 787 2429 faciam
812 2357 994 2410 irrita.
1056 2356 1367 2426 Propterea
1421 2358 1580 2410 vates
1636 2356 1784 2411 dixit
1843 2373 1855 2410 :
1919 2355 2082 2410 Verbo

440 2446 664 2502 Domini
690 2445 813 2500 aceti
834 2444 1042 2514 ﬁrmati
1059 2452 1209 2511 sunt,
1243 2448 1299 2498 et
1329 2460 1444 2499 non
1474 2444 1647 2499 verbo
1677 2460 1795 2499 orls
1828 2443 2082 2510 Domini,

437 2552 510 2591 ne
540 2534 783 2590 dicendo
817 2533 978 2589 Verbo
1008 2535 1120 2589 oris
1152 2538 1441 2588 astrueret
1469 2533 1610 2589 Filio
1641 2538 1698 2588 et
1747 2532 1933 2588 Verbo
1964 2533 2081 2588 vim

439 2621 806 2695 procedendi.
867 2621 1187 2678 Subnexuit
1243 2627 1439 2677 autem
1498 2637 1511 2676 :
1564 2623 1628 2677 Et
1678 2622 1926 2693 Spiritui
1971 2624 2083 2678 oris

438 2711 578 2781 ejus,
609 2712 675 2763 ut
718 2707 852 2763 inde
883 2707 1125 2779 Spiritui
1173 2712 1229 2763 et
1275 2707 1380 2763 soli
1432 2708 1863 2780 processionem
1894 2709 2081 2764 vindi-

437 2802 614 2853 caret.
665 2796 1021 2853 Procedendi
1078 2813 1247 2869 porro
1318 2797 1727 2868 proprietatem
1800 2801 2080 2870 tanquam

442 2887 735 2958 propriam
788 2885 1041 2957 Spiritus
1094 2886 1391 2941 notionem
1435 2885 1740 2957 agnovisse
1788 2885 2080 2958 Nyssaen-

444 2975 621 3046 sium,
653 2978 712 3030 et
737 2975 915 3029 totius
945 2974 1103 3029 orbis
1141 2973 1532 3045 splendorem,
1565 2991 1634 3029 ex
1662 2974 1753 3029 his
1786 2992 1913 3045 quae
1944 2976 2079 3031 sub-

440 3064 544 3129 dit,
575 3063 879 3119 manifeste
910 3062 1240 3135 colligimus
1269 3079 1281 3116 :
1318 3062 1400 3118 sic
1427 3063 1580 3118 enim
1616 3064 1790 3119 infert
1822 3082 1834 3119 :
1870 3066 1931 3121 Ut
1958 3081 2084 3120 cum

2194 1907 2411 1983 γέλλων
2496 1910 2645 1987 φησί·
2724 1914 2830 1964 Τοῦ
2907 1907 2953 1964 δ’
3011 1906 3168 1965 ἕνεκα
3243 1915 3461 1983 Πνεῦμα
3546 1911 3848 1984 στόματος,

2193 1997 2321 2053 ἀλλ’
2380 1998 2508 2073 οὐχὶ
2566 1996 2726 2073 λόγον
2806 1996 3073 2070 πόματος
3150 1997 3363 2074 εἴρηκεν
3419 2000 3447 2053 6
3510 1993 3698 2072 Δυϐὶδ,
3749 1997 3848 2054 ἵνα

2191 2088 2289 2153 τῆν
2362 2085 2744 2163 ἐκπορευτικήν
2806 2083 3053 2157 ἰδιότητα
3138 2087 3290 2160 μόνῳ
3374 2092 3677 2162 προσοῦσαν
3770 2093 3853 2161 τῷ

2192 2174 2467 2247 Ιίνεύματι
2516 2177 2870 2245 πιστώσηται·
2929 2177 3003 2248 μὴ
3062 2174 3154 2248 μέν
3212 2196 3296 2230 τοι
3356 2172 3571 2246 δηλαδή
3613 2177 3705 2231 καὶ
3762 2181 3847 2248 τῷ

2193 2264 2377 2339 Λόγῳ.
2410 2264 2506 2317 Καὶ
2563 2265 2666 2339 γὰρ
2720 2262 2835 2317 ἐπεὶ
2887 2264 2954 2317 τὸ.
3015 2268 3113 2317 τοῦ
3160 2264 3428 2336 στόματος
3487 2264 3708 2339 ῥήματα
3756 2264 3846 2320 ἐκ·

2191 2353 2530 2429 πορευόμενα
2587 2351 2822 2427 λέγεται·
2879 2354 2961 2408 Τὰ
3026 2354 3130 2429 γὰρ
3206 2352 3626 2428 ἐκπορευόμενα,
3683 2354 3843 2431 φησὶ,

2192 2438 2281 2495 διὰ
2322 2447 2427 2496 τῶν
2477 2439 2710 2517 χειλέων
2767 2462 2892 2514 μου,
2944 2440 3005 2496 οὐ
3058 2442 3134 2514 μὴ
3184 2441 3451 2512 ἀθετήσω.
3483 2443 3688 2497 Τούτου
3738 2442 3847 2517 χά-

2192 2550 2273 2604 ριν
2334 2528 2544 2607 εἷ¹ρηκεν
2578 2531 2605 2584 6
2635 2532 2943 2607 προφήτης·
2976 2534 3063 2601 Τῷ
3119 2530 3282 2605 Λόγῳ
3340 2530 3536 2606 Κυρίου
3578 2532 3632 2586 οἱ
3686 2529 3849 2604 οὐρα-

2190 2618 2275 2672 νοί
2329 2617 2748 2694 ἐστερεώθησαν,
2795 2615 2923 2672 ἀλλ’
2971 2617 3122 2694 οὐχὶ.
3155 2623 3242 2690 Τῷ
3288 2619 3448 2695 Λόγῳ
3483 2624 3582 2675 τοῦ
3640 2619 3852 2692 στόμα-

2188 2728 2282 2769 τος
2340 2706 2537 2782 Κυρίου
2591 2708 2708 2761 Ἵνα
2769 2707 2844 2779 μὴ
2888 2702 2977 2760 διὰ
3018 2711 3114 2761 τοῦ
3168 2706 3337 2762 εἰπεῖν
3394 2711 3475 2779 τῷ
3532 2705 3685 2783 λόγῳ
3741 2712 3844 2763 τοῦ

2191 2795 2479 2869 στόματος,
2521 2796 2987 2870 προσμαρτυρήσῃ
3032 2800 3113 2867 τῷ
3162 2796 3270 2866 Υἱῷ
3318 2794 3407 2850 καὶ
3441 2794 3606 2871 Λόγῳ
3642 2796 3706 2851 τὸ
3761 2795 3850 2851 ἐκ-

2191 2883 2528 2957 πορευτικόν.
2594 2884 2865 2958 Ἐπηγαγε
2932 2881 2988 2938 δὲ
3059 2882 3169 2939 καί·
3228 2889 3317 2957 Τῷ
3393 2884 3672 2958 ΙΙνεύματι
3744 2890 3847 2940 τοῦ

2192 2973 2460 3046 στόματος
2500 2972 2685 3041 αὐτοῦ,
2736 2971 2810 3033 ὡς
2862 2970 2920 3025 ἃν
2982 2970 3220 3027 ἐντεῦθεν
3277 2977 3359 3045 τῷ
3416 2972 3689 3046 ΙΙνεύματι
3752 2973 3847 3028 καὶ

2196 3062 2347 3135 μόνῳ
2386 3063 2723 3131 πιστώσηται
2773 3061 2836 3115 τὸ
2887 3060 3289 3137 ἐκπορευτικόν.
3321 3064 3443 3119 ’Ότι
3495 3059 3555 3117 δὶ
3610 3064 3709 3132 τὴν
3764 3061 3850 3117 ἐκ-

442 3152 672 3208 Verbum
715 3153 942 3221 diceret,
995 3152 1169 3206 veluti
1217 3167 1287 3206 ea:
1325 3152 1602 3206 intellectu
1654 3153 1772 3217 Dei,
1820 3157 1872 3207 et
1900 3154 2083 3209 Patris

2199 3152 2517 3227 πορευτικήν
2553 3147 2799 3219 ἰδιότητα
2828 3152 3327 3226 χαρακτηριστικὴν
3361 3147 3476 3206 οἶδε
3529 3155 3629 3205 τοῦ
3677 3152 3848 3206 Πνεῦ-

431 3241 606 3295 nutlis
630 3240 979 3312 passionibus
1036 3239 1350 3306 obnoxiam,
1403 3243 1563 3309 atque
1590 3240 1924 3311 ineﬂ'abilem
1953 3242 2085 3297 Filii

2200 3259 2367 3312 ματος
2426 3240 2453 3293 6
2499 3243 2606 3293 τῶν
2668 3237 2948 3293 Νυσσαέων
3004 3239 3091 3293 καὶ
3149 3246 3248 3309 τῆς
3322 3238 3652 3313 οἰκουμένης
3728 3262 3848 3317 φω-

439 3330 849 3399 generatianem
900 3328 1257 3389 haberemus;
1287 3344 1411 3382 cum
1458 3344 1588 3384 vero
1637 3328 1908 3397 Spiritum
1955 3333 2086 3397 oris,

440 3416 884 3486 sanctiﬁcantem
931 3425 982 3471 et
1025 3417 1369 3472 cssentialem
1416 3416 1767 3490 facultatem,
1821 3426 1872 3473 et
1909 3420 2088 3491 viviﬁ-

444 3514 658 3561 cantem
702 3505 945 3575 Spiritus
989 3504 1328 3576 hypostasim
1377 3506 1832 3577 intelligeremus,
1870 3523 2089 3578 proces-

439 3596 580 3650 sivee
613 3595 925 3665 praprietas
953 3609 1195 3659 nomine,
1224 3594 1388 3664 quasi
1434 3598 1563 3649 nota
1618 3596 1912 3665 signatam.
1946 3597 2088 3651 San-

440 3687 570 3737 ctus
601 3697 833 3753 quoque
891 3681 1052 3736 Pater
1099 3682 1448 3738 Anastasius
1491 3683 1904 3754 proprietatem
1955 3684 2087 3757 Spi-

442 3771 589 3826 ritus
621 3771 1053 3843 processionem
1086 3771 1642 3844 agnoscit-Namque
1672 3772 1899 3828 decimo
1931 3778 2089 3829 sexto

445 3860 633 3932 capite
663 3858 820 3927 libri,
851 3859 943 3914 cui
974 3861 1112 3916 Duci
1155 3862 1267 3918 via?
1312 3876 1523 3916 nomen
1573 3871 1683 3928 est,
1718 3861 1835 3916 hazc
1868 3862 2042 3918 habet
2071 3878 2084 3916 :

445 3947 626 4018 Neque
667 3949 818 4003 enim
865 3950 1117 4018 ingenita
1181 3951 1367 4005 Patris
1411 3965 1646 4020 persona
1709 3965 1935 4005 carnem
1993 3967 2079 4005 as-

444 4038 701 4109 sumpsit,
733 4053 908 4107 neque
932 4037 1225 4108 procedens
1269 4040 1448 4092 sancti
1475 4037 1718 4109 Spiritus
1760 4039 2085 4110 hypostasis.

443 4127 513 4181 Et
559 4143 592 4182 a
640 4130 884 4199 paterna
930 4125 1230 4198 hypostasi
1276 4125 1560 4198 Spiritum
1594 4132 1862 4182 sanctum
1897 4145 2092 4199 proce-

445 4214 579 4270 dere
612 4214 774 4270 nullo
808 4215 979 4270 modo
1013 4214 1276 4286 impedit,
1328 4216 1469 4287 quin
1510 4215 1686 4271 etiam
1720 4232 1822 4287 per
1853 4215 2091 4283 Filium,

445 4307 508 4358 ut
555 4304 790 4375 sapiens
848 4302 941 4357 hic
998 4303 1256 4358 Antistes
1313 4303 1383 4358 de
1424 4308 1627 4359 sancta
1681 4304 1963 4360 Trinitate
2020 4305 2091 4360 ad

442 4390 749 4448 Ablabium
783 4396 1144 4464 pertractans
1177 4390 1369 4463 palam
1424 4392 1637 4447 clamat
1679 4410 1692 4448 :
1726 4394 2092 4449 Immutabiti-

440 4484 624 4551 tatem,
711 4481 932 4549 dicens,
1019 4490 1240 4538 natura?
1328 4482 1639 4551 conﬁtentes
1671 4523 1684 4548 ,
1762 4498 1874 4537 non
1948 4484 2094 4537 imus

2197 3329 2354 3404 στὴρ,
2403 3324 2682 3403 ἀριδήλως
2748 3326 2797 3398 ἐξ
2856 3328 2929 3380 ὧν
2988 3325 3251 3404 ἐπιφέρει,
3308 3328 3622 3403 παρίστησι·
3694 3326 3848 3403 λέγει

2197 3417 2300 3492 γάρ
2359 3415 2554 3478 οὕτως·
2597 3419 2713 3470 Ἵνα
2771 3412 2859 3469 διὰ
2920 3416 3013 3488 μὲν
3067 3420 3186 3486 τοῦ,
3247 3416 3422 3491 Λόγον
3483 3417 3676 3490 εἰπεῖν,
3744 3418 3850 3486 τὴν

2200 3507 2273 3568 ὡς
2350 3503 2409 3559 ἐκ
2480 3508 2574 3559 νοῦ
2639 3508 2792 3575 Θεοῦ,
2853 3504 2941 3559 καὶ
3018 3505 3230 3581 ΙΙατρὸς
3308 3506 3675 3576 ἀπαθεστάτην
3757 3507 3852 3560 καὶ

2200 3593 2434 3670 ἆρῥητον
2510 3597 2607 3647 τοῦ
2691 3594 2820 3647 Υὶοῦ
2903 3590 3326 3669 παραδεξώμεθα
3408 3592 3678 3668 γέννησιν·
3762 3591 3856 3649 διὰ

2199 3681 2256 3738 δὲ
2309 3687 2407 3738 τοῦ
2467 3682 2739 3756 εἰρηκέναι
2798 3686 3017 3754 Πνεῦμα
3092 3683 3362 3756 στόματος
3416 3684 3518 3753 τὴν
3600 3682 3851 3759 ἀγιαστι-

2198 3774 2297 3841 κήν
2385 3770 2476 3825 καὶ
2552 3767 2790 3840 οὐσιώδη
2870 3767 3117 3842 δύναμιν,
3190 3769 3280 3825 καί
3357 3772 3673 3846 ζωαρχικὴν
3749 3775 3855 3826 τοῦ

2199 3860 2511 3933 ΙΙνεύματος
2591 3858 2878 3913 ὑπόστασιν
2967 3854 3354 3934 ὑπολάϐωμεν,
3440 3864 3520 3931 τῷ
3591 3863 3692 3928 τῆς
3768 3858 3854 3915 ἐκ-

2198 3955 2523 4023 πορευτικῆς
2598 3944 2873 4017 ἰδιότητος
2944 3946 3171 4020 ὀνόματι
3246 3943 3506 4017 δηλονότι
3565 3968 3853 4023 χαρακτη-

2200 4038 2513 4114 ριζομένην.
2563 4035 2661 4089 Καὶ
2712 4036 2738 4088 6
2789 4034 2840 4089 ἐν
2891 4034 3064 4110 ἁγίοις
3130 4033 3188 4090 δὲ
3236 4038 3425 4111 ΙΙατὴρ
3475 4037 3853 4107 Ἀναστάσιος,

2201 4125 2405 4199 ἰδίωμα
2439 4129 2536 4180 τοῦ
2615 4123 2923 4195 ΙΙνεύματος
3003 4125 3254 4199 γινώσκει
3306 4126 3368 4180 τὸ
3442 4124 3853 4198 ἐκπορευτικόν.

2198 4219 2283 4273 Ἐν
2344 4216 2448 4290 γὰρ
2503 4211 2646 4285 ’έκτῳ
2695 4212 2785 4267 καὶ
2829 4212 3035 4285 δεκάτῳ
3081 4213 3361 4292 κεφαλαίῳ
3390 4220 3491 4284 τῆς
3546 4213 3709 4269 αὐτοῦ
3772 4214 3855 4290 βί-

2201 4299 2339 4359 ϐλου
2376 4309 2475 4371 τῆς
2525 4299 2758 4375 Ὀδηγοῦ
2802 4299 3169 4375 κεκλῃμένης,
3197 4301 3339 4357 οὕτω
3388 4303 3571 4379 φησίν·
3606 4298 3684 4358 Οὒ
3743 4301 3853 4379 γὰρ

2201 4393 2263 4447 τὸ
2321 4390 2610 4467 ἀγέννητον
2689 4393 2786 4443 τοῦ
2871 4389 3086 4466 ΙΙατρὸς
3161 4390 3453 4459 πρόσωπον
3544 4390 3851 4464 ἐσαρκώθη,

2202 4476 2325 4534 οὔτε
2402 4480 2494 4553 μὲν
2570 4480 2605 4547 ἡ
2683 4476 3036 4554 ἐκπορευτικὴ
3111 4482 3209 4533 τοῦ
3297 4477 3452 4554 ἁγίου
3530 4476 3854 4550 ΙῙνεύματος

442 4568 666 4641 inﬁcias
694 4569 993 4625 secundum
1020 4586 1246 4623 causam
1274 4573 1326 4623 et
1353 4572 1637 4623 causatum
1695 4569 2087 4641 differentiam,

2204 4569 2510 4629 ὑπόστασις.
2569 4570 2673 4620 Τοῦ
2724 4564 2780 4621 δέ
2828 4587 2891 4641 γε
2933 4569 3079 4640 παρά
3136 4574 3237 4637 τῆς
3291 4573 3574 4643 ΙΙατρικῆς
3616 4567 3853 4622 ὑποστά-

447 4661 505 4713 in
537 4674 648 4729 qua
702 4659 819 4713 sola
846 4659 1095 4713 discerni
1149 4656 1311 4712 aliud
1338 4658 1407 4712 ab
1462 4659 1574 4713 alio
1615 4658 2091 4730 deprehendimus,

442 4763 566 4801 cum
615 4745 713 4802 hoc
760 4746 979 4817 quidem
1024 4763 1256 4801 causam
1302 4746 1581 4801 credamus
1628 4762 1763 4813 esse,
1820 4748 1972 4803 illud
2025 4764 2095 4803 ea:

444 4851 627 4891 causa.
661 4837 725 4890 Et
753 4836 909 4891 illius
967 4837 1160 4903 etiam,
1220 4836 1369 4906 quod
1424 4852 1493 4891 ea:
1542 4852 1708 4891 causa
1761 4845 1859 4907 est,
1901 4853 2094 4892 rursus

443 4923 605 4978 aliud
633 4924 931 4979 discrimen
954 4925 1306 4981 observamus
1339 4943 1351 4979 :
1384 4926 1484 4981 hoc
1540 4927 1740 4980 etenim
1765 4928 1841 4980 est
1890 4927 2093 4981 imme-

446 5011 598 5067 diate
626 5028 698 5066 ea:
718 5013 922 5083 primo,
954 5014 1056 5068 hoc
1084 5028 1209 5068 vero
1246 5029 1345 5085 per
1376 5013 1451 5081 id,
1482 5014 1627 5084 quod
1656 5015 1977 5085 contiguum
2004 5023 2093 5070 at-

447 5115 551 5171 que
581 5099 955 5155 immediatum
985 5108 1081 5167 est,
1121 5117 1192 5156 ea:
1220 5103 1398 5173 primo
1422 5119 1444 5163 ;
1474 5110 1537 5156 ut
1562 5110 1613 5157 et
1670 5104 1942 5173 unigeniti
1963 5120 2093 5175 pro-

442 5188 655 5261 prietas
710 5191 909 5260 absque
935 5190 1302 5260 ambiguitate
1356 5192 1417 5244 in
1477 5191 1616 5245 Filio
1672 5201 1914 5258 maneat,
1947 5195 1999 5247 et
2028 5208 2097 5247 ea:

445 5282 615 5335 Patre
644 5277 918 5348 Spiritum
971 5294 1090 5333 esse
1142 5279 1290 5333 nulli
1345 5278 1578 5334 dubium
1623 5282 1712 5349 sit,
1772 5280 1938 5351 Filio,
1995 5281 2099 5352 qui

446 5366 657 5424 medius
686 5373 784 5434 est,
819 5366 927 5420 sibi
979 5367 1090 5438 ipsi
1135 5369 1411 5437 unigeniti
1457 5371 1850 5441 praprietatem
1877 5385 2097 5425 conser-

445 5459 629 5523 vante,
660 5463 712 5511 et
738 5455 1016 5525 Spiritum
1045 5472 1081 5509 a
1116 5458 1370 5511 naturali
1420 5456 1491 5511 ad
1518 5459 1743 5514 Patrem
1774 5458 2099 5514 habitudine

446 5544 677 5601 minime
699 5551 939 5600 arcente.
972 5544 1133 5600 Idem
1164 5545 1235 5601 de
1267 5545 1485 5618 Spiritu
1546 5551 1746 5603 sancto
1794 5563 1994 5621 agens,
2042 5552 2099 5604 et

454 5635 733 5699 adversus
764 5633 1170 5697 Macedoniam
1202 5634 1518 5706 disserens,
1557 5635 1637 5693 ita
1666 5641 1721 5694 et
1761 5636 1889 5694 Filii
1920 5652 2096 5711 gene-

2203 4678 2336 4718 σεως
2385 4656 2448 4710 τὸ
2495 4656 2713 4727 Πνεῦμα
2758 4656 2821 4709 τὸ
2870 4656 3025 4730 ἅγιον
3090 4653 3494 4731 ἐκπορεύεσθαι,
3540 4653 3852 4710 κωλυτικὸν

2204 4744 2302 4800 οὐκ
2361 4743 2499 4799 ἔστιν
2557 4740 2813 4816 οὐδαμῶς
2870 4744 2930 4797 τὸ
2990 4741 3077 4798 διὰ
3127 4748 3226 4798 τοῦ
3276 4745 3425 4801 ι’ῖοῦ.
3467 4744 3659 4807 Καθὼς
3702 4743 3795 4798 καὶ
3828 4745 3858 4798 6

2203 4834 2365 4911 σοφὸς
2405 4832 2564 4894 οὗτος
2617 4833 2883 4907 ἰεράρχης
2928 4831 3052 4907 περὶ
3100 4839 3200 4900 τῆς
3234 4831 3392 4908 ἁγίας
3440 4829 3668 4908 Τριάδος
3715 4833 3857 4907 πρὸς

2218 4917 2495 4980 Αϐλάϐιον
2553 4918 2848 4996 θεολογῶν,
2907 4917 3209 4997 διαῤῥήδην
3293 4922 3421 4997 βοᾷ·
3463 4922 3534 4975 Τὸ
3612 4919 3860 4997 ἀπαραλ-

2202 5010 2425 5081 λακτον,
2510 5008 2705 5086 λέγων,
2762 5015 2863 5078 τῆς
2952 5008 3161 5087 φύσεως
3249 5006 3671 5085 ὁμολογοῦντες,
3757 5010 3863 5078 τήν

2202 5102 2336 5156 κατᾶ
2408 5101 2471 5153 τὸ
2547 5096 2718 5153 αἷίτιον
2791 5098 2881 5153 καὶ
2956 5098 3195 5153 αἷτιατὸν
3274 5096 3535 5177 διαφορὰν
3612 5098 3712 5153 οὐκ
3771 5098 3866 5174 ἀρ-

2202 5190 2458 5263 νούμεθα.
2537 5189 2622 5242 Ἐν
2699 5188 2745 5259 ᾧ
2825 5187 2976 5261 μόνῳ
3069 5186 3426 5264 διακρίνεσθαι
3518 5188 3581 5241 τὸ
3673 5184 3860 5262 ἕτερον

2202 5284 2299 5333 τοῦ
2374 5279 2558 5353 έτέρου
2632 5271 3145 5350 καταλαμϐάνομεν.
3206 5281 3294 5349 Τῷ
3365 5277 3428 5331 τὸ
3507 5276 3601 5349 μὲν
3680 5271 3860 5330 αἶίτιον

2205 5367 2470 5423 πιστεύειν
2550 5365 2705 5437 εἶναι,
2739 5366 2802 5420 τὸ
2868 5363 2924 5420 δὲ
2981 5365 3041 5420 ἐκ
3100 5369 3197 5420 τοῦ
3254 5364 3449 5423 αἰτίου.
3502 5363 3601 5418 Καὶ
3652 5368 3755 5418 τοῦ
3810 5363 3866 5436 ἐξ

2205 5456 2380 5511 αἰτίου
2448 5453 2505 5510 δὲ
2574 5449 2750 5525 ὄντος,
2809 5452 2973 5508 πάλιν
3052 5450 3230 5524 ἄλλην
3309 5450 3572 5531 διαφορὰν
3651 5450 3870 5507 ἐννοοῦ-

2210 5566 2326 5620 μεν.
2368 5546 2439 5599 Τὸ
2518 5544 2612 5618 μὲν
2689 5544 2791 5619 γὰρ
2868 5548 3155 5621 προσεχῶς
3198 5543 3258 5599 ἐκ
3331 5545 3427 5597 τοῦ
3501 5541 3747 5616 πρώτου,
3786 5540 3855 5596 τὸ

2207 5633 2264 5694 δὲ
2321 5633 2410 5691 διὰ
2457 5636 2555 5691 τοῦ
2610 5636 2904 5715 προσεχῶς
2961 5630 3021 5690 ἐκ
3072 5638 3173 5691 τοῦ
3230 5635 3473 5711 πρώτου.
3533 5633 3695 5693 Ὥστε
3769 5631 3865 5692 καὶ
