4110 6424
315 361 426 430 581

1191 360 1295 429 DE
1337 357 1875 428 PROCESSIONE
1918 358 1983 427 S.
2031 360 2388 430 SPIRITUS
2433 366 2725 431 ORATIO
2768 362 2846 429 ΙΙ.

3603 367 3722 434 582

310 499 374 553 τὸ
453 496 743 573 μονογενὲς
819 489 1188 574 ἆναμφίϐολον
1253 493 1340 550 ἔτπί
1393 499 1490 551 τοῦ
1547 496 1674 550 Υἱοῦ
1735 494 1909 567 μένειν
1941 528 2001 567 ,λ

2096 496 2378 571 'ationem,
2425 504 2482 557 et
2509 500 2762 574 Spiritus
2809 498 3236 572 processionem
3288 502 3604 573 exprimit:
3660 504 3725 559 In

313 586 403 643 καὶ
460 586 523 641 τὸ
553 586 613 641 ἐκ
676 590 773 640 τοῦ
834 585 1049 662 Πατρὸς
1108 582 1242 638 εἶναι
1297 584 1361 638 τὸ
1416 587 1640 656 Πνεῦμα
1701 584 1777 657 μὴ
1826 583 1964 662 ἀμφι

316 671 542 731 ϐάλλειν
581 719 596 743 ,
650 679 750 743 τῆς
826 676 925 728 τοῦ
1004 673 1130 729 Υἱοῦ
1189 672 1458 746 μεσιτείας
1513 672 1603 727 καὶ
1681 673 1851 746 ἑαυτῷ
1905 674 1968 727 τὸ

318 763 604 840 μονογενὲς
685 760 1064 842 φυλαττούσης
1125 807 1139 834 ,
1222 760 1311 816 καὶ
1400 760 1462 817 τὰ
1567 765 1790 834 Πνεῦμα
1868 764 1966 831 τῆς

315 858 547 931 φυσικῆς
620 849 758 926 πρὸς
833 851 924 905 τὸν
1001 847 1220 927 Πατέρα
1293 850 1534 926 σχέσεως
1613 851 1688 923 μή
1768 850 1968 925 ἀπειρ-

315 940 544 1016 γοῦσης.
598 942 655 994 Ὀ
713 939 872 1002 αὑτὸς
928 939 1054 1016 περὶ
1108 942 1207 994 τοῦ
1266 938 1418 1014 ἁγίου
1478 937 1793 1012 ΙΙνεύματος
1830 938 1967 993 ιδια-

285 1024 637 1103 ἱλαμϐάνων,
685 1027 777 1083 καὶ
834 1028 972 1083 κατὰ
1029 1024 1368 1084 Μακεδονίου
1424 1027 1722 1106 φερόμενος
1751 1073 1765 1099 ,
1828 1026 1971 1082 οὕτω

319 1115 576 1173 διατυποῖ
629 1117 729 1187 τὴν
778 1120 879 1171 τοῦ
926 1116 1051 1171 Υἱοῦ
1095 1116 1365 1191 γέννησιν,
1397 1116 1487 1171 καὶ
1522 1119 1622 1185 τῆν
1652 1120 1749 1184 τοῦ
1796 1115 1971 1172 ΙΙνεύ-

326 1226 494 1279 ματος
544 1202 800 1281 πρόοδον·
862 1206 976 1283 Ἐφ’
1032 1206 1107 1259 ὧν
1155 1207 1192 1275 ἡ
1244 1205 1382 1260 κατὰ
1431 1205 1494 1259 τὸ
1551 1205 1746 1279 ἀγαθὸν
1806 1204 1973 1279 ἐνέρ-

322 1314 442 1371 γεια
472 1338 487 1364 ,
547 1292 764 1372 φάσκων
799 1339 815 1363 ,
843 1290 1098 1366 οὐδεμίαν
1176 1291 1470 1348 ἐλάττωσιν
1502 1340 1516 1364 ,
1569 1294 1606 1363 ἣ
1660 1292 1917 1368 παραλλα
1948 1325 1972 1335 -

321 1385 424 1458 γῆν
487 1382 607 1459 ἔχει
661 1428 676 1453 ,
726 1386 842 1445 πῶς
947 1381 1087 1436 ἔστιν
1169 1379 1393 1457 εὔλογον
1481 1384 1581 1451 τὴν
1666 1383 1801 1437 κατὰ
1879 1383 1972 1437 τὸν

325 1471 556 1546 ἀριθμὸν
610 1470 779 1541 τάξιν,
859 1468 1208 1533 ἐλαττώσεώς
1281 1485 1429 1533 τινος
1500 1478 1603 1541 τῆς
1676 1472 1809 1527 κατᾶ
1877 1470 1976 1548 φύ-

326 1580 409 1613 σιν
491 1556 852 1635 παραλλαγῆς
927 1556 1133 1622 οἷέσθαι
1210 1564 1436 1632 σημεῖον
1506 1559 1639 1616 εἶναι
1701 1587 1716 1628 ;
1771 1562 1974 1635 ’Ὠσπερ

327 1647 388 1702 ἂν
450 1645 504 1701 εἷ’
570 1668 655 1709 τις
729 1646 781 1702 ἐν
854 1647 1000 1723 τρισὶ
1057 1645 1305 1722 λαμπάσι
1368 1646 1697 1725 διῃρημένην
1759 1647 1975 1726 βλέπων

322 1737 425 1805 τήν
484 1733 666 1815 φλόγα
697 1755 711 1768 ³
773 1734 947 1791 αἰτίαν
1028 1732 1087 1790 δὲ
1156 1741 1253 1792 τοῦ
1307 1737 1493 1814 τρίτου
1568 1739 1746 1816 φωτὸς
1805 1738 1975 1793 αἰτίαν

2077 590 2294 659 quibus,
2327 606 2449 660 quae
2495 589 2794 645 secundum
2824 589 3025 644 bonum
3075 590 3318 660 operatio
3363 598 3459 662 est,
3510 592 3724 647 nuliam

2078 677 2525 733 imminutionem
2570 681 2666 733 aut
2717 676 3163 732 immutationem
3211 675 3401 732 habet.
3451 678 3728 747 Quomodo

2076 765 2283 819 rationi
2328 773 2756 821 consentaneum
2782 766 2979 834 fuerit,
3006 764 3251 819 ordinem
3297 765 3596 821 secundum
3623 784 3729 822 nu-

2078 869 2293 909 merum
2314 856 2722 910 imminutionis
2745 854 3119 923 alicujus,aut
3147 854 3446 909 secundum
3459 859 3730 910 naturam

2080 944 2480 999 immutationis
2500 945 2729 1012 signum
2758 958 2870 998 esse
2897 943 3731 1015 existimareQuemadmodum

2079 1032 2130 1086 si
2158 1034 2277 1103 quis
2294 1034 2353 1087 in
2372 1033 2550 1088 tribus
2568 1032 2921 1104 lampadibus
2936 1031 3276 1086 subdivisam
3294 1034 3581 1102 ﬂammam
3602 1050 3729 1089 con-

2080 1121 2314 1191 spiciens
2369 1124 2612 1189 (causam
2677 1137 2800 1175 vero
2866 1122 3022 1175 tertii
3076 1121 3308 1176 luminis
3361 1137 3734 1194 supponamus

2082 1224 2198 1264 esse
2220 1210 2470 1280 primam
2518 1211 2801 1279 ﬂammam
2835 1224 2907 1264 ea:
2947 1210 3445 1266 communicatione
3467 1226 3594 1265 cum
3621 1226 3734 1267 me-

2083 1297 2172 1352 dio
2204 1306 2513 1353 extremum
2541 1300 3029 1368 inﬂammantem),
3057 1299 3405 1368 postmodum
3455 1303 3737 1356 astrueret

2084 1402 2144 1440 in
2197 1388 2385 1457 prima
2440 1388 2666 1457 ﬂamma
2721 1387 3012 1442 abundare
3065 1387 3346 1455 calorem;
3406 1405 3525 1444 eam
3580 1404 3732 1456 vero,

2086 1491 2203 1546 quae
2249 1476 2614 1547 subsequitur,
2666 1477 2957 1531 immutari
3010 1478 3061 1531 et
3101 1476 3361 1547 paulatin
3428 1478 3736 1539 imminui;

2086 1565 2308 1619 tertiam
2352 1580 2452 1619 nec
2505 1566 2686 1635 ignem
2740 1564 2983 1631 amplius
3033 1566 3360 1619 censendum
3414 1580 3547 1632 esse,
3609 1566 3736 1621 licet

2085 1668 2240 1724 aqua
2284 1653 2505 1708 ratione
2550 1651 2768 1722 adurat,
2819 1658 2872 1707 et
2914 1652 3194 1723 splendeat
3237 1654 3525 1723 omniaque
3591 1654 3737 1723 ignis

2087 1746 2362 1813 operetur.
2419 1741 2644 1797 Rursus
2700 1741 2826 1812 ipse
2882 1741 2942 1794 in
2994 1740 3182 1810 primo
3236 1740 3740 1797 Antirrheticorum

326 1824 658 1898 ὁποθώμεθα
735 1824 869 1880 εἶναι
942 1826 1043 1895 τήν
1122 1825 1346 1902 πρώτην
1424 1825 1601 1904 φλόγα
1676 1826 1735 1882 ἐκ
1795 1824 1977 1881 διαδό-

529 1910 554 1930 δ
590 1913 605 1930 ε
733 1917 761 1928 η
891 1914 901 1930 .
1122 1915 1136 1930 κ
1208 1914 1230 1930 ν
1438 1913 1548 1930 ηι.
1702 1918 1713 1930 .
1800 1912 1823 1930 ,ι

2096 1829 2212 1884 haec
2264 1830 2382 1884 ait:
2418 1830 2535 1885 Non
2591 1832 2796 1899 oportet
2852 1829 3095 1897 imagini
3148 1830 3440 1885 servientes
3492 1830 3742 1900 praebere

327 1933 465 1974 σεως
524 1910 615 1967 διὰ
666 1917 765 1967 τοῦ
843 1914 1008 1986 μέσου
1081 1915 1145 1968 τὸ
1203 1914 1364 1988 ἄκρον
1435 1913 1738 1989 ἐξάψασαν),
1798 1912 1982 1971 ἔπειτα

2096 1918 2584 1972 calumniatoribus
2611 1933 2806 1971 ansam
2834 1919 2894 1970 in
2925 1916 3168 1988 exempli
3196 1918 3595 1972 imbecillitate.
3621 1923 3741 1974 Non

326 2002 706 2069 κατασκενάζει
761 1999 1077 2071 πλεονάζειν
1154 2001 1207 2056 ἐν
1265 2007 1333 2076 τῇ
1411 2005 1601 2079 πρώτῃ
1658 2003 1821 2081 φλογὶ
1879 2005 1978 2073 τὴν

329 2089 625 2167 θερμασίαν
660 2136 674 2161 ,
732 2094 801 2165 τῇ
876 2087 924 2144 δ’
996 2089 1184 2168 ἑφεξῆς
1246 2086 1641 2162 ὑποϐεϐηκὲναι
1700 2095 1790 2147 καὶ
1847 2095 1981 2168 πρὸς

327 2179 393 2233 τὸ
450 2175 675 2233 ἔλαττον
750 2176 897 2254 ἔχειν
956 2180 1055 2248 τήν
1112 2178 1476 2255 παραλλαγὴν
1512 2223 1527 2249 ,
1596 2182 1696 2250 τήν
1756 2180 1812 2236 δὲ
1867 2182 1980 2257 τρί-

326 2288 454 2337 την,
517 2264 658 2339 μηδὲ
714 2271 822 2343 πῦρ
878 2265 956 2322 ’ἐτι
1015 2266 1369 2343 λογίζεσθαι,
1427 2268 1523 2323 κᾶν
1582 2269 1983 2344 παραπλησίως

328 2354 459 2429 καίῃ
512 2355 602 2409 καὶ
661 2354 818 2433 φαίνῃ
849 2398 864 2424 ,
920 2356 1011 2410 καὶ
1086 2356 1255 2411 πάντα
1319 2358 1385 2411 τὰ
1438 2362 1536 2412 τοῦ
1593 2360 1764 2436 πυρὸς
1824 2359 1982 2435 ἐργά-

336 2449 516 2514 ζηται.
575 2443 753 2500 Πάλιν
812 2445 840 2497 ὁ
896 2444 1056 2507 αὐτὸς
1087 2444 1138 2500 ἐν
1168 2449 1247 2517 τῷ
1292 2447 1496 2521 πρώτῳ
1540 2451 1647 2501 τῶν
1697 2447 1982 2525 Ἀντιῤῥη-

330 2537 499 2587 τικῶν
572 2529 702 2588 τάδε
775 2532 958 2611 φησί’
1017 2533 1127 2589 Οὐκ
1199 2534 1406 2610 ἀνάγκη
1482 2536 1623 2610 πάσῃ
1678 2540 1747 2610 τῇ
1817 2537 1984 2592 εἰκόνι

336 2619 698 2684 δουλεύοντας
780 2619 962 2678 δοῦναι
1036 2629 1155 2686 τοῖς
1232 2622 1588 2702 συκοφάνταις
1674 2621 1851 2695 λαϐὴν
1932 2626 1983 2681 ἐν

333 2712 404 2783 τῇ
486 2713 586 2764 τοῦ
661 2706 1062 2786 ὑποδείγματος
1138 2711 1357 2783 ἀτονία.
1435 2712 1574 2788 Οὐχὶ
1659 2713 1855 2769 ἀπτῖνα
1934 2715 1986 2786 ἐξ

332 2795 502 2868 ἡλίου
576 2800 848 2871 νοήσομεν
878 2841 893 2868 ,
953 2797 1081 2855 ἀλλ’
1142 2799 1193 2870 ἐξ
1259 2802 1550 2877 ἁγεννήτου
1609 2800 1801 2858 Ἡλίου
1859 2801 1927 2858 ἄλ
1961 2837 1988 2847 -

334 2885 432 2941 λον
488 2885 683 2942 ’Ἠλιον
742 2887 834 2942 τὸν
886 2887 1006 2942 nov
1068 2889 1208 2961 ὁμοῦ
1263 2893 1331 2963 τῇ
1381 2894 1478 2945 τοῦ
1525 2891 1744 2967 πρώτου
1781 2891 1990 2965 ἐπινοίᾳ

331 2979 606 3050 γεηητῶς
666 2974 813 3048 αὖτῷ
890 2976 1340 3050 συνεκλάμποντα
1372 3024 1387 3050 ,
1445 2979 1536 3034 καὶ
1612 2981 1748 3035 κατά
1822 2981 1992 3037 πάντα

333 3062 595 3125 ὡσαύτως
670 3062 869 3140 ἔχοντα
942 3062 1139 3120 κάλλει
1187 3111 1205 3135 ,
1265 3064 1536 3141 δυνάμει,
1589 3068 1678 3123 καὶ
1738 3066 1930 3143 λαμπη
1966 3103 1988 3112 -

337 3148 477 3223 δόνι,
542 3150 777 3226 μεγέθει,
838 3148 1201 3229 φαιδρότητι,
1260 3155 1350 3209 καὶ
1407 3161 1565 3210 πᾶσιν
1627 3155 1816 3220 ἁπλῶς
1874 3163 1990 3220 τοῖς

335 3238 463 3313 περί
518 3241 610 3294 τὸν
668 3239 831 3310 ἥλιον
888 3242 1283 3318 θεωρουμένοις
1317 3285 1329 3299 .
1390 3245 1489 3299 Καὶ
1545 3243 1709 3300 πάλιν
1741 3290 1759 3314 ,
1819 3249 1989 3301 ’Έτε-

342 3349 438 3405 ρον
508 3333 758 3384 τοιοῦτον
835 3334 952 3409 φῶς
1022 3330 1085 3385 τὸ
1157 3336 1379 3406 Πνεῦμα
1452 3335 1588 3389 κατᾶ
1662 3335 1755 3389 τὸν
1828 3334 1986 3391 αὐτὸν

339 3416 543 3493 τρόπον
627 3417 690 3472 οὐ
759 3423 1001 3495 χρονικῷ
1074 3441 1175 3474 τινι
1234 3418 1560 3496 διαστήματι
1632 3428 1728 3478 τοῦ
1796 3445 1989 3499 γεννη-

342 3511 444 3562 τοῦ
501 3507 681 3585 φωτὸς
748 3506 1188 3581 ἀποτεμνόμενον
1222 3556 1239 3583 ,
1299 3510 1445 3566 ἀλλὰ
1518 3510 1589 3566 δι’
1662 3511 1825 3568 αὐτοῦ
1901 3514 1993 3588 μὲν

346 3592 629 3669 ἐκλάμπον
657 3640 672 3667 ,
730 3598 830 3665 τὴν
910 3592 969 3651 δὲ
1042 3603 1145 3667 τῆς
1218 3597 1558 3663 ὑποστάσεως
1632 3602 1804 3657 αἰτίαν
1862 3601 1989 3680 ἕχον

346 3682 408 3738 ἐκ
489 3688 588 3739 τοῦ
667 3685 1030 3762 πρωτοτύπου
1072 3727 1084 3740 .
1169 3686 1553 3760 Ἐκλάμποντα
1638 3688 1821 3766 εἷ’ρηκε
1898 3694 1989 3747 τὸν

343 3772 467 3827 Υἱὸν
503 3770 833 3847 ,ἐκλάμπον
900 3770 1085 3850 εἷ’ρηκε
1135 3776 1224 3830 καὶ
1282 3777 1344 3831 τὸ
1399 3782 1624 3852 Πνεῦμα
1672 3780 1734 3834 τὸ
1790 3780 1937 3857 ἅγιον
1975 3801 1988 3815 ·

339 3857 431 3916 διὰ
457 3866 557 3916 τοῦ
605 3860 902 3935 ἐκλάμπειν
955 3860 1203 3934 ἐδήλωσε
1253 3866 1352 3935 τήν
1417 3865 1637 3942 ὕπαρξιν
1695 3874 1792 3923 τοῦ
1846 3872 1993 3940 Γὶοῦ,

338 3946 430 4004 διὰ
484 3955 585 4004 τοῦ
642 3948 941 4024 ἐκλάμπειν
993 3950 1242 4024 ἐδήλωσε
1271 3954 1489 4024 καίτὴν
1547 3961 1644 4011 τοῦ
1678 3958 1995 4032 Πνεύματος

333 4038 583 4116 ὕπαρξιν,
613 4041 677 4094 τὸ
705 4039 925 4114 ἀπαθὲς,
976 4041 1066 4096 καὶ
1115 4039 1374 4118 ἄχρονον,
1426 4051 1528 4114 τῆς
1574 4050 1671 4100 τοῦ
1722 4048 1845 4104 Υἱοῦ
1882 4070 1998 4125 γεν-

331 4129 569 4200 νήσεως,
618 4129 710 4183 καὶ
757 4131 855 4198 τῆς
900 4134 997 4185 τοῦ
1042 4130 1357 4204 ΙῙνεόματος
1415 4131 1786 4211 ἐκπορεύσεως
1818 4158 1998 4211 σημη-

327 4220 563 4289 νάμενος
623 4214 692 4271 δι’
757 4217 1068 4290 οἰκειότητα
1148 4218 1417 4293 ὀνόματος
1471 4228 1587 4287 τοῖς
1661 4225 1996 4302 πράγμασιν,

330 4304 416 4367 οἷς
465 4305 743 4393 ἐχρησατο
797 4311 878 4379 τῷ
922 4305 1086 4393 ,ἡλίῳ
1142 4308 1232 4363 καθ
1288 4314 1368 4382 τῷ
1426 4311 1587 4388 φωτί¹
1650 4334 1999 4393 προσμαρτυ-

332 4395 520 4490 ρήσας.
565 4390 626 4490 δέ
685 4414 749 4490 γε
913 4392 1012 4490 διὰ.
1029 4401 1127 4451 τοῦ
1160 4403 1422 4490 γεννητοῦ
1450 4400 1632 4477 φωτὸς
1668 4390 2002 4490 ἐκλάμποντι

329 4481 433 4550 τὴν
464 4479 640 4537 αἲτίαν
671 4485 767 4552 τῆς
813 4483 1155 4547 ὑποστάσεως
1216 4483 1274 4540 ἐκ
1330 4491 1429 4541 τοῦ
1495 4489 1855 4563 πρωτοτύπου
1886 4479 2000 4572 (pm:

2088 2007 2309 2062 radium
2338 2023 2407 2060 ex
2429 2008 2543 2061 sole
2562 2005 3042 2075 intelligimus,sed
3061 2022 3128 2061 ea:
3156 2007 3401 2076 ingenito
3424 2006 3544 2061 Sole
3567 2007 3742 2061 alium

2090 2095 2291 2161 Solem,
2322 2095 2526 2150 Filium
2572 2096 2780 2150 scilicet
2806 2095 2971 2149 simul
3000 2110 3123 2148 cum
3150 2095 3327 2166 primi
3368 2095 3739 2150 intellectione

2087 2200 2190 2255 per
2215 2186 2619 2255 generationem
2648 2200 2760 2238 una
2788 2200 2910 2238 cum
2940 2185 3054 2253 ipso
3083 2183 3743 2255 eﬂulgentem,eidemque

2087 2288 2189 2345 per
2216 2275 2407 2327 omnia
2436 2274 2702 2345 aequalem
2728 2271 3156 2343 pulchritudine,
3184 2273 3403 2338 virtute,
3433 2271 3741 2343 splendore,

2091 2361 2490 2431 magnitudine,
2522 2361 2862 2427 clarztate,et
2892 2375 3002 2414 uno
3034 2362 3195 2415 verba
3222 2361 3606 2430 omnibus,qua
3633 2360 3743 2415 soli

2094 2451 2271 2505 inesse
2301 2453 2695 2504 cernuntur.Et
2723 2465 2930 2503 rursus
2956 2464 2970 2503 :
2995 2448 3159 2503 Aliud
3188 2448 3372 2503 simile
3403 2447 3588 2503 lumen
3621 2448 3744 2520 Spi-

2094 2539 2267 2593 ritum
2296 2538 2479 2594 eodem
2524 2538 2701 2605 modo,
2728 2553 2839 2592 non
2869 2539 3129 2608 temporis
3156 2537 3345 2608 aliquo
3388 2538 3682 2592 intervallo
3712 2554 3746 2592 a

2093 2630 2274 2699 genito
2330 2628 2542 2682 lumine
2592 2627 2884 2681 dissectum
2902 2642 2922 2686 ;
2961 2624 3052 2680 sed
3094 2640 3196 2695 per
3238 2625 3383 2679 illud
3438 2625 3744 2696 splendens,

2097 2734 2161 2772 ac
2191 2717 2543 2789 ht/postaseos
2569 2732 2799 2771 causam
2823 2715 3027 2770 habens
3044 2730 3113 2769 ea:
3137 2714 3317 2785 primo
3339 2713 3537 2783 illo,ac
3564 2730 3744 2769 exem-

2095 2806 2245 2878 plari
2269 2802 2895 2876 lumine.Eﬂ'ulgentem
2924 2802 3068 2857 dixit
3098 2801 3741 2874 Filium,splendentem

2098 2895 2242 2949 dixit
2272 2900 2330 2949 et
2357 2893 2640 2965 Spiritum
2673 2896 3072 2962 sanctum,per
3101 2891 3470 2962 splendorem
3501 2892 3748 2946 existen-

2099 2985 2239 3038 tiam
2290 2982 2441 3048 Filii,
2475 2999 2577 3053 per
2606 2978 2974 3053 splendorem
3023 2978 3278 3051 Spiritus
3308 2995 3543 3051 quoque
3594 2980 3745 3035 exsi-

2100 3071 2375 3128 stentiam
2427 3069 2852 3136 manifestavit;
2898 3067 3045 3123 nulli
3094 3067 3354 3139 passioni
3410 3067 3746 3134 obnoxiam,

2103 3161 2249 3215 nulli
2298 3160 2546 3231 tempori
2594 3160 2996 3229 subjacentem
3028 3155 3155 3212 Filii
3203 3157 3658 3229 generationem,
3692 3160 3753 3212 et

2106 3249 2358 3320 Spiritus
2407 3247 2838 3321 processionem
2886 3245 3154 3300 indicans
3187 3260 3288 3316 per
3318 3260 3531 3299 nomen
3580 3245 3755 3300 rebus

2100 3337 2276 3394 afﬁne
2329 3338 2482 3406 solis,
2542 3340 2600 3392 et
2655 3333 3188 3404 luminis,.quibus
3244 3349 3389 3387 usus
3445 3335 3536 3387 est
3582 3348 3596 3387 :
3647 3348 3754 3387 suo

2101 3424 2448 3481 testimonio
2498 3422 2936 3490 constabiliens,
2985 3421 3147 3476 illius
3196 3420 3296 3492 qui
3341 3436 3445 3492 per
3489 3420 3753 3493 genitum

2036 3565 2039 3569 ,
2100 3532 2302 3600 lumen
2348 3513 2636 3586 splendet,
2687 3528 2926 3567 causam
2956 3511 3289 3582 hypostasis
3321 3525 3402 3600 ex
3450 3513 3753 3600 prototypo

2102 3596 2352 3673 iumine,
2386 3619 2529 3674 pure
2569 3600 2856 3673 planeque
2885 3596 3384 3668 commonstravit,
3417 3613 3519 3669 per
3546 3596 3759 3653 Filium

2106 3708 2237 3747 esse
2269 3691 2549 3762 Spiritum
2582 3706 2649 3744 ex
2679 3688 2858 3743 Patre.
2896 3687 3013 3742 Hoc
3042 3686 3198 3741 idem
3228 3684 3559 3757 exemplum
3591 3700 3761 3742 usur-

2106 3785 2207 3853 pat
2239 3782 2309 3835 de
2338 3779 2549 3834 iisdem
2598 3777 2764 3832 Pater
2794 3776 3043 3847 hujusce
3074 3775 3417 3845 nominis,et
3445 3774 3540 3830 cui
3571 3775 3764 3831 Theo-

2102 3886 2230 3943 logo
2262 3884 2589 3941 cognomen
2639 3871 2750 3934 est,
2781 3864 2840 3919 in
2876 3865 2968 3919 his
3016 3881 3143 3935 quae
3174 3864 3245 3918 de
3275 3862 3494 3935 Spiritu
3544 3864 3713 3918 docet
3744 3880 3759 3920 :

2102 3960 2357 4015 Indivisa
2403 3959 2571 4024 enim,
2603 3954 2704 4019 ait,
2737 3957 2795 4010 in
2846 3954 3143 4023 distinctis,
3175 3955 3228 4007 si
3249 3954 3481 4008 breviter
3524 3968 3623 4008 nos
3659 3969 3758 4008 ex-

2100 4048 2289 4121 pedire
2335 4047 2603 4102 volumus.
2656 4045 2859 4113 Deitas,
2911 4047 2962 4099 et
3009 4043 3185 4097 veluti
3239 4043 3300 4096 in
3331 4043 3506 4096 tribus
3553 4041 3754 4097 solibus

2106 4139 2214 4193 sibi
2243 4138 2474 4192 invicem
2502 4134 2901 4191 cohaerentibus
2931 4134 3024 4188 est.
3059 4135 3186 4186 Una
3212 4135 3300 4185 est
3330 4130 3574 4186 luminis
3604 4146 3761 4186 com-

2109 4226 2521 4299 paratio;non
2579 4223 2744 4287 dixit,
2805 4238 2866 4277 se
2926 4225 3130 4276 mutuo
3189 4220 3587 4290 tangentibus,
3647 4219 3749 4274 sed

2109 4313 2532 4371 cohaerentibus
2565 4331 2578 4368 :
2612 4312 2721 4367 bac
2751 4311 2903 4367 enim
2936 4309 3159 4365 ratione
3190 4307 3342 4363 soles
3390 4307 3671 4362 haberent
3697 4312 3757 4363 et

2110 4421 2259 4473 esse,
2292 4408 2349 4459 et
2393 4402 2767 4468 illuminare;
2801 4400 2893 4455 hic
2937 4398 3173 4470 quidem
3222 4394 3640 4467 principaliter,
3669 4394 3756 4450 illi

2112 4494 2239 4550 sine
2294 4497 2556 4563 tempore
2612 4506 2680 4545 ex
2736 4486 3077 4560 principio;
3134 4502 3246 4539 non
3305 4483 3568 4555 inquam,
3628 4487 3760 4555 post

338 4570 457 4638 τὸς,
503 4568 751 4641 ἐδήλωσε
798 4576 1048 4649 καθαρῶς
1096 4574 1187 4628 καὶ
1240 4574 1573 4653 εἰλικρινῶς,
1625 4578 1827 4635 ὅτιδι⁹
1876 4568 1998 4637 Ϋὶοῦ

2108 4581 2461 4654 principium
2508 4579 2744 4635 omnino
2772 4595 2787 4640 ;
2818 4582 2876 4632 et
2907 4593 3060 4631 unus
3093 4574 3327 4646 quidem
3361 4589 3429 4627 ex
3470 4571 3615 4644 ipsis
3646 4571 3757 4626 im-

345 4657 411 4711 τὸ
440 4658 667 4732 Πνεῦμα
695 4659 840 4735 παρὰ
888 4659 1115 4737 Πατρός.
1174 4662 1418 4736 Τοιούτῳ
1474 4672 1673 4741 χρᾶται
1727 4672 1808 4741 τῷ
1862 4670 1993 4725 ὑπο-

348 4741 599 4820 δείγματι
657 4748 784 4824 περὶ
836 4752 943 4803 τῶν
1002 4748 1196 4822 αὐτῶν,
1246 4766 1337 4806 και
1393 4751 1610 4808 ὁτοῦδε
1656 4759 1753 4810 τοῦ
1784 4760 1994 4834 Πατρὸς

348 4833 647 4909 ὁμώνυμος
693 4835 783 4890 καὶ
828 4843 930 4906 τῆς
981 4835 1267 4912 θεολογίας
1314 4837 1620 4914 ἐπώνυμος,
1657 4841 1708 4896 ἐν
1754 4845 1836 4907 οῖς
1871 4833 1992 4922 δογ-

350 4921 561 4997 μρτίζει
640 4924 763 4998 περί
832 4929 931 4979 τοῦ
986 4925 1348 5000 Πνεύματος.
1438 4929 1760 5006 Ἀμέριστος
1840 4921 1992 5011 γὰρ,

344 5010 509 5087 φησὶν
544 5058 560 5085 ,
623 5012 676 5068 ἐν
734 5013 1009 5089 μερίστοῖς
1043 5058 1058 5084 ,
1113 5015 1159 5070 εἰ
1214 5012 1296 5071 δεῖ
1351 5017 1633 5091 συντόμως
1686 5019 1853 5076 εἰπεῖν
1888 5010 1923 5097 ,⁷
1956 5027 1991 5094 ἡ

2105 4671 2353 4727 mediate
2402 4685 2471 4724 ex
2518 4666 2825 4740 principio,
2858 4665 3011 4720 alius
3045 4681 3145 4735 per
3195 4663 3451 4717 medium
3503 4661 3575 4716 ab
3627 4661 3757 4733 ipso

2105 4758 2411 4832 principio.
2466 4757 2530 4812 Et
2584 4756 2693 4810 bac
2751 4752 2973 4808 ratione
3031 4766 3348 4823 possumus
3407 4748 3754 4820 intelligere,

2106 4850 2257 4920 quod
2319 4846 2543 4902 solibus
2599 4848 2911 4916 cognatum
2971 4846 3080 4907 est,
3138 4844 3195 4894 et
3251 4837 3595 4892 inﬁnitum:
3649 4836 3756 4891 hoc

2105 4937 2278 4992 modo
2305 4935 2485 4990 trium
2536 4932 2900 4987 inﬁnitorum
2944 4928 3174 4984 infinita
3224 4926 3491 4999 cognatio
3522 4925 3755 4997 conspi-

2104 5029 2314 5083 cietur.

346 5098 589 5173 θεότης,
647 5101 737 5156 καὶ
794 5103 909 5157 οἷον
967 5101 1019 5157 ἐν
1074 5102 1258 5173 ὴλίοις
1311 5107 1483 5181 τρισὶν
1560 5107 1844 5184 ἐχομὲνοις
1905 5111 2169 5187 ἀλλήλων
2208 5158 2219 5171 .
2276 5112 2386 5168 Μία
2441 5115 2536 5165 τοῦ
2597 5107 2775 5186 φωτὸς
2832 5106 3106 5182 σύγκρισις
3143 5123 3154 5135 ·
3216 5102 3315 5157 οὐκ
3371 5102 3534 5173 εἶπεν,
3593 5102 3757 5156 ἀπτο-

348 5184 534 5258 μένοις
581 5187 710 5245 ἀλλ’
750 5188 1070 5278 ἐχομένοις.
1117 5191 1272 5248 Οὕτω
1322 5189 1370 5247 δ’
1400 5192 1459 5248 ἂν
1492 5191 1672 5271 ἔχοιεν
1703 5198 1755 5251 οἱ
1804 5198 1959 5268 ἣλιοι
2004 5184 2066 5258 τὸ
2116 5203 2248 5258 εἶναι
2292 5203 2380 5257 καὶ
2433 5184 2658 5278 φαίνειν,
2692 5197 2720 5250 ὁ
2754 5196 2847 5269 μὲν
2899 5195 3166 5270 ἀρχικῶς,
3218 5192 3269 5246 οἱ
3320 5188 3367 5245 δ’
3413 5190 3665 5266 ἀχρόνως
3698 5189 3759 5245 ἐκ

340 5281 445 5364 τῆς
476 5278 676 5353 ἀρχῆς
711 5275 775 5334 οῦ
805 5302 951 5359 φημι
985 5280 1118 5353 μετᾶ
1145 5283 1246 5351 τήν
1279 5282 1462 5357 ἀρχὴν
1490 5282 1766 5358 οὐδαμῶςο
1800 5289 1891 5344 καὶ
1923 5292 1951 5345 ὁ
1986 5293 2080 5364 μὲν
2113 5292 2285 5347 αὐτῶν
2320 5275 2535 5364 ἀμέσως
2564 5287 2624 5341 ἐκ
2649 5293 2751 5355 τῆς
2785 5286 2984 5361 ἀρχῆς,
3017 5284 3045 5337 ὁ
3078 5282 3135 5337 δὲ
3182 5278 3270 5336 διὰ
3297 5284 3394 5335 τοῦ
3426 5280 3590 5354 μέσου
3628 5280 3757 5353 παρ’

343 5360 513 5432 αὐτῆς
542 5372 643 5454 τῆς
674 5367 871 5443 ἀρχῆς,
905 5367 1090 5433 Οὕτως
1117 5364 1258 5424 ἔστιν
1302 5368 1550 5440 ἐννοῆσαι
1602 5374 1664 5428 τὸ
1715 5379 1953 5454 συμφυὲς
1987 5360 2115 5442 ⁷τοῖς
2168 5360 2368 5450 ἡλίοιςί
2402 5377 2492 5432 καὶ
2542 5374 2760 5451 ἀπειρόν
2797 5360 2985 5427 ὀὕτω
3032 5375 3198 5448 τριῶν
3248 5368 3482 5445 ἀπείρων
3534 5369 3755 5444 ἄπειρος

350 5451 595 5530 συμφυΐα
624 5459 1052 5532 θεωρηθήσεται.

421 5538 502 5595 ιδ’.
538 5542 628 5631 Μὴ
676 5545 777 5620 γὰρ
824 5543 915 5601 διὰ
955 5550 1053 5601 τοῦ
1100 5544 1278 5623 Λόγου
1324 5548 1470 5624 παρὰ
1509 5554 1606 5629 τοῦ
1658 5555 1865 5631 Πατρὸς
1914 5556 1997 5612 ἐκ·

341 5630 719 5709 πορευομένου
759 5637 857 5692 τοῦ
905 5634 1247 5714 Πνεύματος,
1300 5636 1460 5716 μέσος
1510 5636 1568 5696 ἂν
1602 5636 1685 5713 εἴη
1719 5642 1748 5699 ὁ
1777 5646 1992 5728 Ιιατήρ,

2178 5562 2264 5614 it.
2316 5559 2461 5613 Nam
2509 5557 2560 5612 si
2612 5572 2711 5628 per
2761 5554 3019 5610 Verbum
3053 5552 3283 5609 aPatre
3335 5566 3448 5606 non
3496 5546 3759 5621 procedit

2105 5648 2380 5725 Spiritus,
2414 5645 2644 5705 medius
2692 5644 2860 5702 Pater
2887 5643 3019 5713 erit,
3070 5645 3316 5715 utraque
3366 5654 3437 5698 ex
3483 5640 3645 5714 parte
3675 5637 3756 5703 fe-
