4110 6430
429 426 547 493 583

1681 414 2104 483 NICEPHORI
2150 410 2588 480 BLEMMIDA'I

3716 413 3841 483 584

425 579 560 619 rens
606 557 860 615 Verbum
891 559 948 612 et
989 552 1291 627 Spiritum.
1326 554 1390 609 In
1442 554 1709 609 confesso
1757 567 1928 625 porro
1953 555 2065 615 est,

2183 549 2309 624 παρ’
2367 548 2590 624 ἑκάτερα
2647 550 2825 628 φέρων
2881 549 3059 624 Λόγον
3088 551 3179 606 καὶ
3236 555 3478 626 Πνεῦμα.
3528 550 3844 626 Ὡμολόγη’

428 666 557 708 esse
604 644 955 723 principium
986 662 1000 712 ;
1036 648 1093 699 et
1121 642 1171 698 si
1201 646 1485 714 tanquam
1517 658 1552 697 a
1581 640 1865 713 principio
1910 643 2079 694 Patre

426 738 685 794 Verbum
734 739 793 790 et
820 733 1093 806 Spiritus,
1125 737 1183 787 et
1235 747 1350 787 non
1381 730 1532 786 alius
1564 745 1665 802 per
1707 727 1909 793 alium,
1944 726 2076 782 Dei—

429 827 570 884 tatis
620 822 829 879 divisio
857 818 1270 888 introducitur,
1303 824 1689 892 praterquam
1741 817 1894 888 quod
1934 814 2078 868 Ver-

428 917 574 972 bum
605 917 663 969 et
713 911 969 983 Spiritus
1000 909 1072 963 ab
1104 907 1351 963 invicem
1385 924 1497 962 non
1551 906 2074 976 distinguorentur.

430 1001 734 1069 Quomodo
780 999 935 1056 enim
968 1013 1154 1052 unum
1202 1000 1355 1052 esset
1384 994 1604 1050 Triae?
1634 994 1704 1048 Et
1755 992 1803 1045 si
1855 992 1908 1045 id
1961 1006 2077 1043 non

425 1091 626 1158 fuerit,
669 1087 962 1161 quomodo
1011 1082 1565 1155 incircumscripta?
1595 1084 1854 1147 Quonam
1906 1079 2079 1133 modo

428 1197 565 1237 cum
595 1178 739 1236 Filio
767 1174 1044 1247 Spiritus,
1077 1172 1575 1244 quemodmodum
1609 1169 1784 1225 Filius
1815 1184 1946 1223 cum
1980 1165 2081 1220 Pa-

421 1274 512 1327 tre
542 1266 864 1325 secundum
914 1263 1188 1319 eumdem
1242 1260 1604 1332 Theologum
1638 1275 1651 1312 :
1687 1258 1888 1313 Omnia
1924 1269 2077 1326 qua-

418 1372 632 1429 cunque
677 1357 841 1410 Pater
888 1351 1072 1419 habet,
1106 1355 1233 1405 sunt
1264 1349 1419 1417 Filii,
1450 1356 1651 1421 praeter
1697 1347 1932 1417 ingeniti
1980 1361 2075 1399 ra-

417 1448 686 1511 tionem;
743 1442 930 1497 omnia
983 1455 1105 1511 qua!
1162 1437 1321 1492 habet
1378 1436 1573 1503 Filius,
1625 1443 1751 1490 sunt
1813 1433 2074 1505 Spiritus,

332 1544 345 1551 “
414 1537 640 1604 excepta
685 1531 1037 1604 generatione
1076 1546 1100 1593 ,-
1142 1525 1536 1598 dedecebatque
1582 1522 1804 1579 omnino
1850 1521 2076 1589 deﬁcere

414 1621 713 1696 aliquando
762 1626 860 1675 aut
889 1618 1093 1672 Filium
1140 1617 1321 1680 Patri,
1352 1622 1451 1670 aut
1495 1612 1765 1685 Spiritum
1796 1612 1936 1666 Filio
1963 1626 1985 1671 ;
2019 1611 2075 1664 et

417 1729 592 1770 unam
638 1710 879 1782 gloriam
911 1706 1095 1761 Patris
1126 1704 1501 1772 agnoscimus,
1541 1702 1814 1774 aequalem
1861 1715 1985 1754 cum
2016 1712 2077 1753 eo

422 1800 701 1871 Unigeniti
728 1798 995 1853 honorem
1018 1810 1037 1849 .·
1066 1810 1241 1849 unam
1271 1793 1407 1847 Filii
1436 1801 1487 1848 et
1516 1790 1755 1861 Spiritus
1813 1790 2073 1857 gloriam.

414 1892 601 1962 Neque
653 1890 879 1943 sustinet
935 1884 1095 1940 Pater
1148 1883 1286 1937 Filio
1345 1882 1585 1953 privari,
1643 1895 1816 1951 neque
1888 1879 2068 1932 Filius

413 1980 627 2052 Spiritu
648 1981 836 2033 sancto
863 1995 882 2041 ,-
914 1977 971 2029 et
1016 1973 1339 2029 secundum
1396 1986 1677 2042 magnum
1729 1968 2011 2023 Basilium
2049 1984 2061 2020 :

415 2064 894 2140 Quemadmodum
920 2079 977 2117 se
1014 2060 1182 2117 habet
1230 2061 1409 2116 Filius
1437 2059 1515 2114 ad
1543 2064 1786 2124 Patrem,
1819 2059 1896 2111 ita
1944 2055 2066 2126 Spi-

414 2160 565 2213 ritus
617 2154 688 2210 ad
742 2153 951 2208 Filium
999 2150 1026 2204 Ἰ
1086 2154 1143 2204 et
1199 2148 1368 2221 plane
1424 2147 1743 2203 secundum
1804 2145 2068 2199 divinum

415 2244 799 2301 Athanasium
832 2259 844 2296 :
879 2238 1149 2294 Eamdem
1203 2238 1476 2292 unitatem
1504 2236 1660 2291 habet
1710 2236 1950 2306 Spiritus
1999 2232 2070 2288 ad

417 2334 643 2403 Filium,
676 2347 841 2403 quam
870 2328 1027 2383 habet
1057 2324 1230 2381 Filius
1259 2325 1329 2381 ad
1359 2326 1625 2381 Patrem?

494 2422 585 2477 15.
617 2420 763 2485 Quid
814 2433 985 2490 porro
1039 2414 1315 2487 impediet
1361 2412 1678 2485 aliquando
1726 2411 1908 2481 effari,
1942 2427 2069 2483 quae

422 2528 492 2566 ex
522 2509 709 2566 altera
754 2511 916 2580 parte
945 2503 1349 2577 respondent?
1380 2502 1610 2575 penitus
1664 2500 1831 2557 nihil.
1866 2500 1976 2555 Sed
2019 2501 2069 2556 si

422 2597 609 2654 Filius
654 2598 965 2669 generatur
993 2610 1028 2648 a
1057 2592 1243 2659 Patre,
1288 2590 1543 2663 Spiritus
1593 2607 1695 2663 per
1733 2588 1942 2644 Filium
1997 2589 2070 2643 ab

418 2688 621 2743 eodem
647 2686 815 2741 Patre
867 2681 1145 2755 procedit,
1180 2696 1349 2735 omne
1379 2679 1725 2744 absurdum,
1758 2684 1932 2748 atque
1960 2676 2069 2732 im-

419 2772 720 2848 probabile
749 2771 920 2844 longe
949 2770 1049 2825 fit:
1082 2783 1335 2836 namque
1366 2767 1698 2823 ostenditur
1726 2766 1880 2821 Deus
1911 2768 2067 2837 prin-

419 2862 657 2936 cipium,
691 2865 748 2917 et
793 2858 1072 2927 medium,
1108 2862 1165 2911 et
1213 2857 1366 2919 finis,
1401 2873 1503 2927 per
1552 2856 1832 2927 seipsum,
1869 2858 1926 2910 et
1971 2869 2073 2924 per

420 2969 488 3008 ea
516 2968 644 3024 qua
674 2967 743 3006 ex
773 2950 899 3021 ipso
932 2951 1071 3003 sunt
1094 2964 1107 3015 ;
1132 2949 1188 3001 et
1212 2945 1539 3000 necessario
1571 2943 1766 2999 Deitas
1797 2943 2065 2998 Trinitas.

422 3040 613 3096 Unum
666 3037 883 3094 etenim
915 3034 1177 3091 medium
1234 3032 1382 3088 ratio
1416 3032 1589 3097 novit,
1623 3032 1776 3103 quod
1810 3031 1857 3087 si
1904 3030 2071 3103 plura

423 3132 851 3202 supponantur,
905 3122 1164 3181 medium
1198 3121 1434 3177 omnino
1486 3119 1714 3175 nullum
1747 3120 1858 3175 erit
1889 3137 1901 3175 :
1936 3120 2068 3175 Pro-

411 3219 604 3288 pterea
659 3218 845 3270 unitas
904 3229 965 3268 ιη
1019 3210 1251 3283 dyadem
1309 3217 1455 3265 mota
1485 3211 1546 3263 in
1594 3207 1835 3264 Triadem
1893 3209 2067 3263 stetit.

413 3275 508 3360 Sic
556 3304 754 3375 itaque
786 3307 846 3358 et
891 3275 1246 3373 principium
1296 3296 1527 3369 prOprie
1578 3297 1970 3369 principium;
2012 3300 2071 3351 et
2099 3275 2142 3341 (ἶ

418 3409 544 3464 quas
576 3408 645 3448 ex
692 3390 1000 3463 principio,
1034 3392 1092 3443 et
1117 3388 1179 3442 in
1210 3386 1497 3458 principio
1540 3390 1733 3450 erunt,
1769 3385 1827 3440 in
1859 3386 2073 3456 seipsis

418 3496 717 3537 summam
768 3479 1069 3545 unionem,
1120 3491 1535 3545 summamque
1582 3473 2072 3529 consociationem

420 3569 531 3625 sibi
565 3573 622 3625 et
648 3568 802 3623 inter
827 3584 890 3623 se
920 3563 1294 3631 vindicantia,
1320 3568 1378 3619 et
1406 3563 1477 3617 ad
1511 3561 1861 3634 principium
1893 3578 2070 3616 unam

418 3655 536 3711 vim
583 3655 895 3711 indivisam
946 3652 1374 3727 praeseierentia
1408 3656 1581 3722 atque
1621 3650 1929 3706 inﬁnitam.
1964 3649 2072 3726 Ubi

420 3743 579 3800 enim
628 3744 888 3798 medium
917 3758 1049 3798 vere
1099 3740 1355 3796 medium
1387 3742 1496 3808 est,
1544 3738 1623 3793 ibi
1675 3743 1733 3793 et
1779 3754 1983 3804 unum,
2016 3750 2073 3798 et

423 3830 526 3886 ubi
558 3830 696 3886 unio
745 3834 855 3898 est,
888 3846 955 3886 ea
985 3828 1307 3884 secundum
1361 3826 1537 3881 unius
1568 3825 2070 3896 participationem

419 3919 687 3993 gignitur
741 3919 801 3974 in
859 3923 1087 3975 tantum
1160 3932 1435 3987 namque,
1499 3931 1628 3987 quae
1684 3915 1848 3969 unita
1907 3919 2066 3981 sunt,

419 4008 730 4076 uniuntur,
762 4007 820 4061 in
855 4012 1141 4080 quantum
1171 4021 1302 4059 vero
1333 4003 1511 4058 unius
1541 4002 1910 4074 participant.
1951 4001 2069 4058 Hoc

418 4100 476 4153 et
530 4096 750 4152 externi
806 4096 1166 4152 subobscure
1218 4091 1526 4165 imaginati
1584 4097 1740 4147 sunt.
1794 4091 1957 4147 Unde
2013 4082 2072 4146 οι

416 4184 532 4239 tria
581 4184 800 4251 omnia,
835 4188 891 4239 et
920 4188 1008 4238 ter
1056 4182 1272 4254 ubique
1317 4180 1641 4236 secundum
1674 4196 1967 4235 summam
2002 4195 2069 4235 ao

418 4276 687 4328 mutuam
739 4271 1145 4328 coberentiam
1194 4267 1702 4341 philosophantur.
1740 4268 1881 4322 llinc
1934 4267 2067 4322 inti-

414 4360 605 4417 nitum
635 4359 902 4417 nonnulli
934 4360 1043 4415 hoc
1075 4358 1414 4414 universum
1446 4361 1869 4423 asseverantes,
1902 4358 2067 4412 aber-

418 4450 973 4515 raruntaveritate,
1019 4464 1152 4503 cum
1200 4445 1425 4501 nullum
1477 4444 1874 4500 discernerent
1920 4444 2070 4500 inter

2186 655 2273 690 ται
2305 633 2362 692 δὲ
2415 637 2505 691 καὶ
2536 640 2571 707 ἡ
2601 637 2771 714 ἀρχὴ,
2804 638 2894 694 καὶ
2938 635 3087 715 εἷ’περ
3127 639 3202 701 ὡς
3255 638 3306 709 έξ
3354 639 3532 715 ἀρχῆς
3569 644 3669 695 τοῦ
3730 642 3840 698 Πα-

2185 725 2311 799 τρὸς
2370 725 2547 801 Λόγος
2603 727 2693 781 καὶ
2758 730 2999 800 Πνεῦμα,
3055 729 3131 801 μὴ
3181 727 3270 784 διὰ
3317 730 3541 802 θατέρου
3592 731 3836 805 θάτερον,

2188 809 2446 886 διαίρεσις
2498 813 2763 890 εἰσάγεται
2807 822 2909 885 τῆς
2958 814 3233 884 θεότητος.
3264 816 3453 887 Ἀπείη
3508 814 3566 871 δέ
3616 817 3709 871 καὶ
3750 816 3839 885 τὸ,

2188 898 2614 977 ἀντιδιῃρημένα
2671 904 2803 958 εἶναι
2866 903 3038 979 Λόγον
3092 904 3182 959 καὶ
3240 905 3490 977 Πνεῦμα.
3552 908 3677 967 Πῶς
3735 904 3838 981 γὰρ

2187 989 2306 1050 ἕνας
2335 991 2367 1041 ὗ
2403 990 2562 1066 Τριάς
2600 991 2705 1060 ;El
2757 993 2834 1064 μή
2883 996 3045 1047 τοῦτο
3095 989 3173 1062 δὲ,
3221 997 3339 1054 πῶς
3383 991 3839 1070 ἀπερίγραπτοςδ

2184 1078 2315 1132 Τίνα
2343 1075 2401 1133 δέ
2436 1079 2636 1154 τρόπον
2691 1081 2825 1153 μετά
2874 1085 2970 1135 τοῦ
3020 1082 3147 1136 Υἱοῦ
3189 1081 3252 1136 τὸ
3300 1084 3545 1154 Πνεῦμα,
3594 1083 3834 1157 καθάπερ

2187 1165 2215 1219 ὁ
2248 1166 2371 1228 Υἱὸς
2404 1168 2537 1240 μετά
2565 1172 2660 1222 τοῦ
2708 1168 2945 1242 Πατρὸς,
2994 1171 3129 1225 κατά
3168 1170 3259 1225 τὸν
3312 1169 3468 1225 αὐτὸν
3509 1170 3779 1247 Θεολόγον
3819 1191 3833 1241 ;

2188 1254 2370 1310 Πάντα
2424 1253 2523 1310 ὅσα
2570 1256 2599 1309 ὁ
2653 1258 2845 1332 Πατὴρ
2902 1262 2998 1311 τοῦ
3057 1258 3222 1331 Υἳοῦ,
3280 1257 3425 1327 πλὴν
3485 1259 3835 1333 ἀγεννησίας.

2186 1339 2368 1398 Πάντα
2423 1342 2523 1397 ὅσα
2572 1345 2600 1398 ὁ
2660 1345 2784 1406 Υἱὸς
2839 1349 2936 1399 τοῦ
2998 1346 3313 1419 Πνεύματος
3344 1392 3359 1418 ,
3418 1345 3564 1415 πλὴν
3622 1351 3779 1422 γεννή
3812 1380 3835 1390 -

2186 1450 2319 1492 σεως
2356 1451 2368 1463 ·
2446 1431 2535 1486 καὶ
2607 1432 2707 1488 οὐκ
2757 1431 2982 1509 ἔπρεπεν
3040 1431 3313 1490 ἐλλείπειν
3372 1435 3506 1491 ποτὶ
3542 1478 3556 1503 ,
3613 1436 3649 1506 ἢ
3711 1436 3833 1491 Πὸν

2187 1519 2378 1595 Πατρὶ,
2441 1522 2474 1589 ἢ
2536 1525 2756 1595 Πνεῦμα
2814 1523 2921 1595 ι’ἱῷ
2954 1568 2966 1580 .
3024 1523 3121 1578 Καὶ
3177 1522 3303 1597 μίαν
3366 1524 3460 1597 μὲν
3515 1521 3671 1595 δόξαν
3729 1528 3838 1583 Πα-

2182 1607 2312 1683 τρὸς
2383 1610 2718 1684 γινώσκομεν
2773 1657 2786 1682 ,
2861 1612 2958 1679 τὴν
3024 1611 3317 1685 ὁμοτιμίαν
3393 1617 3491 1668 τοῦ
3562 1619 3834 1689 Μονογε-

2184 1700 2332 1766 νοῦς,
2395 1697 2519 1770 μίαν
2580 1695 2636 1753 δὲ
2687 1700 2835 1771 Υἱοῦ,
2887 1701 2986 1769 τὴν
3033 1705 3132 1755 τοῦ
3183 1699 3521 1775 Πνεόματος.
3580 1703 3678 1756 Καὶ
3738 1700 3839 1757 οὐκ

2184 1783 2433 1860 ἀνέχεται
2498 1788 2683 1860 Ιῐατήρ
2742 1788 2864 1842 Υἳὸν
2933 1789 3302 1861 ζημιούμενος
3334 1833 3349 1857 ,
3408 1786 3534 1844 οὐδὲ
3595 1789 3719 1852 Υἱὸς
3775 1792 3839 1845 τὸ

2186 1875 2410 1947 Πνεῦμα
2463 1874 2526 1928 τὸ
2582 1877 2750 1951 ἅγιον,
2810 1876 2907 1931 Καὶ
2966 1882 3083 1938 πῶς
3125 1878 3261 1932 κατὰ
3303 1879 3395 1932 τὸν
3452 1877 3619 1954 μέγαν
3680 1877 3841 1935 Βασί-

2180 1959 2359 2019 λειον.
2418 1968 2505 2024 Ὡς
2565 1965 2593 2018 ὁ
2654 1964 2774 2025 Υἱὸς
2828 1966 2965 2037 πρὸς
3019 1966 3111 2020 τὸν
3167 1966 3380 2039 Πατέρα
3430 1962 3549 2040 ἔχει
3581 2010 3597 2035 ,
3656 1963 3832 2029 οὕτως

2176 2051 2237 2104 τὸ
2296 2055 2516 2123 Πνεῦμα
2568 2052 2707 2127 πρὸς
2762 2053 2855 2107 τὸν
2913 2053 3079 2121 Υἱὸν;
3127 2054 3217 2107 καὶ
3266 2055 3401 2109 κατά
3449 2055 3541 2109 τὸν
3597 2056 3668 2110 τά
3718 2058 3835 2111 θεῖα

2177 2136 2350 2192 πολὺν
2435 2141 2746 2195 Ἀθανάσιον
2781 2187 2797 2212 ,
2854 2142 2962 2210 Τὴν
3050 2141 3214 2210 αὐτὴν
3292 2142 3522 2213 ἑνότητα
3595 2141 3716 2219 ἔχει
3771 2146 3835 2200 τὸ

2178 2229 2399 2299 Πνεῦμα
2450 2228 2514 2282 τὸ
2570 2229 2719 2304 ἅγιον
2777 2230 2913 2305 πρὸς
2969 2230 3060 2285 τὸν
3115 2230 3259 2302 Υἱὸν,
3309 2230 3376 2300 ἢν
3431 2232 3460 2286 ὁ
3536 2230 3662 2293 Υἱὸς
3714 2230 3833 2309 ἔχει

2177 2316 2314 2391 πρὸς
2343 2315 2434 2369 τὸν
2452 2316 2667 2390 Πατέρα
2690 2339 2704 2370 ι

2253 2405 2330 2461 ιε’.
2361 2404 2421 2457 Τί
2453 2401 2627 2459 δὲκαὶ
2673 2405 2736 2460 τὸ
2793 2406 3045 2481 ἀπεῖργον
3096 2404 3346 2482 λέγεσθαί
3395 2429 3471 2478 πη
3533 2408 3721 2463 καὶτά
3750 2409 3835 2464 ἀν-

2177 2490 2483 2570 τίστροφας
2533 2494 2744 2555 πάντως
2803 2493 2974 2550 οὐθέν’
3033 2492 3181 2550 ἀλλά
3235 2500 3332 2550 τοῦ
3377 2497 3507 2550 Υἱοῦ
3554 2498 3831 2572 γεννωμέ-

2181 2602 2277 2635 νου
2308 2582 2453 2656 παρά
2499 2586 2596 2635 τοῦ
2648 2583 2882 2658 Πατρὸς,
2925 2587 3023 2638 τοῦ
3063 2580 3120 2638 δὲ
3172 2583 3488 2657 Πνεόματος
3538 2584 3833 2661 ἐκπορευο-

2185 2670 2348 2741 μένου
2379 2666 2448 2724 δι’
2481 2671 2608 2724 Υἱοῦ
2654 2673 2781 2746 παρ’
2828 2671 2993 2727 αὐτοῦ
3040 2677 3137 2727 τοῦ
3178 2673 3413 2748 Πατρὸς,
3462 2679 3566 2728 πᾶν
3607 2675 3831 2747 ἄτοπον,

2180 2764 2283 2812 πᾶν
2332 2757 2589 2813 ἀδύνατον
2639 2758 3001 2830 ἀπελήλαται.
3053 2760 3327 2816 Δείκνυται
3382 2763 3485 2838 γὰρ
3536 2763 3684 2839 ἀρχὴ
3736 2764 3829 2819 καὶ

2183 2845 2342 2919 μέσον
2398 2847 2487 2902 καὶ
2536 2845 2695 2909 τέλος
2744 2849 2771 2902 ὁ
2820 2849 2972 2921 Θεὸς,
3024 2846 3094 2904 δι’
3124 2852 3314 2905 ἑαυτοῦ
3344 2851 3435 2905 καὶ
3483 2855 3589 2906 τῶν
3639 2850 3690 2922 ἐξ
3731 2852 3831 2907 αὖ·

2180 2939 2295 3003 τοῦ,
2347 2935 2435 2990 καὶ
2485 2936 2789 3011 ἀναγκαίως
2835 2939 2869 3006 ἡ
2921 2937 3113 3008 θεότης
3164 2938 3345 3013 Τριάς.
3394 2940 3485 2993 Ἓν
3525 2940 3628 3015 γάρ
3663 2940 3828 3012 μέσον

2181 3021 2321 3078 οἶδεν
2356 3025 2384 3078 ὁ
2415 3022 2604 3100 λόγος’
2655 3024 2924 3079 πλειόνων
2980 3022 3027 3080 δ’
3083 3026 3520 3099 ὑποτιθεμένων,
3569 3025 3723 3083 οὖδὶν
3770 3030 3834 3084 τὸ

2185 3114 2345 3187 μέσον
2395 3109 2563 3175 ὅντως
2617 3111 2747 3170 ἐστί.
2810 3114 2907 3168 Διά
2963 3119 3126 3169 τοῦτο
3187 3115 3353 3187 μονάς
3409 3115 3487 3178 εἰς
3546 3113 3716 3172 δυάδα
3744 3138 3830 3172 κι-

2178 3203 2398 3272 νηθεῖσα
2455 3200 2620 3277 μέχρι
2674 3199 2902 3277 Τριάδος
2959 3200 3084 3273 ἔστη
3121 3245 3134 3259 .
3193 3203 3378 3266 Οὕτως
3456 3200 3549 3258 οὖν
3627 3205 3717 3260 καὶ
3793 3209 3829 3276 ἠ

2179 3290 2327 3367 ἀρχὴ
2379 3291 2582 3365 κυρίως
2643 3290 2812 3365 ἀρχὴ,
2844 3291 3031 3346 καὶτά
3080 3290 3139 3345 ἐκ
3195 3298 3295 3360 τῆς
3356 3291 3556 3368 ἀρχῆς,
3586 3290 3642 3348 ἐν
3671 3314 3733 3348 τε
3758 3298 3831 3368 τῇ

2181 3378 2328 3453 ἀρχῇ
2359 3378 2448 3432 καὶ
2498 3378 2549 3432 ἐν
2600 3375 2897 3449 ἀλλήλοις,
2946 3376 3109 3454 ἄκραν
3141 3379 3231 3434 καὶ
3277 3381 3377 3448 τήν
3407 3376 3623 3447 ἳνωσιν,
3662 3378 3835 3458 ἄκραν

2179 3469 2269 3522 καὶ
2320 3470 2419 3536 τήν
2466 3469 2735 3545 συμφυῒαν
2791 3466 3068 3542 αὐχοῦντα
3114 3468 3203 3523 καὶ
3253 3469 3389 3541 πρὸς
3442 3466 3687 3541 ἄλληλα,
3740 3470 3834 3525 καὶ

2180 3556 2314 3630 πρὸς
2356 3556 2455 3623 τήν
2517 3556 2716 3631 ἀρχὴν,
2768 3555 2824 3610 ἓν
2875 3556 3071 3631 κράτος
3104 3553 3407 3626 ἀδιαίρετον
3465 3563 3835 3634 παριστῶντα,

2179 3644 2269 3698 καὶ
2298 3641 2539 3720 ἄπειρον.
2572 3647 2744 3699 Ὅπου
2797 3646 2900 3719 γὰρ
2948 3646 3011 3699 τὸ
3065 3646 3227 3718 μέσον
3281 3641 3453 3708 ὅντως
3505 3647 3692 3718 μέσον,
3724 3646 3838 3703 ἐκεῖ

2179 3732 2361 3786 καὶτὸ
2393 3731 2467 3799 ἓν,
2520 3731 2610 3785 καὶ
2662 3730 2799 3786 ὅπου
2839 3730 3051 3805 ἔνωσις,
3096 3734 3232 3788 κατά
3275 3735 3374 3803 τήν
3413 3736 3655 3809 μετοχὴν
3686 3736 3830 3812 γίνε-

2178 3842 2263 3875 ται
2310 3825 2408 3876 τοῦ
2458 3817 2594 3883 ἐνός.
2654 3820 2798 3875 Κατά
2837 3826 3091 3876 τοσοῦτον
3146 3824 3247 3898 γὰρ
3299 3822 3537 3877 ἐνοῦνται
3573 3824 3643 3878 τὰ
3685 3825 3829 3895 ἠνω-

2183 3908 2334 3983 μένα,
2379 3909 2604 3964 καθόσον
2650 3910 2866 3985 μετέχει
2905 3915 3002 3965 τοῦ
3040 3909 3208 3974 ὅντως
3267 3911 3401 3973 ἑνός.
3443 3916 3613 3967 Τοῦτο
3649 3912 3740 3968 καὶ
3778 3914 3833 3968 oi

2177 3998 2399 4075 θύραθεν
2459 3994 2718 4071 ἀμυδρῶς
2773 3997 3186 4076 ἐφαντάσθησαν.
3231 4001 3381 4054 Ὅθεν
3441 4000 3531 4055 καὶ
3586 4001 3653 4055 τὰ
3704 4002 3833 4078 τρία

2176 4088 2345 4142 πάντα
2371 4133 2387 4160 ,
2430 4087 2520 4141 καὶ
2562 4087 2624 4142 τὸ
2662 4087 2780 4161 τρὶς
2848 4090 3022 4157 πάντη
3050 4133 3063 4159 ,
3107 4089 3245 4143 κατά
3285 4090 3383 4158 τήν
3442 4087 3607 4165 ἄκραν
3650 4087 3832 4162 ἀλλη-

2180 4175 2403 4252 λευχίαν
2462 4173 2861 4253 ἐφιλοσόφησαν
2890 4220 2901 4231 .
2962 4177 3228 4232 Ἐντεῦθεν
3298 4174 3519 4253 ἄπειρον
3586 4179 3835 4250 ὑπειλη-

2178 4265 2326 4342 φέναι
2371 4264 2509 4326 τινῗες
2566 4264 2628 4319 τὸ
2685 4270 2788 4318 πᾶν
2854 4264 3273 4338 ἐπλανήθησαν,
3322 4267 3398 4339 μὴ
3461 4263 3830 4341 διακρίναντες

2178 4353 2357 4408 οὐσίαν
2390 4352 2614 4415 κτίσεως
2658 4353 2748 4407 καὶ
2797 4353 3073 4427 θεότητος,
3128 4350 3270 4428 μηδὲ
3315 4352 3615 4418 συνιδόντες
3656 4357 3712 4411 τί
3764 4358 3829 4412 τὸ

2177 4441 2350 4520 φύσει,
2410 4441 2499 4496 καὶ
2550 4441 2601 4495 τί
2650 4443 2714 4496 τὸ
2767 4443 2993 4515 μεθέξει,
3043 4442 3132 4498 καὶ
3181 4443 3348 4498 πόσον
3376 4443 3439 4498 τὸ
3477 4444 3832 4521 παρηγμένον

416 4544 742 4595 creaturam
793 4541 850 4594 et
884 4537 1162 4593 Deitatem
1195 4534 1528 4601 discrimen,
1560 4548 1747 4603 neque
1795 4538 2068 4604 caperent

2183 4532 2273 4599 τῆς
2318 4532 2653 4607 παρακτικῆς
2698 4530 2871 4593 αἰτίας
2916 4529 3004 4585 καὶ
3056 4532 3232 4608 ἀρχῆς
3285 4530 3635 4588 ἀπολείπεται
3663 4578 3676 4591 .
3737 4533 3831 4589 Δέ-

416 4627 558 4699 quid
590 4627 669 4683 sit
712 4626 771 4681 id
805 4626 956 4698 quod
1005 4629 1236 4689 natura,
1269 4627 1326 4678 et
1354 4622 1495 4694 quid
1546 4621 1700 4692 quod
1753 4621 2064 4694 participa-

2183 4616 2380 4673 δεικται
2429 4616 2647 4685 λοιπὸν,
2698 4617 2863 4673 εἶκαὶ
2913 4616 3002 4673 διὰ
3052 4618 3326 4695 βραχέων,
3351 4617 3477 4675 ἀλλ’
3518 4617 3609 4675 οῦν
3631 4622 3827 4683 ἱκανῶς

414 4715 574 4771 tione
600 4720 711 4783 est,
741 4719 799 4770 et
828 4718 1116 4787 quantum
1151 4712 1305 4783 quod
1348 4710 1697 4781 productum
1729 4715 1838 4776 est,
1872 4727 1905 4765 a
1935 4727 2066 4781 pro-

417 4804 675 4861 ductrice
705 4819 882 4859 causa
912 4807 969 4857 et
999 4801 1286 4873 principio
1317 4799 1562 4855 differat.
1599 4803 2068 4854 Demonstratum

421 4896 512 4947 est
558 4892 775 4963 itaque,
810 4891 920 4948 etsi
968 4889 1284 4957 succincte,
1316 4887 1548 4943 abunde
1595 4885 1981 4941 nihilominus
2019 4892 2069 4945 ei

421 4979 522 5050 qui
554 4979 859 5035 veritatem
903 4977 1226 5050 dijudicaro
1266 4976 1443 5044 novit,
1478 4973 1640 5029 nulla
1686 4973 1801 5029 alia
1851 4974 2072 5031 ratione

2180 4711 2258 4778 τῷ
2295 4727 2359 4782 γε
2397 4706 2596 4782 κρίνειν
2639 4705 2978 4780 ἐπισταμένῳ
3014 4708 3076 4762 τὸ
3121 4706 3345 4779 ἀληθές,
3389 4708 3463 4770 ὡς
3505 4708 3606 4764 οὐκ
3639 4708 3827 4773 ἄλλως

2181 4795 2411 4872 πέφυκεν
2479 4794 2855 4871 ἐκπορεύεσθαι
2922 4796 2983 4851 τὸ
3041 4797 3257 4869 Πνεῦμα
3293 4797 3357 4851 τὸ
3408 4798 3557 4872 ἅγιον
3610 4796 3671 4852 ἐκ
3714 4800 3828 4855 Πα-

2178 4884 2306 4957 τρὸς
2349 4884 2394 4938 εἷ
2442 4886 2517 4957 μὴ
2557 4882 2624 4938 δι’
2666 4885 2815 4957 Υἳοῦ,
2835 4885 3012 4947 καθὼς
3040 4883 3401 4961 ἐθεολόγησαν
3443 4887 3499 4939 oi
3536 4890 3634 4940 τοῦ
3659 4886 3827 4943 Πνεῦ-

2184 4991 2371 5046 ματος,

420 5066 705 5140 Spiritum
763 5070 1028 5124 sanctum
1083 5083 1152 5123 ex
1203 5066 1370 5122 Patre
1426 5062 1736 5137 procedere
1802 5062 1915 5120 nisi
1971 5080 2075 5136 per
2122 5062 2355 5132 Filium,
2389 5063 2889 5136 quemadmodum
2940 5063 3143 5122 eodem
3195 5063 3415 5138 Spiritu
3466 5064 3650 5121 afﬂati
3701 5070 3824 5122 tra-

423 5155 718 5215 diderunt.
