4110 6426
192 415 314 483 585

1331 411 1596 477 SERMO
1640 413 1742 475 AD
1788 411 2215 474 MONAGHOS
2260 412 2482 477 SUOS.

3481 417 3598 476 586

1540 708 2265 797 MONITUM

262 1023 631 1098 Opusculum
678 1024 1049 1095 subsequens
1100 1021 1283 1079 edidit
1312 1022 1642 1088 Dositheus,
1670 1022 2227 1095 Hierosolymitanus
2280 1023 2612 1094 patriarcha
2636 1023 3068 1091 schismaticus,
3104 1023 3163 1078 in
3191 1027 3372 1078 ΤΟΜΩ
3430 1028 3597 1079 ΑΓΑ-

192 1118 365 1184 ΙΙΗΣ,
396 1113 589 1170 lassiae
622 1114 779 1181 1698,
814 1113 914 1185 qui
945 1116 1104 1168 totus
1153 1111 1387 1183 scriptis
1417 1112 1902 1168 heterodoxorum
1932 1110 2161 1184 placitis
2194 1111 2520 1168 faventibus
2571 1113 2857 1168 conﬂatus
2886 1116 2995 1168 est.
3029 1112 3191 1169 Certe
3229 1113 3494 1169 doctrina
3523 1114 3597 1169 de

188 1202 567 1275 processione
597 1201 853 1273 Spiritus
885 1200 1073 1256 sancti
1102 1200 1162 1255 in
1192 1200 1302 1255 hoc
1333 1217 1601 1256 sermone
1630 1201 1845 1257 tradita
1875 1216 2011 1256 cum
2060 1217 2129 1256 ea
2157 1217 2334 1272 quam
2366 1200 2718 1257 Blemmides
2749 1201 2808 1255 in
2839 1200 3139 1272 opusculis
3193 1202 3597 1272 superioribus

188 1291 589 1365 propugnavit
634 1290 932 1346 conciliari
982 1290 1222 1345 omnino
1249 1307 1363 1345 non
1415 1293 1625 1362 potest.
1658 1291 1776 1345 Sub
1823 1289 2028 1346 eodem
2065 1288 2236 1345 titulo
2284 1306 2615 1346 sermonem
2664 1290 2844 1346 istum
2875 1299 3099 1347 exstare
3147 1291 3229 1345 ait
3276 1289 3598 1347 Bandinius

187 1383 280 1452 (ιι,
312 1380 444 1443 399)
474 1378 783 1436 Florentiae
810 1379 870 1434 in
901 1377 1166 1435 biblioth.
1197 1378 1770 1451 Mediceo-Laurent.,
1804 1379 1908 1436 cod

1974 1379 2053 1446 l6,
2086 1377 2232 1450 plut.
2260 1379 2352 1445 87,
2383 1396 2441 1434 n.
2478 1379 2564 1434 17.

1436 1734 1567 1789 ΤΟΥ
1605 1735 2011 1792 ΣΟΦΩΤΑΤΟΥ
2046 1737 2372 1790 ΜΟΝΔΧΟΥ

583 1888 1634 2047 ΝΙΚΗΦΟΡΟΥ
1732 1911 2079 2045 ΤΟΥ
2177 1909 3221 2043 ΒΛΕΜΜΙΔΟΥ

1507 2145 1682 2196 ΠΡΟΣ
1720 2145 1889 2197 ΤΟΥΣ
1929 2142 2302 2199 ΜΟΝΑΧΟΥΣ

1041 2296 1167 2347 ΤΟΥ
1205 2296 1731 2348 ΔΝΕΓΕΡΘΕΝΤΟΣ
1774 2293 1926 2348 ΠΑΡ⁹
1964 2296 2177 2350 ΑΥΤΟΥ
2215 2296 2754 2349 ΦΡΟΝΤΙΣΤΗΡΙΟΥ

1100 2447 1187 2497 ΕΚ
1224 2446 1350 2496 ΤΟΥ
1385 2446 1620 2498 ΤΡΙΤΟΥ
1654 2447 1871 2499 ΑΥΤΟΥ
1908 2444 2178 2500 ΒΙΒΛΙΟΥ
2216 2449 2376 2500 ΠΕΡΙ
2412 2449 2706 2500 ΠΙΣΤΕΩΣ

1669 2573 2106 2716 ΛΟΓΟΣ.

1453 2904 1980 2962 SAPIENTISSIMI
2017 2905 2336 2964 MONAGHI

699 3078 1828 3232 NICEPHORI
1926 3080 3095 3232 BLEMMID/E

1022 3333 1116 3387 AD
1151 3331 1534 3389 MONACHOS
1571 3331 2012 3388 MONASTERII
2049 3332 2144 3388 AB
2184 3332 2336 3389 IPSO
2373 3333 2775 3391 EXSTRUCTI

1317 3483 1406 3540 EX
1442 3481 1674 3541 TERTIO
1710 3483 1934 3540 IPSIUS
1969 3482 2176 3541 LIBRO
2215 3484 2303 3539 DE
2338 3485 2501 3541 FIDE

1653 3635 2155 3723 SERMO

266 3979 396 4035 Τοῖς
444 3971 616 4034 ὁσίοις
653 3974 750 4027 τοῦ
798 3969 1069 4026 Δεσπότου
1108 3973 1340 4043 Χριστοῦ
1388 3974 1487 4024 τοῦ
1536 3964 1711 4042 ὄντος,
1765 3969 1854 4024 καὶ
1884 3972 1908 4037 Α

2039 3972 2264 4028 Sanctis
2292 3971 2423 4027 Heri
2455 3971 2673 4028 Christi
2701 3972 3033 4042 viventis,et
3059 3973 3255 4031 electis
3286 3975 3611 4048 discipulis,

189 4060 482 4124 ἐκλεκτοῖς
529 4064 813 4139 φοιτηταῖς
863 4059 892 4114 6
936 4060 1052 4114 κατ’
1101 4055 1347 4114 εὐδοκίαν
1395 4057 1560 4114 αὐτοῦ
1588 4057 1678 4112 καὶ
1708 4076 1851 4132 χρη-

188 4145 441 4221 στότητα
486 4151 706 4223 κτήτωρ
752 4151 852 4203 τυῦ
901 4149 1017 4203 καθ’
1062 4147 1215 4220 ἱεροῦ
1263 4145 1702 4224 φροντιστηρίου,
1754 4152 1856 4200 Νι-

184 4239 446 4317 κηφόρος
478 4236 531 4293 ἐν
581 4236 903 4311 μονάζουσιν
955 4235 1130 4313 ἱερεὺς
1176 4235 1405 4311 γηραιὸς
1451 4235 1703 4305 ἀσθενὴς,
1748 4238 1858 4289 τῶν

181 4336 297 4398 τῆς
345 4328 503 4400 ὑμῶν
549 4325 839 4396 ὁσιότητος
897 4325 1076 4401 εὐχῶν
1136 4321 1378 4395 ἐπιδεὴς,
1433 4325 1534 4394 τήν
1580 4327 1853 4401 παροῦσαν

188 4417 355 4490 ὑμῶν
389 4413 692 4488 ὑπόμνησιν
727 4412 779 4485 ἐξ
827 4413 1045 4489 ἀγάπης
1096 4410 1440 4489 ὑπαγορεύω,
1481 4411 1659 4483 πάσης
1689 4411 1855 4482 αὐτὴν

192 4505 608 4566 ὑποτυπώσεως
640 4502 823 4577 ἑτέρας
852 4503 1327 4579 προεκτιθέμενος.

274 4589 499 4662 Ἐπειδή
556 4593 659 4669 γὰρ
705 4592 1014 4668 πρώτιστον
1067 4594 1148 4663 τῷ
1218 4593 1522 4665 Χριστιανῷ
1575 4588 1666 4645 καὶ
1723 4586 1856 4644 πάν-

190 4703 309 4737 των
343 4680 760 4757 ἀναγκαιότατον
813 4676 1010 4736 εἲδέναι
1057 4680 1157 4749 τήν
1209 4673 1498 4747 εὐσέϐειαν,
1528 4677 1618 4733 καὶ
1656 4677 1857 4746 ταύτην

192 4772 532 4839 ἀσπάζεσθαι
579 4769 669 4825 καὶ
714 4768 881 4844 ταύτῃ
934 4772 1126 4843 συζῇν,
1176 4768 1267 4823 καὶ
1318 4772 1465 4836 ζωῆς
1509 4774 1607 4837 τῆς
1658 4765 1860 4842 παρού-

190 4880 298 4930 σης
356 4856 744 4931 σιδνεκδημεῖν,
808 4857 952 4928 ἄξιόν
1015 4858 1124 4912 ἐστι
1178 4854 1445 4911 πιστεύειν
1505 4855 1596 4910 καὶ
1655 4853 1862 4927 ὁμολο-

187 4954 313 5025 γεῖν
364 4947 455 5002 καί
505 4945 792 5023 κηρύττειν
844 4948 1012 5020 ἡμᾶς,
1062 4944 1146 5001 ὅτι
1193 4944 1325 5008 Θεὸς
1374 4945 1450 5007 εἷς
1482 4942 1640 5015 ἔστιν,
1691 4940 1858 5019 ἤγουν

189 5033 359 5091 οὐσία
400 5032 498 5106 μία
544 5033 835 5106 θεότητος,
891 5030 1275 5103 ἀκατάληπτος
1324 5031 1414 5088 καὶ
1464 5029 1771 5107 ἀπρόσιτος,
1807 5030 1858 5086 ἐν

188 5124 345 5198 τρισὶ
374 5122 611 5184 τελείαις
654 5129 776 5185 ταῖς
829 5121 1146 5177 ὑποστάσεσι
1193 5125 1272 5192 τῷ
1321 5120 1488 5195 Πατρὶ
1525 5119 1724 5192 καὶτῷ
1754 5120 1863 5192 Υἱῷ

187 5213 289 5268 καὶ
316 5216 402 5283 τῷ
432 5211 577 5287 ἁγίῳ
627 5211 918 5284 Πνεύματι.
970 5214 1260 5273 ’Ἂκτιστος
1316 5211 1344 5265 6
1374 5209 1583 5285 Πατὴρ,
1615 5205 1863 5271 ἄκτιστος

190 5305 224 5357 6
286 5302 433 5373 Υἱὸς,
492 5301 744 5356 ἄκτιστον
799 5301 863 5355 τὸ
924 5303 1144 5373 Πνεῦμα
1198 5297 1260 5353 τὸ
1329 5299 1503 5373 ἅγιον.
1562 5298 1619 5352 ⁴Ο
1675 5299 1861 5373 Πατὴρ

188 5390 520 5467 ἀγέννητος,
555 5390 586 5443 6
632 5390 756 5452 Υἱὸς
808 5387 909 5444 οὐκ
954 5387 1269 5464 ἀγέννητος·
1322 5385 1568 5461 ἐγέννησε
1614 5386 1718 5463 γὰρ
1767 5388 1858 5442 τὸν

188 5482 321 5537 Πὸν
356 5481 386 5536 6
420 5479 614 5556 Πατὴρ
643 5478 750 5555 πρὸ
779 5477 997 5534 πάντων
1027 5481 1134 5533 τῶν
1176 5476 1386 5532 αἰώνων
1432 5479 1767 5554 θεοπρεπῶς*
1799 5477 1864 5534 τὸ

526 5609 788 5670 ΡΑτιιοι..
838 5608 951 5670 Gn.
996 5607 1228 5671 CXLII.

1965 4058 2067 4129 qui
2098 4059 2421 4115 secundum
2471 4059 2601 4131 ejus
2641 4059 2922 4131 placitum
2954 4065 3013 4117 et
3055 4061 3375 4118 bonitatem
3426 4064 3612 4119 domi-

1967 4164 2080 4202 nus
2137 4164 2271 4203 sum
2330 4148 2541 4203 sacrati
2613 4149 2976 4217 monasterii,
3044 4149 3406 4223 Nicephorus
3464 4150 3617 4207 inter

1969 4237 2290 4292 monachos
2323 4237 2613 4302 sacerdos,
2663 4254 2860 4306 senex,
2893 4239 3125 4309 debilis,
3160 4239 3488 4295 sanctitatis
3516 4255 3612 4295 ve-

1967 4329 2102 4381 strm
2149 4342 2386 4398 precum
2436 4325 2724 4398 indigens,
2780 4331 3123 4398 praesentem
3169 4326 3347 4383 vestri
3395 4344 3616 4383 memo-

1971 4414 2117 4469 riam
2150 4430 2219 4469 ex
2247 4413 2530 4470 charitate
2573 4430 2846 4488 suggero,
2877 4432 3004 4471 eam
3036 4433 3150 4488 prae
3181 4414 3340 4472 omni
3371 4416 3614 4472 demon-

1968 4502 2251 4558 stratione
2279 4519 2595 4574 exponens.

2039 4590 2182 4646 Cum
2234 4607 2432 4646 revera
2480 4591 2736 4663 primum
2769 4597 2859 4647 est
2904 4591 3235 4648 Christiano
3285 4591 3510 4647 homini
3559 4594 3617 4648 et

1969 4684 2106 4735 ante
2136 4679 2334 4735 omnia
2358 4679 2611 4735 maxime
2631 4670 3328 4753 necessarium,pietatem
3352 4696 3614 4747 noscere,

1969 4767 2262 4840 amplecti,
2294 4784 2428 4823 cum
2479 4785 2545 4824 ea
2574 4769 2900 4825 conversari
2933 4774 2991 4825 et
3033 4769 3306 4841 praesenti
3336 4769 3454 4824 vita
3484 4786 3612 4842 per-

1970 4856 2243 4929 egrinari,
2290 4857 2533 4929 dignum
2565 4865 2654 4913 est
2699 4859 3009 4915 credamus
3038 4862 3096 4914 et
3128 4860 3514 4915 conﬁteamur
3560 4863 3620 4915 et

1971 4945 2353 5017 praedicemus
2383 4946 2657 5015 quoniam
2692 4964 2847 5002 unus
2878 4951 2968 5003 est
3000 4947 3283 5013 Deus,hoc
3306 4956 3415 5012 est,
3450 4948 3623 5003 unica

1972 5034 2305 5089 substantia
2334 5034 2677 5103 divinitatis,
2707 5035 3339 5107 incomprehensibilis,
3362 5036 3620 5092 inacces-

1972 5122 2183 5190 sibilis,
2216 5123 2274 5177 in
2329 5124 2517 5179 tribus
2551 5124 2821 5196 perfectis
2852 5124 3138 5197 personis,
3171 5129 3361 5193 Patre,
3394 5125 3536 5179 Filio
3567 5128 3624 5180 et

1973 5218 2172 5268 sancto
2203 5211 2750 5283 Spiritu.Increatus
2770 5213 3268 5281 Pater,increatus
3300 5213 3502 5280 Filius,
3524 5212 3621 5268 in-

1973 5304 2203 5356 creatus
2231 5300 2482 5373 Spiritus
2507 5302 3077 5375 sanctus.1ngenitus
3098 5304 3299 5370 Pater;
3325 5320 3439 5358 non
3464 5303 3628 5375 inge-

1974 5389 2133 5445 nitus
2151 5388 2248 5444 Fili
2262 5390 2559 5462 us,genuit
2578 5390 2732 5446 enim
2752 5390 2963 5447 Filium
2981 5392 3147 5447 Pater
3167 5397 3300 5447 ante
3312 5390 3510 5447 omnia
3522 5407 3622 5446 sas-

1974 5478 2104 5534 cuia
2134 5477 2451 5548 divinitus;
2484 5495 2590 5536 nec
2620 5479 2855 5554 genitus
2886 5497 2993 5537 nec
3038 5480 3337 5554 ingenitus
3367 5480 3622 5553 Spiritus

3224 5607 3299 5669 19
