4110 6434
465 458 584 518 587
1718 447 2146 510 NICEPHORI
2190 448 2629 516 BLEMMIDAE‘.
3758 457 3891 524 588

466 592 727 655 sanctus,
743 586 843 642 sed
865 584 1186 657 procedens
1206 580 1669 639 substantialiter
1687 597 1721 636 a
1753 580 2096 636 Patre.Sem-

2224 586 2440 655 Πνεῦμα
2482 586 2545 640 τὸ
2591 588 2743 662 ἅγιον
2793 587 2856 642 οὐ
2904 588 3183 663 γεννητὸν,
3234 589 3333 645 οὐκ
3382 591 3700 666 ἀγέννητον,
3747 590 3891 647 ἀλλ’

462 692 567 748 per
594 679 719 731 erat
748 675 996 741 Pater,et
1023 688 1256 744 semper
1285 675 1409 727 erat
1441 669 1702 736 Filius,et
1726 684 1957 741 semper
1986 674 2096 726 erat

2218 667 2646 747 ἐκπορευόμενον
2704 674 2984 738 ουσιωδῶς
3041 678 3187 753 παρά
3238 683 3337 734 τοῦ
3389 677 3621 755 Ππρός.
3674 681 3733 734 Ὁ
3763 686 3883 735 Πα-

464 764 719 837 Spiritus
749 767 1011 820 sanctus.
1031 761 1100 818 Et
1131 760 1628 833 quemadmodum
1660 759 1961 830 concipere
1992 775 2096 813 non

2214 759 2318 834 τῆρ
2349 763 2413 828 ἦν
2446 761 2549 831 ἀεὶ,
2608 765 2697 819 καὶ
2759 766 2785 821 6
2842 766 2964 828 Υἱὸς
3024 767 3092 836 ἦν
3142 768 3246 839 ἀεὶ,
3295 768 3387 822 καὶ
3432 769 3494 823 τὸ
3545 773 3772 842 Πνεῦμα
3814 770 3887 825 τὸ

466 854 641 910 datur
669 867 933 923 unquam
952 849 1131 907 solem
1164 850 1385 921 absque
1406 865 1512 904 suo
1538 847 1868 914 lumine,ita
1884 862 1990 902 nec
2012 846 2111 901 Pa-

462 946 613 997 trem
645 940 885 996 omnino
934 939 1068 1011 quis
1097 938 1405 1011 concipere
1436 941 1624 1009 potest
1675 936 1898 1008 absque
1929 935 2106 1003 Filio;

466 1030 636 1086 Pater
681 1031 837 1084 enim
869 1043 1103 1100 semper
1130 1032 1255 1083 erat
1300 1031 1493 1094 Pater,
1523 1025 1901 1081 manifestum
1931 1023 2111 1096 igitur

464 1118 620 1192 quod
654 1134 886 1190 semper
915 1116 1156 1171 haberet
1176 1113 1639 1170 Filium.ldcirco
1661 1113 1852 1185 quoad
1875 1111 2106 1167 initium

461 1208 523 1263 in
565 1212 847 1280 tempore,
882 1210 947 1261 ut
993 1205 1161 1261 Pater
1191 1203 1474 1276 principio
1504 1206 1683 1267 caret,
1713 1202 1795 1257 ita
1842 1206 1900 1257 et
1929 1201 2107 1256 Filius

458 1296 749 1370 principio
776 1299 933 1351 caret
959 1309 1220 1366 ;semper
1248 1292 1407 1349 enim
1438 1295 1562 1347 erat
1593 1290 1854 1361 Filius,et
1876 1305 2110 1361 semper

458 1384 641 1441 Filius
666 1405 687 1452 ;
718 1383 982 1440 divinum
1031 1382 1190 1438 enim
1222 1381 1410 1437 nescit
1458 1379 1863 1436 mutationem.
1906 1380 2104 1445 Quoad

458 1479 656 1531 autem
684 1472 1062 1546 {principium
1095 1470 1361 1527 naturale
1392 1486 1493 1527 seu
1535 1467 1785 1538 causale,
1818 1466 2105 1539 principio

459 1581 576 1620 non
608 1565 766 1619 caret
819 1561 1021 1628 Filius,
1049 1560 1403 1633 principium
1434 1558 1590 1615 enim
1624 1559 1751 1628 ejus
1798 1561 1890 1613 est
1915 1556 2102 1623 Pater,

458 1649 993 1723 substantiale,non
1024 1648 1422 1707 creans.Solus
1452 1647 1651 1720 igitur,
1667 1646 1859 1718 quoad
1892 1644 2104 1717 princi-

460 1740 625 1813 pium
674 1739 960 1807 naturale,
993 1737 1279 1811 principio
1327 1742 1485 1794 caret
1530 1740 1720 1802 Pater,
1753 1732 1976 1790 nullam
2010 1737 2102 1788 ut-

459 1833 593 1902 pote
620 1829 845 1885 habens
873 1843 1114 1883 causam
1146 1826 1260 1894 sui,
1294 1829 1531 1898 propter
1557 1824 1712 1896 quod
1744 1837 1885 1878 sane
1913 1825 1970 1877 et
1997 1820 2104 1876 Do-

2218 848 2366 923 ἇὶγιον
2420 853 2486 920 ἦν
2548 852 2647 906 ἀεί.
2710 854 2809 908 Καὶ
2868 854 3048 928 ὥσπερ
3108 855 3208 910 οὐκ
3261 855 3401 912 ἔστιν
3446 855 3699 928 ἐννοῆσαί
3746 879 3889 913 ποτε

2213 936 2305 989 τὸν
2355 936 2517 1007 ἥλιον
2570 941 2689 995 ἄνευ
2732 946 2830 997 τοῦ
2884 942 3089 998 οἰκείου
3137 945 3337 1022 φωτὸς,
3386 944 3561 1008 οὕτως
3608 943 3738 1001 οὐδὲ
3785 947 3887 1002 τὸν

2218 1024 2428 1101 Πατέρα
2487 1025 2706 1084 δύναταί
2760 1051 2845 1093 τις
2905 1030 3051 1096 ὅλως
3119 1040 3482 1110 φαντασθῆναι
3542 1034 3724 1110 χωρὶς
3780 1039 3888 1090 τοῦ

2216 1113 2363 1167 ficii.
2398 1117 2583 1193 Πατὴρ
2632 1120 2734 1194 γὰρ
2784 1121 2849 1187 ἦν
2883 1121 2911 1173 6
2942 1121 3131 1196 Πατὴρ
3178 1120 3283 1179 ἀεί.
3317 1121 3495 1191 Δῆλον
3543 1121 3635 1177 οὖν
3671 1122 3756 1178 δ’τι
3787 1123 3885 1179 καὶ

2218 1202 2338 1255 Γίὸν
2371 1202 2514 1278 εἶχεν
2567 1206 2668 1260 ἀεί’
2723 1204 2807 1261 διὸ
2849 1210 2986 1263 κατὰ
3033 1209 3133 1277 τὴν
3190 1212 3454 1285 χρονικήν
3506 1211 3709 1287 ἀρχὴν,
3767 1211 3884 1267 ὥσ-

2215 1310 2315 1365 περ
2363 1292 2392 1345 6
2442 1294 2627 1370 Πατὴρ
2679 1293 2941 1372 ἄναρχος,
2992 1296 3135 1352 οὕτω
3184 1298 3274 1353 καὶ
3329 1300 3358 1353 6
3408 1299 3534 1362 Υἱὸς
3591 1298 3875 1377 ἄναρχος·

2214 1377 2295 1433 ἀεὶ
2324 1381 2427 1455 γὰρ
2470 1384 2535 1450 ἦν
2568 1384 2596 1437 6
2638 1384 2785 1455 Υἱὸς,
2836 1385 2925 1439 καὶ
2982 1385 3065 1441 ἀεὶ
3116 1387 3262 1459 Υἱὸς,
3317 1388 3380 1442 τὸ
3425 1389 3532 1464 γὰρ
3576 1394 3721 1453 θεῖον
3749 1409 3885 1463 τρο-

2214 1469 2321 1536 πήν
2354 1468 2415 1523 οὐ
2455 1470 2751 1546 προσίεται.
2807 1473 2951 1529 Κατὰ
2998 1471 3056 1530 δὲ
3103 1476 3204 1546 τήν
3259 1477 3491 1555 φυσικήν
3540 1476 3746 1553 ἀρχὴν,
3798 1476 3884 1534 εἴ·

2213 1577 2337 1610 τουν
2387 1558 2448 1612 τὸ
2479 1557 2668 1633 αἶ’τιον,
2702 1560 2801 1616 οὐκ
2850 1560 3087 1639 ἄναρχος
3119 1565 3148 1618 6
3181 1564 3325 1637 Υἱὸς,
3378 1565 3524 1641 ἀρχή
3578 1568 3683 1641 γάρ
3732 1566 3882 1622 ἐστιν

2212 1645 2377 1700 αὐτοῦ
2428 1649 2456 1702 6
2514 1650 2725 1722 Πατὴρ,
2781 1648 3076 1725 οὖσιώδης,
3136 1652 3200 1708 οὐ
3251 1651 3650 1729 δημιουργική.
3690 1655 3883 1719 Μόνος

2210 1732 2390 1822 τοίνυν
2455 1739 2591 1792 κατὰ
2633 1739 2733 1807 τὴν
2803 1741 3034 1819 φυσικὴν
3088 1741 3267 1818 ἀρχὴν
3328 1738 3566 1819 ἄναρχος
3610 1744 3641 1798 6
3683 1746 3883 1822 Πατὴρ

2215 1824 2291 1894 μὴ
2342 1821 2486 1899 ἔχων
2537 1826 2656 1880 τινὰ
2703 1824 2875 1882 αἶ’τιον
2927 1829 3157 1887 ἑαυτοῦ.
3209 1830 3309 1885 Διά
3353 1851 3440 1885 τοι
3486 1835 3650 1887 τοῦτο
3704 1834 3797 1887 καὶ
3851 1834 3885 1889 6

457 1918 658 1974 minus
687 1920 921 1973 Patrem
953 1931 1128 1972 suum
1150 1913 1482 1987 gloriﬁcans
1510 1912 1931 1968 dicebat:Pater
1951 1924 2096 1965 metu

2216 1911 2413 1987 Κύριος
2468 1915 2558 2007 τὸν
2610 1914 2774 2007 αὖτοῐξ
2826 1916 3039 1989 Πατέρα
3083 1923 3262 1992 τιμῶν
3309 1916 3513 1997 ἔλεγεν·
3569 1921 3626 1974 Ὁ
3667 1924 3867 1998 Πατήρ

455 2008 635 2080 major
660 2022 747 2063 me
775 2009 857 2063 est
887 2008 903 2041 ¹
931 2023 945 2073 ;
972 2005 1163 2076 major
1190 2007 1257 2059 ut
1286 2002 1573 2075 principio
1605 2004 1902 2066 carens,ut
1931 2014 2111 2055 causa

454 2111 681 2166 carens,
713 2098 779 2150 ut
811 2093 1168 2167 principium
1215 2091 1482 2148 naturale
1511 2094 1570 2146 et
1595 2106 1774 2146 causa
1825 2088 2108 2144 substan-

453 2176 481 2230 ι
502 2184 637 2241 ialis
665 2182 921 2254 Filii.:Et
967 2199 1194 2254 rursus,
1226 2179 1724 2253 quemadmodum
1753 2176 1840 2233 sol
1874 2182 2113 2232 natura-

453 2270 703 2344 liter_et,‘
723 2272 949 2344 absque
977 2270 1099 2326 ulla
1146 2268 1446 2326 affectione
1485 2267 1573 2323 vel
1604 2265 1848 2340 segnitie
1898 2263 2113 2320 emittit

456 2362 672 2430 lucem,
706 2376 812 2417 nec
860 2363 1165 2433 separatur
1192 2376 1226 2414 a
1254 2358 1383 2414 luce
1415 2376 1428 2425 ;
1462 2356 1563 2412 lux
1591 2356 1748 2412 enim
1798 2358 1854 2411 et
1885 2371 1953 2410 ex
1979 2354 2107 2426 ipso

457 2457 516 2508 et
546 2451 607 2506 in
633 2451 762 2523 ipso
812 2455 940 2519 est;
973 2446 1153 2505 simili
1185 2448 1302 2504 fere
1333 2447 1504 2503 modo
1549 2445 1716 2501 Pater
1746 2443 2106 2500 substantia-

457 2540 825 2611 literabsque
837 2538 1409 2611 passione,extraque
1420 2540 1655 2607 tempus
1668 2532 2103 2607 gignitFilium,

458 2645 565 2685 nec
585 2628 705 2685 ullo
727 2628 897 2684 modo
920 2632 1223 2700 separatur
1242 2642 1275 2681 a
1295 2624 1457 2692 Filio;
1473 2628 1562 2680 est
1583 2623 1740 2678 enim
1763 2620 1945 2677 Filius
1969 2624 2025 2676 et
2036 2637 2105 2676 ex

456 2717 626 2775 Patre
642 2733 874 2790 semper
893 2720 950 2774 et
968 2716 1025 2772 in
1049 2716 1217 2771 Patre
1233 2730 1482 2785 semper,
1506 2716 1563 2768 et
1588 2711 1754 2767 Pater
1774 2710 1832 2765 in
1857 2727 1922 2766 eo
1954 2726 2104 2766 sem-

451 2810 651 2881 per.Et
670 2807 921 2878 Spiritus
952 2810 1193 2862 sanctus
1225 2819 1294 2859 ex
1314 2805 1482 2858 Patre
1502 2799 1761 2873 procedit
1783 2802 2099 2871 semper,et

454 2897 516 2953 in
537 2899 707 2953 Patre
728 2894 983 2967 Filioque
1005 2908 1236 2966 semper
1254 2896 1365 2948 est.
1390 2890 1595 2947 Monas
1617 2888 1797 2961 igitur
1817 2892 1872 2944 et
1894 2904 2104 2944 secun-

458 2987 600 3042 dum
631 2984 776 3041 illud
793 2982 1170 3040 constituitur
1186 2984 1391 3037 sancta
1418 2979 1759 3046 Trinitas,et
1778 2977 2102 3033 secundum

461 3075 660 3132 omnia
704 3074 963 3146 quidem,
1004 3070 1280 3144 sepositis
1323 3067 1796 3141 proprietatibus,
1828 3070 2002 3121 Pater
2047 3068 2106 3120 et

461 3163 644 3221 Filius
690 3165 747 3218 et
790 3160 1046 3234 Spiritus
1091 3163 1330 3215 sanctus
1382 3173 1568 3213 unum
1600 3159 1757 3211 sunt.
1809 3154 2105 3209 Perfectus

2229 2021 2334 2073 μου
2392 2001 2589 2074 μείζων
2669 2003 2773 2077 μού
2841 2006 2990 2061 έστι.
3048 2007 3263 2077 Μείζων
3316 2007 3393 2071 ὡς
3451 2006 3740 2086 ἄναρχος,
3800 2012 3883 2074 ὡς

2225 2089 2483 2162 ἀναίτιος,
2533 2092 2608 2154 ὡς
2664 2092 2811 2169 ἀρχὴ
2869 2097 3066 2168 φυσικὴ
3101 2142 3115 2164 ,
3162 2095 3253 2151 καὶ
3300 2098 3419 2151 κατ’
3464 2098 3649 2154 οὐσίαν
3697 2096 3882 2164 αἴτιος

2219 2182 2316 2232 τοῦ
2369 2181 2517 2234 Υἱοῦ.
2578 2184 2780 2258 Ὥσπερ
2825 2179 2873 2237 δ’
2921 2184 2987 2238 αὗ
3036 2184 3064 2239 6
3113 2183 3277 2254 ἥλιος
3326 2190 3565 2264 φυσικῶς
3614 2187 3707 2243 καὶ
3749 2190 3880 2245 ἄνευ

2217 2268 2364 2322 τινὸς
2410 2268 2635 2343 πάθους,
2665 2270 2701 2339 ἢ
2755 2270 3092 2346 βραδύτητος
3144 2272 3425 2348 ἐκπέμψας
3473 2276 3535 2329 τὸ
3581 2280 3720 2354 φῶς,
3772 2277 3877 2334 οὐκ

2218 2355 2587 2430 ἀποτέτμηται
2618 2362 2714 2413 τοῦ
2746 2361 2946 2437 φωτὸς,
2997 2358 3108 2416 ἔστι
3158 2363 3262 2438 γὰρ
3309 2364 3372 2418 τὸ
3422 2368 3535 2441 φῶς
3566 2364 3655 2423 καὶ
3689 2364 3742 2437 ἐξ
3774 2366 3875 2422 αὖ·

2215 2450 2312 2500 τοῦ
2352 2446 2441 2501 καὶ
2491 2446 2542 2501 ἐν
2592 2447 2756 2520 αὐτῷ·
2807 2448 3208 2525 παραπλησίως
3259 2452 3287 2506 6
3344 2454 3531 2528 Πατὴρ
3583 2453 3874 2519 οὐσιωδῶς

2213 2534 2302 2588 καὶ
2360 2535 2576 2599 ἀπαθῶς
2622 2536 2711 2591 καὶ
2759 2536 3008 2614 ἀχρόνως
3069 2542 3328 2615 γεννήσας
3374 2541 3467 2596 τὸν
3523 2544 3646 2598 Υἱὸν
3685 2590 3700 2615 ,
3756 2543 3874 2601 οὐδ’

2215 2623 2461 2679 ὁπωσοῦν
2511 2622 2692 2695 διέστη
2742 2630 2839 2680 τοῦ
2892 2626 3039 2681 ficii.
3094 2628 3241 2683 Ἐστι
3290 2629 3449 2705 γάρὸ
3494 2632 3615 2694 Υἱὸς
3666 2632 3758 2688 καὶ
3807 2633 3871 2689 ἐκ

2209 2716 2306 2766 τοῦ
2338 2714 2546 2789 Πατρὸς
2595 2713 2696 2784 ἀεὶ,
2724 2714 2813 2769 καὶ
2861 2713 2912 2769 έν
2960 2720 3040 2788 τῷ
3088 2716 3257 2793 Πατρὶ
3306 2717 3407 2773 ἀεί.
3459 2720 3557 2774 Καὶ
3604 2721 3634 2775 6
3667 2724 3860 2799 Πατὴρ

2213 2799 2265 2854 ἐν
2308 2801 2455 2874 αὐτῷ
2507 2802 2606 2857 ἀεί·
2662 2803 2752 2857 καὶ
2807 2804 2870 2858 τὸ
2928 2809 3148 2878 Πνεῦμα
3195 2806 3257 2861 τὸ
3306 2808 3455 2883 ἅγιον
3502 2807 3563 2864 ἐκ
3601 2814 3700 2865 τοῦ
3750 2817 3865 2867 Πα-

2208 2890 2337 2965 τρὸς
2384 2891 2465 2945 ἀεὶ
2518 2891 2860 2967 ἐκπορεύεται
2898 2936 2910 2950 .
2950 2893 3039 2948 καὶ
3089 2893 3141 2949 ἐν
3186 2899 3267 2967 τῷ
3311 2897 3483 2972 Πατρὶ
3527 2898 3615 2953 καὶ
3673 2898 3727 2954 ἐν
3780 2905 3864 2974 τῷ

2210 2980 2320 3050 1⁸ἱῷ
2393 2978 2532 3034 ἐστιν
2588 2980 2715 3053 ἀεὶ,
2774 2980 2865 3036 καῖ
2921 2983 2949 3037 6
3009 2984 3194 3059 Πατὴρ
3246 2984 3336 3038 καὶ
3395 2985 3424 3040 6
3490 2987 3613 3049 Υἱὸς
3671 2986 3723 3041 ἐν
3782 2994 3865 3061 τῷ

2210 3067 2484 3141 Πνεύματι
2554 3074 2634 3142 τῷ
2706 3071 2842 3146 ἁγιῳ
2915 3070 3043 3126 ἀεί.
3104 3073 3287 3136 Μονὰς
3363 3073 3459 3128 οὖν
3544 3076 3633 3131 καὶ
3719 3080 3861 3135 κατᾶ

2207 3161 2368 3211 τοῦτο
2423 3157 2747 3229 καθέστηκεν
2809 3161 2843 3228 ἡ
2902 3159 3029 3235 ἁγία
3074 3160 3275 3236 Τριάς.
3339 3162 3437 3217 Καὶ
3494 3165 3632 3219 κατὰ
3688 3165 3864 3222 πάντα

461 3254 617 3310 Deus
647 3256 737 3309 est
783 3255 990 3319 Pater;
1023 3248 1313 3321 perfectus
1360 3246 1514 3301 Deus
1556 3243 1775 3310 Filius;
1811 3242 2096 3315 perfectus

2215 3243 2293 3319 δὲ,
2343 3245 2490 3316 πλὴν
2534 3252 2641 3303 τῶν
2692 3245 2982 3319 ἴδιοτήτων
3032 3250 3061 3303 6
3114 3251 3300 3324 Πατὴρ
3357 3251 3445 3306 καὶ
3500 3253 3529 3307 6
3587 3253 3713 3317 Υἱὸς
3768 3257 3863 3311 καὶ

459 3344 615 3401 Deus
666 3341 921 3414 Spiritus
968 3342 1243 3406 sanctus;
1277 3336 1378 3393 sed
1410 3351 1564 3390 unus
1616 3338 1786 3404 Deus,
1819 3349 1934 3388 non
1983 3335 2096 3388 tres

2211 3307 2521 3408 rdﬂveiiiu
2564 3336 2627 3391 τὸ
2672 3337 2821 3413 ἅγιον
2858 3307 2927 3391 ’ἓν
2977 3337 3099 3394 εἶσι.
3152 3307 3281 3401 Θεὸς
3328 3338 3540 3403 τέλειος
3586 3342 3615 3396 6

462 3432 566 3488 dii.
599 3432 741 3487 Tres
769 3434 963 3487 autem
1012 3427 1299 3496 homines,
1330 3423 1418 3481 vel
1448 3423 1625 3479 etiam
1664 3426 1719 3478 et
1749 3422 1884 3491 duo,
1918 3438 2102 3476 unum

461 3521 761 3577 hominem
809 3520 1003 3575 dicere
1032 3534 1147 3574 non
1179 3516 1335 3586 licet,
1367 3514 1476 3569 etsi
1530 3512 1704 3567 unius
1735 3510 1855 3566 sint
1884 3513 2102 3565 naturae

460 3625 666 3665 omnes
691 3609 980 3679 homines,
994 3608 1064 3662 ab
1094 3605 1341 3661 invicem
1371 3602 1527 3659 enim
1556 3601 1616 3655 in
1650 3616 1709 3655 re
1731 3599 2103 3670 distinguun-

457 3702 575 3767 tur,
624 3702 681 3754 et
732 3696 1160 3769 unusquisque,
1204 3695 1355 3749 inter
1400 3709 1519 3759 eos,
1573 3689 1870 3762 propriam
1928 3688 2102 3743 habet

456 3786 706 3842 formam
738 3786 798 3841 in
828 3785 1017 3858 spatio
1043 3802 1055 3854 ;
1091 3784 1191 3840 sed
1223 3782 1399 3838 etiam
1429 3785 1486 3836 et
1512 3783 1795 3850 tempore,
1817 3782 1873 3833 et
1901 3776 2101 3831 volun-

453 3878 592 3945 tate,
624 3879 682 3930 et
728 3875 1005 3946 potentia,
1039 3877 1097 3929 et
1125 3871 1330 3944 gloria,
1364 3874 1421 3925 et
1450 3868 1652 3924 multis
1682 3866 1814 3923 aliis
1851 3865 1994 3922 alter
2024 3866 2097 3921 ab

455 3963 634 4020 altero
671 3963 887 4019 differt.
939 3961 1175 4034 Aliquid
1206 3958 1397 4016 simile
1425 3962 1482 4014 et
1525 3958 1595 4013 de
1626 3955 1852 4028 angelis
1903 3955 2096 4011 susci-

453 4053 736 4126 piendum
765 4056 854 4109 est
880 4095 893 4120 ,
927 4050 1137 4107 horum
1168 4050 1324 4105 enim
1356 4047 1605 4119 quisque
1635 4063 1740 4101 suo
1772 4044 1899 4101 loco
1929 4045 2096 4116 spiri-

453 4141 691 4198 tualiter
717 4140 1222 4197 circumscribitur
1250 4156 1262 4205 ;
1288 4137 1427 4209 quia
1453 4152 1657 4192 omnes
1680 4134 1914 4202 ﬁniti,et
1942 4134 2093 4190 alius

450 4231 571 4303 alii,
604 4230 853 4304 obtingit
901 4230 1140 4303 gradus,
1194 4232 1253 4283 et
1298 4243 1446 4282 anus
1493 4224 1674 4281 alium
1722 4222 2090 4295 splendorem

450 4319 698 4393 accipit;
721 4324 779 4376 et
808 4318 961 4376 alius
992 4318 1231 4391 quidem
1253 4314 1595 4387 prius,alius
1616 4329 1747 4368 vero
1770 4313 2086 4384 posterius;

447 4407 599 4466 alius
644 4408 1002 4477 immediate,
1054 4407 1204 4463 alius
1253 4422 1371 4461 non
1418 4402 1776 4471 immediate,
1810 4401 1910 4457 sed
1972 4401 2089 4458 sive

443 4514 549 4570 per
577 4514 762 4554 unum
793 4497 911 4554 sive
942 4513 1044 4568 per
1073 4494 1271 4569 plures
1302 4491 1772 4565 interpositos.Et
1802 4490 1952 4546 alius
1974 4490 2087 4547 alio

441 4586 735 4657 mittitur;
765 4592 841 4658 et,
891 4587 949 4641 in
984 4601 1237 4653 summa,
1289 4582 1480 4637 multa
1510 4585 1650 4636 sunt
1699 4596 1825 4651 qua:
1874 4596 1971 4636 eos
2010 4581 2083 4636 ab

2213 3426 2339 3487 Θεὸς
2392 3424 2603 3487 τέλειος
2659 3426 2687 3480 6
2742 3426 2884 3495 Υἱὸς,
2944 3427 3073 3489 Θεὸς
3135 3426 3346 3490 τέλειος
3402 3428 3466 3484 τὸ
3525 3435 3740 3505 Πνεῦμα
3796 3434 3861 3488 τὸ

2212 3515 2388 3588 ἅγιον.
2429 3513 2585 3571 Ἀλλ’
2633 3516 2711 3578 εἷς
2759 3516 2910 3585 Θεὸς,
2962 3515 3023 3570 οὐ
3070 3521 3215 3592 τρεῖς
3258 3516 3389 3575 θεοί.
3437 3517 3572 3581 Τοὺς
3620 3520 3716 3593 μὲν
3749 3522 3858 3598 γὰρ

2208 3610 2352 3676 τρεῖς
2399 3604 2739 3680 ἀνθρώπους,
2788 3602 2933 3660 ἀλλὰ
2979 3602 3044 3675 δὴ
3094 3604 3184 3660 καὶ
3231 3605 3360 3669 τοὺς
3404 3603 3521 3681 δύο,
3570 3608 3671 3664 οὐκ
3712 3606 3858 3667 ἔστιν

2210 3692 2377 3747 εἷπεῖν
2426 3693 2712 3769 ἄνθρωπον
2772 3690 2900 3765 ἕνα,
2952 3692 3047 3748 κᾶν
3099 3692 3309 3771 φύσεως
3373 3696 3503 3750 ὦσιν
3574 3695 3856 3775 ἄνθρωποι

2206 3781 2397 3844 πάντες
2431 3787 2578 3855 μιᾶς’
2632 3783 2750 3839 Ἀπ’
2796 3780 3062 3853 ἀλλήλων
3112 3783 3215 3859 γὰρ
3265 3780 3625 3862 διακέκρινται
3676 3808 3860 3865 πραγ-

2210 3874 2473 3943 ματικῶς,
2520 3870 2610 3925 καὶ
2657 3867 2880 3932 ἕκαστος
2939 3870 3113 3926 αὐτῶν
3165 3868 3304 3926 ἰδίαν
3349 3869 3464 3949 ἔχει
3512 3881 3855 3956 περιγραφὴν

2202 3960 2458 4028 τοπικὴν,
2507 3957 2653 4014 ἀλλὰ
2706 3959 2795 4014 καὶ
2848 3958 3036 4035 χρόνῳ
3077 3960 3167 4015 καὶ
3222 3959 3505 4034 βουλήσει,
3555 3965 3643 4018 καὶ
3695 3963 3856 4020 δυνά-

2208 4069 2317 4121 μει,
2369 4048 2459 4103 καὶ
2517 4045 2643 4122 δόξῃ
2675 4094 2689 4120 ,
2751 4048 2840 4103 καὶ
2916 4048 3153 4111 πολλοῖς
3210 4046 3405 4114 ἄλλοις
3469 4048 3652 4128 ἕτερος
3709 4055 3859 4110 ἑτέ-

2204 4157 2299 4212 ρου
2354 4134 2638 4213 διείργεται
2670 4182 2681 4194 .
2742 4137 3130 4213 Παραπλήσιόν
3184 4160 3238 4193 τι
3294 4139 3425 4194 κάπὶ
3489 4144 3598 4196 τῶν
3655 4142 3851 4219 ἀγγέ-

2202 4225 2313 4280 λων
2367 4225 2709 4297 ὑποληπτέον
2735 4268 2747 4280 .
2799 4226 3065 4282 Κάκείνων
3097 4227 3200 4303 γὰρ
3249 4224 3472 4291 ἕκαστος
3521 4227 3643 4303 ἰδίῳ
3691 4232 3853 4307 τόπῳ

2198 4319 2400 4391 νοερῶς
2455 4315 2838 4391 περιγράφεται
2872 4362 2886 4388 ,
2946 4312 3085 4370 διότι
3164 4317 3357 4379 πάντες
3421 4322 3784 4396 περιγραπτοὶ
3832 4366 3849 4393 ,

2196 4404 2284 4457 καὶ
2315 4404 2523 4479 βαθμὸς
2554 4402 2724 4466 ἄλλος
2756 4400 2913 4477 ἄλλῳ
2940 4404 3308 4479 κεκλήρωται,
3339 4406 3430 4461 καὶ
3462 4404 3634 4470 ἄλλος
3666 4408 3846 4481 ἄλλην

2196 4489 2471 4567 ἔλλαμψιν
2529 4490 2767 4569 δέχεται.
2824 4493 2922 4547 Καὶ
2981 4494 3010 4547 6
3056 4494 3151 4567 μὲν
3210 4494 3494 4572 πρότερον,
3545 4495 3652 4553 ὁδ’
3692 4498 3845 4556 ὕστε-

2197 4600 2328 4655 ρον·
2368 4581 2456 4636 καὶ
2504 4583 2533 4637 6
2585 4582 2677 4655 μὲν
2731 4582 2970 4655 ἀμέσως,
3020 4584 3048 4637 6
3100 4580 3147 4638 δ’
3196 4583 3295 4639 οόκ
3341 4583 3579 4658 ἀμέσως,
3628 4585 3759 4643 ἀλλ’
3805 4591 3842 4659 ἢ

438 4674 686 4732 invicem
739 4674 1165 4731 discriminent.
1201 4671 1368 4729 Solas
1411 4674 1604 4727 autem
1638 4674 1755 4725 tres
1805 4686 2085 4741 personas

2205 4666 2262 4723 ii’
2318 4670 2456 4739 ένὸς,
2506 4671 2540 4739 ἣ
2596 4670 2685 4725 διὰ
2739 4668 3008 4726 πλειόνων
3063 4675 3170 4726 τῶν
3237 4671 3454 4745 μεταξύ.
3511 4673 3611 4729 Kc?
3669 4673 3842 4740 ἄλλος

434 4780 681 4820 summa:
737 4765 1062 4821 divinitatis
1094 4779 1200 4818 nec
1228 4761 1391 4818 locus
1428 4761 1501 4817 ab
1532 4759 1779 4815 invicem
1828 4764 2079 4830 separat,

435 4853 574 4924 quia
604 4870 718 4909 non
750 4854 1014 4920 ﬁnitae,et
1031 4852 1169 4924 quia
1187 4851 1401 4922 ubique
1432 4855 1488 4904 et
1505 4848 1742 4904 omnino
1760 4847 2080 4903 ininvicem

432 4939 936 4997 circumincedunt
982 4942 1203 5012 absque
1251 4938 1629 5003 confusione;
1665 4952 1770 4991 nec
1822 4940 2076 5007 tempus,

435 5032 570 5084 ante
601 5029 757 5085 enim
806 5029 1019 5085 saecula
1052 5029 1263 5101 pariter
1293 5031 1432 5084 sunt
1462 5026 1670 5081 haetres
1710 5041 1991 5096 personas,
2023 5029 2080 5080 et

432 5119 597 5171 extra
640 5122 909 5189 tempus;
959 5136 1061 5174 nec
1110 5117 1226 5172 alia
1272 5116 1509 5189 quidem
1559 5114 1735 5186 prior,
1785 5112 1899 5168 alia
1944 5129 2076 5168 vero

428 5205 737 5276 posterior.
769 5206 876 5261 Sed
923 5207 1101 5262 etiam
1134 5210 1191 5262 et
1214 5223 1333 5262 una
1377 5205 1567 5260 tribus
1605 5207 1695 5259 est
1737 5201 2074 5257 deliberatio

426 5297 485 5350 et
511 5292 801 5361 voluntas,
837 5311 955 5350 una
991 5294 1251 5367 potentia
1278 5293 1670 5365 omnipotens,
1706 5307 1824 5346 una
1871 5306 2074 5363 opera-

428 5381 505 5438 tio
536 5398 784 5454 operans
814 5382 1030 5454 omnia,
1062 5400 1180 5437 una
1225 5382 1545 5439 dominatio
1576 5380 1852 5436 omnibus
1884 5379 2071 5434 domi—

420 5488 570 5528 nans
600 5496 613 5539 ;
643 5470 848 5543 gloria,
881 5468 2072 5544 splendor,supergloriosa,superlucentia

418 5561 619 5618 eadem
655 5560 879 5631 tribus;
914 5560 1296 5633 ejusdemque
1326 5559 1677 5629 substantia,
1712 5562 1769 5613 et
1798 5558 2067 5627 honoris,

490 5772 509 5813 ¹
539 5770 710 5836 Joan.
741 5787 858 5847 xxv,
888 5772 980 5834 28.

2193 4756 2445 4833 ἀλλαχοῦ
2495 4756 2907 4831 ἀποστέλλεται,
2957 4758 3046 4815 καὶ
3080 4759 3267 4822 ἁπλῶς
3313 4761 3481 4816 εἰπεῖν
3513 4761 3704 4819 πολλά
3731 4764 3842 4822 ἐστι

2188 4846 2256 4900 τὰ
2285 4845 2336 4917 ἐξ
2368 4844 2633 4918 ἀλλήλων
2663 4847 2857 4911 αὐτοὺς
2906 4846 3280 4923 διατέμνοντα.
3317 4850 3468 4906 Μόνα
3517 4849 3575 4907 δὲ
3620 4853 3690 4908 τὰ
3717 4855 3843 4930 τρία

2189 4934 2455 5010 πρόσωπα
2501 4944 2599 5007 τῆς
2671 4938 2966 5012 ὑπερτάτου
3033 4938 3290 5008 θεότητος
3358 4936 3483 4995 οὕτε
3530 4941 3700 5005 τόπος
3749 4944 3841 4998 ἀπ’

2187 5020 2454 5095 ἀλλήλων
2505 5022 2791 5099 διίστησιν,
2845 5025 2929 5081 ὅτι
2976 5026 3365 5103 ἀπερίγραπτα,
3413 5028 3504 5084 καὶ
3547 5030 3629 5085 ὅτι
3662 5031 3836 5103 πάντη

2184 5132 2242 5166 τε
2297 5114 2387 5168 καὶ
2442 5112 2656 5199 πάντως
2707 5114 2759 5169 έν
2819 5112 3093 5186 ἀλλήλοις
3153 5120 3657 5194 περικεχωρήκασιν
3714 5118 3838 5199 ἄτερ

2184 5200 2538 5276 συγχύσεως·
2591 5198 2715 5257 οὔτε
2763 5202 2998 5278 χρόνος.
3051 5206 3367 5280 Προαιώνια
3412 5207 3513 5283 γὰρ
3568 5209 3713 5282 ὁμοῦ
3772 5198 3837 5264 τὰ

2180 5287 2305 5363 τρία
2350 5289 2440 5344 καὶ
2493 5291 2823 5367 ὑπέρχρονα,
2872 5291 2961 5346 καὶ
3015 5291 3076 5346 οὐ
3106 5294 3169 5348 τὸ
3219 5295 3310 5367 μὲν
3360 5294 3645 5372 πρότερον,
3686 5299 3749 5353 τὸ
3780 5295 3836 5352 δὲ

2186 5382 2299 5448 μετ’
2328 5377 2478 5447 αὐτὸ,
2532 5378 2676 5435 ἀλλᾶ
2722 5380 2813 5434 καὶ
2865 5380 2964 5454 μία
3004 5386 3120 5445 τοῖς
3168 5381 3311 5458 τρισὶ
3365 5382 3630 5460 βούλησίς
3656 5406 3718 5442 τε
3745 5385 3834 5441 καὶ

2179 5463 2430 5539 θέλησις,
2484 5467 2581 5540 μία
2625 5467 2848 5541 δύναμις
2896 5470 3213 5540 πανσθενής,
3265 5470 3506 5548 ἐνέργεια
3556 5473 3652 5547 μία
3701 5495 3833 5530 παν-

2174 5556 2459 5632 τουργικὴ,
2495 5555 2591 5630 μία
2638 5555 2896 5633 κυριότης
2946 5560 3341 5638 παντοκρατής,
3395 5557 3541 5635 δόξα,
3579 5562 3833 5639 λαμπρό-
