4110 6438
157 505 278 567 589

1281 507 1547 572 SERMO
1589 511 1693 571 AD
1737 507 2162 572 MONACHOS
2207 510 2432 572 SUOS.

3443 509 3562 569 590

157 657 280 708 της,
334 634 649 713 ὑπέρδοξος,
703 635 1112 716 ὑπὲρλαμπρος,
1161 642 1193 708 ἡ
1241 639 1374 709 αὑτή
1440 646 1558 702 τοῖς
1609 641 1803 717 τρισίν.

1925 642 2131 697 iisdem
2162 647 2251 697 est
2270 641 2853 712 supersubstantiale.
2874 642 2969 698 Sic
2994 658 3133 697 sane
3159 646 3273 697 tres
3303 657 3562 712 personae

159 722 502 796 Ὁμοουσίως
531 744 590 778 τε
615 729 735 786 τοῖς
765 724 950 788 αὑτοῖς
999 726 1089 781 καὶ
1134 727 1420 800 ὁμοτίμως
1463 728 1525 782 τὸ
1578 727 1806 802 ὑπερού-

155 832 298 866 σιον.
332 810 487 866 Οὕτω
531 834 617 867 τοι
658 814 725 868 τὰ
761 814 884 890 τρία
931 814 986 869 ἓν
1037 811 1317 892 ἀραρότως
1351 817 1480 872 εἷσὶν
1529 817 1810 893 ἀσύγχυτα

157 906 280 963 ταῖς
312 901 695 964 ὑποστατικαῖς
727 900 986 976 ἰδιότησι,
1016 904 1106 960 καὶ
1137 900 1264 961 ὄντα
1294 907 1384 961 καὶ
1431 905 1806 980 πιστευόμενα.

228 987 460 1060 ’ἰδιότης
492 987 548 1044 δὲ
586 991 676 1045 καὶ
735 989 943 1066 ἰδίωμα
988 994 1078 1048 καὶ
1130 991 1266 1049 ἴδιον
1313 994 1525 1072 λέγεται
1569 995 1633 1050 τὸ
1683 1001 1808 1068 μιᾶς

158 1077 390 1148 ἑκάστης
481 1081 974 1154 χαρακτηριστικὸν
1073 1082 1412 1146 ὑποστάσεως
1503 1084 1808 1159 γνώρισμα,

157 1165 250 1222 διὰ
294 1169 358 1222 τὸ
426 1164 612 1230 ἱδικῶς
661 1167 849 1240 ἐκείνῳ
899 1169 1050 1242 μόνῳ
1095 1176 1502 1245 προσεῖναι,τῴ
1559 1172 1621 1226 οῦ
1669 1171 1808 1226 ἐστιν

163 1253 328 1327 ἴδιον,
361 1255 423 1310 οὑ
456 1257 564 1328 μὴν
603 1256 693 1310 καὶ
744 1254 903 1328 ἄλλῳ
945 1257 1070 1316 τινί.
1103 1260 1172 1313 Τὸ
1221 1260 1324 1336 γὰρ
1373 1261 1462 1314 καὶ
1505 1259 1663 1332 ἄλλῳ
1703 1259 1811 1315 τινὶ

154 1345 384 1420 προσὸν,
426 1349 587 1399 τοῦτο
634 1346 815 1400 κοινὸν
865 1345 955 1400 καὶ
1008 1346 1107 1402 οὐκ
1147 1345 1306 1404 ἴδιον.
1359 1351 1483 1404 Οἴον
1530 1347 1666 1403 ἴδιον
1714 1352 1812 1403 τοῦ

150 1434 368 1510 Πατρός
420 1434 479 1488 τὸ
527 1433 839 1509 ἀγέννητον,
890 1438 1050 1490 τοῦτο
1103 1433 1289 1498 ἶδικῶς
1349 1437 1496 1510 μόνῳ
1557 1437 1812 1514 πρόσεστι

144 1526 230 1594 τῷ
274 1521 469 1597 Πατρί.
501 1521 678 1583 Μόνος
729 1522 832 1596 γὰρ
875 1523 904 1577 6
959 1524 1144 1599 Πατὴρ
1183 1524 1493 1600 ἀγὲννητος,
1546 1525 1661 1581 ἐπεὶ
1719 1530 1812 1581 καὶ

155 1610 329 1684 μόνος
374 1611 581 1686 Πατήρ.
628 1608 792 1665 Ἰδιον
843 1616 939 1666 τοῦ
996 1613 1125 1666 Υἱοῦ
1189 1614 1251 1668 τὸ
1313 1615 1590 1689 γεννητόν.
1644 1612 1810 1670 ’Ἰδιον

148 1703 250 1754 τοῦ
329 1699 487 1773 ἁγίου
545 1698 859 1772 Πνεύματος
913 1700 975 1754 τὸ
1055 1699 1435 1774 ἐκπορεύεσθαι
1503 1704 1651 1779 παρὰ
1715 1707 1812 1758 τοῦ

145 1787 385 1862 Πατρός.
418 1783 550 1842 Οὔτε
599 1784 655 1841 δὲ
690 1787 754 1842 τὸ
801 1792 1022 1860 Πνεῦμα
1072 1795 1314 1865 γεννᾶται
1361 1792 1424 1845 τὸ
1474 1792 1646 1866 ἅγιον,
1690 1787 1814 1853 οὔτε

147 1877 175 1930 6
206 1876 334 1938 Υἱὸς
385 1874 751 1951 ἐκπορεύεται.
801 1877 870 1930 Τὸ
929 1879 1112 1950 μὲννοι
1172 1874 1422 1934 ἅκτιστον
1484 1881 1573 1934 καὶ
1624 1880 1812 1955 ἀπερί-

149 1985 394 2041 γραπτον
444 1964 532 2018 καὶ
584 1965 902 2040 ὑπερούσιον
964 1967 1054 2020 καὶ
1115 1969 1182 2022 10‘:
1224 1973 1446 2022 τοιαῦτα
1493 1970 1650 2022 κοινᾶ
1694 1975 1804 2023 Πα-

151 2055 279 2128 τρὸς
328 2053 419 2108 καὶ
469 2055 596 2108 ὶ”ιοῦ
642 2053 730 2108 καὶ
783 2054 937 2129 άγίου
989 2055 1319 2129 Πνεύματος·
1354 2054 1442 2111 διὰ
1496 2062 1656 2112 τοῦτο
1715 2057 1802 2112 καὶ

151 2151 254 2212 τῆς
325 2142 471 2204 θείας
546 2141 752 2218 φύσεως
818 2141 1089 2217 ἰδιώματα
1157 2143 1430 2220 λέγονται·
1493 2153 1592 2215 τῆς
1661 2146 1802 2210 θείας

157 2233 252 2306 μὲν
310 2230 525 2309 φύσεως
577 2230 659 2286 6'1:
711 2234 909 2308 φυσικὰ
976 2233 1065 2287 καὶ
1138 2233 1244 2310 οὐχ
1313 2234 1640 2289 ὑποστατικὰ
1683 2241 1804 2296 ταῖς

146 2319 322 2395 τρισὶν
391 2319 677 2394 ὁμοτίμως
739 2314 1013 2395 προσόντα
1054 2328 1154 2391 τῆς
1205 2322 1459 2392 θεότητος
1512 2324 1802 2379 ὑποστάσε-

151 2429 252 2462 σινο
299 2406 576 2481 ἰδιώματα
624 2407 700 2481 δὲ,
734 2410 808 2471 ὡς
870 2406 1014 2483 ἄλλῃ
1042 2409 1185 2483 πάσῃ
1229 2411 1380 2489 φύσει
1432 2409 1578 2480 πλὴν
1633 2412 1806 2485 μόνης

149 2505 253 2566 τῆς
286 2496 430 2562 θείας
462 2497 647 2559 οὐσίας
688 2499 913 2571 πάμπαν
973 2498 1260 2572 ἀμὲθεκτα,
1294 2502 1421 2574 μήτ’
1476 2501 1802 2575 ἀνθρώποις,

151 2587 284 2659 μήτ’
316 2583 579 2662 ἀγγέλοις
613 2584 762 2650 ὅλως
791 2585 1214 2663 ἐνθεωρούμενα.

223 2762 486 2819 Καλεῖται
530 2761 588 2818 δὲ
642 2763 731 2818 καὶ
773 2767 808 2833 ἡ
856 2763 1009 2820 οὐσία
1070 2765 1161 2820 καὶ
1231 2765 1386 2841 φύσις
1457 2765 1544 2820 καὶ
1620 2767 1804 2844 μορφὴ

147 2855 380 2919 κοινῶς,
439 2852 476 2920 ἡ
523 2855 630 2905 τῶν
685 2847 872 2913 ἴδικῶς
939 2847 1107 2906 ὄντων
1157 2855 1452 2929 περιοχική
1506 2852 1682 2926 οὐσία,
1731 2853 1806 2915 ὡς

152 2938 294 2995 οὖσα
351 2939 456 2994 ἀεί’
516 2939 672 3016 φύσις
733 2938 810 3010 δὲ,
871 2940 946 3002 ὡς
1022 2940 1231 3018 φύουσα
1291 2941 1388 3004 τὰς
1467 2941 1803 3004 ὑποστάσειςο

155 3030 351 3108 μορφή
386 3025 465 3095 δὲ,
497 3028 571 3090 ὡς
602 3026 746 3083 ὅλων
769 3033 876 3083 τῶν
915 3029 1300 3107 μορφωμάτων
1347 3034 1454 3086 τῶν
1509 3031 1596 3085 ὑπ’
1638 3031 1805 3100 αὐτὴν

149 3117 286 3188 ἤτοι
336 3121 445 3172 τῶν
499 3119 863 3193 χαρακτήρων
905 3115 1278 3188 συλληπτική.
1326 3118 1400 3172 Τὰ
1448 3116 1506 3174 δὲ
1550 3119 1806 3195 περιεχό-

154 3226 301 3280 μενα
346 3202 602 3280 λέγονται
652 3205 742 3260 καὶ
790 3201 967 3278 ἄτομα
1013 3206 1103 3260 καὶ
1153 3205 1489 3278 ὑποστάσεις,
1520 3206 1610 3261 καὶ
1639 3206 1806 3282 πρόσ-

422 3295 437 3314 \
501 3291 527 3312 >¹
771 3294 787 3312 κ
886 3291 910 3311 ἢ
948 3295 962 3312 \
1434 3294 1446 3312 τ
1495 3299 1523 3310 ~
1753 3297 1766 3314 ι

149 3315 305 3351 ωπα.
337 3300 438 3348 Και
497 3313 673 3367 ατομα
733 3314 826 3366 μεν
882 3309 972 3347 οια
1026 3295 1088 3348 τὸ
1157 3291 1322 3367 μηδὲν
1389 3316 1565 3349 αυτων
1627 3317 1805 3368 τομην

150 3382 288 3454 ἤτοι
368 3380 625 3453 διαίρεσιν
693 3379 1054 3456 ἐπιδέχεσθαιο
1119 3389 1216 3452 τῆς
1290 3383 1393 3459 γὰρ
1460 3371 1878 3459 ἀνθρωπίνηςῧ

149 3472 367 3540 οὐσίας,
423 3469 615 3526 ταυτὸν
674 3467 720 3525 δ’
776 3470 944 3525 εἰπεῖν
1023 3471 1464 3546 ἀνθρωπότητος,
1524 3472 1599 3534 εἷς
1681 3472 1808 3534 τοὺς

151 3567 278 3616 κατ’
327 3556 576 3628 αἴσθησιν
627 3558 948 3634 ἀνθρώπους
1018 3557 1424 3636 διαιρουμένης,
1474 3558 1649 3622 οὐδεὶς
1715 3561 1808 3615 αὑ-

155 3654 271 3705 τῶν
332 3647 412 3709 εἰς
466 3646 669 3708 ἄλλους
736 3647 1052 3722 ἀνθρώπους
1100 3650 1383 3721 τέμνεσθαι
1426 3647 1666 3718 δύναται,
1701 3653 1811 3717 ζῶα

151 3737 364 3813 λογικὰ
415 3735 507 3790 καὶ
554 3737 740 3809 θνητὰ,
783 3739 880 3790 νοῦ
943 3735 1032 3790 καὶ
1082 3734 1388 3809 ἐπιστήμης
1452 3734 1668 3792 δεκτικὰ
1722 3735 1810 3790 καὶ

144 3824 297 3880 κατὰ
324 3828 521 3879 τοῦτον
555 3825 645 3878 τὸν
682 3822 844 3900 λόγον
876 3823 928 3879 οἱ
964 3823 1051 3878 ἐπὶ
1087 3824 1283 3900 μέρους
1332 3825 1580 3894 ἅπαντες,
1614 3825 1806 3898 ἄτομα.

147 3913 510 3974 Ὑποστάσεις
581 3907 639 3965 δὲ
704 3912 778 3973 ὡς
828 3911 933 3967 ὑπὸ
973 3913 1072 3981 τήν
1125 3913 1279 3988 φύσιν
1321 3912 1524 3968 ἑστῶτα
1569 3915 1658 3968 καὶ
1717 3914 1810 3987 μὲ-

153 4023 320 4057 νοντα
366 3997 610 4056 καθόλου
657 3999 856 4070 ταύτης
905 3997 1072 4071 οὔσης
1119 4001 1210 4055 καὶ
1282 4003 1660 4078 θεωρουμένης
1730 4002 1810 4057 ἐν-

155 4093 544 4163 νοηματικῶς,
600 4091 710 4142 τῶν
771 4086 829 4142 δὲ
889 4092 1123 4164 μερικῶν
1179 4084 1367 4157 ὄντων,
1418 4090 1507 4145 καὶ
1561 4092 1625 4146 τὸ
1682 4091 1813 4146 εἶναι

157 4177 410 4254 ἐχόντων
484 4180 897 4251 πραγματικῶς.
949 4175 1222 4252 Πρόσωπα
1279 4174 1358 4246 δὲ,
1408 4175 1546 4233 διότι
1592 4175 1814 4235 ἕκαστον

157 4266 344 4322 αὐτῶν
384 4264 586 4320 οἰκεῖον
621 4262 735 4340 ἔχει
788 4268 1110 4340 χαρακτῆρα
1151 4271 1268 4329 τοῖς
1319 4266 1537 4330 λοιποῖς
1585 4267 1814 4323 ἀκοινώ-

157 4376 354 4424 νητον.
405 4357 702 4428 Τοιγαροῦν
768 4351 854 4408 ἐπὶ
910 4359 1010 4422 τῆς
1081 4353 1339 4424 θεότητος
1415 4356 1540 4430 μίαν
1611 4356 1815 4429 οὐσίαν,

161 4443 324 4520 ερύσιν
379 4439 527 4514 μίαν,
559 4445 647 4496 καί
697 4441 821 4514 μίαν
876 4443 1090 4519 μορφὴν
1139 4440 1817 4519 δογματίζομεν.,”Ατομα

163 4528 226 4585 δὲ
293 4529 438 4606 τρία,
499 4534 644 4605 τρεῖς
734 4531 1074 4601 ὑποστάσεις,
1138 4531 1261 4608 τρία
1321 4533 1586 4608 πρόσωπα
1645 4554 1816 4610 χαρα-

141 4618 369 4694 ’κτῆρσι
414 4616 819 4690 καταλλήλοις,
868 4616 1040 4675 εἶτουν
1093 4618 1372 4694 ῗδιώμασι,
1423 4622 1817 4698 γνωριζόμενα.

1919 747 2102 784 unum
2134 735 2266 801 apte
2311 735 2452 786 sunt
2498 730 2838 798 inconfusaa,
2873 729 3278 802 personalibus
3307 729 3564 802 proprie-

1917 818 2159 886 tatibus,
2195 823 2252 875 et
2276 823 2416 874 sunt
2443 823 2499 876 et
2527 820 2865 876 creduntur.

1991 996 2319 1066 Proprietas
2351 1013 2484 1052 vero
2539 1000 2595 1052 et
2624 996 2844 1052 idioma
2890 1000 2947 1052 et
2997 995 3302 1068 proprium
3351 995 3563 1050 dicitur

1919 1084 2387 1156 uniuscujusque
2400 1085 2732 1155 personae,si
2740 1101 2922 1156 gnum
2937 1083 3243 1156 peculiare,
3261 1088 3565 1156 propterea

1921 1173 2074 1245 quod
2139 1173 2276 1228 huic
2323 1178 2554 1228 tantum
2600 1173 2902 1228 conveniat
2949 1172 3200 1245 proprie,
3253 1173 3420 1243 cujus
3477 1176 3566 1228 est

1923 1261 2245 1333 proprium,
2279 1278 2383 1317 nec
2412 1266 2607 1317 tamen
2640 1261 2736 1317 alii
2770 1261 3046 1333 cuipiam.
3081 1261 3242 1326 Quod
3275 1261 3434 1316 enim
3466 1260 3566 1316 alii

1923 1349 2176 1420 cuipiam
2200 1351 2555 1416 convenit,id
2577 1366 2887 1405 commune
2908 1354 2995 1405 est
3015 1353 3071 1404 et
3102 1366 3218 1404 non
3240 1348 3562 1421 proprium.

1922 1438 1996 1493 Ut
2025 1439 2212 1494 Patris
2241 1439 2542 1511 pr0prium
2575 1443 2662 1494 est
2699 1455 2827 1494 esse
2856 1437 3207 1510 ingenitum,
3241 1438 3395 1509 quod
3429 1454 3565 1508 pro-

1924 1527 2047 1598 prie
2095 1527 2248 1583 Patri
2299 1527 2488 1582 solum
2538 1527 2824 1597 convenit,
2859 1526 3020 1582 solus
3067 1527 3224 1582 enim
3272 1527 3440 1582 Pater
3478 1529 3567 1581 est

1923 1615 2240 1688 ingenitus,
2275 1617 2413 1688 quia
2439 1621 2496 1671 et
2542 1615 2704 1671 solus
2752 1615 2940 1683 Pater,
2976 1614 3103 1670 Filii
3146 1614 3446 1686 proprium
3478 1618 3566 1669 est

1923 1718 2053 1759 esse
2069 1705 2332 1776 genitum
2357 1723 2370 1772 ;
2403 1709 2460 1760 et
2474 1703 2726 1775 Spiritus
2748 1702 2959 1769 sancti,
2983 1704 3291 1774 procedere
3313 1702 3562 1758 aPatre:

1923 1808 2028 1847 nec
2059 1791 2216 1847 enim
2247 1792 2509 1864 gignitur
2539 1793 2789 1864 Spiritus
2821 1796 3080 1857 sanctus,
3103 1809 3209 1847 nec
3237 1790 3418 1847 Filius
3440 1807 3567 1862 pro-

1923 1880 2094 1936 cedit.
2126 1882 2395 1935 Attamen
2446 1885 2668 1936 creatos
2718 1897 2833 1936 non
2882 1896 3010 1936 esse
3057 1897 3163 1935 nec
3212 1878 3430 1946 ﬁnitos,
3465 1880 3565 1934 sed

1921 1985 2050 2025 esse
2080 1969 2694 2041 supersubstantiales,
2717 1973 2775 2025 et
2803 1969 2917 2025 alia
2938 1968 3276 2039 hujusmodi
3298 1985 3560 2023 commu-

1914 2057 2010 2112 nia
2056 2063 2195 2112 sunt
2223 2062 2280 2113 et
2312 2058 2464 2113 Patri
2511 2063 2568 2112 et
2600 2059 2742 2113 Filio
2791 2063 2848 2113 et
2879 2057 3119 2129 Spiritui
3168 2061 3391 2126 sancto,
3425 2074 3556 2128 pro-

1912 2150 2224 2217 ptereaque
2253 2146 2529 2201 dicuntur
2557 2147 2763 2201 divinae
2808 2151 3027 2202 naturae
3059 2145 3340 2200 idiomata
3371 2162 3384 2198 :
3418 2145 3559 2200 divi-

1915 2251 1999 2289 nae
2033 2235 2270 2305 quidem
2301 2239 2545 2304 naturae,
2578 2235 2718 2306 quia
2744 2234 3036 2290 naturalia
3056 2239 3113 2290 et
3143 2251 3256 2290 non
3288 2251 3562 2306 persona-

1914 2321 1996 2377 lia
2031 2340 2042 2377 :
2081 2323 2271 2380 tribus
2300 2340 2463 2394 aeque
2488 2323 2891 2379 convenientia
2921 2322 3251 2378 Divinitatis
3281 2322 3561 2395 hyposta-

1915 2412 2102 2478 sibus,
2131 2411 2417 2468 idiomata
2461 2429 2594 2468 vero
2649 2417 2849 2484 utpote
2897 2411 3136 2468 cuilibet
3185 2411 3283 2467 alii
3315 2415 3557 2481 naturae,

1915 2503 2154 2571 excepta
2186 2501 2310 2556 sola
2341 2501 2534 2556 divina
2565 2501 2915 2572 substantia,
2949 2501 3186 2556 omnino
3227 2517 3340 2556 non
3373 2502 3560 2572 parti-

1915 2587 2182 2660 cipanda,
2214 2605 2320 2644 nec
2350 2588 2410 2644 in
2441 2589 2781 2645 hominibus
2820 2605 2925 2644 nec
2976 2589 3036 2644 in
3067 2587 3292 2660 angelis
3322 2589 3561 2644 omnino

1914 2676 2199 2748 inspecta.

1987 2769 2244 2821 Vocatur
2291 2769 2484 2822 autem
2537 2766 2795 2822 essentia
2837 2766 3212 2837 (substantia)
3266 2769 3324 2820 et
3352 2769 3565 2820 natura

1917 2858 1974 2910 et
1997 2854 2188 2909 forma
2233 2855 2662 2923 communiter;
2697 2854 2952 2911 essentia
3002 2853 3308 2910 includens
3337 2869 3407 2908 ea
3436 2870 3562 2924 quae

1917 2925 2362 3014 sunt'propria,
2416 2947 2617 3016 utpote
2687 2960 2816 3016 quas
2864 2947 2954 2998 est
2998 2959 3230 3014 semper
3273 2960 3286 3009 ;
3355 2946 3564 2997 natura

1915 3048 2052 3088 vero
2083 3036 2284 3103 utpote
2332 3033 2660 3104 producens
2704 3049 3004 3104 personas,
3036 3036 3092 3087 et
3135 3033 3324 3086 forma
3364 3033 3564 3101 utpote

1918 3136 2122 3176 omnes
2153 3120 2373 3175 formas
2421 3121 2531 3176 sub
2562 3121 2693 3192 ipsa
2736 3124 2792 3174 et
2821 3120 2992 3192 signa
3039 3118 3558 3190 comprehendens.

1918 3210 2052 3272 Quae
2083 3212 2281 3264 autem
2311 3208 2716 3276 includuntur,
2750 3210 3026 3264 dicuntur
3067 3212 3124 3263 et
3153 3207 3472 3275 individua,
3506 3209 3563 3262 et

1919 3297 2261 3369 hypostases
2310 3302 2368 3352 et
2415 3314 2674 3369 personae
2702 3340 2714 3352 .
2766 3296 3071 3352 Individua
3117 3296 3375 3367 quidem,
3427 3311 3560 3350 cum

1917 3385 2145 3441 nullum
2211 3403 2413 3441 eorum
2503 3387 2818 3442 sectionem
2904 3385 2992 3441 vel
3059 3384 3400 3440 divisionem
3465 3384 3562 3438 ad-

1920 3475 2149 3530 mittere
2196 3475 2400 3546 possit.
2451 3475 2719 3530 Essentia
2765 3474 2920 3529 enim
2974 3474 3254 3541 humana,
3297 3477 3352 3528 et
3382 3476 3448 3527 ut
3477 3471 3559 3527 ita

1919 3563 2132 3630 dicam,
2164 3563 2532 3618 humanitate
2579 3563 2639 3618 in
2689 3563 3028 3619 hominibus
3057 3561 3434 3617 sensibilibus
3465 3560 3558 3614 di-

1917 3651 2061 3718 visa,
2095 3667 2266 3706 nemo
2297 3651 2507 3706 horum
2533 3651 2594 3706 in
2626 3650 2756 3706 aliis
2779 3650 3116 3706 hominibus
3134 3649 3310 3704 dividi
3335 3651 3558 3720 potest;

1921 3743 2060 3794 sunt
2091 3738 2369 3794 animalia
2408 3738 2781 3794 rationabilia
2827 3744 2881 3794 et
2910 3738 3203 3803 mortalia,
3236 3735 3564 3808 intelligen-

1922 3828 2015 3883 tiaa
2060 3831 2118 3883 et
2167 3827 2420 3882 scientiae
2470 3828 2728 3899 capacia,
2763 3831 2820 3882 et
2864 3827 3030 3897 juxta
3081 3827 3232 3881 hanc
3279 3825 3566 3881 rationem

1923 3932 2126 3972 omnes
2184 3915 2401 3988 singuli
2452 3920 2592 3971 sunt
2639 3915 2958 3971 individua.
3009 3915 3362 3986 Hypostases
3409 3929 3564 3985 vero,

1925 4007 2092 4077 quasi
2123 4005 2233 4060 sub
2288 4009 2499 4060 natura
2551 4005 2767 4060 stantia
2815 4004 3231 4074 manentiaque
3282 4003 3392 4058 hac
3439 4002 3568 4074 ipsa

1923 4095 2235 4150 exsistente
2284 4094 2763 4164 considerateque
2813 4093 2872 4148 in
2921 4092 3134 4164 specie,
3186 4092 3567 4163 partibusque

1924 4183 2338 4239 exsistentibus
2388 4187 2445 4237 et
2491 4197 2618 4238 esse
2666 4182 3017 4237 habentibus
3071 4181 3129 4235 in
3181 4198 3260 4235 re.
3301 4181 3566 4235 Persona:

1926 4275 2146 4338 autem,
2178 4270 2315 4342 quia
2344 4271 2805 4342 unumquodque
2831 4270 3039 4325 horum
3063 4269 3362 4340 proprium
3394 4267 3569 4322 habet

1925 4360 2340 4431 characterem,
2363 4360 2584 4415 casteris
2616 4377 2730 4415 non
2763 4375 3154 4414 communem.
3179 4357 3268 4411 Sic
3299 4357 3477 4428 igitur
3497 4357 3568 4409 de

1926 4449 2254 4515 Divinitate,
2289 4465 2469 4503 unam
2501 4448 2836 4517 essentiam,
2868 4463 3046 4502 unam
3077 4450 3364 4510 naturam,
3390 4460 3568 4498 unam

1927 4538 2175 4592 formam
2207 4536 2712 4608 dogmatizamus;
2743 4535 3044 4590 individua
3073 4533 3201 4602 tria,
3229 4533 3570 4604 bypostases

1928 4632 2070 4693 tres,
2103 4642 2384 4697 personas
2420 4629 2538 4680 tres
2569 4641 2697 4695 quae
2745 4613 3195 4678 characteribus‘
3229 4621 3571 4676 convenien-

163 4709 468 4784 Χαρακτὴρ
508 4705 564 4762 δὲ
630 4706 845 4782 λέγεται
908 4715 1007 4777 τῆς
1077 4717 1346 4784 πατρικῆς
1403 4711 1744 4774 ὑποστάσεως
1792 4713 1811 4767 ἑ

1931 4714 2110 4780 tibus,
2162 4714 2221 4768 id
2276 4719 2382 4781 est,
2435 4712 2819 4767 idiomatibus
2869 4715 3214 4766 noscuntur.
3266 4710 3576 4766 Character

163 4794 453 4870 Υἱὸς,οὑχ
513 4795 596 4850 6'1:
649 4795 808 4858 αὑτός
861 4795 970 4851 ἐστι
1028 4797 1090 4851 τὸ
1148 4795 1283 4853 ἴδιον
1343 4803 1437 4854 τοῦ
1477 4802 1708 4874 Πατρὸς,
1737 4801 1822 4864 τίς

159 4885 276 4961 γὰρ
323 4884 386 4938 ἂν
431 4888 592 4939 τοῦτο
651 4885 974 4955 ὑπονοήσειε
1029 4885 1198 4961 λόγου
1259 4889 1644 4962 μετεσχηκώς;
1698 4887 1822 4944 ἀλλ’

161 4973 252 5028 6'1:
280 4974 416 5029 καθὸ
446 4975 627 5050 πατὴρ
658 4975 686 5028 6
718 4976 904 5048 Πατὴρ
951 4975 1010 5029 ἐκ
1036 4980 1133 5030 τοῦ
1182 4975 1326 5052 ἔχειν
1374 4978 1496 5031 Υἱὸν
1541 4997 1823 5053 χαρακτη-

163 5064 378 5138 ρίζεται
426 5063 514 5116 καὶ
566 5061 908 5137 γνωρίζεται,
961 5063 1050 5117 καὶ
1096 5063 1177 5117 ὅτι
1230 5066 1402 5119 πάντα
1456 5067 1523 5119 10‘:
1567 5070 1663 5120 τοῦ
1712 5071 1820 5120 Πα-

159 5153 298 5227 τρὸς
329 5147 475 5227 ἔχων
509 5152 537 5206 6
571 5152 694 5213 Υἱὸς
749 5150 800 5206 ἐν
835 5152 1006 5222 ἑαυτῷ
1058 5154 1226 5225 μένων
1275 5154 1398 5215 Υἱὸς
1449 5151 1681 5210 δείκνυσι
1732 5155 1821 5208 τὸν

162 5240 224 5310 ἐξ
275 5241 360 5313 οὗ,
394 5238 634 5313 καθάπερ
680 5239 836 5294 εἷ’κὼν
889 5239 1053 5294 αὑτοῦ
1101 5242 1298 5315 φυσικὴ
1357 5242 1446 5297 καὶ
1503 5239 1824 5317 ἀπαράλλα-

160 5349 322 5390 κτος·
386 5325 470 5383 διὸ
529 5329 619 5383 καί
677 5347 860 5407 φησιν’
905 5330 966 5387 Ὁ
1023 5329 1277 5406 ἑωρακὼς
1327 5329 1425 5402 ἐμὲ
1473 5331 1680 5407 ἑώρακε
1734 5332 1824 5386 τὸν

163 5418 407 5492 Πατέρα.
444 5421 582 5478 Νοῦς
613 5413 670 5472 δὲ
701 5416 774 5471 ὢν
804 5417 832 5471 ὁ
872 5415 1108 5493 ἄναρχος
1157 5419 1308 5496 φύσει
1360 5419 1488 5482 Θεὸς
1550 5422 1825 5495 ὁμοφυοῦς

165 5505 410 5580 ὑπάρχει
441 5505 621 5581 Λόγου
650 5506 1010 5581 πηγαστικός·
1043 5509 1229 5584 Πατὴρ
1275 5505 1333 5562 δὲ
1381 5506 1478 5579 ὣν,
1509 5509 1827 5584 γεννητικός

161 5594 316 5652 ἐστιν
345 5595 646 5668 ὁμοουσίου
704 5596 852 5651 Υἱοῦ⁶
888 5594 979 5653 διὰ
1029 5599 1192 5654 τοῦτο
1239 5599 1330 5654 καὶ
1359 5602 1456 5654 τοῦ
1486 5603 1620 5655 Θεοῦ
1647 5598 1827 5678 Λόγος

249 5807 272 5849 ²
296 5807 474 5874 Joan.
505 5823 622 5884 xxv,
653 5808 709 5872 9.

1933 4803 2171 4876 quidem
2226 4808 2474 4873 paternae
2526 4801 2905 4873 hypostaseos
2957 4799 3173 4854 dicitur
3224 4799 3422 4865 Filius,
3458 4816 3574 4854 non

1934 4893 2089 4965 quod
2107 4891 2233 4962 ipse
2256 4890 2334 4945 sit
2356 4889 2654 4961 proprium
2679 4889 3024 4959 Patris,quis
3041 4888 3198 4942 enim
3219 4887 3363 4941 illud
3381 4887 3577 4958 suspi-

1933 4984 2164 5036 caretur
2193 4978 2407 5034 mentis
2451 4995 2690 5050 compos
2710 4977 2737 5031 ?
2769 4977 2868 5032 sed
2915 4977 3068 5047 quod
3119 4981 3290 5031 Pater
3321 4981 3385 5030 ut
3414 4981 3579 5047 pater

1933 5069 2318 5141 distinguitur
2345 5071 2401 5122 et
2424 5067 2680 5122 nescitur
2701 5083 2769 5121 ex
2798 5083 2863 5120 eo
2888 5067 3042 5136 quod
3066 5065 3276 5119 Filium
3308 5065 3502 5132 habet,
3521 5069 3578 5119 et

1935 5157 2075 5230 quia
2103 5156 2300 5212 omnia
2330 5156 2518 5210 Patris
2549 5154 2770 5210 habens
2804 5154 3003 5218 Filius,
3035 5155 3095 5208 in
3127 5170 3188 5208 se
3219 5170 3461 5208 manens
3498 5152 3577 5206 Fi-

1934 5245 2068 5314 lius,
2104 5248 2389 5300 monstrat
2418 5243 2572 5298 unde
2603 5243 2699 5309 sit,
2721 5248 2999 5314 tanquam
3030 5243 3225 5313 imago
3248 5243 3376 5312 ejus
3407 5248 3576 5296 natu-

1936 5334 2074 5390 ralis
2106 5351 2210 5389 nec
2239 5334 2579 5404 discrepans
2605 5351 2617 5399 ;
2673 5332 2884 5386 idcirco
2932 5336 2989 5386 et
3017 5331 3096 5386 ait
3127 5348 3139 5384 :
3176 5332 3281 5398 Qui
3310 5331 3448 5385 vidit
3470 5347 3576 5397 me,

1936 5423 2074 5478 vidit
2117 5424 2335 5476 Patrem
2367 5422 2407 5490 ε,
2451 5419 2706 5492 Spiritus
2753 5436 2884 5474 cum
2941 5418 3017 5474 sit
3063 5418 3177 5486 ille,
3232 5419 3330 5490 qui
3374 5423 3584 5473 natura

1941 5511 2162 5582 absque
2192 5509 2476 5582 principio
2509 5514 2617 5574 est,
2653 5513 2801 5564 Deus
2833 5509 2963 5563 fons
2996 5512 3085 5563 est
3129 5507 3285 5562 verbi
3318 5508 3582 5577 ejusdem

1941 5603 2163 5657 natura:
2214 5623 2229 5670 ;
2281 5597 2447 5656 Pater
2494 5613 2628 5654 cum
2677 5597 2774 5668 sit,
2824 5595 3012 5670 gignit
3060 5595 3270 5652 Filium
3319 5595 3583 5669 ejusdem
