4110 6436
529 429 640 486 591

1775 427 2199 490 NICEPHORI
2245 426 2682 490 BLEMMIDE

3810 430 3928 490 592

527 560 811 615 essentiae.
846 559 972 630 Ipse
1007 559 1105 614 Dei
1149 559 1404 614 Verbum
1453 565 1509 613 et
1559 559 1741 614 Patris
1787 558 1966 613 Filius
2013 559 2168 614 idem

2283 556 2367 610 xui
2417 557 2540 617 Υἱὸς
2592 561 2690 611 τοῦ
2740 557 2945 628 [ἰατρὸς
2977 557 3004 610 6
3036 554 3218 617 αὐτός.
3251 555 3417 618 Οὗτος
3450 557 3478 609 6
3511 557 3634 618 ι”ιὸς
3679 555 3768 611 xui
3825 557 3928 611 Λό-

530 652 637 704 est.
670 647 773 703 Hic
815 651 903 702 est
950 647 1129 702 Filius
1179 652 1235 702 et
1285 647 1537 702 Verbum
1589 647 1685 701 Dei
1718 652 1775 702 et
1828 647 2034 714 Patris,
2070 663 2173 717 per

530 751 704 806 quem
763 752 994 790 omnem
1027 735 1375 790 creationem
1411 740 1474 789 ut
1495 753 1597 808 per
1625 736 1919 807 propriam
1944 734 2170 805 sapien-

527 825 670 878 tiam
691 823 1122 896 potentiamque
1135 825 1345 879 creavit
1357 829 1527 879 Pater
1543 851 1556 890 ;
1571 824 1695 895 ipse
1709 825 1800 878 eni
1812 842 1863 878 m
1881 829 1967 878 est
1986 822 2171 878 Patris

533 913 822 983 sapientia
851 917 908 968 et
938 913 1215 984 potentia,
1249 913 1343 967 hic
1389 919 1624 984 propter
1673 929 1797 978 nos,
1831 911 2170 966 benevolen-

532 1001 613 1056 tia
643 1000 921 1073 genitoris
967 1005 1151 1056 semet
1197 1001 1541 1056 incarnavit.
1577 1004 1638 1056 In
1674 1001 1836 1056 Patre
1865 1001 2170 1067 exsistens,

533 1093 589 1144 et
618 1088 925 1144 nobiscum
976 1090 1188 1155 factus,
1220 1106 1356 1144 nam
1408 1107 1520 1144 non
1553 1095 1642 1144 est
1689 1090 1909 1154 finitus,
1943 1094 2000 1143 et
2049 1105 2173 1141 car-

534 1194 689 1244 nem,
709 1177 989 1248 animam,
1007 1182 1283 1245 mentem,
1300 1178 1606 1244 rationem,
1630 1178 2010 1241 voluntatem,
2034 1176 2172 1241 vim,

533 1267 732 1322 omnia
759 1265 985 1321 homini
1017 1282 1144 1336 qua:
1173 1271 1381 1322 natura
1427 1267 1799 1330 conveniunt,
1831 1264 2171 1335 assumpsit,

532 1371 638 1410 nec
695 1354 984 1426 ipsarum,
1034 1371 1159 1426 quae
1210 1359 1342 1426 post
1383 1353 1635 1425 primam
1677 1353 1908 1424 culpam
1959 1353 2018 1406 in
2067 1368 2174 1407 nos

530 1443 784 1498 inductae
813 1447 953 1498 sunt
1003 1442 1324 1514 passiones,
1357 1460 1504 1514 quas
1555 1461 1669 1498 non
1701 1442 1937 1512 attingit
1969 1457 2172 1512 expro-

531 1532 738 1601 bratio,
770 1546 974 1602 expers
1005 1532 1238 1598 mansit,
1273 1533 1373 1587 sed
1406 1536 1463 1586 et
1490 1533 1604 1586 ista
1635 1535 1868 1602 propter
1900 1545 2172 1600 magnam

531 1618 998 1692 (indulgentiam)
1030 1619 1582 1675 condescensionem
1616 1618 1874 1687 admisit,
1900 1622 1963 1672 ut
1994 1617 2171 1671 refor-

532 1713 718 1764 maret
781 1709 839 1763 in
905 1707 1112 1764 melius
1177 1725 1411 1764 omnem
1475 1708 1925 1776 humanitatem,
1983 1712 2040 1760 et
2103 1721 2174 1760 ne

533 1797 702 1868 plura
773 1797 985 1864 dicam,
1044 1798 1332 1868 perfectus
1403 1797 1577 1852 homo
1657 1797 1842 1851 factus
1912 1801 2001 1850 est
2058 1811 2171 1849 non

533 1885 856 1941 secundum
890 1885 1256 1956 phantasiam
1305 1891 1406 1940 aut
1433 1886 1788 1957 opinionem,
1820 1885 1919 1940 sed
1952 1899 2081 1938 vere
2118 1886 2174 1937 et
2203 1926 2250 1991 Β

533 1973 831 2030 evidenter
858 1972 1031 2028 homo
1079 1974 1289 2038 factus,
1323 1974 1473 2028 sicut
1503 1978 1559 2028 et
1590 1990 1716 2037 nos,
1749 1977 1804 2027 et
1836 1988 2013 2043 supra
2044 1987 2168 2025 nos.

535 2061 700 2117 Sicut
727 2065 783 2115 et
815 2077 921 2116 nos
955 2077 968 2115 :
1002 2061 1139 2132 quia
1161 2065 1476 2133 conceptus
1499 2061 1556 2114 in
1605 2067 1769 2115 utero
1802 2059 2086 2128 mulieris,
2113 2059 2170 2112 in

533 2167 599 2206 eo
648 2150 954 2215 formatus,
986 2154 1249 2222 gestatus
1301 2155 1590 2220 quantum
1639 2154 1696 2205 et
1744 2149 2035 2220 quomodo
2083 2146 2173 2202 lex

533 2243 752 2294 natura;
776 2239 1030 2309 juberet,
1063 2255 1223 2294 more
1268 2237 1580 2293 infantium
1612 2243 1702 2293 est
1731 2243 1950 2308 partus.
1983 2236 2172 2305 Supra

532 2345 682 2384 nos:
735 2327 872 2399 quia
917 2327 1214 2398 conceptio
1259 2344 1328 2382 ex
1378 2326 1593 2400 Spiritu
1645 2331 1842 2381 sancto
1889 2325 1998 2380 fuit
2047 2324 2171 2379 sine

527 2415 914 2488 copulatione,
974 2423 1134 2471 extra
1206 2415 1497 2472 carnalem
1572 2415 1954 2486 voluptatem,
2011 2418 2172 2468 extra

527 2505 888 2577 (moventem)
920 2505 1330 2577 cogitationem
1359 2504 1654 2559 turbidam
1684 2523 1696 2570 ;
1731 2503 1988 2574 corporis
2019 2519 2173 2557 com-

525 2594 825 2665 paginatio
851 2609 919 2648 ex
968 2592 1302 2665 purissimis
1334 2593 1441 2648 fuit
1487 2592 1878 2664 virgineisque
1930 2589 2166 2662 sangui-

528 2682 742 2748 nibus;
795 2681 1185 2752 perfectioque
1233 2681 1599 2736 formationis
1647 2680 1838 2750 operis
1885 2696 1952 2734 ex
1983 2681 2171 2750 primo

527 2769 1052 2841 principio,exipsa
1065 2769 1439 2841 conceptione
1462 2787 1474 2836 ;
1501 2769 1584 2824 sic
1606 2769 1761 2824 enim
1784 2769 2024 2823 decebat
2037 2768 2173 2838 quia

527 2857 654 2914 sine
706 2858 968 2926 semine;
1014 2863 1216 2928 partus
1267 2859 1490 2930 absque
1520 2857 1782 2929 pariendi
1837 2857 2172 2928 pmnis.pa-

530 2947 732 3003 rientis
761 2946 1161 3018 virginitatem
1185 2963 1300 3002 non
1330 2946 1586 3012 vitiavit;
1620 2946 1836 3001 mansit
1865 2946 2020 3000 enim
2048 2947 2175 3017 ipsa

533 3036 692 3108 virgo
743 3041 800 3090 et
830 3040 962 3108 post
1000 3040 1254 3108 partum,
1287 3036 1440 3090 sicut
1485 3039 1608 3090 erat
1655 3040 1712 3089 et
1759 3040 1892 3088 ante
1941 3039 2169 3104 partum

535 3129 592 3180 et
640 3128 770 3181 ante
817 3125 1279 3196 conceptionem,
1331 3141 1455 3196 quae
1499 3128 1556 3178 et
1603 3140 1706 3195 per
1766 3128 1946 3178 totam
1994 3123 2172 3178 vitam

536 3228 768 3284 semper
802 3213 963 3283 virgo
1014 3212 1124 3266 fuit
1171 3228 1434 3284 puraque
1467 3217 1522 3266 et
1570 3212 1966 3278 immaculata,
1997 3211 2173 3266 talem

2280 665 2375 718 γος
2409 649 2502 698 τοῦ
2556 650 2689 700 Θεοῦ
2736 646 2824 698 καὶ
2881 644 3108 718 Πατρὸς,
3143 641 3210 698 δι’
3259 644 3320 699 οὗ
3369 651 3538 700 πᾶσαν
3595 647 3695 714 τήν
3755 646 3928 699 κτίσιν

2281 733 2354 793 ὡς
2399 730 2468 786 δι’
2499 733 2699 795 οἰκείας
2747 731 2937 810 σοφίας
2983 753 3041 788 τε
3090 733 3178 787 καὶ
3224 729 3497 804 δυνάμεως
3550 729 3931 808 ἐδημιούργη-

2282 842 2365 874 σεν
2399 822 2426 873 6
2460 825 2666 897 Πατήρ·
2728 821 2886 882 αὐτὸς
2948 823 3051 897 γάρ
3110 821 3310 890 ἐστινὴ
3352 825 3447 875 τοῦ
3505 822 3715 897 Πατρὸς
3772 822 3934 899 σοφία

2281 910 2369 962 καὶ
2431 907 2677 982 δύναμις·
2722 911 2880 971 οὗτος
2931 907 2999 964 δι’
3043 913 3189 981 ἡμᾶς
3242 907 3458 980 εὐδοκία
3519 914 3616 964 τοῦ
3682 931 3935 986 γεγεννη-

2281 997 2440 1059 κότος
2498 998 2654 1053 αύτὸν
2718 998 3153 1073 ἐνηνθρώπησεν.
3209 1000 3293 1052 Ἐν
3353 1003 3429 1070 τῷ
3486 999 3654 1074 Πατρὶ
3715 996 3787 1052 ὢν
3843 1000 3933 1052 καὶ

2287 1088 2587 1157 μεθ’ἡμῶν
2645 1087 2903 1160 γεγονὼς,
2954 1085 3350 1160 ἀπερίγραπτος
3408 1087 3533 1160 γὰρ,
3591 1086 3682 1140 xui
3738 1086 3936 1160 σάρκα,

2283 1176 2488 1250 ψυχήν,
2573 1179 2715 1244 νοῦν,
2804 1172 2991 1249 λόγον,
3079 1173 3320 1246 θέλησιν,
3391 1173 3678 1250 ἐνέργειαν,
3756 1176 3938 1229 πάντα

2280 1264 2346 1316 τα
2423 1263 2556 1317 κατὰ
2657 1263 2811 1340 φύσιν
2892 1267 2972 1334 τῷ
3054 1263 3325 1337 ἀνθρώπῳ
3408 1261 3680 1338 προσόντα
3761 1282 3935 1336 προσ-

2284 1349 2494 1428 είληφε,
2545 1349 2672 1423 μηδ’
2725 1351 2896 1405 αὐτῶν
2964 1355 3070 1405 τῶν
3125 1353 3258 1425 μετά
3310 1351 3409 1418 τὴν
3468 1352 3691 1428 πρώτην
3752 1352 3936 1428 ἁμαρ-

2281 1440 2396 1493 τίαν
2452 1440 2877 1514 ἐπεισαχθέντων
2938 1442 3072 1511 ἡμῖν
3127 1443 3334 1502 παθῶν·
3369 1439 3442 1492 ὧν
3493 1439 3556 1494 οὐ
3602 1440 3938 1494 καθικνεῖται

2287 1532 2502 1601 μῶμος,
2535 1529 2716 1600 μείνας
2769 1527 3075 1602 ἀπείρατος
3123 1526 3268 1582 ἀλλὰ
3312 1528 3400 1582 καὶ
3449 1531 3616 1582 ταῦτα
3660 1525 3750 1581 διὰ
3795 1527 3942 1583 πολ·

2284 1615 2386 1685 λὴν
2464 1612 2849 1692 συγκατάϐασιν
2926 1618 3362 1692 προσηκάμενος,
3413 1614 3508 1670 ’ἶνα
3561 1617 3939 1691 μετασκευὰς-ῃ

2283 1707 2416 1779 πρὸς
2446 1707 2508 1760 τὸ
2534 1712 2774 1782 κρεῖττον
2808 1712 2978 1759 πᾶσαν
3009 1707 3106 1773 την
3158 1704 3572 1780 ἀνθρωπότητα,
3600 1705 3689 1758 καὶ
3740 1704 3940 1766 ἁπλῶς

2284 1793 2448 1848 εἰπεῖν
2481 1793 2688 1855 τέλειος
2721 1793 2937 1868 γέγονεν
2974 1795 3280 1866 ἅνθρωπος,
3313 1792 3376 1848 οὐ
3424 1793 3559 1848 κατὰ
3615 1794 3943 1871 φαντασίαν,

2283 1884 2314 1950 ἢ
2379 1882 2620 1952 δόκησιν,
2679 1881 2804 1937 ἀλλ’
2859 1878 3027 1944 ὅντως
3085 1883 3172 1937 καὶ
3247 1881 3487 1957 ἐναργῶς
3555 1881 3786 1957 ὑπάρξας
3841 1882 3938 1937 ἄν·

2280 1973 2519 2046 θρωπος,
2554 1973 2668 2024 καθ’
2725 1974 2872 2044 ἡμᾶς
2932 1972 3072 2043 ὁμοῦ
3128 1971 3216 2024 καὶ
3271 1971 3403 2046 ὑπὲρ
3432 1973 3603 2042 ἡμᾶς·
3634 1972 3752 2024 καθ’
3780 1973 3941 2044 ἡμᾶς

2281 2059 2361 2113 ὅτι
2419 2057 2755 2136 συλληφθεὶς
2817 2059 2866 2114 ἐν
2924 2062 3103 2131 μήτρᾳ
3133 2059 3408 2133 γυναικὸς,
3445 2058 3820 2127 ζωοπλασθείς
3884 2059 3938 2114 ἐν

2281 2148 2436 2221 αὐτῇ,
2470 2148 2830 2225 κυοφορηθεῖς
2875 2148 2955 2225 ἐφ’
2985 2147 3107 2201 ὅσον
3159 2148 3248 2201 καὶ
3298 2150 3474 2209 καθὼς
3507 2147 3536 2202 6
3565 2155 3663 2216 τῆς
3720 2147 3943 2225 φύσεως

2282 2235 2460 2292 ἐδίδου
2526 2237 2696 2308 νόμος
2784 2237 2977 2312 ἐτέχθη
3071 2237 3481 2313 βρεφοπρεπῶς.
3542 2238 3695 2311 Ὑπὲρ
3756 2239 3937 2308 ἡμᾶς,

2280 2325 2531 2399 ὅτιπερὴ
2587 2326 2860 2398 σύλληψις
2916 2325 2966 2395 ἐξ
3027 2325 3183 2400 ἁγίου
3245 2325 3576 2398 Πνεύματος,
3627 2323 3750 2401 ἄτερ
3805 2347 3936 2379 συν-

2282 2413 2544 2486 δυασμοῦ,
2596 2418 2853 2488 σαρκικῆς
2911 2414 3062 2476 ἐκτὸς
3120 2411 3344 2483 ἡδονῆς,
3401 2413 3576 2490 χωρίς
3632 2435 3782 2476 τινος
3843 2414 3943 2490 ἐμο

2280 2506 2481 2565 παθοῦς
2540 2503 2892 2575 ἐννοήματος,
2951 2506 2985 2572 ἡ
3037 2507 3134 2558 τοῦ
3211 2503 3462 2575 σώματος
3537 2501 3813 2576 σύμπηξις
3877 2503 3937 2558 ἐκ

2280 2592 2560 2667 πανάγνων
2611 2593 2854 2664 αἱμάτων
2906 2595 3260 2665 παρθενικῶν,
3309 2594 3343 2660 ἡ
3392 2589 3779 2666 τελεσιουργία
3834 2597 3936 2646 τοῦ

2281 2683 2566 2756 σχήματος
2618 2680 2675 2734 ἐκ
2721 2681 2946 2752 πρώτης
2995 2680 3173 2756 ἀρχῆς
3234 2679 3284 2749 ἐξ
3335 2678 3502 2748 αὐτῆς
3558 2687 3660 2748 τῆς
3719 2677 3936 2752 συλλη-

2281 2773 2446 2842 ψεωςσ
2503 2769 2644 2823 οὕτω
2685 2769 2785 2844 γὰρ
2848 2767 3044 2843 ἔπρεπε
3101 2773 3178 2839 τῷ
3237 2765 3367 2844 δίχα
3426 2772 3732 2844 σπορᾶς.¹0
3769 2769 3936 2830 τόκος

2283 2856 2404 2912 ἄνευ
2462 2855 2671 2912 ὠδίνων
2734 2857 2834 2924 τὴν
2905 2863 3003 2925 τῆς
3068 2855 3391 2932 γειναμένης
3475 2856 3764 2932 παρθενίαν
3839 2857 3944 2913 ούκ

2283 2944 2613 3018 ἐλυμήνατο.
2676 2944 2959 3017 Μεμένηκε
2995 2945 3097 3020 γὰρ
3153 2944 3287 3013 αὕτη
3335 2945 3595 3019 παρθένος
3649 2943 3741 2998 καὶ
3799 2947 3941 3016 μετᾶ

2280 3035 2461 3105 τόκον,
2497 3035 2677 3109 ὥσπερ
2736 3034 2801 3102 ἦν
2854 3034 2943 3086 καὶ
2998 3033 3103 3108 πρὸ
3133 3032 3294 3087 τόκου
3322 3033 3410 3086 καὶ
3441 3033 3545 3108 πρὸ
3578 3031 3936 3107 συλλήψεως,

2283 3125 2317 3192 ἢ
2379 3124 2466 3177 καὶ
2526 3121 2613 3177 διὰ
2675 3123 2793 3198 βίου
2850 3122 3049 3184 παντὸς
3127 3121 3492 3196 ἀειπάρθενος,
3549 3122 3818 3196 ἅχραντός
3877 3144 3940 3178 τε

2284 3213 2372 3265 καὶ
2431 3209 2796 3281 ἀκηλίδωτος.
2851 3210 3112 3278 Τοιαύτην
3170 3211 3272 3284 γὰρ
3332 3206 3556 3285 ἔπρεπεν
3629 3209 3761 3264 εἶναι
3836 3212 3941 3280 τὴν

2573 1179 2715 1244 νοῦν,

535 3302 690 3357 enim
723 3302 964 3357 decebat
992 3316 1120 3356 esse
1151 3317 1276 3372 qua
1325 3305 1506 3355 Deum
1540 3305 1784 3370 pareret.
1820 3301 1980 3354 Sicut
2010 3317 2116 3355 nos
2159 3317 2171 3354 :

2284 3304 2538 3354 τεκοῦσαν
2597 3299 2745 3356 Θεόν.
2783 3304 2906 3362 Καθ’
2935 3300 3082 3370 ἡμᾶς
3143 3296 3224 3352 ὅτι
3283 3302 3443 3371 σῶμα
3501 3299 3693 3374 χοϊκὸν
3745 3297 3940 3354 ἆνελά-

537 3387 674 3458 quia
703 3402 914 3458 corpus
944 3387 1015 3442 de
1063 3385 1202 3440 limo
1234 3387 1556 3458 assumpsit
1585 3390 1642 3442 et
1685 3387 2061 3458 corruptibile
2108 3404 2176 3441 ex

536 3480 786 3546 quatuor
814 3475 1154 3546 compositis
1193 3474 1562 3543 humoribus,
1594 3475 1948 3530 viviﬁcatum
1979 3475 2177 3530 anima

534 3563 707 3632 trina,
734 3563 924 3618 calore
954 3563 1154 3619 innato
1176 3567 1232 3619 et
1253 3563 1616 3619 naturalibus
1640 3563 1862 3618 viribus
1885 3563 2172 3630 habitum,

536 3651 676 3706 fami
709 3655 764 3706 et
784 3651 878 3706 siti
913 3656 970 3706 et
999 3651 1130 3706 aliis
1149 3652 1557 3707 innocentibus
1586 3652 1713 3706 vitae
1735 3651 2176 3707 infirmitatibus

535 3739 886 3809 subjectum.
925 3745 1112 3812 Supra
1140 3757 1246 3796 nos
1281 3757 1293 3794 :
1329 3741 1467 3812 quia
1491 3758 1603 3796 non
1637 3757 1791 3796 mere
1823 3741 1997 3796 homo
2028 3745 2173 3806 erat,

536 3831 637 3884 sed
671 3829 844 3884 homo
878 3846 995 3884 una
1023 3833 1080 3884 et
1107 3829 1282 3898 Deus,
1317 3847 1428 3884 non
1463 3831 1617 3885 enim
1651 3847 1682 3884 e
1715 3830 1829 3884 Deo
1863 3846 2175 3885 conversus

536 3918 595 3972 in
645 3917 942 3974 hominem
1005 3935 1173 3974 suam
1221 3919 1676 3974 incarnationem
1748 3918 2022 3990 perfecit;
2074 3919 2174 3973 sed

537 4023 782 4063 manens
812 4007 965 4062 Deus
995 4007 1148 4078 quod
1173 4012 1313 4075 erat,
1339 4008 1528 4064 factus
1557 4012 1646 4063 est
1668 4008 1841 4062 homo
1873 4008 2026 4078 quod
2061 4025 2175 4062 non

533 4102 691 4164 erat;
727 4113 841 4151 non
873 4097 932 4151 in
964 4095 1218 4150 divinam
1268 4101 1537 4152 naturam
1571 4101 1809 4151 mutans
1855 4097 2173 4152 humanam

533 4202 710 4258 quam
744 4185 1206 4256 assumpsit,sed
1229 4187 1285 4239 in
1320 4185 1881 4256 propriislimitibus
1904 4191 2172 4240 constan-

532 4280 648 4330 tem
672 4275 822 4329 hanc
845 4273 1123 4329 deiﬁcans
1147 4290 1382 4329 summa
1402 4274 1652 4329 unione:
1678 4274 2174 4344 quemadmodum

530 4364 686 4419 enim
712 4364 862 4419 ferro
893 4364 1044 4434 ignis
1064 4362 1284 4427 unitus,
1311 4362 1455 4418 illud
1479 4378 1546 4417 ex
1577 4363 1736 4417 omni
1756 4367 1916 4433 parte
1938 4363 2174 4434 quidem

531 4451 908 4508 concalefacit
929 4467 1030 4506 nec
1044 4455 1237 4506 tamen
1261 4467 1294 4506 a
1312 4455 1520 4506 natura
1541 4450 1674 4505 ferri
1695 4455 1954 4522 separat;
1980 4451 2174 4522 ipsum

531 4541 780 4609 enim,et
811 4543 942 4611 post
963 4538 1632 4606 calefactionem,manet
1655 4539 1869 4593 ferrum
1897 4538 2174 4610 ignitum-

533 4646 646 4700 que
676 4634 732 4684 et
760 4633 848 4684 est
873 4633 930 4683 et
958 4628 1207 4694 dicitur;
1240 4629 1442 4683 eodem
1476 4628 1648 4684 modo
1681 4627 1909 4682 mortali
1952 4632 2173 4684 naturas

533 4718 734 4773 unitus
766 4717 859 4772 Dei
887 4715 1061 4772 Filius
1093 4721 1150 4772 et
1179 4717 1431 4770 Verbum
1465 4721 1519 4770 et
1550 4715 1723 4784 Deus,
1757 4714 1906 4769 hanc
1936 4714 2172 4785 quidem

531 4806 817 4862 deiﬁcavit
841 4823 944 4861 nec
962 4824 996 4860 a
1020 4809 1174 4860 statu
1194 4804 1423 4859 mortali
1449 4803 1737 4874 separavit
1762 4820 1775 4869 ;
1801 4808 1995 4858 manet
2015 4804 2172 4858 enim

531 4895 660 4966 ipsa
686 4895 950 4950 mortalis
980 4900 1036 4949 et
1070 4898 1202 4966 post
1231 4892 1654 4948 deiﬁcationem
1688 4896 1917 4957 natura,
1955 4896 2171 4946 morta-

529 4981 717 5053 lisque
747 4989 835 5038 est
865 4989 920 5037 et
950 4984 1164 5038 dicitur
1192 4982 1459 5038 deificata
1490 4985 1718 5047 natura,
1743 4981 2009 5035 deificata
2039 4996 2170 5035 caro

529 5087 662 5125 cum
721 5071 917 5126 anima
967 5070 1281 5142 spirituali,
1343 5069 1675 5125 rationabili
1724 5069 2067 5140 volenteque
2114 5073 2172 5123 et

527 5164 822 5230 sperante.

597 5288 738 5337 dum
781 5288 975 5338 autem
1011 5283 1278 5355 Spurium
1310 5284 1387 5338 sit
1415 5287 1471 5338 et
1502 5287 1702 5338 contra
1734 5287 2003 5340 naturam
2038 5304 2168 5358 pec-

526 5376 742 5437 catum,
776 5371 1101 5426 forinsecus
1155 5373 1208 5439 (a
1239 5371 1397 5442 foris)
1428 5373 1583 5426 enim
1618 5372 1805 5436 nobis,
1836 5372 1885 5427 si
1935 5378 2167 5445 quando

525 5477 662 5526 non,
695 5459 1006 5531 vigilemus
1058 5460 1522 5531 (abstineamus),
1571 5461 1924 5532 supervenit,
1959 5463 2066 5518 hoc
2113 5471 2170 5522 et

527 5549 731 5604 merito
767 5557 913 5602 Deus
943 5548 1195 5602 Verbum
1229 5565 1340 5602 non
1376 5548 1633 5616 admisit,
1670 5566 1800 5604 eum
1835 5567 2043 5607 rursus
2072 5571 2164 5610 as-

525 5645 822 5708 sumptum
857 5645 1126 5692 naturam
1152 5643 1333 5691 totam
1367 5637 1672 5700 deilicavit,
1709 5638 2007 5694 inaccessa
2028 5644 2166 5711 jus-

525 5731 578 5786 ιθ
611 5728 826 5784 mansit
869 5727 1155 5798 deilicatu,
1189 5730 1245 5783 et
1275 5724 1609 5780 omnimodo
1643 5725 1859 5784 intacta
1904 5738 2159 5802 peccato.

2285 3383 2407 3442 ϐετο
2460 3387 2548 3442 καὶ
2608 3389 2836 3463 φθαρτὸν
2902 3387 2961 3442 ἐκ
3004 3391 3109 3442 τῶν
3186 3385 3458 3462 τεσσάρων
3515 3386 3935 3461 συντεθειμένων

2285 3481 2503 3551 χυμῶν,
2537 3479 2690 3550 ψυχῇ
2747 3481 2996 3551 τριμερεῖ
3045 3474 3505 3550 ζωοποιούμενον,
3539 3474 3768 3555 ἐμφύτῳ
3819 3477 3938 3552 θερ-

2290 3570 2374 3637 μῷ
2427 3566 2515 3618 καὶ
2576 3562 2831 3637 δυνάμεσι
2899 3569 3146 3642 φυσικαῖς
3197 3561 3595 3637 διοικούμενον,
3635 3564 3792 3639 πείνῃ
3848 3564 3936 3620 καὶ

2286 3652 2434 3726 δίψῃ,
2460 3653 2548 3707 καὶ
2577 3658 2692 3716 τοῖς
2727 3652 2919 3714 ἄλλοις
2963 3650 3324 3728 ἀνεγκλήτοις
3372 3660 3472 3723 τῆς
3521 3651 3732 3731 φύσεως
3781 3652 3934 3717 ἀσθε-

2284 3744 2516 3814 νήμασιν
2595 3741 2970 3814 ὑποκείμενον.
3025 3743 3181 3816 Ὑπὲρ
3243 3743 3414 3814 ἡμᾶς,
3475 3740 3559 3796 ὅτι
3633 3740 3696 3795 ού
3773 3739 3938 3816 ψιλὸς

2286 3832 2568 3906 ἄνθρωπος
2598 3831 2688 3899 ἦν,
2721 3829 2846 3884 ἀλλ’
2877 3828 3153 3905 ἅνθρωπος
3187 3831 3327 3902 ὁμοῦ
3376 3831 3466 3885 xui
3516 3829 3665 3890 Θεός·
3724 3829 3788 3883 οὐ
3837 3831 3936 3906 γὰρ

2283 3921 2502 3995 τραπεὶς
2555 3919 2613 3974 ἐκ
2657 3923 2756 3973 τοῦ
2809 3918 2938 3972 εἶναι
2972 3919 3122 3986 Θεὸς,
3157 3917 3233 3980 εἷς
3264 3918 3327 3972 τὸ
3364 3919 3602 3992 γενέσθαι
3657 3914 3938 3994 ἄνθρωπος

2283 4011 2381 4077 τήν
2441 4008 2640 4063 οἰκείαν
2709 4006 3104 4081 ἐνανθρώπησιν
3165 4005 3484 4079 ἐξετέλεσεν,
3544 4005 3691 4061 ἀλλὰ
3754 4007 3935 4079 μείνας

2286 4099 2415 4159 Θεὸς
2446 4096 2576 4170 ὅπερ
2625 4097 2715 4166 ἦν,
2747 4096 2962 4170 γέγονεν
3023 4092 3306 4171 ἄνθρωπος
3364 4094 3496 4172 ὅπερ
3557 4094 3661 4149 οὐκ
3716 4095 3807 4166 ἧν,
3840 4095 3939 4149 οὐκ

2288 4187 2362 4247 εἰς
2409 4185 2550 4240 θείαν
2614 4185 2768 4262 φύσιν
2819 4186 2917 4252 τήν
2977 4183 3321 4260 ἀνθρωπίνην
3375 4182 3534 4258 φύσιν
3586 4178 3939 4255 μεταϐαλὼν,

2285 4276 2349 4342 ἢν
2404 4273 2786 4350 προσείληφεν,
2820 4272 2947 4329 ἀλλ’
3006 4272 3054 4328 ἐν
3109 4278 3222 4333 τοῖς
3271 4271 3491 4332 οἰκείοις
3549 4269 3700 4346 ὅροις
3763 4271 3940 4344 μείνα-

2286 4385 2401 4431 σαν,
2437 4364 2640 4425 θεώσας
2691 4363 2855 4431 αύτήν
2916 4359 3005 4416 διὰ
3056 4369 3156 4430 τῆς
3217 4358 3380 4434 ἄκρας
3440 4360 3706 4421 ὲνώσεως·
3755 4358 3938 4436 ὥσπερ

2285 4453 2387 4526 γὰρ
2440 4456 2518 4522 τῷ
2579 4447 2789 4526 σιδήρῳ
2831 4451 2894 4504 τὸ
2939 4454 3045 4525 πῦρ
3101 4449 3384 4523 ἑνούμενον
3446 4445 3649 4509 ὑλικῶς
3712 4445 3944 4522 ἐκπυροῖ

2288 4541 2381 4614 μὲν
2414 4539 2594 4608 αὐτὸν,
2627 4546 2725 4608 τῆς
2777 4535 2834 4592 δὲ
2879 4542 2976 4592 τοῦ
3026 4535 3252 4611 σιδήρου
3303 4535 3514 4614 φύσεως
3542 4534 3642 4590 οὐκ
3672 4533 3937 4607 ἐξίστησι,

2207 4653 2251 4718 D
2288 4629 2430 4701 μένει
2490 4627 2592 4703 γὰρ
2641 4628 2797 4689 οὗτος
2844 4626 2931 4680 καὶ
2987 4627 3120 4699 μετᾶ
3165 4627 3264 4694 τήν
3321 4624 3620 4697 ἐκπύρωσιν
3686 4620 3939 4698 σίδηρος,

2281 4717 2369 4771 καὶ
2404 4717 2792 4793 πεπυρωμένος
2827 4712 3047 4791 σίδηρός
3082 4713 3191 4769 ἐστί
3241 4735 3299 4768 τε
3348 4713 3435 4767 καὶ
3486 4711 3724 4788 λέγεται,
3756 4732 3938 4766 τοιου-

2279 4806 2559 4881 τοτρόπως
2618 4810 2686 4878 τῇ
2735 4803 2953 4881 βροτείᾳ
3011 4802 3163 4880 φύσει
3217 4803 3397 4862 ὁΥἱὸς
3453 4801 3543 4855 καὶ
3602 4799 3784 4876 Λόγος
3839 4803 3939 4854 τοῦ

2281 4899 2412 4950 Θεοῦ
2459 4895 2547 4949 καὶ
2605 4892 2734 4956 Θεδς
2787 4892 3025 4964 ὲνωθεὶς,
3062 4891 3255 4954 ἐθέωσε
3323 4890 3416 4963 μὲν
3471 4887 3662 4956 αὐτὴν,
3722 4891 3818 4942 τοῦ
3881 4884 3939 4942 δὲ

2285 4983 2525 5059 βροτείαν
2587 4983 2716 5036 εἶναι
2793 4982 2948 5049 φύσιν
3033 4980 3197 5048 αὐτὴν
3288 4978 3386 5033 οὐκ
3438 4977 3707 5047 ἐξέστησε.
3773 4973 3937 5032 Μένει

2277 5073 2378 5147 γὰρ
2437 5071 2570 5139 αὕτη
2637 5071 2853 5145 βροτεία
2909 5068 3062 5146 φύσις
3109 5069 3200 5122 καὶ
3259 5067 3391 5140 μετᾶ
3445 5067 3542 5133 τὴν
3585 5065 3798 5120 θέωσιν.
3834 5063 3935 5118 Καὶ

2278 5161 2583 5232 τεθεωμένη
2645 5159 2800 5236 φύσις
2858 5157 3074 5233 βροτεία
3130 5157 3219 5210 καὶ
3265 5153 3480 5230 λέγεται
3536 5153 3624 5208 καὶ
3685 5149 3819 5222 ἔστι,
3852 5172 3938 5206 τε-

2279 5247 2520 5321 θεωμένη
2581 5247 2705 5323 σὰρξ
2742 5246 2873 5319 μετᾶ
2929 5249 3114 5321 ψυχῆς
3173 5250 3382 5320 νοερᾶς,
3447 5242 3697 5318 λογικῆς,
3761 5238 3933 5309 Θελη-

2275 5340 2450 5406 τικῆς,
2486 5335 2851 5411 ἐνεργητικῆς.

2349 5461 2494 5516 Ἐπεὶ
2542 5457 2600 5515 δὲ
2663 5459 2817 5514 νόθον
2862 5462 2896 5528 ἡ
2941 5458 3174 5531 ἁμαρτία
3231 5457 3323 5513 xui
3382 5456 3530 5532 παρᾶ
3584 5451 3764 5532 φύσιν,
3799 5448 3934 5524 ἔξω·

2277 5565 2361 5615 θεν
2419 5551 2517 5626 γὰρ
2593 5552 2726 5621 ἡμῖν
2813 5548 2936 5602 ὅταν
3024 5549 3098 5620 μὴ
3182 5549 3441 5624 νήφωμεν
3531 5543 3933 5616 ἐπεισέρχεται,

2272 5640 2471 5707 ταύτην
2555 5637 2776 5698 εἰκότως
2842 5639 2869 5690 ὁ
2927 5637 3055 5697 Θεὸς
3132 5636 3307 5710 Λόγος
3390 5635 3451 5688 οὐ
3530 5625 3934 5708 προσελάϐετο.

2276 5725 2443 5784 Πάλιν
2505 5725 2618 5781 ἐπεὶ
2674 5727 2772 5796 τὴν
2842 5722 3281 5803 προσληφθεῖσαν
3343 5722 3499 5804 φύσιν
3563 5717 3705 5792 ὅλην
3764 5716 3935 5775 ἐθὲω-
