4110 6408
200 439 324 504 893

1334 437 1600 503 SEBMO
1641 439 1747 504 AD
1791 439 2219 506 MONACHOS
2265 440 2492 506 SUOS.

3494 439 3616 504 594

201 595 318 644 σεν,
380 566 696 636 ἀνεπιϐατος
751 569 970 635 δικαίως
1028 574 1063 642 ἡ
1122 573 1376 629 Θεωθεῖσα
1415 573 1519 627 καὶ
1577 571 1838 647 ἄψαυστος

1960 577 2070 631 Sed
2104 593 2207 631 nec
2238 575 2495 647 praelatio
2518 574 2739 631 incerta
2760 571 3200 647 (ωᾳυίυίὺταοε)
3218 571 3420 628 eratin
3447 571 3610 628 Chri-

200 662 343 718 κατὰ
395 661 568 717 πάντα
636 661 834 738 τρόπον
891 666 960 735 τῇ
1022 661 1259 738 ἁμαρτίᾳ
1319 662 1638 734 μεμένηκεν.
1695 660 1852 718 Ἀλλ’

202 749 333 806 οὐδὲ
411 749 724 827 προαίρεσις
809 753 844 821 ἡ
930 749 1278 828 ἂμφιῤῥεπὴς
1335 751 1401 818 ἦν
1474 749 1525 805 ἐν
1613 755 1846 825 Χριστῷ.

201 840 595 916 Προαιρετικὸς
681 840 773 912 μὲν
854 841 955 914 γὰρ
1032 839 1098 907 ἦν
1177 839 1251 900 ὡς
1334 837 1676 908 αὐτεξούσιος
1760 838 1850 892 καὶ

198 929 341 982 κατὰ
393 929 456 982 τὸ
529 927 861 1001 ἀνθρώπινον
923 928 950 980 ὁ
1009 928 1258 1002 Χριστὸς,
1321 926 1402 981 ὅτι
1457 927 1545 980 καὶ
1604 925 1846 1002 λογικός.

197 1021 316 1070 Πᾶν
375 1016 476 1092 γὰρ
535 1016 759 1090 λογικὸν
822 1013 1183 1088 αὐτεξούσιον,
1234 1020 1344 1069 Πᾶν
1397 1013 1444 1068 δ’
1510 1014 1846 1086 αὐτεξούσιον

199 1103 605 1179 προαιρετικόν.
665 1102 881 1173 Βουλῆς
946 1102 1004 1158 δὲ
1059 1105 1146 1158 καὶ
1187 1103 1423 1177 σκέψεως
1476 1104 1566 1158 καὶ
1621 1103 1856 1178 γνώμης

195 1192 290 1246 καὶ
349 1192 738 1267 προαιρέσεως,
798 1191 980 1268 ὥσπερ
1038 1194 1226 1265 ἡμεῖς,
1287 1187 1512 1268 ἔχρῃζεν
1570 1189 1845 1264 οὐδαμῶς,

195 1277 386 1354 ὥσπερ
421 1278 486 1334 αὖ
535 1278 660 1335 οὐδὲ
704 1282 944 1354 νήψεως.
977 1280 1106 1342 Θεὸς
1150 1282 1250 1356 γὰρ
1298 1282 1365 1349 ἧν
1421 1281 1538 1334 κατ’
1576 1277 1740 1356 ἄμφω
1786 1281 1848 1333 τὸ

199 1371 300 1443 μὲν
360 1370 534 1446 φύσει,
564 1370 628 1424 τὸ
684 1366 743 1423 δὲ
802 1369 1010 1424 θεώσει,
1061 1369 1154 1423 Διὸ
1196 1366 1262 1437 δὴ
1321 1368 1411 1422 καὶ
1467 1368 1600 1422 κατὰ
1655 1373 1844 1423 τοῦτον

191 1459 290 1512 τὸν
351 1456 510 1534 λόγον
567 1456 746 1527 πάσης
800 1456 1067 1533 ἁμαρτίας
1124 1457 1394 1519 ἀνώτεοος
1449 1457 1538 1526 ἧν-
1579 1457 1615 1524 ἢ
1647 1456 1746 1532 γὰρ
1795 1456 1846 1526 ἐξ

192 1544 532 1623 ἐπισφαλοῦς
583 1545 950 1621 προαιρέσεως
1006 1545 1068 1600 τὸ
1126 1544 1470 1620 ἁμαρτάνειν,
1503 1545 1537 1613 ἢ
1569 1544 1658 1598 καὶ
1703 1545 1848 1620 παρὰ

190 1634 508 1710 προαίρεσιν
565 1633 615 1707 ἐξ
672 1633 992 1708 ἀπροσεξίας
1052 1635 1188 1707 ἡμῖν
1249 1632 1560 1708 ἐπιγίνεται.
1618 1631 1842 1687 Μᾶλλον

195 1715 244 1742 δῖ
504 1720 517 1740 ’
685 1721 701 1742 ἴ
778 1723 792 1740 Ἷ
1062 1726 1086 1737 ν
1441 1719 1456 1738 Ἰ
1531 1720 1543 1738 ἱ
1750 1721 1761 1740 Ι

191 1737 254 1777 σε
311 1721 402 1776 καὶ
460 1721 590 1777 αὐτὸ
645 1743 710 1776 το
768 1741 1112 1798 απροσεκτειν
1162 1720 1397 1796 ἁμαρτία
1439 1739 1600 1790 εστιν,
1632 1720 1668 1789 ἢ
1708 1741 1844 1782 τεως

191 1815 327 1886 γοῦν
380 1809 650 1885 ἁμαρτίας
701 1811 870 1886 ἀρχή·
920 1807 1010 1864 διά
1053 1830 1138 1864 τοι
1186 1814 1348 1864 τοῦτο
1396 1809 1485 1863 καὶ
1525 1812 1634 1864 τῶν
1687 1810 1845 1872 ἀκου-

1960 669 2069 732 sto,
2095 664 2448 734 praelationis
2477 669 2598 719 erat
2627 680 2810 734 capax
2867 667 2932 717 ut
2990 666 3123 734 pote
3176 661 3268 716 sui
3324 661 3479 732 juris
3518 660 3608 718 vel

1961 753 2281 808 secundum
2300 751 2729 808 humanitatem
2745 751 3180 823 Christus,quia
3192 749 3564 805 rationabilis
3590 768 3604 818 ;

1960 858 2132 897 omne
2160 841 2314 896 enim
2343 839 2688 896 rationabile
2718 844 2807 896 est
2839 840 2930 894 sui
2953 840 3128 911 juris,
3162 843 3220 894 et
3250 855 3421 894 omne
3452 839 3606 909 quod

1959 935 2047 986 est
2078 930 2170 986 sui
2194 930 2368 1001 juris,
2403 928 2759 1000 praelationis
2782 945 2962 1000 capax
2991 933 3098 983 est.
3123 926 3380 983 Consilio
3410 931 3607 982 autem

1959 1024 2015 1074 et
2043 1018 2506 1074 consideratione
2519 1021 2575 1072 et
2599 1016 2820 1088 judicio
2851 1021 2908 1071 et
2936 1015 3296 1087 praelatione,
3319 1014 3472 1070 sicut
3502 1032 3608 1070 nos

1960 1107 2120 1162 nullo
2149 1107 2321 1162 modo
2355 1106 3085 1178 egebat,quemadmodum
3108 1121 3315 1159 rursus
3341 1121 3443 1159 nec
3476 1103 3602 1159 abs-

1957 1195 2221 1266 tinentia)
2276 1193 2612 1266 vngilantia:
2671 1199 2823 1249 Deus
2880 1192 3036 1248 enim
3092 1195 3219 1247 erat
3276 1193 3602 1248 secundum

1958 1284 2093 1348 duo,
2126 1287 2397 1338 naturam
2430 1283 2668 1354 quidem
2701 1285 2757 1337 et
2795 1281 3262 1348 deiﬁcationem;
3297 1284 3607 1352 propterea

1957 1389 2097 1429 sane
2125 1377 2182 1429 et
2211 1372 2531 1428 secundum
2563 1371 2713 1425 hanc
2757 1371 3043 1426 rationem
3098 1368 3269 1442 longe
3337 1368 3606 1440 superior

1956 1465 2081 1516 erat
2110 1459 2269 1516 omni
2297 1459 2506 1531 culpa;
2540 1457 2627 1514 vel
2661 1459 2816 1513 enim
2861 1475 2929 1513 ex
2981 1455 3313 1529 praslatione
3367 1457 3592 1512 incerta

1957 1550 2128 1621 culpa
2153 1549 2331 1614 venit,
2361 1547 2450 1602 vel
2483 1552 2692 1618 prater
2722 1545 3118 1619 praelationem
3152 1562 3220 1600 ex
3261 1545 3600 1601 inconside-

1955 1639 2180 1694 rantia:
2213 1638 2331 1693 imo
2363 1636 2603 1709 quidem
2636 1641 2694 1691 et
2725 1636 2852 1708 ipsa
2900 1634 3397 1690 inconsiderantia
3433 1633 3605 1705 culpa

1952 1731 2060 1797 est,
2074 1725 2160 1781 vel
2183 1727 2394 1782 saltem
2409 1725 2781 1796 aliquatenus
2803 1724 3036 1778 initium
3061 1722 3369 1795 peccandi:
3402 1738 3604 1794 quam-

1953 1815 2152 1870 obrem
2212 1830 2354 1869 sane
2409 1818 2468 1868 et
2525 1813 2595 1868 de
2653 1811 3065 1867 involuntariis
3097 1810 3356 1882 peccatis
3400 1826 3601 1881 pcenas

192 1899 330 1953 σίων
408 1897 818 1974 ἁμαρτημάτων
869 1897 1299 1975 εἷ’σπραττόμεθα
1358 1895 1527 1959 δίκας.
1585 1899 1737 1953 Ὅθεν
1797 1895 1838 1950 δ³

1953 1903 2174 1960 solvere
2202 1903 2509 1969 debemus,
2545 1901 2704 1956 Unde
2733 1901 2884 1972 fugit
2913 1916 3090 1955 causa
3119 1897 3353 1970 qualem
3385 1898 3465 1953 ibi
3505 1897 3599 1952 in-

194 1984 405 2060 ἆπέδρα
451 1986 514 2041 τὸ
555 1984 752 2057 αἷίτιον,
801 1985 966 2042 ποίαν
1007 1986 1118 2042 ἐκεῖ
1157 1987 1222 2041 τὸ
1261 1986 1496 2041 αἰτιατὸν
1548 1985 1663 2063 εἶχε
1703 2006 1842 2061 παρ-

190 2073 431 2130 είσδυσιν
452 2095 466 2146 ;

263 2180 585 2257 Προαίρεσις
621 2181 716 2255 μὲν
775 2179 864 2234 οὖν
917 2179 1106 2244 ἁπλῶς
1164 2179 1275 2236 ἐστι
1333 2177 1570 2256 πρόοδος
1613 2181 1750 2256 πρὸς
1779 2181 1841 2234 τὸ

185 2267 430 2345 αἱρετὸν,
487 2266 656 2344 ἤγουν
713 2266 1054 2338 αὐτεξούσιος
1131 2266 1333 2343 ἄλογος
1392 2269 1539 2343 ὁρμὴ
1599 2269 1734 2342 πρὸς
1779 2269 1840 2322 τὸ

187 2355 445 2428 θελητὸν,
502 2356 624 2425 ἥτις
693 2355 949 2432 πρόσεστι
1005 2358 1141 2411 κατά
1188 2353 1344 2434 φύσιν
1397 2356 1554 2410 παντὶ
1608 2353 1836 2430 λογικῷ.

184 2443 511 2521 Προαίρεσις
595 2443 810 2519 λέγεται
893 2442 1056 2500 πάλιν
1115 2447 1150 2513 ἡ
1210 2445 1316 2520 πρὸ
1374 2443 1557 2520 ἑτέρου
1613 2443 1837 2520 αἵρεσις,

187 2533 317 2602 ἥτις
375 2531 577 2610 γίνεταί
639 2533 846 2608 βοολῆς
901 2534 1385 2610 προηγησαμένης,
1429 2533 1542 2587 εἶτα
1586 2531 1837 2609 κρίσεως,

194 2622 311 2695 μεθ’
343 2621 406 2689 ἢν
436 2622 472 2691 ἡ
505 2621 638 2697 πρὸς
667 2621 730 2675 τὸ
760 2619 820 2675 ἐκ
876 2617 1084 2696 βουλῆς
1140 2621 1318 2698 κριθὲν
1371 2619 1605 2684 διάθεσις
1630 2617 1835 2692 ἕπεται,

191 2709 286 2764 καὶ
345 2708 558 2786 λέγεται
607 2710 824 2786 γνώμη,
881 2711 917 2779 ἡ
973 2713 1067 2764 νῦν
1133 2706 1445 2782 δηλουμένη
1502 2710 1835 2785 προαίρεσις,

192 2796 370 2852 εἳτουν
428 2799 464 2866 ἡ
506 2795 741 2872 ἐπιλογή
801 2802 896 2853 τοῦ
954 2795 1203 2868 δόξαντος
1257 2798 1448 2869 καλοῦ,
1509 2795 1834 2874 διαδέχεται.

187 2888 301 2955 Τὴν
325 2885 582 2956 τοιαύτην
613 2885 922 2961 προαίρεσιν
956 2885 1053 2940 οὐκ
1083 2885 1143 2940 ἂν
1191 2883 1312 2960 εἷίπῃ
1367 2907 1451 2948 τις
1509 2887 1565 2940 εὗ
1627 2892 1838 2964 φρονῶν

195 2975 286 3030 ἐπὶ
342 2980 440 3030 τοῦ
497 2979 750 3050 Χριστοῦ.
784 2975 951 3037 Ποίας
1009 2975 1110 3051 γὰρ
1166 2975 1232 3044 ἦν
1289 2975 1492 3050 βουλῆς
1546 2972 1766 3046 ένδεής;
1798 2978 1834 3043 ἢ

189 3064 342 3126 τίνος
399 3067 508 3119 τῶν
559 3063 618 3118 ἐκ
673 3062 880 3139 βουλῆς
913 3064 941 3118 ὁ
966 3064 1270 3137 θαυμαστὸς
1319 3058 1653 3136 σύμϐουλος,
1685 3067 1719 3133 ἡ
1749 3085 1836 3118 σο-

191 3153 292 3230 φία
351 3155 448 3206 τοῦ
497 3156 632 3207 Θεοῦ
686 3151 775 3206 καὶ
828 3151 1071 3227 Πατρός;
1112 3152 1147 3221 ἢ
1209 3155 1325 3214 πῶς
1381 3151 1440 3206 ἂν
1497 3150 1830 3229 προσαφθείη

192 3240 510 3317 προαίρεσις
540 3243 575 3309 ἡ
609 3239 661 3294 ἐν
702 3242 837 3314 ἡμῖν
884 3244 963 3312 τῷ
1009 3237 1458 3317 προεκλεξαμένῳ
1510 3240 1573 3294 τὸ
1622 3240 1832 3316 ἀγαθὸν,

189 3329 380 3390 καθὼς
440 3327 850 3402 μεμαρτύρηται
892 3346 906 3396 ;

187 3436 415 3492 κραγεν,
449 3414 532 3469 ὅτι
579 3416 704 3490 πρὶν
753 3416 790 3484 ἢ
835 3419 1034 3490 γνῶναι
1083 3415 1242 3469 αὐτὸν
1291 3415 1327 3484 ἢ
1374 3413 1695 3490 προελέσθαι
1739 3437 1838 3469 πο-

183 3504 358 3578 νηρὰ,
391 3501 659 3572 έκλέξεται
716 3503 779 3557 τὸ
836 3501 1052 3578 ἀγαθόν·
1103 3502 1378 3558 τουτέστιν
1434 3499 1546 3558 οὔτ’
1594 3502 1652 3557 ἂν
1700 3524 1835 3578 προ-

185 3588 400 3660 έλοιτο,
441 3591 504 3646 τὸ
564 3588 608 3645 δ’
666 3591 864 3666 ἀγαθὸν
920 3591 980 3646 ἐκ
1028 3592 1252 3667 πρώτης
1311 3592 1490 3667 ἀρχῆς
1548 3591 1834 3662 ἐκλέξεται.

183 3681 290 3736 Καὶ
325 3677 497 3751 αὖθις,
525 3682 692 3756 πρινή
742 3683 942 3754 γνῶναι
990 3680 1053 3735 τὸ
1100 3678 1314 3734 παιδίον
1358 3681 1551 3756 ἀγαθὸν
1595 3680 1629 3748 ἢ
1674 3681 1834 3734 κακὸν

183 3771 404 3832 ἀπειθεῖ
458 3767 696 3842 πονηρίᾳ
735 3771 832 3822 τοῦ
891 3766 1202 3837 ἐκλέξασθαι
1257 3768 1321 3822 τὸ
1378 3767 1595 3844 ἀγαθόν.
1640 3774 1836 3842 ’Ήγουν

179 3857 292 3931 πρὸ
326 3857 507 3926 πάσης
538 3856 791 3931 γνώσεως
851 3857 912 3910 τὸ
965 3854 1208 3928 παιδίον,
1242 3855 1293 3910 ἐν
1353 3854 1490 3932 ἄκρᾳ
1543 3856 1838 3926 νηπιότητι

179 3946 322 4020 πρὸς
376 3943 440 3999 τὸ
496 3944 735 4019 πονηρὸν
793 3945 1025 4006 ἀπειθῶς
1103 3940 1231 4019 ἔχον
1306 3943 1394 3998 καὶ
1453 3943 1724 4020 ἀρῥεπῶς,
1773 3943 1836 3998 τὸ

184 4033 387 4109 ἀγαθὸν
449 4031 804 4087 οἰκειώσεται.
839 4033 910 4087 Τὸ
968 4029 1045 4104 δὲ,
1081 4032 1301 4108 «πρινή
1361 4037 1564 4107 γνῶναι
1623 4057 1652 4084 ››
1701 4031 1836 4087 κατά

181 4124 249 4177 τὸ
307 4120 627 4198 φαινόμενον
683 4117 916 4196 εἴρηται.
948 4120 1088 4176 Πότε
1143 4121 1246 4197 γὰρ
1304 4122 1372 4191 ἦν
1433 4123 1508 4194 μὴ
1569 4126 1832 4196 γινῶσκον

182 4211 249 4265 τὸ
308 4206 549 4279 παιδίον,
585 4208 636 4264 ἐν
670 4210 716 4280 ᾧ
772 4209 962 4271 πάντες
993 4210 1044 4263 οἱ
1077 4209 1337 4284 θησαυροὶ
1367 4216 1467 4278 τῆς
1511 4208 1698 4284 σοφίας
1746 4209 1835 4264 καὶ

183 4305 288 4367 τῆς
343 4298 594 4372 γνώσεως
661 4292 986 4374 ἀπόκρυφοι,
1046 4294 1419 4368 καταλλήλοις
1496 4303 1709 4372 καιροῖς
1757 4297 1836 4374 ἐφ’

188 4387 316 4441 ὅσον
381 4385 552 4461 ἐχρῆν
623 4385 1051 4462 φανερούμενοι;
1105 4386 1358 4440 Τοιοῦτόν
1437 4385 1548 4440 ἐστι
1615 4386 1705 4440 καὶ
1775 4387 1837 4441 τὸ

188 4473 357 4550 σοφίᾳ
385 4474 474 4527 καὶ
532 4475 716 4549 χάριτι
774 4473 1101 4549 προκόπτειν
1155 4475 1289 4549 μετὰ
1344 4481 1445 4544 τῆς
1490 4475 1709 4544 ἡλικίας
1749 4477 1839 4531 τὸν

187 4565 428 4632 Ἰησοῦν,
460 4561 594 4616 κατᾶ
647 4562 710 4616 τὸ
767 4562 1090 4640 φαινόμενον
1146 4560 1383 4633 δηλαδή.
1416 4569 1523 4633 Τῆς
1588 4565 1679 4637 μὲν
1733 4565 1836 4642 γὰρ

1952 1992 2192 2047 troitum
2225 1991 2477 2046 habebat
2507 1989 2662 2061 quod
2713 1987 3044 2060 allegatur?

2022 2097 2284 2152 Prmlatio
2316 2096 2554 2168 quidem
2587 2099 2676 2151 est
2703 2094 2884 2167 igitur
2915 2092 3260 2166 simpliciter
3287 2108 3596 2164 processus

1950 2187 2022 2242 ad
2051 2185 2320 2251 volitum,
2353 2183 2576 2241 scilicet
2600 2183 2746 2239 liber
2763 2182 3234 2255 incogitatusque
3253 2183 3325 2236 ad
3346 2181 3592 2236 volitum

1949 2276 2204 2346 impetus
2234 2273 2332 2345 qui
2365 2277 2597 2339 natura,
2639 2276 2728 2327 est
2759 2272 2950 2326 omnis
2998 2275 3275 2326 creaturas
3330 2268 3594 2324 rationaa

1949 2363 2104 2420 bilis.
2129 2364 2354 2418 Rursus
2385 2361 2601 2416 dicitur
2630 2360 2886 2432 pralatio
2911 2377 3024 2431 prae
3048 2359 3161 2414 alio
3194 2358 3414 2428 electio,
3463 2374 3589 2428 qua:

1947 2453 2015 2506 ﬁt
2044 2456 2336 2523 praeeunte
2366 2449 2804 2513 deliberatione,
2837 2453 3038 2519 postea
3060 2447 3307 2518 judicio,
3355 2450 3585 2518 postea-

1949 2556 2061 2612 que
2083 2540 2348 2611 sequitur
2379 2537 2684 2609 dispositio
2718 2537 2789 2592 ad
2815 2536 3144 2607 judicatum
3176 2552 3244 2591 ex
3296 2533 3584 2590 delibera-

1945 2628 2104 2684 tione
2131 2628 2396 2694 tendens,
2440 2631 2496 2682 et
2520 2625 2734 2680 dicitur
2779 2624 3106 2690 sententia;
3160 2640 3316 2678 nunc
3347 2623 3589 2677 demon-

1947 2720 2130 2772 strata
2161 2715 2443 2788 praelatio,
2478 2731 2579 2769 seu
2613 2712 2847 2768 selectio
2878 2714 3005 2784 ejus
3036 2713 3191 2784 quod
3238 2711 3468 2766 videtur
3489 2711 3587 2766 bo-

1946 2821 2110 2875 num,
2162 2803 2440 2859 succedit.
2501 2801 2698 2858 Talem
2756 2800 3152 2873 praelationem
3207 2816 3380 2856 nemo
3429 2801 3583 2854 recte

1945 2893 2204 2949 sentiens
2226 2892 2523 2948 diceretde
2539 2890 2784 2945 Christo.
2796 2889 2960 2955 Quali
2979 2890 3134 2945 enim
3150 2887 3582 2954 deliberatione,

1943 2982 2030 3037 vel
2060 2997 2197 3054 quo,
2230 2996 2431 3036 eorum
2464 2995 2592 3050 quae
2623 2978 2694 3033 ad
2725 2978 2877 3033 hanc
2921 2977 3233 3050 pertinent,
3282 2979 3447 3048 egeat
3472 2975 3581 3030 mi-

1944 3069 2148 3126 rabilis
2188 3067 2554 3135 consilarius,
2605 3067 2900 3138 Sapientia
2957 3064 3056 3120 Dei
3113 3069 3170 3120 et
3220 3061 3583 3119 Patris?Vel

1945 3158 2236 3230 quomodo
2268 3155 2531 3228 praelatio
2561 3159 2628 3210 ut
2655 3155 2717 3209 in
2748 3154 2916 3210 nobis
2942 3157 3030 3209 est
3057 3157 3115 3209 et
3153 3157 3450 3224 aptaretur
3480 3149 3584 3222 qui

1948 3246 2172 3301 bonurn
2196 3244 2478 3316 praeeligit
2509 3247 2575 3298 ut
2620 3247 2870 3298 testatur
2927 3241 3301 3314 (prepheta)?
3361 3239 3588 3295 Etcnim

1018 3293 1447 3317 ⁷⁷Γ⁷Ϋ⁷Π⁷Ὶ⁷ι⁷ί⁷δ⁷
1524 3293 1565 3294 77
1630 3293 1832 3316 7.77777

961 3327 1051 3381 καὶ
1103 3327 1207 3403 γὰρ
1272 3324 1489 3388 Ἡσαΐας
1546 3327 1838 3403 προανακέ-

1951 3293 2172 3301 *ν’-*⁵⁵*
2196 3293 2477 3316 r'"'"0"
2515 3293 2573 3298 “'
2626 3293 2859 3298 ""'""“
2930 3293 3291 3314 \r"r"""l'
3362 3293 3479 3295 7"’
3538 3293 3587 3294 ”’

1951 3335 2134 3390 Isaias
2167 3337 2299 3388 ante
2340 3331 2613 3388 clamavit
2667 3331 2804 3402 quia
2860 3331 3204 3403 priusquam
3263 3326 3595 3400 cognoverit

1947 3421 2064 3489 ille,
2089 3420 2178 3476 vel
2220 3419 2438 3476 malum
2470 3418 2812 3492 praetulerit,
2844 3420 3064 3474 bonum
3109 3418 3302 3490 eliget.
3334 3417 3454 3472 Hoc
3483 3419 3596 3482 est,

1949 3525 2053 3564 nec
2085 3509 2398 3580 praeferret,
2430 3508 2529 3562 sed
2565 3508 2785 3562 bonum
2818 3525 2852 3564 a
2892 3507 3176 3579 principio
3203 3505 3458 3578 primum
3493 3503 3598 3559 eli-

1947 3602 2061 3669 get.
2095 3598 2164 3651 Et
2193 3613 2398 3651 rursus
2431 3595 2783 3667 priusquam
2811 3600 3188 3667 cognosceret
3214 3611 3358 3667 puer
3376 3594 3598 3649 bonum

1945 3685 2032 3741 vel
2066 3685 2309 3752 malum,
2342 3700 2458 3738 non
2492 3684 2735 3738 confidit
2792 3683 3048 3750 malitiae,
3109 3683 3364 3755 eligendi
3419 3698 3597 3738 causa

1947 3773 2121 3829 boni:
2156 3773 2210 3828 id
2245 3778 2352 3837 est,
2389 3777 2523 3827 ante
2553 3789 2786 3827 omnem
2819 3773 3211 3844 cognitionem
3257 3789 3421 3844 puer,
3453 3788 3488 3827 a
3517 3775 3597 3826 te-

1947 3879 2087 3917 nera
2115 3861 2360 3915 infantia
2395 3877 2497 3915 nec
2528 3859 2774 3916 docilem
2808 3878 2913 3916 nec
2944 3862 3252 3932 proclivem
3279 3861 3348 3916 ad
3370 3860 3591 3915 malum

1946 3967 2008 4006 se
2039 3950 2282 4019 habens,
2316 3950 2534 4004 bonum
2569 3948 2682 4004 sibi
2706 3955 3006 4018 assumet;
3041 3951 3194 4020 quod
3226 3953 3419 4005 autem
3452 3948 3588 4003 dici.

1945 4045 2061 4106 tur,
2094 4062 2116 4086 ‹·
2151 4038 2501 4109 Priusquam
2534 4042 2928 4108 cognosceret.
2968 4061 2994 4086 ››
3027 4056 3095 4094 ex
3135 4037 3324 4110 specie
3354 4037 3586 4092 dicitur.

1944 4128 2188 4191 Quando
2220 4127 2378 4180 enim
2409 4126 2676 4181 nesciens
2707 4130 2829 4182 erat
2860 4127 3076 4198 puerin
3093 4143 3206 4197 quo
3229 4141 3434 4181 omnes
3463 4125 3590 4179 the-

1946 4214 2104 4270 sauri
2118 4215 2414 4286 sapientiae
2427 4218 2483 4269 et
2496 4213 2748 4269 scientia;
2762 4215 3085 4270 absconditi
3101 4218 3258 4284 sunt,
3274 4214 3427 4284 aptis
3443 4217 3588 4268 tem-

1947 4304 2210 4374 poribus,
2244 4308 2526 4373 quantum
2559 4319 2707 4373 opus
2737 4307 2881 4370 erat,
2907 4302 3298 4374 apparentes?
3329 4300 3474 4355 Illud
3505 4302 3594 4354 est

1948 4392 2102 4462 quod
2135 4390 2348 4445 dicitur
2374 4391 2576 4446 Jesum
2611 4391 2888 4462 prolicere
2941 4390 3231 4462 sapientia
3287 4393 3344 4444 et
3400 4387 3591 4458 gratia

1946 4495 2080 4533 cum
2109 4482 2296 4544 aetate,
2326 4478 2385 4532 in
2414 4477 2606 4548 specie
2638 4477 2876 4532 scilicet.
2910 4477 3112 4532 [Etatis
3151 4477 3307 4532 enim
3341 4475 3588 4531 accretio

1947 4571 2072 4622 erat
2100 4566 2360 4637 corporis
2392 4566 2677 4621 naturalis
2710 4566 2990 4634 accretio;
3018 4565 3312 4637 sapientiae
3369 4580 3501 4619 vero
3533 4566 3590 4618 et

187 4648 415 4720 ἡλικίας
465 4647 705 4713 ἐπίδοσις
753 4651 820 4720 ἦν
871 4651 1169 4725 αὐξομένου
1214 4656 1311 4706 τοῦ
1378 4653 1626 4726 σώματος
1679 4675 1838 4732 φυσι-

1951 4653 2146 4725 gratia
2175 4655 2420 4709 accretio
2449 4672 2562 4709 non
2596 4654 2787 4710 auctio
2819 4666 2943 4709 erat
2972 4671 3174 4709 eorum
3205 4670 3335 4726 quae
3395 4652 3589 4724 prima

188 4743 326 4809 κῶς,
388 4739 575 4816 σοφίας
633 4736 690 4794 δὲ
761 4740 852 4794 καὶ
910 4741 1137 4816 χάριτος
1192 4745 1300 4795 τῶν
1359 4741 1677 4816 πρωτίστων
1746 4743 1834 4796 καὶ

186 4825 505 4900 ἄκροτάτων
561 4827 659 4881 οὐκ
714 4825 1158 4896 ἒπίδοσις,ἆλλᾶ
1212 4829 1508 4906 φανέρωσις
1568 4827 1833 4905 εὔκαιρος.

183 4917 803 4992 ΤοιγαροῦνὸΧριστὸς
859 4917 988 4978 Θεὸς
1047 4913 1120 4970 ὢν
1173 4919 1456 4990 ἡνωμένος
1504 4917 1572 4992 τῇ
1629 4918 1837 4992 ἀνθρω-

185 5003 317 5077 πίνῃ
378 5002 532 5074 οὐσίᾳ
607 5005 726 5068 καθ’
767 5003 1076 5074 ὑπόστασιν,
1134 5005 1203 5074 ἧν
1275 5005 1473 5079 ἀγαθὸς
1551 5007 1626 5068 ὡς
1684 5006 1833 5068 Θεός.

183 5092 330 5168 Εἶχε
388 5089 448 5147 δὶ
503 5092 592 5146 καὶ
650 5093 725 5155 ὡς
783 5093 1065 5169 ἄνθρωπος
1117 5092 1469 5164 αὐτεξουσίως
1527 5095 1589 5148 τὸ
1640 5093 1835 5170 ἀγαθὸν

184 5183 326 5236 κατᾶ
380 5181 536 5257 φύσιν
597 5176 677 5234 ὅνο
711 5179 890 5258 ὥσπερ
947 5181 1052 5257 γὰρ
1107 5181 1170 5236 τὸ
1224 5182 1386 5236 κακὸν
1441 5184 1529 5236 καὶ
1576 5186 1610 5252 ἡ
1657 5184 1837 5258 ἀμαρ-

182 5269 274 5324 τία
330 5269 479 5345 παρᾶ
523 5268 703 5346 φύσιν,
739 5268 884 5324 οὕτω
930 5266 996 5338 δὴ
1055 5269 1118 5323 τὸ
1172 5269 1371 5342 ἀγαθὸν
1405 5270 1438 5338 ἦ
1494 5271 1654 5345 ἀρετὴ
1703 5272 1838 5325 κατά

187 5357 344 5436 φύσιν
399 5355 533 5413 ἐστίν
565 5355 656 5412 διὰ
702 5361 864 5412 τοῦτο
914 5357 1002 5412 καὶ
1047 5357 1348 5430 ἠὰμαρτία
1398 5357 1652 5428 τοιαύτην
1709 5356 1838 5433 ἔσχε

186 5447 678 5524 προσηγορίαν,ὠς
708 5446 986 5522 ἀποτυχία
1015 5449 1112 5500 τοῦ
1141 5445 1276 5500 κατᾶ
1305 5445 1458 5523 φύσιν
1490 5447 1579 5501 καὶ
1611 5447 1832 5521 ἀγαθοῦ.

261 5553 324 5606 Οἱ
360 5553 457 5625 μὲν
487 5551 580 5606 οὖν
623 5549 848 5627 ἄγγελοι
880 5549 1190 5620 δυσκίνητοι
1220 5552 1355 5626 πρὸς
1408 5550 1470 5606 τὸ
1524 5552 1687 5606 κακὸν
1746 5551 1834 5606 καὶ

191 5639 442 5716 λέγονται
500 5640 592 5694 καί
652 5639 772 5712 εἰσι,
803 5639 872 5714 τῇ
932 5641 1056 5714 περὶ
1095 5639 1222 5695 Θεὸν
1251 5637 1590 5717 προσεδρείᾳ,
1621 5640 1710 5694 καὶ
1765 5639 1834 5714 τῇ

190 5726 466 5804 ἐλλάμψει
507 5728 580 5802 τῇ
625 5733 844 5804 συνεχεῖ
892 5727 1274 5804 βοηθούμενοι·
1308 5729 1343 5799 ἡ
1385 5726 1443 5784 δὲ
1487 5733 1584 5784 τοῦ
1637 5727 1834 5804 Κυρίου

1945 4759 2296 4813 summaque
2319 4743 2499 4808 fuere,
2529 4744 2629 4798 sed
2663 4743 2946 4814 apparitio
2976 4747 3320 4814 opportuna.
3353 4741 3446 4798 Sic
3478 4739 3586 4812 igi-

1944 4836 2042 4886 tur
2071 4830 2334 4885 Christus
2357 4831 2482 4901 jam
2514 4831 2666 4885 Deus
2699 4831 2973 4886 humana:
3020 4831 3359 4886 substantiae
3389 4829 3588 4884 unitus

1945 4918 2326 4991 hypostatice,
2357 4919 2546 4974 bonus
2567 4923 2691 4974 erat
2733 4923 2799 4973 ut
2843 4918 2998 4974 Deus
3033 4918 3252 4986 ;habet
3307 4921 3501 4974 autem
3533 4921 3590 4973 et

1945 5012 2011 5062 ut
2038 5007 2212 5062 homo
2241 5007 2423 5062 libere
2461 5007 2616 5078 quod
2649 5007 2970 5062 secundum
3019 5011 3288 5062 naturam
3345 5010 3435 5062 est
3485 5007 3588 5060 bo-

1946 5112 2108 5149 num.
2143 5095 2652 5158 Quemadmodum
2683 5095 2839 5151 enim
2873 5096 3097 5151 malum
3119 5100 3176 5151 et
3233 5095 3404 5167 culpa
3448 5099 3589 5150 sunt

1947 5189 2148 5238 contra
2177 5183 2562 5250 naturam,sic
2578 5200 2716 5239 sane
2734 5184 2954 5239 bonum
2978 5190 3036 5240 et
3055 5184 3239 5238 virtus
3263 5183 3590 5240 secundum

1946 5277 2216 5327 naturam
2247 5274 2386 5325 sunt
2409 5297 2421 5338 ;
2453 5277 2758 5343 propterea
2784 5271 2957 5327 etiam
2979 5289 3191 5329 nomen
3215 5272 3391 5328 habet
3421 5271 3593 5342 culpa

1946 5360 2253 5431 (defectus)
2285 5359 2450 5431 quasi
2484 5361 2744 5430 defectio,
2775 5361 2846 5416 ab
2876 5377 2941 5416 eo
2973 5362 3128 5432 quod
3157 5366 3246 5417 est
3264 5361 3590 5416 secundum

1947 5451 2217 5502 naturam
2242 5453 2299 5503 et
2328 5448 2483 5518 quod
2516 5452 2603 5503 est
2633 5449 2875 5504 bonum.

2017 5554 2218 5626 Angeli
2295 5555 2529 5625 quidem
2617 5560 2924 5626 propterea
3009 5557 3160 5612 tardi
3227 5557 3298 5612 ad
3362 5555 3584 5610 malum

1945 5641 2222 5731 dicuntur
2251 5648 2305 5698 et
2362 5649 2518 5714 sunt,
2551 5660 2616 5699 eo
2663 5645 2846 5714 adjuti
2903 5646 3053 5716 quod
3111 5645 3226 5700 Deo
3285 5649 3501 5711 astent,
3532 5645 3590 5698 et

1945 5731 2223 5786 continua
2279 5733 2485 5788 exinde
2541 5732 2667 5788 luce
2726 5732 3148 5790 illuminentur.
3209 5734 3318 5788 Sed
3350 5731 3583 5788 Domini
