4110 6432
499 408 614 476 595

1745 403 2166 469 NICEPHORI
2210 401 2649 468 BLEMMIDALI

3783 401 3902 466 596

502 563 698 603 amma
722 541 979 600 omnimo
1010 540 1082 596 ad
1113 537 1333 596 malum
1366 555 1481 595 non
1513 556 1696 613 prona
1725 545 1867 607 erat,
1929 541 1988 594 in
2048 557 2109 596 se

2268 538 2404 611 ιυχή
2457 537 2736 598 παντελῶς
2788 536 2924 612 πρὸς
2973 535 3035 592 τὸ
3084 535 3246 592 κακὸν
3296 534 3551 606 ἀκίνητος
3598 535 3685 608 iv,
3737 533 3900 590 αὐτὸν

500 635 631 708 ipsa
660 635 850 705 ipsum
875 632 1096 686 habens
1129 635 1307 684 Deum
1344 629 1741 696 Verbum,non
1775 630 2144 698 possessione

502 725 602 779 sed
661 723 918 786 unione;
967 724 1023 772 et
1081 717 1180 773 illa
1225 718 1460 789 quidem
1520 719 1830 790 imperium
1891 735 2146 774 excerce—

501 813 603 868 bat
634 811 691 864 in
723 825 982 880 corpore,
1014 812 1163 862 Deus
1193 823 1324 861 vero
1353 808 1605 862 Verbum
1652 809 1778 878 ejus
1825 813 1950 862 erat
2005 809 2142 873 dux,

502 917 678 972 quem
709 899 888 953 libere
917 897 1286 968 sequebatur,
1307 895 1448 949 dum
1472 896 1676 949 divinae
1694 895 2010 951 voluntatis
2041 896 2147 950 im-

505 987 819 1060 pletionem
852 987 1001 1057 ipsa,
1024 1001 1257 1040 summa
1305 986 1634 1051 sanctitate,
1692 985 1857 1039 valde
1913 988 2144 1055 appete-

506 1081 610 1133 ret.
658 1077 968 1144 Propterea
1020 1078 1077 1128 et
1105 1072 1410 1137 Dominus,
1442 1073 1667 1128 Patrem
1701 1089 1872 1127 orans
1903 1071 1960 1126 in
1995 1077 2145 1127 tem-

505 1180 643 1236 pore
691 1161 1003 1235 passionis,
1055 1165 1118 1215 ut
1176 1161 1349 1216 homo
1408 1161 1677 1216 dicebat:
1733 1162 1856 1215 Non
1884 1163 2024 1214 sicut
2053 1176 2147 1230 ego

504 1253 642 1319 volo,
716 1251 809 1307 sed
881 1252 1023 1305 sicut
1105 1258 1202 1318 tu;
1295 1249 1397 1320 ﬁat
1476 1249 1729 1303 voluntas
1813 1257 1904 1303 tua
1954 1250 1994 1301 ³.
2083 1249 2149 1302 Et

504 1357 638 1396 vero
670 1340 763 1395 hic
793 1355 986 1394 sermo
1008 1343 1098 1393 est
1128 1338 1335 1392 animas
1381 1337 1608 1392 Domini
1669 1354 1847 1392 unam
1907 1337 2147 1392 scientis

504 1429 864 1484 voluntatem
897 1428 978 1483 sic
1009 1426 1156 1482 uniti
1192 1427 1291 1482 Dei
1322 1425 1493 1481 Verbi
1526 1430 1584 1480 et
1642 1426 1850 1481 Patris.
1888 1425 2148 1481 Habebat

508 1519 687 1590 igitur
715 1521 900 1572 Herus
931 1533 999 1571 ea
1021 1533 1137 1587 qua
1168 1519 1307 1570 sunt
1338 1531 1637 1570 servorum
1660 1519 1897 1586 propter
1927 1531 2145 1579 servos,

511 1608 610 1663 sed
644 1622 822 1676 supra
852 1621 1087 1671 servos;
1117 1603 1294 1659 herus
1333 1604 1488 1658 enim
1533 1607 1658 1658 erat
1695 1603 1829 1658 licet
1881 1602 2146 1658 servilem

510 1694 800 1749 induisset
829 1693 1112 1757 formam;
1143 1708 1280 1746 nam
1311 1707 1441 1747 vere
1473 1690 1624 1746 sicut
1656 1708 1784 1757 nos,
1835 1691 2148 1758 esuriebat,

509 1799 778 1854 soporem
827 1781 1172 1846 sustinebat,
1231 1780 1677 1851 defatigabatur,
1744 1780 2042 1846 maerebat,
2075 1779 2155 1834 la-

509 1871 906 1944 orymabatur,
958 1870 1224 1934 timebat,
1282 1869 1381 1923 sed
1436 1867 1702 1924 libenter.
1762 1869 2002 1933 Quando
2058 1884 2154 1923 vo-

511 1961 638 2016 lens
661 1960 785 2031 ipse
815 1957 1168 2012 humanitati
1201 1973 1319 2011 sua:
1351 1957 1528 2012 dabat
1571 1957 1876 2029 proprium
1927 1957 2154 2024 patien-

512 2053 602 2104 ter
629 2063 819 2120 egere,
878 2052 935 2102 et
990 2047 1043 2100 id
1101 2061 1279 2117 supra
1338 2062 1466 2113 nos,
1521 2062 1728 2100 rursus
1794 2047 2152 2111 comedebat,

514 2136 769 2199 bibebat,
803 2134 1148 2199 dormiebat,
1181 2133 1622 2205 colloquebatur
1660 2135 1816 2190 sicut
1872 2151 1998 2204 nos,
2053 2133 2153 2188 sed

515 2224 714 2282 omnia
743 2225 864 2278 haec
893 2226 1091 2279 sancte
1121 2227 1177 2278 et
1206 2239 1384 2294 supra
1423 2239 1548 2278 nos.
1593 2222 1734 2286 Quis
1793 2222 1948 2278 enim
2008 2223 2158 2276 inter

517 2331 624 2370 nos
655 2313 715 2367 in
770 2311 1137 2368 naturalibus
1193 2311 1447 2366 innoxiis
1500 2311 1859 2367 inveniretur
1914 2327 2157 2383 prorsus

517 2404 798 2458 innocens
819 2402 846 2455 ?
876 2400 1213 2456 Patiebatur
1234 2417 1336 2472 pro
1367 2401 1556 2465 nobis,
1588 2401 1646 2455 in
1718 2417 1889 2456 cruce
1947 2400 2157 2456 ﬁxione

520 2497 578 2548 et
605 2491 868 2548 tensione
899 2490 1172 2561 (algebat)
1208 2489 1458 2544 dolebat.
1496 2491 1740 2544 Demum
1771 2493 2038 2544 mortuus
2067 2493 2156 2544 est

520 2582 618 2637 sed
653 2580 935 2645 libenter;
972 2579 1213 2632 aderant
1245 2580 1301 2631 et
1333 2577 1527 2648 passio
1557 2582 1613 2632 et
1644 2576 1809 2631 dolor
1847 2581 1904 2631 et
1961 2593 2155 2643 mors;

521 2669 851 2742 patiebatur
881 2683 1035 2734 caro,
1087 2665 1426 2722 naturaliter
1481 2665 1712 2721 dolebat
1770 2667 1966 2721 anima
2023 2682 2160 2738 pro-

522 2762 648 2830 pter
699 2755 1074 2822 societatem;
1134 2771 1203 2810 ex
1263 2771 1331 2809 ea
1388 2755 1545 2809 enim
1605 2754 1765 2810 carni
1797 2771 2027 2809 sensus.
2059 2757 2158 2810 At-

520 2850 716 2902 tamen
775 2843 1046 2899 divinitas
1104 2843 1162 2897 in
1231 2848 1476 2915 utraque
1516 2861 1629 2898 non
1663 2843 2010 2916 patiebatur,
2044 2860 2159 2898 non

521 2933 755 2990 dolebat
783 2951 796 2999 ;
830 2932 1001 3004 longe
1030 2931 1186 2987 enim
1215 2949 1393 3003 supra
1423 2932 1542 2986 hanc
1575 2937 1663 2988 est
1700 2931 2005 2999 Divinitas,
2035 2931 2162 2987 ani-

519 3037 616 3078 ma
645 3019 914 3092 separata
934 3024 1023 3075 est
1043 3037 1077 3074 a
1107 3036 1297 3085 carne,
1316 3020 1417 3075 sed
1450 3019 1735 3076 Divinitas
1791 3019 2041 3076 indivisa
2089 3020 2161 3075 ab

519 3115 766 3181 utraque
796 3113 936 3165 erat.
971 3109 1188 3164 Passus
1225 3108 1504 3164 Dominus
1559 3114 1618 3164 et
1673 3114 1939 3164 mortuus
1986 3113 2043 3165 et
2071 3125 2161 3164 se-

521 3198 721 3272 pultus
752 3198 1184 3268 corruptionem
1216 3197 1490 3262 excussit,
1523 3201 1580 3254 et
1599 3214 1726 3269 quae
1765 3204 1905 3254 sunt
1963 3215 2162 3253 corru-

2253 624 2453 698 ἔχουσα
2508 627 2597 679 τὸν
2658 628 2786 679 Θεὸν
2851 625 3021 700 Λόγον
3085 625 3136 680 ἐν
3197 626 3381 699 ἑαυτῇ,
3414 625 3475 680 ού
3507 625 3642 680 κατᾶ
3692 625 3900 701 σχέσιν,

2253 712 2396 768 ἀλλᾶ
2449 716 2566 768 καθ’
2622 711 2832 771 ἕνωσιν.
2870 715 2966 767 Καὶ
3025 717 3059 783 ἡ
3098 715 3190 786 μὲν
3243 716 3340 783 τήν
3387 715 3683 788 ἡγεμονίαν
3740 713 3904 789 ἐνήρο

2252 823 2337 876 γει
2378 807 2474 856 του
2527 804 2800 874 σώματος,
2855 804 2882 855 6
2933 801 2988 857 δὲ
3029 803 3158 864 Θεὸς
3207 803 3385 877 Λόγος
3434 804 3500 871 iv
3553 802 3720 872 αὐτῆς
3767 807 3903 878 ἡγε-

2257 891 2394 962 μὼν,
2428 890 2782 961 αὐτεξουσίως
2814 891 3088 963 ἑπομένης
3122 891 3289 963 αύτῷ,
3320 891 3409 946 καὶ
3457 893 3556 961 τήν
3605 897 3702 946 τοῦ
3755 892 3906 946 θείου

2255 977 2566 1050 θελήματος
2616 979 2780 1033 αὐτοῦ
2827 978 2915 1033 καὶ
2951 977 3069 1033 λίαν
3100 978 3469 1050 ἐπιποθούσης
3500 980 3560 1035 ἐκ
3587 978 3902 1055 πλήρωσιν,

2252 1071 2332 1137 τῷ
2383 1074 2484 1136 τῆς
2541 1067 2828 1144 ἁγιότητος
2887 1063 3307 1143 ὑπερϐάλλοντι.
3345 1069 3436 1122 Διὸ
3489 1069 3576 1124 καὶ
3629 1070 3656 1124 6
3707 1068 3906 1144 Κύριος

2255 1156 2392 1229 πρὸς
2438 1155 2527 1210 τὸν
2574 1155 2736 1209 αὐτοῦ
2787 1157 2996 1231 Πατέρα
3060 1155 3498 1231 προσευχόμενος
3556 1157 3607 1212 έν
3657 1161 3736 1228 τῷ
3779 1179 3902 1211 και-

2258 1248 2336 1318 ρῷ
2385 1248 2482 1297 τοῦ
2524 1244 2723 1305 πάθους
2771 1245 2846 1305 ὡς
2899 1246 3182 1319 ἄνθρωπος
3230 1242 3434 1320 ἔλεγεν,
3480 1245 3600 1321 Οὐχ
3665 1246 3740 1307 ὡς
3792 1244 3905 1320 ἐγὼ

2258 1330 2422 1402 θέλω,
2471 1330 2597 1386 ἀλλ’
2654 1332 2728 1394 ὡς
2779 1332 2861 1386 σύ’
2912 1335 3222 1408 γεννηθήτω
3269 1334 3331 1388 τὸ
3380 1334 3599 1407 θέλημά
3644 1355 3758 1389 σου.
3803 1334 3906 1388 Καὶ

2255 1420 2355 1495 γάρ
2389 1420 2547 1482 οὗτος
2577 1421 2605 1474 ὁ
2640 1420 2802 1496 λόγος
2849 1423 2946 1489 τῆς
2995 1426 3092 1476 τοῦ
3141 1421 3337 1497 Κυρίου
3377 1426 3584 1499 ψυχῆς,
3613 1423 3670 1477 ἓν
3700 1420 3906 1483 εἰδυίας

2259 1506 2471 1582 θέλῃμα
2510 1513 2608 1563 τοῦ
2668 1509 2954 1582 ἡνωμένου
3017 1511 3183 1583 ταύτῃ
3228 1514 3362 1566 Θεοῦ
3408 1511 3610 1585 Λόγου,
3660 1513 3750 1567 καὶ
3808 1515 3910 1565 τοῦ

2260 1596 2490 1671 Πατρός.
2524 1596 2658 1672 Εἶχε
2718 1599 2811 1670 μὲν
2867 1596 2957 1652 οὖν
3012 1599 3040 1653 6
3085 1599 3359 1668 Δεσπότης
3409 1599 3476 1654 τὰ
3529 1605 3637 1654 τῶν
3690 1597 3910 1654 δούλων

2261 1683 2350 1739 διὰ
2395 1685 2521 1747 τοὺς
2568 1683 2820 1757 δούλους,
2864 1684 2988 1741 ἀλλ’
3039 1687 3169 1761 ὑπὲρ
3215 1687 3345 1750 τοὺς
3394 1685 3648 1750 δούλους.
3701 1688 3909 1743 Asc-11:6-

2257 1793 2357 1842 της
2397 1774 2499 1850 γάρ
2528 1774 2618 1843 iv,
2652 1774 2816 1829 εἶκαὶ
2863 1771 3122 1844 δουλικὴν
3173 1775 3386 1854 εἰλήφει
3439 1779 3676 1854 μορφήν⁸
3726 1776 3914 1832 ἐπείνα

2185 1864 2376 1972 Βκατ’
2433 1862 2692 1934 ἀλήθειαν
2757 1863 2831 1926 ὡς
2889 1867 3072 1936 ἡμεῖς,
3123 1861 3301 1938 ἐδίψα,
3356 1867 3661 1941 νυσταγμὸν
3727 1863 3911 1943 ἔφερε,

2262 1956 2469 2006 κοπιῶν
2517 1953 2608 2021 iv,
2641 1953 2986 2024 λυπούμενος
3033 1954 3123 2025 ἧν,
3170 1951 3436 2030 δακρύων,
3484 1952 3730 2023 δειλιῶν,
3778 1952 3896 2009 ἀλλ

2263 2039 2541 2102 ἑκουσίως.
2583 2044 2706 2095 Ὅτε
2753 2039 2925 2096 θέλων
2973 2041 3132 2103 αὐτὸς
3181 2040 3413 2098 ἐνεδίδου
3466 2047 3536 2117 τῇ
3593 2043 3759 2098 αὐτοῦ
3819 2043 3916 2097 ἀνι

2263 2128 2577 2203 θρωπότητι
2632 2129 2697 2184 τὸ
2755 2127 2890 2184 ἴδιον
2960 2131 3262 2203 ἀμέμπτως
3326 2137 3525 2203 ποιεῖν,
3583 2133 3671 2186 καὶ
3747 2136 3918 2187 τοῦτο

2265 2219 2397 2291 ύπὶρ
2467 2220 2633 2289 ἡμᾶς,
2672 2216 2836 2272 πάλιν
2905 2216 3113 2291 ἤσθιεν,
3155 2218 3356 2287 ἔπινεν,
3408 2218 3676 2290 ἐκάθευδε,
3730 2217 3920 2276 διελέ-

2263 2327 2386 2382 γετο
2462 2308 2697 2382 καθάπερ
2766 2309 2953 2379 ἡμεῖς.
3016 2306 3190 2364 Ἀλλὰ
3258 2307 3431 2363 πάντα
3494 2308 3918 2385 ἀναμαρτήτως,

2266 2395 2353 2450 καὶ
2410 2399 2570 2449 τοῦτο
2631 2395 2762 2469 ὑπὲρ
2819 2397 2989 2467 ἡμᾶς.
3028 2394 3143 2450 Τίνι
3190 2397 3291 2472 γὰρ
3348 2395 3406 2451 ἂν
3465 2399 3626 2470 ἡμῶν
3679 2398 3732 2452 ἐν
3793 2404 3917 2460 τοῖς

2267 2489 2514 2562 φυσικοῖς
2556 2478 2914 2553 ἀδιαϐλήτοις
2963 2483 3200 2558 εὖρεθείη
3255 2481 3444 2539 διόλου
3488 2485 3552 2540 τὸ
3583 2485 3916 2559 ἄμεμπτον;

2267 2574 2541 2648 Ἐπασχεν
2573 2572 2704 2647 ὑπὲρ
2747 2575 2928 2644 ἡμῶν,
2963 2570 3119 2648 ἤλγει
3149 2577 3217 2645 τῇ
3251 2572 3302 2628 έν
3349 2579 3561 2647 σταυρῷ
3612 2574 3916 2650 προσηλώ-

2270 2682 2347 2716 σει
2405 2660 2495 2715 καὶ
2555 2658 2812 2715 διατάσει·
2859 2658 3016 2722 τέλος
3065 2662 3341 2718 ἀπέθανεν.
3393 2660 3549 2718 ’Δλλ’
3589 2661 3921 2727 ἐθελουσίως

2267 2751 2335 2819 iv
2365 2749 2510 2822 αύτῷ
2540 2749 2629 2804 καὶ
2656 2751 2719 2804 τὸ
2757 2751 2926 2811 πάθος
2976 2750 3065 2804 καὶ
3114 2751 3178 2804 τὸ
3227 2748 3413 2827 ἄλγος,
3445 2751 3535 2806 καὶ
3591 2753 3655 2806 τὸ
3713 2758 3918 2816 θανεῖν.

2270 2835 2501 2914 ἔπασχεν
2543 2841 2578 2908 ἡ
2643 2839 2788 2914 σάρξ.
2839 2835 3029 2915 ’Ἡλγει
3092 2842 3330 2914 φυσικῶς
3381 2841 3416 2908 ἡ
3466 2841 3620 2915 ψυχή
3672 2837 3763 2894 διὰ
3817 2842 3922 2909 τήν

2270 2927 2570 3004 συνάφειαν,
2632 2925 2683 2997 ἐξ
2756 2926 2922 2996 αὐτῆς
2997 2926 3098 3003 γὰρ
3174 2928 3208 2997 ἠ
3284 2925 3526 2997 αἴσθησις
3595 2932 3664 3002 τῇ
3735 2929 3917 3005 σαρκί.

2269 3015 2417 3085 πλὴν
2445 3016 2479 3085 ἠ
2512 3015 2700 3086 θεότης
2730 3017 2764 3085 ἡ
2800 3016 2850 3071 έν
2882 3015 3084 3093 ἀμφοῖν
3137 3015 3236 3070 οὐκ
3289 3014 3542 3092 ἔπασχεν,
3575 3015 3674 3071 οὐκ
3729 3015 3920 3093 ἤλγει.

2269 3109 2384 3159 Τῶν
2461 3105 2563 3180 γάρ
2648 3102 2910 3158 τοιούτων
2968 3105 3031 3160 τὸ
3077 3106 3218 3160 θεῖον
3279 3104 3589 3180 ὑπέρτερον.
3645 3107 3708 3161 Ἦ
3759 3108 3920 3181 ψυχὴ

2273 3191 2504 3266 διῄρητο
2586 3195 2684 3261 τῆς
2766 3192 2986 3268 σαρκὸς,
3039 3191 3164 3248 ἀλλ’
3219 3195 3254 3262 ἠ
3315 3191 3506 3262 θεότης
3574 3191 3625 3266 ἐξ
3709 3192 3920 3272 ἀμφοῖν

522 3269 759 3358 ptionis,
846 3288 903 3338 et
980 3289 1293 3354 postquam
1351 3284 1423 3339 ad
1477 3284 1971 3356 incorruptionem
2030 3284 2155 3338 dis-

2271 3279 2573 3354 ἀδιαίρετος
2654 3282 2742 3349 iv.
2810 3283 3001 3336 Παθὼν
3059 3281 3088 3335 ὁ
3140 3280 3336 3354 Κύριος
3413 3281 3502 3335 καὶ
3575 3283 3750 3336 θανὼν
3806 3269 3924 3337 ’καὶ

524 3373 840 3446 posuisset,
884 3372 1298 3443 propriamque
1355 3372 1613 3427 animam
1667 3390 1735 3428 ex
1792 3376 2073 3443 potestate
2099 3377 2166 3428 ut

525 3464 680 3519 Deus
712 3462 1133 3532 assumpsisset
1183 3461 1431 3516 surrexit
1452 3461 1622 3515 tertia
1650 3461 1760 3516 die.
1794 3463 1928 3533 Ego,
1983 3462 2163 3531 enim,

526 3551 626 3618 ait,
655 3566 796 3621 pono
825 3551 1073 3603 animum
1100 3563 1279 3603 meam
1309 3557 1366 3602 ut
1396 3551 1596 3602 iterum
1617 3564 1740 3604 eam
1759 3565 2004 3616 sumam;
2035 3566 2167 3604 nam

524 3642 845 3710 potestatem
925 3637 1091 3691 habeo
1162 3637 1405 3706 ponendi
1493 3653 1632 3704 eam,
1717 3646 1766 3692 et
1846 3644 2169 3708 potestatem

531 3727 698 3781 habeo
752 3727 950 3780 iterum
1005 3741 1127 3780 eam
1180 3725 1488 3780 sumendi‘
1535 3725 1594 3780 Si
1643 3730 1837 3780 autem
1915 3731 1971 3780 et
2038 3731 2168 3798 post

530 3814 1014 3869 resurrectionem
1099 3813 1380 3868 Dominus
1441 3814 1715 3883 comedit,
1772 3815 1830 3869 id
1889 3819 2040 3870 certe
2098 3831 2167 3869 ex

530 3902 912 3972 dispositione
942 3903 1094 3968 fecit,
1127 3919 1260 3956 cum
1311 3902 1434 3957 suis
1485 3904 1780 3974 prendens
1837 3902 2166 3975 discipulis,

531 3991 699 4062 quasi
730 3991 780 4045 is
811 3991 1156 4046 surrexisset
1184 3991 1284 4061 qui
1315 3993 1477 4062 prius
1507 3997 1630 4046 erat
1655 4009 1786 4046 cum
1807 3992 1909 4046 eis.
1943 3992 2168 4056 Quanto

531 4085 725 4136 autem
754 4079 880 4133 dico
913 4095 979 4132 ex
1009 4079 1406 4148 dispositione,
1456 4079 1696 4135 excludo
1756 4080 2164 4152 phantasiam;

532 4169 747 4224 etenim
780 4185 910 4222 vere
951 4168 1220 4233 comedit,
1273 4167 1468 4222 cibum
1532 4185 1666 4224 vero
1712 4186 1857 4224 novo
1915 4169 2166 4240 quodam

531 4257 756 4312 decenti
789 4257 960 4311 modo
1009 4261 1074 4310 ut
1121 4256 1231 4327 ipsi
1289 4256 1480 4311 visum
1555 4261 1661 4323 est,
1714 4258 1975 4328 digessit.
2038 4259 2168 4313 Pro-

532 4351 728 4418 pterea
758 4361 988 4416 quoque
1018 4345 1186 4415 signa
1213 4344 1518 4399 vulnerum
1552 4345 1825 4410 ostendit,
1869 4365 1994 4418 quae
2055 4348 2170 4402 fue-

533 4440 664 4490 rant
691 4434 928 4506 quidem
961 4434 1148 4504 etjam
1165 4450 1279 4488 non
1303 4435 1803 4505 erant,praasentia
1833 4451 1899 4489 ea
1920 4436 2169 4490 reddens

532 4523 1010 4593 ut_omnipotens.
1043 4527 1184 4576 Cum
1216 4523 1372 4577 enim
1422 4538 1632 4592 corpus
1684 4523 1827 4577 illud
1887 4524 2046 4577 omni
2076 4540 2169 4594 pe-

2271 3368 2456 3446 ταφεὶς
2514 3368 2860 3442 ἀπετινάξατο
2896 3370 2996 3437 τήν
3055 3368 3255 3446 φθορὰν
3305 3367 3394 3423 καί
3434 3369 3502 3424 τά
3528 3376 3632 3439 τῆς
3687 3376 3920 3445 φθορᾶς.

2274 3458 2372 3512 Καὶ
2430 3459 2824 3520 κατασκευάσας
2882 3457 3140 3512 αὐτοῦτὸ
3188 3462 3345 3530 σῶμα
3400 3459 3538 3531 πρὸς
3594 3458 3923 3536 ἀφθαρσίαν,

2273 3546 2362 3600 καὶ
2413 3546 2511 3614 τήν
2563 3545 2760 3601 οἷ’κείαν
2803 3547 2986 3620 ψυχὴν
3036 3546 3153 3600 κατ’
3183 3545 3422 3616 ἐξουσίαν
3467 3547 3542 3608 ὡς
3586 3548 3720 3608 Θεὸς
3747 3567 3923 3622 προσ-

2276 3629 2582 3706 λαϐόμενος
2625 3634 2812 3703 ἀνέστη
2861 3636 3179 3710 τριήμερος.
3232 3634 3373 3708 Ἐγὼ
3423 3635 3524 3709 γὰρ
3580 3634 3778 3706 τίθημι
3818 3636 3923 3703 τήν

2276 3723 2458 3797 ψυχήν
2523 3743 2647 3794 μου,
2697 3722 2880 3800 φησὶν,
2927 3720 3019 3776 ’ίνα
3068 3717 3221 3777 λάϐω
3269 3721 3433 3776 πάλιν
3487 3722 3676 3793 αὐτήν.
3736 3725 3924 3793 Ἐξου-

2277 3811 2389 3864 σίαν
2446 3808 2560 3886 ἔχω
2617 3813 2786 3866 θεῖναι
2845 3811 3032 3880 αὐτὴν,
3100 3811 3188 3864 καὶ
3260 3810 3494 3880 ἐξουσίαν
3578 3809 3694 3886 ἔχω
3754 3811 3925 3866 πάλιν

2277 3894 2460 3954 λαϐεῖν
2491 3899 2678 3968 αὐτήν.
2708 3900 2770 3954 Εἰ
2804 3896 2861 3953 δὲ
2891 3899 2978 3953 καὶ
3013 3900 3146 3971 μετά
3189 3899 3289 3967 τήν
3335 3898 3610 3954 ἀνάστασιν
3646 3901 3674 3954 6
3723 3900 3928 3976 Κύριος

2277 3987 2488 4065 ἔφαγεν,
2530 3987 2675 4042 ἀλλὰ
2723 3989 2838 4042 κατ’
2895 3987 3209 4060 οἰκονομίαν
3266 3991 3426 4042 τοῦτο
3484 3989 3772 4061 πεποίηκε,
3804 3996 3929 4052 τοῖς

2279 4075 2437 4137 ἰδίοις
2485 4080 2755 4150 παριστῶν
2820 4081 3106 4148 μαθηταῖς,
3140 4076 3216 4138 ὡς
3272 4075 3430 4138 αὐτὸς
3485 4077 3551 4145 iv
3609 4078 3868 4146 ἀναστάς,
3901 4080 3930 4133 6

2275 4165 2536 4242 πρότερον
2571 4163 2642 4219 ὢν
2679 4165 2790 4238 μετ’
2823 4164 3020 4233 αὐτῶν,
3043 4167 3202 4218 Ὅταν
3261 4161 3318 4219 δὲ
3362 4163 3505 4239 λέγω
3562 4167 3680 4221 κατ’
3709 4166 3932 4222 οἷκονοο

2281 4254 2403 4326 μίαν
2460 4255 2558 4322 τήν
2615 4253 2902 4330 φαντασίαν
2964 4252 3314 4326 ἐκκρούομαι·
3374 4253 3463 4306 καὶ
3546 4254 3651 4328 γὰρ
3733 4252 3930 4332 ἔφαγεν

2277 4343 2517 4412 ἀληθῶς,
2565 4343 2664 4410 τήν
2720 4342 2925 4418 τροφὴν
2961 4338 3018 4394 δὲ
3046 4345 3420 4414 καινοπρεπῶς
3453 4341 3526 4401 ὡς
3586 4340 3727 4396 οἶδεν
3765 4342 3933 4404 αὐτὸς

2279 4427 2604 4499 διωκήσατο.
2639 4431 2736 4484 Διὰ
2763 4434 2923 4484 τοῦτο
2956 4429 3042 4483 καὶ
3098 4428 3303 4490 τύπους
3337 4427 3616 4484 ὑπεδείκνυ
3665 4430 3931 4505 πληγῶν,

2276 4520 2343 4572 τά
2400 4519 2663 4593 γεγονότα
2725 4519 2841 4590 μὶν,
2883 4519 2958 4590 μή
3017 4513 3144 4572 ὄντα
3201 4515 3277 4588 δὲ,
3324 4517 3562 4591 παρόντα
3617 4523 3794 4573 ποιῶν
3852 4521 3932 4581 ὡς

531 4612 721 4676 nuria,
753 4611 912 4666 omni
945 4626 1286 4681 repercussu
1321 4610 1592 4681 superius
1623 4611 1837 4666 factum
1857 4611 1953 4678 sit,
1983 4629 2159 4683 neque

2280 4606 2709 4679 παντοδύναμος.
2744 4607 2890 4660 Ἐπεί
2946 4607 3030 4660 τοί
3081 4626 3144 4680 γε
3198 4606 3261 4659 τὸ
3318 4610 3478 4677 σῶμα
3535 4604 3706 4660 ἐκεῖνο
3747 4609 3934 4678 πάσης

530 4701 710 4766 cibos,
745 4717 932 4770 neque
963 4699 1474 4754 contrectationem
1507 4700 1869 4765 admittebat,
1892 4700 2173 4757 idcircoe-

529 4790 670 4844 tiam
707 4807 815 4843 non
849 4789 1171 4842 secundum
1213 4804 1447 4842 carnem
1480 4805 1633 4842 nunc
1673 4805 1799 4843 esse
1859 4789 2167 4844 Dominum

533 4877 803 4940 dicimus,
837 4881 900 4930 ut
932 4881 1061 4947 pote
1090 4875 1188 4946 qui
1220 4875 1476 4930 carnalia
1507 4876 1794 4947 deposuit,
1824 4875 1935 4931 cibi
1958 4878 2172 4948 appeti-

532 4969 679 5031 tum,
714 4964 1276 5030 somnum,laborem
1307 4969 1364 5018 et
1377 4963 1491 5019 alia
1507 4964 2173 5034 hujusmodi,pra:terea-

533 5069 645 5124 que
675 5058 731 5107 et
762 5053 1020 5107 renisum
1048 5078 1062 5119 ;
1094 5054 1222 5122 ejus
1253 5051 1409 5106 enim
1439 5069 1651 5123 corpus
1695 5069 1938 5109 excussa
1967 5071 2171 5109 corru-

531 5140 746 5211 ptione.
782 5139 923 5194 nihil
955 5157 1130 5210 egens
1154 5141 1370 5195 factum
1403 5146 1509 5206 est,
1535 5145 1591 5196 et
1639 5141 2019 5212 impassibile,
2076 5142 2170 5197 in-

530 5228 745 5296 tactile,
769 5234 824 5283 et
855 5229 1182 5284 immortale
1211 5247 1224 5297 ;
1251 5247 1363 5284 non
1389 5236 1582 5284 tamen
1609 5230 1952 5292 incrcatum,
1983 5248 2170 5303 neque

530 5317 850 5380 infinitum,
877 5317 994 5370 haec
1038 5318 1191 5371 enim
1221 5318 1403 5373 solius
1438 5318 1766 5372 Divinitatis
1799 5326 1974 5384 sunt;
2005 5325 2059 5373 et
2108 5325 2172 5374 ut

525 5407 703 5462 verba
761 5405 1118 5474 contraham,
1152 5411 1436 5477 quantum
1460 5412 1583 5461 erat
1612 5424 1792 5477 capax
1843 5407 2169 5461 divinorum

528 5496 821 5550 honorum
877 5493 1210 5549 humanitas
1269 5495 1502 5560 Christi,
1561 5512 1628 5548 ex
1683 5495 1809 5564 ipso
1843 5497 2028 5549 Verbo
2073 5513 2173 5565 per

529 5583 804 5638 unionem
867 5576 1088 5651 habuit,
1152 5600 1253 5653 per
1282 5600 1458 5652 quam
1507 5588 1564 5637 et
1595 5583 1920 5638 veneranda
1951 5588 2006 5638 et
2031 5584 2171 5639 ado-

598 5708 621 5740 ³
652 5711 785 5761 Luc.
818 5723 970 5774 XXVI,
1001 5707 1087 5762 39.
1165 5708 1185 5740 ⁴
1209 5707 1375 5762 Joan.
1408 5723 1463 5777 x,
1496 5707 1580 5760 18.

2283 4693 2503 4766 ἐνδείας,
2545 4695 2719 4765 πάσης
2781 4693 3091 4756 ἀντιτυπίας
3149 4694 3435 4768 ὑπέρτερον
3494 4696 3742 4769 γεγονὸς,
3801 4693 3935 4752 οὔτε

2280 4786 2484 4862 τροφάς
2514 4780 2636 4838 οὔτε
2665 4783 3012 4858 ψηλαφήσεις
3054 4782 3326 4854 προσίετο.
3361 4782 3453 4836 Διὸ
3510 4782 3600 4836 καὶ
3652 4785 3729 4854 μὴ
3790 4786 3938 4840 κατά

2281 4872 2449 4946 σάρκα
2477 4877 2567 4925 νῦν
2601 4871 2731 4926 εἶναι
2761 4871 2853 4925 τὸν
2889 4871 3082 4946 Κύριον
3125 4868 3378 4944 λέγομεν,
3409 4871 3483 4932 ὡς
3532 4870 3599 4925 τὰ
3645 4879 3748 4941 τῆς
3796 4893 3935 4947 σαρ-

2279 4961 2371 5022 κὸς
2421 4961 2774 5034 ἀποθέμενον,
2805 4966 3011 5037 τροφῆς
3059 4957 3256 5036 ἔφεσιν,
3291 4959 3477 5030 ὕπνον,
3507 4959 3676 5014 κόπον
3723 4962 3813 5014 καὶ
3865 4962 3941 5015 τά

2277 5055 2518 5105 τοιαῦτα⁶
2552 5051 2686 5124 πρὸς
2742 5049 2954 5109 τούτοις
3013 5047 3102 5100 καὶ
3158 5047 3220 5101 τὸ
3277 5046 3587 5105 ἀντίτυπον.
3636 5049 3706 5102 Τὸ
3767 5053 3941 5120 σῶμα

2277 5139 2377 5213 γὰρ
2412 5137 2574 5192 αὐτοῦ
2616 5135 2702 5190 διά
2747 5145 2845 5205 τῆς
2893 5132 3233 5196 ἀπεκδύσεως
3281 5142 3381 5203 τῆς
3431 5141 3636 5212 φθορᾶς
3683 5133 3941 5198 ἀνενδεὶς

2281 5224 2605 5293 ἀπετελέσθη
2668 5225 2755 5278 καὶ
2806 5225 3023 5294 ἀπαθὲς,
3081 5224 3169 5277 καὶ
3228 5223 3441 5300 ἀναφὲς,
3500 5224 3589 5278 καὶ
3648 5223 3940 5291 ἀθάνατον,

2281 5314 2340 5368 οὐ
2404 5316 2508 5385 μὴν
2567 5314 2655 5368 καὶ
2714 5312 2981 5382 ἄκτιστον,
3015 5308 3219 5366 ούτάὖ
3276 5311 3700 5387 ἀπερίγραπτον,
3759 5317 3941 5368 ταῦτα

2279 5402 2377 5477 γὰρ
2432 5402 2601 5474 μόνης
2651 5401 2922 5470 θεότητος·
2956 5401 3045 5454 καὶ
3088 5399 3156 5452 ’ἕν’
3186 5397 3320 5454 εἴπω
3368 5399 3627 5467 συνελὼν,
3655 5399 3780 5454 ὅσον
3833 5401 3942 5471 μὲν

2409 5489 2432 5506 ἢ

2281 5492 2344 5559 iv
2406 5489 2644 5544 δεκτικὸν
2705 5489 2857 5542 θείων
2917 5487 3252 5562 αὐχημάτων
3309 5488 3370 5540 τὸ
3429 5486 3769 5562 ἀνθρώπινον
3820 5492 3935 5542 τοῦ
