4110 6418
290 408 412 473 397

1422 411 1688 477 SERMO
1729 413 1833 476 AD
1877 410 2306 477 MONAGHOS
2350 411 2571 477 SUOS.

3583 407 3704 474 598

265 541 527 619 Χριστοῦ,
593 541 846 620 μετέσχεν
906 545 997 600 υπ’
1069 544 1232 602 αὐτοῦ
1296 549 1394 602 τοῦ
1448 545 1630 621 Λόγου
1699 543 1788 600 διὰ
1840 547 1897 600 τοὶ

2008 578 2027 616 ι
2061 549 2245 603 randa
2275 551 2365 603 est
2397 565 2410 616 ;
2445 549 2730 618 quantum
2779 549 2976 603 autem
3024 563 3140 602 non
3195 548 3319 602 erat
3347 562 3546 619 capax,
3581 564 3696 604 non

261 628 484 704 ἕνωσιν,
541 629 611 687 δι’
665 636 730 703 ἣν
783 635 872 689 καὶ
932 635 1123 691 σεπτόν
1188 636 1321 705 ἐστι,
1375 636 1463 691 καὶ
1521 635 1911 711 προσκυνητόν·

267 721 395 776 ὅσον
448 719 508 776 δὲ
550 722 650 777 οὐκ
685 726 748 792 ἦν
809 721 1050 780 δεκτικὸν
1101 725 1162 780 ού
1217 725 1492 800 μετέσχεν,
1519 723 1611 780 ’ίνα
1637 726 1912 787 κάντεῦθεν

263 811 333 865 τό
360 832 419 866 τε
449 809 705 887 διάφορον
735 817 844 866 τῶν
876 812 1086 890 φύσεων
1119 818 1216 869 τοῦ
1243 819 1496 890 Χριστοῦ,
1529 813 1590 868 τό
1638 835 1698 868 τε
1749 833 1914 886 μονα-

267 895 420 954 δικὸν
453 904 551 953 τοῦ
580 901 876 975 προσώπου
909 903 1285 976 γινώσκωμεν.

344 1018 717 1099 Πρεσϐεύομεν
771 1025 948 1080 τοίνυν
1000 1025 1086 1080 ἐπὶ
1135 1031 1368 1103 Χριστοῦ
1437 1027 1560 1100 μίαν
1630 1027 1917 1081 ὑπόστασιν

265 1112 544 1181 σύνθετον,
601 1112 661 1167 ἐκ
725 1110 822 1168 δύο
900 1114 1302 1188 συντεθειμένην
1376 1115 1606 1193 φύσεων,
1664 1115 1921 1186 θεότητος

267 1199 530 1270 δηλονότι
602 1202 693 1255 καὶ
759 1202 1200 1278 ἀνθρωπότητος,
1259 1203 1536 1274 ἀλλήλαις
1620 1205 1918 1277 ἡνωμένων

263 1289 386 1343 κατ’
416 1288 582 1357 αὐτὴν
614 1289 712 1358 τήν
753 1294 849 1344 τοῦ
890 1291 1070 1366 Λόγού
1119 1291 1426 1349 ὑπόστασιν.
1463 1292 1560 1346 Διά
1606 1296 1769 1347 τοῦτο
1816 1293 1918 1369 γὰρ

263 1377 359 1430 καὶ
415 1378 515 1445 τήν
574 1377 830 1448 τοιαύτην
889 1376 1076 1434 ἕνωσιν
1135 1381 1251 1434 καθ’
1312 1379 1596 1435 ὑπόστασιν
1665 1379 1916 1457 λέγομεν,

263 1463 352 1519 δτι
387 1464 512 1538 μίαν
545 1464 836 1529 ὑπόστασις
876 1467 937 1522 ἐκ
984 1473 1093 1522 τῶν
1141 1473 1308 1545 τριῶν
1337 1472 1435 1538 τῆς
1482 1465 1737 1540 θεότητος
1787 1471 1918 1525 ὑπο-

264 1554 528 1625 στάσεων,
584 1553 708 1622 ἥτις
762 1555 905 1610 ἐστὶν
961 1559 995 1626 ἡ
1052 1562 1149 1611 τοῦ
1206 1559 1356 1628 Υἳοῦ,
1414 1557 1509 1620 τὰς
1577 1556 1673 1613 δύο
1732 1558 1915 1637 φύσεις

258 1639 536 1711 ἀλλήλαις
566 1642 774 1711 ἥνωσεν
818 1644 1140 1721 ἀσυγχύτως
1200 1646 1252 1700 ἐν
1317 1647 1480 1720 ἑαυτῇ
1537 1668 1596 1701 τε
1654 1648 1743 1702 καὶ
1799 1649 1915 1702 καθ’

260 1730 455 1800 αὑτήν.
487 1729 560 1784 Ού
589 1731 695 1807 γὰρ
748 1730 948 1802 ὑπέστη
983 1735 1102 1798 καθ’
1159 1733 1310 1802 αὐτὸ,
1359 1734 1454 1790 κᾶν
1505 1735 1799 1811 ἀκαριαίως
1851 1737 1914 1791 τὸ

257 1823 360 1873 τοῦ
425 1824 659 1892 Χριστοῦ
729 1820 1068 1897 ἀνθρώπινον
1129 1823 1204 1885 ὡς
1263 1823 1320 1878 ἂν
1382 1823 1672 1885 ὑπόστασις
1753 1830 1910 1880 τοῦτο

2047 636 2432 708 participavit,
2466 641 2530 690 ut
2559 636 2765 691 exinde
2804 652 3037 708 quoque
3084 635 3471 692 differentiam
3506 641 3693 694 nastu-

2032 740 2231 781 rarum
2255 725 2656 796 unitatemque
2685 741 2941 796 personas
2972 740 3416 798 cognoscamus.

2105 1027 2464 1082 Veneramur
2493 1025 2674 1098 igitur
2721 1025 2780 1079 in
2831 1025 3058 1080 Christo
3102 1041 3281 1081 unam
3314 1026 3676 1099 hypostasim

2033 1115 2440 1187 compositam,
2474 1115 2704 1170 duobus
2735 1115 3122 1186 compositam
3173 1114 3416 1182 naturis,
3466 1114 3675 1171 divini-

2031 1209 2150 1260 tate
2180 1203 2400 1260 scilicet
2429 1207 2485 1258 et
2513 1203 2880 1259 humanitate
2910 1203 3023 1258 sibi
3071 1203 3318 1259 invicem
3368 1203 3550 1260 unitis
3583 1222 3672 1262 se-

2031 1294 2290 1349 cundum
2312 1293 2503 1365 ipsam
2532 1292 2704 1347 Verbi
2731 1291 3129 1363 hypostasim;
3170 1293 3300 1348 ideo
3328 1293 3484 1348 enim
3520 1293 3670 1349 hanc

2031 1382 2309 1438 unionem
2341 1380 2594 1436 dicimus
2625 1380 2947 1436 secundum
2969 1379 3352 1452 hypostasim,
3382 1381 3520 1452 quia
3551 1398 3670 1438 una

2029 1471 2384 1543 hypostasis,
2417 1470 2569 1524 inter
2597 1473 2714 1524 tres
2761 1467 3086 1524 divinitatis
3135 1468 3497 1541 hypostases,
3536 1487 3663 1542 quae

2026 1565 2111 1616 est
2135 1558 2469 1631 hypostasis
2501 1557 2650 1628 Filii,
2682 1558 2828 1612 duas
2861 1561 3103 1612 naturas
3134 1557 3284 1612 inter
3313 1574 3375 1613 se
3413 1559 3663 1615 invicem

2025 1648 2214 1703 univit
2268 1647 2571 1703 inconfuse
2622 1645 2682 1700 in
2741 1645 2956 1718 seipsa,
2985 1649 3043 1701 et
3074 1647 3396 1702 secundum
3419 1647 3608 1719 ipsam
3643 1665 3657 1716 ;

2023 1751 2138 1790 non
2170 1735 2325 1790 enim
2367 1733 2629 1788 substitit
2659 1733 2983 1788 secundum
3023 1749 3104 1799 se,
3151 1732 3243 1788 vel
3295 1750 3477 1788 unum
3529 1751 3657 1790 mo-

2023 1827 2308 1888 mentum,
2345 1821 2683 1877 humanitas
2710 1820 2944 1892 Christi,
2976 1821 3060 1876 ita
3089 1825 3154 1876 ut
3199 1821 3299 1876 illa
3328 1821 3658 1894 hypostasis

259 1905 505 1981 λέγοιτο.
537 1908 636 1962 Καὶ
694 1908 798 1984 γὰρ
860 1909 958 1964 οὐκ
1013 1910 1203 1987 ἐχρῆν
1237 1911 1289 1965 τί
1343 1912 1445 1988 γὰρ
1489 1915 1554 1981 ἧν
1597 1913 1661 1967 τὸ
1718 1910 1897 1989 κέρδος

2015 1912 2326 1976 diceretur,
2357 1915 2414 1966 et
2443 1927 2639 1966 revera
2670 1927 2784 1965 non
2817 1911 3140 1981 oportebat.
3190 1909 3340 1974 Quid
3388 1911 3545 1965 enim
3565 1910 3655 1966 lu-

256 1997 396 2068 ἡμῖν
428 1996 490 2050 τὸ
529 1997 792 2066 θεωθῆναι
857 1998 981 2071 μίαν
1042 1998 1370 2068 ὑπόστασινς
1403 1999 1549 2056 ἀλλά
1598 2002 1697 2068 τὴν
1754 2001 1907 2079 φύσιν

257 2084 286 2138 6
346 2083 476 2145 Θεὸς
535 2083 711 2160 Λόγος
772 2085 824 2140 ἐν
880 2087 1052 2159 ἐαυτῷ
1118 2083 1489 2164 προσελάϐετο
1563 2095 1736 2144 πᾶσαν
1807 2098 1908 2159 τῆς

255 2170 701 2248 ἀνθρωπότητος,
745 2172 836 2229 ’ίνα
884 2176 1057 2250 θεώσῃ
1105 2176 1302 2239 πάντας
1359 2180 1530 2250 ἡμᾶς.
1576 2180 1728 2233 Ὅθεν
1781 2185 1905 2252 μιᾶς

257 2261 604 2324 ὑποστάσεως
656 2262 994 2337 κηρύττομεν
1058 2265 1149 2320 τὸν
1210 2267 1460 2341 Χριστὸν,
1517 2266 1607 2321 καὶ
1667 2264 1762 2321 δύο
1815 2267 1910 2345 φύ-

255 2369 395 2404 σεων
427 2349 722 2423 ἡνωμὲνων
771 2350 1046 2424 ἀλλήλαις
1093 2353 1416 2429 ἀσυγχύτως
1471 2351 1659 2409 ἕνωσιν
1720 2354 1902 2432 ἄκραν,

253 2434 577 2512 ἀδιαιρέτων
641 2443 911 2511 μενουσῶν
973 2438 1181 2513 ἀϊδίως,
1244 2437 1303 2496 ἔκ
1365 2463 1425 2496 τε
1484 2441 1747 2513 ἀλλήλων
1813 2445 1903 2498 καὶ

249 2533 355 2595 τῆς
415 2525 757 2590 ὑποστάσεως
815 2530 931 2582 καθ’
969 2531 1029 2598 ἣν
1090 2529 1348 2598 ἥνωνται.
1406 2534 1522 2585 Τῶν
1585 2531 1642 2585 δὲ
1693 2531 1900 2609 φύσεων

253 2613 501 2690 ἐχουσῶν
575 2616 638 2670 τὸ
696 2615 1002 2693 ἀσύγχυτον
1075 2619 1166 2673 καὶ
1238 2619 1305 2674 τὰ
1355 2619 1622 2695 προσόντα
1685 2620 1900 2684 ταύταις

253 2703 563 2778 ἀσύγχυτα,
611 2705 707 2767 τὰς
770 2704 1021 2777 θελήσεις
1078 2709 1167 2761 καὶ
1239 2709 1335 2770 τὰς
1412 2707 1675 2784 ἐνεργείας
1734 2710 1898 2787 φημί.

253 2791 425 2849 Μένει
482 2796 610 2868 γοῦν
643 2795 678 2863 ἡ
711 2795 865 2863 θεϊκή
914 2793 1139 2867 θέλησις
1189 2797 1362 2867 θεϊκή,
1395 2797 1484 2852 γαὶ
1514 2801 1549 2867 ἡ
1581 2798 1896 2873 ἀνθρωπική

249 2878 420 2934 πάλιν
454 2880 793 2957 ἀνθρωπική,
825 2881 972 2952 πλὴν
1029 2884 1362 2958 τεθεωμένη,
1397 2883 1487 2940 διὰ
1536 2887 1635 2954 τὴν
1688 2883 1895 2942 ἕνωσιν.

249 2972 423 3023 Τοῦτο
475 2969 570 3023 κάν
623 2976 742 3026 ταῖς
823 2971 1104 3048 ἐνεργείαις
1160 2976 1496 3049 γινώσκεται.
1559 2973 1660 3028 Δύο
1716 2975 1895 3030 τοίνυν

249 3054 504 3126 θελήσεις
561 3058 612 3113 ἐν
673 3064 750 3132 τῷ
805 3067 1036 3137 Χριστῳ.
1096 3062 1278 3118 Θέλων
1337 3061 1395 3118 δὲ
1447 3063 1537 3118 καὶ
1584 3065 1698 3118 κατ’
1732 3065 1896 3142 ἄμφω

242 3145 344 3206 τὰς
403 3145 673 3220 θελήσεις,
705 3150 822 3203 κατ’
852 3150 1016 3228 ἄμφω
1062 3171 1121 3206 τε
1169 3151 1264 3213 τὰς
1315 3150 1581 3226 ἐνεργείας
1639 3151 1893 3228 ἐνεργῶν,

241 3235 323 3293 εἷς
387 3235 414 3288 6
474 3234 632 3298 αὐτὸς
701 3237 729 3291 ὁ
785 3237 1144 3312 θεάνθρωπος,
1208 3240 1284 3312 μὴ
1361 3237 1736 3315 διαιρούμενος
1813 3241 1963 3343 εἰςα

245 3321 336 3343 (1-!
371 3342 374 3343 ν
435 3318 486 3343 ’δ
553 3326 580 3338 ιν
749 3327 762 3343 ἢ
827 3325 840 3343 9
913 3323 937 3343 ν
974 3328 999 3343 Α
1223 3324 1272 3343 ah
1338 3331 1365 3342 αν
1473 3326 1518 3343 9‘
1551 3329 1589 3343 .9
1647 3330 1670 3343 ν
1764 3328 1776 3343 9

241 3321 377 3376 Θεὸν
435 3318 646 3396 ἰδικῶς,
677 3327 766 3379 καὶ
799 3325 875 3387 εἷς
907 3323 1187 3402 ἄνθρωπον
1223 3324 1430 3399 ἷδικῶς,
1462 3326 1589 3382 ἀλλ’
1620 3330 1697 3390 εἷς
1753 3328 1890 3401 ἀμε-

242 3408 446 3484 ρίστως
507 3410 764 3488 ὑπάρχων
827 3415 956 3476 Θεὸς
988 3415 1078 3469 καὶ
1111 3416 1394 3490 ἄνθρωπος
1425 3417 1452 3469 ὁ
1485 3415 1666 3486 αὐτὸς,
1697 3418 1888 3471 ταυτὸν

241 3494 288 3550 δ’
348 3496 516 3552 εἰπεῖν
576 3501 706 3561 Θεὸς
762 3501 852 3556 καὶ
910 3501 1065 3579 ἀνήρ·
1100 3501 1218 3568 ὅθεν
1260 3501 1576 3578 θεανδρικήν
1621 3503 1887 3580 ἐνέργειαν

241 3585 272 3640 6
328 3584 497 3640 εἰπὼν
576 3588 637 3642 οὐ
715 3588 978 3665 σύγχυσιν
1061 3597 1180 3653 ταῖς
1265 3598 1512 3669 φυσικαῖς
1596 3593 1888 3668 ἐνεργείαις

242 3671 554 3748 εἰσ-ἤγαγεν,
615 3673 762 3750 ἀλλὰ
817 3678 914 3745 τήν
969 3679 1044 3740 εἰς
1103 3679 1263 3753 ἄκρον
1323 3679 1497 3734 αὐτῶν
1563 3681 1890 3754 παρέστησεν

239 3756 438 3815 ’ἑνωσιν
469 3761 560 3816 καὶ
604 3764 668 3818 τὸ
710 3766 994 3820 τεθεῶσθαι
1049 3769 1148 3836 τὴν
1202 3767 1539 3844 ἀνθρωπίνην
1596 3769 1886 3845 ἐνέργειαν.

240 3851 453 3925 ’Ὠσπερ
505 3850 606 3926 γὰρ
662 3851 714 3907 ἐν
769 3859 985 3929 Χριστῷ
1042 3852 1130 3909 διὰ
1183 3863 1281 3925 τῆς
1340 3856 1577 3919 ἑνώσεως
1609 3860 1643 3926 ἡ
1679 3858 1887 3932 ἀνθρω-

241 3936 379 4006 πίνη
435 3939 666 3995 τεθέωτο
725 3940 903 4019 φύσις,
935 3941 1078 3998 οὕτω
1132 3940 1198 4013 δὴ
1254 3944 1408 4014 καὶὴ
1441 3944 1660 4014 θέλησις
1710 3966 1887 4000 συντε-

241 4025 416 4080 θέωτο
473 4025 564 4082 καί
610 4030 646 4098 ἡ
681 4027 933 4106 ἐνέργεια.
968 4032 1062 4086 Διὸ
1116 4031 1206 4086 καὶ
1256 4037 1737 4108 τερατουργοῦντος
1792 4033 1886 4088 αύ-

239 4119 342 4169 τοῦ
398 4121 517 4177 τοῖς
571 4118 773 4180 θεϊκοῖς
830 4118 1159 4194 ἐνεργήμασι
1217 4121 1282 4174 τὰ
1337 4120 1653 4196 ἀνθρωπικᾶ
1736 4143 1887 4176 συνε-

246 4200 528 4277 ζεύγνυτο,
574 4206 678 4260 κάκ
717 4210 824 4260 τῶν
870 4206 1224 4283 ἀνθρωπικῶν
1276 4207 1680 4283 ἐνεργημάτων,
1717 4207 1888 4285 λόγου

245 4287 509 4361 δηλονότι
567 4293 655 4347 καὶ
715 4295 857 4369 ἁφῆς
911 4294 1000 4349 καὶ
1038 4299 1145 4349 τῶν
1174 4296 1458 4365 τοιούτων,
1490 4297 1545 4350 αἱ
1573 4299 1886 4370 θεοσημεῖαι

242 4374 604 4454 προέϐαινον·’
641 4382 876 4458 καθάπερ
935 4380 1162 4460 σιδήρου
1221 4389 1490 4458 τμητικοῦ
1547 4385 1888 4458 πυρωθέντος

243 4468 337 4521 καὶ
393 4467 682 4541 τέμνοντος
739 4471 829 4525 καὶ
880 4470 1123 4534 καίοντος
1182 4471 1232 4526 ἐν
1287 4477 1484 4544 ταυτῷ,
1513 4473 1602 4527 καὶ
1656 4476 1690 4543 ἡ
1737 4477 1884 4547 τομὴ

250 4557 389 4629 μετά
439 4564 540 4627 τῆς
577 4558 817 4621 καύσεως
875 4559 1100 4634 γίνεται,
1127 4561 1216 4614 καὶ
1268 4563 1304 4630 ἡ
1333 4565 1519 4623 καῦσις
1576 4561 1882 4637 ἀχώριστός

249 4642 363 4699 ἐστι
419 4651 522 4714 τῆς
576 4653 757 4720 τομῆς
811 4631 902 4702 καί
930 4650 967 4717 ἡ
996 4652 1104 4703 τῶν
1165 4646 1260 4703 δύο
1299 4647 1578 4724 ἐνεργειῶν
1607 4631 1882 4725 συνδρομὴ
1917 4631 1964 4697 D

244 4734 310 4788 τὸ
341 4733 541 4789 ἐνιαῖον
572 4734 804 4813 εἰσφέρει
833 4735 1051 4799 ταύταις
1083 4736 1145 4791 οὑ
1197 4737 1334 4792 κατᾶ
1371 4737 1549 4814 φύσιν,
1575 4737 1721 4794 ἀλλὰ
1770 4740 1886 4793 καθ’

242 4819 459 4882 ἕνωσιν.
516 4825 574 4878 Ὀ
628 4823 808 4879 τοίνυν
861 4822 1176 4901 θεανδρικήν
1237 4827 1411 4902 φήσας
1482 4825 1744 4902 ἐνέργειαν
1799 4823 1888 4881 διὰ

249 4912 348 4985 μὲν
393 4918 496 4980 τῆς
551 4912 732 4981 ἒνικῆς
790 4918 1069 4990 προφορᾶς
1124 4913 1187 4968 τὸ
1239 4913 1336 4976 τὰς
1394 4909 1491 4968 δύο
1521 4912 1783 4990 ἐνεργείας
1828 4912 1884 4969 ἓν

247 4999 384 5054 εἶναι
459 5003 530 5074 τῇ
594 4999 898 5056 συνελεύσει
971 5000 1063 5056 καὶ
1137 5001 1212 5074 μὴ
1278 4998 1640 5077 διακεκρίσθαι
1691 5002 1886 5065 ταύτας

241 5092 636 5164 πραγματικῶς
713 5089 802 5144 ἀπ’
861 5086 1123 5159 ἀλλήλων
1202 5084 1530 5158 δεδήλωκενο
1590 5089 1641 5144 ἐν
1704 5087 1762 5145 δὲ
1808 5095 1889 5164 τῷ

244 5176 416 5232 εἰπεῖν
478 5175 817 5250 θεανδρικὴν,
869 5176 1011 5232 θείαν
1064 5173 1323 5244 δηλονότι
1379 5177 1467 5231 καὶ
1521 5174 1798 5252 ἀνδρικὴν,
1826 5179 1890 5233 τὸ

241 5270 355 5319 τῶν
415 5264 697 5340 ἐνεργειῶν
770 5269 840 5338 τῇ
898 5264 1050 5342 φύσει
1118 5261 1372 5342 διάφορον
1455 5264 1546 5320 καὶ
1605 5266 1739 5337 μετᾶ
1788 5267 1888 5334 τὴν

243 5350 441 5408 ἕνωσιν
492 5348 706 5424 ἔδειξεν.
738 5350 963 5414 ’Δλλως
1019 5349 1078 5407 δὲ
1131 5348 1226 5406 δύο
1275 5351 1395 5407 τινὰ
1449 5349 1745 5423 δηλοῦντος
1794 5358 1890 5409 τοῦ

245 5443 348 5509 τῆς
411 5439 682 5516 ἐνεργείας
740 5439 1028 5514 ὀνόματος,
1060 5437 1302 5513 ἐνέργεια
1355 5440 1458 5514 γὰρ
1498 5442 1693 5518 φυσική
1754 5439 1893 5495 ἐστιν

247 5533 284 5598 ἡ
315 5531 418 5598 τῆς
472 5527 786 5599 ἐνοικούσης
823 5535 892 5598 τῆ
950 5525 1102 5606 φύσει
1161 5524 1440 5600 δυνάμεως
1504 5523 1766 5604 πρόϐασις
1819 5529 1893 5591 εἰς

250 5614 417 5695 ἔργου
471 5616 620 5680 τινὰς
677 5614 1049 5692 ἱκπλήρωσιν,
1075 5612 1199 5685 ἥτις
1257 5613 1310 5670 ἐν
1364 5619 1444 5688 τῷ
1498 5615 1732 5692 ἐνεργεῖν
1776 5613 1894 5693 ἔχει

249 5707 315 5763 τὸ
375 5705 537 5777 εἶναι,
595 5705 772 5768 καθὼς
827 5706 864 5777 ἡ
924 5700 1154 5779 δύναμις
1211 5702 1265 5759 ἐν
1307 5704 1387 5778 τῷ
1442 5703 1730 5783 πεφυκέναι
1804 5706 1894 5761 καὶ

2018 2001 2100 2055 cri
2131 2000 2299 2055 nobis
2325 1999 2375 2054 si
2403 1999 2672 2054 deiﬁcata
2705 1999 2912 2054 fuisset
2960 2016 3078 2054 una
3123 1998 3456 2071 hypostasis
3485 1999 3514 2054 ?
3542 2000 3654 2056 Sed

2016 2089 2170 2144 Deus
2195 2088 2451 2144 Verbum
2481 2087 2542 2142 in
2574 2087 2654 2142 sei
2663 2105 2768 2159 pso
2799 2087 3123 2159 assumpsit
3171 2091 3352 2144 totam
3385 2092 3654 2145 naturam

2016 2177 2404 2233 humanitatis
2429 2180 2496 2231 ut
2524 2193 2630 2231 nos
2671 2192 2874 2232 omnes
2918 2176 3233 2245 deiﬁcaret,
3268 2177 3422 2233 unde
3473 2178 3652 2234 unius

2015 2265 2388 2338 bypostaseos
2411 2282 2540 2321 esse
2569 2265 2866 2320 Christum
2901 2265 3370 2336 praedicamus,et
3399 2267 3650 2323 duarum

2018 2359 2363 2410 naturarum
2396 2354 2548 2409 inter
2578 2370 2640 2409 se
2670 2369 2904 2408 summa
2952 2353 3166 2410 unione
3230 2353 3527 2410 unitarum
3558 2355 3648 2410 in-

2016 2442 2275 2513 confuse,
2325 2442 2384 2496 in
2423 2446 2821 2513 mternumque
2868 2442 3230 2497 manentium
3263 2441 3646 2500 indivisarum

2012 2531 2084 2585 ab
2113 2531 2359 2586 invicem
2373 2530 2859 2602 atquohypostasi
2883 2530 3205 2586 secundum
3229 2547 3406 2603 quam
3435 2531 3648 2590 uniun-

2008 2622 2124 2673 tur.
2158 2618 2396 2675 Naturis
2432 2634 2565 2674 vero
2617 2617 2967 2672 habentibus
3015 2634 3143 2673 esse
3185 2617 3542 2688 inconfusas,
3588 2624 3646 2677 et

2007 2705 2318 2763 inconfusa
2363 2711 2503 2762 sunt
2553 2724 2679 2778 quas
2727 2707 2811 2762 eis
2865 2707 3263 2763 conveniunt:
3314 2707 3642 2766 voluntates

2008 2795 2136 2852 dico
2166 2800 2223 2851 et
2251 2795 2616 2868 operationes
2650 2812 2663 2850 :
2699 2798 2895 2850 manet
2922 2794 3102 2866 igitur
3129 2795 3326 2852 divina
3370 2795 3641 2854 voluntas

2005 2883 2222 2951 divina,
2262 2887 2320 2939 et
2357 2900 2562 2938 rursus
2585 2883 2846 2939 humana
2890 2883 3170 2954 humana,
3219 2887 3454 2956 excepto
3483 2886 3639 2957 quod

2003 2981 2059 3028 et
2089 2989 2190 3044 per
2223 2972 2496 3028 unionem
2519 2971 2788 3028 deiﬁcata
2815 2972 2913 3039 sit,
2933 2973 3086 3043 quod
3118 2976 3175 3028 et
3203 2971 3639 3044 operationibus

2003 3061 2392 3134 cognoscitur.
2425 3065 2547 3116 Duo
2578 3069 2720 3116 sunt
2755 3061 2934 3132 igitur
2981 3061 3040 3114 in
3093 3060 3317 3117 Christo
3372 3059 3636 3118 volunta-

2003 3154 2114 3205 tcs.
2145 3150 2362 3205 Volens
2392 3153 2588 3204 autem
2623 3149 2946 3205 secundum
2978 3149 3123 3205 duas
3151 3148 3638 3222 voluntates,ope-

2001 3255 2139 3294 rans
2164 3239 2488 3294 secundum
2520 3239 2668 3293 duas
2698 3238 3081 3309 operationes.
3134 3236 3296 3294 Unus
3343 3237 3499 3294 idem
3547 3241 3639 3296 est

2001 3333 2152 3383 Deus
2181 3327 2378 3398 homo,
2406 3344 2521 3382 non
2552 3326 2773 3382 divisus
2804 3326 2864 3380 in
2892 3326 3008 3381 Deo
3055 3327 3286 3398 proprie
3315 3329 3373 3382 et
3399 3325 3636 3383 homine

1998 3416 2247 3488 proprie,
2280 3417 2381 3472 sed
2414 3432 2569 3470 unus
2599 3415 2770 3470 modo
2801 3413 3142 3470 indivisibili
3173 3415 3326 3472 Deus
3355 3419 3413 3471 et
3456 3415 3634 3472 homo

1996 3505 2150 3560 idem
2196 3508 2304 3572 est,
2343 3502 2473 3559 aliis
2518 3503 2730 3574 verbis,
2755 3503 2909 3559 Deus
2955 3507 3013 3558 et
3053 3503 3159 3558 vir.
3207 3503 3370 3559 Unde
3436 3503 3632 3560 divino

1997 3592 2220 3647 virilem
2259 3591 2654 3663 operationem
2703 3591 2922 3658 dicens,
2967 3607 3084 3646 non
3130 3591 3530 3648 confusionem
3569 3591 3632 3647 in

1998 3679 2296 3736 naturales
2326 3680 2693 3751 operationes
2713 3679 3070 3744 induxit,sed
3091 3694 3291 3735 earum
3313 3679 3374 3736 in
3395 3697 3631 3738 summa

1999 3770 2274 3824 unionem
2321 3769 2642 3839 proposuit,
2693 3772 2751 3822 et
2793 3767 3218 3824 deificationem
3274 3769 3630 3840 operationis

1996 3857 2287 3912 humanas.
2337 3857 2840 3921 Quemadmodum
2893 3855 3050 3912 enim
3120 3856 3181 3910 in
3230 3856 3480 3928 Christo,
3527 3875 3632 3930 per

1997 3946 2272 4002 unionem
2303 3944 2570 4000 deificata
2597 3948 2685 4000 est
2715 3944 2975 4000 humana
3024 3947 3252 4016 natura,
3293 3945 3376 4000 ita
3403 3961 3545 4002 sane
3573 3950 3631 4003 et

1995 4033 2268 4090 voluntas
2309 4049 2426 4088 una
2455 4032 2722 4087 deiﬁcata
2769 4032 2900 4096 fuit,
2945 4036 3003 4088 et
3045 4033 3303 4104 operatio
3339 4050 3352 4101 ;
3385 4031 3632 4106 ideoque

1995 4126 2053 4179 et
2083 4121 2367 4178 miracula
2396 4121 2574 4176 edens
2599 4120 2887 4188 Christus,
2929 4119 3140 4176 divinis
3195 4120 3630 4193 operationibus

1997 4210 2289 4265 humanas
2320 4209 2727 4280 conjungebat‘
2763 4213 2820 4263 et
2845 4224 2915 4264 ex
2961 4207 3238 4264 humanis
3280 4208 3630 4280 operationi-

1999 4299 2107 4353 bus
2134 4296 2308 4352 Verbi
2336 4297 2647 4367 evidenter,
2677 4299 2956 4368 tactuque
2983 4299 3040 4351 et
3085 4295 3217 4351 aliis
3261 4296 3625 4366 hujusmodi,

1997 4386 2100 4442 Dei
2131 4384 2632 4441 manifestationes
2678 4384 2990 4456 prodibant
3020 4401 3034 4451 ;
3067 4384 3357 4455 quomodo
3407 4383 3628 4440 ferrum

1995 4479 2235 4532 acutum
2284 4475 2632 4545 ardensque,
2681 4478 2739 4530 et
2781 4477 2939 4529 secat
2991 4477 3050 4528 et
3097 4472 3214 4527 urit
3261 4473 3437 4542 idem,
3487 4476 3545 4528 et
3563 4472 3630 4529 fit

1997 4579 2132 4618 cum
2154 4562 2384 4618 ustione
2415 4561 2591 4617 sectio
2621 4565 2677 4616 et
2706 4561 2860 4616 ustio
2897 4558 3305 4632 inseparabilis
3351 4563 3440 4617 est
3469 4577 3504 4617 a
3531 4577 3628 4617 se-

1994 4649 2270 4717 ctione,et
2294 4650 2545 4705 duarum
2573 4649 2976 4721 operationum
3003 4663 3322 4704 concursus
3340 4648 3627 4706 unitatem

1994 4738 2088 4794 bis
2113 4737 2359 4804 inducit,
2386 4754 2503 4792 non
2533 4737 2856 4792 secundum
2881 4736 3284 4804 naturam,sed
3304 4736 3627 4794 secundum

1996 4825 2300 4881 unionem.
2331 4825 2439 4890 Qui
2469 4825 2648 4896 igitur
2675 4823 2820 4878 dixit
2849 4823 3042 4880 divino
3070 4823 3298 4880 virilem
3343 4825 3628 4896 operatio-

1996 4929 2152 4983 nem,
2185 4911 2358 4968 unica
2381 4910 2780 4968 enuntiatione
2807 4911 3062 4967 ostendit
3089 4913 3236 4967 duas
3266 4912 3628 4983 operationes

1996 5016 2182 5055 unum
2216 4999 2356 5071 quid
2386 5015 2512 5054 esse
2543 5015 2854 5066 concursu,
2886 5014 2992 5054 nec
3022 4999 3080 5054 in
3112 5015 3174 5055 re
3213 4997 3347 5054 illas
3376 5000 3448 5056 ab
3479 5000 3627 5056 invi-

1996 5103 2122 5144 cem
2157 5086 2567 5157 discriminari,
2617 5086 2718 5141 sed
2767 5086 2907 5156 quia
2955 5085 3102 5142 dixit
3146 5086 3340 5144 divino
3377 5087 3626 5157 virilem,

1997 5175 2254 5231 divinam
2282 5174 2503 5230 scilicet
2529 5179 2586 5230 et
2613 5173 3271 5246 virilem,operationum
3303 5176 3628 5234 naturalem

1999 5261 2385 5318 diﬁ‘erentiam
2414 5261 2503 5318 vel
2531 5265 2664 5333 post
2694 5261 2969 5317 unionem
3001 5263 3274 5319 ostendit.
3295 5263 3477 5321 Aliter
3492 5282 3629 5323 vero

2001 5352 2116 5407 duo
2148 5351 2415 5423 quaedam
2436 5349 2733 5405 indicante
2763 5350 3113 5420 operationis
3141 5351 3401 5420 homine,
3433 5369 3632 5425 opera-

1998 5440 2081 5495 tio
2112 5438 2268 5494 enim
2299 5436 2605 5504 naturalis,
2631 5443 2719 5492 est
2746 5441 2967 5493 natura;
2992 5438 3330 5495 inhaerentis
3357 5442 3631 5513 potentia;

2001 5525 2295 5600 processio
2328 5526 2400 5580 ad
2431 5525 2682 5596 alicujus
2710 5525 2902 5596 operis
2952 5526 3370 5598 impletionem,
3412 5545 3541 5599 qua:
3569 5529 3630 5584 in

2001 5613 2361 5688 operandum
2393 5612 2567 5668 habet
2595 5628 2744 5681 esse,
2773 5613 2927 5668 sicut
2963 5614 3221 5685 potentia
3275 5613 3450 5672 habet
3503 5632 3632 5674 esse

2001 5704 2063 5762 in
2095 5718 2162 5760 eo
2191 5701 2348 5774 quod
2377 5701 2455 5759 sit
2482 5717 2516 5757 a
2565 5702 2776 5758 natura
2824 5704 2883 5758 et
2910 5700 3118 5774 possit,
3166 5701 3380 5760 dicitur
3426 5718 3632 5763 rursus
