4110 6430
493 454 618 515 599

1751 449 2176 516 NICEPHORI
2220 445 2659 512 BLEMMlD/E

3781 442 3912 506 600

500 585 756 659 operatio
782 586 972 657 operis
1002 584 1285 658 impletio,
1334 585 1528 659 ipsum
1579 592 1903 658 operatum,
1945 585 2135 657 operis

2274 580 2522 648 ῖύνασθαι,
2573 577 2783 653 λέγεται
2836 574 3000 631 πάλιν
3053 575 3282 651 ἐνέργεια
3348 573 3437 631 καί
3483 577 3519 645 ἡ
3568 579 3668 630 τοῦ
3738 574 3911 650 ἔργου

502 676 797 746 perfectio,
831 675 980 729 actio
1015 676 1162 746 ipsa,
1196 674 1302 729 hoc
1325 675 1503 746 igitur
1525 676 1811 746 posterius
1843 675 2138 745 significa-

503 769 629 818 tum
661 765 1012 834 Operatione,
1057 763 1377 834 aptandum
1428 770 1516 819 est
1575 764 1894 836 operationi
1944 763 2139 817 divino

505 851 654 905 virili
690 870 702 917 ;
742 852 890 906 Deus
921 851 1094 906 homo
1125 853 1282 907 enim
1316 869 1448 906 cum
1482 858 1572 907 est
1612 853 1898 921 Christus,
1927 856 1984 905 et
2017 868 2139 906 om-

507 941 598 994 nis
647 941 774 1010 ejus
819 939 1074 1010 operatio
1123 939 1609 994 divino-humana
1656 945 1764 1004 est,
1815 945 1871 993 et
1920 939 2142 993 divino-

507 1027 711 1082 virilis.
765 1028 859 1082 Sic
909 1032 1103 1082 autem
1147 1027 1306 1099 loqui
1359 1045 1472 1082 non
1521 1027 1697 1083 infert
1740 1028 2143 1082 confusionem

507 1116 942 1186 operationibus
976 1115 1362 1184 naturalibus,
1397 1119 1496 1172 sed
1534 1133 1716 1172 unum
1767 1122 1825 1172 et
1872 1118 2143 1171 eumdem

508 1219 635 1259 esse
693 1205 1054 1259 demonstrat
1110 1205 1210 1275 qui
1277 1205 1469 1260 divine
1543 1210 1600 1260 et
1675 1205 1930 1260 humane
2005 1222 2140 1276 ope-

509 1297 670 1348 ratur
718 1308 731 1346 :
778 1309 882 1348 nec
939 1293 1133 1348 divina
1191 1295 1514 1349 secundum
1571 1295 1776 1364 Deum,
1864 1312 1998 1349 nam
2056 1300 2145 1350 est

510 1382 685 1436 homo
715 1399 728 1446 ;
764 1398 866 1437 nec
897 1381 1156 1436 humana
1185 1383 1508 1437 secundum
1540 1382 1859 1448 hominem,
1893 1400 2027 1437 nam
2062 1389 2150 1438 est

512 1470 688 1525 Deus.
722 1469 1004 1523 Similiter
1033 1471 1132 1540 qui
1165 1470 1306 1524 dixit
1337 1487 1512 1526 unam
1544 1476 1813 1526 naturam
1848 1471 1945 1527 Dei
1977 1472 2149 1526 Verbi

516 1558 804 1628 adjiciens
838 1558 1223 1628 incarnatam,
1257 1559 1405 1613 hanc
1440 1559 1685 1614 abstulit
1706 1559 2100 1630 suspicionem
2137 1578 2150 1626 ;

519 1646 631 1701 alia
662 1647 819 1700 enim
850 1651 940 1701 est
969 1646 1139 1701 Verbi
1172 1652 1401 1714 natura,
1435 1647 1657 1703 scilicet
1676 1648 1891 1716 divina,
1925 1649 2155 1719 aliaque

519 1751 726 1789 rursus
757 1738 966 1789 natura
995 1736 1207 1799 carnis,
1239 1735 1463 1790 scilicet
1512 1736 1772 1791 humana
1804 1754 1816 1802 ;
1850 1741 1907 1792 et
1953 1752 2154 1808 synec-

520 1823 777 1889 dochice,
805 1821 916 1876 alia
939 1822 1208 1878 voluntas
1238 1827 1457 1877 natura;
1506 1824 1734 1894 divinae,
1783 1829 1840 1879 et
1883 1824 1996 1879 alia
2047 1825 2154 1879 hu-

522 1927 726 1966 manae.
759 1910 1131 1966 Voluntatem
1163 1911 1418 1967 dicimus
1451 1918 1644 1966 actum
1679 1911 1930 1981 volendi,
1964 1913 2154 1982 ipsam

519 2003 868 2069 potestatem
898 1997 1204 2064 volentem,
1236 2016 1364 2070 qua;
1393 2005 1482 2056 est
1528 1999 1798 2056 voluntas
1846 2001 2150 2057 naturalis.

517 2085 890 2142 Voluntatem
923 2087 1101 2159 igitur
1129 2087 1398 2143 humana:
1428 2093 1649 2144 natura:
1681 2089 1964 2145 Dominus
1996 2095 2155 2161 post-

520 2191 698 2246 quam
731 2177 1150 2248 assumpsisset
1179 2177 1624 2248 deiﬁcassetque
1675 2179 1863 2249 ipsam
1913 2179 2159 2234 servavit

523 2280 650 2334 qua
677 2267 801 2318 erat
839 2264 1164 2319 secundum
1213 2269 1481 2320 naturam
1531 2265 1873 2321 humanam.
1907 2268 1975 2322 Et
2010 2265 2158 2320 illud

524 2368 659 2407 cum
706 2351 1004 2406 evidenter
1039 2368 1358 2424 proponere
1396 2353 1585 2421 vellet,
1653 2355 1894 2409 domum
1943 2355 2165 2427 ingres-

529 2455 633 2494 sus
689 2440 746 2493 in
803 2439 1138 2512 regionibus
1198 2441 1333 2512 Tyri
1391 2446 1446 2496 et
1510 2442 1765 2509 Sidonis,
1836 2462 1870 2498 a
1928 2443 2165 2498 nomine

534 2527 805 2599 cognosci
832 2527 1015 2584 voluit
1043 2544 1148 2583 nec
1178 2529 1368 2599 potuit
1408 2529 1585 2585 latere
1620 2555 1634 2596 ;
1667 2546 1735 2585 ex
1784 2531 2166 2602 dispositione

535 2614 718 2670 latere
743 2614 962 2681 volens,
994 2616 1272 2687 nequivit,
1304 2617 1519 2672 docens
1546 2634 1650 2672 nos
1681 2635 1750 2672 ex
1794 2618 1939 2690 ipsis
1979 2619 2166 2690 operi-

535 2702 668 2768 bus,
698 2700 1061 2757 voluntatem
1083 2701 1174 2758 his
1205 2719 1336 2773 quae
1357 2708 1496 2758 sunt
1518 2703 1787 2760 humanae
1813 2712 2033 2761 naturae
2066 2706 2166 2760 de-

533 2788 731 2856 bilem,
764 2789 838 2844 ab
868 2789 1264 2861 omnipotente
1295 2807 1412 2846 non
1449 2796 1799 2860 recusatam,
1842 2793 1944 2849 sed
1974 2810 2165 2850 essen-

529 2877 745 2934 tialiter
773 2878 962 2950 ipsam
988 2878 1039 2934 ei
1069 2879 1437 2950 dispositam,
1479 2880 1621 2936 dum
1671 2886 1932 2938 nostram
1983 2888 2162 2938 totam

528 2969 798 3022 naturam
831 2981 966 3022 cum
996 2967 1270 3023 omnibus
1299 2983 1429 3039 quae
1460 2973 1598 3024 sunt
1628 2971 1953 3026 secundum
1993 2975 2161 3026 natu-

527 3069 654 3112 ram
684 3055 926 3127 accepit.

597 3266 822 3322 Dicitur
842 3267 1079 3338 quidem
1109 3268 1292 3341 igitur
1310 3268 1582 3325 voluntas
1613 3270 1759 3326 actio
1780 3270 2005 3326 volendi
2037 3288 2162 3344 qua

529 3358 618 3410 est
647 3354 918 3410 voluntas
949 3357 1329 3421 naturalis,ut
1361 3362 1748 3414 monstratum
1781 3365 1872 3414 est
1903 3378 1918 3427 ;
1953 3360 2167 3416 dicitur

531 3445 727 3498 autem
757 3442 1027 3499 voluntas
1057 3443 1440 3516 etiamipsum
1463 3445 1699 3501 volitum
1724 3449 1878 3518 quod
1895 3449 1952 3503 in
1976 3449 2168 3505 homi-

534 3530 708 3586 nibus
737 3534 827 3586 est
856 3531 1175 3603 subjiciens
1206 3549 1320 3587 non
1352 3533 1565 3589 ididem
1600 3537 1758 3590 omni
1786 3542 2005 3592 natura
2039 3555 2172 3593 con-

534 3619 812 3674 veniens.
887 3619 995 3674 Alii
1079 3621 1233 3675 enim
1323 3620 1628 3678 hominum
1711 3622 1902 3679 solum
1984 3625 2171 3681 vivere

537 3705 748 3778 placet,
781 3706 877 3762 alii
910 3709 1145 3780 quidem
1177 3708 1357 3764 libere
1387 3709 1568 3782 loqui,
1617 3711 1714 3766 alii
1763 3717 1977 3768 terram
2011 3729 2170 3769 exer-

539 3809 686 3860 cere,
718 3793 816 3849 alii
847 3796 1138 3868 navigare,
1171 3801 1229 3852 et
1257 3814 1464 3854 rursus
1495 3799 1590 3854 alii
1624 3800 1780 3856 aliud
1799 3807 1888 3856 est
1916 3800 1974 3856 in
2007 3819 2168 3857 men-

537 3885 614 3937 te.
647 3881 996 3954 Plerumque
1034 3888 1229 3939 autem
1275 3886 1462 3942 eidem
1512 3892 1570 3942 et
1610 3887 1711 3942 uni
1767 3888 2086 3956 diversum,
2117 3893 2175 3945 et

539 3969 696 4024 aliud
728 3968 1002 4041 aliudque
1027 3976 1117 4026 est
1171 3972 1436 4028 volitum.
1485 3979 1738 4031 Vocatur
1795 3982 1992 4032 autem
2052 3979 2174 4034 haec

535 4056 806 4113 voluntas
836 4058 1155 4128 subjiciens
1186 4061 1466 4130 (moralis,
1501 4079 1569 4116 ex
1619 4081 1797 4128 more,
1821 4067 1993 4136 juxta
2049 4084 2172 4123 mo-

539 4162 684 4213 rem,
718 4147 1111 4218 sententiam).
1143 4149 1289 4203 Cum
1321 4149 1500 4222 igitur
1557 4153 1806 4208 duarum
1851 4171 1977 4210 esse
2009 4161 2176 4211 natu-

539 4250 738 4289 rarum
763 4233 1078 4290 Dominum
1109 4237 1478 4302 confitentur,
1507 4241 1764 4296 creditur
1807 4247 1863 4297 et
1893 4243 2040 4299 duas
2070 4243 2172 4298 ha-

539 4321 675 4376 bere
703 4321 1030 4377 voluntates
1059 4324 1376 4390 naturales,
1418 4326 1675 4382 divinam
1726 4334 1784 4384 et
1834 4329 2172 4398 humanam,

539 4409 762 4466 scilicet
791 4409 938 4466 duas
967 4412 1258 4482 potentias
1287 4412 1548 4470 volentes
1573 4415 1644 4470 ab
1689 4415 1937 4472 invicem
1967 4418 2176 4473 distin-

541 4501 664 4554 ctas
696 4497 918 4554 ratione
948 4503 1189 4554 naturae.
1239 4503 1380 4555 Cum
1431 4501 1610 4574 igitur
1648 4519 1781 4558 eum
1815 4505 1988 4560 unius
2046 4523 2176 4562 esse

540 4586 922 4658 hypostaseos
953 4587 1343 4659 cognoscitur,
1385 4607 1501 4644 non
1557 4596 1792 4646 cautum
1849 4598 1939 4648 est
1985 4595 2177 4649 dicere

542 4675 615 4730 de
643 4691 708 4730 eo
740 4675 1003 4731 diversas
1033 4675 1359 4733 voluntates
1399 4678 1666 4734 morales.
1715 4679 1971 4736 Volitum
2019 4683 2178 4738 enim
2207 4667 2254 4730 D

542 4779 727 4818 unum
757 4767 848 4818 est
879 4763 1017 4834 quia
1037 4769 1094 4819 et
1119 4763 1319 4820 volens
1349 4781 1524 4830 unus,
1563 4766 1860 4823 voluntate
1906 4771 2036 4839 ejus
2076 4770 2180 4825 hu-

543 4865 719 4905 mana
746 4852 818 4906 ad
853 4851 1155 4923 proprium
1185 4852 1428 4908 volitum
1459 4853 1758 4922 inclinata,
1809 4859 2039 4926 quands
2068 4858 2178 4916 hoc

541 4937 670 5005 ejus
699 4937 965 5004 volitum,
995 4944 1053 4994 et
1079 4939 1139 4994 in
1162 4944 1447 5010 quantum
1470 4945 1594 4996 erat
1613 4941 2178 5010 volitum,voluntati

541 5023 746 5077 divina
777 5030 920 5080 erat.
952 5026 1274 5097 Dupliciter
1331 5033 1528 5084 autem
1586 5029 1802 5085 dicitur
1839 5034 2014 5103 (mos)
2044 5049 2176 5089 sen-

538 5110 723 5165 tentia
755 5129 768 5178 ;
800 5112 1013 5167 dicitur
1040 5114 1196 5169 enim
1238 5120 1295 5170 et
1343 5131 1540 5171 merus
1588 5121 1782 5173 motus
1831 5119 1904 5174 ad
1935 5119 2175 5175 volitum

537 5197 906 5266 utsapienter
927 5201 1214 5257 exsistens
1235 5206 1290 5258 et
1311 5219 1442 5258 cum
1459 5205 1788 5275 cognitione
1807 5205 1866 5260 in
1890 5207 2175 5263 creaturis

536 5283 1028 5354 rationabilibus;
1067 5289 1280 5344 dicitur
1300 5291 1474 5346 etiam
1506 5293 1822 5363 sententia,
1854 5298 1911 5348 et
1936 5309 2005 5349 ex
2035 5295 2175 5350 deli-

539 5371 835 5425 beratione
867 5375 1076 5443 praevia
1097 5377 1437 5449 judicioque
1467 5379 1770 5450 dispositio
1824 5381 1895 5434 ad
1929 5381 2170 5452 aliquid.

537 5459 663 5513 Non
696 5464 931 5514 cantum
964 5467 1052 5516 est
1081 5463 1202 5518 sive
1233 5467 1583 5521 sententiam
1644 5467 1762 5521 sive
1811 5467 2172 5523 voluntatem

542 5545 821 5600 moralem
855 5547 1046 5604 dicere
1099 5551 1169 5605 de
1217 5550 1464 5618 Christo,
1511 5555 1834 5609 secundum
1885 5556 2174 5626 posterius

543 5634 843 5688 sententiae
875 5651 1112 5692 sensum
1147 5657 1161 5706 ;
1191 5638 1328 5709 quia
1357 5656 1484 5695 cum
1519 5639 1610 5694 his
1661 5640 1955 5698 inducitur
2007 5647 2172 5715 igno-

541 5720 735 5776 rantia
767 5738 780 5788 ;
814 5723 919 5778 etsi
950 5723 1102 5780 enim
1132 5725 1496 5798 ignorantem
1534 5730 1804 5783 naturam
1855 5731 2173 5802 sumpserit

891 6425 910 6430 ..
929 6423 1088 6430 -ΑΑ--μ-
1103 6425 1114 6427 -
1131 6421 1138 6425 λ

2249 667 2622 742 ἐκπληρωσις,
2678 665 2805 720 αὐτὸ
2865 667 2924 719 τὸ
2984 665 3288 741 ἐνεργητὸν,
3348 666 3376 718 ὁ
3431 669 3529 719 τοῖ’)
3581 665 3912 741 πράγματος

2249 755 2640 827 ἀποτελεσμὸς,
2779 754 2967 827 πρᾶξις
3007 753 3166 823 αὐτή.
3211 758 3378 808 Τοῦτο
3431 751 3496 822 δὴ
3541 755 3603 807 τὸ
3649 752 3910 827 δεύτερον

2251 843 2647 916 σημαινόμενον
2740 850 2837 910 τῆς
2943 842 3207 918 ἐνεργείας
3304 843 3749 918 προσαρμοστέον
3837 849 3908 909 τῆ

2250 930 2558 1005 θεανδρικῆ.
2610 933 2965 1006 Θεανθρώπου
3033 932 3132 1006 γὰρ
3203 931 3542 1006 ὑπάρχοντος
3603 935 3700 985 τοῦ
3769 936 3912 1006 Χρι-

2252 1025 2381 1075 στοῦ
2412 1020 2500 1074 καὶ
2531 1026 2673 1074 πᾶσα
2701 1020 2891 1089 πρᾶξις
2925 1019 3086 1073 αὑτοῦ
3117 1020 3486 1093 θεανθρωπινή
3517 1019 3606 1073 καὶ
3653 1017 3915 1090 θέανδρι-

2253 1112 2345 1179 κη.
2377 1109 2447 1162 Τὸ
2479 1105 2524 1162 δ’
2555 1107 2698 1162 οὕτω
2746 1107 2922 1181 λέγειν
2975 1107 3034 1162 οὐ
3081 1108 3226 1184 φέρει
3277 1107 3541 1182 σύγχυσιν
3585 1114 3704 1169 ταῖς
3753 1109 3911 1179 ἐνερ-

2255 1197 2424 1273 γείαις
2481 1202 2597 1258 ταῖς
2655 1203 2925 1272 φυσικαῖς,
2971 1194 3098 1250 ἀλλ’
3136 1196 3229 1250 ἓνα
3283 1195 3371 1249 καὶ
3426 1196 3518 1250 τὸν
3559 1195 3717 1250 αὐτὸν
3768 1197 3913 1251 εἶναι

2260 1284 2506 1362 διασαφεῖ
2567 1284 2657 1339 τδν
2727 1286 3044 1360 ἐνεργοῦντα
3107 1283 3196 1338 καί
3273 1285 3464 1345 θεί³κῶς
3537 1285 3624 1339 καὶ
3695 1286 3917 1359 ἀνθρω-

2257 1379 2457 1443 πικῶς,
2489 1372 2610 1428 οὔτε
2660 1372 2726 1426 τὰ
2771 1373 2886 1427 θεῖα
2932 1374 3066 1427 κατὰ
3107 1374 3258 1444 Θεὸν,
3299 1373 3579 1447 ἄνθρωπος
3626 1373 3747 1448 γὰρ,
3785 1372 3922 1428 οὔτε

2258 1465 2374 1518 κατ’
2405 1463 2685 1537 ἄνθρωπον
2751 1463 2817 1516 τὰ.
2871 1462 3201 1537 ἀνθρώπινα,
3261 1461 3391 1522 Θεὸς
3447 1463 3570 1536 γάρ.
3633 1463 3922 1522 Ὡσαύτως

2261 1552 2349 1606 καὶ
2395 1553 2422 1605 6
2475 1551 2597 1623 μίαν
2645 1550 2799 1627 φύσιν
2847 1549 3080 1625 εἰρηκὼς
3132 1554 3227 1602 τοῦ
3293 1554 3426 1604 Θεοῦ
3473 1550 3650 1624 Λόγου
3716 1570 3921 1623 σεσαρ-

2261 1641 2515 1713 κωμένην
2571 1639 2822 1714 προσθεὶς
2876 1640 2976 1706 τήν
3031 1638 3287 1706 τοιαύτην
3345 1636 3554 1692 ἀνεῖλεν
3625 1638 3922 1694 ὑπόνοιαν.

2263 1730 2449 1804 Ἑτέρα
2478 1729 2580 1804 γὰρ
2613 1731 2647 1796 ἡ
2683 1729 2858 1803 Λόγου
2915 1726 3091 1804 φύσις,
3124 1724 3296 1800 ἤγουν
3354 1729 3388 1795 ἡ
3448 1727 3582 1797 θεία,
3616 1727 3704 1780 καὶ
3754 1728 3925 1800 ἑτέρα

2263 1817 2427 1873 πάλιν
2477 1820 2511 1885 ἡ
2560 1825 2662 1885 τῆς
2713 1817 2907 1892 σαρκὸς
2955 1814 3078 1884 ἤτοι
3121 1818 3154 1884 ἡ
3208 1817 3545 1888 ἆνθρωπική,
3588 1812 3922 1891 συνεκδοχιο

2264 1911 2373 1968 κῶς
2422 1903 2603 1978 ἓτερον
2659 1902 2877 1976 θέλημα
2916 1910 3016 1972 τῆς
3078 1901 3223 1967 θείας
3291 1902 3520 1980 φύσεως,
3565 1904 3655 1957 καὶ
3717 1901 3921 1978 ἕτερον

2261 1998 2358 2063 τῆς
2406 1995 2772 2069 ἀνθρωπικῆς.
2824 1991 3052 2064 Θέλημα
3098 1990 3155 2046 δε
3217 1995 3316 2060 τήν
3371 1988 3591 2062 θέλησιν
3651 1991 3924 2067 λέγομεν,

2265 2083 2431 2150 αὐτὴν
2457 2085 2554 2150 τὴν
2605 2079 2830 2153 δύναμιν
2878 2082 2977 2150 τὴν
3018 2078 3332 2153 θελητικὴν,
3364 2081 3484 2149 ἥτις
3534 2080 3643 2134 ἐστὶ
3689 2079 3928 2152 θέλημα

2268 2170 2508 2249 φυσικόν.
2543 2171 2613 2224 Τὸ
2660 2170 2838 2224 τοίνυν
2885 2172 2985 2237 τῆς
3031 2169 3372 2244 ἀνθρωπίνης
3423 2169 3640 2240 θέλημα
3696 2169 3927 2245 φύσεως

2271 2263 2299 2316 6
2329 2259 2526 2335 Κύριος
2574 2253 3042 2334 προσλαϐόμενος,
3095 2259 3183 2312 καὶ
3224 2259 3427 2321 θεώσας
3479 2257 3610 2312 αὐτὸ
3658 2255 3932 2332 διετηρηο

2273 2370 2357 2404 σεν
2429 2348 2560 2423 ὅπερ
2634 2348 2702 2416 ἦν
2767 2347 2902 2401 κατὰ
2965 2347 3120 2420 φύσιν
3188 2345 3538 2421 ἀνθρώπινον.
3586 2345 3682 2400 Καὶ
3752 2351 3930 2400 τοῦτο

2273 2440 2603 2512 παραστῆναι
2658 2433 2988 2511 βουλόμενος
3040 2435 3298 2509 ἐναργῶς,
3332 2434 3584 2489 εἰσελθὼν
3635 2434 3711 2495 εἷς
3761 2433 3929 2489 οἶκον

2276 2525 2328 2580 έν
2373 2531 2489 2587 τοῖς
2544 2527 2724 2601 μέρεσι
2780 2525 2952 2598 Τύρου
2997 2524 3087 2578 καὶ
3135 2520 3396 2593 Σιδῶνος,
3444 2521 3634 2577 οὐδένα
3677 2521 3935 2592 ἠθέλησε

2273 2619 2497 2690 γνῶναι,
2526 2613 2615 2667 καὶ
2671 2613 2769 2667 οὑκ
2821 2611 3065 2682 ἠδυνήθη
3117 2609 3326 2666 λαλεῖν·
3389 2611 3753 2683 οἷκονομικῶς
3816 2613 3932 2688 γὰρ

2277 2704 2510 2771 θελήσας
2576 2700 2755 2755 λαθεῖν
2826 2700 2888 2754 ού
2955 2697 3234 2770 δεδύνητο,
3288 2697 3550 2754 διδάσκων
3614 2702 3764 2772 ’ὑμᾶς
3835 2698 3934 2755 διὰ

2272 2795 2380 2844 τῶν
2452 2789 2785 2866 πραγμάτων
2859 2788 3060 2858 αὐτῶν,
3116 2787 3198 2843 ὅτι
3255 2789 3318 2842 τὸ
3385 2795 3486 2856 τῆς
3571 2787 3931 2864 ἀνθρωπίνης

2275 2877 2482 2954 φύσεως
2543 2876 2759 2950 θέλημα
2818 2878 2882 2932 τὸ
2941 2877 3150 2938 ἀσθενὲς
3198 2877 3227 2930 6
3273 2877 3569 2944 πανσθενής
3621 2875 3720 2931 οὐκ
3781 2876 3929 2933 ἀπέ-

2275 2965 2586 3038 δοκίμασεν,
2634 2965 2760 3021 ἀλλ’
2809 2963 3087 3027 οὐσιωδῶς
3134 2965 3446 3037 ᾠκειώσατο
3493 2965 3581 3020 καὶ
3631 2965 3781 3035 αὐτὸ,
3814 2968 3926 3036 τὴν

2272 3056 2538 3130 ἡμετέραν
2594 3053 2728 3126 ὅλην
2775 3055 2932 3133 φύσιν
2985 3055 3118 3128 μετὰ
3165 3055 3378 3109 πάντων
3417 3058 3524 3108 τῶν
3574 3055 3709 3108 κατὰ
3753 3055 3926 3130 φύσιν

2273 3139 2578 3201 ἀναλαϐών.

2347 3269 2572 3343 Λέγεται
2634 3267 2726 3340 μὲν
2773 3266 2828 3321 ἓν
2877 3267 3095 3338 θέλημα
3142 3265 3566 3341 προηγουμένως
3595 3266 3632 3334 ἡ
3673 3264 3932 3337 θέλησις,

2278 3356 2402 3426 ἥτις
2434 3357 2541 3411 ἐστὶ
2573 3356 2786 3428 θέλημα
2815 3355 3055 3433 φυσικὸν,
3088 3355 3161 3416 ὡς
3192 3351 3520 3423 δεδήλωται.
3557 3352 3780 3428 Λέγεται
3827 3355 3939 3428 γὰρ

2278 3445 2495 3518 θέλημα
2541 3444 2629 3499 καὶ
2675 3443 2804 3498 αὐτὸ
2853 3440 3106 3512 θελητὸν,
3146 3442 3278 3518 ὅπερ
3326 3443 3375 3496 ἐν
3427 3442 3737 3515 ἀνθρώποις
3784 3441 3937 3497 ἐστὶν

2283 3533 2634 3589 ὑποτακτικὸν
2694 3532 2755 3586 ού
2798 3533 2859 3586 τὸ
2905 3529 3032 3586 αὑτὸ
3077 3533 3219 3604 πάσῃ
3264 3532 3335 3603 τῇ
3373 3529 3525 3606 φύσει
3575 3531 3801 3606 προσόν.
3849 3537 3943 3603 Τῷ

2282 3623 2375 3696 μὶν
2413 3623 2516 3698 γὰρ
2547 3625 2654 3675 τῶν
2687 3619 2980 3695 ἀνθρώπων
3012 3620 3073 3674 τὸ
3129 3616 3348 3687 ἰδιάζειν
3397 3618 3564 3694 τυχὸν
3616 3617 3937 3691 τεθέληται,

2278 3715 2357 3782 τῷ
2388 3707 2444 3764 δὲ
2497 3709 2561 3764 τὸ
2609 3707 3087 3783 παρρησιάζεσθαι·
3122 3707 3211 3761 καὶ
3256 3711 3335 3777 τῷ
3388 3707 3480 3778 μὲν
3527 3707 3588 3760 τὸ
3617 3713 3938 3781 γεηπονεῖν,

2278 3803 2357 3870 τῷ
2387 3797 2444 3852 δὲ
2469 3799 2531 3852 τὸ
2560 3793 2961 3850 ναυτίλλεσθαι·
2990 3795 3079 3849 καὶ
3110 3793 3268 3865 ἄλλῳ
3297 3792 3462 3848 πάλιν
3505 3790 3647 3848 ἄλλο
3691 3815 3745 3847 τι
3795 3797 3941 3850 κατᾶ

2280 3888 2504 3963 γνώμην
2556 3885 2684 3942 ἐστί.
2730 3881 3008 3944 Πολλάκις
3061 3879 3117 3937 δὲ
3153 3886 3232 3952 τῷ
3279 3881 3425 3952 αύτῷ
3471 3880 3560 3934 καὶ
3608 3881 3686 3935 ένὶ
3736 3878 3936 3960 διάφο-

2283 3995 2396 4051 ρον,
2447 3975 2536 4029 καὶ
2595 3970 2796 4028 ἄλλοτε
2845 3969 2985 4025 ἄλλο
3030 3971 3093 4024 τὸ
3155 3969 3405 4040 θελητόν.
3458 3965 3712 4024 Καλεῖται
3763 3967 3821 4024 δὲ
3875 3973 3940 4025 τὸ

2279 4067 2524 4118 τοιοῦτον
2588 4061 2940 4116 ὑποτακτικὸν
3004 4058 3222 4131 θέλημα
3286 4057 3583 4133 γνωμικόν.
3631 4063 3936 4133 Τοιγαροῦν

2283 4151 2311 4205 ὀ
2360 4151 2556 4225 Κύριος
2605 4148 2717 4203 ἐπεὶ
2759 4146 2854 4202 δύο
2906 4146 3112 4225 φύσεων
3162 4142 3542 4222 ὡμολόγηται,
3593 4143 3690 4200 δύο
3739 4155 3938 4216 κεκτῆ-

2284 4239 2402 4292 σθαι
2451 4237 2539 4292 καὶ
2586 4235 2868 4308 θελήματα
2929 4233 3233 4289 πιστεύεται
3279 4234 3496 4311 φυσικαὶ,
3548 4234 3693 4297 θεῖόν
3735 4256 3795 4288 τε
3844 4237 3940 4289 καὶ

2283 4325 2640 4401 ἀνθρώπινον·
2690 4322 2861 4398 ἤγουν
2921 4320 3176 4394 δυνάμεις
3238 4319 3333 4376 δύο
3397 4320 3689 4392 θελητικᾶς
3757 4321 3940 4392 ἀλλή-

2284 4411 2395 4468 λων
2446 4411 2797 4490 διαφερούσας
2857 4416 2936 4482 τῷ
3001 4409 3156 4484 λόγῳ
3216 4417 3316 4479 τῆς
3385 4411 3618 4487 φύσεως.
3675 4410 3821 4466 Ἐπεὶ
3877 4409 3938 4466 δὲ

2290 4506 2414 4574 μιᾶς
2503 4499 2839 4560 ὑποστάσεως
2908 4496 3186 4574 ἔγνωσται,
3256 4495 3522 4576 σφαλερὸν
3607 4497 3779 4553 εἰπεῖν
3849 4497 3939 4553 ἐπ’

2285 4589 2447 4643 αὐτοῦ
2491 4587 2723 4666 διάφορα
2769 4585 3051 4657 θελήματα
3098 4584 3369 4661 γνωμικά.
3420 4585 3490 4639 Τὸ
3537 4585 3639 4660 γὰρ
3699 4584 3931 4656 θελητὸν

2284 4676 2362 4746 ἓν,
2394 4676 2478 4732 ὅτι
2522 4677 2611 4731 καὶ
2661 4677 2690 4730 6
2738 4674 2912 4730 θέλων
2963 4675 3060 4744 εἷς,
3090 4681 3191 4742 τῆς
3235 4673 3583 4749 ἀνθρωπικῆς
3634 4673 3801 4729 αὑτοῦ
3850 4676 3936 4728 θε-

2289 4765 2502 4835 λησεως
2567 4764 2701 4839 πρὸς
2749 4764 2810 4818 τὸ
2878 4761 3076 4816 οἶκεῖον
3144 4760 3371 4831 θελητὸν
3429 4763 3780 4834 κινουμένης,
3840 4761 3934 4817 ὅτε

2283 4857 2444 4908 τοῦτο
2485 4854 2555 4925 τῇ
2601 4851 2753 4926 θεϊκῇ
2803 4848 3021 4921 θελήσει
3072 4849 3235 4906 αὑτοῦ
3283 4847 3510 4920 θελητὸν
3565 4849 3658 4923 ἧν,
3704 4850 3793 4905 καὶ
3848 4851 3934 4927 ἐφ’

2285 4939 2406 4996 ὅσον
2447 4943 2513 5010 ἧν
2559 4936 2803 5010 θελητόν.
2839 4943 3019 5013 Διχῶς
3070 4936 3127 4993 δὲ
3167 4944 3267 5006 τῆς
3314 4939 3544 5013 γνώμης
3596 4938 3932 5014 λεγομένης,

2287 5029 2498 5103 λέγεται
2571 5030 2672 5104 γὰρ
2740 5027 2935 5102 γνώμη
2987 5028 3077 5080 καὶ
3123 5029 3159 5094 ὴ
3209 5023 3396 5088 ἁπλῶς
3467 5027 3611 5101 ῥοπὴ
3671 5027 3809 5103 πρὸς
3868 5031 3934 5084 τὸ

2281 5115 2529 5187 θελητὸν,
2559 5117 2632 5177 ὡς
2666 5114 2914 5189 έλλόγως
2941 5115 3201 5189 γινομένη
3247 5113 3336 5169 καὶ
3391 5114 3525 5186 μετὰ
3571 5116 3830 5188 γνώσεως
3878 5115 3930 5169 έν

2279 5210 2397 5266 τοῖς
2448 5203 2718 5279 λογικοῖς,
2751 5202 2960 5278 λέγεται
3005 5203 3200 5277 γνώμη
3249 5201 3339 5255 καὶ
3389 5204 3424 5270 ἡ
3476 5202 3534 5256 ἐκ
3580 5196 3929 5276 προϐουλεύ-

2283 5312 2415 5352 σεως
2460 5293 2550 5346 καὶ
2598 5292 2824 5365 κρίσεως
2874 5290 2995 5363 περί
3040 5311 3093 5343 τι
3141 5289 3394 5350 διάθεσις.
3444 5289 3555 5345 Οὐκ
3600 5289 3838 5369 ἀσφαλὲς
3892 5293 3928 5359 ἢ

2281 5380 2507 5451 γνώμην
2540 5379 2575 5447 ἢ
2619 5377 2838 5450 θέλημα
2879 5377 3150 5451 γνωμικὸν
3197 5375 3363 5431 εἰπεῖν
3410 5375 3500 5430 ἐπὶ
3543 5383 3641 5432 τοῦ
3691 5383 3931 5454 Χριστοῦ

2279 5469 2413 5520 κατὰ
2457 5469 2520 5520 τὸ
2563 5468 2665 5535 τῆς
2703 5466 2928 5540 γνώμης
2975 5462 3218 5536 δεύτερον
3260 5464 3685 5538 σημαινόμενον,
3729 5464 3817 5520 διὰ
3863 5467 3929 5520 τὸ

2281 5554 2670 5629 συνεισάγεσθαι
2730 5551 2944 5614 τούτοις
2993 5553 3092 5619 τὴν
3138 5550 3373 5623 ἄγνοιαν.
3430 5553 3492 5607 Εἰ
3535 5555 3637 5629 γὰρ
3687 5553 3778 5608 καὶ
3819 5555 3925 5621 τὴν

2279 5641 2572 5716 ἀγνοοῦσαν
2605 5643 2633 5696 6
2662 5640 2856 5714 Κύριος
2905 5637 3058 5716 φύσιν
3107 5632 3379 5709 ἀνέλαϐεν,
3410 5636 3558 5695 ἀλλὰ
3602 5644 3712 5695 τῶν
3760 5639 3925 5697 θείων

2279 5729 2613 5804 ςύχημάτων
2675 5725 2842 5801 ταύτῃ
2903 5721 3190 5799 μετέδωκε.
3246 5725 3345 5780 Καὶ
3412 5725 3480 5795 ἧν
3551 5729 3650 5781 τοῦ
3715 5727 3926 5804 Κυρίου
