4110 6416
378 439 494 504 601

376 573 530 649 ψυχὴ
580 577 752 628 πᾶσαν
802 569 1003 648 ἔχουσα
1050 570 1263 651 σοφίαν,
1313 571 1456 627 θείαν
1507 573 1619 645 ἅμα
1670 570 1734 642 ὂ),
1783 571 1870 627 xz‘;

378 663 692 738 θρωπικήν,
746 666 915 716 πᾶσαν
960 666 1179 736 γνῶσιν,
1227 666 1333 715 τῶν
1405 661 1730 736 γεγονότων,
1777 666 1882 715 τῶν
1937 656 2024 712 ὅν-

376 772 507 820 των,
539 754 647 805 τῶν
686 750 980 823 ἐσομένων,
1014 750 1075 804 οὑ
1125 750 1300 827 φύσει,
1334 750 1394 803 οὑ
1442 749 1649 825 χάριτι,
1684 747 1772 803 διὰ
1821 748 1879 803 δὲ
1929 750 2027 817 τὴν

377 840 518 914 πρὸς
569 838 728 893 αὑτὸν
778 840 868 893 τὸν
924 838 1084 911 μόνον
1148 839 1332 916 σοφὸν,
1382 838 1471 891 καὶ
1538 837 1705 892 πάντα
1766 838 1854 891 καὶ
1920 837 2026 911 πρὸ

372 934 478 996 τῆς
529 927 701 983 αὐτῶν
752 927 1011 1002 γενέσεως
1072 924 1254 981 εἰδότα
1318 925 1664 1003 προαιωνίως
1726 926 1841 979 καθ’
1892 925 2023 979 ὑπό-

374 1037 559 1071 στασιν
609 1012 823 1070 ἕνωσιν.
876 1015 1042 1077 Ποίας
1107 1013 1197 1069 οῦν
1268 1013 1492 1091 ἔχρῃζεν
1568 1013 1700 1083 αὕτη
1776 1013 2021 1089 βουλῆς;

370 1105 523 1166 τίνος
573 1108 679 1158 τῶν
738 1105 871 1177 μετὰ
922 1105 1021 1173 τὴν
1085 1103 1291 1179 βουλήν
1345 1106 1381 1172 ἡ
1440 1103 1611 1158 πάντα
1665 1103 2019 1179 γινώσκουσα,

372 1193 559 1257 καθὼς
586 1190 788 1270 ἔφαμεν
814 1211 830 1262 ;

1509 437 1773 505 SERMO
1814 436 1917 503 AD
1960 435 2388 504 MONACHOS
2432 439 2655 505 SUOS.

1925 571 2015 625 ἀν-
2048 577 2101 641 Α
2131 572 2412 629 Dominus
2441 573 2589 629 hanc
2621 572 2831 630 saltem
2882 571 3222 647 participem
3271 568 3526 626 reddidit
3562 567 3770 624 divine

3653 430 3774 496 602

2136 663 2331 733 gloriae
2363 663 2712 734 (divinorum
2736 664 3131 737 honorum),et
3160 665 3283 717 erat
3315 658 3542 715 Domini
3574 657 3771 713 anima

2136 767 2367 805 omnem
2402 752 2617 807 habens
2650 752 3017 823 sapientiam,
3066 750 3319 806 divinam
3370 747 3547 804 simul
3577 751 3635 803 et
3662 746 3772 801 hu-

2135 855 2371 894 manam
2398 858 2409 907 ;
2444 857 2676 895 omnem
2711 841 3013 897 scientiam
3045 838 3491 911 praeteritorum,
3523 851 3773 908 praesen-

2133 927 2279 982 tium
2314 934 2371 983 et
2419 930 2747 984 futurorum
2806 946 2922 985 non
2981 935 3213 994 natura,
3268 944 3385 981 non
3433 925 3639 997 gratia,
3674 923 3775 979 sed

2134 1016 2351 1072 unione
2400 1019 2722 1073 secundum
2756 1018 3138 1090 hypostasim,
3187 1032 3319 1071 cum
3364 1014 3492 1086 ipso
3525 1013 3647 1068 solo
3680 1028 3774 1067 sa-

2133 1105 2326 1175 piente
2355 1110 2411 1160 et
2445 1107 2641 1161 omnia
2686 1106 2772 1162 vel
2825 1111 3139 1177 antequam
3190 1104 3336 1159 ﬁant
3365 1104 3771 1174 cognoscente.

2131 1193 2254 1256 Qua
2280 1193 2459 1266 igitur
2508 1194 2920 1251 deliberatione
2948 1194 3069 1249 haec
3098 1191 3401 1267 egeret,vel
3430 1207 3545 1262 quo
3574 1206 3775 1247 eorum

374 1300 507 1356 quas
527 1288 671 1338 sunt
698 1287 830 1354 post
851 1282 1330 1338 deliberationem
1362 1286 1554 1354 egeret
1573 1298 1639 1337 ea
1669 1298 1795 1352 quas
1826 1281 2025 1337 omnia
2062 1283 2380 1355 cognoscit,
2415 1288 2481 1338 ut
2510 1284 2765 1340 diximus
2795 1284 2823 1338 ?

446 1404 511 1459 Εἷ
562 1402 620 1459 δὲ
674 1425 806 1459 ποτε
877 1408 1146 1459 πεινῶντα
1208 1406 1299 1458 τὸν
1352 1403 1545 1477 Κύριον
1600 1404 1771 1459 ἐλθεῖν
1831 1405 2026 1480 γεγρα-

374 1514 504 1548 πται
536 1493 671 1567 πρὸς
706 1499 873 1563 συκῆν
905 1493 1110 1569 καρπὸν
1143 1492 1242 1547 οὑκ
1280 1491 1530 1569 ἔχουσαν,
1566 1491 1611 1546 εἷ
1662 1493 1763 1566 ἄρα
1812 1492 2025 1568 εὑρήσει

372 1603 427 1637 τι
481 1581 535 1636 ἐν
582 1581 742 1655 αὐτῇ,
774 1580 865 1635 καί
915 1580 1023 1656 οὐχ
1051 1581 1224 1655 εὗρεν,
1258 1579 1303 1635 εἰ
1365 1581 1440 1653 μή
1492 1579 1695 1658 φύλλα,
1735 1581 1853 1643 καθ’
1902 1580 2028 1635 ὑπό-

374 1690 526 1724 νοιαν
578 1671 606 1723 ὁ
651 1673 898 1730 τοιοῦτος
957 1673 1055 1723 τοῦ
1120 1664 1287 1745 λόγου
1354 1668 1797 1743 σχησματισμὸς,
1850 1669 2026 1731 καθὼς

376 1757 437 1812 ἂν
515 1757 803 1826 ὑπενόησεν
874 1755 1005 1819 ἴσως
1055 1757 1084 1811 ὁ
1128 1758 1229 1826 τὴν
1300 1756 1462 1811 αὑτοῦ
1531 1758 1665 1831 πρὸς
1711 1757 1810 1825 τὴν
1860 1764 2024 1826 συκῆν

372 1843 613 1901 κατιδὼν
681 1842 913 1918 ἔλευσιν,
986 1846 1062 1919 μὴ
1132 1845 1315 1919 μέντοι
1379 1847 1469 1899 τὸν
1536 1852 1638 1914 τῆς
1705 1844 2025 1917 οἰκονομίας

2206 1408 2265 1462 Si
2301 1408 2533 1477 quando
2562 1409 2798 1480 quidem
2829 1409 3113 1480 scriptum
3149 1410 3239 1463 est
3272 1425 3284 1462 :
3310 1405 3618 1461 Dominum
3647 1420 3777 1460 esu-

2137 1494 2381 1551 rientem
2409 1497 2637 1552 venisse
2694 1498 2764 1552 ad
2798 1498 2974 1551 ﬁcum
3006 1514 3118 1551 non
3151 1496 3465 1551 habentem
3497 1495 3772 1560 fructum,

2137 1583 2185 1638 si
2220 1584 2363 1639 forte
2421 1582 2642 1656 aliquid
2702 1585 2987 1640 inveniret
3043 1585 3103 1639 in
3163 1601 3231 1639 ea
3278 1599 3381 1638 nec
3412 1581 3629 1637 invenit
3658 1579 3771 1634 nisi

2135 1671 2621 1743 folia,secundum
2643 1674 3037 1744 conjecturam
3061 1673 3111 1727 is
3136 1677 3228 1728 est
3246 1671 3530 1727 sermonis
3560 1670 3772 1725 modus

2137 1765 2202 1814 ut
2229 1761 2420 1815 forsan
2451 1762 2798 1832 conjecisset
2827 1762 2927 1833 qui
2946 1778 3081 1817 eum
3111 1761 3353 1817 vidisset
3375 1760 3446 1814 ad
3481 1759 3653 1814 ﬁcum
3682 1773 3773 1812 ve-

2137 1848 2393 1903 nientem
2427 1866 2531 1904 nec
2584 1854 2781 1905 tamen
2821 1849 3227 1921 dispositionis
3258 1846 3540 1902 rationem
3573 1844 3774 1900 scivis-

376 1933 544 2009 λόγον
574 1931 755 1997 εἰδώς.
781 1933 897 1989 Τίνι
927 1934 1027 2011 γὰρ
1065 1933 1123 1989 ἂν
1154 1934 1245 1989 καὶ
1294 1938 1399 1989 τῶν
1448 1932 1725 2009 τυχόντων
1771 1934 2017 2009 ἧγνοήθη

2133 1939 2240 1999 set,
2299 1954 2333 1991 a
2387 1954 2501 2009 quo
2555 1938 2713 1993 enim
2760 1942 2817 1993 et
2845 1938 3242 1994 accidentium
3274 1937 3541 2008 ignorata
3569 1933 3772 1989 fuisset

367 2024 433 2079 τὸ
481 2020 803 2095 πρόδηλον;
858 2022 974 2078 ἐπεὶ
1037 2024 1127 2077 καὶ
1170 2023 1355 2100 καιρὸς
1404 2027 1575 2077 συκῶν
1622 2021 1720 2077 οὐκ
1764 2023 1849 2092 ἦν,
1900 2020 2026 2076 ἀλλ’

375 2111 454 2173 ὡς
505 2110 566 2165 ἃν
602 2109 630 2164 ό
663 2111 724 2165 τὸ
777 2117 881 2166 πᾶν
935 2109 1139 2186 ἰσχύων
1191 2109 1481 2183 ἐνδείξηται
1529 2112 1665 2165 κατὰ
1708 2111 1891 2185 καιρὸν
1943 2109 2025 2165 ὅτι

381 2201 460 2273 μὴ
515 2198 679 2272 μόνον
736 2199 1072 2275 εὖεργετικὴν
1124 2195 1250 2274 ἔχον
1298 2196 1564 2275 δύναμιν,
1616 2197 1759 2254 ἀλλά
1818 2219 1883 2273 γε
1936 2199 2026 2253 καὶ

377 2287 786 2364 τιμωρητικήν,
816 2288 906 2342 καὶ
947 2287 1023 2349 ὡς
1074 2283 1221 2360 εἷ’περ
1275 2282 1455 2350 ἐθέλοι
1504 2285 1656 2360 λόγῳ
1709 2286 1857 2359 μόνῳ
1902 2285 2027 2349 τοὺς

378 2375 791 2449 σταυρώσαντας
841 2374 1193 2450 ἀποξηρανεῖ,
1238 2375 1337 2443 τὴν
1396 2378 1578 2429 πεῖναν
1610 2373 1699 2428 καὶ
1744 2376 1842 2442 τήν
1889 2375 2023 2447 πρὸς

375 2465 477 2532 τήν
511 2470 677 2533 συκῆν
710 2462 917 2520 ἔλευσιν
967 2462 1358 2539 προηγούμενα
1401 2462 1582 2531 τίθησι
1625 2468 1723 2530 τῆς
1771 2462 2025 2532 τοιαύτης

378 2549 652 2624 ἐνδείξεως
704 2552 731 2605 ὁ
777 2553 940 2628 σοφὸς
988 2551 1077 2606 καὶ
1142 2548 1546 2628 φιλάνθρωπος·
1595 2548 1682 2605 διά
1730 2571 1822 2606 τοι
1865 2555 2025 2605 τοῦτο

376 2639 472 2694 καί
519 2640 664 2715 παρὰ
706 2640 768 2694 τὸ
817 2639 1008 2702 εἴωθὸς
1056 2642 1091 2709 ἡ
1144 2646 1299 2695 πεῖνα
1347 2637 1558 2715 πρωίας
1620 2635 1804 2711 οὔσης,
1850 2640 2025 2700 καθὼς

377 2726 666 2799 τεθέλητο.
735 2732 1029 2804 Τοιγαροῦν
1087 2729 1121 2797 ἡ
1189 2728 1325 2803 πρὸς
1395 2728 1493 2796 τὴν
1574 2734 1737 2797 συκῆν
1824 2727 2021 2805 ἄφιξις,

381 2815 642 2878 ὡσαύτως
688 2815 777 2871 καὶ
815 2818 851 2886 ἡ
895 2817 1019 2892 περὶ
1063 2820 1159 2871 τοῦ
1206 2817 1457 2892 Λαζάρου
1503 2820 1711 2887 πεῦσις,
1766 2814 1891 2871 ὅποι
1932 2814 2024 2871 τέ-

380 2916 527 2969 θειτο
585 2904 757 2959 θανὼν
819 2903 1047 2976 ἐκεῖνος,
1104 2905 1192 2959 καὶ
1253 2900 1307 2958 εἷ’
1355 2926 1405 2958 τι
1462 2902 1869 2980 παραπλήσιον,
1927 2904 2024 2959 οὐκ

376 2991 613 3068 ἀγνοίας,
664 2991 791 3048 ἀλλ’
841 2992 1156 3065 οἰκονομίας
1229 2993 1320 3047 καὶ
1385 2991 1700 3070 προσφόρου
1756 3013 2018 3067 συγκατα-

376 3076 609 3143 ϐάσεως.
644 3083 789 3135 Κατὰ
827 3081 923 3153 μὲν
962 3079 1053 3136 οὖν
1093 3082 1156 3136 τὸ
1203 3078 1447 3157 δεύτερον
1500 3088 1600 3151 τῆς
1648 3082 1877 3156 γνώμης
1932 3081 2022 3137 καί

374 3176 475 3239 τῆς
540 3169 905 3245 προαιρέσεως
956 3168 1352 3243 σημαινόμενον
1422 3166 1543 3224 οὔτε
1602 3170 1849 3245 γνώμην,
1901 3167 2024 3224 οὕτε

2135 2026 2443 2097 evidentia,
2477 2043 2610 2082 cum
2667 2032 2902 2099 tempus
2935 2028 3174 2082 ﬁcorum
3207 2042 3323 2081 non
3355 2025 3587 2079 adesset
3618 2039 3632 2090 ;
3668 2021 3770 2077 sed

2135 2117 2201 2167 ut
2228 2114 2596 2185 omnipotens
2626 2114 2724 2170 ille
2773 2117 3107 2171 ostenderet
3136 2114 3461 2170 secundum
3512 2117 3765 2182 tempus,

2136 2202 2289 2273 quod
2322 2219 2437 2258 non
2470 2203 2660 2259 solum
2693 2204 2904 2259 habeat
2922 2203 3239 2275 potentiam
3267 2218 3394 2273 quae
3422 2198 3765 2266 benefaciat,

2135 2291 2236 2345 sed
2266 2291 2442 2346 etiam
2500 2309 2627 2363 quae
2685 2291 2946 2364 castiget,
2998 2297 3056 2348 et
3108 2292 3283 2365 quod,
3335 2290 3384 2345 si
3425 2287 3565 2345 velit
3591 2288 3764 2358 verbo

2134 2379 2256 2434 solo
2288 2380 2689 2453 cruciﬁgentes
2719 2382 2996 2449 siccabit;
3045 2381 3258 2436 famem
3286 2384 3343 2436 et
3367 2393 3667 2433 accessum
3694 2375 3765 2430 ad

2134 2468 2308 2523 ﬁcum
2342 2469 2605 2540 exempla
2632 2469 2796 2540 ponit
2824 2469 2960 2525 talis
2990 2467 3503 2525 demonstrationis
3532 2464 3766 2537 sapiens

2133 2561 2189 2611 et
2216 2556 2524 2612 hominum
2577 2562 2835 2626 amator;
2867 2558 2997 2614 ideo
3028 2575 3167 2614 sane
3205 2562 3263 2613 et
3308 2561 3508 2612 contra
3538 2569 3760 2609 morem

2136 2644 2245 2699 fuit
2273 2647 2457 2701 iames
2487 2663 2658 2701 mane
2688 2647 2843 2701 sicut
2898 2647 3213 2718 placuerat.
3249 2645 3466 2700 Idcirco
3495 2658 3637 2698 sane
3692 2640 3762 2696 ad

2133 2733 2309 2787 ﬁcum
2341 2750 2632 2800 accessus,
2665 2734 2813 2789 sicut
2855 2740 2911 2790 et
2941 2736 3011 2790 de
3052 2735 3261 2789 Lazaro
3314 2730 3690 2803 interrogatio
3750 2745 3764 2784 :

2134 2821 2232 2876 ubi
2265 2821 2490 2893 positus
2521 2822 2727 2877 {uisset
2757 2828 3024 2879 mortuus
3054 2822 3149 2877 ille
3176 2822 3205 2876 ?
3232 2826 3289 2877 et
3318 2821 3367 2877 si
3388 2820 3525 2892 quid
3551 2817 3761 2887 simile,

2131 2926 2244 2964 non
2275 2910 2614 2980 ignorantiae
2666 2915 2804 2966 sunt
2857 2912 2959 2967 sed
3016 2909 3416 2982 dispositionis
3462 2916 3516 2964 et
3553 2907 3763 2963 conde-

2130 2997 2454 3053 scensionis
2484 2999 2993 3070 aptaa.Secundum
3023 3000 3202 3071 igitur
3230 2997 3604 3070 posteriorem
3637 3011 3767 3051 sen-

2130 3084 2321 3140 tentiae
2353 3090 2409 3141 et
2445 3086 2796 3157 praelationis
2853 3104 3114 3155 sensum,
3169 3102 3358 3158 neque
3415 3082 3763 3140 sententiam

2131 3189 2316 3245 neque
2347 3173 2742 3246 praelationem
2773 3176 3100 3231 diceremus
3146 3175 3217 3231 de
3256 3173 3521 3240 Christo;
3554 3188 3765 3227 secun-

372 3256 688 3334 προαίρεσιν
756 3254 1001 3330 εἴποιμεν
1070 3258 1129 3311 ἂν
1181 3256 1267 3311 ἐπὶ
1334 3261 1430 3312 τοῦ
1483 3262 1737 3333 Χριστοῦ·
1787 3259 1922 3313 κατά
1965 3255 2017 3312 δὲ

2133 3261 2272 3316 dum
2306 3279 2438 3318 vero
2468 3262 2742 3334 priorem,
2775 3264 2875 3334 (et)
2907 3264 3230 3319 secundum
3262 3261 3613 3318 sententiam
3663 3258 3765 3315 Dei

370 3346 437 3401 τὸ
483 3349 702 3421 πρῶτον
750 3346 841 3400 καὶ
887 3346 1023 3401 κατὰ
1086 3346 1313 3421 γνώμην
1376 3350 1510 3400 Θεοῦ
1566 3343 1691 3400 τόδε
1738 3367 1791 3400 τι
1836 3344 2019 3401 διαπεο

375 3434 620 3510 πρᾶχθαί
663 3453 854 3511 φαμεψ
886 3434 1130 3489 τουτέστι
1177 3432 1405 3504 θελητὸν
1454 3438 1533 3505 τῷ
1581 3438 1696 3505 Θεῷ
1738 3434 1828 3488 καὶ
1886 3434 2019 3489 ἀπο-

376 3520 561 3578 δεκτὸν
592 3522 655 3576 τὸ
682 3520 942 3597 πραχθέν.
976 3523 1065 3584 Ὡς
1109 3521 1155 3577 εἰ
1200 3520 1454 3595 λέγοιμεν
1498 3523 1588 3576 τὸν
1641 3519 1802 3577 Δαυῒδ
1857 3518 2015 3597 βεϐα-

374 3606 680 3665 σιλευκέναι
766 3611 901 3664 κατὰ
976 3611 1205 3683 γνώμην
1260 3614 1414 3681 Θεοῦ,
1472 3610 1561 3665 καὶ
1640 3612 2018 3687 προαιρετικὸς

376 3698 472 3771 μὲν
517 3699 547 3753 ὁ
597 3702 692 3752 τοῦ
741 3702 875 3753 Θεοῦ
921 3697 1121 3773 Λόγος,
1170 3699 1549 3775 προαιρετικὸν
1618 3696 1676 3753 δὲ
1731 3700 1793 3753 τὸ
1852 3703 2016 3754 Πνεῦ-

373 3807 453 3859 μα
506 3785 571 3841 τὸ
643 3785 796 3860 ἅγιον
876 3783 1107 3861 εἷ’ρηται.
1168 3786 1294 3842 Δέον
1371 3785 1461 3841 οῦν
1539 3786 1847 3862 ἐρευνᾶσθαι
1920 3789 2019 3857 τὴν

369 3871 515 3943 λὲξιν
593 3871 647 3927 ἐν
717 3874 932 3943 ἅπασιν,
987 3873 1038 3928 εἷ’
1090 3873 1266 3929 πλείω
1340 3872 1506 3945 δηλοῖ
1573 3879 1669 3929 τοῦ
1743 3876 1877 3946 ἐνὸς,
1928 3877 2017 3931 καὶ

372 3962 492 4033 μετ’
550 3960 846 4036 εὖκρινείας
898 3960 1025 4023 τοὺς
1090 3959 1287 4037 λόγους
1361 3958 1670 4037 προϐαίνειν
1748 3964 1883 4040 πρὸς
1952 3966 2018 4019 τὰ

368 4046 708 4121 δηλούμενα.
742 4048 936 4119 Πολλή
984 4050 1085 4126 γὰρ
1116 4052 1152 4119 ἠ
1201 4049 1261 4105 ἐκ
1303 4057 1404 4120 τῆς
1458 4051 1776 4125 ὁμωνυμίας
1820 4050 2013 4126 ἀπάτῃ,

365 4136 457 4191 καὶ
518 4140 738 4212 πρῶτος
785 4136 919 4206 αὕτη
977 4136 1178 4213 τρόπος
1208 4137 1261 4193 ἐν
1309 4144 1427 4200 τοῖς
1485 4140 1829 4217 σοφίσμασιν.
1863 4138 2016 4194 Οὕτω

358 4244 450 4279 τοι
506 4224 599 4278 καὶ
654 4222 717 4278 τὰ
773 4224 903 4286 Θεὸς
955 4219 1146 4298 ὄνομα,
1177 4226 1268 4280 καὶ
1318 4226 1380 4279 τὸ
1428 4226 1709 4297 ἄνθρωπος
1737 4225 1870 4281 ποτὶ
1920 4229 2013 4300 μὲν

366 4310 524 4389 φύσιν
603 4312 878 4386 σημαίνει,
934 4313 1066 4368 ποτε
1121 4310 1165 4367 δ’
1223 4313 1534 4370 ὑπόστασιν.
1594 4316 1657 4370 Ἣ
1716 4312 1773 4369 δὲ
1828 4315 2016 4387 θεότης

364 4397 627 4461 ὡσαύτως
682 4400 772 4454 καὶ
825 4402 861 4469 ἡ
894 4401 1249 4476 ἀνθρωπότης
1308 4401 1462 4479 φύσιν
1520 4402 1598 4456 ἀεὶ
1664 4402 1853 4475 μόνην,
1887 4401 2015 4459 ἀλλ’

362 4482 565 4543 οὔποτε
612 4486 702 4542 καὶ
756 4487 1065 4544 ὑπόστασιν.
1108 4490 1179 4543 Τὸ
1228 4486 1285 4544 δὲ
1331 4490 1561 4563 Χριστὸς
1612 4488 1779 4560 δηλοῖ
1826 4492 2011 4546 σύνθε-

357 4595 455 4630 τον
522 4573 586 4630 ἐκ
662 4575 919 4645 θεότητός
988 4597 1048 4631 τε
1118 4578 1207 4632 καὶ
1293 4578 1736 4653 ἀνθρωπότητος,
1796 4579 1894 4634 Καὶ
1950 4581 2011 4634 τὸ

2131 3348 2352 3421 aliquid
2385 3352 2599 3405 factum
2631 3351 2811 3406 fuisse
2850 3351 3124 3417 dicimus,
3156 3351 3264 3406 hoc
3310 3354 3417 3416 est,
3449 3347 3653 3413 voluit,
3686 3347 3764 3401 fa-

2129 3441 2288 3492 ctum
2332 3444 2683 3510 gratumque
2712 3440 2918 3495 habuit
2946 3439 3121 3506 Deus,
3158 3442 3222 3494 ut
3250 3438 3299 3493 si
3330 3437 3617 3507 dicamus,
3650 3435 3762 3490 Da-

2127 3524 2319 3579 videm
2346 3542 2621 3597 regnasse
2649 3528 2972 3582 secundum
2999 3526 3349 3583 sententiam
3379 3524 3501 3580 Dei.
3532 3525 3601 3579 Et
3632 3522 3761 3595 qui-

2129 3612 2261 3667 dem
2292 3614 2545 3669 Verbum
2606 3615 2707 3670 Dei
2746 3615 3036 3685 (suijuris
3066 3621 3124 3671 et
3180 3615 3273 3670 sui
3322 3615 3476 3684 juris
3505 3612 3761 3684 Spiritus

2128 3706 2366 3757 sanctus
2397 3702 2691 3774 dicuntur)
2723 3703 3075 3773 praelationis
3106 3720 3288 3775 capax
3326 3706 3382 3758 et
3411 3718 3589 3773 capax
3620 3716 3760 3772 pra:-

2127 3788 2361 3844 lationis
2410 3789 2661 3861 Spiritus
2706 3796 2943 3847 sanctus
2995 3791 3228 3847 dicitur.
3290 3790 3530 3862 Oportet
3581 3789 3760 3861 igitur

2129 3878 2375 3931 scrutari
2408 3878 2869 3934 enuntiationem
2898 3879 2958 3934 in
3005 3880 3303 3948 omnibus,
3348 3879 3398 3934 si
3445 3878 3614 3950 plura
3645 3894 3761 3932 uno

2128 3964 2438 4037 signiﬁcet,
2488 3970 2546 4021 et
2577 3983 2709 4022 cum
2760 3968 3108 4024 discretione
3136 3968 3312 4023 verba
3340 3967 3649 4039 procedere
3688 3967 3759 4021 ad

2127 4069 2193 4108 ea
2222 4070 2350 4124 quae
2380 4054 2802 4125 signiﬁcantur.
2834 4055 3053 4112 Multus
3101 4056 3257 4112 enim
3287 4073 3356 4111 ex
3385 4055 3761 4127 homonymia

2125 4158 2304 4211 error,
2327 4146 2383 4197 et
2412 4143 2781 4215 praecipuuus
2811 4162 2879 4200 ea
2908 4161 3035 4200 mos
3064 4149 3153 4200 est
3179 4144 3238 4199 in
3271 4143 3757 4216 SOphismatibus.

2125 4228 2219 4284 Sic
2249 4246 2388 4285 sane
2426 4235 2483 4285 et
2512 4248 2722 4287 nomen
2758 4255 2780 4283 ι
2814 4233 2967 4288 Deus
2998 4256 3026 4282 η
3056 4237 3113 4288 et
3142 4249 3353 4288 nomen
3386 4254 3414 4281 «
3448 4232 3621 4286 homo
3655 4248 3669 4294 ς
3726 4250 3753 4282 ι

2127 4317 2297 4372 modo
2329 4318 2485 4375 enim
2518 4324 2786 4375 naturam
2819 4321 3130 4393 signiﬁcat,
3166 4321 3455 4390 modoque
3484 4319 3757 4391 hyposta-

2124 4404 2256 4460 sim.
2290 4406 2573 4463 Divinitas
2605 4424 2835 4479 quoque
2865 4408 3018 4464 sicut
3047 4408 3459 4464 ethumanitas
3489 4412 3759 4461 naturam

2123 4510 2355 4565 semper
2382 4494 2587 4565 solam,
2620 4496 2721 4551 sed
2755 4513 3056 4567 nunquam
3088 4500 3145 4551 et
3173 4495 3568 4568 hypostasirn;
3602 4493 3763 4549 Chri-

2122 4585 2252 4637 stus
2283 4588 2478 4637 autem
2536 4585 2752 4655 praebet
2806 4584 3195 4656 compositum
3240 4600 3308 4638 ex
3361 4582 3675 4637 Divinitate
3703 4587 3763 4638 et

361 4662 583 4738 χρίσμα
639 4664 734 4736 μὲν
761 4666 798 4733 ἡ
831 4663 1045 4736 θεότης,
1077 4666 1113 4734 ἡ
1163 4650 1514 4740 ἀνθρωπότης
1560 4663 1617 4721 δὲ
1660 4668 1722 4722 τὸ
1770 4666 2010 4744 χρισθέν.

2129 4669 2504 4728 humanitate.
2536 4650 2909 4744 Unguentum
2940 4650 3177 4743 quidem
3207 4671 3757 4737 Divinitas,unctum

356 4748 553 4826 Χρίσιν
598 4748 660 4805 δὲ
703 4750 927 4822 νοητέον
974 4754 1073 4821 τὴν
1123 4749 1257 4809 ὅλου
1302 4758 1399 4808 τοῦ
1436 4752 1740 4829 χρίσματος
1773 4755 1849 4818 εἰς
1883 4755 2010 4812 ὅλον

360 4836 425 4893 τὸ
474 4838 697 4914 χρισθὶν
748 4842 1146 4916 περιχώρησιν.
1193 4839 1348 4897 Οὸτω
1404 4843 1506 4916 γὰρ
1558 4841 1617 4896 ἃν
1663 4839 1742 4913 εἴη
1790 4844 1855 4898 τὸ
1907 4846 2007 4913 τήν

360 4926 550 5003 χρίσιν
610 4924 928 5003 δεδεγμένον
986 4934 1106 4991 ταῖς
1168 4927 1447 4999 ἀληθείαις
1506 4929 1632 4985 ὅλον
1661 4931 1907 5006 Χριστόν.
1939 4934 2010 4988 Τὸ

355 5014 457 5091 γάρ
513 5014 857 5078 ἐπιπολαίως
932 5018 1150 5092 χρισθὲν
1211 5017 1270 5073 ἐκ
1328 5019 1525 5094 μέρους
1577 5019 1828 5093 Χριστὸν,
1884 5019 2008 5077 ἀλλ’

2120 4756 2478 4827 humanitas,
2521 4759 2855 4815 unctionem
2884 4777 3016 4814 vero
3047 4759 3370 4831 intelligere
3399 4763 3489 4814 est
3519 4759 3755 4830 (transi-

2117 4845 2357 4913 tionem,
2392 4849 2873 4919 transfusionem)
2933 4848 3542 4904 circumincessionem
3573 4847 3755 4903 totius

2117 4935 2399 5007 unguenti
2458 4937 2516 4991 in
2566 4941 2686 4991 tota
2715 4941 2929 5004 uncto;
2966 4937 3050 4992 sic
3079 4937 3234 4992 enim
3287 4936 3382 5006 qui
3418 4935 3750 4992 unctionem

2116 5022 2453 5095 accepisset,
2479 5041 2609 5080 vere
2640 5026 2786 5080 foret
2816 5029 2973 5082 totus
3002 5024 3272 5081 Christus
3302 5026 3583 5096 (unctus),
3615 5041 3750 5080 nam

354 5103 470 5179 οὐχ
496 5101 661 5174 -ὅλον,
692 5102 808 5158 ὅθεν
836 5101 966 5159 οὐδὲ
994 5104 1195 5177 κυρίως
1230 5105 1479 5180 Χριστόν.
1517 5106 1607 5160 Διὸ
1662 5105 1903 5181 βασιλεῖς
1947 5130 2007 5163 τε

2129 5112 2454 5166 summatim
2515 5117 2741 5168 tantum
2800 5117 3013 5168 unctus
3044 5129 3114 5168 ex
3155 5119 3315 5185 parte
3347 5113 3615 5168 Christus
3643 5118 3751 5184 est,

351 5189 443 5246 καὶ
493 5190 768 5267 ἀρχιερεῖς
817 5196 898 5264 τῷ
942 5191 1113 5265 ἐλαίῳ
1158 5192 1467 5269 χριόμενοι,
1516 5193 1605 5247 καὶ
1652 5195 1751 5263 τήν
1818 5194 2003 5250 ἐπιπό-

2112 5215 2229 5254 non
2259 5216 2390 5254 vere
2423 5205 2576 5256 lotus
2606 5202 2759 5256 unde
2798 5218 2900 5257 nec
2931 5201 3087 5273 regis
3145 5201 3434 5257 Christus.
3495 5201 3629 5256 Ideo
3660 5217 3755 5256 re-

352 5274 509 5334 λαιον
561 5277 851 5354 δεχόμενοι
892 5279 1099 5357 χρίσιν,
1128 5279 1189 5335 οὑ
1236 5281 1436 5356 κυρίως
1490 5280 1732 5355 Χριστοί.
1766 5281 1830 5337 Εἰ
1877 5280 1934 5337 δὲ
1962 5287 1997 5353 ἡ

2129 5302 2211 5357 ges
2259 5292 2315 5343 et
2364 5289 2731 5344 sacerdotum
2782 5289 3074 5361 principes
3106 5289 3232 5345 oleo
3272 5290 3457 5357 uncti,
3503 5294 3558 5345 et
3590 5306 3752 5344 sum-

348 5368 516 5443 χάρις
546 5364 622 5429 εἷς
654 5366 815 5443 βάθος
848 5364 938 5421 διὰ
978 5372 1075 5422 τοῦ
1131 5368 1460 5445 χρίσματος,
1494 5368 1555 5423 οὐ
1613 5369 1815 5446 κυρίως
1872 5376 1998 5447 Χρι-

346 5453 488 5527 στοὶ,
548 5454 735 5531 χάριτι
791 5456 896 5530 γὰρ
952 5455 1042 5509 καὶ
1123 5453 1432 5530 ἐπίκληροι.
1491 5457 1668 5519 Μόνος
1731 5457 1909 5512 τοίνυν
1968 5462 1995 5515 ὁ

349 5540 554 5617 Κύριος
624 5540 825 5618 κυρίως
880 5544 1133 5619 Χριστὸς,
1190 5544 1264 5606 ὡς
1332 5542 1460 5606 ὅλος
1519 5541 1730 5613 διόλου,
1784 5546 1873 5600 καὶ
1931 5547 1992 5601 οὑ

346 5628 557 5702 χάριτι.
614 5633 691 5702 Τῇ
751 5628 808 5684 δὲ
862 5631 982 5693 καθ’
1038 5630 1321 5685 ὑπόστασιν
1390 5632 1573 5685 ἑνώσει
1642 5632 1731 5686 καὶ
1798 5631 1989 5697 ἀϊδίως

2109 5376 2310 5430 matim
2361 5376 2694 5431 unctionem
2744 5377 3117 5449 accipientes,
3171 5395 3285 5434 non
3338 5378 3496 5450 regie
3537 5376 3748 5433 Christi

2104 5467 2324 5531 sunt,et
2352 5462 2398 5517 si
2431 5464 2618 5535 gratia
2647 5465 2705 5518 in
2738 5466 3029 5536 profundo
3087 5484 3189 5535 rer
3238 5467 3602 5533 unctionem,
3637 5482 3753 5520 non

2102 5551 2256 5622 regie
2299 5551 2512 5607 Christi
2568 5558 2724 5620 sunt,
2780 5571 2913 5609 nam
2970 5554 3053 5609 vel
3114 5573 3246 5610 cum
3306 5555 3492 5627 gratia
3520 5553 3747 5610 caduci.

2098 5640 2268 5694 Solus
2299 5640 2479 5711 igitur
2508 5643 2789 5697 Dominus
2826 5642 2980 5714 regie
3011 5642 3275 5699 Christus
3302 5648 3390 5699 est
3422 5648 3621 5715 utpote
3648 5647 3737 5698 to-

346 5716 605 5791 Χριστός.
664 5717 735 5772 Τὸ
795 5715 853 5774 δὲ
910 5718 1036 5781 Θεὸς
1091 5718 1265 5793 ὄνομα
1317 5720 1569 5793 σημαίνει
1633 5721 1729 5794 μὲν
1784 5722 1873 5775 καὶ
1927 5722 1988 5778 τὸ

2129 5742 2190 5783 us
2212 5728 2485 5797 omnino;
2521 5745 2636 5784 non
2659 5747 2790 5786 vero
2820 5731 3134 5803 gratia,sed
3167 5731 3387 5791 unione
3416 5731 3743 5789 secundum
