4110 6454
411 373 529 438 603

1655 378 1704 438 Ν
1711 374 2075 440 ICEPHORI
2118 373 2558 438 BLEMMIDE

3695 376 3812 440 601

411 507 773 581 hypostasim
798 513 1073 581 perpetuo
1095 510 1605 568 Christus.Nomen
1637 511 1873 583 quidem
1896 509 2050 564 Deus

2164 509 2471 576 ποιητικὸν,
2528 508 2616 562 καὶ
2703 507 2765 564 τὸ
2847 505 3262 585 δημιουργικὸν,
3319 509 3489 565 θεῖναι
3571 510 3674 586 γὰρ
3746 512 3811 566 τὸ

412 596 542 658 Θεὸς
591 598 804 652 indicat
851 599 1085 670 quidem
1137 602 1290 671 quod
1333 601 1560 673 agendi,
1614 600 1767 671 quod
1816 598 2048 653 creandi

411 703 593 758 capax
625 691 750 753 est;
784 688 989 743 fecisse
1043 689 1197 744 enim
1247 696 1335 745 est
1364 691 1633 761 posuisse
1664 693 1830 749 Θεῖναι
1863 692 1920 741 et
1949 686 2050 757 qui

411 774 544 830 fecit
573 780 661 830 est
691 776 789 848 qui
841 779 1035 849 posuit
1092 778 1200 838 θείς
1261 778 1768 835 evidentissimum
1821 791 2052 846 quoque

410 869 500 918 est
534 865 686 934 quod
712 872 993 937 proponat
1029 868 1423 938 operationem
1448 869 1856 938 (spectantem)
1885 874 2054 922 θεατι-

409 958 511 1018 κῆς
550 955 686 1024 (qua
719 957 1026 1025 spectetur)
1051 959 1366 1028 spectando
1400 958 1689 1011 idoneam.
1724 954 1868 1008 Nam
1902 953 2051 1022 ipso-

412 1058 542 1096 rum
575 1059 701 1113 que:
735 1045 994 1098 nondum
1030 1045 1181 1100 facta
1227 1051 1365 1100 sunt
1396 1045 1562 1116 quasi
1595 1045 1704 1099 sub
1757 1039 1940 1096 oculis
1967 1042 2051 1109 jac

412 1131 667 1186 centium
701 1137 995 1202 spectator
1023 1138 1111 1188 est
1140 1135 1316 1199 Deus,
1359 1141 1413 1189 et
1446 1135 1739 1204 inspector
1784 1129 2050 1184 omnium

412 1219 752 1274 universim.
786 1221 1179 1293 Omniumque
1228 1222 1532 1278 nominum
1565 1220 1936 1292 aptissimum
1997 1220 2052 1269 et

2161 599 2406 664 ποιῆσαι,
2440 598 2528 651 καὶ
2588 598 2698 660 θεὶς
2755 599 2783 653 6
2840 601 3097 671 ποιήσας,
3158 596 3552 675 ἀριδηλότερον
3611 597 3670 654 δὲ
3713 606 3813 668 τῆς

2160 686 2409 753 θεατικῆς
2498 687 2763 762 ἐνεργείας
2844 687 2955 742 ἐστὶ
3012 688 3422 760 παραστατικόν.
3479 689 3578 742 Καὶ
3635 687 3811 743 αὐτῶν

2159 775 2259 848 γὰρ
2318 778 2423 827 τῶν
2484 778 2652 847 μήπω
2730 777 3034 852 γενομένων
3091 777 3164 837 ὡς
3222 777 3310 831 ὑπ’
3368 773 3490 850 ὄψιν
3549 779 3811 848 κειμένων

2160 862 2352 931 θεατής
2411 862 2548 917 ἐστιν
2609 867 2636 918 6
2697 867 2847 937 Θεὸς,
2909 863 3100 943 ἔφορός
3146 887 3204 920 τε
3247 870 3354 920 τῶν
3413 863 3558 920 ὅλων
3617 866 3817 935 ἁπαξα-

2159 949 2338 1012 πλῶς.
2401 954 2622 1006 Πάντων
2681 952 2738 1008 δὲ
2793 959 2899 1008 τῶν
2981 954 3258 1026 ὀνομάτων
3347 949 3678 1028 οῗκειότερον
3732 959 3815 1026 τῷ

2160 1039 2382 1114 ἀνάρχῳ
2438 1042 2525 1095 καὶ
2578 1043 2784 1118 ἀπείρῳ
2835 1043 2923 1097 ἀἱ
2984 1049 3304 1119 παραγωγεῑ
3363 1048 3469 1098 τῶν
3540 1044 3674 1098 ποτὶ
3732 1045 3814 1115 μή

2160 1122 2327 1181 ὄντων
2387 1130 2448 1183 τὸ
2510 1127 2604 1183 ὥν·
2639 1132 2720 1186 ὅτι
2778 1153 2837 1186 τε
2881 1132 2960 1186 ἀεί
3010 1133 3119 1186 ἐστι
3173 1132 3336 1204 μόνος
3387 1132 3564 1203 αὐτὸς,
3596 1132 3687 1186 καὶ
3727 1131 3815 1186 δτι

2159 1217 2313 1290 πηγή
2344 1223 2440 1272 τοῦ
2473 1219 2602 1273 εἶναι
2636 1220 2800 1292 μόνος
2833 1220 3012 1282 αύτός.

409 1310 510 1381 qui
534 1308 817 1381 principio
843 1327 1067 1380 carens,
1103 1313 1428 1367 immensus
1459 1317 1566 1377 est,
1596 1315 1652 1365 et
1681 1326 1808 1379 quae
1841 1323 1954 1361 non
1986 1309 2152 1360 erant
2181 1307 2393 1378 educit,
2427 1314 2515 1365 est
2547 1327 2559 1364 :
2593 1312 2740 1382 (ens)
2766 1333 2794 1361 ‹‹
2825 1312 2923 1384 qui
2971 1316 3058 1367 est
3079 1334 3107 1361 »
3141 1315 3198 1368 et
3226 1311 3365 1384 quia
3394 1327 3624 1383 semper
3647 1310 3816 1367 solus

411 1398 536 1470 ipse
565 1403 673 1464 est,
707 1402 763 1452 et
793 1399 929 1467 quia
954 1401 1068 1470 (τοῦ
1099 1403 1246 1469 esse)
1280 1400 1630 1456 exsistentiae
1664 1400 1791 1453 fons
1822 1397 1946 1468 ipse
1976 1392 2158 1449 solus.

481 1488 587 1550 Qui
619 1487 677 1542 in
710 1489 927 1544 sanctis
959 1494 1047 1545 est
1077 1490 1439 1561 Nicephorus
1466 1488 1817 1544 Blemmides
1859 1503 1891 1540 a
1921 1500 2053 1554 rege

409 1576 632 1632 Joanne
659 1577 817 1632 Duca
867 1578 938 1633 de
969 1580 1336 1649 processione
1383 1577 1741 1634 sanctissimi
1800 1574 2051 1646 Spiritus

412 1665 804 1737 interrogatus
837 1683 849 1720 :
884 1667 1088 1722 Utrum
1148 1673 1297 1724 recte
1346 1668 1598 1723 sentiant
1630 1665 1814 1720 Latini
1850 1678 2049 1727 necne,

415 1755 499 1809 sic
534 1756 832 1826 respondit
858 1773 870 1810 :
895 1773 992 1811 eos
1010 1755 1121 1811 etsi
1143 1756 1345 1828 lingua
1369 1757 1517 1811 duas
1539 1772 1746 1810 causas
1778 1753 2051 1808 inducere

413 1842 499 1898 vel
530 1844 646 1898 duo
677 1844 964 1916 principia
1017 1852 1312 1913 recusent,
1346 1847 1490 1900 dum
1549 1861 1753 1900 rursus
1809 1859 1875 1897 ex
1911 1839 2050 1895 Filio

2229 1489 2284 1536 Ὀ
2344 1486 2394 1540 ἐν
2458 1485 2636 1561 ἁγίοις
2695 1487 3005 1565 Νικηφόρος
3063 1488 3090 1541 6
3151 1484 3470 1560 Βλεμμίδης
3527 1486 3674 1561 παρᾶ
3710 1489 3815 1539 τοῦ

2166 1573 2430 1647 βασιλέως
2489 1577 2733 1630 Ἰωάννου
2812 1581 2910 1630 τοῦ
2986 1575 3160 1630 Δούκα
3216 1575 3339 1649 περὶ
3399 1577 3500 1644 τῆς
3551 1574 3815 1650 ἐκπορεύ-

2160 1683 2295 1723 σεως
2352 1669 2448 1716 τοῦ
2533 1664 2797 1739 παναγίου
2865 1665 3174 1736 Πνεύματος
3231 1663 3544 1737 ἐρωτηθεὶς,
3605 1663 3648 1718 εἶ
3708 1684 3812 1717 κα-

2163 1749 2275 1811 λῶς
2332 1757 2586 1828 φρονοῦσι
2643 1759 2860 1808 Λατῖνοι
2893 1755 2927 1821 ἢ
2962 1752 3045 1822 0'3,
3074 1752 3334 1826 ἀπεκρίθη
3399 1750 3592 1813 οὕτως·
3627 1752 3702 1812 ὡς
3759 1751 3813 1806 εἰ

2158 1839 2246 1892 καὶ
2276 1844 2343 1912 τῇ
2371 1839 2594 1914 γλώσσῃ
2628 1842 2688 1895 τὸ
2745 1837 2840 1895 δύο
2900 1841 3131 1916 εἰσάγειν
3190 1838 3354 1910 αἶ’τια,
3386 1840 3422 1908 ἢ
3475 1837 3570 1894 δύο
3630 1839 3814 1914 ἀρχὰς

414 1932 696 2002 Spiritum
747 1934 1055 2005 procedere
1087 1935 1308 2001 dicunt,
1341 1936 1400 1989 in
1446 1951 1512 1989 eo
1546 1933 1829 2005 praecipue
1863 1933 2051 1985 mente

2164 1927 2746 2005 ἐποφεύγουσιν,ἀλλὰ
2787 1930 2876 1984 καὶ
2925 1930 3088 1985 πάλιν
3131 1929 3191 1984 ἐκ
3217 1933 3314 1984 τοῦ
3345 1929 3473 1984 Υἱοῦ
3521 1928 3584 1982 τὸ
3643 1932 3816 1982 [Ινεῦ-

417 2019 558 2084 l'alli,
583 2025 640 2076 et
665 2022 819 2092 quod
850 2023 1040 2078 verbis
1070 2023 1367 2095 refugiunt
1395 2024 1453 2077 in
1489 2023 1742 2094 idipsum
1777 2020 2051 2091 operibus

415 2110 690 2176 converti,
735 2111 936 2166 eadem
970 2112 1126 2167 enim
1157 2117 1340 2184 agunt
1395 2129 1461 2168 ac
1521 2113 1568 2166 si
1627 2110 1760 2182 quis
1806 2130 1826 2157 ι
1861 2109 2048 2164 homi-

415 2213 547 2251 nem
582 2218 610 2246 »
641 2197 838 2254 dicens
870 2199 1131 2255 intendat
1184 2200 1488 2270 (includat)
1521 2201 1712 2271 ipsum
1745 2204 1801 2253 et
1833 2197 2050 2253 animal

416 2301 543 2341 esse
574 2302 688 2341 non
721 2287 909 2343 dicere
936 2313 948 2355 ;
981 2294 1037 2343 et
1066 2290 1378 2359 quomodo,
1416 2306 1645 2360 quaque
1703 2288 1925 2342 ratione
1953 2303 2050 2342 eos

415 2390 724 2431 conversos
783 2376 1147 2432 inveniamus
1194 2377 1253 2432 in
1287 2379 1341 2433 id
1375 2379 1528 2450 quod
1563 2377 1859 2449 refugiunt
1889 2392 1955 2430 ex
1985 2393 2050 2431 eo

414 2467 611 2534 patere
645 2481 659 2518 :
694 2463 741 2518 si
768 2465 928 2537 gigni
960 2465 1190 2533 Filium,
1216 2471 1273 2522 et
1303 2467 1611 2537 procedere
1642 2465 1927 2537 Spiritum
1962 2465 2048 2518 in-

412 2553 728 2607 veniuntur
773 2553 1003 2625 propria
1052 2555 1386 2610 diﬂ'erentia:
1438 2555 1806 2627 hypostaticae
1840 2554 2050 2609 utrius-

413 2656 546 2711 que,
571 2645 861 2712 quatenus
888 2643 1148 2714 gignitur
1176 2643 1353 2698 Filius
1384 2660 1622 2698 causam
1657 2642 2048 2714 habet,quoad

413 2728 494 2795 id,
543 2729 808 2797 Patrem;
865 2735 1156 2802 quatenus
1213 2732 1471 2804 procedit
1507 2732 1757 2803 Spiritus
1809 2732 1879 2786 de
1910 2731 2050 2786 Filio

413 2833 647 2888 quoque
677 2834 914 2873 causam
947 2819 1138 2891 habet,
1172 2822 1362 2892 quoad
1412 2821 1490 2887 id,
1551 2820 1760 2875 Filium
1795 2837 2046 2891 quoque.

415 2905 474 2961 Si
505 2905 674 2961 Pater
702 2906 948 2979 gignens
1002 2909 1212 2964 Filium
1259 2926 1436 2964 causa
1479 2911 1606 2979 ejus
1636 2914 1744 2977 est,
1777 2909 2051 2964 emittens

412 2994 693 3064 Spiritum
715 3012 893 3052 causa
923 2999 1049 3066 ejus
1079 3004 1166 3054 est
1198 3017 1210 3064 ;
1245 2999 1347 3053 sed
1382 3005 1438 3054 et
1475 2999 1653 3054 Filius
1682 2999 1896 3053 emittit
1921 2997 2048 3070 Spi-

412 3082 614 3138 ritum.
649 3085 902 3156 Spiritus
931 3085 1113 3157 igitur
1165 3103 1343 3142 causa
1371 3092 1458 3142 est
1488 3092 1545 3142 et
1602 3086 1802 3142 Filius.
1848 3087 1927 3153 Si,
1960 3104 2050 3142 se-

409 3172 669 3228 cundum
699 3173 1021 3243 veritatem,
1056 3181 1112 3230 et
1165 3175 1535 3230 traditionem
1570 3175 1824 3247 pietatis,
1857 3180 1914 3230 et
1942 3179 2048 3230 Pa-

2164 2038 2238 2088 μα
2294 2015 2540 2091 λέγοντες
2599 2017 2975 2094 ἐκπορεύεσθαι
3036 2017 3112 2080 εἷς
3168 2022 3334 2073 τοῦτο
3370 2015 3586 2090 μᾶλλον
3620 2021 3699 2088 τῷ
3725 2017 3818 2070 νοῒ

2160 2103 2477 2160 ἐκπίπτουσι
2536 2109 2634 2179 (1).
2697 2107 2794 2160 Καὶ
2845 2107 2874 2161 ὃ
2934 2104 3022 2160 διὰ
3075 2101 3256 2181 λόγων
3316 2101 3811 2180 ἀποδιδράσκουσιν

2161 2193 2237 2255 εἷς
2283 2200 2426 2249 τοῦτ’
2481 2195 2610 2249 αύτὸ
2668 2193 2757 2250 διὰ
2809 2199 2914 2250 τῶν
2976 2193 3149 2270 ἔργων
3205 2193 3815 2270 περιτρέποπαι.Ταυ-

2157 2282 2247 2337 τὸν
2307 2283 2409 2358 γὰρ
2467 2289 2736 2356 ποιοῦσιν,
2769 2285 2843 2345 ὡς
2902 2280 2956 2337 εἷ’
2997 2304 3078 2344 τις
3140 2281 3422 2356 ἄνθρωπον
3465 2279 3659 2356 λέγων,
3698 2279 3808 2334 ἐνί-

2159 2391 2343 2425 σταται
2401 2371 2489 2425 καὶ
2551 2377 2684 2441 ζῶον
2746 2373 2821 2444 μὴ
2881 2370 3059 2445 λέγειν
3120 2370 3249 2424 εἶναι
3311 2369 3489 2426 αὐτόν.
3525 2368 3622 2423 Καὶ
3653 2367 3808 2429 ὅπως

2158 2458 2246 2513 καὶ
2303 2460 2407 2513 τίνι
2455 2458 2604 2536 λόγῳ
2670 2458 3157 2535 περιτρεπομένους
3226 2458 3418 2519 αὐτοὺς
3485 2457 3808 2532 εὑρίσκομεν

2162 2548 2236 2602 εἷς
2290 2549 2421 2623 ὅπερ
2472 2550 2887 2624 ἀπαγορεύουσι,
2941 2545 3108 2616 δῆλον
3157 2547 3412 2602 ἐντεῦθεν
3466 2545 3512 2600 εἰ
3561 2547 3623 2600 τὸ
3676 2566 3801 2620 γεν-

2159 2638 2342 2690 νᾶσθαι
2398 2638 2488 2691 τὸν
2549 2638 2670 2692 Υἱὸν
2730 2637 2818 2691 καὶ
2878 2635 3255 2710 ἐκπορεύεσθαι
3314 2636 3377 2689 τὸ
3436 2638 3657 2706 Πνεῦμα
3698 2640 3804 2702 τῆς

2161 2726 2524 2795 ὑποστατικῆς
2597 2724 2854 2804 διαφορᾶς
2925 2725 3188 2800 ἑκατέρων
3242 2722 3605 2799 τυγχάνουσιν
3667 2720 3805 2791 ἴδια,

2158 2815 2288 2869 καθὸ
2341 2821 2583 2889 γεννᾶται
2645 2816 2672 2869 6
2720 2816 2843 2877 Υἱὸς
2901 2816 3037 2869 κατὰ
3089 2818 3249 2869 τοῦτο
3307 2809 3478 2867 αἶ’τιον
3539 2808 3656 2886 ἔχει
3709 2813 3806 2865 τὸν

2160 2904 2389 2975 Πατέρα·
2449 2905 2581 2966 καθὸ
2639 2902 2980 2979 ἐκπορεύεται
3037 2903 3100 2957 τὸ
3159 2905 3379 2973 Πνεῦμα
3443 2899 3533 2954 καὶ
3591 2899 3652 2954 ἐκ
3706 2902 3809 2953 τοῦ

2159 2993 2312 3061 Υἱοῦ,
2359 2992 2494 3047 κατά
2550 2996 2711 3046 τοῦτο
2771 2988 2940 3045 αἴτιον
3001 2987 3115 3066 ἔχει
3174 2989 3262 3044 καὶ
3321 2989 3411 3043 τὸν
3467 2987 3612 3044 Υἱόν.
3663 2987 3728 3041 Εἰ
3776 2988 3808 3041 6

2161 3082 2345 3156 Πατὴρ
2393 3085 2594 3155 γεννῶν
2640 3082 2732 3136 τὸν
2788 3081 2909 3134 Υἱὸν
2967 3077 3140 3142 αἶ’τιος
3197 3077 3360 3133 αὐτοῦ
3419 3077 3582 3147 ἐστιν,
3641 3077 3806 3130 ἐκπο-

2162 3169 2329 3245 ρεύων
2386 3167 2443 3224 δέ
2513 3170 2574 3223 τὸ
2650 3173 2870 3242 Πνεῦμα
2940 3166 3112 3230 αἷ¹τιος
3183 3166 3346 3222 αὐτοῦ
3419 3165 3580 3237 ἐστιν,
3643 3164 3807 3219 ἐκπο-

409 3263 566 3314 trum
625 3261 972 3330 doctrinam,
1023 3262 1128 3335 (τὸ)
1173 3264 1483 3336 procedere
1539 3269 1595 3319 et
1633 3265 1924 3336 processio
1978 3264 2047 3319 de

2164 3258 2303 3335 ρεύει
2356 3256 2413 3312 δέ
2465 3259 2528 3313 τὸ
2584 3263 2806 3330 Πνεῦμα
2861 3256 2950 3312 καὶ
2999 3257 3027 3310 ὁ
3057 3256 3203 3328 Υἱὸς,
3235 3253 3409 3316 αἴτιος
3462 3255 3552 3308 καὶ
3602 3255 3630 3308 6
3678 3254 3805 3314 Υἱὸς

409 3348 627 3419 Spiritu
659 3356 861 3406 sancto
895 3351 1532 3420 dicta,eainveniantur
1561 3370 1688 3424 quis
1721 3353 2052 3424 significent

412 3439 704 3508 quomodo
737 3439 814 3494 sit
866 3440 1117 3511 aPatre,
1175 3445 1231 3496 et
1285 3441 1657 3514 hypostaticze
1715 3442 2050 3497 differentia:

412 3541 547 3595 erga
599 3526 809 3582 Filium
868 3528 1188 3584 discretivaa
1220 3530 1519 3602 proprium
1551 3531 1903 3598 admittitur,
1935 3548 2050 3586 non

413 3617 610 3669 tamen
643 3617 798 3686 quod
857 3617 1076 3672 indicet
1105 3635 1237 3672 cum
1291 3635 1356 3674 eo
1406 3620 1899 3690 conjunctionem,
1933 3620 2052 3674 sive

413 3707 818 3773 connaturam,
851 3722 952 3760 seu
1006 3707 1694 3765 consubstantialitatem.
1730 3709 1919 3779 Hujus
1950 3726 2049 3763 au-

414 3794 530 3845 tem
561 3807 738 3846 causa
778 3797 944 3848 Pater
970 3799 1078 3858 est,
1111 3797 1210 3850 sed
1262 3796 1318 3849 id
1351 3795 1521 3850 habet
1552 3795 1646 3851 ille
1669 3798 1840 3866 juxta
1871 3797 2050 3868 ipsos,

415 3883 472 3933 et
500 3896 568 3934 ex
620 3879 764 3934 Filio
808 3882 946 3952 quid
998 3882 1142 3938 nihil
1201 3883 1357 3938 aliud
1391 3885 1489 3938 dat
1518 3886 1740 3956 (igitur)
1801 3885 1967 3952 illud,
1999 3890 2055 3940 et

416 3967 674 4038 positum
707 3970 776 4023 de
807 3970 966 4037 Filio,
999 3972 1099 4026 sed
1132 3988 1309 4042 quam
1333 3974 1526 4043 potius
1557 3978 1621 4028 ut
1649 3991 1716 4030 ex
1742 3974 1929 4030 Patre.
1959 3975 2053 4030 Sic

417 4072 558 4111 sane
587 4057 761 4112 etiam
794 4059 865 4113 de
893 4059 1034 4114 Filio
1095 4060 1378 4132 Spiritum
1430 4066 1696 4117 sanctum
1750 4064 2055 4134 procedere

416 4145 781 4217 proponitur.
805 4147 931 4203 Duo
955 4147 1134 4219 igitur
1162 4166 1349 4205 causas
1381 4150 1652 4221 Spiritus,
1679 4151 1896 4207 scilicet
1926 4153 2056 4222 ejus

419 4251 544 4306 quae
576 4239 626 4290 ei
677 4235 927 4308 obtingit
984 4236 1360 4308 hypostaticaa
1417 4241 1806 4310 proprietatis,
1856 4242 1911 4296 id
1943 4246 2053 4308 est,

420 4324 830 4395 processionis,
890 4327 1048 4380 omni
1083 4327 1253 4381 modo
1313 4328 1743 4383 conducuntur.
1779 4329 1884 4391 Qui
1918 4329 2058 4385 dicit

420 4413 600 4485 igitur
629 4413 841 4469 Filium
874 4432 908 4469 a
939 4415 1105 4470 Patre
1134 4415 1316 4488 gigni,
1373 4433 1486 4472 non
1521 4421 1713 4472 autem
1746 4418 1900 4474 hunc
1930 4421 2058 4488 ejus

420 4518 660 4558 causam
691 4519 819 4559 esse
845 4503 1164 4573 contendit,
1197 4505 1433 4560 omnino
1465 4505 1764 4560 mentitur.
1809 4506 1868 4562 Si
1901 4507 2056 4561 enim

2161 3345 2262 3422 ἄρα
2289 3352 2386 3402 τοῦ
2417 3346 2747 3419 Πνεύματος.
2781 3344 2846 3400 Ei
2899 3346 3036 3400 κατᾶ
3087 3345 3186 3412 τήν
3247 3341 3502 3413 ἀλήθειαν
3559 3340 3650 3396 καὶ
3706 3342 3808 3410 τὴν

2158 3437 2258 3504 τῆς
2338 3431 2604 3497 εὐσεϐείας
2663 3431 2956 3508 παράδοσιν
3032 3432 3121 3487 καὶ
3203 3432 3302 3499 τήν
3385 3434 3492 3484 τῶν
3549 3427 3805 3504 Πατὲρων

2161 3521 2508 3579 διδασκαλίαν
2561 3525 2624 3578 τὸ
2677 3521 3057 3598 ἐκπορεύεσθαι
3109 3520 3200 3576 καὶ
3259 3521 3294 3589 ἡ
3348 3518 3663 3592 ἐκπόρευσις
3716 3517 3806 3573 ἐπὶ

2159 3617 2256 3668 τοῦ
2317 3612 2470 3688 ἁγίου
2525 3611 2794 3686 λεγόμενα
2848 3609 3161 3683 Πνεύματος
3219 3612 3316 3662 τοῦ
3369 3610 3489 3668 πῶς
3547 3606 3653 3660 ἀπὸ
3707 3610 3807 3660 τοῦ

2162 3701 2371 3776 Πατρὸς
2423 3701 2555 3755 εἶναι
2610 3699 2943 3775 τυγχάνουσι
2993 3696 3298 3769 δηλωτικὰ,
3355 3694 3444 3750 καὶ
3508 3701 3611 3764 τῆς
3674 3695 3807 3748 ὑπο-

2163 3793 2414 3857 πατικῆς
2474 3787 2733 3866 διαφορᾶς
2789 3795 2891 3856 τῆς
2950 3786 3087 3862 πρὸς
3143 3785 3236 3839 τὸν
3271 3783 3393 3838 Υἱὸν
3440 3785 3807 3858 γνωριστικῆς

2163 3875 2300 3932 ἴδιον
2359 3877 2735 3953 ὡμολόγηται,
2779 3876 3036 3949 ούμενουν
3093 3880 3194 3943 τῆς
3250 3873 3386 3948 πρὸς
3444 3871 3600 3926 αύτὸν
3652 3892 3810 3926 συνα-

2164 3968 2335 4047 φείας,
2398 3964 2568 4021 εἷίτουν
2629 3964 2900 4042 συμφυΐας
2951 3964 2986 4033 ἢ
3029 3961 3458 4036 ὁμοουσιότητος
3513 3957 3806 4017 δεικτικόν.

2162 4055 2363 4112 Τούτου
2395 4052 2440 4109 δ’
2473 4052 2642 4116 αἶ’τιος
2693 4055 2722 4108 6
2767 4053 2974 4127 Πατήρ.
3007 4052 3165 4126 Ἔχει
3224 4047 3281 4104 δὲ
3332 4054 3490 4103 τοῦτο
3544 4055 3659 4102 κατ’
3719 4047 3810 4102 αύ-

2164 4145 2290 4206 τοὺς
2338 4144 2428 4199 καὶ
2482 4143 2540 4197 ἐκ
2584 4147 2678 4196 τοῦ
2726 4143 2876 4198 Υὶοῦ.
2915 4144 3035 4196 ’Ότι
3087 4136 3254 4212 μηδὲν
3287 4136 3427 4193 ἄλλο
3459 4134 3680 4192 δίδωσιν
3714 4135 3806 4192 οὖν

2163 4234 2225 4289 τὸ
2272 4233 2360 4287 καὶ
2409 4231 2685 4304 τιθέμενον
2733 4228 2819 4284 ἐπὶ
2872 4234 2968 4283 τοῦ
3016 4229 3164 4299 Υἱοῦ,
3192 4225 3338 4282 ἀλλὰ
3385 4223 3600 4298 μᾶλλον
3643 4226 3718 4286 ὡς
3752 4225 3811 4280 ἐκ

2164 4327 2262 4378 τοῦ
2322 4320 2549 4395 Πατρός,
2583 4318 2737 4373 Οὕτω
2797 4315 2865 4386 δὴ
2924 4319 3015 4371 καὶ
3071 4315 3130 4370 ἐκ
3186 4319 3283 4369 τοῦ
3332 4315 3461 4368 Υἱοῦ
3496 4315 3558 4367 τὸ
3589 4318 3812 4387 Πνεῦμα

2165 4411 2228 4465 τὸ
2287 4412 2436 4484 ἅγιον
2497 4407 2876 4475 ἐκπορεύεσθαι
2940 4409 3220 4481 παριστᾷν.
3255 4401 3357 4457 Δύο
3416 4399 3518 4476 ἄρα
3551 4403 3620 4456 τὰ
3666 4399 3811 4457 αἶ’τια

2166 4503 2262 4552 τοῦ
2319 4498 2654 4569 Πνεύματος,
2717 4493 2888 4550 εἷίτουν
2961 4495 3060 4562 τῆς
3118 4489 3606 4565 ἀποκληρωθείσης
3665 4489 3813 4562 αἰτῷ

420 4592 703 4664 gignitur,
735 4609 969 4648 causam
1003 4592 1178 4648 habet
1207 4593 1385 4648 etiam
1416 4594 1473 4648 id
1506 4595 1661 4651 unde
1690 4595 1968 4667 gignitur.
1995 4601 2053 4651 Et

2170 4588 2530 4654 ὑποπατικῆς
2612 4581 2907 4654 ἰδιότητος,
2960 4589 3060 4651 τῆς
3138 4578 3506 4656 ἐκπορεύσεως
3587 4575 3807 4649 δηλαδή

422 4681 518 4750 qui
549 4681 689 4736 dieit
720 4681 1002 4753 Spiritum
1036 4682 1344 4753 procedere
1400 4682 1470 4738 de
1530 4683 1716 4747 Patre,
1769 4699 1873 4738 nec
1932 4685 2060 4755 ejus

422 4785 658 4826 causam
707 4775 763 4826 et
810 4771 963 4826 hunc
1013 4787 1161 4837 esse,
1227 4771 1527 4838 mentitur,
1595 4788 1729 4826 nam
1779 4789 1882 4843 per
1931 4789 2060 4844 pro-

422 4860 745 4915 cessionem
778 4859 983 4914 indicit
1012 4864 1067 4915 et
1120 4859 1276 4915 hunc
1307 4861 1434 4930 ejus
1477 4876 1714 4915 causam
1746 4877 1893 4926 esse,
1927 4877 2060 4916 cum

423 4965 491 5003 ex
524 4948 632 5002 hoc
662 4949 940 5019 procedit.
975 4948 1082 5014 Qui
1135 4949 1276 5004 dicit
1323 4949 1607 5019 Spiritum
1661 4949 1969 5020 procedere
2007 4954 2064 5004 et

423 5037 496 5091 de
525 5035 808 5102 Filio,non
837 5041 1028 5092 autem
1052 5042 1106 5092 et
1128 5053 1364 5093 causam
1396 5039 1524 5108 ejus
1554 5037 1711 5091 hunc
1742 5053 1868 5092 esse
1899 5036 2060 5104 dicit,

424 5124 727 5181 mentitur.
750 5125 1166 5181 Concludentes
1200 5127 1378 5198 igitur
1402 5125 1767 5181 declaramus
1798 5127 1879 5180 ita
1909 5127 2062 5196 quod

423 5211 789 5284 naturaliter,
841 5214 900 5268 in
943 5215 1035 5268 his
1087 5232 1211 5285 quae
1266 5215 1491 5281 dicunt,
1542 5214 1953 5285 blasphemant
2007 5219 2064 5270 et

423 5307 660 5374 propter
689 5301 1115 5373 blasphemiam
1148 5304 1589 5374 reprobatorum
1616 5303 2061 5373 judicabuntur.

424 5391 547 5447 Etsi
604 5391 760 5446 enim
820 5390 1038 5446 additio
1070 5393 1502 5456 concederetur,
1534 5392 1688 5462 quod
1722 5391 2067 5448 naturaliter

425 5485 515 5536 est
545 5479 767 5535 malum
800 5480 1048 5548 adest,et
1070 5480 1180 5535 etsi
1213 5480 1621 5536 admitteretur
1650 5497 1764 5536 non
1795 5496 1922 5536 esse
1941 5497 2063 5536 ma-

2167 4677 2304 4731 κατά
2359 4676 2532 4729 πάντα
2577 4668 2778 4748 τρόπον
2840 4670 3133 4747 συνάγεται.
3193 4670 3250 4722 Ὀ
3301 4665 3478 4743 λέγων
3532 4673 3810 4743 γεννᾶσθαι

2166 4767 2258 4820 τὸν
2312 4764 2434 4818 Υἲὸν
2495 4762 2554 4818 ἐκ
2607 4765 2705 4816 τοῦ
2763 4759 2994 4834 Πατρὸς,
3029 4759 3105 4832 μὴ
3153 4755 3241 4812 καί
3285 4754 3456 4811 αἴτιον
3489 4752 3547 4811 δὲ
3577 4756 3812 4831 ἀπισχυ-

2172 4852 2458 4929 ριζόμενος
2511 4855 2702 4905 τοῦτον
2756 4848 2940 4920 αὐτοῦ,
2993 4843 3246 4921 ψεύδεται
3299 4844 3529 4907 πάντως.
3589 4843 3656 4899 Εἰ
3711 4844 3812 4919 γὰρ

2169 4947 2436 5018 γεννᾶται,
2462 4938 2552 4994 καὶ
2609 4934 2777 4992 αἷίτιον
2833 4933 2948 5012 ἔχει
3004 4936 3068 4989 τὸ
3126 4934 3176 5004 ἐξ
3235 4934 3298 4989 οὗ
3355 4937 3619 5010 γεννᾶται.
3651 4932 3752 4986 Καὶ
3785 4933 3813 4987 6

2172 5031 2344 5107 λέγων
2404 5027 2780 5102 ἐκπορεύεσθαι
2834 5025 2898 5080 τὸ
2952 5028 3168 5098 Πνεῦμα
3196 5022 3286 5078 καὶ
3338 5021 3398 5077 ἐκ
3423 5025 3518 5077 τοῦ
3576 5021 3812 5097 Πατρὸς,

2176 5122 2251 5193 μὴ
2310 5118 2399 5173 καὶ
2484 5115 2655 5172 αἷπιον
2705 5113 2763 5170 δὲ
2817 5114 2981 5170 αὐτοῦ
3043 5117 3204 5168 τοῦτο
3284 5110 3482 5188 λέγων,
3539 5107 3813 5184 ψεύδεται.

2175 5207 2483 5283 Συνεισάγει
2535 5207 2636 5280 γὰρ
2696 5201 2784 5258 διὰ
2837 5209 2937 5272 τῆς
2997 5200 3361 5275 ἐκπορεύσεως
3410 5199 3500 5253 καὶ
3546 5198 3611 5254 τὸ
3640 5194 3814 5254 αἴτιον

2173 5297 2337 5353 αὐτοῦ
2435 5295 2588 5350 εἶναι’
2693 5292 2910 5367 ἐπείπερ
3013 5289 3063 5364 ἐξ
3163 5289 3325 5344 αὐτοῦ
3447 5286 3813 5364 ἐκπορεύεται.

2171 5393 2226 5442 Ὁ
2283 5385 2453 5461 λέγων
2517 5380 2893 5458 ἐκπορεύεσθαι
2933 5381 2995 5435 τὸ
3042 5383 3262 5452 Πνεῦμα
3306 5377 3397 5434 καὶ
3437 5376 3496 5432 ἐκ
3517 5379 3614 5431 τοῦ
3666 5376 3815 5446 Υἱοῦ,

2181 5478 2254 5551 μὴ
2314 5475 2404 5530 καὶ
2460 5471 2628 5528 αἴτιον
2689 5467 2747 5525 δὲ
2801 5468 2966 5525 αὐτοῦ
3037 5473 3226 5524 τοῦτον
3287 5464 3483 5544 λέγων,
3541 5461 3816 5539 ψεύδεται.

422 5686 454 5758 ᾖ,
495 5683 573 5756 (1)
603 5681 736 5739 Haec
766 5681 867 5754 qui
897 5679 1110 5754 poterit
1139 5676 1408 5736 conciliet
1437 5692 1570 5734 cum
1601 5675 1675 5732 iis
1706 5692 1833 5747 qua:
1863 5679 2063 5734 extant
2091 5690 2272 5748 supra
2300 5669 2407 5729 col.
2438 5669 2564 5727 534.
