4110 6422
369 421 488 486 605

1329 421 1431 483 DE
1473 417 1713 483 REGIA
1757 417 2084 482 PELLICE
2127 413 2444 478 TEMPLO
2485 408 2802 474 EJECTA.

3654 395 3773 458 606

366 547 987 630 Συμπεριλαμϐάνοντες
1045 549 1101 608 δὲ
1176 551 1584 630 ἀποφαινόμεθα
1653 551 1823 613 οὕτως
1858 570 1869 582 ·
1933 551 2009 604 ὅτι

2129 550 2274 604 lum.
2309 544 2638 602 Additionis
2668 537 2991 615 periculum
3023 553 3146 630 non
3189 530 3447 630 admittit
3493 547 3620 604 quae
3675 547 3772 586 se-

367 623 606 722 φυσικῶς
664 623 740 706 είς
800 642 834 697 ἃ
890 642 1106 719 λέγουσι
1174 623 1562 719 βλασφημοῦσι
1621 641 1710 695 καὶ
1771 638 1859 694 διὰ
1913 641 2009 708 τὴν

2124 638 2381 694 cundum
2411 634 2783 690 traditionem
2815 632 2974 696 sunt,
3009 631 3066 683 et
3103 625 3186 682 sic
3217 623 3526 694 utrobique
3555 637 3769 676 conne-

369 731 723 811 βλασφημίαν
796 735 905 786 τῶν
981 726 1310 801 ἂποϐλήτων
1381 732 1778 807 κριθήσονται.

367 824 474 896 γὰρ
529 824 566 890 ἡ
623 823 909 896 προσθήκη
970 823 1324 895 συγχωρηθῇ,
1383 819 1445 873 τὸ
1501 819 1588 873 καὶ
1639 821 1877 895 φυσικῶς
1914 838 2017 871 κα-

1851 732 2011 783 Ὅταν
2125 730 2362 782 ctuntur
2405 741 2530 796 quae
2575 727 2714 777 sunt
2757 718 2986 774 malitiae
3034 719 3091 770 et
3137 714 3291 770 sicut
3327 709 3532 766 incerti
3563 708 3769 765 circuli

2127 817 2240 871 alia
2271 813 2400 870 aliis
2437 811 2811 883 colliguntur.

366 911 461 965 κὸν
495 910 610 964 sive:
639 909 1008 984 προσίσταται·
1039 908 1128 964 καὶ
1162 907 1285 963 ὅταν
1321 906 1455 981 δοθῇ
1501 909 1564 962 τὸ
1617 909 1692 979 μή
1741 907 1902 961 κακὸν
1954 905 2107 974 εἶναι,
2161 903 2224 958 τὸ
2263 908 2360 970 τῆς
2409 900 2724 974 προσθήκης
2773 893 3062 972 ἐπισφαλὲς
3114 890 3176 945 οὖ
3228 891 3505 987 ξυγχωρεῖ
3532 887 3596 939 τά
3624 887 3763 987 luga“

367 973 784 1074 Staaoxwﬁw'xai
833 996 1006 1059 οὕτως
1054 973 1448 1074 ἀμφωτὲρωθεν
1496 973 1933 1071 ἀλληλτουχεῖται
1975 993 2043 1048 τὰ
2089 973 2188 1061 τῆς
2236 973 2556 1060 κακότητος,
2601 986 2690 1042 καὶ
2739 987 2874 1040 κατὰ
2918 982 3044 1044 τοὺς
3090 973 3605 1052 ἐπεμϐεϐλημένους
3654 978 3762 1027 τῶν

363 1085 568 1161 κρίκων
592 1085 868 1158 ἀλλήλοις
897 1083 1251 1141 συνδὲδενται.

369 1265 3769 1296 ww

3170 1279 3300 1281 ,_,,,
3437 1279 3440 1280 ν

1545 1465 2594 1595 ΝΙΚΗΦΟΡΟΥ

861 1720 1224 1774 ΜΟΝΑΣΤΟΥ
1260 1721 1376 1773 ΚΑΙ
1416 1721 1891 1772 ΠΡΕΣΒΥΤΕΡΟΥ
1927 1721 2051 1770 ΤΟΥ
2088 1718 2264 1771 ΚΑΤΑ
2306 1718 2392 1768 ΤΑ
2431 1715 2699 1768 ΗΜΔΘΙΑ
2737 1709 3261 1766 ΗΣΥΧΑΣΤΗΡΙΟΥ

1069 1908 1542 2080 ΤΟΥ
1675 1900 3068 2077 ΒΛΕΜΜΙΔΟΥ

510 2201 1153 2298 ΕΠΙΣΤΟΛΗ
1235 2201 2227 2300 ΚΑΘΟΛΙΚΩΤΕΡΑ
2304 2200 2518 2294 ΚΑΙ
2598 2198 2923 2293 ΠΡΟΣ
3007 2192 3620 2290 ΠΟΛΛΟΥΣ.

851 2539 999 2689 Ν
1009 2537 1979 2692 IGEPHORI
2107 2535 3273 2691 BLEMMIDiE

790 2793 1146 2855 MONACHI
1189 2794 1288 2854 ET
1333 2794 1828 2855 PRESBYTERI
1871 2793 2080 2864 QUOD
2125 2795 2204 2853 IN
2250 2790 2629 2855 EMATHIIS
2674 2789 2820 2850 EST
2863 2785 3348 2850 MONASTEBII

671 2961 1296 3049 EPISTOLA
1401 2961 2370 3049 UNIVERSALIOR
2457 2963 2606 3047 ET
2691 2963 2840 3045 AD
2926 2958 3459 3047 MULTOS

777 3137 868 3200 De
896 3137 1292 3215 Marchesz'na,
1325 3139 1511 3220 z'mpp.
1540 3139 1786 3200 Joannis
1815 3139 1995 3200 Ducas
2014 3139 2245 3219 pellice,
2275 3159 2452 3220 quam
2476 3139 2684 3220 templo
2711 3139 2964 3219 ejecerat
2989 3137 3342 3199 Blemmz'da.

1322 3298 1422 3369 (Ex
1451 3298 1661 3355 Leonis
1689 3297 1883 3354 Allatii
1927 3298 2075 3354 libro
2123 3300 2200 3354 De
2238 3314 2506 3356 consensu
2552 3316 2608 3370 p.
2649 3299 2802 3370 717.)

433 3555 561 3608 Ὅτε
607 3555 642 3621 ἡ
700 3551 1030 3629 ἀρχόντισσα
1075 3556 1110 3623 ἡ
1163 3554 1492 3632 Μαρκεσίνα.
1545 3557 1580 3622 ἡ
1631 3554 1836 3631 ἐξόχως
1885 3553 2009 3630 ἐρω-

2195 3555 2519 3628 Principem
2567 3557 2971 3624 Marcesinam,
3006 3557 3244 3612 efﬁctim
3291 3557 3362 3611 ab
3416 3557 3764 3629 imperatore

370 3641 510 3714 μὲνη
570 3643 652 3711 τῷ
710 3638 961 3716 βασιλεῖ.
1019 3641 1108 3696 καὶ
1170 3639 1258 3696 διὰ
1307 3647 1468 3697 τοῦτο
1524 3641 1735 3698 πάντων
1797 3643 2015 3719 ὑπερτε-

367 3731 539 3804 ροῦσα
573 3769 590 3794 ,
666 3727 756 3782 καὶ
838 3727 1004 3798 αὐτῆς
1080 3735 1179 3798 τῆς
1259 3729 1578 3803 Αύγούστης
1666 3729 2018 3806 πρωτεύουσα

358 3820 728 3892 τυραννικῶς,
779 3814 1088 3894 εἷ’σέφρησεν
1146 3817 1198 3871 ἐν
1255 3821 1324 3890 τῇ
1383 3819 1494 3872 καθ’
1550 3820 1698 3890 ἡμᾶς
1753 3813 2018 3890 σεϐασμίᾳ

364 3907 507 3978 μονῇ
561 3908 659 3958 τοῦ
705 3903 890 3979 Ἁγίου
943 3903 1248 3981 Γρηγορίου
1304 3910 1400 3960 τοῦ
1457 3911 1901 3982 Θαυματουργοῢ,
1961 3905 2012 3961 ἐν

363 3992 541 4065 ἐκείνῃ
588 3995 656 4065 τῇ
712 3996 849 4066 μονῇ
894 3997 972 4064 τῷ
1011 3993 1136 4048 τότε
1192 3991 1488 4069 διαγόντων
1543 3998 1735 4068 ἡμῶνο
1795 3994 2015 4064 εἰσῆλθε

370 4079 430 4137 δὲ
486 4080 577 4136 καὶ
631 4081 767 4153 πρὸς
833 4082 923 4136 τὸν
979 4083 1104 4137 ναὸν
1160 4088 1257 4138 τοῦ
1313 4089 1464 4156 Θεοῦ,
1522 4083 1858 4156 τελουμένης
1914 4087 2012 4153 τῆς

365 4168 741 4245 λειτουργίας,
788 4171 879 4225 καὶ
932 4169 1256 4242 ἀπεκλείσθη
1317 4173 1442 4246 παρ’
1492 4175 1652 4245 ἡμῶν
1708 4179 1808 4242 τῆς
1867 4173 2012 4248 ἱερᾶς

363 4259 699 4335 ἀκροάσεως,
759 4259 847 4313 καὶ
906 4257 1226 4335 ἀπεδιώχθη
1289 4261 1399 4333 μετ’
1459 4260 1722 4336 αἰσχύνης
1757 4307 1771 4333 ,
1825 4259 2012 4337 ὀδυρο-

368 4348 502 4420 μένη
537 4345 598 4402 τὸ
628 4346 968 4423 γεγονὸςέπὶ
1016 4348 1173 4422 αὐτῇ·
1223 4346 1388 4403 πάλιν
1434 4351 1597 4418 ἡμεῖς
1649 4349 1700 4404 ἐν
1749 4349 2010 4423 πνεύματι

360 4433 697 4510 τολμητίας,
743 4435 832 4490 καὶ
879 4435 1044 4491 πάλιν
1089 4438 1225 4510 ἡμῖν
1267 4435 1485 4492 ἀπειλαὶ
1537 4438 1627 4492 καὶ
1674 4437 2010 4513 περιστάσεις

364 4525 456 4579 καὶ
527 4522 771 4579 κίνδυνοι
806 4567 819 4580 .
876 4530 998 4580 ’Έτι
1067 4526 1169 4595 τὴν
1236 4527 1504 4599 κοσμικήν
1583 4525 1738 4598 ἐσμεν
1820 4528 2008 4605 σοφίαν

368 4609 683 4690 ἀπαίδευτοι
716 4659 731 4684 ,
781 4612 871 4668 καὶ
930 4613 1185 4689 στυγητοὶ
1240 4611 1329 4668 διὰ
1381 4618 1542 4669 τοῦτο
1599 4615 1688 4668 καὶ
1747 4614 1952 4690 ἀποτρό
1985 4649 2007 4658 -

363 4684 538 4758 παιοι.
567 4698 740 4756 Πάλιν
784 4684 1181 4780 ἀντιφερόμεθα
1222 4707 1340 4764 ταῖς
1398 4703 1614 4778 ἀρχαῖς,
1645 4701 1735 4756 καὶ
1787 4684 2010 4764 εἰκότως

369 4785 794 4864 ἀπελεγχόμεθα
841 4785 1194 4865 δύσχρηστοι.
1247 4791 1454 4866 Μικρὸν
1500 4793 1600 4858 τῆς
1655 4794 1762 4845 τῶν
1823 4788 2006 4846 δεινῶν

365 4875 627 4955 ἐπιφορᾶς
661 4876 1014 4950 ἀνεψύξαμεν,
1057 4879 1145 4933 καὶ
1192 4879 1220 4940 ὁ
1261 4873 1432 4934 Σατὰν
1484 4875 1683 4954 ἤγαγεν
1729 4879 1804 4942 εἷς
1856 4882 2006 4953 ἡμᾶς
2039 4920 2082 4987 C

360 4966 461 5034 τήν
523 4966 728 5041 ἀσελγῆ
760 4986 842 5034 τε,
889 4967 980 5021 καὶ
1033 4967 1313 5044 φαρμακὸν
1346 5013 1361 5039 ,
1408 4973 1509 5037 τῆς
1567 4967 1892 5042 οἰκουμένης
1946 4969 2008 5024 τὸ

361 5053 744 5128 πρόσκομμα,
800 5054 864 5108 τὸ
924 5055 1262 5131 παγκόσμιον
1319 5053 1614 5111 σκάνδαλον
1647 5101 1659 5124 ,
1726 5057 1858 5129 μετὰ
1911 5061 2008 5111 τοῦ

365 5141 594 5218 αὐχένος
639 5141 729 5197 καὶ
775 5149 875 5212 τῆς
929 5143 1128 5220 ὀφρύος
1167 5144 1256 5199 καὶ
1310 5148 1409 5200 τοῦ
1457 5147 1808 5223 φρυάγματος
1864 5145 2008 5220 τάχα

367 5230 463 5303 μὲν
507 5229 868 5301 καταπλήξων
922 5231 1010 5286 καὶ
1054 5231 1469 5288 καταπαλαίσων
1518 5237 1683 5306 ἡμᾶς,
1727 5231 1836 5304 ἤδη
1887 5240 2005 5297 ταῖς

359 5322 467 5373 τῶν
547 5319 814 5394 ἀλγεινῶν
892 5317 1385 5394 ἐκδειματωθὲντας
1458 5323 1548 5376 καὶ
1618 5341 1941 5396 προκατασει
1982 5357 2004 5366 -

356 5405 571 5469 σθὲντας
621 5407 952 5484 ἐπαγωγαῖς.
1002 5413 1172 5464 Τοῦτο
1217 5409 1318 5486 γὰρ
1368 5411 1548 5482 ᾠήθη,
1600 5410 1858 5485 πτωχοὺς
1903 5413 2001 5479 τὴν

356 5492 589 5550 διάνοιαν
622 5539 642 5566 ,
699 5496 790 5550 καὶ
845 5496 936 5551 τὸν
1009 5505 1108 5566 τῆς
1163 5502 1352 5573 ψυχῆς
1432 5498 1586 5553 τόνον
1646 5501 2002 5574 παρειμένους

357 5581 516 5646 εἰδὼς
549 5631 564 5658 ,
626 5579 795 5646 ὅντως
868 5582 926 5640 δὲ
979 5589 1057 5658 τῷ
1115 5586 1267 5660 μόνῳ
1324 5592 1475 5666 σοφῷ
1530 5609 1591 5643 τε
1641 5588 1731 5642 καὶ
1792 5587 2003 5665 ἰσχυρῷ

354 5672 952 5750 κατασοφισθησόμενός
1047 5696 1104 5730 τε
1202 5676 1290 5731 καὶ
1383 5675 1926 5753 ἐκνευρισθησόμενος
1982 5721 1998 5738 .

2126 3645 2481 3710 adamatam,
2512 3645 2760 3716 ideoque
2791 3645 3046 3716 reliquos
3091 3644 3235 3700 alios
3278 3649 3672 3717 superantem,
3708 3649 3765 3701 et

2124 3732 2235 3803 ipsi
2264 3734 2533 3804 Augustae
2565 3732 2885 3805 praelatam,
2918 3732 3214 3805 tyrannice
3266 3733 3324 3788 in
3368 3734 3762 3788 venerandum

2124 3821 2322 3876 Sancti
2353 3821 2612 3893 Gregorii
2640 3822 3066 3894 Thaumaturgi
3098 3822 3544 3890 monasterium,
3568 3822 3669 3876 ubi
3698 3838 3764 3877 eo

2123 3913 2384 3982 tempore
2449 3927 2556 3965 nos
2623 3910 3014 3982 degebamus,
3075 3910 3425 3983 irrepsisse;
3491 3909 3764 3966 introisse

2123 3999 2296 4054 etiam
2349 3999 2409 4054 in
2457 3999 2558 4054 Dei
2607 3999 2918 4071 templum,
2971 4015 3105 4054 cum
3163 3998 3511 4055 sacriﬁcium
3569 3999 3761 4055 missa;-

2123 4087 2304 4155 ﬁeret,
2337 4091 2394 4141 et
2421 4086 2718 4142 exclusam
2758 4088 2939 4143 fuisse
2986 4104 3087 4159 per
3128 4103 3236 4142 nos
3290 4105 3324 4142 a
3374 4104 3540 4143 sacra
3594 4088 3762 4143 audi-

2122 4175 2300 4243 tione,
2333 4180 2506 4248 atque
2537 4193 2670 4231 cum
2713 4177 2990 4232 dedecore
3020 4177 3301 4247 fugatam,
3335 4177 3476 4230 dum
3527 4176 3760 4232 interim

2120 4264 2220 4320 illa
2249 4265 2320 4320 de
2351 4263 2459 4354 boc
2489 4264 2743 4320 facinore
2770 4265 3210 4332 lamentaretur,
3242 4268 3298 4320 et
3345 4263 3608 4319 dolenter
3650 4266 3759 4320 fer-

2120 4358 2243 4422 ret;
2293 4353 2506 4408 iterum
2560 4370 2665 4409 nos
2713 4353 2922 4424 spiritu
2963 4354 3235 4420 audaces,
3268 4353 3625 4408 conﬁdenter
3674 4353 3756 4408 lo-

2120 4442 2380 4513 quimur,
2413 4446 2470 4497 et
2514 4443 2784 4514 agimus;
2829 4457 3181 4510 rursumque
3221 4441 3414 4506 minae,
3448 4441 3752 4512 angustiae,

2119 4533 2176 4585 et
2203 4529 2480 4602 pericula.
2507 4531 2712 4585 Adhuc
2743 4546 2849 4585 nos
2875 4530 3236 4584 mundanam
3261 4528 3607 4599 sapientiam
3642 4546 3757 4584 non

2117 4617 2498 4686 edidicimus;
2531 4619 2776 4690 ideoque
2796 4623 2850 4673 et
2882 4617 3065 4673 odiosi
3088 4633 3295 4672 sumus
3315 4621 3373 4671 et
3397 4618 3752 4673 exsecrandi.

2119 4706 2343 4761 Rursus
2375 4707 2758 4778 potestatibus
2780 4706 3147 4770 obsistimus,
3170 4705 3494 4776 meritoque
3517 4705 3755 4761 inutiles

2117 4795 2544 4866 redarguimur.
2581 4796 2742 4850 Haud
2775 4795 2874 4849 diu
2906 4798 3013 4864 est,
3046 4810 3202 4860 cum,
3235 4811 3270 4848 a
3312 4792 3604 4848 malorum
3643 4794 3752 4848 im-

2120 4887 2255 4955 petu
2306 4888 2689 4956 emergentes,
2738 4901 2844 4939 nos
2899 4882 3306 4952 recreavimus,
3352 4885 3407 4936 et
3459 4883 3635 4938 Satan
3684 4885 3755 4939 ad

2121 4988 2229 5026 nos
2256 4972 2513 5028 traduxit
2543 4972 2900 5044 impudicam
2931 4977 2988 5027 et
3019 4974 3358 5038 veneficam,
3391 4971 3550 5026 orbis
3582 4972 3758 5026 offen-

2121 5059 2402 5126 diculum,
2444 5060 2770 5117 universale
2823 5059 3188 5127 scandalum,
3244 5076 3378 5115 cum
3428 5059 3646 5115 cervice
3702 5064 3758 5115 et

2115 5149 2425 5220 supercilio
2465 5167 2531 5205 ac
2582 5150 2731 5206 fastu
2775 5150 2917 5204 forte
2947 5167 3053 5205 nos
3087 5149 3365 5204 attonitos
3395 5148 3752 5218 redditurus,

2114 5254 2179 5293 ac
2209 5242 2630 5309 prostraturus,
2663 5239 3115 5294 infortuniorum
3149 5244 3321 5311 atque
3351 5238 3754 5294 incommodo-

2112 5343 2243 5381 rum
2277 5327 2496 5383 crebris
2527 5329 3030 5384 occursationibus
3067 5330 3194 5400 jam
3242 5329 3578 5400 perterritos
3611 5344 3752 5383 con-

2112 5431 2452 5486 cussosque.
2485 5418 2544 5472 Id
2577 5417 2731 5472 enim
2763 5418 2876 5472 sibi
2907 5422 3311 5490 proposuerat,
3344 5415 3508 5472 facile
3548 5415 3753 5488 inopes

2109 5519 2216 5558 nos
2247 5507 2441 5560 mente
2482 5508 2540 5559 et
2584 5505 2767 5561 animi
2797 5505 3020 5562 viribus
3049 5506 3374 5562 delassatos
3403 5520 3748 5577 agnoscens,

2106 5593 2208 5647 sed
2246 5608 2377 5648 vere
2423 5609 2458 5648 a
2504 5592 2626 5649 solo
2670 5595 2930 5666 sapiente
2969 5601 3025 5652 et
3054 5595 3245 5650 valido
3279 5594 3658 5666 decipiendus
3689 5599 3748 5650 et

2105 5682 2489 5741 enervandus.
2522 5684 2865 5758 Repentina,
2897 5685 3151 5756 eﬁ‘renis,
3185 5684 3556 5758 projectaque
3603 5700 3742 5741 mae-
