4110 6450
359 409 476 476 60'!

1616 412 2035 478 NIGEPHOBI
2075 410 2515 477 BLEMMIDJE

3637 413 3766 480 608

364 563 470 602 nas
500 548 613 603 ista
653 547 722 603 ad
761 549 1154 605 venerandum
1187 554 1452 607 nostrum
1486 550 1826 622 hospitium,
1861 565 1991 604 cum

2120 547 2343 621 Ἀορους
2394 547 2685 610 ἀκάθεκτος
2730 547 2764 616 ἡ
2819 552 3011 620 μαινᾰς
3052 549 3134 619 τῷ
3198 542 3472 620 ἡμιὸαπῷ
3525 547 3763 621 σεμνείῳ

365 637 522 708 gravi
575 637 912 709 ingentique
959 655 1189 711 pompa,
1226 658 1338 696 non
1391 642 1513 696 sine
1562 657 1708 695 careo
1757 640 1999 710 impetu,

365 726 548 780 instar
599 726 783 796 rapidi
834 727 1106 798 varioque
1155 746 1440 800 aquarum
1493 731 1742 784 decursu
1790 726 2002 782 tumidi

363 814 656 878 torrentis,
692 814 877 868 irruit.
913 816 1125 880 Nostri,
1161 818 1259 888 qui
1303 820 1451 873 fores
1489 818 1913 882 custodiebant,
1947 821 2003 870 et

361 901 694 972 quicunque
723 902 820 956 alii
855 903 1005 959 intra
1038 905 1318 976 templum
1344 907 1604 970 aderant,
1629 905 1820 960 intuiti
1853 906 2003 959 obri-

361 995 654 1062 guerunt;
709 1008 812 1046 nec
868 1010 983 1047 una
1025 1011 1226 1049 omnes
1258 995 1546 1050 sententia
1576 997 1825 1050 tenebat.
1859 999 2000 1049 Cum

360 1079 518 1132 omni
542 1084 823 1150 apparatu
851 1085 906 1135 et
939 1081 995 1136 in
1023 1083 1216 1153 ipsum
1247 1083 1552 1154 templum,
1576 1084 1715 1137 dum
1741 1083 1999 1137 divinum

361 1183 428 1221 ac
462 1169 772 1239 mysticum
799 1170 1147 1225 sacriﬁcium
1175 1172 1606 1238 conﬁciebatur,
1631 1169 2001 1226 exsecrabilis

363 1254 467 1309 illa
513 1256 763 1310 inﬂuxit.
806 1258 941 1324 Nos,
977 1260 1055 1313 rei
1099 1259 1504 1330 inexspectata
1557 1260 1825 1326 novitate,
1859 1261 1997 1330 quid

367 1360 695 1415 ageremus,
740 1346 1083 1408 nescientes,
1131 1347 1326 1401 statim
1379 1347 1702 1402 adulteram
1755 1366 1788 1402 a
1837 1365 2001 1401 sacra

365 1432 682 1502 auditione,
707 1435 1005 1488 communi
1033 1437 1421 1507 concordique
1452 1436 1711 1490 ﬁdelium
1745 1437 2000 1490 oratione

365 1537 430 1575 ac
462 1521 777 1591 bymnodia
808 1522 1164 1594 repellimus,
1197 1541 1535 1580 aversamur
1576 1525 1997 1596 impudentem,

363 1618 731 1689 maximeque
754 1619 967 1674 Christi
998 1621 1223 1691 legibus
1251 1621 1617 1692 injuriosam,
1643 1626 1698 1675 et
1729 1621 1998 1689 injuriam

359 1705 554 1776 palam
588 1709 953 1776 profitentem
981 1726 994 1774 ;
1028 1710 1164 1764 totis
1207 1711 1515 1765 conatibus
1566 1727 1596 1764 e
1645 1710 1826 1764 sacris
1858 1708 2000 1764 locis

363 1793 667 1863 profanam
689 1795 956 1864 ejicimus
981 1822 994 1862 ;
1027 1796 1365 1851 infirmitate
1387 1798 1580 1852 carnis
1602 1802 1916 1852 trementes
1945 1801 2002 1850 et

2108 635 2435 710 προσέῤῥαξε
2469 682 2482 705 ,
2547 636 2678 707 μετά
2739 636 2952 711 βαρείας
3013 636 3109 691 ὅτα
3143 683 3156 707 ,
3213 636 3303 690 καὶ
3361 634 3598 714 σφοδρᾶς
3656 645 3760 705 τῆς

2109 732 2357 795 πομπῆς,
2413 725 2724 800 ὀξυρῥόπων
2774 723 2929 795 δίκην
2972 725 3279 801 χέιμάῥρου
3326 724 3677 800 πολυμιγοῦς
3703 747 3763 781 τε

2112 813 2407 885 ἑωρακότες
2468 813 2631 881 αὐτὴν
2687 814 2736 867 οἱ
2794 813 2914 885 περὶ
2967 815 3063 875 τάς
3115 812 3292 875 πύλας
3348 815 3607 888 ἡμέτεροι
3667 814 3759 868 καὶ

2111 899 2226 954 ὅσοι
2283 906 2390 954 τῶν
2443 901 2588 963 ἐντὸς
2634 903 2961 979 πεφρίκασι,
3015 900 3506 978 διαπεφωνήκασιν.
3569 901 3760 978 Εἰσέῤ-

2113 988 2212 1062 ῥύη
2245 989 2587 1061 πανετοίμως
2618 991 2707 1044 καὶ
2738 991 2814 1052 είς
2845 990 3004 1045 αὐτὸν
3033 991 3122 1044 τὸν
3156 991 3312 1060 νεὼν,
3342 997 3442 1059 τῆς
3491 990 3635 1052 θείας
3666 991 3759 1045 καὶ

2115 1085 2376 1147 μυστικῆς
2439 1076 2858 1150 ἐπιτελουμένης
2919 1078 3122 1144 θυσίας,
3180 1077 3397 1152 ἐναγής.
3454 1081 3638 1150 Ἡμεῖς
3701 1077 3760 1134 δὲ

2111 1166 2198 1218 καὶ
2248 1167 2394 1219 ταῦτ’
2452 1166 2502 1220 ἐν
2562 1167 2848 1242 ἀμηχανίᾳ
2893 1167 3175 1241 γεγονότες
3217 1171 3295 1238 τῷ
3347 1164 3604 1238 ἀδοκήτῳ
3659 1173 3759 1222 τοῦ

2109 1261 2429 1334 πράγματος
2501 1263 2824 1337 ἀπείργομεν
2899 1263 3052 1326 εὐθὺς
3121 1264 3218 1331 τήν
3297 1261 3601 1338 μοιχαλίδα
3655 1269 3756 1332 τῆς

2111 1351 2256 1424 ἱερᾶς
2315 1350 2618 1423 ἀκροάσεως
2652 1396 2665 1421 ,
2717 1359 2816 1419 τῆς
2893 1355 3078 1420 κοινῆς
3149 1352 3238 1405 καὶ
3295 1352 3594 1428 συμφώνου
3649 1357 3761 1406 τῶν

2109 1444 2312 1492 πιστῶν
2369 1438 2538 1513 εὐχῆς
2594 1460 2652 1492 τε
2714 1440 2801 1493 καὶ
2863 1438 3135 1512 ὑμνῳδίας
3173 1485 3188 1508 ,
3245 1439 3763 1512 ἀποτροπιαζόμεθα

2107 1527 2205 1594 τὴν
2236 1527 2550 1601 ἀσχήμονα,
2578 1529 2678 1595 τήν
2708 1527 2950 1589 ἐκτόπως
2998 1534 3119 1590 τοῖς
3148 1527 3342 1600 νόμοις
3395 1533 3492 1582 τοῦ
3523 1533 3759 1603 Χριστοῦ

2109 1608 2510 1684 ἐνυϐρίζουσαν,
2557 1614 2645 1668 καὶ
2696 1616 2793 1682 τήν
2846 1610 2998 1689 ὕϐριν
3059 1612 3488 1688 δημοσιεύουσαν
3525 1637 3536 1648 ·
3598 1613 3756 1676 ὅλαις

2108 1702 2307 1774 ὁρμαῖς
2341 1701 2784 1776 έξοστρακίζομεν
2832 1708 2939 1758 τῶν
2988 1703 3151 1758 ὁσίων
3199 1703 3382 1758 τόπων
3431 1704 3529 1771 τήν
3587 1697 3755 1778 βέϐη-

2110 1788 2203 1843 λον
2237 1835 2250 1860 ,
2310 1787 2575 1864 περιδεεῖς
2637 1792 2732 1863 μὲν
2790 1787 2951 1871 ὄντες.
2989 1800 3055 1861 τῆ
3113 1792 3352 1862 ἀσθενείᾳ
3399 1798 3498 1860 τῆς
3556 1791 3758 1866 σαρκὸς

361 1880 576 1951 timidi,
601 1883 700 1936 sed
723 1883 820 1938 Dei
855 1883 1202 1940 inconcusso
1233 1886 1440 1940 timore
1475 1885 1767 1939 hominem
1791 1901 1998 1939 exuen-

2120 1876 2198 1930 ιιαί
2242 1878 2564 1953 ὑπότρομοι,
2621 1884 2700 1950 τῷ
2753 1885 2850 1934 τοῦ
2908 1881 3106 1956 Κυρίου
3162 1878 3222 1935 δὲ
3274 1878 3543 1956 κρατίστῳ
3597 1875 3758 1956 φόϐῳ

363 1972 470 2034 tes,
497 1970 891 2042 ducentesque
922 1977 1166 2027 mortem
1194 1973 1566 2045 improbitate
1586 1973 2000 2044 impietateque

360 2056 490 2128 ipsa
520 2058 704 2112 multo
735 2060 1180 2130 Optabiliorem;
1231 2066 1288 2116 et
1333 2079 1467 2117 cum
1515 2080 1603 2127 ea,
1649 2063 1820 2132 cujus
1865 2078 1998 2116 cum

366 2145 708 2202 Christianis
764 2147 990 2203 nullum
1041 2151 1401 2206 consortium
1439 2157 1550 2216 est,
1583 2151 1759 2206 simul
1806 2151 1865 2204 in
1915 2167 2001 2204 ec-

365 2233 540 2289 clesia
571 2237 940 2303 commorari,
975 2239 1386 2295 exsecrabilius
1415 2240 1790 2303 aestimantes,
1823 2255 2000 2310 quam

365 2323 622 2391 pessima
665 2329 850 2380 morte
898 2343 965 2380 ex
1015 2326 1121 2382 hoc
1170 2344 1407 2399 corpore
1455 2329 1731 2398 separari,
1764 2328 2004 2382 verbera

366 2410 542 2465 simul
577 2415 632 2465 et
663 2429 920 2468 carceres
951 2418 1008 2469 et
1037 2415 1272 2481 famem,
1304 2421 1361 2471 et
1407 2417 1457 2470 si
1506 2417 1646 2486 quid
1695 2415 1786 2470 his
1836 2417 2003 2487 pejus

365 2499 677 2569 excogitari
730 2503 958 2571 poterit,
1011 2519 1111 2574 per
1160 2508 1337 2558 totam
1391 2505 1567 2558 vitam
1622 2504 2000 2558 sustinentes.

366 2595 747 2651 Praesentium
789 2597 943 2653 enim
995 2599 1280 2656 malorum
1313 2599 1800 2655 violentissimum
1833 2603 2006 2669 atque

370 2682 779 2756 longissimum
813 2687 869 2741 in
898 2705 1083 2742 aevum
1113 2689 1456 2758 perdurans,
1480 2706 1593 2744 non
1619 2688 1772 2743 ultra
1791 2687 2004 2741 vinculi

370 2773 715 2844 abruptione
745 2780 1036 2830 extentum
1070 2793 1200 2831 cum
1244 2777 1502 2832 marcida
1548 2777 1655 2832 hac
1703 2777 1820 2832 vita
1868 2792 2004 2831 con-

365 2860 630 2929 volvitur,
665 2863 1052 2919 maximorum
1083 2870 1139 2919 et
1168 2883 1469 2936 nunquam
1501 2866 2003 2920 dissolvendorum

369 2950 738 3020 praemiorum
770 2953 996 3024 copiam
1030 2953 1375 3010 retribuens.
1409 2959 1476 3009 At
1523 2954 1679 3027 leges
1724 2955 1822 3009 Dei
1864 2971 2004 3010 con-

368 3041 644 3107 temnere,
679 3045 734 3094 et
763 3041 916 3112 quod
949 3058 1189 3097 sensum
1222 3043 1487 3112 oblectat,
1522 3043 1838 3098 Dominicis
1869 3059 2002 3098 san-

369 3125 498 3181 citis
532 3129 818 3198 praeferre,
851 3131 1007 3184 trudi
1038 3130 1236 3200 etiam,
1267 3148 1335 3186 ex
1383 3149 1446 3186 se
1493 3148 1798 3186 mmrorem
1839 3131 2006 3186 aﬂ‘ert

371 3214 817 3282 intolerabilem,
850 3223 908 3272 et
957 3217 1136 3273 nullis
1187 3220 1454 3273 terminis
1501 3220 2001 3291 circumscriptam

373 3301 694 3357 infamiam.
730 3304 964 3374 Oportet
993 3305 1188 3377 itaque
1219 3323 1324 3362 nos
1355 3308 1797 3374 invocationem,
1831 3323 2008 3378 quam

373 3390 526 3445 inter
575 3392 857 3447 orandum
910 3394 1288 3464 effundimus,
1341 3411 1536 3450 veram
1585 3397 1908 3460 ostendere,
1957 3398 2013 3450 et

373 3477 548 3533 veluti
581 3479 739 3534 illius
772 3481 906 3535 boni
939 3482 1042 3536 tilii
1076 3483 1293 3537 bonum
1327 3484 1590 3554 operari;
1634 3489 1690 3539 et
1719 3483 1853 3539 licet
1881 3483 2008 3554 pul-

369 3567 457 3621 vis
503 3568 829 3634 subtrahat,
884 3569 1104 3624 intente
1152 3573 1544 3643 nosmetipsos
1593 3573 1662 3626 ad
1715 3572 2015 3643 superiora

375 3659 609 3725 propter
638 3673 774 3727 erga
804 3657 1030 3712 Patrem
1065 3658 1421 3715 altissimum
1454 3661 1833 3716 reverentiam
1864 3677 2016 3715 com-

377 3741 606 3812 pellere,
641 3747 696 3798 et
726 3749 1243 3819 conversationem,
1278 3753 1557 3820 tanquam
1601 3749 1660 3803 in
1712 3749 1919 3820 patria,
1957 3749 2015 3802 in

384 3830 543 3884 ccelis
599 3830 832 3900 habere,
884 3834 1103 3890 salvere
1153 3837 1342 3906 jusso,
1403 3843 1536 3892 ante
1591 3839 1768 3892 etiam
1825 3838 2016 3907 ipsam

381 3917 755 3988 solutionem,
787 3922 1071 3993 quidquid
1103 3924 1162 3978 in
1194 3925 1361 3979 nobis
1392 3925 1605 3980 terreni
1636 3926 2014 3997 conspicitur.

383 4014 546 4076 Quod
595 4015 643 4070 si
702 4017 771 4071 ad
822 4017 1077 4088 primum
1119 4021 1382 4076 ordinem
1415 4039 1527 4077 non
1560 4022 2015 4092 pervenerimus,

387 4101 582 4157 saltim
631 4105 702 4159 ad
745 4105 1177 4181 delectationes,
1212 4127 1336 4180 quae
1387 4111 1576 4165 verbis
1625 4110 1870 4182 exprimi
1919 4127 2017 4164 ne-

387 4197 627 4261 queunt,
661 4198 717 4248 et
765 4212 892 4265 quas
942 4197 1120 4252 veluti
1165 4199 1415 4253 victoriae
1454 4199 1760 4270 prmmium
1792 4200 1884 4268 iis,
1918 4198 2019 4269 qui

383 4279 697 4337 virtutibus
745 4283 1118 4355 insudarunt,
1167 4292 1497 4358 praeparatae
1554 4292 1714 4358 sunt,
1757 4288 2020 4341 animum

383 4367 702 4440 intendere,
743 4376 800 4426 et
842 4379 1079 4445 propter
1131 4375 1546 4446 sempiternam
1594 4376 2020 4432 beatitudinem

383 4457 724 4514 afﬂictiones
755 4477 958 4517 omnes
989 4463 1261 4540 perferre.
1295 4464 1493 4535 Neque
1530 4465 1686 4520 enim
1727 4468 1866 4518 sunt
1912 4463 2020 4517 hu-

375 4546 547 4615 jusce
569 4549 847 4620 temporis
875 4551 1198 4622 passiones,
1224 4557 1597 4623 quotcunque
1618 4552 1728 4606 illae
1750 4558 1806 4608 et
1836 4568 2022 4623 quan-

2106 1967 2197 2020 τὸν
2248 1965 2527 2041 ἄνθρωπον
2617 1967 3022 2044 ἐκκρουόμενοι,
3072 1968 3160 2023 καὶ
3216 1972 3313 2023 τοῦ
3369 1974 3758 2043 παρανομῆσαι

2107 2054 2168 2109 τὸ
2230 2061 2404 2118 θανεῖν
2467 2055 2678 2128 μᾶλλον
2735 2057 3074 2132 αἱρούμενοι,
3131 2057 3221 2110 καὶ
3277 2060 3355 2127 τῷ
3403 2062 3470 2124 τῆ
3531 2055 3760 2109 ἀκοινωο

2110 2145 2260 2216 νήτῳ
2310 2144 2759 2213 συνεκκλησιάσαι
2807 2151 2913 2199 τῶν
2965 2145 3298 2200 ἀπευκταίων
3359 2144 3528 2200 πλέον
3588 2142 3758 2218 ἡγού-

2115 2253 2264 2304 μενοι
2319 2239 2414 2287 τοῦ
2471 2239 2679 2308 πικρῶς
2735 2232 3121 2309 ἀπαλλαγῆναι
3172 2231 3332 2288 τοῦδε
3375 2237 3474 2287 τοῦ
3503 2235 3756 2302 σκήνους,

2111 2328 2326 2405 πληγὰς
2385 2329 2436 2383 ἐν
2498 2329 2641 2401 αὐτῷ
2696 2331 2785 2384 καὶ
2843 2330 3156 2405 καθείρξεις,
3202 2329 3291 2384 καὶ
3341 2329 3624 2402 λιμώξεις,
3666 2329 3758 2382 καὶ

2115 2416 2167 2471 εἷ’
2215 2439 2267 2472 τι
2327 2416 2495 2473 ἄλλον
2549 2424 2656 2473 τῶν
2735 2418 3145 2492 ἀπειλουμένων
3220 2417 3595 2493 ὑπενεγγόντες
3670 2414 3761 2471 διὰ

2118 2506 2238 2581 βίου
2293 2507 2511 2567 παντός.
2571 2512 2686 2561 Τῶν
2767 2508 2860 2579 μὲν
2921 2508 3020 2583 γάρ
3097 2506 3375 2583 παρόντων
3450 2503 3626 2581 ἁδρῶν
3695 2505 3760 2558 τὸ

2118 2593 2422 2670 βιαιότατόν
2477 2616 2536 2650 τε
2586 2595 2681 2650 κπὶ
2741 2598 3121 2669 μονιμώτατον
3173 2597 3247 2668 μὴ
3308 2595 3609 2671 περαιτέρω
3655 2601 3758 2662 τῆς

2113 2688 2208 2737 τοῦ
2289 2681 2490 2755 δεσμοῦ
2562 2681 2894 2759 διαῤῥήξεως
2977 2683 3255 2759 ἐξισχύσαν
3292 2729 3306 2755 ,
3363 2690 3430 2752 τῆ
3509 2683 3759 2758 ἐπικήρῳ

2116 2773 2549 2848 συγκατεπράφη
2647 2777 2758 2841 ζωῆ
2797 2817 2810 2840 ,
2897 2772 3158 2848 μεγίστων
3245 2770 3706 2848 ἀντιφιλοτιμησά
3737 2803 3761 2813 -

2119 2881 2275 2931 μενον
2333 2861 2421 2914 καὶ
2482 2857 2828 2914 ἀκαταλύτων
2889 2859 3137 2915 ἐπάθλων
3199 2860 3381 2932 ἐσμόν·
3414 2860 3477 2914 τὸ
3535 2856 3580 2912 δ’
3629 2856 3760 2912 ἀλο-

2113 2951 2274 3021 γῆσαι
2323 2948 2505 3021 νόμων
2563 2953 2714 3018 θεοῦ,
2775 2949 2864 3003 καί
2917 2970 2968 3004 τι
3025 2953 3132 3004 τῶν
3188 2947 3488 3023 θελγόντων
3519 2947 3620 3015 τὴν
3675 2945 3759 3001 αἶ’-

2113 3049 2300 3106 σθησιν
2384 3042 2668 3112 προκρῖναι
2748 3041 2856 3091 τῶν
2931 3041 3028 3092 τοῦ
3113 3036 3308 3111 Κυρίου
3393 3038 3603 3108 Θεσμῶν
3689 3035 3754 3089 τὸ

2113 3124 2435 3202 ἀπερρίφθαι
2491 3128 2735 3200 προξενεῖ
2789 3125 2840 3195 ἐξ
2895 3123 3060 3180 αὐτοῦ
3115 3124 3331 3197 πικρίαν
3389 3122 3712 3178 ἀνύποιστον
3739 3167 3753 3192 ,

2117 3212 2377 3288 αἰσχύνην
2439 3213 2726 3286 ἀπέραντον
2765 3256 2776 3268 .
2838 3214 2952 3287 Χρὴ
3032 3213 3124 3286 μὲν
3183 3211 3274 3268 οὖν
3340 3215 3489 3285 ἡμᾶς
3557 3213 3655 3279 τήν
3714 3209 3766 3265 ἐν

2117 3307 2447 3377 προσευχαῖς
2501 3300 2781 3371 ἀληθίζειν
2836 3301 3144 3371 ἐπίκλησιν,
3200 3299 3289 3356 καὶ
3348 3302 3434 3355 οἷα
3479 3295 3637 3355 τέκνα
3672 3304 3772 3354 τοῦ

2120 3391 2320 3465 ἀγαθοῦ
2368 3391 2430 3444 τὸ
2478 3390 2675 3463 ἀγαθὸν
2708 3388 2962 3464 ἐνεργεῖν,
2996 3389 3160 3444 εἶκαὶ
3216 3389 3245 3442 ὁ
3302 3388 3439 3464 χούς
3486 3387 3767 3464 ὑποσύρει,

2119 3477 2388 3538 συντόνως
2447 3477 2720 3532 ἀνθέλκειν
2777 3477 2997 3539 ἑαυτοὺς
3054 3479 3190 3553 πρὸς
3247 3477 3314 3531 τὰ
3369 3475 3478 3532 ἄνω
3529 3474 3618 3530 ’διά
3668 3478 3771 3545 τήν

2121 3565 2256 3640 πρὸς
2304 3565 2395 3619 τὸν
2455 3564 2676 3638 ὕψιστον
2735 3567 2944 3638 Πατέρα
3001 3563 3160 3636 αἷδὼ,
3211 3565 3301 3619 καὶ
3347 3564 3411 3619 τὸ
3461 3563 3772 3635 πολίτευμα

2124 3651 2270 3728 ἔχειν
2319 3653 2392 3715 ὡς
2424 3653 2475 3708 ἐν
2521 3651 2736 3729 πατρίδι
2769 3654 2820 3708 ἐν
2866 3653 3143 3730 οὐρανοῖς,
3194 3650 3365 3729 ἔρρειν
3407 3651 3632 3730 ἀφέντας
3662 3657 3768 3706 πᾶν

2123 3751 2321 3825 γεηρὸν
2350 3750 2438 3804 καὶ
2491 3750 2595 3825 πρό
2645 3772 2708 3825 γε
2752 3757 2854 3819 τῆς
2904 3749 3232 3811 ἀναλύσεως.
3284 3749 3348 3805 Εἰ
3381 3746 3438 3804 δὲ
3480 3755 3580 3818 τῆς
3614 3749 3769 3824 πρῶ-

2122 3860 2222 3907 της
2282 3838 2381 3893 οὐκ
2436 3837 2794 3915 ἐφικνούμεθα
2849 3837 3092 3910 τάξεως,
3140 3837 3275 3912 πρὸς
3354 3838 3447 3898 τὰς
3514 3835 3775 3914 ἀνεκφρά-

2126 3948 2281 3988 στους
2327 3924 2654 3987 ἀπολαύσεις
2708 3927 2845 3987 τέως
2887 3927 3035 4000 ὁρᾳν,
3082 3925 3138 3979 αἳ
3169 3923 3236 3993 δὴ
3291 3920 3516 4001 βραδεῖα
3557 3930 3674 3985 τοῖς
3719 3923 3773 3979 ἐν

2127 4015 2291 4091 ἀρετῇ
2349 4019 2579 4087 καμοῦσι
2639 4016 3191 4090 προητοιμάσθησαν,
3251 4014 3339 4068 καὶ
3392 4019 3562 4067 πᾶσαν
3624 4011 3716 4067 Θλῖ
3749 4044 3776 4056 -

2127 4108 2215 4178 ψιν
2261 4104 2542 4179 ὑποφέρειν
2605 4101 2694 4157 διὰ
2749 4104 2848 4172 τήν
2906 4101 3252 4171 αἶωνίζουσαν
3307 4101 3640 4177 εὐκληρίαν.
3699 4100 3774 4156 Οὐ

2128 4193 2230 4268 γάρ
2291 4191 2428 4246 ἔστιν
2489 4190 2634 4253 ὅλως
2690 4196 2787 4245 τοῦ
2835 4195 2924 4245 νῦν
2969 4195 3162 4266 καιροῦ
3202 4192 3270 4245 τά
3317 4192 3632 4264 παθήματα,
3673 4189 3773 4244 κᾶν

2129 4281 2320 4351 ὁπόσα,
2351 4281 2446 4335 κᾶν
2486 4281 2647 4334 ὁποῖά
2693 4280 2814 4333 ποτ’
2862 4278 2920 4334 ἂν
2969 4279 3055 4349 εἴη
3099 4278 3237 4354 πρὸς
3266 4280 3365 4347 τὴν
3404 4277 3772 4352 ἐλπιζομένην

2129 4367 2393 4424 ἀντίδοσιν
2454 4366 2590 4438 ἄξια.
2653 4367 2715 4422 Εἰ
2770 4365 2826 4422 δὲ
2877 4368 2967 4422 καὶ
3021 4374 3122 4437 τῆς
3173 4371 3280 4422 τῶν
3321 4371 3606 4440 μισθωτῶν
3659 4365 3776 4422 δια-

2134 4457 2471 4534 μαρτάνομεν
2517 4458 2869 4532 ὁμηγυρεως,
2919 4454 3015 4510 κᾶν
3069 4459 3195 4532 γοῦν
3356 4455 3558 4530 ἐσχάτῃ
3610 4456 3777 4532 μοίρᾳ

2128 4550 2234 4598 τῶν
2293 4544 2616 4616 σωζομένων
2674 4543 3140 4620 ἐγκαταλέγεσθαι,
3197 4543 3286 4598 καὶ
3341 4548 3448 4598 τῶν
3510 4541 3776 4598 δεσποτι-

385 4639 689 4708 taecunque
712 4639 852 4706 sint,
875 4638 1055 4707 illius,
1074 4657 1250 4712 quam
1275 4657 1600 4712 speramus,
1628 4640 2009 4696 retributioni:

2133 4638 2240 4687 κῶν
2302 4635 2731 4708 προσταγμάτων
2773 4633 3087 4708 ἀντέχεσθαι
3119 4678 3132 4704 ,
3189 4629 3497 4694 δεδοικότας
3564 4633 3628 4687 τὸ
3678 4635 3776 4702 τῆς

383 4727 703 4798 condignae.
737 4726 896 4790 Quod
931 4729 980 4783 si
1023 4745 1054 4784 e
1097 4729 1586 4785 mercenariorum
1619 4735 1767 4784 coetu
1798 4729 2023 4784 excide-

383 4814 590 4879 rimus,
624 4815 818 4870 saltim
870 4816 928 4870 in
981 4823 1272 4888 postremo
1313 4834 1535 4885 eorum,
1570 4818 1670 4888 qui
1702 4817 2021 4882 salvantur,

383 4902 583 4956 ordine
607 4905 1002 4972 annumerari,
1020 4911 1076 4961 et
1096 4911 1518 4978 praeceptorum
1534 4906 1762 4961 Domini
1785 4921 2022 4960 causam

383 4990 899 5062 defensionemque
951 4995 1268 5066 suscipere,
1322 4994 1620 5066 neglectus
1664 5011 1916 5065 poenam,
1963 4994 2021 5047 in

384 5077 651 5150 gebeuna
683 5079 903 5134 scilicet
932 5082 1500 5147 condemnationem,
1533 5081 1841 5147 timentes;
1893 5095 2022 5150 pro-

383 5170 715 5236 ptereaque,
742 5167 791 5220 si
824 5185 968 5237 opus
1001 5170 1191 5235 fuerit,
1221 5186 1422 5224 eorum
1456 5185 1631 5223 causa
1660 5167 1786 5222 vita:
1817 5167 2022 5222 discri-

384 5271 519 5309 men
552 5255 728 5310 adire.
768 5257 1251 5328 Quandoquidem
1296 5262 1526 5328 quantae
1579 5257 1881 5312 dementiae
1937 5259 2026 5310 est

384 5341 616 5414 pusillis
674 5343 1152 5414 castigationibus
1207 5349 1478 5415 majores,
1523 5350 1580 5400 et
1630 5345 1852 5417 exiguis
1904 5348 2022 5398 tor-

388 5430 604 5484 mentis
636 5431 979 5501 perenniora
1010 5449 1340 5503 praeponere
1366 5452 1378 5501 ;
1413 5450 1596 5505 eoque
1626 5433 2022 5503 potissimum,

386 5520 434 5573 si
468 5520 757 5573 breviores
789 5519 1160 5574 sobrietatem
1209 5525 1265 5575 et
1316 5521 1662 5592 sapientiam
1692 5520 2021 5586 conciliant,

385 5618 803 5687 hominemque
859 5622 1184 5689 expurgant
1233 5618 1400 5689 (quis
1458 5619 1646 5684 enim,
1706 5617 2024 5672 dummodo

387 5707 614 5773 vixerit,
637 5722 752 5760 non
785 5707 1076 5778 deliquit?
1106 5709 1162 5762 et
1191 5705 1324 5776 quis
1355 5706 1426 5761 ab
1457 5705 1834 5760 immunditia
1855 5720 2025 5760 mun-

2129 4724 2569 4800 περιφρονήσεως
2627 4720 2898 4794 ἐπιτίμιον
2932 4765 2948 4791 ,
2991 4721 3090 4789 τήν
3145 4720 3198 4775 έν
3259 4720 3440 4797 γεέννῃ
3497 4718 3779 4795 κατάκρι-

2133 4832 2239 4878 σιν,
2293 4810 2383 4864 καὶ
2443 4809 2531 4864 8ιά
2579 4815 2739 4864 τοῦτο
2809 4809 2899 4864 καὶ
2955 4807 3386 4886 προκινδυνεύειν
3446 4807 3621 4865 αὐτῶν
3655 4857 3670 4883 ,
3732 4811 3778 4866 εἰ

2135 4897 2392 4969 δεήσειεν.
2429 4898 2576 4952 Ἐπεὶ
2613 4898 2791 4968 πόσης
2839 4897 3022 4958 ἀνοίας
3073 4897 3182 4954 ἐστὶ
3233 4901 3441 4972 μικρῶν
3492 4902 3774 4973 τιμωριῶν

2129 4990 2227 5050 τάς
2289 4986 2525 5059 μείζους,
2586 4985 2676 5042 καὶ
2733 4985 3078 5062 παυροτέρων
3143 4987 3385 5060 βασάνων
3434 4987 3529 5049 τὰς
3568 4984 3779 5062 διαρκε-

2135 5074 2322 5150 στέρας
2375 5071 2757 5143 ἀλλάξασθαι,
2805 5071 2892 5127 καὶ
2949 5070 3160 5145 μᾶλλον
3222 5070 3389 5135 εἴπως
3449 5074 3504 5128 αἱ
3565 5075 3660 5147 μὶν
3723 5076 3779 5129 αἱ

2137 5163 2388 5238 βραχεῖαι
2449 5161 2886 5239 σωφρονίζουσι,
2936 5160 3024 5214 καὶ
3095 5161 3457 5237 καθαίρουσι,
3517 5161 3599 5224 τίς
3675 5165 3778 5240 γάρ

2136 5253 2300 5320 ζήσας
2359 5250 2466 5325 οὐχ
2520 5250 2808 5325 ἤμαρτεν;
2858 5249 2963 5304 ἀπὸ
3018 5248 3189 5325 ῥύπου
3249 5246 3306 5304 δὲ
3350 5250 3432 5312 τίς
3491 5251 3775 5328 καθαρός;

2135 5348 2188 5402 αἱ
2244 5345 2301 5402 δὲ
2354 5347 2529 5422 λάχος
2597 5347 2728 5402 εἰσιν
2786 5347 3139 5425 ἀναφαίρετον
3202 5366 3215 5418 ;
3269 5345 3449 5422 ὥσπερ
3523 5351 3627 5424 γάρ
3694 5371 3777 5413 τις

2135 5437 2380 5490 ὁπωσοῦν
2437 5435 2726 5504 ἐπταικὼς,
2784 5433 3014 5510 ἐκλογῆς
3055 5434 3200 5506 αύτῷ
3256 5437 3625 5510 προκειμένης
3687 5459 3781 5493 κο-

2136 5523 2364 5594 λάσεων,
2427 5524 2471 5577 εἷ
2518 5527 2626 5577 τῶν
2665 5525 2906 5597 τήμερον
2956 5522 3326 5600 κουφοτάτων,
3387 5524 3619 5600 μετρίων
3650 5522 3780 5589 ἴσως

2133 5617 2290 5665 τινῶν
2350 5612 2632 5688 ῥαπισμῶν
2665 5656 2678 5681 ,
2737 5610 3029 5687 προέλοιτο
3085 5612 3181 5673 τὰς
3239 5610 3642 5689 έπιπονωτέρας
3703 5613 3781 5676 είς

2133 5701 2195 5753 τὸ
2245 5699 2388 5770 έξής,
2446 5701 2560 5754 οἷον
2605 5694 2990 5774 στρεϐλώσεις,
3041 5699 3227 5772 ξέσεις,
3286 5698 3466 5772 μελῶν
3519 5699 3777 5776 ἐκτομὰς,
