4110 6428
313 437 432 500 609

1176 420 1482 497 ORATIO
1524 432 1627 494 DE
1671 435 1901 499 REGIS
1946 437 2298 500 oramus.
2333 470 2408 483 —
2438 437 2833 502 MONITUM.

3597 441 3719 508 610

313 567 701 648 ἀφρονέστατος
769 565 995 642 κρίνοιτ’
1049 565 1107 621 ἂν
1181 565 1389 629 δίκαιος
1457 569 1547 623 καὶ
1605 568 2006 643 ἀλογώτατοςλ

2087 570 2183 625 lus
2242 571 2490 640 fuerit?)
2535 571 2878 644 perenniora
2932 587 3066 627 vero
3121 589 3249 628 sors
3308 579 3447 630 sunt
3502 575 3718 631 auferri

317 657 489 718 οὕτως
536 658 565 711 ὁ
610 659 718 712 τῶν
765 653 884 730 ἄρτι
947 653 1312 732 προελόμενος
1363 654 1639 733 δυσχερῶν
1690 658 1785 719 τὰς
1845 657 1958 711 ἐσο-

323 745 484 819 μένας
542 741 852 819 ἀλγηδόνας
909 743 961 798 ἐν
1021 743 1173 798 αἰῶνι
1229 750 1309 816 τῷ
1355 753 1456 814 τῆς
1505 744 1777 816 ἐκτίσεως,
1833 745 1956 800 ὅταν

321 835 548 890 ἑκάστου
602 833 664 888 τὸ
713 828 865 908 ἔργον
901 879 915 904 ,
973 832 1160 888 ὁποῖόν
1217 833 1348 905 ἐστι,
1408 831 1674 908 δοκιμάσῃ
1723 836 1784 888 τὸ
1831 839 1957 909 πῦρ·

323 921 685 994 ἀνοητότατός
749 942 810 975 τε
881 920 971 976 καὶ
1029 919 1363 984 ἀθλιώτατος
1418 920 1814 994 παραπλησίως
1873 922 1962 976 καὶ

327 1015 355 1067 ὁ
394 1014 493 1080 τὴν
549 1015 654 1065 τῶν
711 1010 1007 1085 ἀνθρώπων
1061 1009 1269 1079 ἀπάτην
1334 1010 1464 1085 ὑπὲρ
1522 1012 1618 1079 τὴν
1675 1016 1770 1065 τοῦ
1828 1015 1964 1066 Θεοῦ

328 1099 484 1174 δόξαν
521 1099 843 1176 ἠγαπηκώς.
893 1098 993 1152 Καὶ
1041 1097 1196 1160 οὗτος
1242 1099 1341 1174 γὰρ
1388 1093 1556 1160 ὅντως
1606 1099 1962 1176 τετύφλωται,

326 1190 418 1244 καὶ
468 1193 620 1249 σκιᾶς
670 1185 1096 1260 ἐπειλημμένος,
1149 1187 1186 1255 ἢ
1236 1189 1367 1256 νηὸς
1417 1187 1602 1264 ἴχνους
1647 1189 1698 1243 ἐν
1749 1186 1967 1257 ὕδασιν,

330 1275 499 1333 οἴεταί
536 1298 588 1330 τι
630 1272 774 1352 ἔχειν
826 1273 968 1351 ἔχων
1015 1272 1190 1331 οὐδέν.
1224 1275 1372 1330 Ἐπεί
1396 1277 1482 1330 τοί
1512 1299 1574 1350 γε
1604 1276 1649 1331 εἰ
1681 1275 1967 1356 φιλοδοξῇ,

331 1365 559 1437 ζητείτω
599 1361 752 1436 δόξαν
800 1364 900 1432 τὴν
955 1361 1133 1433 ἀληθῆ
1184 1384 1242 1418 τε
1286 1363 1375 1419 καὶ
1434 1363 1718 1437 μένουσαν,
1766 1366 1841 1438 μὴ
1874 1366 1972 1434 τὴν

327 1451 669 1529 ψευδομένην
718 1451 806 1507 καὶ
854 1451 1259 1528 παραρρέουσαν
1287 1496 1302 1523 ,
1351 1453 1656 1529 ἀνθρώποις
1702 1453 1970 1529 προσκεί-

334 1564 518 1616 μενος,
580 1539 672 1597 καῖ
745 1544 880 1596 Θεοῦ
945 1539 1299 1618 ἀφιστάμενος
1334 1585 1347 1597 .
1405 1543 1460 1596 Ὁ
1509 1543 1611 1618 γὰρ
1670 1543 1975 1618 ἀνθρώποις

332 1629 578 1687 σπεύδων
655 1629 896 1706 ἀρέσκειν
966 1629 1066 1684 οὐκ
1122 1626 1233 1684 ἔστι
1297 1627 1494 1692 δοῦλος
1551 1635 1783 1704 Χριστοῦ
1817 1677 1830 1702 ,
1885 1629 1975 1684 καὶ

333 1721 416 1783 οἷς
470 1721 666 1781 πάντες
739 1719 1011 1794 ἄνθρωποι
1088 1715 1304 1793 λέγουσι
1381 1717 1562 1780 καλῶς
1612 1764 1626 1790 ,
1676 1717 1890 1781 τούτοις
1947 1719 1976 1772 ὁ

332 1808 547 1879 ἀληθὴς
594 1806 757 1883 λόγος
803 1805 1114 1880 ἀποκληροῖ
1159 1807 1240 1875 τὸ,
1293 1805 1430 1860 οὐαί,
1466 1805 1567 1861 Κᾶν
1604 1807 1710 1881 οὐχ
1756 1808 1807 1860 οἱ
1839 1803 1977 1861 πσλ-

335 1896 426 1954 λοὶ
456 1903 554 1967 τῆς
585 1893 708 1966 ἴσης
755 1895 984 1970 γνώμης
1033 1897 1190 1967 ἡμῖν,
1222 1893 1369 1950 ἀλλὰ
1423 1896 1551 1967 μήτ’
1596 1894 1646 1949 ἐν
1688 1915 1981 1970 πονηρευο-

345 1985 530 2060 μένοις
588 1982 935 2061 παραζηλοῦν
1017 1979 1425 2055 διδασκόμεθα,
1489 1985 1628 2057 μήτε
1698 1983 1825 2044 τοὺς
1878 1984 1977 2052 τὴν

336 2073 566 2148 ἀνομίαν
617 2077 905 2134 ποιοῦντας
953 2069 1176 2140 ζηλοῦν.
1228 2071 1332 2126 Κᾶν
1384 2071 1531 2126 οὗτοι
1581 2073 1805 2147 πατέρες
1854 2071 1979 2140 εἶεν,

331 2163 550 2242 ἀφιέναι
625 2168 902 2238 προσῆκον
963 2159 1200 2230 αὐτοὺς,
1261 2159 1351 2215 καὶ
1421 2160 1736 2216 ἀκολουθεῖν
1809 2160 1981 2214 ὀπίσω

337 2255 598 2328 Χριστοῦ,
658 2255 763 2305 τῶν
824 2249 993 2324 ἰχνῶν
1050 2249 1213 2304 αὐτοῦ
1274 2246 1594 2325 δεδράχθαι,
1655 2254 1760 2304 τῶν
1821 2249 1982 2304 αὐτοῦ

337 2339 722 2413 δικαιωμάτων
776 2338 1049 2414 ὲξὲχεσθαι
1084 2379 1096 2392 .
1148 2338 1238 2406 Μή
1288 2337 1459 2400 οὕτως
1504 2340 1606 2414 γάρ
1664 2360 1747 2401 τις
1787 2343 1984 2405 ποιῶν,

338 2430 486 2501 ἄξιος
548 2429 646 2484 οὐκ
697 2425 807 2484 ἔστι
858 2430 1111 2503 Χριστοῦ.
1145 2431 1268 2489 Τοῖς
1315 2425 1585 2488 τοιούτοις
1645 2425 1984 2501 ἐπειγόμενοι

341 2517 662 2594 λογισμοῖς,
716 2516 1090 2590 ἀπελαύνομεν
1160 2515 1464 2590 παραυτίκα
1513 2520 1620 2570 τῶν
1684 2516 1840 2579 θείων
1893 2537 1989 2584 ση-

343 2612 455 2663 κῶν
511 2607 611 2674 τὴν
662 2605 896 2676 ἀνόσιον,
945 2601 1067 2660 οὔτε
1111 2606 1201 2660 τὸν
1254 2606 1404 2680 ἅγιον
1450 2601 1609 2680 ἄρτον
1667 2608 1736 2678 τῇ
1786 2601 1992 2659 ἀναιδεῖ

345 2697 439 2751 καὶ
498 2694 782 2770 ἀκαθάρτῳ
838 2691 1021 2748 δοῦναι
1078 2691 1478 2766 τολμήσαντες,
1539 2690 1661 2747 οὔτε
1724 2693 1828 2766 μὴν
1890 2688 1992 2765 ἔμ-

347 2785 579 2860 προσθεν
627 2790 728 2854 τῆς
777 2779 1213 2856 καλινδουμένης
1259 2786 1339 2854 τῷ
1384 2788 1484 2852 τῆς
1556 2780 1810 2857 μοιχείας
1863 2783 1990 2856 βορ-

349 2868 503 2948 ϐόρῳ
532 2871 664 2935 τοὺς
695 2869 982 2948 λαμπροὺς
1034 2871 1218 2947 βαλεῖν
1246 2871 1335 2926 καὶ
1379 2867 1754 2945 μαργαρώδεις
1794 2868 1994 2945 λόγους

345 2969 452 3031 τῆς
505 2963 650 3036 ἱερᾶς
697 2959 942 3029 τελετῆς.
995 2961 1146 3014 Ὅθεν
1197 2958 1249 3014 ἐν
1297 2958 1479 3034 Κυρίῳ
1527 2963 1890 3034 καρτεροῦμεν
1931 2959 1999 3014 τὰ

350 3048 716 3125 ἐπερχόμενα.

2069 659 2299 715 nescia!
2334 660 2836 724 Quemadmodum
2871 661 3028 718 enim
3063 679 3300 733 quoquo
3335 664 3506 719 modo
3537 664 3716 719 delin-

2070 764 2274 818 quens,
2309 749 2539 820 optione
2571 749 2653 804 illi
2707 749 3080 821 punitionum
3131 753 3452 822 proposita,
3487 752 3533 807 si
3565 769 3711 824 pra:-

2071 836 2335 891 sentibus
2366 837 2915 908 levissimis,paucis
2946 854 3156 909 nempe
3185 838 3392 911 alapis,
3413 841 3715 896 molestius

2070 923 2128 977 in
2187 925 2450 978 futurum
2509 931 2742 996 tempus
2801 927 3134 996 aarumnari,
3169 929 3506 994 excruciari,
3552 930 3713 984 dear-

2072 1013 2345 1082 tuarique
2377 1019 2723 1084 peroptaret,
2751 1016 2884 1083 jure
2916 1014 3146 1068 meritio
3191 1015 3714 1088 insipientissimus

2075 1117 2142 1156 ac
2200 1101 2680 1156 dementissimus
2739 1102 3098 1169 haberetur;
3150 1105 3273 1174 pari
3329 1105 3569 1173 ratione,
3616 1105 3716 1176 qui

2078 1190 2463 1262 praasentibus
2513 1190 2700 1257 noxis,
2730 1195 2990 1261 tempore
3040 1193 3438 1248 retributionis
3488 1195 3717 1250 futuras

2078 1278 2502 1345 calamnitates,
2537 1296 2693 1345 cum,
2730 1279 3199 1352 uniuscujusque
3240 1298 3388 1352 opus
3420 1281 3591 1353 quale
3621 1282 3720 1353 sit,

2081 1368 2234 1439 ignis
2283 1367 2574 1438 probabit,
2627 1369 2941 1438 praeferret,
2990 1370 3435 1426 amentissimus
3465 1387 3627 1441 mque
3658 1388 3723 1427 ac

2082 1455 2450 1511 miserrimus
2481 1455 2929 1522 existimaretur,
2947 1460 3003 1511 et
3034 1457 3134 1528 qui
3160 1458 3466 1513 hominum
3491 1460 3724 1517 fraudes

2082 1543 2269 1617 gloria
2298 1544 2494 1598 divina
2524 1543 2776 1599 cariores
2807 1544 3044 1600 haberet
3077 1562 3088 1598 :
3143 1546 3237 1601 hic
3269 1547 3562 1618 siquidem
3593 1565 3725 1604 vere

2085 1632 2270 1688 oculis
2301 1637 2507 1703 captus
2539 1637 2647 1699 est,
2683 1638 2746 1686 ut
2776 1633 2898 1703 qui,
2935 1650 3067 1688 cum
3097 1634 3368 1690 umbram
3400 1637 3724 1707 apprehen-

2085 1721 2255 1786 derit,
2307 1725 2408 1775 aut
2456 1720 2620 1776 navis
2667 1721 2726 1775 in
2779 1721 2949 1792 aquis
2997 1722 3331 1793 vestigium,
3383 1723 3606 1796 aliquid
3664 1741 3727 1780 se

2086 1809 2386 1882 possidere
2415 1809 2707 1880 opinatur,
2742 1826 2876 1864 cum
2909 1810 3054 1864 nihil
3086 1811 3402 1882 possideat.
3452 1814 3724 1878 Quando-

2088 1898 2324 1968 quidem
2383 1898 2432 1952 si
2489 1897 2681 1968 gloriae
2730 1915 2936 1953 amans
2983 1904 3092 1966 est,
3127 1900 3367 1970 gloriam
3416 1918 3607 1956 veram
3661 1919 3727 1957 ac

2090 1991 2550 2058 permanentem,
2585 2002 2699 2041 non
2731 1987 3115 2056 decipientem
3162 2005 3227 2043 ac
3277 1989 3513 2056 ﬂuxam,
3543 1991 3731 2046 homi-

2091 2075 2266 2130 nibus
2299 2075 2620 2139 adhaerens,
2649 2079 2704 2130 et
2735 2092 2768 2129 a
2795 2076 2907 2130 Deo
2940 2077 3235 2147 recedens,
3269 2079 3591 2150 conquirat.
3625 2079 3732 2142 Qui

2092 2164 2247 2218 enim
2313 2162 2369 2217 id
2440 2164 2655 2229 studet,
2711 2169 2775 2217 ut
2833 2164 3171 2220 hominibus
3232 2166 3475 2236 placeat,
3537 2183 3736 2224 servus

2093 2252 2308 2308 Christi
2365 2269 2479 2307 non
2536 2257 2657 2318 est;
2715 2256 2772 2306 et
2819 2253 2889 2306 de
2941 2254 3157 2323 quibus
3206 2271 3408 2310 omnes
3465 2256 3734 2311 homines

2095 2345 2250 2394 recta
2278 2340 2606 2408 enuntiant,
2649 2340 2763 2394 illis
2794 2357 2965 2395 verus
3015 2358 3204 2396 sermo
3243 2361 3342 2412 vae,
3379 2344 3732 2415 impertitur.

2096 2433 2161 2484 Et
2190 2428 2324 2483 licet
2357 2429 2674 2482 multorum
2716 2445 2830 2482 non
2865 2429 3067 2483 eadem
3117 2436 3206 2484 est
3253 2448 3318 2485 ac
3367 2431 3550 2486 nostri
3597 2448 3735 2486 sen-

2097 2517 2298 2587 tentia,
2359 2522 2762 2572 verumtamen
2837 2534 3026 2588 neque
3102 2519 3389 2575 malitiose
3463 2521 3738 2576 iacientes

2100 2605 2359 2660 aemulari
2382 2606 2659 2660 docemur
2691 2622 2877 2677 neque
2926 2607 3144 2662 imitari
3178 2613 3482 2679 operantes
3521 2609 3736 2681 iniqui-

2102 2699 2305 2749 tatem.
2365 2694 2436 2748 Et
2490 2695 2539 2748 si
2607 2694 2665 2749 hi
2719 2694 2916 2750 Patres
2968 2700 3126 2767 sunt,
3188 2697 3520 2769 negligendi
3583 2702 3740 2766 sunt,

2104 2783 2535 2853 sectandusque
2580 2787 2670 2838 est
2708 2782 3007 2854 Christus,
3056 2784 3215 2840 illius
3261 2787 3521 2858 vestigiis
3564 2787 3742 2841 inhae-

2106 2872 2376 2939 rendum,
2393 2876 2450 2926 et
2466 2887 2533 2925 ex
2553 2869 3249 2942 illiusjustificationibus
3273 2875 3744 2945 dependendum.

2107 2961 2368 3030 Namque
2401 2960 2499 3030 qui
2531 2975 2645 3013 non
2679 2964 2956 3030 Operatur
2983 2961 3091 3016 hoc
3122 2962 3314 3031 modo,
3348 2963 3563 3034 dignus
3592 2963 3748 3017 Chri-

2110 3054 2198 3104 sto
2225 3065 2340 3102 non
2368 3053 2474 3102 est.
2500 3047 2600 3101 His
2629 3047 2756 3102 freti
2778 3048 3244 3119 cogitationibus,
3271 3050 3468 3105 statim
3503 3067 3532 3106 e
3563 3050 3746 3106 sacris

343 3140 573 3196 aedibus
626 3138 870 3210 impiam
929 3137 1222 3210 pellimus,
1279 3154 1467 3210 neque
1495 3142 1763 3193 sanctum
1792 3153 2002 3208 panem
2057 3135 2455 3192 inverecunde
2488 3139 2662 3205 atque
2694 3134 3008 3190 immundae
3040 3138 3310 3192 exhibere
3339 3139 3467 3193 ausi
3512 3155 3743 3206 sumus,

348 3245 543 3301 neque
574 3231 709 3283 ante
746 3226 1107 3282 volutantem
1139 3243 1266 3283 sese
1315 3226 1590 3282 continuo
1639 3227 1698 3280 in
1751 3242 1912 3281 coeno
1959 3243 2024 3281 ac
2072 3224 2342 3280 adulterii
2386 3223 2680 3292 sordibus,
2714 3223 3021 3294 splendida
3065 3230 3120 3280 et
3169 3226 3352 3281 instar
3404 3228 3751 3299 margarita-

346 3334 485 3373 rum
512 3317 764 3373 candida
792 3316 1147 3372 sacrosancti
1175 3315 1442 3372 sacriﬁcii
1475 3315 1648 3371 verba
1698 3314 1944 3370 mittere.
2000 3315 2187 3379 Quare
2226 3313 2286 3368 in
2331 3312 2598 3380 Domino,
2631 3328 2757 3384 quae
2806 3315 2975 3370 nobis
3018 3315 3350 3371 inferuntur
3396 3317 3749 3388 danturque,

349 3406 739 3463 sustinemus.

554 3993 561 3996 _
707 3762 970 3922 DE
1077 3757 2181 3926 NICEPHORI
2300 3761 3410 3923 BLEMMID/E

1473 4034 2053 4123 ΟΒΑΤΙΟΝΕ
2131 4035 2657 4124 POLITICA

765 4231 1547 4356 EDITORIS
1638 4230 2312 4354 ROMANI
2401 4233 3188 4355 MONITUM
3232 4215 3348 4357 (α).

439 4587 699 4666 Scriptis
752 4586 1038 4665 politicis,
1071 4585 1313 4666 quaein
1361 4584 1505 4666 hoc,
1538 4603 1676 4666 meo
1734 4585 2052 4645 volumine
2111 4585 2306 4666 multa
2361 4591 2523 4666 sunt,
2570 4583 2799 4666 bonam
2861 4584 3221 4666 mantissam
3279 4585 3432 4644 mihi
3487 4593 3764 4647 attexere

353 4663 604 4740 videor,
629 4663 869 4728 edendo
893 4663 1220 4743 Nicephori
1247 4664 1612 4725 Blemmidas
1641 4666 1716 4724 de
1747 4673 1878 4725 arte
1906 4665 2211 4742 regnandi
2241 4664 2553 4744 luculento
2575 4663 2803 4744 libello,
2829 4682 3012 4741 quem
3038 4663 3338 4722 hactenus
3367 4666 3763 4744 invulgatum

358 4756 499 4807 tum
529 4747 831 4808 Vaticana
860 4745 1241 4806 bibliotheca
1270 4752 1402 4803 tum
1433 4744 1574 4804 alia;
1604 4746 1792 4804 etiam
1821 4745 2140 4804 nonnullae
2169 4743 2584 4822 possidebant.
2619 4743 2750 4812 Quo
2781 4761 2969 4818 super
2998 4744 3224 4820 scripto
3270 4744 3421 4803 illud
3457 4746 3516 4804 in
3549 4743 3764 4822 primis

357 4827 794 4886 adnotandum
825 4833 938 4897 est,
974 4825 1202 4902 duplex
1222 4824 1356 4901 ejus
1387 4842 1517 4883 esse
1537 4826 1872 4902 exemplar,
1901 4826 2164 4884 alterum
2198 4841 2422 4899 purum
2453 4830 2513 4881 et
2544 4822 2868 4899 originale,
2895 4824 3077 4899 quale
3107 4823 3338 4882 scilicet
3367 4843 3400 4884 e
3431 4825 3762 4901 Nicephori

358 4907 621 4984 ingenio
649 4924 962 4984 manuque
993 4904 1222 4983 prodiit
1247 4921 1261 4977 ;
1295 4903 1560 4963 alterum
1584 4905 1964 4982 metaphrasi
1984 4905 2063 4964 ad
2085 4904 2427 4981 planiorem
2448 4903 2862 4962 elocutionem
2887 4903 3288 4975 translatum;
3314 4923 3501 4981 quam
3533 4905 3762 4964 diserte

361 5005 478 5046 nos
503 4987 681 5046 docet
712 4984 1199 5048 Vindobonensis
1227 4985 1420 5043 codex
1452 4985 1617 5061 apud
1650 4985 2006 5043 Lambeciur

2095 4984 2171 5042 id.
2204 5001 2345 5041 110V.
2381 4989 2531 5040 tom.
2568 4984 2696 5052 Vll,
2736 5002 2793 5058 ρ.
2830 4984 2938 5066 481
2982 5001 2995 5039 ε
3056 4992 3159 5040 Τοῦ
3220 4991 3533 5066 σοφωτάτου
3593 5011 3759 5064 κυρου

364 5071 687 5149 Νικηφόρου
740 5075 838 5126 τοῦ
898 5067 1214 5143 Βλεμμίδου
1274 5068 1434 5144 λόγος
1477 5067 1601 5142 περὶ
1666 5068 1962 5144 βασιλείας,
2026 5068 2411 5145 μεταφρασθεὶς
2471 5068 2603 5140 πρὸς
2658 5066 2720 5119 τὸ
2768 5065 3088 5142 σαφέστερον
3139 5069 3282 5141 παρὰ
3328 5074 3422 5121 τοῦ
3473 5067 3767 5122 σακελλίου

357 5159 464 5222 τῆς
505 5145 764 5226 Μεγάλης
814 5147 1139 5219 Ἐκκλησίας
1190 5146 1440 5202 διακόνου
1487 5151 1654 5222 κυροῦ
1718 5148 1989 5226 Γεωργίου
2046 5147 2550 5226 τοῦΓαλη-σξιώτου
2575 5189 2587 5213 ,
2617 5145 2747 5226 ,καῖ’
2776 5151 2870 5199 τοῦ
2919 5146 3234 5226 Οἰναιώτου-
3271 5153 3435 5226 κυροῦ
3475 5149 3768 5226 Γεωργίου,

357 5217 473 5289 τῶν
552 5217 922 5309 λογιωτάτων
972 5217 1180 5309 ἀνδρῶν
1239 5231 1360 5309 Δκαὶ
1405 5217 1708 5309 ῥητόρωνέ-
1736 5217 2002 5309 Nise-[2&0

2091 5219 2434 5309 Blemmz'daa
2464 5220 2654 5278 oratio
2704 5217 2774 5278 de
2816 5219 3132 5309 regnotad
3177 5217 3492 5309 duriorem
3543 5217 3768 5302 st'y'lum

363 5299 664 5368 translata
693 5326 730 5367 a
758 5306 994 5366 domino
1025 5299 1276 5384 Georgio
1312 5299 1607 5366 GaleSz'oi‘a
1638 5299 2198 5384 Magna—Ecclesia
2234 5300 2469 5384 (id_est
2525 5299 3236 5384 Constaphnppolitsms)
3297 5300 3562 5384 diacono,
3606 5299 3675 5361 ὀί
3731 5321 3770 5361 a

359 5387 600 5449 domino
620 5385 872 5466 Georgio
906 5379 1378 5460 anota'mirz's
1403 5379 1844 5466 sapz'entzlesziiu's
1871 5390 1924 5442 et
1951 5379 2298 5466 rhetoribus.
2322 5381 2486 5455 Ergo
2501 5381 2707 5466 codex
2737 5379 3231 5466 Yindoboneiisis
3258 5382 3769 5466 transformatam

359 5468 559 5529 habet
587 5485 709 5527 non
739 5459 1198 5544 primigeniam,
1232 5459 1614 5537 orationem;
1668 5464 1850 5544 sicuti
1898 5462 2100 5544 etiam
2143 5461 2336 5544 codex
2385 5460 2592 5538 regius
2636 5459 2984 5544 Parisiacus
3015 5480 3050 5520 a
3079 5461 3313 5544 (ζευείο
3344 5461 3660 5544 laudatus,
3695 5469 3765 5521 ut

360 5564 479 5609 nos
507 5547 667 5606 infra
699 5539 975 5606 dicemus
1004 5547 1068 5604 in
1110 5539 1357 5605 scholiis
1413 5544 1489 5602 ad
1547 5543 1889 5620 capitulum
1947 5539 2244 5600 orationis
2301 5544 2610 5600 octavum.
2672 5539 2905 5599 Eadem
2962 5541 3159 5614 oratio
3217 5541 3322 5615 sic,
3357 5547 3428 5600 ut
3485 5540 3756 5603 diximus

444 5732 530 5808 (α).
552 5731 702 5805 Aug.
734 5728 871 5788 Maii
899 5728 1094 5804 Smpt.
1128 5731 1253 5789 Yet.
1280 5731 1425 5792 tom.
1455 5729 1529 5801 II,
1560 5745 1620 5804 p.
1647 5727 1774 5787 609.
