  <div class='ocr_page' id='page_1' title='image "/cluster/home/n/w/nwhite01/storage/ocr_20150623/142/mdp.39015078384792/314.png"; bbox 0 0 4110 6428; ppageno 0'>
   <div class='ocr_carea' id='block_1_1' title="bbox 266 463 373 526">
    <p class='ocr_par' dir='ltr' id='par_1_1' title="bbox 266 463 373 526">
     <span class='ocr_line' id='line_1_1' title="bbox 266 463 373 526; baseline 0 -1"><span class='ocrx_word' id='word_1_1' title='bbox 266 463 373 526; x_wconf 81' lang='grc'>613</span> 
     </span>
    </p>
   </div>
   <div class='ocr_carea' id='block_1_2' title="bbox 1383 456 2492 522">
    <p class='ocr_par' dir='ltr' id='par_1_2' title="bbox 1383 456 2492 522">
     <span class='ocr_line' id='line_1_2' title="bbox 1383 456 2492 522; baseline -0.003 0"><span class='ocrx_word' id='word_1_2' title='bbox 1383 459 1674 522; x_wconf 78' lang='lat' dir='ltr'>ORATIO</span> <span class='ocrx_word' id='word_1_3' title='bbox 1716 458 1820 520; x_wconf 89' lang='lat' dir='ltr'><strong>DE</strong></span> <span class='ocrx_word' id='word_1_4' title='bbox 1862 456 2093 521; x_wconf 83' lang='lat' dir='ltr'>REGIS</span> <span class='ocrx_word' id='word_1_5' title='bbox 2138 458 2492 521; x_wconf 87' lang='lat' dir='ltr'>OFFICIIS.</span> 
     </span>
    </p>
   </div>
   <div class='ocr_carea' id='block_1_3' title="bbox 3519 464 3639 525">
    <p class='ocr_par' dir='ltr' id='par_1_3' title="bbox 3519 464 3639 525">
     <span class='ocr_line' id='line_1_3' title="bbox 3519 464 3639 525; baseline 0.017 -2"><span class='ocrx_word' id='word_1_6' title='bbox 3519 464 3639 525; x_wconf 73' lang='grc'>614</span> 
     </span>
    </p>
   </div>
   <div class='ocr_carea' id='block_1_4' title="bbox 272 586 1882 668">
    <p class='ocr_par' dir='ltr' id='par_1_4' title="bbox 272 586 1882 668">
     <span class='ocr_line' id='line_1_4' title="bbox 272 586 1882 668; baseline -0.002 -19"><span class='ocrx_word' id='word_1_7' title='bbox 272 592 391 668; x_wconf 75' lang='grc' dir='ltr'><strong>ὅπερ</strong></span> <span class='ocrx_word' id='word_1_8' title='bbox 443 591 673 667; x_wconf 74' lang='grc' dir='ltr'>προξενεῖ</span> <span class='ocrx_word' id='word_1_9' title='bbox 716 586 935 658; x_wconf 75' lang='grc' dir='ltr'><strong>πολλὴν</strong></span> <span class='ocrx_word' id='word_1_10' title='bbox 979 595 1097 653; x_wconf 81' lang='grc' dir='ltr'><strong>τοῖς</strong></span> <span class='ocrx_word' id='word_1_11' title='bbox 1143 589 1417 653; x_wconf 80' lang='grc' dir='ltr'>τοιούτοις</span> <span class='ocrx_word' id='word_1_12' title='bbox 1475 588 1699 652; x_wconf 79' lang='grc' dir='ltr'><strong>δούλοις</strong></span> <span class='ocrx_word' id='word_1_13' title='bbox 1744 589 1882 667; x_wconf 83' lang='grc' dir='ltr'><strong>ὠφέ-</strong></span> 
     </span>
    </p>
   </div>
   <div class='ocr_carea' id='block_1_5' title="bbox 1994 586 3639 668">
    <p class='ocr_par' dir='ltr' id='par_1_5' title="bbox 2000 589 3639 667">
     <span class='ocr_line' id='line_1_5' title="bbox 2000 589 3639 667; baseline 0.003 -21"><span class='ocrx_word' id='word_1_14' title='bbox 2000 595 2300 658; x_wconf 88' lang='lat' dir='ltr'>sentanea,</span> <span class='ocrx_word' id='word_1_15' title='bbox 2331 594 2397 646; x_wconf 90' lang='lat' dir='ltr'>ut</span> <span class='ocrx_word' id='word_1_16' title='bbox 2442 590 2664 646; x_wconf 84' lang='lat' dir='ltr'>subditi</span> <span class='ocrx_word' id='word_1_17' title='bbox 2695 589 2970 647; x_wconf 83' lang='lat' dir='ltr'>mortales</span> <span class='ocrx_word' id='word_1_18' title='bbox 2998 590 3287 648; x_wconf 89' lang='lat' dir='ltr'>tributum</span> <span class='ocrx_word' id='word_1_19' title='bbox 3319 593 3440 665; x_wconf 88' lang='lat' dir='ltr'>regi</span> <span class='ocrx_word' id='word_1_20' title='bbox 3492 611 3639 667; x_wconf 85' lang='lat' dir='ltr'>pen-</span> 
     </span>
    </p>
   </div>
   <div class='ocr_carea' id='block_1_6' title="bbox 269 677 1877 755">
    <p class='ocr_par' dir='ltr' id='par_1_6' title="bbox 269 677 1877 755">
     <span class='ocr_line' id='line_1_6' title="bbox 269 677 1877 755; baseline -0.002 -18"><span class='ocrx_word' id='word_1_21' title='bbox 269 680 424 737; x_wconf 83' lang='grc' dir='ltr'><strong>λειαν’</strong></span> <span class='ocrx_word' id='word_1_22' title='bbox 481 677 644 741; x_wconf 75' lang='grc' dir='ltr'><strong>οὕτως</strong></span> <span class='ocrx_word' id='word_1_23' title='bbox 697 678 801 754; x_wconf 83' lang='grc' dir='ltr'><strong>γὰρ</strong></span> <span class='ocrx_word' id='word_1_24' title='bbox 870 677 1132 753; x_wconf 86' lang='grc' dir='ltr'><strong>μέλλουσι</strong></span> <span class='ocrx_word' id='word_1_25' title='bbox 1192 678 1534 755; x_wconf 88' lang='grc' dir='ltr'><strong>πληροῦσθαι</strong></span> <span class='ocrx_word' id='word_1_26' title='bbox 1598 679 1665 734; x_wconf 76' lang='grc' dir='ltr'><strong>τὰ</strong></span> <span class='ocrx_word' id='word_1_27' title='bbox 1720 680 1877 753; x_wconf 88' lang='grc' dir='ltr'><strong>πρέ-</strong></span> 
     </span>
    </p>
   </div>
   <div class='ocr_carea' id='block_1_7' title="bbox 269 765 1878 842">
    <p class='ocr_par' dir='ltr' id='par_1_7' title="bbox 269 765 1878 842">
     <span class='ocr_line' id='line_1_7' title="bbox 269 765 1878 842; baseline -0.002 -18"><span class='ocrx_word' id='word_1_28' title='bbox 269 789 436 824; x_wconf 85' lang='grc' dir='ltr'><strong>ποντα·</strong></span> <span class='ocrx_word' id='word_1_29' title='bbox 489 769 516 823; x_wconf 98' lang='lat'>6</span> <span class='ocrx_word' id='word_1_30' title='bbox 566 768 664 842; x_wconf 81' lang='grc' dir='ltr'><strong>γὰρ</strong></span> <span class='ocrx_word' id='word_1_31' title='bbox 726 766 1098 840; x_wconf 82' lang='grc' dir='ltr'><strong>ἐμπιστευθεὶς</strong></span> <span class='ocrx_word' id='word_1_32' title='bbox 1152 769 1252 838; x_wconf 71' lang='grc' dir='ltr'><strong>τὴν</strong></span> <span class='ocrx_word' id='word_1_33' title='bbox 1304 773 1413 823; x_wconf 89' lang='grc' dir='ltr'>τῶν</span> <span class='ocrx_word' id='word_1_34' title='bbox 1471 768 1679 823; x_wconf 87' lang='grc' dir='ltr'><strong>πάντων</strong></span> <span class='ocrx_word' id='word_1_35' title='bbox 1741 765 1878 822; x_wconf 81' lang='grc' dir='ltr'><strong>διοί-</strong></span> 
     </span>
    </p>
   </div>
   <div class='ocr_carea' id='block_1_8' title="bbox 266 854 1877 933">
    <p class='ocr_par' dir='ltr' id='par_1_8' title="bbox 266 854 1877 933">
     <span class='ocr_line' id='line_1_8' title="bbox 266 854 1877 933; baseline -0.002 -20"><span class='ocrx_word' id='word_1_36' title='bbox 266 878 428 928; x_wconf 84' lang='grc' dir='ltr'><strong>κησιν,</strong></span> <span class='ocrx_word' id='word_1_37' title='bbox 474 855 661 917; x_wconf 81' lang='grc' dir='ltr'><strong>ἐκεῖνος</strong></span> <span class='ocrx_word' id='word_1_38' title='bbox 711 854 827 931; x_wconf 84' lang='grc' dir='ltr'><strong>ἔχει</strong></span> <span class='ocrx_word' id='word_1_39' title='bbox 874 857 972 925; x_wconf 76' lang='grc' dir='ltr'><strong>τὴν</strong></span> <span class='ocrx_word' id='word_1_40' title='bbox 1020 859 1391 931; x_wconf 78' lang='grc' dir='ltr'>προμήθειαν·</span> <span class='ocrx_word' id='word_1_41' title='bbox 1449 856 1538 912; x_wconf 72' lang='grc' dir='ltr'><strong>διὰ</strong></span> <span class='ocrx_word' id='word_1_42' title='bbox 1581 860 1742 911; x_wconf 89' lang='grc' dir='ltr'><strong>τοῦτο</strong></span> <span class='ocrx_word' id='word_1_43' title='bbox 1790 856 1877 933; x_wconf 84' lang='grc' dir='ltr'>ἀφ’</span> 
     </span>
    </p>
   </div>
   <div class='ocr_carea' id='block_1_9' title="bbox 269 941 1879 1021">
    <p class='ocr_par' dir='ltr' id='par_1_9' title="bbox 269 941 1879 1021">
     <span class='ocr_line' id='line_1_9' title="bbox 269 941 1879 1021; baseline -0.001 -21"><span class='ocrx_word' id='word_1_44' title='bbox 269 945 438 1001; x_wconf 70' lang='grc' dir='ltr'><strong>ἑαυτοῦ</strong></span> <span class='ocrx_word' id='word_1_45' title='bbox 479 944 564 999; x_wconf 90' lang='grc' dir='ltr'><strong>τὸν</strong></span> <span class='ocrx_word' id='word_1_46' title='bbox 617 941 838 1019; x_wconf 80' lang='grc' dir='ltr'>βασιλέα</span> <span class='ocrx_word' id='word_1_47' title='bbox 882 942 1049 1017; x_wconf 76' lang='grc' dir='ltr'><strong>μηδὲν</strong></span> <span class='ocrx_word' id='word_1_48' title='bbox 1103 943 1300 1021; x_wconf 76' lang='grc' dir='ltr'><strong>ἔχοντα</strong></span> <span class='ocrx_word' id='word_1_49' title='bbox 1347 942 1482 1000; x_wconf 67' lang='grc' dir='ltr'><strong>ἴδιον</strong></span> <span class='ocrx_word' id='word_1_50' title='bbox 1527 947 1625 1019; x_wconf 85' lang='grc'>(1),</span> <span class='ocrx_word' id='word_1_51' title='bbox 1674 944 1879 1020; x_wconf 86' lang='grc' dir='ltr'><strong>πρέπον</strong></span> 
     </span>
    </p>
   </div>
   <div class='ocr_carea' id='block_1_10' title="bbox 264 1027 1876 1107">
    <p class='ocr_par' dir='ltr' id='par_1_10' title="bbox 264 1027 1876 1107">
     <span class='ocr_line' id='line_1_10' title="bbox 264 1027 1876 1107; baseline -0.001 -18"><span class='ocrx_word' id='word_1_52' title='bbox 264 1033 390 1089; x_wconf 77' lang='grc' dir='ltr'><strong>ἐστὶν</strong></span> <span class='ocrx_word' id='word_1_53' title='bbox 434 1031 491 1088; x_wconf 86' lang='grc' dir='ltr'>ἐκ</span> <span class='ocrx_word' id='word_1_54' title='bbox 530 1036 632 1088; x_wconf 92' lang='grc' dir='ltr'>τῶν</span> <span class='ocrx_word' id='word_1_55' title='bbox 681 1036 876 1088; x_wconf 83' lang='grc' dir='ltr'><strong>κοινῶν</strong></span> <span class='ocrx_word' id='word_1_56' title='bbox 931 1027 1250 1107; x_wconf 73' lang='grc' dir='ltr'><strong>λαμϐάνειν,</strong></span> <span class='ocrx_word' id='word_1_57' title='bbox 1301 1033 1392 1089; x_wconf 84' lang='grc' dir='ltr'><strong>καὶ</strong></span> <span class='ocrx_word' id='word_1_58' title='bbox 1439 1034 1595 1088; x_wconf 81' lang='grc' dir='ltr'><strong>κοινὰ</strong></span> <span class='ocrx_word' id='word_1_59' title='bbox 1648 1033 1716 1087; x_wconf 80' lang='grc' dir='ltr'><strong>τὰ</strong></span> <span class='ocrx_word' id='word_1_60' title='bbox 1770 1037 1876 1087; x_wconf 89' lang='grc' dir='ltr'>τῶν</span> 
     </span>
    </p>
   </div>
   <div class='ocr_carea' id='block_1_11' title="bbox 263 1120 1877 1196">
    <p class='ocr_par' dir='ltr' id='par_1_11' title="bbox 263 1120 1877 1196">
     <span class='ocr_line' id='line_1_11' title="bbox 263 1120 1877 1196; baseline -0.001 -19"><span class='ocrx_word' id='word_1_61' title='bbox 263 1120 392 1177; x_wconf 71' lang='grc' dir='ltr'><strong>ὅλων</strong></span> <span class='ocrx_word' id='word_1_62' title='bbox 460 1125 628 1176; x_wconf 77' lang='grc' dir='ltr'><strong>ποιεῖν</strong></span> <span class='ocrx_word' id='word_1_63' title='bbox 662 1139 674 1152; x_wconf 86' lang='grc'>·</span> <span class='ocrx_word' id='word_1_64' title='bbox 736 1121 811 1184; x_wconf 86' lang='grc' dir='ltr'><strong>ὡς</strong></span> <span class='ocrx_word' id='word_1_65' title='bbox 883 1120 942 1176; x_wconf 75' lang='grc' dir='ltr'><strong>ἂν</strong></span> <span class='ocrx_word' id='word_1_66' title='bbox 1022 1121 1258 1186; x_wconf 81' lang='grc' dir='ltr'><strong>ἐντεῦθεν</strong></span> <span class='ocrx_word' id='word_1_67' title='bbox 1335 1122 1601 1196; x_wconf 80' lang='grc' dir='ltr'><strong>οἷκονομῇ</strong></span> <span class='ocrx_word' id='word_1_68' title='bbox 1677 1120 1877 1183; x_wconf 79' lang='grc' dir='ltr'>πάντας</span> 
     </span>
    </p>
   </div>
   <div class='ocr_carea' id='block_1_12' title="bbox 260 1205 1875 1288">
    <p class='ocr_par' dir='ltr' id='par_1_12' title="bbox 260 1205 1875 1288">
     <span class='ocr_line' id='line_1_12' title="bbox 260 1205 1875 1288; baseline 0 -23"><span class='ocrx_word' id='word_1_69' title='bbox 260 1209 490 1287; x_wconf 75' lang='grc' dir='ltr'>ἀσφαλῶς</span> <span class='ocrx_word' id='word_1_70' title='bbox 541 1207 683 1285; x_wconf 79' lang='grc' dir='ltr'><strong>ἔχειν</strong></span> <span class='ocrx_word' id='word_1_71' title='bbox 732 1211 801 1264; x_wconf 76' lang='grc' dir='ltr'><strong>τὰ</strong></span> <span class='ocrx_word' id='word_1_72' title='bbox 851 1207 983 1284; x_wconf 73' lang='grc' dir='ltr'><strong>ἴδια,</strong></span> <span class='ocrx_word' id='word_1_73' title='bbox 1036 1215 1466 1288; x_wconf 88' lang='grc' dir='ltr'><strong>συγκροτοῦντας</strong></span> <span class='ocrx_word' id='word_1_74' title='bbox 1508 1210 1597 1266; x_wconf 83' lang='grc' dir='ltr'><strong>καὶ</strong></span> <span class='ocrx_word' id='word_1_75' title='bbox 1629 1205 1875 1283; x_wconf 74' lang='grc' dir='ltr'><strong>συμϐοη-</strong></span> 
     </span>
    </p>
   </div>
   <div class='ocr_carea' id='block_1_13' title="bbox 257 1296 1872 1373">
    <p class='ocr_par' dir='ltr' id='par_1_13' title="bbox 257 1296 1872 1373">
     <span class='ocr_line' id='line_1_13' title="bbox 257 1296 1872 1373; baseline 0 -19"><span class='ocrx_word' id='word_1_76' title='bbox 257 1303 462 1363; x_wconf 88' lang='grc' dir='ltr'><strong>θοῦντας</strong></span> <span class='ocrx_word' id='word_1_77' title='bbox 506 1296 798 1371; x_wconf 72' lang='grc' dir='ltr'><strong>ἀλλήλοις,</strong></span> <span class='ocrx_word' id='word_1_78' title='bbox 858 1298 949 1354; x_wconf 83' lang='grc' dir='ltr'><strong>καὶ</strong></span> <span class='ocrx_word' id='word_1_79' title='bbox 1007 1297 1096 1354; x_wconf 77' lang='grc' dir='ltr'><strong>διὰ</strong></span> <span class='ocrx_word' id='word_1_80' title='bbox 1150 1300 1350 1362; x_wconf 87' lang='grc' dir='ltr'><strong>παντὸς</strong></span> <span class='ocrx_word' id='word_1_81' title='bbox 1406 1297 1872 1373; x_wconf 86' lang='grc' dir='ltr'><strong>ἐπιμελουμένους</strong></span> 
     </span>
    </p>
   </div>
   <div class='ocr_carea' id='block_1_14' title="bbox 250 1384 1877 1464">
    <p class='ocr_par' dir='ltr' id='par_1_14' title="bbox 250 1384 1877 1464">
     <span class='ocr_line' id='line_1_14' title="bbox 250 1384 1877 1464; baseline 0.001 -23"><span class='ocrx_word' id='word_1_82' title='bbox 250 1385 334 1442; x_wconf 73' lang='grc' dir='ltr'><strong>’ίνα</strong></span> <span class='ocrx_word' id='word_1_83' title='bbox 392 1384 752 1464; x_wconf 74' lang='grc' dir='ltr'><strong>φυλάττωνται</strong></span> <span class='ocrx_word' id='word_1_84' title='bbox 827 1385 1221 1464; x_wconf 83' lang='grc' dir='ltr'><strong>άδιαχώριστοι</strong></span> <span class='ocrx_word' id='word_1_85' title='bbox 1253 1433 1268 1460; x_wconf 96' lang='grc'>,</span> <span class='ocrx_word' id='word_1_86' title='bbox 1328 1386 1509 1462; x_wconf 78' lang='grc' dir='ltr'><strong>ὥσπερ</strong></span> <span class='ocrx_word' id='word_1_87' title='bbox 1584 1387 1640 1443; x_wconf 81' lang='grc' dir='ltr'><strong>ἓν</strong></span> <span class='ocrx_word' id='word_1_88' title='bbox 1716 1392 1877 1460; x_wconf 88' lang='grc' dir='ltr'><strong>σῶμα</strong></span> 
     </span>
    </p>
   </div>
   <div class='ocr_carea' id='block_1_15' title="bbox 253 1470 1873 1553">
    <p class='ocr_par' dir='ltr' id='par_1_15' title="bbox 253 1470 1873 1553">
     <span class='ocr_line' id='line_1_15' title="bbox 253 1470 1873 1553; baseline 0.001 -25"><span class='ocrx_word' id='word_1_89' title='bbox 253 1470 386 1538; x_wconf 75' lang='grc' dir='ltr'><strong>ὄντες</strong></span> <span class='ocrx_word' id='word_1_90' title='bbox 414 1493 427 1506; x_wconf 78' lang='grc'><strong><em>⁸</em></strong></span> <span class='ocrx_word' id='word_1_91' title='bbox 487 1474 625 1531; x_wconf 71' lang='grc' dir='ltr'><strong>οὕτω</strong></span> <span class='ocrx_word' id='word_1_92' title='bbox 684 1473 743 1530; x_wconf 77' lang='grc' dir='ltr'>δὲ</span> <span class='ocrx_word' id='word_1_93' title='bbox 813 1475 905 1532; x_wconf 82' lang='grc' dir='ltr'>καὶ</span> <span class='ocrx_word' id='word_1_94' title='bbox 965 1480 1101 1546; x_wconf 87' lang='grc' dir='ltr'><strong>ζῶον</strong></span> <span class='ocrx_word' id='word_1_95' title='bbox 1166 1477 1592 1553; x_wconf 85' lang='grc' dir='ltr'><strong>ἀκαταμάχητον</strong></span> <span class='ocrx_word' id='word_1_96' title='bbox 1656 1473 1873 1532; x_wconf 78' lang='grc' dir='ltr'><strong>δύναται</strong></span> 
     </span>
    </p>
   </div>
   <div class='ocr_carea' id='block_1_16' title="bbox 251 1561 1875 1641">
    <p class='ocr_par' dir='ltr' id='par_1_16' title="bbox 251 1561 1875 1641">
     <span class='ocr_line' id='line_1_16' title="bbox 251 1561 1875 1641; baseline 0.001 -23"><span class='ocrx_word' id='word_1_97' title='bbox 251 1561 369 1618; x_wconf 76' lang='grc' dir='ltr'><strong>εἶναι</strong></span> <span class='ocrx_word' id='word_1_98' title='bbox 399 1609 413 1635; x_wconf 86' lang='grc'>,</span> <span class='ocrx_word' id='word_1_99' title='bbox 470 1562 555 1618; x_wconf 81' lang='grc' dir='ltr'><strong>ἐὰν</strong></span> <span class='ocrx_word' id='word_1_100' title='bbox 610 1565 786 1619; x_wconf 89' lang='grc' dir='ltr'><strong>πάντα</strong></span> <span class='ocrx_word' id='word_1_101' title='bbox 839 1564 909 1619; x_wconf 74' lang='grc' dir='ltr'><strong>τὸ.</strong></span> <span class='ocrx_word' id='word_1_102' title='bbox 981 1564 1175 1620; x_wconf 75' lang='grc' dir='ltr'><strong>ἑαυτοῦ</strong></span> <span class='ocrx_word' id='word_1_103' title='bbox 1237 1563 1378 1638; x_wconf 88' lang='grc' dir='ltr'><strong>μέλη</strong></span> <span class='ocrx_word' id='word_1_104' title='bbox 1434 1585 1523 1620; x_wconf 89' lang='grc' dir='ltr'>και</span> <span class='ocrx_word' id='word_1_105' title='bbox 1583 1566 1720 1641; x_wconf 88' lang='grc' dir='ltr'><strong>μέρη</strong></span> <span class='ocrx_word' id='word_1_106' title='bbox 1777 1564 1875 1627; x_wconf 78' lang='grc' dir='ltr'><strong>τὰς</strong></span> 
     </span>
    </p>
   </div>
   <div class='ocr_carea' id='block_1_17' title="bbox 250 1650 1872 1730">
    <p class='ocr_par' dir='ltr' id='par_1_17' title="bbox 250 1650 1872 1730">
     <span class='ocr_line' id='line_1_17' title="bbox 250 1650 1872 1730; baseline 0.001 -24"><span class='ocrx_word' id='word_1_107' title='bbox 250 1651 434 1706; x_wconf 74' lang='grc' dir='ltr'><strong>ἑαυτῶν</strong></span> <span class='ocrx_word' id='word_1_108' title='bbox 488 1651 754 1729; x_wconf 79' lang='grc' dir='ltr'><strong>ἐνεργείας</strong></span> <span class='ocrx_word' id='word_1_109' title='bbox 810 1650 1098 1730; x_wconf 86' lang='grc' dir='ltr'><strong>πληρῶσιν</strong></span> <span class='ocrx_word' id='word_1_110' title='bbox 1131 1672 1144 1686; x_wconf 85' lang='lat'><strong><em>°</em></strong></span> <span class='ocrx_word' id='word_1_111' title='bbox 1206 1654 1234 1708; x_wconf 92' lang='lat'>6</span> <span class='ocrx_word' id='word_1_112' title='bbox 1289 1657 1419 1728; x_wconf 87' lang='grc' dir='ltr'><strong>γοῦν</strong></span> <span class='ocrx_word' id='word_1_113' title='bbox 1476 1652 1729 1730; x_wconf 85' lang='grc' dir='ltr'><strong>βασιλεὺς</strong></span> <span class='ocrx_word' id='word_1_114' title='bbox 1784 1674 1872 1708; x_wconf 88' lang='grc' dir='ltr'><strong>κε-</strong></span> 
     </span>
    </p>
   </div>
   <div class='ocr_carea' id='block_1_18' title="bbox 248 1737 1871 1819">
    <p class='ocr_par' dir='ltr' id='par_1_18' title="bbox 248 1737 1871 1819">
     <span class='ocr_line' id='line_1_18' title="bbox 248 1737 1871 1819; baseline 0.002 -25"><span class='ocrx_word' id='word_1_115' title='bbox 248 1737 381 1817; x_wconf 81' lang='grc' dir='ltr'><strong>φαλὴ</strong></span> <span class='ocrx_word' id='word_1_116' title='bbox 430 1741 516 1795; x_wconf 79' lang='grc' dir='ltr'><strong>καὶ</strong></span> <span class='ocrx_word' id='word_1_117' title='bbox 565 1745 694 1803; x_wconf 88' lang='grc' dir='ltr'><strong>νοῦς</strong></span> <span class='ocrx_word' id='word_1_118' title='bbox 745 1746 854 1797; x_wconf 87' lang='grc' dir='ltr'>τῶν</span> <span class='ocrx_word' id='word_1_119' title='bbox 915 1739 1060 1797; x_wconf 79' lang='grc' dir='ltr'><strong>ὅλων</strong></span> <span class='ocrx_word' id='word_1_120' title='bbox 1124 1741 1386 1818; x_wconf 81' lang='grc' dir='ltr'>ὑπάρχων</span> <span class='ocrx_word' id='word_1_121' title='bbox 1418 1789 1435 1816; x_wconf 77' lang='grc'>,</span> <span class='ocrx_word' id='word_1_122' title='bbox 1494 1739 1611 1819; x_wconf 79' lang='grc' dir='ltr'><strong>ἔχει</strong></span> <span class='ocrx_word' id='word_1_123' title='bbox 1666 1739 1871 1797; x_wconf 88' lang='grc' dir='ltr'><strong>δίκαιον</strong></span> 
     </span>
    </p>
   </div>
   <div class='ocr_carea' id='block_1_19' title="bbox 247 1822 1871 1904">
    <p class='ocr_par' dir='ltr' id='par_1_19' title="bbox 247 1822 1871 1904">
     <span class='ocr_line' id='line_1_19' title="bbox 247 1822 1871 1904; baseline 0.001 -22"><span class='ocrx_word' id='word_1_124' title='bbox 247 1822 523 1901; x_wconf 78' lang='grc' dir='ltr'><strong>λαμϐάνειν</strong></span> <span class='ocrx_word' id='word_1_125' title='bbox 576 1829 687 1885; x_wconf 87' lang='grc' dir='ltr'><strong>ἀπὸ</strong></span> <span class='ocrx_word' id='word_1_126' title='bbox 742 1831 960 1886; x_wconf 90' lang='grc' dir='ltr'><strong>πάντων</strong></span> <span class='ocrx_word' id='word_1_127' title='bbox 1016 1829 1321 1904; x_wconf 84' lang='grc' dir='ltr'><strong>τελέσματα</strong></span> <span class='ocrx_word' id='word_1_128' title='bbox 1346 1875 1362 1902; x_wconf 90' lang='grc'>,</span> <span class='ocrx_word' id='word_1_129' title='bbox 1423 1830 1498 1894; x_wconf 86' lang='grc' dir='ltr'>εἰς</span> <span class='ocrx_word' id='word_1_130' title='bbox 1547 1833 1645 1900; x_wconf 77' lang='grc' dir='ltr'><strong>τὴν</strong></span> <span class='ocrx_word' id='word_1_131' title='bbox 1697 1830 1871 1886; x_wconf 79' lang='grc' dir='ltr'><strong>αὐτῶν</strong></span> 
     </span>
    </p>
   </div>
   <div class='ocr_carea' id='block_1_20' title="bbox 1990 678 3640 752">
    <p class='ocr_par' dir='ltr' id='par_1_20' title="bbox 1990 678 3640 752">
     <span class='ocr_line' id='line_1_20' title="bbox 1990 678 3640 752; baseline 0.002 -17"><span class='ocrx_word' id='word_1_132' title='bbox 1990 681 2135 735; x_wconf 82' lang='lat' dir='ltr'>dant</span> <span class='ocrx_word' id='word_1_133' title='bbox 2167 698 2180 735; x_wconf 87' lang='lat'><strong>:</strong></span> <span class='ocrx_word' id='word_1_134' title='bbox 2212 696 2339 752; x_wconf 68' lang='lat' dir='ltr'>qua:</span> <span class='ocrx_word' id='word_1_135' title='bbox 2391 696 2482 734; x_wconf 87' lang='lat' dir='ltr'>res</span> <span class='ocrx_word' id='word_1_136' title='bbox 2512 678 2783 751; x_wconf 90' lang='lat' dir='ltr'>ipsismet</span> <span class='ocrx_word' id='word_1_137' title='bbox 2812 680 3063 736; x_wconf 92' lang='lat' dir='ltr'>subditis</span> <span class='ocrx_word' id='word_1_138' title='bbox 3112 680 3355 737; x_wconf 87' lang='lat' dir='ltr'>multam</span> <span class='ocrx_word' id='word_1_139' title='bbox 3404 683 3640 739; x_wconf 88' lang='lat' dir='ltr'>exhibet</span> 
     </span>
    </p>
   </div>
   <div class='ocr_carea' id='block_1_21' title="bbox 1988 768 3638 841">
    <p class='ocr_par' dir='ltr' id='par_1_21' title="bbox 1988 768 3638 841">
     <span class='ocr_line' id='line_1_21' title="bbox 1988 768 3638 841; baseline 0.004 -19"><span class='ocrx_word' id='word_1_140' title='bbox 1988 768 2326 824; x_wconf 91' lang='lat' dir='ltr'>utilitatem.</span> <span class='ocrx_word' id='word_1_141' title='bbox 2357 769 2451 823; x_wconf 86' lang='lat' dir='ltr'>Sic</span> <span class='ocrx_word' id='word_1_142' title='bbox 2499 768 2657 824; x_wconf 89' lang='lat' dir='ltr'>enim</span> <span class='ocrx_word' id='word_1_143' title='bbox 2689 769 2945 824; x_wconf 90' lang='lat' dir='ltr'>ofﬁcium</span> <span class='ocrx_word' id='word_1_144' title='bbox 2981 769 3230 841; x_wconf 90' lang='lat' dir='ltr'>quisque</span> <span class='ocrx_word' id='word_1_145' title='bbox 3274 788 3449 827; x_wconf 89' lang='lat' dir='ltr'>suum</span> <span class='ocrx_word' id='word_1_146' title='bbox 3479 789 3638 828; x_wconf 86' lang='lat' dir='ltr'>exse-</span> 
     </span>
    </p>
   </div>
   <div class='ocr_carea' id='block_1_22' title="bbox 1989 856 3637 928">
    <p class='ocr_par' dir='ltr' id='par_1_22' title="bbox 1989 856 3637 928">
     <span class='ocr_line' id='line_1_22' title="bbox 1989 856 3637 928; baseline 0.004 -18"><span class='ocrx_word' id='word_1_147' title='bbox 1989 856 2206 928; x_wconf 85' lang='lat' dir='ltr'>quitur.</span> <span class='ocrx_word' id='word_1_148' title='bbox 2239 857 2384 912; x_wconf 93' lang='lat' dir='ltr'>Nam</span> <span class='ocrx_word' id='word_1_149' title='bbox 2438 873 2552 927; x_wconf 81' lang='lat' dir='ltr'>rex,</span> <span class='ocrx_word' id='word_1_150' title='bbox 2584 856 2677 911; x_wconf 91' lang='lat' dir='ltr'>cui</span> <span class='ocrx_word' id='word_1_151' title='bbox 2718 857 2917 911; x_wconf 86' lang='lat' dir='ltr'>omnia</span> <span class='ocrx_word' id='word_1_152' title='bbox 2967 858 3432 915; x_wconf 90' lang='lat' dir='ltr'>administranda</span> <span class='ocrx_word' id='word_1_153' title='bbox 3480 877 3637 916; x_wconf 91' lang='lat' dir='ltr'>com-</span> 
     </span>
    </p>
   </div>
   <div class='ocr_carea' id='block_1_23' title="bbox 1988 944 3634 1022">
    <p class='ocr_par' dir='ltr' id='par_1_23' title="bbox 1988 944 3634 1022">
     <span class='ocr_line' id='line_1_23' title="bbox 1988 944 3634 1022; baseline 0.004 -24"><span class='ocrx_word' id='word_1_154' title='bbox 1988 944 2172 1000; x_wconf 87' lang='lat' dir='ltr'>missa</span> <span class='ocrx_word' id='word_1_155' title='bbox 2194 945 2812 1015; x_wconf 87' lang='lat' dir='ltr'>fuerunt,providendo</span> <span class='ocrx_word' id='word_1_156' title='bbox 2838 945 3138 1017; x_wconf 80' lang='lat' dir='ltr'>invigilat:</span> <span class='ocrx_word' id='word_1_157' title='bbox 3169 948 3415 1020; x_wconf 87' lang='lat' dir='ltr'>ideoque</span> <span class='ocrx_word' id='word_1_158' title='bbox 3438 949 3634 1022; x_wconf 89' lang='lat' dir='ltr'>ipsum</span> 
     </span>
    </p>
   </div>
   <div class='ocr_carea' id='block_1_24' title="bbox 1988 1032 3633 1108">
    <p class='ocr_par' dir='ltr' id='par_1_24' title="bbox 1988 1032 3633 1108">
     <span class='ocr_line' id='line_1_24' title="bbox 1988 1032 3633 1108; baseline 0.004 -21"><span class='ocrx_word' id='word_1_159' title='bbox 1988 1032 2134 1087; x_wconf 84' lang='lat' dir='ltr'>nihil</span> <span class='ocrx_word' id='word_1_160' title='bbox 2190 1032 2491 1104; x_wconf 91' lang='lat' dir='ltr'>proprium</span> <span class='ocrx_word' id='word_1_161' title='bbox 2541 1033 2851 1089; x_wconf 85' lang='lat' dir='ltr'>habentem</span> <span class='ocrx_word' id='word_1_162' title='bbox 2884 1034 3049 1090; x_wconf 89' lang='lat' dir='ltr'>decet</span> <span class='ocrx_word' id='word_1_163' title='bbox 3079 1036 3149 1091; x_wconf 93' lang='lat' dir='ltr'>de</span> <span class='ocrx_word' id='word_1_164' title='bbox 3196 1037 3430 1108; x_wconf 89' lang='lat' dir='ltr'>publico</span> <span class='ocrx_word' id='word_1_165' title='bbox 3482 1038 3633 1094; x_wconf 91' lang='lat' dir='ltr'>acci-</span> 
     </span>
    </p>
   </div>
   <div class='ocr_carea' id='block_1_25' title="bbox 1985 1121 3632 1193">
    <p class='ocr_par' dir='ltr' id='par_1_25' title="bbox 1985 1121 3632 1193">
     <span class='ocr_line' id='line_1_25' title="bbox 1985 1121 3632 1193; baseline 0.004 -17"><span class='ocrx_word' id='word_1_166' title='bbox 1985 1137 2140 1192; x_wconf 87' lang='lat' dir='ltr'>pere,</span> <span class='ocrx_word' id='word_1_167' title='bbox 2188 1125 2246 1177; x_wconf 92' lang='lat' dir='ltr'>et</span> <span class='ocrx_word' id='word_1_168' title='bbox 2294 1121 2727 1193; x_wconf 91' lang='lat' dir='ltr'>quodammodo</span> <span class='ocrx_word' id='word_1_169' title='bbox 2775 1121 3040 1193; x_wconf 87' lang='lat' dir='ltr'>publicas</span> <span class='ocrx_word' id='word_1_170' title='bbox 3090 1124 3318 1180; x_wconf 88' lang='lat' dir='ltr'>efﬁcere</span> <span class='ocrx_word' id='word_1_171' title='bbox 3367 1126 3632 1182; x_wconf 90' lang='lat' dir='ltr'>omnium</span> 
     </span>
    </p>
   </div>
   <div class='ocr_carea' id='block_1_26' title="bbox 1985 1209 3636 1287">
    <p class='ocr_par' dir='ltr' id='par_1_26' title="bbox 1985 1209 3636 1287">
     <span class='ocr_line' id='line_1_26' title="bbox 1985 1209 3636 1287; baseline 0.005 -24"><span class='ocrx_word' id='word_1_172' title='bbox 1985 1209 2313 1265; x_wconf 79' lang='lat' dir='ltr'>facultates.</span> <span class='ocrx_word' id='word_1_173' title='bbox 2347 1210 2441 1265; x_wconf 89' lang='lat' dir='ltr'>Sic</span> <span class='ocrx_word' id='word_1_174' title='bbox 2491 1209 2648 1265; x_wconf 88' lang='lat' dir='ltr'>enim</span> <span class='ocrx_word' id='word_1_175' title='bbox 2682 1211 2732 1264; x_wconf 89' lang='lat' dir='ltr'>is</span> <span class='ocrx_word' id='word_1_176' title='bbox 2764 1211 3070 1282; x_wconf 85' lang='lat' dir='ltr'>curaverit,</span> <span class='ocrx_word' id='word_1_177' title='bbox 3103 1216 3166 1267; x_wconf 90' lang='lat' dir='ltr'>ut</span> <span class='ocrx_word' id='word_1_178' title='bbox 3214 1230 3336 1268; x_wconf 89' lang='lat' dir='ltr'>rem</span> <span class='ocrx_word' id='word_1_179' title='bbox 3384 1216 3636 1287; x_wconf 88' lang='lat' dir='ltr'>quisque</span> 
     </span>
    </p>
   </div>
   <div class='ocr_carea' id='block_1_27' title="bbox 1984 1299 3633 1370">
    <p class='ocr_par' dir='ltr' id='par_1_27' title="bbox 1984 1299 3633 1370">
     <span class='ocr_line' id='line_1_27' title="bbox 1984 1299 3633 1370; baseline 0.005 -17"><span class='ocrx_word' id='word_1_180' title='bbox 1984 1314 2154 1353; x_wconf 88' lang='lat' dir='ltr'>suam</span> <span class='ocrx_word' id='word_1_181' title='bbox 2185 1302 2310 1353; x_wconf 89' lang='lat' dir='ltr'>tuto</span> <span class='ocrx_word' id='word_1_182' title='bbox 2360 1299 2677 1370; x_wconf 86' lang='lat' dir='ltr'>possideat,</span> <span class='ocrx_word' id='word_1_183' title='bbox 2711 1299 2853 1353; x_wconf 90' lang='lat' dir='ltr'>dum</span> <span class='ocrx_word' id='word_1_184' title='bbox 2885 1299 3135 1355; x_wconf 84' lang='lat' dir='ltr'>invicem</span> <span class='ocrx_word' id='word_1_185' title='bbox 3181 1301 3448 1359; x_wconf 84' lang='lat' dir='ltr'>homines</span> <span class='ocrx_word' id='word_1_186' title='bbox 3497 1321 3633 1360; x_wconf 91' lang='lat' dir='ltr'>con-</span> 
     </span>
    </p>
   </div>
   <div class='ocr_carea' id='block_1_28' title="bbox 1984 1386 3635 1460">
    <p class='ocr_par' dir='ltr' id='par_1_28' title="bbox 1984 1386 3635 1460">
     <span class='ocr_line' id='line_1_28' title="bbox 1984 1386 3635 1460; baseline 0.006 -20"><span class='ocrx_word' id='word_1_187' title='bbox 1984 1386 2210 1458; x_wconf 89' lang='lat' dir='ltr'>spirant</span> <span class='ocrx_word' id='word_1_188' title='bbox 2258 1395 2311 1441; x_wconf 89' lang='lat' dir='ltr'>el</span> <span class='ocrx_word' id='word_1_189' title='bbox 2368 1387 2667 1457; x_wconf 89' lang='lat' dir='ltr'>adjuvant,</span> <span class='ocrx_word' id='word_1_190' title='bbox 2727 1387 3005 1459; x_wconf 89' lang='lat' dir='ltr'>omnique</span> <span class='ocrx_word' id='word_1_191' title='bbox 3057 1406 3164 1460; x_wconf 92' lang='lat' dir='ltr'>ope</span> <span class='ocrx_word' id='word_1_192' title='bbox 3241 1391 3511 1449; x_wconf 88' lang='lat' dir='ltr'>nituntur</span> <span class='ocrx_word' id='word_1_193' title='bbox 3570 1400 3635 1450; x_wconf 89' lang='lat' dir='ltr'>ut</span> 
     </span>
    </p>
   </div>
   <div class='ocr_carea' id='block_1_29' title="bbox 1983 1474 3634 1555">
    <p class='ocr_par' dir='ltr' id='par_1_29' title="bbox 1983 1474 3634 1555">
     <span class='ocr_line' id='line_1_29' title="bbox 1983 1474 3634 1555; baseline 0.006 -26"><span class='ocrx_word' id='word_1_194' title='bbox 1983 1474 2159 1530; x_wconf 81' lang='lat' dir='ltr'>unius</span> <span class='ocrx_word' id='word_1_195' title='bbox 2189 1475 2448 1546; x_wconf 89' lang='lat' dir='ltr'>corporis</span> <span class='ocrx_word' id='word_1_196' title='bbox 2503 1475 2689 1530; x_wconf 89' lang='lat' dir='ltr'>instar</span> <span class='ocrx_word' id='word_1_197' title='bbox 2734 1475 2888 1530; x_wconf 88' lang='lat' dir='ltr'>inter</span> <span class='ocrx_word' id='word_1_198' title='bbox 2916 1492 2978 1532; x_wconf 89' lang='lat' dir='ltr'>se</span> <span class='ocrx_word' id='word_1_199' title='bbox 3024 1477 3634 1555; x_wconf 43' lang='lat' dir='ltr'>cohaereantﬁQuippe</span> 
     </span>
    </p>
   </div>
   <div class='ocr_carea' id='block_1_30' title="bbox 1982 1562 3626 1642">
    <p class='ocr_par' dir='ltr' id='par_1_30' title="bbox 1982 1562 3626 1642">
     <span class='ocr_line' id='line_1_30' title="bbox 1982 1562 3626 1642; baseline 0.005 -23"><span class='ocrx_word' id='word_1_200' title='bbox 1982 1562 2201 1619; x_wconf 90' lang='lat' dir='ltr'>animal</span> <span class='ocrx_word' id='word_1_201' title='bbox 2249 1562 2585 1619; x_wconf 87' lang='lat' dir='ltr'>inviolabile</span> <span class='ocrx_word' id='word_1_202' title='bbox 2630 1566 2740 1631; x_wconf 88' lang='lat' dir='ltr'>est,</span> <span class='ocrx_word' id='word_1_203' title='bbox 2773 1564 2966 1636; x_wconf 85' lang='lat' dir='ltr'>quoad</span> <span class='ocrx_word' id='word_1_204' title='bbox 2992 1567 3148 1638; x_wconf 4' lang='lat' dir='ltr'>pejus</span> <span class='ocrx_word' id='word_1_205' title='bbox 3178 1569 3445 1625; x_wconf 90' lang='lat' dir='ltr'>membra</span> <span class='ocrx_word' id='word_1_206' title='bbox 3493 1588 3626 1642; x_wconf 90' lang='lat' dir='ltr'>par-</span> 
     </span>
    </p>
   </div>
   <div class='ocr_carea' id='block_1_31' title="bbox 1985 1651 3626 1728">
    <p class='ocr_par' dir='ltr' id='par_1_31' title="bbox 1985 1651 3626 1728">
     <span class='ocr_line' id='line_1_31' title="bbox 1985 1651 3626 1728; baseline 0.006 -22"><span class='ocrx_word' id='word_1_207' title='bbox 1985 1656 2187 1723; x_wconf 82' lang='lat' dir='ltr'>tesque</span> <span class='ocrx_word' id='word_1_208' title='bbox 2232 1651 2577 1707; x_wconf 89' lang='lat' dir='ltr'>muneribus</span> <span class='ocrx_word' id='word_1_209' title='bbox 2608 1668 2851 1724; x_wconf 82' lang='lat' dir='ltr'>queeque</span> <span class='ocrx_word' id='word_1_210' title='bbox 2881 1653 3006 1709; x_wconf 90' lang='lat' dir='ltr'>suis</span> <span class='ocrx_word' id='word_1_211' title='bbox 3044 1654 3464 1728; x_wconf 78' lang='lat' dir='ltr'>defunguntur.</span> <span class='ocrx_word' id='word_1_212' title='bbox 3495 1659 3626 1717; x_wconf 89' lang='lat' dir='ltr'>Jam</span> 
     </span>
    </p>
   </div>
   <div class='ocr_carea' id='block_1_32' title="bbox 1980 1740 3630 1816">
    <p class='ocr_par' dir='ltr' id='par_1_32' title="bbox 1980 1740 3630 1816">
     <span class='ocr_line' id='line_1_32' title="bbox 1980 1740 3630 1816; baseline 0.007 -22"><span class='ocrx_word' id='word_1_213' title='bbox 1980 1756 2115 1797; x_wconf 91' lang='lat' dir='ltr'>vero</span> <span class='ocrx_word' id='word_1_214' title='bbox 2164 1756 2283 1808; x_wconf 85' lang='lat' dir='ltr'>rex,</span> <span class='ocrx_word' id='word_1_215' title='bbox 2317 1756 2451 1795; x_wconf 89' lang='lat' dir='ltr'>cum</span> <span class='ocrx_word' id='word_1_216' title='bbox 2484 1740 2561 1796; x_wconf 87' lang='lat' dir='ltr'>sit</span> <span class='ocrx_word' id='word_1_217' title='bbox 2589 1740 2855 1796; x_wconf 90' lang='lat' dir='ltr'>omnium</span> <span class='ocrx_word' id='word_1_218' title='bbox 2890 1741 3102 1797; x_wconf 89' lang='lat' dir='ltr'>civium</span> <span class='ocrx_word' id='word_1_219' title='bbox 3154 1749 3330 1816; x_wconf 87' lang='lat' dir='ltr'>caput</span> <span class='ocrx_word' id='word_1_220' title='bbox 3358 1752 3414 1802; x_wconf 90' lang='lat' dir='ltr'>et</span> <span class='ocrx_word' id='word_1_221' title='bbox 3441 1764 3630 1815; x_wconf 81' lang='lat' dir='ltr'>mens,</span> 
     </span>
    </p>
   </div>
   <div class='ocr_carea' id='block_1_33' title="bbox 1982 1828 3630 1905">
    <p class='ocr_par' dir='ltr' id='par_1_33' title="bbox 1982 1828 3630 1905">
     <span class='ocr_line' id='line_1_33' title="bbox 1982 1828 3630 1905; baseline 0.005 -21"><span class='ocrx_word' id='word_1_222' title='bbox 1982 1829 2205 1884; x_wconf 84' lang='lat' dir='ltr'>tributa</span> <span class='ocrx_word' id='word_1_223' title='bbox 2234 1829 2308 1884; x_wconf 87' lang='lat' dir='ltr'>ab</span> <span class='ocrx_word' id='word_1_224' title='bbox 2337 1828 2762 1899; x_wconf 89' lang='lat' dir='ltr'>omnibusjure</span> <span class='ocrx_word' id='word_1_225' title='bbox 2791 1829 3117 1902; x_wconf 89' lang='lat' dir='ltr'>meritoque</span> <span class='ocrx_word' id='word_1_226' title='bbox 3138 1834 3536 1905; x_wconf 89' lang='lat' dir='ltr'>capit,quibus</span> <span class='ocrx_word' id='word_1_227' title='bbox 3557 1839 3630 1893; x_wconf 91' lang='lat' dir='ltr'>ad</span> 
     </span>
    </p>
   </div>
   <div class='ocr_carea' id='block_1_34' title="bbox 244 1913 1882 2014">
    <p class='ocr_par' dir='ltr' id='par_1_34' title="bbox 244 1913 1873 1998">
     <span class='ocr_line' id='line_1_34' title="bbox 244 1913 1873 1998; baseline 0.002 -28"><span class='ocrx_word' id='word_1_228' title='bbox 244 1913 600 1993; x_wconf 81' lang='grc' dir='ltr'><strong>κατοχὺρωσιν</strong></span> <span class='ocrx_word' id='word_1_229' title='bbox 663 1916 757 1973; x_wconf 70' lang='grc' dir='ltr'><strong>καὶ</strong></span> <span class='ocrx_word' id='word_1_230' title='bbox 827 1918 1121 1998; x_wconf 86' lang='grc' dir='ltr'><strong>ἀσφάλειαν</strong></span> <span class='ocrx_word' id='word_1_231' title='bbox 1160 1941 1172 1954; x_wconf 93' lang='grc'><strong>·</strong></span> <span class='ocrx_word' id='word_1_232' title='bbox 1235 1919 1346 1974; x_wconf 76' lang='grc' dir='ltr'><strong>ἀπὸ</strong></span> <span class='ocrx_word' id='word_1_233' title='bbox 1426 1920 1521 1992; x_wconf 78' lang='grc' dir='ltr'>μὶν</span> <span class='ocrx_word' id='word_1_234' title='bbox 1599 1919 1689 1974; x_wconf 79' lang='grc' dir='ltr'><strong>οὗν</strong></span> <span class='ocrx_word' id='word_1_235' title='bbox 1765 1924 1873 1974; x_wconf 91' lang='grc' dir='ltr'>τῶν</span> 
     </span>
    </p>
   </div>
   <div class='ocr_carea' id='block_1_35' title="bbox 1994 1913 3630 2014">
    <p class='ocr_par' dir='ltr' id='par_1_35' title="bbox 1994 1918 3630 1992">
     <span class='ocr_line' id='line_1_35' title="bbox 1994 1918 3630 1992; baseline 0.005 -19"><span class='ocrx_word' id='word_1_236' title='bbox 1994 1918 2221 1973; x_wconf 82' lang='lat' dir='ltr'>eosdem</span> <span class='ocrx_word' id='word_1_237' title='bbox 2270 1918 2653 1989; x_wconf 86' lang='lat' dir='ltr'>protegendos</span> <span class='ocrx_word' id='word_1_238' title='bbox 2702 1920 3248 1992; x_wconf 87' lang='lat' dir='ltr'>conservandosque</span> <span class='ocrx_word' id='word_1_239' title='bbox 3294 1928 3509 1979; x_wconf 88' lang='lat' dir='ltr'>utatur.</span> <span class='ocrx_word' id='word_1_240' title='bbox 3542 1927 3630 1982; x_wconf 85' lang='lat' dir='ltr'>Ab</span> 
     </span>
    </p>
   </div>
   <div class='ocr_carea' id='block_1_36' title="bbox 244 2004 1883 2085">
    <p class='ocr_par' dir='ltr' id='par_1_36' title="bbox 244 2004 1883 2085">
     <span class='ocr_line' id='line_1_36' title="bbox 244 2004 1883 2085; baseline 0.002 -26"><span class='ocrx_word' id='word_1_241' title='bbox 244 2004 804 2082; x_wconf 81' lang='grc' dir='ltr'><strong>πραγματευομένων,</strong></span> <span class='ocrx_word' id='word_1_242' title='bbox 861 2008 952 2063; x_wconf 84' lang='grc' dir='ltr'>καὶ</span> <span class='ocrx_word' id='word_1_243' title='bbox 1005 2005 1400 2084; x_wconf 88' lang='grc' dir='ltr'><strong>κερδαινόντων</strong></span> <span class='ocrx_word' id='word_1_244' title='bbox 1459 2008 1684 2085; x_wconf 83' lang='grc' dir='ltr'><strong>ἁρμόζει</strong></span> <span class='ocrx_word' id='word_1_245' title='bbox 1745 2008 1883 2081; x_wconf 88' lang='grc' dir='ltr'><strong>λαμ-</strong></span> 
     </span>
    </p>
   </div>
   <div class='ocr_carea' id='block_1_37' title="bbox 245 2087 1877 2172">
    <p class='ocr_par' dir='ltr' id='par_1_37' title="bbox 245 2087 1877 2172">
     <span class='ocr_line' id='line_1_37' title="bbox 245 2087 1877 2172; baseline 0.002 -25"><span class='ocrx_word' id='word_1_246' title='bbox 245 2087 409 2148; x_wconf 76' lang='grc' dir='ltr'><strong>ϐάνειν</strong></span> <span class='ocrx_word' id='word_1_247' title='bbox 459 2094 550 2149; x_wconf 85' lang='grc' dir='ltr'><strong>τὸν</strong></span> <span class='ocrx_word' id='word_1_248' title='bbox 612 2093 843 2171; x_wconf 80' lang='grc' dir='ltr'><strong>βασιλέα</strong></span> <span class='ocrx_word' id='word_1_249' title='bbox 903 2093 1096 2172; x_wconf 88' lang='grc' dir='ltr'><strong>μερίδα</strong></span> <span class='ocrx_word' id='word_1_250' title='bbox 1128 2117 1140 2131; x_wconf 78' lang='grc'><em>’</em></span> <span class='ocrx_word' id='word_1_251' title='bbox 1202 2096 1308 2151; x_wconf 89' lang='grc' dir='ltr'><strong>ἀπὸ</strong></span> <span class='ocrx_word' id='word_1_252' title='bbox 1362 2094 1419 2151; x_wconf 78' lang='grc' dir='ltr'>δέ</span> <span class='ocrx_word' id='word_1_253' title='bbox 1470 2101 1579 2151; x_wconf 89' lang='grc' dir='ltr'>τῶν</span> <span class='ocrx_word' id='word_1_254' title='bbox 1640 2095 1877 2171; x_wconf 86' lang='grc' dir='ltr'><strong>ἐχόντων</strong></span> 
     </span>
    </p>
   </div>
   <div class='ocr_carea' id='block_1_38' title="bbox 244 2181 1879 2261">
    <p class='ocr_par' dir='ltr' id='par_1_38' title="bbox 244 2181 1879 2261">
     <span class='ocr_line' id='line_1_38' title="bbox 244 2181 1879 2261; baseline 0.002 -25"><span class='ocrx_word' id='word_1_255' title='bbox 244 2181 527 2257; x_wconf 82' lang='grc' dir='ltr'><strong>λογιότητα</strong></span> <span class='ocrx_word' id='word_1_256' title='bbox 574 2183 674 2238; x_wconf 83' lang='grc' dir='ltr'><strong>καὶ</strong></span> <span class='ocrx_word' id='word_1_257' title='bbox 725 2183 914 2261; x_wconf 79' lang='grc' dir='ltr'><strong>σοφίαν</strong></span> <span class='ocrx_word' id='word_1_258' title='bbox 966 2181 1219 2260; x_wconf 86' lang='grc' dir='ltr'><strong>δέχεσθαι</strong></span> <span class='ocrx_word' id='word_1_259' title='bbox 1264 2186 1363 2255; x_wconf 81' lang='grc' dir='ltr'><strong>τὴν</strong></span> <span class='ocrx_word' id='word_1_260' title='bbox 1406 2182 1495 2239; x_wconf 77' lang='grc' dir='ltr'><strong>διὰ</strong></span> <span class='ocrx_word' id='word_1_261' title='bbox 1540 2189 1648 2239; x_wconf 92' lang='grc' dir='ltr'>τῶν</span> <span class='ocrx_word' id='word_1_262' title='bbox 1697 2184 1879 2260; x_wconf 91' lang='grc' dir='ltr'><strong>λόγων</strong></span> 
     </span>
    </p>
   </div>
   <div class='ocr_carea' id='block_1_39' title="bbox 246 2269 1879 2350">
    <p class='ocr_par' dir='ltr' id='par_1_39' title="bbox 246 2269 1879 2350">
     <span class='ocr_line' id='line_1_39' title="bbox 246 2269 1879 2350; baseline 0.002 -26"><span class='ocrx_word' id='word_1_263' title='bbox 246 2269 495 2349; x_wconf 76' lang='grc' dir='ltr'><strong>εὐφημίαν</strong></span> <span class='ocrx_word' id='word_1_264' title='bbox 553 2272 643 2327; x_wconf 82' lang='grc' dir='ltr'><strong>καὶ</strong></span> <span class='ocrx_word' id='word_1_265' title='bbox 695 2273 825 2335; x_wconf 75' lang='grc' dir='ltr'><strong>τοὺς</strong></span> <span class='ocrx_word' id='word_1_266' title='bbox 875 2272 1124 2335; x_wconf 75' lang='grc' dir='ltr'><strong>ἐπαίνους</strong></span> <span class='ocrx_word' id='word_1_267' title='bbox 1155 2291 1169 2304; x_wconf 81' lang='grc'>⁶</span> <span class='ocrx_word' id='word_1_268' title='bbox 1221 2271 1353 2348; x_wconf 78' lang='grc' dir='ltr'><strong>ὅπερ</strong></span> <span class='ocrx_word' id='word_1_269' title='bbox 1403 2272 1515 2329; x_wconf 85' lang='grc' dir='ltr'>ἐστὶ</span> <span class='ocrx_word' id='word_1_270' title='bbox 1566 2274 1879 2350; x_wconf 85' lang='grc' dir='ltr'><strong>χρησιμώ-</strong></span> 
     </span>
    </p>
   </div>
   <div class='ocr_carea' id='block_1_40' title="bbox 243 2358 1880 2436">
    <p class='ocr_par' dir='ltr' id='par_1_40' title="bbox 243 2358 1880 2436">
     <span class='ocr_line' id='line_1_40' title="bbox 243 2358 1880 2436; baseline 0.002 -23"><span class='ocrx_word' id='word_1_271' title='bbox 243 2379 383 2434; x_wconf 89' lang='grc' dir='ltr'><strong>τερον</strong></span> <span class='ocrx_word' id='word_1_272' title='bbox 437 2362 637 2424; x_wconf 87' lang='grc' dir='ltr'><strong>παντὸς</strong></span> <span class='ocrx_word' id='word_1_273' title='bbox 700 2358 877 2417; x_wconf 78' lang='grc' dir='ltr'><strong>ἄλλου</strong></span> <span class='ocrx_word' id='word_1_274' title='bbox 921 2359 1273 2436; x_wconf 75' lang='grc' dir='ltr'><strong>τελέσματος,</strong></span> <span class='ocrx_word' id='word_1_275' title='bbox 1329 2361 1488 2418; x_wconf 87' lang='grc' dir='ltr'><strong>τόσον</strong></span> <span class='ocrx_word' id='word_1_276' title='bbox 1547 2361 1628 2417; x_wconf 77' lang='grc' dir='ltr'>ὅτι</span> <span class='ocrx_word' id='word_1_277' title='bbox 1685 2363 1776 2417; x_wconf 84' lang='grc' dir='ltr'><strong>καὶ</strong></span> <span class='ocrx_word' id='word_1_278' title='bbox 1829 2363 1880 2417; x_wconf 75' lang='grc' dir='ltr'><strong>οἱ</strong></span> 
     </span>
    </p>
   </div>
   <div class='ocr_carea' id='block_1_41' title="bbox 246 2445 1882 2528">
    <p class='ocr_par' dir='ltr' id='par_1_41' title="bbox 246 2445 1882 2528">
     <span class='ocr_line' id='line_1_41' title="bbox 246 2445 1882 2528; baseline 0.002 -26"><span class='ocrx_word' id='word_1_279' title='bbox 246 2445 388 2523; x_wconf 87' lang='grc' dir='ltr'><strong>λόγοι</strong></span> <span class='ocrx_word' id='word_1_280' title='bbox 434 2452 540 2503; x_wconf 92' lang='grc' dir='ltr'>τῶν</span> <span class='ocrx_word' id='word_1_281' title='bbox 596 2446 790 2505; x_wconf 79' lang='grc' dir='ltr'><strong>ἄλλων</strong></span> <span class='ocrx_word' id='word_1_282' title='bbox 840 2455 1047 2525; x_wconf 79' lang='grc' dir='ltr'><strong>τεχνῶν</strong></span> <span class='ocrx_word' id='word_1_283' title='bbox 1109 2450 1208 2505; x_wconf 81' lang='grc' dir='ltr'><strong>εἰσι</strong></span> <span class='ocrx_word' id='word_1_284' title='bbox 1264 2452 1603 2528; x_wconf 85' lang='grc' dir='ltr'><strong>τιμιώτεροι·</strong></span> <span class='ocrx_word' id='word_1_285' title='bbox 1666 2450 1711 2506; x_wconf 80' lang='grc' dir='ltr'>εἷ</span> <span class='ocrx_word' id='word_1_286' title='bbox 1756 2455 1882 2527; x_wconf 88' lang='grc' dir='ltr'><strong>γοῦν</strong></span> 
     </span>
    </p>
   </div>
   <div class='ocr_carea' id='block_1_42' title="bbox 247 2535 1882 2614">
    <p class='ocr_par' dir='ltr' id='par_1_42' title="bbox 247 2535 1882 2614">
     <span class='ocr_line' id='line_1_42' title="bbox 247 2535 1882 2614; baseline 0.002 -24"><span class='ocrx_word' id='word_1_287' title='bbox 247 2535 472 2592; x_wconf 80' lang='grc' dir='ltr'><strong>ἁπάντων</strong></span> <span class='ocrx_word' id='word_1_288' title='bbox 531 2536 835 2614; x_wconf 84' lang='grc' dir='ltr'><strong>ἀνθρώπων</strong></span> <span class='ocrx_word' id='word_1_289' title='bbox 904 2537 1242 2614; x_wconf 80' lang='grc' dir='ltr'><strong>ὑψηλότερος</strong></span> <span class='ocrx_word' id='word_1_290' title='bbox 1291 2540 1319 2593; x_wconf 87' lang='grc' dir='ltr'>ὁ</span> <span class='ocrx_word' id='word_1_291' title='bbox 1379 2539 1667 2613; x_wconf 83' lang='grc' dir='ltr'><strong>βασιλεὺς,</strong></span> <span class='ocrx_word' id='word_1_292' title='bbox 1725 2542 1760 2610; x_wconf 84' lang='grc' dir='ltr'>ἡ</span> <span class='ocrx_word' id='word_1_293' title='bbox 1825 2537 1882 2594; x_wconf 80' lang='grc' dir='ltr'><strong>δὲ</strong></span> 
     </span>
    </p>
   </div>
   <div class='ocr_carea' id='block_1_43' title="bbox 247 2621 1883 2705">
    <p class='ocr_par' dir='ltr' id='par_1_43' title="bbox 247 2621 1883 2705">
     <span class='ocr_line' id='line_1_43' title="bbox 247 2621 1883 2705; baseline 0.003 -27"><span class='ocrx_word' id='word_1_294' title='bbox 247 2621 522 2704; x_wconf 75' lang='grc' dir='ltr'><strong>φιλοσοφία</strong></span> <span class='ocrx_word' id='word_1_295' title='bbox 593 2631 710 2682; x_wconf 77' lang='grc' dir='ltr'>τῶν</span> <span class='ocrx_word' id='word_1_296' title='bbox 783 2624 971 2682; x_wconf 80' lang='grc' dir='ltr'><strong>ἄλλων</strong></span> <span class='ocrx_word' id='word_1_297' title='bbox 1047 2632 1254 2704; x_wconf 86' lang='grc' dir='ltr'><strong>τεχνῶν</strong></span> <span class='ocrx_word' id='word_1_298' title='bbox 1337 2629 1732 2705; x_wconf 82' lang='grc' dir='ltr'><strong>χρησιμωτέρα</strong></span> <span class='ocrx_word' id='word_1_299' title='bbox 1763 2674 1777 2701; x_wconf 87' lang='grc'>,</span> <span class='ocrx_word' id='word_1_300' title='bbox 1830 2628 1883 2683; x_wconf 89' lang='grc' dir='ltr'>τί</span> 
     </span>
    </p>
   </div>
   <div class='ocr_carea' id='block_1_44' title="bbox 243 2711 1885 2793">
    <p class='ocr_par' dir='ltr' id='par_1_44' title="bbox 243 2711 1885 2793">
     <span class='ocr_line' id='line_1_44' title="bbox 243 2711 1885 2793; baseline 0.004 -27"><span class='ocrx_word' id='word_1_301' title='bbox 243 2711 373 2768; x_wconf 80' lang='grc' dir='ltr'><strong>ἄλλο</strong></span> <span class='ocrx_word' id='word_1_302' title='bbox 403 2712 815 2792; x_wconf 80' lang='grc' dir='ltr'><strong>ἁρμοδιώτερον</strong></span> <span class='ocrx_word' id='word_1_303' title='bbox 868 2714 944 2779; x_wconf 66' lang='grc' dir='ltr'>εἲς</span> <span class='ocrx_word' id='word_1_304' title='bbox 999 2714 1228 2792; x_wconf 86' lang='grc' dir='ltr'><strong>βασιλέα</strong></span> <span class='ocrx_word' id='word_1_305' title='bbox 1269 2722 1367 2772; x_wconf 91' lang='grc' dir='ltr'>τοῦ</span> <span class='ocrx_word' id='word_1_306' title='bbox 1417 2714 1506 2771; x_wconf 80' lang='grc' dir='ltr'><strong>διὰ</strong></span> <span class='ocrx_word' id='word_1_307' title='bbox 1549 2722 1654 2772; x_wconf 90' lang='grc' dir='ltr'>τῶν</span> <span class='ocrx_word' id='word_1_308' title='bbox 1705 2716 1885 2793; x_wconf 90' lang='grc' dir='ltr'><strong>λόγων</strong></span> 
     </span>
    </p>
   </div>
   <div class='ocr_carea' id='block_1_45' title="bbox 243 2798 1881 2882">
    <p class='ocr_par' dir='ltr' id='par_1_45' title="bbox 243 2798 1881 2882">
     <span class='ocr_line' id='line_1_45' title="bbox 243 2798 1881 2882; baseline 0.004 -28"><span class='ocrx_word' id='word_1_309' title='bbox 243 2798 443 2857; x_wconf 77' lang='grc' dir='ltr'><strong>ἐπαίνου</strong></span> <span class='ocrx_word' id='word_1_310' title='bbox 474 2822 489 2873; x_wconf 87' lang='grc'>;</span> <span class='ocrx_word' id='word_1_311' title='bbox 523 2802 719 2872; x_wconf 81' lang='grc' dir='ltr'><strong>ἐπειδή</strong></span> <span class='ocrx_word' id='word_1_312' title='bbox 766 2805 837 2859; x_wconf 80' lang='grc' dir='ltr'><strong>τὰ</strong></span> <span class='ocrx_word' id='word_1_313' title='bbox 888 2802 1098 2882; x_wconf 88' lang='grc' dir='ltr'><strong>μεγάλα</strong></span> <span class='ocrx_word' id='word_1_314' title='bbox 1142 2811 1259 2868; x_wconf 90' lang='grc' dir='ltr'><strong>τοῖς</strong></span> <span class='ocrx_word' id='word_1_315' title='bbox 1312 2803 1570 2882; x_wconf 87' lang='grc' dir='ltr'><strong>μεγάλοις</strong></span> <span class='ocrx_word' id='word_1_316' title='bbox 1618 2805 1881 2881; x_wconf 77' lang='grc' dir='ltr'><strong>ἀρμόζει,</strong></span> 
     </span>
    </p>
   </div>
   <div class='ocr_carea' id='block_1_46' title="bbox 239 2889 1880 2972">
    <p class='ocr_par' dir='ltr' id='par_1_46' title="bbox 239 2889 1880 2972">
     <span class='ocr_line' id='line_1_46' title="bbox 239 2889 1880 2972; baseline 0.004 -29"><span class='ocrx_word' id='word_1_317' title='bbox 239 2889 318 2943; x_wconf 82' lang='grc' dir='ltr'><strong>καὶ</strong></span> <span class='ocrx_word' id='word_1_318' title='bbox 346 2892 409 2945; x_wconf 73' lang='grc' dir='ltr'><strong>τὰ</strong></span> <span class='ocrx_word' id='word_1_319' title='bbox 438 2890 626 2964; x_wconf 74' lang='grc' dir='ltr'><strong>ὑψηλὰ</strong></span> <span class='ocrx_word' id='word_1_320' title='bbox 678 2892 893 2948; x_wconf 85' lang='grc' dir='ltr'><strong>πάντων</strong></span> <span class='ocrx_word' id='word_1_321' title='bbox 940 2899 1060 2957; x_wconf 85' lang='grc' dir='ltr'><strong>τοῖς</strong></span> <span class='ocrx_word' id='word_1_322' title='bbox 1110 2893 1367 2968; x_wconf 76' lang='grc' dir='ltr'><strong>ὑψηλοῖςο</strong></span> <span class='ocrx_word' id='word_1_323' title='bbox 1419 2894 1599 2951; x_wconf 89' lang='grc' dir='ltr'><strong>τοίνυν</strong></span> <span class='ocrx_word' id='word_1_324' title='bbox 1649 2898 1684 2965; x_wconf 80' lang='grc' dir='ltr'><strong>ἡ</strong></span> <span class='ocrx_word' id='word_1_325' title='bbox 1731 2897 1880 2972; x_wconf 88' lang='grc' dir='ltr'><strong>βασι-</strong></span> 
     </span>
    </p>
   </div>
   <div class='ocr_carea' id='block_1_47' title="bbox 243 2973 1883 3060">
    <p class='ocr_par' dir='ltr' id='par_1_47' title="bbox 243 2973 1883 3060">
     <span class='ocr_line' id='line_1_47' title="bbox 243 2973 1883 3060; baseline 0.005 -30"><span class='ocrx_word' id='word_1_326' title='bbox 243 2973 352 3032; x_wconf 86' lang='grc' dir='ltr'><strong>λεία</strong></span> <span class='ocrx_word' id='word_1_327' title='bbox 409 2980 501 3052; x_wconf 73' lang='grc' dir='ltr'>μὲν</span> <span class='ocrx_word' id='word_1_328' title='bbox 562 2980 756 3036; x_wconf 76' lang='grc' dir='ltr'><strong>εἰκόνα</strong></span> <span class='ocrx_word' id='word_1_329' title='bbox 807 2981 898 3036; x_wconf 82' lang='grc' dir='ltr'><strong>καὶ</strong></span> <span class='ocrx_word' id='word_1_330' title='bbox 947 2980 1212 3055; x_wconf 88' lang='grc' dir='ltr'><strong>ὁμοίωσιν</strong></span> <span class='ocrx_word' id='word_1_331' title='bbox 1259 2979 1375 3060; x_wconf 81' lang='grc' dir='ltr'><strong>ἔχει</strong></span> <span class='ocrx_word' id='word_1_332' title='bbox 1425 2987 1558 3039; x_wconf 89' lang='grc' dir='ltr'><strong>Θεοῦ</strong></span> <span class='ocrx_word' id='word_1_333' title='bbox 1611 2985 1708 3058; x_wconf 83' lang='grc'>(2),</span> <span class='ocrx_word' id='word_1_334' title='bbox 1757 2987 1792 3054; x_wconf 81' lang='grc' dir='ltr'><strong>ἡ</strong></span> <span class='ocrx_word' id='word_1_335' title='bbox 1825 2981 1883 3039; x_wconf 74' lang='grc' dir='ltr'><strong>δὲ</strong></span> 
     </span>
    </p>
   </div>
   <div class='ocr_carea' id='block_1_48' title="bbox 244 3063 1879 3149">
    <p class='ocr_par' dir='ltr' id='par_1_48' title="bbox 244 3063 1879 3149">
     <span class='ocr_line' id='line_1_48' title="bbox 244 3063 1879 3149; baseline 0.005 -28"><span class='ocrx_word' id='word_1_336' title='bbox 244 3063 519 3147; x_wconf 74' lang='grc' dir='ltr'><strong>φιλοσοφία</strong></span> <span class='ocrx_word' id='word_1_337' title='bbox 576 3068 769 3125; x_wconf 84' lang='grc' dir='ltr'><strong>εἰκόνα</strong></span> <span class='ocrx_word' id='word_1_338' title='bbox 820 3077 922 3140; x_wconf 82' lang='grc' dir='ltr'><strong>τῆς</strong></span> <span class='ocrx_word' id='word_1_339' title='bbox 974 3074 1072 3126; x_wconf 89' lang='grc' dir='ltr'>τοῦ</span> <span class='ocrx_word' id='word_1_340' title='bbox 1110 3075 1245 3127; x_wconf 83' lang='grc' dir='ltr'><strong>Θεοῦ</strong></span> <span class='ocrx_word' id='word_1_341' title='bbox 1300 3071 1563 3149; x_wconf 86' lang='grc' dir='ltr'><strong>προνοίας</strong></span> <span class='ocrx_word' id='word_1_342' title='bbox 1600 3092 1614 3106; x_wconf 83' lang='lat'><strong><em>°</em></strong></span> <span class='ocrx_word' id='word_1_343' title='bbox 1666 3071 1804 3129; x_wconf 82' lang='grc' dir='ltr'><strong>ὥστε</strong></span> <span class='ocrx_word' id='word_1_344' title='bbox 1843 3076 1879 3144; x_wconf 81' lang='grc' dir='ltr'><strong>ἡ</strong></span> 
     </span>
    </p>
   </div>
   <div class='ocr_carea' id='block_1_49' title="bbox 250 3154 1879 3239">
    <p class='ocr_par' dir='ltr' id='par_1_49' title="bbox 250 3154 1879 3239">
     <span class='ocr_line' id='line_1_49' title="bbox 250 3154 1879 3239; baseline 0.005 -30"><span class='ocrx_word' id='word_1_345' title='bbox 250 3154 480 3227; x_wconf 79' lang='grc' dir='ltr'><strong>βασιλεία</strong></span> <span class='ocrx_word' id='word_1_346' title='bbox 534 3160 569 3228; x_wconf 85' lang='grc' dir='ltr'>ἡ</span> <span class='ocrx_word' id='word_1_347' title='bbox 622 3159 707 3233; x_wconf 78' lang='grc' dir='ltr'>μή</span> <span class='ocrx_word' id='word_1_348' title='bbox 781 3159 1044 3234; x_wconf 80' lang='grc' dir='ltr'><strong>ἀγαπῶσα</strong></span> <span class='ocrx_word' id='word_1_349' title='bbox 1095 3160 1196 3230; x_wconf 78' lang='grc' dir='ltr'><strong>τὴν</strong></span> <span class='ocrx_word' id='word_1_350' title='bbox 1269 3160 1457 3239; x_wconf 88' lang='grc' dir='ltr'><strong>σοφίαν</strong></span> <span class='ocrx_word' id='word_1_351' title='bbox 1510 3160 1715 3236; x_wconf 89' lang='grc' dir='ltr'><strong>μακράν</strong></span> <span class='ocrx_word' id='word_1_352' title='bbox 1771 3161 1879 3217; x_wconf 84' lang='grc' dir='ltr'><strong>ἐστι</strong></span> 
     </span>
    </p>
   </div>
   <div class='ocr_carea' id='block_1_50' title="bbox 242 3243 1880 3326">
    <p class='ocr_par' dir='ltr' id='par_1_50' title="bbox 242 3243 1880 3326">
     <span class='ocr_line' id='line_1_50' title="bbox 242 3243 1880 3326; baseline 0.006 -29"><span class='ocrx_word' id='word_1_353' title='bbox 242 3246 328 3298; x_wconf 86' lang='grc' dir='ltr'>τοῦ</span> <span class='ocrx_word' id='word_1_354' title='bbox 356 3250 507 3300; x_wconf 88' lang='grc' dir='ltr'><strong>Θεοῦ·</strong></span> <span class='ocrx_word' id='word_1_355' title='bbox 540 3243 634 3303; x_wconf 79' lang='grc' dir='ltr'><strong>διὰ</strong></span> <span class='ocrx_word' id='word_1_356' title='bbox 660 3250 831 3303; x_wconf 87' lang='grc' dir='ltr'><strong>τοῦτο</strong></span> <span class='ocrx_word' id='word_1_357' title='bbox 877 3249 1144 3323; x_wconf 77' lang='grc' dir='ltr'><strong>πρέπουσι</strong></span> <span class='ocrx_word' id='word_1_358' title='bbox 1193 3253 1273 3322; x_wconf 83' lang='grc' dir='ltr'><strong>τῷ</strong></span> <span class='ocrx_word' id='word_1_359' title='bbox 1307 3247 1522 3326; x_wconf 86' lang='grc' dir='ltr'><strong>βασιλεῖ</strong></span> <span class='ocrx_word' id='word_1_360' title='bbox 1565 3252 1617 3305; x_wconf 75' lang='grc' dir='ltr'>οἱ</span> <span class='ocrx_word' id='word_1_361' title='bbox 1648 3250 1754 3306; x_wconf 83' lang='grc' dir='ltr'>ἀπὸ</span> <span class='ocrx_word' id='word_1_362' title='bbox 1780 3254 1880 3321; x_wconf 76' lang='grc' dir='ltr'><strong>τῆς</strong></span> 
     </span>
    </p>
   </div>
   <div class='ocr_carea' id='block_1_51' title="bbox 249 3332 675 3412">
    <p class='ocr_par' dir='ltr' id='par_1_51' title="bbox 249 3332 675 3412">
     <span class='ocr_line' id='line_1_51' title="bbox 249 3332 675 3412; baseline 0.019 -28"><span class='ocrx_word' id='word_1_363' title='bbox 249 3332 423 3409; x_wconf 86' lang='grc' dir='ltr'><strong>σοφίας</strong></span> <span class='ocrx_word' id='word_1_364' title='bbox 451 3336 675 3412; x_wconf 85' lang='grc' dir='ltr'><strong>καρποί.</strong></span> 
     </span>
    </p>
   </div>
   <div class='ocr_carea' id='block_1_52' title="bbox 310 3422 1885 3503">
    <p class='ocr_par' dir='ltr' id='par_1_52' title="bbox 310 3422 1885 3503">
     <span class='ocr_line' id='line_1_52' title="bbox 310 3422 1885 3503; baseline 0.006 -28"><span class='ocrx_word' id='word_1_365' title='bbox 310 3423 360 3475; x_wconf 87' lang='lat' dir='ltr'>B’</span> <span class='ocrx_word' id='word_1_366' title='bbox 386 3467 398 3480; x_wconf 94' lang='lat'>.</span> <span class='ocrx_word' id='word_1_367' title='bbox 456 3422 800 3502; x_wconf 83' lang='grc' dir='ltr'><strong>Ἀναγκοιίως</strong></span> <span class='ocrx_word' id='word_1_368' title='bbox 873 3424 1052 3482; x_wconf 90' lang='grc' dir='ltr'><strong>τοίνυν</strong></span> <span class='ocrx_word' id='word_1_369' title='bbox 1121 3424 1232 3482; x_wconf 82' lang='grc' dir='ltr'><strong>ἐστὶ</strong></span> <span class='ocrx_word' id='word_1_370' title='bbox 1285 3431 1501 3503; x_wconf 91' lang='grc' dir='ltr'><strong>πρῶτον</strong></span> <span class='ocrx_word' id='word_1_371' title='bbox 1570 3428 1737 3485; x_wconf 82' lang='grc' dir='ltr'><strong>εἰπεῖν</strong></span> <span class='ocrx_word' id='word_1_372' title='bbox 1793 3431 1885 3486; x_wconf 84' lang='grc' dir='ltr'><strong>τὸν</strong></span> 
     </span>
    </p>
   </div>
   <div class='ocr_carea' id='block_1_53' title="bbox 247 3508 1890 3596">
    <p class='ocr_par' dir='ltr' id='par_1_53' title="bbox 247 3508 1890 3596">
     <span class='ocr_line' id='line_1_53' title="bbox 247 3508 1890 3596; baseline 0.007 -33"><span class='ocrx_word' id='word_1_373' title='bbox 247 3508 361 3586; x_wconf 78' lang='grc' dir='ltr'><strong>ὅρον</strong></span> <span class='ocrx_word' id='word_1_374' title='bbox 414 3515 511 3582; x_wconf 75' lang='grc' dir='ltr'>τῆς</span> <span class='ocrx_word' id='word_1_375' title='bbox 574 3512 884 3589; x_wconf 84' lang='grc' dir='ltr'><strong>βασιλείας-</strong></span> <span class='ocrx_word' id='word_1_376' title='bbox 946 3512 1058 3570; x_wconf 81' lang='grc' dir='ltr'><strong>ἔστι</strong></span> <span class='ocrx_word' id='word_1_377' title='bbox 1112 3512 1170 3570; x_wconf 77' lang='grc' dir='ltr'>δὲ</span> <span class='ocrx_word' id='word_1_378' title='bbox 1218 3514 1349 3586; x_wconf 76' lang='grc' dir='ltr'><strong>αὕτη</strong></span> <span class='ocrx_word' id='word_1_379' title='bbox 1404 3516 1540 3573; x_wconf 92' lang='grc' dir='ltr'><strong>λαοῦ</strong></span> <span class='ocrx_word' id='word_1_380' title='bbox 1586 3519 1890 3596; x_wconf 86' lang='grc' dir='ltr'><strong>στηριγμὸς</strong></span> 
     </span>
    </p>
   </div>
   <div class='ocr_carea' id='block_1_54' title="bbox 245 3596 1889 3681">
    <p class='ocr_par' dir='ltr' id='par_1_54' title="bbox 245 3596 1889 3681">
     <span class='ocr_line' id='line_1_54' title="bbox 245 3596 1889 3681; baseline 0.006 -27"><span class='ocrx_word' id='word_1_381' title='bbox 245 3596 649 3672; x_wconf 74' lang='grc' dir='ltr'><strong>ἆμετακίνητος’</strong></span> <span class='ocrx_word' id='word_1_382' title='bbox 701 3601 801 3657; x_wconf 78' lang='grc' dir='ltr'><strong>οὐκ</strong></span> <span class='ocrx_word' id='word_1_383' title='bbox 858 3602 911 3657; x_wconf 87' lang='grc' dir='ltr'>ἐν</span> <span class='ocrx_word' id='word_1_384' title='bbox 964 3603 1239 3680; x_wconf 80' lang='grc' dir='ltr'><strong>ὑποκρίσει</strong></span> <span class='ocrx_word' id='word_1_385' title='bbox 1294 3605 1384 3660; x_wconf 85' lang='grc' dir='ltr'>καὶ</span> <span class='ocrx_word' id='word_1_386' title='bbox 1442 3605 1621 3681; x_wconf 84' lang='grc' dir='ltr'><strong>ἀπάτῃ</strong></span> <span class='ocrx_word' id='word_1_387' title='bbox 1679 3606 1889 3664; x_wconf 81' lang='grc' dir='ltr'><strong>ἐναντία</strong></span> 
     </span>
    </p>
   </div>
   <div class='ocr_carea' id='block_1_55' title="bbox 242 3685 1892 3769">
    <p class='ocr_par' dir='ltr' id='par_1_55' title="bbox 242 3685 1892 3769">
     <span class='ocr_line' id='line_1_55' title="bbox 242 3685 1892 3769; baseline 0.008 -30"><span class='ocrx_word' id='word_1_388' title='bbox 242 3686 303 3741; x_wconf 77' lang='grc' dir='ltr'>τά</span> <span class='ocrx_word' id='word_1_389' title='bbox 330 3685 452 3765; x_wconf 83' lang='grc' dir='ltr'><strong>ἔργα</strong></span> <span class='ocrx_word' id='word_1_390' title='bbox 481 3687 833 3762; x_wconf 74' lang='grc' dir='ltr'><strong>δεικνύουσα,</strong></span> <span class='ocrx_word' id='word_1_391' title='bbox 890 3691 981 3747; x_wconf 81' lang='grc' dir='ltr'>καὶ</span> <span class='ocrx_word' id='word_1_392' title='bbox 1039 3697 1119 3764; x_wconf 80' lang='grc' dir='ltr'><strong>τῷ</strong></span> <span class='ocrx_word' id='word_1_393' title='bbox 1147 3691 1346 3767; x_wconf 78' lang='grc' dir='ltr'><strong>ὑψηλῷ</strong></span> <span class='ocrx_word' id='word_1_394' title='bbox 1406 3693 1631 3769; x_wconf 84' lang='grc' dir='ltr'><strong>ὀνόματι</strong></span> <span class='ocrx_word' id='word_1_395' title='bbox 1683 3695 1892 3753; x_wconf 87' lang='grc' dir='ltr'><strong>ἀντιλέ-</strong></span> 
     </span>
    </p>
   </div>
   <div class='ocr_carea' id='block_1_56' title="bbox 244 3776 1889 3858">
    <p class='ocr_par' dir='ltr' id='par_1_56' title="bbox 244 3776 1889 3858">
     <span class='ocr_line' id='line_1_56' title="bbox 244 3776 1889 3858; baseline 0.007 -28"><span class='ocrx_word' id='word_1_396' title='bbox 244 3794 402 3850; x_wconf 82' lang='grc' dir='ltr'><strong>γουσα</strong></span> <span class='ocrx_word' id='word_1_397' title='bbox 431 3796 444 3809; x_wconf 87' lang='grc'><strong>·</strong></span> <span class='ocrx_word' id='word_1_398' title='bbox 502 3783 622 3842; x_wconf 84' lang='grc' dir='ltr'>πῶς</span> <span class='ocrx_word' id='word_1_399' title='bbox 690 3776 749 3834; x_wconf 75' lang='grc' dir='ltr'>δὲ</span> <span class='ocrx_word' id='word_1_400' title='bbox 805 3776 1085 3855; x_wconf 73' lang='grc' dir='ltr'><strong>ἑδραίωμα</strong></span> <span class='ocrx_word' id='word_1_401' title='bbox 1152 3782 1240 3836; x_wconf 76' lang='grc' dir='ltr'>ιιαί</span> <span class='ocrx_word' id='word_1_402' title='bbox 1296 3781 1547 3846; x_wconf 80' lang='grc' dir='ltr'><strong>σύστασις</strong></span> <span class='ocrx_word' id='word_1_403' title='bbox 1609 3782 1799 3858; x_wconf 87' lang='grc' dir='ltr'><strong>μέλλει</strong></span> <span class='ocrx_word' id='word_1_404' title='bbox 1860 3787 1889 3842; x_wconf 86' lang='lat'>6</span> 
     </span>
    </p>
   </div>
   <div class='ocr_carea' id='block_1_57' title="bbox 246 3863 1888 3950">
    <p class='ocr_par' dir='ltr' id='par_1_57' title="bbox 246 3863 1888 3950">
     <span class='ocr_line' id='line_1_57' title="bbox 246 3863 1888 3950; baseline 0.007 -32"><span class='ocrx_word' id='word_1_405' title='bbox 246 3863 488 3939; x_wconf 79' lang='grc' dir='ltr'><strong>βασιλεύς</strong></span> <span class='ocrx_word' id='word_1_406' title='bbox 565 3865 802 3929; x_wconf 79' lang='grc' dir='ltr'><strong>δικαίως</strong></span> <span class='ocrx_word' id='word_1_407' title='bbox 859 3867 1280 3941; x_wconf 84' lang='grc' dir='ltr'><strong>ὀνομάζεσθαι,</strong></span> <span class='ocrx_word' id='word_1_408' title='bbox 1334 3869 1421 3925; x_wconf 83' lang='grc' dir='ltr'><strong>ἐὰν</strong></span> <span class='ocrx_word' id='word_1_409' title='bbox 1502 3870 1578 3934; x_wconf 65' lang='grc' dir='ltr'>εἷς</span> <span class='ocrx_word' id='word_1_410' title='bbox 1656 3870 1888 3950; x_wconf 80' lang='grc' dir='ltr'><strong>ἀλόγους</strong></span> 
     </span>
    </p>
   </div>
   <div class='ocr_carea' id='block_1_58' title="bbox 243 3950 1888 4036">
    <p class='ocr_par' dir='ltr' id='par_1_58' title="bbox 243 3950 1888 4036">
     <span class='ocr_line' id='line_1_58' title="bbox 243 3950 1888 4036; baseline 0.007 -30"><span class='ocrx_word' id='word_1_411' title='bbox 243 3950 518 4028; x_wconf 77' lang='grc' dir='ltr'><strong>ἐπιθυμίας</strong></span> <span class='ocrx_word' id='word_1_412' title='bbox 612 3955 864 4030; x_wconf 79' lang='grc' dir='ltr'><strong>ἐμπίπτῃ</strong></span> <span class='ocrx_word' id='word_1_413' title='bbox 938 3957 1029 4012; x_wconf 85' lang='grc' dir='ltr'><strong>καὶ</strong></span> <span class='ocrx_word' id='word_1_414' title='bbox 1115 3957 1318 4031; x_wconf 82' lang='grc' dir='ltr'><strong>θυμοὺς</strong></span> <span class='ocrx_word' id='word_1_415' title='bbox 1396 3959 1715 4036; x_wconf 77' lang='grc' dir='ltr'><strong>ἀσχήμονας</strong></span> <span class='ocrx_word' id='word_1_416' title='bbox 1798 3962 1888 4017; x_wconf 87' lang='grc' dir='ltr'>καὶ</span> 
     </span>
    </p>
   </div>
   <div class='ocr_carea' id='block_1_59' title="bbox 241 4040 1889 4124">
    <p class='ocr_par' dir='ltr' id='par_1_59' title="bbox 241 4040 1889 4124">
     <span class='ocr_line' id='line_1_59' title="bbox 241 4040 1889 4124; baseline 0.006 -29"><span class='ocrx_word' id='word_1_417' title='bbox 241 4040 488 4107; x_wconf 80' lang='grc' dir='ltr'><strong>ἀτάκτους</strong></span> <span class='ocrx_word' id='word_1_418' title='bbox 522 4064 537 4115; x_wconf 90' lang='grc'><strong>;</strong></span> <span class='ocrx_word' id='word_1_419' title='bbox 572 4042 811 4103; x_wconf 75' lang='grc' dir='ltr'><strong>Μᾶλλον</strong></span> <span class='ocrx_word' id='word_1_420' title='bbox 849 4045 942 4119; x_wconf 77' lang='grc' dir='ltr'>μὲν</span> <span class='ocrx_word' id='word_1_421' title='bbox 999 4045 1093 4100; x_wconf 81' lang='grc' dir='ltr'><strong>οὗν</strong></span> <span class='ocrx_word' id='word_1_422' title='bbox 1122 4053 1373 4123; x_wconf 73' lang='grc' dir='ltr'><strong>ταραχῆς</strong></span> <span class='ocrx_word' id='word_1_423' title='bbox 1421 4047 1511 4103; x_wconf 83' lang='grc' dir='ltr'><strong>καὶ</strong></span> <span class='ocrx_word' id='word_1_424' title='bbox 1542 4047 1889 4124; x_wconf 75' lang='grc' dir='ltr'><strong>ἐμποδισμοῦ</strong></span> 
     </span>
    </p>
   </div>
   <div class='ocr_carea' id='block_1_60' title="bbox 242 4128 1888 4210">
    <p class='ocr_par' dir='ltr' id='par_1_60' title="bbox 242 4128 1888 4210">
     <span class='ocr_line' id='line_1_60' title="bbox 242 4128 1888 4210; baseline 0.006 -26"><span class='ocrx_word' id='word_1_425' title='bbox 242 4128 433 4203; x_wconf 84' lang='grc' dir='ltr'><strong>γίνεται</strong></span> <span class='ocrx_word' id='word_1_426' title='bbox 504 4134 778 4210; x_wconf 79' lang='grc' dir='ltr'><strong>πρόξενος</strong></span> <span class='ocrx_word' id='word_1_427' title='bbox 822 4178 838 4201; x_wconf 89' lang='lat'>,</span> <span class='ocrx_word' id='word_1_428' title='bbox 896 4134 971 4196; x_wconf 84' lang='grc' dir='ltr'><strong>ὡς</strong></span> <span class='ocrx_word' id='word_1_429' title='bbox 1042 4131 1391 4210; x_wconf 86' lang='grc' dir='ltr'><strong>παράδειγμα</strong></span> <span class='ocrx_word' id='word_1_430' title='bbox 1471 4141 1569 4192; x_wconf 86' lang='grc' dir='ltr'>τοῦ</span> <span class='ocrx_word' id='word_1_431' title='bbox 1642 4138 1888 4208; x_wconf 78' lang='grc' dir='ltr'><strong>ὑπηκόου</strong></span> 
     </span>
    </p>
   </div>
   <div class='ocr_carea' id='block_1_61' title="bbox 243 4216 1887 4300">
    <p class='ocr_par' dir='ltr' id='par_1_61' title="bbox 243 4216 1887 4300">
     <span class='ocr_line' id='line_1_61' title="bbox 243 4216 1887 4300; baseline 0.005 -27"><span class='ocrx_word' id='word_1_432' title='bbox 243 4216 366 4275; x_wconf 89' lang='grc' dir='ltr'><strong>λαοῦ</strong></span> <span class='ocrx_word' id='word_1_433' title='bbox 398 4266 413 4293; x_wconf 91' lang='grc'>,</span> <span class='ocrx_word' id='word_1_434' title='bbox 472 4219 926 4298; x_wconf 82' lang='grc' dir='ltr'><strong>ἀναγκαζομένου</strong></span> <span class='ocrx_word' id='word_1_435' title='bbox 996 4222 1083 4277; x_wconf 72' lang='grc' dir='ltr'><strong>καὶ</strong></span> <span class='ocrx_word' id='word_1_436' title='bbox 1154 4221 1548 4294; x_wconf 81' lang='grc' dir='ltr'><strong>σπουδάζοντος</strong></span> <span class='ocrx_word' id='word_1_437' title='bbox 1610 4229 1887 4300; x_wconf 88' lang='grc' dir='ltr'><strong>μιμεῖσθαι</strong></span> 
     </span>
    </p>
   </div>
   <div class='ocr_carea' id='block_1_62' title="bbox 241 4304 1884 4388">
    <p class='ocr_par' dir='ltr' id='par_1_62' title="bbox 241 4304 1884 4388">
     <span class='ocr_line' id='line_1_62' title="bbox 241 4304 1884 4388; baseline 0.008 -29"><span class='ocrx_word' id='word_1_438' title='bbox 241 4304 388 4363; x_wconf 80' lang='grc' dir='ltr'><strong>αὐτόν</strong></span> <span class='ocrx_word' id='word_1_439' title='bbox 418 4329 433 4342; x_wconf 80' lang='grc'><strong>’</strong></span> <span class='ocrx_word' id='word_1_440' title='bbox 494 4309 641 4366; x_wconf 82' lang='grc' dir='ltr'><strong>ὥστε</strong></span> <span class='ocrx_word' id='word_1_441' title='bbox 723 4308 948 4386; x_wconf 80' lang='grc' dir='ltr'><strong>ἁρμόζει</strong></span> <span class='ocrx_word' id='word_1_442' title='bbox 1021 4311 1114 4366; x_wconf 86' lang='grc' dir='ltr'><strong>τὸν</strong></span> <span class='ocrx_word' id='word_1_443' title='bbox 1196 4311 1461 4388; x_wconf 80' lang='grc' dir='ltr'><strong>βασιλέα,</strong></span> <span class='ocrx_word' id='word_1_444' title='bbox 1513 4311 1603 4369; x_wconf 70' lang='grc' dir='ltr'><strong>’ίνα</strong></span> <span class='ocrx_word' id='word_1_445' title='bbox 1672 4320 1884 4388; x_wconf 84' lang='grc' dir='ltr'><strong>πρῶτον</strong></span> 
     </span>
    </p>
   </div>
   <div class='ocr_carea' id='block_1_63' title="bbox 240 4393 1888 4476">
    <p class='ocr_par' dir='ltr' id='par_1_63' title="bbox 240 4393 1888 4476">
     <span class='ocr_line' id='line_1_63' title="bbox 240 4393 1888 4476; baseline 0.005 -25"><span class='ocrx_word' id='word_1_446' title='bbox 240 4393 420 4453; x_wconf 71' lang='grc' dir='ltr'><strong>ἑαυτοῦ</strong></span> <span class='ocrx_word' id='word_1_447' title='bbox 501 4398 778 4476; x_wconf 76' lang='grc' dir='ltr'><strong>βασιλεύῃ</strong></span> <span class='ocrx_word' id='word_1_448' title='bbox 834 4442 850 4469; x_wconf 85' lang='grc'>,</span> <span class='ocrx_word' id='word_1_449' title='bbox 906 4400 996 4454; x_wconf 83' lang='grc' dir='ltr'><strong>καὶ</strong></span> <span class='ocrx_word' id='word_1_450' title='bbox 1076 4401 1209 4474; x_wconf 80' lang='grc' dir='ltr'><strong>μετὰ</strong></span> <span class='ocrx_word' id='word_1_451' title='bbox 1280 4405 1447 4458; x_wconf 90' lang='grc' dir='ltr'><strong>ταῦτα</strong></span> <span class='ocrx_word' id='word_1_452' title='bbox 1516 4404 1715 4466; x_wconf 85' lang='grc' dir='ltr'><strong>παντὸς</strong></span> <span class='ocrx_word' id='word_1_453' title='bbox 1789 4410 1888 4461; x_wconf 89' lang='grc' dir='ltr'>τοῦ</span> 
     </span>
    </p>
   </div>
   <div class='ocr_carea' id='block_1_64' title="bbox 240 4479 1885 4563">
    <p class='ocr_par' dir='ltr' id='par_1_64' title="bbox 240 4479 1885 4563">
     <span class='ocr_line' id='line_1_64' title="bbox 240 4479 1885 4563; baseline 0.005 -23"><span class='ocrx_word' id='word_1_454' title='bbox 240 4479 387 4543; x_wconf 85' lang='grc' dir='ltr'><strong>λαοῦ.</strong></span> <span class='ocrx_word' id='word_1_455' title='bbox 446 4489 504 4542; x_wconf 77' lang='lat'>&#39;0</span> <span class='ocrx_word' id='word_1_456' title='bbox 559 4486 621 4544; x_wconf 76' lang='grc' dir='ltr'>δὲ</span> <span class='ocrx_word' id='word_1_457' title='bbox 688 4488 768 4561; x_wconf 78' lang='grc' dir='ltr'><strong>μὴ</strong></span> <span class='ocrx_word' id='word_1_458' title='bbox 830 4485 1117 4562; x_wconf 87' lang='grc' dir='ltr'><strong>δυνάμενος</strong></span> <span class='ocrx_word' id='word_1_459' title='bbox 1176 4494 1303 4563; x_wconf 83' lang='grc' dir='ltr'><strong>μιᾶς</strong></span> <span class='ocrx_word' id='word_1_460' title='bbox 1357 4489 1530 4555; x_wconf 79' lang='grc' dir='ltr'><strong>οἰκίας</strong></span> <span class='ocrx_word' id='word_1_461' title='bbox 1586 4499 1689 4563; x_wconf 84' lang='grc' dir='ltr'><strong>τῆς</strong></span> <span class='ocrx_word' id='word_1_462' title='bbox 1747 4491 1885 4558; x_wconf 75' lang='grc' dir='ltr'><strong>ἰδίας</strong></span> 
     </span>
    </p>
   </div>
   <div class='ocr_carea' id='block_1_65' title="bbox 237 4575 1885 4655">
    <p class='ocr_par' dir='ltr' id='par_1_65' title="bbox 237 4575 1885 4655">
     <span class='ocr_line' id='line_1_65' title="bbox 237 4575 1885 4655; baseline 0.006 -27"><span class='ocrx_word' id='word_1_463' title='bbox 237 4575 518 4653; x_wconf 80' lang='grc' dir='ltr'><strong>κατάρχειν</strong></span> <span class='ocrx_word' id='word_1_464' title='bbox 595 4582 724 4639; x_wconf 87' lang='grc' dir='ltr'>πῶς</span> <span class='ocrx_word' id='word_1_465' title='bbox 802 4575 1024 4647; x_wconf 89' lang='grc' dir='ltr'><strong>ἀληθῶς</strong></span> <span class='ocrx_word' id='word_1_466' title='bbox 1098 4577 1448 4655; x_wconf 79' lang='grc' dir='ltr'><strong>αὐτοκράτωρ</strong></span> <span class='ocrx_word' id='word_1_467' title='bbox 1523 4580 1738 4637; x_wconf 89' lang='grc' dir='ltr'><strong>πόλεων</strong></span> <span class='ocrx_word' id='word_1_468' title='bbox 1794 4583 1885 4638; x_wconf 84' lang='grc' dir='ltr'><strong>καὶ</strong></span> 
     </span>
    </p>
   </div>
   <div class='ocr_carea' id='block_1_66' title="bbox 1990 2005 3631 2084">
    <p class='ocr_par' dir='ltr' id='par_1_66' title="bbox 1990 2005 3631 2084">
     <span class='ocr_line' id='line_1_66' title="bbox 1990 2005 3631 2084; baseline 0.007 -25"><span class='ocrx_word' id='word_1_469' title='bbox 1990 2005 2064 2060; x_wconf 87' lang='lat' dir='ltr'>iis</span> <span class='ocrx_word' id='word_1_470' title='bbox 2093 2005 2273 2077; x_wconf 85' lang='lat' dir='ltr'>igitur</span> <span class='ocrx_word' id='word_1_471' title='bbox 2323 2005 2423 2076; x_wconf 92' lang='lat' dir='ltr'>qui</span> <span class='ocrx_word' id='word_1_472' title='bbox 2454 2006 2828 2077; x_wconf 88' lang='lat' dir='ltr'>negotiantur</span> <span class='ocrx_word' id='word_1_473' title='bbox 2859 2005 3156 2080; x_wconf 92' lang='lat' dir='ltr'>lucrisque</span> <span class='ocrx_word' id='word_1_474' title='bbox 3200 2011 3344 2066; x_wconf 90' lang='lat' dir='ltr'>dant</span> <span class='ocrx_word' id='word_1_475' title='bbox 3372 2029 3631 2084; x_wconf 91' lang='lat' dir='ltr'>operam,</span> 
     </span>
    </p>
   </div>
   <div class='ocr_carea' id='block_1_67' title="bbox 1988 2094 3632 2169">
    <p class='ocr_par' dir='ltr' id='par_1_67' title="bbox 1988 2094 3632 2169">
     <span class='ocr_line' id='line_1_67' title="bbox 1988 2094 3632 2169; baseline 0.007 -22"><span class='ocrx_word' id='word_1_476' title='bbox 1988 2110 2219 2165; x_wconf 70' lang='lat' dir='ltr'>aequum</span> <span class='ocrx_word' id='word_1_477' title='bbox 2272 2098 2362 2149; x_wconf 92' lang='lat' dir='ltr'>est</span> <span class='ocrx_word' id='word_1_478' title='bbox 2391 2110 2587 2166; x_wconf 88' lang='lat' dir='ltr'>regem</span> <span class='ocrx_word' id='word_1_479' title='bbox 2636 2094 2952 2165; x_wconf 89' lang='lat' dir='ltr'>particulas</span> <span class='ocrx_word' id='word_1_480' title='bbox 2984 2096 3240 2169; x_wconf 90' lang='lat' dir='ltr'>accipere</span> <span class='ocrx_word' id='word_1_481' title='bbox 3274 2117 3287 2154; x_wconf 90' lang='lat'><strong>:</strong></span> <span class='ocrx_word' id='word_1_482' title='bbox 3320 2101 3394 2156; x_wconf 91' lang='lat' dir='ltr'>ab</span> <span class='ocrx_word' id='word_1_483' title='bbox 3422 2101 3497 2158; x_wconf 90' lang='lat' dir='ltr'>iis</span> <span class='ocrx_word' id='word_1_484' title='bbox 3526 2120 3632 2159; x_wconf 89' lang='lat' dir='ltr'>au-</span> 
     </span>
    </p>
   </div>
   <div class='ocr_carea' id='block_1_68' title="bbox 1992 2182 3636 2262">
    <p class='ocr_par' dir='ltr' id='par_1_68' title="bbox 1992 2182 3636 2262">
     <span class='ocr_line' id='line_1_68' title="bbox 1992 2182 3636 2262; baseline 0.007 -26"><span class='ocrx_word' id='word_1_485' title='bbox 1992 2186 2108 2237; x_wconf 91' lang='lat' dir='ltr'>tem</span> <span class='ocrx_word' id='word_1_486' title='bbox 2159 2182 2258 2254; x_wconf 91' lang='lat' dir='ltr'>qui</span> <span class='ocrx_word' id='word_1_487' title='bbox 2308 2183 2654 2254; x_wconf 87' lang='lat' dir='ltr'>sapientiam</span> <span class='ocrx_word' id='word_1_488' title='bbox 2705 2183 3047 2256; x_wconf 89' lang='lat' dir='ltr'>litterasque</span> <span class='ocrx_word' id='word_1_489' title='bbox 3094 2187 3458 2262; x_wconf 90' lang='lat' dir='ltr'>proﬁtentur,</span> <span class='ocrx_word' id='word_1_490' title='bbox 3503 2208 3636 2248; x_wconf 90' lang='lat' dir='ltr'>ver-</span> 
     </span>
    </p>
   </div>
   <div class='ocr_carea' id='block_1_69' title="bbox 1989 2271 3633 2350">
    <p class='ocr_par' dir='ltr' id='par_1_69' title="bbox 1989 2271 3633 2350">
     <span class='ocr_line' id='line_1_69' title="bbox 1989 2271 3633 2350; baseline 0.007 -25"><span class='ocrx_word' id='word_1_491' title='bbox 1989 2271 2201 2326; x_wconf 88' lang='lat' dir='ltr'>borum</span> <span class='ocrx_word' id='word_1_492' title='bbox 2246 2271 2433 2342; x_wconf 91' lang='lat' dir='ltr'>elogia</span> <span class='ocrx_word' id='word_1_493' title='bbox 2480 2271 2816 2343; x_wconf 87' lang='lat' dir='ltr'>famamque</span> <span class='ocrx_word' id='word_1_494' title='bbox 2863 2273 3079 2329; x_wconf 86' lang='lat' dir='ltr'>referre</span> <span class='ocrx_word' id='word_1_495' title='bbox 3131 2292 3143 2328; x_wconf 89' lang='lat'>:</span> <span class='ocrx_word' id='word_1_496' title='bbox 3191 2278 3345 2347; x_wconf 91' lang='lat' dir='ltr'>quod</span> <span class='ocrx_word' id='word_1_497' title='bbox 3394 2279 3633 2350; x_wconf 90' lang='lat' dir='ltr'>quidem</span> 
     </span>
    </p>
   </div>
   <div class='ocr_carea' id='block_1_70' title="bbox 1988 2359 3634 2438">
    <p class='ocr_par' dir='ltr' id='par_1_70' title="bbox 1988 2359 3634 2438">
     <span class='ocr_line' id='line_1_70' title="bbox 1988 2359 3634 2438; baseline 0.007 -24"><span class='ocrx_word' id='word_1_498' title='bbox 1988 2359 2345 2414; x_wconf 89' lang='lat' dir='ltr'>tributorum</span> <span class='ocrx_word' id='word_1_499' title='bbox 2378 2359 2642 2414; x_wconf 91' lang='lat' dir='ltr'>omnium</span> <span class='ocrx_word' id='word_1_500' title='bbox 2675 2360 3167 2431; x_wconf 89' lang='lat' dir='ltr'>pretiosissimum</span> <span class='ocrx_word' id='word_1_501' title='bbox 3193 2368 3318 2433; x_wconf 90' lang='lat' dir='ltr'>est;</span> <span class='ocrx_word' id='word_1_502' title='bbox 3344 2373 3634 2438; x_wconf 88' lang='lat' dir='ltr'>quatenus</span> 
     </span>
    </p>
   </div>
   <div class='ocr_carea' id='block_1_71' title="bbox 1991 2447 3634 2526">
    <p class='ocr_par' dir='ltr' id='par_1_71' title="bbox 1991 2447 3634 2526">
     <span class='ocr_line' id='line_1_71' title="bbox 1991 2447 3634 2526; baseline 0.007 -24"><span class='ocrx_word' id='word_1_503' title='bbox 1991 2447 2271 2502; x_wconf 91' lang='lat' dir='ltr'>nimirum</span> <span class='ocrx_word' id='word_1_504' title='bbox 2304 2448 2509 2502; x_wconf 64' lang='lat' dir='ltr'>litterae</span> <span class='ocrx_word' id='word_1_505' title='bbox 2550 2448 2791 2519; x_wconf 90' lang='lat' dir='ltr'>reliquis</span> <span class='ocrx_word' id='word_1_506' title='bbox 2825 2449 3050 2506; x_wconf 87' lang='lat' dir='ltr'>artibus</span> <span class='ocrx_word' id='word_1_507' title='bbox 3079 2457 3218 2507; x_wconf 91' lang='lat' dir='ltr'>sunt</span> <span class='ocrx_word' id='word_1_508' title='bbox 3264 2458 3634 2526; x_wconf 68' lang='lat' dir='ltr'>prastantio-</span> 
     </span>
    </p>
   </div>
   <div class='ocr_carea' id='block_1_72' title="bbox 1992 2535 3636 2616">
    <p class='ocr_par' dir='ltr' id='par_1_72' title="bbox 1992 2535 3636 2616">
     <span class='ocr_line' id='line_1_72' title="bbox 1992 2535 3636 2616; baseline 0.007 -25"><span class='ocrx_word' id='word_1_509' title='bbox 1992 2553 2103 2592; x_wconf 88' lang='lat' dir='ltr'>res.</span> <span class='ocrx_word' id='word_1_510' title='bbox 2136 2536 2321 2608; x_wconf 81' lang='lat' dir='ltr'>Igitur</span> <span class='ocrx_word' id='word_1_511' title='bbox 2350 2536 2398 2591; x_wconf 92' lang='lat' dir='ltr'>si</span> <span class='ocrx_word' id='word_1_512' title='bbox 2431 2535 2564 2592; x_wconf 91' lang='lat' dir='ltr'>aliis</span> <span class='ocrx_word' id='word_1_513' title='bbox 2593 2536 2931 2594; x_wconf 90' lang='lat' dir='ltr'>hominibus</span> <span class='ocrx_word' id='word_1_514' title='bbox 2960 2539 3168 2595; x_wconf 89' lang='lat' dir='ltr'>celsior</span> <span class='ocrx_word' id='word_1_515' title='bbox 3196 2545 3636 2616; x_wconf 79' lang='lat' dir='ltr'>rexest,philo-</span> 
     </span>
    </p>
   </div>
   <div class='ocr_carea' id='block_1_73' title="bbox 1991 2624 3633 2703">
    <p class='ocr_par' dir='ltr' id='par_1_73' title="bbox 1991 2624 3633 2703">
     <span class='ocr_line' id='line_1_73' title="bbox 1991 2624 3633 2703; baseline 0.006 -23"><span class='ocrx_word' id='word_1_516' title='bbox 1991 2624 2199 2696; x_wconf 90' lang='lat' dir='ltr'>sophia</span> <span class='ocrx_word' id='word_1_517' title='bbox 2229 2628 2422 2681; x_wconf 89' lang='lat' dir='ltr'>autem</span> <span class='ocrx_word' id='word_1_518' title='bbox 2447 2625 2668 2681; x_wconf 75' lang='lat' dir='ltr'>caeteris</span> <span class='ocrx_word' id='word_1_519' title='bbox 2699 2627 2923 2682; x_wconf 87' lang='lat' dir='ltr'>artibus</span> <span class='ocrx_word' id='word_1_520' title='bbox 2952 2627 3633 2703; x_wconf 83' lang='lat' dir='ltr'>excellentior,quidnam</span> 
     </span>
    </p>
   </div>
   <div class='ocr_carea' id='block_1_74' title="bbox 1991 2713 3634 2792">
    <p class='ocr_par' dir='ltr' id='par_1_74' title="bbox 1991 2713 3634 2792">
     <span class='ocr_line' id='line_1_74' title="bbox 1991 2713 3634 2792; baseline 0.007 -25"><span class='ocrx_word' id='word_1_521' title='bbox 1991 2713 2111 2785; x_wconf 88' lang='lat' dir='ltr'>regi</span> <span class='ocrx_word' id='word_1_522' title='bbox 2162 2713 2598 2769; x_wconf 89' lang='lat' dir='ltr'>convenientius</span> <span class='ocrx_word' id='word_1_523' title='bbox 2641 2718 2748 2781; x_wconf 89' lang='lat' dir='ltr'>est,</span> <span class='ocrx_word' id='word_1_524' title='bbox 2800 2731 2979 2786; x_wconf 89' lang='lat' dir='ltr'>quam</span> <span class='ocrx_word' id='word_1_525' title='bbox 3031 2714 3359 2774; x_wconf 89' lang='lat' dir='ltr'>litterarum</span> <span class='ocrx_word' id='word_1_526' title='bbox 3412 2737 3634 2792; x_wconf 74' lang='lat' dir='ltr'>praeco-</span> 
     </span>
    </p>
   </div>
   <div class='ocr_carea' id='block_1_75' title="bbox 1992 2800 3632 2877">
    <p class='ocr_par' dir='ltr' id='par_1_75' title="bbox 1992 2800 3632 2877">
     <span class='ocr_line' id='line_1_75' title="bbox 1992 2800 3632 2877; baseline 0.007 -23"><span class='ocrx_word' id='word_1_527' title='bbox 1992 2801 2154 2855; x_wconf 91' lang='lat' dir='ltr'>nium</span> <span class='ocrx_word' id='word_1_528' title='bbox 2177 2801 2205 2855; x_wconf 86' lang='lat'><strong>?</strong></span> <span class='ocrx_word' id='word_1_529' title='bbox 2234 2800 2708 2873; x_wconf 89' lang='lat' dir='ltr'>quandoquidem</span> <span class='ocrx_word' id='word_1_530' title='bbox 2760 2818 2973 2874; x_wconf 89' lang='lat' dir='ltr'>magna</span> <span class='ocrx_word' id='word_1_531' title='bbox 3003 2820 3249 2877; x_wconf 88' lang='lat' dir='ltr'>magnos</span> <span class='ocrx_word' id='word_1_532' title='bbox 3279 2807 3501 2875; x_wconf 90' lang='lat' dir='ltr'>decent,</span> <span class='ocrx_word' id='word_1_533' title='bbox 3535 2828 3632 2866; x_wconf 91' lang='lat' dir='ltr'>su-</span> 
     </span>
    </p>
   </div>
   <div class='ocr_carea' id='block_1_76' title="bbox 1991 2878 3635 2968">
    <p class='ocr_par' dir='ltr' id='par_1_76' title="bbox 1991 2878 3635 2968">
     <span class='ocr_line' id='line_1_76' title="bbox 1991 2878 3635 2968; baseline 0.007 -24"><span class='ocrx_word' id='word_1_534' title='bbox 1991 2888 2197 2944; x_wconf 90' lang='lat' dir='ltr'>blimia</span> <span class='ocrx_word' id='word_1_535' title='bbox 2229 2888 2530 2944; x_wconf 85' lang='lat' dir='ltr'>sublimes.</span> <span class='ocrx_word' id='word_1_536' title='bbox 2564 2878 2829 2961; x_wconf 78' lang='lat' dir='ltr'>Regnum</span> <span class='ocrx_word' id='word_1_537' title='bbox 2862 2891 3097 2962; x_wconf 89' lang='lat' dir='ltr'>quidem</span> <span class='ocrx_word' id='word_1_538' title='bbox 3126 2892 3321 2966; x_wconf 87' lang='lat' dir='ltr'>imago</span> <span class='ocrx_word' id='word_1_539' title='bbox 3366 2900 3635 2968; x_wconf 74' lang='lat' dir='ltr'>quaedam</span> 
     </span>
    </p>
   </div>
   <div class='ocr_carea' id='block_1_77' title="bbox 1991 2978 3633 3058">
    <p class='ocr_par' dir='ltr' id='par_1_77' title="bbox 1991 2978 3633 3058">
     <span class='ocr_line' id='line_1_77' title="bbox 1991 2978 3633 3058; baseline 0.005 -25"><span class='ocrx_word' id='word_1_540' title='bbox 1991 2978 2434 3050; x_wconf 90' lang='lat' dir='ltr'>similitudoque</span> <span class='ocrx_word' id='word_1_541' title='bbox 2481 2978 2581 3034; x_wconf 91' lang='lat' dir='ltr'>Dei</span> <span class='ocrx_word' id='word_1_542' title='bbox 2615 2983 2703 3035; x_wconf 91' lang='lat' dir='ltr'>est</span> <span class='ocrx_word' id='word_1_543' title='bbox 2734 2997 2747 3034; x_wconf 91' lang='lat'><strong>:</strong></span> <span class='ocrx_word' id='word_1_544' title='bbox 2780 2979 3154 3053; x_wconf 87' lang='lat' dir='ltr'>philosophia</span> <span class='ocrx_word' id='word_1_545' title='bbox 3194 2989 3390 3039; x_wconf 90' lang='lat' dir='ltr'>autem</span> <span class='ocrx_word' id='word_1_546' title='bbox 3442 2987 3633 3058; x_wconf 88' lang='lat' dir='ltr'>provi-</span> 
     </span>
    </p>
   </div>
   <div class='ocr_carea' id='block_1_78' title="bbox 1990 3067 3633 3143">
    <p class='ocr_par' dir='ltr' id='par_1_78' title="bbox 1990 3067 3633 3143">
     <span class='ocr_line' id='line_1_78' title="bbox 1990 3067 3633 3143; baseline 0.005 -22"><span class='ocrx_word' id='word_1_547' title='bbox 1990 3067 2202 3122; x_wconf 62' lang='lat' dir='ltr'>dentiae</span> <span class='ocrx_word' id='word_1_548' title='bbox 2251 3067 2458 3122; x_wconf 63' lang='lat' dir='ltr'>divinis</span> <span class='ocrx_word' id='word_1_549' title='bbox 2507 3068 2982 3139; x_wconf 70' lang='lat' dir='ltr'>repraesentatio:</span> <span class='ocrx_word' id='word_1_550' title='bbox 3029 3069 3110 3125; x_wconf 88' lang='lat' dir='ltr'>ita</span> <span class='ocrx_word' id='word_1_551' title='bbox 3158 3075 3221 3126; x_wconf 90' lang='lat' dir='ltr'>ut</span> <span class='ocrx_word' id='word_1_552' title='bbox 3268 3070 3475 3143; x_wconf 89' lang='lat' dir='ltr'>siquod</span> <span class='ocrx_word' id='word_1_553' title='bbox 3524 3074 3633 3129; x_wconf 90' lang='lat' dir='ltr'>ali-</span> 
     </span>
    </p>
   </div>
   <div class='ocr_carea' id='block_1_79' title="bbox 1991 3155 3633 3235">
    <p class='ocr_par' dir='ltr' id='par_1_79' title="bbox 1991 3155 3633 3235">
     <span class='ocr_line' id='line_1_79' title="bbox 1991 3155 3633 3235; baseline 0.006 -26"><span class='ocrx_word' id='word_1_554' title='bbox 1991 3155 2225 3227; x_wconf 91' lang='lat' dir='ltr'>quando</span> <span class='ocrx_word' id='word_1_555' title='bbox 2257 3155 2419 3227; x_wconf 88' lang='lat' dir='ltr'>regni</span> <span class='ocrx_word' id='word_1_556' title='bbox 2453 3171 2639 3226; x_wconf 88' lang='lat' dir='ltr'>genus</span> <span class='ocrx_word' id='word_1_557' title='bbox 2670 3173 2704 3211; x_wconf 89' lang='lat' dir='ltr'>a</span> <span class='ocrx_word' id='word_1_558' title='bbox 2731 3156 3020 3229; x_wconf 90' lang='lat' dir='ltr'>sapientia</span> <span class='ocrx_word' id='word_1_559' title='bbox 3049 3158 3344 3226; x_wconf 84' lang='lat' dir='ltr'>abhorret,</span> <span class='ocrx_word' id='word_1_560' title='bbox 3374 3161 3432 3217; x_wconf 91' lang='lat' dir='ltr'>id</span> <span class='ocrx_word' id='word_1_561' title='bbox 3462 3162 3633 3235; x_wconf 93' lang='lat' dir='ltr'>longe</span> 
     </span>
    </p>
   </div>
   <div class='ocr_carea' id='block_1_80' title="bbox 1997 3243 3633 3322">
    <p class='ocr_par' dir='ltr' id='par_1_80' title="bbox 1997 3243 3633 3322">
     <span class='ocr_line' id='line_1_80' title="bbox 1997 3243 3633 3322; baseline 0.006 -23"><span class='ocrx_word' id='word_1_562' title='bbox 1997 3260 2032 3299; x_wconf 90' lang='lat' dir='ltr'>a</span> <span class='ocrx_word' id='word_1_563' title='bbox 2080 3244 2193 3299; x_wconf 89' lang='lat' dir='ltr'>Deo</span> <span class='ocrx_word' id='word_1_564' title='bbox 2246 3243 2492 3299; x_wconf 89' lang='lat' dir='ltr'>recedat.</span> <span class='ocrx_word' id='word_1_565' title='bbox 2534 3243 2718 3316; x_wconf 91' lang='lat' dir='ltr'>Igitur</span> <span class='ocrx_word' id='word_1_566' title='bbox 2764 3245 2886 3318; x_wconf 90' lang='lat' dir='ltr'>regi</span> <span class='ocrx_word' id='word_1_567' title='bbox 2934 3247 3286 3303; x_wconf 88' lang='lat' dir='ltr'>conveniunt</span> <span class='ocrx_word' id='word_1_568' title='bbox 3335 3251 3633 3322; x_wconf 68' lang='lat' dir='ltr'>sapientiae</span> 
     </span>
    </p>
   </div>
   <div class='ocr_carea' id='block_1_81' title="bbox 1917 3312 2243 3388">
    <p class='ocr_par' dir='ltr' id='par_1_81' title="bbox 1917 3312 2243 3388">
     <span class='ocr_line' id='line_1_81' title="bbox 1917 3312 2243 3388; baseline 0 -1"><span class='ocrx_word' id='word_1_569' title='bbox 1917 3312 1961 3379; x_wconf 77' lang='lat' dir='ltr'><strong>C</strong></span> <span class='ocrx_word' id='word_1_570' title='bbox 1998 3332 2243 3388; x_wconf 88' lang='lat' dir='ltr'>fructus.</span> 
     </span>
    </p>
   </div>
   <div class='ocr_carea' id='block_1_82' title="bbox 2067 3420 3639 3500">
    <p class='ocr_par' dir='ltr' id='par_1_82' title="bbox 2067 3420 3639 3500">
     <span class='ocr_line' id='line_1_82' title="bbox 2067 3420 3639 3500; baseline 0.006 -24"><span class='ocrx_word' id='word_1_571' title='bbox 2067 3420 2134 3476; x_wconf 94' lang='lat' dir='ltr'>II.</span> <span class='ocrx_word' id='word_1_572' title='bbox 2167 3422 2282 3476; x_wconf 73' lang='lat' dir='ltr'>Rea:</span> <span class='ocrx_word' id='word_1_573' title='bbox 2308 3423 2439 3477; x_wconf 75' lang='lat' dir='ltr'>vitet</span> <span class='ocrx_word' id='word_1_574' title='bbox 2486 3420 2911 3493; x_wconf 77' lang='lat' dir='ltr'>impudicitiam.</span> <span class='ocrx_word' id='word_1_575' title='bbox 2944 3454 3011 3465; x_wconf 93' lang='lat'><strong><em>—</em></strong></span> <span class='ocrx_word' id='word_1_576' title='bbox 3044 3424 3156 3480; x_wconf 92' lang='lat' dir='ltr'>Sed</span> <span class='ocrx_word' id='word_1_577' title='bbox 3199 3425 3354 3481; x_wconf 91' lang='lat' dir='ltr'>enim</span> <span class='ocrx_word' id='word_1_578' title='bbox 3386 3427 3527 3500; x_wconf 90' lang='lat' dir='ltr'>quid</span> <span class='ocrx_word' id='word_1_579' title='bbox 3559 3430 3639 3485; x_wconf 88' lang='lat' dir='ltr'>sit</span> 
     </span>
    </p>
   </div>
   <div class='ocr_carea' id='block_1_83' title="bbox 1997 3510 3639 3586">
    <p class='ocr_par' dir='ltr' id='par_1_83' title="bbox 1997 3510 3639 3586">
     <span class='ocr_line' id='line_1_83' title="bbox 1997 3510 3639 3586; baseline 0.004 -21"><span class='ocrx_word' id='word_1_580' title='bbox 1997 3525 2242 3581; x_wconf 89' lang='lat' dir='ltr'>regnum</span> <span class='ocrx_word' id='word_1_581' title='bbox 2273 3514 2406 3566; x_wconf 91' lang='lat' dir='ltr'>ante</span> <span class='ocrx_word' id='word_1_582' title='bbox 2436 3511 2634 3566; x_wconf 89' lang='lat' dir='ltr'>omnia</span> <span class='ocrx_word' id='word_1_583' title='bbox 2661 3510 3057 3567; x_wconf 88' lang='lat' dir='ltr'>deﬁniendum</span> <span class='ocrx_word' id='word_1_584' title='bbox 3083 3517 3190 3568; x_wconf 87' lang='lat' dir='ltr'>est.</span> <span class='ocrx_word' id='word_1_585' title='bbox 3220 3514 3484 3586; x_wconf 83' lang='lat' dir='ltr'>Regnum</span> <span class='ocrx_word' id='word_1_586' title='bbox 3517 3533 3639 3574; x_wconf 90' lang='lat' dir='ltr'>ser-</span> 
     </span>
    </p>
   </div>
   <div class='ocr_carea' id='block_1_84' title="bbox 1998 3598 3638 3677">
    <p class='ocr_par' dir='ltr' id='par_1_84' title="bbox 1998 3598 3638 3677">
     <span class='ocr_line' id='line_1_84' title="bbox 1998 3598 3638 3677; baseline 0.006 -24"><span class='ocrx_word' id='word_1_587' title='bbox 1998 3615 2171 3654; x_wconf 90' lang='lat' dir='ltr'>mone</span> <span class='ocrx_word' id='word_1_588' title='bbox 2224 3598 2418 3655; x_wconf 72' lang='lat' dir='ltr'>Graeco</span> <span class='ocrx_word' id='word_1_589' title='bbox 2449 3599 2739 3672; x_wconf 87' lang='lat' dir='ltr'>signiﬁcat</span> <span class='ocrx_word' id='word_1_590' title='bbox 2767 3600 2966 3672; x_wconf 92' lang='lat' dir='ltr'>populi</span> <span class='ocrx_word' id='word_1_591' title='bbox 3009 3601 3218 3657; x_wconf 88' lang='lat' dir='ltr'>basim.</span> <span class='ocrx_word' id='word_1_592' title='bbox 3250 3603 3352 3659; x_wconf 86' lang='lat' dir='ltr'>Est</span> <span class='ocrx_word' id='word_1_593' title='bbox 3380 3620 3517 3677; x_wconf 90' lang='lat' dir='ltr'>ergo</span> <span class='ocrx_word' id='word_1_594' title='bbox 3543 3622 3638 3663; x_wconf 88' lang='lat' dir='ltr'>res</span> 
     </span>
    </p>
   </div>
   <div class='ocr_carea' id='block_1_85' title="bbox 1998 3688 3637 3763">
    <p class='ocr_par' dir='ltr' id='par_1_85' title="bbox 1998 3688 3637 3763">
     <span class='ocr_line' id='line_1_85' title="bbox 1998 3688 3637 3763; baseline 0.007 -22"><span class='ocrx_word' id='word_1_595' title='bbox 1998 3690 2294 3753; x_wconf 88' lang='lat' dir='ltr'>constans,</span> <span class='ocrx_word' id='word_1_596' title='bbox 2326 3704 2441 3743; x_wconf 92' lang='lat' dir='ltr'>non</span> <span class='ocrx_word' id='word_1_597' title='bbox 2488 3703 2615 3758; x_wconf 70' lang='lat' dir='ltr'>quae</span> <span class='ocrx_word' id='word_1_598' title='bbox 2646 3705 2749 3760; x_wconf 90' lang='lat' dir='ltr'>per</span> <span class='ocrx_word' id='word_1_599' title='bbox 2787 3688 3120 3761; x_wconf 75' lang='lat' dir='ltr'>hypocrisin</span> <span class='ocrx_word' id='word_1_600' title='bbox 3150 3694 3324 3763; x_wconf 89' lang='lat' dir='ltr'>atque</span> <span class='ocrx_word' id='word_1_601' title='bbox 3371 3693 3637 3752; x_wconf 87' lang='lat' dir='ltr'>fraudem</span> 
     </span>
    </p>
   </div>
   <div class='ocr_carea' id='block_1_86' title="bbox 1997 3775 3641 3851">
    <p class='ocr_par' dir='ltr' id='par_1_86' title="bbox 1997 3775 3641 3851">
     <span class='ocr_line' id='line_1_86' title="bbox 1997 3775 3641 3851; baseline 0.004 -19"><span class='ocrx_word' id='word_1_602' title='bbox 1997 3775 2289 3832; x_wconf 88' lang='lat' dir='ltr'>contraria</span> <span class='ocrx_word' id='word_1_603' title='bbox 2341 3792 2516 3847; x_wconf 89' lang='lat' dir='ltr'>opera</span> <span class='ocrx_word' id='word_1_604' title='bbox 2564 3776 2851 3841; x_wconf 84' lang='lat' dir='ltr'>exhibeat,</span> <span class='ocrx_word' id='word_1_605' title='bbox 2902 3779 3275 3851; x_wconf 90' lang='lat' dir='ltr'>nominisque</span> <span class='ocrx_word' id='word_1_606' title='bbox 3320 3781 3641 3839; x_wconf 87' lang='lat' dir='ltr'>excelsitati</span> 
     </span>
    </p>
   </div>
   <div class='ocr_carea' id='block_1_87' title="bbox 1997 3864 3639 3943">
    <p class='ocr_par' dir='ltr' id='par_1_87' title="bbox 1997 3864 3639 3943">
     <span class='ocr_line' id='line_1_87' title="bbox 1997 3864 3639 3943; baseline 0.004 -22"><span class='ocrx_word' id='word_1_607' title='bbox 1997 3869 2300 3937; x_wconf 85' lang='lat' dir='ltr'>repugnet.</span> <span class='ocrx_word' id='word_1_608' title='bbox 2334 3864 2450 3919; x_wconf 82' lang='lat' dir='ltr'>Cur</span> <span class='ocrx_word' id='word_1_609' title='bbox 2478 3868 2673 3920; x_wconf 90' lang='lat' dir='ltr'>autem</span> <span class='ocrx_word' id='word_1_610' title='bbox 2703 3864 2863 3920; x_wconf 90' lang='lat' dir='ltr'>basis</span> <span class='ocrx_word' id='word_1_611' title='bbox 2898 3865 3452 3941; x_wconf 89' lang='lat' dir='ltr'>ﬁrmamentumque</span> <span class='ocrx_word' id='word_1_612' title='bbox 3474 3872 3639 3943; x_wconf 87' lang='lat' dir='ltr'>juste</span> 
     </span>
    </p>
   </div>
   <div class='ocr_carea' id='block_1_88' title="bbox 1999 3953 3644 4027">
    <p class='ocr_par' dir='ltr' id='par_1_88' title="bbox 1999 3953 3644 4027">
     <span class='ocr_line' id='line_1_88' title="bbox 1999 3953 3644 4027; baseline 0.004 -17"><span class='ocrx_word' id='word_1_613' title='bbox 1999 3953 2324 4027; x_wconf 90' lang='lat' dir='ltr'>appelletur</span> <span class='ocrx_word' id='word_1_614' title='bbox 2369 3969 2485 4024; x_wconf 89' lang='lat' dir='ltr'>rex,</span> <span class='ocrx_word' id='word_1_615' title='bbox 2519 3953 2619 4025; x_wconf 90' lang='lat' dir='ltr'>qui</span> <span class='ocrx_word' id='word_1_616' title='bbox 2669 3953 2944 4009; x_wconf 90' lang='lat' dir='ltr'>absurdis</span> <span class='ocrx_word' id='word_1_617' title='bbox 2991 3956 3439 4027; x_wconf 84' lang='lat' dir='ltr'>cupiditatibus,</span> <span class='ocrx_word' id='word_1_618' title='bbox 3468 3960 3644 4017; x_wconf 92' lang='lat' dir='ltr'>inho-</span> 
     </span>
    </p>
   </div>
   <div class='ocr_carea' id='block_1_89' title="bbox 1998 4040 3643 4120">
    <p class='ocr_par' dir='ltr' id='par_1_89' title="bbox 1998 4040 3643 4120">
     <span class='ocr_line' id='line_1_89' title="bbox 1998 4040 3643 4120; baseline 0.003 -20"><span class='ocrx_word' id='word_1_619' title='bbox 1998 4043 2181 4100; x_wconf 87' lang='lat' dir='ltr'>nestis</span> <span class='ocrx_word' id='word_1_620' title='bbox 2227 4042 2449 4099; x_wconf 87' lang='lat' dir='ltr'>scilicet</span> <span class='ocrx_word' id='word_1_621' title='bbox 2487 4040 2954 4115; x_wconf 88' lang='lat' dir='ltr'>inordinatisque</span> <span class='ocrx_word' id='word_1_622' title='bbox 3003 4045 3184 4100; x_wconf 90' lang='lat' dir='ltr'>animi</span> <span class='ocrx_word' id='word_1_623' title='bbox 3230 4048 3513 4120; x_wconf 90' lang='lat' dir='ltr'>motibus,</span> <span class='ocrx_word' id='word_1_624' title='bbox 3545 4050 3643 4105; x_wconf 89' lang='lat' dir='ltr'>ob-</span> 
     </span>
    </p>
   </div>
   <div class='ocr_carea' id='block_1_90' title="bbox 1999 4131 3644 4210">
    <p class='ocr_par' dir='ltr' id='par_1_90' title="bbox 1999 4131 3644 4210">
     <span class='ocr_line' id='line_1_90' title="bbox 1999 4131 3644 4210; baseline 0.004 -22"><span class='ocrx_word' id='word_1_625' title='bbox 1999 4133 2207 4189; x_wconf 91' lang='lat' dir='ltr'>noxius</span> <span class='ocrx_word' id='word_1_626' title='bbox 2254 4131 2529 4188; x_wconf 77' lang='lat' dir='ltr'>sit‘Hmo</span> <span class='ocrx_word' id='word_1_627' title='bbox 2573 4148 2709 4187; x_wconf 90' lang='lat' dir='ltr'>vero</span> <span class='ocrx_word' id='word_1_628' title='bbox 2758 4132 3018 4187; x_wconf 88' lang='lat' dir='ltr'>scandali</span> <span class='ocrx_word' id='word_1_629' title='bbox 3067 4136 3644 4210; x_wconf 89' lang='lat' dir='ltr'>perturbationisque</span> 
     </span>
    </p>
   </div>
   <div class='ocr_carea' id='block_1_91' title="bbox 1998 4220 3641 4296">
    <p class='ocr_par' dir='ltr' id='par_1_91' title="bbox 1998 4220 3641 4296">
     <span class='ocr_line' id='line_1_91' title="bbox 1998 4220 3641 4296; baseline 0.002 -17"><span class='ocrx_word' id='word_1_630' title='bbox 1998 4221 2224 4279; x_wconf 90' lang='lat' dir='ltr'>occasio</span> <span class='ocrx_word' id='word_1_631' title='bbox 2299 4220 2384 4288; x_wconf 87' lang='lat' dir='ltr'>ﬁt,</span> <span class='ocrx_word' id='word_1_632' title='bbox 2445 4220 2921 4292; x_wconf 89' lang='lat' dir='ltr'>quandoquidem</span> <span class='ocrx_word' id='word_1_633' title='bbox 2980 4221 3105 4293; x_wconf 91' lang='lat' dir='ltr'>ipse</span> <span class='ocrx_word' id='word_1_634' title='bbox 3174 4225 3511 4296; x_wconf 89' lang='lat' dir='ltr'>propositus</span> <span class='ocrx_word' id='word_1_635' title='bbox 3568 4226 3641 4282; x_wconf 90' lang='lat' dir='ltr'>ad</span> 
     </span>
    </p>
   </div>
   <div class='ocr_carea' id='block_1_92' title="bbox 1996 4309 3643 4386">
    <p class='ocr_par' dir='ltr' id='par_1_92' title="bbox 1996 4309 3643 4386">
     <span class='ocr_line' id='line_1_92' title="bbox 1996 4309 3643 4386; baseline 0.003 -20"><span class='ocrx_word' id='word_1_636' title='bbox 1996 4310 2325 4381; x_wconf 91' lang='lat' dir='ltr'>exemplum</span> <span class='ocrx_word' id='word_1_637' title='bbox 2356 4309 2563 4379; x_wconf 86' lang='lat' dir='ltr'>est,cui</span> <span class='ocrx_word' id='word_1_638' title='bbox 2593 4325 2655 4365; x_wconf 87' lang='lat' dir='ltr'>se</span> <span class='ocrx_word' id='word_1_639' title='bbox 2674 4309 3039 4365; x_wconf 87' lang='lat' dir='ltr'>conformare</span> <span class='ocrx_word' id='word_1_640' title='bbox 3068 4312 3369 4382; x_wconf 87' lang='lat' dir='ltr'>subjectus</span> <span class='ocrx_word' id='word_1_641' title='bbox 3388 4311 3643 4386; x_wconf 86' lang='lat' dir='ltr'>populus</span> 
     </span>
    </p>
   </div>
   <div class='ocr_carea' id='block_1_93' title="bbox 1994 4398 3641 4474">
    <p class='ocr_par' dir='ltr' id='par_1_93' title="bbox 1994 4398 3641 4474">
     <span class='ocr_line' id='line_1_93' title="bbox 1994 4398 3641 4474; baseline 0.002 -19"><span class='ocrx_word' id='word_1_642' title='bbox 1994 4399 2083 4455; x_wconf 91' lang='lat' dir='ltr'>vel</span> <span class='ocrx_word' id='word_1_643' title='bbox 2125 4399 2345 4455; x_wconf 91' lang='lat' dir='ltr'>invitus</span> <span class='ocrx_word' id='word_1_644' title='bbox 2395 4398 2482 4454; x_wconf 85' lang='lat' dir='ltr'>vel</span> <span class='ocrx_word' id='word_1_645' title='bbox 2531 4402 2740 4470; x_wconf 89' lang='lat' dir='ltr'>sponte</span> <span class='ocrx_word' id='word_1_646' title='bbox 2770 4398 2936 4454; x_wconf 88' lang='lat' dir='ltr'>solet.</span> <span class='ocrx_word' id='word_1_647' title='bbox 2989 4402 3107 4455; x_wconf 87' lang='lat' dir='ltr'>Rex</span> <span class='ocrx_word' id='word_1_648' title='bbox 3136 4416 3272 4473; x_wconf 92' lang='lat' dir='ltr'>ergo</span> <span class='ocrx_word' id='word_1_649' title='bbox 3322 4406 3549 4474; x_wconf 88' lang='lat' dir='ltr'>oportet</span> <span class='ocrx_word' id='word_1_650' title='bbox 3577 4418 3641 4458; x_wconf 88' lang='lat' dir='ltr'>se</span> 
     </span>
    </p>
   </div>
   <div class='ocr_carea' id='block_1_94' title="bbox 1996 4486 3640 4563">
    <p class='ocr_par' dir='ltr' id='par_1_94' title="bbox 1996 4486 3640 4563">
     <span class='ocr_line' id='line_1_94' title="bbox 1996 4486 3640 4563; baseline 0.002 -19"><span class='ocrx_word' id='word_1_651' title='bbox 1996 4490 2190 4562; x_wconf 88' lang='lat' dir='ltr'>ipsum</span> <span class='ocrx_word' id='word_1_652' title='bbox 2222 4488 2501 4561; x_wconf 88' lang='lat' dir='ltr'>primum,</span> <span class='ocrx_word' id='word_1_653' title='bbox 2534 4486 2741 4543; x_wconf 88' lang='lat' dir='ltr'>deinde</span> <span class='ocrx_word' id='word_1_654' title='bbox 2772 4488 3053 4560; x_wconf 90' lang='lat' dir='ltr'>populum</span> <span class='ocrx_word' id='word_1_655' title='bbox 3085 4488 3640 4563; x_wconf 87' lang='lat' dir='ltr'>universum,regat.</span> 
     </span>
    </p>
   </div>
   <div class='ocr_carea' id='block_1_95' title="bbox 1995 4576 3641 4651">
    <p class='ocr_par' dir='ltr' id='par_1_95' title="bbox 1995 4576 3641 4651">
     <span class='ocr_line' id='line_1_95' title="bbox 1995 4576 3641 4651; baseline -0.001 -15"><span class='ocrx_word' id='word_1_656' title='bbox 1995 4584 2126 4636; x_wconf 88' lang='lat' dir='ltr'>Jam</span> <span class='ocrx_word' id='word_1_657' title='bbox 2157 4578 2257 4651; x_wconf 92' lang='lat' dir='ltr'>qui</span> <span class='ocrx_word' id='word_1_658' title='bbox 2306 4594 2378 4632; x_wconf 92' lang='lat' dir='ltr'>ne</span> <span class='ocrx_word' id='word_1_659' title='bbox 2408 4577 2506 4632; x_wconf 93' lang='lat' dir='ltr'>uni</span> <span class='ocrx_word' id='word_1_660' title='bbox 2539 4576 2775 4648; x_wconf 89' lang='lat' dir='ltr'>quidem</span> <span class='ocrx_word' id='word_1_661' title='bbox 2825 4577 3069 4650; x_wconf 86' lang='lat' dir='ltr'>propriae</span> <span class='ocrx_word' id='word_1_662' title='bbox 3121 4578 3319 4633; x_wconf 90' lang='lat' dir='ltr'>domui</span> <span class='ocrx_word' id='word_1_663' title='bbox 3350 4579 3641 4636; x_wconf 88' lang='lat' dir='ltr'>moderari</span> 
     </span>
    </p>
   </div>
   <div class='ocr_carea' id='block_1_96' title="bbox 240 4657 1882 4744">
    <p class='ocr_par' dir='ltr' id='par_1_96' title="bbox 240 4657 1882 4740">
     <span class='ocr_line' id='line_1_96' title="bbox 240 4657 1882 4740; baseline 0.007 -26"><span class='ocrx_word' id='word_1_664' title='bbox 240 4657 376 4717; x_wconf 86' lang='grc' dir='ltr'><strong>λαῶν</strong></span> <span class='ocrx_word' id='word_1_665' title='bbox 425 4664 796 4740; x_wconf 82' lang='grc' dir='ltr'><strong>ὀνομάζεσθαι</strong></span> <span class='ocrx_word' id='word_1_666' title='bbox 849 4662 1055 4729; x_wconf 86' lang='grc' dir='ltr'><strong>δίκαιος</strong></span> <span class='ocrx_word' id='word_1_667' title='bbox 1090 4685 1104 4736; x_wconf 92' lang='grc'><strong>;</strong></span> <span class='ocrx_word' id='word_1_668' title='bbox 1137 4667 1201 4721; x_wconf 81' lang='grc' dir='ltr'>Εἰ</span> <span class='ocrx_word' id='word_1_669' title='bbox 1259 4665 1317 4722; x_wconf 75' lang='grc' dir='ltr'>δὲ</span> <span class='ocrx_word' id='word_1_670' title='bbox 1373 4668 1402 4722; x_wconf 93' lang='grc' dir='ltr'>ὁ</span> <span class='ocrx_word' id='word_1_671' title='bbox 1455 4673 1705 4733; x_wconf 84' lang='grc' dir='ltr'><strong>τοιοῦτος</strong></span> <span class='ocrx_word' id='word_1_672' title='bbox 1765 4670 1882 4726; x_wconf 91' lang='grc' dir='ltr'><strong>λαί-</strong></span> 
     </span>
    </p>
   </div>
   <div class='ocr_carea' id='block_1_97' title="bbox 1994 4657 3641 4744">
    <p class='ocr_par' dir='ltr' id='par_1_97' title="bbox 1994 4664 3641 4741">
     <span class='ocr_line' id='line_1_97' title="bbox 1994 4664 3641 4741; baseline 0 -17"><span class='ocrx_word' id='word_1_673' title='bbox 1994 4672 2204 4741; x_wconf 90' lang='lat' dir='ltr'>potest,</span> <span class='ocrx_word' id='word_1_674' title='bbox 2237 4666 2529 4739; x_wconf 89' lang='lat' dir='ltr'>quomodo</span> <span class='ocrx_word' id='word_1_675' title='bbox 2561 4665 2631 4732; x_wconf 89' lang='lat' dir='ltr'>is,</span> <span class='ocrx_word' id='word_1_676' title='bbox 2653 4664 3285 4737; x_wconf 89' lang='lat' dir='ltr'>inquam,populorum</span> <span class='ocrx_word' id='word_1_677' title='bbox 3315 4671 3375 4723; x_wconf 90' lang='lat' dir='ltr'>et</span> <span class='ocrx_word' id='word_1_678' title='bbox 3404 4668 3641 4725; x_wconf 90' lang='lat' dir='ltr'>urbium</span> 
     </span>
    </p>
   </div>
   <div class='ocr_carea' id='block_1_98' title="bbox 242 4751 1885 4833">
    <p class='ocr_par' dir='ltr' id='par_1_98' title="bbox 242 4751 1885 4833">
     <span class='ocr_line' id='line_1_98' title="bbox 242 4751 1885 4833; baseline 0.005 -26"><span class='ocrx_word' id='word_1_679' title='bbox 242 4770 438 4829; x_wconf 83' lang='grc' dir='ltr'><strong>μαργος</strong></span> <span class='ocrx_word' id='word_1_680' title='bbox 496 4755 745 4831; x_wconf 85' lang='grc' dir='ltr'><strong>ὑπάρχει</strong></span> <span class='ocrx_word' id='word_1_681' title='bbox 799 4754 888 4809; x_wconf 84' lang='grc' dir='ltr'><strong>καὶ</strong></span> <span class='ocrx_word' id='word_1_682' title='bbox 939 4751 1136 4817; x_wconf 89' lang='grc' dir='ltr'><strong>δοῦλος</strong></span> <span class='ocrx_word' id='word_1_683' title='bbox 1190 4760 1298 4811; x_wconf 89' lang='grc' dir='ltr'>τῶν</span> <span class='ocrx_word' id='word_1_684' title='bbox 1359 4757 1598 4833; x_wconf 79' lang='grc' dir='ltr'><strong>αἶ’σχρῶν</strong></span> <span class='ocrx_word' id='word_1_685' title='bbox 1648 4757 1885 4833; x_wconf 79' lang='grc' dir='ltr'><strong>ἡδονῶν,</strong></span> 
     </span>
    </p>
   </div>
   <div class='ocr_carea' id='block_1_99' title="bbox 239 4839 1888 4924">
    <p class='ocr_par' dir='ltr' id='par_1_99' title="bbox 239 4839 1888 4924">
     <span class='ocr_line' id='line_1_99' title="bbox 239 4839 1888 4924; baseline 0.007 -31"><span class='ocrx_word' id='word_1_686' title='bbox 239 4839 377 4909; x_wconf 73' lang='grc' dir='ltr'><strong>ἄξιός</strong></span> <span class='ocrx_word' id='word_1_687' title='bbox 434 4842 548 4899; x_wconf 85' lang='grc' dir='ltr'><strong>ἐστι</strong></span> <span class='ocrx_word' id='word_1_688' title='bbox 614 4845 889 4918; x_wconf 84' lang='grc' dir='ltr'><strong>μισεῖσθαι</strong></span> <span class='ocrx_word' id='word_1_689' title='bbox 948 4844 1038 4898; x_wconf 90' lang='grc' dir='ltr'>καὶ</span> <span class='ocrx_word' id='word_1_690' title='bbox 1097 4843 1523 4923; x_wconf 82' lang='grc' dir='ltr'><strong>ἀποστρέφεσθαι</strong></span> <span class='ocrx_word' id='word_1_691' title='bbox 1587 4850 1734 4924; x_wconf 75' lang='grc' dir='ltr'><strong>παρὰ</strong></span> <span class='ocrx_word' id='word_1_692' title='bbox 1787 4856 1888 4919; x_wconf 84' lang='grc' dir='ltr'><strong>τῆς</strong></span> 
     </span>
    </p>
   </div>
   <div class='ocr_carea' id='block_1_100' title="bbox 240 4925 1892 5010">
    <p class='ocr_par' dir='ltr' id='par_1_100' title="bbox 240 4925 1892 5010">
     <span class='ocr_line' id='line_1_100' title="bbox 240 4925 1892 5010; baseline 0.007 -29"><span class='ocrx_word' id='word_1_693' title='bbox 240 4925 536 5004; x_wconf 83' lang='grc' dir='ltr'><strong>ὑπερτάτης</strong></span> <span class='ocrx_word' id='word_1_694' title='bbox 574 4938 751 5005; x_wconf 81' lang='grc' dir='ltr'><strong>τιμῆς</strong></span> <span class='ocrx_word' id='word_1_695' title='bbox 794 4931 885 4986; x_wconf 76' lang='grc' dir='ltr'><strong>καὶ</strong></span> <span class='ocrx_word' id='word_1_696' title='bbox 934 4936 1031 4986; x_wconf 87' lang='grc' dir='ltr'>τοῦ</span> <span class='ocrx_word' id='word_1_697' title='bbox 1082 4931 1249 5006; x_wconf 80' lang='grc' dir='ltr'><strong>ὕψους</strong></span> <span class='ocrx_word' id='word_1_698' title='bbox 1296 4941 1397 5004; x_wconf 88' lang='grc' dir='ltr'><strong>τῆς</strong></span> <span class='ocrx_word' id='word_1_699' title='bbox 1453 4935 1729 5010; x_wconf 81' lang='grc' dir='ltr'><strong>βασιλείας</strong></span> <span class='ocrx_word' id='word_1_700' title='bbox 1755 4956 1767 4968; x_wconf 85' lang='lat'><strong><em>°</em></strong></span> <span class='ocrx_word' id='word_1_701' title='bbox 1810 4936 1892 4999; x_wconf 90' lang='grc' dir='ltr'>τίς</span> 
     </span>
    </p>
   </div>
   <div class='ocr_carea' id='block_1_101' title="bbox 236 5015 1890 5101">
    <p class='ocr_par' dir='ltr' id='par_1_101' title="bbox 236 5015 1890 5101">
     <span class='ocr_line' id='line_1_101' title="bbox 236 5015 1890 5101; baseline 0.004 -28"><span class='ocrx_word' id='word_1_702' title='bbox 236 5015 330 5093; x_wconf 73' lang='grc' dir='ltr'><strong>γὰρ</strong></span> <span class='ocrx_word' id='word_1_703' title='bbox 380 5019 481 5075; x_wconf 76' lang='grc' dir='ltr'><strong>οὐκ</strong></span> <span class='ocrx_word' id='word_1_704' title='bbox 536 5019 597 5075; x_wconf 79' lang='grc' dir='ltr'><strong>ἂν</strong></span> <span class='ocrx_word' id='word_1_705' title='bbox 672 5019 990 5097; x_wconf 83' lang='grc' dir='ltr'><strong>αἰσχυνθείη</strong></span> <span class='ocrx_word' id='word_1_706' title='bbox 1037 5020 1127 5075; x_wconf 87' lang='grc' dir='ltr'><strong>καὶ</strong></span> <span class='ocrx_word' id='word_1_707' title='bbox 1189 5021 1348 5094; x_wconf 88' lang='grc' dir='ltr'><strong>μόνον</strong></span> <span class='ocrx_word' id='word_1_708' title='bbox 1416 5021 1734 5096; x_wconf 78' lang='grc' dir='ltr'><strong>ἐνθυμηθεὶς</strong></span> <span class='ocrx_word' id='word_1_709' title='bbox 1794 5026 1890 5101; x_wconf 87' lang='grc' dir='ltr'><strong>βα-</strong></span> 
     </span>
    </p>
   </div>
   <div class='ocr_carea' id='block_1_102' title="bbox 238 5102 1888 5187">
    <p class='ocr_par' dir='ltr' id='par_1_102' title="bbox 238 5102 1888 5187">
     <span class='ocr_line' id='line_1_102' title="bbox 238 5102 1888 5187; baseline 0.006 -29"><span class='ocrx_word' id='word_1_710' title='bbox 238 5102 448 5178; x_wconf 80' lang='grc' dir='ltr'><strong>σιλικήν</strong></span> <span class='ocrx_word' id='word_1_711' title='bbox 500 5107 814 5183; x_wconf 85' lang='grc' dir='ltr'><strong>σεμνότητα</strong></span> <span class='ocrx_word' id='word_1_712' title='bbox 859 5107 935 5170; x_wconf 80' lang='grc' dir='ltr'>εἷς</span> <span class='ocrx_word' id='word_1_713' title='bbox 1002 5107 1237 5186; x_wconf 78' lang='grc' dir='ltr'><strong>αἰσχρὰς</strong></span> <span class='ocrx_word' id='word_1_714' title='bbox 1292 5109 1382 5164; x_wconf 84' lang='grc' dir='ltr'><strong>καὶ</strong></span> <span class='ocrx_word' id='word_1_715' title='bbox 1440 5109 1697 5187; x_wconf 84' lang='grc' dir='ltr'><strong>ἀπρεπεῖς</strong></span> <span class='ocrx_word' id='word_1_716' title='bbox 1753 5113 1888 5187; x_wconf 89' lang='grc' dir='ltr'><strong>πρά-</strong></span> 
     </span>
    </p>
   </div>
   <div class='ocr_carea' id='block_1_103' title="bbox 236 5192 1887 5277">
    <p class='ocr_par' dir='ltr' id='par_1_103' title="bbox 236 5192 1887 5277">
     <span class='ocr_line' id='line_1_103' title="bbox 236 5192 1887 5277; baseline 0.005 -30"><span class='ocrx_word' id='word_1_717' title='bbox 236 5192 335 5262; x_wconf 80' lang='grc' dir='ltr'><strong>ξεις</strong></span> <span class='ocrx_word' id='word_1_718' title='bbox 391 5195 800 5270; x_wconf 81' lang='grc' dir='ltr'><strong>ἐμπίπτουσαν,</strong></span> <span class='ocrx_word' id='word_1_719' title='bbox 846 5196 937 5252; x_wconf 86' lang='grc' dir='ltr'><strong>καὶ</strong></span> <span class='ocrx_word' id='word_1_720' title='bbox 983 5196 1263 5273; x_wconf 89' lang='grc' dir='ltr'><strong>παρόμοια</strong></span> <span class='ocrx_word' id='word_1_721' title='bbox 1307 5196 1647 5274; x_wconf 86' lang='grc' dir='ltr'><strong>πάσχουσαν,</strong></span> <span class='ocrx_word' id='word_1_722' title='bbox 1708 5198 1887 5277; x_wconf 84' lang='grc' dir='ltr'><strong>ὥσπερ</strong></span> 
     </span>
    </p>
   </div>
   <div class='ocr_carea' id='block_1_104' title="bbox 232 5281 1890 5364">
    <p class='ocr_par' dir='ltr' id='par_1_104' title="bbox 232 5281 1890 5364">
     <span class='ocr_line' id='line_1_104' title="bbox 232 5281 1890 5364; baseline 0.005 -28"><span class='ocrx_word' id='word_1_723' title='bbox 232 5281 368 5346; x_wconf 74' lang='grc' dir='ltr'><strong>τινὲς</strong></span> <span class='ocrx_word' id='word_1_724' title='bbox 422 5285 529 5340; x_wconf 84' lang='grc' dir='ltr'><strong>ὑπὸ</strong></span> <span class='ocrx_word' id='word_1_725' title='bbox 571 5291 680 5356; x_wconf 83' lang='grc' dir='ltr'><strong>τῆς</strong></span> <span class='ocrx_word' id='word_1_726' title='bbox 734 5284 1109 5359; x_wconf 84' lang='grc' dir='ltr'><strong>μυθευομένης</strong></span> <span class='ocrx_word' id='word_1_727' title='bbox 1159 5289 1395 5361; x_wconf 79' lang='grc' dir='ltr'><strong>μαγικῆς</strong></span> <span class='ocrx_word' id='word_1_728' title='bbox 1444 5287 1648 5364; x_wconf 85' lang='grc' dir='ltr'><strong>Κίρκῆς</strong></span> <span class='ocrx_word' id='word_1_729' title='bbox 1680 5287 1890 5359; x_wconf 84' lang='grc' dir='ltr'><strong>ἐκείνης</strong></span> 
     </span>
    </p>
   </div>
   <div class='ocr_carea' id='block_1_105' title="bbox 299 5444 1883 5520">
    <p class='ocr_par' dir='ltr' id='par_1_105' title="bbox 299 5444 1883 5520">
     <span class='ocr_line' id='line_1_105' title="bbox 299 5444 1883 5520; baseline 0.006 -21"><span class='ocrx_word' id='word_1_730' title='bbox 299 5444 376 5520; x_wconf 88' lang='grc'>(1)</span> <span class='ocrx_word' id='word_1_731' title='bbox 404 5445 503 5520; x_wconf 75' lang='lat' dir='ltr'>Sic</span> <span class='ocrx_word' id='word_1_732' title='bbox 552 5447 818 5519; x_wconf 85' lang='lat' dir='ltr'>Optimus</span> <span class='ocrx_word' id='word_1_733' title='bbox 848 5447 1168 5520; x_wconf 86' lang='lat' dir='ltr'>imperator</span> <span class='ocrx_word' id='word_1_734' title='bbox 1213 5449 1551 5506; x_wconf 88' lang='lat' dir='ltr'>Antoninus</span> <span class='ocrx_word' id='word_1_735' title='bbox 1580 5450 1717 5506; x_wconf 89' lang='lat' dir='ltr'>Pius</span> <span class='ocrx_word' id='word_1_736' title='bbox 1763 5452 1883 5508; x_wconf 89' lang='lat' dir='ltr'>aie-</span> 
     </span>
    </p>
   </div>
   <div class='ocr_carea' id='block_1_106' title="bbox 232 5512 1888 5592">
    <p class='ocr_par' dir='ltr' id='par_1_106' title="bbox 232 5512 1888 5592">
     <span class='ocr_line' id='line_1_106' title="bbox 232 5512 1888 5592; baseline 0.004 -21"><span class='ocrx_word' id='word_1_737' title='bbox 232 5512 329 5592; x_wconf 67' lang='lat' dir='ltr'>bat</span> <span class='ocrx_word' id='word_1_738' title='bbox 355 5512 391 5592; x_wconf 40' lang='lat'>&#39;_:</span> <span class='ocrx_word' id='word_1_739' title='bbox 444 5512 647 5592; x_wconf 70' lang='grc' dir='ltr'><em>Ροδζὲᾳ</em></span> <span class='ocrx_word' id='word_1_740' title='bbox 705 5534 882 5592; x_wconf 67' lang='lat' dir='ltr'>quam</span> <span class='ocrx_word' id='word_1_741' title='bbox 930 5512 1000 5575; x_wconf 76' lang='grc' dir='ltr'><em>ἆά</em></span> <span class='ocrx_word' id='word_1_742' title='bbox 1045 5521 1349 5592; x_wconf 18' lang='lat' dir='ltr'>imperium,</span> <span class='ocrx_word' id='word_1_743' title='bbox 1402 5524 1791 5589; x_wconf 76' lang='lat' dir='ltr'>transivimus,</span> <span class='ocrx_word' id='word_1_744' title='bbox 1838 5525 1888 5578; x_wconf 84' lang='lat' dir='ltr'>et</span> 
     </span>
    </p>
   </div>
   <div class='ocr_carea' id='block_1_107' title="bbox 230 5585 1886 5665">
    <p class='ocr_par' dir='ltr' id='par_1_107' title="bbox 230 5585 1886 5665">
     <span class='ocr_line' id='line_1_107' title="bbox 230 5585 1886 5665; baseline 0.005 -25"><span class='ocrx_word' id='word_1_745' title='bbox 230 5585 371 5642; x_wconf 76' lang='lat' dir='ltr'>illud</span> <span class='ocrx_word' id='word_1_746' title='bbox 404 5589 572 5665; x_wconf 56' lang='lat' dir='ltr'>quod</span> <span class='ocrx_word' id='word_1_747' title='bbox 617 5585 912 5665; x_wconf 56' lang='lat' dir='ltr'>habuimus</span> <span class='ocrx_word' id='word_1_748' title='bbox 940 5594 1099 5665; x_wconf 26' lang='lat' dir='ltr'>Aante,</span> <span class='ocrx_word' id='word_1_749' title='bbox 1124 5585 1136 5592; x_wconf 83' lang='grc'><em>’</em></span> <span class='ocrx_word' id='word_1_750' title='bbox 1147 5591 1520 5665; x_wconf 64' lang='lat' dir='ltr'>perdidimus.</span> <span class='ocrx_word' id='word_1_751' title='bbox 1578 5585 1886 5665; x_wconf 83' lang='lat' dir='ltr'>Capitolin.</span> 
     </span>
    </p>
   </div>
   <div class='ocr_carea' id='block_1_108' title="bbox 235 5658 1891 5737">
    <p class='ocr_par' dir='ltr' id='par_1_108' title="bbox 235 5658 1891 5737">
     <span class='ocr_line' id='line_1_108' title="bbox 235 5658 1891 5737; baseline 0.004 -25"><span class='ocrx_word' id='word_1_752' title='bbox 235 5671 358 5737; x_wconf 73' lang='lat' dir='ltr'>cap.</span> <span class='ocrx_word' id='word_1_753' title='bbox 392 5658 447 5714; x_wconf 71' lang='lat'>4.</span> <span class='ocrx_word' id='word_1_754' title='bbox 492 5660 718 5737; x_wconf 58' lang='lat' dir='ltr'>Santra</span> <span class='ocrx_word' id='word_1_755' title='bbox 741 5661 1117 5737; x_wconf 26' lang='lat' dir='ltr'>‘irridebatur</span> <span class='ocrx_word' id='word_1_756' title='bbox 1147 5658 1562 5737; x_wconf 58' lang='lat' dir='ltr'>Vespasianus</span> <span class='ocrx_word' id='word_1_757' title='bbox 1612 5658 1754 5737; x_wconf 82' lang='lat' dir='ltr'>imp.</span> <span class='ocrx_word' id='word_1_758' title='bbox 1789 5665 1891 5737; x_wconf 92' lang='lat' dir='ltr'>qui</span> 
     </span>
    </p>
   </div>
   <div class='ocr_carea' id='block_1_109' title="bbox 236 5727 1893 5806">
    <p class='ocr_par' dir='ltr' id='par_1_109' title="bbox 236 5727 1893 5806">
     <span class='ocr_line' id='line_1_109' title="bbox 236 5727 1893 5806; baseline 0.008 -20"><span class='ocrx_word' id='word_1_759' title='bbox 236 5727 322 5791; x_wconf 57' lang='lat' dir='ltr'>de&#39;</span> <span class='ocrx_word' id='word_1_760' title='bbox 354 5745 464 5789; x_wconf 78' lang='lat' dir='ltr'>suo</span> <span class='ocrx_word' id='word_1_761' title='bbox 497 5730 804 5806; x_wconf 84' lang='lat' dir='ltr'>impensas</span> <span class='ocrx_word' id='word_1_762' title='bbox 834 5732 1025 5793; x_wconf 83' lang='lat' dir='ltr'>facere</span> <span class='ocrx_word' id='word_1_763' title='bbox 1058 5727 1378 5793; x_wconf 73' lang='lat' dir='ltr'>identidem</span> <span class='ocrx_word' id='word_1_764' title='bbox 1408 5727 1735 5796; x_wconf 74' lang='lat' dir='ltr'>dictitabat.</span> <span class='ocrx_word' id='word_1_765' title='bbox 1782 5727 1893 5799; x_wconf 71' lang='lat' dir='ltr'>Ex-</span> 
     </span>
    </p>
   </div>
   <div class='ocr_carea' id='block_1_110' title="bbox 1987 4752 3639 4829">
    <p class='ocr_par' dir='ltr' id='par_1_110' title="bbox 1987 4752 3639 4829">
     <span class='ocr_line' id='line_1_110' title="bbox 1987 4752 3639 4829; baseline -0.001 -17"><span class='ocrx_word' id='word_1_766' title='bbox 1987 4759 2123 4829; x_wconf 88' lang='lat' dir='ltr'>jure</span> <span class='ocrx_word' id='word_1_767' title='bbox 2154 4755 2480 4826; x_wconf 89' lang='lat' dir='ltr'>meritoque</span> <span class='ocrx_word' id='word_1_768' title='bbox 2509 4755 2825 4824; x_wconf 80' lang='lat' dir='ltr'>imperator</span> <span class='ocrx_word' id='word_1_769' title='bbox 2854 4752 3285 4826; x_wconf 82' lang='lat' dir='ltr'>appellabitur?</span> <span class='ocrx_word' id='word_1_770' title='bbox 3314 4757 3477 4822; x_wconf 83' lang='lat' dir='ltr'>Quod</span> <span class='ocrx_word' id='word_1_771' title='bbox 3508 4756 3557 4811; x_wconf 89' lang='lat' dir='ltr'>si</span> <span class='ocrx_word' id='word_1_772' title='bbox 3587 4756 3639 4812; x_wconf 87' lang='lat' dir='ltr'>is</span> 
     </span>
    </p>
   </div>
   <div class='ocr_carea' id='block_1_111' title="bbox 1998 4842 3640 4915">
    <p class='ocr_par' dir='ltr' id='par_1_111' title="bbox 1998 4842 3640 4915">
     <span class='ocr_line' id='line_1_111' title="bbox 1998 4842 3640 4915; baseline 0 -14"><span class='ocrx_word' id='word_1_773' title='bbox 1998 4845 2203 4901; x_wconf 90' lang='lat' dir='ltr'>avidus</span> <span class='ocrx_word' id='word_1_774' title='bbox 2277 4859 2595 4914; x_wconf 90' lang='lat' dir='ltr'>servusque</span> <span class='ocrx_word' id='word_1_775' title='bbox 2669 4843 2930 4913; x_wconf 88' lang='lat' dir='ltr'>turpium</span> <span class='ocrx_word' id='word_1_776' title='bbox 2988 4842 3356 4915; x_wconf 86' lang='lat' dir='ltr'>voluptatum</span> <span class='ocrx_word' id='word_1_777' title='bbox 3411 4848 3520 4912; x_wconf 90' lang='lat' dir='ltr'>est,</span> <span class='ocrx_word' id='word_1_778' title='bbox 3579 4845 3640 4901; x_wconf 91' lang='lat' dir='ltr'>in</span> 
     </span>
    </p>
   </div>
   <div class='ocr_carea' id='block_1_112' title="bbox 1999 4930 3644 5005">
    <p class='ocr_par' dir='ltr' id='par_1_112' title="bbox 1999 4930 3644 5005">
     <span class='ocr_line' id='line_1_112' title="bbox 1999 4930 3644 5005; baseline 0 -15"><span class='ocrx_word' id='word_1_779' title='bbox 1999 4934 2198 4990; x_wconf 92' lang='lat' dir='ltr'>odium</span> <span class='ocrx_word' id='word_1_780' title='bbox 2228 4931 2528 5005; x_wconf 90' lang='lat' dir='ltr'>publicum</span> <span class='ocrx_word' id='word_1_781' title='bbox 2559 4930 2767 4986; x_wconf 90' lang='lat' dir='ltr'>merito</span> <span class='ocrx_word' id='word_1_782' title='bbox 2798 4931 3064 4997; x_wconf 91' lang='lat' dir='ltr'>incurrit,</span> <span class='ocrx_word' id='word_1_783' title='bbox 3083 4935 3140 4987; x_wconf 90' lang='lat' dir='ltr'>et</span> <span class='ocrx_word' id='word_1_784' title='bbox 3169 4932 3239 4987; x_wconf 94' lang='lat' dir='ltr'>de</span> <span class='ocrx_word' id='word_1_785' title='bbox 3268 4950 3503 4989; x_wconf 89' lang='lat' dir='ltr'>summa</span> <span class='ocrx_word' id='word_1_786' title='bbox 3532 4950 3644 4990; x_wconf 90' lang='lat' dir='ltr'>sua</span> 
     </span>
    </p>
   </div>
   <div class='ocr_carea' id='block_1_113' title="bbox 1999 5019 3641 5096">
    <p class='ocr_par' dir='ltr' id='par_1_113' title="bbox 1999 5019 3641 5096">
     <span class='ocr_line' id='line_1_113' title="bbox 1999 5019 3641 5096; baseline -0.001 -18"><span class='ocrx_word' id='word_1_787' title='bbox 1999 5022 2281 5096; x_wconf 89' lang='lat' dir='ltr'>dignitate</span> <span class='ocrx_word' id='word_1_788' title='bbox 2354 5020 2651 5093; x_wconf 85' lang='lat' dir='ltr'>regalique</span> <span class='ocrx_word' id='word_1_789' title='bbox 2727 5019 2957 5091; x_wconf 83' lang='lat' dir='ltr'>fastigio</span> <span class='ocrx_word' id='word_1_790' title='bbox 3015 5019 3395 5092; x_wconf 85' lang='lat' dir='ltr'>periclitatur.</span> <span class='ocrx_word' id='word_1_791' title='bbox 3458 5023 3641 5088; x_wconf 87' lang='lat' dir='ltr'>Quem</span> 
     </span>
    </p>
   </div>
   <div class='ocr_carea' id='block_1_114' title="bbox 1998 5108 3642 5182">
    <p class='ocr_par' dir='ltr' id='par_1_114' title="bbox 1998 5108 3642 5182">
     <span class='ocr_line' id='line_1_114' title="bbox 1998 5108 3642 5182; baseline -0.001 -15"><span class='ocrx_word' id='word_1_792' title='bbox 1998 5110 2154 5167; x_wconf 90' lang='lat' dir='ltr'>enim</span> <span class='ocrx_word' id='word_1_793' title='bbox 2186 5108 2492 5182; x_wconf 89' lang='lat' dir='ltr'>paululum</span> <span class='ocrx_word' id='word_1_794' title='bbox 2523 5108 2873 5181; x_wconf 87' lang='lat' dir='ltr'>cogitantem</span> <span class='ocrx_word' id='word_1_795' title='bbox 2920 5124 3036 5164; x_wconf 91' lang='lat' dir='ltr'>non</span> <span class='ocrx_word' id='word_1_796' title='bbox 3068 5109 3285 5180; x_wconf 85' lang='lat' dir='ltr'>pudeat</span> <span class='ocrx_word' id='word_1_797' title='bbox 3313 5110 3642 5181; x_wconf 87' lang='lat' dir='ltr'>majestatis</span> 
     </span>
    </p>
   </div>
   <div class='ocr_carea' id='block_1_115' title="bbox 1999 5196 3639 5273">
    <p class='ocr_par' dir='ltr' id='par_1_115' title="bbox 1999 5196 3639 5273">
     <span class='ocr_line' id='line_1_115' title="bbox 1999 5196 3639 5273; baseline -0.001 -18"><span class='ocrx_word' id='word_1_798' title='bbox 1999 5200 2168 5273; x_wconf 69' lang='lat' dir='ltr'>regiae</span> <span class='ocrx_word' id='word_1_799' title='bbox 2199 5200 2270 5255; x_wconf 91' lang='lat' dir='ltr'>ad</span> <span class='ocrx_word' id='word_1_800' title='bbox 2300 5197 2605 5254; x_wconf 89' lang='lat' dir='ltr'>indecoros</span> <span class='ocrx_word' id='word_1_801' title='bbox 2632 5196 2931 5267; x_wconf 75' lang='lat' dir='ltr'>fcedosque</span> <span class='ocrx_word' id='word_1_802' title='bbox 2962 5201 3130 5253; x_wconf 90' lang='lat' dir='ltr'>actus</span> <span class='ocrx_word' id='word_1_803' title='bbox 3152 5214 3215 5253; x_wconf 91' lang='lat' dir='ltr'>se</span> <span class='ocrx_word' id='word_1_804' title='bbox 3234 5198 3639 5269; x_wconf 89' lang='lat' dir='ltr'>deprimentis,</span> 
     </span>
    </p>
   </div>
   <div class='ocr_carea' id='block_1_116' title="bbox 1996 5284 3645 5361">
    <p class='ocr_par' dir='ltr' id='par_1_116' title="bbox 1996 5284 3645 5361">
     <span class='ocr_line' id='line_1_116' title="bbox 1996 5284 3645 5361; baseline -0.002 -16"><span class='ocrx_word' id='word_1_805' title='bbox 1996 5290 2270 5361; x_wconf 89' lang='lat' dir='ltr'>idemque</span> <span class='ocrx_word' id='word_1_806' title='bbox 2315 5285 2610 5359; x_wconf 89' lang='lat' dir='ltr'>patientis,</span> <span class='ocrx_word' id='word_1_807' title='bbox 2650 5292 2824 5358; x_wconf 89' lang='lat' dir='ltr'>atque</span> <span class='ocrx_word' id='word_1_808' title='bbox 2871 5284 2956 5340; x_wconf 89' lang='lat' dir='ltr'>illi</span> <span class='ocrx_word' id='word_1_809' title='bbox 2989 5285 3276 5353; x_wconf 89' lang='lat' dir='ltr'>homines,</span> <span class='ocrx_word' id='word_1_810' title='bbox 3309 5302 3457 5358; x_wconf 93' lang='lat' dir='ltr'>quos</span> <span class='ocrx_word' id='word_1_811' title='bbox 3506 5289 3645 5342; x_wconf 89' lang='lat' dir='ltr'>nota</span> 
     </span>
    </p>
   </div>
   <div class='ocr_carea' id='block_1_117' title="bbox 1997 5446 2577 5522">
    <p class='ocr_par' dir='ltr' id='par_1_117' title="bbox 1997 5446 2577 5522">
     <span class='ocr_line' id='line_1_117' title="bbox 1997 5446 2577 5522; baseline -0.014 -15"><span class='ocrx_word' id='word_1_812' title='bbox 1997 5453 2168 5522; x_wconf 80' lang='lat' dir='ltr'>cerpt.</span> <span class='ocrx_word' id='word_1_813' title='bbox 2203 5450 2327 5522; x_wconf 67' lang='lat' dir='ltr'>Yat.</span> <span class='ocrx_word' id='word_1_814' title='bbox 2360 5446 2577 5522; x_wconf 55' lang='lat' dir='ltr'>p.219.</span> 
     </span>
    </p>
   </div>
   <div class='ocr_carea' id='block_1_118' title="bbox 2069 5516 3640 5595">
    <p class='ocr_par' dir='ltr' id='par_1_118' title="bbox 2069 5516 3640 5595">
     <span class='ocr_line' id='line_1_118' title="bbox 2069 5516 3640 5595; baseline 0 -20"><span class='ocrx_word' id='word_1_815' title='bbox 2069 5516 2145 5595; x_wconf 69' lang='lat'>(&#39;2)</span> <span class='ocrx_word' id='word_1_816' title='bbox 2201 5516 2578 5595; x_wconf 49' lang='lat' dir='ltr'>L_ege‘_l_’e_tri</span> <span class='ocrx_word' id='word_1_817' title='bbox 2646 5517 2906 5595; x_wconf 72' lang='lat' dir='ltr'>Magistri</span> <span class='ocrx_word' id='word_1_818' title='bbox 2969 5518 3310 5595; x_wconf 65' lang='lat' dir='ltr'>fragmenta</span> <span class='ocrx_word' id='word_1_819' title='bbox 3380 5518 3640 5595; x_wconf 77' lang='lat' dir='ltr'>politica,</span> 
     </span>
    </p>
   </div>
   <div class='ocr_carea' id='block_1_119' title="bbox 2000 5588 3639 5667">
    <p class='ocr_par' dir='ltr' id='par_1_119' title="bbox 2000 5588 3639 5667">
     <span class='ocr_line' id='line_1_119' title="bbox 2000 5588 3639 5667; baseline 0 -19"><span class='ocrx_word' id='word_1_820' title='bbox 2000 5588 2351 5667; x_wconf 15' lang='lat' dir='ltr'>lib&#39;.&#39;_vg[a&#39;p.</span> <span class='ocrx_word' id='word_1_821' title='bbox 2403 5588 2622 5645; x_wconf 90' lang='lat' dir='ltr'>Maium</span> <span class='ocrx_word' id='word_1_822' title='bbox 2671 5588 2830 5645; x_wconf 73' lang='lat' dir='ltr'>tofno</span> <span class='ocrx_word' id='word_1_823' title='bbox 2883 5588 3319 5667; x_wconf 65' lang='lat' dir='ltr'>eodem&#39;Script.</span> <span class='ocrx_word' id='word_1_824' title='bbox 3380 5588 3486 5649; x_wconf 78' lang='lat' dir='ltr'>Vel.</span> <span class='ocrx_word' id='word_1_825' title='bbox 3549 5588 3639 5648; x_wconf 61' lang='lat' dir='ltr'>se?-</span> 
     </span>
    </p>
   </div>
   <div class='ocr_carea' id='block_1_120' title="bbox 2002 5664 2240 5737">
    <p class='ocr_par' dir='ltr' id='par_1_120' title="bbox 2002 5664 2240 5737">
     <span class='ocr_line' id='line_1_120' title="bbox 2002 5664 2240 5737; baseline -0.017 -16"><span class='ocrx_word' id='word_1_826' title='bbox 2002 5664 2240 5737; x_wconf 60' lang='lat' dir='ltr'>eundo}</span> 
     </span>
    </p>
   </div>
  </div>
