4096 6426
398 420 515 482 615

1648 414 2072 476 NICEPHORI
2116 413 2550 477 BLEMMIDJE

3678 417 3803 477 616

401 550 460 605 in
494 549 705 606 fabulis
737 563 876 620 saga
904 547 1062 604 Circe
1090 546 1149 601 in
1182 562 1317 602 suos
1349 561 1640 615 canesque
1668 547 2009 601 transformia

2153 543 2230 605 εἰς
2286 544 2512 621 χοίρους
2586 544 2673 599 καὶ
2740 545 2899 606 κύνας
2960 539 3317 617 μετεϐάλοντο
3378 564 3391 613 ;
3441 549 3634 621 χοῖροι
3702 545 3798 617 μὲν

403 637 550 694 bat?
579 639 647 693 Et
694 635 778 691 illi
809 636 1046 707 quidem
1077 651 1211 691 sues
1241 632 1427 690 etl'ecti
1476 633 1733 701 fuerunt,
1766 634 1906 705 quia
1952 651 2044 688 vo-

397 727 689 799 luptatum
724 726 781 779 in
834 741 996 780 emno
1028 740 1156 780 sese
1186 722 1525 779 volutabant
1556 740 1567 789 ;
1598 740 1768 776 canes
1820 731 2038 789 autem,

401 816 537 888 quia
567 813 724 869 rabie
753 815 1005 885 quadam
1040 817 1213 884 atque
1241 810 1471 869 insania
1502 811 1709 865 conciti
1742 810 1813 865 ad
1848 811 2039 881 impu-

399 905 560 958 dicos
608 918 835 957 amores
866 902 1133 956 ruebant.
1168 905 1368 971 Itaque
1400 900 1517 969 regi
1566 900 1729 953 valde
1760 899 2035 953 idoneum

397 997 485 1048 est
517 989 795 1046 rationale
827 989 1106 1061 sapientis
1148 987 1423 1043 doctrinae
1456 1004 1489 1041 a
1520 987 1802 1041 Mercurio
1839 987 2034 1041 inven-

388 1085 516 1135 tum
546 1078 951 1151 pharmacum,
988 1078 1140 1149 quod
1176 1075 1504 1149 petulantes
1538 1075 1851 1145 voluptatis
1883 1076 2033 1129 vires

386 1171 739 1239 compescat,
788 1170 1067 1237 tanquam
1120 1164 1220 1220 illa
1266 1164 1325 1218 in
1374 1163 1588 1218 fabulis
1642 1163 1822 1218 herba
1877 1164 2033 1218 dicta

383 1257 553 1328 moly.
588 1255 709 1310 Imo
758 1254 877 1326 regi
908 1270 1056 1325 Opus
1085 1257 1176 1307 est
1227 1251 1417 1324 gladio
1459 1252 1730 1322 ancipitc,
1766 1251 1863 1322 qui
1917 1268 2029 1305 non

385 1345 515 1401 sine
544 1344 804 1416 sapiente
827 1341 1066 1398 consilio
1090 1342 1308 1396 bonum
1336 1340 1619 1395 deteriore
1640 1340 2028 1407 discriminet;

384 1434 467 1489 ita
496 1437 562 1487 ut
590 1432 864 1487 virtutem
894 1430 1007 1486 sibi
1045 1429 1299 1485 vindicet
1328 1434 1504 1499 atque
1534 1429 1787 1497 adserat,
1822 1428 2028 1483 vitium

384 1522 629 1595 repellat
673 1524 849 1591 atque
892 1519 1154 1590 castiget.
1203 1518 1297 1572 Sic
1345 1517 1501 1572 enim
1551 1522 1610 1571 et
1658 1516 1863 1588 Ulyxcs
1913 1534 2026 1571 non

382 1612 574 1666 solum
630 1608 755 1680 ipse
803 1608 995 1663 Circes
1050 1607 1487 1661 incantamenta
1554 1605 1773 1674 vitavit,
1826 1621 2027 1659 verum

385 1699 560 1755 etiam
610 1698 821 1767 socios,
853 1695 954 1768 qui
1000 1695 1061 1750 in
1105 1696 1161 1749 id
1195 1694 1417 1750 malum
1466 1694 1852 1761 incurrerant,
1884 1693 2026 1748 libe-

383 1789 551 1844 ravit.
604 1785 886 1843 Similiter
933 1785 1085 1857 regis
1130 1784 1386 1839 ofﬁcium
1423 1787 1513 1837 est
1562 1798 1676 1837 non
1724 1781 1915 1837 solum
1962 1786 2025 1835 ut

378 1877 506 1949 ipse
534 1875 606 1932 ab
651 1874 926 1931 omnibus
978 1873 1342 1944 voluptatum
1382 1871 1672 1925 illecebris
1722 1871 1866 1925 liber
1913 1871 2023 1924 im-

382 1965 697 2035 munisque
745 1963 842 2027 sit,
873 1978 1073 2017 verum
1116 1961 1290 2015 etiam
1343 1964 1406 2013 ut
1436 1958 1580 2013 alios
1628 1958 1894 2013 homines
1949 1960 2019 2013 ab

380 2053 472 2109 his
503 2052 771 2125 expediat
822 2055 948 2106 tum
980 2049 1239 2104 oratione
1290 2063 1396 2104 sua
1425 2052 1550 2101 tum
1600 2047 1860 2117 exemplo
1895 2065 1906 2101 :
1942 2047 2023 2102 ita

378 2145 443 2197 ut
470 2140 653 2197 sacris
682 2139 917 2212 hymnis
947 2142 1225 2210 perpetuo
1255 2136 1531 2192 celebrari
1565 2153 1622 2191 sc
1658 2137 2019 2191 audiatJam

376 2231 427 2286 si
466 2228 684 2286 cordati
734 2227 1166 2300 prudentesque
1218 2225 1485 2280 homines
1533 2241 1881 2295 magnopere
1912 2225 2018 2279 do-

376 2318 521 2386 lent,
574 2333 707 2373 cum
739 2333 773 2371 a
817 2331 948 2386 rege
1000 2314 1270 2370 subditus
1322 2312 1538 2385 aliquis
1586 2312 1645 2367 in
1686 2311 2018 2383 captivitate

378 2407 535 2479 apud
585 2405 784 2460 hostes
813 2404 1080 2458 detentus
1130 2401 1482 2473 negligitur;
1518 2404 1737 2471 quanto
1789 2400 2017 2456 tristius

374 2494 797 2565 molestiasque
824 2496 932 2560 est,
964 2491 1013 2547 si
1046 2490 1189 2546 forte
1221 2506 1318 2545 rex
1347 2493 1549 2561 sponte
1580 2506 1688 2544 sua
1726 2488 2016 2559 pudendis

372 2581 771 2653 voluptatibus
821 2579 1017 2649 servit,
1068 2595 1247 2650 seque
1307 2578 1450 2634 risui
1501 2583 1677 2649 atque
1741 2577 2015 2633 conviciis

371 2671 762 2743 adpetendum
793 2667 1073 2725 exhibet?
1104 2667 1204 2739 qui
1235 2666 1465 2723 etiamsi
1496 2668 1554 2721 in
1584 2666 1844 2721 tenebris
1876 2666 2011 2721 faci-

373 2777 517 2815 nora
544 2775 653 2814 sua
682 2757 974 2813 continere
1004 2760 1251 2828 aatagat,
1284 2772 1457 2810 verax
1486 2761 1679 2810 tamen
1712 2754 2011 2810 conscien-

368 2848 460 2902 tias
490 2864 608 2903 sua;
637 2846 1039 2901 testimonium
1071 2845 1323 2916 effugere
1361 2844 1584 2915 nequit,
1622 2843 1836 2915 Deique
1866 2861 2009 2915 prae-

366 2937 568 2991 sertim
616 2933 1037 2990 omnituentem
1068 2932 1323 2998 oculum,
1358 2932 1457 3004 qui
1498 2938 1728 2988 secreta:
1778 2948 2011 3002 quoque

365 3022 753 3097 turpitudinis
780 3037 955 3094 opera
984 3022 1115 3077 odio
1164 3021 1555 3092 prosequitur.
1591 3021 1800 3075 Praeter
1831 3037 2008 3091 quam

364 3112 521 3183 quod
553 3110 818 3166 homines
849 3125 1079 3181 quoque
1113 3109 1389 3180 pleraque
1418 3109 1746 3173 observant,
1771 3108 2007 3179 risuque

364 3205 421 3255 ct
452 3199 778 3255 maledictis
824 3198 1136 3265 ditl‘erunt;
1171 3214 1353 3267 eaque
1404 3196 1592 3252 irrisio
1634 3197 1692 3251 in
1744 3197 2004 3252 futurum

2149 631 2442 706 γινόμενοι,
2491 633 2567 694 ὡς
2615 630 2932 707 κυλιόμενοι
2986 632 3036 687 έν
3086 637 3165 705 τῷ
3216 625 3470 708 βορϐόρῳ
3506 635 3617 686 τῶν
3663 628 3798 701 ἡδο-

2149 726 2249 773 νῶν
2282 740 2294 754 ·
2355 720 2504 782 κύνες
2564 718 2620 775 δὲ
2652 768 2666 793 ,
2724 722 2798 783 ὡς
2874 720 3183 783 λυσσῶντες
3259 720 3348 775 καὶ
3415 719 3799 793 ἐκμαινόμενοι

2148 810 2283 881 πρὸς
2341 808 2469 871 τους
2528 809 2776 884 ἀσελγεῖς
2833 806 3058 885 ἔρωτας·
3114 814 3193 881 τῷ
3244 806 3302 864 δὲ
3362 808 3578 885 βασιλεῖ
3632 829 3797 863 κατα-

2148 896 2292 951 πολύ
2348 897 2483 951 ἐστιν
2545 898 2802 974 εὐπρεπὲς
2858 897 2920 952 τὸ
2973 899 3118 973 παρὰ
3164 902 3259 951 τοῦ
3312 899 3518 973 Ἑρμοῦ
3548 905 3649 966 τῆς
3700 902 3799 952 τοῦ

2148 984 2312 1060 λόγου
2398 986 2584 1063 σοφίας
2664 988 2945 1061 φάρμακον
3029 985 3301 1060 λογικὸν,
3382 984 3794 1058 ἐναντιούμενον

2144 1075 2279 1148 πρὸς
2334 1076 2428 1135 τάς
2487 1073 2815 1136 ἀκολάστους
2877 1072 3131 1146 δυνάμεις
3185 1082 3284 1143 τῆς
3332 1071 3556 1142 ἡδονῆς,
3609 1072 3793 1150 ὥσπερ

2144 1162 2193 1214 ἐν
2249 1167 2325 1235 τῷ
2376 1162 2530 1235 μύθῳ
2581 1165 2778 1238 βοτάνη
2840 1184 2922 1224 τις
2974 1164 3241 1238 λεγομένη
3306 1161 3594 1235 μῶλυ
3649 1160 3795 1216 ἀλλά

2143 1248 2209 1318 δὴ
2267 1251 2354 1305 xui
2417 1250 2673 1323 δίστομον
2732 1252 2881 1329 ξίφος
2940 1253 3001 1305 τὸ
3054 1252 3295 1327 χωρίζον
3373 1250 3507 1323 μετᾶ
3562 1257 3791 1319 συνετῆς

2139 1340 2392 1412 γνώσεως
2446 1342 2509 1395 τὸ
2563 1340 2730 1395 καλὸν
2795 1340 2853 1394 έκ
2907 1345 3002 1393 τοῦ
3060 1339 3310 1416 χείρονος
3345 1357 3359 1373 ’
3416 1339 3507 1393 xui
3564 1339 3630 1394 τὸ
3692 1340 3789 1411 μὲν

2138 1426 2304 1481 καλὸν
2356 1429 2430 1489 ὡς
2476 1426 2754 1505 ὠφέλιμον
2804 1428 3097 1506 προκρίνον
3147 1427 3236 1482 καὶ
3287 1432 3569 1498 συνιστῶν,
3618 1427 3684 1481 τὸ
3733 1426 3791 1482 δὲ

2140 1515 2398 1583 ἐναντίον,
2451 1514 2756 1571 ἀποδιῶκόν
2798 1537 2856 1570 τε
2898 1514 2988 1571 καί
3036 1515 3384 1594 μεμφόμενον
3422 1534 3434 1546 ·
3491 1514 3636 1570 οὕτω
3684 1517 3791 1594 γάρ

2136 1606 2224 1658 xui
2281 1602 2559 1666 Ὀδυσσεὺς
2613 1604 2674 1659 ού
2736 1605 2899 1677 μόνον
2956 1604 3173 1681 ἐξέφυγε
3228 1606 3324 1666 τὰς
3379 1603 3635 1681 γοητείας
3686 1611 3790 1674 τῆς

2137 1692 2341 1768 Κίρκης
2376 1739 2390 1763 ,
2450 1691 2594 1747 ἀλλα
2649 1693 2737 1747 καὶ
2794 1692 2919 1755 τοὺς
2984 1693 3248 1755 παθόντας
3304 1689 3646 1768 ἠλευθέρωτε
3702 1693 3791 1771 φί-

2137 1777 2284 1841 λους’
2343 1782 2433 1835 xui
2490 1782 2579 1835 τὸν
2642 1779 2865 1857 βασιλέα
2894 1783 3111 1854 πρέπει,
3153 1780 3246 1835 ’ίνα
3293 1780 3355 1835 ού
3409 1781 3572 1855 μόνον
3626 1780 3791 1843 αὐτὸς

2137 1867 2355 1944 ὑπάρχῃ
2420 1867 2732 1931 ἀδούλωτος
2785 1870 2875 1924 καὶ
2940 1867 3356 1948 πεφυλαγμένος
3425 1869 3530 1923 ἀπὸ
3596 1873 3785 1923 πασῶν

2134 1953 2346 2024 ἡδονῶν
2405 1955 2550 2011 ἀλλά
2601 1958 2689 2011 xui
2745 1957 2871 2019 τοὺς
2930 1956 3135 2019 ἄλλους
3194 1956 3471 2032 ἐλευθεροῖ
3544 1958 3635 2012 καὶ
3697 1955 3789 2012 διὰ

2132 2044 2303 2119 λόγου
2357 2045 2446 2100 καὶ
2508 2044 2927 2122 ὑποδείγματος,
2976 2046 3064 2102 xui
3123 2046 3306 2120 ὕμνων
3362 2047 3522 2123 ἱερῶν
3563 2045 3782 2101 ἀκούειν

2131 2131 2156 2187 δ
2197 2139 2388 2202 πνεκῶς
2443 2137 2535 2208 (4).
2594 2135 2657 2190 Ei
2713 2140 2841 2211 γοῦν
2891 2134 3135 2211 μεγάλην
3183 2134 3433 2212 προξενεῖ
3475 2133 3657 2206 λύπην
3703 2135 3782 2198 εἰς

2126 2222 2254 2284 τούς
2311 2228 2586 2299 νουνεχεῖς
2639 2225 2728 2278 καὶ
2780 2223 3082 2301 φρονίμους
3139 2224 3455 2299 ἀνθρώπους
3502 2224 3566 2277 τὸ
3611 2243 3783 2300 παρο-

2127 2316 2221 2385 ρᾷν
2277 2312 2367 2365 τὸν
2431 2309 2657 2385 βασιλέα
2713 2310 3071 2387 αἰχμάλωτον
3130 2312 3191 2366 τὸ
3272 2312 3559 2383 ὑπήκοον,
3620 2312 3780 2384 πόσῳ

2129 2397 2339 2472 μᾶλλόν
2400 2400 2508 2454 ἐστι
2569 2399 2812 2475 λυπηρὸν
2874 2400 2962 2455 καὶ
2997 2398 3277 2477 ὀδυνηρὸν,
3322 2400 3407 2456 ἐὰν
3442 2401 3469 2455 ὁ
3519 2399 3779 2478 βασιλεὺς

2124 2486 2473 2552 οἰκειοθελῶς
2530 2487 2891 2564 αἰχμάλωτος
2928 2489 3144 2565 γένηται
3199 2489 3301 2544 ὑπὸ
3360 2493 3467 2544 τῶν
3530 2490 3779 2566 αἰσχρῶν

2122 2574 2333 2646 ἡδονῶν
2365 2623 2379 2649 ,
2428 2578 2517 2631 xui
2565 2577 2640 2639 εἰς
2688 2572 2892 2640 ὄνειδος
2940 2577 3029 2632 καὶ
3086 2574 3301 2655 γέλωτα
3354 2582 3592 2653 καταστῇ
3627 2595 3643 2647 ;
3674 2578 3774 2633 κᾶν

2119 2666 2220 2740 γάρ
2263 2665 2567 2742 κρύπτηται
2614 2667 2702 2720 καὶ
2745 2663 3021 2740 σπουδάζῃ
3067 2664 3345 2721 λανθάνειν
3379 2709 3393 2735 ,
3440 2664 3586 2722 ἀλλᾶ
3645 2664 3778 2722 δια-

2121 2759 2302 2831 φυγεῖν
2356 2754 2417 2809 ού
2477 2752 2692 2809 δύναται
2739 2756 2802 2809 τὸ
2858 2761 2956 2824 τῆς
3008 2753 3370 2825 συνειδήσεως
3419 2754 3644 2826 ἀληθὲς,
3681 2757 3773 2811 xui

2124 2841 2358 2915 μάλιστα
2431 2844 2519 2898 τὸν
2607 2843 2674 2898 τὰ
2747 2845 2959 2919 κρυπτᾶ
3036 2842 3307 2920 βλέποντα
3384 2845 3771 2916 παντεπόπτην

2120 2931 2402 3009 ὀφθαλμὸν
2459 2937 2555 2987 τοῦ
2613 2937 2745 2987 Θεοῦ
2779 2978 2793 3005 ,
2852 2933 2940 2987 καὶ
3011 2933 3079 2986 τὰ
3132 2940 3233 3003 τῆς
3309 2932 3578 3010 αἰσχύνης
3635 2930 3771 3011 ἔργα

2121 3025 2380 3092 μισοῦντα
2414 3040 2424 3052 ·
2488 3020 2622 3075 ὅπου
2678 3042 2737 3076 τε
2810 3022 2877 3077 τά
2950 3020 3178 3077 πλείονα
3229 3022 3318 3076 καὶ
3376 3023 3427 3076 oi
3485 3023 3769 3096 ἄνθρωποι

2122 3107 2410 3183 βλέποντες
2466 3108 2804 3186 καταγελῶσι
2850 3111 2940 3165 καὶ
2994 3107 3325 3184 διασύρουσι,
3375 3111 3465 3166 καὶ
3515 3112 3544 3165 ὁ
3582 3110 3763 3188 γέλως

2115 3198 2530 3272 παραπέμπεται
2586 3198 2673 3253 xui
2734 3200 2806 3261 είς
2864 3197 2992 3260 τοὺς
3050 3198 3239 3277 ἐφεξῆς
3298 3198 3569 3275 χρόνους·
3622 3198 3764 3255 πολ-

364 3304 598 3359 quoque
644 3291 877 3357 tempus
932 3289 1304 3357 propagatur.
1358 3285 1497 3339 Ecce
1562 3284 1718 3340 enim
1784 3284 2001 3341 multos

2122 3269 2245 3347 λούς
2303 3269 2404 3362 γάρ
2482 3286 2754 3362 βλέπομεν
2831 3287 2881 3342 έν
2947 3269 3099 3350 τοῖς.
3137 3269 3436 3365 ἱστορίκοῖς
3517 3282 3762 3365 βιϐλίοις

365 3375 634 3432 videmus
680 3374 740 3430 in
770 3374 1065 3429 historicis
1110 3372 1278 3428 libris
1327 3373 1569 3428 infamia
1616 3390 2005 3445 conspersos:

364 3463 651 3534 plurimos
699 3462 836 3517 item
869 3465 1105 3534 propter
1134 3477 1310 3516 suum
1355 3460 1729 3516 honestorum
1764 3477 2007 3533 operum

364 3552 632 3608 studium
660 3551 833 3606 laude
863 3554 1357 3622 mactatos,atque
1388 3554 1610 3605 aeternae
1644 3555 2007 3621 posterorum

370 3640 663 3696 memoria:
713 3639 950 3711 perenni
983 3655 1117 3694 cum
1146 3638 1300 3694 fama
1338 3639 1601 3694 traditos.
1637 3639 1755 3693 Rex
1784 3638 2006 3693 Graeco-

363 3745 498 3783 rum
528 3727 850 3783 Alexander
879 3732 1011 3798 post
1039 3726 1327 3782 devictum
1363 3726 1625 3795 Darium,
1651 3726 1800 3781 tilias
1828 3726 2005 3797 hujus

362 3816 795 3887 pulchritudine
848 3816 994 3871 mira
1023 3816 1390 3887 conspicuas,
1422 3832 1523 3871 ceu
1569 3816 1891 3871 maximum
1919 3815 2005 3869 vi-

363 3907 559 3960 ctorias
607 3904 908 3976 premium
960 3904 1071 3959 sibi
1126 3904 1371 3968 oblatas,
1407 3921 1477 3959 ne
1524 3904 1718 3958 videre
1768 3905 2002 3974 quidem

360 4009 573 4065 passus
622 3997 747 4059 est;
780 3993 994 4063 aitque,
1026 3997 1197 4063 turpe
1245 3992 1383 4059 fore,
1417 3993 1466 4047 si
1499 3993 1548 4047 is
1588 3992 1686 4063 qui
1736 3992 1889 4047 viros
1920 3992 2002 4047 vi-

358 4082 554 4148 cisset,
588 4098 621 4136 a
653 4080 885 4136 feminis
934 4081 1280 4137 vinceretur.
1313 4081 1440 4149 Cyri
1473 4081 1768 4135 Medorum
1807 4085 2002 4135 Persa-

356 4186 608 4240 rumque
638 4170 791 4241 regis
822 4187 924 4240 par
954 4170 1137 4224 virtus
1172 4169 1295 4223 fuit.
1317 4170 1461 4224 Nam
1496 4173 1551 4224 et
1582 4169 1676 4224 hic
1707 4171 2001 4240 superatis

356 4259 477 4314 acie
504 4259 776 4331 Assyriis,
811 4262 986 4329 atque
1017 4258 1087 4313 ab
1139 4257 1387 4312 exercitu
1422 4274 1550 4324 suo,
1585 4258 1999 4312 manubiarum

356 4348 613 4404 nomine.
666 4347 971 4403 Susiorum
1022 4346 1221 4418 regina
1267 4347 1541 4411 donatus,
1593 4363 1719 4417 quae
1781 4345 1997 4417 insigni

352 4438 541 4492 forma
572 4435 1118 4509 praestabat,regina3
1144 4434 1194 4488 is
1225 4435 1461 4505 quidem
1490 4450 1762 4505 magnam
1795 4450 1997 4489 curam

349 4525 533 4598 gessit
560 4525 923 4595 ;ceteroquin
956 4524 1143 4594 ipsam
1176 4524 1433 4595 aspicere
1456 4522 1993 4590 recusavit,dicens,

2120 3369 2527 3449 ὑϐριζομένους,
2586 3376 2676 3430 xui
2734 3373 3021 3438 πλείστους
3078 3373 3494 3448 ἐπαινουμένους
3549 3373 3640 3431 διὰ
3666 3379 3766 3447 τὴν

2116 3461 2237 3538 περί
2285 3464 2350 3517 τά
2397 3462 2539 3518 καλά
2585 3462 2822 3533 σπουδὴν
2871 3464 3084 3536 αὐτῶν²
3128 3464 3215 3519 καὶ
3267 3464 3342 3527 εἰς
3399 3463 3624 3520 αἰωνίαν
3675 3464 3768 3520 xui

2117 3548 2335 3621 διηνεκῆ
2391 3555 2614 3624 μνήμην
2683 3552 3185 3628 περιλαλουμένους
3240 3553 3330 3607 καὶ
3386 3572 3772 3630 παραπεμπο-

2119 3638 2311 3711 μένους
2346 3685 2358 3697 .
2420 3640 2674 3703 Βασιλεὺς
2733 3639 3017 3711 Ἑλλήνων
3078 3638 3429 3718 Ἀλέξανδρος
3463 3687 3477 3712 ,
3537 3644 3767 3712 νικήσας

2116 3734 2358 3804 Δαρεῖον,
2411 3729 2500 3783 xui
2547 3730 2642 3791 τὰς
2693 3729 2900 3784 ἐκείνου
2950 3730 3243 3806 θυγατέρας
3294 3730 3368 3792 ὡς
3427 3730 3769 3804 προτίμησιν

2112 3823 2210 3885 τῆς
2268 3817 2423 3888 νίκης
2469 3815 2557 3872 διὰ
2609 3819 2673 3872 τὸ
2734 3813 3092 3894 ὑπερϐολικὸν
3142 3823 3239 3873 τοῦ
3296 3816 3537 3879 κάλλους
3596 3838 3771 3893 προσ-

2114 3904 2381 3979 αγομένας
2436 3905 2626 3978 αὐτῷ,
2688 3904 2812 3961 οὐδὲ
2875 3904 3005 3961 ἰδεῖν
3066 3904 3381 3977 κατεδέξατο
3417 3929 3428 3941 ·
3463 3906 3630 3961 εἰπὼν
3687 3908 3769 3963 αἷ-

2114 3993 2319 4069 σχύνης
2370 3991 2511 4067 ἄξιον
2570 3995 2701 4049 εἶναι
2754 4001 2967 4064 νικῆσαι
3022 3995 3113 4068 μὲν
3168 3992 3385 4072 ἄνδρας,
3440 3996 3541 4050 ὑπὸ
3572 4017 3761 4070 γυναι-

2109 4086 2217 4135 κῶν
2248 4080 2305 4136 δὲ
2337 4085 2654 4153 ἡττηθῆναι.
2704 4086 2931 4155 ’Όμοιον
2983 4080 3040 4137 δὲ
3086 4084 3264 4156 τούτῳ
3313 4083 3534 4154 ἐποίησε
3587 4089 3764 4161 Κῦρος

2111 4171 2139 4224 ὁ
2194 4175 2300 4225 τῶν
2363 4169 2563 4241 Μήδων
2613 4171 2702 4226 καὶ
2753 4177 2970 4247 Περσῶν
3036 4170 3326 4248 βασιλεύς·
3378 4175 3604 4242 νικήσας
3657 4175 3763 4250 γὰρ

2108 4261 2197 4313 τὸν
2243 4259 2486 4332 πόλεμον
2521 4260 2837 4336 Ἀσσυρίων,
2898 4261 2989 4315 καὶ
3044 4261 3189 4336 παρᾶ
3216 4264 3313 4315 τοῦ
3359 4260 3764 4338 στρατεύματος

2106 4348 2204 4415 τήν
2250 4353 2356 4401 τῶν
2406 4347 2643 4402 Σουσίων
2701 4345 2954 4423 βασιλίδα
3002 4351 3077 4421 (5)
3134 4349 3208 4410 ὡς
3278 4347 3519 4427 λάφυρον
3571 4345 3760 4405 λαϐὼν

2109 4432 2196 4489 διά
2226 4437 2324 4503 τήν
2356 4440 2453 4489 τοῦ
2496 4434 2738 4498 κάλλους
2790 4431 3123 4511 ὑπερϐολὴν,
3173 4434 3393 4505 πολλήν
3449 4438 3543 4510 μὲν
3592 4436 3759 4507 αὐτῆς

2107 4523 2399 4593 ἐποιήσατο
2448 4523 2800 4596 ἐπιμέλειαν,
2865 4521 2996 4578 ἰδεῖν
3058 4521 3114 4579 δὲ
3172 4523 3419 4587 ούδόλως
3481 4525 3757 4596 ἠξίωσεν,

346 4631 498 4685 opus
546 4631 674 4670 esse
703 4617 769 4668 ut
818 4612 1108 4685 pudicitiae
1150 4630 1312 4683 reges
1360 4613 1631 4667 custodes
1685 4612 1843 4679 fiant,
1878 4629 1992 4667 non

2122 4613 2524 4691 Ῐιποφηνάμενος
2591 4611 2832 4689 φύλακας
2884 4613 3013 4668 εἶναι
3065 4615 3177 4689 χρὴ
3236 4621 3340 4683 τῆς
3400 4614 3758 4692 σωφροσύνης

346 4702 754 4769 insidiatores;
785 4707 908 4756 tum
960 4701 1097 4772 quia
1148 4701 1201 4754 id
1256 4717 1591 4772 supremam
1650 4700 1994 4771 dignitatem

352 4793 533 4858 decet,
584 4796 708 4845 tum
759 4791 897 4861 quia
947 4790 1228 4861 pudicitia
1296 4789 1693 4843 fortitudinem
1746 4789 1995 4859 pruden-

350 4878 611 4949 tiamque
657 4883 961 4933 conservat
1006 4883 1061 4932 et
1091 4877 1343 4949 copulat.
1378 4878 1591 4931 Revera
1640 4877 1735 4946 qui
1788 4894 1849 4931 se
1901 4894 1992 4931 vo-

345 4964 636 5036 luptatum
668 4966 957 5021 famulitio
989 4968 1289 5029 addicunt,
1324 4983 1389 5019 ac
1422 4966 1705 5018 furiosum
1750 4966 1989 5019 temina-

347 5069 479 5107 rum
511 5068 769 5108 amorem
803 5071 919 5125 pra;
951 5070 1013 5108 se
1044 5055 1259 5125 ferunt,
1292 5053 1611 5124 effusisque
1642 5053 1884 5108 habenis
1916 5054 1986 5108 ad

407 5281 486 5352 (3)
521 5280 711 5351 Odyss.
748 5298 805 5345 x,
828 5282 951 5336 eos.

406 5354 484 5421 (4)
517 5352 782 5425 Hymnus
812 5369 1017 5425 reapse
1047 5352 1377 5409 laudativus
1407 5371 1441 5408 a
1471 5354 1673 5409 Photio
1706 5355 1982 5425 scriptus,

337 5428 514 5494 atque
547 5422 644 5476 ere
696 5422 963 5497 Ecclesia:
996 5424 1186 5497 dictus
1235 5427 1304 5497 ad
1336 5425 1615 5480 Basilium
1669 5422 1982 5497 imperato-

338 5511 484 5562 rem,
519 5498 708 5549 exstat
737 5494 793 5547 in
843 5495 1203 5550 melodorum
1239 5495 1589 5551 ineditorum
1622 5494 1817 5551 codice
1851 5500 1982 5553 Bar-

335 5564 561 5638 berino,
595 5564 666 5619 de
715 5565 1092 5638 quoilocutus
1139 5582 1270 5621 sum
1302 5567 1379 5638 in
1410 5568 1620 5638 prioris
1666 5567 1982 5624 voluminis

334 5636 695 5709 praefatione,
715 5652 783 5709 _p.
819 5637 906 5694 44.
931 5637 1337 5709 Videturergo
1366 5636 1427 5693 in
1457 5637 1788 5695 Graecorum
1819 5656 1982 5697 more

335 5706 597 5791 positum
643 5706 849 5785 fuisse,
896 5712 962 5771 ut
1008 5706 1304 5787 principes
1349 5725 1491 5769 suos
1546 5709 1731 5769 sacris
1777 5710 1977 5783 etiam,

2102 4702 2228 4762 τοὺς
2286 4698 2550 4775 βασιλεῖς,
2599 4699 2725 4754 ἀλλ’
2772 4700 2871 4755 οὐκ
2919 4696 3270 4775 ἐπιϐούλους,
3323 4699 3410 4756 διά
3449 4723 3509 4756 τε
3554 4703 3619 4756 τὸ
3673 4702 3761 4776 μέ-

2101 4802 2255 4865 γεθος
2306 4797 2408 4858 τῆς
2462 4788 2629 4861 ἀξίας,
2687 4788 2775 4843 καί
2835 4790 2918 4844 ὅτι
2977 4789 3298 4867 σωφροσύνη
3361 4788 3607 4863 ἀνδρείαν
3669 4791 3758 4847 καὶ

2102 4877 2359 4954 φρόνησιν
2415 4876 2626 4951 συνέχει
2678 4898 2735 4930 τε
2788 4878 2877 4931 καὶ
2928 4878 3201 4933 συνάπτει·
3259 4879 3321 4932 τὸ
3370 4879 3472 4954 γάρ
3526 4877 3757 4934 δουλω-

2101 4973 2254 5034 θῆναι
2320 4972 2437 5027 ταῖς
2512 4964 2734 5034 ἡδοναῖς
2803 4967 2892 5021 καὶ
2969 4970 3343 5043 γυναικομανῆ
3422 4968 3752 5045 φαίνεσθαι,

2098 5054 2185 5108 καὶ
2245 5055 2423 5131 ὥσπερ
2484 5052 2570 5108 διὰ
2629 5053 2862 5130 χαλινοῦ
2915 5057 3050 5131 πρὸς
3116 5058 3183 5111 τά
3233 5057 3435 5134 αἰσχρᾶ
3498 5058 3750 5136 φέρεσθαι

2099 5288 2334 5360 hymnis
2366 5287 2896 5362 ce1_ebrarent._l\lisi
2930 5287 3072 5362 forte
3118 5289 3480 5362 Nicephorus
3513 5288 3755 5362 respicit

2096 5357 2293 5431 potius
2326 5360 2397 5413 ad
2446 5359 2697 5432 hymnos
2729 5357 2895 5432 illos.
2916 5360 2987 5415 de
3018 5361 3235 5432 quibus
3260 5357 3452 5416 'Plato
3484 5357 3749 5432 Legfvn,

2096 5429 2151 5502 p.
2185 5433 2289 5483 8th
2319 5447 2448 5500 sqq.
2485 5429 2574 5484 ed.
2609 5430 2764 5484 Sorr.
2800 5429 2900 5483 Vel
2934 5429 3341 5499 explicandum
3373 5438 3484 5498 est,
3514 5429 3635 5487 tam
3663 5448 3755 5488 sa-

2092 5504 2203 5557 cris
2236 5502 2455 5570 hymnis
2475 5505 2732 5570 perpetuo
2757 5502 3073 5558 audiendis.

2162 5574 2238 5647 (5_)
2273 5561 2445 5647 Lege
2469 5561 2911 5647 Xenophontem
2961 5577 3159 5647 Cyrop.
3190 5574 3291 5631 lib.
3324 5591 3379 5641 v,
3410 5575 3465 5647 _1.
3514 5572 3741 5647 Addere

2088 5640 2301 5721 licebat
2328 5640 2858 5721 Kfricaninmajoris
2886 5640 3240 5721 exemplum,
3273 5645 3429 5721 quod
3459 5648 3552 5703 est
3579 5643 3737 5720 apud

2086 5714 2420 5793 Polybium,
2450 5730 2511 5787 κ,
2543 5712 2634 5773 19.
