4096 6408
437 427 553 485 619

1688 419 2107 481 NICEPHORI
2153 418 2591 482 BLEMMIDE

3723 422 3841 484 620

435 556 661 611 stituta.
694 556 827 620 Qua)
858 571 993 611 cum
1016 554 1097 610 ita
1117 569 1180 609 se
1209 553 1482 618 habeant,
1541 566 1912 623 summopere
1968 566 2069 605 ne-

2186 552 2295 602 τῶν
2347 548 2779 625 ἀναγκαιοτάτων
2849 548 2930 623 τῷ
3002 549 3218 625 βασιλεῖ
3279 555 3491 625 κρατεῖν
3541 550 3634 606 καὶ
3687 551 3840 626 βασι-

433 660 594 701 cesse
642 647 732 700 est
774 635 851 699 'ut
879 661 979 700 rex
1021 643 1390 716 voluptatum
1462 641 1647 697 victor
1703 640 1800 710 sit,
1859 655 2078 711 easque

430 735 611 803 regat.

500 820 577 876 III
609 822 810 877 [temne
836 820 910 876 sit
949 819 1269 876 iracundus.
1298 849 1367 861 --
1398 822 1518 889 Age
1572 833 1707 874 vero
1755 816 2076 872 iracundia

431 926 665 983 quoque
691 909 992 965 vesaniam
1022 910 1092 965 ad
1108 908 1364 964 latrones
1396 923 1495 963 rex
1525 904 1900 973 amandabit;
1936 920 2079 977 quo-

431 1016 564 1055 rum
595 1000 756 1054 furor
784 999 972 1055 instar
1000 997 1364 1070 serpentium
1396 1000 1485 1052 est
1508 1013 1521 1064 ;
1541 993 1857 1051 crudelitas
1877 999 2072 1050 autem

431 1094 491 1146 et
518 1088 761 1144 immitis
791 1088 1025 1143 animus
1049 1104 1081 1143 a
1112 1085 1403 1142 malorum
1435 1086 1771 1141 daemonum
1793 1084 2074 1139 adversus

431 1178 701 1234 homines
731 1176 862 1233 odio
902 1192 1018 1231 non
1042 1174 1252 1230 dili‘ert.
1286 1178 1432 1229 Poro
1460 1173 1676 1238 virum,
1708 1188 1885 1245 quem
1920 1170 2077 1227 Deus

431 1266 692 1340 legatum
722 1264 898 1321 veluti
932 1279 1109 1320 suum
1149 1262 1274 1318 orbi
1306 1262 1580 1335 praefecit,
1613 1266 1671 1317 et
1705 1261 1796 1315 cui
1849 1265 2078 1316 creatu-

432 1371 632 1411 rarum
662 1352 992 1421 suaruin,id
1024 1355 1115 1407 est
1143 1351 1513 1407 subditorum
1537 1349 2076 1417 hominum,curam

435 1443 752 1510 commisit,
798 1440 1171 1513 tranquilitas
1222 1441 1406 1510 decet,
1466 1438 1856 1495 mansuetudo
1905 1441 2079 1509 atque

429 1532 739 1590 clementia
769 1550 782 1592 ;
815 1534 1184 1603 reputantem
1242 1528 1483 1594 scilicet,
1515 1533 1780 1601 oportere
1810 1544 1844 1581 a
1872 1543 1933 1582 se
1973 1526 2077 1582 ho-

429 1622 688 1678 minibus
717 1618 970 1676 subditis
1001 1618 1283 1674 eamdem
1319 1632 1518 1672 curam
1569 1614 1851 1687 impendi,
1900 1629 2077 1686 quam

428 1709 695 1783 cognatis
717 1708 863 1777 suis,
888 1722 1070 1779 quam
1119 1706 1356 1761 sibimet
1407 1704 1519 1777 ipsi
1574 1702 1860 1775 impertiri
1909 1702 2076 1758 solet.

433 1799 763 1856 Incolumes
792 1797 973 1869 igitur
994 1795 1313 1867 prudenter
1351 1798 1549 1866 reget;
1607 1792 1859 1847 inﬁrmis
1916 1793 2078 1846 omni

429 1904 538 1961 Ope
568 1885 901 1942 consultum
948 1883 1121 1952 volet,
1152 1888 1209 1939 et
1239 1883 1501 1954 quolibet
1547 1880 1922 1954 providentiae
1957 1884 2077 1935 stu-

433 1977 632 2048 diique
660 1989 870 2046 genere
916 1972 1222 2028 subveniet
1266 1971 1621 2042 eosdemque
1668 1969 1969 2025 beneﬁciis
2020 1973 2076 2023 et

432 2064 706 2123 comitate
737 2062 850 2119 sibi
882 2061 1189 2118 devinciet.
1221 2060 1383 2124 Quod
1416 2059 1465 2115 si
1498 2075 1646 2132 quos
1671 2058 1840 2124 forte,
1864 2074 2073 2130 quam-

433 2153 651 2211 tumvis
692 2150 1011 2208 benefactis
1066 2166 1132 2204 ac
1190 2148 1612 2219 largitionibus
1671 2163 2073 2220 saepenumero

432 2247 690 2300 ornatos.
726 2238 1092 2296 refractarios
1122 2236 1312 2293 adhuc
1360 2237 1721 2309 minimeque
1762 2235 2072 2292 benevolos

429 2331 777 2404 experietur,
809 2344 943 2384 cum
978 2327 1067 2381 his
1092 2343 1233 2381 sane
1280 2326 1535 2381 severius
1590 2325 1881 2396 agendum
1932 2328 2021 2380 est
2054 2342 2070 2389 τ

426 2420 508 2475 ita
530 2424 748 2475 tamem
773 2421 837 2471 ut
858 2415 1196 2486 hujusmodi
1253 2430 1486 2487 quoque
1517 2412 2068 2479 bominibus,veluti

427 2506 709 2563 membris
735 2504 952 2561 nostris
990 2504 1163 2558 mobo
1194 2501 1389 2574 aliquo
1435 2501 1861 2569 laborantibus,
1917 2517 2071 2557 com-

426 2597 749 2670 patiamur.
781 2593 875 2648 Sic
905 2592 1062 2648 enim
1097 2606 1197 2646 rex
1224 2590 1644 2662 benignitatem
1660 2589 1771 2646 sibi
1807 2590 1904 2645 Dei
1936 2606 2068 2645 cen-

429 2684 690 2751 ciliabit;
724 2682 808 2738 sic
821 2682 1059 2737 ﬁrmum
1083 2696 1328 2752 regnum
1352 2680 1887 2750 inconcussumque
1915 2684 2070 2734 tene-

430 2769 699 2839 hit,sicin
715 2768 979 2824 omnium
1012 2782 1209 2822 amore
1230 2766 1542 2837 erit,atque
1561 2767 1633 2822 ab
1663 2765 1940 2822 omnibus
1953 2782 2068 2822 uno

430 2878 527 2918 ore
558 2872 996 2932 quaquaversus
1019 2855 1448 2928 prmdicabitur.
1468 2854 1736 2911 Nimirun
1762 2855 1854 2911 his
1875 2854 2069 2911 laudi-

427 2952 540 3006 bus
571 2948 842 3003 homines
868 2961 1141 3001 coronam
1165 2944 1286 3017 regi
1315 2949 1642 3012 contexent,
1661 2945 1805 2999 dum
1836 2960 2070 3000 concor;

429 3040 486 3097 di
515 3055 652 3094 voce
680 3036 979 3093 iterabuut
1009 3035 1143 3090 :Hic
1167 3033 2068 3106 temporantissimus,hicmitis-

426 3127 682 3199 mus,hic
698 3128 809 3181 Deo
822 3123 1036 3179 similis
1046 3126 1334 3180 est.Secus
1347 3139 1477 3179 vero
1492 3122 1590 3193 qui
1605 3121 1743 3177 levis
1758 3121 2071 3194 cujuslibet

425 3217 622 3274 delicti
634 3231 814 3272 causa
824 3215 967 3269 dure
981 3217 1154 3284 atque
1168 3213 1571 3268 inhumaniter
1583 3228 1782 3268 servos
1796 3204 2066 3268 homines

2187 633 2362 692 λεύειν
2394 643 2500 694 τῶν
2531 636 2768 709 ἡδονῶν.

2260 819 2323 875 1".
2382 818 2451 871 Τὸ
2499 815 2559 873 δὲ
2612 816 2831 894 ὀργίλον
2886 817 2977 874 καὶ
3040 818 3264 891 μανικὸν
3318 819 3701 895 παραπέμπειν
3758 818 3835 881 εἷς

2183 905 2312 967 τοὺς
2369 905 2568 980 λῃστάς
2627 909 2757 981 (11)·
2814 906 3020 962 τούτων
3078 908 3183 983 γάρ
3240 908 3270 962 ὁ
3326 907 3496 980 θυμὸς
3551 908 3690 963 κατὰ
3732 909 3832 976 τὴν

2187 994 2450 1067 ὁμοίωσίν
2479 994 2588 1051 ἐστι
2640 1001 2738 1051 τοῦ
2790 991 2987 1075 ὄφεως·
3037 995 3127 1051 καὶ
3172 996 3234 1051 τὸ
3281 996 3480 1067 ἀπηνὲς
3531 995 3624 1052 καὶ
3667 996 3840 1070 ἀσυμ-

2186 1084 2426 1154 πάθητον
2483 1084 2620 1140 κατᾶ
2666 1085 2763 1153 την
2805 1089 2915 1141 τῶν
2970 1089 3225 1161 πονηρῶν
3278 1081 3547 1157 δαιμόνων
3632 1106 3833 1158 μισαν-

2188 1171 2428 1247 θρωπίαν
2461 1217 2475 1232 .
2533 1174 2590 1227 '0
2647 1169 2705 1227 δὲ
2758 1172 2980 1248 ταχθεὶς
3029 1173 3166 1228 κατὰ
3217 1174 3317 1242 τὴν
3377 1174 3683 1246 ὁμοιότητα
3738 1178 3839 1229 τοῦ

2187 1264 2343 1332 Θεοῦ,
2375 1260 2465 1316 καὶ
2511 1265 2609 1316 τοῦ
2656 1258 2977 1335 πλάσματος
3025 1261 3211 1334 αὐτοῦ,
3257 1259 3425 1338 ἤγουν
3476 1266 3584 1318 τῶν
3618 1260 3835 1317 δούλων

2186 1350 2285 1418 τήν
2321 1346 2635 1421 ἐπιμέλειαν
2665 1349 2993 1418 πιστευθεὶς,
3040 1350 3103 1405 τὸ
3148 1350 3384 1427 γαληνὸν
3434 1348 3643 1429 ὀφείλει
3684 1349 3836 1426 ἔχειν

2186 1438 2277 1492 καὶ
2334 1437 2541 1514 ἥμερον
2592 1437 2682 1493 καί
2728 1437 3133 1516 φιλάνθρωπον·
3188 1440 3468 1514 γινώσκων
3518 1440 3706 1502 καλῶς
3749 1438 3837 1495 ὅτι

2187 1532 2457 1602 χρεωστεῖ
2501 1526 2774 1603 περιέπειν
2831 1528 2907 1590 ὡς
2955 1528 3205 1604 συγγενὲς
3261 1527 3324 1582 τὸ
3376 1528 3683 1604 ἀρχόμενον
3743 1528 3841 1583 καὶ

2186 1617 2362 1677 καθὼς
2415 1614 2625 1671 ἑαυτόν·
2682 1616 2771 1672 καὶ
2824 1620 2934 1671 τῶν
2997 1617 3091 1690 μὲν
3150 1616 3497 1692 ὑγιαινόντων
3560 1622 3842 1681 ποιεῖσθαι

2185 1706 2572 1779 προμήθειαν,
2626 1703 3031 1760 ἐπισκέπτεσθαι
3089 1701 3146 1759 δὲ
3209 1704 3478 1768 παντοίως
3536 1704 3665 1768 τοὺς
3722 1706 3844 1783 ἆῤ-

2188 1791 2526 1868 ῥωστοῦντας
2561 1839 2575 1865 ,
2631 1792 2720 1848 καὶ
2779 1792 3087 1870 θεραπεύειν
3154 1795 3290 1849 κατὰ
3344 1799 3516 1849 πᾶσαν
3573 1794 3839 1870 πρόνοιαν

2184 1882 2273 1934 καὶ
2306 1878 2571 1951 σπουδὴν,
2620 1881 2709 1936 καὶ
2755 1881 3083 1937 οἰκειοῦσθαι
3126 1880 3354 1944 τούτους
3403 1880 3474 1937 δι’
3527 1881 3839 1958 εὐεργεσίας

2183 1969 2271 2024 καὶ
2321 1969 2667 2044 ἱλαρότητος.
2726 1970 2790 2027 Εἰ
2843 1968 2901 2026 δέ
2955 1991 3102 2033 τινας
3160 1958 3269 2027 ῗδοι
3330 1971 3464 2044 μετά
3508 1972 3572 2026 τὸ
3620 1971 3838 2048 εὐεργε-

2183 2062 2313 2113 σιῶν
2359 2079 2419 2113 τε
2479 2059 2567 2114 καὶ
2614 2057 2832 2136 δωρεῶν
2896 2059 3191 2115 ἀπολαύειν
3260 2064 3495 2135 συχνῶν,
3561 2059 3838 2115 ἀνυποτά-

2181 2167 2344 2209 κτους
2402 2147 2492 2201 καὶ
2551 2149 2628 2220 μή
2688 2145 2897 2203 εὔνοιαν
2956 2145 3184 2224 ἔχοντας
3217 2195 3233 2221 ,
3292 2148 3381 2203 καὶ
3438 2148 3839 2225 αὐστηρότερον

2182 2236 2389 2311 ἀνάγκη
2439 2236 2656 2299 τούτοις
2702 2237 3142 2316 προσφέρεσθαι·
3184 2234 3332 2306 πλὴν
3385 2237 3474 2293 καὶ
3523 2234 3695 2300 οὕτως
3752 2238 3837 2301 ὡς

2183 2324 2404 2387 οἰκείοις
2446 2325 2610 2380 αὐτοῦ
2667 2324 2851 2398 μέλεσι
2902 2323 3301 2381 συλλυπεῖσθαι
3348 2331 3462 2387 τοῖς
3503 2328 3831 2401 πάσχουσιν·

2182 2412 2324 2487 οὕτω
2352 2414 2453 2489 γάρ
2504 2415 2532 2469 ὁ
2585 2411 2883 2489 βασιλεύων
2933 2414 3009 2477 εἰς
3057 2414 3240 2469 ἑαυτὸν
3276 2412 3419 2470 ἕλκει
3458 2415 3587 2476 τοὺς
3619 2414 3838 2491 οἴκτιρ-

2184 2501 2319 2575 μοῦς
2366 2507 2467 2557 τοῦ
2515 2507 2668 2559 Θεοῦ·
2722 2503 2865 2559 οὕτω
2918 2504 3018 2572 τήν
3081 2502 3358 2578 βασιλείαν
3415 2501 3534 2579 ἔχει
3592 2503 3831 2576 μόνιμόν

2177 2612 2236 2647 τε
2287 2591 2376 2646 καὶ
2433 2590 2802 2647 ἀκατάλυτον·
2865 2591 3008 2647 οὕτω
3064 2592 3211 2668 παρὰ
3266 2593 3480 2647 πάντων
3539 2590 3780 2669 φιλεῖται
3815 2640 3832 2663 ,

2178 2681 2454 2756 καὶπαρᾶ
2509 2678 2721 2735 πάντων
2782 2681 2858 2744 ὡς
2916 2681 3004 2758 ἀφ’
3057 2681 3173 2743 ένὸς
3231 2680 3503 2753 στόματος
3550 2680 3631 2743 εἰς
3659 2681 3836 2737 πάντα

2175 2768 2343 2824 τόπον
2398 2767 2778 2847 διαφημίζεται
2812 2788 2825 2802 ·
2883 2769 3154 2832 τοιοότοις
3210 2768 3448 2831 ἐπαίνοις
3512 2768 3831 2826 πλεκόντων

2176 2857 2266 2912 καί
2308 2858 2707 2935 στεφανούντων
2754 2859 2844 2913 τὸν
2900 2856 3144 2934 βασιλέα,
3201 2858 3290 2913 καὶ
3350 2858 3455 2913 ἀπὸ
3506 2858 3832 2936 συμφωνίας

2179 2943 2474 3022 λεγόντων,
2534 2944 2700 3009 Οὗτός
2752 2945 2889 3002 ἐστιν
2950 2947 2979 3000 ὁ
3031 2945 3492 3025 σωφρονέστατος·
3539 2946 3836 3023 ὁπραότα-

2175 3055 2291 3107 τος,
2323 3037 2352 3089 ὁ
2407 3035 2826 3108 ἐξομοιούμενος
2881 3034 2961 3108 τῷ
3016 3039 3149 3107 Θεῷ·
3195 3035 3261 3090 τὸ
3318 3033 3376 3091 δῖε
3424 3033 3494 3090 δι’
3544 3034 3734 3112 ὀλίγον
3772 3058 3832 3091 τι

2176 3121 2575 3197 πλημμέλημα
2606 3124 2824 3193 ἀπηνῶς
2864 3123 2955 3179 καὶ
2999 3123 3381 3200 ἀπανθρώπως
3423 3122 3549 3185 τοὺς
3593 3121 3833 3187 δούλους

2178 3210 2429 3281 κολάζειν
2482 3209 2635 3267 οὐδὲν
2682 3210 2921 3290 διαφέρει
2969 3216 3066 3268 τοῦ
3116 3210 3206 3267 διὰ
3260 3211 3447 3286 μανίαν
3500 3209 3832 3285 δαιμονικὴν

424 3307 648 3380 plectit,
678 3305 728 3360 is
759 3302 907 3359 nihil
938 3304 1009 3358 ab
1044 3282 1110 3357 ἑο
1141 3301 1333 3356 differt
1364 3302 1466 3371 qui
1506 3300 1791 3356 diabolico
1821 3300 2066 3356 instinc-

2182 3300 2274 3362 τὰς
2334 3297 2473 3363 ἰδίας
2529 3282 2969 3377 κατατρώγοῑντος
3029 3282 3274 3374 σάρκας·
3332 3300 3421 3355 καὶ
3483 3282 3607 3376 γὰρ-
3646 3299 3835 3378 ὥσπερ

397 3385 520 3452 ὀίιι
550 3394 807 3467 percitus
840 3408 1042 3447 carnes
1080 3390 1351 3462 proprias
1392 3391 1539 3445 forte
1586 3394 1831 3445 voraret.
1890 3388 2071 3446 Sicuti

424 3485 580 3542 enim
606 3484 667 3538 in
697 3482 825 3553 ejus
857 3479 1015 3535 modi
1046 3478 1274 3535 insania
1329 3478 1509 3533 vincit
1564 3477 1824 3534 dolorem
1885 3478 2064 3549 furor,

426 3575 511 3630 sic
541 3571 828 3628 indomita
857 3570 945 3624 ira
974 3566 1360 3623 inexorabiles
1390 3567 1463 3623 ad
1486 3568 1840 3641 expetendas
1870 3584 2071 3639 pcenas

431 3661 567 3718 facit
596 3676 695 3715 eos
726 3658 827 3731 qui
860 3656 1134 3713 commoti
1194 3660 1370 3724 sunt;
1406 3672 1594 3727 neque
1625 3656 1878 3729 cogitare
1934 3656 2076 3712 sinit

429 3752 688 3823 quantus
717 3747 950 3803 illorum
981 3747 1145 3801 dolor
1171 3745 1407 3801 futurus
1430 3745 1506 3800 sit
1542 3745 1643 3817 qui
1703 3745 2071 3816 puniuntur;

436 3846 493 3896 et
522 3839 677 3911 quod
696 3837 1036 3909 homogenai
1064 3840 1284 3891 naturae
1316 3836 1392 3891 sit
1422 3833 1523 3908 qui
1553 3834 1846 3890 cruciatur
1874 3834 2071 3901 homo,

434 3932 841 4003 quantumque
872 3942 1176 3981 mcerorem
1197 3924 1501 3980 contrahat
1524 3941 1537 3991 ;
1562 3927 1619 3978 et
1647 3923 1802 3995 quod
1832 3922 2072 3980 misera-

432 4026 528 4077 tor
556 4018 758 4074 alienae
790 4014 1142 4071 calamitatis
1206 4014 1356 4069 Deus
1389 4028 1662 4085 magnam
1721 4017 1883 4084 paret
1924 4030 2073 4068 saevo

430 4107 659 4167 homini
683 4121 913 4177 poenam
945 4107 1119 4175 atque
1166 4102 1503 4156 vindictam.
1565 4100 1779 4157 Acerbe
1834 4100 2071 4173 aliquis,

430 4204 592 4272 puta,
625 4195 878 4268 aliquem
905 4191 1082 4265 virgis
1113 4191 1298 4260 caedit,
1361 4194 1462 4245 aut
1489 4187 1600 4245 alio
1638 4190 1810 4246 modo
1868 4190 2072 4263 plagas

430 4286 683 4360 imponit
710 4284 933 4355 iujusta
963 4282 1053 4337 ira
1105 4284 1435 4335 commotus
1467 4295 1481 4334 :
1514 4295 1644 4334 ecce
1674 4278 1827 4335 idem
1877 4295 2070 4351 reper-

426 4377 647 4433 cutitur
673 4373 1049 4443 vicissimque
1109 4369 1396 4442 pulsatur,
1455 4367 1599 4423 febri
1658 4371 1817 4439 puta,
1875 4367 2070 4423 dolore

425 4466 657 4539 capitis,
691 4461 1007 4536 paroxismi
1039 4459 1298 4528 horrore,
1334 4456 1533 4512 aliisve
1582 4456 1856 4529 gravibus
1906 4456 2069 4512 inﬁr-

425 4555 733 4611 mitatibus
766 4568 780 4607 :
816 4556 874 4606 et
901 4554 1117 4621 quanto
1177 4546 1477 4603 molestior
1531 4544 1663 4601 aliis
1718 4545 1847 4614 fuit,
1908 4550 2068 4602 tanto

2182 3387 2236 3443 έν
2279 3392 2348 3462 τῇ
2394 3388 2619 3462 τοιαύτῃ
2669 3387 2833 3461 μανίᾳ
2878 3390 2913 3457 ἡ
2960 3387 3163 3459 ταύτης
3206 3388 3352 3463 ὁρμή
3401 3386 3684 3463 κατισχύει
3724 3393 3838 3443 τῶν

2185 3474 2413 3546 ὀδυνῶν,
2478 3475 2620 3532 οὕτω
2671 3476 2761 3531 καὶ
2814 3476 2877 3531 τὸ
2931 3480 3028 3531 τοῦ
3085 3480 3262 3550 θυμοῦ
3316 3475 3619 3551 άκράτητον
3678 3476 3836 3531 ἀναι-

2182 3568 2395 3636 σθητεῖν
2449 3564 2575 3629 τοὺς
2639 3565 3012 3639 βουλομένους
3069 3567 3185 3639 (12)
3244 3566 3636 3642 παρασκευάζει
3693 3566 3839 3642 πρὸς

2181 3655 2275 3716 τὰς
2328 3651 2603 3727 κολάσεις,
2660 3653 2751 3708 καὶ
2809 3650 2960 3708 οὐδὲν
3023 3651 3214 3730 ἀφίησι
3270 3658 3412 3708 νοεῖν
3457 3652 3588 3723 ὅσην
3641 3650 3839 3729 ἔχουσι

2183 3740 2363 3813 λύπην
2396 3743 2447 3797 oi
2477 3740 2863 3815 κολαζόμενοι·
2898 3741 2988 3797 καὶ
3018 3740 3103 3797 ὅτι
3131 3748 3231 3811 τῆς
3258 3741 3424 3812 αὐτῆς
3456 3741 3567 3797 έστι
3617 3742 3839 3821 φύσεως

2182 3832 2211 3885 ὁ
2258 3830 2625 3905 κολαζόμενος
2672 3831 2954 3907 ἄνθρωπος
2990 3874 3005 3899 ,
3053 3830 3143 3885 καὶ
3190 3830 3364 3901 πόσην
3421 3830 3680 3904 ὑπομένει
3729 3832 3836 3900 τὴν

2182 3918 2385 3993 λύπην,
2417 3921 2506 3975 καὶ
2554 3919 2703 3983 ὅπως
2752 3920 2780 3974 ὁ
2820 3920 3110 3993 συμπαθὴς
3156 3919 3285 3981 Θεὸς
3335 3917 3583 3994 μεγάλην
3635 3919 3843 3995 ἐπάγοι

2180 4012 2297 4065 κατ’
2355 4008 2518 4065 αὐτοῦ
2573 4010 2673 4078 τήν
2731 4008 2998 4085 τιμωρίαν
3055 4029 3116 4063 τε,
3188 4008 3279 4064 καὶ
3354 4006 3652 4078 ἐκδίκησιν·
3715 4010 3837 4065 οἷον

2182 4096 2341 4173 ἕτυψέ
2395 4120 2478 4162 τις
2533 4098 2623 4153 καὶ
2682 4094 2854 4173 ἕδειρέ
2907 4119 3029 4153 τινα
3081 4102 3294 4173 πικρῶς
3338 4094 3428 4152 διὰ
3476 4092 3702 4173 ῥάϐδου,
3740 4098 3841 4154 καί

2178 4188 2380 4264 τρόπον
2434 4184 2617 4262 ἓτερον
2661 4186 3028 4262 ἐμαστίγωσεν
3084 4186 3187 4241 ὑπὸ
3216 4183 3418 4262 ἀλόγου
3467 4187 3646 4260 θυμοῦ
3683 4208 3840 4258 κινη-

2181 4276 2309 4341 θείς·
2371 4275 2691 4355 ἀντετύφθη,
2753 4272 3064 4350 ἆντεπλήγη
3139 4275 3243 4329 ὑπὸ
3313 4279 3546 4351 πυρετοῦ
3606 4276 3777 4351 τυχὸν
3817 4320 3836 4346 ,

2181 4366 2283 4421 ὑπὸ
2334 4362 2575 4444 κεφαλῆς
2634 4363 2859 4439 ἄλγους,
2924 4364 3027 4418 ὑπὸ
3084 4362 3272 4440 ῥίγους
3317 4363 3407 4419 καὶ
3466 4363 3569 4419 ὑπὸ
3629 4365 3835 4439 ἑτέρων

2182 4454 2433 4530 μεγάλων
2502 4453 2782 4508 ἀσθενειῶν
2809 4470 2821 4483 ·
2878 4450 2967 4508 ὅτε
3009 4448 3067 4507 δὲ
3120 4451 3287 4507 πλέον
3339 4473 3394 4507 τι
3441 4451 3833 4526 έκακοποίησε,

2176 4543 2265 4598 καὶ
2321 4542 2551 4599 πλείονα
2622 4540 2890 4616 τιμωρίαν
2956 4540 3047 4596 καὶ
3119 4539 3318 4614 ἄμυναν
3384 4535 3653 4597 ἀπέλαϐεν
3720 4542 3836 4597 ἀπὸ

423 4644 749 4716 graviorem
781 4638 1016 4696 talionis
1039 4653 1268 4709 poenam
1294 4652 1326 4690 a
1350 4634 1601 4690 Numine
1649 4634 1843 4690 refert.
1902 4635 2065 4701 Quod

2182 4636 2329 4688 Θεοῦ.
2390 4630 2453 4686 Ei
2512 4628 2571 4685 δὲ
2621 4630 2690 4685 τά
2741 4636 2843 4699 τῆς
2895 4627 3052 4700 δίκης
3092 4628 3154 4684 ού
3184 4628 3473 4703 παρευθὺς,
3508 4627 3670 4686 δώσει
3727 4631 3835 4699 τὴν

423 4733 472 4787 si
503 4733 701 4788 minus
731 4731 844 4786 cito
861 4728 1176 4783 vindictam
1208 4725 1522 4796 experitur,
1584 4727 1835 4780 attamen
1871 4723 2063 4796 inspe-

421 4825 545 4877 rato
572 4826 830 4891 tempore
860 4833 1063 4889 pmnas
1093 4814 1232 4869 luet.
1259 4813 1482 4884 Quippe
1506 4812 1687 4866 sacris
1731 4811 2065 4884 divinisque

421 4909 674 4965 oraculis
730 4908 1135 4969 admonemur,
1187 4902 1300 4957 alio
1354 4917 1461 4956 nos
1516 4904 1777 4972 tempore
1824 4916 2060 4972 peccare

419 4996 744 5066 solere,alio
777 4994 909 5050 facti
944 4992 1266 5048 mercedem
1300 4990 1572 5061 recipere,
1604 4988 1783 5043 veluti
1828 4993 2061 5061 propter

419 5101 602 5141 caecus
634 5082 985 5141 Gabaonilas
1018 5083 1228 5135 famem
1260 5077 1800 5149 deincepscoortam
1818 5078 2059 5133 scimus.

416 5172 576 5237 Quod
613 5174 660 5229 si
695 5172 826 5244 quis
886 5172 1029 5226 forte
1086 5184 1188 5240 per
1240 5167 1419 5239 hujus
1486 5166 1770 5238 temporis
1828 5167 2059 5238 lapsum

416 5260 684 5334 impunis
714 5260 905 5330 fuerit,
938 5259 1093 5314 idem
1120 5263 1317 5312 tamen
1350 5255 1409 5310 in
1436 5254 1563 5310 vitae
1595 5254 1844 5310 termino
1877 5255 2061 5312 multo

487 5388 600 5460 (11)
633 5382 1219 5460 Quantoperevirum
1251 5379 1908 5460 principemiracund‘i‘a
1955 5380 2060 5460 de-

413 5449 935 5529 deccat,sapienter
963 5454 1222 5529 disputat
1248 5449 1459 5506 Cicero'
1483 5451 1554 5529 iri
1572 5450 1788 5529 iusigni
1816 5449 2058 5529 illa‘epif

408 5530 557 5586 stola
587 5522 660 5586 ad
690 5522 758 5593 Θ,
814 5522 1075 5595 fratrem,
1108 5525 1134 5579 1
1168 5541 1181 5592 ;
1227 5538 1451 5578 necnon
1508 5522 1726 5579 Tuscul
1767 5538 1841 5589 Iv,
1872 5522 2056 5593 22,'et

406 5602 484 5658 De
509 5619 625 5675 rep.
660 5618 723 5668 II,
755 5601 880 5675 41ε,
1096 5664 1110 5675 ,
1214 5668 1241 5675 η
1329 5664 1339 5675 ,
1673 5666 1688 5675 ,
1795 5668 1805 5675 .
1847 5664 1857 5675 .

477 5664 589 5747 (12)
622 5664 906 5747 Ιῑιιίροιά.
950 5684 1055 5742 pro
1087 5664 1498 5742 ὀργιζομένους,
1577 5666 1692 5722 uod
1722 5664 1901 5722 estin
1964 5679 2056 5742 ge.

406 5742 592 5808 nu'ina
619 5742 900 5807 oratione.

2175 4719 2443 4797 τιμωρίαν
2516 4720 2631 4774 καθ’
2687 4719 2746 4774 ’ὀν
2808 4718 2870 4774 ού
2925 4719 3179 4793 γινώσκει
3236 4718 3421 4795 καιρόν
3459 4741 3470 4753 ·
3529 4717 3717 4796 ὥσπερ
3772 4718 3833 4775 ἐν

2174 4814 2292 4871 τοῖς
2351 4809 2517 4873 θείοις
2573 4807 2662 4863 καὶ
2719 4808 2887 4884 ἱεροῖς
2936 4804 3152 4882 λογίοις
3200 4806 3473 4881 ἀκούομεν
3528 4807 3622 4863 καὶ
3681 4805 3841 4863 διδα-

2175 4897 2432 4971 σκόμεθα,
2463 4896 2548 4952 ὅτι
2595 4895 2647 4951 έν
2697 4894 2893 4958 ἄλλοις
2940 4894 3201 4970 πταίομεν
3231 4902 3463 4973 καιροῖς,
3514 4895 3565 4952 έν
3628 4894 3835 4960 ἄλλοις

2174 4982 2635 5060 ἀπολαμϐάνομεν
2673 5008 2685 5021 ·
2743 4986 2921 5062 ὥσπερ
2974 4983 3194 5058 οἷ’δαμεν
3253 4986 3356 5041 ὑπὸ
3404 4984 3576 5060 λιμοῦ
3623 4987 3834 5041 παθόν-

2171 5098 2267 5139 τας
2296 5076 2385 5131 xui
2433 5074 2558 5137 τοὺς
2605 5069 2947 5135 Γαϐαωνίτας
2993 5076 3124 5148 (13).
3158 5074 3227 5129 Ei
3277 5071 3320 5129 δ’
3363 5072 3495 5137 ἴσως
3536 5080 3636 5131 τοῦ
3683 5075 3832 5152 χρό-

2172 5187 2263 5220 νου
2318 5164 2757 5241 παρατρέχοντος
2812 5162 3163 5238 ἀτιμώρητος
3219 5163 3507 5240 φαίνεται,
3568 5163 3699 5221 ἀλλ’
3768 5163 3833 5220 ἐν

2170 5259 2248 5327 τῷ
2275 5252 2420 5309 τέλει
2473 5261 2573 5324 τῆς
2624 5258 2769 5322 ζωῆς
2800 5250 3258 5309 πολλαπλασίονα
3313 5252 3671 5323 ὑποστήσεται
3731 5254 3835 5308 καὶ

2242 5378 2355 5450 (13)
2419 5376 2569 5433 Male
2642 5376 2988 5450 explicavit_
3031 5377 3457 5449 Metaphrastes
3528 5377 3821 5450 Nicepho-

2242 5395 2355 5450 (15)
2420 5395 2569 5433 male
2646 5395 2951 5504 explicant
3031 5395 3457 5449 metaphrasws
3528 5395 3805 5450 Nicepho-

2170 5449 2431 5523 rum,qui_
2459 5455 2611 5505 recte
2640 5448 2716 5523 ha
2759 5454 2815 5523 et
2844 5447 2872 5501 ὁ
2907 5446 3038 5523 ὑπὲρ
3052 5450 3159 5502 τῶν
3195 5453 3554 5523 Γαοαωνιτων
3587 5445 3805 5523 λιμόῦξ

2171 5518 2546 5577 consentiens
2620 5518 2893 5575 videlicet
2967 5518 3100 5574 cum
3177 5536 3344 5576 sacra
3424 5518 3682 5576 Historia
3758 5520 3819 5576 II

2172 5594 2310 5664 Reg.
2344 5608 2462 5666 xx1_,
2493 5592 2538 5666 i.
2564 5592 2683 5663 Ego
2714 5592 2896 5666 igitur
2933 5591 2991 5666 i_n
3026 5592 3502 5666 interpretatione
3533 5591 3828 5666 Nicepho-

2170 5661 2301 5721 rum
2333 5661 2516 5723 malui
2543 5661 2722 5737 quam
2742 5661 3212 5737 Metaphrastem
3268 5663 3466 5738 sequi.
