4096 6418
200 477 315 537 621

1355 474 1648 534 ORATIO
1693 472 1794 533 DE
1841 470 2069 532 REGIS
2114 470 2464 533 OFFlCllS.

3494 483 3612 539 622

195 603 361 661 δώσει
408 606 510 672 τήν
558 604 852 679 τιμωρίαν.
893 603 1036 664 Τέως
1082 622 1143 678 γε
1194 603 1300 675 μὴν
1352 601 1413 656 οὐ
1465 599 1686 657 δυνατὸν
1734 599 1855 656 δια-

1974 605 2165 673 majus
2196 604 2553 675 supplicium
2586 604 2827 660 subibit.
2859 606 3099 661 [nterim
3126 623 3256 662 vero
3284 608 3433 664 haud
3470 611 3613 666 eil‘u-

196 700 382 771 φυγεῖν
441 694 600 748 αὐτὸν
669 694 731 747 τὸ
788 694 935 769 παρά
990 693 1203 747 πάντων
1266 696 1556 763 μισεῖσθαι·
1604 690 1697 745 κᾶν
1760 688 1850 744 διὰ

197 780 406 839 δειλίαν
456 783 508 837 οἱ
560 786 839 855 μισοῦντες
888 780 951 836 οὐ
1003 778 1300 835 δεικνύουσι
1335 780 1400 834 τὸ
1434 784 1612 852 μῖσος,
1643 777 1768 833 ἀλλ’
1796 778 1846 832 ἐν

194 870 279 945 τῷ
332 875 556 948 κρυπτῷ
611 877 710 940 τῆς
760 870 948 945 ψυχῆς
1006 870 1095 924 καὶ
1153 869 1204 923 έν
1264 874 1377 930 τοῖς
1466 866 1847 944 διαλογισμοῖς

196 956 392 1036 ἔχουσι
427 961 542 1015 κατ’
591 959 775 1016 αὐτοῦ.
822 956 1112 1014 Καταπολὺ
1165 955 1223 1013 δέ
1290 957 1399 1012 ἐστι
1462 955 1709 1012 καλλίων
1758 957 1849 1011 καὶ

200 1048 629 1125 ὠφελιμώτερος
661 1049 688 1103 ὁ
721 1046 810 1102 διὰ
840 1050 940 1117 τήν
968 1046 1321 1123 χρηστότητα
1348 1053 1447 1115 τῆς
1482 1047 1711 1122 γνώμης
1760 1047 1849 1101 καὶ

198 1139 301 1205 τὴν
337 1138 542 1193 σύνεσιν
572 1137 662 1192 καὶ
698 1137 797 1204 τήν
846 1136 1042 1212 ἀρετὴν
1088 1134 1192 1189 ἀπὸ
1240 1142 1435 1204 κοινῆς
1482 1135 1713 1209 γνώμης
1766 1136 1849 1189 αἱ·

202 1226 356 1302 ρετὸς
390 1224 642 1302 βασιλεὺς
670 1229 769 1280 τοῦ
818 1222 907 1279 διὰ
953 1225 1014 1278 τὸ
1059 1223 1380 1279 κολαστικὸν
1427 1223 1515 1278 καὶ
1564 1223 1625 1278 τὸ
1675 1222 1847 1298 βίαιον

200 1310 441 1392 φοϐεροῦ
490 1313 837 1392 φαινομένου·
897 1314 989 1367 τὸν
1055 1312 1150 1385 μὶν
1220 1312 1319 1388 γὰρ
1404 1311 1510 1366 ἀπὸ
1568 1309 1852 1374 διαθέσεως

200 1402 291 1459 καί
339 1404 573 1479 γνώμης
628 1404 813 1471 κοινῆς
873 1402 1082 1476 αἱρετὸν
1143 1398 1369 1476 βασιλέα
1435 1400 1525 1455 καὶ
1604 1402 1853 1475 ἀγαπῶσι

197 1492 292 1547 καὶ
340 1493 453 1566 μετ’
506 1491 718 1554 εὐνοίας
766 1485 1081 1568 φοϐοῦνται·
1104 1489 1196 1544 τὸν
1259 1487 1317 1544 δὲ
1362 1488 1684 1544 κολαστικὸν
1735 1488 1851 1544 ἐπι-

200 1583 439 1654 θυμοῦσι
486 1577 691 1658 σφόδρα
737 1578 1035 1657 ἐκφεύγειν.
1088 1583 1215 1640 Πῶς
1287 1576 1334 1633 δ’
1389 1575 1447 1632 ἄν
1504 1599 1587 1640 τις
1640 1576 1852 1633 δύναιτο

200 1668 404 1746 λέγειν,
437 1668 611 1739 πόσην
655 1665 772 1744 ἔχει
816 1668 914 1736 τήν
966 1665 1360 1742 ἀσχημοσύνην
1394 1667 1421 1720 6
1467 1664 1742 1742 βασιλεὺς,
1776 1667 1852 1721 εἴ·

198 1779 304 1835 περ
358 1760 621 1832 θυμοῦται
676 1754 972 1832 άκράτητα,
1005 1755 1095 1810 καὶ
1145 1755 1207 1809 οὗ
1265 1757 1470 1826 συνήθη
1502 1757 1722 1827 ποιήσει
1750 1757 1849 1826 τὴν

201 1851 389 1923 ψυχὴν
453 1846 616 1901 αὐτοῦ
677 1843 960 1919 ὑπομένειν
1024 1844 1115 1900 καὶ
1180 1843 1429 1920 κατέχειν
1477 1846 1540 1899 τὸ
1595 1849 1702 1919 πῦρ
1755 1849 1852 1899 τοῦ

199 1940 416 2009 θυμοῦ;
478 1935 643 1991 ὁπότε
688 1937 723 2004 ἡ
754 1932 952 1989 τούτου
1005 1931 1142 2011 φλὸξ
1193 1933 1416 1988 ἀνάπτει
1476 1935 1575 2003 τήν
1627 1930 1848 2009 καρδίαν
1887 1975 1933 2039 Β

200 2025 292 2080 καὶ
353 2022 660 2102 άναφλέγει,
692 2027 789 2078 τοῦ
834 2022 957 2097 περὶ
1004 2023 1104 2091 τήν
1153 2019 1374 2099 καρδίαν
1424 2021 1652 2095 α’ίματος
1696 2043 1854 2099 περι-

203 2114 421 2183 ζέοντος
502 2114 592 2167 καὶ
677 2113 1104 2187 ταραττομένου.
1170 2111 1222 2166 ἐν
1280 2112 1385 2187 γὰρ
1440 2117 1558 2175 τοῖς
1614 2112 1856 2187 ἀγγείοις

195 2207 299 2257 τοῦ
354 2202 608 2276 σώματος
672 2200 737 2254 τὸ
793 2201 931 2273 αἷμα
986 2199 1515 2276 στενοχωρούμενον,
1576 2200 1666 2255 καὶ
1721 2201 1857 2277 πρὸς

194 2293 300 2360 τὴν
384 2288 485 2363 Ege)
553 2288 858 2366 ἐπιφάνειαν
936 2288 1255 2365 βιαζόμενον
1328 2291 1567 2365 τρέχειν,
1616 2289 1680 2343 τὸ
1756 2290 1850 2362 μὲν

192 2379 492 2455 πρόσωπον
546 2377 874 2454 ὠγκωμένον
931 2382 1099 2447 ποιεῖ,
1128 2377 1219 2431 καὶ
1275 2376 1381 2432 ἀπὸ
1412 2376 1683 2433 ἀναιδείας
1726 2376 1853 2453 έρυο

195 2467 349 2544 θρόν·
378 2466 493 2522 εἶτα
537 2465 627 2521 καὶ
687 2464 883 2539 μέλαν,
910 2469 1007 2520 τοῦ
1055 2462 1256 2520 λοιποῦ
1313 2466 1565 2538 σώματος
1620 2464 1853 2521 κλονου-

201 2557 367 2629 μὲνου
435 2576 495 2610 τε
556 2554 646 2609 καὶ
711 2554 1131 2628 ταραττομένου·
1194 2553 1320 2616 τοὺς
1398 2551 1456 2609 δὲ
1533 2553 1853 2633 ὀφθαλμοὺς

198 2640 515 2720 προειδεῖς
563 2642 653 2697 καὶ
702 2640 1033 2720 φλογώδεις,
1065 2642 1154 2697 καὶ
1204 2640 1352 2704 οἵους
1396 2647 1503 2698 τῶν
1548 2640 1851 2719 δρακόντων

200 2732 494 2806 ἀκούομεν,
543 2731 785 2794 ἀτάκτως
830 2730 921 2786 καὶ
972 2736 1211 2808 συνεχῶς
1261 2733 1611 2806 κινουμένους
1659 2752 1718 2787 τε
1765 2730 1856 2786 καί

200 2818 618 2892 ἀναπηδῶντας,
648 2820 738 2875 καὶ
768 2821 896 2883 τοὺς
940 2819 1175 2883 οἷ’κείους
1216 2819 1376 2896 ὅρους
1426 2819 1675 2899 ἐκφυγεῖν
1727 2821 1852 2896 βου-

203 2909 499 2985 λομένους
556 2910 656 2979 τὴν
745 2905 802 2963 δὲ
886 2909 1067 2986 φωνὴν
1152 2908 1240 2963 ἐπὶ
1301 2910 1440 2984 μέγα
1490 2908 1704 2982 έξαίρει“
1764 2910 1853 2963 καὶ

199 2998 331 3061 τοὺς
391 2996 597 3071 λόγους
650 2996 912 3058 ἀτάκτους
968 2996 1058 3051 καὶ
1120 2998 1196 3070 μὴ
1248 2994 1553 3068 δηλοῦντας
1581 3002 1731 3053 ποιεῖ
1761 3018 1853 3052 σα-

203 3092 321 3165 φῶς
351 3087 418 3140 τὰ
472 3084 760 3161 λεγόμενα,
793 3082 883 3139 διὰ
907 3086 970 3139 τὸ
999 3084 1143 3140 πολὺ
1199 3093 1299 3155 τῆς
1359 3086 1546 3163 ὀργῆς,
1582 3084 1852 3148 Βασιλέως

200 3174 386 3231 τοίνυν
436 3174 579 3230 οὕτω
622 3171 987 3247 διακειμένου,
1030 3176 1279 3244 ποταπὴν
1328 3173 1569 3244 οίήοεταί
1616 3196 1697 3237 τις
1750 3176 1852 3243 τὴν

200 3265 524 3320 κατάστασιν
581 3270 683 3333 τῆς
739 3262 933 3318 τούτου
990 3265 1209 3339 ψυχῆς
1269 3264 1358 3326 Ὡς
1416 3263 1691 3339 εὐστόχως
1751 3261 1853 3339 ἄρα

1957 710 2089 762 gere
2114 699 2302 763 potest
2335 693 2658 748 universale
2690 694 2889 747 odium
2920 712 2932 749 :
2968 697 3239 765 quamvis
3291 698 3447 752 enim
3498 698 3612 753 ini-

1960 780 2090 835 mici
2122 780 2249 849 ejus
2282 781 2603 836 retinentur
2635 785 2790 836 metu
2822 782 3141 853 quominus
3171 784 3371 840 odium
3403 785 3598 842 decla-

1960 873 2106 936 rent,
2165 867 2223 921 in
2277 868 2608 924 animorum
2660 872 2851 925 tamen
2905 887 3115 926 arcano
3193 873 3601 947 mentiumque

1959 955 2377 1012 latebris‘iram
2407 956 2620 1012 fovent.
2656 957 2836 1013 Valde
2869 975 3004 1031 ergo
3032 966 3269 1031 praestat
3319 970 3598 1035 opportu-

1958 1042 2205 1116 niorque
2235 1050 2324 1101 est
2354 1046 2472 1101 leni
2501 1046 2696 1102 animo
2727 1047 3003 1118 praeditus
3036 1064 3155 1115 rex,
3188 1050 3288 1121 qui
3321 1052 3395 1106 ob
3425 1069 3595 1108 suam

1958 1133 2332 1204 prudentiam
2382 1137 2555 1207 atque
2617 1136 2896 1191 virtutem
2963 1138 3262 1193 communi
3329 1141 3608 1214 suffragio

1959 1226 2189 1278 creatus
2221 1222 2411 1290 fuerit,
2464 1240 2642 1295 quam
2691 1225 2791 1296 qui
2850 1224 3157 1297 suppliciis
3216 1244 3282 1281 ac
3332 1229 3609 1285 violentia

1957 1313 2328 1367 tremendum
2361 1328 2423 1367 se
2478 1312 2694 1367 fecerit.
2749 1313 2977 1369 Etenim
3038 1331 3235 1387 regem
3294 1334 3363 1372 ex
3423 1319 3606 1374 animi

1960 1401 2250 1455 sententia
2279 1401 2692 1473 communique
2720 1406 2851 1457 voto
2895 1403 3187 1460 delectum
3242 1412 3445 1463 amant
3483 1426 3609 1465 om-

1960 1505 2084 1560 nes,
2115 1493 2171 1544 et
2200 1507 2333 1546 cum
2366 1490 2767 1546 benevolentia
2792 1496 3069 1547 verentur
3097 1511 3110 1562 ;
3142 1511 3361 1551 saevum
3411 1513 3607 1569 regem

1960 1593 2311 1649 magnopere
2340 1583 2684 1635 aversantur
2712 1584 2890 1650 atque
2920 1581 3199 1639 devitant.
3237 1584 3377 1647 Quis
3410 1589 3606 1641 autem

1961 1666 2107 1721 satis
2137 1666 2327 1723 dicere
2376 1671 2569 1738 queat,
2629 1684 2808 1739 quam
2865 1673 3035 1741 turpe
3092 1671 3169 1726 sit
3226 1689 3422 1744 regem
3481 1674 3609 1731 sine

1963 1756 2133 1811 modo
2163 1756 2261 1810 irae
2291 1755 2615 1828 indulgere,
2648 1771 2841 1829 neque
2871 1757 3136 1815 animum
3168 1777 3346 1816 suum
3377 1763 3448 1817 ad
3506 1779 3608 1834 pa-

1962 1843 2228 1900 tientiam
2251 1845 2657 1901 consuefacere
2683 1849 2857 1917 atque
2878 1847 2949 1902 ad
2978 1848 3336 1905 cohibendas
3367 1850 3608 1907 iracun-

1965 1933 2071 1988 diae
2093 1933 2409 1989 ﬂammas?
2438 1933 2705 1990 videlicet
2742 1951 2877 1990 cum
2928 1936 3110 2006 hujus
3157 1940 3331 1994 ardor
3376 1940 3605 1995 viscera

1965 2022 2226 2076 incendit
2254 2028 2430 2093 atque
2459 2023 2719 2093 perurit;
2753 2040 3010 2095 cumque
3040 2026 3286 2098 sanguis
3316 2030 3470 2083 circa
3509 2045 3608 2084 cor

1966 2111 2141 2167 fervet
2185 2128 2251 2166 ac
2299 2112 2711 2169 tumultuatur.
2764 2113 2987 2184 Quippe
3034 2114 3092 2168 in
3144 2116 3404 2188 corporis
3451 2118 3609 2173 vasis

1966 2214 2338 2271 compressus
2390 2200 2630 2271 sanguis
2679 2205 2853 2272 atque
2901 2202 2972 2256 ad
3021 2203 3173 2258 cutis
3240 2204 3607 2274 superﬁciem

1965 2303 2310 2343 concurrere
2341 2288 2603 2359 adactus,
2637 2288 2864 2342 vultum
2892 2289 3128 2359 quidem
3162 2291 3459 2347 tumidum
3490 2293 3611 2348 efﬁ-

1965 2375 2044 2430 cit
2072 2375 2562 2448 impudenterque
2604 2377 2951 2445 rubentem;
3003 2382 3131 2433 tum
3184 2379 3359 2434 etiam
3410 2380 3610 2454 nigros

1965 2462 2187 2518 colores
2220 2462 2419 2530 trahit,
2452 2469 2507 2519 et
2527 2480 2740 2535 corpus
2770 2464 3061 2536 reliquum
3096 2466 3360 2538 quatitur
3389 2471 3447 2524 et
3494 2473 3608 2524 tre-

1967 2551 2197 2607 miscit:
2232 2550 2379 2606 oculi
2412 2552 2566 2624 ignei
2597 2551 2989 2621 ﬂammeique,
3022 2553 3225 2625 quales
3247 2557 3606 2628 serpentium

1964 2656 2092 2695 esse
2122 2640 2420 2707 audimus,
2451 2640 2833 2712 incomposite
2855 2646 3249 2714 perpetuoque
3272 2648 3600 2716 moventur,

1962 2728 2051 2784 vel
2082 2729 2276 2800 potius
2307 2730 2623 2802 agitantur,
2659 2731 2903 2802 suisque
2957 2731 3196 2787 sedibus
3246 2732 3477 2789 exsilire
3521 2734 3607 2789 vi-

1964 2818 2210 2873 dentur:
2242 2834 2351 2873 vox
2381 2834 2732 2890 magnopere
2756 2818 3114 2876 intenditur:
3169 2836 3363 2877 sermo
3414 2838 3605 2893 neque

1963 2906 2273 2961 verborum
2329 2906 2681 2962 sententiam
2731 2911 2928 2977 aperte
2987 2907 3349 2980 signiﬁcans,
3420 2925 3608 2981 neque

1964 2994 2291 3063 ordinatus,
2338 2994 2424 3049 ira
2471 2994 2656 3051 nimia
2701 2995 3074 3067 impediente.
3126 2997 3270 3052 Cum
3328 3013 3462 3070 ergo
3509 3014 3610 3054 rex

1964 3083 2045 3137 ita
2074 3099 2136 3137 se
2166 3082 2361 3150 habet,
2395 3083 2637 3154 quinam
2668 3083 2777 3138 erit
2807 3083 2987 3138 animi
3018 3085 3144 3155 ejus
3177 3088 3367 3141 status
3388 3086 3414 3140 ?
3439 3086 3609 3141 Recte

1962 3170 2144 3243 igitur
2190 3175 2365 3243 atque
2395 3171 2622 3244 egregie
2651 3172 2798 3227 dixit
2818 3172 3122 3239 Salomon,
3152 3174 3341 3229 virum
3374 3174 3606 3229 iracun-

1962 3260 2103 3315 dum
2134 3276 2246 3315 non
2272 3277 2402 3316 esse
2422 3266 2757 3318 venustum.
2783 3262 3174 3326 Quamobrem
3196 3261 3292 3317 ira:
3311 3264 3612 3334 perturba-

198 3352 290 3408 καὶ
334 3350 517 3413 καλῶς
566 3351 709 3406 εἶπεν
739 3352 768 3406 6
800 3336 1210 3424 Σολομὼν,ὅτι
1256 3348 1518 3425 θυμώδης
1567 3336 1704 3426 άνήρ
1757 3336 1855 3407 οῦκ

1970 3348 2048 3404 tio
2077 3348 2323 3420 indigna
2371 3365 2613 3422 prorsus
2664 3354 2754 3406 est
2801 3351 3104 3421 majestate
3156 3351 3315 3424 regia
3362 3368 3611 3425 eamque

199 3441 505 3516 εὐσχήμων
572 3441 706 3513 (14)’
783 3436 874 3494 διὰ
938 3443 1100 3494 τοῦτο
1164 3440 1254 3495 καὶ
1319 3439 1553 3517 ἀπρεπὲς
1614 3439 1852 3504 καθόλου

196 3528 293 3584 καὶ
328 3528 540 3599 ἀνάξιον
566 3528 630 3584 τὸ
656 3531 754 3583 τοῦ
802 3529 977 3602 θυμοῦ
1025 3526 1198 3592 πάθος
1252 3534 1351 3599 τῆς
1412 3527 1702 3603 βασιλικῆς
1760 3550 1853 3585 κο-

203 3615 530 3691 σμιότητος.

278 3706 353 3762 Δ’.
387 3708 546 3759 Λαῶν
594 3706 935 3781 κοσμήτορες
994 3705 1045 3759 οἱ
1100 3704 1344 3780 βασιλεῖς
1414 3702 1644 3761 ἔκπαλαι
1710 3707 1857 3783 παρὰ

200 3799 312 3850 τῶν
375 3797 556 3871 σοφῶν
615 3791 1025 3867 ὠνομάσθησαν,
1057 3794 1147 3848 καὶ
1206 3793 1463 3868 ποιμένες
1522 3793 1667 3850 λαῶν
1719 3797 1854 3870 (15).

201 3885 262 3938 Ὃ
293 3881 355 3938 δὲ
381 3883 745 3959 προτιμηθείς
783 3882 859 3944 εἰς
914 3880 1311 3956 καλλωπισμὸν
1368 3882 1524 3955 λαοῦ,
1559 3881 1738 3960 ὥσπερ
1803 3882 1854 3942 ἐν

198 3969 481 4043 πολέμοις
537 3972 566 4025 6
624 3970 941 4046 στρατηγὸς,
995 3971 1135 4035 καθὰ
1190 3975 1409 4045 πρῶτος
1462 3970 1713 4047 ἀρχηγὸς
1770 3972 1860 4026 καὶ

204 4058 539 4122 διδάσκαλος
567 4063 673 4114 τῶν
705 4061 879 4129 ἠθῶν,
908 4058 1083 4129 πόσην
1114 4060 1282 4115 πλέον
1324 4064 1432 4114 τῶν
1482 4058 1667 4115 ἄλλων
1717 4058 1861 4139 ὀφεί-

202 4148 291 4205 λει
354 4148 503 4224 ἔχειν
554 4148 713 4210 οὗτος
768 4148 869 4216 τὴν
923 4148 1300 4222 κοσμιόττ,τα;
1350 4147 1521 4219 πόσην
1585 4146 1642 4203 δὲ
1698 4146 1861 4221 έπιμέ

205 4237 362 4293 λειαν
419 4236 511 4292 καὶ
562 4236 688 4311 περὶ
744 4236 812 4291 τὰ
864 4231 1111 4313 πρόϐατα
1166 4238 1195 4291 6
1251 4238 1460 4309 ποιμὴν
1496 4234 1859 4305 ἐνδείκνυται;

209 4327 362 4401 ἄγων
425 4325 522 4399 μὲν
577 4324 663 4379 ἐπὶ
721 4326 893 4398 νομὰς
953 4324 1176 4400 ἀγαθὰς,
1237 4326 1448 4404 τέρπων
1507 4322 1564 4380 δὲ
1620 4325 1709 4380 καὶ
1777 4325 1862 4381 εὐ-

211 4414 455 4492 φραίνων
509 4412 644 4469 αὐτὰ
704 4414 839 4487 μετά
892 4412 1073 4469 αὐλῶν
1127 4415 1217 4469 καὶ
1276 4413 1552 4487 ᾀσμάτωνσ
1612 4414 1673 4469 οὐ
1703 4435 1865 4469 κατα-

213 4500 516 4576 δεσμεύων,
554 4499 679 4557 οὐδὲ
734 4502 954 4571 πιέζων,
1014 4498 1140 4556 οὐδὲ
1194 4496 1423 4574 θλίϐων,
1477 4499 1602 4557 οὐδὲ
1657 4500 1865 4574 λυπῶν,

214 4589 307 4646 διὰ
336 4590 607 4668 πρόφασιν
655 4590 864 4644 αἰτιῶνο
907 4594 1075 4644 ταῦτα
1115 4590 1216 4665 γὰρ
1267 4589 1328 4644 οὗ
1374 4589 1546 4645 καλοῦ
1591 4590 1690 4645 εἰσι
1739 4612 1867 4645 ποι-

1964 3437 2292 3493 dedecorat.

2038 3702 2127 3758 IV.
2160 3704 2274 3759 Rea:
2300 3705 2372 3759 sit
2400 3702 2659 3760 clemens.
2693 3735 2761 3745 -—
2791 3704 3148 3777 Pepulorum
3189 3706 3608 3779 compositores

1966 3791 2107 3847 dicti
2139 3795 2277 3846 sunt
2297 3791 2434 3847 olim
2466 3810 2499 3848 a
2522 3793 2886 3865 sapientibus
2917 3811 3104 3866 reges,
3137 3795 3393 3867 itemque
3422 3801 3609 3868 pasto-

1967 3896 2058 3937 res
2088 3880 2459 3953 populorum.
2488 3882 2619 3937 Jam
2651 3883 2753 3954 qui
2802 3887 2955 3939 recte
3002 3884 3346 3940 instruendo
3393 3885 3607 3958 populo

1968 3970 2316 4042 praepositus
2345 3975 2436 4025 est
2464 3970 2643 4043 (haud
2674 3971 2840 4027 aliter
2870 3989 3048 4044 quam
3080 3973 3138 4028 in
3189 3974 3471 4029 excercitu
3519 3981 3609 4031 est

1972 4059 2329 4131 imperator),
2363 4064 2427 4114 ut
2450 4076 2678 4115 morum
2711 4060 2931 4116 scilicet
2959 4062 3379 4134 antesignanus
3416 4065 3492 4119 sit
3523 4068 3608 4119 at-

1975 4164 2088 4219 que
2118 4146 2414 4219 magister,
2455 4152 2734 4218 quantum
2793 4149 2843 4204 is
2901 4166 3199 4223 quamque
3256 4153 3610 4223 praecipuam

1972 4235 2154 4291 moris
2184 4236 2401 4308 proprii
2433 4236 2915 4307 compositionem
2947 4255 3063 4309 pra:
3094 4255 3155 4294 se
3202 4240 3349 4295 ferre
3398 4240 3614 4295 debet?

1974 4330 2095 4396 Age
2124 4324 2206 4380 sis
2228 4324 2533 4380 considera
2563 4330 2840 4395 quantam
2862 4326 3055 4398 gregis
3077 4328 3167 4381 sui
3190 4345 3391 4382 curam
3416 4332 3617 4398 pastor

1975 4413 2298 4484 expromit:
2332 4431 2406 4468 au
2439 4414 2733 4485 pastiones
2764 4415 2970 4470 uberes
3002 4416 3182 4483 ducit,
3223 4416 3421 4471 ﬁstula
3473 4433 3614 4471 can-

1977 4507 2157 4574 tuque
2189 4502 2440 4558 oblectat
2469 4508 2525 4556 et
2556 4508 2810 4571 recreat;
2844 4520 3029 4574 neque
3052 4521 3220 4575 porro
3241 4505 3487 4559 vinculis
3507 4504 3617 4559 im-

1981 4592 2155 4663 pedit,
2190 4608 2379 4662 neque
2417 4596 2603 4657 vexat,
2653 4608 2842 4662 neque
2887 4591 2972 4646 illi
3020 4592 3325 4664 culparum
3377 4595 3617 4648 obtentu

218 4679 401 4754 μένος,
457 4676 584 4734 οὐδὲ
638 4679 775 4734 κατά
828 4679 918 4733 τὸν
969 4678 1318 4754 εὐαγγελικὸν
1374 4680 1598 4754 ὁρισμὸν
1665 4680 1858 4734 τιθέναι

1978 4679 2170 4752 gravis
2202 4679 2552 4735 molestusve
2584 4684 2691 4735 est.
2725 4680 2850 4734 Non
2882 4681 3038 4735 enim
3089 4681 3146 4735 id
3192 4681 3326 4736 boni
3370 4680 3621 4754 pastoris

208 4770 312 4837 τήν
374 4769 560 4843 ψυχὴν
610 4767 743 4843 ὑπὲρ
792 4774 894 4837 τῆς
952 4767 1193 4841 ποίμνης
1224 4764 1678 4841 πεπαιδευμένου.
1714 4768 1784 4822 Τὸ
1814 4766 1872 4823 δὲ

215 4859 296 4932 μή
356 4855 641 4925 λυπεῖσθαι
696 4855 783 4911 ἐπὶ
830 4859 898 4930 τῇ
928 4854 1277 4932 ταλαιπωρίᾳ
1337 4856 1428 4911 καὶ
1487 4860 1555 4930 τῇ
1612 4851 1871 4931 συντριϐῇ

210 4952 327 5002 τῶν
375 4944 725 5023 ἀρχομένων,
753 4951 853 5015 τῆς
902 4941 1023 5015 ἴσης
1073 4945 1162 5000 καὶ
1206 4944 1399 5018 ὁμοίας
1457 4944 1664 5023 φύσεως
1713 4947 1877 5016 ἠξιω-

218 5034 403 5109 μένων
463 5035 609 5109 παρα
664 5038 820 5106 Θεοῦ,
851 5031 998 5088 ἀλλὰ
1044 5032 1329 5110 τέρπεσθαι
1383 5033 1472 5088 καὶ
1523 5034 1736 5110 χαίρειν
1789 5034 1875 5088 ἐπὶ

212 5130 336 5186 τοῖς
393 5123 590 5199 ἑτέρων
646 5128 856 5192 κακοῖς,
890 5121 1081 5196 ὅμοιόν
1143 5122 1253 5177 ἐστι
1312 5130 1413 5192 τῆς
1443 5122 1735 5196 ὠμότητος
1787 5122 1876 5177 καὶ

217 5208 528 5289 θηριωδίας
572 5215 670 5266 τοῦ
727 5206 1153 5285 διαϐεϐοημένου
1212 5210 1417 5266 ἐκείνου
1477 5210 1703 5287 Ἐχέτου
1741 5213 1875 5285 (16).

216 5305 278 5356 '0
309 5299 619 5376 Σέσωστρις
669 5301 697 5354 6
734 5305 841 5355 τῶν
894 5300 1197 5376 Αίγυπτίων
1241 5300 1332 5355 καὶ
1376 5300 1673 5375 ’Δσσυρίων
1726 5297 1879 5355 δυνά-

219 5411 383 5463 στης,
439 5386 694 5466 βασιλέας
749 5387 997 5452 πολλοὺς
1057 5386 1495 5462 δουλωσάμενος,
1528 5386 1719 5466 σχεδὸν
1776 5390 1879 5466 γὰρ

294 5641 414 5712 (14)
444 5639 719 5712 Breverb.
750 5657 829 5709 ιι,
860 5642 1075 5712 25,,ed.
1099 5640 1201 5697 Gr.

296 5642 389 5711 (14
444 5641 719 5696 Proverb.
750 5657 829 5709 ιι,
860 5642 951 5712 25,
985 5642 1075 5697 ed.
1099 5641 1201 5697 Gr.

296 5641 732 5797 (I5LUtraque
790 5711 1103 5797 appellatio
1152 5711 1409 5797 oceu'rrit
1468 5712 1625 5797 apud
1671 5711 1883 5769 Home-

224 5783 405 5846 rum;
420 5783 579 5846 Tum
607 5783 786 5845 etiam
822 5783 885 5843 in
928 5785 1098 5846 Creta
1144 5783 1365 5861 publici
1409 5783 1666 5847 rectores
1711 5799 1882 5845 voca-

1982 4768 2241 4824 otﬁcium
2274 4768 2438 4837 foret,
2474 4783 2661 4839 neque
2690 4768 2817 4837 ejus
2847 4767 2947 4839 qui
2980 4786 3048 4822 ex
3065 4770 3394 4841 evangelica
3416 4787 3625 4825 norma

1985 4873 2087 4929 pro
2117 4872 2289 4929 grege
2324 4856 2579 4911 animam
2614 4872 2826 4928 ponere
2858 4857 3097 4912 edoctus
3130 4857 3259 4912 fuit.
3304 4858 3475 4914 Porro
3525 4876 3625 4914 rex

1985 4946 2083 5017 qui
2116 4944 2551 5000 calamitatibus
2583 4945 3016 5016 angoribusque
3044 4946 3411 5002 subditorum
3434 4947 3626 5003 homi-

1986 5051 2127 5089 num
2160 5050 2274 5088 non
2308 5038 2728 5103 commovetur,
2762 5049 2908 5103 quos
2941 5038 3090 5089 Deus
3121 5034 3483 5106 homogenca
3522 5053 3627 5091 na—

1987 5127 2120 5178 tura
2150 5121 2403 5192 donavit,
2438 5122 2618 5175 immo
2661 5121 2833 5175 etiam
2885 5121 3089 5177 alienis
3138 5124 3367 5178 [natatur
3417 5122 3626 5179 malis:

1987 5211 2102 5277 hic,
2124 5210 2384 5281 inquam,
2415 5226 2513 5265 rex
2538 5209 2610 5264 ab
2641 5209 2799 5265 illius
2832 5210 3157 5283 famigerati
3191 5212 3385 5267 Echeti
3412 5212 3632 5268 smvitia

1990 5299 2370 5369 moribusque
2402 5298 2604 5354 ferinis
2634 5315 2750 5353 non
2783 5299 2967 5354 abest.
3001 5301 3403 5374 [Egyptiorum
3458 5303 3635 5373 Assy-

1991 5387 2331 5459 riorumque
2361 5403 2459 5441 rex
2502 5386 2804 5459 Sesostris,
2858 5388 3057 5445 multis
3106 5389 3346 5446 devictis
3397 5390 3635 5462 regibus

1992 5639 2449 5763 bantur
2477 5634 2717 5692 Aristot.
2740 5636 2812 5692 De
2850 5653 2963 5710 rep.
2997 5655 3059 5709 ιι,
3084 5639 3149 5694 10
3175 5656 3188 5710 ;
3229 5638 3369 5696 item
3400 5636 3522 5694 Cic.
3558 5637 3641 5697 De

1992 5725 2108 5763 rev.
2142 5725 2206 5763 ιι.
2309 5748 2322 5762 .

1992 5725 2108 5782 rep.
2136 5725 2207 5782 ιι,
2233 5725 2322 5782 aq.

2062 5778 2176 5864 (16)
2210 5779 2408 5859 Odyss.
2430 5794 2596 5840 xvm.
2627 5778 2717 5839 84.
