4096 6424
446 465 564 523 623

1699 456 2121 518 NICEPHORI
2171 453 2606 517 BLEMMleE

3723 443 3849 513 694

443 595 781 668 (maximam
815 592 967 647 enim
1002 591 1423 663 propemodum
1475 590 1632 645 orbis
1681 593 1904 660 partem
1957 603 2086 660 per-

2215 587 2262 640 :‘o
2318 585 2577 641 πλεῖστον
2641 584 2801 658 μέρος
2853 588 2951 639 τοῦ
3007 583 3216 657 κόσμου
3284 582 3655 654 ὑπεποιήσατο
3712 587 3848 658 (17).

445 683 694 744 domuit)
727 683 783 736 in
805 686 1035 737 tantum
1061 681 1440 752 impudentia:
1466 678 1889 751 proterviaeque
1910 678 2088 744 venit,

443 778 510 829 ut
539 776 740 844 captos
771 772 843 826 ab
876 788 937 825 se
969 786 1131 842 reges
1156 769 1354 826 currui
1376 768 1765 839 subjunxerit,
1791 766 2093 838 multaque

446 861 740 917 dementia
796 859 1082 928 tumidus,
1144 861 1396 931 desuper
1450 856 1724 913 sublimis
1805 855 2088 923 residens,

451 951 760 1006 brutorum
821 948 1215 1004 animantium
1265 947 1390 1003 loco
1443 946 1682 1018 regibus
1728 945 2089 1012 abuteretur,

448 1044 632 1111 eaque
678 1055 738 1092 re
787 1036 1132 1092 stultissime
1189 1037 1578 1092 oblectaretur
1633 1051 1698 1089 ac
1746 1031 2090 1106 superbiret.

449 1129 599 1182 Tum
628 1143 761 1182 vero
794 1142 926 1180 cum
966 1143 1119 1180 unus
1149 1126 1219 1180 de
1251 1125 1582 1195 subjunctis
1613 1121 1811 1178 currui
1856 1121 2092 1193 regibus

448 1213 674 1270 tardius
731 1213 1039 1283 incederet,
1093 1229 1450 1283 causamque
1491 1209 1875 1266 aSesostride
1926 1225 2093 1280 roga-

447 1307 626 1367 retur,
663 1303 878 1356 idcirco
909 1319 971 1357 se
1004 1303 1084 1357 ait
1113 1302 1505 1367 demoratum,
1538 1300 1675 1370 quia
1706 1299 1776 1353 ad
1831 1301 2093 1352 rotarum

451 1391 858 1446 conversiones
891 1394 1147 1445 mentem
1179 1389 1527 1444 intenderet.
1562 1386 1845 1442 Sesostris
1899 1388 2093 1441 autem

451 1480 628 1550 probe
658 1478 1012 1549 intelligens,
1045 1478 1101 1532 id
1134 1479 1208 1533 ab
1235 1495 1300 1533 eo
1334 1477 1446 1533 sibi
1477 1477 1721 1544 dictum,
1756 1479 1821 1528 ut
1850 1475 2094 1528 fortuna:

452 1567 907 1622 inconstantiam
943 1566 1488 1636 volubilitatemque
1505 1564 1879 1635 significaret,
1900 1562 2099 1616 mitior

455 1656 510 1709 in
528 1661 822 1726 posterum
849 1653 1305 1724 clementiorque
1329 1654 1457 1708 fuit.
1483 1653 1651 1708 Hiero
1673 1652 2095 1723 Syracusanus,

455 1760 791 1816 quanquam
849 1743 1043 1797 invitis
1095 1743 1308 1797 Siculis
1368 1742 1678 1814 imperium
1752 1741 2096 1812 arripuerat,

457 1832 803 1887 nullitamen
824 1832 1294 1887 adversariorum
1321 1831 1602 1885 molestus
1631 1829 1757 1895 fuit,
1783 1833 2096 1901 postquam

457 1921 700 1993 imperio
733 1920 952 1991 potitus
982 1929 1065 1975 est
1095 1939 1108 1987 ;
1145 1920 1280 1991 quia
1331 1919 1512 1974 immo
1544 1917 1840 1991 perpetuis
1869 1933 1966 1972 eos
1999 1917 2096 2025 be-
2130 1960 2178 2025 Β

460 2009 682 2064 neficiis
713 2009 955 2076 ornavit,
990 2013 1164 2078 atque
1195 2012 1256 2062 ut
1288 2008 1447 2062 mitis
1489 2011 1652 2078 pater
1697 2021 1830 2061 cum
1883 2003 2098 2076 populo

460 2103 722 2152 versatus
751 2103 858 2151 est.
919 2097 1062 2169 Ergo
1119 2097 1433 2168 imperium
1493 2112 1679 2150 annos
1739 2099 1989 2165 quatuor
2042 2097 2100 2148 et

461 2185 890 2258 quinquaginta
918 2185 1176 2250 retinuit,
1229 2201 1429 2256 pacem
1464 2183 1662 2256 patria:
1715 2181 2097 2238 conservavit.

461 2275 574 2328 sibi
604 2289 734 2328 vero
765 2273 1023 2343 quietem
1065 2273 1667 2344 imperturbatamque
1703 2270 2098 2339 securitatem,

459 2362 605 2417 Nam
637 2366 695 2416 et
735 2378 849 2416 non
900 2363 1075 2416 semel
1130 2365 1371 2416 conatus
1421 2360 1736 2431 imperium
1789 2359 2098 2430 deponere,

462 2449 876 2505 communibus
910 2447 1104 2520 populi
1137 2447 1404 2519 precibus
1455 2447 1668 2503 vetitus
1701 2447 1828 2502 fuit.
1879 2447 2100 2501 Tantus

463 2543 587 2593 erat
607 2553 746 2609 erga
763 2553 895 2592 eum
920 2538 1287 2592 subditorum
1304 2537 1565 2592 omnium
1583 2535 1778 2592 amor!
1804 2539 2104 2607 propterea

465 2627 619 2697 quod
651 2625 1223 2697 temperantissimus
1255 2630 1410 2680 esset
1432 2630 1488 2680 et
1509 2624 2102 2693 beneficentissimus,

466 2731 815 2785 summaque
848 2715 1168 2786 praesertim
1201 2713 1512 2768 clementia
1545 2713 1847 2785 preditus.
1887 2710 2106 2766 Similis

467 2803 603 2858 huic
628 2803 888 2858 Alcimus
926 2803 1119 2875 Lydus
1169 2803 1316 2857 fuit:
1367 2807 1541 2873 atque
1591 2802 1804 2857 idcirco
1857 2800 1914 2855 in
1969 2815 2108 2872 pace

468 2906 780 2962 rerumque
827 2891 1091 2946 omnium
1122 2890 1289 2962 copia
1319 2891 1591 2946 subditus
1622 2889 1706 2944 illi
1733 2888 1984 2961 populus
2021 2888 2107 2942 vi-

469 2985 588 3034 tam
621 2980 898 3034 traduxit.
938 2980 1199 3051 Septimo
1247 2978 1514 3034 videlicet
1561 2981 1721 3051 regni
1755 2980 1882 3049 ejus
1930 2994 2104 3044 anno,

467 3067 770 3123 celebratis
804 3069 874 3124 ab
907 3069 1178 3124 universa
1207 3072 1377 3139 gente
1408 3067 1684 3137 comitiis,
1718 3071 1782 3122 ut
1811 3067 1929 3122 vita
1955 3066 2108 3138 regis

466 3161 878 3229 prorogaretur
909 3173 1110 3212 omnes
1144 3157 1439 3228 conceptis
1483 3156 1632 3212 votis
1677 3154 1895 3228 precati
1947 3159 2104 3210 sunt.

469 3245 650 3317 Igitur
677 3244 775 3298 ille
803 3245 1080 3300 diuturno
1111 3261 1228 3300 aevo
1261 3243 1593 3309 incolumis,
1637 3243 1809 3315 Lydis
1862 3242 2107 3298 felicita-

2202 673 2289 728 ἐπὶ
2338 680 2590 729 τοσοῦτον
2659 671 2924 735 ἀναιδείας
2972 673 3060 728 καὶ
3106 673 3490 748 ἀναισχυντίας
3540 671 3847 748 ἐχώρησεν,

2201 763 2339 818 ὥστε
2395 762 2521 824 τοὺς
2581 763 2943 836 κρατηθέντας
3010 763 3094 818 ὑπ’
3162 761 3330 818 αὐτοῦ
3400 759 3646 838 βασιλεῖς
3715 763 3851 818 ὑπο·

2204 851 2375 922 ζεύξαι
2426 851 2476 905 ἐν
2545 854 2768 927 ἅρματι,
2823 853 2956 924 μετά
3023 848 3245 921 πολλῆς
3314 850 3570 912 ἀπονοίας
3635 869 3696 906 τε
3759 850 3851 906 καὶ

2203 940 2474 1016 έπάρσεως
2526 939 2702 995 έπάνω
2747 941 2970 1005 καθίσας
3018 939 3217 1009 αὐτῶν,
3261 939 3374 995 ἀντὶ
3432 935 3653 1014 ἀλόγων
3699 940 3853 1008 ζώων

2204 1027 2408 1104 ἐχρῆτο
2455 1035 2571 1090 τοῖς
2646 1027 2944 1101 βασιλεῦσι,
2992 1027 3326 1104 τερπόμενος
3379 1027 3687 1104 ἀλογίστως
3763 1026 3854 1082 καὶ

2204 1117 2599 1190 θρασυνόμενος
2632 1120 2766 1188 (18).
2799 1118 2947 1179 Ἐνὸς
2992 1113 3049 1172 δὲ
3092 1121 3201 1172 τῶν
3250 1116 3664 1193 ὑποζευγμιένων
3719 1117 3854 1192 βρα-

2204 1203 2452 1270 δύνοντος
2505 1206 2642 1278 πρὸς
2689 1207 2788 1274 τὴν
2838 1205 3071 1274 κίνησιν,
3121 1206 3221 1274 τήν
3276 1204 3450 1260 αίτίαν
3501 1203 3780 1281 έρωτήσας
3826 1206 3856 1259 6

2208 1292 2531 1368 Σέσωστρις,
2595 1291 2796 1361 ἤκουσε
2864 1295 2989 1369 παρ’
3056 1292 3281 1361 ἐκείνου,
3331 1291 3418 1348 διὰ
3483 1297 3648 1348 τοῦτο
3719 1293 3854 1368 βρα-

2205 1380 2400 1454 δύνειν,
2433 1382 2515 1436 δτι
2545 1384 2636 1436 τὸν
2691 1381 2954 1458 λογισμὸν
3004 1381 3120 1458 εἶχε
3170 1379 3442 1457 βλέποντα
3487 1383 3587 1452 τήν
3640 1380 3856 1452 κίνησιν

2203 1475 2310 1525 τῶν
2377 1476 2616 1546 τροχῶν.
2683 1464 3012 1525 Καταλαϐὼν
3059 1468 3116 1526 δὲ
3159 1472 3188 1525 6
3244 1469 3548 1547 Σέσωστρις
3613 1469 3696 1525 δτι
3761 1471 3856 1525 τὸν

2204 1564 2449 1614 τοιοῦτον
2503 1559 2668 1634 λόγον
2715 1559 2858 1613 εἶπεν
2907 1558 3077 1631 αὐτῷ,
3123 1559 3186 1613 τὸ
3249 1566 3351 1628 τῆς
3417 1559 3598 1634 τύχης
3661 1555 3857 1629 δηλῶν

2208 1647 2430 1702 ἄστατόν
2488 1669 2545 1702 τε
2602 1649 2691 1702 καὶ
2741 1642 3064 1721 μετάϐολον,
3114 1648 3412 1724 πραότερος
3464 1648 3539 1709 εἷς
3590 1649 3655 1702 τὸ
3731 1648 3860 1717 ἑξῆς

2206 1737 2292 1790 καὶ
2353 1735 2786 1812 συμπαθέστερος
2826 1737 2913 1805 ἦν.
2942 1739 3121 1811 Ἱέρων
3169 1734 3226 1790 δὲ
3274 1737 3302 1790 6
3344 1736 3734 1811 Συρακούσιος,
3765 1735 3861 1790 καί

2205 1829 2372 1880 ταῦτα
2425 1827 2499 1897 μή
2557 1824 2908 1900 βουλομένων
2974 1824 3134 1898 ἄρξας
3180 1828 3288 1879 τῶν
3341 1822 3609 1893 Σικελῶν,
3663 1821 3862 1879 οὐδένα

2206 1919 2314 1970 τῶν
2358 1913 2808 1989 ἀντιμαχομένων
2847 1913 2936 1968 καὶ
2980 1911 3264 1987 πολεμίων
3323 1912 3592 1985 ἐλύπησεν
3661 1913 3861 1968 ἐπιλα-

2209 1999 2439 2075 ϐόμενος
2487 2006 2587 2070 τῆς
2618 2003 2819 2078 ἀρχῆς,
2851 2001 2997 2058 ἀλλὰ
3047 2002 3260 2075 μᾶλλον
3311 2002 3586 2078 εὐηργέτει
3628 2001 3865 2065 τούτους

2210 2088 2299 2144 διὰ
2326 2092 2546 2161 παντὸς,
2573 2091 2662 2145 καὶ
2692 2092 2768 2152 ὡς
2797 2092 2977 2166 πατὴρ
3007 2090 3202 2166 ἱλαρὸς
3231 2091 3367 2167 πρὸς
3412 2093 3549 2146 ἅπαν
3596 2093 3659 2146 τὸ
3707 2089 3862 2161 πλῆ-

2211 2191 2304 2243 θος
2361 2177 2608 2234 διέκειτο·
2671 2177 2831 2255 ἄρξας
2877 2177 2968 2234 οὖν
3010 2176 3104 2250 ἔτη
3171 2183 3408 2250 πεντήκο
3465 2202 3533 2236 τα
3601 2182 3859 2258 τέσσαρα,

2213 2265 2495 2345 διεφύλαξε
2547 2269 2640 2341 μὶν
2689 2272 2758 2341 τῇ
2825 2266 3042 2343 πατρίδι
3109 2270 3208 2337 τήν
3282 2269 3529 2343 εἰρήνην,
3578 2271 3751 2342 έαυτῷ
3800 2267 3867 2324 δὶ

2209 2356 2271 2411 τὸ
2319 2357 2590 2432 ἀτάραχόν
2634 2378 2691 2411 τε
2742 2357 2830 2411 καὶ
2879 2357 3269 2432 ἀνενόχλητον·
3321 2358 3410 2413 καὶ
3473 2357 3738 2420 τολλάκις
3803 2356 3868 2414 δὲ

2217 2445 2506 2521 βουληθεὶς
2562 2447 2989 2521 παραιτήσασθαι
3049 2447 3147 2515 τὴν
3210 2446 3412 2521 ἀρχὴν,
3461 2450 3618 2520 κοινῇ
3684 2468 3866 2519 παρα-

2212 2532 2402 2604 κλήσει
2445 2538 2542 2588 τοῦ
2592 2534 2838 2605 πλήθους
2888 2532 3218 2604 διεκωλύθηο
3271 2533 3358 2590 ἐπὶ
3414 2539 3670 2591 τοσοῦτον
3718 2538 3866 2610 ἠγα-

2212 2629 2351 2677 πᾶτο
2398 2623 2543 2699 παρά
2585 2622 2797 2677 πάντων
2871 2628 2977 2677 τῶν
3046 2621 3389 2698 ἀρχομένων,
3438 2626 3866 2701 σωφρονικώτα-

2212 2733 2303 2773 τος
2353 2709 2426 2766 ὢν
2475 2713 2562 2766 καὶ
2609 2711 3114 2788 εύεργετικώτατος,
3165 2711 3254 2767 καί
3302 2711 3513 2785 μᾶλλον
3564 2714 3866 2790 ἡμερώτα-

2213 2822 2324 2862 τος.
2376 2805 2602 2873 Ὅμοιος
2666 2801 2813 2873 αύτῷ
2861 2802 2928 2870 ἦν
2981 2801 3071 2856 καὶ
3119 2799 3394 2874 Ἄλκιμος
3442 2803 3470 2856 6
3523 2799 3720 2864 Λυδός⁶
3772 2800 3871 2857 διὰ

2215 2893 2374 2944 τοῦτο
2428 2887 2480 2944 έν
2526 2892 2736 2965 γαλήνῃ
2801 2889 2890 2944 καὶ
2954 2889 3176 2966 ἀφθονίᾳ
3220 2890 3283 2944 τὸ
3336 2891 3574 2961 ὑπήκοον
3640 2888 3872 2961 ἐποίησε

2221 2982 2336 3051 ζῇν·
2401 2977 2535 3050 μετά
2590 2975 2648 3032 δὲ
2703 2977 3022 3054 παρέλευσιν
3084 2979 3216 3033 ἒπτά
3269 2979 3486 3056 χρόνων
3526 2985 3631 3048 τῆς
3681 2980 3871 3055 ἀρχῆς

2218 3066 2381 3121 αὐτοῦ
2429 3066 2775 3142 συναχθέντες
2825 3069 3020 3130 πάντες
3064 3067 3204 3140 ὁμοῦ
3250 3069 3301 3121 οἱ
3353 3066 3477 3123 λαοὶ
3521 3067 3868 3144 παρεκάλουν

2215 3157 2315 3225 τήν
2382 3157 2524 3224 ζωὴν
2585 3160 2684 3210 τοῦ
2747 3153 3016 3232 βασιλέως
3068 3155 3437 3227 αύξάνεσθαοι·
3461 3157 3756 3232 γενόμενος
3806 3154 3873 3212 δὶ

2218 3243 2610 3320 πολυχρόνιος,
2642 3250 2758 3306 τοῖς
2792 3245 2885 3318 μὲν
2918 3242 3115 3308 Λυδοῖς
3148 3242 3491 3320 εὐδαιμονίαν
3550 3245 3870 3319 κατέλιπεν,

466 3339 606 3401 tem,
641 3333 753 3388 sibi
785 3333 1032 3405 gloriam
1066 3349 1396 3404 nomenque
1447 3331 1674 3387 illustre
1723 3331 1796 3387 ad
1845 3336 2103 3387 nostram

2220 3334 2393 3405 έαυτῷ
2439 3331 2497 3388 δὲ
2544 3331 2705 3395 κλέος
2760 3334 2849 3388 καὶ
2895 3329 3066 3408 ὄνομα
3116 3335 3281 3410 μέχρι
3330 3333 3419 3390 καὶ
3467 3338 3564 3390 τοῦ
3602 3338 3695 3389 νῦν
3727 3334 3871 3411 χρό-

469 3439 656 3494 usque
681 3427 907 3476 aetatem
942 3422 1182 3493 peperit.
1221 3426 1407 3476 Lauco
1442 3422 1592 3476 inter
1622 3437 1784 3492 reges
1829 3419 2110 3492 inclytum

469 3512 919 3566 Constantinum
953 3511 1119 3565 illum
1151 3513 1448 3582 Magnum,
1491 3513 1795 3580 propterea
1851 3509 2003 3580 quod
2051 3509 2111 3563 in

472 3600 700 3672 legibus
725 3599 850 3654 suis
879 3598 1003 3654 loco
1027 3599 1178 3654 tituli
1211 3600 1461 3671 Majestas
1491 3615 1610 3654 mea
1658 3599 1932 3665 decernit,
1977 3598 2114 3653 scri-

474 3687 647 3741 bebat
681 3688 1071 3757 Tranquillitas
1094 3704 1212 3742 mea
1241 3689 1476 3742 mandat
1507 3705 1523 3740 :
1557 3704 1672 3758 quo
1713 3686 1994 3742 vocabulo
2043 3686 2115 3741 si-

475 3773 807 3846 gnificabat,
827 3775 1306 3846 tranquillitatem
1332 3775 1962 3847 mansuetudinemque
1992 3775 2114 3831 sin-

477 3863 760 3934 gulariter
803 3880 1003 3935 regum
1054 3881 1180 3920 esse
1221 3865 1537 3937 propriam,
1591 3866 1867 3937 ipsosque
1927 3865 1999 3920 ab
2048 3881 2114 3920 ea

479 3951 667 4024 magis
714 3953 905 4007 ornari
959 3969 1132 4023 quam
1169 3972 1202 4008 a
1231 3970 1492 4024 purpura
1538 3958 1715 4022 atque
1763 3953 2112 4009 diademate.

478 4041 608 4095 Haec
640 4040 818 4105 enim,
854 4045 917 4095 ut
947 4058 1094 4110 reor,
1139 4041 1368 4113 tyranni
1418 4057 1650 4113 quoque
1699 4041 1944 4108 habent;
1993 4041 2116 4098 sola

474 4145 607 4184 vero
669 4128 1059 4200 tranquillitas
1115 4147 1358 4185 securus
1415 4134 1505 4186 est
1562 4130 1864 4201 dignitatis
1945 4131 2115 4202 regia

470 4218 785 4274 thesaurus
808 4217 1068 4289 nullique
1104 4219 1412 4291 direptioni
1459 4219 1763 4274 obnoxius.
1821 4220 2111 4284 Quamob-

473 4323 594 4361 rem
629 4307 798 4361 multi
838 4307 977 4362 olim
1028 4323 1192 4379 reges
1242 4324 1418 4378 super
1456 4307 1565 4362 hac
1614 4309 1826 4362 virtute
1875 4313 2004 4363 tum
2053 4325 2114 4365 re

471 4401 598 4450 tum
631 4396 824 4451 verbis
855 4396 1248 4468 philosophati
1281 4401 1456 4452 sunt:
1491 4397 1781 4466 Trajanus
1804 4397 1862 4450 in
1882 4396 2110 4468 primis,

472 4485 572 4555 qui
603 4484 753 4556 patri
785 4485 979 4541 Nervae
1012 4483 1260 4556 principi
1312 4485 1462 4540 bono
1511 4485 1814 4553 successit,
1859 4500 2112 4557 eumque

472 4573 781 4628 aemulatus
811 4578 918 4628 est.
953 4578 1008 4628 Is
1033 4574 1174 4628 adeo
1206 4574 1532 4637 modestus,
1563 4572 1818 4629 clemens
1841 4574 2112 4645 atquein-

2219 3443 2311 3477 νου
2354 3425 2485 3496 (19).
2538 3423 2773 3477 Ἐπαινῶ
2824 3425 2914 3478 τὸν
2956 3422 3007 3478 έν
3061 3421 3370 3499 βασιλεῦσιν
3415 3421 3668 3497 ἀοίδιμον
3717 3430 3874 3479 Κων-

2223 3517 2497 3568 σταντῖνον
2535 3513 2627 3566 τὸν
2656 3513 2836 3586 Μέγαν
2869 3511 2953 3567 ὅτι
2998 3511 3051 3567 ἐν
3097 3517 3213 3574 τοῖς
3262 3511 3466 3567 ἐκείνου
3509 3514 3873 3590 προστάγμα-

2222 3622 2301 3655 σιν
2361 3601 2474 3654 ἀντὶ
2529 3605 2626 3654 τοῦ
2675 3602 2919 3678 γράφειν,
2960 3603 3022 3655 Ἠ
3082 3601 3329 3676 βασιλεία
3389 3623 3492 3674 μου
3551 3599 3878 3677 διορίζεται,

2222 3690 2284 3743 Ἠ
2368 3688 2678 3763 γαληνότης
2763 3693 2875 3764 (20)
2961 3711 3066 3762 μου
3144 3690 3586 3766 παρακελεύεται,
3645 3688 3875 3768 ἔγραφε·

2225 3775 2409 3847 δηλῶν
2469 3777 2551 3832 ὅτι
2608 3778 2670 3833 τὸ
2701 3777 2942 3853 γαληνὸν
3001 3779 3089 3833 καὶ
3149 3778 3358 3855 ἥμερον
3410 3776 3545 3834 ἴδιον
3583 3777 3881 3854 ἐξαιρέτως

2221 3870 2327 3922 τῶν
2364 3865 2652 3942 βασιλέων,
2685 3865 2851 3922 πλέον
2905 3871 3146 3940 κοσμοῦν
3199 3865 3392 3930 αὐτοὺς
3439 3867 3530 3922 καὶ
3576 3864 3882 3922 καλλωπί-

2229 3961 2319 4025 ζον
2376 3962 2476 4024 ἧς
2535 3953 2859 4032 ἀλουργίδος
2913 3977 2972 4011 τε
3023 3956 3113 4010 καὶ
3169 3960 3265 4011 τοῦ
3323 3953 3684 4030 διαδήματοςο
3737 3954 3881 4011 αύτᾶ

2225 4045 2327 4120 γὰρ
2387 4043 2522 4108 ἴσως
2575 4044 2662 4099 καὶ
2719 4044 2966 4120 τύραννοι
3026 4043 3235 4120 ἔχουσι.
3271 4043 3587 4116 Γαληνότης
3620 4041 3678 4100 δὲ
3727 4043 3874 4116 μόνη

2223 4141 2325 4202 τῆς
2359 4135 2646 4209 βασιλικῆς
2679 4133 2824 4204 ἀξίας
2855 4132 2992 4188 ἐστὶν
3045 4131 3246 4196 ἄσυλος
3297 4134 3566 4210 θησαυρὸς
3611 4134 3703 4188 καὶ
3751 4132 3879 4188 ἀνε-

2223 4217 2604 4284 πιϐούλευτοςο
2639 4219 2724 4276 διὸ
2753 4221 2958 4278 πολλοὶ
2994 4227 3102 4277 τῶν
3150 4221 3322 4277 πάλαι
3375 4220 3643 4296 βασιλέων
3694 4220 3884 4297 ἔργοις

2222 4312 2311 4365 καὶ
2369 4309 2554 4386 λόγοις
2611 4308 3008 4389 ἐφιλοσόφησαν
3067 4311 3191 4387 περὶ
3244 4311 3448 4380 ταύτης
3498 4317 3602 4381 τῆς
3653 4310 3878 4388 ἀρετῆς·

2224 4399 2322 4454 ούκ
2368 4397 2590 4454 ἔλαττον
2641 4397 2698 4454 δὲ
2745 4404 2852 4454 τῶν
2905 4398 3091 4456 ἄλλων
3131 4402 3385 4473 Τραϊανὸς
3415 4401 3444 4454 6
3479 4397 3733 4476 βασιλεὺς
3778 4400 3878 4454 τὸν

2220 4489 2426 4563 πατέρα
2470 4487 2706 4564 Νερούαν
2758 4485 3154 4562 διαδεξάμενος,
3202 4487 3389 4551 καλῶς
3436 4487 3528 4543 καί
3559 4487 3717 4544 αὑτὸν
3774 4488 3877 4564 βα-

2223 4575 2537 4632 σιλεύσαντα
2594 4577 2868 4650 έμιμεῖτο’
2921 4582 3182 4632 τοσοῦτον
3240 4579 3344 4654 γὰρ
3407 4577 3524 4652 εἶχε
3578 4577 3642 4632 τὸ
3681 4597 3874 4632 ταπει-

470 4662 849 4734 comparabili
879 4663 1092 4718 virtute
1126 4663 1251 4728 fuit,
1290 4667 1351 4717 ut
1373 4661 1614 4718 cuilibet
1634 4661 1852 4718 dolenti
1878 4679 2103 4734 compa«

2219 4667 2310 4720 νὸν
2359 4665 2448 4720 καὶ
2498 4667 2773 4739 συμπαθὲς
2821 4668 2910 4720 καὶ
2959 4665 3248 4743 ἀπρόσιτον
3297 4667 3375 4728 ὡς
3421 4667 3510 4720 καὶ
3557 4667 3722 4721 παντὶ
3773 4663 3873 4720 λυ-

470 4755 689 4805 teretur
747 4757 920 4823 atque
979 4752 1347 4823 adgemeret:
1391 4751 1643 4806 offensas
1705 4768 1868 4823 aequo
1917 4751 2103 4807 animo

2219 4756 2478 4828 πουμένῳ
2539 4754 2900 4830 συμπάσχειν,
2931 4756 3020 4810 καὶ
3071 4757 3377 4831 συνάλγειν’
3411 4754 3500 4810 καὶ
3549 4756 3688 4832 πρὸς
3741 4753 3875 4817 τοὺς

470 4841 663 4905 ferret,
708 4841 929 4907 dicens,
986 4847 1250 4912 oportere
1307 4856 1499 4911 regem
1561 4841 1677 4894 Deo
1737 4856 1932 4911 parem
1982 4856 2111 4896 esse

467 4933 642 4997 atque
675 4945 811 4998 erga
845 4933 1147 5000 peccantes
1182 4927 1433 4984 famulos
1465 4929 1888 5000 indulgentem.
1925 4929 2112 5001 Igitur

466 5014 591 5084 ipse
648 5032 878 5086 quoque
932 5018 1160 5073 veniam
1193 5035 1225 5073 a
1264 5018 1379 5072 Deo
1433 5023 1787 5073 consecutus
1835 5022 1942 5084 est,
1991 5035 2106 5073 non

467 5107 835 5173 peccatorum
868 5107 1295 5177 tantummodo,
1330 5122 1531 5161 verum
1554 5105 1729 5162 etiam
1754 5107 2107 5178 paganitatis

489 5331 972 5413 ..(1⁷)Βειθινρὲη
1003 5335 1260 5413 οὶὲθιίβςο,
1301 5339 1553 5413 quodam
1608 5337 1874 5410 Egyptio
1924 5340 2106 5396 sacris

463 5403 697 5482 litteris.
733 5408 791 5482 et
847 5403 1932 5482 hieroglyphicis'inscripturﬁ'erat:
1993 5413 2108 5467 Rex

461 5474 1278 5549 ὥρῃ-μη’δθζςοπσιιοξιζῖοῖὸίε
1327 5474 1705 5549 potam-(Est
1748 5487 1944 5536 autem
1998 5483 2106 5538 Se-

462 5543 770 5619 sonchosis
799 5545 1120 5619 Sesostris).
1161 5547 1305 5619 Lege
1327 5543 1599 5605 'Julium'
1623 5550 1916 5606 Valerium
1950 5570 1982 5608 a
2011 5570 2104 5609 me

460 5617 704 5670 editum.
741 5617 812 5670 De
861 5617 1018 5672 rebus
1070 5617 1372 5674 Alexandri
1422 5621 1617 5677 Maced.
1668 5623 1769 5677 lib.
1821 5640 1859 5690 1,
1909 5626 1998 5695 31,
2048 5631 2106 5682 et

460 5687 771 5744 Diodorum
803 5705 816 5741 l
845 5688 936 5742 55.

509 5703 771 5742 ιοαοτυῐη
803 5705 816 5741 Ι
845 5703 936 5742 DD.

531 5757 642 5834 (18)
669 5757 816 5831 Lege
841 5759 1152 5818 Diodorum
1189 5761 1453 5819 Siculum
1485 5779 1524 5833 ι,
1557 5763 1646 5820 58.

2219 4843 2506 4904 πταίοντας
2538 4842 2845 4914 ἀνεξίκακον
2879 4844 3034 4914 εἶναι,
3068 4843 3263 4920 λέγων,
3297 4844 3557 4920 ’Δρμόζει
3599 4847 3683 4916 τῷ
3715 4844 3873 4919 βασι·-

2221 4929 2309 4985 λεῖ
2340 4930 2635 5001 ἐξισοῦσθαι
2667 4936 2782 5004 Θεῷ
2810 4933 2898 4987 καὶ
2929 4937 3035 4987 τῶν
3067 4932 3436 4988 πταισάνττων
3493 4936 3603 4987 τῶν
3656 4929 3874 4986 δοῦλων

2217 5019 2519 5096 ἀνέχεσθαι’
2564 5017 2653 5074 διὰ
2705 5024 2867 5075 τοῦτο
2923 5022 3012 5075 καὶ
3069 5024 3394 5097 συγγνώμης
3452 5021 3668 5094 ἠξιώθη
3726 5019 3875 5096 παρά

2216 5112 2350 5163 Θεοῦ
2381 5108 2443 5162 ού
2478 5108 2640 5182 μόνον
2665 5114 2772 5164 τῶν
2805 5111 3106 5188 ἁμαρτιῶν,
3139 5108 3285 5166 ἀλλά
3313 5111 3404 5165 καὶ
3461 5116 3565 5180 τῆς
3622 5103 3874 5172 ἀσεϐείας

2287 5343 2400 5414 (19)
2428 5343 2573 5414 Lege
2604 5343 2847 5399 Suidam
2869 5360 2989 5399 voc.
3021 5341 3253 5406 Ξανθός.

2285 5415 2397 5484 (20)
2423 5416 2787 5487 interpretor
2814 5416 3009 5486 potius
3043 5415 3428 5487 tranquillitas
3479 5429 3669 5487 quam
3721 5429 3874 5487 sere—

2213 5487 2376 5540 nitas.
2411 5484 2698 5540 Caeterum
2731 5484 3080 5543 cie—utroaue
3111 5484 3220 5542 hoc
3259 5485 3433 5541 titulo
3475 5484 3537 5540 in
3586 5484 3874 5541 Caesareis

2213 5555 2459 5629 decretis
2494 5557 2705 5629 usitato
2736 5556 2948 5629 legesis
2975 5555 3158 5629 Jureti
3191 5556 3872 5629 doctasobservationes

2214 5627 2282 5754 3d
2303 5626 2654 5754 ‘Sgybmmachi
2685 5626 2964 5702 epistolas
2993 5628 3096 5685 lib.
3129 5645 3191 5699 ιι,
3222 5629 3278 5699 8,
3312 5645 3370 5703 p.
3403 5628 3513 5699 54;
3547 5627 3652 5684 lib.
3685 5643 3744 5696 ι,
3775 5627 3870 5702 46,
