4096 6430
1448 431 1740 496 ORATIO
1782 433 1884 495 DE
1930 435 2158 496 REGIS
2203 435 2562 498 OFFICIIS.

3594 433 3710 497 626

298 558 488 630 αὐτοῦ,
516 557 584 615 τὸ
615 555 869 636 μέγιστον
919 558 1009 615 καὶ
1059 557 1381 638 παράδοξον,
1433 568 1552 625 ταῖς
1600 561 1811 635 δεήσεσι
1855 569 1951 619 τοῦ

2065 569 2215 638 (quae
2247 567 2503 622 maxima
2536 583 2752 639 perque
2786 565 2936 622 mira
2965 582 3056 622 res
3091 564 3220 637 fuit)
3252 566 3526 638 precibus
3559 569 3712 624 scili-

300 653 723 724 θαυματουργοῦ
772 650 886 722 (21)
942 649 1268 725 Γρηγορίου,
1321 648 1383 705 οὗ
1433 653 1461 705 6
1515 649 1773 727 δίαλογος
1817 656 1950 727 (22)’

297 740 399 806 τῆς
455 737 557 814 γὰρ
613 737 1025 816 φιλανθρωπίας
1096 738 1184 795 καὶ
1240 740 1574 812 συμπαθείας
1629 744 1694 810 ἧς
1753 740 1952 803 ἐκεῖνος

299 826 582 890 πλουσίως
615 824 898 900 μετεδίδου
939 832 1055 890 τοῖς
1103 827 1405 898 πταίουσιν,
1455 827 1617 906 ἔτυχε
1663 830 1751 885 καὶ
1794 829 1955 892 αὐτὸς

299 915 355 970 ἰν
386 920 466 988 τῷ
495 918 596 985 τής
629 920 774 985 ζωῆς
803 913 950 971 τέλει
1000 917 1146 990 παρά
1191 922 1346 988 Θεοῦ,
1397 923 1494 972 τοῦ
1539 916 1953 994 ἀποδεχομένου

304 1006 404 1078 μὶν
450 1003 514 1060 τὰ
565 1005 838 1079 συμπαθὲς
882 1005 971 1060 καὶ
1015 1002 1424 1083 φιλάνθρωπον,
1481 1011 1769 1079 μισοῦντος
1807 1005 1864 1062 δὲ
1889 1008 1953 1062 τὸ

299 1095 506 1165 ἀπηνὲς
553 1094 643 1148 καὶ
697 1093 1084 1171 ἀπάνθρωπον·
1143 1095 1234 1150 καὶ
1290 1094 1418 1158 τοὺς
1477 1097 1612 1172 πρὸς
1668 1094 1950 1172 ὁμόφυλον

297 1182 573 1256 ἆκαμπεῖς
646 1182 736 1237 καὶ
815 1184 1152 1256 ἀσυμπαθεῖς
1221 1184 1470 1256 καταξίαν
1549 1183 1880 1254 κολάζοντος
1937 1207 1949 1220 ο

297 1269 467 1342 ἔδειξε
495 1271 596 1348 γὰρ
629 1269 710 1326 ὅτι
732 1272 1097 1349 συνεργούσης
1129 1273 1302 1349 εύχῆς
1333 1271 1548 1328 δικαίου
1568 1278 1693 1344 νικᾷ
1719 1275 1783 1328 τὸ
1812 1295 1949 1347 συμ-

294 1360 468 1424 παθὲς
495 1359 586 1414 καὶ
616 1358 782 1429 αύτήν
827 1361 924 1429 τήν
959 1355 1225 1418 ἀσέϐειαν.
1258 1363 1375 1416 ’Ότι
1421 1358 1614 1416 δὲκαὶ
1668 1360 1950 1439 σωφροσύ-

292 1468 398 1518 νην
430 1447 574 1524 εἶχεν
625 1449 654 1502 6
697 1451 816 1524 Τρα
835 1450 985 1512 ῖανὸς
1032 1450 1060 1504 6
1111 1447 1366 1526 βασιλεὺς
1411 1455 1718 1523 κοσμοῦσαν
1765 1449 1950 1521 αύτῷ,

293 1533 599 1612 πρόδηλον·
633 1534 819 1606 ἐπειδὴ
870 1535 1048 1600 οὐδεὶς
1083 1538 1180 1593 κᾶν
1227 1537 1323 1601 τὰς
1356 1535 1554 1600 λοιπὰς
1602 1539 1792 1613 ἀρετὰς
1826 1537 1947 1613 ἔχῃ,

293 1623 478 1702 χωρὶς
508 1623 676 1695 αὐτῆς
729 1624 1087 1703 σωφροσύνης
1133 1626 1226 1682 τὸν
1255 1625 1452 1703 Κύριον
1485 1622 1672 1701 ὄψεται
1695 1629 1826 1700 (23)·
1859 1627 1947 1681 καὶ

291 1712 397 1789 γὰρ
424 1709 684 1769 ἀδύνατον
733 1710 855 1769 ἄνευ
898 1713 1254 1793 σωφροσύνης
1283 1711 1429 1791 ἔχειν
1459 1717 1580 1771 τινὰ
1610 1716 1801 1792 ἀρετὴν
1837 1714 1946 1771 ἑτέ-

295 1821 394 1878 ραν
426 1801 724 1858 ἀνόθευτον·
760 1799 1004 1880 ἀνδρεῖον
1034 1805 1136 1880 γὰρ
1161 1808 1276 1866 πῶς
1325 1801 1386 1859 ἄν
1411 1825 1494 1867 τις
1527 1801 1652 1878 εἷ’πῃ
1679 1805 1816 1859 κατά
1838 1809 1946 1858 τῶν

293 1895 566 1967 σαρκικῶν
623 1893 810 1947 παθῶν
869 1889 1321 1968 ἀνανδριζόμενον
1356 1911 1369 1962 ;
1401 1893 1428 1947 6
1485 1895 1585 1969 γὰρ
1646 1893 1829 1948 ἑαυτόν
1889 1915 1948 1948 τε

291 1979 384 2034 καὶ
433 1981 532 2049 τὴν
580 1981 696 2054 μεθ’
737 1983 806 2049 ἦς
854 1979 1153 2056 ἀσελγαίνει
1201 1983 1276 2054 μὴ
1343 1981 1775 2058 παραιτούμενος
1825 1979 1944 2036 ἀδι-

290 2073 407 2123 κεῖν
439 2066 654 2131 πάντως
685 2066 810 2124 οὐδὲ
857 2067 1062 2132 δίκαιός
1114 2068 1252 2125 ἐστιν
1285 2070 1312 2124 6
1360 2074 1628 2142 τοιοῦτος,
1660 2068 1786 2126 ἀλλ’
1818 2068 1944 2125 οὐδὲ

291 2155 564 2234 φρόνιμος
618 2158 647 2211 6
708 2159 784 2231 μὴ
846 2161 1022 2228 ζητῶν
1081 2159 1144 2214 τὸ
1201 2159 1360 2236 φέρον
1417 2156 1602 2230 ὅνησιν
1662 2159 1808 2231 αύτῷ
1853 2160 1943 2214 καὶ

292 2245 564 2324 ὠφέλειαν
590 2248 690 2315 τήν
722 2246 968 2323 ἀρίστην,
1001 2245 1146 2324 λέγω
1175 2244 1244 2316 δὴ
1270 2249 1359 2302 καὶ
1384 2248 1474 2303 τὸν
1507 2247 1947 2324 ἁγιασμόνθάλλά

287 2335 504 2389 καὶτὸν
537 2334 785 2409 ἡγεμόνα
823 2340 946 2390 νοῦν
996 2333 1191 2391 δοῦλον
1241 2341 1411 2390 ποιῶν
1462 2335 1778 2412 ἀκαθάρτων
1832 2337 1948 2412 ὀρέ-

289 2425 452 2496 ξεων,
473 2424 563 2479 καὶ
593 2421 684 2479 διὰ
708 2427 809 2494 τήν
847 2426 1086 2500 μυσαρὰν
1117 2424 1208 2479 καὶ
1261 2422 1560 2500 βδελυκτήν
1608 2423 1809 2496 ἠδονήν
1840 2431 1946 2480 τῶν

288 2510 552 2588 ἀῤῥήτων
581 2512 672 2566 καὶ
701 2511 937 2567 αἰωνίων
971 2512 1178 2589 ἀγαθῶν
1213 2515 1521 2590 ἀποστερῶν
1554 2513 1762 2569 ἑαυτόν.

2063 660 2151 712 cet
2183 657 2378 728 magni
2411 656 2693 728 Gregorii,
2727 656 2899 726 cujus
2930 660 3020 710 est
3067 654 3165 710 ille
3197 654 3487 728 dialogus.
3521 658 3707 713 Nimi-

2064 761 2196 800 rum
2247 743 2617 800 clementiam
2664 744 3267 816 misericordiamque,
3341 762 3519 816 quam
3569 763 3710 820 erga

2064 833 2378 888 oil‘ensores
2400 850 2540 888 suos
2571 831 2655 887 vel
2688 832 3058 888 calamitosos
3080 834 3310 904 copiose
3332 850 3705 905 exprompse-

2063 925 2176 985 rat.
2205 921 2463 977 vicissim
2491 921 2616 993 ipse
2651 926 2780 993 post
2809 921 3115 976 mortalem
3146 922 3296 976 hanc
3324 923 3504 978 vitam
3535 942 3568 978 a
3596 925 3705 980 Deo

2062 1009 2395 1082 impetravit
2444 1011 2592 1081 ;qui
2645 1015 2709 1065 ut
2765 1011 3188 1081 benignitatem
3240 1010 3708 1084 charitatemque

2063 1098 2339 1171 plectitur
2368 1099 2449 1154 ita
2479 1099 2762 1154 saevitiam
2812 1099 3423 1172 inhumanitatemque
3474 1118 3704 1158 aversa-

2062 1192 2177 1258 tur,
2211 1189 2508 1259 durosque
2537 1191 2594 1243 et
2640 1187 3026 1243 inexorabiles
3088 1203 3226 1260 erga
3283 1189 3706 1262 homogeneam

2064 1280 2331 1332 naturam
2365 1277 2634 1332 homines
2665 1294 2768 1350 pro
2799 1277 3084 1350 dignitate
3115 1295 3179 1332 ac
3219 1278 3428 1334 merito
3461 1279 3703 1336 ulcisci-

2059 1368 2157 1420 tur
2186 1381 2200 1420 :
2234 1366 2771 1439 demonstravitque
2801 1365 3294 1438 aliquando,justi
3327 1367 3581 1424 hominis
3614 1369 3704 1423 in-

2060 1455 2497 1510 tercedentibus
2527 1455 2822 1526 precibus,
2851 1454 3207 1526 paganitatis
3251 1455 3444 1526 ipsum
3479 1457 3701 1512 crimen

2061 1543 2460 1599 misericordia
2491 1559 2662 1615 posse
2693 1544 2978 1615 superari.
3025 1544 3188 1609 Quod
3238 1548 3432 1600 autem
3477 1549 3699 1617 tempe-

2059 1633 2250 1688 rantia
2279 1633 2510 1703 quoque
2539 1633 2831 1703 Trajanus
2881 1632 3156 1703 praeditus
3202 1633 3397 1702 fuerit,
3448 1634 3534 1689 vel
3566 1634 3702 1690 inde

2059 1724 2236 1793 patet,
2270 1721 2425 1793 quod
2458 1737 2628 1776 nemo
2660 1721 2892 1776 etiamsi
2924 1721 3152 1777 caeteris
3183 1727 3423 1778 ornatus
3472 1723 3699 1778 virtuti-

2059 1809 2189 1880 bus,
2222 1810 2442 1881 absque
2471 1813 2667 1865 tamen
2697 1809 3084 1881 temperantia
3115 1810 3299 1865 Deum
3328 1810 3562 1866 visurus
3589 1817 3700 1878 est,

2058 1899 2127 1954 Et
2156 1898 2393 1970 quidem
2423 1897 2546 1952 fieri
2580 1915 2696 1954 non
2728 1902 2922 1970 potest
2961 1901 3025 1952 ut
3077 1898 3251 1954 homo
3305 1899 3702 1971 intemperans

2053 1987 2329 2042 virtutem
2362 1985 2539 2042 ullam
2569 1985 2725 2041 haud
2760 1987 3014 2042 fucatam
3046 1987 3358 2059 possideat.
3396 1989 3698 2052 Quomodo

2053 2075 2211 2130 enim
2243 2074 2410 2130 fortis
2441 2073 2568 2142 erit,
2603 2073 2701 2145 qui
2742 2073 3079 2129 carnalibus
3132 2075 3455 2130 adfectibus
3511 2081 3698 2130 semet

2053 2162 2318 2220 debilitat
2347 2166 2370 2218 Ρ
2399 2163 2509 2219 Sed
2542 2179 2614 2218 ne
2645 2163 2868 2234 justus,
2901 2163 3139 2234 quidem
3201 2162 3329 2230 erit,
3386 2164 3486 2234 qui
3544 2181 3606 2220 se
3637 2168 3693 2220 et

2054 2251 2237 2323 illam,
2270 2267 2404 2307 cum
2437 2268 2554 2323 qua
2592 2251 2880 2306 luxuriam
2931 2256 3176 2317 exercet,
3221 2252 3438 2322 injuria
3496 2253 3695 2308 afﬁcit.

2057 2344 2356 2396 Postremo
2386 2339 2438 2395 is
2464 2339 2665 2412 procul
2700 2339 3012 2411 prudentia
3039 2343 3148 2409 est,
3198 2341 3295 2412 qui
3351 2357 3472 2396 rem
3514 2340 3699 2397 multo

2059 2428 2171 2485 sibi
2203 2428 2690 2499 pretiosissimam
2723 2432 2780 2484 et
2813 2428 3188 2485 utilissimam
3222 2429 3698 2502 negligit,animae

2063 2516 2286 2573 scilicet
2330 2516 2873 2584 sanctiﬁcationem,
2944 2516 3161 2588 quique
3223 2522 3474 2573 mentem
3531 2535 3700 2573 suam

287 2607 508 2660 natura
534 2603 820 2676 reginam,
853 2602 1222 2677 impurarum
1252 2604 1641 2678 cupiditatum
1675 2604 1959 2661 famulam
1990 2606 2164 2674 facit;
2190 2605 2292 2677 qui
2322 2605 2581 2661 scelestae
2609 2605 2862 2676 denique
2885 2605 3356 2676 detestandaeque
3377 2605 3696 2678 voluptatis

287 2706 476 2748 causa
500 2691 753 2748 summis
784 2691 954 2748 bonis
985 2708 1052 2747 ac
1083 2692 1460 2766 sempiternis
1490 2697 1677 2748 semet
1697 2693 1971 2749 excludit.

366 2785 439 2835 Ε.
493 2780 644 2836 ’Ἐστι
693 2776 753 2834 δὲ
793 2779 883 2834 καὶ
927 2781 957 2834 6
1004 2783 1111 2834 τῶν
1161 2782 1466 2856 χρημάτων
1515 2778 1650 2856 ἔρως
1697 2782 1944 2856 ἀπρεπὴς

292 2866 536 2941 μάλιστα
587 2871 668 2939 τῷ
728 2867 943 2942 βασιλεῖ
996 2867 1086 2922 καὶ
1144 2867 1518 2944 ἀνάρμοστοςο
1559 2868 1790 2944 τέσσαρα
1841 2870 1944 2945 γὰρ

233 2974 236 2977 ·
285 2957 401 3012 ἀπὸ
450 2962 554 3025 τῆς
609 2953 1058 3034 φιλοχρηματίας
1114 2959 1400 3032 γεννῶνται
1458 2958 1524 3012 τὰ
1577 2959 1823 3012 κάκισταο
1879 2957 1944 3012 τὸ

293 3044 667 3120 μικροπρεπὲς
714 3044 803 3099 καὶ
856 3041 1126 3122 φειδωλὸν
1179 3043 1231 3099 ἐν
1274 3050 1394 3108 ταῖς
1442 3042 1640 3100 δόσεσι·
1673 3046 1736 3100 τὸ
1765 3058 1943 3115 καπηέ

292 3133 451 3189 λικὸν
497 3134 590 3188 καὶ
635 3131 1018 3189 πλεονεκτικὸν
1067 3132 1119 3188 ἐν
1168 3137 1248 3205 τῷ
1303 3135 1430 3209 παρ’
1481 3133 1673 3210 ἑτέρων
1733 3130 1944 3208 λαμϐά-

289 3241 405 3276 νειν
664 3221 727 3276 τὸ
785 3221 878 3294 μὲν
927 3221 1029 3298 γὰρ
1078 3219 1342 3293 μηδόλως
1388 3224 1424 3292 ἡ
1489 3223 1622 3296 μετά
1681 3223 1802 3300 βίας
1851 3225 1942 3278 καὶ

293 3308 514 3385 ὀλίγοις
546 3308 837 3386 εὐεργετεῖν
872 3306 1148 3366 δουλικόν⁸
1182 3307 1382 3373 δοῦλος
1430 3311 1534 3388 γὰρ
1583 3311 1644 3366 ού
1697 3309 1938 3367 δίδωσινο

2122 2783 2192 2838 V.
2229 2785 2343 2840 Rex
2368 2799 2438 2838 ne
2465 2783 2538 2837 sit
2567 2798 2792 2837 avarus.
2833 2813 2900 2820 —
2952 2781 3198 2853 Insuper
3241 2782 3500 2854 pecuniae
3533 2799 3701 2838 amor

2053 2872 2339 2944 dignitate
2368 2870 2522 2942 regis
2581 2870 2831 2925 maxime
2884 2869 3179 2926 abhorret.
3231 2871 3455 2926 Etenim
3487 2889 3556 2927 ex
3586 2873 3695 2928 hac

2053 2961 2373 3033 cupiditate
2402 2963 2654 3031 quatuor
2684 2958 2941 3031 pessima
2969 2959 3295 3030 gignuntur
3324 2960 3462 3014 vitia
3489 2986 3502 3027 ;
3533 2959 3688 3015 scili-

2052 3053 2142 3105 cet
2171 3050 2228 3104 in
2260 3048 2472 3116 dando,
2507 3047 2764 3103 tenuitas
2795 3051 2852 3102 et
2882 3045 3226 3102 difﬁcultas:
3253 3047 3312 3102 in
3345 3047 3680 3118 accipiendo

2051 3137 2406 3209 cauponium
2437 3140 2496 3192 et
2525 3135 2837 3208 ingluvies.
2870 3136 2937 3190 Et
2967 3135 3112 3190 nihil
3146 3135 3384 3192 omnino
3415 3136 3503 3192 vel
3537 3136 3690 3190 diﬂi-

2051 3227 2236 3283 culter
2266 3243 2513 3297 raroque
2542 3224 2762 3297 largiri,
2795 3223 2998 3280 servile
3041 3229 3128 3280 est
3164 3241 3176 3279 :
3211 3224 3357 3280 nihil
3405 3226 3561 3280 enim
3592 3225 3694 3280 dat

2051 3332 2253 3372 servus
2288 3334 2300 3383 ;
2334 3313 2421 3370 vel
2453 3313 2502 3369 si
2536 3313 2682 3368 forte
2712 3313 2832 3380 dat,
2865 3311 2921 3367 id
2955 3311 3126 3384 plane
3165 3316 3339 3368 tenue
3371 3313 3699 3368 minutum--

288 3396 341 3453 εί
373 3394 420 3452 δ’
449 3394 566 3460 ἴσος
598 3395 786 3465 δώσει,
832 3398 922 3453 καὶ
973 3403 1134 3454 τοῦτο
1181 3398 1316 3454 πάνυ
1368 3400 1560 3477 μικρὸν
1605 3401 1694 3455 καὶ
1731 3400 1942 3478 ὀλίγον,

2062 3421 2169 3477 que
2197 3407 2379 3474 est,ac
2410 3403 2481 3458 de
2511 3400 2732 3458 domini
2765 3399 3114 3474 patrimonio
3131 3402 3331 3456 furtim
3348 3402 3695 3458 detractum.

288 3485 385 3542 καὶ
415 3484 523 3540 ἀπὸ
575 3483 794 3556 κλοπῆς
851 3490 958 3541 τῶν
1011 3491 1109 3541 τοῦ
1159 3484 1421 3542 δεσπότου
1470 3487 1830 3564 πραγμάτων.
1889 3489 1946 3541 ’0

2062 3494 2241 3558 Quam
2270 3492 2427 3548 enim
2461 3491 2512 3547 is
2543 3490 2782 3545 habebit
2811 3489 2988 3544 dandi
3020 3489 3273 3561 copiam.
3304 3491 3474 3560 cujus
3504 3491 3700 3562 ipsum

286 3575 517 3652 γὰρκαὶ
569 3574 702 3631 αὐτὸ
755 3576 819 3630 τὸ
875 3580 1034 3648 σῶμα
1091 3573 1503 3648 δεδουλωμένος
1562 3581 1679 3639 πῶς
1739 3576 1798 3632 ἃν
1849 3575 1950 3652 ἔχῃ

295 3661 652 3734 διδόναι;τὸ
699 3662 758 3720 δὲ
786 3663 1023 3727 πολλοῖς
1074 3665 1167 3738 μὲν
1220 3662 1426 3720 διδόναι
1477 3664 1622 3734 πλὴν
1678 3666 1812 3738 μετά
1861 3687 1948 3738 μι-

291 3752 597 3830 ⁴ιιρολογίας
627 3795 643 3822 ,
698 3755 789 3808 καὶ
844 3759 1013 3809 ταῦτα
1067 3751 1206 3830 πρὸς
1259 3753 1385 3816 τοὺς
1435 3754 1616 3826 ἀξίους
1673 3752 1898 3810 πολλῶν
1933 3801 1948 3826 ,

293 3847 462 3898 τοῦτο
492 3842 744 3905 εὐτελοῦς
791 3864 934 3905 τινος
977 3842 1066 3897 καὶ
1116 3840 1436 3918 ούδαμινοῦ,
1486 3843 1548 3898 ού
1584 3845 1688 3917 μὴν
1738 3848 1835 3898 τοῦ
1873 3843 1949 3905 εἷς

299 3929 588 4009 βασιλικὸν
646 3932 736 3987 καὶ
793 3931 1004 4006 ὑψηλὸν
1065 3931 1254 4007 θρόνον
1317 3932 1711 4009 έγκαθημένου.
1765 3933 1835 3987 Τὸ
1894 3930 1951 3988 δὲ

293 4027 417 4082 toi;
461 4025 737 4083 ταπεινοῖς
777 4019 1061 4097 πράγμασι
1113 4021 1628 4097 συναναμίγνυσθαι,
1685 4021 1775 4076 καὶ
1824 4022 1951 4082 τοὺς

293 4113 410 4164 τῶν
454 4113 648 4165 κοινῶν
698 4109 994 4185 ἀνθρώπων
1042 4108 1348 4186 πορισμοὺς
1403 4109 1768 4186 ἀνελευθέρως
1825 4132 1898 4184 μη
1931 4143 1953 4153 -

297 4199 568 4275 χανᾶσθαι
624 4198 714 4254 καὶ
771 4198 1075 4272 οἰκονομεῖν
1111 4244 1126 4270 ,
1186 4197 1324 4253 ὥστε
1385 4198 1699 4278 μεταφέρειν
1757 4198 1831 4262 εἷς
1889 4199 1952 4253 τὸ

301 4285 570 4362 δημόσιον
628 4287 718 4343 καὶ
769 4283 1126 4342 ὑποκλέπτειν
1179 4287 1268 4342 καὶ
1329 4287 1657 4364 ὑπαρπάζειν
1713 4289 1812 4356 τὴν
1857 4292 1954 4342 τοῦ

377 4468 489 4540 (21)
518 4467 664 4524 Falli
695 4465 1554 4540 mihivideturMetraphrastes
1575 4467 1838 4540 scribens

355 4533 624 4622 ατουρςγοῦ
655 4533 1081 4622 propexam?"
1116 4537 1236 4594 sive
1264 4533 1745 4622 quiahnonnsatis‘
1782 4537 1955 4594 intel-

302 4559 624 4667 ματουρςτου
655 4559 759 4612 pro
793 4559 1081 4622 μεγαλουη
1116 4559 1236 4594 sive
1261 4559 1548 4664 31118211011
1599 4559 1740 4621 satis
1782 4559 1949 4594 intel-

327 4613 448 4667 emt
473 4626 590 4667 vun
617 4606 1122 4680 νοοοὺυιιπολὺςη
1142 4625 1256 4680 quo
1333 4613 1520 4666 utitur
1549 4609 1909 4678 Nicephorus
1937 4627 1949 4665 :

303 4681 428 4738 sive
477 4680 618 4754 quia
665 4681 943 4755 cogitavit
990 4680 1266 4737 incautus
1312 4681 1383 4763 de
1437 4681 1631 4737 Graeco
1679 4681 1955 4764 Gregorio

299 4753 771 4827 Thaumaturgo,
777 4769 878 4825 pro
897 4756 1105 4824 Magno
1135 4751 1408 4827 Gregorio
1425 4752 1953 4827 Romano._Sc_im_us

301 4795 882 4897 Q33;
913 4795 1505 4897 qBj’quevao'iniridiﬁ
1529 4795 1951 4897 prodigiisiﬁin;

304 4895 609 4967 claruisse,
641 4893 698 4952 et
724 4893 950 4951 Graecos
980 4893 1403 4967 Thaumaturgi
1450 4893 1748 4967 epitheton
1794 4895 1949 4949 haud

307 4966 414 5025 nni
441 4965 897 5024 Neocaasariensi
929 4965 1207 5022 tribuere.

530 5037 811 5118 Fabulam
845 5037 1021 5118 hanc,
1061 5052 1180 5118 qua
1226 5036 1516 5118 Trajanus
1564 5036 1708 5108 imp.
1742 5035 1960 5118 dicitur

306 5106 585 5183 precibus
613 5109 814 5183 magni
847 5106 1104 5183 Gregorii
1137 5123 1205 5183 ei:
1235 5106 1556 5183 inferorum
1577 5178 1588 5183 _
1610 5106 1790 5178 péenis
1813 5107 1956 5163 libe-

307 5177 498 5252 ratus,
522 5177 755 5253 jamdiu
787 5177 1120 5253 refutarunt
1150 5178 1306 5253 doc_ti
1335 5177 1620 5253 theologi,
1647 5195 1794 5253 quos
1822 5195 1960 5253 enu-

307 5250 788 5310 merat'Garclus
838 5251 1190 5323 Sardagnat
1234 5250 1475 5323 Theolog.
1524 5256 1666 5323 tom.
1711 5250 1810 5323 _IV,
1863 5251 1954 5323 ed,

307 5324 571 5396 Rom,_p.
603 5325 729 5396 253.
760 5323 842 5388 Ea
874 5319 1147 5396 narratur
1175 5319 1234 5376 in
1255 5319 1399 5396 _Vita
1424 5319 1648 5393 'magni
1698 5320 1958 5394 Gregorii

309 5413 348 5455 ο
376 5391 556 5452 Paulo
597 5395 862 5463 diacono,
894 5392 994 5464 qui
1024 5396 1220 5447 tamen
1248 5391 1362 5464 hac
1391 5391 1575 5464 super
1604 5409 1665 5464 re
1695 5397 1760 5447 ut
1788 5391 1958 5447 nemo

306 5466 592 5523 discutiat
621 5465 849 5523 suadet.
883 5463 1111 5520 Rursus
1155 5463 1360 5519 eadem
1403 5463 1660 5519 narratio
1709 5464 1962 5520 occurrit

306 5540 370 5594 in
402 5537 538 5610 Vita
565 5538 782 5610 pariter
827 5534 1015 5610 sancti
1064 5534 1326 5610 Gregorii
1373 5551 1408 5590 a
1451 5535 1674 5610 Joanne
1716 5535 1960 5590 diacono

312 5605 712 5694 gcﬁptm'qui,
760 5623 886 5665 rem
910 5607 1113 5694 intra,
1143 5605 1416 5694 arctiores
1463 5605 1690 5694 limites.
1723 5622 1958 5694 cogens,

308 5677 652 5759 Traianum
694 5697 728 5759 ε
768 5677 1126 5759 cruciatibus
1181 5677 1444 5759 quid_em_
1477 5677 1825 5743 resolutum,
1859 5678 1959 5759 sed

311 5748 510 5828 neq—ue
537 5767 607 5810 ex
633 5751 961 5810 inferorum
987 5748 1260 5817 clausit-is
1278 5749 1576 5818 eductum,
1593 5765 1782 5821 neque
1807 5753 1960 5806 certe

2059 3598 2272 3654 corpus
2306 3581 2366 3635 in
2400 3579 2692 3650 mancipio
2720 3578 2852 3633 est?
2884 3578 3059 3633 Porro
3087 3581 3281 3632 autem
3315 3579 3516 3635 multis
3547 3579 3704 3649 dare,

2061 3671 2159 3727 sed
2189 3669 2464 3735 tenuiter,
2498 3666 2820 3740 praesertim
2855 3665 2902 3720 si
2936 3665 3122 3721 multa
3153 3666 3346 3721 meriti
3399 3672 3561 3737 sunt,
3595 3667 3705 3722 hoc
3739 3695 3743 3698 -

2057 3759 2190 3815 vilis
2219 3757 2478 3813 hominis
2511 3761 2600 3811 est
2629 3760 2686 3810 et
2726 3753 3206 3826 contemptibilis,
3269 3773 3384 3810 non
3431 3757 3559 3826 ejus
3607 3757 3707 3827 qui

2060 3847 2311 3920 regalem
2342 3845 2778 3916 sublimemque
2808 3844 3086 3898 thronum
3119 3843 3394 3900 insideat.
3419 3846 3569 3900 Tum
3603 3845 3706 3900 hu-

2061 3937 2300 3992 milibus
2332 3935 2578 4007 negotiis
2603 3938 2788 3989 semet
2808 3933 3220 4000 immiscere,et
3248 3932 3576 4006 vulgarium
3602 3934 3704 3990 ho-

2062 4026 2289 4080 minum
2321 4022 2485 4078 lucra
2512 4021 2874 4077 illiberaliter
2905 4022 3116 4076 sectari
3151 4026 3328 4093 atque
3360 4025 3707 4087 tractare,ut

2061 4113 2121 4169 in
2154 4113 2362 4169 ﬁscum
2394 4111 2714 4166 transferas
2745 4110 3110 4166 subtractum
3160 4114 3543 4182 ereptumque
3574 4111 3709 4165 sub-

2061 4201 2182 4257 dito
2213 4199 2435 4257 homini
2461 4199 2704 4265 victum,
2738 4198 2847 4254 hoc
2879 4199 3298 4270 cauponarium
3329 4204 3436 4254 est.
3469 4200 3708 4271 Exigere

2063 4294 2262 4347 autem
2292 4287 2513 4344 tributa
2542 4287 2781 4343 insolita
2811 4291 3133 4359 praeterque
3165 4287 3534 4342 subditorum
3557 4287 3706 4341 vires

2066 4470 2124 4524 in
2151 4468 2425 4540 paradiso
2457 4466 2937 4540 repositum,_ait.
2987 4465 3409 4540 Verumtamen
3458 4464 3707 4540 Maurini

2064 4536 2266 4596 Patres
2296 4539 2355 4594 in
2389 4536 2652 4609 ejusdem
2691 4543 2747 4592 S.
2795 4537 3054 4608 Gregorii
3102 4536 3250 4609 Vita,
3275 4536 3571 4609 copiosius
3602 4537 3711 4591 do-

2064 4613 2335 4683 ctiusque
2366 4607 2605 4680 scripta,
2637 4609 2739 4663 lib.
2772 4626 2856 4689 1.11,
2908 4625 3034 4732 cap.
3083 4609 3171 4672 1:0,
3231 4607 3500 4689 fabellam
3557 4607 3708 4663 hanc

2064 4683 2433 4732 evidentibus
2466 4683 2830 4732 are-umentis
2863 4695 2970 4732 exn
2998 4679 3201 4732 odunt.
3235 4684 3427 4732 cutatls
3460 4696 3705 4732 nraaser-

2064 4679 2433 4739 evidentibus
2466 4679 2830 4750 argumentis
2863 4679 3201 4750 explodunt,
3235 4679 3427 4734 citatis
3448 4696 3705 4750 praeser-

2066 4756 2173 4810 tim
2205 4753 2463 4825 Gregorii
2506 4749 2786 4825 Dialogis,
2843 4749 2898 4802 in
2938 4749 3171 4825 quibus
3221 4751 3386 4825 justa
3437 4749 3708 4825 (ideoque

1985 4806 2027 4870 D
2061 4806 2410 4890 deiciar-Ei
2433 4806 2724 4878 sententia
2754 4806 2988 4891 semper
3013 4806 3246 4892 legitur:
3294 4806 3451 4892 Adeo
3485 4806 3708 4892 fallitur

2062 4891 3282 4965 GraecusNicephorus,dum_errorishuius
3305 4891 3706 4965 testimonium

2066 4984 2097 5023 e
2127 4967 2387 5037 Gregorii
2419 4962 2610 5037 nescio
2641 4981 2756 5037 quo
2779 4962 3028 5037 _Dialogo
3060 4964 3323 5037 accersit,
3359 4963 3478 5037 sive
3508 4979 3710 5037 revera

2069 5033 2309 5118 spurius
2341 5033 2734 5118 aliquis‘apud
2768 5033 2997 5118 Graecos
3027 5034 3315 5118 exstiterit
3344 5035 3480 5118 sive
3508 5033 3710 5118 lapsus

2068 5105 2351 5165 memoria
2380 5105 2742 5180 Nicephorus
2772 5110 2880 5160 est.
2914 5107 3075 5180 Quod
3108 5111 3301 5180 autem
3344 5105 3711 5180 Paulusidia-

2068 5197 2252 5260 conus
2284 5176 2677 5260 narrationem
2704 5193 2871 5260 suam
2897 5193 2966 5232 ex
2993 5177 3312 5260 Anglorum
3337 5176 3706 5260 sacrislibr‘is

2069 5252 2304 5308 haurire
2333 5268 2396 5307 se
2425 5251 2524 5319 ait,
2559 5255 2712 5305 recte
2743 5253 2833 5304 est
2865 5266 2881 5302 :
2911 5265 3046 5303 nam
3093 5247 3174 5321 in,
3203 5250 3331 5319 ejus
3382 5248 3572 5321 gentis
3611 5247 3710 5321 ali-

2069 5328 2212 5394 quot
2240 5323 2497 5394 liturgiis
2530 5337 2728 5394 preces
2760 5336 2992 5391 quoque
3022 5337 3123 5394 pro
3149 5319 3563 5394 damnatorum
3599 5319 3709 5394 mi-

2069 5389 2302 5450 nuenda
2359 5389 2861 5465 p'mna'fleguntur
2893 5389 2913 5456 ξ
2940 5389 3040 5461 qui
3065 5409 3232 5465 error
3292 5409 3326 5446 a
3368 5391 3567 5465 fabula
3599 5389 3711 5465 illa

2068 5465 2304 5536 Trajani
2341 5462 2669 5520 manavisse
2715 5463 2963 5536 videtur,
3028 5463 3200 5536 sicuti
3251 5480 3284 5517 θ.
3318 5463 3549 5536 _spuri_a
3598 5462 3708 5536 Da-

2071 5533 2327 5591 masceni
2357 5537 2611 5605 quadam
2643 5535 2922 5599 oratione,
2949 5551 3074 5603 qua:
3097 5534 3330 5605 Trajani
3389 5534 3605 5605 pariter
3635 5533 3714 5588 fa-

2069 5607 2269 5662 bulam
2299 5605 2475 5663 habet
2505 5607 2776 5678 migravit
2805 5606 3068 5678 ejusdem
3105 5607 3180 5660 rei
3226 5605 3706 5660 commemoratio

2070 5680 2129 5734 in
2161 5680 2490 5734 Graecorum
2519 5677 2962 5748 Euchologium.

2141 5751 2254 5822 (-23)
2282 5749 2488 5807 Matth;
2516 5767 2570 5822 ν,
2599 5751 2652 5803 8.
