4096 6458
391 403 507 465 62⁸7

1639 405 2061 467 NICEPHORI
2108 405 2550 472 BLEMMIDE

3685 406 3808 470 628

395 537 711 610 impudens
742 539 916 609 atque
945 536 1150 608 iniqua
1197 536 1440 593 avaritia
1487 543 1595 593 est.
1646 540 2032 603 Quamobrem

2175 540 2397 609 »πηκόου
2462 544 2629 612 ζωὴν,
2689 547 2848 597 τοῦτο
2904 539 3211 612 καπηλικόν
3246 584 3260 599 .
3315 540 3388 595 Τὸ
3444 535 3505 595 δὲ
3562 539 3805 594 ἀπαιτεῖν

399 627 652 682 avaritia:
681 627 919 682 morbus
951 626 1264 697 pessimus,
1312 628 1408 697 qui
1462 629 1671 683 anima;
1725 631 1901 684 decus
1950 630 2039 684 in;

401 716 605 787 fringit
633 720 806 786 atque
828 717 1355 787 obscurat,regiam
1387 717 1731 788 dignitatem
1766 719 2044 773 humilifi-

403 809 495 860 cat
529 809 703 875 atque
725 804 1188 875 imminuit,totis
1212 805 1392 861 animi
1420 806 1643 863 viribus
1660 809 2044 864 detestandus

398 894 736 966 est.Quippe
750 894 885 949 huic
900 895 1151 950 avaritiae
1167 913 1263 951 rex
1278 901 1520 952 Perseus
1535 898 2042 969 deditus,rcgnum

405 999 579 1037 suum
613 1000 677 1037 ac
708 983 1055 1053 dignitatem
1088 986 1649 1057 amisitzcaptusque
1680 1003 1713 1042 a
1744 988 2042 1056 Romanis,

398 1070 650 1126 vinculis
682 1077 931 1127 onustus
962 1073 1019 1126 in
1052 1074 1350 1145 triumpho
1380 1076 1589 1130 ductus
1620 1080 1708 1131 est
1742 1094 1755 1142 ;
1793 1094 2047 1149 cumque

411 1176 523 1214 sua
556 1161 806 1231 pecunia
836 1161 893 1215 in
926 1178 1138 1219 caecum
1176 1180 1464 1218 carcerem
1503 1166 1822 1236 conjcctus,
1870 1167 2048 1221 vitam

405 1248 621 1303 misere
669 1249 925 1304 clausit:
960 1267 1313 1322 magnOpere
1374 1258 1432 1307 et
1481 1258 1621 1307 tunc
1679 1255 1751 1308 ob
1804 1254 2047 1310 stultam

406 1354 576 1392 suam
609 1338 914 1393 avaritiam
945 1339 1177 1405 irrisus,
1229 1344 1400 1411 atque
1447 1343 1518 1396 ad
1551 1347 1808 1398 nostram
1863 1361 2049 1416 usque

408 1430 636 1480 aetatem
656 1425 929 1482 ludubrio
961 1428 1215 1484 habitus.
1247 1432 1319 1483 At
1345 1447 1479 1485 vero
1510 1430 1833 1488 Alexander
1863 1434 2049 1487 admi-

317 1539 321 1543 ν
410 1515 630 1570 randus
662 1531 780 1580 rex,
811 1517 1062 1571 avaritiae
1092 1518 1294 1585 victor,
1324 1519 1464 1573 dum
1507 1519 1616 1575 hoc
1662 1520 1867 1576 vitium
1919 1522 2050 1577 odio

411 1607 467 1658 et
496 1605 861 1676 contemptui
912 1606 1108 1673 habet,
1163 1608 1419 1662 universi
1466 1625 1645 1680 prope
1693 1610 1851 1665 orbis
1894 1611 2049 1666 brevi

412 1695 673 1764 tempore
705 1694 1030 1748 dominium
1064 1696 1337 1750 obtinuit.
1383 1697 1437 1752 Is
1470 1698 1609 1769 quia
1640 1698 2050 1755 thesaurorum

415 1782 570 1852 apud
602 1798 665 1836 se
694 1781 889 1837 locum
910 1787 1106 1839 tenere
1137 1784 1366 1840 dicebat
1396 1786 1714 1843 familiares
1739 1806 2053 1860 suos,quos

2150 628 2283 696 τέλη
2320 631 2607 705 παράλογα
2653 630 2743 685 καὶ
2794 631 2926 706 ὑπὲρ
2974 631 3074 698 τήν
3118 635 3223 683 τῶν
3276 627 3602 705 ἀρχομένων
3652 624 3812 682 δύνα-

2156 739 2245 789 μιν
2281 716 2661 789 ἀναιδεστατης
2709 716 3022 789 πλεονεξίας
3066 717 3153 772 κσὶ
3202 716 3411 779 ἀδίκιας
3458 715 3624 773 ἐστίν.
3657 718 3813 770 ’Ὀθεν

2151 807 2251 874 τήν
2296 814 2396 876 τῆς
2451 807 2900 884 φιλοχρηματίας
2949 805 3208 876 κακίστην
3256 806 3413 860 νόσον
3461 806 3811 881 ἀμαυροῦσαν

2160 894 2255 966 μὶν
2304 895 2395 950 καὶ
2447 895 2797 964 σκοτίζουσαν
2846 897 2908 951 τὸ
2956 902 3057 965 τῆς
3103 898 3288 969 ψυχῆς
3337 891 3570 962 κάλλος,
3623 894 3725 962 τήν
3759 889 3820 946 δὲ

2161 982 2436 1056 βασιλείαν
2516 984 2841 1039 ἐλαττοῦσαν
2918 982 3007 1039 καί
3071 983 3584 1059 ἀκρωτηριάζουσαν
3640 1027 3655 1054 ,
3735 978 3823 1035 δεῖ

2162 1079 2334 1144 μισεῖν
2372 1074 2422 1144 ἐξ
2463 1074 2601 1144 ὅλης
2650 1078 2856 1149 ψυχῆς
2905 1072 3105 1142 ταύτην
3150 1072 3254 1147 γάρ
3302 1072 3401 1140 τὴν
3449 1070 3819 1147 φιλοχρημα-

2156 1161 2272 1215 τίαν
2308 1164 2336 1216 6
2372 1164 2464 1234 μὲν
2502 1163 2755 1238 βασιλεὺς
2788 1161 3019 1238 Περσεὺς
3051 1163 3331 1237 ἀγαπήσας
3372 1162 3503 1233 (24),
3538 1154 3813 1229 ἐξεϐλήθη

2158 1250 2246 1305 καὶ
2303 1259 2402 1320 τῆς
2458 1251 2636 1328 ἀρχῆς
2693 1251 2856 1306 αὐτοῦ
2911 1250 3002 1305 καὶ
3062 1256 3253 1322 τιμῆς·
3312 1249 3403 1303 καὶ
3458 1246 3821 1322 κατασχεθεὶς

2160 1338 2264 1393 ὑπὸ
2321 1346 2430 1394 τῶν
2489 1340 2794 1413 Ῥωμαίων,
2854 1337 3017 1415 ἤγετο
3069 1336 3311 1411 δέσμιος·
3369 1337 3460 1391 καὶ
3519 1337 3659 1408 μετά
3705 1340 3821 1390 τῶν

2160 1431 2465 1503 χρημάτων
2524 1428 2600 1490 εἷς
2652 1430 2896 1483 σκοτικὸν
2960 1427 3159 1483 λάκκον
3219 1421 3510 1496 ἐνεϐλήθη,
3568 1424 3661 1480 καὶ
3719 1427 3828 1493 τήν

2162 1517 2355 1572 ἑαυτοῦ
2435 1519 2579 1587 ζωὴν
2652 1516 2857 1579 ἀθλίως
2927 1516 3204 1573 ἀπώλεσεν
3242 1536 3253 1546 ·
3312 1513 3499 1569 πολλά
3575 1512 3668 1569 διὰ
3718 1515 3824 1581 τήν

2163 1606 2471 1684 ἀφροσύνην
2541 1606 2631 1661 καὶ
2703 1604 3152 1684 φιλοχρηματίαν
3202 1602 3670 1679 καταγελασθεὶς,
3728 1602 3830 1656 καὶ

2167 1695 2331 1769 μέχρι
2389 1700 2487 1749 τοῦ
2546 1694 2814 1770 παρόντος
2869 1694 3071 1770 χρόνου
3122 1691 3509 1766 καταγελᾶται.
3562 1689 3830 1761 Ἀλέξαν-

2165 1781 2291 1859 δρος
2352 1782 2409 1839 δὲ
2466 1786 2495 1839 6
2541 1787 2842 1857 θαυμάσιος
2905 1780 3179 1858 βασιλεὺς,
3227 1783 3326 1849 τὴν
3370 1778 3831 1858 φιλοχρηματίαν

415 1871 749 1925 defensores
782 1872 840 1925 in
873 1872 1032 1927 omni
1064 1873 1216 1928 bello
1246 1878 1419 1945 atque
1462 1876 1773 1933 auxiliares
1804 1878 2052 1933 circum-

2175 1876 2417 1945 νικήσας,
2479 1874 2569 1927 xui
2614 1874 2676 1928 τὸ
2731 1872 2933 1943 ταύτης
2980 1872 3147 1933 πάθος
3208 1872 3440 1944 μισήσας
3486 1868 3578 1923 καὶ
3632 1866 3836 1943 βδελυ-

418 1959 658 2025 ferebat,
693 1976 727 2013 a
757 1960 989 2015 nemine
1019 1978 1133 2016 non
1166 1962 1787 2036 laudatur,multisque
1818 1968 2055 2038 regibus

417 2047 607 2118 major
635 2049 817 2103 evasit
846 2053 1022 2120 atque
1052 2051 1123 2105 ad
1156 2050 1312 2107 hunc
1341 2070 1526 2124 usque
1548 2054 1702 2109 diem
1754 2056 2057 2127 praeconiis

416 2135 760 2192 celebratur.
796 2139 1006 2193 Eodem
1042 2141 1223 2195 animi
1244 2140 1643 2215 habituCyrus
1673 2161 1905 2216 quoque
1928 2146 2054 2202 fuit:

418 2225 519 2295 qui
549 2242 688 2296 opes
736 2226 1038 2282 universas
1089 2229 1294 2286 amicis
1343 2231 1467 2287 suis
1508 2231 1783 2303 largiens,
1820 2239 2059 2289 cunctas

416 2330 479 2369 se
510 2314 808 2385 possidere
839 2317 1079 2386 putabat
1113 2343 1127 2383 -,
1160 2319 1258 2389 qui
1290 2320 1432 2375 dum
1479 2338 1617 2376 suos
1670 2323 1819 2377 dites
1851 2323 2063 2379 faceret

418 2406 593 2473 atque
634 2407 958 2470 exornaret,
1010 2404 1317 2461 lmtabatur
1363 2409 1488 2479 ipse
1526 2414 1699 2481 atque
1749 2412 2059 2483 gestiebat.

418 2490 656 2546 Dicente
680 2497 875 2547 autem
908 2494 1103 2549 nescio
1134 2511 1269 2565 quo,
1302 2497 1386 2552 Tu
1419 2499 1738 2571 vero,Cyre,
1758 2502 2061 2571 ecquando

420 2584 601 2634 temet
650 2581 885 2635 ornabis
914 2580 942 2635 ?
982 2582 1075 2637 Vel
1129 2586 1401 2650 maxime,
1452 2589 1772 2659 respondit,
1820 2596 2061 2645 ornatus

424 2685 578 2736 sum,
613 2669 754 2723 dum
782 2686 885 2725 vos
916 2687 1117 2726 omnes
1148 2678 1383 2729 ornatos
1413 2676 1655 2746 aspicio.
1692 2677 1918 2733 Rursus
1949 2678 2062 2734 alio

423 2762 686 2830 rogante,
744 2758 998 2814 Curnam
1028 2760 1132 2815 tibi
1167 2778 1305 2833 opes
1327 2779 1442 2818 non
1475 2765 1663 2819 sumis
1692 2764 1721 2819 ?
1748 2767 1945 2839 Atqui,
1975 2766 2064 2822 in-

424 2845 553 2917 quit
583 2863 716 2901 sum
742 2846 1092 2917 ditissimus,
1126 2850 1265 2921 quia
1297 2868 1457 2907 meos
1488 2868 1690 2908 omnes
1739 2854 1958 2911 divitiis
1979 2857 2064 2911 αῖς

422 2934 668 2991 fluentes
697 2935 884 2991 video.
917 2938 1217 3007 Ejusmodi
1277 2956 1410 2995 curn
1460 2946 1616 2997 esset
1645 2942 1845 3014 Cyrus,
1882 2945 2064 3014 patris

420 3039 633 3079 nomen
664 3024 735 3079 ob
768 3041 936 3080 suam
969 3025 1337 3083 clementiam
1371 3029 1647 3096 obtinuit,
1693 3032 1828 3103 quia
1861 3031 2061 3086 videli-

421 3117 511 3167 cet
541 3130 775 3168 omnem
808 3114 983 3169 dabat
1013 3131 1248 3186 operam
1300 3122 1365 3172 ut
1415 3120 1513 3189 qui
1564 3119 1623 3174 in
1671 3121 1798 3190 ejus
1847 3119 2065 3176 ditione

423 3201 732 3273 degebant,
767 3202 1094 3258 beatissimi
1144 3211 1361 3260 essent.
1412 3208 1486 3262 At
1535 3209 1870 3281 Cambyses,
1922 3209 2061 3281 quia

421 3290 731 3345 contrariis
761 3291 1026 3346 moribus
1053 3293 1332 3363 praeditus
1354 3294 1482 3363 fuit,
1501 3312 1671 3367 asper
1700 3298 2061 3370 acerbusque

422 3378 701 3435 dominus
732 3380 1018 3435 vocitatus
1064 3385 1171 3436 est.
1222 3381 1434 3439 Darius
1483 3401 1715 3456 avarus,
1768 3387 2062 3455 sordidus,

422 3467 735 3538 turpisque
766 3467 913 3521 lucri
946 3469 1385 3543 studiosus,qui
1442 3476 1778 3530 acervandaa
1801 3476 2066 3547 pecunia:

425 3571 604 3610 causa
634 3554 863 3610 nullum
895 3555 1148 3627 lapidem
1183 3576 1298 3614 non
1331 3563 1810 3636 movebat,caupo
1842 3564 2067 3621 diceba-

425 3648 543 3698 tur.
574 3644 702 3698 Jam
734 3648 791 3699 et
827 3645 1237 3702 Thebanorum
1280 3650 1397 3704 dux
1445 3652 1879 3723 Epaminondas
1911 3654 2068 3710 hunc

428 3736 728 3801 tantopere
760 3734 1019 3804 pecuniae
1051 3736 1321 3792 morbum
1380 3740 1601 3809 oderat,
1654 3746 1718 3796 ut
1765 3744 2068 3799 observato

428 3819 746 3890 aliquando
778 3821 983 3889 milite,
1019 3824 1120 3894 qui
1168 3826 1459 3896 captivum
1493 3847 1665 3885 suum
1699 3832 2068 3898 divendebat,

430 3912 665 3963 scutum
700 3908 781 3962 illi
812 3911 1107 3981 eripuerit,
1141 3915 1529 3988 eumdemque
1559 3918 1689 3974 albo
1722 3919 1961 3975 militari
1983 3938 2073 3975 ex-

430 3997 723 4069 punxerit,
759 3998 958 4054 dicens
991 4016 1003 4053 :
1042 4001 1184 4055 Mihi
1225 4004 1460 4073 quidem
1505 4012 1740 4062 scutum
1780 4011 2020 4065 restitue
2053 4031 2067 4079 ς

430 4091 494 4140 tu
517 4102 650 4140 vero
682 4088 1036 4158 cauponium
1072 4095 1237 4145 tuum
1269 4101 1551 4150 exercete.
1594 4096 1732 4152 Cato
1779 4098 2070 4154 Romano-

433 4192 565 4229 rum
600 4174 918 4247 imperator
938 4194 1070 4233 eum
1104 4196 1237 4235 eum
1265 4180 1437 4253 legati
1461 4184 1777 4241 Britannici
1803 4187 2073 4243 amicitiis

434 4263 857 4335 charitatisque
886 4265 1153 4322 ineundae
1176 4285 1354 4325 causa
1370 4274 2077 4341 convenissent,multam-

436 4369 551 4424 que
579 4352 698 4407 vim
731 4352 859 4408 auri
891 4355 1186 4424 offerrent,
1218 4359 1487 4416 homines
1528 4362 1764 4433 quidem
1812 4364 2077 4419 hilariter

435 4442 825 4513 benevoleque
856 4443 1114 4517 admisit,
1148 4448 1619 4523 postulatumque
1652 4453 1973 4508 amicitiam
2006 4452 2072 4507 1i-

436 4530 906 4603 benterlargitus
935 4537 1025 4588 est
1057 4552 1070 4601 ;
1104 4551 1311 4591 aurum
1346 4542 1541 4593 tamen
1572 4541 1820 4607 remisit,
1844 4541 2071 4597 dicens:

2169 1961 2420 2034 ξάμενος,
2490 1960 2682 2038 σχεδὸν
2728 1968 2831 2030 τῆς
2880 1959 3204 2032 οἰκουμένης
3264 1959 3473 2028 ἀπάσης
3521 1957 3573 2011 ἐν
3625 1960 3839 2032 βραχεῖ

2170 2051 2359 2126 χρόνῳ
2416 2050 2600 2126 γέγονε
2656 2049 2931 2124 βασιλεύς·
2990 2047 3293 2122 θησαυροὺς
3338 2048 3439 2123 γάρ
3487 2045 3645 2106 οὗτος
3693 2045 3831 2107 τοὺς

2168 2138 2366 2217 φίλους
2414 2139 2749 2213 ἡγούμενος,
2802 2137 2895 2200 οὓς
2947 2137 3304 2197 συνασπιστάς
3362 2135 3437 2197 εἷς
3494 2133 3670 2188 πάντα
3722 2133 3834 2188 πό-

2170 2227 2339 2301 λεμον
2388 2229 2504 2303 εἶχε
2551 2228 2640 2282 καὶ
2697 2226 2957 2302 βοηθοὺς,
3017 2224 3165 2300 παρά
3217 2226 3431 2278 πάντων
3488 2222 3831 2294 ἐπαινεῖται,

2169 2316 2397 2372 πολλῶν
2447 2314 2714 2391 βασιλέων
2771 2314 2969 2389 μείζων
3013 2313 3325 2389 γενόμενος,
3372 2314 3463 2367 καὶ
3513 2312 3683 2387 μέχρι
3728 2315 3837 2365 τοῦ

2170 2411 2260 2460 ν’ὖν
2314 2405 2743 2478 θαυμαζόμενος.
2801 2404 3009 2472 Ταύτης
3063 2409 3164 2471 τῆς
3219 2404 3447 2475 γνώμης
3500 2398 3592 2454 xui
3651 2403 3834 2473 Κῦρος

2172 2495 2432 2571 ἐτύγχανε
2460 2514 2473 2526 ·
2525 2498 2695 2549 πάντα
2741 2495 2844 2568 γάρ
2884 2494 3149 2568 χρήματα
3192 2495 3308 2551 τοῖς
3357 2488 3540 2566 φίλοις
3590 2485 3776 2563 δωρού
3805 2521 3831 2530 -

2175 2606 2379 2657 μενος,
2437 2584 2505 2639 τά
2558 2580 2772 2638 πάντων
2830 2581 2975 2657 ἔχειν
3036 2579 3250 2653 ἐνόμιζε
3284 2596 3296 2608 ⁸
3356 2578 3445 2632 καὶ
3511 2576 3831 2645 πλουτίζων

2170 2672 2298 2735 τοὺς
2350 2673 2514 2726 αὐτοῦ
2571 2672 2659 2725 καὶ
2715 2674 2938 2743 κοσμῶν
2972 2715 2987 2740 ,
3038 2668 3198 2729 αὐτὸς
3273 2665 3553 2741 ἠγάλλετό
3615 2686 3677 2719 τε
3731 2664 3831 2719 καὶ

2173 2760 2534 2838 ἐφαιδρύνετο.
2586 2761 2740 2821 Τινὸς
2786 2756 2843 2814 δὲ
2888 2758 3133 2818 εἰπόντος
3182 2755 3351 2827 αύτῷ,
3404 2754 3480 2809 Σὺ
3513 2752 3592 2825 δὲ,
3639 2755 3686 2808 ὦ
3718 2757 3830 2807 Κῦ-

2175 2870 2251 2924 ρε,
2304 2850 2435 2904 πότε
2479 2850 2777 2921 κοσμήσεις
2822 2846 3013 2902 σαυτόν
3047 2865 3061 2916 ;
3096 2845 3194 2899 Καὶ
3248 2845 3355 2917 μὴν
3407 2842 3640 2918 ἐξόχως,
3687 2842 3834 2914 εἶπε,

2174 2938 2577 3011 Κεκόσμημαι,
2653 2938 2851 2998 πάντας
2914 2934 3051 3007 ὑμὰς
3120 2932 3567 3005 κεκοσμημένους
3629 2931 3770 3002 ὁρῶν
3816 2971 3830 2983 .

2172 3027 2383 3085 ’Άλλου
2415 3025 2471 3082 δέ
2499 3048 2645 3088 τινος
2696 3025 3070 3102 ἐρωτήσαντος
3119 3022 3297 3091 αὐτὸν,
3348 3020 3499 3075 Διατί
3550 3019 3614 3074 οὗ
3655 3016 3835 3074 πλου-

2170 3123 2318 3186 τεῖς;
2376 3116 2473 3170 Καὶ
2530 3116 2673 3188 μὴν,
2725 3114 2868 3185 εἶπε,
2915 3118 3077 3169 τοῦτο
3131 3111 3297 3187 μέγας
3346 3109 3586 3170 πλοῦτος
3647 3107 3833 3181 ἐμοὶ,

2173 3205 2258 3259 ὅτι
2315 3204 2503 3280 βλέπω
2548 3203 2921 3264 πλουτοῦντας
2964 3201 3160 3262 πάντας
3209 3197 3338 3261 τοὺς
3380 3196 3683 3272 ἡμετέρους
3712 3238 3726 3252 .
3772 3200 3836 3250 '0

2170 3298 2415 3356 τοιοῦτος
2457 3297 2629 3368 Κῦρος
2676 3292 2855 3364 πατὴρ
2905 3287 3150 3345 ἐκαλεῖτο
3364 3284 3453 3341 διὰ
3497 3285 3561 3340 τὸ
3612 3305 3836 3358 συμπα-

2174 3384 2284 3455 θὲς,
2342 3381 2430 3437 καὶ
2484 3381 2546 3437 τὸ
2601 3380 2737 3435 κατά
2793 3379 2967 3434 πάντα
3020 3376 3220 3453 τρόπον
3276 3374 3681 3449 ἐπιμελεῖσθαι,
3744 3373 3838 3428 ἴνα

2173 3472 2347 3527 πάντα
2401 3472 2469 3526 τὰ
2518 3467 2788 3525 κάλλιστα
2838 3466 3038 3544 ἔχωσιν
3095 3467 3147 3521 οἱ
3193 3463 3296 3521 ὑπὸ
3347 3466 3444 3532 τὴν
3497 3462 3702 3517 ἐκείνου
3734 3462 3835 3536 ἀρ-

2173 3563 2284 3638 χήν
2318 3603 2332 3618 .
2388 3566 2444 3613 Ὁ
2497 3556 2554 3613 δὲ
2628 3552 2922 3631 Καμϐύσης
2981 3553 3072 3610 διὰ
3123 3555 3186 3609 τὸ
3254 3554 3323 3608 τά
3379 3550 3594 3607 ἐναντία
3648 3550 3837 3638 τούτῳ

2176 3635 2374 3721 ποιεῖν,
2415 3645 2662 3725 χαλεπὸς
2710 3647 2800 3701 καὶ
2846 3645 3039 3721 πικρὸς
3089 3641 3354 3712 δεσπότης
3400 3639 3638 3715 ἐλέγετο.
3683 3640 3743 3693 Ὀ
3775 3635 3841 3693 δὲ

2179 3743 2398 3813 Δαρεῖος
2448 3734 2872 3815 φιλοχρήματος
2922 3731 2994 3787 ὢν
3043 3731 3134 3787 καὶ
3166 3729 3438 3809 φειδωλὸς
3475 3728 3565 3783 καὶ
3598 3729 3837 3803 αἱσχρο-

2178 3824 2379 3902 κερδὴς
2424 3826 2515 3879 καὶ
2561 3818 2799 3900 τρόπους
2849 3822 3078 3877 ἐπινοῶν
3128 3818 3433 3895 χρημάτων
3488 3823 3837 3893 συναγωγῆς,

2179 3914 2428 3984 κάπηλος
2478 3912 2788 3986 ὠνομάζετο
2842 3913 2977 3984 (26).
3034 3907 3213 3963 Ἀλλά
3266 3908 3357 3961 καὶ
3417 3902 3841 3979 Ἐπαμινώνδας

2183 4005 2211 4058 ὁ
2260 3998 2516 4074 Θηϐαίων
2567 4000 2869 4075 στρατηγὸς
2917 3998 3089 4060 οὕτως
3136 3997 3242 4051 ἀπὸ
3293 4000 3483 4071 ψυχῆς
3533 3993 3711 4067 ἐμίσει
3740 3994 3846 4060 τὴν

2179 4092 2435 4161 τοιαύτην
2508 4090 2665 4144 νόσον
2741 4088 2865 4164 περὶ
2920 4088 2987 4142 τά
3044 4088 3349 4162 χρήματα,
3407 4083 3549 4137 ὥστε
3603 4082 3683 4144 ὡς
3734 4078 3846 4136 εἶδέ

2182 4183 2314 4237 ποτέ
2347 4201 2467 4235 τινα
2513 4183 2619 4233 τῶν
2670 4180 3011 4253 στρατιωτῶν
3063 4172 3534 4246 ἀπεμπολήσαντα
3575 4171 3637 4225 ’ὸν
3690 4169 3843 4243 εἶχεν

2183 4267 2566 4346 αἰχμάλωτον,
2619 4266 2951 4344 ἀφελόμενος
2998 4265 3098 4333 τήν
3150 4260 3368 4334 ἀσπίδα,
3425 4264 3524 4315 τοῦ
3575 4278 3847 4346 στρατιωέ

2182 4345 2336 4414 τικοῦ
2405 4356 2681 4431 τάγματος
2759 4353 2915 4408 αὐτὸν
2994 4349 3257 4421 ἀπεδίωξε
3309 4394 3324 4419 ,
3381 4348 3547 4404 εἰπὼν
3601 4392 3617 4419 ,
3680 4345 3842 4419 Ἐμοὶ

2188 4448 2283 4521 μὲν
2328 4445 2672 4518 ἀντίστρεψον
2727 4444 2825 4512 τήν
2878 4440 3093 4511 ἀσπίδα·
3144 4438 3207 4494 σὺ
3255 4436 3314 4493 δὲ
3360 4438 3423 4492 σὺ
3472 4442 3553 4509 τῷ
3596 4434 3841 4507 καπήλῳ

2188 4536 2499 4611 εύτρέπισον
2537 4577 2550 4590 .
2602 4532 2788 4587 Κάτων
2854 4529 2912 4585 δὲ
2960 4531 2988 4584 6
3034 4533 3140 4583 τῶν
3191 4525 3478 4601 Ῥωμαίων
3531 4525 3842 4600 στρατηγὸς

436 4634 633 4675 servos
665 4621 781 4676 emi
826 4621 1032 4689 solere,
1084 4624 1303 4681 amicos
1360 4626 1514 4698 eligi.
1566 4631 1723 4685 Adeo
1770 4631 1862 4685 hic
1902 4630 2064 4685 etiarr

2186 4625 2314 4687 τοὺς
2383 4622 2637 4687 ἐλθόντας
2716 4621 2791 4682 εἷς
2850 4618 3008 4674 αὐτὸν
3065 4611 3317 4694 πρέσϐεις
3377 4616 3482 4670 ἀπὸ
3556 4613 3842 4690 βρετανίας

436 4709 693 4780 pecuniae
725 4716 1093 4781 contemptor
1131 4714 1240 4768 fuit
1273 4715 1283 4768 Ξ
1321 4732 1498 4785 quam
1541 4718 1615 4772 ob
1665 4736 1784 4775 rem
1836 4720 1949 4774 late
1980 4735 2081 4790 per

438 4798 638 4852 orbem
671 4815 849 4870 prope
880 4800 1217 4857 universum
1246 4821 1458 4859 nomen
1489 4807 1617 4876 ejus
1650 4807 2079 4864 inclaruit.Jam

441 4902 569 4955 quae
600 4886 782 4956 Cyrus
814 4892 871 4941 et
902 4890 1472 4960 Epaminondas,bac
1501 4895 1715 4951 virtute
1747 4914 1812 4952 ac
1835 4897 2085 4967 pruden-

440 4971 524 5025 tia
569 4970 852 5043 insignes,
899 4977 1204 5045 splendide
1259 4986 1656 5051 patraverunt,
1717 4983 1813 5038 alii
1864 4983 2087 5039 scilicet

444 5060 812 5130 narrent,qui
844 5061 1107 5119 historiis
1138 5065 1369 5122 illorum
1404 5069 1665 5139 legendis
1694 5076 1928 5143 tempus
1948 5088 2083 5126 con-

446 5148 748 5201 triverunt.
800 5150 1025 5205 Etenim
1076 5154 1407 5224 Alexandri,
1459 5159 1587 5229 Cyri
1636 5166 1813 5229 atque
1860 5160 2088 5232 Epami-

448 5235 654 5289 nondae
678 5252 768 5290 res
790 5238 1058 5307 praeclare
1081 5249 1256 5312 gestre
1278 5244 1495 5316 ingenti
1522 5250 1641 5303 face
1663 5249 2090 5320 splendidiores

450 5322 713 5377 relucent
744 5341 757 5378 :
792 5342 1079 5397 nemoque
1100 5347 1198 5388 cas
1230 5333 1591 5402 ignorat,nisi
1620 5338 1719 5408 qui
1754 5339 1897 5393 forte
1922 5338 2089 5408 plane

450 5426 646 5465 socors
668 5417 758 5466 est
786 5416 962 5483 atque
995 5419 1187 5473 omnis
1216 5420 1542 5479 honestatis
1571 5426 2093 5483 incuriosus.Sunt

454 5658 490 5713 Ρ
525 5572 632 5695 (ξέἓ
674 5573 820 5698 ξιὲξο
847 5573 1080 5630 Diodori
1117 5595 1182 5633 ac
1214 5581 1435 5653 Polybii
1478 5585 1759 5643 Vaticana
1801 5593 2089 5661 excerpta,

500 5684 510 5695 .
556 5682 589 5692 ..
620 5685 631 5709 ,
779 5686 791 5698 .

680 5683 1008 5773 Iamdiserte
1064 5723 1314 5779 testatur
1369 5727 1655 5785 Diodorus
1710 5730 1942 5786 Siculus
2000 5733 2091 5787 ed.

2187 4712 2363 4768 ἕνεκεν
2400 4710 2584 4790 φιλίας
2632 4709 2722 4764 καὶ
2770 4709 3008 4785 ἀγάπης,
3056 4706 3145 4761 καὶ
3181 4702 3429 4766 πολλοὺς
3472 4706 3688 4779 χρυσοῦ
3746 4722 3842 4756 κο-

2196 4802 2453 4875 μίσαντας
2507 4797 2850 4873 θησαυροὺς,
2914 4795 3147 4857 ἐκείνους
3202 4794 3295 4867 μὲν
3345 4790 3523 4862 ἡδέως
3572 4792 3665 4845 καὶ
3732 4791 3850 4863 μετ’

2197 4889 2530 4965 εὐφροσύνης
2552 4886 2785 4959 ἐδέξατο,
2835 4886 2926 4940 καὶ
2975 4886 3073 4953 τήν
3128 4880 3310 4962 φιλίαν
3352 4884 3413 4951 ἣν
3448 4880 3677 4951 ἐζήτουν
3712 4879 3851 4934 ἀπο-

2197 4952 2480 5051 δεξάμενος
2538 4975 2763 5052 ἔστερξε·
2824 4976 2915 5029 τὸν
2973 4972 3029 5028 δὲ
3085 4972 3289 5049 χρυσὸν
3338 4971 3702 5043 ἀπεπέμψατο
3749 4967 3853 5041 [εἶ-

2196 5070 2331 5141 πών]
2367 5068 2443 5129 ὡς
2473 5067 2522 5121 oi
2556 5064 2744 5120 δοῦλοι
2800 5064 2891 5137 μέν
2941 5064 3073 5118 εἶσιν
3127 5061 3349 5132 ὠνητοὶ,
3400 5060 3451 5114 οἱ
3494 5056 3553 5114 δὲ
3582 5056 3742 5135 φίλοι
3771 5058 3852 5111 αἱ-

2199 5158 2366 5232 ρετοί.
2421 5159 2682 5210 Τοσοῦτον
2733 5151 2791 5207 δὲ
2832 5152 2920 5207 καὶ
2979 5151 3133 5212 οὗτος
3180 5148 3596 5226 καταφρονητὴς
3638 5144 3850 5222 ἐγένετο

2197 5252 2302 5301 τῶν
2337 5246 2662 5321 γρημάτων·
2714 5240 2803 5296 διὰ
2846 5245 3006 5295 τοῦτο
3050 5240 3139 5293 καὶ
3190 5242 3473 5313 πανταχοῦ
3517 5232 3716 5311 σχεδὸν
3747 5240 3851 5304 τῆς

2201 5335 2529 5407 οἰκουμένης
2580 5330 2765 5407 γέγονε
2813 5330 3181 5402 περιώνυμος.
3236 5330 3373 5381 Ὅσα
3432 5323 3490 5380 δὲ
3547 5324 3851 5401 ἀμφότεροι

2202 5425 2351 5479 οὗτοι
2394 5424 2447 5477 οἱ
2495 5418 2791 5496 στρατηγοὶ
2832 5416 2861 5472 ὅ
2899 5437 2958 5472 τε
3002 5421 3175 5491 Κῦρος
3216 5414 3305 5470 καὶ
3354 5416 3382 5469 6
3430 5408 3855 5486 Ἐπαμινώνδας

2204 5583 2449 5641 Wessel.
2502 5586 2647 5637 tom.
2708 5579 2776 5649 II,
2834 5592 2967 5649 pag.
3021 5577 3146 5631 553.
3196 5575 3372 5631 Confe
3429 5574 3545 5630 Cic.
3604 5573 3687 5628 De
3730 5586 3849 5642 rep.

2204 5678 2243 5727 Β
2413 5725 2496 5781 Ex
2522 5720 2810 5791 Herodoto
2843 5736 2929 5787 III,
2959 5720 3049 5773 89.
