  <div class='ocr_page' id='page_1' title='image "/cluster/home/n/w/nwhite01/storage/ocr_20150623/142/mdp.39015078384792/322.png"; bbox 0 0 4096 6432; ppageno 0'>
   <div class='ocr_carea' id='block_1_1' title="bbox 277 434 400 499">
    <p class='ocr_par' dir='ltr' id='par_1_1' title="bbox 277 434 400 499">
     <span class='ocr_line' id='line_1_1' title="bbox 277 434 400 499; baseline 0.016 -2"><span class='ocrx_word' id='word_1_1' title='bbox 277 434 400 499; x_wconf 76' lang='lat'>629</span> 
     </span>
    </p>
   </div>
   <div class='ocr_carea' id='block_1_2' title="bbox 1425 436 2539 503">
    <p class='ocr_par' dir='ltr' id='par_1_2' title="bbox 1425 436 2539 503">
     <span class='ocr_line' id='line_1_2' title="bbox 1425 436 2539 503; baseline 0 -2"><span class='ocrx_word' id='word_1_2' title='bbox 1425 436 1718 502; x_wconf 79' lang='lat' dir='ltr'>ORATIO</span> <span class='ocrx_word' id='word_1_3' title='bbox 1760 438 1865 500; x_wconf 90' lang='lat' dir='ltr'>DE</span> <span class='ocrx_word' id='word_1_4' title='bbox 1907 436 2137 502; x_wconf 83' lang='lat' dir='ltr'>REGIS</span> <span class='ocrx_word' id='word_1_5' title='bbox 2182 438 2539 503; x_wconf 83' lang='lat' dir='ltr'>OFFICIIS.</span> 
     </span>
    </p>
   </div>
   <div class='ocr_carea' id='block_1_3' title="bbox 3567 439 3689 503">
    <p class='ocr_par' dir='ltr' id='par_1_3' title="bbox 3567 439 3689 503">
     <span class='ocr_line' id='line_1_3' title="bbox 3567 439 3689 503; baseline -0.008 -1"><span class='ocrx_word' id='word_1_6' title='bbox 3567 439 3689 503; x_wconf 85' lang='lat'>630</span> 
     </span>
    </p>
   </div>
   <div class='ocr_carea' id='block_1_4' title="bbox 270 564 1947 646">
    <p class='ocr_par' dir='ltr' id='par_1_4' title="bbox 270 564 1927 645">
     <span class='ocr_line' id='line_1_4' title="bbox 270 564 1927 645; baseline 0.001 -23"><span class='ocrx_word' id='word_1_7' title='bbox 270 569 517 622; x_wconf 91' lang='grc' dir='ltr'>τοιοῦτοι</span> <span class='ocrx_word' id='word_1_8' title='bbox 565 564 813 645; x_wconf 79' lang='grc' dir='ltr'>φανέντες</span> <span class='ocrx_word' id='word_1_9' title='bbox 860 566 960 634; x_wconf 80' lang='grc' dir='ltr'>τήν</span> <span class='ocrx_word' id='word_1_10' title='bbox 1013 565 1209 643; x_wconf 76' lang='grc' dir='ltr'>ἀρετὴν</span> <span class='ocrx_word' id='word_1_11' title='bbox 1258 567 1348 622; x_wconf 88' lang='grc' dir='ltr'>καὶ</span> <span class='ocrx_word' id='word_1_12' title='bbox 1395 569 1493 638; x_wconf 80' lang='grc' dir='ltr'>τὴν</span> <span class='ocrx_word' id='word_1_13' title='bbox 1539 567 1746 624; x_wconf 86' lang='grc' dir='ltr'>σύνεσιν</span> <span class='ocrx_word' id='word_1_14' title='bbox 1793 589 1927 623; x_wconf 88' lang='grc' dir='ltr'>κατ-</span> 
     </span>
    </p>
   </div>
   <div class='ocr_carea' id='block_1_5' title="bbox 2057 564 3686 646">
    <p class='ocr_par' dir='ltr' id='par_1_5' title="bbox 2057 571 3686 646">
     <span class='ocr_line' id='line_1_5' title="bbox 2057 571 3686 646; baseline 0.001 -20"><span class='ocrx_word' id='word_1_15' title='bbox 2057 571 2198 627; x_wconf 72' lang='lat' dir='ltr'>anim</span> <span class='ocrx_word' id='word_1_16' title='bbox 2229 588 2321 628; x_wconf 89' lang='lat' dir='ltr'>res</span> <span class='ocrx_word' id='word_1_17' title='bbox 2369 572 2680 644; x_wconf 83' lang='lat' dir='ltr'>ejusmodi,</span> <span class='ocrx_word' id='word_1_18' title='bbox 2733 584 2985 644; x_wconf 85' lang='lat' dir='ltr'>quarum</span> <span class='ocrx_word' id='word_1_19' title='bbox 3019 572 3176 628; x_wconf 88' lang='lat' dir='ltr'>fama</span> <span class='ocrx_word' id='word_1_20' title='bbox 3212 588 3513 646; x_wconf 84' lang='lat' dir='ltr'>nunquam</span> <span class='ocrx_word' id='word_1_21' title='bbox 3548 588 3686 628; x_wconf 88' lang='lat' dir='ltr'>con-</span> 
     </span>
    </p>
   </div>
   <div class='ocr_carea' id='block_1_6' title="bbox 276 652 1930 732">
    <p class='ocr_par' dir='ltr' id='par_1_6' title="bbox 276 652 1930 732">
     <span class='ocr_line' id='line_1_6' title="bbox 276 652 1930 732; baseline 0 -22"><span class='ocrx_word' id='word_1_22' title='bbox 276 656 538 732; x_wconf 89' lang='grc' dir='ltr'>ώρθωσαν</span> <span class='ocrx_word' id='word_1_23' title='bbox 593 652 1049 731; x_wconf 83' lang='grc' dir='ltr'>μεγαλοπρεπῶς,</span> <span class='ocrx_word' id='word_1_24' title='bbox 1094 653 1398 732; x_wconf 71' lang='grc' dir='ltr'>λεγέτωσαν</span> <span class='ocrx_word' id='word_1_25' title='bbox 1448 654 1633 725; x_wconf 83' lang='grc' dir='ltr'>ἄλλοι,</span> <span class='ocrx_word' id='word_1_26' title='bbox 1666 655 1785 712; x_wconf 82' lang='grc' dir='ltr'>ὅσοι</span> <span class='ocrx_word' id='word_1_27' title='bbox 1836 658 1930 719; x_wconf 75' lang='grc' dir='ltr'>τὰς</span> 
     </span>
    </p>
   </div>
   <div class='ocr_carea' id='block_1_7' title="bbox 274 739 1929 822">
    <p class='ocr_par' dir='ltr' id='par_1_7' title="bbox 274 739 1929 822">
     <span class='ocr_line' id='line_1_7' title="bbox 274 739 1929 822; baseline 0 -22"><span class='ocrx_word' id='word_1_28' title='bbox 274 744 404 815; x_wconf 84' lang='grc' dir='ltr'>περὶ</span> <span class='ocrx_word' id='word_1_29' title='bbox 483 742 660 799; x_wconf 78' lang='grc' dir='ltr'>αὐτῶν</span> <span class='ocrx_word' id='word_1_30' title='bbox 744 744 1018 820; x_wconf 75' lang='grc' dir='ltr'>ἱστορικὰς</span> <span class='ocrx_word' id='word_1_31' title='bbox 1088 739 1317 820; x_wconf 88' lang='grc' dir='ltr'>βίϐλους</span> <span class='ocrx_word' id='word_1_32' title='bbox 1387 744 1706 822; x_wconf 85' lang='grc' dir='ltr'>ἀνέγνωσαν·</span> <span class='ocrx_word' id='word_1_33' title='bbox 1773 744 1929 801; x_wconf 87' lang='grc' dir='ltr'>Ἀλε-</span> 
     </span>
    </p>
   </div>
   <div class='ocr_carea' id='block_1_8' title="bbox 280 830 1930 910">
    <p class='ocr_par' dir='ltr' id='par_1_8' title="bbox 280 830 1930 910">
     <span class='ocr_line' id='line_1_8' title="bbox 280 830 1930 910; baseline 0.001 -22"><span class='ocrx_word' id='word_1_34' title='bbox 280 830 512 909; x_wconf 82' lang='grc' dir='ltr'>ξάνδρου</span> <span class='ocrx_word' id='word_1_35' title='bbox 572 833 677 909; x_wconf 81' lang='grc' dir='ltr'>γὰρ</span> <span class='ocrx_word' id='word_1_36' title='bbox 725 833 815 887; x_wconf 87' lang='grc' dir='ltr'>καὶ</span> <span class='ocrx_word' id='word_1_37' title='bbox 864 830 1042 908; x_wconf 86' lang='grc' dir='ltr'>Κύρου</span> <span class='ocrx_word' id='word_1_38' title='bbox 1101 832 1192 888; x_wconf 76' lang='grc' dir='ltr'>καὶ</span> <span class='ocrx_word' id='word_1_39' title='bbox 1259 831 1672 908; x_wconf 83' lang='grc' dir='ltr'>Ἐπαμινώνδου</span> <span class='ocrx_word' id='word_1_40' title='bbox 1736 855 1930 910; x_wconf 88' lang='grc' dir='ltr'>κατορ-</span> 
     </span>
    </p>
   </div>
   <div class='ocr_carea' id='block_1_9' title="bbox 280 919 1931 1000">
    <p class='ocr_par' dir='ltr' id='par_1_9' title="bbox 280 919 1931 1000">
     <span class='ocr_line' id='line_1_9' title="bbox 280 919 1931 1000; baseline -0.001 -22"><span class='ocrx_word' id='word_1_41' title='bbox 280 923 515 995; x_wconf 80' lang='grc' dir='ltr'>θώματα</span> <span class='ocrx_word' id='word_1_42' title='bbox 564 919 807 997; x_wconf 81' lang='grc' dir='ltr'>μεγάλου</span> <span class='ocrx_word' id='word_1_43' title='bbox 862 927 1071 997; x_wconf 83' lang='grc' dir='ltr'>πυρσοῦ</span> <span class='ocrx_word' id='word_1_44' title='bbox 1137 921 1309 1000; x_wconf 78' lang='grc' dir='ltr'>ιραίνει</span> <span class='ocrx_word' id='word_1_45' title='bbox 1375 920 1780 1000; x_wconf 86' lang='grc' dir='ltr'>λαμπρότερον·</span> <span class='ocrx_word' id='word_1_46' title='bbox 1842 923 1931 979; x_wconf 87' lang='grc' dir='ltr'>καὶ</span> 
     </span>
    </p>
   </div>
   <div class='ocr_carea' id='block_1_10' title="bbox 282 1010 1933 1087">
    <p class='ocr_par' dir='ltr' id='par_1_10' title="bbox 282 1010 1933 1087">
     <span class='ocr_line' id='line_1_10' title="bbox 282 1010 1933 1087; baseline 0 -20"><span class='ocrx_word' id='word_1_47' title='bbox 282 1011 472 1085; x_wconf 87' lang='grc' dir='ltr'>μόνοις</span> <span class='ocrx_word' id='word_1_48' title='bbox 547 1010 678 1066; x_wconf 80' lang='grc' dir='ltr'>εἰσὶν</span> <span class='ocrx_word' id='word_1_49' title='bbox 738 1011 991 1085; x_wconf 81' lang='grc' dir='ltr'>ἄγνωστα</span> <span class='ocrx_word' id='word_1_50' title='bbox 1062 1015 1179 1074; x_wconf 89' lang='grc' dir='ltr'>τοῖς</span> <span class='ocrx_word' id='word_1_51' title='bbox 1241 1010 1498 1087; x_wconf 79' lang='grc' dir='ltr'>ῥᾳθύμως</span> <span class='ocrx_word' id='word_1_52' title='bbox 1552 1012 1641 1067; x_wconf 81' lang='grc' dir='ltr'>καὶ</span> <span class='ocrx_word' id='word_1_53' title='bbox 1711 1011 1933 1084; x_wconf 82' lang='grc' dir='ltr'>ἀμελῶς</span> 
     </span>
    </p>
   </div>
   <div class='ocr_carea' id='block_1_11' title="bbox 276 1097 1934 1177">
    <p class='ocr_par' dir='ltr' id='par_1_11' title="bbox 276 1097 1934 1177">
     <span class='ocr_line' id='line_1_11' title="bbox 276 1097 1934 1177; baseline -0.001 -21"><span class='ocrx_word' id='word_1_54' title='bbox 276 1097 475 1177; x_wconf 77' lang='grc' dir='ltr'>ἔχουσι</span> <span class='ocrx_word' id='word_1_55' title='bbox 522 1101 647 1177; x_wconf 83' lang='grc' dir='ltr'>περὶ</span> <span class='ocrx_word' id='word_1_56' title='bbox 692 1101 763 1154; x_wconf 78' lang='grc' dir='ltr'>τὰ</span> <span class='ocrx_word' id='word_1_57' title='bbox 806 1097 967 1155; x_wconf 75' lang='grc' dir='ltr'>καλά’</span> <span class='ocrx_word' id='word_1_58' title='bbox 1021 1099 1112 1155; x_wconf 83' lang='grc' dir='ltr'>καὶ</span> <span class='ocrx_word' id='word_1_59' title='bbox 1159 1097 1420 1155; x_wconf 82' lang='grc' dir='ltr'>οὐδέποτε</span> <span class='ocrx_word' id='word_1_60' title='bbox 1485 1098 1934 1171; x_wconf 81' lang='grc' dir='ltr'>συντελεσθήσον-</span> 
     </span>
    </p>
   </div>
   <div class='ocr_carea' id='block_1_12' title="bbox 276 1183 1930 1265">
    <p class='ocr_par' dir='ltr' id='par_1_12' title="bbox 276 1183 1930 1265">
     <span class='ocr_line' id='line_1_12' title="bbox 276 1183 1930 1265; baseline -0.002 -20"><span class='ocrx_word' id='word_1_61' title='bbox 276 1210 369 1245; x_wconf 92' lang='grc' dir='ltr'>ται</span> <span class='ocrx_word' id='word_1_62' title='bbox 425 1192 612 1260; x_wconf 89' lang='grc' dir='ltr'>ταῦτα,</span> <span class='ocrx_word' id='word_1_63' title='bbox 648 1183 849 1264; x_wconf 75' lang='grc' dir='ltr'>μέχρις</span> <span class='ocrx_word' id='word_1_64' title='bbox 907 1187 967 1243; x_wconf 76' lang='grc' dir='ltr'>ἂν</span> <span class='ocrx_word' id='word_1_65' title='bbox 1001 1189 1029 1243; x_wconf 98' lang='lat'>6</span> <span class='ocrx_word' id='word_1_66' title='bbox 1057 1185 1222 1258; x_wconf 77' lang='grc' dir='ltr'>ἥλιος</span> <span class='ocrx_word' id='word_1_67' title='bbox 1278 1188 1608 1265; x_wconf 81' lang='grc' dir='ltr'>περιαυγάζῃ</span> <span class='ocrx_word' id='word_1_68' title='bbox 1654 1190 1753 1259; x_wconf 77' lang='grc' dir='ltr'>τὴν</span> <span class='ocrx_word' id='word_1_69' title='bbox 1802 1196 1930 1265; x_wconf 85' lang='grc' dir='ltr'>γῆν·</span> 
     </span>
    </p>
   </div>
   <div class='ocr_carea' id='block_1_13' title="bbox 277 1273 1934 1353">
    <p class='ocr_par' dir='ltr' id='par_1_13' title="bbox 277 1273 1934 1353">
     <span class='ocr_line' id='line_1_13' title="bbox 277 1273 1934 1353; baseline -0.001 -19"><span class='ocrx_word' id='word_1_70' title='bbox 277 1278 373 1334; x_wconf 84' lang='grc' dir='ltr'>καὶ</span> <span class='ocrx_word' id='word_1_71' title='bbox 433 1277 511 1340; x_wconf 79' lang='grc' dir='ltr'>είς</span> <span class='ocrx_word' id='word_1_72' title='bbox 561 1278 678 1332; x_wconf 76' lang='grc' dir='ltr'>οἷον</span> <span class='ocrx_word' id='word_1_73' title='bbox 724 1274 782 1332; x_wconf 75' lang='grc' dir='ltr'>δὲ</span> <span class='ocrx_word' id='word_1_74' title='bbox 821 1273 1002 1353; x_wconf 71' lang='grc' dir='ltr'>ἕτερον</span> <span class='ocrx_word' id='word_1_75' title='bbox 1050 1277 1119 1332; x_wconf 77' lang='grc' dir='ltr'>τὰ</span> <span class='ocrx_word' id='word_1_76' title='bbox 1164 1275 1288 1351; x_wconf 87' lang='grc' dir='ltr'>τρία</span> <span class='ocrx_word' id='word_1_77' title='bbox 1329 1280 1497 1331; x_wconf 89' lang='grc' dir='ltr'>ταῦτα</span> <span class='ocrx_word' id='word_1_78' title='bbox 1525 1277 1841 1349; x_wconf 79' lang='grc' dir='ltr'>συνέλθωσι,</span> <span class='ocrx_word' id='word_1_79' title='bbox 1871 1276 1934 1333; x_wconf 90' lang='grc' dir='ltr'>τό</span> 
     </span>
    </p>
   </div>
   <div class='ocr_carea' id='block_1_14' title="bbox 278 1364 1936 1445">
    <p class='ocr_par' dir='ltr' id='par_1_14' title="bbox 278 1364 1936 1445">
     <span class='ocr_line' id='line_1_14' title="bbox 278 1364 1936 1445; baseline -0.001 -22"><span class='ocrx_word' id='word_1_80' title='bbox 278 1388 343 1423; x_wconf 88' lang='grc' dir='ltr'>τε</span> <span class='ocrx_word' id='word_1_81' title='bbox 400 1366 759 1445; x_wconf 79' lang='grc' dir='ltr'>σωφρονικὸν,</span> <span class='ocrx_word' id='word_1_82' title='bbox 814 1365 878 1420; x_wconf 88' lang='grc' dir='ltr'>τὸ</span> <span class='ocrx_word' id='word_1_83' title='bbox 933 1370 1129 1442; x_wconf 79' lang='grc' dir='ltr'>πρᾶον,</span> <span class='ocrx_word' id='word_1_84' title='bbox 1185 1364 1275 1420; x_wconf 80' lang='grc' dir='ltr'>καὶ</span> <span class='ocrx_word' id='word_1_85' title='bbox 1330 1366 1393 1420; x_wconf 86' lang='grc' dir='ltr'>τὸ</span> <span class='ocrx_word' id='word_1_86' title='bbox 1447 1364 1764 1444; x_wconf 80' lang='grc' dir='ltr'>φιλότιμον,</span> <span class='ocrx_word' id='word_1_87' title='bbox 1826 1365 1936 1422; x_wconf 86' lang='grc' dir='ltr'>ἐκεῖ</span> 
     </span>
    </p>
   </div>
   <div class='ocr_carea' id='block_1_15' title="bbox 280 1450 1932 1530">
    <p class='ocr_par' dir='ltr' id='par_1_15' title="bbox 280 1450 1932 1530">
     <span class='ocr_line' id='line_1_15' title="bbox 280 1450 1932 1530; baseline -0.001 -19"><span class='ocrx_word' id='word_1_88' title='bbox 280 1458 501 1518; x_wconf 80' lang='grc' dir='ltr'>πάντως</span> <span class='ocrx_word' id='word_1_89' title='bbox 554 1453 914 1511; x_wconf 70' lang='grc' dir='ltr'>ἀκολουθοῦσι</span> <span class='ocrx_word' id='word_1_90' title='bbox 970 1455 1037 1509; x_wconf 78' lang='grc' dir='ltr'>τὰ</span> <span class='ocrx_word' id='word_1_91' title='bbox 1098 1450 1552 1530; x_wconf 79' lang='grc' dir='ltr'>ἀνδραγαθήματα</span> <span class='ocrx_word' id='word_1_92' title='bbox 1598 1455 1688 1510; x_wconf 79' lang='grc' dir='ltr'>καὶ</span> <span class='ocrx_word' id='word_1_93' title='bbox 1719 1457 1754 1525; x_wconf 84' lang='grc' dir='ltr'>ἡ</span> <span class='ocrx_word' id='word_1_94' title='bbox 1786 1453 1932 1527; x_wconf 82' lang='grc' dir='ltr'>δόξα·</span> 
     </span>
    </p>
   </div>
   <div class='ocr_carea' id='block_1_16' title="bbox 278 1530 1934 1622">
    <p class='ocr_par' dir='ltr' id='par_1_16' title="bbox 278 1530 1934 1622">
     <span class='ocr_line' id='line_1_16' title="bbox 278 1530 1934 1622; baseline -0.001 -22"><span class='ocrx_word' id='word_1_95' title='bbox 278 1543 607 1622; x_wconf 76' lang='grc' dir='ltr'>σωφροσύνη</span> <span class='ocrx_word' id='word_1_96' title='bbox 673 1530 797 1616; x_wconf 54' lang='grc' dir='ltr'>μέν’</span> <span class='ocrx_word' id='word_1_97' title='bbox 825 1543 927 1620; x_wconf 82' lang='grc' dir='ltr'>γὰρ</span> <span class='ocrx_word' id='word_1_98' title='bbox 984 1539 1200 1618; x_wconf 87' lang='grc' dir='ltr'>ἀνδρίας</span> <span class='ocrx_word' id='word_1_99' title='bbox 1245 1543 1355 1598; x_wconf 81' lang='grc' dir='ltr'>ἐστὶ</span> <span class='ocrx_word' id='word_1_100' title='bbox 1407 1540 1683 1617; x_wconf 83' lang='grc' dir='ltr'>παίδευμα</span> <span class='ocrx_word' id='word_1_101' title='bbox 1709 1544 1799 1599; x_wconf 85' lang='grc' dir='ltr'>καὶ</span> <span class='ocrx_word' id='word_1_102' title='bbox 1835 1565 1934 1618; x_wconf 84' lang='grc' dir='ltr'>με-</span> 
     </span>
    </p>
   </div>
   <div class='ocr_carea' id='block_1_17' title="bbox 286 1630 1937 1708">
    <p class='ocr_par' dir='ltr' id='par_1_17' title="bbox 286 1630 1937 1708">
     <span class='ocr_line' id='line_1_17' title="bbox 286 1630 1937 1708; baseline -0.001 -20"><span class='ocrx_word' id='word_1_103' title='bbox 286 1631 531 1706; x_wconf 85' lang='grc' dir='ltr'>λέτημα,</span> <span class='ocrx_word' id='word_1_104' title='bbox 584 1631 878 1706; x_wconf 81' lang='grc' dir='ltr'>προξενοῦν</span> <span class='ocrx_word' id='word_1_105' title='bbox 931 1633 1260 1708; x_wconf 89' lang='grc' dir='ltr'>τροποῦσθαι</span> <span class='ocrx_word' id='word_1_106' title='bbox 1317 1630 1442 1694; x_wconf 81' lang='grc' dir='ltr'>τοὺς</span> <span class='ocrx_word' id='word_1_107' title='bbox 1524 1630 1828 1705; x_wconf 86' lang='grc' dir='ltr'>πολεμίους</span> <span class='ocrx_word' id='word_1_108' title='bbox 1876 1653 1937 1687; x_wconf 88' lang='grc' dir='ltr'>τε</span> 
     </span>
    </p>
   </div>
   <div class='ocr_carea' id='block_1_18' title="bbox 282 1717 1936 1798">
    <p class='ocr_par' dir='ltr' id='par_1_18' title="bbox 282 1717 1936 1798">
     <span class='ocr_line' id='line_1_18' title="bbox 282 1717 1936 1798; baseline -0.001 -22"><span class='ocrx_word' id='word_1_109' title='bbox 282 1722 377 1777; x_wconf 81' lang='grc' dir='ltr'>καὶ</span> <span class='ocrx_word' id='word_1_110' title='bbox 436 1720 687 1798; x_wconf 83' lang='grc' dir='ltr'>ἐχθρούς·</span> <span class='ocrx_word' id='word_1_111' title='bbox 717 1719 962 1795; x_wconf 86' lang='grc' dir='ltr'>πραότης</span> <span class='ocrx_word' id='word_1_112' title='bbox 1021 1717 1079 1775; x_wconf 74' lang='grc' dir='ltr'>δὲ</span> <span class='ocrx_word' id='word_1_113' title='bbox 1132 1722 1223 1776; x_wconf 82' lang='grc' dir='ltr'>καὶ</span> <span class='ocrx_word' id='word_1_114' title='bbox 1278 1721 1342 1776; x_wconf 88' lang='grc' dir='ltr'>τὸ</span> <span class='ocrx_word' id='word_1_115' title='bbox 1389 1720 1693 1791; x_wconf 81' lang='grc' dir='ltr'>ἀνεξίκακον</span> <span class='ocrx_word' id='word_1_116' title='bbox 1725 1719 1936 1796; x_wconf 88' lang='grc' dir='ltr'>γυμνά⁴</span> 
     </span>
    </p>
   </div>
   <div class='ocr_carea' id='block_1_19' title="bbox 284 1806 1932 1885">
    <p class='ocr_par' dir='ltr' id='par_1_19' title="bbox 284 1806 1932 1885">
     <span class='ocr_line' id='line_1_19' title="bbox 284 1806 1932 1885; baseline -0.001 -19"><span class='ocrx_word' id='word_1_117' title='bbox 284 1808 405 1866; x_wconf 92' lang='grc' dir='ltr'>σιόν</span> <span class='ocrx_word' id='word_1_118' title='bbox 452 1809 563 1865; x_wconf 87' lang='grc' dir='ltr'>ἐστι</span> <span class='ocrx_word' id='word_1_119' title='bbox 614 1808 1031 1885; x_wconf 81' lang='grc' dir='ltr'>μεγαλοψυχίας</span> <span class='ocrx_word' id='word_1_120' title='bbox 1068 1830 1129 1864; x_wconf 87' lang='grc' dir='ltr'>τε</span> <span class='ocrx_word' id='word_1_121' title='bbox 1167 1809 1256 1864; x_wconf 80' lang='grc' dir='ltr'>καὶ</span> <span class='ocrx_word' id='word_1_122' title='bbox 1306 1808 1609 1883; x_wconf 79' lang='grc' dir='ltr'>ὑπομονῆς,</span> <span class='ocrx_word' id='word_1_123' title='bbox 1649 1809 1739 1864; x_wconf 83' lang='grc' dir='ltr'>καὶ</span> <span class='ocrx_word' id='word_1_124' title='bbox 1787 1806 1932 1865; x_wconf 77' lang='grc' dir='ltr'>ἅντι-</span> 
     </span>
    </p>
   </div>
   <div class='ocr_carea' id='block_1_20' title="bbox 282 1896 2012 2004">
    <p class='ocr_par' dir='ltr' id='par_1_20' title="bbox 282 1896 2012 2004">
     <span class='ocr_line' id='line_1_20' title="bbox 282 1896 2012 2004; baseline -0.001 -50"><span class='ocrx_word' id='word_1_125' title='bbox 282 1920 418 1976; x_wconf 83' lang='grc' dir='ltr'>κρυς</span> <span class='ocrx_word' id='word_1_126' title='bbox 473 1897 732 1976; x_wconf 84' lang='grc' dir='ltr'>πρόξενος</span> <span class='ocrx_word' id='word_1_127' title='bbox 786 1903 884 1955; x_wconf 88' lang='grc' dir='ltr'>τοῦ</span> <span class='ocrx_word' id='word_1_128' title='bbox 965 1899 1112 1973; x_wconf 87' lang='grc' dir='ltr'>παρᾶ</span> <span class='ocrx_word' id='word_1_129' title='bbox 1194 1896 1409 1953; x_wconf 84' lang='grc' dir='ltr'>πάντων</span> <span class='ocrx_word' id='word_1_130' title='bbox 1490 1897 1797 1976; x_wconf 78' lang='grc' dir='ltr'>στέργεσθαι</span> <span class='ocrx_word' id='word_1_131' title='bbox 1844 1897 1934 1954; x_wconf 73' lang='grc' dir='ltr'>καὶ</span> <span class='ocrx_word' id='word_1_132' title='bbox 1965 1938 2012 2004; x_wconf 83' lang='grc' dir='ltr'><strong>Β</strong></span> 
     </span>
     <span class='ocr_line' id='line_1_21' title="bbox 358 1983 1928 2004; baseline 0 0"><span class='ocrx_word' id='word_1_133' title='bbox 358 1988 373 2004; x_wconf 79' lang='lat'><em>\</em></span> <span class='ocrx_word' id='word_1_134' title='bbox 416 1992 441 2004; x_wconf 68' lang='grc' dir='ltr'>σο</span> <span class='ocrx_word' id='word_1_135' title='bbox 477 1989 502 2004; x_wconf 77' lang='grc' dir='ltr'><strong>Α</strong></span> <span class='ocrx_word' id='word_1_136' title='bbox 652 1988 667 2004; x_wconf 83' lang='lat'><strong><em>\</em></strong></span> <span class='ocrx_word' id='word_1_137' title='bbox 737 1983 785 2004; x_wconf 55' lang='lat' dir='ltr'>ﬁ!</span> <span class='ocrx_word' id='word_1_138' title='bbox 1029 1984 1049 2004; x_wconf 51' lang='grc' dir='ltr'><em>Κ</em></span> <span class='ocrx_word' id='word_1_139' title='bbox 1081 1986 1094 2004; x_wconf 87' lang='grc' dir='ltr'><strong><em>Ι</em></strong></span> <span class='ocrx_word' id='word_1_140' title='bbox 1385 1987 1400 2004; x_wconf 84' lang='lat'><strong><em>\</em></strong></span> <span class='ocrx_word' id='word_1_141' title='bbox 1495 1987 1508 2004; x_wconf 75' lang='grc'><strong>9</strong></span> <span class='ocrx_word' id='word_1_142' title='bbox 1741 1988 1755 2004; x_wconf 84' lang='lat'><strong><em>\</em></strong></span> <span class='ocrx_word' id='word_1_143' title='bbox 1914 1988 1928 2004; x_wconf 84' lang='lat'><strong><em>\</em></strong></span> 
     </span>
    </p>
   </div>
   <div class='ocr_carea' id='block_1_21' title="bbox 283 1983 1933 2067">
    <p class='ocr_par' dir='ltr' id='par_1_21' title="bbox 283 1983 1933 2067">
     <span class='ocr_line' id='line_1_22' title="bbox 283 1983 1933 2067; baseline 0.001 -25"><span class='ocrx_word' id='word_1_144' title='bbox 283 1988 582 2067; x_wconf 76' lang='grc' dir='ltr'>φιλεῖσθαι·</span> <span class='ocrx_word' id='word_1_145' title='bbox 613 1988 676 2043; x_wconf 79' lang='grc' dir='ltr'>τὸ</span> <span class='ocrx_word' id='word_1_146' title='bbox 734 1983 792 2042; x_wconf 86' lang='grc' dir='ltr'>δέ</span> <span class='ocrx_word' id='word_1_147' title='bbox 845 2007 909 2062; x_wconf 87' lang='grc' dir='ltr'>γε</span> <span class='ocrx_word' id='word_1_148' title='bbox 966 1984 1259 2063; x_wconf 80' lang='grc' dir='ltr'>φιλότιμον</span> <span class='ocrx_word' id='word_1_149' title='bbox 1314 1987 1403 2042; x_wconf 85' lang='grc' dir='ltr'>καὶ</span> <span class='ocrx_word' id='word_1_150' title='bbox 1459 1987 1793 2064; x_wconf 81' lang='grc' dir='ltr'>εὐεργετικὸν</span> <span class='ocrx_word' id='word_1_151' title='bbox 1841 1988 1933 2043; x_wconf 87' lang='grc' dir='ltr'>καὶ</span> 
     </span>
    </p>
   </div>
   <div class='ocr_carea' id='block_1_22' title="bbox 279 2073 1932 2153">
    <p class='ocr_par' dir='ltr' id='par_1_22' title="bbox 279 2073 1932 2153">
     <span class='ocr_line' id='line_1_23' title="bbox 279 2073 1932 2153; baseline -0.001 -21"><span class='ocrx_word' id='word_1_152' title='bbox 279 2077 417 2139; x_wconf 78' lang='grc' dir='ltr'>τοὺς</span> <span class='ocrx_word' id='word_1_153' title='bbox 484 2075 812 2151; x_wconf 80' lang='grc' dir='ltr'>συμμάχους</span> <span class='ocrx_word' id='word_1_154' title='bbox 875 2076 966 2130; x_wconf 84' lang='grc' dir='ltr'>καὶ</span> <span class='ocrx_word' id='word_1_155' title='bbox 1033 2074 1227 2153; x_wconf 81' lang='grc' dir='ltr'>φίλους</span> <span class='ocrx_word' id='word_1_156' title='bbox 1283 2073 1594 2150; x_wconf 60' lang='grc' dir='ltr'>ἐνδυηδαμοῖ,</span> <span class='ocrx_word' id='word_1_157' title='bbox 1644 2076 1734 2131; x_wconf 84' lang='grc' dir='ltr'>καὶ</span> <span class='ocrx_word' id='word_1_158' title='bbox 1804 2076 1932 2139; x_wconf 83' lang='grc' dir='ltr'>τοὺς</span> 
     </span>
    </p>
   </div>
   <div class='ocr_carea' id='block_1_23' title="bbox 285 2163 1932 2242">
    <p class='ocr_par' dir='ltr' id='par_1_23' title="bbox 285 2163 1932 2242">
     <span class='ocr_line' id='line_1_24' title="bbox 285 2163 1932 2242; baseline -0.001 -22"><span class='ocrx_word' id='word_1_159' title='bbox 285 2164 524 2240; x_wconf 78' lang='grc' dir='ltr'>αὐχένας</span> <span class='ocrx_word' id='word_1_160' title='bbox 580 2168 687 2219; x_wconf 89' lang='grc' dir='ltr'>τῶν</span> <span class='ocrx_word' id='word_1_161' title='bbox 748 2163 962 2240; x_wconf 80' lang='grc' dir='ltr'>ἐχθρῶν</span> <span class='ocrx_word' id='word_1_162' title='bbox 1039 2164 1410 2242; x_wconf 78' lang='grc' dir='ltr'>καταστρέφει·</span> <span class='ocrx_word' id='word_1_163' title='bbox 1465 2165 1556 2219; x_wconf 86' lang='grc' dir='ltr'>καὶ</span> <span class='ocrx_word' id='word_1_164' title='bbox 1611 2166 1675 2220; x_wconf 87' lang='grc' dir='ltr'>τὸ</span> <span class='ocrx_word' id='word_1_165' title='bbox 1735 2164 1932 2221; x_wconf 69' lang='grc' dir='ltr'>οἴκεῖον</span> 
     </span>
    </p>
   </div>
   <div class='ocr_carea' id='block_1_24' title="bbox 285 2250 1937 2331">
    <p class='ocr_par' dir='ltr' id='par_1_24' title="bbox 285 2250 1937 2331">
     <span class='ocr_line' id='line_1_25' title="bbox 285 2250 1937 2331; baseline 0 -22"><span class='ocrx_word' id='word_1_166' title='bbox 285 2252 761 2331; x_wconf 87' lang='grc' dir='ltr'>κατωχυρωμένον</span> <span class='ocrx_word' id='word_1_167' title='bbox 818 2258 986 2325; x_wconf 83' lang='grc' dir='ltr'>ποιεῖ,</span> <span class='ocrx_word' id='word_1_168' title='bbox 1034 2253 1126 2307; x_wconf 85' lang='grc' dir='ltr'>καὶ</span> <span class='ocrx_word' id='word_1_169' title='bbox 1182 2251 1246 2308; x_wconf 77' lang='grc' dir='ltr'>τὰ</span> <span class='ocrx_word' id='word_1_170' title='bbox 1299 2250 1592 2329; x_wconf 88' lang='grc' dir='ltr'>ἀλλότριον</span> <span class='ocrx_word' id='word_1_171' title='bbox 1647 2254 1737 2309; x_wconf 87' lang='grc' dir='ltr'>καὶ</span> <span class='ocrx_word' id='word_1_172' title='bbox 1793 2254 1937 2325; x_wconf 81' lang='grc' dir='ltr'>ξένον</span> 
     </span>
    </p>
   </div>
   <div class='ocr_carea' id='block_1_25' title="bbox 287 2340 1936 2419">
    <p class='ocr_par' dir='ltr' id='par_1_25' title="bbox 287 2340 1936 2419">
     <span class='ocr_line' id='line_1_26' title="bbox 287 2340 1936 2419; baseline 0 -21"><span class='ocrx_word' id='word_1_173' title='bbox 287 2340 509 2413; x_wconf 83' lang='grc' dir='ltr'>δουλοῖ,</span> <span class='ocrx_word' id='word_1_174' title='bbox 539 2342 631 2397; x_wconf 88' lang='grc' dir='ltr'>καὶ</span> <span class='ocrx_word' id='word_1_175' title='bbox 660 2341 867 2418; x_wconf 88' lang='grc' dir='ltr'>ἀνοίγει</span> <span class='ocrx_word' id='word_1_176' title='bbox 926 2347 1030 2397; x_wconf 79' lang='grc' dir='ltr'>πᾶν</span> <span class='ocrx_word' id='word_1_177' title='bbox 1089 2340 1285 2415; x_wconf 86' lang='grc' dir='ltr'>στόμα,</span> <span class='ocrx_word' id='word_1_178' title='bbox 1315 2343 1406 2396; x_wconf 81' lang='grc' dir='ltr'>καὶ</span> <span class='ocrx_word' id='word_1_179' title='bbox 1461 2348 1632 2398; x_wconf 81' lang='grc' dir='ltr'>πᾶσαν</span> <span class='ocrx_word' id='word_1_180' title='bbox 1686 2343 1936 2419; x_wconf 90' lang='grc' dir='ltr'>γλῶσσαν</span> 
     </span>
    </p>
   </div>
   <div class='ocr_carea' id='block_1_26' title="bbox 287 2428 1942 2507">
    <p class='ocr_par' dir='ltr' id='par_1_26' title="bbox 287 2428 1942 2507">
     <span class='ocr_line' id='line_1_27' title="bbox 287 2428 1942 2507; baseline -0.001 -19"><span class='ocrx_word' id='word_1_181' title='bbox 287 2428 574 2506; x_wconf 78' lang='grc' dir='ltr'>διερεθίζει</span> <span class='ocrx_word' id='word_1_182' title='bbox 651 2431 789 2506; x_wconf 86' lang='grc' dir='ltr'>πρὸς</span> <span class='ocrx_word' id='word_1_183' title='bbox 868 2428 1106 2485; x_wconf 80' lang='grc' dir='ltr'>ἔπαινον·</span> <span class='ocrx_word' id='word_1_184' title='bbox 1168 2428 1306 2486; x_wconf 82' lang='grc' dir='ltr'>ὥστε</span> <span class='ocrx_word' id='word_1_185' title='bbox 1359 2430 1428 2485; x_wconf 77' lang='grc' dir='ltr'>τὰ</span> <span class='ocrx_word' id='word_1_186' title='bbox 1484 2430 1605 2507; x_wconf 85' lang='grc' dir='ltr'>τρία</span> <span class='ocrx_word' id='word_1_187' title='bbox 1656 2436 1824 2487; x_wconf 88' lang='grc' dir='ltr'>ταῦτα</span> <span class='ocrx_word' id='word_1_188' title='bbox 1873 2433 1942 2487; x_wconf 79' lang='grc' dir='ltr'>τὰ</span> 
     </span>
    </p>
   </div>
   <div class='ocr_carea' id='block_1_27' title="bbox 285 2517 1938 2597">
    <p class='ocr_par' dir='ltr' id='par_1_27' title="bbox 285 2517 1938 2597">
     <span class='ocr_line' id='line_1_28' title="bbox 285 2517 1938 2597; baseline -0.001 -21"><span class='ocrx_word' id='word_1_189' title='bbox 285 2520 638 2596; x_wconf 75' lang='grc' dir='ltr'>προτεθέντα,</span> <span class='ocrx_word' id='word_1_190' title='bbox 668 2517 722 2574; x_wconf 84' lang='grc' dir='ltr'>ἐν</span> <span class='ocrx_word' id='word_1_191' title='bbox 775 2518 1030 2592; x_wconf 85' lang='grc' dir='ltr'>συντόμῳ</span> <span class='ocrx_word' id='word_1_192' title='bbox 1092 2519 1281 2589; x_wconf 80' lang='grc' dir='ltr'>εἰπεῖν,</span> <span class='ocrx_word' id='word_1_193' title='bbox 1322 2519 1481 2590; x_wconf 81' lang='grc' dir='ltr'>νίκης</span> <span class='ocrx_word' id='word_1_194' title='bbox 1536 2520 1626 2576; x_wconf 87' lang='grc' dir='ltr'>καὶ</span> <span class='ocrx_word' id='word_1_195' title='bbox 1684 2518 1938 2597; x_wconf 80' lang='grc' dir='ltr'>λαμπρᾶς</span> 
     </span>
    </p>
   </div>
   <div class='ocr_carea' id='block_1_28' title="bbox 288 2606 1940 2685">
    <p class='ocr_par' dir='ltr' id='par_1_28' title="bbox 288 2606 1940 2685">
     <span class='ocr_line' id='line_1_29' title="bbox 288 2606 1940 2685; baseline 0.001 -21"><span class='ocrx_word' id='word_1_196' title='bbox 288 2607 456 2682; x_wconf 81' lang='grc' dir='ltr'>δόξης</span> <span class='ocrx_word' id='word_1_197' title='bbox 504 2608 607 2663; x_wconf 79' lang='grc' dir='ltr'>εἶσὶ</span> <span class='ocrx_word' id='word_1_198' title='bbox 650 2607 883 2685; x_wconf 81' lang='grc' dir='ltr'>πρόξενα</span> <span class='ocrx_word' id='word_1_199' title='bbox 925 2612 1006 2680; x_wconf 84' lang='grc' dir='ltr'>τῷ</span> <span class='ocrx_word' id='word_1_200' title='bbox 1045 2606 1260 2670; x_wconf 82' lang='grc' dir='ltr'>τούτοις</span> <span class='ocrx_word' id='word_1_201' title='bbox 1310 2608 1726 2682; x_wconf 84' lang='grc' dir='ltr'>κεκοσμημένῳ.</span> <span class='ocrx_word' id='word_1_202' title='bbox 1760 2609 1940 2674; x_wconf 87' lang='grc' dir='ltr'>Μῦθός</span> 
     </span>
    </p>
   </div>
   <div class='ocr_carea' id='block_1_29' title="bbox 296 2693 1943 2775">
    <p class='ocr_par' dir='ltr' id='par_1_29' title="bbox 296 2693 1943 2775">
     <span class='ocr_line' id='line_1_30' title="bbox 296 2693 1943 2775; baseline 0.001 -21"><span class='ocrx_word' id='word_1_203' title='bbox 296 2698 414 2755; x_wconf 85' lang='grc' dir='ltr'>ἐστι</span> <span class='ocrx_word' id='word_1_204' title='bbox 444 2701 551 2753; x_wconf 88' lang='grc' dir='ltr'>τῶν</span> <span class='ocrx_word' id='word_1_205' title='bbox 581 2695 896 2767; x_wconf 75' lang='grc' dir='ltr'>Ἑλλήνων,</span> <span class='ocrx_word' id='word_1_206' title='bbox 930 2694 1013 2751; x_wconf 80' lang='grc' dir='ltr'>ὅτι</span> <span class='ocrx_word' id='word_1_207' title='bbox 1072 2693 1137 2766; x_wconf 74' lang='grc' dir='ltr'>δὴ</span> <span class='ocrx_word' id='word_1_208' title='bbox 1193 2694 1347 2769; x_wconf 79' lang='grc' dir='ltr'>μῆλα</span> <span class='ocrx_word' id='word_1_209' title='bbox 1400 2703 1580 2773; x_wconf 86' lang='grc' dir='ltr'>χρυσᾶ</span> <span class='ocrx_word' id='word_1_210' title='bbox 1611 2699 1639 2753; x_wconf 93' lang='lat'>6</span> <span class='ocrx_word' id='word_1_211' title='bbox 1669 2698 1943 2775; x_wconf 85' lang='grc' dir='ltr'>Ἡρακλῆς</span> 
     </span>
    </p>
   </div>
   <div class='ocr_carea' id='block_1_30' title="bbox 292 2785 1947 2864">
    <p class='ocr_par' dir='ltr' id='par_1_30' title="bbox 292 2785 1947 2864">
     <span class='ocr_line' id='line_1_31' title="bbox 292 2785 1947 2864; baseline -0.001 -21"><span class='ocrx_word' id='word_1_212' title='bbox 292 2785 637 2864; x_wconf 73' lang='grc' dir='ltr'>ἀφελόμενος</span> <span class='ocrx_word' id='word_1_213' title='bbox 696 2785 802 2840; x_wconf 85' lang='grc' dir='ltr'>ἀπὸ</span> <span class='ocrx_word' id='word_1_214' title='bbox 857 2789 965 2840; x_wconf 89' lang='grc' dir='ltr'>τῶν</span> <span class='ocrx_word' id='word_1_215' title='bbox 1015 2785 1320 2862; x_wconf 82' lang='grc' dir='ltr'>θυγατέρων</span> <span class='ocrx_word' id='word_1_216' title='bbox 1367 2790 1465 2840; x_wconf 85' lang='grc' dir='ltr'>τοῦ</span> <span class='ocrx_word' id='word_1_217' title='bbox 1493 2785 1794 2850; x_wconf 73' lang='grc' dir='ltr'>’Ἄτλαντος</span> <span class='ocrx_word' id='word_1_218' title='bbox 1821 2789 1947 2843; x_wconf 87' lang='grc' dir='ltr'>Ἐσ-</span> 
     </span>
    </p>
   </div>
   <div class='ocr_carea' id='block_1_31' title="bbox 290 2872 1947 2954">
    <p class='ocr_par' dir='ltr' id='par_1_31' title="bbox 290 2872 1947 2954">
     <span class='ocr_line' id='line_1_32' title="bbox 290 2872 1947 2954; baseline -0.002 -22"><span class='ocrx_word' id='word_1_219' title='bbox 290 2872 559 2951; x_wconf 86' lang='grc' dir='ltr'>περίδων,</span> <span class='ocrx_word' id='word_1_220' title='bbox 593 2873 683 2930; x_wconf 80' lang='grc' dir='ltr'>ὅτε</span> <span class='ocrx_word' id='word_1_221' title='bbox 738 2872 1015 2929; x_wconf 84' lang='grc' dir='ltr'>ἀπέκτεινε</span> <span class='ocrx_word' id='word_1_222' title='bbox 1070 2873 1162 2929; x_wconf 87' lang='grc' dir='ltr'>καὶ</span> <span class='ocrx_word' id='word_1_223' title='bbox 1218 2875 1308 2928; x_wconf 86' lang='grc' dir='ltr'>τὸν</span> <span class='ocrx_word' id='word_1_224' title='bbox 1361 2873 1800 2954; x_wconf 81' lang='grc' dir='ltr'>ποικιλόμορφον</span> <span class='ocrx_word' id='word_1_225' title='bbox 1856 2875 1947 2931; x_wconf 83' lang='grc' dir='ltr'>καὶ</span> 
     </span>
    </p>
   </div>
   <div class='ocr_carea' id='block_1_32' title="bbox 294 2959 1949 3042">
    <p class='ocr_par' dir='ltr' id='par_1_32' title="bbox 294 2959 1949 3042">
     <span class='ocr_line' id='line_1_33' title="bbox 294 2959 1949 3042; baseline -0.001 -21"><span class='ocrx_word' id='word_1_226' title='bbox 294 2961 796 3042; x_wconf 69' lang='grc' dir='ltr'>ἑκατοντακέφαλον</span> <span class='ocrx_word' id='word_1_227' title='bbox 856 2960 1140 3038; x_wconf 83' lang='grc' dir='ltr'>δράκοντα·</span> <span class='ocrx_word' id='word_1_228' title='bbox 1202 2959 1353 3018; x_wconf 85' lang='grc' dir='ltr'>δοκεῖ</span> <span class='ocrx_word' id='word_1_229' title='bbox 1404 2968 1532 3039; x_wconf 91' lang='grc' dir='ltr'>γοῦν</span> <span class='ocrx_word' id='word_1_230' title='bbox 1591 2963 1698 3019; x_wconf 86' lang='grc' dir='ltr'>ἀπὸ</span> <span class='ocrx_word' id='word_1_231' title='bbox 1774 2962 1949 3035; x_wconf 78' lang='grc' dir='ltr'>ἀλλη-</span> 
     </span>
    </p>
   </div>
   <div class='ocr_carea' id='block_1_33' title="bbox 291 3048 1948 3129">
    <p class='ocr_par' dir='ltr' id='par_1_33' title="bbox 291 3048 1948 3129">
     <span class='ocr_line' id='line_1_34' title="bbox 291 3048 1948 3129; baseline 0.004 -25"><span class='ocrx_word' id='word_1_232' title='bbox 291 3051 479 3129; x_wconf 84' lang='grc' dir='ltr'>γορία,</span> <span class='ocrx_word' id='word_1_233' title='bbox 514 3049 597 3106; x_wconf 82' lang='grc' dir='ltr'>ὅτι</span> <span class='ocrx_word' id='word_1_234' title='bbox 656 3048 809 3125; x_wconf 88' lang='grc' dir='ltr'>μῆλα</span> <span class='ocrx_word' id='word_1_235' title='bbox 868 3050 961 3125; x_wconf 74' lang='grc' dir='ltr'>μὲν</span> <span class='ocrx_word' id='word_1_236' title='bbox 1022 3048 1275 3125; x_wconf 88' lang='grc' dir='ltr'>λέγονται</span> <span class='ocrx_word' id='word_1_237' title='bbox 1327 3049 1416 3107; x_wconf 80' lang='grc' dir='ltr'>διὰ</span> <span class='ocrx_word' id='word_1_238' title='bbox 1463 3053 1564 3121; x_wconf 84' lang='grc' dir='ltr'>τήν</span> <span class='ocrx_word' id='word_1_239' title='bbox 1618 3052 1773 3123; x_wconf 88' lang='grc' dir='ltr'>νίκην</span> <span class='ocrx_word' id='word_1_240' title='bbox 1816 3055 1948 3127; x_wconf 81' lang='lat'>(27),</span> 
     </span>
    </p>
   </div>
   <div class='ocr_carea' id='block_1_34' title="bbox 292 3136 1954 3217">
    <p class='ocr_par' dir='ltr' id='par_1_34' title="bbox 292 3136 1954 3217">
     <span class='ocr_line' id='line_1_35' title="bbox 292 3136 1954 3217; baseline 0.001 -21"><span class='ocrx_word' id='word_1_241' title='bbox 292 3145 481 3217; x_wconf 86' lang='grc' dir='ltr'>χρυσᾶ</span> <span class='ocrx_word' id='word_1_242' title='bbox 533 3137 591 3194; x_wconf 76' lang='grc' dir='ltr'>δὲ</span> <span class='ocrx_word' id='word_1_243' title='bbox 645 3136 735 3194; x_wconf 74' lang='grc' dir='ltr'>διὰ</span> <span class='ocrx_word' id='word_1_244' title='bbox 780 3139 880 3208; x_wconf 80' lang='grc' dir='ltr'>τήν</span> <span class='ocrx_word' id='word_1_245' title='bbox 938 3136 1115 3210; x_wconf 81' lang='grc' dir='ltr'>δοξαν·</span> <span class='ocrx_word' id='word_1_246' title='bbox 1149 3139 1178 3193; x_wconf 90' lang='lat'>6</span> <span class='ocrx_word' id='word_1_247' title='bbox 1232 3143 1361 3215; x_wconf 91' lang='grc' dir='ltr'>γοῦν</span> <span class='ocrx_word' id='word_1_248' title='bbox 1419 3140 1487 3195; x_wconf 83' lang='grc' dir='ltr'>τὰ</span> <span class='ocrx_word' id='word_1_249' title='bbox 1520 3141 1644 3214; x_wconf 92' lang='grc' dir='ltr'>τρία</span> <span class='ocrx_word' id='word_1_250' title='bbox 1668 3146 1836 3197; x_wconf 83' lang='grc' dir='ltr'>ταῦτα</span> <span class='ocrx_word' id='word_1_251' title='bbox 1868 3163 1954 3215; x_wconf 89' lang='grc' dir='ltr'>μι-</span> 
     </span>
    </p>
   </div>
   <div class='ocr_carea' id='block_1_35' title="bbox 293 3224 1951 3307">
    <p class='ocr_par' dir='ltr' id='par_1_35' title="bbox 293 3224 1951 3307">
     <span class='ocr_line' id='line_1_36' title="bbox 293 3224 1951 3307; baseline 0.001 -23"><span class='ocrx_word' id='word_1_252' title='bbox 293 3231 492 3300; x_wconf 76' lang='grc' dir='ltr'>σήσας,</span> <span class='ocrx_word' id='word_1_253' title='bbox 520 3226 688 3304; x_wconf 79' lang='grc' dir='ltr'>ἤγουν</span> <span class='ocrx_word' id='word_1_254' title='bbox 746 3224 973 3299; x_wconf 74' lang='grc' dir='ltr'>ἡδονὴν,</span> <span class='ocrx_word' id='word_1_255' title='bbox 1017 3226 1187 3304; x_wconf 78' lang='grc' dir='ltr'>ὀργὴν</span> <span class='ocrx_word' id='word_1_256' title='bbox 1245 3228 1337 3282; x_wconf 85' lang='grc' dir='ltr'>καὶ</span> <span class='ocrx_word' id='word_1_257' title='bbox 1393 3226 1697 3306; x_wconf 87' lang='grc' dir='ltr'>χρημάτων</span> <span class='ocrx_word' id='word_1_258' title='bbox 1756 3228 1951 3307; x_wconf 80' lang='grc' dir='ltr'>ἔρωτα,</span> 
     </span>
    </p>
   </div>
   <div class='ocr_carea' id='block_1_36' title="bbox 2040 660 3688 731">
    <p class='ocr_par' dir='ltr' id='par_1_36' title="bbox 2040 660 3688 731">
     <span class='ocr_line' id='line_1_37' title="bbox 2040 660 3688 731; baseline 0.001 -15"><span class='ocrx_word' id='word_1_259' title='bbox 2040 660 2295 727; x_wconf 86' lang='lat' dir='ltr'>ticescet,</span> <span class='ocrx_word' id='word_1_260' title='bbox 2331 662 2589 731; x_wconf 85' lang='lat' dir='ltr'>quandiu</span> <span class='ocrx_word' id='word_1_261' title='bbox 2620 660 2800 718; x_wconf 68' lang='lat' dir='ltr'>Plaabi</span> <span class='ocrx_word' id='word_1_262' title='bbox 2829 662 3031 718; x_wconf 85' lang='lat' dir='ltr'>radius</span> <span class='ocrx_word' id='word_1_263' title='bbox 3080 661 3349 718; x_wconf 84' lang='lat' dir='ltr'>tellurem</span> <span class='ocrx_word' id='word_1_264' title='bbox 3383 661 3688 718; x_wconf 87' lang='lat' dir='ltr'>collustra-</span> 
     </span>
    </p>
   </div>
   <div class='ocr_carea' id='block_1_37' title="bbox 2040 749 3686 823">
    <p class='ocr_par' dir='ltr' id='par_1_37' title="bbox 2040 749 3686 823">
     <span class='ocr_line' id='line_1_38' title="bbox 2040 749 3686 823; baseline 0 -18"><span class='ocrx_word' id='word_1_265' title='bbox 2040 749 2146 805; x_wconf 89' lang='lat' dir='ltr'>bit.</span> <span class='ocrx_word' id='word_1_266' title='bbox 2178 751 2438 806; x_wconf 76' lang='lat' dir='ltr'>Profecto</span> <span class='ocrx_word' id='word_1_267' title='bbox 2472 751 2805 823; x_wconf 85' lang='lat' dir='ltr'>ubicunque</span> <span class='ocrx_word' id='word_1_268' title='bbox 2835 757 2955 807; x_wconf 89' lang='lat' dir='ltr'>tres</span> <span class='ocrx_word' id='word_1_269' title='bbox 2986 751 3073 807; x_wconf 64' lang='lat' dir='ltr'>his</span> <span class='ocrx_word' id='word_1_270' title='bbox 3099 751 3347 807; x_wconf 84' lang='lat' dir='ltr'>virtutes</span> <span class='ocrx_word' id='word_1_271' title='bbox 3403 768 3686 807; x_wconf 90' lang='lat' dir='ltr'>convene—</span> 
     </span>
    </p>
   </div>
   <div class='ocr_carea' id='block_1_38' title="bbox 2044 838 3684 911">
    <p class='ocr_par' dir='ltr' id='par_1_38' title="bbox 2044 838 3684 911">
     <span class='ocr_line' id='line_1_39' title="bbox 2044 838 3684 911; baseline 0.001 -18"><span class='ocrx_word' id='word_1_272' title='bbox 2044 838 2180 906; x_wconf 84' lang='lat' dir='ltr'>rint,</span> <span class='ocrx_word' id='word_1_273' title='bbox 2216 840 2627 911; x_wconf 83' lang='lat' dir='ltr'>temperantia,</span> <span class='ocrx_word' id='word_1_274' title='bbox 2682 841 3070 896; x_wconf 83' lang='lat' dir='ltr'>mansuetudo</span> <span class='ocrx_word' id='word_1_275' title='bbox 3129 845 3186 896; x_wconf 91' lang='lat' dir='ltr'>et</span> <span class='ocrx_word' id='word_1_276' title='bbox 3231 840 3569 907; x_wconf 74' lang='lat' dir='ltr'>liberalitas,</span> <span class='ocrx_word' id='word_1_277' title='bbox 3603 840 3684 897; x_wconf 92' lang='lat' dir='ltr'>ibi</span> 
     </span>
    </p>
   </div>
   <div class='ocr_carea' id='block_1_39' title="bbox 2044 922 3685 1001">
    <p class='ocr_par' dir='ltr' id='par_1_39' title="bbox 2044 922 3685 1001">
     <span class='ocr_line' id='line_1_40' title="bbox 2044 922 3685 1001; baseline 0.001 -19"><span class='ocrx_word' id='word_1_278' title='bbox 2044 926 2318 1000; x_wconf 67' lang='lat' dir='ltr'>praeclara</span> <span class='ocrx_word' id='word_1_279' title='bbox 2350 928 2608 984; x_wconf 83' lang='lat' dir='ltr'>facinora</span> <span class='ocrx_word' id='word_1_280' title='bbox 2632 928 2998 1001; x_wconf 83' lang='lat' dir='ltr'>gloriamque</span> <span class='ocrx_word' id='word_1_281' title='bbox 3014 928 3289 987; x_wconf 77' lang='lat' dir='ltr'>exsistere</span> <span class='ocrx_word' id='word_1_282' title='bbox 3310 922 3547 986; x_wconf 79' lang='lat' dir='ltr'>necesse</span> <span class='ocrx_word' id='word_1_283' title='bbox 3577 933 3685 985; x_wconf 91' lang='lat' dir='ltr'>est.</span> 
     </span>
    </p>
   </div>
   <div class='ocr_carea' id='block_1_40' title="bbox 2042 1016 3689 1091">
    <p class='ocr_par' dir='ltr' id='par_1_40' title="bbox 2042 1016 3689 1091">
     <span class='ocr_line' id='line_1_41' title="bbox 2042 1016 3689 1091; baseline 0.002 -20"><span class='ocrx_word' id='word_1_284' title='bbox 2042 1016 2274 1072; x_wconf 82' lang='lat' dir='ltr'>Etenim</span> <span class='ocrx_word' id='word_1_285' title='bbox 2306 1018 2713 1089; x_wconf 81' lang='lat' dir='ltr'>temperantia,</span> <span class='ocrx_word' id='word_1_286' title='bbox 2771 1018 3133 1075; x_wconf 86' lang='lat' dir='ltr'>fortitudinis</span> <span class='ocrx_word' id='word_1_287' title='bbox 3164 1018 3567 1091; x_wconf 86' lang='lat' dir='ltr'>magisterium</span> <span class='ocrx_word' id='word_1_288' title='bbox 3599 1023 3689 1074; x_wconf 86' lang='lat' dir='ltr'>est</span> 
     </span>
    </p>
   </div>
   <div class='ocr_carea' id='block_1_41' title="bbox 2042 1106 3685 1181">
    <p class='ocr_par' dir='ltr' id='par_1_41' title="bbox 2042 1106 3685 1181">
     <span class='ocr_line' id='line_1_42' title="bbox 2042 1106 3685 1181; baseline 0.002 -20"><span class='ocrx_word' id='word_1_289' title='bbox 2042 1110 2219 1179; x_wconf 90' lang='lat' dir='ltr'>atque</span> <span class='ocrx_word' id='word_1_290' title='bbox 2249 1106 2606 1173; x_wconf 85' lang='lat' dir='ltr'>exercitatio,</span> <span class='ocrx_word' id='word_1_291' title='bbox 2637 1122 2821 1179; x_wconf 91' lang='lat' dir='ltr'>eaque</span> <span class='ocrx_word' id='word_1_292' title='bbox 2842 1108 2994 1164; x_wconf 89' lang='lat' dir='ltr'>vires</span> <span class='ocrx_word' id='word_1_293' title='bbox 3026 1108 3364 1181; x_wconf 89' lang='lat' dir='ltr'>suppeditat</span> <span class='ocrx_word' id='word_1_294' title='bbox 3393 1108 3464 1163; x_wconf 91' lang='lat' dir='ltr'>ad</span> <span class='ocrx_word' id='word_1_295' title='bbox 3496 1106 3685 1181; x_wconf 88' lang='lat' dir='ltr'>priva—</span> 
     </span>
    </p>
   </div>
   <div class='ocr_carea' id='block_1_42' title="bbox 2043 1193 3689 1266">
    <p class='ocr_par' dir='ltr' id='par_1_42' title="bbox 2043 1193 3689 1266">
     <span class='ocr_line' id='line_1_43' title="bbox 2043 1193 3689 1266; baseline 0.002 -16"><span class='ocrx_word' id='word_1_296' title='bbox 2043 1197 2135 1250; x_wconf 90' lang='lat' dir='ltr'>tos</span> <span class='ocrx_word' id='word_1_297' title='bbox 2166 1193 2553 1266; x_wconf 83' lang='lat' dir='ltr'>publicasque</span> <span class='ocrx_word' id='word_1_298' title='bbox 2583 1195 2781 1252; x_wconf 85' lang='lat' dir='ltr'>hostes</span> <span class='ocrx_word' id='word_1_299' title='bbox 2803 1196 3141 1252; x_wconf 88' lang='lat' dir='ltr'>vincendos.</span> <span class='ocrx_word' id='word_1_300' title='bbox 3181 1197 3564 1253; x_wconf 86' lang='lat' dir='ltr'>Mansuetudo</span> <span class='ocrx_word' id='word_1_301' title='bbox 3622 1213 3689 1253; x_wconf 91' lang='lat' dir='ltr'>ac</span> 
     </span>
    </p>
   </div>
   <div class='ocr_carea' id='block_1_43' title="bbox 2044 1281 3689 1357">
    <p class='ocr_par' dir='ltr' id='par_1_43' title="bbox 2044 1281 3689 1357">
     <span class='ocr_line' id='line_1_44' title="bbox 2044 1281 3689 1357; baseline 0.001 -18"><span class='ocrx_word' id='word_1_302' title='bbox 2044 1281 2326 1356; x_wconf 86' lang='lat' dir='ltr'>patientia</span> <span class='ocrx_word' id='word_1_303' title='bbox 2355 1283 2819 1355; x_wconf 85' lang='lat' dir='ltr'>magnitudinem</span> <span class='ocrx_word' id='word_1_304' title='bbox 2843 1284 3025 1341; x_wconf 90' lang='lat' dir='ltr'>animi</span> <span class='ocrx_word' id='word_1_305' title='bbox 3051 1286 3560 1357; x_wconf 86' lang='lat' dir='ltr'>constantiamque</span> <span class='ocrx_word' id='word_1_306' title='bbox 3581 1301 3689 1340; x_wconf 88' lang='lat' dir='ltr'>nos</span> 
     </span>
    </p>
   </div>
   <div class='ocr_carea' id='block_1_44' title="bbox 2044 1369 3684 1439">
    <p class='ocr_par' dir='ltr' id='par_1_44' title="bbox 2044 1369 3684 1439">
     <span class='ocr_line' id='line_1_45' title="bbox 2044 1369 3684 1439; baseline 0.002 -14"><span class='ocrx_word' id='word_1_307' title='bbox 2044 1369 2292 1439; x_wconf 88' lang='lat' dir='ltr'>docet,et</span> <span class='ocrx_word' id='word_1_308' title='bbox 2312 1370 2701 1427; x_wconf 87' lang='lat' dir='ltr'>universalem</span> <span class='ocrx_word' id='word_1_309' title='bbox 2724 1372 2896 1429; x_wconf 92' lang='lat' dir='ltr'>nobis</span> <span class='ocrx_word' id='word_1_310' title='bbox 2917 1372 3188 1429; x_wconf 89' lang='lat' dir='ltr'>conciliat</span> <span class='ocrx_word' id='word_1_311' title='bbox 3227 1373 3684 1429; x_wconf 89' lang='lat' dir='ltr'>benevolentiam</span> 
     </span>
    </p>
   </div>
   <div class='ocr_carea' id='block_1_45' title="bbox 2045 1458 3691 1533">
    <p class='ocr_par' dir='ltr' id='par_1_45' title="bbox 2045 1458 3691 1533">
     <span class='ocr_line' id='line_1_46' title="bbox 2045 1458 3691 1533; baseline 0.002 -20"><span class='ocrx_word' id='word_1_312' title='bbox 2045 1462 2218 1529; x_wconf 89' lang='lat' dir='ltr'>atque</span> <span class='ocrx_word' id='word_1_313' title='bbox 2250 1458 2593 1515; x_wconf 87' lang='lat' dir='ltr'>amicitiam.</span> <span class='ocrx_word' id='word_1_314' title='bbox 2627 1460 2888 1533; x_wconf 86' lang='lat' dir='ltr'>Denique</span> <span class='ocrx_word' id='word_1_315' title='bbox 2933 1461 3251 1518; x_wconf 86' lang='lat' dir='ltr'>liberalitas</span> <span class='ocrx_word' id='word_1_316' title='bbox 3281 1468 3339 1518; x_wconf 92' lang='lat' dir='ltr'>et</span> <span class='ocrx_word' id='word_1_317' title='bbox 3367 1462 3691 1519; x_wconf 80' lang='lat' dir='ltr'>beneficen-</span> 
     </span>
    </p>
   </div>
   <div class='ocr_carea' id='block_1_46' title="bbox 2043 1547 3688 1623">
    <p class='ocr_par' dir='ltr' id='par_1_46' title="bbox 2043 1547 3688 1623">
     <span class='ocr_line' id='line_1_47' title="bbox 2043 1547 3688 1623; baseline 0.002 -21"><span class='ocrx_word' id='word_1_318' title='bbox 2043 1547 2127 1603; x_wconf 89' lang='lat' dir='ltr'>tia</span> <span class='ocrx_word' id='word_1_319' title='bbox 2156 1547 2346 1605; x_wconf 91' lang='lat' dir='ltr'>socios</span> <span class='ocrx_word' id='word_1_320' title='bbox 2380 1548 2551 1605; x_wconf 91' lang='lat' dir='ltr'>nobis</span> <span class='ocrx_word' id='word_1_321' title='bbox 2581 1549 2919 1622; x_wconf 89' lang='lat' dir='ltr'>amicosque</span> <span class='ocrx_word' id='word_1_322' title='bbox 2940 1552 3157 1607; x_wconf 87' lang='lat' dir='ltr'>arctius</span> <span class='ocrx_word' id='word_1_323' title='bbox 3187 1551 3459 1623; x_wconf 84' lang='lat' dir='ltr'>devincit,</span> <span class='ocrx_word' id='word_1_324' title='bbox 3493 1556 3549 1607; x_wconf 92' lang='lat' dir='ltr'>et</span> <span class='ocrx_word' id='word_1_325' title='bbox 3576 1551 3688 1606; x_wconf 93' lang='lat' dir='ltr'>ini-</span> 
     </span>
    </p>
   </div>
   <div class='ocr_carea' id='block_1_47' title="bbox 2046 1636 3693 1712">
    <p class='ocr_par' dir='ltr' id='par_1_47' title="bbox 2046 1636 3693 1712">
     <span class='ocr_line' id='line_1_48' title="bbox 2046 1636 3693 1712; baseline 0.003 -20"><span class='ocrx_word' id='word_1_326' title='bbox 2046 1636 2332 1693; x_wconf 89' lang='lat' dir='ltr'>micorum</span> <span class='ocrx_word' id='word_1_327' title='bbox 2367 1638 2582 1694; x_wconf 85' lang='lat' dir='ltr'>fastum</span> <span class='ocrx_word' id='word_1_328' title='bbox 2614 1638 2965 1695; x_wconf 81' lang='lat' dir='ltr'>humiliﬁcat</span> <span class='ocrx_word' id='word_1_329' title='bbox 2988 1640 3223 1712; x_wconf 89' lang='lat' dir='ltr'>propria</span> <span class='ocrx_word' id='word_1_330' title='bbox 3252 1640 3466 1708; x_wconf 87' lang='lat' dir='ltr'>ﬁrmat,</span> <span class='ocrx_word' id='word_1_331' title='bbox 3499 1640 3693 1697; x_wconf 88' lang='lat' dir='ltr'>aliena</span> 
     </span>
    </p>
   </div>
   <div class='ocr_carea' id='block_1_48' title="bbox 2044 1729 3689 1800">
    <p class='ocr_par' dir='ltr' id='par_1_48' title="bbox 2044 1729 3689 1800">
     <span class='ocr_line' id='line_1_49' title="bbox 2044 1729 3689 1800; baseline 0.002 -18"><span class='ocrx_word' id='word_1_332' title='bbox 2044 1730 2219 1798; x_wconf 90' lang='lat' dir='ltr'>atque</span> <span class='ocrx_word' id='word_1_333' title='bbox 2279 1732 2513 1784; x_wconf 85' lang='lat' dir='ltr'>externa</span> <span class='ocrx_word' id='word_1_334' title='bbox 2569 1729 2875 1799; x_wconf 86' lang='lat' dir='ltr'>perdomat</span> <span class='ocrx_word' id='word_1_335' title='bbox 2918 1746 2932 1785; x_wconf 87' lang='lat'><strong>:</strong></span> <span class='ocrx_word' id='word_1_336' title='bbox 2976 1730 3242 1785; x_wconf 89' lang='lat' dir='ltr'>omnium</span> <span class='ocrx_word' id='word_1_337' title='bbox 3283 1746 3385 1786; x_wconf 91' lang='lat' dir='ltr'>ora</span> <span class='ocrx_word' id='word_1_338' title='bbox 3432 1729 3689 1800; x_wconf 87' lang='lat' dir='ltr'>resolvit,</span> 
     </span>
    </p>
   </div>
   <div class='ocr_carea' id='block_1_49' title="bbox 2044 1815 3689 1887">
    <p class='ocr_par' dir='ltr' id='par_1_49' title="bbox 2044 1815 3689 1887">
     <span class='ocr_line' id='line_1_50' title="bbox 2044 1815 3689 1887; baseline 0.003 -18"><span class='ocrx_word' id='word_1_339' title='bbox 2044 1815 2393 1887; x_wconf 85' lang='lat' dir='ltr'>linguasque</span> <span class='ocrx_word' id='word_1_340' title='bbox 2450 1815 2523 1870; x_wconf 89' lang='lat' dir='ltr'>ad</span> <span class='ocrx_word' id='word_1_341' title='bbox 2580 1815 2936 1887; x_wconf 82' lang='lat' dir='ltr'>praeconium</span> <span class='ocrx_word' id='word_1_342' title='bbox 2968 1818 3198 1874; x_wconf 87' lang='lat' dir='ltr'>excitat.</span> <span class='ocrx_word' id='word_1_343' title='bbox 3254 1818 3327 1875; x_wconf 89' lang='lat' dir='ltr'>Ut</span> <span class='ocrx_word' id='word_1_344' title='bbox 3383 1820 3561 1875; x_wconf 90' lang='lat' dir='ltr'>verba</span> <span class='ocrx_word' id='word_1_345' title='bbox 3618 1820 3689 1874; x_wconf 89' lang='lat' dir='ltr'>ad</span> 
     </span>
    </p>
   </div>
   <div class='ocr_carea' id='block_1_50' title="bbox 2045 1903 3691 1975">
    <p class='ocr_par' dir='ltr' id='par_1_50' title="bbox 2045 1903 3691 1975">
     <span class='ocr_line' id='line_1_51' title="bbox 2045 1903 3691 1975; baseline 0.002 -16"><span class='ocrx_word' id='word_1_346' title='bbox 2045 1903 2457 1975; x_wconf 89' lang='lat' dir='ltr'>compendium</span> <span class='ocrx_word' id='word_1_347' title='bbox 2489 1903 2804 1973; x_wconf 83' lang='lat' dir='ltr'>conferam,</span> <span class='ocrx_word' id='word_1_348' title='bbox 2833 1905 3029 1961; x_wconf 92' lang='lat' dir='ltr'>tribus</span> <span class='ocrx_word' id='word_1_349' title='bbox 3060 1905 3155 1961; x_wconf 89' lang='lat' dir='ltr'>his</span> <span class='ocrx_word' id='word_1_350' title='bbox 3182 1906 3497 1963; x_wconf 86' lang='lat' dir='ltr'>virtutibus</span> <span class='ocrx_word' id='word_1_351' title='bbox 3520 1925 3691 1963; x_wconf 91' lang='lat' dir='ltr'>orna-</span> 
     </span>
    </p>
   </div>
   <div class='ocr_carea' id='block_1_51' title="bbox 2044 1991 3690 2068">
    <p class='ocr_par' dir='ltr' id='par_1_51' title="bbox 2044 1991 3690 2068">
     <span class='ocr_line' id='line_1_52' title="bbox 2044 1991 3690 2068; baseline 0.002 -20"><span class='ocrx_word' id='word_1_352' title='bbox 2044 1995 2139 2048; x_wconf 88' lang='lat' dir='ltr'>tus</span> <span class='ocrx_word' id='word_1_353' title='bbox 2159 1992 2333 2048; x_wconf 92' lang='lat' dir='ltr'>homo</span> <span class='ocrx_word' id='word_1_354' title='bbox 2355 1991 2721 2064; x_wconf 87' lang='lat' dir='ltr'>splendidam</span> <span class='ocrx_word' id='word_1_355' title='bbox 2747 1993 2992 2066; x_wconf 86' lang='lat' dir='ltr'>gloriam</span> <span class='ocrx_word' id='word_1_356' title='bbox 3013 1994 3436 2068; x_wconf 89' lang='lat' dir='ltr'>victoriamque</span> <span class='ocrx_word' id='word_1_357' title='bbox 3461 1997 3690 2052; x_wconf 79' lang='lat' dir='ltr'>referet.</span> 
     </span>
    </p>
   </div>
   <div class='ocr_carea' id='block_1_52' title="bbox 2042 2080 3690 2153">
    <p class='ocr_par' dir='ltr' id='par_1_52' title="bbox 2042 2080 3690 2153">
     <span class='ocr_line' id='line_1_53' title="bbox 2042 2080 3690 2153; baseline 0.002 -16"><span class='ocrx_word' id='word_1_358' title='bbox 2042 2080 2375 2137; x_wconf 67' lang='lat' dir='ltr'>Graecorum</span> <span class='ocrx_word' id='word_1_359' title='bbox 2405 2080 2614 2137; x_wconf 67' lang='lat' dir='ltr'>fabula:</span> <span class='ocrx_word' id='word_1_360' title='bbox 2648 2087 2904 2153; x_wconf 90' lang='lat' dir='ltr'>narrant,</span> <span class='ocrx_word' id='word_1_361' title='bbox 2953 2083 3257 2141; x_wconf 88' lang='lat' dir='ltr'>Herculem</span> <span class='ocrx_word' id='word_1_362' title='bbox 3306 2100 3483 2141; x_wconf 87' lang='lat' dir='ltr'>aurea</span> <span class='ocrx_word' id='word_1_363' title='bbox 3533 2085 3690 2141; x_wconf 90' lang='lat' dir='ltr'>mala</span> 
     </span>
    </p>
   </div>
   <div class='ocr_carea' id='block_1_53' title="bbox 2044 2168 3686 2246">
    <p class='ocr_par' dir='ltr' id='par_1_53' title="bbox 2044 2168 3686 2246">
     <span class='ocr_line' id='line_1_54' title="bbox 2044 2168 3686 2246; baseline 0.002 -20"><span class='ocrx_word' id='word_1_364' title='bbox 2044 2168 2361 2226; x_wconf 89' lang='lat' dir='ltr'>abstulisse</span> <span class='ocrx_word' id='word_1_365' title='bbox 2388 2168 2771 2241; x_wconf 88' lang='lat' dir='ltr'>Hesperidum</span> <span class='ocrx_word' id='word_1_366' title='bbox 2799 2170 3049 2227; x_wconf 85' lang='lat' dir='ltr'>Atlantis</span> <span class='ocrx_word' id='word_1_367' title='bbox 3079 2172 3354 2242; x_wconf 84' lang='lat' dir='ltr'>filiarum,</span> <span class='ocrx_word' id='word_1_368' title='bbox 3375 2179 3686 2246; x_wconf 88' lang='lat' dir='ltr'>postquam</span> 
     </span>
    </p>
   </div>
   <div class='ocr_carea' id='block_1_54' title="bbox 2046 2257 3686 2332">
    <p class='ocr_par' dir='ltr' id='par_1_54' title="bbox 2046 2257 3686 2332">
     <span class='ocr_line' id='line_1_55' title="bbox 2046 2257 3686 2332; baseline 0 -18"><span class='ocrx_word' id='word_1_369' title='bbox 2046 2259 2359 2314; x_wconf 88' lang='lat' dir='ltr'>draconem</span> <span class='ocrx_word' id='word_1_370' title='bbox 2394 2257 2814 2314; x_wconf 88' lang='lat' dir='ltr'>multiformem</span> <span class='ocrx_word' id='word_1_371' title='bbox 2845 2260 3350 2332; x_wconf 88' lang='lat' dir='ltr'>centicipitemque</span> <span class='ocrx_word' id='word_1_372' title='bbox 3379 2261 3686 2317; x_wconf 81' lang='lat' dir='ltr'>interfecit.</span> 
     </span>
    </p>
   </div>
   <div class='ocr_carea' id='block_1_55' title="bbox 2047 2347 3690 2422">
    <p class='ocr_par' dir='ltr' id='par_1_55' title="bbox 2047 2347 3690 2422">
     <span class='ocr_line' id='line_1_56' title="bbox 2047 2347 3690 2422; baseline 0.003 -21"><span class='ocrx_word' id='word_1_373' title='bbox 2047 2347 2337 2402; x_wconf 87' lang='lat' dir='ltr'>Videntur</span> <span class='ocrx_word' id='word_1_374' title='bbox 2383 2350 2577 2402; x_wconf 89' lang='lat' dir='ltr'>autem</span> <span class='ocrx_word' id='word_1_375' title='bbox 2611 2347 2725 2403; x_wconf 92' lang='lat' dir='ltr'>dici</span> <span class='ocrx_word' id='word_1_376' title='bbox 2766 2364 2868 2420; x_wconf 92' lang='lat' dir='ltr'>per</span> <span class='ocrx_word' id='word_1_377' title='bbox 2899 2347 3235 2422; x_wconf 89' lang='lat' dir='ltr'>allegoriam</span> <span class='ocrx_word' id='word_1_378' title='bbox 3270 2350 3425 2406; x_wconf 87' lang='lat' dir='ltr'>mala</span> <span class='ocrx_word' id='word_1_379' title='bbox 3455 2351 3690 2422; x_wconf 90' lang='lat' dir='ltr'>quidem</span> 
     </span>
    </p>
   </div>
   <div class='ocr_carea' id='block_1_56' title="bbox 2050 2435 3696 2512">
    <p class='ocr_par' dir='ltr' id='par_1_56' title="bbox 2050 2435 3696 2512">
     <span class='ocr_line' id='line_1_57' title="bbox 2050 2435 3696 2512; baseline 0.003 -22"><span class='ocrx_word' id='word_1_380' title='bbox 2050 2441 2288 2509; x_wconf 85' lang='lat' dir='ltr'>propter</span> <span class='ocrx_word' id='word_1_381' title='bbox 2314 2435 2643 2504; x_wconf 90' lang='lat' dir='ltr'>victoriam,</span> <span class='ocrx_word' id='word_1_382' title='bbox 2677 2452 2852 2492; x_wconf 88' lang='lat' dir='ltr'>aureo</span> <span class='ocrx_word' id='word_1_383' title='bbox 2879 2454 3012 2493; x_wconf 82' lang='lat' dir='ltr'>vero</span> <span class='ocrx_word' id='word_1_384' title='bbox 3037 2443 3272 2510; x_wconf 86' lang='lat' dir='ltr'>propter</span> <span class='ocrx_word' id='word_1_385' title='bbox 3301 2439 3567 2512; x_wconf 87' lang='lat' dir='ltr'>gloriam.</span> <span class='ocrx_word' id='word_1_386' title='bbox 3587 2439 3696 2506; x_wconf 90' lang='lat' dir='ltr'>Qui</span> 
     </span>
    </p>
   </div>
   <div class='ocr_carea' id='block_1_57' title="bbox 2050 2523 3695 2599">
    <p class='ocr_par' dir='ltr' id='par_1_57' title="bbox 2050 2523 3695 2599">
     <span class='ocr_line' id='line_1_58' title="bbox 2050 2523 3695 2599; baseline 0.004 -21"><span class='ocrx_word' id='word_1_387' title='bbox 2050 2523 2164 2578; x_wconf 89' lang='lat' dir='ltr'>tria</span> <span class='ocrx_word' id='word_1_388' title='bbox 2193 2523 2313 2579; x_wconf 61' lang='lat' dir='ltr'>haec</span> <span class='ocrx_word' id='word_1_389' title='bbox 2343 2523 2526 2596; x_wconf 88' lang='lat' dir='ltr'>igitur</span> <span class='ocrx_word' id='word_1_390' title='bbox 2578 2524 2718 2580; x_wconf 89' lang='lat' dir='ltr'>vitia</span> <span class='ocrx_word' id='word_1_391' title='bbox 2745 2525 3037 2594; x_wconf 89' lang='lat' dir='ltr'>devicerit,</span> <span class='ocrx_word' id='word_1_392' title='bbox 3094 2527 3473 2599; x_wconf 90' lang='lat' dir='ltr'>voluptatem,</span> <span class='ocrx_word' id='word_1_393' title='bbox 3524 2530 3695 2596; x_wconf 88' lang='lat' dir='ltr'>iram,</span> 
     </span>
    </p>
   </div>
   <div class='ocr_carea' id='block_1_58' title="bbox 2053 2611 3699 2686">
    <p class='ocr_par' dir='ltr' id='par_1_58' title="bbox 2053 2611 3699 2686">
     <span class='ocr_line' id='line_1_59' title="bbox 2053 2611 3699 2686; baseline 0.003 -18"><span class='ocrx_word' id='word_1_394' title='bbox 2053 2611 2378 2679; x_wconf 88' lang='lat' dir='ltr'>avaritiam,</span> <span class='ocrx_word' id='word_1_395' title='bbox 2411 2612 2471 2667; x_wconf 91' lang='lat' dir='ltr'>in</span> <span class='ocrx_word' id='word_1_396' title='bbox 2507 2629 2634 2684; x_wconf 63' lang='lat' dir='ltr'>quas</span> <span class='ocrx_word' id='word_1_397' title='bbox 2664 2613 3011 2686; x_wconf 89' lang='lat' dir='ltr'>plerumque</span> <span class='ocrx_word' id='word_1_398' title='bbox 3065 2615 3336 2672; x_wconf 86' lang='lat' dir='ltr'>homines</span> <span class='ocrx_word' id='word_1_399' title='bbox 3367 2616 3699 2686; x_wconf 89' lang='lat' dir='ltr'>incurrunt,</span> 
     </span>
    </p>
   </div>
   <div class='ocr_carea' id='block_1_59' title="bbox 2053 2700 3700 2774">
    <p class='ocr_par' dir='ltr' id='par_1_59' title="bbox 2053 2700 3700 2774">
     <span class='ocr_line' id='line_1_60' title="bbox 2053 2700 3700 2774; baseline 0.002 -17"><span class='ocrx_word' id='word_1_400' title='bbox 2053 2701 2252 2773; x_wconf 91' lang='lat' dir='ltr'>ibique</span> <span class='ocrx_word' id='word_1_401' title='bbox 2290 2700 2570 2757; x_wconf 90' lang='lat' dir='ltr'>atlantica</span> <span class='ocrx_word' id='word_1_402' title='bbox 2598 2701 2778 2757; x_wconf 91' lang='lat' dir='ltr'>veluti</span> <span class='ocrx_word' id='word_1_403' title='bbox 2811 2703 3087 2760; x_wconf 80' lang='lat' dir='ltr'>firmitate</span> <span class='ocrx_word' id='word_1_404' title='bbox 3117 2704 3374 2774; x_wconf 42' lang='lat' dir='ltr'>hairent;</span> <span class='ocrx_word' id='word_1_405' title='bbox 3420 2706 3579 2774; x_wconf 82' lang='lat' dir='ltr'>talis,</span> <span class='ocrx_word' id='word_1_406' title='bbox 3612 2706 3700 2761; x_wconf 85' lang='lat' dir='ltr'>in-</span> 
     </span>
    </p>
   </div>
   <div class='ocr_carea' id='block_1_60' title="bbox 2056 2790 3703 2864">
    <p class='ocr_par' dir='ltr' id='par_1_60' title="bbox 2056 2790 3703 2864">
     <span class='ocr_line' id='line_1_61' title="bbox 2056 2790 3703 2864; baseline 0.004 -19"><span class='ocrx_word' id='word_1_407' title='bbox 2056 2807 2256 2862; x_wconf 90' lang='lat' dir='ltr'>quam,</span> <span class='ocrx_word' id='word_1_408' title='bbox 2305 2790 2512 2859; x_wconf 86' lang='lat' dir='ltr'>viator,</span> <span class='ocrx_word' id='word_1_409' title='bbox 2563 2794 2624 2846; x_wconf 86' lang='lat' dir='ltr'>et</span> <span class='ocrx_word' id='word_1_410' title='bbox 2671 2792 2966 2863; x_wconf 89' lang='lat' dir='ltr'>perfectus</span> <span class='ocrx_word' id='word_1_411' title='bbox 3010 2809 3099 2848; x_wconf 80' lang='lat' dir='ltr'>v1r</span> <span class='ocrx_word' id='word_1_412' title='bbox 3144 2798 3235 2850; x_wconf 89' lang='lat' dir='ltr'>est</span> <span class='ocrx_word' id='word_1_413' title='bbox 3275 2794 3644 2851; x_wconf 79' lang='lat' dir='ltr'>admirabilis</span> <span class='ocrx_word' id='word_1_414' title='bbox 3687 2821 3703 2864; x_wconf 84' lang='lat'><strong>;</strong></span> 
     </span>
    </p>
   </div>
   <div class='ocr_carea' id='block_1_61' title="bbox 2057 2878 3701 2953">
    <p class='ocr_par' dir='ltr' id='par_1_61' title="bbox 2057 2878 3701 2953">
     <span class='ocr_line' id='line_1_62' title="bbox 2057 2878 3701 2953; baseline 0.002 -18"><span class='ocrx_word' id='word_1_415' title='bbox 2057 2884 2233 2951; x_wconf 75' lang='lat' dir='ltr'>atque</span> <span class='ocrx_word' id='word_1_416' title='bbox 2288 2878 2480 2933; x_wconf 89' lang='lat' dir='ltr'>adhuc</span> <span class='ocrx_word' id='word_1_417' title='bbox 2528 2879 2763 2951; x_wconf 84' lang='lat' dir='ltr'>juvenis</span> <span class='ocrx_word' id='word_1_418' title='bbox 2823 2879 3001 2953; x_wconf 90' lang='lat' dir='ltr'>digna</span> <span class='ocrx_word' id='word_1_419' title='bbox 3055 2881 3343 2938; x_wconf 91' lang='lat' dir='ltr'>senilibus</span> <span class='ocrx_word' id='word_1_420' title='bbox 3390 2882 3561 2939; x_wconf 85' lang='lat' dir='ltr'>annis</span> <span class='ocrx_word' id='word_1_421' title='bbox 3617 2884 3701 2939; x_wconf 89' lang='lat' dir='ltr'>fa-</span> 
     </span>
    </p>
   </div>
   <div class='ocr_carea' id='block_1_62' title="bbox 2059 2966 3703 3042">
    <p class='ocr_par' dir='ltr' id='par_1_62' title="bbox 2059 2966 3703 3042">
     <span class='ocr_line' id='line_1_63' title="bbox 2059 2966 3703 3042; baseline 0.003 -20"><span class='ocrx_word' id='word_1_422' title='bbox 2059 2966 2258 3022; x_wconf 86' lang='lat' dir='ltr'>cinora</span> <span class='ocrx_word' id='word_1_423' title='bbox 2287 2972 2581 3039; x_wconf 89' lang='lat' dir='ltr'>perpetrat</span> <span class='ocrx_word' id='word_1_424' title='bbox 2612 2985 2625 3023; x_wconf 92' lang='lat'><strong>:</strong></span> <span class='ocrx_word' id='word_1_425' title='bbox 2658 2967 2932 3041; x_wconf 90' lang='lat' dir='ltr'>idemque</span> <span class='ocrx_word' id='word_1_426' title='bbox 2962 2970 3111 3042; x_wconf 89' lang='lat' dir='ltr'>pigri</span> <span class='ocrx_word' id='word_1_427' title='bbox 3145 2971 3324 3026; x_wconf 91' lang='lat' dir='ltr'>animi</span> <span class='ocrx_word' id='word_1_428' title='bbox 3371 2975 3703 3027; x_wconf 89' lang='lat' dir='ltr'>monstrum</span> 
     </span>
    </p>
   </div>
   <div class='ocr_carea' id='block_1_63' title="bbox 2059 3054 3706 3130">
    <p class='ocr_par' dir='ltr' id='par_1_63' title="bbox 2059 3054 3706 3130">
     <span class='ocr_line' id='line_1_64' title="bbox 2059 3054 3706 3130; baseline 0.005 -21"><span class='ocrx_word' id='word_1_429' title='bbox 2059 3054 2309 3127; x_wconf 85' lang='lat' dir='ltr'>impigre</span> <span class='ocrx_word' id='word_1_430' title='bbox 2326 3055 2562 3127; x_wconf 88' lang='lat' dir='ltr'>perimit</span> <span class='ocrx_word' id='word_1_431' title='bbox 2586 3073 2600 3125; x_wconf 91' lang='lat'><strong>;</strong></span> <span class='ocrx_word' id='word_1_432' title='bbox 2634 3056 2785 3129; x_wconf 89' lang='lat' dir='ltr'>pigri</span> <span class='ocrx_word' id='word_1_433' title='bbox 2808 3058 3262 3130; x_wconf 89' lang='lat' dir='ltr'>inquam,animi</span> <span class='ocrx_word' id='word_1_434' title='bbox 3295 3061 3366 3115; x_wconf 91' lang='lat' dir='ltr'>ad</span> <span class='ocrx_word' id='word_1_435' title='bbox 3390 3060 3706 3117; x_wconf 87' lang='lat' dir='ltr'>rationales</span> 
     </span>
    </p>
   </div>
   <div class='ocr_carea' id='block_1_64' title="bbox 2063 3143 3708 3218">
    <p class='ocr_par' dir='ltr' id='par_1_64' title="bbox 2063 3143 3708 3218">
     <span class='ocr_line' id='line_1_65' title="bbox 2063 3143 3708 3218; baseline 0.003 -19"><span class='ocrx_word' id='word_1_436' title='bbox 2063 3143 2389 3216; x_wconf 89' lang='lat' dir='ltr'>dignosque</span> <span class='ocrx_word' id='word_1_437' title='bbox 2419 3149 2627 3200; x_wconf 90' lang='lat' dir='ltr'>natura</span> <span class='ocrx_word' id='word_1_438' title='bbox 2657 3162 2765 3201; x_wconf 90' lang='lat' dir='ltr'>sua</span> <span class='ocrx_word' id='word_1_439' title='bbox 2800 3147 3212 3218; x_wconf 89' lang='lat' dir='ltr'>actus,quibus</span> <span class='ocrx_word' id='word_1_440' title='bbox 3233 3146 3406 3203; x_wconf 91' lang='lat' dir='ltr'>alieni</span> <span class='ocrx_word' id='word_1_441' title='bbox 3429 3165 3463 3204; x_wconf 89' lang='lat' dir='ltr'>a</span> <span class='ocrx_word' id='word_1_442' title='bbox 3483 3149 3708 3205; x_wconf 86' lang='lat' dir='ltr'>ratione</span> 
     </span>
    </p>
   </div>
   <div class='ocr_carea' id='block_1_65' title="bbox 2065 3234 3709 3303">
    <p class='ocr_par' dir='ltr' id='par_1_65' title="bbox 2065 3234 3709 3303">
     <span class='ocr_line' id='line_1_66' title="bbox 2065 3234 3709 3303; baseline 0.004 -17"><span class='ocrx_word' id='word_1_443' title='bbox 2065 3236 2392 3303; x_wconf 89' lang='lat' dir='ltr'>naturaque</span> <span class='ocrx_word' id='word_1_444' title='bbox 2424 3237 2618 3288; x_wconf 86' lang='lat' dir='ltr'>motus</span> <span class='ocrx_word' id='word_1_445' title='bbox 2649 3234 2959 3290; x_wconf 89' lang='lat' dir='ltr'>cohibendi</span> <span class='ocrx_word' id='word_1_446' title='bbox 2991 3239 3148 3291; x_wconf 89' lang='lat' dir='ltr'>sunt.</span> <span class='ocrx_word' id='word_1_447' title='bbox 3170 3235 3319 3291; x_wconf 89' lang='lat' dir='ltr'>Nam</span> <span class='ocrx_word' id='word_1_448' title='bbox 3349 3253 3546 3292; x_wconf 90' lang='lat' dir='ltr'>coram</span> <span class='ocrx_word' id='word_1_449' title='bbox 3575 3237 3709 3293; x_wconf 87' lang='lat' dir='ltr'>forti</span> 
     </span>
    </p>
   </div>
   <div class='ocr_carea' id='block_1_66' title="bbox 295 3303 1947 3398">
    <p class='ocr_par' dir='ltr' id='par_1_66' title="bbox 295 3303 1947 3394">
     <span class='ocr_line' id='line_1_67' title="bbox 295 3303 1947 3394; baseline 0.001 -21"><span class='ocrx_word' id='word_1_450' title='bbox 295 3318 378 3380; x_wconf 77' lang='grc' dir='ltr'>εἷς</span> <span class='ocrx_word' id='word_1_451' title='bbox 407 3316 442 3371; x_wconf 77' lang='grc' dir='ltr'><strong>ἃ</strong></span> <span class='ocrx_word' id='word_1_452' title='bbox 471 3316 545 3377; x_wconf 87' lang='grc' dir='ltr'>ὡς</span> <span class='ocrx_word' id='word_1_453' title='bbox 577 3303 680 3371; x_wconf 74' lang='grc' dir='ltr'>ἐπὶ</span> <span class='ocrx_word' id='word_1_454' title='bbox 728 3314 875 3371; x_wconf 78' lang='grc' dir='ltr'>πολὺ</span> <span class='ocrx_word' id='word_1_455' title='bbox 920 3314 1334 3391; x_wconf 78' lang='grc' dir='ltr'>περιπίπτουσιν</span> <span class='ocrx_word' id='word_1_456' title='bbox 1367 3317 1419 3371; x_wconf 80' lang='grc' dir='ltr'>οἱ</span> <span class='ocrx_word' id='word_1_457' title='bbox 1467 3318 1765 3394; x_wconf 83' lang='grc' dir='ltr'>ἄνθρωποι,</span> <span class='ocrx_word' id='word_1_458' title='bbox 1799 3317 1947 3394; x_wconf 79' lang='grc' dir='ltr'>ἔχον-</span> 
     </span>
    </p>
   </div>
   <div class='ocr_carea' id='block_1_67' title="bbox 2057 3303 3710 3398">
    <p class='ocr_par' dir='ltr' id='par_1_67' title="bbox 2067 3319 3710 3398">
     <span class='ocr_line' id='line_1_68' title="bbox 2067 3319 3710 3398; baseline 0.004 -22"><span class='ocrx_word' id='word_1_459' title='bbox 2067 3319 2412 3392; x_wconf 86' lang='lat' dir='ltr'>excelsaque</span> <span class='ocrx_word' id='word_1_460' title='bbox 2460 3321 2670 3377; x_wconf 87' lang='lat' dir='ltr'>mentis</span> <span class='ocrx_word' id='word_1_461' title='bbox 2702 3322 2963 3394; x_wconf 90' lang='lat' dir='ltr'>potentia</span> <span class='ocrx_word' id='word_1_462' title='bbox 3012 3323 3328 3380; x_wconf 88' lang='lat' dir='ltr'>formidare</span> <span class='ocrx_word' id='word_1_463' title='bbox 3356 3324 3504 3381; x_wconf 89' lang='lat' dir='ltr'>solet</span> <span class='ocrx_word' id='word_1_464' title='bbox 3533 3331 3710 3398; x_wconf 90' lang='lat' dir='ltr'>atque</span> 
     </span>
    </p>
   </div>
   <div class='ocr_carea' id='block_1_68' title="bbox 290 3402 1955 3484">
    <p class='ocr_par' dir='ltr' id='par_1_68' title="bbox 290 3402 1955 3484">
     <span class='ocr_line' id='line_1_69' title="bbox 290 3402 1955 3484; baseline -0.001 -21"><span class='ocrx_word' id='word_1_465' title='bbox 290 3427 388 3469; x_wconf 86' lang='grc' dir='ltr'>τες</span> <span class='ocrx_word' id='word_1_466' title='bbox 446 3404 537 3460; x_wconf 84' lang='grc' dir='ltr'>ἐπὶ</span> <span class='ocrx_word' id='word_1_467' title='bbox 583 3402 824 3478; x_wconf 84' lang='grc' dir='ltr'>τούτοιτ,</span> <span class='ocrx_word' id='word_1_468' title='bbox 856 3404 932 3467; x_wconf 86' lang='grc' dir='ltr'>ὡς</span> <span class='ocrx_word' id='word_1_469' title='bbox 981 3403 1276 3477; x_wconf 66' lang='grc' dir='ltr'>νΑτλαντα,</span> <span class='ocrx_word' id='word_1_470' title='bbox 1305 3404 1399 3460; x_wconf 89' lang='grc' dir='ltr'>τὸν</span> <span class='ocrx_word' id='word_1_471' title='bbox 1456 3404 1735 3461; x_wconf 88' lang='grc' dir='ltr'>ἀνένδοτον</span> <span class='ocrx_word' id='word_1_472' title='bbox 1795 3406 1955 3484; x_wconf 87' lang='grc' dir='ltr'>λογι-</span> 
     </span>
    </p>
   </div>
   <div class='ocr_carea' id='block_1_69' title="bbox 300 3492 1958 3568">
    <p class='ocr_par' dir='ltr' id='par_1_69' title="bbox 300 3492 1958 3568">
     <span class='ocr_line' id='line_1_70' title="bbox 300 3492 1958 3568; baseline 0 -19"><span class='ocrx_word' id='word_1_473' title='bbox 300 3495 467 3568; x_wconf 84' lang='grc' dir='ltr'>σμὸν,</span> <span class='ocrx_word' id='word_1_474' title='bbox 527 3493 687 3556; x_wconf 80' lang='grc' dir='ltr'>οὗτος</span> <span class='ocrx_word' id='word_1_475' title='bbox 746 3493 775 3547; x_wconf 85' lang='grc' dir='ltr'>ὁ</span> <span class='ocrx_word' id='word_1_476' title='bbox 830 3496 998 3548; x_wconf 86' lang='grc' dir='ltr'>ταῦτα</span> <span class='ocrx_word' id='word_1_477' title='bbox 1053 3494 1373 3565; x_wconf 87' lang='grc' dir='ltr'>νενικηκὼς,</span> <span class='ocrx_word' id='word_1_478' title='bbox 1431 3492 1642 3557; x_wconf 84' lang='grc' dir='ltr'>τέλειός</span> <span class='ocrx_word' id='word_1_479' title='bbox 1700 3495 1811 3550; x_wconf 85' lang='grc' dir='ltr'>ἐστι</span> <span class='ocrx_word' id='word_1_480' title='bbox 1868 3496 1958 3551; x_wconf 84' lang='grc' dir='ltr'>καὶ</span> 
     </span>
    </p>
   </div>
   <div class='ocr_carea' id='block_1_70' title="bbox 303 3575 1957 3658">
    <p class='ocr_par' dir='ltr' id='par_1_70' title="bbox 303 3575 1957 3658">
     <span class='ocr_line' id='line_1_71' title="bbox 303 3575 1957 3658; baseline 0 -20"><span class='ocrx_word' id='word_1_481' title='bbox 303 3582 757 3655; x_wconf 77' lang='grc' dir='ltr'>ἀξιοθαύμαστος,</span> <span class='ocrx_word' id='word_1_482' title='bbox 816 3575 1226 3658; x_wconf 88' lang='grc' dir='ltr'>προλαμϐάνων</span> <span class='ocrx_word' id='word_1_483' title='bbox 1281 3580 1335 3637; x_wconf 87' lang='grc' dir='ltr'>ἐν</span> <span class='ocrx_word' id='word_1_484' title='bbox 1395 3585 1465 3657; x_wconf 80' lang='grc' dir='ltr'>τῇ</span> <span class='ocrx_word' id='word_1_485' title='bbox 1521 3582 1736 3654; x_wconf 88' lang='grc' dir='ltr'>νεότητι</span> <span class='ocrx_word' id='word_1_486' title='bbox 1790 3583 1857 3638; x_wconf 80' lang='grc' dir='ltr'>τὰ</span> <span class='ocrx_word' id='word_1_487' title='bbox 1904 3584 1957 3639; x_wconf 88' lang='grc' dir='ltr'>ἐν</span> 
     </span>
    </p>
   </div>
   <div class='ocr_carea' id='block_1_71' title="bbox 304 3670 1961 3749">
    <p class='ocr_par' dir='ltr' id='par_1_71' title="bbox 304 3670 1961 3749">
     <span class='ocr_line' id='line_1_72' title="bbox 304 3670 1961 3749; baseline 0.001 -23"><span class='ocrx_word' id='word_1_488' title='bbox 304 3674 461 3749; x_wconf 72' lang='grc' dir='ltr'>γήρᾳ</span> <span class='ocrx_word' id='word_1_489' title='bbox 486 3670 763 3747; x_wconf 90' lang='grc' dir='ltr'>πρέποντα</span> <span class='ocrx_word' id='word_1_490' title='bbox 804 3671 1223 3747; x_wconf 86' lang='grc' dir='ltr'>κατορθώματα,</span> <span class='ocrx_word' id='word_1_491' title='bbox 1252 3671 1343 3726; x_wconf 85' lang='grc' dir='ltr'>καὶ</span> <span class='ocrx_word' id='word_1_492' title='bbox 1391 3670 1454 3725; x_wconf 86' lang='grc' dir='ltr'>τὸ</span> <span class='ocrx_word' id='word_1_493' title='bbox 1499 3677 1600 3741; x_wconf 90' lang='grc' dir='ltr'>τῆς</span> <span class='ocrx_word' id='word_1_494' title='bbox 1645 3670 1961 3746; x_wconf 83' lang='grc' dir='ltr'>ἀμελούσης</span> 
     </span>
    </p>
   </div>
   <div class='ocr_carea' id='block_1_72' title="bbox 303 3754 1959 3837">
    <p class='ocr_par' dir='ltr' id='par_1_72' title="bbox 303 3754 1959 3837">
     <span class='ocr_line' id='line_1_73' title="bbox 303 3754 1959 3837; baseline 0.001 -23"><span class='ocrx_word' id='word_1_495' title='bbox 303 3764 499 3836; x_wconf 81' lang='grc' dir='ltr'>ψυχῆς</span> <span class='ocrx_word' id='word_1_496' title='bbox 555 3757 744 3832; x_wconf 90' lang='grc' dir='ltr'>θηρίον</span> <span class='ocrx_word' id='word_1_497' title='bbox 807 3759 942 3831; x_wconf 78' lang='grc' dir='ltr'>μετὰ</span> <span class='ocrx_word' id='word_1_498' title='bbox 995 3757 1238 3830; x_wconf 82' lang='grc' dir='ltr'>σπουδῆς</span> <span class='ocrx_word' id='word_1_499' title='bbox 1294 3754 1675 3833; x_wconf 86' lang='grc' dir='ltr'>καταϐάλλων,</span> <span class='ocrx_word' id='word_1_500' title='bbox 1718 3761 1806 3816; x_wconf 86' lang='grc' dir='ltr'>καὶ</span> <span class='ocrx_word' id='word_1_501' title='bbox 1867 3760 1959 3837; x_wconf 76' lang='grc' dir='ltr'>ρᾳ-</span> 
     </span>
    </p>
   </div>
   <div class='ocr_carea' id='block_1_73' title="bbox 307 3844 1959 3927">
    <p class='ocr_par' dir='ltr' id='par_1_73' title="bbox 307 3844 1959 3927">
     <span class='ocr_line' id='line_1_74' title="bbox 307 3844 1959 3927; baseline 0.001 -25"><span class='ocrx_word' id='word_1_502' title='bbox 307 3847 504 3922; x_wconf 84' lang='grc' dir='ltr'>θύμως</span> <span class='ocrx_word' id='word_1_503' title='bbox 572 3844 917 3921; x_wconf 76' lang='grc' dir='ltr'>διακειμένης</span> <span class='ocrx_word' id='word_1_504' title='bbox 967 3847 1091 3923; x_wconf 85' lang='grc' dir='ltr'>περὶ</span> <span class='ocrx_word' id='word_1_505' title='bbox 1147 3847 1242 3910; x_wconf 81' lang='grc' dir='ltr'>τὰς</span> <span class='ocrx_word' id='word_1_506' title='bbox 1302 3846 1528 3924; x_wconf 81' lang='grc' dir='ltr'>λογικὰς</span> <span class='ocrx_word' id='word_1_507' title='bbox 1592 3849 1730 3904; x_wconf 85' lang='grc' dir='ltr'>κατὰ</span> <span class='ocrx_word' id='word_1_508' title='bbox 1804 3848 1959 3927; x_wconf 83' lang='grc' dir='ltr'>φύσιν</span> 
     </span>
    </p>
   </div>
   <div class='ocr_carea' id='block_1_74' title="bbox 304 3932 1960 4014">
    <p class='ocr_par' dir='ltr' id='par_1_74' title="bbox 304 3932 1960 4014">
     <span class='ocr_line' id='line_1_75' title="bbox 304 3932 1960 4014; baseline 0.001 -23"><span class='ocrx_word' id='word_1_509' title='bbox 304 3937 511 4012; x_wconf 77' lang='grc' dir='ltr'>ὁρμὰς,</span> <span class='ocrx_word' id='word_1_510' title='bbox 544 3932 743 3998; x_wconf 73' lang='grc' dir='ltr'>αἵτινες</span> <span class='ocrx_word' id='word_1_511' title='bbox 771 3937 867 3999; x_wconf 81' lang='grc' dir='ltr'>τὰς</span> <span class='ocrx_word' id='word_1_512' title='bbox 905 3935 1053 4011; x_wconf 85' lang='grc' dir='ltr'>παρά</span> <span class='ocrx_word' id='word_1_513' title='bbox 1103 3935 1259 4014; x_wconf 76' lang='grc' dir='ltr'>φύσιν</span> <span class='ocrx_word' id='word_1_514' title='bbox 1300 3936 1391 3991; x_wconf 82' lang='grc' dir='ltr'>καὶ</span> <span class='ocrx_word' id='word_1_515' title='bbox 1438 3934 1674 4013; x_wconf 81' lang='grc' dir='ltr'>ἀλόγους</span> <span class='ocrx_word' id='word_1_516' title='bbox 1718 3939 1960 4009; x_wconf 81' lang='grc' dir='ltr'>κινήσεις</span> 
     </span>
    </p>
   </div>
   <div class='ocr_carea' id='block_1_75' title="bbox 305 4019 1958 4101">
    <p class='ocr_par' dir='ltr' id='par_1_75' title="bbox 305 4019 1958 4101">
     <span class='ocr_line' id='line_1_76' title="bbox 305 4019 1958 4101; baseline 0.001 -21"><span class='ocrx_word' id='word_1_517' title='bbox 305 4019 743 4081; x_wconf 84' lang='grc' dir='ltr'>καταϐάλλουσι·</span> <span class='ocrx_word' id='word_1_518' title='bbox 775 4025 913 4101; x_wconf 85' lang='grc' dir='ltr'>πρὸς</span> <span class='ocrx_word' id='word_1_519' title='bbox 943 4024 1048 4101; x_wconf 80' lang='grc' dir='ltr'>γὰρ</span> <span class='ocrx_word' id='word_1_520' title='bbox 1095 4022 1158 4079; x_wconf 74' lang='grc' dir='ltr'>τὰ</span> <span class='ocrx_word' id='word_1_521' title='bbox 1205 4023 1431 4101; x_wconf 74' lang='grc' dir='ltr'>ἷσχυρόν</span> <span class='ocrx_word' id='word_1_522' title='bbox 1485 4045 1545 4081; x_wconf 90' lang='grc' dir='ltr'>τε</span> <span class='ocrx_word' id='word_1_523' title='bbox 1597 4025 1687 4080; x_wconf 85' lang='grc' dir='ltr'>καὶ</span> <span class='ocrx_word' id='word_1_524' title='bbox 1748 4024 1958 4100; x_wconf 79' lang='grc' dir='ltr'>ὑψηλὸν</span> 
     </span>
    </p>
   </div>
   <div class='ocr_carea' id='block_1_76' title="bbox 2069 3409 3706 3484">
    <p class='ocr_par' dir='ltr' id='par_1_76' title="bbox 2069 3409 3706 3484">
     <span class='ocr_line' id='line_1_77' title="bbox 2069 3409 3706 3484; baseline 0.004 -20"><span class='ocrx_word' id='word_1_525' title='bbox 2069 3412 2296 3481; x_wconf 89' lang='lat' dir='ltr'>torpere</span> <span class='ocrx_word' id='word_1_526' title='bbox 2324 3409 2609 3481; x_wconf 89' lang='lat' dir='ltr'>quidquid</span> <span class='ocrx_word' id='word_1_527' title='bbox 2643 3410 2913 3483; x_wconf 89' lang='lat' dir='ltr'>spurium</span> <span class='ocrx_word' id='word_1_528' title='bbox 2946 3416 3266 3484; x_wconf 64' lang='lat' dir='ltr'>prmterque</span> <span class='ocrx_word' id='word_1_529' title='bbox 3288 3418 3559 3470; x_wconf 91' lang='lat' dir='ltr'>naturam</span> <span class='ocrx_word' id='word_1_530' title='bbox 3591 3418 3706 3471; x_wconf 87' lang='lat' dir='ltr'>est:</span> 
     </span>
    </p>
   </div>
   <div class='ocr_carea' id='block_1_77' title="bbox 2068 3497 3711 3573">
    <p class='ocr_par' dir='ltr' id='par_1_77' title="bbox 2068 3497 3711 3573">
     <span class='ocr_line' id='line_1_78' title="bbox 2068 3497 3711 3573; baseline 0.005 -21"><span class='ocrx_word' id='word_1_531' title='bbox 2068 3497 2421 3570; x_wconf 89' lang='lat' dir='ltr'>graviusque</span> <span class='ocrx_word' id='word_1_532' title='bbox 2449 3498 2636 3570; x_wconf 86' lang='lat' dir='ltr'>timet,</span> <span class='ocrx_word' id='word_1_533' title='bbox 2667 3515 2846 3570; x_wconf 89' lang='lat' dir='ltr'>quam</span> <span class='ocrx_word' id='word_1_534' title='bbox 2905 3499 3069 3556; x_wconf 93' lang='lat' dir='ltr'>leone</span> <span class='ocrx_word' id='word_1_535' title='bbox 3107 3501 3372 3573; x_wconf 90' lang='lat' dir='ltr'>rugiente</span> <span class='ocrx_word' id='word_1_536' title='bbox 3415 3501 3576 3559; x_wconf 90' lang='lat' dir='ltr'>feles.</span> <span class='ocrx_word' id='word_1_537' title='bbox 3610 3504 3711 3560; x_wconf 78' lang='lat' dir='ltr'>Se-</span> 
     </span>
    </p>
   </div>
   <div class='ocr_carea' id='block_1_78' title="bbox 2070 3587 3712 3662">
    <p class='ocr_par' dir='ltr' id='par_1_78' title="bbox 2070 3587 3712 3662">
     <span class='ocr_line' id='line_1_79' title="bbox 2070 3587 3712 3662; baseline 0.004 -21"><span class='ocrx_word' id='word_1_538' title='bbox 2070 3602 2174 3641; x_wconf 91' lang='lat' dir='ltr'>cus</span> <span class='ocrx_word' id='word_1_539' title='bbox 2205 3590 2403 3642; x_wconf 84' lang='lat' dir='ltr'>autem</span> <span class='ocrx_word' id='word_1_540' title='bbox 2434 3602 2504 3642; x_wconf 88' lang='lat' dir='ltr'>ex</span> <span class='ocrx_word' id='word_1_541' title='bbox 2548 3587 2800 3659; x_wconf 87' lang='lat' dir='ltr'>ignavia,</span> <span class='ocrx_word' id='word_1_542' title='bbox 2862 3588 3110 3659; x_wconf 90' lang='lat' dir='ltr'>incuria,</span> <span class='ocrx_word' id='word_1_543' title='bbox 3166 3589 3477 3662; x_wconf 89' lang='lat' dir='ltr'>somnique</span> <span class='ocrx_word' id='word_1_544' title='bbox 3508 3607 3712 3662; x_wconf 84' lang='lat' dir='ltr'>super-</span> 
     </span>
    </p>
   </div>
   <div class='ocr_carea' id='block_1_79' title="bbox 2070 3674 3713 3750">
    <p class='ocr_par' dir='ltr' id='par_1_79' title="bbox 2070 3674 3713 3750">
     <span class='ocr_line' id='line_1_80' title="bbox 2070 3674 3713 3750; baseline 0.004 -20"><span class='ocrx_word' id='word_1_545' title='bbox 2070 3674 2173 3730; x_wconf 87' lang='lat' dir='ltr'>ﬂui</span> <span class='ocrx_word' id='word_1_546' title='bbox 2230 3675 2450 3746; x_wconf 88' lang='lat' dir='ltr'>studio,</span> <span class='ocrx_word' id='word_1_547' title='bbox 2513 3676 2968 3733; x_wconf 90' lang='lat' dir='ltr'>corroborantur</span> <span class='ocrx_word' id='word_1_548' title='bbox 2994 3677 3136 3733; x_wconf 85' lang='lat' dir='ltr'>vitia</span> <span class='ocrx_word' id='word_1_549' title='bbox 3184 3683 3358 3750; x_wconf 87' lang='lat' dir='ltr'>atque</span> <span class='ocrx_word' id='word_1_550' title='bbox 3406 3680 3713 3736; x_wconf 82' lang='lat' dir='ltr'>audaciam</span> 
     </span>
    </p>
   </div>
   <div class='ocr_carea' id='block_1_80' title="bbox 2070 3764 3713 3837">
    <p class='ocr_par' dir='ltr' id='par_1_80' title="bbox 2070 3764 3713 3837">
     <span class='ocr_line' id='line_1_81' title="bbox 2070 3764 3713 3837; baseline 0.003 -18"><span class='ocrx_word' id='word_1_551' title='bbox 2070 3767 2335 3835; x_wconf 85' lang='lat' dir='ltr'>sumunt,</span> <span class='ocrx_word' id='word_1_552' title='bbox 2393 3779 2643 3834; x_wconf 85' lang='lat' dir='ltr'>moxque</span> <span class='ocrx_word' id='word_1_553' title='bbox 2685 3764 2981 3820; x_wconf 89' lang='lat' dir='ltr'>hominem</span> <span class='ocrx_word' id='word_1_554' title='bbox 3030 3766 3321 3823; x_wconf 90' lang='lat' dir='ltr'>irretitum</span> <span class='ocrx_word' id='word_1_555' title='bbox 3378 3773 3713 3837; x_wconf 66' lang='lat' dir='ltr'>excaecant;</span> 
     </span>
    </p>
   </div>
   <div class='ocr_carea' id='block_1_81' title="bbox 2071 3850 3718 3929">
    <p class='ocr_par' dir='ltr' id='par_1_81' title="bbox 2071 3850 3718 3929">
     <span class='ocr_line' id='line_1_82' title="bbox 2071 3850 3718 3929; baseline 0.004 -22"><span class='ocrx_word' id='word_1_556' title='bbox 2071 3868 2173 3907; x_wconf 91' lang='lat' dir='ltr'>ceu</span> <span class='ocrx_word' id='word_1_557' title='bbox 2206 3850 2597 3907; x_wconf 86' lang='lat' dir='ltr'>fortissimum</span> <span class='ocrx_word' id='word_1_558' title='bbox 2628 3850 2797 3907; x_wconf 91' lang='lat' dir='ltr'>illum</span> <span class='ocrx_word' id='word_1_559' title='bbox 2855 3853 3241 3926; x_wconf 89' lang='lat' dir='ltr'>Sampsouem</span> <span class='ocrx_word' id='word_1_560' title='bbox 3301 3855 3521 3923; x_wconf 86' lang='lat' dir='ltr'>Dalida,</span> <span class='ocrx_word' id='word_1_561' title='bbox 3562 3861 3718 3929; x_wconf 90' lang='lat' dir='ltr'>post-</span> 
     </span>
    </p>
   </div>
   <div class='ocr_carea' id='block_1_82' title="bbox 2070 3939 3716 4017">
    <p class='ocr_par' dir='ltr' id='par_1_82' title="bbox 2070 3939 3716 4017">
     <span class='ocr_line' id='line_1_83' title="bbox 2070 3939 3716 4017; baseline 0.005 -22"><span class='ocrx_word' id='word_1_562' title='bbox 2070 3957 2250 4012; x_wconf 90' lang='lat' dir='ltr'>quam</span> <span class='ocrx_word' id='word_1_563' title='bbox 2283 3939 2333 3996; x_wconf 89' lang='lat' dir='ltr'>ei</span> <span class='ocrx_word' id='word_1_564' title='bbox 2365 3945 2541 4012; x_wconf 92' lang='lat' dir='ltr'>caput</span> <span class='ocrx_word' id='word_1_565' title='bbox 2570 3940 2800 4013; x_wconf 91' lang='lat' dir='ltr'>capillis</span> <span class='ocrx_word' id='word_1_566' title='bbox 2824 3943 3144 3999; x_wconf 87' lang='lat' dir='ltr'>nudaverat</span> <span class='ocrx_word' id='word_1_567' title='bbox 3188 3962 3201 4000; x_wconf 91' lang='lat'><strong>:</strong></span> <span class='ocrx_word' id='word_1_568' title='bbox 3234 3945 3486 4017; x_wconf 85' lang='lat' dir='ltr'>denique</span> <span class='ocrx_word' id='word_1_569' title='bbox 3532 3945 3716 4003; x_wconf 89' lang='lat' dir='ltr'>oculis</span> 
     </span>
    </p>
   </div>
   <div class='ocr_carea' id='block_1_83' title="bbox 2072 4030 3251 4100">
    <p class='ocr_par' dir='ltr' id='par_1_83' title="bbox 2072 4030 3251 4100">
     <span class='ocr_line' id='line_1_84' title="bbox 2072 4030 3251 4100; baseline 0.002 -14"><span class='ocrx_word' id='word_1_570' title='bbox 2072 4044 2372 4100; x_wconf 88' lang='lat' dir='ltr'>sensuque</span> <span class='ocrx_word' id='word_1_571' title='bbox 2400 4031 2663 4097; x_wconf 88' lang='lat' dir='ltr'>orbatus,</span> <span class='ocrx_word' id='word_1_572' title='bbox 2696 4030 2950 4087; x_wconf 91' lang='lat' dir='ltr'>ludibrio</span> <span class='ocrx_word' id='word_1_573' title='bbox 2981 4032 3251 4089; x_wconf 89' lang='lat' dir='ltr'>habetur.</span> 
     </span>
    </p>
   </div>
   <div class='ocr_carea' id='block_1_84' title="bbox 300 4109 3721 4196">
    <p class='ocr_par' dir='ltr' id='par_1_84' title="bbox 300 4109 3721 4196">
     <span class='ocr_line' id='line_1_85' title="bbox 300 4109 3721 4196; baseline 0.002 -26"><span class='ocrx_word' id='word_1_574' title='bbox 300 4118 409 4171; x_wconf 87' lang='grc' dir='ltr'>τοῦ</span> <span class='ocrx_word' id='word_1_575' title='bbox 464 4116 798 4189; x_wconf 76' lang='grc' dir='ltr'>ἡγεμονικοῦ</span> <span class='ocrx_word' id='word_1_576' title='bbox 851 4109 1031 4183; x_wconf 82' lang='grc' dir='ltr'>δειλιᾷ</span> <span class='ocrx_word' id='word_1_577' title='bbox 1075 4112 1166 4168; x_wconf 88' lang='grc' dir='ltr'>καὶ</span> <span class='ocrx_word' id='word_1_578' title='bbox 1221 4116 1501 4189; x_wconf 88' lang='grc' dir='ltr'>νεκροῦται</span> <span class='ocrx_word' id='word_1_579' title='bbox 1551 4114 1612 4169; x_wconf 85' lang='grc' dir='ltr'>τὸ</span> <span class='ocrx_word' id='word_1_580' title='bbox 1666 4112 2194 4191; x_wconf 86' lang='grc' dir='ltr'>ἀπηλλοτριωμένον</span> <span class='ocrx_word' id='word_1_581' title='bbox 2263 4117 2354 4172; x_wconf 84' lang='grc' dir='ltr'>καὶ</span> <span class='ocrx_word' id='word_1_582' title='bbox 2428 4119 2574 4193; x_wconf 84' lang='grc' dir='ltr'>παρᾶ</span> <span class='ocrx_word' id='word_1_583' title='bbox 2645 4117 2823 4196; x_wconf 77' lang='grc' dir='ltr'>φύσιν·</span> <span class='ocrx_word' id='word_1_584' title='bbox 2870 4118 2960 4173; x_wconf 83' lang='grc' dir='ltr'>καὶ</span> <span class='ocrx_word' id='word_1_585' title='bbox 3046 4121 3247 4195; x_wconf 73' lang='grc' dir='ltr'>πάσχει</span> <span class='ocrx_word' id='word_1_586' title='bbox 3314 4118 3485 4176; x_wconf 86' lang='grc' dir='ltr'>πλέον</span> <span class='ocrx_word' id='word_1_587' title='bbox 3543 4122 3580 4191; x_wconf 72' lang='grc' dir='ltr'>ἢ</span> <span class='ocrx_word' id='word_1_588' title='bbox 3639 4119 3721 4177; x_wconf 55' lang='lat' dir='ltr'>a7!-</span> 
     </span>
    </p>
   </div>
   <div class='ocr_carea' id='block_1_85' title="bbox 308 4197 3715 4283">
    <p class='ocr_par' dir='ltr' id='par_1_85' title="bbox 308 4197 3715 4283">
     <span class='ocr_line' id='line_1_86' title="bbox 308 4197 3715 4283; baseline 0.002 -27"><span class='ocrx_word' id='word_1_589' title='bbox 308 4199 516 4276; x_wconf 81' lang='grc' dir='ltr'>λουρος</span> <span class='ocrx_word' id='word_1_590' title='bbox 572 4199 888 4274; x_wconf 85' lang='grc' dir='ltr'>ώρυομένου</span> <span class='ocrx_word' id='word_1_591' title='bbox 943 4197 1186 4262; x_wconf 88' lang='grc' dir='ltr'>λέοντος·</span> <span class='ocrx_word' id='word_1_592' title='bbox 1248 4199 1429 4275; x_wconf 82' lang='grc' dir='ltr'>ὥσπερ</span> <span class='ocrx_word' id='word_1_593' title='bbox 1485 4199 1650 4257; x_wconf 89' lang='grc' dir='ltr'>πάλιν</span> <span class='ocrx_word' id='word_1_594' title='bbox 1708 4200 1766 4256; x_wconf 83' lang='grc' dir='ltr'>ἐκ</span> <span class='ocrx_word' id='word_1_595' title='bbox 1799 4206 1898 4256; x_wconf 89' lang='grc' dir='ltr'>τοῦ</span> <span class='ocrx_word' id='word_1_596' title='bbox 1955 4201 2191 4259; x_wconf 84' lang='grc' dir='ltr'>ἐναντίου</span> <span class='ocrx_word' id='word_1_597' title='bbox 2248 4202 2354 4259; x_wconf 89' lang='grc' dir='ltr'>ἀπὸ</span> <span class='ocrx_word' id='word_1_598' title='bbox 2407 4209 2505 4259; x_wconf 89' lang='grc' dir='ltr'>τοῦ</span> <span class='ocrx_word' id='word_1_599' title='bbox 2564 4203 2820 4281; x_wconf 79' lang='grc' dir='ltr'>ῥᾳθυμεῖν</span> <span class='ocrx_word' id='word_1_600' title='bbox 2876 4205 2965 4260; x_wconf 81' lang='grc' dir='ltr'>καὶ</span> <span class='ocrx_word' id='word_1_601' title='bbox 3041 4205 3284 4280; x_wconf 81' lang='grc' dir='ltr'>ἀμελεῖν,</span> <span class='ocrx_word' id='word_1_602' title='bbox 3345 4210 3435 4263; x_wconf 87' lang='grc' dir='ltr'>καὶ</span> <span class='ocrx_word' id='word_1_603' title='bbox 3506 4211 3715 4283; x_wconf 82' lang='grc' dir='ltr'>ἀγαπᾷν</span> 
     </span>
    </p>
   </div>
   <div class='ocr_carea' id='block_1_86' title="bbox 306 4286 3717 4372">
    <p class='ocr_par' dir='ltr' id='par_1_86' title="bbox 306 4286 3717 4372">
     <span class='ocr_line' id='line_1_87' title="bbox 306 4286 3717 4372; baseline 0.002 -28"><span class='ocrx_word' id='word_1_604' title='bbox 306 4289 514 4351; x_wconf 75' lang='grc' dir='ltr'>ὕπνους</span> <span class='ocrx_word' id='word_1_605' title='bbox 569 4287 737 4345; x_wconf 78' lang='grc' dir='ltr'>πλέον</span> <span class='ocrx_word' id='word_1_606' title='bbox 794 4292 892 4344; x_wconf 85' lang='grc' dir='ltr'>τοῦ</span> <span class='ocrx_word' id='word_1_607' title='bbox 950 4286 1188 4361; x_wconf 86' lang='grc' dir='ltr'>δέοντος,</span> <span class='ocrx_word' id='word_1_608' title='bbox 1224 4288 1705 4366; x_wconf 79' lang='grc' dir='ltr'>ἶσχυροποιοῦνται</span> <span class='ocrx_word' id='word_1_609' title='bbox 1758 4291 1827 4346; x_wconf 81' lang='grc' dir='ltr'>τὰ</span> <span class='ocrx_word' id='word_1_610' title='bbox 1873 4290 2017 4363; x_wconf 60' lang='grc' dir='ltr'>Ιπάθη</span> <span class='ocrx_word' id='word_1_611' title='bbox 2077 4293 2167 4347; x_wconf 84' lang='grc' dir='ltr'>καὶ</span> <span class='ocrx_word' id='word_1_612' title='bbox 2225 4293 2422 4369; x_wconf 74' lang='grc' dir='ltr'>θράσος</span> <span class='ocrx_word' id='word_1_613' title='bbox 2471 4289 2831 4367; x_wconf 73' lang='grc' dir='ltr'>λαμϐάνουσι·</span> <span class='ocrx_word' id='word_1_614' title='bbox 2866 4294 2953 4349; x_wconf 81' lang='grc' dir='ltr'>καὶ</span> <span class='ocrx_word' id='word_1_615' title='bbox 2983 4291 3369 4372; x_wconf 81' lang='grc' dir='ltr'>παραλαϐόντα</span> <span class='ocrx_word' id='word_1_616' title='bbox 3396 4301 3586 4352; x_wconf 90' lang='grc' dir='ltr'>τοῦτον</span> <span class='ocrx_word' id='word_1_617' title='bbox 3640 4299 3717 4361; x_wconf 83' lang='grc' dir='ltr'>ὡς</span> 
     </span>
    </p>
   </div>
   <div class='ocr_carea' id='block_1_87' title="bbox 303 4376 3717 4459">
    <p class='ocr_par' dir='ltr' id='par_1_87' title="bbox 303 4376 3717 4459">
     <span class='ocr_line' id='line_1_88' title="bbox 303 4376 3717 4459; baseline 0.002 -26"><span class='ocrx_word' id='word_1_618' title='bbox 303 4376 673 4454; x_wconf 81' lang='grc' dir='ltr'>αἰχμάλωτον</span> <span class='ocrx_word' id='word_1_619' title='bbox 711 4377 780 4433; x_wconf 75' lang='grc' dir='ltr'>τά</span> <span class='ocrx_word' id='word_1_620' title='bbox 831 4381 1055 4433; x_wconf 89' lang='grc' dir='ltr'>τοιαῦτα</span> <span class='ocrx_word' id='word_1_621' title='bbox 1108 4378 1278 4451; x_wconf 90' lang='grc' dir='ltr'>πάθη,</span> <span class='ocrx_word' id='word_1_622' title='bbox 1312 4377 1715 4457; x_wconf 72' lang='grc' dir='ltr'>ἀποτυφλοῦσιν</span> <span class='ocrx_word' id='word_1_623' title='bbox 1776 4377 1960 4457; x_wconf 82' lang='grc' dir='ltr'>ὥσπερ</span> <span class='ocrx_word' id='word_1_624' title='bbox 1988 4383 2025 4451; x_wconf 75' lang='grc' dir='ltr'><strong>ἡ</strong></span> <span class='ocrx_word' id='word_1_625' title='bbox 2060 4379 2266 4437; x_wconf 80' lang='grc' dir='ltr'>Δαλιδᾶ</span> <span class='ocrx_word' id='word_1_626' title='bbox 2318 4384 2409 4438; x_wconf 90' lang='grc' dir='ltr'>τὸν</span> <span class='ocrx_word' id='word_1_627' title='bbox 2464 4381 2862 4459; x_wconf 85' lang='grc' dir='ltr'>ἀνδρικώτατον</span> <span class='ocrx_word' id='word_1_628' title='bbox 2922 4383 3122 4440; x_wconf 86' lang='grc' dir='ltr'>ἐκεῖνον</span> <span class='ocrx_word' id='word_1_629' title='bbox 3184 4387 3445 4459; x_wconf 83' lang='grc' dir='ltr'>Σαμψὼν,</span> <span class='ocrx_word' id='word_1_630' title='bbox 3476 4387 3572 4449; x_wconf 78' lang='grc' dir='ltr'>τὰς</span> <span class='ocrx_word' id='word_1_631' title='bbox 3629 4386 3717 4442; x_wconf 87' lang='grc' dir='ltr'>ἐπὶ</span> 
     </span>
    </p>
   </div>
   <div class='ocr_carea' id='block_1_88' title="bbox 304 4464 2889 4550">
    <p class='ocr_par' dir='ltr' id='par_1_88' title="bbox 304 4464 2889 4550">
     <span class='ocr_line' id='line_1_89' title="bbox 304 4464 2889 4550; baseline 0.003 -29"><span class='ocrx_word' id='word_1_632' title='bbox 304 4472 415 4537; x_wconf 85' lang='grc' dir='ltr'>τῆς</span> <span class='ocrx_word' id='word_1_633' title='bbox 444 4464 689 4545; x_wconf 75' lang='grc' dir='ltr'>κεφαλῆς</span> <span class='ocrx_word' id='word_1_634' title='bbox 717 4465 912 4543; x_wconf 80' lang='grc' dir='ltr'>τρίχας</span> <span class='ocrx_word' id='word_1_635' title='bbox 942 4464 1233 4542; x_wconf 77' lang='grc' dir='ltr'>ἐκκόψασα·</span> <span class='ocrx_word' id='word_1_636' title='bbox 1266 4465 1356 4521; x_wconf 86' lang='grc' dir='ltr'>καὶ</span> <span class='ocrx_word' id='word_1_637' title='bbox 1387 4466 1593 4542; x_wconf 87' lang='grc' dir='ltr'>γίνεται</span> <span class='ocrx_word' id='word_1_638' title='bbox 1623 4466 1697 4523; x_wconf 65' lang='grc' dir='ltr'>εἲς</span> <span class='ocrx_word' id='word_1_639' title='bbox 1730 4467 2039 4545; x_wconf 87' lang='grc' dir='ltr'>ἐμπαιγμὸν</span> <span class='ocrx_word' id='word_1_640' title='bbox 2064 4472 2154 4526; x_wconf 78' lang='grc' dir='ltr'>καὶ</span> <span class='ocrx_word' id='word_1_641' title='bbox 2184 4471 2390 4550; x_wconf 78' lang='grc' dir='ltr'>τυφλὸς</span> <span class='ocrx_word' id='word_1_642' title='bbox 2416 4471 2507 4527; x_wconf 88' lang='grc' dir='ltr'>καὶ</span> <span class='ocrx_word' id='word_1_643' title='bbox 2545 4471 2889 4542; x_wconf 85' lang='grc' dir='ltr'>ἀναίσθητος.</span> 
     </span>
    </p>
   </div>
   <div class='ocr_carea' id='block_1_89' title="bbox 388 4553 1947 4636">
    <p class='ocr_par' dir='ltr' id='par_1_89' title="bbox 388 4553 1947 4633">
     <span class='ocr_line' id='line_1_90' title="bbox 388 4553 1947 4633; baseline 0.001 -23"><span class='ocrx_word' id='word_1_644' title='bbox 388 4556 447 4624; x_wconf 88' lang='grc' dir='ltr'>ζ’.</span> <span class='ocrx_word' id='word_1_645' title='bbox 499 4556 681 4612; x_wconf 85' lang='grc' dir='ltr'>Ἔστιν</span> <span class='ocrx_word' id='word_1_646' title='bbox 739 4553 829 4611; x_wconf 78' lang='grc' dir='ltr'>ὅτε</span> <span class='ocrx_word' id='word_1_647' title='bbox 881 4553 974 4610; x_wconf 81' lang='grc' dir='ltr'>καὶ</span> <span class='ocrx_word' id='word_1_648' title='bbox 1034 4555 1137 4610; x_wconf 82' lang='grc' dir='ltr'>ὑπὸ</span> <span class='ocrx_word' id='word_1_649' title='bbox 1197 4554 1425 4628; x_wconf 90' lang='grc' dir='ltr'>ματαίας</span> <span class='ocrx_word' id='word_1_650' title='bbox 1483 4555 1756 4633; x_wconf 82' lang='grc' dir='ltr'>ἐπάρσεως</span> <span class='ocrx_word' id='word_1_651' title='bbox 1807 4554 1947 4628; x_wconf 65' lang='grc' dir='ltr'>δόξαι</span> 
     </span>
    </p>
   </div>
   <div class='ocr_carea' id='block_1_90' title="bbox 2057 4553 3708 4636">
    <p class='ocr_par' dir='ltr' id='par_1_90' title="bbox 2143 4561 3708 4636">
     <span class='ocr_line' id='line_1_91' title="bbox 2143 4561 3708 4636; baseline 0.004 -21"><span class='ocrx_word' id='word_1_652' title='bbox 2143 4561 2241 4617; x_wconf 86' lang='lat' dir='ltr'>Vl.</span> <span class='ocrx_word' id='word_1_653' title='bbox 2274 4567 2394 4617; x_wconf 76' lang='lat' dir='ltr'>Rex</span> <span class='ocrx_word' id='word_1_654' title='bbox 2421 4571 2614 4619; x_wconf 71' lang='lat' dir='ltr'>cavrat</span> <span class='ocrx_word' id='word_1_655' title='bbox 2632 4564 2701 4619; x_wconf 89' lang='lat' dir='ltr'>ab</span> <span class='ocrx_word' id='word_1_656' title='bbox 2731 4564 2894 4618; x_wconf 81' lang='lat' dir='ltr'>inani</span> <span class='ocrx_word' id='word_1_657' title='bbox 2906 4564 3112 4636; x_wconf 77' lang='lat' dir='ltr'>gloria.</span> <span class='ocrx_word' id='word_1_658' title='bbox 3148 4563 3552 4635; x_wconf 89' lang='lat' dir='ltr'>—Aliquando</span> <span class='ocrx_word' id='word_1_659' title='bbox 3576 4581 3708 4622; x_wconf 91' lang='lat' dir='ltr'>vero</span> 
     </span>
    </p>
   </div>
   <div class='ocr_carea' id='block_1_91' title="bbox 306 4641 1957 4720">
    <p class='ocr_par' dir='ltr' id='par_1_91' title="bbox 306 4641 1957 4720">
     <span class='ocr_line' id='line_1_92' title="bbox 306 4641 1957 4720; baseline -0.001 -20"><span class='ocrx_word' id='word_1_660' title='bbox 306 4644 413 4713; x_wconf 78' lang='grc' dir='ltr'>τὴν</span> <span class='ocrx_word' id='word_1_661' title='bbox 479 4642 747 4720; x_wconf 73' lang='grc' dir='ltr'>αἰσχύνην</span> <span class='ocrx_word' id='word_1_662' title='bbox 801 4642 1130 4719; x_wconf 67' lang='grc' dir='ltr'>⁴ἡγούμενος·</span> <span class='ocrx_word' id='word_1_663' title='bbox 1164 4642 1225 4699; x_wconf 77' lang='grc' dir='ltr'>ἂν</span> <span class='ocrx_word' id='word_1_664' title='bbox 1278 4641 1337 4700; x_wconf 73' lang='grc' dir='ltr'>δὲ</span> <span class='ocrx_word' id='word_1_665' title='bbox 1391 4644 1478 4700; x_wconf 75' lang='grc' dir='ltr'>καὶ</span> <span class='ocrx_word' id='word_1_666' title='bbox 1518 4642 1750 4708; x_wconf 88' lang='grc' dir='ltr'>κόλακες</span> <span class='ocrx_word' id='word_1_667' title='bbox 1799 4643 1957 4701; x_wconf 75' lang='grc' dir='ltr'>αὐτὸν</span> 
     </span>
    </p>
   </div>
   <div class='ocr_carea' id='block_1_92' title="bbox 312 4730 1965 4811">
    <p class='ocr_par' dir='ltr' id='par_1_92' title="bbox 312 4730 1965 4811">
     <span class='ocr_line' id='line_1_93' title="bbox 312 4730 1965 4811; baseline 0.001 -24"><span class='ocrx_word' id='word_1_668' title='bbox 312 4732 371 4787; x_wconf 72' lang='grc' dir='ltr'>οἱ</span> <span class='ocrx_word' id='word_1_669' title='bbox 414 4731 705 4808; x_wconf 87' lang='grc' dir='ltr'>κατάρατοι</span> <span class='ocrx_word' id='word_1_670' title='bbox 744 4730 833 4787; x_wconf 85' lang='grc' dir='ltr'>καὶ</span> <span class='ocrx_word' id='word_1_671' title='bbox 882 4730 1187 4808; x_wconf 83' lang='grc' dir='ltr'>ἐπίτριπτοι</span> <span class='ocrx_word' id='word_1_672' title='bbox 1236 4733 1326 4787; x_wconf 85' lang='grc' dir='ltr'>καὶ</span> <span class='ocrx_word' id='word_1_673' title='bbox 1375 4737 1594 4811; x_wconf 80' lang='grc' dir='ltr'>φθορεῖς</span> <span class='ocrx_word' id='word_1_674' title='bbox 1632 4731 1965 4804; x_wconf 84' lang='grc' dir='ltr'>πλησιάζον-</span> 
     </span>
    </p>
   </div>
   <div class='ocr_carea' id='block_1_93' title="bbox 308 4817 1966 4898">
    <p class='ocr_par' dir='ltr' id='par_1_93' title="bbox 308 4817 1966 4898">
     <span class='ocr_line' id='line_1_94' title="bbox 308 4817 1966 4898; baseline 0.001 -22"><span class='ocrx_word' id='word_1_675' title='bbox 308 4841 404 4883; x_wconf 87' lang='grc' dir='ltr'>τες</span> <span class='ocrx_word' id='word_1_676' title='bbox 463 4817 827 4890; x_wconf 86' lang='grc' dir='ltr'>κολακεύωσι,</span> <span class='ocrx_word' id='word_1_677' title='bbox 858 4818 948 4875; x_wconf 90' lang='grc' dir='ltr'>καὶ</span> <span class='ocrx_word' id='word_1_678' title='bbox 999 4819 1069 4875; x_wconf 78' lang='grc' dir='ltr'>τὰ</span> <span class='ocrx_word' id='word_1_679' title='bbox 1115 4820 1252 4893; x_wconf 87' lang='grc' dir='ltr'>πρὸς</span> <span class='ocrx_word' id='word_1_680' title='bbox 1311 4820 1473 4898; x_wconf 85' lang='grc' dir='ltr'>χάριν</span> <span class='ocrx_word' id='word_1_681' title='bbox 1503 4822 1593 4876; x_wconf 82' lang='grc' dir='ltr'>καὶ</span> <span class='ocrx_word' id='word_1_682' title='bbox 1624 4819 1827 4892; x_wconf 76' lang='grc' dir='ltr'>ἡδονὴν</span> <span class='ocrx_word' id='word_1_683' title='bbox 1878 4820 1966 4878; x_wconf 85' lang='grc' dir='ltr'>λέ-</span> 
     </span>
    </p>
   </div>
   <div class='ocr_carea' id='block_1_94' title="bbox 309 4907 1961 4986">
    <p class='ocr_par' dir='ltr' id='par_1_94' title="bbox 309 4907 1961 4986">
     <span class='ocr_line' id='line_1_95' title="bbox 309 4907 1961 4986; baseline 0 -22"><span class='ocrx_word' id='word_1_684' title='bbox 309 4929 506 4984; x_wconf 90' lang='grc' dir='ltr'>γωσιν,</span> <span class='ocrx_word' id='word_1_685' title='bbox 539 4909 614 4970; x_wconf 83' lang='grc' dir='ltr'>ὡς</span> <span class='ocrx_word' id='word_1_686' title='bbox 672 4907 932 4984; x_wconf 89' lang='grc' dir='ltr'>γνησίους</span> <span class='ocrx_word' id='word_1_687' title='bbox 988 4907 1214 4971; x_wconf 90' lang='grc' dir='ltr'>τούτους</span> <span class='ocrx_word' id='word_1_688' title='bbox 1270 4907 1465 4986; x_wconf 75' lang='grc' dir='ltr'>φίλους</span> <span class='ocrx_word' id='word_1_689' title='bbox 1520 4908 1831 4983; x_wconf 86' lang='grc' dir='ltr'>ἀσπάζεται,</span> <span class='ocrx_word' id='word_1_690' title='bbox 1885 4913 1961 4985; x_wconf 82' lang='grc' dir='ltr'><strong>μή</strong></span> 
     </span>
    </p>
   </div>
   <div class='ocr_carea' id='block_1_95' title="bbox 311 4993 1963 5076">
    <p class='ocr_par' dir='ltr' id='par_1_95' title="bbox 311 4993 1963 5076">
     <span class='ocr_line' id='line_1_96' title="bbox 311 4993 1963 5076; baseline 0.001 -24"><span class='ocrx_word' id='word_1_691' title='bbox 311 4995 616 5071; x_wconf 79' lang='grc' dir='ltr'>δυνάμενος</span> <span class='ocrx_word' id='word_1_692' title='bbox 648 4993 938 5073; x_wconf 88' lang='grc' dir='ltr'>διακρίνειν</span> <span class='ocrx_word' id='word_1_693' title='bbox 970 4994 1104 5068; x_wconf 77' lang='grc' dir='ltr'>ὅσην</span> <span class='ocrx_word' id='word_1_694' title='bbox 1138 4994 1327 5072; x_wconf 77' lang='grc' dir='ltr'>ἔχουσι</span> <span class='ocrx_word' id='word_1_695' title='bbox 1353 4998 1454 5067; x_wconf 80' lang='grc' dir='ltr'>τὴν</span> <span class='ocrx_word' id='word_1_696' title='bbox 1506 4994 1763 5075; x_wconf 78' lang='grc' dir='ltr'>διαφορὰν</span> <span class='ocrx_word' id='word_1_697' title='bbox 1811 4997 1963 5076; x_wconf 79' lang='grc' dir='ltr'>φίλοι</span> 
     </span>
    </p>
   </div>
   <div class='ocr_carea' id='block_1_96' title="bbox 307 5082 1964 5161">
    <p class='ocr_par' dir='ltr' id='par_1_96' title="bbox 307 5082 1964 5161">
     <span class='ocr_line' id='line_1_97' title="bbox 307 5082 1964 5161; baseline 0 -20"><span class='ocrx_word' id='word_1_698' title='bbox 307 5087 406 5141; x_wconf 83' lang='grc' dir='ltr'>καὶ</span> <span class='ocrx_word' id='word_1_699' title='bbox 462 5083 717 5147; x_wconf 81' lang='grc' dir='ltr'>κόλακες·</span> <span class='ocrx_word' id='word_1_700' title='bbox 751 5085 804 5139; x_wconf 76' lang='grc' dir='ltr'>οἱ</span> <span class='ocrx_word' id='word_1_701' title='bbox 867 5085 963 5159; x_wconf 76' lang='grc' dir='ltr'>μὲν</span> <span class='ocrx_word' id='word_1_702' title='bbox 1020 5082 1110 5140; x_wconf 79' lang='grc' dir='ltr'>διὰ</span> <span class='ocrx_word' id='word_1_703' title='bbox 1166 5086 1380 5158; x_wconf 79' lang='grc' dir='ltr'>παντὸς,</span> <span class='ocrx_word' id='word_1_704' title='bbox 1411 5082 1584 5161; x_wconf 76' lang='grc' dir='ltr'>ἤγουν</span> <span class='ocrx_word' id='word_1_705' title='bbox 1630 5087 1682 5141; x_wconf 75' lang='grc' dir='ltr'>οἱ</span> <span class='ocrx_word' id='word_1_706' title='bbox 1711 5085 1964 5158; x_wconf 80' lang='grc' dir='ltr'>κόλακες,</span> 
     </span>
    </p>
   </div>
   <div class='ocr_carea' id='block_1_97' title="bbox 308 5170 1967 5251">
    <p class='ocr_par' dir='ltr' id='par_1_97' title="bbox 308 5170 1967 5251">
     <span class='ocr_line' id='line_1_98' title="bbox 308 5170 1967 5251; baseline -0.001 -20"><span class='ocrx_word' id='word_1_707' title='bbox 308 5175 658 5251; x_wconf 78' lang='grc' dir='ltr'>ἐπιχειροῦσι</span> <span class='ocrx_word' id='word_1_708' title='bbox 687 5175 756 5230; x_wconf 81' lang='grc' dir='ltr'>τὰ</span> <span class='ocrx_word' id='word_1_709' title='bbox 783 5173 922 5251; x_wconf 86' lang='grc' dir='ltr'>πρὸς</span> <span class='ocrx_word' id='word_1_710' title='bbox 951 5170 1154 5245; x_wconf 76' lang='grc' dir='ltr'>ἡδονὴν</span> <span class='ocrx_word' id='word_1_711' title='bbox 1207 5172 1410 5250; x_wconf 86' lang='grc' dir='ltr'>λέγειν,</span> <span class='ocrx_word' id='word_1_712' title='bbox 1441 5174 1531 5230; x_wconf 81' lang='grc' dir='ltr'>καὶ</span> <span class='ocrx_word' id='word_1_713' title='bbox 1592 5170 1807 5251; x_wconf 85' lang='grc' dir='ltr'>βλάϐης</span> <span class='ocrx_word' id='word_1_714' title='bbox 1864 5176 1967 5231; x_wconf 78' lang='grc' dir='ltr'>εἶσὶ</span> 
     </span>
    </p>
   </div>
   <div class='ocr_carea' id='block_1_98' title="bbox 310 5260 1964 5341">
    <p class='ocr_par' dir='ltr' id='par_1_98' title="bbox 310 5260 1964 5341">
     <span class='ocr_line' id='line_1_99' title="bbox 310 5260 1964 5341; baseline 0 -21"><span class='ocrx_word' id='word_1_715' title='bbox 310 5263 589 5341; x_wconf 83' lang='grc' dir='ltr'>πρόξενοι·</span> <span class='ocrx_word' id='word_1_716' title='bbox 624 5261 778 5341; x_wconf 80' lang='grc' dir='ltr'>φίλοι</span> <span class='ocrx_word' id='word_1_717' title='bbox 811 5260 870 5318; x_wconf 74' lang='grc' dir='ltr'>δὲ</span> <span class='ocrx_word' id='word_1_718' title='bbox 893 5263 1030 5339; x_wconf 89' lang='grc' dir='ltr'>πρὸς</span> <span class='ocrx_word' id='word_1_719' title='bbox 1089 5263 1153 5318; x_wconf 87' lang='grc' dir='ltr'>τὸ</span> <span class='ocrx_word' id='word_1_720' title='bbox 1201 5260 1481 5326; x_wconf 74' lang='grc' dir='ltr'>λυσιτελὲς</span> <span class='ocrx_word' id='word_1_721' title='bbox 1534 5262 1624 5318; x_wconf 86' lang='grc' dir='ltr'>καὶ</span> <span class='ocrx_word' id='word_1_722' title='bbox 1683 5262 1964 5341; x_wconf 79' lang='grc' dir='ltr'>ὠφέλιμον</span> 
     </span>
    </p>
   </div>
   <div class='ocr_carea' id='block_1_99' title="bbox 318 5349 1966 5430">
    <p class='ocr_par' dir='ltr' id='par_1_99' title="bbox 318 5349 1966 5430">
     <span class='ocr_line' id='line_1_100' title="bbox 318 5349 1966 5430; baseline 0 -21"><span class='ocrx_word' id='word_1_723' title='bbox 318 5352 643 5430; x_wconf 84' lang='grc' dir='ltr'>βλέπουσιν,</span> <span class='ocrx_word' id='word_1_724' title='bbox 675 5352 722 5408; x_wconf 81' lang='grc' dir='ltr'>εἰ</span> <span class='ocrx_word' id='word_1_725' title='bbox 777 5353 871 5407; x_wconf 85' lang='grc' dir='ltr'>καὶ</span> <span class='ocrx_word' id='word_1_726' title='bbox 925 5353 1062 5429; x_wconf 84' lang='grc' dir='ltr'>πρὸς</span> <span class='ocrx_word' id='word_1_727' title='bbox 1087 5353 1183 5421; x_wconf 80' lang='grc' dir='ltr'>τὴν</span> <span class='ocrx_word' id='word_1_728' title='bbox 1217 5349 1466 5423; x_wconf 75' lang='grc' dir='ltr'>αἶ’σθησιν</span> <span class='ocrx_word' id='word_1_729' title='bbox 1512 5353 1565 5407; x_wconf 73' lang='grc' dir='ltr'>οἱ</span> <span class='ocrx_word' id='word_1_730' title='bbox 1610 5351 1820 5408; x_wconf 89' lang='grc' dir='ltr'>τούτων</span> <span class='ocrx_word' id='word_1_731' title='bbox 1869 5351 1966 5409; x_wconf 83' lang='grc' dir='ltr'>λό-</span> 
     </span>
    </p>
   </div>
   <div class='ocr_carea' id='block_1_100' title="bbox 308 5438 1968 5520">
    <p class='ocr_par' dir='ltr' id='par_1_100' title="bbox 308 5438 1968 5520">
     <span class='ocr_line' id='line_1_101' title="bbox 308 5438 1968 5520; baseline 0.001 -23"><span class='ocrx_word' id='word_1_732' title='bbox 308 5464 404 5519; x_wconf 88' lang='grc' dir='ltr'>γοι</span> <span class='ocrx_word' id='word_1_733' title='bbox 480 5441 763 5520; x_wconf 75' lang='grc' dir='ltr'>φαίνονται</span> <span class='ocrx_word' id='word_1_734' title='bbox 819 5438 1086 5517; x_wconf 88' lang='grc' dir='ltr'>λυπηροί·</span> <span class='ocrx_word' id='word_1_735' title='bbox 1145 5442 1198 5495; x_wconf 77' lang='grc' dir='ltr'>οἱ</span> <span class='ocrx_word' id='word_1_736' title='bbox 1257 5442 1350 5514; x_wconf 71' lang='grc' dir='ltr'>μὲν</span> <span class='ocrx_word' id='word_1_737' title='bbox 1408 5441 1509 5517; x_wconf 78' lang='grc' dir='ltr'>γὰρ</span> <span class='ocrx_word' id='word_1_738' title='bbox 1594 5439 1728 5518; x_wconf 75' lang='grc' dir='ltr'>πρός</span> <span class='ocrx_word' id='word_1_739' title='bbox 1808 5442 1968 5515; x_wconf 86' lang='grc' dir='ltr'>μόνον</span> 
     </span>
    </p>
   </div>
   <div class='ocr_carea' id='block_1_101' title="bbox 312 5524 1970 5609">
    <p class='ocr_par' dir='ltr' id='par_1_101' title="bbox 312 5524 1970 5609">
     <span class='ocr_line' id='line_1_102' title="bbox 312 5524 1970 5609; baseline -0.001 -23"><span class='ocrx_word' id='word_1_740' title='bbox 312 5528 683 5600; x_wconf 80' lang='grc' dir='ltr'>σπουδάζουσι</span> <span class='ocrx_word' id='word_1_741' title='bbox 710 5529 775 5584; x_wconf 83' lang='grc' dir='ltr'>τὸ</span> <span class='ocrx_word' id='word_1_742' title='bbox 817 5524 1130 5604; x_wconf 87' lang='grc' dir='ltr'>λαμϐάνειν,</span> <span class='ocrx_word' id='word_1_743' title='bbox 1163 5530 1217 5584; x_wconf 76' lang='grc' dir='ltr'>οἱ</span> <span class='ocrx_word' id='word_1_744' title='bbox 1255 5526 1313 5584; x_wconf 80' lang='grc' dir='ltr'>δὲ</span> <span class='ocrx_word' id='word_1_745' title='bbox 1357 5530 1489 5606; x_wconf 75' lang='grc' dir='ltr'>ὑπὲρ</span> <span class='ocrx_word' id='word_1_746' title='bbox 1542 5537 1644 5600; x_wconf 87' lang='grc' dir='ltr'>τῆς</span> <span class='ocrx_word' id='word_1_747' title='bbox 1702 5530 1970 5609; x_wconf 81' lang='grc' dir='ltr'>ὠφελείας</span> 
     </span>
    </p>
   </div>
   <div class='ocr_carea' id='block_1_102' title="bbox 2070 4650 3714 4726">
    <p class='ocr_par' dir='ltr' id='par_1_102' title="bbox 2070 4650 3714 4726">
     <span class='ocr_line' id='line_1_103' title="bbox 2070 4650 3714 4726; baseline 0.002 -21"><span class='ocrx_word' id='word_1_748' title='bbox 2070 4650 2375 4723; x_wconf 89' lang='lat' dir='ltr'>contingit,</span> <span class='ocrx_word' id='word_1_749' title='bbox 2428 4655 2494 4706; x_wconf 93' lang='lat' dir='ltr'>ut</span> <span class='ocrx_word' id='word_1_750' title='bbox 2522 4651 2682 4707; x_wconf 88' lang='lat' dir='ltr'>inani</span> <span class='ocrx_word' id='word_1_751' title='bbox 2735 4651 2985 4707; x_wconf 90' lang='lat' dir='ltr'>elatione</span> <span class='ocrx_word' id='word_1_752' title='bbox 3013 4652 3289 4724; x_wconf 90' lang='lat' dir='ltr'>abreptus</span> <span class='ocrx_word' id='word_1_753' title='bbox 3321 4668 3439 4722; x_wconf 89' lang='lat' dir='ltr'>rex,</span> <span class='ocrx_word' id='word_1_754' title='bbox 3472 4653 3714 4726; x_wconf 87' lang='lat' dir='ltr'>gloriam</span> 
     </span>
    </p>
   </div>
   <div class='ocr_carea' id='block_1_103' title="bbox 2070 4738 3715 4814">
    <p class='ocr_par' dir='ltr' id='par_1_103' title="bbox 2070 4738 3715 4814">
     <span class='ocr_line' id='line_1_104' title="bbox 2070 4738 3715 4814; baseline 0.003 -20"><span class='ocrx_word' id='word_1_755' title='bbox 2070 4754 2199 4794; x_wconf 89' lang='lat' dir='ltr'>esse</span> <span class='ocrx_word' id='word_1_756' title='bbox 2228 4738 2521 4794; x_wconf 86' lang='lat' dir='ltr'>existimet</span> <span class='ocrx_word' id='word_1_757' title='bbox 2551 4756 2678 4811; x_wconf 66' lang='lat' dir='ltr'>qure</span> <span class='ocrx_word' id='word_1_758' title='bbox 2709 4755 2914 4811; x_wconf 86' lang='lat' dir='ltr'>reapse</span> <span class='ocrx_word' id='word_1_759' title='bbox 2964 4739 3288 4812; x_wconf 88' lang='lat' dir='ltr'>ignominia</span> <span class='ocrx_word' id='word_1_760' title='bbox 3336 4745 3426 4797; x_wconf 89' lang='lat' dir='ltr'>est</span> <span class='ocrx_word' id='word_1_761' title='bbox 3456 4759 3470 4797; x_wconf 88' lang='lat'><strong>:</strong></span> <span class='ocrx_word' id='word_1_762' title='bbox 3506 4758 3715 4814; x_wconf 88' lang='lat' dir='ltr'>nempe</span> 
     </span>
    </p>
   </div>
   <div class='ocr_carea' id='block_1_104' title="bbox 2072 4826 3713 4903">
    <p class='ocr_par' dir='ltr' id='par_1_104' title="bbox 2072 4826 3713 4903">
     <span class='ocr_line' id='line_1_105' title="bbox 2072 4826 3713 4903; baseline 0.003 -21"><span class='ocrx_word' id='word_1_763' title='bbox 2072 4844 2206 4882; x_wconf 89' lang='lat' dir='ltr'>cum</span> <span class='ocrx_word' id='word_1_764' title='bbox 2239 4844 2374 4882; x_wconf 91' lang='lat' dir='ltr'>eum</span> <span class='ocrx_word' id='word_1_765' title='bbox 2406 4826 2701 4883; x_wconf 88' lang='lat' dir='ltr'>maledicti</span> <span class='ocrx_word' id='word_1_766' title='bbox 2732 4832 2788 4884; x_wconf 90' lang='lat' dir='ltr'>et</span> <span class='ocrx_word' id='word_1_767' title='bbox 2816 4827 3047 4903; x_wconf 72' lang='lat' dir='ltr'>scelesti</span> <span class='ocrx_word' id='word_1_768' title='bbox 3076 4829 3420 4902; x_wconf 87' lang='lat' dir='ltr'>exitiosique</span> <span class='ocrx_word' id='word_1_769' title='bbox 3449 4830 3713 4887; x_wconf 88' lang='lat' dir='ltr'>adulato-</span> 
     </span>
    </p>
   </div>
   <div class='ocr_carea' id='block_1_105' title="bbox 2073 4916 3716 4993">
    <p class='ocr_par' dir='ltr' id='par_1_105' title="bbox 2073 4916 3716 4993">
     <span class='ocr_line' id='line_1_106' title="bbox 2073 4916 3716 4993; baseline 0.004 -22"><span class='ocrx_word' id='word_1_770' title='bbox 2073 4932 2167 4971; x_wconf 88' lang='lat' dir='ltr'>res</span> <span class='ocrx_word' id='word_1_771' title='bbox 2216 4916 2620 4987; x_wconf 87' lang='lat' dir='ltr'>circumstant,</span> <span class='ocrx_word' id='word_1_772' title='bbox 2681 4916 2781 4988; x_wconf 91' lang='lat' dir='ltr'>qui</span> <span class='ocrx_word' id='word_1_773' title='bbox 2813 4918 2884 4973; x_wconf 91' lang='lat' dir='ltr'>ad</span> <span class='ocrx_word' id='word_1_774' title='bbox 2945 4917 3194 4990; x_wconf 89' lang='lat' dir='ltr'>gratiam</span> <span class='ocrx_word' id='word_1_775' title='bbox 3237 4918 3716 4993; x_wconf 86' lang='lat' dir='ltr'>voluptatemque</span> 
     </span>
    </p>
   </div>
   <div class='ocr_carea' id='block_1_106' title="bbox 2074 5003 3719 5077">
    <p class='ocr_par' dir='ltr' id='par_1_106' title="bbox 2074 5003 3719 5077">
     <span class='ocr_line' id='line_1_107' title="bbox 2074 5003 3719 5077; baseline 0.003 -17"><span class='ocrx_word' id='word_1_776' title='bbox 2074 5003 2306 5060; x_wconf 90' lang='lat' dir='ltr'>aurium</span> <span class='ocrx_word' id='word_1_777' title='bbox 2337 5003 2662 5077; x_wconf 89' lang='lat' dir='ltr'>loquuntur</span> <span class='ocrx_word' id='word_1_778' title='bbox 2693 5023 2705 5072; x_wconf 95' lang='lat'>;</span> <span class='ocrx_word' id='word_1_779' title='bbox 2741 5009 2915 5077; x_wconf 91' lang='lat' dir='ltr'>atque</span> <span class='ocrx_word' id='word_1_780' title='bbox 2945 5006 3050 5061; x_wconf 87' lang='lat' dir='ltr'>hos</span> <span class='ocrx_word' id='word_1_781' title='bbox 3082 5005 3180 5063; x_wconf 91' lang='lat' dir='ltr'>ille</span> <span class='ocrx_word' id='word_1_782' title='bbox 3208 5023 3312 5062; x_wconf 87' lang='lat' dir='ltr'>ceu</span> <span class='ocrx_word' id='word_1_783' title='bbox 3345 5007 3547 5065; x_wconf 88' lang='lat' dir='ltr'>ﬁdeles</span> <span class='ocrx_word' id='word_1_784' title='bbox 3575 5010 3719 5065; x_wconf 90' lang='lat' dir='ltr'>ami-</span> 
     </span>
    </p>
   </div>
   <div class='ocr_carea' id='block_1_107' title="bbox 2074 5092 3719 5170">
    <p class='ocr_par' dir='ltr' id='par_1_107' title="bbox 2074 5092 3719 5170">
     <span class='ocr_line' id='line_1_108' title="bbox 2074 5092 3719 5170; baseline 0.004 -22"><span class='ocrx_word' id='word_1_785' title='bbox 2074 5109 2171 5149; x_wconf 89' lang='lat' dir='ltr'>cos</span> <span class='ocrx_word' id='word_1_786' title='bbox 2202 5092 2595 5165; x_wconf 91' lang='lat' dir='ltr'>amplectitur,</span> <span class='ocrx_word' id='word_1_787' title='bbox 2627 5110 2818 5164; x_wconf 91' lang='lat' dir='ltr'>neque</span> <span class='ocrx_word' id='word_1_788' title='bbox 2849 5095 3003 5165; x_wconf 91' lang='lat' dir='ltr'>potis</span> <span class='ocrx_word' id='word_1_789' title='bbox 3031 5099 3121 5151; x_wconf 90' lang='lat' dir='ltr'>est</span> <span class='ocrx_word' id='word_1_790' title='bbox 3171 5096 3501 5153; x_wconf 90' lang='lat' dir='ltr'>discernere</span> <span class='ocrx_word' id='word_1_791' title='bbox 3529 5114 3719 5170; x_wconf 91' lang='lat' dir='ltr'>quan-</span> 
     </span>
    </p>
   </div>
   <div class='ocr_carea' id='block_1_108' title="bbox 2075 5181 3720 5259">
    <p class='ocr_par' dir='ltr' id='par_1_108' title="bbox 2075 5181 3720 5259">
     <span class='ocr_line' id='line_1_109' title="bbox 2075 5181 3720 5259; baseline 0.005 -24"><span class='ocrx_word' id='word_1_792' title='bbox 2075 5184 2279 5253; x_wconf 89' lang='lat' dir='ltr'>t0pere</span> <span class='ocrx_word' id='word_1_793' title='bbox 2309 5181 2380 5236; x_wconf 88' lang='lat' dir='ltr'>ab</span> <span class='ocrx_word' id='word_1_794' title='bbox 2409 5181 2595 5237; x_wconf 87' lang='lat' dir='ltr'>amico</span> <span class='ocrx_word' id='word_1_795' title='bbox 2626 5182 2857 5238; x_wconf 85' lang='lat' dir='ltr'>differat</span> <span class='ocrx_word' id='word_1_796' title='bbox 2887 5184 3247 5240; x_wconf 90' lang='lat' dir='ltr'>adsentator.</span> <span class='ocrx_word' id='word_1_797' title='bbox 3279 5185 3398 5242; x_wconf 89' lang='lat' dir='ltr'>Hoc</span> <span class='ocrx_word' id='word_1_798' title='bbox 3426 5202 3562 5259; x_wconf 91' lang='lat' dir='ltr'>ergo</span> <span class='ocrx_word' id='word_1_799' title='bbox 3615 5186 3720 5243; x_wconf 87' lang='lat' dir='ltr'>ho-</span> 
     </span>
    </p>
   </div>
   <div class='ocr_carea' id='block_1_109' title="bbox 2080 5269 3722 5347">
    <p class='ocr_par' dir='ltr' id='par_1_109' title="bbox 2080 5269 3722 5347">
     <span class='ocr_line' id='line_1_110' title="bbox 2080 5269 3722 5347; baseline 0.005 -24"><span class='ocrx_word' id='word_1_800' title='bbox 2080 5269 2308 5324; x_wconf 88' lang='lat' dir='ltr'>minum</span> <span class='ocrx_word' id='word_1_801' title='bbox 2339 5285 2526 5342; x_wconf 89' lang='lat' dir='ltr'>genus</span> <span class='ocrx_word' id='word_1_802' title='bbox 2557 5269 2773 5327; x_wconf 86' lang='lat' dir='ltr'>blanda</span> <span class='ocrx_word' id='word_1_803' title='bbox 2801 5287 3032 5345; x_wconf 88' lang='lat' dir='ltr'>semper</span> <span class='ocrx_word' id='word_1_804' title='bbox 3061 5273 3234 5329; x_wconf 87' lang='lat' dir='ltr'>verba</span> <span class='ocrx_word' id='word_1_805' title='bbox 3253 5275 3562 5344; x_wconf 90' lang='lat' dir='ltr'>connectit,</span> <span class='ocrx_word' id='word_1_806' title='bbox 3590 5291 3722 5347; x_wconf 89' lang='lat' dir='ltr'>per-</span> 
     </span>
    </p>
   </div>
   <div class='ocr_carea' id='block_1_110' title="bbox 2079 5356 3721 5435">
    <p class='ocr_par' dir='ltr' id='par_1_110' title="bbox 2079 5356 3721 5435">
     <span class='ocr_line' id='line_1_111' title="bbox 2079 5356 3721 5435; baseline 0.005 -24"><span class='ocrx_word' id='word_1_807' title='bbox 2079 5356 2409 5429; x_wconf 90' lang='lat' dir='ltr'>niciemque</span> <span class='ocrx_word' id='word_1_808' title='bbox 2438 5357 2729 5430; x_wconf 90' lang='lat' dir='ltr'>propinat.</span> <span class='ocrx_word' id='word_1_809' title='bbox 2778 5362 2849 5415; x_wconf 91' lang='lat' dir='ltr'>At</span> <span class='ocrx_word' id='word_1_810' title='bbox 2879 5361 3052 5416; x_wconf 91' lang='lat' dir='ltr'>amici</span> <span class='ocrx_word' id='word_1_811' title='bbox 3099 5363 3172 5417; x_wconf 90' lang='lat' dir='ltr'>ad</span> <span class='ocrx_word' id='word_1_812' title='bbox 3223 5363 3376 5435; x_wconf 89' lang='lat' dir='ltr'>regis</span> <span class='ocrx_word' id='word_1_813' title='bbox 3406 5362 3721 5420; x_wconf 84' lang='lat' dir='ltr'>utilitatem</span> 
     </span>
    </p>
   </div>
   <div class='ocr_carea' id='block_1_111' title="bbox 2073 5445 3722 5518">
    <p class='ocr_par' dir='ltr' id='par_1_111' title="bbox 2073 5445 3722 5518">
     <span class='ocr_line' id='line_1_112' title="bbox 2073 5445 3722 5518; baseline 0.005 -19"><span class='ocrx_word' id='word_1_814' title='bbox 2073 5445 2470 5518; x_wconf 90' lang='lat' dir='ltr'>juvamenque</span> <span class='ocrx_word' id='word_1_815' title='bbox 2521 5451 2804 5518; x_wconf 90' lang='lat' dir='ltr'>spectant,</span> <span class='ocrx_word' id='word_1_816' title='bbox 2852 5449 3081 5505; x_wconf 89' lang='lat' dir='ltr'>etiamsi</span> <span class='ocrx_word' id='word_1_817' title='bbox 3115 5451 3261 5507; x_wconf 87' lang='lat' dir='ltr'>forte</span> <span class='ocrx_word' id='word_1_818' title='bbox 3308 5452 3491 5508; x_wconf 87' lang='lat' dir='ltr'>oratio</span> <span class='ocrx_word' id='word_1_819' title='bbox 3520 5469 3722 5508; x_wconf 88' lang='lat' dir='ltr'>eorum</span> 
     </span>
    </p>
   </div>
   <div class='ocr_carea' id='block_1_112' title="bbox 2083 5534 3721 5610">
    <p class='ocr_par' dir='ltr' id='par_1_112' title="bbox 2083 5534 3721 5610">
     <span class='ocr_line' id='line_1_113' title="bbox 2083 5534 3721 5610; baseline 0.005 -22"><span class='ocrx_word' id='word_1_820' title='bbox 2083 5534 2327 5590; x_wconf 90' lang='lat' dir='ltr'>molesta</span> <span class='ocrx_word' id='word_1_821' title='bbox 2374 5535 2659 5592; x_wconf 88' lang='lat' dir='ltr'>videatur.</span> <span class='ocrx_word' id='word_1_822' title='bbox 2699 5539 3116 5596; x_wconf 86' lang='lat' dir='ltr'>Adsentatores</span> <span class='ocrx_word' id='word_1_823' title='bbox 3146 5541 3414 5597; x_wconf 87' lang='lat' dir='ltr'>habendo</span> <span class='ocrx_word' id='word_1_824' title='bbox 3444 5540 3677 5597; x_wconf 90' lang='lat' dir='ltr'>inhiant</span> <span class='ocrx_word' id='word_1_825' title='bbox 3706 5567 3721 5610; x_wconf 86' lang='lat'><strong>;</strong></span> 
     </span>
    </p>
   </div>
   <div class='ocr_carea' id='block_1_113' title="bbox 387 5671 3722 5756">
    <p class='ocr_par' dir='ltr' id='par_1_113' title="bbox 387 5671 3722 5756">
     <span class='ocr_line' id='line_1_114' title="bbox 387 5671 3722 5756; baseline 0.004 -30"><span class='ocrx_word' id='word_1_826' title='bbox 387 5673 505 5745; x_wconf 84' lang='lat'>(27)</span> <span class='ocrx_word' id='word_1_827' title='bbox 536 5676 716 5756; x_wconf 63' lang='lat' dir='ltr'>Poeta</span> <span class='ocrx_word' id='word_1_828' title='bbox 760 5671 981 5756; x_wconf 59' lang='lat' dir='ltr'>nobilis</span> <span class='ocrx_word' id='word_1_829' title='bbox 1038 5672 1121 5729; x_wconf 88' lang='lat' dir='ltr'>ait</span> <span class='ocrx_word' id='word_1_830' title='bbox 1151 5677 1247 5756; x_wconf 84' lang='lat' dir='ltr'>:_E</span> <span class='ocrx_word' id='word_1_831' title='bbox 1301 5688 1450 5756; x_wconf 58' lang='lat' dir='ltr'>come</span> <span class='ocrx_word' id='word_1_832' title='bbox 1500 5674 1627 5756; x_wconf 66' lang='lat' dir='ltr'>que!</span> <span class='ocrx_word' id='word_1_833' title='bbox 1665 5676 1851 5745; x_wconf 79' lang='lat' dir='ltr'>fantin</span> <span class='ocrx_word' id='word_1_834' title='bbox 1879 5675 1981 5733; x_wconf 84' lang='lat' dir='ltr'>che</span> <span class='ocrx_word' id='word_1_835' title='bbox 2087 5675 2308 5756; x_wconf 81' lang='lat' dir='ltr'>Gallico</span> <span class='ocrx_word' id='word_1_836' title='bbox 2357 5694 2570 5749; x_wconf 81' lang='lat' dir='ltr'>paume</span> <span class='ocrx_word' id='word_1_837' title='bbox 2608 5680 2697 5756; x_wconf 71' lang='lat' dir='ltr'>_(l_a</span> <span class='ocrx_word' id='word_1_838' title='bbox 2733 5682 2968 5756; x_wconf 69' lang='lat' dir='ltr'>palma),</span> <span class='ocrx_word' id='word_1_839' title='bbox 3013 5686 3077 5738; x_wconf 89' lang='lat' dir='ltr'>ut</span> <span class='ocrx_word' id='word_1_840' title='bbox 3107 5682 3347 5755; x_wconf 89' lang='lat' dir='ltr'>quidam</span> <span class='ocrx_word' id='word_1_841' title='bbox 3376 5682 3722 5756; x_wconf 91' lang='lat' dir='ltr'>ingeniosus</span> 
     </span>
    </p>
   </div>
   <div class='ocr_carea' id='block_1_114' title="bbox 308 5743 2952 5819">
    <p class='ocr_par' dir='ltr' id='par_1_114' title="bbox 308 5743 2952 5819">
     <span class='ocr_line' id='line_1_115' title="bbox 308 5743 2952 5819; baseline 0.002 -15"><span class='ocrx_word' id='word_1_842' title='bbox 308 5743 559 5804; x_wconf 72' lang='lat' dir='ltr'>correct</span> <span class='ocrx_word' id='word_1_843' title='bbox 579 5758 755 5817; x_wconf 72' lang='lat' dir='ltr'>poma.</span> <span class='ocrx_word' id='word_1_844' title='bbox 789 5743 917 5802; x_wconf 87' lang='lat' dir='ltr'>Non</span> <span class='ocrx_word' id='word_1_845' title='bbox 948 5758 1087 5817; x_wconf 89' lang='lat' dir='ltr'>ergo</span> <span class='ocrx_word' id='word_1_846' title='bbox 1116 5748 1206 5801; x_wconf 90' lang='lat' dir='ltr'>est</span> <span class='ocrx_word' id='word_1_847' title='bbox 1237 5745 1397 5817; x_wconf 89' lang='lat' dir='ltr'>aqud</span> <span class='ocrx_word' id='word_1_848' title='bbox 1423 5743 1672 5817; x_wconf 79' lang='lat' dir='ltr'>poetam</span> <span class='ocrx_word' id='word_1_849' title='bbox 1680 5762 1842 5819; x_wconf 74' lang='lat' dir='ltr'>poma</span> <span class='ocrx_word' id='word_1_850' title='bbox 1870 5764 1973 5819; x_wconf 92' lang='lat' dir='ltr'>pro</span> <span class='ocrx_word' id='word_1_851' title='bbox 2084 5747 2309 5805; x_wconf 89' lang='lat' dir='ltr'>amicus</span> <span class='ocrx_word' id='word_1_852' title='bbox 2340 5743 2509 5807; x_wconf 85' lang='lat' dir='ltr'>meus</span> <span class='ocrx_word' id='word_1_853' title='bbox 2539 5743 2952 5809; x_wconf 74' lang='lat' dir='ltr'>arbitrabatur.</span> 
     </span>
    </p>
   </div>
  </div>
