4096 6466
404 414 522 478 631

1644 411 2065 476 NIGEPHORI
2109 409 2544 475 BLEMMIDJE

3699 409 3817 471 63!

408 547 582 605 amici
617 546 792 601 vitam
822 561 1055 618 quoque
1084 560 1253 602 suam
1283 562 1388 618 pro
1418 561 1550 619 rege
1601 548 1902 620 prodigere
1934 564 2051 602 non

2184 547 2264 598 τοῦ
2297 543 2460 620 φίλου
2489 540 2704 613 ἕτοιμοι
2736 540 2916 596 δοῦναι
2967 539 3055 595 καὶ
3104 538 3272 609 αὐτὴν
3302 539 3402 609 τὴν
3459 541 3669 616 ψυχήν*
3727 539 3815 595 καὶ

409 639 700 693 recusant.
759 634 1020 707 Denique
1099 635 1502 692 adsentatores
1581 638 1772 693 corvis
1829 639 2055 710 pejores

410 730 585 791 sunt;
618 723 676 778 hi
706 723 862 779 enim
896 740 1205 795 corporum
1238 725 1438 780 oculos
1468 726 1788 793 effodiunt;
1823 726 1904 781 illi
1937 727 2058 782 ani-

411 830 570 871 mam
600 817 904 868 excaecant.
935 815 1039 867 Ast
1070 814 1298 868 amicus
1355 814 1528 869 amici
1559 819 1838 887 tanquam
1871 815 2058 872 altera

412 919 658 974 persona
684 906 790 957 est.
825 901 1102 957 Nonnulli
1147 901 1327 973 igitur
1375 919 1774 974 saepenumero
1829 904 2059 960 levitate

414 992 668 1065 quadam
691 989 826 1046 elati
854 990 964 1045 hoc
998 990 1203 1046 morbo
1236 998 1539 1064 urgentur,
1573 997 1746 1065 atque
1777 1010 1811 1048 a
1859 993 2058 1066 palpo-

413 1080 589 1137 nibus
638 1079 1071 1152 mancipiorum
1114 1079 1304 1135 instar
1350 1081 1874 1155 circumaguntur:
1910 1100 2058 1138 non-

414 1169 562 1225 nulli
595 1168 772 1223 etiam
803 1169 876 1222 ob
906 1167 1198 1223 insaniam
1231 1170 1446 1225 mentis
1505 1175 1680 1242 atque
1702 1171 2058 1244 superbiam.

413 1258 592 1314 Aiunt
622 1258 997 1330 Hipponoum
1020 1257 1388 1313 Corinthium
1421 1259 1764 1332 qui,przeter
1790 1261 2062 1317 victorias

415 1351 658 1415 ceteras,
691 1347 762 1401 de
819 1347 1215 1402 Amazonibus
1286 1364 1519 1420 quoque
1578 1348 2060 1421 triumphaverat.

417 1452 552 1492 cum
607 1435 767 1489 inani
817 1434 970 1489 fastu
1022 1435 1308 1511 tumidus,
1344 1436 1562 1508 Pegaso
1592 1454 1930 1506 conscenso,
1964 1455 2066 1510 per

419 1539 612 1580 aerem
644 1538 875 1595 quoque
924 1523 1058 1577 ferri
1097 1523 1299 1592 voluit,
1333 1524 1696 1594 lacrymabili
1755 1543 1824 1582 ex
1854 1544 1922 1582 ea
1951 1528 2065 1583 cel-

421 1612 594 1667 sitate
622 1627 762 1666 casu
793 1610 983 1666 ruisse
1017 1627 1028 1666 :
1065 1628 1180 1683 quo
1229 1617 1570 1678 excaecatus,
1617 1615 1848 1670 errabat
1877 1617 2066 1672 incer-

418 1701 496 1757 tis
525 1700 848 1773 gressibus,
883 1717 953 1755 ne
1004 1701 1106 1754 via:
1158 1701 1398 1770 quidem
1449 1702 1658 1758 ducem
1698 1703 1943 1761 habens.
1978 1706 2066 1760 Si-

421 1788 641 1844 militer
681 1787 944 1843 humana
992 1804 1225 1860 quoque
1270 1805 1457 1854 mens,
1508 1790 1739 1846 etiamsi
1789 1793 2067 1850 adversus

2165 632 2247 686 ὅτι
2306 630 2536 692 κόλακες
2599 631 2713 704 μὲν,
2748 631 2835 684 καὶ
2894 635 3001 685 τῶν
3063 631 3310 705 κοράκων
3372 629 3474 684 εἰσί
3525 627 3815 703 χείρονες

2166 719 2347 795 ὥσπερ
2408 720 2600 774 ἐκεῖνοι
2658 741 2764 774 των
2826 720 3091 791 σωμάτων
3133 717 3266 779 τοὺς
3328 716 3651 796 ὀφθαλμοὺς
3682 720 3816 790 (28),

2167 810 2309 864 οὕτω
2365 816 2454 863 καί
2514 809 2663 863 οὗτοι
2723 811 2822 877 τήν
2881 809 3064 883 ψυχὴν
3122 805 3536 884 ἐκτυφλοῦντες·
3571 803 3732 885 φίλοι
3765 804 3822 861 δὶ

2166 898 2282 954 ἀντὶ
2337 896 2523 953 ἄλλων
2585 897 2715 952 είσὶν
2776 899 2996 952 ἑαυτῶν·
3058 895 3329 958 πολλάκις
3392 897 3486 968 μὲν
3543 897 3649 970 γὰρ
3718 895 3821 950 ὑπὸ

2167 986 2506 1064 χαυνότητος
2564 988 2837 1062 πάσχουσι
2894 986 3054 1040 τοῦτό
3111 1006 3270 1056 τινες,
3322 985 3410 1039 καὶ
3468 987 3688 1060 ἄγονται
3748 985 3820 1045 ὡς

2168 1073 2479 1150 ἀνδράποδα
2538 1075 2640 1128 ὑπὸ
2693 1079 2800 1128 τῶν
2859 1072 3129 1129 κολάκων·
3191 1071 3464 1135 πολλάκις
3520 1070 3578 1127 δὲ
3631 1072 3724 1127 καὶ
3772 1072 3822 1142 ἐξ

2169 1162 2427 1225 ἀπονοίας
2483 1184 2542 1217 τε
2616 1163 2706 1218 καὶ
2782 1161 3073 1238 ἐπάρσεως’
3137 1161 3352 1237 λέγουσι
3408 1161 3507 1237 γάρ
3566 1162 3657 1215 καὶ
3715 1163 3824 1216 Ἰπ-

2169 1253 2362 1307 πόνουν
2397 1253 2486 1306 τὸν
2540 1253 2822 1327 Κορίνθιον
2858 1254 2993 1325 (29),
3025 1249 3243 1313 πολλάς
3297 1250 3386 1304 καὶ
3445 1248 3622 1312 ἄλλας
3671 1251 3824 1310 νίκας

2169 1343 2483 1412 νικήσαντα,
2543 1341 2631 1395 καὶ
2693 1341 2853 1402 αὐτάς
2940 1341 3242 1412 Ἀμαζόνας
3323 1341 3825 1414 κατατροπωσάμε-

2170 1452 2282 1502 νον,
2316 1430 2429 1486 ἐπεὶ
2489 1429 2539 1500 ἐξ
2596 1431 2869 1503 ἐπάρσεως
2915 1424 3190 1499 ἐϐουλήθη
3248 1429 3338 1483 καὶ
3398 1428 3472 1490 εἷς
3516 1427 3678 1483 αὐτὸν
3736 1429 3825 1482 τὸν

2172 1519 2356 1596 αἰθέρα
2433 1517 2521 1573 διὰ
2592 1524 2688 1573 τοῦ
2759 1518 3014 1592 Πηγάσου
3087 1517 3263 1572 ’ίππου
3337 1515 3586 1592 δραμεῖν,
3645 1523 3827 1572 πεσεῖν

2172 1613 2374 1680 πτῶμα
2427 1605 2671 1682 δακρύων
2733 1607 2898 1678 ἄξιον·
2957 1607 3085 1668 τοὺς
3144 1604 3465 1684 ὀφθαλμοὺς
3521 1607 3623 1681 γὰρ
3683 1605 3832 1660 ἐκτυ-

2174 1695 2432 1773 φλωθεὶς,
2491 1699 2798 1771 περιεπάτει
2858 1695 3237 1768 πλανώμενος,
3286 1693 3426 1767 μηδὲ
3483 1697 3828 1771 χειραγωγὸν

2177 1781 2320 1860 ἔχων
2349 1787 2438 1840 τὸν
2473 1783 2799 1860 ὁδηγοῦντα.
2832 1784 3069 1856 Ὁμοίως
3127 1785 3218 1838 καὶ
3258 1785 3286 1838 ὁ
3340 1784 3681 1858 ἀνθρώπινος
3735 1783 3831 1838 λο-

421 1876 782 1948 voluptatem
815 1875 1210 1948 gloriabunda
1264 1877 1570 1933 decertans
1626 1881 1816 1952 primo
1846 1882 2067 1954 vicerit,

2184 1875 2392 1950 γισμὸς,
2451 1873 2496 1928 εί
2555 1874 2644 1928 καὶ
2706 1875 2840 1945 μετὰ
2890 1877 2996 1928 τῶν
3056 1871 3268 1942 ἡδονῶν
3329 1871 3832 1944 ἀλαζονευσάμενος

2285 1965 2296 1980 ι
2526 1962 2537 1980 ι
2920 1957 2972 1980 PI
3277 1963 3288 1976 ι
3429 1961 3442 1978 ν
3491 1966 3515 1975 α-
3663 1959 3685 1980 \
3717 1961 3730 1980 ι

425 1964 845 2036 ﬂammamque
900 1965 1111 2020 harum
1143 1965 1466 2037 estinxerit,
1503 1972 1628 2023 tum
1644 1969 1818 2027 etiam
1850 1970 2051 2027 iracun

425 2054 582 2109 diam
643 2052 1064 2126 profligaverit,
1109 2058 1169 2108 et
1203 2054 1455 2110 avaritias
1486 2057 1714 2128 pondus
1735 2075 1770 2113 a
1799 2076 1860 2115 se
1888 2061 2070 2133 depu-

426 2141 580 2211 lerit,
614 2139 863 2214 egregiis
896 2141 1213 2213 triumphis
1243 2144 1426 2214 partis
1457 2151 1762 2217 propterea
1799 2149 1954 2218 quod
1979 2165 2072 2206 res

427 2246 632 2286 omnes
688 2228 941 2284 humiles
992 2230 1448 2301 proculcaverit;
1482 2233 1555 2300 si,
1599 2234 1861 2306 inquam,
1897 2236 2071 2293 homo

427 2317 737 2374 elationem
770 2334 938 2372 suam
980 2318 1264 2374 hactenus
1323 2337 1436 2374 non
1479 2321 1714 2388 stiterit,
1747 2325 1846 2379 sed
1882 2324 2072 2380 subli-

427 2405 605 2462 unius
637 2405 829 2460 adhuc
859 2405 1021 2460 evehi
1052 2406 1316 2478 voluerit,
1351 2408 1727 2481 neglectaque
1747 2412 2070 2467 officiorum

431 2510 590 2563 cura,
638 2492 1017 2564 prudentium
1068 2510 1301 2566 quoque
1357 2497 1791 2554 admonitorum
1833 2501 2076 2556 consilia

432 2580 744 2654 respuerit,
777 2597 890 2635 non
923 2581 1112 2637 solum
1153 2582 1320 2655 lapsu
1341 2584 1655 2656 improviso
1695 2594 1944 2654 corruet,
1978 2606 2070 2644 ve-

433 2686 565 2725 rum
597 2669 783 2723 instar
811 2670 1062 2725 carentis
1093 2670 1309 2726 lumine
1339 2673 1572 2741 errabit,
1609 2675 1768 2731 nullo
1801 2676 2070 2733 honesta-

431 2757 508 2814 tis
539 2774 714 2813 sensu
765 2762 1005 2827 retento,
1055 2760 1289 2815 turbine
1338 2761 1515 2816 veluti
1563 2768 1868 2821 ventorum
1898 2772 2076 2838 atque

433 2848 717 2902 fluctuum
767 2846 827 2900 in
875 2847 1338 2919 intemperantia:
1415 2851 1863 2924 petulantiaeque
1917 2871 2076 2912 mare

431 2936 794 2992 submersus.
829 2935 975 2990 Nam
1021 2937 1159 3007 quia
1187 2939 1500 3010 superbus,
1545 2941 1656 2996 fuit
1687 2943 1826 3013 quia
1857 2945 2076 3000 medio-

431 3024 656 3080 critatis
683 3023 922 3093 oblitus,
958 3025 1174 3082 idcirco
1206 3027 1320 3082 vim
1355 3029 1536 3084 animi
1560 3030 1876 3102 volatilem,
1909 3033 2074 3090 fabu-

429 3113 538 3169 losi
571 3113 761 3168 instar
790 3112 956 3185 Icari,
989 3115 1206 3170 amisit.
1268 3116 1430 3172 Mitto
1463 3118 1840 3190 Lycaonidas,
1872 3121 1971 3192 qui
2003 3122 2076 3178 ob

429 3218 645 3257 vanum
684 3205 985 3258 tumorum
1012 3220 1187 3258 suum
1216 3204 1564 3262 fulminibus
1595 3224 1729 3263 cum
1761 3209 1907 3265 duce
1937 3226 2074 3282 pro-

2179 1965 2384 2033 νικήσει
2434 1962 2718 2038 πρότερον,
2748 1957 3061 2018 κατασϐέσει
3120 1982 3178 2016 τε
3234 1963 3330 2029 τήν
3385 1961 3558 2015 αὐτῶν
3622 1959 3828 2038 φλόγα,

2181 2054 2269 2106 καὶ
2324 2074 2414 2106 τον
2473 2053 2643 2124 θυμὸν
2698 2051 2938 2120 πατάξει,
2971 2051 3060 2104 καὶ
3116 2051 3178 2104 τὸ
3224 2057 3324 2117 τῆς
3377 2049 3831 2126 φιλοχρηματίας

2186 2142 2352 2217 βάρος
2437 2140 2751 2216 ἀπορρίψει,
2808 2140 3152 2214 κατορθώσας
3221 2137 3379 2207 νίκην
3439 2138 3687 2213 ἀρίστην,
3749 2138 3827 2192 ὅτι

2182 2230 2352 2291 πάσας
2383 2227 2768 2304 χαμαίζήλους
2818 2227 3033 2301 πράξεις
3084 2222 3407 2301 ὑπερανέϐη,
3442 2226 3528 2281 ἐὰν
3593 2228 3672 2298 μή
3737 2227 3830 2298 μέ-

2182 2338 2279 2393 χρι
2332 2318 2527 2372 τούτου
2582 2319 2752 2389 στήσῃ
2786 2318 2848 2371 τὸ
2881 2317 3258 2388 ὑπεροπτικὸν,
3292 2313 3417 2370 ἀλλ’
3458 2313 3567 2385 ἤ3η
3611 2315 3700 2369 καὶ
3764 2316 3834 2375 εἷς

2180 2408 2248 2460 τά
2303 2405 2613 2478 ὑψηλότερα
2668 2407 3001 2479 κατεπαρθῇ,
3044 2403 3321 2475 ἀμελήσας
3377 2408 3473 2456 τοῦ
3531 2404 3834 2480 φροντίζειν

2180 2500 2277 2550 τοῦ
2338 2493 2570 2567 δέοντος,
2603 2494 2691 2548 καὶ
2749 2498 2846 2548 τοῦ
2902 2493 2998 2554 τὰς
3029 2497 3136 2546 τῶν
3195 2492 3473 2569 φρονίμων
3531 2491 3832 2565 ἀνθρώπων

2184 2581 2434 2660 δέχεσθαι
2463 2578 2801 2656 συμϐουλὰς,
2840 2582 2901 2636 οὐ
2957 2580 3120 2653 μόνον
3163 2585 3363 2653 πτῶμα
3419 2580 3606 2636 πίπτει
3665 2581 3837 2658 παρά-

2185 2669 2359 2743 δοξον,
2393 2670 2519 2728 ἀλλ’
2550 2671 2729 2744 ὥσπερ
2759 2671 2964 2747 τυφλὸς
2999 2669 3416 2745 περιπλανᾶται,
3455 2667 3693 2742 μηδενὸς
3741 2691 3831 2724 κα-

2185 2759 2285 2816 λοῦ
2342 2761 2745 2833 αἷσθανόμενος·
2779 2761 3018 2833 καθάπερ
3075 2759 3177 2813 ὑπὸ
3229 2765 3479 2834 ταραχῆς
3511 2758 3829 2832 πνευμάτων

2184 2850 2271 2905 καὶ
2301 2851 2556 2923 κυμάτων
2588 2853 2665 2921 τῷ
2714 2855 2815 2918 τῆς
2877 2846 3167 2909 ἀκολασίας
3224 2847 3313 2901 καὶ
3367 2845 3688 2924 ἀδιαφορίας
3745 2869 3832 2903 πε-

2185 2938 2339 3013 λάγει
2369 2937 2910 3010 καταποντιζόμενος,
2942 2936 3000 2992 ἐκ
3037 2941 3134 2992 τοῦ
3187 2936 3481 3009 ἐπαρθῆναι
3527 2937 3618 2991 καὶ
3664 2936 3827 2993 πλέον

2185 3035 2450 3105 φρονῆσαι
2479 3032 2578 3082 τοῦ
2609 3025 2842 3096 δέοντος,
2871 3027 2933 3080 τὸ
2979 3025 3266 3099 ὀξύπτερον
3313 3032 3413 3094 τῆς
3463 3029 3649 3101 ψυχῆς
3700 3027 3828 3081 ἀπο-

2186 3115 2368 3186 λέσας,
2417 3116 2596 3191 ὥσπερ
2654 3117 2682 3170 ὁ
2745 3115 3106 3188 μυθευόμενος
3167 3117 3401 3187 Ἴκαρος·
3465 3115 3536 3169 ἐῶ
3589 3116 3693 3190 γάρ
3751 3113 3831 3170 λέ-

2185 3227 2298 3280 γειν
2324 3205 2450 3266 τοὺς
2481 3202 2836 3274 Λυκαονίδας,
2870 3204 2922 3259 οἳ
2970 3201 3060 3258 διὰ
3111 3202 3202 3258 τὸν
3262 3202 3486 3277 μάταιον
3538 3207 3707 3280 τῦφον
3747 3204 3833 3258 αὖ·

435 3290 562 3363 prio
592 3290 1078 3363 deﬂagraverunt,
1114 3293 1215 3365 qui
1268 3293 1411 3364 ipsis
1451 3295 1825 3366 potissimum
1857 3280 2071 3355 antesi-

2184 3299 2291 3350 τῶν
2345 3299 2602 3369 κεραυνοῦ
2655 3293 2905 3370 γεγόνασι
2964 3290 3342 3369 παρανάλωμα
3406 3292 3538 3364 μετὰ
3591 3293 3684 3346 καὶ
3738 3298 3831 3347 τοῦ

437 3395 668 3452 gnanus
727 3379 1016 3452 superbia
1068 3381 1273 3436 fuerat.
1330 3383 1610 3439 Praetereo
1665 3384 1836 3440 illum
1865 3386 2083 3444 Salmo-

438 3483 640 3533 neum,
672 3467 772 3539 qui
804 3484 870 3522 eo
902 3468 1149 3524 vesania
1180 3471 1467 3543 prorupit,
1503 3476 1566 3527 ut
1594 3473 1856 3529 tonitrua
1885 3491 2081 3548 quque

440 3555 668 3612 bovinis
704 3555 957 3628 pellibus
985 3557 1316 3615 imitaretur
1345 3577 1358 3616 :
1391 3561 1561 3632 cujus
1590 3563 1874 3635 superbiae
1905 3581 2083 3620 causa

435 3661 571 3700 cum
633 3661 777 3700 nova
835 3647 979 3702 urbe
1030 3663 1138 3703 sua
1193 3649 1574 3721 ejusdemque
1619 3651 1825 3707 incolis
1856 3652 2082 3709 deletus

436 3737 546 3788 est.
581 3732 734 3788 Sileo
765 3734 1016 3806 denique
1047 3736 1343 3793 fabulosos
1375 3737 1505 3794 illos
1523 3739 1830 3811 Haloadas,
1854 3759 2086 3798 eorum-

436 3837 551 3892 que
582 3821 748 3876 humi
782 3823 1036 3894 lapsum,
1070 3831 1382 3898 postquam
1434 3827 1589 3883 celso
1641 3831 1896 3900 quodam
1945 3848 2082 3886 con-

438 3909 552 3964 nisi
607 3911 838 3966 fuerant
884 3911 1040 3968 Pelio
1097 3919 1293 3970 monte
1323 3932 1640 3974 conscenso
1670 3919 1881 3974 coalum
1913 3920 2083 3991 adpe-

437 4003 578 4055 tere.
611 3999 852 4071 Expedit
881 4000 1062 4072 igitur
1083 4002 1339 4059 tumidas
1371 4005 1671 4078 elatasque
1702 4008 2080 4079 cogitationes

438 4087 636 4142 animo
671 4087 975 4159 expellere,
1023 4106 1149 4160 quae
1181 4107 1353 4147 casus
1383 4097 1556 4164 atque
1589 4096 1769 4150 ruinae
1801 4095 2081 4154 ministrae

437 4179 578 4230 sunt
609 4193 623 4244 ;
662 4177 869 4232 sectari
904 4183 1098 4233 autem
1131 4183 1310 4252 atque
1340 4181 1498 4236 omni
1531 4183 1724 4239 studio
1775 4184 2082 4257 complecti

439 4263 816 4332 modestiam,
849 4282 976 4338 quae
1025 4284 1234 4339 parens
1274 4269 1568 4326 firmitatis
1615 4276 1722 4328 est.
1755 4274 1903 4346 Ergo
1935 4292 2083 4348 opus

439 4356 530 4409 est
560 4352 902 4410 inhonestae
924 4356 1107 4411 animi
1139 4359 1604 4428 perturbationes
1634 4360 1786 4417 bello
1817 4365 2083 4435 persequi

438 4445 615 4513 atque
647 4448 971 4514 amputare.
1031 4451 1222 4518 Atque
1270 4451 1334 4502 ut
1386 4447 1482 4503 ille
1532 4448 1784 4522 inclytus
1816 4455 2082 4522 Perseus,

437 4538 676 4602 accepta
735 4549 769 4588 a
818 4533 1102 4590 Mercurio
1163 4535 1330 4606 falce,
1390 4537 1504 4592 tria
1557 4538 1842 4610 Gorgonis
1896 4541 2087 4613 capita

2191 3387 2496 3458 στρατηγοῦ
2531 3383 2725 3454 αὐτῶν,
2759 3383 2817 3444 ὃς
2869 3381 2955 3437 ἐπὶ
3013 3380 3224 3454 μᾶλλον
3281 3381 3372 3434 καὶ
3425 3383 3523 3448 τῆς
3576 3379 3834 3443 ἀπονοίας

2193 3471 2357 3541 αὐτῆς
2388 3471 2649 3547 ἐτύγχανε
2679 3470 2979 3546 στρατηγός
3011 3473 3147 3543 (30).
3180 3468 3411 3547 Ἀφίημι
3444 3466 3501 3523 δὲ
3546 3469 3639 3523 τὸν
3694 3467 3835 3524 Σαλ-

2197 3560 2377 3633 μωνέα
2433 3564 2544 3633 (31)
2603 3559 2825 3632 ἐκεῖνον,
2859 3561 2918 3621 ὃς
2966 3559 3044 3621 εἷς
3071 3563 3327 3614 τοσοῦτον
3358 3556 3523 3626 ἦλθεν
3553 3557 3831 3629 ἀπονοίας,

2193 3649 2274 3705 ὅτι
2333 3649 2420 3704 καὶ
2478 3651 2704 3725 βροντάς
2761 3648 3000 3718 ἠθέλησε
3054 3653 3228 3702 ποιεῖν
3280 3646 3340 3702 ἐκ
3390 3646 3582 3721 βοείων
3641 3645 3836 3721 δερμά-

2189 3761 2297 3794 των
2355 3742 2486 3811 (32)·
2545 3739 2634 3793 καὶ
2692 3736 2781 3793 διά
2835 3740 2934 3805 τήν
3004 3736 3260 3806 τοιαύτην
3333 3733 3554 3809 ἔπαρσιν
3634 3735 3835 3791 ἐκείνου

2193 3827 2544 3904 ἀφανισθέντα
2601 3828 2693 3881 σὺν
2751 3831 2819 3900 τῇ
2863 3831 3021 3898 καινῇ
3087 3821 3247 3880 πόλει
3317 3825 3405 3878 καὶ
3461 3830 3578 3886 τοῖς
3634 3824 3834 3893 ταύτης

2194 3917 2495 3991 οἰκήτορσι·
2552 3915 2678 3976 τούς
2743 3935 2802 3969 τε
2888 3915 3292 3986 μυθευομένους
3350 3909 3629 3972 Ἀλωάδας
3697 3910 3839 3966 ἐκεί-

2191 4027 2316 4067 νους
2348 4008 2483 4078 (33),
2513 4005 2601 4059 καὶ
2659 4006 2720 4072 ἣν
2777 4001 2963 4059 ἔπεσον
3026 4003 3076 4058 ἐν
3137 4007 3209 4076 γῇ
3268 4007 3494 4070 πτῶσιν,
3538 4000 3653 4055 ἐπεὶ
3712 4003 3835 4075 θρα-

2193 4094 2460 4155 συνθέντες
2495 4091 2580 4148 διά
2608 4115 2753 4154 τινος
2783 4092 2996 4166 ὑψηλοῦ
3045 4088 3206 4166 ὄρους
3267 4089 3478 4160 Πηλίου
3538 4088 3838 4165 λεγομένου

2194 4183 2270 4244 εἲς
2301 4182 2523 4258 οὐρανὸν
2580 4181 2934 4257 ἐπεχείρησαν
2993 4175 3314 4234 ἀναϐαίνειν·
3351 4176 3440 4232 διὰ
3493 4183 3654 4233 τοῦτο
3710 4180 3836 4251 πρέ-

2192 4293 2292 4326 πον
2345 4271 2485 4326 ἐστὶν
2547 4270 2800 4343 ἐξορίζειν
2849 4269 2954 4323 ἀπὸ
3011 4272 3194 4342 ψυχῆς
3253 4268 3313 4321 τὸ
3371 4266 3678 4342 ἐπηρμένον
3752 4267 3837 4321 καὶ

2199 4359 2469 4434 μετέωρον
2524 4359 2800 4437 φρόνημα,
2837 4357 3022 4426 ἐπειδὴ
3080 4357 3472 4416 καταπτώσεως
3530 4356 3620 4410 καὶ
3680 4376 3839 4409 κατα-

2195 4445 2369 4516 ϐολῆς
2462 4447 2569 4503 ἐστι
2658 4448 2933 4523 πρόξενον·
2993 4447 3202 4522 ἀγαπᾷν
3265 4443 3323 4500 δὲ
3377 4445 3466 4498 καὶ
3545 4449 3725 4513 ζητεῖν
3784 4443 3839 4498 ἐκ

2198 4539 2396 4599 παντὸς
2454 4538 2660 4609 τρόπου
2711 4538 2774 4591 τὸ
2837 4536 3053 4612 μέτριον
3109 4535 3196 4589 καὶ
3230 4537 3534 4608 στηριγμοῦ
3564 4533 3834 4609 πρόξενον.

437 4619 701 4688 abstulit,
731 4621 963 4677 nullum
995 4623 1120 4695 ipse
1149 4625 1567 4682 detrimentum
1624 4629 1696 4683 ab
1727 4644 1794 4685 ea
1825 4647 2036 4702 passus
2071 4649 2075 4699 ς

2195 4627 2380 4697 ’Ἄξιον
2438 4625 2529 4680 οὖν
2588 4628 2854 4702 μάχεσθαι
2913 4625 3000 4679 καὶ
3052 4625 3322 4696 ἐκτέμνειν
3379 4623 3446 4676 τὰ
3502 4621 3705 4697 αἰσχρὰ
3740 4623 3838 4675 πά-

438 4707 526 4764 ita
551 4714 780 4782 oportet
803 4728 997 4784 regem
1028 4714 1273 4770 rationis
1294 4732 1401 4787 ope
1431 4716 1644 4771 fretum
1668 4717 1886 4790 primos
1918 4721 2088 4776 subo-

437 4797 690 4854 rientum
753 4801 1144 4873 cupiditatum
1227 4809 1424 4859 motus
1495 4805 1690 4862 animo
1768 4807 2086 4865 deliberata

439 4886 752 4957 praecidere
779 4887 807 4943 ?
834 4892 962 4946 tum
992 4891 1168 4947 etiam
1199 4892 1531 4949 humilitate
1563 4911 1628 4949 ac
1679 4895 1968 4952 modestia
1997 4897 2086 4952 di-

441 4989 743 5031 versorum
773 4978 1047 5036 vitiorum
1079 4981 1269 5054 capita
1299 4983 1800 5050 amburere,velut
1828 4984 1924 5041 ille
1945 4985 2086 5041 Her-

442 5062 603 5119 cules
657 5065 932 5123 fabulosae
975 5068 1170 5141 hydrae
1232 5071 1424 5144 capita
1466 5073 1809 5143 amputavit.
1871 5074 2086 5146 Regem

445 5153 663 5225 quippe
691 5154 938 5212 thronus
967 5159 1130 5213 deest
1174 5159 1484 5216 ﬂammeus
1539 5161 1718 5216 simul
1776 5166 1834 5217 et
1859 5162 2086 5234 igneus,

511 5293 624 5368 (28)
682 5294 896 5373 Notum
933 5301 1021 5373 est
1069 5300 1450 5371 antiquorum
1497 5301 1868 5373 proverbium
1906 5306 2088 5359 corni-

438 5381 564 5447 cum
593 5367 805 5447 occulas
858 5370 1148 5447 conﬁgere,
1178 5367 1364 5447 cujus
1415 5367 1704 5447 egregiam
1739 5374 2086 5447 interpreta-

438 5437 660 5516 tionem
694 5439 876 5516 habes
932 5437 1084 5516 apud
1122 5437 1479 5516 p’clas'sicum“
1505 5437 1912 5516 interpretem‘
1933 5464 1966 5501 a
1997 5464 2089 5502 me

441 5509 638 5589 Romae
670 5511 894 5567 editum
955 5509 1025 5569 ad
1073 5513 1368 5570 Ciceronis
1427 5509 1749 5572 orationem
1772 5534 1871 5589 pro
1903 5519 2088 5572 Flacco

441 5597 536 5637 xx.
569 5585 622 5636 2.

515 5653 626 5725 (29)
679 5655 760 5708 De
819 5656 1082 5730 Hippono
1131 5655 1478 5730 tragoediam
1523 5659 1837 5730 scripserat
1866 5659 2086 5730 Sopho-

443 5723 582 5793 cles,
621 5733 764 5782 teste
795 5723 910 5786 non
932 5723 1146 5786 'semel
1179 5723 1484 5802 Hésychio,
1547 5723 1796 5798 Polluce,
1841 5747 1914 5802 IV,
1946 5723 1998 5799 3,
2035 5736 2090 5788 et

2199 4728 2287 4784 θη·
2349 4716 2438 4769 καὶ
2498 4715 2678 4790 ὥσπερ
2739 4715 2766 4769 ὁ
2826 4711 3033 4784 ἔνδοξος
3120 4713 3323 4773 ἐκεῖνος
3383 4711 3615 4786 Περσεὺς
3701 4710 3838 4786 παρὰ

2194 4806 2400 4878 Ἑρμοῦ
2432 4801 2691 4880 δρέπανον
2727 4800 2909 4858 λαϐὼν
2945 4801 3155 4874 ἐξέτεμε
3210 4807 3310 4870 τῆς
3362 4799 3640 4874 Γοργόνης
3698 4803 3838 4875 τρεῖς

2194 4892 2452 4972 κεφαλὰς,
2485 4899 2654 4948 πᾶσαν
2713 4892 2763 4962 ἐξ
2817 4891 3019 4962 ἐκείνης
3081 4884 3293 4966 βλάϐην
3348 4888 3668 4964 ἀποφυγὼν,
3702 4887 3838 4942 οὕτω

2196 4970 2309 5056 χρῆ
2340 4981 2428 5035 καὶ
2459 4982 2550 5035 τὸν
2587 4979 2813 5057 βασιλέα
2844 4977 2933 5034 διὰ
2960 4983 3060 5033 τοῦ
3093 4976 3263 5052 λόγου
3293 4978 3388 5038 τὰς
3424 4970 3841 5037 ὑποϐαλλοόσας

2193 5071 2261 5124 τά
2297 5069 2440 5139 πάθη
2499 5070 2715 5144 πρώτας
2771 5071 3009 5138 κινήσεις
3071 5065 3345 5122 ἐκκόπτειν
3516 5071 3619 5133 τῆς
3661 5067 3843 5140 ψυχῆς

2199 5156 2480 5235 διακρίσει·
2517 5159 2578 5213 οὐ
2640 5160 2747 5231 μὴν
2803 5155 2860 5211 δὲ
2916 5154 3062 5211 ἀλλά
3107 5155 3197 5209 καὶ
3227 5159 3306 5226 τῷ
3334 5161 3436 5223 τῆς
3473 5151 3702 5231 ἀτυφίας
3759 5151 3842 5208 καὶ

2196 5303 2492 5374 Stephano
2524 5319 2624 5357 voc
2652 5298 2896 5374 Ὤλενος.

2270 5371 2381 5450 (30)
2408 5373 2794 5450 ᾼροίὶοιίοῐ-υθ
2824 5371 2970 5450 Bibl.
3007 5389 3091 5450 "[1
3311 5439 3320 5450 .
3488 5440 3497 5450 -
3535 5439 3548 5450 -

2184 5489 2186 5491 .
2235 5518 2240 5520 _
2413 5437 2550 5520 Cod.
2586 5444 2884 5520 στρατηγὸν
2920 5461 3022 5516 pro
3057 5439 3392 5520 ΣαλμωνέαἸ
3416 5440 3501 5495 vel
3533 5437 3728 5520 inutili
3754 5453 3840 5492 va-

2200 5513 2424 5583 rietate,
2456 5517 2541 5572 vel
2577 5513 2886 5571 manifesto
2921 5513 3180 5579 'mendo,
3241 5513 3392 5584 quod
3445 5513 3783 5582 coarguitur
3809 5525 3839 5561 a

2198 5589 2451 5659 genuino
2482 5587 2790 5659 Nicephori
2823 5591 3004 5659 textu.

2271 5662 2378 5729 (52)
2410 5658 2836 5731 AppollOdorus
2869 5658 3012 5712 Bibl.
3051 5673 3085 5721 ι,
3116 5661 3151 5708 9

2270 5734 2379 5802 (33,
2409 5731 2568 5787 Idem
2600 5747 2640 5800 ι,
2669 5732 2724 5785 7.
