4096 6424
236 470 351 534 633

1381 469 1677 535 ORATIO
1721 470 1823 532 DE
1865 469 2093 534 REGIS
2137 469 2492 534 OFFICIIS.

3523 463 3642 529 634

235 601 609 664 ταπεινώσεως
655 601 779 677 περὶ
835 600 928 663 τὰς
975 598 1213 680 κεφαλάς
1268 604 1374 655 τῶν
1442 601 1708 658 ποικίλων
1777 623 1878 656 πα-

1997 604 2096 678 qui
2145 605 2343 661 hostes
2387 604 2624 677 quidem
2657 602 2946 671 amburat,
2980 600 3277 659 sedentem
3333 603 3530 656 autem
3579 599 3638 655 in

236 694 341 748 θῶν
407 689 782 771 καταφλέγειν,
849 689 1029 767 ὥσπερ
1082 691 1109 743 ὁ
1155 689 1444 766 Ἡρακλῆς¹
1491 692 1586 752 τὰς
1634 697 1734 760 τῆς
1787 712 1883 763 μυ-

237 781 533 854 θευομένης
603 781 808 851 ἐκείνης
875 777 1038 855 ὕδρας
1108 780 1376 834 ἀπέκοπτε
1440 779 1697 857 κεφαλάςσ
1767 801 1881 834 τοιο

237 876 394 934 οῦτος
427 869 615 947 θρόνος
659 869 850 943 πρέπει
899 867 980 941 τῷ
1030 866 1244 944 βασιλεῖ
1291 865 1591 946 φλογώδης
1639 869 1780 940 ὁμοῦ
1825 888 1884 924 τε

234 959 322 1016 καὶ
353 959 604 1035 πύρινος,
635 957 942 1014 κατακαίων
997 959 1090 1030 μὲν
1136 956 1264 1018 τοὺς
1313 956 1582 1019 ἐναντίους
1627 956 1880 1033 ἐχθρούς·

234 1050 323 1105 τὸν
357 1046 405 1103 δ’
436 1047 518 1104 ἐπ’
547 1047 712 1102 αὐτοῦ
749 1051 846 1101 τοῦ
894 1045 1084 1122 θρόνου
1131 1045 1490 1118 καθεζόμενον
1549 1043 1774 1121 βασιλέα
1821 1044 1883 1100 οὐ

239 1138 401 1212 μόνον
433 1136 496 1192 οὐ
524 1131 943 1204 καταϐλάπτων,
977 1131 1122 1189 ἀλλά
1151 1134 1240 1189 καὶ
1271 1135 1406 1210 πρὸς
1439 1133 1572 1207 ὕψος
1633 1128 1888 1188 ἀναϐιϐά-

237 1233 340 1296 ζων
403 1225 668 1303 οὐράνιον,
698 1225 786 1279 καὶ
834 1229 1108 1301 καταφανῆ
1160 1224 1248 1278 καὶ
1303 1223 1554 1298 λαμπρὸν
1598 1223 1688 1277 καὶ
1736 1221 1884 1299 περί-

235 1315 412 1388 δοξον,
445 1315 532 1370 καὶ
579 1311 842 1384 διάδηλον
886 1309 991 1374 ἕως
1031 1312 1204 1367 αὐτῶν
1253 1317 1358 1368 τῶν
1406 1319 1506 1382 τῆς
1556 1311 1883 1385 οἰκουμένης

232 1407 477 1482 περάτων
529 1402 993 1480 ἀπεργαζόμενος·
1047 1399 1185 1456 ὥστε
1252 1401 1342 1455 καὶ
1385 1401 1484 1470 τήν
1536 1401 1880 1479 προφητικήν

236 1492 641 1570 μεγαληγορίαν
712 1492 1108 1571 ἐφαρμόζεσθαι
1163 1491 1362 1564 τούτῳ,
1425 1490 1686 1566 λέγουσαν
1747 1493 1878 1565 (34)·

235 1608 262 1634 (ι
297 1585 532 1660 Ἐφαναν
599 1583 655 1636 αἱ
733 1580 998 1655 ἀστραπαι
1069 1601 1163 1635 σου
1213 1583 1283 1653 τῇ
1332 1579 1643 1654 οἰκουμένῃ.
1694 1603 1722 1632 ››
1773 1585 1883 1642 Πᾶς

235 1671 516 1747 ἄνθρωπος
575 1670 792 1746 βλέπων
852 1675 1028 1744 χαρᾶς
1088 1666 1398 1744 πληροῦται
1458 1669 1597 1740 ὁμοῦ
1655 1667 1744 1723 καὶ
1798 1667 1883 1724 ἐκ·

233 1758 512 1830 πλήξεως.
543 1759 602 1812 Τί
641 1761 756 1834 χρὴ
805 1756 992 1813 πολλά
1037 1756 1252 1833 λέγειν;
1287 1755 1547 1819 Βασιλεὺς
1600 1758 1733 1829 μετὰ
1774 1761 1881 1812 τῶν

1991 695 2121 767 ipso
2151 711 2348 768 regem
2374 711 2488 750 non
2514 693 2706 750 solum
2732 692 2889 750 haud
2915 691 3106 760 laedat,
3129 707 3330 748 verum
3353 689 3530 748 etiam
3562 689 3635 746 ad

1992 789 2151 839 astra
2181 783 2479 851 sublevet;
2511 783 2783 850 thronus,
2814 782 3078 854 inquam,
3113 797 3412 851 coruscus,
3444 779 3638 852 splen-

1992 871 2186 940 didus,
2220 872 2490 938 illustris,
2523 872 2622 945 qui
2654 888 2848 944 regem
2879 871 2951 927 ad
2985 874 3275 926 extremos
3306 885 3492 942 usque
3537 884 3631 924 or-

1993 961 2083 1016 bis
2115 961 2260 1016 tines
2292 961 2447 1016 fama
2477 961 2754 1017 clarificet
2784 978 2797 1016 :
2850 960 2932 1015 ita
2975 963 3042 1014 ut
3080 957 3376 1031 propheta
3405 973 3638 1030 quoque

1993 1048 2246 1104 sublime
2275 1049 2515 1105 etl‘atum
2546 1048 2685 1105 huic
2715 1048 3040 1113 conveniat,
3071 1048 3226 1120 quod
3259 1047 3341 1103 ait
3372 1063 3386 1102 :
3441 1050 3634 1118 Appa-

1993 1141 2236 1192 ruerunt
2267 1136 2500 1210 fulgura
2550 1141 2652 1194 tua
2702 1137 2826 1193 orbi
2871 1141 3202 1204 terrarum;
3235 1135 3428 1192 omnis
3459 1134 3636 1191 homo

1992 1223 2215 1288 videns,
2247 1224 2462 1296 gaudio
2503 1224 2682 1280 simul
2730 1216 3079 1297 ac'stupore
3108 1222 3450 1296 completur.
3485 1222 3634 1288 Quid

1991 1311 2160 1384 plura
2180 1311 2208 1367 ?
2239 1313 2377 1379 Rex,
2401 1312 2447 1369 si
2481 1313 2550 1368 ad
2583 1317 2820 1370 caeteras
2848 1314 3092 1369 virtutes
3119 1311 3467 1369 modestiam
3489 1327 3632 1384 quo-

1992 1417 2107 1473 que
2137 1400 2432 1474 adjecerit,
2464 1402 2678 1459 Christi
2707 1403 2896 1474 ipsius
2925 1402 3042 1458 veri
3076 1401 3258 1459 nostri
3290 1401 3392 1457 Dei
3436 1401 3631 1456 imita-

1991 1493 2083 1546 tor
2128 1489 2232 1558 ﬂt;
2283 1489 2380 1560 qui
2429 1491 2603 1548 caelos
2646 1491 2958 1558 inclinans,
2999 1495 3234 1564 propter
3262 1505 3635 1546 communem

1991 1578 2236 1634 humani
2266 1579 2495 1652 generis
2525 1580 2798 1646 salutem,
2831 1580 3020 1638 servili
3070 1579 3260 1636 forma
3309 1577 3638 1636 circumda-

1994 1675 2088 1724 tus
2117 1667 2189 1724 ad
2224 1685 2329 1724 nos
2359 1670 2699 1738 descendit;
2731 1671 2832 1741 qui
2864 1687 2998 1726 cum
3037 1684 3277 1740 corpore
3314 1667 3490 1725 cmlos
3537 1667 3638 1722 de-

1992 1773 2110 1812 nuo
2159 1757 2492 1814 sublimiter
2539 1759 2791 1830 repetiit,
2847 1758 3119 1831 supernis
3167 1756 3254 1812 illi
3305 1755 3638 1830 patentibus

233 1846 422 1905 ἄλλων
454 1847 638 1904 καλῶν
680 1848 770 1902 καὶ
817 1846 1185 1924 ταπεινόφρων
1231 1845 1546 1921 γενόμενος,
1578 1846 1741 1900 αὐτοῦ
1787 1851 1882 1901 τοῦ

1993 1845 2208 1917 januis.
2234 1850 2351 1902 Rex
2377 1846 2557 1920 igitur
2581 1847 2679 1919 qui
2703 1846 3047 1920 dignitatem
3079 1864 3113 1902 a
3140 1846 3366 1903 Christo
3393 1844 3636 1917 accepit,

232 1942 472 2013 Χριστοῦ
509 1941 605 1992 τοῦ
653 1935 920 2007 ἀληθινοῦ
969 1941 1101 1992 Θεοῦ
1141 1938 1300 2008 ἡμῶν
1351 1933 1459 1989 ἐστι
1509 1937 1775 2008 μιμητής·
1823 1935 1883 1997 ’ὸς

232 2024 423 2087 κλίνας
469 2024 597 2088 τοὺς
650 2023 933 2101 οὐρανοὺς,
977 2021 1066 2078 διὰ
1111 2025 1210 2093 τὴν
1261 2024 1448 2092 κοινὴν
1499 2025 1658 2096 ἡμῶν
1713 2045 1888 2094 σωτη-

234 2114 352 2191 ρίαν
414 2120 510 2169 τοῦ
574 2119 682 2168 τῶν
751 2113 1050 2187 ἀνθρώπων
1113 2112 1323 2187 γένους,
1391 2106 1753 2183 καταϐέϐηκεν
1809 2112 1884 2175 εἷς

231 2207 386 2277 ἡμᾶς
416 2201 507 2258 καί
539 2201 737 2259 δούλου
782 2203 994 2277 μορφὴν
1046 2198 1345 2272 ἀνεδέξατο·
1398 2201 1457 2263 ’ὀς
1503 2201 1702 2271 ἀνῆλθε
1753 2201 1887 2274 μετά

230 2294 491 2365 σώματος
563 2290 724 2347 πάλιν
805 2291 882 2353 είς
948 2289 1208 2366 οὐρανοὺς
1285 2288 1681 2365 ὑπερκοσμίως,
1740 2288 1886 2362 αὐτῷ

230 2386 339 2436 τῶν
395 2379 660 2457 οὐρανίων
713 2378 902 2436 πυλῶν
963 2377 1395 2456 διανοιχθεισῶν.
1448 2380 1504 2433 Ὁ
1551 2368 1681 2454 γοῦν
1723 2401 1881 2434 κεκο-

230 2471 520 2543 σμημένος
553 2470 656 2525 ὑπὸ
684 2473 918 2544 Χριστοῦ
959 2467 1211 2545 βασιλεὺς
1243 2468 1334 2522 καὶ
1377 2466 1466 2523 διὰ
1509 2472 1669 2524 τοῦτο
1721 2479 1886 2532 θεοει-

233 2556 518 2628 δέστατος,
570 2557 622 2613 ἐν
675 2559 755 2620 οἷς
809 2558 902 2630 μὲν
951 2557 1013 2612 τὸ
1079 2554 1374 2633 ἀλλότριον
1434 2553 1729 2613 ἀποδιώκει
1793 2557 1882 2612 καὶ

231 2647 410 2717 πάντη
462 2647 728 2702 ἀνοίκειον
799 2645 946 2719 αὐτῷ
1015 2645 1228 2722 αἶσχος,
1297 2643 1541 2721 μεγάλην
1605 2642 1720 2721 ἔχει
1781 2647 1880 2715 τήν

232 2735 594 2814 εὐφροσύνην·
658 2734 709 2790 ἐν
769 2735 850 2798 οἷς
923 2733 980 2790 δὲ
1052 2734 1115 2789 τὸ
1196 2733 1478 2810 βασιλικὸν
1555 2731 1882 2790 ἐνδείκνυται

229 2822 466 2892 κάλλος,
498 2829 675 2901 χαρᾶς
708 2821 1016 2900 πληροῦται
1057 2821 1146 2878 καί
1194 2820 1420 2892 ἡδονῆς.
1453 2823 1710 2878 Γινώσκω
1757 2826 1881 2878 τοῦ·

1993 1934 2240 2007 ideoque
2271 1952 2504 1992 summe
2533 1937 2898 1993 venerandus
2936 1940 3047 2004 est,
3078 1939 3368 2009 quatenus
3399 1933 3640 2007 quidem

1996 2024 2425 2097 turpitudinem
2457 2025 2598 2081 vitat
2646 2042 2773 2097 quas
2815 2025 2888 2080 ab
2937 2026 3064 2097 ejus
3108 2041 3358 2098 persona
3387 2023 3642 2081 maxime

1997 2113 2294 2182 abhorret,
2325 2114 2546 2187 ingenti
2585 2114 2876 2172 hilaritate
2907 2115 3316 2188 perfunditur;
3351 2116 3640 2187 quatenus

1995 2210 2192 2259 autem
2244 2203 2471 2277 regium
2522 2205 2700 2260 decus
2747 2208 3022 2272 ostentat,
3065 2203 3381 2260 maximam
3432 2218 3640 2259 rursus

1994 2291 2236 2366 percipit
2269 2292 2647 2365 voluptatem.
2683 2297 2802 2350 Hoc
2832 2309 2936 2366 ego
2977 2293 3244 2366 apprime
3272 2295 3637 2365 compertum

1994 2380 2179 2437 baheo
2211 2381 2568 2454 experientia
2595 2382 2725 2438 vitae
2756 2399 2822 2439 ac
2855 2382 3247 2454 negotiorum.
3278 2383 3415 2447 Rex,
3457 2381 3508 2438 si
3561 2380 3644 2437 ita

1993 2486 2056 2528 se
2099 2472 2331 2539 habeat.
2365 2473 2559 2528 omnis
2602 2472 2922 2528 honestatis
2954 2471 3158 2545 regula
3186 2469 3641 2544 exemplumque

1993 2561 2082 2628 ﬁt,
2111 2561 2520 2634 celebrataque
2571 2561 2670 2616 illo
2719 2561 3009 2634 Polycleto
3057 2559 3422 2633 splendidior
3470 2577 3640 2616 coru-

1993 2652 2136 2717 scat,
2169 2649 2505 2723 duplicique
2533 2651 2746 2723 gaudio
2779 2649 3154 2716 distenditur,
3185 2654 3313 2706 tum
3359 2649 3502 2722 quia
3535 2648 3638 2704 ho-

1992 2741 2278 2794 nestatem
2309 2738 2570 2795 studiose
2602 2743 2876 2810 sectatur,
2908 2742 3036 2794 tum
3068 2738 3207 2812 quia
3243 2737 3454 2794 vitium
3503 2737 3640 2793 huic

1993 2824 2350 2882 contrarium
2379 2826 2502 2883 odit
2539 2831 2716 2900 atque
2746 2825 2992 2900 repellit.

227 2936 288 2970 το
363 2913 475 2989 ἐγὼ
542 2909 780 2989 ἀκριϐῶς
849 2913 899 2983 ἐξ
949 2912 1116 2982 αὐτῆς
1162 2915 1262 2982 τῆς
1312 2911 1500 2986 πείρας
1544 2911 1633 2967 καὶ
1679 2916 1785 2966 τῶν
1835 2913 2190 2988 πραγμάτων.
2242 2911 2395 2969 Οὕτω
2442 2915 2487 2967 θ’
2536 2910 2679 2990 ἔχων
2726 2915 2754 2970 ὁ
2813 2914 3086 2990 βασιλεὺς,
3135 2915 3311 2970 κανών
3379 2913 3489 2970 ἐστι
3549 2915 3640 2970 καὶ

231 3000 544 3076 ὑπόδειγμα
573 3001 773 3064 παντὸς
805 3001 1023 3078 ἀγαθοῦ,
1056 3001 1145 3056 γαὶ
1185 2998 1476 3074 διαλόμπει
1528 2997 1876 3079 φαιδρότερον
1919 3005 2018 3056 τοῦ
2067 2999 2464 3078 περιᾳδομένου
2511 2999 3028 3078 Πολυκλείτου
3085 3001 3310 3059 ἐκείνου·
3357 3003 3447 3058 καὶ
3503 3004 3640 3058 κατὰ

233 3088 332 3147 δύο
389 3086 630 3166 τρόπους
687 3089 1046 3169 εὐφραίνεται,
1080 3087 1131 3145 ἔν
1183 3110 1242 3144 τε
1294 3087 1374 3162 τῷ
1436 3089 1569 3162 μετά
1623 3086 1866 3159 σπουδῆς
1922 3090 1988 3144 τὰ
2042 3088 2186 3145 καλὰ
2241 3087 2676 3166 διαπράττεσθαι,
2709 3090 2797 3146 καὶ
2845 3091 2913 3146 τὰ
2957 3089 3163 3146 ἐναντία
3209 3091 3422 3154 τούτοις
3458 3096 3634 3164 μισεῖν

230 3181 326 3236 καὶ
357 3177 687 3235 ἀποδιώκειν
719 3181 792 3242 ὡς
824 3179 1065 3235 ἀνοίκεια
1093 3179 1292 3252 τούτῳ.

297 3270 375 3324 2’.
411 3273 502 3324 Δεῖ
533 3266 590 3323 δε
619 3269 755 3344 πρὸς
785 3268 1000 3330 τούτοις
1041 3269 1132 3323 τὸν
1187 3267 1412 3343 βασιλέα
1452 3267 1540 3322 καὶ
1591 3265 1882 3324 σπουδαῖον

2064 3271 2180 3327 VII.
2208 3273 2322 3328 Rex
2345 3273 2418 3327 sit
2448 3279 2701 3328 actuosus
2730 3277 2783 3329 et
2811 3289 3002 3329 verax.
3038 3303 3104 3316 —
3135 3277 3383 3344 Insuper
3409 3273 3642 3344 oportet

233 3358 394 3413 εἶναι·
432 3353 583 3411 οὐδὲν
619 3356 723 3432 γὰρ
755 3354 896 3412 ἄλλο
929 3353 1068 3411 οἶδεν
1102 3355 1402 3434 εὐφραίνειν
1431 3355 1588 3411 αὐτὸν
1622 3357 1699 3419 ὡς
1737 3357 1800 3412 τὸ
1831 3357 1884 3428 ἐξ

229 3443 485 3523 ἱδρώτων
529 3446 619 3500 καὶ
669 3444 850 3501 πόνων
899 3445 1047 3508 νίκας
1097 3445 1186 3500 καὶ
1233 3445 1502 3521 ἀριστείας
1558 3449 1756 3516 ποιεῖν,
1794 3443 1883 3500 καὶ

226 3538 324 3605 τήν
383 3532 525 3589 ἰδίαν
573 3533 884 3605 έπαυξάνειν
934 3534 1136 3611 ἀρχήν
1187 3531 1332 3589 ἔσται
1379 3531 1437 3588 δέ
1486 3533 1699 3597 πάντως
1764 3554 1883 3588 τοι-

226 3629 412 3695 οῦτος,
470 3621 618 3700 εἷ’περ
681 3623 790 3678 ἐστὶ
857 3624 946 3678 καὶ
1008 3623 1347 3698 καρτερικὸς,
1390 3622 1478 3677 καὶ
1526 3619 1882 3700 προσδέχεται

225 3713 351 3776 τοὺς
409 3712 462 3783 ἐξ
495 3711 704 3774 εὐνοίας
756 3713 1272 3785 ὑπομιμνήσκοντας
1326 3711 1482 3767 αὐτόν
1531 3733 1678 3774 τινος
1725 3711 1880 3768 ἐλατ-

222 3803 507 3876 τώματος’
542 3800 656 3856 ἐπεὶ
715 3800 803 3855 καὶ
859 3805 966 3856 τῶν
1026 3802 1326 3879 φαρμάκων
1382 3801 1470 3856 καὶ
1515 3800 1882 3877 βοηθημάτων

223 3892 289 3946 τὰ
342 3891 690 3966 καθαρτήρια
747 3889 958 3965 ἐπαχθῆ
1032 3891 1125 3962 μέν
1206 3887 1423 3944 δοκοῦσι
1497 3889 1585 3944 καὶ
1663 3888 1885 3959 λυπηρά

224 3981 363 4053 πρὸς
411 3979 480 4034 τὰ
527 3980 773 4052 σώματα·
818 3979 916 4047 τήν
969 3975 1026 4033 δέ
1073 3999 1133 4054 γε
1185 3978 1468 4054 μοχθηρὰν
1518 3973 1885 4053 προσλαμϐά-

222 4090 386 4124 νοντα
447 4067 608 4138 ῧλην,
665 4067 839 4143 ὑγείαν
900 4070 1212 4142 προξενοῦσι
1278 4072 1392 4129 τοῖς
1448 4067 1709 4140 σώμασιν·
1767 4071 1884 4128 τοῖς

228 4159 321 4229 μὲν
385 4157 497 4211 ἀπὸ
553 4155 712 4211 νόσου
774 4157 1063 4232 βοηθοῦσιν
1118 4155 1389 4212 ἀντίδοτοι
1455 4155 1544 4210 καὶ
1602 4158 1882 4232 καθάρσια,

223 4245 307 4301 ἐὰν
377 4245 542 4319 μόνον
591 4244 1165 4322 παρασκευαζομένους
1213 4244 1341 4306 τοὺς
1413 4243 1631 4320 ἱατροὺς
1710 4264 1882 4320 παρα-

225 4333 525 4412 δέχωνται·
576 4339 655 4405 τῷ
724 4330 780 4388 δέ
845 4333 981 4388 κατά
1043 4334 1228 4409 ψυχὴν
1299 4332 1550 4408 δγιαίνειν
1618 4330 1771 4388 ἐθέλο
1831 4355 1882 4388 τι

223 4423 340 4478 ἀντὶ
403 4428 618 4500 τρυφῆς
672 4422 851 4492 πάσης
906 4421 998 4479 καὶ
1053 4419 1380 4495 ἡδυσμάτων
1441 4419 1568 4476 εῗσὶν
1627 4422 1680 4476 αἱ
1721 4420 1883 4477 καλαὶ

221 4513 574 4590 παραινέσεις
656 4510 744 4565 καὶ
797 4505 1106 4584 συμϐουλαί
1141 4512 1244 4565 ἀπὸ
1307 4509 1566 4586 ξ’στορίας·
1617 4511 1691 4564 ὧν
1762 4508 1883 4566 ἄνευ

225 4599 353 4656 οὐδὲ
405 4601 470 4654 τὸ
533 4603 627 4672 ζῇν
687 4601 902 4673 ἡγεῖται
959 4596 1148 4654 καλόν·
1181 4599 1356 4672 νοερὶς
1402 4600 1502 4675 γὰρ
1553 4597 1683 4662 ὅλος
1718 4599 1884 4675 ὑπάρ-
1917 4641 1963 4706 D

453 4689 466 4706 .
524 4688 535 4706 ρ
731 4687 746 4706 .
831 4687 869 4706 Α
1137 4685 1230 4706 δι..
1425 4687 1437 4706 ε
1537 4687 1551 4706 ς
1659 4691 1672 4706 .
1809 4688 1821 4706 ,

223 4710 368 4766 χων,
423 4688 650 4750 εἰκότως
722 4687 931 4766 ὀφείλει
992 4685 1306 4757 σπουδάζειν
1352 4687 1440 4743 καὶ
1499 4687 1590 4743 τὸν
1648 4688 1887 4764 ἡγεμόνα

221 4784 350 4836 νοῦν
421 4783 687 4849 συνιστᾷν.
736 4782 791 4832 Ὁ
840 4775 896 4832 δὲ
958 4777 1124 4853 λόγος
1175 4777 1537 4851 ἐπικοσμείτω
1589 4778 1683 4833 τὸν
1732 4779 1884 4854 βασι-

224 4867 323 4924 λέα
368 4867 513 4942 πρὸς
560 4867 622 4921 τὸ
668 4865 847 4921 κοινὸν
897 4867 1211 4940 προκεῖσθαι
1257 4871 1370 4928 τοῖς
1425 4871 1584 4920 πᾶσιν
1629 4863 1881 4942 ὑπόδειγ-

226 4979 322 5030 μα.
385 4961 571 5010 Ἔστω
629 4953 686 5010 δὲ
743 4953 890 5028 αὐτῷ
945 4955 1034 5010 καὶ
1091 4954 1299 5028 κόσμος
1364 4953 1788 5030 εὐπρεπέστατος
1847 4958 1881 5026 ἡ

221 5045 487 5116 ἀλήθειαν
546 5042 714 5119 ταύτῃ
771 5044 875 5120 γὰρ
941 5041 1392 5120 λαμπρυνάμενος
1452 5045 1480 5097 ὁ
1539 5041 1881 5118 ὑψηλότατος

228 5132 516 5208 βασιλεὺς,
574 5131 741 5188 πάλιν
811 5131 1072 5211 ἐπιφανὴς
1121 5135 1398 5210 γενήσεται
1457 5131 1547 5187 καὶ
1629 5127 1882 5209 περίϐλε-

219 5244 380 5285 πτοςι
442 5222 645 5284 πάντας
723 5223 828 5298 γὰρ
895 5220 1174 5302 ἐφέλκεται
1246 5222 1336 5277 καὶ
1394 5220 1681 5278 ἐπισπᾶται
1744 5222 1882 5298 πρὸς

221 5312 441 5383 ἑαυτὸν,
476 5311 588 5366 οἷον
632 5313 666 5381 ἡ
721 5311 1006 5386 μαγνῆτις,
1039 5308 1128 5366 διά
1180 5316 1281 5380 τῆς
1341 5309 1598 5382 ἀληθείας
1644 5309 1880 5383 ἅπαντας

221 5400 633 5474 ἐπισπώμενος.
667 5399 728 5455 Εἰ
773 5397 820 5454 δ’
852 5395 984 5462 ἰῇως
1037 5396 1258 5473 ἕτοιμός
1317 5398 1457 5454 ἐστιν
1513 5397 1703 5461 εἷ’ςτὸ
1759 5390 1881 5472 ψεύ-

292 5562 416 5633 (34)
447 5560 600 5617 Psal.
635 5577 831 5633 Lxxv1,_
844 5561 940 5633 _19.

293 5629 416 5702 (35)
483 5633 607 5688 Non
694 5629 981 5687 intellexit
1064 5631 1487 5703 Metaphrastes
1553 5629 1871 5703 noloth

215 5724 338 5784 τιον
373 5703 731 5784 Niceti-horis
781 5703 978 5784 itaque
1027 5719 1129 5784 pro
1174 5702 1345 5784 opere
1373 5702 1648 5775 Polycleti
1680 5704 1876 5784 posuit

222 5778 436 5850 ipsum
465 5775 840 5848 Polycletum.
873 5775 1154 5850 Loquitur
1183 5775 1379 5832 autem
1427 5790 1632 5849 reapse
1675 5779 1878 5839 auctor

1995 3375 2190 3433 regem
2223 3361 2350 3418 vitae
2386 3377 2572 3432 genus
2615 3365 2926 3417 actuosum
2973 3361 3181 3418 sectari
3216 3376 3230 3417 :
3284 3359 3432 3416 nihil
3479 3359 3638 3416 enim

1994 3465 2129 3505 eum
2164 3449 2350 3522 magis
2381 3449 2713 3522 delectabit,
2745 3466 2924 3522 quam
2974 3466 3066 3506 res
3116 3449 3381 3522 egregias
3427 3447 3640 3505 sudore

1996 3537 2229 3610 proprio
2253 3553 2317 3593 ac
2343 3535 2540 3593 labore
2565 3541 2762 3610 partas
2784 3538 3089 3606 coniicere,
3117 3553 3411 3610 suumque
3454 3536 3642 3608 impe-

1996 3625 2148 3680 rium
2179 3624 2555 3682 incrementis
2586 3625 2962 3699 amplificare.
2987 3627 3039 3682 Is
3069 3630 3264 3683 autem
3295 3625 3637 3698 hujusmodi

1997 3713 2233 3770 futurus
2279 3718 2386 3778 est,
2431 3714 2478 3770 si
2530 3713 2874 3787 patientiam
2922 3733 3037 3771 non
3088 3714 3450 3783 detrectabit,
3481 3717 3540 3771 et
3588 3713 3638 3770 si

1995 3803 2271 3859 benevole
2303 3804 2503 3859 audiet
2532 3820 2631 3860 eos
2675 3821 2710 3860 a
2752 3805 2991 3876 quibus,
3025 3805 3075 3862 si
3105 3821 3222 3878 qua
3253 3804 3312 3859 in
3343 3821 3404 3860 re
3433 3820 3636 3876 pecca-

1993 3891 2160 3963 verit,
2194 3892 2624 3948 admonebitur.
2657 3893 2804 3948 Nam
2834 3893 3152 3966 pharmaca
3178 3892 3354 3950 etiam
3397 3897 3458 3948 et
3500 3909 3640 3964 pur-

1996 3980 2324 4053 gandorum
2356 3981 2642 4036 viscerum
2668 3981 3028 4053 adjumenta,
3050 3982 3328 4038 videntur
3351 3995 3489 4038 sane
3521 3997 3639 4036 mo-

1994 4068 2143 4124 lesta
2173 4069 2515 4140 corporibus
2561 4075 2620 4126 et
2666 4070 2936 4144 ingrata;
2983 4071 3187 4128 eadem
3221 4076 3419 4127 tamen
3451 4073 3638 4126 mate-

1996 4157 2143 4213 riam
2185 4157 2416 4213 noxiam
2466 4158 2804 4228 detrahunt,
2837 4159 3268 4230 sanitatemque
3297 4158 3635 4214 restituunt.

1994 4246 2282 4303 Morbosis
2313 4247 2594 4303 nimirum
2619 4247 2960 4321 corporibus
2986 4247 3351 4321 opitulantur
3378 4245 3639 4303 antidota

1995 4339 2052 4391 et
2103 4335 2502 4409 purgationes,
2536 4335 2585 4392 si
2637 4341 2792 4393 certe
2840 4336 3084 4394 medicis
3126 4353 3160 4392 a
3207 4335 3422 4408 quibus
3463 4335 3637 4392 mini-

1995 4427 2286 4494 strantur,
2355 4425 2850 4498 obtemperemus.
2919 4427 3020 4482 Ast
3088 4423 3314 4483 homini
3393 4424 3636 4480 curandi

1995 4514 2177 4569 animi
2225 4513 2317 4570 sui
2365 4514 2648 4582 studioso,
2683 4518 2892 4587 presto
2932 4519 3092 4582 sunt,
3126 4514 3404 4570 adversus
3433 4529 3637 4570 omnes

1995 4602 2234 4659 delicias
2284 4607 2460 4675 atque
2508 4603 2830 4671 illecebras,
2873 4602 3160 4675 praclarm
3208 4601 3638 4658 admonitiones

1997 4697 2168 4761 atque
2226 4691 2594 4747 hortamenta
2649 4691 3048 4758 historiarum,
3108 4691 3236 4747 sine
3292 4691 3508 4764 quibus
3565 4705 3637 4747 ne

1992 4781 2184 4836 vivere
2233 4780 2470 4850 quidem
2519 4781 2861 4852 praeclarum
2903 4780 3155 4836 videtur.
3188 4779 3415 4836 Etenim
3462 4779 3638 4835 homo

1993 4885 2126 4924 cum
2181 4867 2259 4924 sit
2314 4871 2475 4925 totus
2532 4867 2890 4941 intelligens,
2943 4873 3218 4925 actuosus
3262 4867 3340 4925 sit
3387 4872 3637 4941 oportet,

1993 4961 2366 5030 mentemque
2395 4958 2604 5014 ducem
2634 4975 2694 5014 se
2725 4957 2938 5014 habere
2966 4958 3346 5014 demonstret.
3371 4956 3636 5013 Rationis

1993 5046 2174 5119 igitur
2201 5045 2400 5102 lumen
2432 5063 2625 5120 regem
2657 5051 2840 5114 ornet,
2873 5047 2958 5102 ita
3001 5050 3067 5102 ut
3111 5046 3340 5103 cunctis
3373 5045 3638 5119 exemplo

1990 5134 2202 5192 luceat.
2255 5135 2342 5192 Sit
2387 5139 2582 5191 autem
2631 5135 2986 5209 praecipuum
3045 5136 3175 5206 ejus
3224 5139 3636 5193 ornamentum

1990 5223 2204 5280 veritas
2239 5241 2252 5281 :
2298 5224 2408 5280 hac
2439 5223 2595 5279 enim
2630 5223 2931 5296 fastigium
2963 5225 3115 5296 regis
3145 5223 3554 5281 collustratum
3585 5223 3636 5280 si

1992 5312 2184 5383 fuerit,
2215 5311 2472 5368 vicissim
2521 5311 2647 5384 ipse
2693 5313 2760 5367 fit
2809 5311 3000 5368 clarus
3045 5316 3221 5386 atque
3259 5313 3634 5386 conspicuus,

1991 5401 2386 5473 mortalesque
2416 5416 2620 5457 omnes
2651 5401 2724 5457 ad
2769 5417 2831 5458 se
2868 5401 3180 5470 contrahit,
3210 5417 3313 5458 ceu
3345 5401 3636 5475 magnetis

1990 5563 2060 5634 de
2090 5560 2257 5633 signo
2287 5561 2559 5634 statuarii
2589 5560 2863 5634 Polycleti
2895 5562 3159 5618 omnium
3192 5561 3497 5634 preconiis
3538 5577 3630 5618 ce-

1987 5631 2258 5706 lebrato;
2318 5632 2410 5706 cu_i
2477 5631 2911 5706 similem_fore
2969 5634 3110 5690 dicit
3165 5631 3362 5706 regem
3418 5634 3632 5706 virtute

1987 5704 2332 5776 perfectum.
2367 5704 2482 5776 Ego
2531 5703 2712 5776 igitur
2751 5704 2953 5776 Latine
3010 5703 3421 5776 interprétans,
3470 5705 3634 5761 Nice~

1988 5775 2155 5858 phori
2185 5775 2441 5838 mentem
2471 5775 2638 5848 sequi
2675 5775 2877 5849 malui,
2911 5793 3088 5850 quam
3128 5775 3554 5852 Metaphraste.
