4096 6452
382 412 506 480 635

1634 418 2057 484 NIGEPHOItI
2097 419 2533 485 BLEMMIDJE

3670 421 3796 484 636

391 549 681 622 quaedam,
710 548 970 607 veritatis
1001 554 1239 623 cogente
1268 551 1346 609 vi.
1381 553 1543 618 Quod
1591 553 1638 608 si
1689 554 1834 610 forte
1864 572 1960 609 rex
2002 570 2037 609 a

2171 556 2328 615 ῖεσθαι
2394 553 2484 608 καὶ
2556 554 2637 625 τῷ
2707 552 2942 608 ἐντεῦθεν
3016 551 3193 608 σκότει
3278 548 3795 628 περικαλύπτεσθαι,

392 639 696 695 mendacio
752 656 867 694 non
926 639 1255 705 abhorreat,
1304 657 1481 713 seque
1539 643 1718 713 hujus
1781 643 2032 698 tenebris

392 728 793 799 circumtegat,
829 728 927 798 qui
961 727 1096 784 licet
1128 728 1283 785 hunc
1315 730 1502 802 gloria
1535 733 1845 803 praeditum
1877 733 2032 787 dice-

387 816 497 872 re?
546 816 731 870 Immo
776 832 909 871 vero
956 817 1007 872 is
1056 819 1428 874 exsecrabilis
1459 824 1547 875 est
1578 826 1755 893 atque
1786 821 2032 890 invisus,

385 907 443 960 et
468 904 762 959 bonorum
788 906 1221 976 comparatione
1242 908 1580 979 damnatur,
1601 926 1708 964 ceu
1742 909 2035 964 solaribus

386 1010 582 1048 coram
637 993 815 1049 radiis
862 994 1066 1063 ingens
1118 996 1352 1057 nebula.
1388 998 1533 1070 Ergo
1576 997 1803 1054 falsitas
1836 998 2036 1070 procul

387 1085 535 1148 esto,
562 1086 733 1137 acuto
761 1083 1023 1138 veritatis
1049 1101 1186 1140 ense
1216 1086 1496 1156 praecisa;
1531 1087 1844 1159 nullusque
1877 1088 1925 1142 ei
1962 1090 2038 1142 sit

388 1171 537 1226 liber
581 1171 799 1235 aditus,
832 1173 933 1226 sed
979 1172 1051 1227 ad
1106 1190 1335 1229 reorum
1387 1191 1675 1231 carcerem
1729 1176 2035 1247 relegetur.

385 1257 734 1330 Triumphat
762 1259 994 1329 veritas,
1028 1265 1083 1316 et
1126 1263 1543 1334 sponsionibus
1575 1270 1749 1335 atque
1781 1266 2034 1335 promis-

386 1346 471 1402 sis
503 1352 723 1411 anteat,
748 1353 875 1403 tum
897 1349 1072 1405 etiam
1104 1351 1174 1404 ad
1209 1351 1383 1406 finem
1408 1368 1597 1422 usque
1626 1359 2037 1425 prosequatur.

390 1435 537 1491 Nam
571 1437 618 1490 si
654 1437 830 1492 ﬁdem
863 1436 1108 1494 liberare
1134 1438 1221 1493 vel
1255 1456 1462 1511 parum
1494 1441 1748 1511 differas,
1774 1442 1831 1495 id
1868 1441 2042 1512 pmni-

388 1525 636 1581 tentiam
668 1526 851 1581 animi
888 1526 1277 1584 exilitatemve
1318 1530 1701 1585 demonstrat.
1736 1531 1790 1585 Is
1844 1536 2040 1584 autem

392 1613 503 1668 hoc
554 1629 683 1668 esse
721 1612 925 1669 habitu
968 1616 1181 1671 mentis
1213 1618 1606 1688 cognoscitur,
1640 1618 1740 1689 qui
1772 1635 1886 1672 non
1922 1623 2039 1672 sta-

392 1701 503 1757 tim
532 1701 824 1773 promissa
854 1703 1010 1768 facit,
1042 1721 1244 1759 verum
1278 1705 1470 1761 differt
1509 1711 1685 1778 atque
1726 1705 2040 1777 procrasti-

391 1795 514 1860 nat,
547 1807 651 1845 ceu
702 1790 1090 1863 phiIOSOphus
1140 1792 1235 1848 ille
1283 1794 1568 1866 Pyrrhon,
1603 1794 1702 1866 qui
1735 1799 2043 1866 propterea

390 1877 748 1950 epbecticus,
780 1878 838 1933 id
887 1885 977 1934 est
1017 1897 1322 1936 assensum
1357 1882 1678 1947 sustinens,
1713 1881 2041 1954 appellatus

389 1967 521 2022 fuit.
547 1967 655 2032 Qui
684 1984 818 2023 vero
850 1973 1278 2040 promissorum
1311 1972 1555 2027 omnino
1588 1972 1765 2026 ﬁdem
1798 1970 1969 2033 fallit,
1991 1971 2042 2025 is

393 2055 531 2110 hinc
577 2054 722 2112 satis
770 2057 1134 2113 demonstrat
1166 2060 1381 2115 mentis
1426 2077 1545 2115 sua:
1592 2061 2040 2116 fundamentum

402 2159 645 2215 prorsus
674 2160 801 2200 esse
830 2146 1130 2216 putridum
1162 2152 1337 2220 atque
1368 2153 1713 2220 quassatum
1744 2166 1756 2204 :
1797 2166 1922 2220 qua:
1953 2165 2045 2203 res

403 2232 526 2304 regi
548 2233 812 2305 apprime
833 2234 1105 2290 indecora
1133 2240 1223 2292 est
1242 2238 1563 2309 eodemque
1586 2238 1847 2309 indigna.
1873 2236 2047 2309 Nulla

399 2320 617 2392 quippe
646 2338 780 2377 eum
810 2324 1132 2379 necessitas
1162 2326 1317 2397 cogit
1346 2327 1416 2380 ad
1452 2328 1596 2382 falso
1626 2326 2048 2382 fraudulenter-

397 2426 511 2482 que
539 2408 922 2482 loquendum.
956 2413 1063 2476 Qui
1111 2414 1265 2469 enim
1322 2414 1378 2470 id
1418 2415 1643 2470 homini
1674 2415 1918 2485 accidat,
1950 2414 2047 2469 cui

393 2514 590 2552 rerum
623 2502 882 2569 potestas
904 2501 1170 2557 omnium
1204 2502 1627 2575 arbitriumque
1658 2503 2043 2559 commissum

393 2586 534 2644 est?
561 2587 685 2645 Nisi
714 2592 907 2644 autem
941 2590 1035 2645 hic
1069 2608 1183 2663 prae
1206 2593 1427 2647 caeteris
1448 2593 1751 2648 veritatem
1776 2592 2042 2657 coluerit,

396 2676 691 2748 quomodo
716 2677 887 2733 ﬁdem
913 2679 1184 2752 deinceps
1206 2681 1622 2737 nanciscetur?
1654 2682 1879 2737 Rursus
1904 2697 2047 2752 quo-

405 2764 579 2820 modo
624 2766 843 2821 subditi
896 2766 1164 2825 homines
1210 2771 1281 2825 ad
1333 2771 1725 2827 constantiam
1773 2769 2055 2826 orationis

403 2853 795 2910 erudientur?
836 2856 1021 2912 Immo
1072 2858 1320 2914 invicem
1374 2860 1630 2932 suspecti
1678 2863 1851 2915 erunt
1897 2858 2056 2929 prin-

411 2957 548 3014 ceps
580 2959 645 2998 ac
677 2944 974 3015 subditus,
1007 2950 1181 3019 atque
1212 2948 1411 3003 omnia
1441 2948 1879 3020 perturbatione
1909 2945 2065 3001 labo-

424 3032 661 3099 rabunt,
687 3034 1011 3089 secundum
1043 3036 1407 3108 Empedoclis
1436 3037 1791 3108 opinionem,
1815 3035 1915 3107 qui
1946 3033 2066 3089 exi-

428 3119 707 3176 stimabat
722 3120 1011 3179 elementa
1027 3125 1226 3180 omnia
1244 3126 1542 3181 mundana
1558 3126 1738 3180 fuisse
1762 3123 2067 3195 permixta,

2146 646 2263 703 πῶς
2316 641 2373 696 ἂν
2427 644 2733 705 δτοίοῧτος
2787 640 3001 713 ἔνδοξος
3055 641 3409 715 ὀνομάζεσθαι
3458 638 3706 708 δίκαιος;
3750 639 3798 693 εἷ

2149 730 2225 803 μὴ
2282 728 2492 802 μᾶλλον
2546 731 2808 807 στυγητὸς
2853 730 2943 786 καὶ
2996 729 3390 804 μεμισημένος,
3438 729 3802 805 συγκρινόμε-

2145 840 2237 881 νος
2290 824 2407 881 τοῖς
2469 821 2662 895 έτέρων
2718 817 2908 882 καλοῖς
2966 820 3054 873 καὶ
3110 816 3579 894 ἀπελεγχόμενος,
3613 817 3802 893 ὥσπερ

2152 908 2287 984 μέγα
2360 907 2520 985 νέφος
2591 908 2798 963 ἀκτῖσιν
2874 907 3153 978 ἡλιακαῖς.
3211 912 3507 982 Τοιγαροῦν
3555 904 3804 961 ἀποδιω-

2145 996 2321 1059 κέσῡω
2351 997 2413 1051 τὸ
2443 994 2639 1070 ψεῦδος
2695 997 2898 1073 μακρὰν
2958 996 3404 1068 ἀποκοπτόμενω
3458 994 3539 1069 τῷ
3594 1016 3804 1068 τμητι-

2146 1085 2371 1141 κωτάτω
2428 1086 2563 1163 ξίφει
2619 1088 2719 1154 τῆς
2778 1085 3057 1156 ἀληθείας,
3093 1082 3363 1157 μηδεμίαν
3404 1082 3533 1160 ἔχον
3591 1084 3809 1159 παρῥη-

2148 1175 2287 1242 σίαν,
2323 1172 2446 1229 ἀλλ’
2479 1174 2553 1236 εἰς
2611 1175 2700 1228 τὸν
2753 1174 2920 1229 τόπον
2978 1179 3087 1229 τῶν
3140 1170 3441 1227 καταδίκων
3500 1171 3810 1227 ἀπελαυνό-

2152 1284 2329 1336 μενον.
2362 1264 2422 1317 Ἡ
2483 1260 2539 1317 δὲ
2595 1263 2825 1333 ἀλήθεια
2895 1262 3369 1339 παρῥησιαζέσθω,
3426 1262 3516 1317 καὶ
3575 1260 3630 1316 έν
3677 1265 3809 1323 ταῖς

2149 1351 2501 1425 ἐπαγγελίαις
2559 1352 2648 1405 καὶ
2710 1350 3032 1426 ὑποσχέσεσι
3089 1349 3464 1428 προφθανέτω,
3519 1349 3612 1404 καὶ
3668 1348 3809 1404 ἐπα-

2149 1437 2482 1494 κολουθείτω
2523 1441 2585 1494 τὸ
2639 1438 2821 1501 τέλος
2869 1440 2933 1493 τὸ
2992 1440 3094 1515 γάρ
3153 1438 3243 1493 καὶ
3304 1437 3564 1514 έπολίγον
3607 1435 3814 1514 βραδύ-

2150 1549 2258 1582 νειν
2312 1530 2401 1582 καὶ
2465 1530 2541 1600 μή
2594 1526 2834 1582 τελειοῦν
2891 1530 2991 1596 τὴν
3067 1527 3383 1603 ὑπόσχεσιν,
3442 1527 3816 1600 μεταμέλειαν

2152 1617 2242 1671 καὶ
2271 1614 2564 1694 φειδωλίαν
2599 1614 2785 1686 δηλοῖ.
2815 1619 2930 1685 Τῆς
2968 1614 3021 1671 δὲ
3076 1616 3307 1691 γνώμης
3362 1615 3563 1686 ταύτης
3626 1616 3812 1690 παρά-

2154 1726 2335 1767 στασις
2389 1707 2451 1759 τὸ
2513 1707 2587 1777 μὴ
2646 1705 2947 1779 παραυτίκα
2992 1703 3242 1780 πληροῦν
3299 1704 3365 1760 τά
3425 1704 3814 1779 ὑπεσχημένα,

2155 1792 2281 1848 ἀλλ’
2333 1793 2547 1869 ἐπέχειν
2606 1794 2695 1848 καὶ
2754 1790 3142 1871 ἀμφιϐάλλειν,
3176 1792 3358 1869 ὥσπερ
3415 1794 3443 1847 ὁ
3502 1789 3816 1871 φιλόσοφος

2158 1883 2359 1944 ἐκεῖνος
2408 1882 2633 1958 Πύρρων
2687 1885 2804 1955 (36)
2850 1883 3042 1952 ἐποίει,
3073 1883 3163 1938 καὶ
3225 1880 3314 1937 διὰ
3366 1886 3526 1937 τοῦτο
3585 1881 3817 1955 ὠνομά-

2155 1974 2256 2043 σθη
2318 1972 2616 2049 ἐφεκτικός.
2647 1972 2711 2026 El
2770 1970 2827 2026 δὲ
2882 1973 2972 2027 καὶ
3021 1972 3097 2034 εἷς
3141 1971 3302 2033 τέλος
3350 1973 3402 2025 οἱ
3430 1978 3532 2040 τῆς
3574 1970 3819 2045 ὑποσχέ-

2153 2082 2288 2122 σεως
2324 2059 2481 2135 λόγοι
2511 2058 2728 2134 ψευδεῖς
2762 2058 3183 2136 ἀπελέγχονται,
3216 2060 3276 2116 ἐκ
3330 2060 3527 2114 τούτου
3582 2056 3819 2128 ἀληθῶς

2156 2147 2442 2220 δείκνυται,
2492 2149 2567 2211 ὡς
2640 2147 3071 2222 διασεσεισμένος
3120 2147 3230 2204 ἐστὶ
3305 2147 3395 2203 καὶ
3457 2148 3652 2219 σαθρὸς
3713 2150 3822 2201 τοῦ

2156 2237 2429 2312 λογισμοῦ
2486 2238 2515 2291 ὁ
2565 2236 2840 2310 θεμέλιος.
2871 2242 3039 2292 Τοῦτο
3076 2226 3157 2293 ’δὲ
3214 2236 3451 2309 ἀπρεπές
3509 2234 3622 2289 ἐστι
3664 2236 3824 2310 βασι-

2157 2326 2296 2388 λέως
2353 2326 2443 2380 καὶ
2501 2328 2676 2396 πάντη
2738 2324 2970 2395 ἀνάξιον·
3030 2323 3157 2381 οὐδὲ
3212 2326 3316 2401 γάρ
3399 2323 3636 2399 ἀνάγκην
3697 2320 3826 2399 ἔχει

2163 2416 2512 2490 βιαζομένην,
2546 2413 2684 2470 ὥστε
2744 2414 3002 2484 ἀπατηλά
3055 2414 3147 2469 καὶ
3200 2410 3373 2488 ψευδῆ
3436 2412 3640 2488 λέγειν·
3701 2416 3827 2473 πῶς

2161 2505 2303 2579 γάρ;
2336 2504 2382 2575 ᾦ
2412 2502 2557 2558 πολὺ
2612 2503 2677 2557 τὸ
2742 2504 2938 2576 κράτος
2995 2503 3085 2558 καὶ
3142 2506 3280 2557 κατά
3329 2502 3546 2557 πάντων
3588 2503 3625 2570 ἡ
3660 2499 3829 2555 δύνα-

2168 2612 2279 2665 μις·
2315 2591 2360 2645 εἰ
2392 2593 2495 2667 γὰρ
2559 2593 2634 2664 μή
2691 2592 2798 2665 πρὸ
2847 2595 2955 2645 τῶν
3017 2589 3202 2647 ἄλλων
3264 2592 3516 2645 ἀπάντων
3549 2590 3711 2651 οὗτος
3734 2610 3825 2643 τι-

2170 2686 2245 2753 μᾷ
2298 2682 2396 2749 τὴν
2458 2680 2734 2750 ἀλήθειαν,
2766 2679 2927 2735 πόθεν
2983 2679 3085 2750 ἓξει
3139 2677 3201 2735 τὰ
3254 2678 3608 2752 ἀξιόπιστον;
3640 2679 3677 2747 ἢ
3727 2676 3833 2732 πό-

2166 2771 2250 2824 θεν
2308 2769 2371 2823 τὸ
2423 2768 2725 2844 ἀρχόμενον
2784 2769 2875 2823 καὶ
2947 2769 3189 2839 ὑπήκοον
3270 2764 3642 2836 έκπαιδευθείη
3722 2767 3828 2835 τὴν

2168 2862 2275 2912 τῶν
2310 2852 2491 2931 λόγων
2547 2855 2877 2935 ἀσφάλειαν;
2911 2854 3121 2913 ἔσονται
3177 2858 3279 2934 γὰρ
3337 2857 3473 2933 πρὸς
3533 2854 3830 2926 ἀλλήλους

2172 2946 2223 3001 ἐν
2272 2946 2476 3020 ὑποψίᾳ
2506 2945 2535 2999 ὅ
2565 2967 2623 3000 τε
2678 2943 2866 3022 ἅρχων
2926 2945 3015 3000 καὶ
3049 2947 3077 3000 ὁ
3107 2946 3438 3022 ἀρχόμενος,
3469 2945 3560 2999 καὶ
3623 2942 3832 3019 συγχύ-

2174 3055 2311 3096 σεως
2360 3035 2427 3089 τὰ
2481 3033 2655 3088 πάντα
2714 3033 3007 3107 μέλλουσιν
3068 3034 3203 3088 εἶναι
3277 3034 3463 3106 μεστὰ,
3521 3032 3661 3088 κατά
3724 3034 3829 3100 τὴν

2173 3128 2271 3179 τοῦ
2325 3120 2761 3197 Ἐμπεδοκλέους
2842 3121 3019 3193 δόξαν,
3078 3124 3137 3186 ’ὀς
3198 3119 3463 3194 ἐδόξαζεν,
3524 3120 3610 3177 δτι
3660 3121 3731 3176 τὰ
3776 3119 3833 3175 ἐν

427 3209 772 3280 priusquam
819 3228 887 3266 ea
929 3212 1317 3269 dissociarent
1355 3214 1479 3269 rixa
1524 3219 1581 3269 et
1631 3212 1982 3287 sympathia,
2014 3215 2057 3266 ei

2177 3212 2371 3284 κόσμῳ
2429 3211 2597 3266 πάντα
2651 3213 2947 3287 πράγματα
2996 3212 3131 3281 ἦσαν
3182 3210 3233 3265 έν
3266 3211 3527 3286 συγχύσει
3558 3210 3652 3265 καὶ
3701 3211 3831 3264 ἀνα-

427 3313 534 3352 suo
565 3299 840 3369 quodque
862 3298 1218 3356 elementum
1240 3303 1420 3358 adﬁni
1452 3283 1908 3358 adhaeresceret:
1942 3316 2057 3371 qua

2188 3283 2517 3375 μεμιγμένα,
2550 3299 2657 3373 πρὸ
2696 3283 2811 3354 ⁷τοῦ
2866 3300 2929 3355 τὸ
2988 3304 3162 3362 νεῖκος
3218 3298 3308 3354 καὶ
3497 3296 3685 3377 φιλίαν
3718 3294 3836 3352 δια-

428 3385 631 3441 eadem
681 3387 800 3443 fere
848 3388 1125 3461 dogmata
1172 3390 1411 3445 fuerunt
1449 3391 1717 3446 Heracliti
1751 3405 1982 3462 quoque
2012 3393 2071 3444 et

429 3474 739 3530 Democriti
783 3480 841 3531 et
878 3477 1126 3533 Zenonis
1157 3484 1541 3551 cognomento
1570 3480 1821 3547 immoti,
1854 3479 1927 3533 de
1974 3494 2067 3532 co-

429 3560 570 3633 pula
598 3579 795 3619 rerum
827 3568 883 3620 et
912 3566 984 3621 de
1014 3569 1421 3640 repugnantia.
1456 3569 1638 3641 Igitur
1666 3567 1894 3622 nullum
1926 3582 2072 3621 con-

428 3650 757 3708 venientius
789 3654 911 3725 regi
951 3661 1361 3712 ornamentum
1404 3662 1494 3712 est
1541 3673 1718 3728 quam
1749 3656 1981 3722 veritas,
2016 3658 2073 3709 et

431 3754 671 3811 precum
704 3743 1062 3813 supplicum,
1093 3762 1219 3816 quae
1253 3746 1485 3817 quidem
1512 3747 1687 3817 justas
1721 3749 1881 3813 sunt,
1913 3759 2071 3799 com-

433 3826 717 3899 pendiosa
752 3831 1044 3888 exauditio
1087 3833 1265 3889 nullis
1315 3834 1693 3890 dilationibus
1742 3836 2068 3905 prorogata.

437 3916 561 3973 Non
593 3917 747 3972 enim
780 3919 1092 3976 sinendum
1126 3926 1214 3977 est
1244 3926 1308 3977 ut
1337 3923 1630 3995 supplices
1660 3921 1897 3978 tristitia
1928 3920 2071 3975 adﬁ-

433 4004 684 4072 ciantur,
718 4011 775 4062 et
820 4007 973 4063 diem
1028 4009 1098 4064 de
1146 4011 1239 4065 die
1285 4016 1723 4082 prospectantes
1762 4014 2073 4082 angantur,

436 4094 578 4150 dum
608 4111 747 4150 suas
777 4113 977 4168 preces
1008 4098 1205 4154 irritas
1233 4105 1499 4156 cernunt.
1536 4101 1595 4156 Id
1628 4099 1781 4155 enim
1824 4116 1857 4155 a
1895 4096 2075 4169 regali

432 4183 796 4256 providentia
822 4184 995 4259 longe
1024 4188 1257 4243 recedit.

502 4452 653 4509 VIII.
687 4454 802 4509 Rex
844 4453 1059 4509 milites
1109 4458 1381 4511 exerceat.
1416 4486 1483 4497 —
1513 4457 1632 4527 Age
1678 4471 1813 4510 vero
1864 4455 2079 4511 milites

434 4558 667 4615 quoque
697 4543 770 4598 ad
801 4541 1072 4597 exercitia
1092 4542 1380 4598 excitandi
1411 4548 1570 4614 sunt,
1602 4544 1847 4616 ejusque
1877 4544 1958 4599 rei
1989 4560 2076 4599 re-

2181 3388 2415 3465 χωρίσαι
2463 3387 2617 3457 αὐτὰ,
2668 3387 2759 3442 καὶ
2816 3384 3039 3443 ἕκαστον
3116 3387 3251 3461 πρὸς
3321 3387 3385 3441 τὸ
3460 3385 3662 3440 οἰκεῖον
3738 3384 3835 3439 καὶ

2179 3477 2424 3553 συγγενὲς
2454 3482 2805 3546 καταστῆσαι’
2856 3474 3003 3531 ἀλλά
3033 3475 3098 3545 δὴ
3157 3475 3247 3530 καὶ
3302 3475 3440 3530 κατά
3491 3474 3561 3528 τὰ
3618 3470 3835 3548 δόγμα-

2177 3587 2245 3621 τα
2290 3570 2387 3620 τοῦ
2431 3586 2491 3620 τε
2536 3564 2887 3641 Ἡρακλείτου
2935 3564 3025 3619 καὶ
3080 3564 3451 3641 Δημοκρίτου,
3494 3564 3586 3617 καὶ
3647 3565 3837 3634 215w)-

2178 3676 2272 3716 νος
2330 3658 2427 3709 τοῦ
2484 3653 2766 3726 ἀκινήτου,
2824 3654 2949 3728 περὶ
3011 3652 3206 3727 μίξεως
3262 3653 3351 3709 καὶ
3426 3650 3834 3725 έναντουμένων

2183 3742 2479 3814 ἀλλήλοις.
2511 3741 2955 3819 Ἃρμοδιώτατος
3004 3741 3105 3817 ἄρα
3150 3740 3549 3814 καλλωπισμὸς
3599 3743 3636 3810 ἠ
3687 3740 3835 3810 ἀλή-

2182 3843 2297 3895 θεια
2323 3830 2403 3904 τῷ
2438 3830 2669 3907 βασιλεῖ,
2701 3832 2791 3886 καὶ
2821 3831 2883 3886 τὸ
2928 3832 3064 3906 πρὸς
3108 3832 3205 3893 τὰς
3254 3829 3511 3906 εὐλόγους
3557 3833 3669 3884 τῶν
3713 3825 3836 3883 δευ-

2187 3919 2358 3993 μένων
2413 3919 2653 3990 αἰτήσεις
2705 3919 3162 3995 ἀποπληρωτικὸν
3210 3918 3262 3974 ἐν
3306 3918 3561 3991 συντόμῳ
3608 3918 3702 3971 καὶ
3757 3917 3838 3989 μὴ

2184 4008 2235 4064 έν
2277 4004 2572 4071 ἀναϐολαῖς
2602 4030 2661 4064 τε
2699 4008 2789 4063 καὶ
2845 4008 3211 4084 ὑπερθέσεσιν.
3244 4006 3316 4061 Οὐ
3373 4007 3485 4082 χρὴ
3546 4004 3605 4061 δὲ
3661 4026 3840 4080 παρα-

2186 4096 2476 4171 λιμπάνειν
2542 4096 2669 4159 τοὺς
2738 4096 3072 4160 ἱκετεύοντας
3138 4096 3382 4151 ἀνιᾶσθαι
3433 4095 3522 4150 καὶ
3592 4094 3840 4164 ἐκπιέζε-

2185 4189 2304 4241 σθαι
2335 4186 2441 4241 ἀπὸ
2470 4191 2567 4241 τοῦ
2593 4185 2802 4260 ἡμέραν
2853 4186 2905 4256 ἐξ
2935 4185 3144 4259 ἡμέρας
3193 4186 3574 4260 παρατρέχειν,
3606 4185 3699 4238 καὶ
3759 4184 3839 4257 μή

2188 4274 2544 4349 ἀποπληροῦν
2602 4276 2698 4337 τάς
2756 4272 2967 4345 δεήσεις
3023 4273 3218 4330 αὐτῶν·
3262 4278 3424 4330 τοῦτο
3480 4274 3586 4349 γὰρ
3645 4271 3843 4349 πόῤῥω

2184 4362 2517 4438 κηδεμονίας
2552 4360 2860 4439 βασιλικῆς,
3572 4372 3587 4379 ’

2258 4459 2323 4510 Η.
2358 4453 2473 4529 Χρὴ
2534 4449 2592 4506 δὲ
2647 4452 2737 4507 καὶ
2792 4451 2919 4513 τοὺς
2976 4452 3307 4527 στρατιώτας
3366 4448 3650 4526 διεγείρειν
3699 4451 3839 4523 πρὸς

2186 4542 2255 4597 τά
2305 4540 2597 4617 γυμνάσια,
2641 4542 2730 4595 καὶ
2787 4540 2947 4596 αὑτὸν
3004 4540 3138 4595 εἶναι
3185 4541 3277 4596 τὸν
3336 4538 3563 4617 βασιλέα
3617 4539 3711 4593 καὶ
3762 4537 3841 4601 εἰς

435 4648 568 4702 gem
608 4635 835 4704 oportet
885 4646 1014 4686 esse
1063 4631 1422 4687 incentorem
1477 4636 1654 4703 atque
1706 4632 2054 4705 magistrum

2185 4636 2347 4686 τοῦτο
2396 4628 2659 4701 ἀλείπτην
2703 4630 2792 4685 καὶ
2835 4627 3149 4701 παιδευτήν·
3196 4630 3258 4684 τὸ
3309 4629 3411 4706 γάρ
3470 4628 3838 4704 ἀγύμναστον,

435 4721 855 4777 lnexercitatus
887 4721 1043 4776 enim
1077 4719 1246 4777 miles
1277 4721 1443 4776 rudis
1474 4726 1563 4776 est
1592 4726 1649 4777 et
1676 4720 1892 4776 laboris
1923 4721 2075 4777 into~

433 4808 627 4866 lerans
663 4828 677 4866 :
713 4809 907 4866 omnis
939 4814 1135 4865 autem
1166 4826 1262 4865 ars
1294 4826 1503 4881 resque
1532 4810 1805 4882 gerenda,
1840 4810 2082 4865 medita-

434 4898 592 4954 tione
619 4904 674 4953 et
703 4916 844 4954 cura
868 4898 1075 4954 melior
1103 4899 1164 4953 ﬁt
1197 4902 1253 4953 et
1287 4899 1430 4953 bene
1451 4898 1827 4954 constituitur
1852 4915 1863 4954 :
1901 4914 2081 4969 quare

435 4991 570 5057 apte
597 4987 857 5055 omnino,
889 4992 946 5043 et
995 4988 1321 5043 secundum
1361 4987 1442 5043 rei
1481 4987 1804 5057 veritatem,
1837 5003 2080 5043 consue-

434 5075 578 5129 tudo
600 5074 817 5130 dicitur
844 5075 1025 5132 altera
1056 5081 1285 5132 natura.
1311 5076 1578 5147 Namque
1609 5076 1838 5131 adsueti
1867 5075 2079 5131 labori-

435 5162 549 5219 bus
579 5168 755 5234 atque
785 5163 1090 5234 molestiis,
1122 5165 1354 5221 etiamsi
1386 5165 1603 5220 inﬁrmi
1635 5166 1755 5220 sint
1792 5169 1851 5220 et
1887 5180 2079 5231 senes,

437 5255 693 5307 attamen
722 5250 1031 5307 validiores
1064 5253 1557 5325 patientioresque
1596 5253 1867 5309 videntur
1908 5254 2082 5325 juve-

435 5339 655 5396 nilibus
680 5344 855 5411 atque
877 5340 1154 5408 robustis,
1174 5341 1275 5395 sed
1301 5358 1410 5397 usu
1436 5342 1792 5414 expertibus.
1812 5346 2082 5413 Spectare

435 5429 495 5485 id
528 5428 662 5485 licet
704 5430 763 5484 in
812 5428 1082 5501 tignariis
1111 5429 1314 5497 fabris,
1348 5430 1407 5484 in
1441 5430 1784 5500 fossoribus,
1816 5429 2079 5485 vinitori-

435 5519 548 5575 bus
578 5523 755 5590 atque
784 5515 1001 5589 bajulis
1034 5535 1048 5572 :
1089 5517 1149 5572 hi
1181 5517 1335 5573 enim
1367 5519 1709 5590 quotidiana
1738 5520 1856 5575 haec
1884 5536 2078 5591 opera,

507 5732 623 5806 (36)
653 5731 832 5790 Codd.
864 5727 1101 5805 Πὺρρος.

2189 4720 2391 4794 ἀμαθές
2447 4740 2506 4774 τε
2561 4719 2649 4774 καὶ
2726 4718 3111 4795 ἀκαρτέρητον·
3170 4723 3314 4773 πᾶσα
3387 4714 3446 4795 δέ
3510 4716 3685 4792 τέχνη
3746 4717 3841 4771 καὶ

2188 4808 2379 4885 πρᾶξις
2437 4805 2525 4862 διὶ
2580 4805 2815 4880 μελέτης
2857 4807 2946 4862 καὶ
3005 4805 3318 4880 ἐπιμελείας
3371 4802 3683 4882 βελτιοῦται
3746 4804 3841 4859 καὶ

2188 4896 2374 4959 καλῶς
2442 4897 2764 4969 συνίσταται,
2824 4896 2915 4950 καὶ
3000 4896 3368 4971 ἡρμοσμένως
3446 4896 3666 4955 πάντως
3747 4892 3840 4947 καὶ

2188 4990 2480 5064 προσφυῶς
2538 4986 2612 5047 ὡς
2674 4983 2818 5056 ἄλλη
2878 4983 3033 5062 φύσις
3083 4987 3119 5054 ἡ
3174 4985 3433 5055 συνήθεια
3487 4981 3838 5055 ὀνομάζεται’

2188 5074 2277 5129 καὶ
2336 5074 2440 5150 γὰρ
2495 5075 2551 5128 ὀἱ
2603 5074 2997 5147 συνειθισμένοι
3048 5078 3165 5135 τοῖς
3210 5071 3399 5134 πόνοις
3456 5072 3546 5127 καὶ
3573 5076 3698 5133 ταῖς
3744 5091 3843 5126 κα-

2190 5162 2523 5235 κοπαθείαις,
2555 5163 2650 5218 κᾶν
2706 5163 2945 5225 ἀσθενεῖς
3005 5163 3105 5216 ὦσι
3161 5161 3251 5217 καὶ
3305 5160 3549 5237 γηραιοὶ,
3611 5158 3842 5235 ἰσχυρός

2187 5273 2334 5329 τεροι
2392 5251 2483 5306 καὶ
2537 5252 2991 5328 καρτερικώτεροι
3046 5250 3321 5329 φαίνονται
3373 5253 3481 5304 τῶν
3562 5249 3699 5304 νέων
3753 5248 3847 5302 καὶ

2192 5337 2457 5411 δυνατῶν,
2503 5340 2779 5411 ἀσυνήθων
2826 5337 2885 5395 δὲ
2940 5334 3131 5395 ὄντων·
3190 5339 3279 5393 καὶ
3339 5334 3509 5408 δῆλον
3567 5335 3677 5392 ἀπὸ
3731 5340 3841 5390 τῶν

2193 5426 2606 5504 διενεργούντων
2651 5430 2746 5491 τὰς
2797 5427 3094 5501 οἰκοδομὰς
3160 5425 3250 5481 καὶ
3314 5426 3411 5489 τὰς
3474 5425 3698 5494 κτίσεις,
3750 5421 3843 5479 καὶ

2193 5517 2301 5573 ἀπὸ
2358 5518 2737 5593 ἐργαζομένων
2795 5519 2894 5587 τὴν
2954 5524 3059 5594 γῆν
3113 5515 3423 5572 σκαπανέων
3474 5515 3567 5571 καὶ
3597 5512 3841 5593 φυτηκό-
