4096 6428
271 417 385 480 B37

1415 419 1706 485 ORATIO
1749 421 1852 483 DE
1897 420 2129 486 REGIS
2174 423 2531 488 OFFIGIIS.

3559 418 3682 484 638

277 569 391 622 μων
420 549 650 605 καὶτῶν
694 549 1068 626 βασταζόντων
1113 549 1165 607 ἐν
1215 557 1329 614 τοῖς
1378 552 1553 626 ὥμος
1606 554 1742 630 βάρη
1799 550 1917 608 δυσ-

2040 561 2276 629 propter
2305 557 2651 614 diuturnum
2683 555 3055 625 usum,facile
3084 560 3359 613 exercent
3392 572 3405 612 :
3436 573 3570 614 cum
3593 557 3681 613 in-

266 632 556 693 ϐάστακτα·
617 639 695 701 ὡς
746 635 903 714 ἔργον
959 640 1060 717 γὰρ
1118 639 1337 717 ἔχοντες
1394 643 1460 697 τὰ
1512 648 1775 710 τοιαῦτα,
1832 644 1921 697 καὶ

268 727 372 782 ὑπὸ
410 730 511 797 τῆς
563 733 770 804 μακρᾶς
826 730 1105 799 συνηθείας
1154 732 1606 806 γεγυμνασμένοι,
1662 733 1774 804 μετ’
1836 731 1921 786 εὐ-

268 814 460 877 κολίας
515 813 893 887 ἐπιτηδεύουσι
937 817 1027 872 καὶ
1078 818 1311 875 ἀνύουσι.
1361 821 1504 896 Πρὸς
1552 825 1718 875 ταῦτα
1766 818 1823 875 δὲ
1870 821 1921 875 οἱ

266 904 550 960 καταπολὺ
594 902 991 979 ἀνδρικώτατοι
1050 905 1298 962 ἀδύνατοι
1359 908 1449 963 xui
1496 906 1752 982 ἀδόκιμοι
1802 909 1921 986 φαί-

264 1013 469 1048 νονται⁶
504 994 764 1057 ὡσαύτως
814 995 873 1052 οἱ,
914 995 1283 1072 προιθίζοντες
1341 997 1563 1060 ἑαυτοὺς
1614 998 1688 1060 εἷς
1743 995 1919 1053 ἵππων

272 1081 572 1158 ἐποχήσεις
628 1083 718 1138 καὶ
770 1081 1110 1162 ὁπλοφορίας
1165 1085 1255 1140 xui
1313 1087 1478 1163 ξιφῶν
1533 1086 1623 1142 καὶ
1681 1085 1920 1164 δοράτων

265 1173 671 1248 μεταχειρίσεις
722 1171 775 1227 ἐν
824 1179 1036 1248 καιροῖς
1084 1172 1335 1247 πολέμου
1398 1174 1671 1254 φαίνονται
1722 1178 1921 1252 χρήσι-

273 1281 390 1333 μοι,
452 1259 542 1315 xui
601 1266 794 1316 νικῶσι
850 1260 1101 1324 πολλοὺς
1184 1260 1586 1341 δυνατωτέρους
1664 1262 1753 1319 διὰ
1822 1266 1922 1333 τὴν

268 1350 488 1405 ἐκείνων
544 1349 789 1427 ἀπειρίαν
826 1396 840 1409 .
903 1353 1110 1426 Ἀγνοῶ
1188 1349 1246 1407 δὲ
1315 1352 1404 1408 καὶ
1478 1354 1614 1408 κατᾶ
1668 1353 1719 1407 τί
1777 1351 1926 1409 δοκεῖ

267 1437 549 1500 λυσιτελὲς
581 1438 672 1493 καὶ
703 1437 981 1517 ὠφέλιμον
1029 1441 1092 1495 τὸ
1139 1441 1513 1516 καταγίνεσθαι
1563 1442 1639 1505 εἷς
1679 1441 1920 1518 παίγνια,

263 1526 356 1581 καὶ
392 1527 860 1603 μεταχειρίζεσθαι
907 1529 1041 1584 ποτε
1100 1530 1193 1603 μὲν
1247 1529 1298 1585 ἐν
1351 1535 1421 1604 τῇ
1473 1528 1636 1603 δεξιᾷ,
1684 1532 1818 1585 ποτε
1866 1528 1924 1585 δέ

265 1615 322 1671 ἐν
350 1619 420 1689 τῇ
451 1615 705 1692 ἀριστερᾷ
752 1617 802 1672 ἐν
851 1623 931 1690 τῷ
986 1618 1330 1695 μετεωρίζειν
1383 1619 1459 1681 εἰς
1509 1619 1642 1693 ὕψος
1694 1617 1783 1674 διὰ
1824 1623 1922 1674 τοῦ

266 1702 422 1759 δίνου
463 1706 564 1774 τήν
616 1711 864 1782 σφαῖραν,
915 1708 944 1761 ’ὁ
996 1704 1062 1775 δὴ
1116 1728 1313 1771 κοινως
1367 1708 1686 1782 ὀνομάζεται
1733 1710 1923 1777 τζυκά-

263 1814 382 1848 νιον
414 1796 547 1868 (37).
598 1794 833 1867 Ὁμοίως
880 1796 970 1850 καὶ
1017 1797 1085 1850 τὰ
1135 1795 1279 1852 ἄλλα
1324 1802 1432 1851 τῶν
1478 1798 1737 1873 παιγνίων
1784 1798 1860 1860 εἷς
1888 1796 1922 1851 ἃ

262 1884 533 1958 κεχήνασι
590 1882 799 1939 πολλοὶ
856 1884 946 1940 καὶ
1003 1882 1391 1955 σπουδάζουσιν
1426 1905 1438 1917 ’

264 1968 646 2026 λυσιτελοῦσιν
728 1974 765 2041 ἢ
850 1968 1262 2046 συμϐάλλονται
1339 1975 1414 2037 εἷς
1488 1974 1921 2051 ἀντιπαρατάξεις

262 2058 579 2133 πολεμικὰς
629 2061 720 2115 καὶ
772 2062 1119 2138 μονομαχίας
1171 2062 1472 2139 ἀνθρώπων
1534 2063 1772 2139 ἰσχυρῶν
1830 2063 1921 2119 καὶ

267 2147 564 2224 μαχίμωνο
595 2148 655 2203 ἂν
688 2147 746 2204 δέ
790 2170 874 2212 τις
927 2149 1175 2226 εὐλογεῖν
1229 2150 1380 2226 θέλῃ,
1416 2150 1506 2206 καὶ
1538 2150 1673 2227 λέγῃ
1722 2150 1805 2207 ὅτι
1835 2151 1926 2207 διὰ

265 2244 375 2305 τῆς
429 2237 690 2307 τοιαύτης
737 2237 1037 2313 γυμνασίας
1097 2239 1339 2314 γίνονται
1401 2242 1452 2294 οἱ
1510 2237 1784 2317 ἅνθρωποι
1843 2240 1924 2297 εῦ-

265 2346 501 2402 στροφοι
562 2326 652 2380 καὶ
708 2326 1005 2397 εὐκίνητοι,
1062 2327 1233 2390 οὕτως
1282 2327 1340 2383 ἂν
1375 2329 1402 2383 ὁ
1438 2330 1697 2407 μάγειρος
1743 2330 1830 2385 xui
1859 2330 1922 2385 τὸ

263 2411 556 2490 χυτρίδιον
608 2413 696 2469 διά
741 2414 804 2470 τὸ
854 2416 1108 2486 ἀκίνητον
1154 2416 1366 2487 ἀξιώσει
1402 2423 1697 2491 μετακινεῖν
1746 2440 1804 2474 τε
1832 2420 1921 2475 καὶ

266 2504 542 2580 στρέφειν,
586 2504 623 2573 ἢ
672 2504 760 2559 καὶ
812 2504 990 2560 ἐπάνω
1038 2505 1310 2561 ἀσκοῦένῖ
1354 2504 1483 2562 ποδὶ
1516 2506 1774 2572 ἅλλεσθαι
1832 2508 1921 2563 καὶ

264 2589 474 2662 πηδᾷν,
523 2592 613 2647 καὶ
649 2597 872 2648 τοιαῦτα
910 2590 1067 2669 ἕτερα
1115 2601 1289 2650 ποιεῖν
1338 2597 1722 2672 καταγνώσεως
1772 2594 1921 2673 ἔργα,

260 2685 338 2754 τῇ
396 2680 659 2759 προφάσει
736 2686 834 2736 τοῦ
908 2681 1146 2757 γενέσθαι
1222 2684 1500 2753 εὐκινητος
1536 2727 1548 2739 .
1610 2685 1801 2740 Ὁπότε
1865 2684 1923 2741 δὲ

263 2770 583 2825 κατανεύσει
633 2792 713 2832 τις
764 2770 898 2826 εἷναί
940 2793 1058 2827 τινα
1100 2773 1189 2827 καὶ
1241 2771 1300 2827 ἐκ
1346 2773 1551 2828 τούτων
1603 2771 1734 2836 ἴσως
1778 2774 1919 2852 ὠφέ-

266 2858 447 2930 λειαν,
500 2856 628 2913 ἀλλ’
675 2859 752 2922 ὡς
795 2858 1039 2933 εἷ’πομεν,
1082 2861 1365 2918 καταπολύ
1415 2862 1523 2917 ἐστι
1579 2862 1808 2919 κάλλιον
1856 2864 1920 2919 τὸ

264 2952 677 3021 στρατιωτικῶς
736 2946 1181 3023 ἐγγυμνάζεσθαι,
1240 2948 1293 3005 εἴ
1336 2971 1397 3027 γε
1458 2952 1592 3025 μετὰ
1629 2959 1730 3021 τῆς
1776 2952 1918 3007 εὐκι-

264 3035 464 3105 νησίας
524 3036 873 3091 κτιτεπέκεινα
929 3033 1046 3113 ἔχει
1112 3039 1202 3093 καὶ
1258 3044 1445 3095 ταῦτα.
1507 3039 1579 3094 Οὐ
1649 3038 1706 3094 δέ
1758 3040 1919 3097 τοῦτό

262 3123 412 3179 ἐστιν
474 3122 746 3180 ἐπαινετὸν
820 3125 1103 3182 καταπολὺ
1175 3128 1238 3182 τὸ
1297 3127 1348 3183 ἐν
1413 3127 1743 3208 ἀμφοτέραις
1799 3135 1917 3193 ταῖς

255 3213 420 3289 χερσὶ
462 3210 615 3277 λίθον
668 3211 868 3289 ἔχοντά
909 3236 1028 3269 τινα
1073 3216 1414 3293 περικλονεῖν
1463 3217 1527 3271 τὸ
1574 3214 1707 3272 ἴδιον
1758 3222 1919 3292 σῶμα

1498 1884 1649 1941 οὐδεν
1702 1887 1917 1948 πάντως
1949 1919 1998 1984 Β

2030 647 2200 702 terim
2232 647 2319 703 vel
2369 648 2717 704 fortissimos
2744 647 2887 704 alios
2915 647 2986 702 ad
3017 664 3084 703 ea
3112 646 3343 719 ineptos
3390 646 3675 705 videmus.

2033 735 2314 803 Similiter
2345 737 2483 809 quia
2513 737 2828 809 equitando
2860 740 2917 792 et
2944 737 3218 809 gerendis
3258 736 3440 792 armis
3469 741 3527 793 et
3556 736 3678 808 gla-

2032 825 2147 879 diis
2177 824 2513 897 lanceisque
2542 826 2861 881 tractandis
2892 829 3078 881 semet
3106 828 3508 887 exercuerunt,
3540 824 3676 880 belli

2030 916 2290 985 tempore
2347 914 2522 970 utiles
2576 918 2733 981 sunt,
2792 918 2849 969 et
2907 913 3244 969 fortioribus
3321 914 3423 969 sed
3484 912 3680 970 minus

2033 1002 2364 1058 exercitatis
2407 1002 2735 1074 praevalent.
2770 1002 2976 1058 Nescio
3025 1005 3221 1057 autem
3252 1018 3358 1057 cur
3404 1000 3568 1058 utilis
3596 1002 3681 1057 vi-

2033 1091 2242 1145 deatur
2299 1091 2570 1147 ludorum
2631 1091 2982 1161 exercitatio,
3044 1106 3254 1162 nempe
3310 1106 3444 1146 cum
3502 1091 3683 1146 modo

2032 1179 2236 1234 dextra
2268 1181 2439 1235 modo
2471 1179 2708 1235 sinistra
2740 1196 2918 1235 manu
2963 1178 3183 1249 jacitur
3211 1178 3271 1233 in
3303 1177 3555 1234 sublime
3586 1196 3681 1235 ro-

2030 1270 2190 1323 tante
2240 1269 2475 1323 turbine
2508 1268 2738 1341 sphaera
2770 1285 2782 1322 :
2816 1268 3090 1339 idemque
3118 1266 3210 1323 aio
3241 1268 3313 1322 de
3341 1266 3472 1323 aliis
3519 1266 3678 1323 ludis

2033 1373 2181 1428 quos
2213 1356 2381 1412 multi
2410 1356 2577 1413 valde
2606 1356 2895 1413 mirantur
2922 1361 2978 1412 et
3005 1355 3677 1428 adpetuuntzsiquidem

2032 1445 2095 1499 hi
2121 1445 2267 1500 nihil
2320 1450 2567 1517 prosunt
2619 1446 2825 1501 usibus
2871 1444 3097 1501 bellicis
3139 1459 3326 1516 neque
3373 1445 3681 1500 conferunt

2032 1534 2104 1589 ad
2152 1534 2508 1606 pugnacium
2576 1534 2884 1590 hominum
2935 1533 3363 1588 dimicationes.
3418 1534 3580 1597 Quod
3630 1533 3681 1589 si

2032 1623 2327 1679 moderate
2355 1623 2718 1695 loquendum
2747 1625 3003 1690 est,sane
3032 1621 3167 1677 licet
3196 1621 3388 1677 dicere
3413 1621 3684 1678 homines

2030 1712 2140 1768 hoc
2190 1712 2461 1768 exercitio
2515 1711 2639 1768 fieri
2687 1710 2869 1783 agiles
2916 1715 2973 1767 et
3019 1710 3337 1782 expeditos.
3380 1710 3474 1767 Sic
3522 1710 3681 1767 enim

2030 1801 2207 1857 etiam
2237 1817 2441 1873 coquo,
2475 1816 2548 1856 ne
2579 1800 2812 1872 quietus
2843 1800 3034 1873 degat,
3067 1799 3243 1854 ollam
3285 1798 3681 1872 circumagere

2030 1889 2186 1961 licet,
2227 1907 2403 1962 super
2456 1894 2582 1945 utre
2631 1906 2746 1945 uno
2793 1890 2939 1961 pede
2986 1888 3260 1943 insistere
3307 1886 3398 1943 vel
3447 1886 3682 1956 saltare,

2031 1982 2204 2051 atque
2258 1979 2403 2035 alios
2451 1978 2795 2048 hujusmodi
2842 1977 3117 2034 ridendos
3168 1980 3363 2032 motus
3420 1976 3680 2048 actitare,

2031 2068 2172 2123 dum
2227 2067 2507 2140 agilitatis
2536 2067 2915 2139 adquirendis
2965 2066 3230 2122 studium
3276 2064 3538 2121 simulat.
3569 2065 3681 2121 Sed

2030 2158 2120 2212 fac
2166 2173 2296 2213 esse
2325 2157 2582 2229 aliquam
2613 2157 2824 2213 horum
2857 2156 3103 2211 fortasse
3143 2153 3417 2210 ludorum
3451 2155 3678 2211 utilita-

2030 2250 2191 2314 tem;
2243 2245 2649 2316 nihilominus,
2699 2250 2763 2300 ut
2811 2244 3091 2311 diximus,
3142 2243 3329 2299 multo
3376 2244 3683 2301 honestius

2031 2340 2121 2391 est
2163 2334 2495 2390 militariter
2522 2351 2585 2390 se
2631 2349 2913 2404 exercere,
2945 2332 3425 2405 quandoquidem
3474 2337 3685 2405 praeter

2031 2424 2352 2497 agilitatem
2382 2423 2529 2479 alios
2578 2438 2812 2495 quoque
2841 2423 3066 2478 fructus
3109 2437 3556 2494 consequemur.
3587 2422 3681 2478 Di-

2031 2517 2121 2569 cet
2171 2512 2383 2585 aliquis
2434 2529 2447 2568 :
2492 2513 2696 2567 Nonne
2744 2510 2952 2567 saltem
3002 2509 3296 2566 laudabile
3342 2515 3434 2566 est
3474 2526 3679 2566 saxum

2030 2607 2279 2674 utraque
2327 2618 2502 2657 manu
2554 2604 2847 2656 tenentem
2914 2599 3309 2671 circumagere
3358 2615 3571 2671 corpus
3621 2604 3680 2656 et

2031 2690 2243 2746 saltare
2262 2690 2289 2744 ?
2317 2690 2512 2761 Atqui,
2537 2690 2649 2757 aio,
2683 2688 2871 2743 multo
2900 2693 2989 2744 est
3019 2687 3354 2759 praeclarius
3385 2691 3675 2744 armatum

2032 2778 2357 2847 decurrere,
2390 2782 2446 2833 et
2475 2777 2694 2831 luctam
2723 2774 2810 2831 vel
2831 2774 3253 2846 jaculationem
3285 2773 3676 2845 frequentare,

2031 2882 2446 2938 armorumque
2478 2866 2707 2937 pondus
2736 2864 2797 2919 in
2826 2864 3008 2930 omni,
3043 2863 3094 2919 si
3127 2862 3249 2918 fieri
3281 2866 3494 2934 potest,
3518 2878 3677 2918 exer-

2030 2955 2167 3010 citio
2196 2959 2442 3027 gestare,
2484 2959 2658 3026 atque
2687 2954 2824 3009 hinc
2842 2953 3078 3009 laudem
3106 2951 3401 3023 insignem
3440 2951 3673 3007 referre.

2030 3045 2324 3100 Romanos
2354 3042 2493 3099 olim
2523 3042 3032 3098 circumdederant
3060 3039 3291 3096 barbari
3317 3057 3331 3108 ;
3355 3055 3554 3095 verum
3588 3039 3673 3094 illi

2028 3148 2099 3188 ex
2126 3131 2360 3203 obliquo
2383 3130 2615 3186 insidiis
2647 3130 2887 3185 structis
2908 3130 3245 3185 obsessores
3274 3144 3412 3184 suos
3440 3132 3675 3199 repente

2029 3221 2385 3276 obsederunt
2438 3224 2495 3275 et
2548 3218 2764 3275 lanceis
2820 3217 3223 3274 confoderunt.
3281 3217 3461 3272 Erant
3513 3216 3671 3272 enim

252 3301 349 3356 xui
400 3300 544 3356 οὕτω
592 3300 769 3374 πηδᾷν
806 3321 819 3359 :
851 3303 1076 3360 Μᾶλλον
1131 3306 1225 3378 μὲν
1273 3303 1363 3361 οῦν
1419 3305 1528 3361 ἐστι
1578 3304 1806 3363 κάλλιον
1854 3309 1917 3363 τὸ

2031 3313 2201 3365 antea
2229 3309 2302 3364 ad
2325 3307 2707 3380 jaculandum
2739 3310 3008 3363 accurate
3038 3305 3373 3373 exerciti,ad
3404 3304 3674 3376 equitan-

258 3390 385 3463 μεθ’
436 3387 625 3445 ὅπλων
675 3385 891 3467 τρέχειν
949 3394 1089 3466 τινὰ,
1148 3394 1184 3463 ἢ
1235 3394 1327 3449 καὶ
1370 3392 1552 3466 πάλην
1586 3394 1765 3451 ἀσκεῖν
1825 3398 1915 3451 καὶ

258 3479 650 3553 ἀκοντισμοὺς,
681 3480 744 3535 τὸ
789 3481 952 3557 βάρος
998 3486 1105 3536 τῶν
1154 3481 1342 3538 ὅπλων
1397 3482 1473 3545 εἰς
1512 3488 1683 3538 πᾶσαν
1715 3506 1915 3561 γυμνα-

257 3567 382 3622 σίαν
439 3567 484 3622 εἷ
515 3565 733 3623 δυνατὸν
782 3571 1161 3648 περιφέροντα,
1210 3572 1300 3627 καὶ
1352 3572 1593 3648 μεγάλην
1654 3570 1808 3644 δόξαν
1858 3573 1918 3629 ἐκ

254 3655 465 3711 τούτου
493 3654 857 3731 κερδαίνοντα.
900 3658 1245 3714 Ἐκύκλωσάν
1289 3680 1421 3714 ποτε
1472 3654 1736 3737 βάρϐαροι
1782 3663 1914 3717 Ῥω-

260 3744 486 3816 μαίους·
522 3746 574 3799 οἱ
606 3742 663 3800 δὲ
694 3745 753 3800 ἐκ
778 3744 1014 3823 πλαγίου
1063 3745 1275 3824 ἐνέδραν
1322 3748 1410 3803 καὶ
1446 3746 1619 3824 λόχον
1651 3752 1914 3820 ποιήσαν-

250 3854 372 3901 τες,
423 3831 677 3912 ἐξαίφνης
725 3834 852 3897 τοὺς
897 3835 1231 3899 κυκλοῦντας
1282 3834 1593 3892 ἐκύκλωσαν
1625 3882 1639 3908 ,
1689 3838 1777 3892 xui
1828 3836 1918 3894 διὰ

2024 3397 2166 3452 dum
2217 3412 2351 3451 cum
2397 3396 2578 3451 armis
2625 3395 3191 3466 decurrendumque,
3234 3394 3306 3450 ad
3359 3393 3675 3449 circumve-

2025 3485 2270 3541 niendos
2299 3485 2519 3556 hostes,
2553 3485 2625 3540 ad
2659 3483 2941 3557 effugium
2973 3500 3043 3539 ex
3070 3481 3410 3539 obsessione
3439 3486 3677 3554 captan-

2026 3575 2186 3630 dum.
2239 3574 2463 3646 Quippe
2513 3572 2849 3629 exercitatio
2899 3571 3143 3629 meliora
3189 3570 3387 3627 omnia
3435 3570 3572 3626 facit
3618 3574 3677 3627 et

2025 3668 2218 3736 auget.
2250 3664 2399 3735 Ergo
2431 3678 2785 3734 magnopere
2817 3676 3054 3718 necesse
3082 3664 3173 3715 est
3201 3663 3414 3715 cuncta
3441 3675 3566 3731 qua;
3598 3660 3667 3714 ad

2024 3751 2244 3808 bellum
2297 3751 2588 3822 pertinent
2616 3749 2888 3805 exercitio
2934 3764 3334 3821 praeoccupare
3368 3766 3381 3803 :
3416 3763 3531 3803 non
3563 3764 3667 3803 au-

2023 3845 2164 3911 tem,
2195 3839 2446 3895 instante
2474 3837 2646 3906 bello,
2679 3843 2804 3893 tum
2837 3838 3075 3893 demum
3106 3837 3178 3892 de
3204 3837 3279 3891 iis
3309 3836 3584 3908 cogitare.

255 3919 511 3997 δοράτων
569 3922 901 3978 ἀπέκτειναν·
962 3925 1097 3994 ἦσαν
1157 3926 1260 4000 γὰρ
1320 3921 1559 4001 ἀκριϐῶς
1641 3926 1901 4003 πρότερον
1975 3925 2347 3991 παιδευθέντες
2402 3925 2716 3994 ἀκοντίζειν,
2768 3926 2858 3979 καὶ
2920 3925 3035 3998 μεθ’
3088 3922 3275 3978 ὅπλων
3342 3924 3668 3993 ὶππάζεσθαι

255 4010 354 4065 καὶ
411 4007 804 4087 ταχυδρομεῖν,
835 4011 926 4066 καὶ
974 4018 1093 4075 πῶς
1141 4017 1252 4090 χρὴ
1319 4012 1622 4086 πολεμίους
1677 4015 1977 4085 κυκλῶσαι,
2006 4018 2096 4071 xui
2149 4020 2265 4077 πῶς
2320 4015 2421 4069 ὑπὸ
2469 4014 2676 4069 τούτων
2732 4013 3105 4075 κυκλωθέντας
3147 4014 3464 4091 ἀποφυγεῖψ
3497 4015 3533 4081 ἡ
3565 4013 3667 4089 γὰρ

259 4097 473 4171 μελέτη
532 4105 636 4153 πᾶν
693 4106 919 4177 πρᾶγμα
978 4100 1189 4177 βελτιοῖ
1242 4102 1331 4157 καὶ
1390 4102 1597 4173 αὐξάνει
1851 4103 1941 4160 διὰ
1992 4110 2155 4161 τοῦτο
2213 4102 2417 4181 σφόδρα
2488 4102 2598 4158 ἐστὶ
2672 4102 2761 4158 καί
2839 4102 3119 4179 ἀναγκαῖον
3195 4100 3667 4178 προγυμνάζεσθαι

254 4187 339 4250 εἰς
398 4186 576 4242 πάντα
628 4188 696 4243 τὰ
754 4184 1186 4263 συμϐαλλόμενα
1238 4190 1375 4245 κατὰ
1426 4189 1697 4265 πόλεμον,
1729 4191 1930 4267 καὶμὴ
1990 4193 2043 4248 ἐν
2094 4191 2175 4267 τῷ
2228 4191 2404 4268 καιρῷ
2456 4196 2554 4247 τοῦ
2602 4190 2852 4265 πολέμου
2912 4195 3089 4261 ζητεῖν
3127 4192 3225 4261 τὴν
3259 4190 3432 4246 αὐτῶν
3482 4189 3669 4260 ἐπιτή-

255 4273 444 4332 δευσιν

330 4384 407 4439 Θ’.
446 4382 511 4438 Εἷ
569 4381 628 4439 δὲ
680 4385 772 4439 xui
827 4386 929 4455 τῆς
984 4387 1120 4441 κατά
1176 4383 1442 4440 θάλασσαν
1505 4382 1912 4461 εὐδοκιμήσεως

257 4473 650 4548 ἐπιτυγχάνειν
703 4470 1046 4549 καιρὸς,οὐδέ
1098 4472 1300 4545 ταύτην
1353 4475 1467 4551 χρὴ
1516 4481 1910 4550 παραιτεῖσθαι·

255 4560 386 4617 λίαν
418 4561 521 4639 γάρ
553 4561 665 4618 ἐστι
710 4565 989 4639 χρήσιμος
1040 4563 1117 4625 εἷς
1143 4563 1225 4618 ’τὸ
1271 4568 1592 4639 ναυμαχεῖν·
1633 4570 1781 4619 ποιεῖ
1809 4565 1913 4642 γὰρ

252 4653 355 4708 τὸν
417 4650 649 4722 ὁπλίτην
708 4648 936 4728 ἐδραίως
983 4652 1072 4707 καὶ
1121 4652 1501 4729 στηριγμένως
1541 4651 1788 4707 ’ίστασθαι
1826 4653 1914 4708 ἐπὶ

256 4748 363 4811 τῆς
395 4742 527 4811 νηὸς
575 4739 757 4815 ὥσπερ
816 4741 903 4795 ἐπὶ
953 4742 1151 4817 πέτρας
1184 4741 1367 4809 ’τινὸς,
1416 4742 1593 4804 καθὼς
1640 4744 1916 4819 ἱστοροῦσι

251 4832 352 4886 τὸν
384 4829 651 4905 Εὔφημον
686 4833 797 4905 (40)
847 4829 1070 4903 ἐκεῖνον,
1126 4827 1294 4903 μηδὲν
1345 4827 1517 4885 δεινὸν
1560 4831 1664 4886 ἀπὸ
1694 4836 1789 4886 τοῦ
1815 4839 1916 4901 τῆς

2094 4390 2188 4447 ΙΧ.
2240 4391 2359 4447 Rea:
2397 4389 2686 4445 scientiam
2726 4389 3033 4444 maritimae
3079 4389 3162 4443 rei
3208 4387 3474 4442 militaris
3520 4384 3669 4442 haud

2021 4479 2287 4549 negligat.
2315 4510 2384 4519 ——
2415 4478 2576 4544 Quod
2609 4476 2658 4533 si
2703 4476 3108 4549 opportunitas
3139 4477 3286 4531 ferat
3313 4474 3493 4531 maris
3522 4491 3666 4547 quo-

2025 4584 2137 4640 que
2168 4567 2436 4640 peritiam
2485 4566 2869 4638 adipiscendi,
2901 4582 2973 4621 ne
3017 4565 3170 4620 hanc
3197 4563 3434 4636 quidem
3483 4562 3666 4636 negli-

2024 4673 2156 4729 gere
2203 4659 2464 4728 oportet;
2498 4654 2752 4709 multum
2779 4654 2934 4709 enim
2967 4669 3037 4709 ea
3076 4653 3338 4718 interest,
3372 4651 3665 4724 siquando

2025 4744 2320 4801 maritimo
2364 4742 2513 4799 bello
2542 4759 2690 4814 opus
2722 4741 2915 4798 fuerit.
2950 4741 3045 4797 Sic
3074 4742 3228 4797 enim
3280 4739 3448 4797 miles
3479 4738 3667 4796 ﬁrmi-

2024 4837 2111 4888 ter
2142 4833 2199 4887 in
2230 4832 2363 4888 navi
2393 4835 2845 4903 constanterque
2871 4829 3051 4887 veluti
3073 4830 3132 4884 in
3164 4835 3327 4902 petra
3350 4834 3505 4885 stare
3535 4846 3670 4884 oon-

257 4916 544 4990 θαλάσσης
590 4917 869 4982 κλύδωνος
922 4919 1298 4997 ὑφιστάμενονο
1351 4920 1379 4974 ὁ
1426 4916 1482 4974 δὲ
1536 4921 1611 4992 μὴ
1663 4918 1750 4975 διὰ
1797 4920 1913 4976 πεί-

2031 4923 2240 4979 suescit
2265 4921 2524 4994 (qualem
2556 4924 2796 4977 narrant
2837 4920 3204 4993 Euphemum
3242 4919 3454 4993 illum),
3488 4918 3665 4975 nihil-

256 5028 357 5084 ρας
388 5006 805 5084 προπαιδευθεὶς
834 5007 895 5063 ἐκ
932 5010 1156 5083 πρώτης
1197 5003 1516 5084 προσϐολῆς
1566 5009 1908 5081 καταπίπτει,

254 5096 303 5153 εἰ
353 5096 448 5152 καὶ
500 5096 688 5159 ἄλλως
740 5095 1028 5174 ῥωμαλέος
1078 5096 1187 5152 ἐστι
1238 5098 1329 5152 καὶ
1379 5094 1909 5174 δυσκαταγώνιστος·

337 5313 451 5385 (37)
496 5310 866 5367 Vocabulum
914 5310 1026 5367 hoc
1086 5310 1411 5437 explicatur
1460 5310 1617 5367 ludas
1658 5312 1800 5383 pilae
1856 5328 1913 5367 ιη

337 5400 399 5437 uo
429 5401 464 5437 a
509 5382 750 5437 Canizio.
781 5382 881 5437 aui
925 5383 996 5437 de
1024 5398 1090 5437 eo
1180 5383 1609 5437 issertationem
1642 5399 1705 5437 se
1750 5382 1913 5437 insti-

255 5382 399 5456 equo
429 5382 464 5440 a
509 5382 750 5456 Cangio,
781 5382 881 5456 qui
925 5383 996 5438 de
1024 5398 1090 5438 eo
1137 5382 1609 5456 dissertationem
1642 5382 1728 5456 se
1750 5382 1916 5438 insti-

256 5453 448 5512 fuisse
478 5453 953 5527 afﬁrmatt’Citat
1001 5458 1193 5509 autem
1229 5453 1484 5527 Cangius
1511 5454 1667 5527 hunc
1716 5454 1912 5527 ipsum

258 5526 523 5583 auctoris
570 5526 756 5581 nostri
784 5525 979 5581 locum
1011 5542 1080 5580 ex
1111 5541 1258 5594 ms.;
1299 5525 1397 5582 sed
1450 5526 1743 5581 incautius
1772 5526 1915 5581 dicit

259 5614 397 5680 esse
443 5597 793 5680 iocabulum
843 5595 1231 5680 Blemmydee;
1264 5601 1353 5680 est
1395 5596 1550 5679 enim
1592 5596 1911 5680 paraphra-

264 5675 414 5741 stze;
449 5668 794 5741 Blemmyda
840 5671 1034 5741 autem
1067 5668 1127 5741 in
1157 5668 1409 5741 genuino
1440 5668 1657 5741 scripto
1687 5668 1743 5741 id
1776 5685 1912 5741 _non

261 5740 465 5799 habet.
498 5738 791 5797 Nimirum
820 5740 1074 5813 Cangius
1101 5738 1698 5814 ignoravitﬁcrip‘tum
1729 5738 1913 5796 Blem-

2021 5028 2134 5084 que
2165 5029 2199 5067 a
2228 5010 2408 5067 maris
2440 5010 2818 5067 ﬂuctuatione
2866 5009 3106 5082 patitur.
3139 5009 3246 5074 Qui
3279 5013 3470 5065 autem
3504 5008 3664 5065 haud

2018 5099 2288 5157 exercitio
2315 5116 2377 5156 se
2407 5098 2860 5172 przemuniverit,
2893 5098 3082 5170 primo
3108 5098 3308 5154 statim
3350 5113 3663 5171 progressu

2020 5314 2209 5386 mydze
2236 5330 2271 5368 a
2314 5311 2607 5368 Galesiota
2637 5311 2817 5367 fuisse
2869 5311 3286 5384 interpolatum
3317 5328 3420 5368 seu
3469 5312 3665 5385 potius

2019 5388 2335 5528 rigging;
2362 5454 2508 5510 illud
2539 5453 2820 5528 sapientis
2848 5432 3148 5510 Periandri
3170 5456 3408 5512 effatum
3440 5453 3657 5526 Μελέτη

2018 5526 2232 5593 τὸπᾶν,
2268 5529 2325 5582 in
2356 5527 2751 5582 exercitatione
2778 5536 2908 5580 sunt
2938 5529 3145 5583 munia.

2014 5658 2023 5667 _
2112 5600 2181 5653 39
2236 5598 2469 5671 Legesis
2497 5597 2829 5653 Ciceronem
2866 5598 2936 5651 De
2964 5615 3075 5669 rep.
3110 5615 3149 5669 ι,
3181 5600 3235 5654 6.

2033 5741 2041 5742 ί
2087 5599 2202 5742 imi
2231 5670 2321 5742 Ab
2368 5668 2668 5741 Eupheme
2697 5670 2848 5742 Argo
2881 5685 3108 5737 navem,
3150 5670 3235 5727 del

2113 5668 2202 5741 40)
2231 5668 2344 5744 Ab_'
2368 5668 2668 5741 Eupheme
2697 5670 2848 5744 Argo
2881 5685 3108 5737 navem,
3136 5668 3421 5727 defuncto
3451 5669 3659 5744 Tiphy,

2019 5739 2202 5799 fuisse
2228 5739 2615 5815 gubernatam
2645 5739 3011 5813 exploratum
3044 5745 3151 5799 est.
