4096 6410
434 419 554 489 639

1694 425 2118 492 NICEPHORI
2159 426 2596 494 BLEMMTDE

3723 425 3848 488 640

436 555 677 623 labitur,
697 553 1128 628 quantumlibet
1155 557 1435 615 robustus
1466 574 1818 632 pugnaxque
1844 560 2074 616 sit.Non

2188 556 2314 613 οὐδὲ
2389 561 2493 636 γὰρ
2553 559 2611 614 ἂν
2687 557 2942 630 δυνηθείη
3010 559 3145 636 πρὸς
3202 556 3329 622 τοὺς
3382 556 3518 614 κατά
3572 554 3844 613 θάλασσαν

435 647 592 702 enim
625 651 812 718 potest
843 646 1155 703 maritimis
1183 643 1454 705 hostibus
1484 650 1773 717 resistere,
1807 650 1950 705 dum
1981 667 2076 704 na-

433 734 520 790 vis
551 734 958 800 ﬂuctuat,dum
991 734 1116 807 ipse
1145 735 1363 792 vomitu
1397 744 1455 792 et
1482 737 1764 809 vertigine
1791 738 2076 809 quatitur,

434 838 623 895 neque
672 823 875 894 pedem
911 823 1156 878 firmiter
1199 825 1376 897 ﬁgere
1415 829 1625 898 potest.
1657 825 1856 882 Laudo
1904 826 2076 882 Athe-

434 911 669 967 nienses
714 918 957 979 veteres,
990 913 1091 984 qui
1120 913 1298 969 vitam
1328 930 1497 969 suam
1548 914 1895 986 eloquentia,
1923 914 2077 985 juris

435 999 768 1073 prudentia,
800 999 968 1056 bellis
996 1002 1375 1059 terrestribus
1406 1019 1472 1058 ac
1504 1003 2076 1072 maritimis,exerce-

434 1089 620 1144 bant:
671 1089 963 1160 siquidem
1012 1089 1344 1162 eloquentia
1390 1098 1645 1148 mentem
1697 1092 2078 1166 linguamque

431 1176 812 1245 erudiebant;
850 1178 980 1247 jure
1019 1178 1316 1250 justitiam
1365 1181 1817 1248 condiscebant;
1851 1180 2077 1253 [armis]

431 1258 760 1322 libertatem
790 1267 1527 1342 tuebantur,victcriasque
1559 1269 1841 1342 plurimas
1872 1273 1928 1325 et
1955 1274 2074 1324 tro-

433 1353 598 1426 phaaa
628 1353 881 1425 gloriosa
910 1354 1022 1410 sibi
1075 1357 1512 1428 comparabant.
1545 1357 1692 1413 Nam
1724 1357 1912 1430 primo
1945 1357 2076 1428 qui-

434 1440 566 1497 dem
599 1441 836 1497 Darium
871 1442 1073 1498 Xerxis
1099 1448 1327 1516 patrem
1370 1446 1621 1517 turpiter
1647 1446 1844 1518 fugere
1874 1461 2076 1516 coege-

432 1534 592 1598 runt,
625 1530 832 1587 deletis
881 1531 1036 1602 apud
1068 1533 1462 1589 Marathonem
1495 1535 1772 1590 trecentis
1822 1533 2077 1589 militum

431 1617 718 1690 millibus,
751 1637 899 1691 quos
930 1621 1094 1677 Datis
1123 1627 1297 1694 atque
1329 1623 1717 1695 Artaphernes
1747 1623 2075 1689 ducebant;

429 1718 565 1763 cum
595 1707 707 1780 ipsi
757 1707 1144 1767 Athenienses
1175 1711 1332 1767 haud
1366 1711 1498 1781 plus
1529 1728 1733 1769 novem
1779 1710 1938 1767 mille
1970 1729 2077 1766 nu-

433 1812 592 1852 mero
621 1803 838 1865 essent,
874 1804 1084 1871 praeter
1111 1799 1515 1856 Platmensium
1545 1800 1704 1857 mille
1733 1800 2075 1857 auxiliares:

435 1884 890 1958 imperatoribus
923 1887 1201 1944 nimirum
1237 1888 1515 1944 Militiade
1543 1893 1602 1946 et
1627 1889 1894 1957 Stesilao,
1919 1889 2076 1963 pole-

435 1974 693 2030 marchis
715 1979 910 2031 autem
933 1975 1285 2033 Callimacho
1308 1981 1365 2032 et
1381 1977 1697 2050 Cynegyro.
1723 1977 1902 2033 iidem
1927 1983 2079 2050 post-

431 2077 500 2118 ea
545 2063 948 2131 Athenienses,
992 2065 1295 2138 suppetias
1343 2066 1561 2122 ferente
1607 2065 1877 2122 universa
1922 2067 2076 2123 Grie-

428 2151 538 2218 cia,
558 2151 799 2208 Xerxem
829 2169 1062 2224 quoque
1090 2153 1542 2211 debellaverunt.
1566 2156 1716 2228 Ergo
1746 2155 1796 2211 is
1827 2155 1924 2227 qui
1957 2156 2076 2228 pri-

432 2239 565 2296 dem
599 2241 725 2296 sine
757 2241 929 2298 modo
957 2242 1353 2315 superbiebat,
1373 2243 1661 2300 elementa
1689 2245 2072 2316 pervertebat,

430 2346 591 2385 mare
629 2329 687 2384 in
734 2330 1024 2397 tellurem,
1056 2331 1324 2388 tellurem
1373 2332 1433 2388 in
1477 2349 1658 2398 mare,
1689 2338 2073 2401 convertens;

429 2419 531 2491 qui
580 2419 754 2475 etiam
789 2436 949 2476 mare
997 2421 1238 2477 saeviens
1285 2421 1465 2495 virgis
1517 2422 1937 2494 castigaverat;
1971 2423 2071 2494 qui

428 2507 743 2564 exercitum
799 2507 1178 2565 multitudine
1219 2508 1728 2578 innumerabilem,
1784 2515 1940 2567 meta
1985 2528 2072 2567 ca-

429 2601 687 2653 strorum
728 2602 1013 2669 tanquam
1062 2598 1259 2654 modio
1305 2599 1558 2672 quodam
1610 2599 2068 2656 dimetiebatur:

428 2685 598 2758 cujus
623 2686 919 2758 equitatus
964 2687 1168 2744 fluvios
1197 2687 1541 2757 exsiccabat,
1573 2687 1752 2745 veluti
1784 2689 1841 2744 in
1885 2690 2070 2760 Phry-

426 2777 524 2847 gia
569 2776 1010 2844 Scamandrum,
1044 2775 1104 2831 in
1132 2776 1438 2833 Thessalia
1484 2778 1761 2844 Peneum,
1793 2777 1852 2834 in
1884 2778 2072 2834 Attica

425 2861 662 2919 llissnm
689 2864 819 2936 ;qui
849 2864 1102 2937 denique
1121 2864 1301 2922 solem
1327 2865 1702 2922 multitudine
1722 2866 2068 2939 sagittarum

430 2952 818 3022 obscurabat;
851 2952 1496 3027 hic,inquam,magnus
1526 2959 1584 3011 et
1612 2955 2071 3022 immensus,vix

428 3058 548 3096 una
577 3041 708 3097 navi
737 3057 807 3097 ex
830 3042 998 3099 ostiis
1043 3043 1370 3116 Strymonis
1401 3043 1559 3100 ﬂuvii
1588 3045 1860 3112 evadens,
1893 3043 2067 3101 saluti

425 3129 746 3202 consuluit,
777 3147 927 3203 aegre
976 3132 1295 3188 admodum
1326 3149 1432 3189 nec
1453 3133 1580 3189 sine
1603 3137 1824 3189 terrore
1845 3133 2068 3206 ingenti

424 3217 700 3275 manibus
742 3219 1186 3277 Atheniensium
1238 3219 1496 3294 elapsus.
1529 3222 1717 3277 Tanta
1759 3226 1954 3278 autem
1985 3222 2068 3277 vi-

2184 646 2488 722 πολεμίους
2543 649 2982 725 ἀντιμάχεσθαι,
3039 655 3140 718 τῆς
3209 649 3344 718 νηὸς
3417 643 3793 718 σαλευομένης
3826 689 3843 713 ,

2185 736 2344 799 αὐτὸς
2398 739 2536 814 πρὸς
2590 738 2812 810 ἐμέτους
2867 736 3237 813 τρεπόμενος,
3294 737 3384 791 καὶ
3439 734 3845 812 ταρασσόμενος

2184 825 2274 881 καὶ
2309 826 2582 902 ἰλιγγιῶν,
2625 828 2714 882 καὶ
2742 827 2842 895 τήν
2891 831 3001 882 τῶν
3032 824 3216 881 ποδῶν
3270 827 3423 901 βάσιν
3475 821 3620 900 ἔχων
3670 823 3843 893 ἀστή·

2187 935 2388 990 ρικτον.
2440 917 2676 971 Ἐπαινῶ
2721 915 2848 978 τοὺς
2897 915 3214 985 Ἀθηναίους
3272 914 3526 984 ἐκείνους,
3585 913 3849 988 μερίσανο

2183 1024 2278 1065 τας
2305 1004 2398 1059 τὸν
2431 1005 2630 1059 ἑαυτῶν
2685 1003 2802 1080 βίον
2855 1003 2931 1065 είς
2984 1003 3181 1079 λόγους
3226 1003 3316 1058 καὶ
3363 1002 3589 1076 νόμους,
3622 1001 3715 1055 καὶ
3745 1021 3842 1056 πε-

2189 1093 2458 1168 ζομαχίας
2489 1093 2576 1148 καὶ
2608 1092 2937 1169 ναυμαχίας·
2990 1091 3049 1148 έκ
3099 1093 3194 1164 μὲν
3249 1091 3352 1166 γὰρ
3380 1097 3480 1160 τῆς
3513 1094 3621 1146 τῶν
3657 1085 3840 1166 λόγων

2190 1181 2422 1255 μελέτης
2453 1181 2542 1236 καὶ
2573 1185 2693 1236 νοῦν
2721 1181 2812 1236 καὶ
2866 1180 3122 1256 γλῶσσαν
3167 1177 3502 1236 ἐπαίδευσανο
3537 1179 3598 1234 ἐκ
3650 1175 3708 1233 δέ
3735 1182 3845 1233 τῶν

2184 1271 2368 1343 νόμων
2414 1268 2756 1339 δικαιοσύνην
2807 1269 3142 1342 ἐξήσκησαν,
3192 1268 3492 1344 ἐλευθερίαν
3552 1266 3844 1346 έφύλαξαν,

2185 1358 2274 1412 καὶ
2330 1358 2504 1421 νίκαις
2561 1359 2651 1414 καὶ
2708 1358 2998 1434 ἀριστείαις
3055 1356 3294 1421 πολλαῖς
3354 1355 3737 1430 ἑκοσμήθησάν
3781 1377 3846 1411 τε

2185 1447 2274 1501 καὶ
2305 1445 2659 1520 έδοξασθησαν
2694 1466 2708 1515 ;
2741 1446 3005 1523 πρότερον
3056 1447 3152 1520 μὲν
3177 1448 3277 1522 γὰρ
3327 1451 3546 1522 Δαρεῖον
3595 1446 3688 1500 τὸν
3733 1448 3837 1499 τοῦ

2185 1535 2389 1612 πατέρα
2435 1536 2775 1612 κατῄσχυναν
2806 1582 2820 1607 ,
2869 1534 3418 1610 κατατροπωσάμενοι
3466 1535 3558 1589 καὶ
3603 1531 3846 1589 καταλύ-

2188 1644 2371 1686 σαντες
2421 1624 2496 1686 εῗς
2553 1626 2860 1700 Μαραθῶνα
2913 1625 3008 1687 τὰς
3058 1626 3351 1701 τριὼιοντα
3411 1619 3713 1697 μυριάδας,
3771 1621 3839 1684 ἃς

2188 1712 2344 1774 Δάτις
2400 1713 2488 1768 καὶ
2549 1713 2916 1791 Ἀρταφέρνης
2975 1715 3028 1768 οἱ
3098 1711 3395 1788 στρατηγοὶ
3464 1710 3785 1788 ἒπεφέροντο
3827 1754 3843 1779 ,

2186 1800 2392 1876 Ξέρξου
2438 1800 2656 1878 ἔχοντες
2707 1800 3077 1878 στρατεύματα
3107 1798 3367 1878 χιλιάδας
3398 1798 3656 1872 έννέα,καὶ
3690 1797 3844 1854 Πλα-

2185 1889 2379 1945 ταιέων
2412 1889 2634 1965 χιλίους
2684 1892 3029 1967 συμμάχους
3073 1890 3517 1964 στρατηγούντων
3564 1889 3658 1962 [ab
3693 1887 3847 1945 Μιλ-

2183 1975 2374 2034 τιάδου
2427 1999 2485 2033 τε
2541 1977 2628 2033 καὶ
2690 1978 2973 2050 Στησίλεω
3027 1981 3162 2052 (41),
3221 1976 3725 2054 πολεμαρχούντων
3776 1974 3849 2030 δὲ

2185 2065 2553 2144 Καλλιμάχου
2619 2067 2708 2122 καὶ
2761 2067 3144 2144 ῐίυναιγείρου⁸
3195 2065 3416 2142 ὕστερον
3471 2064 3531 2121 δὲ
3580 2066 3633 2119 οἱ
3680 2064 3845 2120 αὐτοὶ

2182 2157 2484 2228 Ἀθηναῖοι,
2519 2155 2922 2231 συμμαχούσης
2951 2157 3040 2210 καὶ
3070 2161 3174 2225 τῆς
3204 2153 3386 2224 ἄλλης
3414 2151 3707 2222 Ἑλλάδος,
3744 2154 3845 2208 καὶ

2181 2244 2273 2299 τὸν
2331 2245 2538 2321 Ξέρξην
2597 2245 3044 2320 κατηγωνίσαντο
3079 2262 3092 2275 ’
3155 2243 3246 2298 καὶ
3323 2245 3352 2298 6
3425 2243 3552 2320 πρὶν
3629 2244 3850 2316 ἄμετρα

2182 2333 2502 2406 κομπάζων,
2561 2333 2651 2388 καὶ
2707 2339 2956 2409 στοιχεῖα
3015 2337 3310 2407 μετακινῶν
3348 2377 3364 2402 ,
3419 2331 3506 2387 καὶ
3572 2332 3672 2400 τὴν
3739 2333 3844 2404 μὲν

2183 2423 2346 2499 ξηρὰν
2379 2427 2552 2478 ποιῶν
2598 2420 2890 2494 θάλασσαν,
2937 2424 3035 2491 τὴν
3090 2419 3148 2478 δὶ
3192 2419 3459 2476 θάλασσαν
3500 2422 3687 2496 ξηρὰν,
3745 2421 3846 2475 καὶ

2183 2511 2548 2587 ἀγριουμένην
2607 2515 2910 2587 μαστιγῶν,
2957 2510 3045 2565 καὶ
3094 2507 3183 2564 διὰ
3210 2510 3274 2565 τὸ
3297 2513 3394 2564 τοῦ
3436 2507 3844 2586 στρατεύματος

2179 2601 2396 2670 πλῆθος
2445 2601 2533 2654 καὶ
2582 2600 2812 2676 ἀριθμὸν
2858 2595 3053 2675 σχεδὸν
3097 2594 3416 2674 ὑπερϐαῖνω
3467 2597 3584 2652 ἀντὶ
3638 2595 3842 2671 μοδίου

2178 2691 2326 2752 τινὸς
2355 2690 2572 2766 κάστρῳ
2611 2689 2900 2766 χρώμενος
2950 2689 3087 2761 πρὸς
3133 2688 3233 2757 τήν
3289 2687 3568 2761 μέτρησιν,
3607 2686 3697 2741 καὶ
3730 2707 3840 2741 πο-

2177 2779 2385 2852 ταμοὺς
2444 2777 2823 2853 ἀποξηραίνων
2873 2776 3136 2832 πινόντων
3193 2780 3302 2832 τῶν
3363 2772 3585 2847 ἵππων,
3645 2775 3723 2838 ὡς
3781 2774 3841 2830 ἐν

2181 2867 2392 2944 Φρυγίᾳ
2451 2867 2544 2940 μὲν
2600 2867 2693 2922 τὸν
2750 2863 3145 2942 Σκάμανδρον,
3205 2863 3256 2920 ἐν
3311 2863 3576 2935 Θετταλίᾳ
3632 2862 3690 2920 δὲ
3739 2865 3842 2920 τὸν

2180 2955 2433 3027 Πηνειὸν,
2484 2955 2534 3009 ἐν
2600 2959 2809 3028 Δττικῇ
2860 2952 2919 3010 δὶ
2973 2953 3064 3009 τὸν
3117 2953 3371 3027 Ἰλισσὸν,
3419 2954 3511 3010 τὸν
3562 2950 3620 3008 δὶ
3667 2950 3837 3021 ἥλιον

2180 3043 2542 3121 ἀποκρύπτων
2619 3041 2709 3098 διὰ
2781 3047 2890 3098 τῶν
2954 3042 3300 3115 τοξευμάτων
3379 3044 3477 3111 τῆς
3533 3047 3784 3116 στρατιᾶς
3824 3086 3841 3112 ,

2178 3130 2384 3195 έκεῖνυς
2414 3133 2442 3188 6
2475 3129 2649 3188 δοκῶν
2681 3131 2855 3194 πολὺς
2891 3131 3024 3186 εἶναι
3054 3131 3145 3187 καὶ
3201 3133 3394 3208 μέγας,
3450 3129 3614 3204 μόλις
3645 3130 3698 3186 ἐν
3739 3136 3845 3204 μιᾷ

2176 3220 2270 3292 νηΐ
2323 3221 2429 3277 ἀπὸ
2476 3225 2574 3276 τοῦ
2628 3224 2879 3295 ποταμοῦ
2940 3219 3257 3295 Στρυμόνος
3313 3218 3599 3290 διεσώζετο
3627 3265 3642 3291 ,
3703 3220 3845 3293 μετά

423 3307 606 3362 ctoria
657 3312 882 3379 patrata
912 3311 1020 3373 est,
1053 3324 1187 3364 cum
1235 3308 1463 3365 Graecis
1503 3309 1787 3366 universas
1834 3309 2069 3366 nonnisi

2187 3309 2398 3379 πολλῆς
2453 3309 2687 3386 ἀγωνίας
2744 3308 2834 3364 καὶ
2892 3303 3066 3388 φόϐου
3118 3310 3215 3371 τὰς
3275 3305 3574 3379 Ἀθηναίων
3645 3313 3843 3384 χεῖρας

427 3411 602 3452 naves
646 3397 908 3452 ducenta:
940 3397 1312 3470 septuaginta
1341 3401 1398 3454 et
1439 3415 1558 3454 una
1589 3399 1660 3454 ad
1707 3397 2066 3455 Salaminam

427 3487 690 3551 starent;
717 3484 842 3556 ipse
888 3488 1084 3540 autem
1117 3489 1333 3541 Xerxes
1372 3485 1462 3542 bis
1491 3485 1652 3543 mille
1681 3490 1738 3542 et
1787 3487 2070 3543 ducentas

426 3577 647 3644 septem
683 3588 854 3629 naves
885 3589 1082 3630 secum
1115 3575 1372 3630 duceret.
1399 3575 1621 3632 Deinde
1653 3580 1808 3632 terra
1837 3592 2072 3648 quoque

427 3659 724 3716 inﬁnitum
751 3661 1095 3719 bellatorum
1129 3680 1442 3720 numerum
1464 3664 1901 3737 amisit,partim
1924 3665 2068 3731 acie,

426 3750 638 3821 partim
686 3750 838 3806 fame
885 3757 942 3807 et
989 3752 1202 3825 frigore
1241 3753 1300 3808 in
1347 3753 1486 3827 fuga
1537 3759 2068 3826 consumptorum:

428 3843 604 3908 atque
633 3838 788 3894 haud
819 3840 940 3895 scio
970 3857 1043 3896 an
1070 3841 1162 3896 vix
1205 3840 1386 3913 aliqui
1417 3842 1711 3899 Persidem
1743 3842 2070 3899 reviserint.

430 3926 547 3982 Has
575 3925 853 3983 nimirum
902 3929 1190 3998 victorias,
1224 3931 1344 3986 haec
1373 3931 1635 4004 trophea
1665 3932 1944 4002 referunt,
1975 3930 2075 4000 qui

428 4029 492 4070 se
523 4015 594 4069 ad
640 4015 915 4085 praeclara
944 4033 1120 4090 opera
1161 4019 1434 4076 exercitio
1483 4019 1866 4093 diligentique
1895 4020 2078 4076 medi-

426 4103 648 4158 tatione
674 4108 1441 4177 comparaverunt.Eruditio
1468 4109 1626 4165 enim
1657 4108 1918 4181 trophaea
1945 4124 2076 4164 con-

431 4192 545 4248 fert
571 4197 630 4248 et
657 4199 846 4249 ornat.

506 4463 570 4519 Χ.
629 4463 741 4518 Rex
787 4479 857 4518 ne
901 4465 974 4520 sit
1033 4466 1332 4534 cunctator,
1375 4469 1427 4521 et
1474 4465 1757 4537 captandas
1811 4468 2081 4522 occasioni

432 4553 701 4624 invigilat.
736 4584 804 4593 —
855 4553 1128 4624 Cujusvis
1175 4558 1372 4610 autem
1416 4553 1631 4626 negotii
1683 4558 1860 4626 caput
1908 4559 1998 4611 est
2025 4558 2082 4611 et

2178 3397 2449 3478 διαφυγών
2477 3415 2490 3428 ·
2540 3397 2630 3452 καὶ
2680 3401 2848 3454 ταῦτα
2893 3402 3000 3453 τῶν
3049 3397 3262 3452 πάντων
3315 3394 3599 3467 Ἐλλήνων
3650 3393 3839 3452 διακο-

2175 3486 2292 3549 σίας
2323 3481 2702 3560 έόδομήκοντα
2749 3485 2840 3541 καὶ
2895 3485 3020 3559 μίαν
3065 3492 3200 3555 νῆας
3254 3481 3492 3562 ἐχόντων
3545 3484 3625 3547 είς
3656 3484 3840 3541 Σαλα-

2183 3576 2362 3650 μίνην⁹
2397 3575 2603 3637 ἐκεῖνος
2655 3572 2936 3651 δισχιλίας
2990 3572 3268 3637 διακοσίας
3319 3573 3453 3630 ἔτιτὰ
3498 3572 3845 3648 ἐπαγόμενος

2178 3672 2309 3734 νῆας
2359 3666 2815 3740 κατεναυμαχήθη
2840 3706 2853 3719 .
2911 3663 3055 3719 Κατὰ
3102 3661 3161 3718 δὶ
3205 3665 3305 3732 τὴν
3356 3662 3520 3739 ξηρὰν
3571 3662 3795 3738 ὕστερον
3829 3707 3844 3733 ,

2179 3752 2546 3810 πεντακοσίων
2602 3754 2718 3826 (42)
2780 3749 3061 3828 μυριάδων
3119 3749 3327 3828 ἀνδρῶν
3395 3751 3662 3828 μαχίμων
3720 3749 3843 3807 δια-

2183 3847 2503 3919 φθαρεισῶν,
2532 3846 2640 3896 τῶν
2676 3841 2770 3914 μὶν
2821 3840 3078 3914 πολέμῳ,
3128 3845 3236 3896 τῶν
3295 3839 3354 3897 δὲ
3403 3841 3505 3896 ὑπὸ
3545 3838 3719 3913 λιμοῦ
3750 3841 3844 3896 καὶ

2181 3931 2382 4007 κρύους
2435 3930 2486 3985 ἐν
2543 3935 2622 4001 τῷ
2679 3929 2890 4008 φεύγειν
2947 3928 3245 4005 ἐπιχειρεῖν
3281 3972 3296 3997 ,
3355 3927 3455 3983 οὐκ
3505 3926 3630 3984 οἶδα
3697 3928 3845 3991 τίνες

2186 4019 2604 4096 ὑπολειφθέντες
2651 4020 2749 4088 τήν
2801 4015 3038 4095 Περσίδα
3091 4011 3392 4073 κατέλαϐον
3445 4023 3545 4093 γῆν
3583 4061 3596 4073 .
3652 4017 3852 4073 Τοιαύο

2183 4130 2278 4170 τας
2308 4107 2578 4186 ἀριστείας
2605 4107 2696 4162 καὶ
2723 4107 2956 4184 τρόπαια
3003 4109 3251 4162 ποιοῦσιν
3303 4106 3356 4160 οἱ
3403 4105 3471 4160 τὰ
3516 4103 3679 4163 καλὰ.
3716 4103 3852 4182 ἔργα

2185 4195 2719 4274 προπαιδευόμενοι,
2769 4197 2859 4250 καὶ
2913 4194 3333 4280 τούτοιςιμετὰ
3388 4191 3631 4264 σπουδῆς
3688 4214 3796 4269 προ
3831 4226 3856 4238 -

2189 4288 2454 4357 εθίζοντες
2484 4286 2724 4357 ἑαυτοὺς,
2758 4289 2854 4340 τοῦ
2886 4284 3058 4360 λόγου
3095 4287 3434 4358 κοσμοῦντος
3476 4281 3568 4338 καί
3598 4280 3852 4346 διδόντος

2188 4377 2253 4432 τὰ
2279 4375 2535 4450 τρόπαια.

2261 4466 2315 4521 I'.
2349 4465 2411 4518 Ὀ
2465 4461 2523 4518 δὶ
2578 4463 2830 4540 μέγιστόν
2881 4463 3022 4518 ἐστιν
3072 4457 3231 4538 ἔργον
3279 4460 3331 4517 έν
3378 4459 3575 4523 πάσαις
3622 4463 3849 4537 πράξεσι

2188 4555 2277 4608 καὶ
2311 4552 2738 4625 ἀνυσιμώτατον,
2769 4552 2833 4607 τὸ
2877 4553 2952 4624 μή
3002 4548 3282 4627 βραδύνειν
3329 4549 3422 4606 τὸν
3469 4551 3660 4624 καιρὸν
3691 4548 3746 4606 έν

435 4643 632 4713 robur,
686 4659 758 4698 ne
807 4659 906 4699 rex
959 4643 1018 4699 in
1067 4643 1478 4716 praedictarum
1551 4659 1748 4700 rerum
1799 4648 2076 4716 apparatu

2194 4645 2504 4717 παρασκευῇ
2551 4641 2781 4696 τούτων·
2842 4639 2978 4724 κατὰ
3032 4641 3122 4695 τὸν
3187 4635 3489 4715 Χαρινάδην
3541 4641 3659 4712 (63)
3715 4638 3852 4694 ἐκεῖ·

336 4737 342 4743 ’
435 4737 741 4788 cunctator
787 4732 866 4788 sit
913 4735 1016 4788 aut
1061 4733 1428 4789 occasionem
1477 4731 1813 4804 praetervehi
1861 4731 2016 4788 sinat
2067 4749 2079 4786 :

435 4835 596 4876 more
645 4820 806 4876 illius
847 4820 1210 4890 Charinadae,
1241 4838 1412 4891 quem
1455 4821 1663 4894 agendi
1715 4821 1981 4878 socordia
2028 4824 2086 4876 et

435 4905 666 4973 ignavia
693 4906 980 4964 celebrem
1011 4907 1283 4964 reddidit.
1322 4909 1504 4964 Immo
1534 4925 1668 4964 vero
1701 4909 1771 4964 ab
1802 4911 2082 4981 apparatu

438 5010 553 5048 non
586 4999 675 5050 est
713 4996 1122 5063 desinendum,
1154 4997 1386 5053 etiamsi
1439 4996 1669 5053 nullum
1718 5002 2086 5069 exspectetur

439 5080 681 5137 bellum.
714 5083 803 5138 Sic
833 5085 988 5140 enim
1020 5086 1341 5157 comparati
1373 5085 1630 5142 militum
1663 5085 2084 5157 animi,siquod

439 5169 823 5243 improvisum
871 5174 1115 5230 exsistat
1151 5173 1396 5243 bellum,
1427 5173 1625 5246 patrie
1675 5175 1847 5231 utiles
1889 5179 2084 5246 erunt,

435 5257 721 5331 hotesque
765 5260 1214 5333 propulsabunt.
1263 5262 1512 5320 Volucre
1551 5268 1786 5336 tempus
1836 5268 1963 5333 est;
1991 5279 2087 5320 ne-

437 5365 550 5421 que
579 5347 637 5404 id
691 5347 1007 5422 quisquam
1037 5367 1071 5407 a
1097 5355 1257 5424 tergo
1288 5369 1642 5424 persequens
1686 5353 1963 5425 consequi
1991 5369 2086 5425 po-

508 5529 621 5600 (41)
657 5526 946 5604 Stesilaus
972 5544 1108 5604 ergo
1139 5545 1293 5604 unus
1323 5535 1448 5586 erat
1485 5548 1516 5587 e
1537 5532 1737 5588 decem
1770 5537 2086 5604 praetorum

438 5615 705 5674 numero,
739 5599 845 5670 qui
874 5599 1296 5674 Marathoniam
1331 5617 1584 5674 pugnam
1619 5599 1890 5659 rexer'unt
1919 5603 2083 5674 (Nep.

435 5687 496 5725 ιη
525 5671 674 5748 Mitt.
729 5688 859 5748 cap.
884 5672 968 5748 _6_).
1003 5671 1222 5748 Nomen
1253 5671 1487 5748 Stesilai
1535 5674 1856 5748 Thrasylao
1905 5671 2088 5748 geniti

436 5743 627 5819 prodit
675 5743 855 5800 etiam
884 5742 1206 5802 Herodotus
1257 5761 1333 5817 vx,
1369 5746 1493 5813 114,
1542 5742 1797 5818 eumque
1825 5747 1884 5803 in
1907 5742 2088 5804 "dicta

2191 4752 2300 4799 νον,
2357 4731 2417 4792 ὃς
2475 4728 2697 4803 ἀμελῶς
2753 4729 2842 4784 καὶ
2893 4719 3156 4804 ’ῥᾳθύμως
3216 4725 3268 4782 έν
3317 4733 3396 4799 τῷ
3441 4728 3696 4801 πράττειν
3743 4726 3852 4784 διὲ-

2190 4837 2356 4876 κειτο·
2405 4818 2551 4874 ἀλλὰ
2596 4816 3106 4894 προευτρεπίζεσθαι
3152 4815 3243 4871 καὶ
3294 4818 3371 4889 μή
3413 4836 3559 4878 τινος
3607 4817 3852 4893 ἀνάγκης

2192 4905 2656 4985 πρυσδοκωμένης
2711 4905 2984 4978 πολέμου·
3045 4905 3119 4968 ὡς
3179 4904 3239 4959 ἂν
3296 4905 3849 4982 προπαρεσκευασμέ-

2193 5018 2283 5060 νας
2312 4998 2409 5059 τὰς
2442 4997 2624 5071 ψυχὰς
2670 4991 2912 5071 ἔχοντες,
2961 4993 3048 5049 ἐὰν
3099 4990 3232 5056 ἴσως
3279 4992 3369 5050 καὶ
3421 4991 3854 5070 ἀπροσδοκήτως

2196 5085 2397 5160 ἐπέλθῃ
2440 5106 2523 5147 τις
2572 5083 2844 5157 πόλεμος,
2893 5082 3224 5162 ὠφελήσουσι
3275 5084 3372 5157 μὲν
3425 5084 3674 5157 ἑαυτοὺς,
3721 5083 3853 5146 τοὺς

2196 5173 2254 5231 δὲ
2301 5175 2639 5250 ἀντιμάχους
2683 5173 3231 5250 κατατροπώσωνται·
3283 5173 3312 5227 6
3359 5173 3465 5248 γὰρ
3511 5173 3717 5249 χρόνος
3763 5193 3857 5229 τα-

2195 5263 2457 5341 χύτατος,
2511 5263 2601 5318 καὶ
2657 5259 2843 5318 οὐδένα
2897 5261 3176 5339 περιμένει
3230 5265 3340 5317 τῶν
3413 5261 3802 5337 ῥᾳθυμούντων
3837 5308 3851 5334 ,

2196 5351 2326 5410 οὐδὲ
2357 5349 2641 5424 δυνήσεταί
2671 5373 2755 5415 τις
2799 5351 2992 5430 φθάσαι
3035 5349 3194 5407 αὐτὸν
3243 5349 3562 5417 κατόπισθεν
3606 5352 3849 5428 τρέχωνο

2199 5547 2400 5606 pugna
2418 5530 2772 5606 occubuisse
2789 5530 2963 5606 dicit.

2269 5601 2382 5670 (Z2)
2410 5603 2610 5658 Scribe
2633 5601 2989 5670 πεντήκοντα.

2269 5675 2381 5747 (43)
2412 5675 2512 5747 Est
2540 5673 2650 5747 hoc
2699 5688 2912 5731 nomen
2934 5671 3258 5747 tardissimi
3295 5677 3353 5731 et
3380 5672 3668 5747 secordis,
3691 5674 3860 5733 senis

2200 5745 2840 5820 apud'Aristophanem
2877 5747 3025 5819 νέῳ.
3057 5761 3113 5816 ν,
3141 5745 3270 5816 232,
3302 5749 3360 5802 et
3388 5745 3518 5803 Pac.
3553 5745 3714 5803 1155.
