4096 6406
246 431 357 495 641

1393 422 1690 492 ORATIO
1734 416 1836 490 DE
1881 412 2107 489 annis
2152 418 2504 493 oramus.

3532 434 3652 495 642

246 562 368 620 οὐδὲ
399 564 486 619 ἐὰν
532 560 916 636 παραπλήσιος
963 563 1001 635 ᾗ
1026 562 1127 632 τὴν
1170 558 1453 636 ταχύτητα
1498 565 1605 617 τῶν
1649 564 1747 616 τοῦ
1798 560 1892 635 βο-

2016 560 2170 629 terit;
2216 578 2409 630 nemo,
2443 563 2705 635 inquam,
2738 579 2810 619 ne
2856 563 2905 618 si
2953 562 3138 619 alatos
3168 562 3404 635 quidem
3455 565 3652 622 Boreae

247 652 369 726 ρέου
412 653 706 724 πτερωτῶν
759 648 912 720 υἱῶν,
973 648 1049 710 ὡς
1107 649 1159 704 oi.
1206 646 1478 719 ’Έλληνες
1530 647 1897 722 μυθολογοῦσι

243 743 339 794 τοῦ
390 737 502 807 ’1ζῆ
553 739 667 811 (44)
712 757 771 793 τε
812 737 902 793 καὶ
947 740 1046 792 τοῦ
1094 735 1288 794 Κάλαϊ.
1340 736 1570 812 Κέγουσί
1619 757 1761 799 τινες
1814 735 1897 791 ὅτι

246 827 338 883 καῖ
366 824 650 887 Λύσιππος
700 826 730 880 6
782 824 1067 905 ζωγράφος
1115 828 1225 899 (45)
1274 824 1478 888 ἐκεῖνος
1519 826 1548 881 6
1581 824 1899 885 Σικυωνίοις

252 913 542 993 βουληθείς
590 917 935 992 ζωγραφῆσαι
986 914 1076 969 καὶ
1134 913 1209 976 ὡς
1259 913 1309 968 ἐν
1360 911 1756 990 παραδείγματι
1789 910 1898 967 δεῖ·

248 1006 329 1077 ξαι
362 1003 553 1061 ὁποίαν
586 998 703 1080 ἔχει
730 1004 831 1073 τήν
885 1003 1057 1080 φυγὴν
1092 1003 1120 1057 6
1166 1001 1391 1079 χρόνος,
1442 1001 1665 1071 ἐποίησε
1710 1006 1899 1056 τοῦτον

250 1094 450 1173 κωφὸν,
500 1090 995 1169 όπισθοφάλακρον,
1039 1088 1386 1166 πτερόποδα,
1438 1092 1527 1146 καὶ
1575 1088 1756 1145 ἐπάνω
1801 1094 1899 1145 τοῦ

246 1186 457 1259 τροχοῦ
508 1176 822 1257 βεϐηκότα,
885 1180 1159 1257 μάχαιραν
1221 1177 1440 1235 διδόντα
1488 1182 1722 1235 κατωθεν
1780 1180 1902 1234 terra

252 1272 399 1345 μένῳ
454 1268 582 1324 τινί·
640 1269 824 1347 κωφὸν
886 1269 1005 1343 μὶν,
1065 1268 1141 1331 ὡς
1198 1270 1335 1345 πρὸς
1387 1268 1515 1330 τοὺς
1565 1268 1724 1323 αὐτὸν
1784 1288 1895 1345 φω-

248 1363 475 1421 νοῦντας
534 1355 805 1433 μηδαμῶς
858 1356 1242 1431 αἰσθανόμενον
1304 1375 1317 1387 ·
1386 1355 1660 1435 φαλακρὸν
1721 1354 1778 1411 δὲ
1832 1358 1901 1410 τὰ

242 1444 485 1521 ὄπισθεν,
544 1447 621 1510 ὡς
678 1443 942 1502 ἀδυνάτου
1000 1441 1156 1508 ὄντος
1207 1441 1424 1501 ὅπισθεν
1486 1442 1753 1501 διώκοντά
1779 1466 1901 1500 τινα

242 1543 511 1614 κρατῆσαι
570 1534 729 1590 αὐτόν
761 1578 774 1593 .
834 1540 960 1597 Πῶς
1017 1532 1075 1589 δέ
1122 1556 1209 1596 τις
1267 1534 1426 1589 αὐτὸν
1479 1531 1900 1610 παραδραμόντα

243 1626 441 1702 φθάσαι
521 1623 760 1699 ίσχύσειε
814 1618 1131 1699 πτερόποδα
1201 1618 1326 1678 ὄντα
1380 1622 1471 1678 καὶ
1531 1622 1617 1677 ἐπὶ
1671 1622 1900 1697 σφαίρας

242 1713 532 1787 ἱστάμενον
568 1732 581 1782 ;
616 1708 833 1767 διδόντα
881 1709 937 1766 δὲ
984 1711 1156 1790 ξίφος,
1189 1708 1326 1767 διότι
1359 1713 1411 1766 οἱ
1446 1714 1585 1785 μήτε
1616 1708 1897 1784 δυνάμενοι

238 1804 342 1871 τῆς
395 1800 578 1875 κόμης
634 1807 920 1877 κρατῆσαι,
985 1803 1123 1873 μήτε
1196 1802 1390 1879 φθάσαι
1448 1821 1759 1879 φευγοντα,
1814 1821 1897 1855 τι-

238 1892 582 1967 τρώσκονται
632 1894 712 1961 τῷ
758 1889 905 1995 βέλει
951 1895 1050 1958 τῆς
1097 1888 1279 1960 λύπης
1328 1890 1402 1951 ὡς
1438 1896 1539 1960 τῆς
1574 1888 1779 1962 ζημίας
1810 1888 1899 1944 ἐπ-
1932 1930 1979 1995 Β

241 1979 641 2053 αισθανόμενοι.
675 1973 923 2041 Ἀννίϐας
971 1978 999 2032 6
1043 1985 1142 2048 τῆς
1194 1976 1445 2040 Σικελίας
1492 1980 1582 2033 καὶ
1633 1980 1900 2056 ’Δφρικῆς

242 2068 577 2145 στρατηγὸς,
636 2072 744 2122 τῶν
793 2067 1077 2141 Ῥωμαίων
1126 2067 1260 2123 ποτέ
1321 2065 1699 2142 βουληθέντων
1754 2066 1839 2121 ἐπι
1876 2099 1898 2108 -

239 2161 571 2234 θεραπεῦσαι
629 2156 765 2211 κατά
818 2162 918 2225 τῆς
988 2154 1242 2218 Σικελίας
1276 2201 1291 2228 ,
1350 2150 1728 2231 προλαμϐάνει
1798 2156 1897 2224 τὴν

238 2244 459 2324 ἔφοδονο
520 2244 609 2300 καὶ
665 2245 733 2300 τά
790 2238 1027 2300 δύσϐατα
1080 2249 1185 2299 τῶν
1245 2243 1458 2299 ἆλπίων
1520 2244 1691 2320 ὀρέων
1754 2241 1841 2298 δια
1876 2275 1898 2285 -

239 2334 519 2411 καθάρας,
570 2331 641 2388 δι’
691 2333 866 2389 αὐτῶν
911 2337 1045 2410 πρὸς
1094 2332 1323 2389 Ἰταλίαν
1382 2339 1575 2410 χωρεῖ·
1638 2332 1727 2388 καί
1790 2330 1901 2388 δια-

241 2424 432 2503 φόρως
481 2422 675 2485 αὐτοὺς
722 2421 1046 2496 πολεμήσας
1078 2469 1092 2497 ,
1141 2422 1504 2499 πολυτρόπως
1559 2421 1753 2484 αὐτοὺς
1812 2422 1897 2477 ἐκ·

242 2517 387 2583 νικᾷ·
444 2510 605 2573 τέλος
657 2508 715 2566 δὲ
769 2509 934 2566 πάλιν
991 2512 1066 2574 εἷς
1123 2509 1269 2566 πολὺ
1313 2511 1529 2582 πλῆθος
1559 2513 1897 2586 συναχθεῖσιν

245 2602 514 2663 ἐπιτεθεὶς
543 2599 620 2662 εἰς
665 2595 973 2675 Καλαϐρίαν
1018 2603 1153 2675 (46),
1199 2597 1501 2677 παράδοξόν
1545 2622 1663 2655 τινα
1712 2600 1900 2676 ἐπάγει

239 2691 337 2744 τὸν
386 2688 635 2765 ὄλεθρον
687 2685 910 2764 λέγουσι
960 2690 1062 2765 γὰρ
1107 2689 1241 2752 τούς
1291 2694 1529 2765 χρυσοῦς
1577 2686 1899 2750 δακτυλίους

240 2784 357 2834 τῶν
418 2777 832 2853 πεφονευμένων
894 2782 1238 2854 στρατιωτῶν
1293 2774 1469 2851 μοδίῳ
1528 2777 1789 2854 μετρῆσαί
1842 2796 1902 2832 τε

242 2867 336 2923 καὶ
397 2864 805 2942 διαμερίσασθαι
839 2887 851 2900 ’
910 2866 1006 2927 τὰς
1065 2863 1121 2921 δὲ
1172 2871 1427 2942 γυναῖκας
1484 2865 1754 2939 Ῥωμαίας
1813 2862 1903 2919 διὰ

246 2958 352 3025 τήν
411 2954 668 3026 τοιαύτην
722 2959 829 3011 τῶν
889 2952 1097 3031 ἀνδρῶν
1160 2955 1349 3010 σπάνιν
1407 2952 1763 3031 ἀνδραπόδοις
1812 2954 1901 3008 καὶ

251 3038 558 3122 βαρϐάροις
609 3042 1013 3119 συζεύγνυσθαι.
1049 3040 1204 3098 Ἀλλ’
1257 3044 1286 3097 6
1342 3047 1600 3105 τοσοῦτος
1652 3043 1901 3113 νικητής,

245 3135 456 3196 ἐκεῖνος
517 3126 783 3206 Ἀννίϐας,
844 3131 1062 3209 ἐπάρσει
1118 3133 1210 3187 καὶ
1282 3135 1460 3210 τρυφῇ
1515 3151 1841 3207 καταχαυνω
1873 3163 1905 3175 -

251 3222 389 3296 θεὶς,
440 3222 531 3277 καὶ
582 3218 672 3276 διὰ
710 3225 871 3276 τοῦτο
919 3219 1201 3295 ἀμελήσας
1242 3219 1403 3283 τέλος
1452 3218 1666 3298 ἄριστον
1708 3220 1904 3274 ἐπιθεῖ-

2008 647 2180 717 ﬁlios,
2214 654 2279 705 ut
2307 652 2487 706 Graeci
2537 650 2895 721 fabulantur,
2928 651 3086 707 Zetin
3121 656 3179 707 et
3208 652 3406 708 Calain
3458 654 3649 725 perni-

2008 736 2181 793 citate
2211 755 2318 794 sua
2347 739 2670 795 aemuletur.
2702 740 2879 795 Aiunt
2910 739 3225 813 Lysippum
3259 740 3536 813 pictorem
3571 741 3654 796 in-

2009 825 2247 898 clytum,
2300 827 2440 882 dum
2491 827 2776 901 Sicyoniis
2832 832 3066 901 tempus
3108 830 3356 902 ejusque
3403 830 3650 886 celerem

2010 914 2210 986 fugam
2239 916 2561 988 exprimere
2608 915 2800 985 vellet,
2834 923 3280 989 repraesentasse
3328 918 3471 974 illud
3520 936 3651 975 sur-

2009 1003 2150 1059 dum
2181 1004 2450 1077 occipitio
2482 1005 2663 1061 calvo.
2698 1007 2945 1077 pedibus
2975 1006 3164 1074 alatis,
3198 1012 3334 1062 rotae
3364 1007 3650 1074 insidens,

2009 1108 2329 1165 ensemque
2359 1094 2592 1149 cuidam
2632 1095 2855 1150 inferne
2893 1095 3147 1151 adstanti
3175 1095 3497 1169 porrigens.
3519 1101 3653 1153 Sur-

2009 1182 2150 1236 dum
2191 1181 2451 1254 quidem,
2483 1182 2622 1254 quia
2669 1183 2963 1238 neminem
2994 1201 3029 1238 a
3057 1200 3173 1255 quo
3218 1189 3454 1239 vocetur
3481 1201 3657 1241 exau-

2008 1268 2094 1324 dit
2125 1286 2138 1322 :
2172 1274 2324 1325 retro
2356 1270 2605 1333 calvum.
2630 1270 2767 1342 quia
2798 1286 2970 1326 nemo
3002 1271 3145 1327 illud
3179 1273 3538 1343 praeteritum
3572 1290 3655 1329 re-

2008 1358 2193 1415 tinere
2224 1364 2433 1431 potest.
2461 1359 2602 1424 Quis
2633 1360 2789 1415 enim
2819 1376 3058 1416 cursum
3094 1360 3363 1432 adaequet
3401 1361 3652 1433 alipedis

2008 1451 2065 1503 et
2108 1447 2462 1520 praeterlapsi
2519 1452 2773 1520 rotaeque
2811 1448 3183 1505 insistentis?
3216 1450 3471 1521 Denique
3522 1452 3653 1522 gla-

2009 1536 2173 1591 dium
2215 1537 2539 1608 porrigens,
2573 1536 3053 1609 quandoquidem
3098 1538 3157 1592 bi
3191 1540 3291 1609 qui
3338 1556 3522 1610 neque
3552 1556 3652 1596 ca-

2010 1624 2145 1697 pillo
2178 1625 2442 1693 relinere,
2477 1642 2665 1697 neque
2711 1641 2887 1681 cursu
2919 1625 3280 1697 aequiparare
3310 1633 3652 1698 potuerunt,

2011 1713 2274 1769 mceroris
2330 1713 2444 1770 telo
2504 1715 2784 1786 ﬁguntur,
2816 1715 2955 1786 quia
3012 1731 3188 1770 suum
3239 1717 3651 1772 detrimentum

2010 1804 2288 1859 sentiunt.
2324 1802 2608 1859 Hannibal
2649 1820 2751 1875 per
2798 1803 3057 1859 Siciliam
3105 1810 3161 1859 et
3204 1803 3455 1859 Africam
3489 1823 3654 1861 crea-

2009 1896 2103 1947 tus
2165 1892 2499 1963 imperator,
2534 1908 2669 1947 cum
2715 1892 2773 1947 in
2805 1890 3065 1948 Siciliam
3124 1892 3370 1948 Romani
3424 1895 3653 1966 expedi-

2012 1980 2230 2035 tionem
2264 1979 2635 2047 molirentur,
2658 1980 2978 2035 transitum
3006 1981 3130 2052 ipse
3161 1982 3519 2053 anticipavit,
3540 1983 3655 2039 via-

2012 2083 2125 2138 que
2155 2066 2266 2121 sibi
2310 2083 2414 2138 per
2460 2067 2690 2139 alpinos
2720 2072 2948 2122 montes
2979 2068 3288 2140 patefacta,
3318 2069 3374 2122 in
3427 2068 3653 2126 Italiam

2011 2156 2248 2228 irrupit;
2282 2156 2575 2212 Romanos
2622 2157 2871 2213 diversis
2910 2157 3129 2229 praeliis
3159 2158 3423 2231 pulsatos
3454 2161 3652 2234 fregit;

2012 2244 2324 2301 novissime
2352 2261 2483 2300 vero
2518 2262 2791 2317 magnam
2823 2244 3059 2301 illorum
3086 2246 3523 2304 multitudinem
3557 2251 3654 2305 de-

2011 2351 2128 2389 nuo
2158 2339 2514 2389 contractam
2563 2334 2888 2390 incredibili
2937 2335 3100 2391 clade
3134 2336 3190 2391 in
3223 2336 3491 2393 Calabria
3523 2355 3655 2411 pro-

2011 2421 2248 2494 ﬂigavit.
2282 2422 2485 2477 Fertur
2531 2424 2688 2478 enim
2742 2424 3026 2479 Hannibal
3066 2426 3391 2481 occisorum
3443 2426 3650 2482 Roma-

2008 2528 2217 2567 norum
2243 2527 2451 2566 aureos
2474 2510 2725 2566 annulos
2758 2512 2952 2567 modio
2981 2513 3216 2569 metitus
3236 2515 3612 2571 distribuisse
3636 2534 3650 2573 :

2006 2600 2299 2656 Romanas
2318 2605 2512 2655 autem
2533 2604 2831 2655 matronas
2851 2601 3005 2656 fama
3027 2606 3134 2672 est,
3152 2604 3396 2673 penuria
3416 2604 3651 2674 civium,

2008 2689 2189 2744 servis
2219 2694 2275 2744 et
2303 2688 2573 2743 barbaris
2618 2676 2909 2760 nupsisse.
2943 2690 3055 2745 Sed
3106 2690 3261 2745 enim
3312 2697 3511 2748 tantus
3559 2694 3652 2750 hic

2010 2776 2298 2833 Hannibal
2352 2775 2629 2849 superbia
2679 2776 3023 2848 deliciisque
3071 2777 3332 2846 inﬂatus,
3366 2797 3497 2835 cum
3552 2799 3651 2837 ne-

2010 2865 2288 2939 glexisset
2316 2865 2657 2937 praeclarum
2684 2865 3002 2921 terminum
3025 2866 3381 2923 facinoribus
3402 2870 3527 2924 suis
3550 2871 3655 2925 im-

2011 2970 2246 3027 ponere,
2268 2955 2350 3009 ita
2379 2962 2443 3009 ut
2472 2954 2718 3009 Romam
2748 2953 3041 3010 obsideret
3069 2959 3241 3026 atque
3271 2957 3652 3029 exscinderet,

2012 3049 2212 3116 postea
2244 3060 2277 3098 a
2308 3043 2702 3098 Romanorum
2742 3043 2889 3098 duce
2935 3043 3202 3115 Scipione
3250 3048 3485 3116 fugatus
3515 3050 3604 3101 est
3639 3064 3653 3103 :

2012 3135 2188 3203 atque
2218 3130 2300 3186 ita
2328 3129 2491 3186 exsul
2513 3130 2571 3185 in
2596 3130 2927 3204 Bithyniam
2949 3131 3200 3203 delatus,
3221 3150 3439 3190 veneno
3461 3139 3654 3207 epoto,

2012 3236 2280 3275 amarum
2311 3218 2440 3274 vitis
2471 3219 2647 3275 finem
2681 3224 2889 3276 nactus
2918 3225 3027 3276 est.
3056 3220 3338 3277 Similiter
3365 3222 3462 3278 alii
3492 3223 3662 3279 aliter

252 3332 343 3365 ναι
377 3295 518 3373 ταῖς
574 3308 851 3371 τοιαύταις
908 3310 1200 3386 πράξεσιν,
1258 3306 1363 3371 ἕως
1423 3295 1751 3383 ἐκπορθῆσαι
1807 3309 1904 3377 τήν

2018 3307 2262 3363 diversis
2292 3308 2657 3379 temporibus
2686 3308 2808 3379 pari
2840 3308 3193 3381 negligentia
3222 3315 3456 3367 utentes
3488 3327 3659 3383 pares

258 3400 486 3473 Ῥώμην
540 3398 630 3453 καὶ
683 3399 1019 3472 κατασκάψαι
1052 3445 1068 3471 ,
1126 3397 1375 3473 ὕστερον·
1419 3396 1524 3452 ὐπὸ
1591 3394 1913 3467 Σκηπίωνος

257 3491 361 3543 τοῦ
417 3491 759 3563 στρατηγῶν
814 3486 1101 3560 Ῥωμαίων
1158 3483 1538 3553 κατεδιώκετο,
1584 3486 1673 3540 καὶ
1704 3484 1911 3562 φεύγων

254 3578 362 3645 τὴν
421 3575 666 3631 Βιθυνίαν
723 3570 988 3631 κατέλαϐε
1020 3621 1034 3647 ,
1090 3576 1180 3630 καὶ
1237 3572 1578 3650 δηλητήριον
1630 3574 1911 3651 φάρμακον

255 3666 425 3738 πιὼν,
464 3668 674 3740 πικρῶς
723 3663 975 3719 ἀπώλεσε
1018 3665 1119 3734 τήν
1175 3665 1342 3734 ζωήν-
1391 3661 1647 3725 ὡσαύτως
1698 3660 1788 3716 καὶ
1817 3660 1913 3717 ἄλ-

256 3755 376 3816 λως
410 3750 615 3808 ἄλλοτε
642 3753 778 3808 κατὰ
825 3750 1117 3830 διαφόρους
1162 3750 1384 3826 καιροὺς
1434 3750 1802 3825 ἀμελήσαντες
1847 3749 1914 3804 τὰ

254 3843 430 3918 ὅμοια
460 3839 680 3906 ἔπαθον.
731 3840 1129 3916 Ἐπιμελητέον
1178 3840 1357 3897 τοίνυν
1410 3842 1662 3914 ἁρπάζειν
1703 3840 1793 3894 τὸν
1823 3840 1913 3915 ἁρ-

258 3929 608 4005 μοδιώτατον
641 3928 866 3985 ἐλθόντα
894 3932 1104 4005 καιρὸν,
1147 3930 1238 3985 καὶ
1291 3931 1367 4003 μὴ
1416 3933 1765 4005 παραχωρεῖν
1815 3927 1909 3983 αὐ-

250 4022 349 4077 τὸν
386 4020 485 4093 μὲν
513 4018 901 4095 παρέρχεσθαι,
934 4019 1009 4082 είς
1038 4018 1102 4074 τό
1132 4018 1337 4092 μέλλον
1390 4017 1447 4072 δὲ
1498 4016 1734 4086 ἐλπίζειν
1777 4014 1912 4087 ἀδή-

253 4109 373 4172 λως
404 4113 512 4164 τῶν
541 4106 971 4164 λυσιτελούντων
1005 4107 1303 4184 ἐπιτυχεῖν,
1352 4108 1389 4177 ἢ
1438 4109 1537 4177 τὴν
1585 4107 1761 4183 τυχήν
1792 4106 1915 4162 ἀνα-

256 4198 441 4273 μένειν
488 4199 559 4253 τὰ
608 4196 944 4253 συντείνοντα
1002 4195 1293 4253 ἐκτελέσαι⁸
1353 4195 1498 4253 ἀλλὰ
1548 4197 1624 4269 μὴ
1672 4214 1909 4272 προπαι-

253 4286 514 4357 δευτικὴν
581 4287 888 4359 ἐπιστήμην
960 4282 1107 4361 ἔχειν
1184 4288 1546 4359 κατορθοῦσαν
1619 4284 1792 4339 πάντα
1844 4286 1913 4340 τὰ

250 4374 684 4454 χρήσιμαο,ῐίαὶ
731 4370 1067 4451 κυϐερνήτης
1113 4374 1216 4448 γὰρ
1272 4370 1489 4450 ἄριστος
1540 4373 1739 4435 ἐκεῖνός
1769 4373 1908 4429 ἐστιν

249 4467 319 4528 ὃς
382 4464 435 4520 ἐν
496 4460 695 4525 εὐδίαις
755 4462 951 4537 εὐθέτῳ
1006 4467 1181 4539 καιρῷ
1226 4463 1315 4518 καὶ
1364 4464 1579 4538 γαλήνῃ
1623 4460 1909 4532 σπουδάζει

250 4554 351 4609 καὶ
401 4553 664 4631 λογισμὸν
709 4550 825 4628 ἔχει
871 4553 959 4608 καὶ
1014 4553 1315 4626 μέριμναν,
1364 4550 1690 4625 εὐτρεπίζειν
1742 4552 1908 4606 ἅπαν-

247 4664 324 4699 τα
379 4643 447 4698 τὰ
500 4643 639 4730 πρὸς
678 4641 1016 4718 ἀπαρτισμὸν
1066 4648 1167 4711 τῆς
1215 4640 1378 4730 *νηός
1437 4641 1526 4730 καὶ
1572 4639 1909 4730 ἐπιμελεῖται
1941 4665 1988 4730 D

241 4731 347 4788 ἵνα
404 4729 685 4803 ἐπιτήδεια
739 4732 841 4785 ὦσι
891 4730 957 4785 τά
1010 4751 1072 4786 τε
1126 4726 1373 4801 πηδάλια
1428 4729 1518 4784 καὶ
1574 4728 1781 4806 ἄρμενα
1818 4729 1907 4784 καὶ

247 4819 501 4898 σχοινίαυ
555 4821 630 4881 ὡς
682 4818 742 4874 ἄν
792 4840 923 4875 ποτε
969 4819 1257 4896 τρικυμίας
1306 4818 1395 4873 καὶ
1444 4816 1721 4881 κλύδωνος
1753 4817 1908 4873 ἐπελ-

246 4910 468 4982 θόντος,
524 4903 741 4979 ἀϐλαϐῆ
796 4909 885 4963 καὶ
939 4906 1218 4965 ἀκίνδυνον
1277 4905 1351 4970 εἴς
1418 4903 1616 4981 λιμένα
1672 4905 1907 4982 διασῃσώ

244 5000 361 5068 τήν
406 5001 554 5055 ναῦν.
596 4998 653 5051 Ὁ
701 4994 758 5052 δὲ
803 5002 911 5052 τῶν
962 4997 1258 5074 ἀναγκαίων
1305 5000 1403 5066 τῆς
1452 4998 1578 5067 νηὸς
1625 4994 1907 5072 χρειωδῶν

246 5085 503 5161 ἀμελῶν,
533 5087 622 5141 καὶ
668 5086 761 5141 τὸν
812 5083 1071 5141 εὐδιεινὸν
1113 5089 1214 5156 τὴς
1264 5084 1522 5141 εὐπλοίας
1568 5086 1752 5162 καιρὸν
1807 5086 1909 5140 ὑπὸ

249 5175 533 5255 ῥᾳθυμίας
580 5172 1044 5248 καταλιμπάνων,
1092 5175 1183 5231 καὶ
1227 5175 1363 5251 πρὸς
1408 5174 1473 5229 τὸ
1520 5170 1674 5252 ἔργον
1727 5171 1909 5229 δυσκί-

248 5285 424 5335 νητος
468 5261 565 5338 ὢν,
616 5264 1038 5332 καταποντιστὴς
1086 5260 1298 5336 μᾶλλον
1356 5262 1391 5332 ἢ
1441 5256 1777 5338 κυϐερνήτης
1828 5259 1909 5318 δί-

351 5462 446 5518 44)
477 5461 566 5516 Ita
591 5461 760 5518 codd.

325 5464 446 5534 (44)
477 5464 566 5516 Ita
591 5464 760 5518 codd.

320 5534 438 5613 μᾷ)
464 5532 642 5613 Atqui
674 5531 992 5613 Lysippum
1023 5529 1523 5613 ‘S'i‘cx‘oniumldicit
1546 5529 1905 5613 statuarium

241 5601 479 5660 Plinius
509 5601 610 5658 lib.
642 5601 832 5671 xxiuv,
853 5601 999 5659 sect.
1023 5603 1110 5656 19.
1125 5601 1435 5658 ’ϐοηεεηῐὶι
1463 5606 1660 5657 autem
1691 5603 1750 5656 in
1781 5618 1906 5657 ora-

244 5675 412 5749 tione
440 5672 1089 5749 genuina‘Nicephorus
1117 5673 1219 5746 qui
1262 5689 1368 5749 nec
1405 5673 1687 5749 pictorem
1717 5677 1904 5749 vocat,

244 5743 825 5805 immo'statuarium
854 5743 918 5806 ἐς
956 5743 1273 5827 agnoscere
1319 5743 1686 5805 demonstrat
1729 5745 1904 5805 verbo

2023 3397 2400 3453 adversitates
2421 3396 2637 3468 experti
2660 3402 2818 3452 sunt.
2839 3396 3109 3453 Studiose
3130 3398 3309 3471 igitur
3332 3401 3661 3456 curandum

2022 3490 2130 3558 est,
2164 3492 2231 3541 ut
2282 3485 2846 3557 opportunissimum
2881 3486 3155 3559 quodque
3205 3492 3441 3560 tempus
3471 3494 3666 3561 capte-

2024 3593 2177 3641 mus,
2207 3590 2395 3645 neque
2444 3574 2501 3628 id
2546 3573 2810 3630 sinamus
2856 3574 3031 3643 elabi,
3060 3592 3209 3632 caeca
3247 3594 3349 3649 spe
3377 3577 3493 3633 lusi
3545 3580 3666 3635 fore

2022 3672 2088 3721 ut
2116 3666 2271 3737 quod
2305 3662 2444 3718 utile
2486 3667 2577 3718 est
2615 3662 3044 3731 nanciscamur,
3078 3665 3221 3721 dum
3254 3666 3546 3722 fortunam
3577 3667 3665 3739 ipa

2021 3771 2149 3811 sam
2181 3770 2310 3824 quae
2363 3751 2533 3807 nobis
2562 3751 2878 3823 expediunt
2905 3756 3241 3817 curaturam
3291 3755 3667 3825 arbitramur,

2021 3842 2252 3900 etiamsi
2283 3857 2389 3897 nos
2434 3857 2503 3896 ea
2550 3840 2793 3897 minime
2841 3841 3090 3898 scsentia
3135 3842 3406 3899 instructi
3456 3845 3667 3915 simus,

2021 3948 2149 4004 quis
2180 3929 2466 4002 quidquid
2495 3928 2647 4002 frugi
2677 3934 2767 3985 est
2798 3934 3091 4002 operatur.
3117 3932 3374 3989 Profecto
3406 3931 3502 3989 ille
3527 3934 3671 4006 cpti-

2022 4036 2157 4075 mus
2184 4018 2540 4092 gubernator
2570 4021 2677 4085 est,
2706 4016 2805 4089 qui
2837 4035 3040 4076 sereno
3062 4019 3498 4093 tranquilloque
3527 4026 3671 4077 tem-

2021 4124 2179 4181 pore,
2213 4106 2475 4162 studium
2522 4122 2716 4173 omne,
2748 4107 3181 4179 cogitationem,
3213 4113 3271 4165 et
3317 4126 3521 4165 curam
3552 4109 3670 4165 col-

2020 4197 2173 4253 locat
2219 4196 2280 4252 in
2327 4196 2682 4268 apparandis
2712 4212 3095 4269 quaecumque
3144 4199 3215 4253 ad
3260 4199 3667 4254 instruendam

2021 4302 2224 4343 navem
2264 4284 2557 4357 pertinent
2606 4303 2618 4341 :
2670 4285 2891 4357 quique
2947 4285 3200 4342 consulit
3249 4289 3313 4341 ut
3359 4290 3534 4358 aptus
3590 4287 3671 4341 sit

2022 4374 2234 4445 malus,
2258 4378 2315 4430 et
2341 4373 2487 4445 vela,
2511 4379 2566 4429 et
2596 4374 2783 4441 funes,
2812 4374 2892 4429 ita
2922 4379 2987 4430 ut
3015 4391 3146 4430 cum
3179 4375 3543 4430 decumanus
3564 4374 3670 4429 ﬂu-

2021 4468 2151 4519 ctus
2182 4466 2616 4534 tempestasque
2646 4462 3183 4532 surrexerit,navim
3215 4462 3570 4518 incolumem
3602 4463 3662 4518 in

2020 4556 2251 4624 portum
2310 4551 2541 4606 referat.
2573 4555 2750 4607 Secus
2797 4567 2929 4607 vero
2978 4551 3075 4623 qui
3126 4550 3452 4607 necessaria
3498 4551 3664 4607 navis

2020 4641 2411 4697 instrumenta
2456 4638 2717 4712 negligit,
2750 4640 3145 4713 idoneumque
3194 4655 3465 4712 prospere
3498 4640 3664 4695 navi-

2019 4730 2210 4803 gando
2254 4745 2526 4784 serenum
2575 4733 2810 4800 tempus
2857 4729 3177 4784 socorditer
3205 4728 3443 4797 omittit,
3474 4744 3665 4800 neque

2018 4820 2089 4874 ad
2146 4818 2404 4873 laborem
2454 4815 2721 4872 alacriter
2759 4817 3065 4887 incumbit,
3099 4818 3149 4873 is
3196 4817 3531 4889 navifragus
3560 4834 3663 4889 po-

2018 4909 2138 4963 tius
2166 4923 2341 4979 quam
2392 4906 2748 4978 gubernator
2776 4906 3056 4978 appellari
3095 4907 3282 4962 debet.
3315 4907 3660 4979 Quanquam

2018 4996 2176 5052 enim
2206 5012 2237 5050 e
2265 4999 2612 5066 tempestate
2654 4995 2817 5050 navis
2866 4993 3181 5066 aliquando
3229 4994 3543 5051 incolumis
3573 5011 3662 5051 re-

2018 5085 2171 5149 deat,
2204 5084 2262 5138 id
2297 5083 2535 5138 fortunae
2589 5082 2998 5154 imputandum
3042 5084 3180 5152 erit;
3213 5100 3348 5139 nam
3400 5101 3501 5156 per
3548 5098 3663 5156 gu-

2019 5172 2344 5229 bernatoris
2375 5172 2611 5243 quidem
2655 5172 2943 5227 incuriam
2975 5188 3089 5228 non
3134 5172 3313 5242 stetit,
3347 5172 3664 5245 quominus

2019 5278 2085 5319 ea
2116 5261 2389 5318 ﬂuctibus
2420 5260 2851 5317 absorberetur.
2876 5260 3007 5316 Pari
3037 5277 3174 5334 ergo
3208 5262 3427 5319 ratione
3457 5278 3529 5318 ne
3558 5260 3667 5317 du-

2019 5458 2052 5527 ἠ
2084 5456 2188 5530 γαλ
2198 5456 2458 5530 μάτωσεν.

2113 5529 2205 5601 46)
2234 5530 2459 5586 Leviter
2485 5544 2677 5603 errare
2726 5531 2958 5586 videtur
3006 5529 3387 5602 Nicephorus,
3419 5546 3665 5603 geogra-

2018 5601 2166 5673 pbizs
2191 5601 2577 5686 φειδιειιίρίμιξι]Ξ
2605 5602 2676 5656 de
2705 5603 3033 5686 quametiam
3063 5601 3319 5686 scripsit,
3352 5601 3663 5686 ponnigna-

2018 5672 2140 5741 rus,
2173 5672 2319 5750 dum
2354 5672 2680 5750 Galabriam
2724 5672 2870 5731 dicit
2908 5690 3012 5748 pro
3057 5672 3309 5731 ﬁnitima
3335 5672 3566 5750 Apulia,
3599 5674 3662 5733 in

2015 5758 2135 5818 qua
2162 5743 2457 5818 provincia
2485 5748 2626 5802 sunt
