4096 6418
404 440 523 500 643

1654 426 2075 493 NICEPHORI
2125 426 2557 491 BLEMMlDrE

3690 433 3812 492 644

401 587 528 628 cem
558 570 797 642 quidem
822 566 1180 639 imparatum
1211 582 1341 622 esse
1370 568 1598 637 oportet
1626 563 1713 620 vel
1745 562 2044 635 negligen-

2159 581 2311 622 καιος
2364 560 2741 632 ὀνομάζεσθαι·
2786 558 2877 614 xui
2940 561 3026 616 ἐὰν
3095 558 3377 624 κλυδωνος
3421 561 3813 638 ἐπιγενομένου

405 664 546 725 tem,
579 658 677 713 sed
712 656 858 712 bene
887 656 1087 727 potius
1117 655 1431 725 eruditum,
1468 659 1591 709 arte
1625 670 1733 709 sua
1761 658 2052 719 exactum,

406 750 579 817 atque
608 745 669 801 in
700 744 861 800 omni
892 744 983 800 sui
1016 743 1279 799 muneris
1321 748 1481 815 parte
1530 742 1873 814 perfectum.
1906 739 2053 795 cele-

408 850 553 902 rem,
596 849 840 900 navum;
892 832 1000 889 alis
1048 833 1109 887 in
1159 848 1413 897 summa,
1445 830 1495 887 si
1543 831 1667 886 ﬁeri
1718 834 1927 902 potest,
1961 828 2055 883 in-

407 927 703 980 structum
732 923 851 977 sive
895 922 967 977 ad
1005 939 1247 977 suorum
1300 920 1543 976 tutelam
1574 924 1632 975 et
1662 918 2053 974 conservatio-

409 1028 565 1079 nem,
598 1012 720 1068 sive
749 1012 819 1067 ad
864 1012 1060 1067 hustes
1099 1011 1394 1066 venandos
1426 1008 2050 1081 praeocc’upandosque.

408 1102 479 1156 Et
507 1116 650 1156 sane
677 1100 729 1156 is
758 1104 955 1155 caveat
1009 1116 1083 1155 ne
1139 1098 1350 1155 similis
1389 1098 1466 1154 sit
1500 1097 1732 1153 inscitis
1790 1096 2049 1163 medicis,

407 1190 508 1262 qui
540 1205 798 1262 congrua
821 1188 1052 1261 aegrotis
1078 1188 1393 1259 pharmace
1414 1187 1571 1242 haud
1602 1191 1734 1240 ante
1757 1185 1867 1240 sibi
1898 1201 2052 1239 com-

409 1283 636 1351 parant,
687 1278 790 1333 sed
840 1277 1202 1334 necessitatis
1249 1278 1487 1332 demum
1543 1280 1800 1346 tempore
1848 1290 1915 1328 ea
1964 1290 2050 1329 re-

406 1367 676 1439 quirunt;
713 1383 841 1438 quae
894 1370 1036 1422 tunc
1085 1366 1133 1422 si
1190 1368 1335 1421 forte
1390 1364 1548 1420 haud
1607 1363 2050 1430 nanciscuntur,

404 1455 555 1511 mira
578 1454 783 1511 dicunt
804 1458 862 1511 et
882 1456 1130 1526 jactant,
1156 1453 1309 1509 illico
1332 1452 1610 1509 nimirum
1635 1469 1667 1507 a
1689 1467 1751 1507 se
1776 1452 2049 1507 morbum

404 1542 638 1615 pulsum
670 1543 761 1611 iri,
794 1542 1088 1615 siquidem
1138 1542 1347 1598 idonea
1390 1542 1704 1614 pharmace
1749 1557 1860 1595 non
1896 1540 2048 1593 desi-

404 1633 673 1689 derarent
706 1649 720 1686 :
753 1636 930 1703 atque
957 1631 1188 1687 interim
1225 1631 1545 1703 plurimum
1584 1630 1655 1685 de
1705 1631 2047 1701 pharmaco-

408 1738 538 1777 rum
564 1721 778 1776 virtute
806 1720 1117 1777 blaterant.
1148 1718 1421 1775 Nonnulli
1467 1723 1668 1774 contra
1697 1734 1762 1773 ex
1799 1718 1889 1772 his
1927 1733 2047 1771 me-

407 1808 555 1865 dicis
583 1809 989 1882 impotentiam
1037 1825 1206 1864 suam
1257 1812 1477 1863 natura:
1523 1807 1840 1879 imputant,
1874 1812 2050 1876 atquc

404 1896 488 1953 ita
517 1897 751 1953 nonnisi
801 1896 964 1953 oneri
1011 1897 1424 1969 aegrotantibus
1454 1899 1612 1951 sunt.
1646 1894 1702 1948 Si
1736 1894 1868 1966 quis
1915 1910 2048 1949 vero

402 2001 503 2041 eos
530 1984 925 2057 reprehendit,
957 1989 1178 2040 natura:
1204 1983 1612 2040 tantummodo
1651 1999 1715 2038 se
1746 1981 2049 2037 ministros

400 2089 529 2129 esse
554 2075 738 2140 aiunt,
760 2073 1164 2145 librarumque
1186 2073 1481 2129 doctrinas
1505 2075 1856 2144 conspuunt.
1884 2070 2047 2126 Mitto

401 2164 558 2235 quod
586 2162 648 2218 hi
679 2177 1077 2235 saepenumero
1107 2166 1328 2217 naturae
1358 2160 1471 2231 ipsi
1512 2160 1912 2225 adversantur,
1947 2174 2046 2213 ne-

401 2268 514 2323 que
544 2252 753 2307 medici
785 2256 943 2319 sunt,
972 2251 1073 2307 sed
1106 2255 1297 2323 pestes
1325 2254 1383 2305 et
1412 2248 1737 2305 homicidas.
1774 2247 2045 2302 lmitandi

404 2346 545 2395 sunt
575 2340 756 2412 igitur
785 2338 939 2395 docti
970 2340 1166 2411 potius
1196 2338 1627 2411 prudentesque
1657 2336 1891 2402 medici,
1919 2336 2043 2407 qui,

403 2429 568 2501 gnari
598 2445 775 2500 quam
804 2427 1037 2483 volucre
1082 2433 1316 2498 tempus
1348 2427 1445 2495 sit,
1478 2430 1660 2481 artem
1710 2441 1878 2480 suam
1910 2441 2044 2479 cum

403 2517 564 2572 omni
594 2516 903 2574 sedulitate
933 2520 1303 2588 expromunt,
1335 2515 1541 2587 primis
1572 2514 1756 2569 morbi
1790 2514 2046 2570 motibus

400 2607 794 2673 adversantes,
823 2610 889 2660 ut
918 2622 1094 2677 quam
1124 2605 1398 2661 ocissime
1425 2603 1779 2660 valetudinis
1812 2602 2047 2674 integri-

397 2698 577 2750 tatem
609 2694 942 2751 restituant.

2078 1932 2127 1997 B

2164 652 2197 718 ἡ
2230 654 2357 711 ναῦς
2416 650 2521 703 ἀπὸ
2578 654 2685 703 τῶν
2743 650 2997 721 κυμάτων
3062 645 3308 718 ἀϐλαϐὴς
3367 649 3811 729 διαφυλαχθείη,

2161 744 2321 793 τοῦτο
2349 747 2449 807 τῆς
2494 739 2672 813 τύχης
2718 737 2876 814 ἔργον
2928 734 3068 793 εἶ’ποι
3118 761 3199 801 τις
3248 741 3402 795 εἶναι·
3449 738 3574 796 ὅσον
3604 743 3710 817 γάρ
3747 742 3813 796 τὸ

2163 825 2268 879 ἀπὸ
2298 827 2394 894 τῆς
2426 824 2683 897 ἀμελείας
2734 824 2937 880 ἐκείνου
2984 823 3199 889 πάντως
3250 826 3309 882 ἂν
3354 830 3389 898 ἡ
3439 833 3565 891 ναῦς
3607 827 3814 884 ἐκινδύ-

2161 935 2313 970 νευσε
2368 916 2850 969 καταποντισθεῖσα
2882 958 2896 971 .
2955 915 3028 968 0-5
3096 917 3208 991 χρή
3284 917 3458 972 τοίνυν
3516 916 3644 974 οὐδὲ
3712 920 3807 973 τὸν

2162 1003 2458 1079 στρατηγὸν
2516 1003 2983 1079 ἀπαρασκεύαστον
3045 1002 3179 1058 εἶναι
3235 1005 3324 1059 καὶ
3384 1004 3600 1079 ἀμελῆ,
3662 1005 3813 1062 ἀλλὰ

2160 1092 2587 1167 κατηρτισμένον
2636 1091 2725 1146 καὶ
2772 1091 2980 1146 τέλειον
3030 1093 3161 1147 εἶναι
3211 1092 3261 1148 ἐν
3312 1100 3441 1149 πᾶσι
3470 1101 3589 1157 τοῖς
3622 1090 3807 1171 ἔργοις

2157 1185 2257 1249 τῆς
2290 1181 2491 1257 ἀρχῆς,
2540 1178 2711 1255 ἤγουν
2759 1180 2930 1255 ταχὺν
2962 1182 3111 1253 εἶναι,
3160 1180 3472 1255 σπουδαῖον,
3504 1187 3807 1261 πτερωτὸν,

2161 1269 2205 1323 εἷ
2237 1268 2480 1340 δυνατὸν,
2518 1267 2590 1331 εἶς
2621 1290 2679 1323 τε
2705 1271 2804 1338 τήν
2858 1274 2966 1325 τῶν
3015 1271 3230 1325 οἰκείων
3279 1270 3525 1350 φυλακὴν
3558 1274 3651 1328 καὶ
3683 1295 3810 1328 συν-

2159 1361 2412 1433 τήρησιν,
2462 1356 2536 1419 εἴς
2583 1379 2640 1413 τε
2687 1359 2785 1426 τὴν
2839 1364 2945 1413 τῶν
3000 1359 3249 1415 ἐναντίων
3301 1364 3468 1438 θήραν
3513 1363 3604 1418 καὶ
3634 1362 3807 1437 πρόσ-

2158 1447 2349 1520 ληψιν·
2420 1448 2510 1501 καὶ
2574 1448 2647 1519 μή
2731 1446 2923 1519 ὅμοιον
3000 1448 3131 1503 εἶναι
3199 1455 3316 1512 τοῖς
3391 1451 3619 1524 ἀμαθέσι
3694 1456 3803 1508 τῶν

2159 1535 2376 1611 ἰατρῶν,
2434 1533 2629 1597 οἵτινες
2685 1535 2747 1589 οὐ
2804 1539 3296 1610 παρασκευάζουσιν
3361 1536 3505 1615 ἔχειν
3563 1542 3632 1595 τά
3685 1547 3808 1603 τοῖς

2157 1630 2372 1686 νοσοῦσι
2416 1627 2757 1697 προσήκοντα
2803 1625 3078 1703 φάρμακα,
3136 1626 3282 1682 ἀλλά
3326 1631 3442 1684 κατ’
3487 1629 3647 1684 αὐτὸν
3699 1638 3805 1700 τῆς

2158 1715 2391 1790 ἀνάγκης
2454 1714 2641 1789 καιρὸν
2716 1714 3032 1784 ἐπιζητοῦσι
3100 1716 3476 1791 πορίζεσθαι·
3552 1718 3643 1773 καὶ
3723 1721 3801 1791 μή

2158 1801 2471 1873 δυνηθέντες
2532 1803 2726 1879 εὑρεῖν,
2782 1803 3217 1879 τερατολογοῦσι
3276 1805 3366 1860 καὶ
3425 1807 3804 1884 έγκαυχῶνται

2156 1894 2229 1955 ὡς
2260 1890 2406 1962 εἷ’περ
2439 1892 2587 1967 εἶχον
2639 1894 2897 1966 φάρμακα
2942 1895 3009 1947 τά
3056 1891 3323 1968 χρειώδη,
3363 1896 3579 1970 ταχέως
3611 1896 3670 1951 ἂν
3702 1898 3804 1965 τήν

2155 1982 2312 2036 νόσον
2366 1979 2675 2051 ἀπήλασαν,
2736 1981 2966 2036 πλεῖστα
3011 1982 3135 2057 περὶ
3176 1990 3277 2052 τῆς
3331 1988 3438 2038 τῶν
3497 1987 3805 2062 φαρμάκων

2158 2068 2438 2143 δυνάμεως
2498 2069 2977 2145 φυσιολογοῦντες.
3043 2072 3190 2134 Τινὲς
3262 2069 3320 2127 δὲ
3372 2078 3477 2128 τῶν
3537 2074 3806 2129 τοιούτων

2156 2158 2353 2232 ἷκε-ρῶν
2401 2160 2501 2226 τήν
2552 2159 2750 2212 ἑαυτῶν
2796 2156 3091 2231 ἀδυναμίαν
3157 2164 3224 2234 τῇ
3275 2160 3426 2238 φύσει
3475 2161 3804 2235 ἀνατιθέασι,

2156 2250 2353 2323 φόρτος
2408 2245 2568 2318 μόνον
2614 2247 2765 2308 κενὸς
2813 2252 2930 2309 τοῖς
2979 2247 3281 2323 ἀρρώστοις
3333 2251 3670 2327 φαινόμενοι·
3713 2254 3809 2307 καὶ

2157 2332 2211 2389 εἷ’
2255 2356 2337 2396 τις
2396 2334 2581 2396 αὐτοῖς
2638 2334 2826 2411 ὀφθείη
2883 2336 3231 2413 μεμφόμενος
3266 2384 3279 2410 ,
3341 2338 3549 2416 φύσεως
3629 2342 3806 2415 μόνης

2156 2423 2421 2499 ὑπουργοὶ
2471 2422 2719 2498 λέγουσιν
2772 2426 2925 2496 εἶναι,
2975 2425 3067 2486 τὰς
3115 2425 3220 2481 ἀπὸ
3249 2431 3355 2481 τῶν
3394 2423 3625 2502 βιϐλίων
3683 2430 3805 2485 ἐπι-

2154 2516 2365 2586 στήμας
2404 2513 2889 2588 παραιτησάμενοι·
2937 2512 3008 2567 ἐῶ
3053 2513 3155 2589 γὰρ
3204 2512 3402 2590 λέγειν,
3455 2516 3537 2571 ὅτι
3585 2515 3806 2574 πολλά-

2150 2623 2237 2663 κις
2292 2602 2381 2656 καὶ
2458 2599 2592 2673 αὐτῇ
2666 2604 2733 2673 τῇ
2792 2600 2943 2677 φύσει
3015 2601 3377 2658 ἐναντιοῦνται
3411 2648 3424 2661 .
3482 2606 3802 2679 θεραπευταὶ

2157 2692 2249 2764 μὲν
2293 2690 2393 2745 οὐκ
2439 2685 2605 2760 ὄντες,
2662 2689 2992 2764 βροτολογοὶ
3051 2688 3108 2745 δὲ
3142 2691 3378 2763 μάλιστα
3429 2693 3518 2747 καὶ
3558 2697 3800 2771 φθορεῖς,

398 2780 578 2838 Ἀλλά
611 2783 887 2855 μιμεῖσθαι
918 2780 1046 2842 τοὺς
1076 2784 1181 2835 τῶν
1218 2780 1412 2853 ἰατρῶν
1447 2778 1813 2851 ἐπιστήμονας
1870 2780 1959 2833 καὶ
2019 2781 2317 2858 φρονίμους
2374 2779 2425 2833 οἱ
2471 2779 2562 2832 τὸν
2615 2779 2801 2850 καιρὸν
2861 2776 3063 2841 εἰδότες
3123 2779 3375 2850 ὀξύτατον
3428 2782 3563 2854 μετά
3619 2783 3801 2855 πάσης

393 2868 637 2925 ἵστανται
715 2872 814 2939 τῆς
878 2868 1142 2941 σπουδῆς,
1222 2868 1290 2943 τῇ
1370 2864 1561 2943 πρώτῃ
1614 2870 1819 2937 κινήσει
1874 2872 1971 2923 τοῦ
2027 2871 2337 2942 νοσήματος
2394 2867 2787 2938 ἀνθιστάμενοι,
2842 2864 2934 2921 ἵνα
2991 2868 3066 2929 ὡς
3143 2867 3195 2923 έν
3256 2870 3508 2947 συντόμῳ
3568 2873 3632 2927 τὸ
3696 2880 3806 2942 τῆς

400 2958 578 3035 ὑγείας
608 2956 773 3014 καλὸν
810 2959 1111 3013 ιασώσωσιν
1122 3003 1134 3016 .

468 3050 560 3103 XI.
594 3051 713 3106 Rex
766 3048 956 3120 dignos
1010 3048 1370 3118 magistratus
1424 3046 1704 3115 eligat.—
1739 3051 1857 3118 Ago
1914 3063 2045 3102 vero

400 3136 547 3193 nihil
578 3136 767 3210 magis
815 3153 849 3192 a
894 3152 1029 3208 rege
1086 3135 1210 3190 ﬁeri
1265 3135 1661 3191 necessarium
1714 3141 1821 3201 est,
1867 3152 2044 3206 quam

395 3226 667 3296 judicum
713 3225 773 3280 in
822 3224 1095 3280 universa
1122 3224 1340 3280 ditione
1383 3240 1492 3278 sua
1538 3223 2042 3292 constitutionem;

400 3314 660 3386 itemque
690 3314 749 3369 in
781 3314 922 3370 foris
957 3313 1341 3385 mercatoriis,
1376 3316 1742 3380 curatorum;
1777 3312 1876 3384 qui
1904 3328 2044 3367 sane

396 3403 555 3459 haud
606 3407 812 3459 aveant
869 3402 1145 3458 humanis
1202 3402 1475 3457 carnibus
1533 3401 1682 3456 vesci
1741 3401 1829 3472 (id
1888 3401 2041 3472 quod

393 3491 738 3547 Prometheo
786 3491 1123 3564 contingere
1164 3489 1372 3546 fabulae
1421 3494 1678 3560 narrant,
1711 3490 1801 3545 cui
1852 3488 2039 3545 adﬁxo
2071 3475 2114 3541 C

397 3581 457 3636 in
488 3580 730 3636 Caucasi
781 3580 1027 3652 rupibus
1072 3581 1238 3651 jecur
1285 3579 1617 3650 depascitur
1660 3577 1898 3650 aquila),
1941 3578 2041 3633 sed

404 3669 505 3741 qui
539 3670 805 3741 apprime
851 3668 1103 3725 studiosi
1142 3668 1388 3739 justitiae
1416 3669 1553 3735 sint,
1590 3668 1691 3739 qui
1741 3666 2042 3722 avaritiam

398 3761 457 3814 et
484 3758 598 3829 ipsi
629 3774 663 3812 a
692 3774 755 3814 se
784 3756 1068 3830 repellant
1096 3762 1152 3812 et
1179 3757 1238 3811 in
1285 3756 1417 3813 aliis
1467 3761 1908 3830 persequantur,
1945 3755 2044 3827 qui

399 3849 590 3902 tutam
630 3845 1082 3917 aequabilitatem
1136 3850 1497 3913 conservent,
1548 3861 1735 3917 neque
1786 3842 2043 3916 pecuniae

411 3951 519 4007 per
565 3934 760 3991 scelus
789 3933 1125 4007 colligendae
1173 3935 1420 4005 inhient,
1451 3934 1866 4007 publicamque
1921 3949 2042 3988 rem

398 4021 738 4095 compilent,
792 4040 993 4079 verum
1048 4023 1318 4094 prudenti
1376 4022 1620 4078 consilio
1671 4023 1772 4093 jus
1827 4022 2044 4093 ubique

397 4112 849 4184 aequitatemque
880 4127 993 4183 pra}
1030 4129 1092 4168 se
1127 4113 1335 4182 ferant,
1368 4122 1542 4183 atque
1571 4128 1605 4166 a
1636 4110 1857 4166 caeteris
1890 4128 2041 4166 mor-

397 4198 615 4255 talibus
672 4197 845 4270 longe
891 4198 1181 4254 ditferant.
1214 4199 1413 4270 Neque
1462 4203 1655 4254 tamen
1709 4198 1771 4252 hi
1819 4197 2044 4253 similes

400 4286 637 4342 Cormbo
666 4286 755 4342 vel
787 4286 1045 4359 Margitee
1083 4286 1169 4343 vel
1215 4288 1391 4342 etiam
1424 4286 1696 4342 Melitidze
1728 4286 1868 4353 sint,
1899 4302 2043 4357 quo-

400 4392 532 4431 rum
565 4375 794 4447 primus
834 4376 893 4430 in
943 4374 1137 4431 littore
1186 4379 1351 4432 stans
1398 4375 1612 4430 ﬂuctus
1663 4375 2041 4443 numerabat;

400 4463 483 4519 ita
522 4469 719 4521 tamen
771 4467 835 4519 ut
883 4468 1016 4536 post
1071 4464 1310 4520 tertium
1364 4464 1729 4531 subsisteret,
1763 4466 2042 4535 majorem

400 4569 710 4609 numerum
763 4569 1103 4625 percensere
1134 4552 1420 4609 nesciens.
1451 4553 1611 4608 Alter
1651 4552 1928 4607 dubitans
1959 4568 2046 4608 ro-

394 4641 570 4712 gabat
616 4645 747 4697 uter
792 4646 1100 4713 parentum
1154 4658 1394 4698 suorum
1447 4657 1509 4696 se
1558 4640 1875 4713 genuisset.
1909 4641 2045 4696 Ter-

393 4730 513 4785 tius
544 4730 799 4802 deniquo
828 4730 1025 4787 uxoris
1069 4731 1430 4787 consortium
1471 4730 1707 4785 vitabat.
1741 4729 1897 4786 haud
1930 4746 2041 4784 caa-

2228 3046 2329 3101 lA'.
2361 3046 2423 3098 Ὃ
2471 3040 2529 3097 δὲ
2580 3042 2992 3118 ἀναγκαιότατόν
3045 3044 3156 3099 ἐστι
3201 3050 3281 3117 τῷ
3330 3044 3547 3121 βασιλεῖ
3582 3049 3800 3104 πάντων

2157 3132 2392 3205 μάλιστα
2445 3132 2508 3186 τὸ
2564 3131 2639 3193 εἷς
2691 3133 2894 3185 ἅπασαν
2948 3133 3046 3200 τήν
3100 3133 3187 3187 ὑπ’
3237 3133 3395 3189 αὐτὸν
3438 3135 3617 3211 ἀρχὴν
3654 3135 3803 3193 δικα-

2153 3223 2278 3283 στάς
2311 3221 2719 3297 ἐγκαταστῆσαι·
2762 3220 2824 3274 οὐ
2879 3222 2985 3293 μὴν
3043 3218 3100 3275 δὲ
3142 3219 3288 3277 ἀλλὰ
3334 3224 3423 3278 καὶ
3471 3224 3521 3279 ἐν
3572 3225 3803 3301 ἀγοραῖς

2155 3309 2490 3383 ἐπιμελητὰς
2524 3353 2542 3378 ,
2600 3308 2698 3364 οὐκ
2754 3309 3087 3384 ἀνθρωπίνας
3151 3311 3347 3387 σάρκας
3406 3312 3802 3387 ἐπιθυμοῦντας

2154 3398 2345 3453 ἐσθίειν
2401 3399 2597 3472 (καθὼς
2645 3400 2672 3453 6
2727 3403 2893 3471 μῦθος
2943 3396 3087 3474 λέγει
3133 3400 3225 3454 τὸν
3278 3403 3573 3477 Προμηθέα
3609 3408 3800 3460 παθεῖν

2152 3487 2203 3543 ἐν
2234 3493 2313 3560 τῷ
2361 3485 2472 3563 ὄρει
2523 3486 2783 3559 Καυκάσῳ
2831 3486 3288 3561 προσηλωμένον,
3336 3489 3495 3545 ἀετου
3543 3493 3606 3547 τὸ
3650 3496 3802 3570 ἧπαρ

2154 3577 2317 3631 αὑτοῦ
2369 3576 2781 3648 κατεσθίοντος)·
2844 3574 2988 3629 ἀλλά
3036 3576 3159 3649 περὶ
3222 3576 3479 3633 πλείστου
3531 3582 3803 3656 ποιουμέ-

2150 3686 2275 3726 νους
2329 3666 2397 3719 τά
2447 3662 2646 3734 δίκαια,
2705 3662 3018 3734 πλεονεξίας
3078 3666 3487 3741 ἀπεχομένους,
3547 3670 3639 3724 καὶ
3699 3672 3805 3726 ἀπὸ

2150 3758 2259 3807 τῶν
2314 3752 2500 3809 ἄλλων
2554 3752 2751 3823 ταύτην
2811 3750 3239 3826 ἀποδιώκοντας,
3301 3755 3537 3827 εὐταξίαν
3598 3758 3810 3815 οἰκονο-

2157 3846 2390 3915 μοῦντας
2440 3840 2943 3925 παρρησιάζεσθαι·
3007 3842 3067 3896 οὗ
3127 3845 3261 3918 πρὸς
3318 3842 3595 3922 συλλογὴν
3659 3868 3809 3925 χρη-

2157 3931 2335 4005 μάτῳν
2399 3929 2712 4006 παράνομον
2791 3924 3198 3993 ἀποϐλέποντας
3250 3980 3264 4006 ,
3325 3935 3417 3988 καὶ
3498 3924 3811 4012 λῃστρικῶς

2154 4018 2521 4091 διακειμένους
2570 4023 2640 4092 τῇ
2690 4016 2965 4091 πολιτείᾳ,
3010 4019 3158 4076 ἀλλὰ
3213 4022 3346 4094 μετά
3403 4020 3808 4100 λελογισμένης

2153 4108 2412 4170 συνέσεως
2463 4109 2527 4163 τὸ
2576 4108 2813 4181 νόμιμον
2865 4107 2952 4163 ἐπὶ
3000 4114 3128 4163 πᾶσι
3160 4111 3248 4165 xui
3290 4109 3646 4187 διορθωτικὸν
3678 4136 3806 4169 συν-

2154 4199 2516 4276 εισφέροντας,
2565 4196 2655 4251 xui
2705 4194 3052 4274 διαφέροντας
3099 4202 3205 4252 τῶν
3253 4197 3439 4254 ἄλλων
3489 4199 3681 4276 πολλῇ
3734 4205 3808 4275 τῇ

2152 4285 2453 4362 περιουσίᾳ·
2509 4286 2583 4359 μὴ
2633 4283 3048 4359 παραπλησίους
3101 4283 3156 4340 δὲ
3215 4283 3501 4363 Κόροίϐῳ,
3556 4292 3807 4368 Μαργίσῃ

2150 4397 2229 4445 τε,
2260 4376 2349 4429 καὶ
2395 4378 2474 4445 τῷ
2532 4371 2798 4447 Μελιτίδῃ
2855 4376 2988 4447 (47)·
3033 4376 3107 4429 ὦν
3164 4377 3191 4429 ὁ
3251 4377 3347 4448 μὲν
3378 4379 3500 4453 περὶ
3551 4379 3683 4442 τοὺς
3716 4381 3808 4435 αἲ-

2150 4462 2382 4540 γιαλοὺς
2461 4460 2691 4538 βαδίζων
2769 4462 2979 4536 ἐμέτρει
3036 4464 3103 4519 τὰ
3167 4464 3427 4538 κύματα,
3483 4468 3572 4522 καὶ
3635 4468 3809 4546 μέχρι

2150 4557 2316 4628 τριῶν
2365 4546 2711 4627 προϐαίνων,
2756 4549 2943 4606 ’ίστατο
3001 4552 3087 4607 ἐπὶ
3144 4551 3311 4608 πλέον
3376 4556 3451 4629 μὴ
3504 4552 3809 4630 δυνάμενος

2152 4645 2507 4717 προχωρεῖν·
2568 4640 2597 4694 6
2659 4638 2716 4694 δὲ
2773 4638 3046 4717 διαπορῶν
3105 4643 3313 4717 ἠρώτα,
3375 4643 3637 4720 ὁπότερος
3684 4652 3805 4704 ’τῶν

2152 4730 2351 4807 γονέων
2408 4728 2565 4783 αὐτὸν
2624 4729 2925 4804 ἐγέννησεν·
2988 4731 3016 4783 ὁ
3075 4727 3121 4784 δ’
3177 4728 3359 4807 ἕτερος
3416 4732 3516 4787 οὐκ
3567 4734 3811 4807 ἠθέλητε

395 4817 613 4875 libatus
664 4819 1033 4891 puriorisque
1079 4820 1208 4875 vita:
1256 4819 1616 4885 desiderans,
1651 4818 1750 4873 sed
1799 4834 1833 4872 a
1872 4834 2044 4873 socru

2156 4824 2491 4893 συμμιγῆναι
2538 4821 2607 4891 τῇ
2659 4816 2821 4871 αὐτοῦ
2869 4818 3107 4892 γυναικὶ,
3158 4818 3219 4873 οὐ
3274 4821 3554 4895 παρθενίαν
3602 4830 3805 4897 τιμῶν,

400 4922 510 4961 sua
537 4907 811 4978 vapulare
850 4915 1140 4979 metuens,
1173 4908 1222 4964 si
1255 4910 1401 4963 forte
1444 4923 1684 4962 uxorem
1716 4906 2042 4978 attingeret.

403 4995 559 5058 Quos
625 5011 829 5051 omnes
895 4997 1122 5052 consilii
1187 5001 1449 5069 expertes
1507 5000 1681 5067 atque
1745 4996 2046 5051 dementes

404 5082 587 5138 fuisse
618 5099 789 5140 nemo
821 5101 934 5140 non
965 5086 1142 5141 videt.
1174 5089 1400 5141 Rursus
1437 5084 1787 5157 pepulorum
1813 5083 2045 5155 judiccs

404 5186 477 5226 ne
507 5171 626 5227 sint
654 5172 833 5227 astuti
872 5190 937 5228 ac
987 5175 1261 5246 perversi,
1295 5191 1485 5246 neque
1512 5173 1585 5228 ad
1618 5172 1902 5228 maleﬁcia
1947 5189 2046 5228 so-

397 5259 573 5315 lertes
606 5275 618 5313 :
654 5260 857 5332 quales
887 5267 1052 5317 erant
1093 5262 1295 5333 Cacus,
1329 5261 1672 5335 Autolycus,
1706 5266 1762 5316 et
1790 5262 2046 5333 Euryba-

393 5354 506 5418 tes,
532 5346 634 5420 qui
665 5348 855 5404 aliena
884 5356 1149 5407 armenta
1178 5351 1438 5408 furantes
1459 5352 1531 5406 ad
1564 5367 1705 5406 suas
1735 5349 1936 5405 caulas
1967 5353 2048 5405 at-

392 5453 508 5509 que
536 5435 791 5493 latebras
837 5439 1054 5494 aversis
1084 5439 1426 5511 corporibus
1468 5439 1927 5511 pertrahebant:
1964 5438 2046 5494 ita

396 5530 462 5582 ut
485 5525 589 5598 qui
620 5526 838 5598 pedum
856 5528 1102 5600 vestigia
1129 5528 1188 5583 in
1212 5527 1507 5584 latronum
1527 5526 1835 5584 vestibulis
1854 5528 2048 5583 obser-

469 5666 584 5739 (47)
605 5667 839 5743 ΔΙῗιιίοιηεε
868 5670 1017 5728 duos
1048 5675 1334 5728 memorat
1364 5668 1725 5743 Polybiusin
1761 5669 2048 5726 Vaticanis

393 5739 664 5816 επεν-μιᾶς
686 5757 746 5821 p.
767 5742 893 5813 381,
914 5743 1153 5803 tertium
1180 5739 1606 5821 Aristophanes
1634 5740 1773 5802 Itan.
1804 5758 1860 5813 γ,
1883 5743 2044 5817 1022,

2156 4904 2279 4961 οὐδὲ
2311 4905 2547 4981 ἁγνεύειν
2602 4904 2957 4981 βουλόμενος,
3010 4905 3155 4961 ἀλλὰ
3204 4906 3374 4984 λέγων
3409 4905 3690 4987 φοϐεῖσθαι
3728 4915 3805 4985 μή

2155 5016 2287 5051 ποτε
2331 4992 2554 5049 κόλασιν
2607 4991 2734 5069 εὕρῃ
2780 4996 2925 5070 παρὰ
2978 5002 3079 5065 τῆς
3129 4998 3383 5069 πενθερᾶς
3428 4998 3594 5053 αὐτοῦ
3643 5003 3809 5077 χάριν

2152 5091 2253 5154 τῆς
2313 5082 2610 5144 συνουσίας·
2665 5080 2882 5160 ἀφελεῖς
2938 5078 3088 5146 ὄντες
3141 5083 3423 5148 παντελῶς
3479 5088 3571 5142 καὶ
3623 5089 3809 5160 ἀνόη-

2152 5193 2258 5228 τοι·
2324 5169 2462 5246 μηδὲ
2517 5169 2681 5226 πάλιν
2756 5171 3073 5247 περιέργους
3126 5172 3214 5228 καί
3284 5176 3660 5250 κακοτρόπους
3715 5180 3807 5234 καὶ

2156 5259 2529 5331 έπινοητικοὺς
2588 5259 2663 5321 εἰς
2719 5259 2780 5314 τὸ
2837 5262 3221 5337 πονηρεύεσθαι
3278 5282 3292 5296 ·
3344 5264 3529 5320 ὁποῖοι
3586 5270 3722 5336 ἦσαν
3779 5266 3810 5323 6'

2152 5370 2212 5404 τε
2240 5350 2468 5420 Κάκκος,
2520 5349 2548 5403 6
2603 5346 2935 5420 Αὐτόλυκος,
2983 5352 3072 5404 καὶ
3121 5353 3149 5406 6
3198 5347 3515 5427 Εὐρυϐάτης
3561 5357 3698 5429 (48),
3743 5357 3811 5412 τὰ

2154 5437 2419 5512 ἀλλότρια
2442 5437 2772 5499 κλέπτοντες
2825 5439 2954 5509 ζῶα,
3002 5439 3092 5494 καὶ
3145 5440 3219 5504 εἷς
3262 5442 3359 5505 τάς
3390 5442 3596 5507 οἰκείας
3627 5442 3805 5501 αὑτῶν

2156 5526 2520 5604 ἀντιστρόφως
2584 5527 2889 5602 εἰσάγοντες
2963 5526 3279 5593 καταδύσεις
3352 5533 3444 5586 xui
3516 5530 3757 5609 μάνδραις
3791 5553 3807 5569 ο

2153 5676 2211 5728 et
2238 5670 2528 5727 Lucianus
2558 5668 2622 5725 in
2650 5670 2941 5727 Amoribus
2971 5670 3130 5730 haud
3161 5675 3363 5736 procul
3394 5676 3533 5736 ﬁne.

2224 5743 2337 5822 (48)
2368 5742 2519 5802 Sunt
2549 5740 2609 5800 bi
2635 5739 2896 5802 latrones
2926 5741 2986 5802 in
3018 5739 3233 5806 fabulis
3265 5746 3499 5809 famosi.
