  <div class='ocr_page' id='page_1' title='image "/cluster/home/n/w/nwhite01/storage/ocr_20150623/142/mdp.39015078384792/330.png"; bbox 0 0 4096 6432; ppageno 0'>
   <div class='ocr_carea' id='block_1_1' title="bbox 256 439 365 500">
    <p class='ocr_par' dir='ltr' id='par_1_1' title="bbox 256 439 365 500">
     <span class='ocr_line' id='line_1_1' title="bbox 256 439 365 500; baseline 0 0"><span class='ocrx_word' id='word_1_1' title='bbox 256 439 365 500; x_wconf 73' lang='lat'>645</span> 
     </span>
    </p>
   </div>
   <div class='ocr_carea' id='block_1_2' title="bbox 1391 438 2504 504">
    <p class='ocr_par' dir='ltr' id='par_1_2' title="bbox 1391 438 2504 504">
     <span class='ocr_line' id='line_1_2' title="bbox 1391 438 2504 504; baseline -0.001 -2"><span class='ocrx_word' id='word_1_2' title='bbox 1391 440 1686 504; x_wconf 82' lang='lat' dir='ltr'>ORATIO</span> <span class='ocrx_word' id='word_1_3' title='bbox 1728 438 1832 502; x_wconf 85' lang='lat' dir='ltr'>DE</span> <span class='ocrx_word' id='word_1_4' title='bbox 1876 439 2103 502; x_wconf 78' lang='lat' dir='ltr'>REGIS</span> <span class='ocrx_word' id='word_1_5' title='bbox 2147 438 2504 502; x_wconf 86' lang='lat' dir='ltr'>OFFICllS.</span> 
     </span>
    </p>
   </div>
   <div class='ocr_carea' id='block_1_3' title="bbox 3529 440 3647 504">
    <p class='ocr_par' dir='ltr' id='par_1_3' title="bbox 3529 440 3647 504">
     <span class='ocr_line' id='line_1_3' title="bbox 3529 440 3647 504; baseline 0.034 -4"><span class='ocrx_word' id='word_1_6' title='bbox 3529 440 3647 504; x_wconf 75' lang='lat'>646</span> 
     </span>
    </p>
   </div>
   <div class='ocr_carea' id='block_1_4' title="bbox 251 567 1896 646">
    <p class='ocr_par' dir='ltr' id='par_1_4' title="bbox 251 567 1880 646">
     <span class='ocr_line' id='line_1_4' title="bbox 251 567 1880 646; baseline -0.001 -21"><span class='ocrx_word' id='word_1_7' title='bbox 251 568 382 625; x_wconf 78' lang='grc' dir='ltr'>ὥστε</span> <span class='ocrx_word' id='word_1_8' title='bbox 416 568 563 643; x_wconf 41' lang='grc' dir='ltr'>,τοὺς</span> <span class='ocrx_word' id='word_1_9' title='bbox 619 568 1132 646; x_wconf 71' lang='grc' dir='ltr'>περιεργαζομένους</span> <span class='ocrx_word' id='word_1_10' title='bbox 1192 571 1259 624; x_wconf 84' lang='grc' dir='ltr'>τὰ</span> <span class='ocrx_word' id='word_1_11' title='bbox 1308 573 1416 625; x_wconf 89' lang='grc' dir='ltr'>τῶν</span> <span class='ocrx_word' id='word_1_12' title='bbox 1472 567 1653 625; x_wconf 86' lang='grc' dir='ltr'>ποδῶν</span> <span class='ocrx_word' id='word_1_13' title='bbox 1707 570 1880 626; x_wconf 79' lang='grc' dir='ltr'>αὐτῶν</span> 
     </span>
    </p>
   </div>
   <div class='ocr_carea' id='block_1_5' title="bbox 2005 567 3656 646">
    <p class='ocr_par' dir='ltr' id='par_1_5' title="bbox 2005 572 3656 644">
     <span class='ocr_line' id='line_1_5' title="bbox 2005 572 3656 644; baseline 0.002 -18"><span class='ocrx_word' id='word_1_14' title='bbox 2005 577 2217 636; x_wconf 86' lang='lat' dir='ltr'>varent,</span> <span class='ocrx_word' id='word_1_15' title='bbox 2249 572 2411 627; x_wconf 90' lang='lat' dir='ltr'>illinc</span> <span class='ocrx_word' id='word_1_16' title='bbox 2441 572 2636 644; x_wconf 86' lang='lat' dir='ltr'>potius</span> <span class='ocrx_word' id='word_1_17' title='bbox 2665 577 2931 629; x_wconf 88' lang='lat' dir='ltr'>armenta</span> <span class='ocrx_word' id='word_1_18' title='bbox 2961 589 3196 644; x_wconf 88' lang='lat' dir='ltr'>egressa</span> <span class='ocrx_word' id='word_1_19' title='bbox 3215 573 3656 629; x_wconf 77' lang='lat' dir='ltr'>existimarent.</span> 
     </span>
    </p>
   </div>
   <div class='ocr_carea' id='block_1_6' title="bbox 252 655 1894 733">
    <p class='ocr_par' dir='ltr' id='par_1_6' title="bbox 252 655 1894 733">
     <span class='ocr_line' id='line_1_6' title="bbox 252 655 1894 733; baseline 0.001 -21"><span class='ocrx_word' id='word_1_20' title='bbox 252 655 374 733; x_wconf 72' lang='grc' dir='ltr'>ἴχνη</span> <span class='ocrx_word' id='word_1_21' title='bbox 409 657 461 712; x_wconf 83' lang='grc' dir='ltr'>ἐν</span> <span class='ocrx_word' id='word_1_22' title='bbox 490 660 560 732; x_wconf 78' lang='grc' dir='ltr'>τῇ</span> <span class='ocrx_word' id='word_1_23' title='bbox 593 656 882 713; x_wconf 84' lang='grc' dir='ltr'>είσελεύσει</span> <span class='ocrx_word' id='word_1_24' title='bbox 919 664 1022 727; x_wconf 86' lang='grc' dir='ltr'>τῆς</span> <span class='ocrx_word' id='word_1_25' title='bbox 1072 656 1413 721; x_wconf 80' lang='grc' dir='ltr'>καταδύσεως</span> <span class='ocrx_word' id='word_1_26' title='bbox 1459 664 1568 713; x_wconf 90' lang='grc' dir='ltr'>τῶν</span> <span class='ocrx_word' id='word_1_27' title='bbox 1622 659 1894 731; x_wconf 84' lang='grc' dir='ltr'>κλεπτῶν,</span> 
     </span>
    </p>
   </div>
   <div class='ocr_carea' id='block_1_7' title="bbox 252 740 1895 827">
    <p class='ocr_par' dir='ltr' id='par_1_7' title="bbox 252 740 1895 827">
     <span class='ocr_line' id='line_1_7' title="bbox 252 740 1895 827; baseline 0.001 -27"><span class='ocrx_word' id='word_1_28' title='bbox 252 740 650 820; x_wconf 76' lang='grc' dir='ltr'>ὑπολαμϐάνειν</span> <span class='ocrx_word' id='word_1_29' title='bbox 684 745 767 801; x_wconf 79' lang='grc' dir='ltr'>ὅτι</span> <span class='ocrx_word' id='word_1_30' title='bbox 821 744 1034 827; x_wconf 77' lang='grc' dir='ltr'>μᾶλλον</span> <span class='ocrx_word' id='word_1_31' title='bbox 1092 744 1317 816; x_wconf 81' lang='grc' dir='ltr'>ἐξῆλθον</span> <span class='ocrx_word' id='word_1_32' title='bbox 1370 748 1439 801; x_wconf 75' lang='grc' dir='ltr'>τὰ</span> <span class='ocrx_word' id='word_1_33' title='bbox 1495 751 1627 816; x_wconf 88' lang='grc' dir='ltr'>ζῶα·</span> <span class='ocrx_word' id='word_1_34' title='bbox 1688 748 1778 803; x_wconf 88' lang='grc' dir='ltr'>καὶ</span> <span class='ocrx_word' id='word_1_35' title='bbox 1833 747 1895 803; x_wconf 83' lang='grc' dir='ltr'>οὐ</span> 
     </span>
    </p>
   </div>
   <div class='ocr_carea' id='block_1_8' title="bbox 248 831 1894 909">
    <p class='ocr_par' dir='ltr' id='par_1_8' title="bbox 248 831 1894 909">
     <span class='ocr_line' id='line_1_8' title="bbox 248 831 1894 909; baseline 0 -18"><span class='ocrx_word' id='word_1_36' title='bbox 248 838 404 891; x_wconf 75' lang='grc' dir='ltr'>τοῦτο</span> <span class='ocrx_word' id='word_1_37' title='bbox 466 834 630 908; x_wconf 87' lang='grc' dir='ltr'>μόνον</span> <span class='ocrx_word' id='word_1_38' title='bbox 680 834 923 907; x_wconf 70' lang='grc' dir='ltr'>ἐποίουν,</span> <span class='ocrx_word' id='word_1_39' title='bbox 962 834 1108 890; x_wconf 84' lang='grc' dir='ltr'>ἀλλά</span> <span class='ocrx_word' id='word_1_40' title='bbox 1163 833 1252 890; x_wconf 78' lang='grc' dir='ltr'>καί</span> <span class='ocrx_word' id='word_1_41' title='bbox 1319 831 1649 909; x_wconf 76' lang='grc' dir='ltr'>μετήμειϐον</span> <span class='ocrx_word' id='word_1_42' title='bbox 1705 841 1894 908; x_wconf 79' lang='grc' dir='ltr'>ταῦτα,</span> 
     </span>
    </p>
   </div>
   <div class='ocr_carea' id='block_1_9' title="bbox 249 922 1896 1000">
    <p class='ocr_par' dir='ltr' id='par_1_9' title="bbox 249 922 1896 1000">
     <span class='ocr_line' id='line_1_9' title="bbox 249 922 1896 1000; baseline 0.001 -22"><span class='ocrx_word' id='word_1_43' title='bbox 249 923 333 978; x_wconf 79' lang='grc' dir='ltr'>καὶ</span> <span class='ocrx_word' id='word_1_44' title='bbox 409 922 915 1000; x_wconf 85' lang='grc' dir='ltr'>μετεχρωμάτιζον,</span> <span class='ocrx_word' id='word_1_45' title='bbox 981 922 1073 978; x_wconf 85' lang='grc' dir='ltr'>καὶ</span> <span class='ocrx_word' id='word_1_46' title='bbox 1149 924 1432 987; x_wconf 79' lang='grc' dir='ltr'>παντοίαις</span> <span class='ocrx_word' id='word_1_47' title='bbox 1503 930 1777 1000; x_wconf 82' lang='grc' dir='ltr'>μηχαναῖς</span> <span class='ocrx_word' id='word_1_48' title='bbox 1837 946 1896 980; x_wconf 90' lang='grc' dir='ltr'>τε</span> 
     </span>
    </p>
   </div>
   <div class='ocr_carea' id='block_1_10' title="bbox 247 1009 1895 1090">
    <p class='ocr_par' dir='ltr' id='par_1_10' title="bbox 247 1009 1895 1090">
     <span class='ocr_line' id='line_1_10' title="bbox 247 1009 1895 1090; baseline 0 -22"><span class='ocrx_word' id='word_1_49' title='bbox 247 1012 334 1068; x_wconf 81' lang='grc' dir='ltr'>καὶ</span> <span class='ocrx_word' id='word_1_50' title='bbox 383 1011 608 1089; x_wconf 81' lang='grc' dir='ltr'>τέχναις</span> <span class='ocrx_word' id='word_1_51' title='bbox 662 1011 793 1074; x_wconf 83' lang='grc' dir='ltr'>τοὺς</span> <span class='ocrx_word' id='word_1_52' title='bbox 836 1009 1064 1088; x_wconf 78' lang='grc' dir='ltr'>ἔχοντας</span> <span class='ocrx_word' id='word_1_53' title='bbox 1140 1012 1275 1068; x_wconf 73' lang='grc' dir='ltr'>αὐτὰ</span> <span class='ocrx_word' id='word_1_54' title='bbox 1330 1013 1746 1090; x_wconf 86' lang='grc' dir='ltr'>παρικρούοντο·</span> <span class='ocrx_word' id='word_1_55' title='bbox 1804 1013 1895 1068; x_wconf 86' lang='grc' dir='ltr'>καὶ</span> 
     </span>
    </p>
   </div>
   <div class='ocr_carea' id='block_1_11' title="bbox 247 1093 1892 1179">
    <p class='ocr_par' dir='ltr' id='par_1_11' title="bbox 247 1093 1892 1179">
     <span class='ocr_line' id='line_1_11' title="bbox 247 1093 1892 1179; baseline 0.001 -23"><span class='ocrx_word' id='word_1_56' title='bbox 247 1101 367 1164; x_wconf 79' lang='grc' dir='ltr'>τοὺς</span> <span class='ocrx_word' id='word_1_57' title='bbox 441 1106 885 1177; x_wconf 73' lang='grc' dir='ltr'>παρατηροῦντας</span> <span class='ocrx_word' id='word_1_58' title='bbox 961 1099 1312 1165; x_wconf 82' lang='grc' dir='ltr'>λανθάνοντες</span> <span class='ocrx_word' id='word_1_59' title='bbox 1350 1093 1682 1179; x_wconf 62' lang='grc' dir='ltr'>διέφευγον,</span> <span class='ocrx_word' id='word_1_60' title='bbox 1739 1099 1892 1172; x_wconf 89' lang='grc' dir='ltr'>δίκην</span> 
     </span>
    </p>
   </div>
   <div class='ocr_carea' id='block_1_12' title="bbox 248 1187 1896 1267">
    <p class='ocr_par' dir='ltr' id='par_1_12' title="bbox 248 1187 1896 1267">
     <span class='ocr_line' id='line_1_12' title="bbox 248 1187 1896 1267; baseline 0 -22"><span class='ocrx_word' id='word_1_61' title='bbox 248 1194 453 1245; x_wconf 87' lang='grc' dir='ltr'>καπνοῦ</span> <span class='ocrx_word' id='word_1_62' title='bbox 480 1189 763 1266; x_wconf 70' lang='grc' dir='ltr'>κρημνοὺς</span> <span class='ocrx_word' id='word_1_63' title='bbox 815 1187 1187 1266; x_wconf 80' lang='grc' dir='ltr'>διερχόμενοι,</span> <span class='ocrx_word' id='word_1_64' title='bbox 1217 1191 1307 1246; x_wconf 83' lang='grc' dir='ltr'>καὶ</span> <span class='ocrx_word' id='word_1_65' title='bbox 1364 1191 1591 1267; x_wconf 86' lang='grc' dir='ltr'>τοίχους</span> <span class='ocrx_word' id='word_1_66' title='bbox 1652 1192 1896 1265; x_wconf 84' lang='grc' dir='ltr'>ὑπερπη-</span> 
     </span>
    </p>
   </div>
   <div class='ocr_carea' id='block_1_13' title="bbox 248 1276 1896 1356">
    <p class='ocr_par' dir='ltr' id='par_1_13' title="bbox 248 1276 1896 1356">
     <span class='ocr_line' id='line_1_13' title="bbox 248 1276 1896 1356; baseline 0 -22"><span class='ocrx_word' id='word_1_67' title='bbox 248 1277 465 1349; x_wconf 86' lang='grc' dir='ltr'>δῶντες,</span> <span class='ocrx_word' id='word_1_68' title='bbox 491 1278 582 1334; x_wconf 86' lang='grc' dir='ltr'>καὶ</span> <span class='ocrx_word' id='word_1_69' title='bbox 639 1277 910 1341; x_wconf 67' lang='grc' dir='ltr'>τποικίλως</span> <span class='ocrx_word' id='word_1_70' title='bbox 969 1276 1449 1353; x_wconf 87' lang='grc' dir='ltr'>ἐναλλασσόμενοι·</span> <span class='ocrx_word' id='word_1_71' title='bbox 1484 1280 1558 1342; x_wconf 85' lang='grc' dir='ltr'>ὡς</span> <span class='ocrx_word' id='word_1_72' title='bbox 1618 1281 1645 1334; x_wconf 98' lang='lat'>6</span> <span class='ocrx_word' id='word_1_73' title='bbox 1686 1280 1896 1356; x_wconf 81' lang='grc' dir='ltr'>Νηρεὺς</span> 
     </span>
    </p>
   </div>
   <div class='ocr_carea' id='block_1_14' title="bbox 247 1365 1895 1445">
    <p class='ocr_par' dir='ltr' id='par_1_14' title="bbox 247 1365 1895 1445">
     <span class='ocr_line' id='line_1_14' title="bbox 247 1365 1895 1445; baseline 0 -22"><span class='ocrx_word' id='word_1_74' title='bbox 247 1367 466 1437; x_wconf 83' lang='grc' dir='ltr'>ἐκεῖνος,</span> <span class='ocrx_word' id='word_1_75' title='bbox 550 1368 640 1422; x_wconf 80' lang='grc' dir='ltr'>καὶ</span> <span class='ocrx_word' id='word_1_76' title='bbox 719 1365 1124 1443; x_wconf 81' lang='grc' dir='ltr'>Περικλύμενος</span> <span class='ocrx_word' id='word_1_77' title='bbox 1180 1369 1316 1442; x_wconf 85' lang='grc'>(49),</span> <span class='ocrx_word' id='word_1_78' title='bbox 1382 1370 1471 1424; x_wconf 84' lang='grc' dir='ltr'>καὶ</span> <span class='ocrx_word' id='word_1_79' title='bbox 1557 1368 1810 1445; x_wconf 75' lang='grc' dir='ltr'>Πρωτεὺς</span> <span class='ocrx_word' id='word_1_80' title='bbox 1867 1370 1895 1423; x_wconf 91' lang='lat'>6</span> 
     </span>
    </p>
   </div>
   <div class='ocr_carea' id='block_1_15' title="bbox 246 1455 1896 1534">
    <p class='ocr_par' dir='ltr' id='par_1_15' title="bbox 246 1455 1896 1534">
     <span class='ocr_line' id='line_1_15' title="bbox 246 1455 1896 1534; baseline -0.001 -21"><span class='ocrx_word' id='word_1_81' title='bbox 246 1455 544 1532; x_wconf 73' lang='grc' dir='ltr'>Αἰγύπτιος</span> <span class='ocrx_word' id='word_1_82' title='bbox 605 1458 885 1534; x_wconf 75' lang='grc' dir='ltr'>σοφιστής·</span> <span class='ocrx_word' id='word_1_83' title='bbox 946 1457 1004 1511; x_wconf 80' lang='grc' dir='ltr'>ὃν</span> <span class='ocrx_word' id='word_1_84' title='bbox 1077 1455 1324 1532; x_wconf 89' lang='grc' dir='ltr'>λέγουσιν</span> <span class='ocrx_word' id='word_1_85' title='bbox 1414 1458 1518 1513; x_wconf 85' lang='grc' dir='ltr'>ἀπὸ</span> <span class='ocrx_word' id='word_1_86' title='bbox 1604 1456 1896 1529; x_wconf 78' lang='grc' dir='ltr'>Παλλήνης</span> 
     </span>
    </p>
   </div>
   <div class='ocr_carea' id='block_1_16' title="bbox 245 1543 1896 1623">
    <p class='ocr_par' dir='ltr' id='par_1_16' title="bbox 245 1543 1896 1623">
     <span class='ocr_line' id='line_1_16' title="bbox 245 1543 1896 1623; baseline 0.001 -24"><span class='ocrx_word' id='word_1_87' title='bbox 245 1553 341 1615; x_wconf 80' lang='grc' dir='ltr'>τῆς</span> <span class='ocrx_word' id='word_1_88' title='bbox 398 1552 670 1618; x_wconf 83' lang='grc' dir='ltr'>Θρᾳκικῆς</span> <span class='ocrx_word' id='word_1_89' title='bbox 733 1545 1060 1619; x_wconf 69' lang='grc' dir='ltr'>ὑποστρέψαι</span> <span class='ocrx_word' id='word_1_90' title='bbox 1118 1548 1251 1601; x_wconf 74' lang='grc' dir='ltr'>ποτὲ</span> <span class='ocrx_word' id='word_1_91' title='bbox 1336 1546 1411 1608; x_wconf 86' lang='grc' dir='ltr'>εἰς</span> <span class='ocrx_word' id='word_1_92' title='bbox 1486 1543 1783 1623; x_wconf 69' lang='grc' dir='ltr'>Αἴγυπτον·</span> <span class='ocrx_word' id='word_1_93' title='bbox 1846 1546 1896 1600; x_wconf 88' lang='grc' dir='ltr'>ἐν</span> 
     </span>
    </p>
   </div>
   <div class='ocr_carea' id='block_1_17' title="bbox 249 1632 1890 1711">
    <p class='ocr_par' dir='ltr' id='par_1_17' title="bbox 249 1632 1890 1711">
     <span class='ocr_line' id='line_1_17' title="bbox 249 1632 1890 1711; baseline -0.001 -21"><span class='ocrx_word' id='word_1_94' title='bbox 249 1640 449 1711; x_wconf 80' lang='grc' dir='ltr'>μυχοῖς</span> <span class='ocrx_word' id='word_1_95' title='bbox 532 1633 621 1689; x_wconf 79' lang='grc' dir='ltr'>καὶ</span> <span class='ocrx_word' id='word_1_96' title='bbox 707 1633 981 1709; x_wconf 85' lang='grc' dir='ltr'>χάσμασιν</span> <span class='ocrx_word' id='word_1_97' title='bbox 1043 1632 1260 1698; x_wconf 77' lang='grc' dir='ltr'>ἀδύτοις</span> <span class='ocrx_word' id='word_1_98' title='bbox 1314 1656 1374 1690; x_wconf 90' lang='grc' dir='ltr'>τε</span> <span class='ocrx_word' id='word_1_99' title='bbox 1422 1634 1511 1690; x_wconf 85' lang='grc' dir='ltr'>καὶ</span> <span class='ocrx_word' id='word_1_100' title='bbox 1570 1636 1890 1709; x_wconf 84' lang='grc' dir='ltr'>ἀγνώστοις·</span> 
     </span>
    </p>
   </div>
   <div class='ocr_carea' id='block_1_18' title="bbox 249 1721 1892 1799">
    <p class='ocr_par' dir='ltr' id='par_1_18' title="bbox 249 1721 1892 1799">
     <span class='ocr_line' id='line_1_18' title="bbox 249 1721 1892 1799; baseline 0 -21"><span class='ocrx_word' id='word_1_101' title='bbox 249 1721 392 1778; x_wconf 83' lang='grc' dir='ltr'>ἀλλᾶ</span> <span class='ocrx_word' id='word_1_102' title='bbox 420 1724 536 1799; x_wconf 78' lang='grc' dir='ltr'>χρὴ</span> <span class='ocrx_word' id='word_1_103' title='bbox 594 1722 906 1799; x_wconf 80' lang='grc' dir='ltr'>ἐκλέγεσθαι</span> <span class='ocrx_word' id='word_1_104' title='bbox 965 1722 1181 1779; x_wconf 87' lang='grc' dir='ltr'>πόλεων</span> <span class='ocrx_word' id='word_1_105' title='bbox 1240 1722 1524 1786; x_wconf 78' lang='grc' dir='ltr'>ἐπιστάτας</span> <span class='ocrx_word' id='word_1_106' title='bbox 1564 1724 1654 1778; x_wconf 83' lang='grc' dir='ltr'>καὶ</span> <span class='ocrx_word' id='word_1_107' title='bbox 1714 1722 1892 1796; x_wconf 89' lang='grc' dir='ltr'>δημα-</span> 
     </span>
    </p>
   </div>
   <div class='ocr_carea' id='block_1_19' title="bbox 243 1808 1891 1891">
    <p class='ocr_par' dir='ltr' id='par_1_19' title="bbox 243 1808 1891 1891">
     <span class='ocr_line' id='line_1_19' title="bbox 243 1808 1891 1891; baseline 0.001 -25"><span class='ocrx_word' id='word_1_108' title='bbox 243 1810 475 1889; x_wconf 72' lang='grc' dir='ltr'>γωγοὺς,</span> <span class='ocrx_word' id='word_1_109' title='bbox 507 1808 699 1874; x_wconf 69' lang='grc' dir='ltr'>οἵτινες</span> <span class='ocrx_word' id='word_1_110' title='bbox 758 1812 968 1885; x_wconf 88' lang='grc' dir='ltr'>ὁμοίως</span> <span class='ocrx_word' id='word_1_111' title='bbox 1025 1812 1116 1867; x_wconf 85' lang='grc' dir='ltr'>καὶ</span> <span class='ocrx_word' id='word_1_112' title='bbox 1172 1812 1424 1891; x_wconf 79' lang='grc' dir='ltr'>ἀφέλειαν</span> <span class='ocrx_word' id='word_1_113' title='bbox 1482 1813 1571 1868; x_wconf 88' lang='grc' dir='ltr'>καὶ</span> <span class='ocrx_word' id='word_1_114' title='bbox 1629 1811 1891 1888; x_wconf 81' lang='grc' dir='ltr'>πονηρίαν</span> 
     </span>
    </p>
   </div>
   <div class='ocr_carea' id='block_1_20' title="bbox 243 1897 1893 1979">
    <p class='ocr_par' dir='ltr' id='par_1_20' title="bbox 243 1897 1893 1979">
     <span class='ocr_line' id='line_1_20' title="bbox 243 1897 1893 1979; baseline 0 -25"><span class='ocrx_word' id='word_1_115' title='bbox 243 1899 512 1979; x_wconf 79' lang='grc' dir='ltr'>ἐξέφυγον,</span> <span class='ocrx_word' id='word_1_116' title='bbox 571 1900 660 1955; x_wconf 79' lang='grc' dir='ltr'>καὶ</span> <span class='ocrx_word' id='word_1_117' title='bbox 746 1903 1008 1979; x_wconf 80' lang='grc' dir='ltr'>φρονήσει</span> <span class='ocrx_word' id='word_1_118' title='bbox 1072 1901 1161 1956; x_wconf 80' lang='grc' dir='ltr'>καὶ</span> <span class='ocrx_word' id='word_1_119' title='bbox 1221 1899 1527 1976; x_wconf 75' lang='grc' dir='ltr'>δικαιοσύνῃ</span> <span class='ocrx_word' id='word_1_120' title='bbox 1588 1897 1893 1974; x_wconf 83' lang='grc' dir='ltr'>κεκόσμην-</span> 
     </span>
    </p>
   </div>
   <div class='ocr_carea' id='block_1_21' title="bbox 238 1984 1887 2065">
    <p class='ocr_par' dir='ltr' id='par_1_21' title="bbox 238 1984 1887 2065">
     <span class='ocr_line' id='line_1_21' title="bbox 238 1984 1887 2065; baseline 0 -21"><span class='ocrx_word' id='word_1_121' title='bbox 238 2009 344 2044; x_wconf 87' lang='grc' dir='ltr'>ται·</span> <span class='ocrx_word' id='word_1_122' title='bbox 378 1987 643 2044; x_wconf 79' lang='grc' dir='ltr'>τοιούτων</span> <span class='ocrx_word' id='word_1_123' title='bbox 701 1990 802 2065; x_wconf 83' lang='grc' dir='ltr'>γὰρ</span> <span class='ocrx_word' id='word_1_124' title='bbox 858 1984 1028 2044; x_wconf 74' lang='grc' dir='ltr'>ὄντων</span> <span class='ocrx_word' id='word_1_125' title='bbox 1087 1988 1284 2062; x_wconf 80' lang='grc' dir='ltr'>αὐτῶν,</span> <span class='ocrx_word' id='word_1_126' title='bbox 1314 1989 1378 2045; x_wconf 86' lang='grc' dir='ltr'>τό</span> <span class='ocrx_word' id='word_1_127' title='bbox 1430 2011 1490 2045; x_wconf 88' lang='grc' dir='ltr'>τε</span> <span class='ocrx_word' id='word_1_128' title='bbox 1546 1988 1761 2058; x_wconf 79' lang='grc' dir='ltr'>πλῆθος</span> <span class='ocrx_word' id='word_1_129' title='bbox 1804 1987 1887 2044; x_wconf 71' lang='grc' dir='ltr'>εύ-</span> 
     </span>
    </p>
   </div>
   <div class='ocr_carea' id='block_1_22' title="bbox 238 2074 1933 2152">
    <p class='ocr_par' dir='ltr' id='par_1_22' title="bbox 238 2074 1933 2152">
     <span class='ocr_line' id='line_1_22' title="bbox 238 2074 1933 2152; baseline 0 -19"><span class='ocrx_word' id='word_1_130' title='bbox 238 2098 445 2152; x_wconf 88' lang='grc' dir='ltr'>κοσμον</span> <span class='ocrx_word' id='word_1_131' title='bbox 501 2076 646 2133; x_wconf 78' lang='grc' dir='ltr'>ἔσται</span> <span class='ocrx_word' id='word_1_132' title='bbox 695 2077 787 2132; x_wconf 76' lang='grc' dir='ltr'>σὺν</span> <span class='ocrx_word' id='word_1_133' title='bbox 842 2077 1069 2150; x_wconf 80' lang='grc' dir='ltr'>εὐταξίᾳ,</span> <span class='ocrx_word' id='word_1_134' title='bbox 1128 2078 1219 2133; x_wconf 81' lang='grc' dir='ltr'>καὶ</span> <span class='ocrx_word' id='word_1_135' title='bbox 1263 2079 1291 2133; x_wconf 90' lang='lat'>6</span> <span class='ocrx_word' id='word_1_136' title='bbox 1345 2077 1599 2152; x_wconf 75' lang='grc' dir='ltr'>βασιλεὺς</span> <span class='ocrx_word' id='word_1_137' title='bbox 1643 2075 1746 2149; x_wconf 69' lang='grc' dir='ltr'>ἕξει</span> <span class='ocrx_word' id='word_1_138' title='bbox 1796 2077 1886 2133; x_wconf 88' lang='grc' dir='ltr'>δό-</span> <span class='ocrx_word' id='word_1_139' title='bbox 1930 2074 1933 2077; x_wconf 49' lang='grc'><em>’</em></span> 
     </span>
    </p>
   </div>
   <div class='ocr_carea' id='block_1_23' title="bbox 241 2165 1886 2242">
    <p class='ocr_par' dir='ltr' id='par_1_23' title="bbox 241 2165 1886 2242">
     <span class='ocr_line' id='line_1_23' title="bbox 241 2165 1886 2242; baseline 0.001 -22"><span class='ocrx_word' id='word_1_140' title='bbox 241 2166 327 2237; x_wconf 82' lang='grc' dir='ltr'>ξαν</span> <span class='ocrx_word' id='word_1_141' title='bbox 357 2166 452 2221; x_wconf 80' lang='grc' dir='ltr'>καὶ</span> <span class='ocrx_word' id='word_1_142' title='bbox 483 2166 643 2229; x_wconf 81' lang='grc' dir='ltr'>κλέος</span> <span class='ocrx_word' id='word_1_143' title='bbox 672 2167 926 2221; x_wconf 89' lang='grc' dir='ltr'>τοιούτου</span> <span class='ocrx_word' id='word_1_144' title='bbox 981 2165 1279 2242; x_wconf 87' lang='grc' dir='ltr'>βασιλεύων</span> <span class='ocrx_word' id='word_1_145' title='bbox 1340 2165 1496 2222; x_wconf 79' lang='grc' dir='ltr'>λαοῦ.</span> <span class='ocrx_word' id='word_1_146' title='bbox 1529 2169 1643 2225; x_wconf 87' lang='grc' dir='ltr'>Ἵνα</span> <span class='ocrx_word' id='word_1_147' title='bbox 1695 2165 1752 2222; x_wconf 78' lang='grc' dir='ltr'>δὲ</span> <span class='ocrx_word' id='word_1_148' title='bbox 1796 2166 1886 2222; x_wconf 85' lang='grc' dir='ltr'>καὶ</span> 
     </span>
    </p>
   </div>
   <div class='ocr_carea' id='block_1_24' title="bbox 239 2251 1884 2331">
    <p class='ocr_par' dir='ltr' id='par_1_24' title="bbox 239 2251 1884 2331">
     <span class='ocr_line' id='line_1_24' title="bbox 239 2251 1884 2331; baseline 0.001 -22"><span class='ocrx_word' id='word_1_149' title='bbox 239 2256 375 2330; x_wconf 86' lang='grc' dir='ltr'>πρὸς</span> <span class='ocrx_word' id='word_1_150' title='bbox 444 2254 695 2331; x_wconf 82' lang='grc' dir='ltr'>ἀρίστους</span> <span class='ocrx_word' id='word_1_151' title='bbox 770 2251 964 2330; x_wconf 79' lang='grc' dir='ltr'>ἄνδρας</span> <span class='ocrx_word' id='word_1_152' title='bbox 1030 2256 1121 2310; x_wconf 87' lang='grc' dir='ltr'>τὸν</span> <span class='ocrx_word' id='word_1_153' title='bbox 1199 2254 1366 2330; x_wconf 89' lang='grc' dir='ltr'>λόγον</span> <span class='ocrx_word' id='word_1_154' title='bbox 1440 2255 1884 2331; x_wconf 84' lang='grc' dir='ltr'>ἐπαναγάγωμεν.</span> 
     </span>
    </p>
   </div>
   <div class='ocr_carea' id='block_1_25' title="bbox 237 2340 1886 2420">
    <p class='ocr_par' dir='ltr' id='par_1_25' title="bbox 237 2340 1886 2420">
     <span class='ocr_line' id='line_1_25' title="bbox 237 2340 1886 2420; baseline -0.001 -22"><span class='ocrx_word' id='word_1_155' title='bbox 237 2342 523 2406; x_wconf 86' lang='grc' dir='ltr'>τοιούτους</span> <span class='ocrx_word' id='word_1_156' title='bbox 583 2343 717 2398; x_wconf 74' lang='grc' dir='ltr'>εἶναι</span> <span class='ocrx_word' id='word_1_157' title='bbox 766 2340 850 2397; x_wconf 80' lang='grc' dir='ltr'>δεῖ</span> <span class='ocrx_word' id='word_1_158' title='bbox 895 2344 1021 2405; x_wconf 83' lang='grc' dir='ltr'>τοὸς</span> <span class='ocrx_word' id='word_1_159' title='bbox 1079 2343 1412 2420; x_wconf 81' lang='grc' dir='ltr'>στρατηγοὺς</span> <span class='ocrx_word' id='word_1_160' title='bbox 1469 2344 1557 2398; x_wconf 88' lang='grc' dir='ltr'>καὶ</span> <span class='ocrx_word' id='word_1_161' title='bbox 1604 2349 1702 2399; x_wconf 80' lang='grc' dir='ltr'>τοῦ</span> <span class='ocrx_word' id='word_1_162' title='bbox 1752 2343 1886 2399; x_wconf 77' lang='grc' dir='ltr'>λαοῦ</span> 
     </span>
    </p>
   </div>
   <div class='ocr_carea' id='block_1_26' title="bbox 239 2430 1885 2510">
    <p class='ocr_par' dir='ltr' id='par_1_26' title="bbox 239 2430 1885 2510">
     <span class='ocr_line' id='line_1_26' title="bbox 239 2430 1885 2510; baseline 0.001 -23"><span class='ocrx_word' id='word_1_163' title='bbox 239 2430 521 2503; x_wconf 78' lang='grc' dir='ltr'>διαιτητάς</span> <span class='ocrx_word' id='word_1_164' title='bbox 586 2433 675 2487; x_wconf 82' lang='grc' dir='ltr'>καὶ</span> <span class='ocrx_word' id='word_1_165' title='bbox 733 2431 981 2510; x_wconf 78' lang='grc' dir='ltr'>ἐφόρους,</span> <span class='ocrx_word' id='word_1_166' title='bbox 1041 2434 1156 2495; x_wconf 82' lang='grc' dir='ltr'>οἶος</span> <span class='ocrx_word' id='word_1_167' title='bbox 1217 2434 1283 2502; x_wconf 78' lang='grc' dir='ltr'>ἦν</span> <span class='ocrx_word' id='word_1_168' title='bbox 1345 2433 1373 2487; x_wconf 79' lang='grc' dir='ltr'><strong>ὁ</strong></span> <span class='ocrx_word' id='word_1_169' title='bbox 1424 2436 1607 2510; x_wconf 71' lang='grc' dir='ltr'>’Ἄραψ</span> <span class='ocrx_word' id='word_1_170' title='bbox 1683 2432 1885 2495; x_wconf 81' lang='grc' dir='ltr'>ἐκεῖνος</span> 
     </span>
    </p>
   </div>
   <div class='ocr_carea' id='block_1_27' title="bbox 238 2519 1887 2600">
    <p class='ocr_par' dir='ltr' id='par_1_27' title="bbox 238 2519 1887 2600">
     <span class='ocr_line' id='line_1_27' title="bbox 238 2519 1887 2600; baseline -0.001 -24"><span class='ocrx_word' id='word_1_171' title='bbox 238 2520 469 2584; x_wconf 72' lang='grc' dir='ltr'>Γουνεὺς</span> <span class='ocrx_word' id='word_1_172' title='bbox 516 2519 759 2596; x_wconf 84' lang='grc' dir='ltr'>Κέφαλος</span> <span class='ocrx_word' id='word_1_173' title='bbox 810 2522 839 2575; x_wconf 88' lang='lat'>6</span> <span class='ocrx_word' id='word_1_174' title='bbox 890 2520 941 2592; x_wconf 84' lang='grc' dir='ltr'>ἐξ</span> <span class='ocrx_word' id='word_1_175' title='bbox 991 2520 1212 2578; x_wconf 85' lang='grc' dir='ltr'>Ἰταλῶν</span> <span class='ocrx_word' id='word_1_176' title='bbox 1262 2519 1756 2600; x_wconf 76' lang='grc' dir='ltr'>πολιτογραφηθεὶς</span> <span class='ocrx_word' id='word_1_177' title='bbox 1810 2520 1887 2584; x_wconf 82' lang='grc' dir='ltr'>εἷς</span> 
     </span>
    </p>
   </div>
   <div class='ocr_carea' id='block_1_28' title="bbox 240 2607 1887 2689">
    <p class='ocr_par' dir='ltr' id='par_1_28' title="bbox 240 2607 1887 2689">
     <span class='ocr_line' id='line_1_28' title="bbox 240 2607 1887 2689; baseline -0.002 -21"><span class='ocrx_word' id='word_1_178' title='bbox 240 2612 494 2682; x_wconf 79' lang='grc' dir='ltr'>Ἀθήνας,</span> <span class='ocrx_word' id='word_1_179' title='bbox 552 2607 892 2684; x_wconf 86' lang='grc' dir='ltr'>Ἀριστείδης</span> <span class='ocrx_word' id='word_1_180' title='bbox 966 2630 1026 2664; x_wconf 89' lang='grc' dir='ltr'>τε</span> <span class='ocrx_word' id='word_1_181' title='bbox 1080 2610 1170 2664; x_wconf 84' lang='grc' dir='ltr'>καὶ</span> <span class='ocrx_word' id='word_1_182' title='bbox 1228 2611 1582 2689; x_wconf 84' lang='grc' dir='ltr'>Ἀριστοφῶν,</span> <span class='ocrx_word' id='word_1_183' title='bbox 1643 2614 1887 2682; x_wconf 76' lang='grc' dir='ltr'>συνήθεις</span> 
     </span>
    </p>
   </div>
   <div class='ocr_carea' id='block_1_29' title="bbox 239 2694 1886 2774">
    <p class='ocr_par' dir='ltr' id='par_1_29' title="bbox 239 2694 1886 2774">
     <span class='ocr_line' id='line_1_29' title="bbox 239 2694 1886 2774; baseline 0 -21"><span class='ocrx_word' id='word_1_184' title='bbox 239 2694 390 2762; x_wconf 75' lang='grc' dir='ltr'>ὄντες</span> <span class='ocrx_word' id='word_1_185' title='bbox 442 2703 551 2753; x_wconf 89' lang='grc' dir='ltr'>τῶν</span> <span class='ocrx_word' id='word_1_186' title='bbox 619 2698 940 2769; x_wconf 87' lang='grc' dir='ltr'>Ἀθηναίων·</span> <span class='ocrx_word' id='word_1_187' title='bbox 976 2699 1003 2753; x_wconf 92' lang='lat'>6</span> <span class='ocrx_word' id='word_1_188' title='bbox 1056 2698 1150 2772; x_wconf 75' lang='grc' dir='ltr'>μὲν</span> <span class='ocrx_word' id='word_1_189' title='bbox 1204 2697 1307 2774; x_wconf 76' lang='grc' dir='ltr'>γὰρ</span> <span class='ocrx_word' id='word_1_190' title='bbox 1361 2698 1585 2761; x_wconf 78' lang='grc' dir='ltr'>Γουνεὺς</span> <span class='ocrx_word' id='word_1_191' title='bbox 1647 2699 1886 2772; x_wconf 83' lang='grc' dir='ltr'>ἐννομώ-</span> 
     </span>
    </p>
   </div>
   <div class='ocr_carea' id='block_1_30' title="bbox 235 2785 1883 2860">
    <p class='ocr_par' dir='ltr' id='par_1_30' title="bbox 235 2785 1883 2860">
     <span class='ocr_line' id='line_1_30' title="bbox 235 2785 1883 2860; baseline -0.001 -18"><span class='ocrx_word' id='word_1_192' title='bbox 235 2808 401 2850; x_wconf 89' lang='grc' dir='ltr'>τατος</span> <span class='ocrx_word' id='word_1_193' title='bbox 459 2785 532 2841; x_wconf 81' lang='grc' dir='ltr'>ὢν</span> <span class='ocrx_word' id='word_1_194' title='bbox 587 2787 845 2856; x_wconf 81' lang='grc' dir='ltr'>δικαστὴς</span> <span class='ocrx_word' id='word_1_195' title='bbox 896 2785 986 2841; x_wconf 90' lang='grc' dir='ltr'>καὶ</span> <span class='ocrx_word' id='word_1_196' title='bbox 1059 2785 1367 2857; x_wconf 78' lang='grc' dir='ltr'>πλεονεξίαν</span> <span class='ocrx_word' id='word_1_197' title='bbox 1443 2793 1616 2843; x_wconf 82' lang='grc' dir='ltr'>πᾶσαν</span> <span class='ocrx_word' id='word_1_198' title='bbox 1693 2792 1883 2860; x_wconf 80' lang='grc' dir='ltr'>μισῶν,</span> 
     </span>
    </p>
   </div>
   <div class='ocr_carea' id='block_1_31' title="bbox 236 2871 1885 2945">
    <p class='ocr_par' dir='ltr' id='par_1_31' title="bbox 236 2871 1885 2945">
     <span class='ocr_line' id='line_1_31' title="bbox 236 2871 1885 2945; baseline -0.001 -13"><span class='ocrx_word' id='word_1_199' title='bbox 236 2876 488 2938; x_wconf 72' lang='grc' dir='ltr'>καὶτοὺς</span> <span class='ocrx_word' id='word_1_200' title='bbox 518 2874 847 2938; x_wconf 87' lang='grc' dir='ltr'>πλεονέκτας</span> <span class='ocrx_word' id='word_1_201' title='bbox 891 2872 1162 2945; x_wconf 81' lang='grc' dir='ltr'>κολάζων,</span> <span class='ocrx_word' id='word_1_202' title='bbox 1193 2871 1549 2931; x_wconf 78' lang='grc' dir='ltr'>Βαϐυλωνίων</span> <span class='ocrx_word' id='word_1_203' title='bbox 1604 2877 1693 2931; x_wconf 84' lang='grc' dir='ltr'>καὶ</span> <span class='ocrx_word' id='word_1_204' title='bbox 1752 2883 1885 2931; x_wconf 86' lang='grc' dir='ltr'>Φοι--</span> 
     </span>
    </p>
   </div>
   <div class='ocr_carea' id='block_1_32' title="bbox 237 2963 1886 3040">
    <p class='ocr_par' dir='ltr' id='par_1_32' title="bbox 237 2963 1886 3040">
     <span class='ocr_line' id='line_1_32' title="bbox 237 2963 1886 3040; baseline 0.001 -21"><span class='ocrx_word' id='word_1_205' title='bbox 237 2964 402 3020; x_wconf 81' lang='grc' dir='ltr'>νίκων</span> <span class='ocrx_word' id='word_1_206' title='bbox 448 2963 843 3019; x_wconf 83' lang='grc' dir='ltr'>στασιασάντων</span> <span class='ocrx_word' id='word_1_207' title='bbox 903 2964 1056 3035; x_wconf 69' lang='grc' dir='ltr'>ποτε,</span> <span class='ocrx_word' id='word_1_208' title='bbox 1083 2963 1204 3033; x_wconf 78' lang='grc' dir='ltr'>ἥκει</span> <span class='ocrx_word' id='word_1_209' title='bbox 1258 2965 1395 3040; x_wconf 87' lang='grc' dir='ltr'>πρὸς</span> <span class='ocrx_word' id='word_1_210' title='bbox 1454 2964 1645 3027; x_wconf 85' lang='grc' dir='ltr'>αὐτοὺς</span> <span class='ocrx_word' id='word_1_211' title='bbox 1699 2964 1886 3021; x_wconf 86' lang='grc' dir='ltr'>κελευ-</span> 
     </span>
    </p>
   </div>
   <div class='ocr_carea' id='block_1_33' title="bbox 238 3050 1888 3133">
    <p class='ocr_par' dir='ltr' id='par_1_33' title="bbox 238 3050 1888 3133">
     <span class='ocr_line' id='line_1_33' title="bbox 238 3050 1888 3133; baseline 0.001 -24"><span class='ocrx_word' id='word_1_212' title='bbox 238 3053 410 3125; x_wconf 80' lang='grc' dir='ltr'>σάσης</span> <span class='ocrx_word' id='word_1_213' title='bbox 440 3060 540 3122; x_wconf 82' lang='grc' dir='ltr'>τῆς</span> <span class='ocrx_word' id='word_1_214' title='bbox 572 3050 965 3128; x_wconf 85' lang='grc' dir='ltr'>Σεμιράμιδος·</span> <span class='ocrx_word' id='word_1_215' title='bbox 998 3053 1026 3107; x_wconf 90' lang='lat'>6</span> <span class='ocrx_word' id='word_1_216' title='bbox 1059 3050 1125 3107; x_wconf 76' lang='grc' dir='ltr'>δά</span> <span class='ocrx_word' id='word_1_217' title='bbox 1160 3053 1251 3107; x_wconf 85' lang='grc' dir='ltr'>καὶ</span> <span class='ocrx_word' id='word_1_218' title='bbox 1310 3052 1473 3125; x_wconf 88' lang='grc' dir='ltr'>μόνον</span> <span class='ocrx_word' id='word_1_219' title='bbox 1537 3054 1719 3133; x_wconf 77' lang='grc' dir='ltr'>ὀφθεὶς</span> <span class='ocrx_word' id='word_1_220' title='bbox 1777 3052 1888 3110; x_wconf 89' lang='grc' dir='ltr'>δια-</span> 
     </span>
    </p>
   </div>
   <div class='ocr_carea' id='block_1_34' title="bbox 240 3140 1888 3220">
    <p class='ocr_par' dir='ltr' id='par_1_34' title="bbox 240 3140 1888 3220">
     <span class='ocr_line' id='line_1_34' title="bbox 240 3140 1888 3220; baseline 0.001 -23"><span class='ocrx_word' id='word_1_221' title='bbox 240 3142 359 3199; x_wconf 83' lang='grc' dir='ltr'>λύει</span> <span class='ocrx_word' id='word_1_222' title='bbox 418 3143 518 3211; x_wconf 78' lang='grc' dir='ltr'>τὴν</span> <span class='ocrx_word' id='word_1_223' title='bbox 577 3143 778 3196; x_wconf 84' lang='grc' dir='ltr'>στάσιν·</span> <span class='ocrx_word' id='word_1_224' title='bbox 837 3141 927 3196; x_wconf 81' lang='grc' dir='ltr'>καὶ</span> <span class='ocrx_word' id='word_1_225' title='bbox 1001 3140 1137 3217; x_wconf 89' lang='grc' dir='ltr'>πρὸς</span> <span class='ocrx_word' id='word_1_226' title='bbox 1221 3140 1403 3220; x_wconf 89' lang='grc' dir='ltr'>φιλίαν</span> <span class='ocrx_word' id='word_1_227' title='bbox 1490 3145 1740 3199; x_wconf 82' lang='grc' dir='ltr'>συνάπτει</span> <span class='ocrx_word' id='word_1_228' title='bbox 1821 3145 1888 3199; x_wconf 76' lang='grc' dir='ltr'>τὰ</span> 
     </span>
    </p>
   </div>
   <div class='ocr_carea' id='block_1_35' title="bbox 240 3227 1883 3308">
    <p class='ocr_par' dir='ltr' id='par_1_35' title="bbox 240 3227 1883 3308">
     <span class='ocr_line' id='line_1_35' title="bbox 240 3227 1883 3308; baseline 0.001 -21"><span class='ocrx_word' id='word_1_229' title='bbox 240 3234 395 3307; x_wconf 79' lang='grc' dir='ltr'>γένη,</span> <span class='ocrx_word' id='word_1_230' title='bbox 428 3235 509 3303; x_wconf 79' lang='grc' dir='ltr'>τῷ</span> <span class='ocrx_word' id='word_1_231' title='bbox 545 3229 734 3306; x_wconf 82' lang='grc' dir='ltr'>τρόπῳ</span> <span class='ocrx_word' id='word_1_232' title='bbox 791 3230 880 3285; x_wconf 87' lang='grc' dir='ltr'>καὶ</span> <span class='ocrx_word' id='word_1_233' title='bbox 935 3233 1003 3303; x_wconf 79' lang='grc' dir='ltr'>τῇ</span> <span class='ocrx_word' id='word_1_234' title='bbox 1064 3229 1229 3306; x_wconf 71' lang='grc' dir='ltr'>ἀρετ-ἤ</span> <span class='ocrx_word' id='word_1_235' title='bbox 1285 3227 1420 3285; x_wconf 72' lang='grc' dir='ltr'>αἷδὼ</span> <span class='ocrx_word' id='word_1_236' title='bbox 1474 3231 1562 3286; x_wconf 78' lang='grc' dir='ltr'>καὶ</span> <span class='ocrx_word' id='word_1_237' title='bbox 1621 3231 1883 3308; x_wconf 78' lang='grc' dir='ltr'>ἐντροπὴν</span> 
     </span>
    </p>
   </div>
   <div class='ocr_carea' id='block_1_36' title="bbox 2003 660 3645 733">
    <p class='ocr_par' dir='ltr' id='par_1_36' title="bbox 2003 660 3645 733">
     <span class='ocr_line' id='line_1_36' title="bbox 2003 660 3645 733; baseline 0.002 -17"><span class='ocrx_word' id='word_1_238' title='bbox 2003 662 2199 733; x_wconf 87' lang='lat' dir='ltr'>Neque</span> <span class='ocrx_word' id='word_1_239' title='bbox 2230 662 2286 716; x_wconf 92' lang='lat' dir='ltr'>id</span> <span class='ocrx_word' id='word_1_240' title='bbox 2316 660 2508 717; x_wconf 91' lang='lat' dir='ltr'>solum</span> <span class='ocrx_word' id='word_1_241' title='bbox 2540 661 2795 718; x_wconf 80' lang='lat' dir='ltr'>latrones</span> <span class='ocrx_word' id='word_1_242' title='bbox 2820 662 3528 728; x_wconf 84' lang='lat' dir='ltr'>faciebant,verumetiam</span> <span class='ocrx_word' id='word_1_243' title='bbox 3560 663 3645 719; x_wconf 87' lang='lat' dir='ltr'>fu-</span> 
     </span>
    </p>
   </div>
   <div class='ocr_carea' id='block_1_37' title="bbox 2005 749 3647 822">
    <p class='ocr_par' dir='ltr' id='par_1_37' title="bbox 2005 749 3647 822">
     <span class='ocr_line' id='line_1_37' title="bbox 2005 749 3647 822; baseline 0.002 -18"><span class='ocrx_word' id='word_1_244' title='bbox 2005 751 2149 806; x_wconf 83' lang='lat' dir='ltr'>catis</span> <span class='ocrx_word' id='word_1_245' title='bbox 2172 749 2463 806; x_wconf 89' lang='lat' dir='ltr'>coloribus</span> <span class='ocrx_word' id='word_1_246' title='bbox 2494 756 2756 805; x_wconf 91' lang='lat' dir='ltr'>armenta</span> <span class='ocrx_word' id='word_1_247' title='bbox 2784 751 3304 822; x_wconf 86' lang='lat' dir='ltr'>transﬁgurabant,</span> <span class='ocrx_word' id='word_1_248' title='bbox 3330 755 3388 805; x_wconf 90' lang='lat' dir='ltr'>et</span> <span class='ocrx_word' id='word_1_249' title='bbox 3412 767 3647 807; x_wconf 82' lang='lat' dir='ltr'>sexcen-</span> 
     </span>
    </p>
   </div>
   <div class='ocr_carea' id='block_1_38' title="bbox 2003 838 3643 910">
    <p class='ocr_par' dir='ltr' id='par_1_38' title="bbox 2003 838 3643 910">
     <span class='ocr_line' id='line_1_38' title="bbox 2003 838 3643 910; baseline 0.002 -17"><span class='ocrx_word' id='word_1_250' title='bbox 2003 838 2078 893; x_wconf 88' lang='lat' dir='ltr'>tis</span> <span class='ocrx_word' id='word_1_251' title='bbox 2110 838 2260 893; x_wconf 91' lang='lat' dir='ltr'>dolis</span> <span class='ocrx_word' id='word_1_252' title='bbox 2290 843 2463 910; x_wconf 85' lang='lat' dir='ltr'>atque</span> <span class='ocrx_word' id='word_1_253' title='bbox 2494 838 2756 894; x_wconf 79' lang='lat' dir='ltr'>artiﬁciis</span> <span class='ocrx_word' id='word_1_254' title='bbox 2778 841 2974 910; x_wconf 86' lang='lat' dir='ltr'>justos</span> <span class='ocrx_word' id='word_1_255' title='bbox 3013 840 3281 894; x_wconf 88' lang='lat' dir='ltr'>dominos</span> <span class='ocrx_word' id='word_1_256' title='bbox 3324 839 3604 896; x_wconf 84' lang='lat' dir='ltr'>fallebant</span> <span class='ocrx_word' id='word_1_257' title='bbox 3630 859 3643 897; x_wconf 89' lang='lat'>:</span> 
     </span>
    </p>
   </div>
   <div class='ocr_carea' id='block_1_39' title="bbox 2005 926 3648 1000">
    <p class='ocr_par' dir='ltr' id='par_1_39' title="bbox 2005 926 3648 1000">
     <span class='ocr_line' id='line_1_39' title="bbox 2005 926 3648 1000; baseline 0.003 -19"><span class='ocrx_word' id='word_1_258' title='bbox 2005 944 2142 982; x_wconf 91' lang='lat' dir='ltr'>nam</span> <span class='ocrx_word' id='word_1_259' title='bbox 2173 932 2229 983; x_wconf 86' lang='lat' dir='ltr'>et</span> <span class='ocrx_word' id='word_1_260' title='bbox 2254 926 2490 983; x_wconf 90' lang='lat' dir='ltr'>illorum</span> <span class='ocrx_word' id='word_1_261' title='bbox 2541 928 2815 983; x_wconf 89' lang='lat' dir='ltr'>custodes</span> <span class='ocrx_word' id='word_1_262' title='bbox 2865 928 3126 983; x_wconf 81' lang='lat' dir='ltr'>latebant</span> <span class='ocrx_word' id='word_1_263' title='bbox 3181 944 3284 1000; x_wconf 90' lang='lat' dir='ltr'>per</span> <span class='ocrx_word' id='word_1_264' title='bbox 3320 928 3648 1000; x_wconf 88' lang='lat' dir='ltr'>inaccessa,</span> 
     </span>
    </p>
   </div>
   <div class='ocr_carea' id='block_1_40' title="bbox 2004 1014 3640 1091">
    <p class='ocr_par' dir='ltr' id='par_1_40' title="bbox 2004 1014 3640 1091">
     <span class='ocr_line' id='line_1_40' title="bbox 2004 1014 3640 1091; baseline 0.003 -22"><span class='ocrx_word' id='word_1_265' title='bbox 2004 1014 2152 1071; x_wconf 89' lang='lat' dir='ltr'>fumi</span> <span class='ocrx_word' id='word_1_266' title='bbox 2183 1016 2389 1085; x_wconf 83' lang='lat' dir='ltr'>instar,</span> <span class='ocrx_word' id='word_1_267' title='bbox 2424 1015 2775 1087; x_wconf 89' lang='lat' dir='ltr'>obrependo,</span> <span class='ocrx_word' id='word_1_268' title='bbox 2807 1032 2975 1071; x_wconf 90' lang='lat' dir='ltr'>muro</span> <span class='ocrx_word' id='word_1_269' title='bbox 3010 1016 3421 1091; x_wconf 79' lang='lat' dir='ltr'>transiliendo,</span> <span class='ocrx_word' id='word_1_270' title='bbox 3448 1018 3640 1074; x_wconf 88' lang='lat' dir='ltr'>varias</span> 
     </span>
    </p>
   </div>
   <div class='ocr_carea' id='block_1_41' title="bbox 2004 1104 3654 1180">
    <p class='ocr_par' dir='ltr' id='par_1_41' title="bbox 2004 1104 3654 1180">
     <span class='ocr_line' id='line_1_41' title="bbox 2004 1104 3654 1180; baseline 0.002 -22"><span class='ocrx_word' id='word_1_271' title='bbox 2004 1104 2222 1159; x_wconf 87' lang='lat' dir='ltr'>formas</span> <span class='ocrx_word' id='word_1_272' title='bbox 2254 1104 2572 1174; x_wconf 88' lang='lat' dir='ltr'>induendo,</span> <span class='ocrx_word' id='word_1_273' title='bbox 2602 1104 2779 1159; x_wconf 83' lang='lat' dir='ltr'>veluti</span> <span class='ocrx_word' id='word_1_274' title='bbox 2832 1105 3046 1160; x_wconf 85' lang='lat' dir='ltr'>Nereus</span> <span class='ocrx_word' id='word_1_275' title='bbox 3103 1104 3223 1171; x_wconf 88' lang='lat' dir='ltr'>ille,</span> <span class='ocrx_word' id='word_1_276' title='bbox 3282 1110 3340 1160; x_wconf 88' lang='lat' dir='ltr'>et</span> <span class='ocrx_word' id='word_1_277' title='bbox 3404 1105 3654 1180; x_wconf 88' lang='lat' dir='ltr'>Pericly-</span> 
     </span>
    </p>
   </div>
   <div class='ocr_carea' id='block_1_42' title="bbox 2006 1192 3652 1266">
    <p class='ocr_par' dir='ltr' id='par_1_42' title="bbox 2006 1192 3652 1266">
     <span class='ocr_line' id='line_1_42' title="bbox 2006 1192 3652 1266; baseline 0.002 -20"><span class='ocrx_word' id='word_1_278' title='bbox 2006 1207 2236 1260; x_wconf 88' lang='lat' dir='ltr'>menus,</span> <span class='ocrx_word' id='word_1_279' title='bbox 2267 1197 2325 1247; x_wconf 90' lang='lat' dir='ltr'>et</span> <span class='ocrx_word' id='word_1_280' title='bbox 2360 1193 2596 1248; x_wconf 82' lang='lat' dir='ltr'>Proteus</span> <span class='ocrx_word' id='word_1_281' title='bbox 2626 1192 2891 1263; x_wconf 80' lang='lat' dir='ltr'>sophista</span> <span class='ocrx_word' id='word_1_282' title='bbox 2911 1192 3210 1264; x_wconf 68' lang='lat' dir='ltr'>Egyptius</span> <span class='ocrx_word' id='word_1_283' title='bbox 3238 1211 3250 1261; x_wconf 94' lang='lat'><strong>;</strong></span> <span class='ocrx_word' id='word_1_284' title='bbox 3276 1210 3450 1266; x_wconf 86' lang='lat' dir='ltr'>quem</span> <span class='ocrx_word' id='word_1_285' title='bbox 3484 1194 3652 1251; x_wconf 86' lang='lat' dir='ltr'>aiunt</span> 
     </span>
    </p>
   </div>
   <div class='ocr_carea' id='block_1_43' title="bbox 2003 1280 3649 1354">
    <p class='ocr_par' dir='ltr' id='par_1_43' title="bbox 2003 1280 3649 1354">
     <span class='ocr_line' id='line_1_43' title="bbox 2003 1280 3649 1354; baseline 0.001 -17"><span class='ocrx_word' id='word_1_286' title='bbox 2003 1297 2033 1337; x_wconf 88' lang='lat' dir='ltr'>e</span> <span class='ocrx_word' id='word_1_287' title='bbox 2063 1280 2295 1336; x_wconf 86' lang='lat' dir='ltr'>Pallene</span> <span class='ocrx_word' id='word_1_288' title='bbox 2324 1281 2604 1336; x_wconf 88' lang='lat' dir='ltr'>Thraeica</span> <span class='ocrx_word' id='word_1_289' title='bbox 2635 1281 2978 1352; x_wconf 80' lang='lat' dir='ltr'>migravisse</span> <span class='ocrx_word' id='word_1_290' title='bbox 3010 1281 3070 1336; x_wconf 93' lang='lat' dir='ltr'>in</span> <span class='ocrx_word' id='word_1_291' title='bbox 3111 1282 3649 1354; x_wconf 60' lang='lat' dir='ltr'>[Egyptumﬁbique</span> 
     </span>
    </p>
   </div>
   <div class='ocr_carea' id='block_1_44' title="bbox 2004 1368 3647 1441">
    <p class='ocr_par' dir='ltr' id='par_1_44' title="bbox 2004 1368 3647 1441">
     <span class='ocr_line' id='line_1_44' title="bbox 2004 1368 3647 1441; baseline 0.001 -17"><span class='ocrx_word' id='word_1_292' title='bbox 2004 1369 2063 1424; x_wconf 90' lang='lat' dir='ltr'>in</span> <span class='ocrx_word' id='word_1_293' title='bbox 2096 1371 2280 1425; x_wconf 84' lang='lat' dir='ltr'>antris</span> <span class='ocrx_word' id='word_1_294' title='bbox 2307 1369 2657 1440; x_wconf 89' lang='lat' dir='ltr'>quibusdam</span> <span class='ocrx_word' id='word_1_295' title='bbox 2701 1369 3005 1441; x_wconf 82' lang='lat' dir='ltr'>adytisque</span> <span class='ocrx_word' id='word_1_296' title='bbox 3046 1368 3362 1440; x_wconf 80' lang='lat' dir='ltr'>incognitis</span> <span class='ocrx_word' id='word_1_297' title='bbox 3420 1369 3647 1427; x_wconf 87' lang='lat' dir='ltr'>habita-</span> 
     </span>
    </p>
   </div>
   <div class='ocr_carea' id='block_1_45' title="bbox 2001 1456 3642 1530">
    <p class='ocr_par' dir='ltr' id='par_1_45' title="bbox 2001 1456 3642 1530">
     <span class='ocr_line' id='line_1_45' title="bbox 2001 1456 3642 1530; baseline 0.002 -17"><span class='ocrx_word' id='word_1_298' title='bbox 2001 1458 2177 1514; x_wconf 89' lang='lat' dir='ltr'>visse.</span> <span class='ocrx_word' id='word_1_299' title='bbox 2228 1458 2466 1530; x_wconf 86' lang='lat' dir='ltr'>Oportet</span> <span class='ocrx_word' id='word_1_300' title='bbox 2533 1457 2714 1530; x_wconf 86' lang='lat' dir='ltr'>igitur</span> <span class='ocrx_word' id='word_1_301' title='bbox 2787 1456 2998 1529; x_wconf 85' lang='lat' dir='ltr'>eligere</span> <span class='ocrx_word' id='word_1_302' title='bbox 3050 1457 3284 1512; x_wconf 87' lang='lat' dir='ltr'>urbium</span> <span class='ocrx_word' id='word_1_303' title='bbox 3344 1460 3642 1529; x_wconf 66' lang='lat' dir='ltr'>praefectos</span> 
     </span>
    </p>
   </div>
   <div class='ocr_carea' id='block_1_46' title="bbox 2003 1545 3641 1620">
    <p class='ocr_par' dir='ltr' id='par_1_46' title="bbox 2003 1545 3641 1620">
     <span class='ocr_line' id='line_1_46' title="bbox 2003 1545 3641 1620; baseline 0 -17"><span class='ocrx_word' id='word_1_304' title='bbox 2003 1546 2318 1619; x_wconf 87' lang='lat' dir='ltr'>populique</span> <span class='ocrx_word' id='word_1_305' title='bbox 2348 1552 2618 1617; x_wconf 88' lang='lat' dir='ltr'>rectores,</span> <span class='ocrx_word' id='word_1_306' title='bbox 2652 1546 2751 1618; x_wconf 89' lang='lat' dir='ltr'>qui</span> <span class='ocrx_word' id='word_1_307' title='bbox 2784 1545 3017 1601; x_wconf 85' lang='lat' dir='ltr'>inscitia</span> <span class='ocrx_word' id='word_1_308' title='bbox 3063 1563 3178 1601; x_wconf 89' lang='lat' dir='ltr'>non</span> <span class='ocrx_word' id='word_1_309' title='bbox 3210 1548 3410 1601; x_wconf 88' lang='lat' dir='ltr'>minus</span> <span class='ocrx_word' id='word_1_310' title='bbox 3462 1564 3641 1620; x_wconf 86' lang='lat' dir='ltr'>quam</span> 
     </span>
    </p>
   </div>
   <div class='ocr_carea' id='block_1_47' title="bbox 2007 1627 3638 1709">
    <p class='ocr_par' dir='ltr' id='par_1_47' title="bbox 2007 1627 3638 1709">
     <span class='ocr_line' id='line_1_47' title="bbox 2007 1627 3638 1709; baseline 0.001 -18"><span class='ocrx_word' id='word_1_311' title='bbox 2007 1627 2379 1709; x_wconf 75' lang='lat' dir='ltr'>imprObilate</span> <span class='ocrx_word' id='word_1_312' title='bbox 2407 1640 2664 1707; x_wconf 84' lang='lat' dir='ltr'>careant,</span> <span class='ocrx_word' id='word_1_313' title='bbox 2699 1635 2914 1707; x_wconf 88' lang='lat' dir='ltr'>quippe</span> <span class='ocrx_word' id='word_1_314' title='bbox 2969 1635 3278 1706; x_wconf 88' lang='lat' dir='ltr'>prudentia</span> <span class='ocrx_word' id='word_1_315' title='bbox 3324 1637 3638 1708; x_wconf 87' lang='lat' dir='ltr'>etjustitia</span> 
     </span>
    </p>
   </div>
   <div class='ocr_carea' id='block_1_48' title="bbox 2006 1724 3641 1798">
    <p class='ocr_par' dir='ltr' id='par_1_48' title="bbox 2006 1724 3641 1798">
     <span class='ocr_line' id='line_1_48' title="bbox 2006 1724 3641 1798; baseline 0.002 -18"><span class='ocrx_word' id='word_1_316' title='bbox 2006 1725 2231 1797; x_wconf 78' lang='lat' dir='ltr'>praediti</span> <span class='ocrx_word' id='word_1_317' title='bbox 2262 1724 2399 1779; x_wconf 90' lang='lat' dir='ltr'>sint.</span> <span class='ocrx_word' id='word_1_318' title='bbox 2432 1724 2535 1779; x_wconf 88' lang='lat' dir='ltr'>His</span> <span class='ocrx_word' id='word_1_319' title='bbox 2565 1724 2721 1779; x_wconf 88' lang='lat' dir='ltr'>enim</span> <span class='ocrx_word' id='word_1_320' title='bbox 2756 1728 2834 1779; x_wconf 85' lang='lat' dir='ltr'>ita</span> <span class='ocrx_word' id='word_1_321' title='bbox 2850 1740 2911 1780; x_wconf 92' lang='lat' dir='ltr'>se</span> <span class='ocrx_word' id='word_1_322' title='bbox 2931 1724 3280 1780; x_wconf 85' lang='lat' dir='ltr'>habentibus</span> <span class='ocrx_word' id='word_1_323' title='bbox 3310 1729 3367 1780; x_wconf 89' lang='lat' dir='ltr'>et</span> <span class='ocrx_word' id='word_1_324' title='bbox 3388 1726 3641 1798; x_wconf 89' lang='lat' dir='ltr'>populus</span> 
     </span>
    </p>
   </div>
   <div class='ocr_carea' id='block_1_49' title="bbox 2005 1810 3652 1885">
    <p class='ocr_par' dir='ltr' id='par_1_49' title="bbox 2005 1810 3652 1885">
     <span class='ocr_line' id='line_1_49' title="bbox 2005 1810 3652 1885; baseline 0.001 -16"><span class='ocrx_word' id='word_1_325' title='bbox 2005 1815 2152 1869; x_wconf 88' lang='lat' dir='ltr'>bene</span> <span class='ocrx_word' id='word_1_326' title='bbox 2175 1817 2435 1869; x_wconf 87' lang='lat' dir='ltr'>moratus</span> <span class='ocrx_word' id='word_1_327' title='bbox 2466 1813 2594 1881; x_wconf 90' lang='lat' dir='ltr'>erit,</span> <span class='ocrx_word' id='word_1_328' title='bbox 2628 1816 2683 1868; x_wconf 89' lang='lat' dir='ltr'>et</span> <span class='ocrx_word' id='word_1_329' title='bbox 2716 1810 3111 1884; x_wconf 82' lang='lat' dir='ltr'>rexinclytam</span> <span class='ocrx_word' id='word_1_330' title='bbox 3152 1812 3396 1885; x_wconf 84' lang='lat' dir='ltr'>gloriam</span> <span class='ocrx_word' id='word_1_331' title='bbox 3441 1814 3652 1871; x_wconf 83' lang='lat' dir='ltr'>referet</span> 
     </span>
    </p>
   </div>
   <div class='ocr_carea' id='block_1_50' title="bbox 2008 1900 3655 1976">
    <p class='ocr_par' dir='ltr' id='par_1_50' title="bbox 2008 1900 3655 1976">
     <span class='ocr_line' id='line_1_50' title="bbox 2008 1900 3655 1976; baseline 0.002 -19"><span class='ocrx_word' id='word_1_332' title='bbox 2008 1902 2109 1958; x_wconf 82' lang='lat' dir='ltr'>tali</span> <span class='ocrx_word' id='word_1_333' title='bbox 2145 1900 2357 1974; x_wconf 85' lang='lat' dir='ltr'>populo</span> <span class='ocrx_word' id='word_1_334' title='bbox 2389 1901 2728 1972; x_wconf 74' lang='lat' dir='ltr'>praesidens.</span> <span class='ocrx_word' id='word_1_335' title='bbox 2780 1901 2936 1956; x_wconf 83' lang='lat' dir='ltr'>Jam.</span> <span class='ocrx_word' id='word_1_336' title='bbox 2966 1904 3031 1955; x_wconf 88' lang='lat' dir='ltr'>ut</span> <span class='ocrx_word' id='word_1_337' title='bbox 3085 1902 3155 1956; x_wconf 89' lang='lat' dir='ltr'>ad</span> <span class='ocrx_word' id='word_1_338' title='bbox 3190 1901 3340 1958; x_wconf 87' lang='lat' dir='ltr'>viros</span> <span class='ocrx_word' id='word_1_339' title='bbox 3399 1919 3655 1976; x_wconf 90' lang='lat' dir='ltr'>quoque,</span> 
     </span>
    </p>
   </div>
   <div class='ocr_carea' id='block_1_51' title="bbox 2007 1989 3655 2063">
    <p class='ocr_par' dir='ltr' id='par_1_51' title="bbox 2007 1989 3655 2063">
     <span class='ocr_line' id='line_1_51' title="bbox 2007 1989 3655 2063; baseline 0.001 -16"><span class='ocrx_word' id='word_1_340' title='bbox 2007 1991 2321 2063; x_wconf 86' lang='lat' dir='ltr'>Optimates</span> <span class='ocrx_word' id='word_1_341' title='bbox 2351 1989 2672 2045; x_wconf 87' lang='lat' dir='ltr'>orationem</span> <span class='ocrx_word' id='word_1_342' title='bbox 2704 1994 2968 2045; x_wconf 88' lang='lat' dir='ltr'>nostram</span> <span class='ocrx_word' id='word_1_343' title='bbox 2996 1994 3424 2057; x_wconf 76' lang='lat' dir='ltr'>convertemus,</span> <span class='ocrx_word' id='word_1_344' title='bbox 3482 1991 3655 2063; x_wconf 88' lang='lat' dir='ltr'>plane</span> 
     </span>
    </p>
   </div>
   <div class='ocr_carea' id='block_1_52' title="bbox 1996 2077 3632 2152">
    <p class='ocr_par' dir='ltr' id='par_1_52' title="bbox 1996 2077 3632 2152">
     <span class='ocr_line' id='line_1_52' title="bbox 1996 2077 3632 2152; baseline 0.001 -17"><span class='ocrx_word' id='word_1_345' title='bbox 1996 2096 2142 2151; x_wconf 92' lang='lat' dir='ltr'>opus</span> <span class='ocrx_word' id='word_1_346' title='bbox 2173 2083 2263 2134; x_wconf 89' lang='lat' dir='ltr'>est</span> <span class='ocrx_word' id='word_1_347' title='bbox 2292 2082 2358 2134; x_wconf 91' lang='lat' dir='ltr'>ut</span> <span class='ocrx_word' id='word_1_348' title='bbox 2385 2080 2564 2134; x_wconf 88' lang='lat' dir='ltr'>duces</span> <span class='ocrx_word' id='word_1_349' title='bbox 2595 2083 2651 2132; x_wconf 90' lang='lat' dir='ltr'>et</span> <span class='ocrx_word' id='word_1_350' title='bbox 2679 2077 2879 2150; x_wconf 92' lang='lat' dir='ltr'>populi</span> <span class='ocrx_word' id='word_1_351' title='bbox 2912 2078 3332 2150; x_wconf 89' lang='lat' dir='ltr'>compositores</span> <span class='ocrx_word' id='word_1_352' title='bbox 3353 2084 3410 2136; x_wconf 87' lang='lat' dir='ltr'>et</span> <span class='ocrx_word' id='word_1_353' title='bbox 3432 2080 3632 2152; x_wconf 88' lang='lat' dir='ltr'>ephori</span> 
     </span>
    </p>
   </div>
   <div class='ocr_carea' id='block_1_53' title="bbox 1995 2166 3642 2242">
    <p class='ocr_par' dir='ltr' id='par_1_53' title="bbox 1995 2166 3642 2242">
     <span class='ocr_line' id='line_1_53' title="bbox 1995 2166 3642 2242; baseline 0.001 -19"><span class='ocrx_word' id='word_1_354' title='bbox 1995 2169 2283 2238; x_wconf 87' lang='lat' dir='ltr'>ejusmodi</span> <span class='ocrx_word' id='word_1_355' title='bbox 2315 2167 2450 2235; x_wconf 89' lang='lat' dir='ltr'>sint,</span> <span class='ocrx_word' id='word_1_356' title='bbox 2486 2166 2675 2239; x_wconf 87' lang='lat' dir='ltr'>qualis</span> <span class='ocrx_word' id='word_1_357' title='bbox 2707 2166 2803 2222; x_wconf 88' lang='lat' dir='ltr'>ille</span> <span class='ocrx_word' id='word_1_358' title='bbox 2856 2167 3041 2222; x_wconf 87' lang='lat' dir='ltr'>Arabs</span> <span class='ocrx_word' id='word_1_359' title='bbox 3092 2167 3349 2234; x_wconf 86' lang='lat' dir='ltr'>Guneus,</span> <span class='ocrx_word' id='word_1_360' title='bbox 3420 2169 3642 2242; x_wconf 88' lang='lat' dir='ltr'>Cepha-</span> 
     </span>
    </p>
   </div>
   <div class='ocr_carea' id='block_1_54' title="bbox 1996 2255 3639 2327">
    <p class='ocr_par' dir='ltr' id='par_1_54' title="bbox 1996 2255 3639 2327">
     <span class='ocr_line' id='line_1_54' title="bbox 1996 2255 3639 2327; baseline 0.002 -17"><span class='ocrx_word' id='word_1_361' title='bbox 1996 2255 2088 2311; x_wconf 90' lang='lat' dir='ltr'>lus</span> <span class='ocrx_word' id='word_1_362' title='bbox 2124 2255 2299 2311; x_wconf 89' lang='lat' dir='ltr'>ltalus</span> <span class='ocrx_word' id='word_1_363' title='bbox 2324 2256 2420 2327; x_wconf 91' lang='lat' dir='ltr'>qui</span> <span class='ocrx_word' id='word_1_364' title='bbox 2450 2257 2520 2310; x_wconf 89' lang='lat' dir='ltr'>ad</span> <span class='ocrx_word' id='word_1_365' title='bbox 2551 2255 2996 2311; x_wconf 87' lang='lat' dir='ltr'>Atheniensium</span> <span class='ocrx_word' id='word_1_366' title='bbox 3037 2255 3324 2311; x_wconf 87' lang='lat' dir='ltr'>civitatem</span> <span class='ocrx_word' id='word_1_367' title='bbox 3369 2258 3639 2314; x_wconf 86' lang='lat' dir='ltr'>transiit:</span> 
     </span>
    </p>
   </div>
   <div class='ocr_carea' id='block_1_55' title="bbox 1996 2343 3639 2416">
    <p class='ocr_par' dir='ltr' id='par_1_55' title="bbox 1996 2343 3639 2416">
     <span class='ocr_line' id='line_1_55' title="bbox 1996 2343 3639 2416; baseline 0.003 -17"><span class='ocrx_word' id='word_1_368' title='bbox 1996 2344 2185 2416; x_wconf 87' lang='lat' dir='ltr'>qualis</span> <span class='ocrx_word' id='word_1_369' title='bbox 2217 2347 2354 2400; x_wconf 88' lang='lat' dir='ltr'>item</span> <span class='ocrx_word' id='word_1_370' title='bbox 2386 2344 2667 2399; x_wconf 84' lang='lat' dir='ltr'>Aristides</span> <span class='ocrx_word' id='word_1_371' title='bbox 2697 2348 2754 2399; x_wconf 89' lang='lat' dir='ltr'>et</span> <span class='ocrx_word' id='word_1_372' title='bbox 2785 2343 3129 2415; x_wconf 78' lang='lat' dir='ltr'>Arist0phon</span> <span class='ocrx_word' id='word_1_373' title='bbox 3163 2344 3262 2416; x_wconf 89' lang='lat' dir='ltr'>qui</span> <span class='ocrx_word' id='word_1_374' title='bbox 3322 2345 3639 2404; x_wconf 88' lang='lat' dir='ltr'>Athenien-</span> 
     </span>
    </p>
   </div>
   <div class='ocr_carea' id='block_1_56' title="bbox 1995 2432 3638 2503">
    <p class='ocr_par' dir='ltr' id='par_1_56' title="bbox 1995 2432 3638 2503">
     <span class='ocr_line' id='line_1_56' title="bbox 1995 2432 3638 2503; baseline 0.002 -15"><span class='ocrx_word' id='word_1_375' title='bbox 1995 2435 2150 2489; x_wconf 88' lang='lat' dir='ltr'>sium</span> <span class='ocrx_word' id='word_1_376' title='bbox 2181 2432 2603 2488; x_wconf 86' lang='lat' dir='ltr'>consuetudine</span> <span class='ocrx_word' id='word_1_377' title='bbox 2662 2436 2719 2487; x_wconf 90' lang='lat' dir='ltr'>et</span> <span class='ocrx_word' id='word_1_378' title='bbox 2769 2432 2958 2503; x_wconf 90' lang='lat' dir='ltr'>patria</span> <span class='ocrx_word' id='word_1_379' title='bbox 3004 2433 3338 2489; x_wconf 87' lang='lat' dir='ltr'>utebantur.</span> <span class='ocrx_word' id='word_1_380' title='bbox 3401 2435 3638 2492; x_wconf 91' lang='lat' dir='ltr'>Guneus</span> 
     </span>
    </p>
   </div>
   <div class='ocr_carea' id='block_1_57' title="bbox 1996 2520 3640 2593">
    <p class='ocr_par' dir='ltr' id='par_1_57' title="bbox 1996 2520 3640 2593">
     <span class='ocr_line' id='line_1_57' title="bbox 1996 2520 3640 2593; baseline 0.002 -16"><span class='ocrx_word' id='word_1_381' title='bbox 1996 2522 2233 2593; x_wconf 87' lang='lat' dir='ltr'>quidem</span> <span class='ocrx_word' id='word_1_382' title='bbox 2259 2522 2440 2593; x_wconf 84' lang='lat' dir='ltr'>judex</span> <span class='ocrx_word' id='word_1_383' title='bbox 2469 2521 2864 2593; x_wconf 70' lang='lat' dir='ltr'>aequissimus,</span> <span class='ocrx_word' id='word_1_384' title='bbox 2917 2520 3209 2592; x_wconf 76' lang='lat' dir='ltr'>injustiiiae</span> <span class='ocrx_word' id='word_1_385' title='bbox 3248 2523 3443 2579; x_wconf 89' lang='lat' dir='ltr'>omnis</span> <span class='ocrx_word' id='word_1_386' title='bbox 3504 2541 3640 2581; x_wconf 88' lang='lat' dir='ltr'>osor</span> 
     </span>
    </p>
   </div>
   <div class='ocr_carea' id='block_1_58' title="bbox 1993 2608 3639 2685">
    <p class='ocr_par' dir='ltr' id='par_1_58' title="bbox 1993 2608 3639 2685">
     <span class='ocr_line' id='line_1_58' title="bbox 1993 2608 3639 2685; baseline 0.002 -20"><span class='ocrx_word' id='word_1_387' title='bbox 1993 2614 2167 2683; x_wconf 88' lang='lat' dir='ltr'>atque</span> <span class='ocrx_word' id='word_1_388' title='bbox 2198 2610 2425 2681; x_wconf 85' lang='lat' dir='ltr'>vindex,</span> <span class='ocrx_word' id='word_1_389' title='bbox 2457 2609 2607 2665; x_wconf 89' lang='lat' dir='ltr'>bello</span> <span class='ocrx_word' id='word_1_390' title='bbox 2638 2610 2790 2664; x_wconf 86' lang='lat' dir='ltr'>inter</span> <span class='ocrx_word' id='word_1_391' title='bbox 2827 2608 3174 2681; x_wconf 75' lang='lat' dir='ltr'>Babylonios</span> <span class='ocrx_word' id='word_1_392' title='bbox 3214 2611 3639 2685; x_wconf 72' lang='lat' dir='ltr'>thnicasque</span> 
     </span>
    </p>
   </div>
   <div class='ocr_carea' id='block_1_59' title="bbox 1994 2698 3634 2775">
    <p class='ocr_par' dir='ltr' id='par_1_59' title="bbox 1994 2698 3634 2775">
     <span class='ocr_line' id='line_1_59' title="bbox 1994 2698 3634 2775; baseline 0.002 -20"><span class='ocrx_word' id='word_1_393' title='bbox 1994 2701 2216 2763; x_wconf 87' lang='lat' dir='ltr'>oborto,</span> <span class='ocrx_word' id='word_1_394' title='bbox 2265 2699 2513 2770; x_wconf 87' lang='lat' dir='ltr'>jubente</span> <span class='ocrx_word' id='word_1_395' title='bbox 2543 2698 2927 2754; x_wconf 88' lang='lat' dir='ltr'>Semiramide</span> <span class='ocrx_word' id='word_1_396' title='bbox 2967 2698 3036 2753; x_wconf 89' lang='lat' dir='ltr'>ad</span> <span class='ocrx_word' id='word_1_397' title='bbox 3086 2715 3184 2755; x_wconf 91' lang='lat' dir='ltr'>eos</span> <span class='ocrx_word' id='word_1_398' title='bbox 3209 2700 3634 2775; x_wconf 86' lang='lat' dir='ltr'>venit;vixque</span> 
     </span>
    </p>
   </div>
   <div class='ocr_carea' id='block_1_60' title="bbox 1994 2785 3632 2859">
    <p class='ocr_par' dir='ltr' id='par_1_60' title="bbox 1994 2785 3632 2859">
     <span class='ocr_line' id='line_1_60' title="bbox 1994 2785 3632 2859; baseline 0.002 -16"><span class='ocrx_word' id='word_1_399' title='bbox 1994 2789 2067 2843; x_wconf 83' lang='lat' dir='ltr'>ab</span> <span class='ocrx_word' id='word_1_400' title='bbox 2125 2787 2217 2843; x_wconf 86' lang='lat' dir='ltr'>his</span> <span class='ocrx_word' id='word_1_401' title='bbox 2271 2787 2454 2853; x_wconf 89' lang='lat' dir='ltr'>visus,</span> <span class='ocrx_word' id='word_1_402' title='bbox 2505 2785 2724 2842; x_wconf 91' lang='lat' dir='ltr'>bellum</span> <span class='ocrx_word' id='word_1_403' title='bbox 2791 2787 3085 2852; x_wconf 78' lang='lat' dir='ltr'>exstinxit,</span> <span class='ocrx_word' id='word_1_404' title='bbox 3137 2804 3365 2859; x_wconf 85' lang='lat' dir='ltr'>suaque</span> <span class='ocrx_word' id='word_1_405' title='bbox 3415 2791 3632 2846; x_wconf 87' lang='lat' dir='ltr'>virtute</span> 
     </span>
    </p>
   </div>
   <div class='ocr_carea' id='block_1_61' title="bbox 1995 2876 3639 2948">
    <p class='ocr_par' dir='ltr' id='par_1_61' title="bbox 1995 2876 3639 2948">
     <span class='ocr_line' id='line_1_61' title="bbox 1995 2876 3639 2948; baseline 0.002 -17"><span class='ocrx_word' id='word_1_406' title='bbox 1995 2877 2291 2932; x_wconf 84' lang='lat' dir='ltr'>discordes</span> <span class='ocrx_word' id='word_1_407' title='bbox 2342 2880 2542 2947; x_wconf 88' lang='lat' dir='ltr'>gentes</span> <span class='ocrx_word' id='word_1_408' title='bbox 2621 2876 2971 2948; x_wconf 89' lang='lat' dir='ltr'>composuit,</span> <span class='ocrx_word' id='word_1_409' title='bbox 3058 2876 3437 2933; x_wconf 85' lang='lat' dir='ltr'>reverentiam</span> <span class='ocrx_word' id='word_1_410' title='bbox 3480 2878 3553 2935; x_wconf 90' lang='lat' dir='ltr'>iis</span> <span class='ocrx_word' id='word_1_411' title='bbox 3581 2884 3639 2935; x_wconf 90' lang='lat' dir='ltr'>et</span> 
     </span>
    </p>
   </div>
   <div class='ocr_carea' id='block_1_62' title="bbox 1997 2963 3640 3038">
    <p class='ocr_par' dir='ltr' id='par_1_62' title="bbox 1997 2963 3640 3038">
     <span class='ocr_line' id='line_1_62' title="bbox 1997 2963 3640 3038; baseline 0.002 -18"><span class='ocrx_word' id='word_1_412' title='bbox 1997 2967 2275 3038; x_wconf 85' lang='lat' dir='ltr'>pudorem</span> <span class='ocrx_word' id='word_1_413' title='bbox 2335 2963 2646 3019; x_wconf 89' lang='lat' dir='ltr'>incutiens.</span> <span class='ocrx_word' id='word_1_414' title='bbox 2731 2963 3015 3020; x_wconf 89' lang='lat' dir='ltr'>Aristides</span> <span class='ocrx_word' id='word_1_415' title='bbox 3083 2969 3276 3020; x_wconf 89' lang='lat' dir='ltr'>autem</span> <span class='ocrx_word' id='word_1_416' title='bbox 3338 2969 3640 3038; x_wconf 88' lang='lat' dir='ltr'>tantopere</span> 
     </span>
    </p>
   </div>
   <div class='ocr_carea' id='block_1_63' title="bbox 1994 3052 3636 3125">
    <p class='ocr_par' dir='ltr' id='par_1_63' title="bbox 1994 3052 3636 3125">
     <span class='ocr_line' id='line_1_63' title="bbox 1994 3052 3636 3125; baseline 0.002 -17"><span class='ocrx_word' id='word_1_417' title='bbox 1994 3053 2232 3125; x_wconf 72' lang='lat' dir='ltr'>justitiaa</span> <span class='ocrx_word' id='word_1_418' title='bbox 2264 3057 2437 3108; x_wconf 82' lang='lat' dir='ltr'>tenax</span> <span class='ocrx_word' id='word_1_419' title='bbox 2466 3056 2610 3118; x_wconf 87' lang='lat' dir='ltr'>erat,</span> <span class='ocrx_word' id='word_1_420' title='bbox 2634 3052 2979 3108; x_wconf 85' lang='lat' dir='ltr'>utexsilium</span> <span class='ocrx_word' id='word_1_421' title='bbox 3003 3069 3236 3124; x_wconf 91' lang='lat' dir='ltr'>quoque</span> <span class='ocrx_word' id='word_1_422' title='bbox 3273 3053 3346 3108; x_wconf 92' lang='lat' dir='ltr'>ob</span> <span class='ocrx_word' id='word_1_423' title='bbox 3369 3056 3636 3111; x_wconf 88' lang='lat' dir='ltr'>eamdem</span> 
     </span>
    </p>
   </div>
   <div class='ocr_carea' id='block_1_64' title="bbox 1994 3140 3643 3214">
    <p class='ocr_par' dir='ltr' id='par_1_64' title="bbox 1994 3140 3643 3214">
     <span class='ocr_line' id='line_1_64' title="bbox 1994 3140 3643 3214; baseline 0.001 -15"><span class='ocrx_word' id='word_1_424' title='bbox 1994 3144 2071 3199; x_wconf 88' lang='lat' dir='ltr'>sit</span> <span class='ocrx_word' id='word_1_425' title='bbox 2102 3159 2334 3214; x_wconf 87' lang='lat' dir='ltr'>passus,</span> <span class='ocrx_word' id='word_1_426' title='bbox 2367 3142 2647 3214; x_wconf 86' lang='lat' dir='ltr'>quoniam</span> <span class='ocrx_word' id='word_1_427' title='bbox 2675 3143 2803 3212; x_wconf 88' lang='lat' dir='ltr'>ejus</span> <span class='ocrx_word' id='word_1_428' title='bbox 2831 3141 3083 3197; x_wconf 88' lang='lat' dir='ltr'>causain</span> <span class='ocrx_word' id='word_1_429' title='bbox 3109 3140 3428 3198; x_wconf 90' lang='lat' dir='ltr'>multorum</span> <span class='ocrx_word' id='word_1_430' title='bbox 3458 3144 3643 3200; x_wconf 71' lang='lat' dir='ltr'>offen-</span> 
     </span>
    </p>
   </div>
   <div class='ocr_carea' id='block_1_65' title="bbox 1998 3229 3643 3304">
    <p class='ocr_par' dir='ltr' id='par_1_65' title="bbox 1998 3229 3643 3304">
     <span class='ocr_line' id='line_1_65' title="bbox 1998 3229 3643 3304; baseline 0.001 -17"><span class='ocrx_word' id='word_1_431' title='bbox 1998 3231 2222 3287; x_wconf 88' lang='lat' dir='ltr'>sionem</span> <span class='ocrx_word' id='word_1_432' title='bbox 2254 3231 2523 3286; x_wconf 87' lang='lat' dir='ltr'>incurrit.</span> <span class='ocrx_word' id='word_1_433' title='bbox 2556 3229 2751 3286; x_wconf 90' lang='lat' dir='ltr'>Veluti</span> <span class='ocrx_word' id='word_1_434' title='bbox 2783 3230 2976 3285; x_wconf 71' lang='lat' dir='ltr'>Romae</span> <span class='ocrx_word' id='word_1_435' title='bbox 3027 3230 3277 3286; x_wconf 83' lang='lat' dir='ltr'>Marcius</span> <span class='ocrx_word' id='word_1_436' title='bbox 3334 3232 3451 3287; x_wconf 82' lang='lat' dir='ltr'>dux</span> <span class='ocrx_word' id='word_1_437' title='bbox 3504 3249 3643 3304; x_wconf 87' lang='lat' dir='ltr'>pro-</span> 
     </span>
    </p>
   </div>
   <div class='ocr_carea' id='block_1_66' title="bbox 239 3306 1896 3400">
    <p class='ocr_par' dir='ltr' id='par_1_66' title="bbox 239 3306 1889 3400">
     <span class='ocr_line' id='line_1_66' title="bbox 239 3306 1889 3400; baseline 0.001 -25"><span class='ocrx_word' id='word_1_438' title='bbox 239 3306 505 3394; x_wconf 74' lang='grc' dir='ltr'>ἐμϐαλὼν</span> <span class='ocrx_word' id='word_1_439' title='bbox 564 3318 641 3381; x_wconf 85' lang='grc' dir='ltr'>εἷς</span> <span class='ocrx_word' id='word_1_440' title='bbox 682 3317 899 3381; x_wconf 82' lang='grc' dir='ltr'>αὐτούς.</span> <span class='ocrx_word' id='word_1_441' title='bbox 932 3316 1270 3394; x_wconf 88' lang='grc' dir='ltr'>Ἀριστείδης</span> <span class='ocrx_word' id='word_1_442' title='bbox 1325 3318 1412 3374; x_wconf 82' lang='grc' dir='ltr'>ἐπὶ</span> <span class='ocrx_word' id='word_1_443' title='bbox 1466 3306 1723 3377; x_wconf 77' lang='grc' dir='ltr'>τοσοῦτον</span> <span class='ocrx_word' id='word_1_444' title='bbox 1778 3323 1889 3400; x_wconf 81' lang='grc' dir='ltr'>ἐφί-</span> 
     </span>
    </p>
   </div>
   <div class='ocr_carea' id='block_1_67' title="bbox 2005 3306 3643 3400">
    <p class='ocr_par' dir='ltr' id='par_1_67' title="bbox 2005 3317 3643 3392">
     <span class='ocr_line' id='line_1_67' title="bbox 2005 3317 3643 3392; baseline 0.002 -17"><span class='ocrx_word' id='word_1_445' title='bbox 2005 3325 2131 3392; x_wconf 84' lang='lat' dir='ltr'>pter</span> <span class='ocrx_word' id='word_1_446' title='bbox 2161 3336 2330 3375; x_wconf 89' lang='lat' dir='ltr'>suam</span> <span class='ocrx_word' id='word_1_447' title='bbox 2355 3318 2650 3390; x_wconf 87' lang='lat' dir='ltr'>justitiam</span> <span class='ocrx_word' id='word_1_448' title='bbox 2681 3336 2715 3374; x_wconf 92' lang='lat' dir='ltr'>a</span> <span class='ocrx_word' id='word_1_449' title='bbox 2744 3317 2957 3391; x_wconf 92' lang='lat' dir='ltr'>popnlo</span> <span class='ocrx_word' id='word_1_450' title='bbox 2990 3318 3198 3391; x_wconf 88' lang='lat' dir='ltr'>pulsus</span> <span class='ocrx_word' id='word_1_451' title='bbox 3241 3319 3425 3392; x_wconf 86' lang='lat' dir='ltr'>patris</span> <span class='ocrx_word' id='word_1_452' title='bbox 3490 3321 3602 3377; x_wconf 78' lang='lat' dir='ltr'>fuit</span> <span class='ocrx_word' id='word_1_453' title='bbox 3629 3338 3643 3378; x_wconf 91' lang='lat'>:</span> 
     </span>
    </p>
   </div>
   <div class='ocr_carea' id='block_1_68' title="bbox 240 3405 1890 3482">
    <p class='ocr_par' dir='ltr' id='par_1_68' title="bbox 240 3405 1890 3482">
     <span class='ocr_line' id='line_1_68' title="bbox 240 3405 1890 3482; baseline 0.002 -18"><span class='ocrx_word' id='word_1_454' title='bbox 240 3406 325 3464; x_wconf 84' lang='grc' dir='ltr'>λει</span> <span class='ocrx_word' id='word_1_455' title='bbox 381 3409 449 3464; x_wconf 87' lang='grc' dir='ltr'>τὸ</span> <span class='ocrx_word' id='word_1_456' title='bbox 503 3405 729 3477; x_wconf 82' lang='grc' dir='ltr'>δίκαιον,</span> <span class='ocrx_word' id='word_1_457' title='bbox 761 3406 899 3462; x_wconf 82' lang='grc' dir='ltr'>ὥστε</span> <span class='ocrx_word' id='word_1_458' title='bbox 955 3408 1046 3462; x_wconf 84' lang='grc' dir='ltr'>καὶ</span> <span class='ocrx_word' id='word_1_459' title='bbox 1102 3406 1307 3482; x_wconf 78' lang='grc' dir='ltr'>ἐξορίαν</span> <span class='ocrx_word' id='word_1_460' title='bbox 1363 3405 1452 3463; x_wconf 74' lang='grc' dir='ltr'>διὰ</span> <span class='ocrx_word' id='word_1_461' title='bbox 1491 3414 1653 3465; x_wconf 78' lang='grc' dir='ltr'>τοῦτο</span> <span class='ocrx_word' id='word_1_462' title='bbox 1681 3410 1890 3467; x_wconf 88' lang='grc' dir='ltr'>κατεδι-</span> 
     </span>
    </p>
   </div>
   <div class='ocr_carea' id='block_1_69' title="bbox 235 3493 1890 3574">
    <p class='ocr_par' dir='ltr' id='par_1_69' title="bbox 235 3493 1890 3574">
     <span class='ocr_line' id='line_1_69' title="bbox 235 3493 1890 3574; baseline 0.001 -21"><span class='ocrx_word' id='word_1_463' title='bbox 235 3497 441 3569; x_wconf 78' lang='grc' dir='ltr'>κάσθη,</span> <span class='ocrx_word' id='word_1_464' title='bbox 472 3499 582 3551; x_wconf 89' lang='grc' dir='ltr'>τῶν</span> <span class='ocrx_word' id='word_1_465' title='bbox 613 3495 883 3552; x_wconf 90' lang='grc' dir='ltr'>πλειόνων</span> <span class='ocrx_word' id='word_1_466' title='bbox 935 3493 1275 3571; x_wconf 88' lang='grc' dir='ltr'>δύσχρηστον</span> <span class='ocrx_word' id='word_1_467' title='bbox 1334 3496 1492 3552; x_wconf 76' lang='grc' dir='ltr'>αύτὸν</span> <span class='ocrx_word' id='word_1_468' title='bbox 1547 3501 1890 3574; x_wconf 80' lang='grc' dir='ltr'>ἡγουμένων·</span> 
     </span>
    </p>
   </div>
   <div class='ocr_carea' id='block_1_70' title="bbox 238 3583 1891 3667">
    <p class='ocr_par' dir='ltr' id='par_1_70' title="bbox 238 3583 1891 3667">
     <span class='ocr_line' id='line_1_70' title="bbox 238 3583 1891 3667; baseline 0.001 -24"><span class='ocrx_word' id='word_1_469' title='bbox 238 3587 429 3660; x_wconf 80' lang='grc' dir='ltr'>ὥσπερ</span> <span class='ocrx_word' id='word_1_470' title='bbox 489 3584 542 3640; x_wconf 85' lang='grc' dir='ltr'>ἐν</span> <span class='ocrx_word' id='word_1_471' title='bbox 597 3585 782 3659; x_wconf 78' lang='grc' dir='ltr'>Ῥώμῃ</span> <span class='ocrx_word' id='word_1_472' title='bbox 837 3585 971 3640; x_wconf 70' lang='grc' dir='ltr'>ποτὲ</span> <span class='ocrx_word' id='word_1_473' title='bbox 1029 3583 1252 3661; x_wconf 84' lang='grc' dir='ltr'>λέγουσι</span> <span class='ocrx_word' id='word_1_474' title='bbox 1308 3585 1545 3663; x_wconf 85' lang='grc' dir='ltr'>Μάρκιον</span> <span class='ocrx_word' id='word_1_475' title='bbox 1602 3590 1692 3643; x_wconf 88' lang='grc' dir='ltr'>τὸν</span> <span class='ocrx_word' id='word_1_476' title='bbox 1733 3611 1891 3667; x_wconf 83' lang='grc' dir='ltr'>στρα-</span> 
     </span>
    </p>
   </div>
   <div class='ocr_carea' id='block_1_71' title="bbox 234 3671 1893 3752">
    <p class='ocr_par' dir='ltr' id='par_1_71' title="bbox 234 3671 1893 3752">
     <span class='ocr_line' id='line_1_71' title="bbox 234 3671 1893 3752; baseline -0.005 -21"><span class='ocrx_word' id='word_1_477' title='bbox 234 3677 415 3752; x_wconf 87' lang='grc' dir='ltr'>τηγὸν</span> <span class='ocrx_word' id='word_1_478' title='bbox 452 3672 542 3730; x_wconf 76' lang='grc' dir='ltr'>διὰ</span> <span class='ocrx_word' id='word_1_479' title='bbox 573 3671 919 3745; x_wconf 87' lang='grc' dir='ltr'>δικαιοσύνην</span> <span class='ocrx_word' id='word_1_480' title='bbox 950 3674 1054 3728; x_wconf 84' lang='grc' dir='ltr'>ὑπὸ</span> <span class='ocrx_word' id='word_1_481' title='bbox 1083 3677 1180 3729; x_wconf 76' lang='grc' dir='ltr'>τοῦ</span> <span class='ocrx_word' id='word_1_482' title='bbox 1235 3672 1482 3746; x_wconf 81' lang='grc' dir='ltr'>πλήθους</span> <span class='ocrx_word' id='word_1_483' title='bbox 1540 3676 1893 3751; x_wconf 84' lang='grc' dir='ltr'>ἐξελαυνόμε-</span> 
     </span>
    </p>
   </div>
   <div class='ocr_carea' id='block_1_72' title="bbox 234 3759 1893 3842">
    <p class='ocr_par' dir='ltr' id='par_1_72' title="bbox 234 3759 1893 3842">
     <span class='ocr_line' id='line_1_72' title="bbox 234 3759 1893 3842; baseline 0.001 -22"><span class='ocrx_word' id='word_1_484' title='bbox 234 3786 330 3820; x_wconf 90' lang='grc' dir='ltr'>νον</span> <span class='ocrx_word' id='word_1_485' title='bbox 391 3770 499 3833; x_wconf 86' lang='grc' dir='ltr'>τῆς</span> <span class='ocrx_word' id='word_1_486' title='bbox 556 3759 839 3840; x_wconf 86' lang='grc' dir='ltr'>πατρίδος·</span> <span class='ocrx_word' id='word_1_487' title='bbox 896 3763 985 3817; x_wconf 84' lang='grc' dir='ltr'>καὶ</span> <span class='ocrx_word' id='word_1_488' title='bbox 1041 3767 1147 3818; x_wconf 90' lang='grc' dir='ltr'>τῶν</span> <span class='ocrx_word' id='word_1_489' title='bbox 1198 3762 1507 3842; x_wconf 85' lang='grc' dir='ltr'>ἐχεφρόνων</span> <span class='ocrx_word' id='word_1_490' title='bbox 1558 3766 1893 3830; x_wconf 82' lang='grc' dir='ltr'>πενθούντων</span> 
     </span>
    </p>
   </div>
   <div class='ocr_carea' id='block_1_73' title="bbox 236 3849 1895 3929">
    <p class='ocr_par' dir='ltr' id='par_1_73' title="bbox 236 3849 1895 3929">
     <span class='ocr_line' id='line_1_73' title="bbox 236 3849 1895 3929; baseline 0.001 -20"><span class='ocrx_word' id='word_1_491' title='bbox 236 3854 429 3922; x_wconf 72' lang='grc' dir='ltr'>αὐτὸν,</span> <span class='ocrx_word' id='word_1_492' title='bbox 500 3851 705 3914; x_wconf 82' lang='grc' dir='ltr'>ἐκεῖνος</span> <span class='ocrx_word' id='word_1_493' title='bbox 788 3853 926 3927; x_wconf 89' lang='grc' dir='ltr'>πρὸς</span> <span class='ocrx_word' id='word_1_494' title='bbox 1004 3849 1157 3906; x_wconf 75' lang='grc' dir='ltr'>οὐδὲν</span> <span class='ocrx_word' id='word_1_495' title='bbox 1216 3852 1524 3929; x_wconf 80' lang='grc' dir='ltr'>ἐχαυνώθη,</span> <span class='ocrx_word' id='word_1_496' title='bbox 1578 3851 1725 3909; x_wconf 80' lang='grc' dir='ltr'>ἀλλά</span> <span class='ocrx_word' id='word_1_497' title='bbox 1794 3858 1895 3926; x_wconf 84' lang='grc' dir='ltr'>τήν</span> 
     </span>
    </p>
   </div>
   <div class='ocr_carea' id='block_1_74' title="bbox 236 3939 1899 4021">
    <p class='ocr_par' dir='ltr' id='par_1_74' title="bbox 236 3939 1899 4021">
     <span class='ocr_line' id='line_1_74' title="bbox 236 3939 1899 4021; baseline 0.002 -25"><span class='ocrx_word' id='word_1_498' title='bbox 236 3944 482 4018; x_wconf 79' lang='grc' dir='ltr'>γνώμην</span> <span class='ocrx_word' id='word_1_499' title='bbox 541 3940 659 4015; x_wconf 76' lang='grc' dir='ltr'>εἶχε</span> <span class='ocrx_word' id='word_1_500' title='bbox 715 3940 930 4015; x_wconf 78' lang='grc' dir='ltr'>στερεὰν</span> <span class='ocrx_word' id='word_1_501' title='bbox 1000 3941 1088 3995; x_wconf 83' lang='grc' dir='ltr'>καὶ</span> <span class='ocrx_word' id='word_1_502' title='bbox 1160 3939 1484 4012; x_wconf 85' lang='grc' dir='ltr'>ἆκλόνητον·</span> <span class='ocrx_word' id='word_1_503' title='bbox 1536 3941 1778 4021; x_wconf 82' lang='grc' dir='ltr'>Κέφαλος</span> <span class='ocrx_word' id='word_1_504' title='bbox 1842 3943 1899 4000; x_wconf 82' lang='grc' dir='ltr'>δέ</span> 
     </span>
    </p>
   </div>
   <div class='ocr_carea' id='block_1_75' title="bbox 240 4027 1901 4109">
    <p class='ocr_par' dir='ltr' id='par_1_75' title="bbox 240 4027 1901 4109">
     <span class='ocr_line' id='line_1_75' title="bbox 240 4027 1901 4109; baseline -0.002 -22"><span class='ocrx_word' id='word_1_505' title='bbox 240 4029 450 4109; x_wconf 81' lang='grc' dir='ltr'>σχεδὸν</span> <span class='ocrx_word' id='word_1_506' title='bbox 499 4028 779 4091; x_wconf 88' lang='grc' dir='ltr'>παντελῶς</span> <span class='ocrx_word' id='word_1_507' title='bbox 838 4027 1174 4104; x_wconf 83' lang='grc' dir='ltr'>ἀνέγκλητος</span> <span class='ocrx_word' id='word_1_508' title='bbox 1218 4028 1425 4103; x_wconf 79' lang='grc' dir='ltr'>ἔμεινεν</span> <span class='ocrx_word' id='word_1_509' title='bbox 1473 4030 1555 4105; x_wconf 80' lang='grc' dir='ltr'>ἂν,</span> <span class='ocrx_word' id='word_1_510' title='bbox 1596 4031 1642 4086; x_wconf 84' lang='grc' dir='ltr'>εί</span> <span class='ocrx_word' id='word_1_511' title='bbox 1690 4034 1765 4105; x_wconf 78' lang='grc' dir='ltr'>μὴ</span> <span class='ocrx_word' id='word_1_512' title='bbox 1814 4055 1901 4088; x_wconf 80' lang='grc' dir='ltr'>συ-</span> 
     </span>
    </p>
   </div>
   <div class='ocr_carea' id='block_1_76' title="bbox 238 4112 1899 4198">
    <p class='ocr_par' dir='ltr' id='par_1_76' title="bbox 238 4112 1899 4198">
     <span class='ocr_line' id='line_1_76' title="bbox 238 4112 1899 4198; baseline 0.002 -24"><span class='ocrx_word' id='word_1_513' title='bbox 238 4117 518 4198; x_wconf 81' lang='grc' dir='ltr'>κοφαντίᾳ</span> <span class='ocrx_word' id='word_1_514' title='bbox 562 4117 711 4179; x_wconf 86' lang='grc' dir='ltr'>τινὸς</span> <span class='ocrx_word' id='word_1_515' title='bbox 757 4112 1202 4193; x_wconf 75' lang='grc' dir='ltr'>ἀπροϐούλευτον</span> <span class='ocrx_word' id='word_1_516' title='bbox 1257 4120 1513 4197; x_wconf 81' lang='grc' dir='ltr'>ψήφισμα</span> <span class='ocrx_word' id='word_1_517' title='bbox 1565 4121 1749 4197; x_wconf 88' lang='grc' dir='ltr'>γέγονε</span> <span class='ocrx_word' id='word_1_518' title='bbox 1784 4124 1899 4178; x_wconf 87' lang='grc' dir='ltr'>κατ’</span> 
     </span>
    </p>
   </div>
   <div class='ocr_carea' id='block_1_77' title="bbox 240 4203 1902 4286">
    <p class='ocr_par' dir='ltr' id='par_1_77' title="bbox 240 4203 1902 4286">
     <span class='ocr_line' id='line_1_77' title="bbox 240 4203 1902 4286; baseline 0.002 -23"><span class='ocrx_word' id='word_1_519' title='bbox 240 4208 445 4279; x_wconf 72' lang='grc' dir='ltr'>αὐτοῦ,</span> <span class='ocrx_word' id='word_1_520' title='bbox 492 4206 672 4261; x_wconf 84' lang='grc' dir='ltr'>καίτοι</span> <span class='ocrx_word' id='word_1_521' title='bbox 719 4226 781 4282; x_wconf 89' lang='grc' dir='ltr'>γε</span> <span class='ocrx_word' id='word_1_522' title='bbox 822 4206 1063 4260; x_wconf 81' lang='grc' dir='ltr'>ἀναιτίου</span> <span class='ocrx_word' id='word_1_523' title='bbox 1128 4203 1282 4270; x_wconf 77' lang='grc' dir='ltr'>ὄντος</span> <span class='ocrx_word' id='word_1_524' title='bbox 1348 4207 1703 4264; x_wconf 85' lang='grc' dir='ltr'>παντάπασιν·</span> <span class='ocrx_word' id='word_1_525' title='bbox 1755 4212 1902 4286; x_wconf 82' lang='grc' dir='ltr'>Ἀρι-</span> 
     </span>
    </p>
   </div>
   <div class='ocr_carea' id='block_1_78' title="bbox 239 4292 1902 4375">
    <p class='ocr_par' dir='ltr' id='par_1_78' title="bbox 239 4292 1902 4375">
     <span class='ocr_line' id='line_1_78' title="bbox 239 4292 1902 4375; baseline 0.002 -24"><span class='ocrx_word' id='word_1_526' title='bbox 239 4301 467 4375; x_wconf 79' lang='grc' dir='ltr'>στοφῶν</span> <span class='ocrx_word' id='word_1_527' title='bbox 529 4292 587 4350; x_wconf 79' lang='grc' dir='ltr'>δὲ</span> <span class='ocrx_word' id='word_1_528' title='bbox 639 4294 1116 4370; x_wconf 86' lang='grc' dir='ltr'>κατηγορούμενος</span> <span class='ocrx_word' id='word_1_529' title='bbox 1173 4293 1263 4350; x_wconf 77' lang='grc' dir='ltr'>διὰ</span> <span class='ocrx_word' id='word_1_530' title='bbox 1326 4296 1503 4367; x_wconf 87' lang='grc' dir='ltr'>πάσης</span> <span class='ocrx_word' id='word_1_531' title='bbox 1566 4296 1731 4353; x_wconf 76' lang='grc' dir='ltr'>αὐτοῦ</span> <span class='ocrx_word' id='word_1_532' title='bbox 1803 4307 1902 4370; x_wconf 79' lang='grc' dir='ltr'>τῆς</span> 
     </span>
    </p>
   </div>
   <div class='ocr_carea' id='block_1_79' title="bbox 241 4380 1901 4462">
    <p class='ocr_par' dir='ltr' id='par_1_79' title="bbox 241 4380 1901 4462">
     <span class='ocr_line' id='line_1_79' title="bbox 241 4380 1901 4462; baseline 0.002 -22"><span class='ocrx_word' id='word_1_533' title='bbox 241 4390 425 4454; x_wconf 81' lang='grc' dir='ltr'>ζωῆς,</span> <span class='ocrx_word' id='word_1_534' title='bbox 462 4380 649 4451; x_wconf 80' lang='grc' dir='ltr'>ἐπειδὴ</span> <span class='ocrx_word' id='word_1_535' title='bbox 687 4383 1055 4460; x_wconf 82' lang='grc' dir='ltr'>μισοπόνηρος</span> <span class='ocrx_word' id='word_1_536' title='bbox 1085 4384 1152 4453; x_wconf 75' lang='grc' dir='ltr'>ἦν</span> <span class='ocrx_word' id='word_1_537' title='bbox 1182 4384 1272 4439; x_wconf 84' lang='grc' dir='ltr'>καὶ</span> <span class='ocrx_word' id='word_1_538' title='bbox 1328 4384 1455 4448; x_wconf 84' lang='grc' dir='ltr'>τοὺς</span> <span class='ocrx_word' id='word_1_539' title='bbox 1508 4386 1704 4450; x_wconf 74' lang='grc' dir='ltr'>κακοὺς</span> <span class='ocrx_word' id='word_1_540' title='bbox 1763 4388 1901 4462; x_wconf 83' lang='grc' dir='ltr'>ἀμυ-</span> 
     </span>
    </p>
   </div>
   <div class='ocr_carea' id='block_1_80' title="bbox 236 4470 1904 4549">
    <p class='ocr_par' dir='ltr' id='par_1_80' title="bbox 236 4470 1904 4549">
     <span class='ocr_line' id='line_1_80' title="bbox 236 4470 1904 4549; baseline 0.003 -21"><span class='ocrx_word' id='word_1_541' title='bbox 236 4474 507 4547; x_wconf 85' lang='grc' dir='ltr'>νόμενος,</span> <span class='ocrx_word' id='word_1_542' title='bbox 555 4470 708 4544; x_wconf 82' lang='grc' dir='ltr'>ὅμως</span> <span class='ocrx_word' id='word_1_543' title='bbox 763 4473 901 4527; x_wconf 82' lang='grc' dir='ltr'>ἅπαν</span> <span class='ocrx_word' id='word_1_544' title='bbox 950 4473 1283 4548; x_wconf 79' lang='grc' dir='ltr'>κατηγορίας</span> <span class='ocrx_word' id='word_1_545' title='bbox 1344 4471 1686 4549; x_wconf 75' lang='grc' dir='ltr'>δικαστήριον</span> <span class='ocrx_word' id='word_1_546' title='bbox 1747 4476 1904 4548; x_wconf 80' lang='grc' dir='ltr'>ἐξενί-</span> 
     </span>
    </p>
   </div>
   <div class='ocr_carea' id='block_1_81' title="bbox 236 4558 1904 4637">
    <p class='ocr_par' dir='ltr' id='par_1_81' title="bbox 236 4558 1904 4637">
     <span class='ocr_line' id='line_1_81' title="bbox 236 4558 1904 4637; baseline 0.002 -19"><span class='ocrx_word' id='word_1_547' title='bbox 236 4584 440 4633; x_wconf 86' lang='grc' dir='ltr'>κησεν.</span> <span class='ocrx_word' id='word_1_548' title='bbox 473 4560 537 4616; x_wconf 72' lang='lat' dir='ltr'>Et</span> <span class='ocrx_word' id='word_1_549' title='bbox 570 4558 628 4616; x_wconf 72' lang='grc' dir='ltr'>δὲ</span> <span class='ocrx_word' id='word_1_550' title='bbox 678 4559 832 4636; x_wconf 84' lang='grc' dir='ltr'>λέγοι</span> <span class='ocrx_word' id='word_1_551' title='bbox 869 4583 953 4624; x_wconf 90' lang='grc' dir='ltr'>τις</span> <span class='ocrx_word' id='word_1_552' title='bbox 997 4558 1257 4637; x_wconf 76' lang='grc' dir='ltr'>δυσχερὲς</span> <span class='ocrx_word' id='word_1_553' title='bbox 1305 4563 1440 4618; x_wconf 80' lang='grc' dir='ltr'>εἶναι</span> <span class='ocrx_word' id='word_1_554' title='bbox 1486 4565 1768 4628; x_wconf 68' lang='grc' dir='ltr'>τοιούτους</span> <span class='ocrx_word' id='word_1_555' title='bbox 1816 4568 1904 4621; x_wconf 82' lang='grc' dir='ltr'>ἄν-</span> 
     </span>
    </p>
   </div>
   <div class='ocr_carea' id='block_1_82' title="bbox 2001 3406 3642 3482">
    <p class='ocr_par' dir='ltr' id='par_1_82' title="bbox 2001 3406 3642 3482">
     <span class='ocr_line' id='line_1_82' title="bbox 2001 3406 3642 3482; baseline 0.002 -19"><span class='ocrx_word' id='word_1_556' title='bbox 2001 3425 2116 3480; x_wconf 90' lang='lat' dir='ltr'>quo</span> <span class='ocrx_word' id='word_1_557' title='bbox 2163 3414 2426 3480; x_wconf 88' lang='lat' dir='ltr'>tempore</span> <span class='ocrx_word' id='word_1_558' title='bbox 2510 3406 2762 3463; x_wconf 89' lang='lat' dir='ltr'>cordatis</span> <span class='ocrx_word' id='word_1_559' title='bbox 2849 3406 3185 3463; x_wconf 86' lang='lat' dir='ltr'>hominibus</span> <span class='ocrx_word' id='word_1_560' title='bbox 3256 3424 3456 3465; x_wconf 87' lang='lat' dir='ltr'>casum</span> <span class='ocrx_word' id='word_1_561' title='bbox 3512 3411 3642 3482; x_wconf 88' lang='lat' dir='ltr'>ejus</span> 
     </span>
    </p>
   </div>
   <div class='ocr_carea' id='block_1_83' title="bbox 2002 3495 3639 3568">
    <p class='ocr_par' dir='ltr' id='par_1_83' title="bbox 2002 3495 3639 3568">
     <span class='ocr_line' id='line_1_83' title="bbox 2002 3495 3639 3568; baseline 0.002 -16"><span class='ocrx_word' id='word_1_562' title='bbox 2002 3497 2374 3566; x_wconf 86' lang='lat' dir='ltr'>deﬂentibus,</span> <span class='ocrx_word' id='word_1_563' title='bbox 2408 3496 2534 3567; x_wconf 90' lang='lat' dir='ltr'>ipse</span> <span class='ocrx_word' id='word_1_564' title='bbox 2564 3501 2760 3551; x_wconf 88' lang='lat' dir='ltr'>tamen</span> <span class='ocrx_word' id='word_1_565' title='bbox 2810 3495 3006 3551; x_wconf 90' lang='lat' dir='ltr'>animo</span> <span class='ocrx_word' id='word_1_566' title='bbox 3074 3513 3190 3552; x_wconf 89' lang='lat' dir='ltr'>non</span> <span class='ocrx_word' id='word_1_567' title='bbox 3247 3501 3339 3553; x_wconf 85' lang='lat' dir='ltr'>est</span> <span class='ocrx_word' id='word_1_568' title='bbox 3396 3498 3639 3568; x_wconf 85' lang='lat' dir='ltr'>fractus,</span> 
     </span>
    </p>
   </div>
   <div class='ocr_carea' id='block_1_84' title="bbox 2003 3584 3643 3660">
    <p class='ocr_par' dir='ltr' id='par_1_84' title="bbox 2003 3584 3643 3660">
     <span class='ocr_line' id='line_1_84' title="bbox 2003 3584 3643 3660; baseline 0.003 -19"><span class='ocrx_word' id='word_1_569' title='bbox 2003 3586 2107 3642; x_wconf 92' lang='lat' dir='ltr'>sed</span> <span class='ocrx_word' id='word_1_570' title='bbox 2157 3602 2324 3640; x_wconf 90' lang='lat' dir='ltr'>suam</span> <span class='ocrx_word' id='word_1_571' title='bbox 2379 3584 2731 3640; x_wconf 90' lang='lat' dir='ltr'>sententiam</span> <span class='ocrx_word' id='word_1_572' title='bbox 2790 3585 3020 3640; x_wconf 88' lang='lat' dir='ltr'>ﬁrmam</span> <span class='ocrx_word' id='word_1_573' title='bbox 3071 3585 3643 3660; x_wconf 82' lang='lat' dir='ltr'>impertubatamque</span> 
     </span>
    </p>
   </div>
   <div class='ocr_carea' id='block_1_85' title="bbox 2004 3672 3640 3745">
    <p class='ocr_par' dir='ltr' id='par_1_85' title="bbox 2004 3672 3640 3745">
     <span class='ocr_line' id='line_1_85' title="bbox 2004 3672 3640 3745; baseline 0.001 -15"><span class='ocrx_word' id='word_1_574' title='bbox 2004 3674 2263 3730; x_wconf 88' lang='lat' dir='ltr'>retinuit.</span> <span class='ocrx_word' id='word_1_575' title='bbox 2298 3672 2591 3745; x_wconf 79' lang='lat' dir='ltr'>Cephatus</span> <span class='ocrx_word' id='word_1_576' title='bbox 2623 3677 2819 3728; x_wconf 87' lang='lat' dir='ltr'>autem</span> <span class='ocrx_word' id='word_1_577' title='bbox 2853 3674 3013 3728; x_wconf 92' lang='lat' dir='ltr'>omni</span> <span class='ocrx_word' id='word_1_578' title='bbox 3061 3674 3180 3730; x_wconf 86' lang='lat' dir='ltr'>fere</span> <span class='ocrx_word' id='word_1_579' title='bbox 3232 3675 3640 3732; x_wconf 89' lang='lat' dir='ltr'>criminatione</span> 
     </span>
    </p>
   </div>
   <div class='ocr_carea' id='block_1_86' title="bbox 2005 3761 3643 3835">
    <p class='ocr_par' dir='ltr' id='par_1_86' title="bbox 2005 3761 3643 3835">
     <span class='ocr_line' id='line_1_86' title="bbox 2005 3761 3643 3835; baseline 0.002 -18"><span class='ocrx_word' id='word_1_580' title='bbox 2005 3764 2152 3817; x_wconf 90' lang='lat' dir='ltr'>liber</span> <span class='ocrx_word' id='word_1_581' title='bbox 2180 3762 2407 3830; x_wconf 82' lang='lat' dir='ltr'>fuisset,</span> <span class='ocrx_word' id='word_1_582' title='bbox 2467 3761 2601 3829; x_wconf 89' lang='lat' dir='ltr'>nisi,</span> <span class='ocrx_word' id='word_1_583' title='bbox 2658 3761 2730 3817; x_wconf 92' lang='lat' dir='ltr'>ob</span> <span class='ocrx_word' id='word_1_584' title='bbox 2785 3761 3140 3817; x_wconf 89' lang='lat' dir='ltr'>calumniam</span> <span class='ocrx_word' id='word_1_585' title='bbox 3198 3763 3392 3820; x_wconf 90' lang='lat' dir='ltr'>nescio</span> <span class='ocrx_word' id='word_1_586' title='bbox 3451 3766 3643 3835; x_wconf 83' lang='lat' dir='ltr'>cuius,</span> 
     </span>
    </p>
   </div>
   <div class='ocr_carea' id='block_1_87' title="bbox 2006 3850 3645 3923">
    <p class='ocr_par' dir='ltr' id='par_1_87' title="bbox 2006 3850 3645 3923">
     <span class='ocr_line' id='line_1_87' title="bbox 2006 3850 3645 3923; baseline 0.002 -17"><span class='ocrx_word' id='word_1_587' title='bbox 2006 3851 2331 3923; x_wconf 87' lang='lat' dir='ltr'>improvida</span> <span class='ocrx_word' id='word_1_588' title='bbox 2386 3850 2696 3918; x_wconf 84' lang='lat' dir='ltr'>sententia,</span> <span class='ocrx_word' id='word_1_589' title='bbox 2752 3866 3090 3922; x_wconf 88' lang='lat' dir='ltr'>quanquam</span> <span class='ocrx_word' id='word_1_590' title='bbox 3140 3851 3310 3923; x_wconf 89' lang='lat' dir='ltr'>plane</span> <span class='ocrx_word' id='word_1_591' title='bbox 3340 3852 3645 3923; x_wconf 88' lang='lat' dir='ltr'>innocens,</span> 
     </span>
    </p>
   </div>
   <div class='ocr_carea' id='block_1_88' title="bbox 2008 3939 3642 4013">
    <p class='ocr_par' dir='ltr' id='par_1_88' title="bbox 2008 3939 3642 4013">
     <span class='ocr_line' id='line_1_88' title="bbox 2008 3939 3642 4013; baseline 0.002 -18"><span class='ocrx_word' id='word_1_592' title='bbox 2008 3956 2320 4013; x_wconf 85' lang='lat' dir='ltr'>percussus</span> <span class='ocrx_word' id='word_1_593' title='bbox 2372 3939 2598 3995; x_wconf 84' lang='lat' dir='ltr'>fuisset.</span> <span class='ocrx_word' id='word_1_594' title='bbox 2651 3939 3005 4010; x_wconf 85' lang='lat' dir='ltr'>Aristophon</span> <span class='ocrx_word' id='word_1_595' title='bbox 3063 3941 3315 4013; x_wconf 89' lang='lat' dir='ltr'>denique</span> <span class='ocrx_word' id='word_1_596' title='bbox 3371 3941 3431 3997; x_wconf 93' lang='lat' dir='ltr'>in</span> <span class='ocrx_word' id='word_1_597' title='bbox 3479 3942 3642 3998; x_wconf 87' lang='lat' dir='ltr'>omni</span> 
     </span>
    </p>
   </div>
   <div class='ocr_carea' id='block_1_89' title="bbox 2006 4027 3651 4102">
    <p class='ocr_par' dir='ltr' id='par_1_89' title="bbox 2006 4027 3651 4102">
     <span class='ocr_line' id='line_1_89' title="bbox 2006 4027 3651 4102; baseline 0.002 -19"><span class='ocrx_word' id='word_1_598' title='bbox 2006 4029 2126 4083; x_wconf 87' lang='lat' dir='ltr'>vita</span> <span class='ocrx_word' id='word_1_599' title='bbox 2156 4027 2467 4083; x_wconf 88' lang='lat' dir='ltr'>calumniis</span> <span class='ocrx_word' id='word_1_600' title='bbox 2497 4027 2811 4099; x_wconf 86' lang='lat' dir='ltr'>adpetitus,</span> <span class='ocrx_word' id='word_1_601' title='bbox 2846 4028 2984 4098; x_wconf 89' lang='lat' dir='ltr'>quia</span> <span class='ocrx_word' id='word_1_602' title='bbox 3026 4027 3419 4099; x_wconf 90' lang='lat' dir='ltr'>improbitatis</span> <span class='ocrx_word' id='word_1_603' title='bbox 3476 4034 3651 4102; x_wconf 88' lang='lat' dir='ltr'>atque</span> 
     </span>
    </p>
   </div>
   <div class='ocr_carea' id='block_1_90' title="bbox 2008 4116 3648 4189">
    <p class='ocr_par' dir='ltr' id='par_1_90' title="bbox 2008 4116 3648 4189">
     <span class='ocr_line' id='line_1_90' title="bbox 2008 4116 3648 4189; baseline 0.002 -18"><span class='ocrx_word' id='word_1_604' title='bbox 2008 4116 2409 4188; x_wconf 89' lang='lat' dir='ltr'>improborum</span> <span class='ocrx_word' id='word_1_605' title='bbox 2442 4116 2627 4172; x_wconf 90' lang='lat' dir='ltr'>hostis</span> <span class='ocrx_word' id='word_1_606' title='bbox 2657 4121 2800 4186; x_wconf 85' lang='lat' dir='ltr'>erat,</span> <span class='ocrx_word' id='word_1_607' title='bbox 2831 4116 2891 4170; x_wconf 91' lang='lat' dir='ltr'>in</span> <span class='ocrx_word' id='word_1_608' title='bbox 2923 4117 3151 4173; x_wconf 88' lang='lat' dir='ltr'>cunctis</span> <span class='ocrx_word' id='word_1_609' title='bbox 3176 4121 3373 4174; x_wconf 88' lang='lat' dir='ltr'>tamen</span> <span class='ocrx_word' id='word_1_610' title='bbox 3404 4119 3648 4189; x_wconf 90' lang='lat' dir='ltr'>judiciis</span> 
     </span>
    </p>
   </div>
   <div class='ocr_carea' id='block_1_91' title="bbox 2010 4205 3649 4279">
    <p class='ocr_par' dir='ltr' id='par_1_91' title="bbox 2010 4205 3649 4279">
     <span class='ocr_line' id='line_1_91' title="bbox 2010 4205 3649 4279; baseline 0 -16"><span class='ocrx_word' id='word_1_611' title='bbox 2010 4205 2274 4279; x_wconf 90' lang='lat' dir='ltr'>superior</span> <span class='ocrx_word' id='word_1_612' title='bbox 2328 4205 2618 4261; x_wconf 88' lang='lat' dir='ltr'>discessit.</span> <span class='ocrx_word' id='word_1_613' title='bbox 2669 4206 2843 4260; x_wconf 91' lang='lat' dir='ltr'>Porro</span> <span class='ocrx_word' id='word_1_614' title='bbox 2873 4206 2922 4261; x_wconf 90' lang='lat' dir='ltr'>si</span> <span class='ocrx_word' id='word_1_615' title='bbox 2953 4206 3087 4277; x_wconf 89' lang='lat' dir='ltr'>quis</span> <span class='ocrx_word' id='word_1_616' title='bbox 3146 4207 3318 4262; x_wconf 88' lang='lat' dir='ltr'>dicat.</span> <span class='ocrx_word' id='word_1_617' title='bbox 3380 4206 3649 4263; x_wconf 88' lang='lat' dir='ltr'>homines</span> 
     </span>
    </p>
   </div>
   <div class='ocr_carea' id='block_1_92' title="bbox 2009 4294 3654 4367">
    <p class='ocr_par' dir='ltr' id='par_1_92' title="bbox 2009 4294 3654 4367">
     <span class='ocr_line' id='line_1_92' title="bbox 2009 4294 3654 4367; baseline 0.001 -17"><span class='ocrx_word' id='word_1_618' title='bbox 2009 4294 2351 4367; x_wconf 89' lang='lat' dir='ltr'>bujusmodi</span> <span class='ocrx_word' id='word_1_619' title='bbox 2383 4311 2531 4366; x_wconf 68' lang='lat' dir='ltr'>aegre</span> <span class='ocrx_word' id='word_1_620' title='bbox 2560 4294 3034 4366; x_wconf 85' lang='lat' dir='ltr'>histemporibus</span> <span class='ocrx_word' id='word_1_621' title='bbox 3063 4294 3330 4351; x_wconf 74' lang='lat' dir='ltr'>inveniri.</span> <span class='ocrx_word' id='word_1_622' title='bbox 3359 4311 3539 4351; x_wconf 88' lang='lat' dir='ltr'>causa</span> <span class='ocrx_word' id='word_1_623' title='bbox 3569 4296 3654 4351; x_wconf 91' lang='lat' dir='ltr'>rei</span> 
     </span>
    </p>
   </div>
   <div class='ocr_carea' id='block_1_93' title="bbox 2011 4382 3658 4456">
    <p class='ocr_par' dir='ltr' id='par_1_93' title="bbox 2011 4382 3658 4456">
     <span class='ocr_line' id='line_1_93' title="bbox 2011 4382 3658 4456; baseline 0.001 -18"><span class='ocrx_word' id='word_1_624' title='bbox 2011 4384 2248 4456; x_wconf 90' lang='lat' dir='ltr'>quidem</span> <span class='ocrx_word' id='word_1_625' title='bbox 2277 4383 2434 4438; x_wconf 89' lang='lat' dir='ltr'>haud</span> <span class='ocrx_word' id='word_1_626' title='bbox 2467 4382 2581 4438; x_wconf 87' lang='lat' dir='ltr'>alia</span> <span class='ocrx_word' id='word_1_627' title='bbox 2619 4388 2725 4451; x_wconf 89' lang='lat' dir='ltr'>est,</span> <span class='ocrx_word' id='word_1_628' title='bbox 2786 4400 2962 4453; x_wconf 87' lang='lat' dir='ltr'>quam</span> <span class='ocrx_word' id='word_1_629' title='bbox 3006 4383 3143 4455; x_wconf 90' lang='lat' dir='ltr'>quia</span> <span class='ocrx_word' id='word_1_630' title='bbox 3201 4383 3338 4439; x_wconf 90' lang='lat' dir='ltr'>boni</span> <span class='ocrx_word' id='word_1_631' title='bbox 3391 4387 3658 4439; x_wconf 89' lang='lat' dir='ltr'>contem-</span> 
     </span>
    </p>
   </div>
   <div class='ocr_carea' id='block_1_94' title="bbox 2014 4471 3655 4544">
    <p class='ocr_par' dir='ltr' id='par_1_94' title="bbox 2014 4471 3655 4544">
     <span class='ocr_line' id='line_1_94' title="bbox 2014 4471 3655 4544; baseline 0 -16"><span class='ocrx_word' id='word_1_632' title='bbox 2014 4476 2254 4541; x_wconf 89' lang='lat' dir='ltr'>nuntur,</span> <span class='ocrx_word' id='word_1_633' title='bbox 2288 4488 2477 4544; x_wconf 90' lang='lat' dir='ltr'>neque</span> <span class='ocrx_word' id='word_1_634' title='bbox 2508 4472 2845 4543; x_wconf 66' lang='lat' dir='ltr'>praeclarum</span> <span class='ocrx_word' id='word_1_635' title='bbox 2874 4471 3127 4543; x_wconf 90' lang='lat' dir='ltr'>aliquem</span> <span class='ocrx_word' id='word_1_636' title='bbox 3161 4473 3414 4527; x_wconf 85' lang='lat' dir='ltr'>fructum</span> <span class='ocrx_word' id='word_1_637' title='bbox 3450 4487 3655 4529; x_wconf 86' lang='lat' dir='ltr'>conse-</span> 
     </span>
    </p>
   </div>
   <div class='ocr_carea' id='block_1_95' title="bbox 2013 4559 3658 4635">
    <p class='ocr_par' dir='ltr' id='par_1_95' title="bbox 2013 4559 3658 4635">
     <span class='ocr_line' id='line_1_95' title="bbox 2013 4559 3658 4635; baseline -0.001 -18"><span class='ocrx_word' id='word_1_638' title='bbox 2013 4565 2312 4635; x_wconf 88' lang='lat' dir='ltr'>quuntur;</span> <span class='ocrx_word' id='word_1_639' title='bbox 2346 4561 2574 4616; x_wconf 88' lang='lat' dir='ltr'>scelesti</span> <span class='ocrx_word' id='word_1_640' title='bbox 2608 4565 2799 4615; x_wconf 89' lang='lat' dir='ltr'>autem</span> <span class='ocrx_word' id='word_1_641' title='bbox 2835 4560 3003 4615; x_wconf 90' lang='lat' dir='ltr'>bonis</span> <span class='ocrx_word' id='word_1_642' title='bbox 3034 4559 3290 4631; x_wconf 82' lang='lat' dir='ltr'>praeclari</span> <span class='ocrx_word' id='word_1_643' title='bbox 3313 4559 3658 4616; x_wconf 87' lang='lat' dir='ltr'>subvehun-</span> 
     </span>
    </p>
   </div>
   <div class='ocr_carea' id='block_1_96' title="bbox 238 4647 1896 4736">
    <p class='ocr_par' dir='ltr' id='par_1_96' title="bbox 238 4647 1896 4728">
     <span class='ocr_line' id='line_1_96' title="bbox 238 4647 1896 4728; baseline 0.001 -21"><span class='ocrx_word' id='word_1_644' title='bbox 238 4649 381 4728; x_wconf 86' lang='grc' dir='ltr'>δρας</span> <span class='ocrx_word' id='word_1_645' title='bbox 412 4653 503 4705; x_wconf 78' lang='grc' dir='ltr'>νῦν</span> <span class='ocrx_word' id='word_1_646' title='bbox 534 4649 839 4725; x_wconf 84' lang='grc' dir='ltr'>εύρεθῆναι,</span> <span class='ocrx_word' id='word_1_647' title='bbox 871 4647 997 4704; x_wconf 87' lang='grc' dir='ltr'>ἀλλ’</span> <span class='ocrx_word' id='word_1_648' title='bbox 1029 4649 1126 4705; x_wconf 82' lang='grc' dir='ltr'>οὐκ</span> <span class='ocrx_word' id='word_1_649' title='bbox 1174 4649 1403 4715; x_wconf 81' lang='grc' dir='ltr'>ἄλλοθέν</span> <span class='ocrx_word' id='word_1_650' title='bbox 1436 4651 1545 4707; x_wconf 81' lang='grc' dir='ltr'>ἐστι</span> <span class='ocrx_word' id='word_1_651' title='bbox 1586 4654 1648 4708; x_wconf 88' lang='grc' dir='ltr'>τὸ</span> <span class='ocrx_word' id='word_1_652' title='bbox 1700 4651 1896 4728; x_wconf 71' lang='grc' dir='ltr'>αἷίτιον,</span> 
     </span>
    </p>
   </div>
   <div class='ocr_carea' id='block_1_97' title="bbox 2005 4647 3659 4736">
    <p class='ocr_par' dir='ltr' id='par_1_97' title="bbox 2012 4649 3659 4721">
     <span class='ocr_line' id='line_1_97' title="bbox 2012 4649 3659 4721; baseline -0.001 -14"><span class='ocrx_word' id='word_1_653' title='bbox 2012 4656 2112 4707; x_wconf 92' lang='lat' dir='ltr'>tur</span> <span class='ocrx_word' id='word_1_654' title='bbox 2142 4651 2319 4707; x_wconf 89' lang='lat' dir='ltr'>altius</span> <span class='ocrx_word' id='word_1_655' title='bbox 2350 4650 2787 4721; x_wconf 89' lang='lat' dir='ltr'>honoribusque</span> <span class='ocrx_word' id='word_1_656' title='bbox 2820 4653 3167 4704; x_wconf 89' lang='lat' dir='ltr'>mactantur.</span> <span class='ocrx_word' id='word_1_657' title='bbox 3186 4649 3331 4704; x_wconf 91' lang='lat' dir='ltr'>Nam</span> <span class='ocrx_word' id='word_1_658' title='bbox 3363 4665 3457 4704; x_wconf 90' lang='lat' dir='ltr'>res</span> <span class='ocrx_word' id='word_1_659' title='bbox 3487 4649 3659 4721; x_wconf 89' lang='lat' dir='ltr'>cujus</span> 
     </span>
    </p>
   </div>
   <div class='ocr_carea' id='block_1_98' title="bbox 235 4737 1906 4817">
    <p class='ocr_par' dir='ltr' id='par_1_98' title="bbox 235 4737 1906 4817">
     <span class='ocr_line' id='line_1_98' title="bbox 235 4737 1906 4817; baseline 0.002 -22"><span class='ocrx_word' id='word_1_660' title='bbox 235 4741 273 4810; x_wconf 74' lang='grc' dir='ltr'><strong>ἢ</strong></span> <span class='ocrx_word' id='word_1_661' title='bbox 312 4739 880 4817; x_wconf 76' lang='grc' dir='ltr'>ὅτιπεριφρονοῦνται</span> <span class='ocrx_word' id='word_1_662' title='bbox 943 4738 1038 4811; x_wconf 75' lang='grc' dir='ltr'>μὲν</span> <span class='ocrx_word' id='word_1_663' title='bbox 1099 4739 1150 4792; x_wconf 77' lang='grc' dir='ltr'>οἱ</span> <span class='ocrx_word' id='word_1_664' title='bbox 1203 4737 1386 4811; x_wconf 80' lang='grc' dir='ltr'>καλοὶ,</span> <span class='ocrx_word' id='word_1_665' title='bbox 1417 4739 1508 4795; x_wconf 83' lang='grc' dir='ltr'>καὶ</span> <span class='ocrx_word' id='word_1_666' title='bbox 1566 4740 1617 4795; x_wconf 89' lang='grc' dir='ltr'>ἐν</span> <span class='ocrx_word' id='word_1_667' title='bbox 1676 4739 1906 4815; x_wconf 76' lang='grc' dir='ltr'>οὐδεμιᾷ</span> 
     </span>
    </p>
   </div>
   <div class='ocr_carea' id='block_1_99' title="bbox 240 4827 1907 4907">
    <p class='ocr_par' dir='ltr' id='par_1_99' title="bbox 240 4827 1907 4907">
     <span class='ocr_line' id='line_1_99' title="bbox 240 4827 1907 4907; baseline 0.001 -22"><span class='ocrx_word' id='word_1_668' title='bbox 240 4828 513 4905; x_wconf 80' lang='grc' dir='ltr'>βελτίστῃ</span> <span class='ocrx_word' id='word_1_669' title='bbox 566 4827 841 4903; x_wconf 81' lang='grc' dir='ltr'>κρίνονται</span> <span class='ocrx_word' id='word_1_670' title='bbox 902 4827 1082 4902; x_wconf 83' lang='grc' dir='ltr'>μοίρᾳ·</span> <span class='ocrx_word' id='word_1_671' title='bbox 1136 4829 1188 4882; x_wconf 74' lang='grc' dir='ltr'>οἱ</span> <span class='ocrx_word' id='word_1_672' title='bbox 1236 4828 1468 4905; x_wconf 86' lang='grc' dir='ltr'>πονηροὶ</span> <span class='ocrx_word' id='word_1_673' title='bbox 1521 4827 1577 4884; x_wconf 79' lang='grc' dir='ltr'>δὲ</span> <span class='ocrx_word' id='word_1_674' title='bbox 1624 4833 1907 4907; x_wconf 75' lang='grc' dir='ltr'>προκρινά-</span> 
     </span>
    </p>
   </div>
   <div class='ocr_carea' id='block_1_100' title="bbox 241 4913 1906 4995">
    <p class='ocr_par' dir='ltr' id='par_1_100' title="bbox 241 4913 1906 4995">
     <span class='ocr_line' id='line_1_100' title="bbox 241 4913 1906 4995; baseline 0.002 -24"><span class='ocrx_word' id='word_1_675' title='bbox 241 4937 419 4987; x_wconf 86' lang='grc' dir='ltr'>μενον</span> <span class='ocrx_word' id='word_1_676' title='bbox 456 4913 756 4971; x_wconf 86' lang='grc' dir='ltr'>ἐπιδιδόασι</span> <span class='ocrx_word' id='word_1_677' title='bbox 787 4916 876 4971; x_wconf 79' lang='grc' dir='ltr'>καὶ</span> <span class='ocrx_word' id='word_1_678' title='bbox 934 4916 1236 4986; x_wconf 80' lang='grc' dir='ltr'>αύξάνουσι·</span> <span class='ocrx_word' id='word_1_679' title='bbox 1271 4923 1373 4971; x_wconf 78' lang='grc' dir='ltr'>πᾶν</span> <span class='ocrx_word' id='word_1_680' title='bbox 1428 4918 1529 4995; x_wconf 71' lang='grc' dir='ltr'>γὰρ</span> <span class='ocrx_word' id='word_1_681' title='bbox 1586 4920 1648 4974; x_wconf 83' lang='grc' dir='ltr'>τὸ</span> <span class='ocrx_word' id='word_1_682' title='bbox 1708 4921 1906 4991; x_wconf 83' lang='grc' dir='ltr'>ζητού-</span> 
     </span>
    </p>
   </div>
   <div class='ocr_carea' id='block_1_101' title="bbox 241 5004 1909 5081">
    <p class='ocr_par' dir='ltr' id='par_1_101' title="bbox 241 5004 1909 5081">
     <span class='ocr_line' id='line_1_101' title="bbox 241 5004 1909 5081; baseline 0.002 -20"><span class='ocrx_word' id='word_1_683' title='bbox 241 5026 416 5078; x_wconf 84' lang='grc' dir='ltr'>μενοι</span> <span class='ocrx_word' id='word_1_684' title='bbox 475 5004 683 5078; x_wconf 79' lang='grc' dir='ltr'>αύξάνει</span> <span class='ocrx_word' id='word_1_685' title='bbox 738 5025 798 5060; x_wconf 86' lang='grc' dir='ltr'>τε</span> <span class='ocrx_word' id='word_1_686' title='bbox 850 5005 939 5060; x_wconf 84' lang='grc' dir='ltr'>καὶ</span> <span class='ocrx_word' id='word_1_687' title='bbox 978 5005 1422 5081; x_wconf 74' lang='grc' dir='ltr'>παρρησιάζεται·</span> <span class='ocrx_word' id='word_1_688' title='bbox 1456 5008 1517 5062; x_wconf 88' lang='grc' dir='ltr'>τὸ</span> <span class='ocrx_word' id='word_1_689' title='bbox 1569 5006 1614 5062; x_wconf 82' lang='grc' dir='ltr'>δ’</span> <span class='ocrx_word' id='word_1_690' title='bbox 1678 5009 1909 5081; x_wconf 84' lang='grc' dir='ltr'>ἀμελού-</span> 
     </span>
    </p>
   </div>
   <div class='ocr_carea' id='block_1_102' title="bbox 241 5093 1906 5174">
    <p class='ocr_par' dir='ltr' id='par_1_102' title="bbox 241 5093 1906 5174">
     <span class='ocr_line' id='line_1_102' title="bbox 241 5093 1906 5174; baseline 0.002 -25"><span class='ocrx_word' id='word_1_691' title='bbox 241 5115 421 5167; x_wconf 83' lang='grc' dir='ltr'>μενον</span> <span class='ocrx_word' id='word_1_692' title='bbox 509 5093 826 5150; x_wconf 80' lang='grc' dir='ltr'>ἐλαττοῦται</span> <span class='ocrx_word' id='word_1_693' title='bbox 902 5094 990 5149; x_wconf 79' lang='grc' dir='ltr'>καὶ</span> <span class='ocrx_word' id='word_1_694' title='bbox 1076 5093 1498 5170; x_wconf 80' lang='grc' dir='ltr'>ἀποκρύπτεται·</span> <span class='ocrx_word' id='word_1_695' title='bbox 1572 5096 1732 5161; x_wconf 83' lang='grc' dir='ltr'>πόθεν</span> <span class='ocrx_word' id='word_1_696' title='bbox 1805 5099 1906 5174; x_wconf 81' lang='grc' dir='ltr'>γὰρ</span> 
     </span>
    </p>
   </div>
   <div class='ocr_carea' id='block_1_103' title="bbox 236 5179 1909 5260">
    <p class='ocr_par' dir='ltr' id='par_1_103' title="bbox 236 5179 1909 5260">
     <span class='ocr_line' id='line_1_103' title="bbox 236 5179 1909 5260; baseline 0.002 -23"><span class='ocrx_word' id='word_1_697' title='bbox 236 5179 490 5237; x_wconf 79' lang='grc' dir='ltr'>ἄλλοθεν</span> <span class='ocrx_word' id='word_1_698' title='bbox 524 5180 578 5237; x_wconf 83' lang='grc' dir='ltr'>ἐν</span> <span class='ocrx_word' id='word_1_699' title='bbox 604 5187 723 5244; x_wconf 83' lang='grc' dir='ltr'>τοῖς</span> <span class='ocrx_word' id='word_1_700' title='bbox 768 5184 884 5238; x_wconf 89' lang='grc' dir='ltr'>καθ’</span> <span class='ocrx_word' id='word_1_701' title='bbox 911 5185 1059 5256; x_wconf 84' lang='grc' dir='ltr'>ἡμᾶς</span> <span class='ocrx_word' id='word_1_702' title='bbox 1103 5182 1319 5246; x_wconf 84' lang='grc' dir='ltr'>τούτοις</span> <span class='ocrx_word' id='word_1_703' title='bbox 1376 5184 1601 5260; x_wconf 90' lang='grc' dir='ltr'>χρόνοις</span> <span class='ocrx_word' id='word_1_704' title='bbox 1660 5184 1909 5241; x_wconf 84' lang='grc' dir='ltr'>ἐσπάνισε</span> 
     </span>
    </p>
   </div>
   <div class='ocr_carea' id='block_1_104' title="bbox 232 5268 1908 5346">
    <p class='ocr_par' dir='ltr' id='par_1_104' title="bbox 232 5268 1908 5346">
     <span class='ocr_line' id='line_1_104' title="bbox 232 5268 1908 5346; baseline 0.003 -22"><span class='ocrx_word' id='word_1_705' title='bbox 232 5273 311 5325; x_wconf 74' lang='grc' dir='ltr'>τὰ</span> <span class='ocrx_word' id='word_1_706' title='bbox 376 5274 487 5324; x_wconf 85' lang='grc' dir='ltr'>τῶν</span> <span class='ocrx_word' id='word_1_707' title='bbox 537 5268 723 5346; x_wconf 88' lang='grc' dir='ltr'>λόγων</span> <span class='ocrx_word' id='word_1_708' title='bbox 778 5270 868 5326; x_wconf 84' lang='grc' dir='ltr'>καὶ</span> <span class='ocrx_word' id='word_1_709' title='bbox 920 5271 1258 5344; x_wconf 87' lang='grc' dir='ltr'>μαθημάτων</span> <span class='ocrx_word' id='word_1_710' title='bbox 1309 5272 1399 5327; x_wconf 85' lang='grc' dir='ltr'>καὶ</span> <span class='ocrx_word' id='word_1_711' title='bbox 1446 5269 1769 5345; x_wconf 74' lang='grc' dir='ltr'>ἀπεσϐέσθη,</span> <span class='ocrx_word' id='word_1_712' title='bbox 1819 5274 1908 5329; x_wconf 88' lang='grc' dir='ltr'>καὶ</span> 
     </span>
    </p>
   </div>
   <div class='ocr_carea' id='block_1_105' title="bbox 234 5355 1910 5439">
    <p class='ocr_par' dir='ltr' id='par_1_105' title="bbox 234 5355 1910 5439">
     <span class='ocr_line' id='line_1_105' title="bbox 234 5355 1910 5439; baseline 0.002 -24"><span class='ocrx_word' id='word_1_713' title='bbox 234 5361 275 5429; x_wconf 81' lang='grc' dir='ltr'><strong>ἡ</strong></span> <span class='ocrx_word' id='word_1_714' title='bbox 311 5363 435 5415; x_wconf 81' lang='grc' dir='ltr'>τῶν</span> <span class='ocrx_word' id='word_1_715' title='bbox 467 5361 617 5429; x_wconf 74' lang='grc' dir='ltr'>ἠθῶν</span> <span class='ocrx_word' id='word_1_716' title='bbox 664 5355 967 5434; x_wconf 86' lang='grc' dir='ltr'>κοσμιότης</span> <span class='ocrx_word' id='word_1_717' title='bbox 1022 5359 1251 5439; x_wconf 84' lang='grc' dir='ltr'>ἐφθάρη,</span> <span class='ocrx_word' id='word_1_718' title='bbox 1282 5363 1317 5429; x_wconf 72' lang='grc' dir='ltr'><strong>ἢ</strong></span> <span class='ocrx_word' id='word_1_719' title='bbox 1366 5362 1584 5425; x_wconf 89' lang='grc' dir='ltr'>πάντως</span> <span class='ocrx_word' id='word_1_720' title='bbox 1638 5362 1722 5417; x_wconf 80' lang='grc' dir='ltr'>ὅτι</span> <span class='ocrx_word' id='word_1_721' title='bbox 1776 5383 1910 5439; x_wconf 83' lang='grc' dir='ltr'>παρ-</span> 
     </span>
    </p>
   </div>
   <div class='ocr_carea' id='block_1_106' title="bbox 233 5443 1909 5526">
    <p class='ocr_par' dir='ltr' id='par_1_106' title="bbox 233 5443 1909 5526">
     <span class='ocr_line' id='line_1_106' title="bbox 233 5443 1909 5526; baseline 0.001 -23"><span class='ocrx_word' id='word_1_722' title='bbox 233 5443 674 5518; x_wconf 80' lang='grc' dir='ltr'>ευδοκιμοῦνται</span> <span class='ocrx_word' id='word_1_723' title='bbox 710 5449 803 5521; x_wconf 76' lang='grc' dir='ltr'>μὲν</span> <span class='ocrx_word' id='word_1_724' title='bbox 836 5450 888 5503; x_wconf 76' lang='grc' dir='ltr'>οἱ</span> <span class='ocrx_word' id='word_1_725' title='bbox 929 5452 1027 5503; x_wconf 78' lang='grc' dir='ltr'>τοῦ</span> <span class='ocrx_word' id='word_1_726' title='bbox 1067 5447 1241 5504; x_wconf 75' lang='grc' dir='ltr'>καλοῦ</span> <span class='ocrx_word' id='word_1_727' title='bbox 1288 5448 1378 5504; x_wconf 83' lang='grc' dir='ltr'>καὶ</span> <span class='ocrx_word' id='word_1_728' title='bbox 1419 5453 1528 5504; x_wconf 90' lang='grc' dir='ltr'>τῶν</span> <span class='ocrx_word' id='word_1_729' title='bbox 1582 5447 1786 5526; x_wconf 89' lang='grc' dir='ltr'>λόγων,</span> <span class='ocrx_word' id='word_1_730' title='bbox 1819 5450 1909 5505; x_wconf 88' lang='grc' dir='ltr'>καὶ</span> 
     </span>
    </p>
   </div>
   <div class='ocr_carea' id='block_1_107' title="bbox 234 5532 1906 5614">
    <p class='ocr_par' dir='ltr' id='par_1_107' title="bbox 234 5532 1906 5614">
     <span class='ocr_line' id='line_1_107' title="bbox 234 5532 1906 5614; baseline 0.002 -23"><span class='ocrx_word' id='word_1_731' title='bbox 234 5534 295 5591; x_wconf 79' lang='grc' dir='ltr'>ἐν</span> <span class='ocrx_word' id='word_1_732' title='bbox 361 5532 542 5591; x_wconf 72' lang='grc' dir='ltr'>οὐδενὶ</span> <span class='ocrx_word' id='word_1_733' title='bbox 574 5533 727 5612; x_wconf 81' lang='grc' dir='ltr'>λόγῳ</span> <span class='ocrx_word' id='word_1_734' title='bbox 760 5538 1058 5593; x_wconf 82' lang='grc' dir='ltr'>τάττονται·</span> <span class='ocrx_word' id='word_1_735' title='bbox 1108 5535 1420 5611; x_wconf 84' lang='grc' dir='ltr'>ἐκλέγονται</span> <span class='ocrx_word' id='word_1_736' title='bbox 1471 5536 1528 5593; x_wconf 76' lang='grc' dir='ltr'>δὲ</span> <span class='ocrx_word' id='word_1_737' title='bbox 1575 5540 1664 5594; x_wconf 75' lang='grc' dir='ltr'>καὶ</span> <span class='ocrx_word' id='word_1_738' title='bbox 1714 5559 1906 5614; x_wconf 80' lang='grc' dir='ltr'>προτι-</span> 
     </span>
    </p>
   </div>
   <div class='ocr_carea' id='block_1_108' title="bbox 2016 4737 3661 4810">
    <p class='ocr_par' dir='ltr' id='par_1_108' title="bbox 2016 4737 3661 4810">
     <span class='ocr_line' id='line_1_108' title="bbox 2016 4737 3661 4810; baseline -0.001 -14"><span class='ocrx_word' id='word_1_739' title='bbox 2016 4757 2161 4796; x_wconf 86' lang='lat' dir='ltr'>usus</span> <span class='ocrx_word' id='word_1_740' title='bbox 2192 4740 2497 4810; x_wconf 83' lang='lat' dir='ltr'>expetitur,</span> <span class='ocrx_word' id='word_1_741' title='bbox 2534 4737 2700 4793; x_wconf 81' lang='lat' dir='ltr'>facile</span> <span class='ocrx_word' id='word_1_742' title='bbox 2732 4737 2937 4793; x_wconf 88' lang='lat' dir='ltr'>crescit</span> <span class='ocrx_word' id='word_1_743' title='bbox 2966 4742 3142 4808; x_wconf 88' lang='lat' dir='ltr'>atque</span> <span class='ocrx_word' id='word_1_744' title='bbox 3199 4737 3446 4809; x_wconf 85' lang='lat' dir='ltr'>emergit</span> <span class='ocrx_word' id='word_1_745' title='bbox 3474 4755 3487 4805; x_wconf 92' lang='lat'><strong>;</strong></span> <span class='ocrx_word' id='word_1_746' title='bbox 3530 4752 3661 4809; x_wconf 66' lang='lat' dir='ltr'>qua:</span> 
     </span>
    </p>
   </div>
   <div class='ocr_carea' id='block_1_109' title="bbox 2013 4822 3659 4900">
    <p class='ocr_par' dir='ltr' id='par_1_109' title="bbox 2013 4822 3659 4900">
     <span class='ocr_line' id='line_1_109' title="bbox 2013 4822 3659 4900; baseline -0.002 -16"><span class='ocrx_word' id='word_1_747' title='bbox 2013 4846 2144 4884; x_wconf 88' lang='lat' dir='ltr'>vero</span> <span class='ocrx_word' id='word_1_748' title='bbox 2197 4827 2530 4900; x_wconf 83' lang='lat' dir='ltr'>negligitur,</span> <span class='ocrx_word' id='word_1_749' title='bbox 2591 4843 2658 4881; x_wconf 89' lang='lat' dir='ltr'>ea</span> <span class='ocrx_word' id='word_1_750' title='bbox 2708 4825 2993 4881; x_wconf 86' lang='lat' dir='ltr'>minuitur</span> <span class='ocrx_word' id='word_1_751' title='bbox 3052 4826 3425 4897; x_wconf 87' lang='lat' dir='ltr'>latebrasque</span> <span class='ocrx_word' id='word_1_752' title='bbox 3492 4822 3659 4897; x_wconf 73' lang='lat' dir='ltr'>petit.</span> 
     </span>
    </p>
   </div>
   <div class='ocr_carea' id='block_1_110' title="bbox 2014 4911 3662 4986">
    <p class='ocr_par' dir='ltr' id='par_1_110' title="bbox 2014 4911 3662 4986">
     <span class='ocr_line' id='line_1_110' title="bbox 2014 4911 3662 4986; baseline -0.002 -13"><span class='ocrx_word' id='word_1_753' title='bbox 2014 4921 2127 4973; x_wconf 88' lang='lat' dir='ltr'>Cur</span> <span class='ocrx_word' id='word_1_754' title='bbox 2156 4916 2311 4972; x_wconf 89' lang='lat' dir='ltr'>enim</span> <span class='ocrx_word' id='word_1_755' title='bbox 2345 4921 2514 4971; x_wconf 65' lang='lat' dir='ltr'>aetate</span> <span class='ocrx_word' id='word_1_756' title='bbox 2544 4921 2744 4971; x_wconf 84' lang='lat' dir='ltr'>nostra</span> <span class='ocrx_word' id='word_1_757' title='bbox 2776 4914 3094 4986; x_wconf 75' lang='lat' dir='ltr'>disciplinae</span> <span class='ocrx_word' id='word_1_758' title='bbox 3126 4911 3392 4970; x_wconf 8' lang='lat' dir='ltr'>aciliterae</span> <span class='ocrx_word' id='word_1_759' title='bbox 3413 4931 3662 4986; x_wconf 70' lang='lat' dir='ltr'>perrarae</span> 
     </span>
    </p>
   </div>
   <div class='ocr_carea' id='block_1_111' title="bbox 2015 5002 3662 5074">
    <p class='ocr_par' dir='ltr' id='par_1_111' title="bbox 2015 5002 3662 5074">
     <span class='ocr_line' id='line_1_111' title="bbox 2015 5002 3662 5074; baseline -0.001 -13"><span class='ocrx_word' id='word_1_760' title='bbox 2015 5005 2103 5062; x_wconf 81' lang='lat' dir='ltr'>vel</span> <span class='ocrx_word' id='word_1_761' title='bbox 2135 5007 2432 5060; x_wconf 59' lang='lat' dir='ltr'>exstincta</span> <span class='ocrx_word' id='word_1_762' title='bbox 2462 5004 2647 5059; x_wconf 82' lang='lat' dir='ltr'>sunt?</span> <span class='ocrx_word' id='word_1_763' title='bbox 2679 5021 2784 5059; x_wconf 89' lang='lat' dir='ltr'>cur</span> <span class='ocrx_word' id='word_1_764' title='bbox 2812 5020 3041 5059; x_wconf 91' lang='lat' dir='ltr'>morum</span> <span class='ocrx_word' id='word_1_765' title='bbox 3092 5019 3325 5074; x_wconf 91' lang='lat' dir='ltr'>quoque</span> <span class='ocrx_word' id='word_1_766' title='bbox 3387 5002 3662 5059; x_wconf 87' lang='lat' dir='ltr'>honestas</span> 
     </span>
    </p>
   </div>
   <div class='ocr_carea' id='block_1_112' title="bbox 2017 5092 3662 5165">
    <p class='ocr_par' dir='ltr' id='par_1_112' title="bbox 2017 5092 3662 5165">
     <span class='ocr_line' id='line_1_112' title="bbox 2017 5092 3662 5165; baseline -0.001 -15"><span class='ocrx_word' id='word_1_767' title='bbox 2017 5094 2303 5150; x_wconf 88' lang='lat' dir='ltr'>deﬂoruit.</span> <span class='ocrx_word' id='word_1_768' title='bbox 2339 5093 2451 5148; x_wconf 89' lang='lat' dir='ltr'>nisi</span> <span class='ocrx_word' id='word_1_769' title='bbox 2484 5094 2622 5164; x_wconf 84' lang='lat' dir='ltr'>quia</span> <span class='ocrx_word' id='word_1_770' title='bbox 2651 5093 2803 5148; x_wconf 88' lang='lat' dir='ltr'>docti</span> <span class='ocrx_word' id='word_1_771' title='bbox 2852 5092 3197 5164; x_wconf 89' lang='lat' dir='ltr'>honestique</span> <span class='ocrx_word' id='word_1_772' title='bbox 3255 5092 3360 5146; x_wconf 92' lang='lat' dir='ltr'>viri</span> <span class='ocrx_word' id='word_1_773' title='bbox 3421 5098 3662 5165; x_wconf 66' lang='lat' dir='ltr'>praeter-</span> 
     </span>
    </p>
   </div>
   <div class='ocr_carea' id='block_1_113' title="bbox 2018 5180 3664 5253">
    <p class='ocr_par' dir='ltr' id='par_1_113' title="bbox 2018 5180 3664 5253">
     <span class='ocr_line' id='line_1_113' title="bbox 2018 5180 3664 5253; baseline -0.001 -16"><span class='ocrx_word' id='word_1_774' title='bbox 2018 5184 2351 5238; x_wconf 89' lang='lat' dir='ltr'>mittuntur.</span> <span class='ocrx_word' id='word_1_775' title='bbox 2398 5180 2678 5253; x_wconf 89' lang='lat' dir='ltr'>nulloque</span> <span class='ocrx_word' id='word_1_776' title='bbox 2734 5180 2793 5236; x_wconf 90' lang='lat' dir='ltr'>in</span> <span class='ocrx_word' id='word_1_777' title='bbox 2857 5182 3044 5251; x_wconf 89' lang='lat' dir='ltr'>pretio</span> <span class='ocrx_word' id='word_1_778' title='bbox 3103 5180 3415 5248; x_wconf 88' lang='lat' dir='ltr'>habentur,</span> <span class='ocrx_word' id='word_1_779' title='bbox 3451 5197 3664 5252; x_wconf 85' lang='lat' dir='ltr'>pravus</span> 
     </span>
    </p>
   </div>
   <div class='ocr_carea' id='block_1_114' title="bbox 2018 5268 3666 5342">
    <p class='ocr_par' dir='ltr' id='par_1_114' title="bbox 2018 5268 3666 5342">
     <span class='ocr_line' id='line_1_114' title="bbox 2018 5268 3666 5342; baseline -0.001 -15"><span class='ocrx_word' id='word_1_780' title='bbox 2018 5276 2213 5327; x_wconf 89' lang='lat' dir='ltr'>autem</span> <span class='ocrx_word' id='word_1_781' title='bbox 2247 5270 2496 5342; x_wconf 87' lang='lat' dir='ltr'>quisque</span> <span class='ocrx_word' id='word_1_782' title='bbox 2520 5269 2864 5342; x_wconf 88' lang='lat' dir='ltr'>deligituret</span> <span class='ocrx_word' id='word_1_783' title='bbox 2886 5270 3228 5341; x_wconf 81' lang='lat' dir='ltr'>antefertur,</span> <span class='ocrx_word' id='word_1_784' title='bbox 3251 5273 3378 5324; x_wconf 89' lang='lat' dir='ltr'>tum</span> <span class='ocrx_word' id='word_1_785' title='bbox 3399 5268 3458 5324; x_wconf 92' lang='lat' dir='ltr'>in</span> <span class='ocrx_word' id='word_1_786' title='bbox 3489 5269 3666 5325; x_wconf 90' lang='lat' dir='ltr'>eccle-</span> 
     </span>
    </p>
   </div>
   <div class='ocr_carea' id='block_1_115' title="bbox 2018 5357 3667 5431">
    <p class='ocr_par' dir='ltr' id='par_1_115' title="bbox 2018 5357 3667 5431">
     <span class='ocr_line' id='line_1_115' title="bbox 2018 5357 3667 5431; baseline -0.001 -15"><span class='ocrx_word' id='word_1_787' title='bbox 2018 5359 2272 5416; x_wconf 87' lang='lat' dir='ltr'>siasticis</span> <span class='ocrx_word' id='word_1_788' title='bbox 2303 5358 2689 5431; x_wconf 86' lang='lat' dir='ltr'>dignitatibus</span> <span class='ocrx_word' id='word_1_789' title='bbox 2718 5365 2844 5414; x_wconf 87' lang='lat' dir='ltr'>tum</span> <span class='ocrx_word' id='word_1_790' title='bbox 2876 5358 3055 5421; x_wconf 88' lang='lat' dir='ltr'>etiam</span> <span class='ocrx_word' id='word_1_791' title='bbox 3101 5357 3413 5415; x_wconf 80' lang='lat' dir='ltr'>civilibus?</span> <span class='ocrx_word' id='word_1_792' title='bbox 3465 5357 3667 5430; x_wconf 88' lang='lat' dir='ltr'>Neque</span> 
     </span>
    </p>
   </div>
   <div class='ocr_carea' id='block_1_116' title="bbox 2020 5447 3660 5522">
    <p class='ocr_par' dir='ltr' id='par_1_116' title="bbox 2020 5447 3660 5522">
     <span class='ocr_line' id='line_1_116' title="bbox 2020 5447 3660 5522; baseline -0.001 -17"><span class='ocrx_word' id='word_1_793' title='bbox 2020 5448 2185 5522; x_wconf 89' lang='lat' dir='ltr'>pensi</span> <span class='ocrx_word' id='word_1_794' title='bbox 2215 5448 2482 5515; x_wconf 88' lang='lat' dir='ltr'>habetur,</span> <span class='ocrx_word' id='word_1_795' title='bbox 2519 5464 2695 5520; x_wconf 90' lang='lat' dir='ltr'>quam</span> <span class='ocrx_word' id='word_1_796' title='bbox 2736 5448 3032 5504; x_wconf 86' lang='lat' dir='ltr'>laudabile</span> <span class='ocrx_word' id='word_1_797' title='bbox 3054 5447 3660 5521; x_wconf 88' lang='lat' dir='ltr'>gloriosumque,item</span> 
     </span>
    </p>
   </div>
   <div class='ocr_carea' id='block_1_117' title="bbox 2020 5535 3657 5611">
    <p class='ocr_par' dir='ltr' id='par_1_117' title="bbox 2020 5535 3657 5611">
     <span class='ocr_line' id='line_1_117' title="bbox 2020 5535 3657 5611; baseline 0.001 -17"><span class='ocrx_word' id='word_1_798' title='bbox 2020 5556 2197 5611; x_wconf 86' lang='lat' dir='ltr'>quam</span> <span class='ocrx_word' id='word_1_799' title='bbox 2228 5541 2396 5608; x_wconf 89' lang='lat' dir='ltr'>turpe</span> <span class='ocrx_word' id='word_1_800' title='bbox 2414 5536 3093 5610; x_wconf 71' lang='lat' dir='ltr'>atqueinfamc,summaa</span> <span class='ocrx_word' id='word_1_801' title='bbox 3127 5537 3236 5610; x_wconf 84' lang='lat' dir='ltr'>ipsi</span> <span class='ocrx_word' id='word_1_802' title='bbox 3295 5535 3657 5610; x_wconf 81' lang='lat' dir='ltr'>potestatisit</span> 
     </span>
    </p>
   </div>
   <div class='ocr_carea' id='block_1_118' title="bbox 319 5732 2132 5816">
    <p class='ocr_par' dir='ltr' id='par_1_118' title="bbox 319 5732 2132 5816">
     <span class='ocr_line' id='line_1_118' title="bbox 319 5732 2132 5816; baseline 0.002 -26"><span class='ocrx_word' id='word_1_803' title='bbox 319 5732 447 5811; x_wconf 73' lang='grc'>(49)</span> <span class='ocrx_word' id='word_1_804' title='bbox 481 5732 562 5793; x_wconf 87' lang='lat' dir='ltr'>De</span> <span class='ocrx_word' id='word_1_805' title='bbox 598 5733 708 5795; x_wconf 82' lang='lat' dir='ltr'>hoc</span> <span class='ocrx_word' id='word_1_806' title='bbox 744 5734 872 5812; x_wconf 80' lang='lat' dir='ltr'>lege</span> <span class='ocrx_word' id='word_1_807' title='bbox 906 5734 1350 5814; x_wconf 86' lang='lat' dir='ltr'>Apollodorum,</span> <span class='ocrx_word' id='word_1_808' title='bbox 1380 5752 1424 5808; x_wconf 85' lang='grc' dir='ltr'>ι,</span> <span class='ocrx_word' id='word_1_809' title='bbox 1452 5736 1508 5797; x_wconf 89' lang='lat'>9.</span> <span class='ocrx_word' id='word_1_810' title='bbox 1538 5736 1769 5816; x_wconf 84' lang='lat' dir='ltr'>Reliqui</span> <span class='ocrx_word' id='word_1_811' title='bbox 1808 5736 2132 5797; x_wconf 84' lang='lat' dir='ltr'>notissimi.</span> 
     </span>
    </p>
   </div>
  </div>
