4096 6420
389 393 508 459 647

1645 393 2064 458 NICEPHORI
2109 388 2543 459 BLEMMID/li

3678 394 3802 458 618

393 533 565 602 prout
594 527 730 584 boni
764 526 852 583 vel
884 526 1001 584 nali
1037 525 1394 601 deliguntur,
1426 527 1688 601 fiuntque
1711 528 2023 601 pontiﬁces,

2154 532 2357 600 μῶνται
2401 529 2452 581 oi
2503 525 2700 605 φαῦλοι
2753 525 2805 581 ἓν
2855 547 2912 581 τε
2953 531 3069 589 τοῖς
3116 524 3589 596 ἐηλῆσιαστικοῖς
3642 527 3802 598 ἀξιώ-

388 619 644 692 praal‘ecti
676 617 1534 689 urbium,praatores,duces,vel
1557 618 1656 673 alii
1692 618 1792 689 huj
1805 619 2034 674 usmodi

390 706 792 780 magistratus.
825 706 1024 778 Neque
1050 706 1191 762 item
1222 707 1594 779 disquiritur,
1627 714 1849 779 quanta
1880 706 2034 762 utili-

386 799 500 864 tas,
530 794 619 852 vel
649 811 821 852 secus
850 799 1138 868 quantum
1166 796 1482 862 damnum,
1543 813 1658 851 non
1718 795 1910 852 solum
1959 796 2032 851 ad

386 885 694 958 populum,
726 884 826 941 sed
857 885 1032 941 etiam
1065 885 1135 940 ad
1167 901 1331 957 reges
1355 885 1574 958 ipsos,a
1595 885 1810 958 quibus
1831 884 2032 941 electio

386 974 473 1045 ﬁt,
505 974 814 1030 redundet.
841 973 988 1030 Nam
1022 973 1240 1044 quibus
1283 973 1624 1030 hominibus
1671 973 1828 1029 haud
1879 974 2034 1030 inest

387 1062 595 1119 animas
626 1063 837 1119 rectrix
867 1063 1039 1130 ratio,
1071 1062 1130 1118 in
1181 1062 1274 1118 his
1317 1063 1631 1127 dementia,
1690 1061 1925 1118 inscitia
1976 1067 2034 1118 et

385 1167 698 1224 pravorum
757 1168 999 1224 operum
1065 1151 1329 1207 studium
1388 1150 1742 1207 dominatur.
1806 1152 2032 1208 Rursus

386 1240 487 1296 ubi
520 1240 766 1297 honesta
793 1240 1024 1296 virtutis
1056 1240 1244 1296 forma
1273 1257 1388 1295 non
1418 1245 1530 1306 est,
1550 1240 1627 1294 ibi
1659 1240 2033 1312 impudenter

385 1329 603 1386 versari
637 1334 695 1384 et
724 1329 1072 1385 dehacchari
1103 1328 1244 1385 vitia
1279 1344 1517 1386 necesse
1567 1333 1673 1385 est.
1707 1329 1855 1392 Quid
1894 1345 2030 1402 ergo

385 1417 546 1474 aliud
577 1435 772 1491 regem
821 1418 1166 1487 maximum,
1197 1417 1526 1483 inlustrem,
1583 1417 1927 1490 gloriosum,
1956 1418 2028 1473 ab

384 1505 649 1563 omnium
679 1506 898 1580 linguis
923 1506 1319 1563 collaudatum
1351 1505 1825 1577 celebratumque
1843 1507 2028 1562 reddit

384 1595 498 1650 nisi
529 1595 684 1665 quod
714 1596 766 1652 is
793 1594 1437 1665 honore,benevolentia
1468 1595 1745 1666 omnique
1767 1611 2030 1650 reveren-

385 1683 479 1737 tiae
508 1683 700 1739 ofﬁcio
730 1683 1105 1756 prosequitur
1135 1683 1404 1739 homines
1426 1683 1770 1747 eruditione,
1795 1684 2025 1749 virtute,

385 1771 714 1844 prudentia,
747 1777 982 1828 ornatos
1003 1771 1031 1826 ?
1060 1771 1207 1836 Quid
1239 1788 1270 1826 e
1300 1771 1588 1827 contrario
1621 1771 1775 1827 aliud
1811 1773 2024 1827 malam

383 1867 506 1937 regi
537 1866 755 1920 famam
787 1860 1077 1963 conciliat,
1111 1860 1224 1915 nisi
1268 1861 1423 1959 quod
1471 1860 1788 1959 familiares
1854 1860 2028 1963 habet
2058 1897 2104 1963 Β

383 1952 790 2027 complectitur
826 1953 1004 2021 atque
1035 1949 1284 2004 honorat
1325 1949 1729 2020 incompositis
1763 1949 2024 2004 moribus

381 2043 671 2110 homines,
706 2038 1049 2110 insipientes
1081 2043 1256 2109 atque
1288 2036 1534 2094 lascivos
1554 2038 1582 2091 ?
1638 2037 1860 2109 Quippe
1889 2055 2022 2093 cum

382 2147 483 2186 rex
510 2132 858 2202 aspernatur
889 2124 1254 2197 despicitque
1283 2125 1554 2181 homines
1585 2125 1794 2180 litteris
1815 2131 1872 2180 et
1891 2143 2026 2181 con-

382 2218 514 2276 silio
571 2219 925 2282 instructos;
977 2215 1152 2269 habet
1175 2218 1371 2270 autem
1428 2214 1487 2269 in
1548 2231 1678 2269 aere
1734 2214 2022 2285 perditum

381 2308 646 2381 quemvis
666 2311 724 2361 et
755 2306 826 2360 ab
859 2304 1165 2359 honestate
1200 2303 1602 2374 modestiaque
1634 2303 1890 2359 alienum
1918 2322 1929 2359 :
1965 2305 2019 2358 id

382 2395 578 2452 hercle
606 2395 954 2451 documento
998 2397 1108 2460 est,
1159 2391 1523 2464 magnificari
1576 2394 1647 2448 ab
1679 2409 1746 2447 eo
1793 2393 2019 2462 vitium,

381 2485 513 2540 odio
544 2483 745 2540 haberi
804 2481 1119 2554 spernique
1164 2481 1491 2548 virtutem;
1547 2482 1605 2536 in
1669 2481 1851 2554 pretio
1894 2499 2022 2538 esse

380 2573 533 2645 apud
565 2589 702 2628 eum
731 2569 1050 2634 inscitiam,
1083 2567 1310 2624 litteras
1341 2569 1747 2640 conspui.Jam
1780 2571 1880 2642 qui
1913 2570 2021 2626 hac

381 2666 576 2718 mente
603 2665 711 2726 est,
744 2660 794 2715 is
827 2659 952 2714 sine
981 2657 1158 2713 dubio
1189 2672 1322 2712 cum
1371 2658 1627 2730 imperiti
1683 2659 1839 2730 vulgi
1889 2675 2020 2715 sen-

380 2750 565 2806 tentia
594 2748 926 2818 animisque
957 2745 1272 2817 conspirat-
1305 2746 1456 2817 Ergo
1483 2745 1647 2801 decet
1696 2752 1869 2818 atque
1924 2765 2021 2820 ap-

380 2838 568 2910 prime
599 2834 996 2892 necessarium
1029 2839 1138 2903 est,
1200 2833 1384 2888 bonos
1446 2833 1838 2906 honestosque
1867 2836 2021 2893 viros

381 2925 703 2983 honoribus
731 2929 788 2980 et
813 2921 1001 2996 gloria
1026 2938 1253 2978 ornare.
1297 2923 1390 2978 Sic
1421 2923 1574 2978 enim
1636 2941 1732 2979 rex
1789 2925 2018 2996 efﬁciet,

381 3019 446 3071 ut
471 3020 526 3071 et
555 3014 842 3070 bonorum
873 3027 1155 3067 numerus
1185 3018 1484 3084 augeatur,
1515 3019 1572 3067 et
1628 3013 1739 3070 sibi
1786 3014 2024 3071 immor-

380 3103 497 3160 tale
525 3118 734 3160 nomen
767 3105 942 3174 atque
973 3101 1045 3156 ab
1075 3099 1350 3157 omnibus
1379 3101 1508 3156 laus
1527 3102 1804 3174 contigat.

2150 638 2298 690 μασι,
2331 617 2419 672 καὶ
2452 617 2502 671 ἐν
2535 617 2718 678 αὐτοῖς
2753 621 2870 678 τοῖς
2918 615 3266 684 πολιτικοῖς;
3317 617 3406 671 καὶ
3450 615 3578 672 οὐδὲ
3626 617 3800 693 κρίνε-

2142 727 2252 773 ται,
2297 706 2461 760 πόσον
2513 706 2589 767 εἷς
2636 703 2876 775 εὐδοξίαν
2926 706 3014 760 καὶ
3059 704 3297 778 ἔπαινον,
3346 707 3380 775 ἢ
3442 704 3655 777 ἀδοξίαν
3705 707 3794 761 καὶ

2143 794 2334 868 ψόγον,
2387 789 2760 866 συμϐάλλεται
2824 794 2897 855 εἷς
2943 795 3043 863 τὴν
3108 795 3331 869 πρώτην
3391 794 3483 849 καὶ
3535 795 3793 870 μεγίστην

2144 883 2345 958 ἀρχὴν,
2377 883 2439 937 τὸ
2468 883 2502 952 ἢ
2536 882 2662 944 τοὺς
2693 881 2917 952 καλοὺς,
2950 883 2984 951 ἢ
3027 883 3152 944 τοὺς
3201 882 3398 945 κακοὺς
3459 881 3793 958 ἐκλέγεσθαι,

2141 972 2230 1026 καὶ
2286 976 2538 1042 καθιστᾷν
2599 973 2859 1047 ἱεράρχας
2914 972 3004 1026 καὶ
3061 969 3426 1048 πολιτάρχας,
3478 972 3793 1049 πραίτωράς

2138 1081 2198 1116 τε
2252 1061 2342 1115 καὶ
2400 1059 2732 1135 στρατηγοὺς
2790 1061 2878 1115 xui
2929 1060 3143 1134 ἑτέρους
3194 1055 3629 1136 προϐιϐασμούς·
3701 1062 3795 1115 καὶ

2139 1148 2310 1204 πόσον
2356 1150 2418 1203 τὸ
2467 1147 2746 1226 ὠφέλιμον
2780 1149 2815 1217 ἢ
2849 1149 2910 1202 τὸ
2959 1143 3255 1210 ἐπιϐλαϐὶς
3301 1149 3632 1224 περιγίνεται
3686 1149 3794 1204 ἀπὸ

2138 1237 2367 1309 τούτων,
2401 1237 2463 1292 οὐ
2498 1237 2662 1309 μόνον
2696 1237 2772 1299 είς
2800 1238 2863 1291 τὸ
2892 1242 2989 1291 τοῦ
3043 1236 3180 1292 λαοῦ
3232 1236 3465 1306 πλῆθος,
3497 1237 3647 1294 ἀλλά
3701 1239 3794 1294 xui

2141 1327 2216 1388 εἰς
2248 1326 2442 1389 αὐτοὺς
2473 1327 2601 1388 τοὺς
2643 1326 2693 1379 ἐν
2743 1327 3040 1399 ἀξιώμασιν
3081 1322 3260 1389 ὄντας·
3309 1326 3362 1380 ἐν
3409 1328 3492 1390 οἷς
3545 1329 3647 1402 γὰρ
3697 1328 3792 1381 ἀν-

2140 1416 2381 1490 θρώποις
2440 1415 2539 1470 οὐκ
2592 1411 2729 1470 ἔστιν
2781 1416 2809 1470 ὁ
2867 1418 3166 1491 κοσμήτωρ
3221 1423 3320 1484 τῆς
3374 1418 3557 1491 ψυχῆς
3591 1414 3785 1490 λόγος,

2138 1504 2189 1559 ἐν
2244 1504 2459 1566 τοῦτοις
2515 1503 2789 1578 ἐπικρατεῖ
2842 1504 3038 1580 ἀλογία
3093 1505 3182 1560 καὶ
3241 1501 3580 1576 ἀπαιδευσία,
3629 1505 3787 1574 καὶὴ

2136 1598 2243 1647 τῶν
2273 1593 2492 1671 φαῦλων
2527 1592 2866 1663 ἐπιτήδευσις
2917 1591 3112 1669 ἔργων’
3150 1593 3200 1648 ἐν
3243 1596 3323 1656 οἷς
3382 1591 3440 1648 δὲ
3496 1593 3659 1647 πάλιν
3724 1593 3790 1647 οὗ

2137 1684 2357 1757 πάρεστι
2411 1684 2474 1737 τὸ
2531 1689 2628 1752 τῆς
2690 1684 2885 1758 ἀρετῆς
2943 1681 3134 1753 καλὸν,
3190 1683 3239 1755 ἐξ
3300 1683 3536 1756 ἀνάγκης
3595 1683 3786 1758 ἀνερυ-

2135 1773 2399 1847 Θριαστως
2429 1772 2517 1826 καὶ
2565 1769 2795 1832 ἀναιδῶς
2839 1771 2906 1825 τὰ
2944 1774 3042 1840 τῆς
3100 1770 3291 1833 κακίας
3349 1768 3601 1846 αἴσχιστα
3658 1767 3792 1845 ἔργα

2135 1860 2422 1936 πράττεται
2474 1861 2563 1914 καὶ
2615 1857 2992 1928 σπουδάζεται.
3051 1860 3111 1913 Τί
3167 1857 3258 1914 οῦν
3315 1857 3456 1914 ἀλλο
3508 1861 3599 1913 τὸν
3659 1860 3793 1932 βασ-

2137 1949 2232 2005 λέα
2303 1950 2552 2025 μέγιστον
2616 1950 2706 2003 xui
2773 1956 3037 2027 περιφανῆ
3087 1949 3178 2004 xui
3226 1946 3506 2021 περίδοξσν
3553 1947 3644 2002 καὶ
3697 1945 3791 2002 διὰ

2132 2038 2307 2107 πάσης
2339 2037 2593 2113 γλώττης
2644 2037 3086 2114 εὐφημούμενον,
3114 2037 3205 2092 καὶ
3256 2033 3648 2112 περιᾳδόμενον
3695 2034 3790 2088 καὶ

2137 2129 2497 2200 ἀγαπώμενον
2544 2126 2895 2202 ἀπεργάζεται
2935 2125 2972 2194 ἢ
3021 2127 3084 2180 τὸ
3128 2123 3227 2182 ,διά
3272 2133 3441 2197 τιμῆς
3490 2125 3579 2178 xui
3629 2123 3791 2196 εὐμε-

2133 2217 2248 2277 νίας
2282 2216 2428 2289 ἄγειν
2460 2216 2548 2269 xui
2577 2214 2700 2290 περὶ
2733 2213 2947 2269 πολλοῦ
2997 2215 3265 2268 ποιεῖσθαι
3314 2214 3440 2274 τοὺς
3492 2211 3786 2288 λογιότητι

2132 2306 2220 2359 xui
2277 2304 2440 2380 ἀρετῇ
2498 2305 2586 2358 xui
2644 2306 2848 2358 συνέσει
2895 2304 3380 2377 κεκοσμημένους;
3425 2301 3484 2355 Τί
3542 2299 3588 2355 δ’
3643 2299 3787 2356 ἄλλο

2134 2395 2192 2449 ἐκ
2241 2398 2336 2448 τοῦ
2393 2393 2628 2448 ἐναντίου
2684 2395 2784 2461 τήν
2840 2390 3025 2462 ἄδοξον
3088 2395 3277 2470 φήμην
3336 2389 3481 2462 αὑτῷ
3526 2391 3781 2462 προξενεῖ

2131 2485 2165 2552 ἢ
2225 2484 2287 2538 τὸ
2344 2483 2671 2545 οἰκειοῦσθαι
2719 2483 2808 2536 xui
2853 2479 3205 2556 ἀναδέχεσθαι
3273 2481 3362 2535 καὶ
3430 2484 3592 2552 τιμᾷν
3658 2479 3788 2540 τοὺς

2131 2569 2390 2632 ἀτάκτους
2441 2570 2530 2624 καὶ
2580 2568 2815 2643 ἀλόγους
2856 2568 2944 2622 xui
3012 2567 3298 2643 ἀσελγεῖς;
3345 2565 3409 2621 τὸ
3471 2567 3576 2641 γὰρ
3625 2585 3784 2641 περι-

2131 2665 2341 2738 φρονεῖν
2397 2659 2489 2731 μὶν
2550 2658 2638 2712 xui
2688 2658 2965 2729 ἀτιμάζειν
3022 2655 3150 2717 τοὺς
3209 2655 3360 2731 λόγῳ
3428 2655 3519 2708 καὶ
3571 2654 3778 2708 συνέσει

2130 2747 2612 2821 πεπαιδευμένους,
2687 2742 3036 2820 ἀναδέχεσθαι
3111 2741 3168 2799 δὲ
3237 2745 3324 2798 xui
3411 2748 3574 2816 τιμᾷν
3645 2743 3776 2804 τοὺς

2129 2835 2598 2913 κατεγνωσμένους
2663 2834 2751 2888 καὶ
2823 2833 3028 2908 μακρὰν
3097 2829 3254 2894 ὄντας
3321 2836 3417 2886 τοῦ
3464 2832 3639 2885 καλοῦ
3686 2830 3778 2884 καὶ

2127 2935 2226 2996 τῆς
2287 2925 2540 2980 εὐτάκτου
2599 2921 2901 2998 διαγωγῆς,
2959 2920 3157 2997 δεῖγμα
3234 2920 3393 2999 σαφές
3467 2919 3633 2987 ἐστιν,
3693 2919 3777 2973 ὅτι

2129 3016 2313 3072 κακίαν
2355 3015 2448 3088 μὲν
2496 3012 2687 3088 ἐξαίρει
2736 3011 2824 3066 καὶ
2869 3011 3084 3086 ἀνυψοῖ,
3117 3011 3311 3087 ἀρετὴν
3365 3007 3422 3064 δὲ
3477 3008 3778 3082 ἀποτρέπε-

2125 3129 2213 3162 ται
2270 3104 2358 3160 κσὶ
2420 3108 2582 3176 μισεῖ·
2644 3101 2732 3155 καὶ
2779 3102 3036 3174 Θαυμάζει
3101 3101 3195 3173 μὶν
3251 3097 3502 3173 ἀλογίαν,
3545 3097 3676 3159 τοὺς
3722 3094 3780 3150 δὲ

386 3189 584 3267 λόγους
643 3187 1008 3266 βδελύττεται.
1066 3189 1136 3242 Τὸ
1195 3185 1240 3242 δ’
1285 3188 1427 3242 οὕτω
1483 3185 1796 3265 κρινόμενον
1857 3194 2318 3272 ὁμολογουμένως
2380 3192 2513 3266 μετὰ
2565 3194 2664 3245 τοῦ
2727 3187 2973 3258 πλῆθους
3061 3188 3172 3244 ἐστὶ
3253 3188 3342 3242 καὶ
3425 3194 3525 3256 τῆς
3613 3185 3781 3240 αὐτοῦ

381 3278 699 3358 συμφωνίας
761 3275 850 3332 καί
907 3279 1158 3352 γνώμης.
1219 3277 1314 3330 Διά
1370 3282 1536 3332 ταῦτα
1589 3279 1792 3354 πρέπον
1854 3282 1964 3338 ἐστὶ
2019 3287 2108 3342 καὶ
2165 3281 2606 3360 ἀναγκαιότατον,
2666 3274 2909 3350 ἐνδόξους
2965 3278 3054 3332 καὶ
3113 3277 3364 3349 ἐντίμους
3421 3280 3598 3330 ποιεῖν
3650 3273 3778 3336 τοὺς

380 3367 584 3430 καλοὺς
665 3367 756 3422 καὶ
839 3365 1065 3442 ἀγαθοὺς
1142 3363 1356 3442 ἄνδρας*
1409 3366 1500 3421 ’ίνα
1554 3369 1582 3422 ὁ
1638 3374 1798 3426 τοῦτο
1857 3380 2029 3430 ποιῶν
2094 3373 2346 3451 βασιλεὺς
2399 3371 2772 3447 παρασκευάζῃ
2831 3369 2923 3441 μὲν
3008 3366 3311 3440 αὐξάνεσθαι
3370 3364 3495 3426 τοὺς
3553 3363 3779 3436 καλοὺς,

383 3457 650 3531 οἷ’κονομῇ
683 3453 740 3511 δὲ
771 3455 845 3518 εἷς
879 3455 1062 3510 ἑαυτὸν
1094 3456 1237 3531 παρά
1264 3457 1478 3510 πάντων
1512 3455 1778 3513 ἄπαυστον
1809 3449 1961 3534 δόξαν
1987 3465 2077 3518 xui
2095 3449 2287 3526 κλέος.

452 3548 574 3604 ΧΠ.
607 3550 721 3604 Rex
747 3549 1004 3618 apprime
1029 3548 1104 3602 εει
1133 3547 1442 3616 religiosus.
1479 3578 1546 3588 —
1576 3550 1684 3604 Sed
1714 3551 1869 3607 enim
1902 3570 2020 3609 om-
2049 3556 2092 3622 ρ

379 3637 474 3693 nis
504 3637 586 3692 rei
611 3636 774 3692 bona
808 3639 984 3708 caput
1006 3639 1114 3704 est,
1147 3640 1204 3691 et
1249 3635 1307 3690 in
1341 3636 1548 3708 primis
1606 3638 1767 3695 decet
1799 3658 2016 3714 regem,

377 3727 438 3780 in
471 3725 678 3796 quovis
709 3740 880 3796 opere
907 3728 1088 3780 Denm
1128 3729 1408 3796 spectare,
1465 3731 1638 3798 atque
1667 3729 1826 3783 omni
1886 3731 2017 3786 nisu

375 3813 719 3886 viribusque
749 3829 973 3881 curare,
1007 3817 1072 3868 ut
1101 3831 1135 3869 a
1166 3814 1386 3870 sanctis
1418 3814 1689 3872 Patribus
1744 3818 2019 3874 definitos

379 3903 438 3958 in
472 3919 536 3958 re
566 3901 838 3974 religiosa
893 3901 1177 3956 terminos
1206 3906 1507 3958 conservet
1537 3909 1714 3975 atque
1745 3907 2012 3973 retineat,

376 3991 449 4048 ab
489 4005 808 4062 eorumque
839 3988 1024 4045 ﬁrmis
1054 3989 1300 4046 decretis
1351 4008 1654 4062 nunquam
1711 3993 2015 4064 discedat;

379 4095 569 4152 neque
587 4095 656 4136 ea
685 4078 826 4134 ulllo
858 4079 1031 4134 modo
1061 4077 1354 4150 negligat;
1387 4084 1562 4152 atque
1593 4081 1672 4136 ita
1702 4099 1736 4137 a
1769 4088 1881 4140 Deo
1913 4084 2017 4139 mi-

375 4172 607 4225 serante
638 4167 910 4240 impetret
940 4165 1400 4224 incolumitatem
1441 4171 1780 4226 eorumdem
1814 4189 2018 4244 perpe-

375 4262 540 4313 tuam
573 4259 628 4312 et
657 4255 1006 4312 custodiam.
1056 4256 1156 4312 His
1188 4273 1222 4311 a
1253 4273 1384 4329 rege
1414 4257 1722 4330 diligenter
1767 4263 2016 4332 peractis

375 4361 489 4401 non
521 4344 648 4400 sine
676 4344 967 4400 constanti
1010 4361 1272 4416 puraque
1329 4362 1468 4418 erga
1513 4351 1693 4403 Deum
1743 4365 1865 4422 spe,
1927 4367 2018 4406 res

373 4449 642 4506 cumque
669 4434 798 4504 ejus
829 4431 1028 4487 latum
1061 4434 1279 4488 exitum
1322 4435 1753 4507 nanciscentur,
1814 4439 2016 4494 adver-

372 4522 510 4578 sarii
544 4522 862 4594 hostesque
887 4521 1355 4593 proﬂigabuntur
1395 4527 1454 4579 et
1509 4531 1801 4582 corruent.
1838 4528 1923 4582 Ita
1955 4545 2016 4584 se

371 4611 555 4683 gessit
584 4611 815 4668 Ezecias
846 4627 946 4667 rex
975 4627 1091 4683 quo
1120 4615 1381 4683 tempore
1434 4615 1877 4672 Senacherimus
1915 4617 2016 4672 ad-

371 4714 576 4755 versus
614 4697 1017 4771 Hierosolyma
1031 4699 1229 4770 copias
1251 4700 1512 4756 adduxit.
1537 4702 1765 4758 Etenim
1783 4719 2017 4776 agrum-

369 4787 779 4842 suburhanum
835 4787 1067 4858 lateque
1123 4787 1360 4843 cibariis
1441 4789 1730 4862 spoliavit,
1809 4798 2016 4864 puteos

368 4874 691 4945 excusavit,
750 4876 937 4932 fossas
960 4877 1230 4947 ingentes
1263 4877 1550 4947 perduxit,
1585 4879 1789 4936 urbem
1823 4886 2012 4938 exter-

2203 3559 2298 3610 IB'.
2333 3549 2552 3629 Κεφαλή
2613 3549 2671 3604 δὲ
2727 3549 2940 3602 πάντων
2998 3551 3104 3600 τῶν
3165 3547 3373 3620 ἀγαθῶν
3433 3540 3628 3617 πρέπει
3682 3541 3776 3596 τὸν

2132 3639 2355 3718 βασιλέα
2417 3639 2635 3715 βλέπειν
2687 3635 2776 3693 διὰ
2830 3636 3029 3697 παντὸς
3088 3635 3224 3710 πρὸς
3286 3631 3440 3700 Θεδν,
3498 3631 3584 3684 καὶ
3642 3630 3781 3685 κατά

2126 3737 2295 3786 πᾶσαν
2357 3727 2510 3805 ἶσχόν
2563 3749 2622 3783 τε
2677 3727 2766 3782 καὶ
2829 3723 3054 3797 δύναμιν
3111 3727 3391 3798 συντηρεῖν
3436 3719 3525 3775 xui
3577 3718 3780 3798 φυλάσ-

2127 3841 2236 3874 σειν
2284 3819 2352 3874 τά
2534 3816 2807 3894 θεοφόρων
2843 3813 3092 3887 Πατέρων
3147 3811 3272 3886 περὶ
3323 3803 3595 3869 εὐσεϐείας
3654 3807 3781 3882 ὅρια

2125 3910 2213 3964 καὶ
2272 3906 2606 3979 θεσπίσματα
2660 3901 2942 3964 παντελῶς
3002 3895 3320 3977 ἀπαράϐατα
3372 3898 3462 3952 καὶ
3521 3895 3781 3968 ἀμετακία

2126 4018 2282 4067 νητα,
2313 3997 2403 4051 xui
2438 3996 2513 4067 μή
2545 3995 2682 4048 κατά
2729 4013 2848 4047 τινα
2903 3990 3104 4066 τρόπον
3157 3988 3364 4044 τούτων
3423 3984 3777 4058 καταμελεῖν·

2125 4085 2215 4140 καὶ
2246 4084 2418 4146 οὕτως
2472 4080 2781 4159 ἐνδέχεσθαι
2827 4080 2973 4152 παρὰ
3017 4083 3113 4134 τοῦ
3163 4077 3450 4137 ἐλεοῦντος
3508 4078 3644 4130 Θεοῦ
3676 4075 3778 4142 τήν

2123 4174 2330 4228 τούτων
2392 4175 2715 4247 συντήρησιν
2787 4169 2878 4224 xui
2940 4167 3296 4241 κατόρθωσιν·
3365 4164 3454 4220 καὶ
3523 4161 3612 4218 διὰ
3676 4164 3777 4230 τῆς

2125 4264 2259 4338 πρὸς
2314 4261 2471 4317 αὐτὸν
2527 4261 2617 4315 τὸν
2665 4259 2791 4314 Θεὸν
2861 4253 3305 4332 ἀπαρασαλεότου
3373 4255 3466 4308 καὶ
3539 4254 3776 4328 καθαρᾶς

2126 4348 2349 4413 ἐλπίδος
2402 4351 2535 4424 μετά
2593 4349 2655 4404 τὸ
2715 4345 3070 4422 ἀποπληροῦν
3140 4339 3447 4404 σπουδαίως
3490 4341 3666 4396 πάντα
3712 4341 3779 4394 τὰ

2128 4441 2410 4516 εἰρημένα,
2472 4436 2737 4511 μέλλουσι
2799 4433 3202 4490 κατευθύνεσθαι
3259 4431 3326 4486 τὰ
3383 4428 3516 4505 ἔργα
3572 4429 3662 4484 καὶ
3724 4429 3777 4482 οἱ

2125 4529 2285 4584 κόποι
2334 4527 2516 4582 αὐτοῦ·
2575 4525 2664 4581 καὶ
2715 4526 2765 4580 oi
2816 4523 3111 4598 ἀντίμαχοι
3163 4521 3328 4577 αὐτοῦ
3376 4519 3465 4574 xui
3510 4516 3775 4590 πολέμιοι

2125 4617 2476 4672 καταπίπτειν
2542 4614 2632 4670 xui
2688 4608 3144 4669 καταϐάλλεσθαι.
3203 4610 3357 4664 Οὕτω
3413 4608 3504 4662 καὶ
3564 4608 3593 4661 ὁ
3629 4607 3782 4682 βασι.

2125 4705 2251 4770 λεὺς
2308 4707 2548 4775 Ἐζεκίας
2578 4705 2852 4775 ἐποίησεν,
2885 4703 3047 4757 ὁπότε
3078 4702 3106 4755 ὁ
3140 4698 3489 4775 Σεναχαρεὶμ
3519 4697 3775 4772 στρατιὰν

2123 4797 2260 4850 κατά
2314 4802 2415 4866 τῆς
2472 4791 2836 4870 Ἰερουσαλὴμ
2890 4791 3104 4867 ἤγειρεν
3357 4788 3462 4842 ἀπὸ
3532 4786 3627 4859 μὲν
3674 4784 3776 4860 γὰρ

2121 4889 2228 4939 τῶν
2274 4883 2425 4946 ἐκτὸς
2471 4891 2571 4952 τῆς
2642 4880 2858 4943 πόλεως
2921 4880 3166 4956 χωρίων,
3219 4879 3474 4956 ἀφῃρεῖτο
3540 4877 3635 4947 μὲν
3682 4875 3778 4935 τάς

372 4963 464 5019 nis
488 4963 762 5035 operibus
774 4965 1233 5022 circumvallavit
1252 4984 1264 5033 ;
1285 4966 1639 5039 intraipsam
1656 4986 1788 5026 vero
1808 4970 2013 5043 vigiles

2132 4973 2346 5050 τροφὰς,
2381 4947 2606 5049 ἔφραττε
2637 4967 2694 5024 δὲ
2723 4970 2817 5031 τὰς
2877 4947 3074 5043 πηγάς,
3107 4947 3368 5039 ἐξώρυττε
3428 4960 3500 5050 δεῖ
3531 4964 3779 5041 τάφρους

369 5051 692 5119 constituit,
723 5054 1077 5126 sagittarios,
1111 5059 1390 5124 scutatos,
1426 5055 1709 5126 hastatos,
1756 5058 2013 5116 fundito-

371 5155 486 5207 res,
519 5140 789 5210 armavit,
821 5159 1046 5199 necnon
1078 5143 1248 5214 alios,
1290 5144 1391 5216 qui
1431 5147 1709 5202 manibus
1767 5153 1868 5204 aut
1901 5165 2020 5205 ma-

368 5228 558 5286 chinis
588 5228 814 5302 lapides
837 5230 1262 5302 jacularentur.
1293 5238 1433 5290 Cum
1467 5234 1560 5291 his
1590 5235 1892 5293 collocavit
1921 5239 2018 5295 de-

365 5317 548 5377 lectos
575 5319 891 5391 optimates
924 5321 1026 5392 qui
1055 5321 1329 5394 vigilibus
1359 5330 1676 5396 pressissent
1703 5342 1768 5382 ac
1816 5328 2015 5383 mode-

364 5413 658 5476 rarentur,
692 5407 838 5466 alios
866 5409 1119 5481 denique
1148 5411 1248 5482 qui
1278 5412 1496 5469 circum
1519 5430 1694 5486 opera
1723 5414 2013 5472 discurre-

366 5502 498 5556 rent
527 5497 795 5571 nihilqus
854 5500 1419 5574 praetermisit,quod
1449 5502 1644 5559 tutelae
1678 5503 2010 5561 munitioni-

435 5712 549 5795 (50)
578 5713 630 5772 II
659 5712 911 5790 Paralip.
939 5727 1118 5774 mn.

2125 5061 2200 5124 εἰς
2231 5049 2418 5130 βάθος,
2448 5056 2882 5137 κατησφαλίζετο
2913 5054 2970 5111 δὲ
2999 5058 3096 5125 τήν
3149 5052 3311 5109 πόλιν
3360 5049 3632 5124 οἰκοδομή
3646 5071 3780 5123 μασι

2122 5149 2624 5226 προτειχισμάτων·
2696 5147 2843 5209 ἐντὸς
2923 5143 2979 5200 δὲ
3040 5152 3141 5215 τῆς
3205 5141 3466 5212 τοιαύτης
3558 5139 3781 5201 πόλεως

2123 5239 2382 5294 ἀπέταττε
2458 5236 2723 5316 φύλακας,
2804 5235 3026 5306 τοξότας
3109 5232 3476 5300 καθώπλιζεν·
3551 5228 3631 5285 ἔτι
3718 5250 3783 5284 τε

2123 5327 2424 5390 πελταστὰς
2503 5326 2592 5381 xui
2671 5323 3004 5403 δορυφόρους
3074 5323 3164 5377 καὶ
3240 5318 3628 5399 σφενδονήτας,
3685 5318 3784 5372 καὶ

2119 5415 2245 5479 τοὺς
2304 5415 2364 5472 ἐκ
2418 5420 2621 5493 χειρῶν
2679 5414 2768 5469 καὶ
2829 5413 3250 5489 μηχανημάτων
3320 5406 3783 5485 πετροπομποῦς.

2123 5505 2228 5561 Σὺν
2258 5509 2469 5568 τούτοις
2507 5503 2781 5580 ἐξελέγετο
2838 5503 2964 5564 τοὺς
3021 5501 3271 5577 ἀρίστους
3317 5503 3422 5554 τῶν
3482 5495 3793 5576 φρουρούν-
