4096 6446
194 508 314 569 649

1514 507 1616 567 DE
1661 505 1892 567 REGIS
1938 504 2295 569 OFFlCIIS.

3481 505 3605 567 650

195 642 301 694 τῶν
335 635 623 697 ἐπιστάτας
652 635 742 690 καὶ
783 630 1071 711 ἄρχοντας,
1105 634 1194 689 καὶ
1240 633 1367 697 τοὺς
1416 634 1491 697 εἷς
1541 632 1839 710 διατροχήν

1970 654 2063 709 μισ
2094 637 2396 694 conferret.
2428 638 2498 693 Et
2526 642 2725 695 tamen
2768 637 2862 694 his
2916 637 3082 708 actis,
3117 638 3188 693 ab
3218 654 3335 693 uno
3367 637 3483 694 Deo
3512 638 3603 694 al-

196 724 573 802 τεταγμὲνους,
628 724 717 779 καὶ
787 729 955 778 πᾶσαν
1015 722 1308 802 ἀσφάλειαν
1381 723 1697 799 ἐμηχανᾶτο
1753 723 1844 778 καὶ

197 814 595 899 κατοχύρωσιν.
652 816 841 885 Ὅμως
899 812 990 866 καὶ
1045 817 1212 866 ταῦτα
1267 812 1439 867 πάντα
1485 817 1680 881 ποιῶν,
1739 812 1844 865 ἀπὸ

202 905 372 979 μόνου
419 898 545 959 τοῦ(
578 901 799 975 ὑψίστου
858 905 991 956 Θεοῦ
1046 898 1250 971 ἤλπιζε
1296 901 1386 956 καὶ
1416 898 1720 978 προσεδόκα
1746 901 1846 969 τὴν

197 991 618 1069 ἀπολύτρωσιν’
677 990 767 1044 καὶ
824 988 991 1044 νύκτα
1059 990 1148 1044 καὶ
1206 991 1413 1066 ἡμέραν
1474 989 1524 1044 ἐν
1586 984 1845 1064 συντριϐῇ

196 1080 420 1158 καρδίας
477 1080 655 1150 ἐζήτει
710 1080 799 1133 καὶ
847 1078 1140 1154 παρεκάλει
1196 1080 1292 1147 τὴν
1357 1077 1681 1153 ἀπαλλαγὴν
1738 1082 1843 1132 τῶν

198 1169 432 1227 δεινῶνο
494 1167 583 1223 διὰ
636 1172 800 1222 τοῦτο
841 1165 967 1222 οὐδὲ
1022 1172 1126 1222 τῶν
1184 1166 1418 1223 ἐλπίδων
1466 1167 1729 1242 ἀπέτυχεν
1758 1187 1770 1199 ⁸
1819 1164 1849 1221 ὅ

196 1262 304 1335 γὰρ
365 1258 703 1334 Σεναχερεὶμ
749 1258 777 1312 6
827 1256 1020 1333 θρασὺς
1086 1258 1175 1311 καὶ
1252 1257 1548 1334 ὑπέρογκος
1608 1258 1721 1329 ἅμα
1770 1260 1849 1327 τῷ

197 1343 532 1425 προσϐαλεῖν
562 1350 631 1420 τῇ
664 1346 826 1421 χώρᾳ
853 1349 959 1399 τῶν
1016 1342 1310 1417 Ἰουδαίων,
1354 1346 1455 1400 ὑπὸ
1500 1343 1705 1407 δειλίας
1754 1366 1847 1417 με-

196 1435 441 1511 τάμελος
498 1435 760 1511 γεγονὼς,
799 1432 1000 1509 ἤρξατο
1051 1432 1260 1511 φεύγειν
1288 1454 1300 1467 ·
1344 1433 1471 1497 τοὺς
1518 1432 1575 1488 δὲ
1622 1454 1851 1509 στρατη-

199 1526 332 1601 γοὺς
367 1525 530 1580 αὐτοῦ
584 1524 718 1596 μετά
763 1521 978 1577 πολλοῦ
1027 1522 1425 1599 στρατεύματος
1481 1522 1650 1577 ἐκεῖσε
1694 1522 1849 1576 κατέ-

203 1615 352 1683 λιπε,
382 1614 475 1668 τὸν
528 1610 773 1685 πόλεμον
827 1611 1007 1672 αὐτοῖς
1053 1611 1396 1683 ἀναθέμενος.
1432 1609 1746 1666 ’Δπέστειλε
1793 1607 1850 1664 δὲ

200 1709 279 1775 τῷ
330 1700 546 1778 βασιλεῖ
575 1700 784 1770 Ἐζεκίᾳ
829 1699 1126 1775 γράμματα
1178 1698 1527 1777 βλασφημίας
1569 1700 1658 1765 καὶ
1710 1698 1849 1753 ὀνει-

204 1791 436 1865 δισμοὺς
512 1788 726 1865 ἔχοντα,
777 1789 911 1864 ἅπερ
968 1789 997 1841 6
1056 1789 1218 1866 σοφὸς
1282 1786 1535 1864 βασιλεὺς
1592 1786 1851 1863 ἀναγνοὺς

204 1881 295 1935 καὶ
345 1881 444 1948 τὴν
503 1875 724 1953 καρδίαν
774 1874 1034 1951 πληγεὶς,
1071 1877 1205 1949 μετὰ
1235 1875 1495 1947 πλείστης
1539 1875 1719 1946 λύπης
1761 1876 1851 1930 καὶ

206 1972 510 2044 στεναγμοῦ
565 1959 971 2038 καταλαμϐάνει
1030 1966 1165 2041 πρὸς
1218 1963 1311 2019 τὸν
1367 1964 1527 2020 ναόν·
1585 1964 1674 2019 καὶ
1732 1965 1855 2018 ἀνα-

207 2058 368 2133 γνοὺς
405 2056 455 2111 ἐν
487 2061 566 2127 τῷ
596 2057 729 2132 ἰερῷ
775 2055 872 2122 τὴν
925 2051 1245 2123 ἐπιστολὴν,
1274 2052 1366 2108 τὸν
1415 2054 1542 2108 Θεὸν
1587 2051 1856 2129 προκαλεῖ

205 2146 450 2223 γενέσθαι
507 2150 611 2199 τῶν
676 2141 1187 2221 βλασφημουμένων
1239 2140 1551 2213 ἐκδικητὴν,
1602 2141 1851 2196 ἱκετεύων

205 2241 430 2290 τοιαῦτα
459 2237 594 2306 (51)·
649 2256 675 2281 «ι
706 2230 835 2304 Ἴδε,
870 2230 1030 2307 Κύριε
1082 2226 1334 2303 Σαϐαὼθ,
1376 2230 1475 2286 ὅσα
1518 2230 1857 2307 Σεναχερεὶμ

208 2324 253 2395 ἐξ
312 2319 576 2384 ἀπονοίας
624 2322 714 2376 καὶ
775 2320 1049 2397 ἐπάρσεως
1089 2318 1359 2375 ὠνείδισεν
1420 2320 1497 2382 εἷς
1560 2320 1622 2375 τὸ
1681 2321 1852 2396 ἅγιον.

210 2419 395 2468 Σῶσον
454 2414 603 2481 ἡμᾶς
651 2410 710 2464 ἐκ
752 2410 938 2484 χειρὸς
978 2407 1164 2477 αὑτοῦ,
1198 2407 1469 2464 Δέσποτα·
1528 2410 1716 2485 γνώτω
1773 2407 1857 2461 ὅτι

212 2502 267 2556 σὺ
296 2501 349 2557 εἴ
394 2500 561 2575 μόνος
593 2498 753 2560 Θεός’
811 2523 841 2551 ››
883 2499 935 2552 τί
967 2496 1098 2568 οῦν;
1148 2499 1176 2552 ὁ
1229 2503 1344 2560 τοῖς
1384 2502 1704 2575 στεναγμοῖς
1745 2500 1854 2550 τῶν

214 2592 278 2653 εἷς
315 2590 478 2645 αὐτὸν
512 2586 829 2658 ἠλπικότων
862 2582 1104 2660 ἕτοιμος,
1138 2587 1167 2640 6
1197 2581 1491 2661 συντρίϐων
1550 2586 1854 2658 πολέμους,

215 2673 651 2734 ὁκαταϐἀλλων
706 2674 1105 2753 ὑπερηφάνους,
1157 2677 1185 2729 6
1241 2676 1481 2729 θανατῶν
1541 2669 1778 2746 ἀσεϐεῖς,
1829 2664 1857 2727 6

214 2768 278 2831 εἰς
337 2764 470 2839 ᾅδου
528 2762 778 2841 κατάγων
837 2762 1223 2840 ἁμαρτωλοὺς,
1258 2761 1530 2819 δεκαοκτὼ
1591 2759 1856 2839 μυριάδας

212 2862 313 2912 τῶν
363 2853 674 2928 πολεμίων,
708 2850 852 2908 ἀλλὰ
902 2853 991 2907 καὶ
1050 2850 1307 2927 χιλιάδας
1361 2852 1534 2907 αὐτῶν
1593 2851 1770 2924 πέντε,
1804 2850 1854 2906 ἐν

217 2952 308 3020 μιᾷ
358 2945 511 3000 νυκτὶ
564 2943 809 3019 ἀναιρεῖ’
861 2942 951 2996 καὶ
1010 2942 1061 2995 οἱ
1107 2942 1207 3010 τὴν
1251 2945 1348 2995 τοῦ
1406 2944 1540 2996 Θεοῦ
1590 2938 1754 2994 πόλιν
1804 2938 1856 2993 ἐν

215 3034 460 3107 συντόμῳ
508 3031 921 3108 ἐγκαυχώμενοι
974 3024 1295 3084 καταϐαλεῖν
1330 3028 1533 3093 ἀθλίως
1586 3030 1677 3084 καὶ
1732 3030 1860 3105 παρ’

214 3121 408 3178 ἐλπίδα
441 3117 819 3176 ἀποϐάλλουσι
846 3120 946 3188 τὴν
981 3120 1146 3189 ζωήν,
1180 3119 1269 3173 καὶ
1300 3117 1351 3173 ἐν
1398 3124 1494 3192 μιᾷ
1544 3118 1686 3194 ῥοπῇ
1736 3118 1861 3194 αἰχ-

218 3212 616 3286 μαλωτίζονται
655 3210 750 3271 τὰς
800 3206 978 3283 ψυχάς
1006 3229 1018 3242 ’
1084 3205 1247 3281 μόλις
1280 3205 1338 3262 δὲ
1368 3209 1396 3262 6
1429 3207 1708 3284 Ἀσσύριος
1763 3228 1861 3277 τη-

211 3306 435 3356 νικαῦτα
497 3301 591 3354 τὸν
664 3294 887 3372 ὄλεθρον
962 3295 1227 3374 ἐκφυγὼν,
1286 3295 1435 3359 ὅπως
1495 3296 1554 3351 ἂν
1614 3295 1857 3367 αἴσθησιν

1882 2010 1931 2075 Β

1953 726 2182 782 tissimo
2213 728 2462 782 salutem
2494 727 2890 799 exspectabat,
2923 731 2981 782 et
3010 726 3110 781 diu
3142 730 3436 797 noctuque
3464 742 3601 782 cum

1954 815 2146 869 cordis
2198 816 2289 871 sui
2343 816 2690 871 contritione
2748 814 3245 888 propulsationem
3306 813 3601 870 malorum

1953 902 2326 973 implorabat.
2350 905 2538 968 Quare
2585 921 2774 976 neque
2805 921 2940 976 spes
2980 905 3108 976 ejus
3136 903 3271 960 lusa
3299 904 3430 958 fuit.
3466 903 3601 959 Ete-

1955 991 2078 1045 nim
2108 993 2296 1047 audax
2326 992 2421 1048 ille
2445 997 2503 1048 et
2533 993 2822 1065 superbus
2849 992 3298 1049 Senacherimus
3328 991 3508 1048 simul
3540 1008 3603 1048 se

1954 1080 2290 1137 Judaaorum
2317 1082 2614 1154 regionem
2649 1081 2861 1154 attigit,
2876 1082 3085 1138 timore
3105 1080 3350 1153 resipuit
3370 1082 3601 1154 fugam-

1959 1185 2071 1241 que
2100 1170 2440 1242 capessivit;
2474 1170 2651 1226 duces
2688 1174 2884 1226 tamen
2924 1187 3065 1226 suos
3095 1170 3311 1226 ibidem
3344 1169 3599 1241 reliquit,

1958 1259 2177 1331 quibus
2225 1258 2364 1314 belli
2405 1275 2701 1314 summam
2741 1259 3057 1315 mandavit.
3088 1260 3237 1315 Tum
3285 1260 3356 1315 ad
3404 1274 3603 1331 regem

1957 1347 2264 1403 Ezechiam
2295 1348 2521 1404 litteras
2552 1347 2937 1421 blasphemiis
2974 1347 3370 1420 conviciisque
3398 1346 3605 1420 plenas

1960 1437 2140 1505 misit,
2166 1437 2383 1509 quibus
2429 1452 2529 1492 rex
2568 1441 2732 1493 catus
2774 1435 2962 1505 lectis,
2994 1444 3164 1493 corde
3188 1436 3605 1509 ingemiscens,

1958 1525 2145 1581 multo
2176 1542 2307 1581 cum
2342 1542 2585 1582 maerore
2606 1530 2780 1597 atque
2809 1526 3028 1597 ejulatu
3051 1525 3123 1581 ad
3152 1524 3438 1598 templum
3468 1542 3605 1582 con-

1960 1616 2175 1680 tendit;
2209 1615 2408 1686 ibique
2440 1616 2654 1671 iterum
2680 1615 2827 1670 lecta
2850 1613 3118 1687 epistola,
3142 1616 3346 1682 Deum,
3371 1618 3437 1670 ut
3456 1614 3609 1670 blas-

1960 1703 2331 1776 phemiarum
2381 1704 2537 1759 ultor
2578 1704 2762 1772 fieret,
2795 1703 2889 1759 his
2926 1703 3117 1759 verbis
3160 1702 3384 1776 rogavit
3417 1720 3431 1759 :
3465 1703 3606 1759 Res-

1961 1792 2109 1865 pice,
2146 1793 2389 1848 Domine
2418 1792 2801 1863 exercituum,
2834 1808 2961 1864 quae
3015 1792 3274 1848 convicia
3322 1792 3609 1848 Senache-

1962 1880 2148 1936 rimus
2177 1880 2471 1937 dementia
2527 1878 2802 1952 fastuque
2857 1880 3046 1937 elatus
3102 1881 3383 1937 adversus
3436 1884 3608 1936 tuum

1962 1969 2363 2025 sanctuarium
2396 1968 2726 2040 conjecerit.
2758 1969 2935 2025 Serva
2981 1985 3087 2025 nos
3131 1969 3204 2025 de
3249 1986 3430 2025 manu
3455 1970 3609 2041 ejus,

1964 2057 2229 2114 Domine.
2258 2058 2479 2113 Sentiat
2516 2056 2614 2113 ille
2642 2057 2827 2113 Deum
2876 2061 2932 2113 te
2980 2074 3128 2114 esse.
3151 2057 3300 2123 Quid
3325 2073 3462 2130 ergo
3493 2057 3614 2129 egit

1964 2146 2077 2202 ille-
2093 2147 2194 2218 qui
2216 2146 2580 2219 sperantium
2610 2146 2867 2219 gemitus
2891 2145 3019 2201 sine
3041 2162 3204 2202 mora
3230 2147 3487 2214 exaudit,
3509 2146 3610 2218 qui

1964 2235 2118 2292 bella
2147 2235 2487 2308 confringit,
2517 2236 2801 2307 superbos
2831 2235 3131 2307 deprimit,
3163 2235 3377 2308 impios
3407 2234 3613 2291 interi-

1965 2325 2094 2396 mit,
2119 2329 2450 2396 peccatores
2480 2324 2552 2380 ad
2584 2323 2801 2380 inferos
2830 2323 3121 2380 detrahit?
3149 2325 3417 2380 Hostium
3450 2327 3616 2380 octo-

1964 2414 2128 2486 ginta
2157 2412 2417 2485 quinque
2458 2411 2645 2468 millia
2674 2429 2794 2467 una
2840 2415 3007 2468 nocte
3054 2412 3283 2468 occidit.
3313 2414 3506 2485 Atque
3532 2412 3617 2470 ita

1966 2502 2067 2574 qui
2100 2502 2195 2557 Dei
2227 2502 2515 2557 civitatem
2547 2501 2700 2557 brevi
2747 2516 2812 2557 se
2847 2505 3123 2573 capturos
3144 2501 3470 2573 jactabant,
3503 2500 3617 2557 mi-

1967 2607 2093 2646 sere
2142 2594 2317 2662 atque
2354 2589 2650 2662 insperato
2698 2588 2878 2645 vitam
2937 2589 3286 2658 amiserunt;
3346 2590 3616 2662 horaeque

1968 2684 2266 2734 momento
2288 2695 2422 2734 cum
2455 2678 2769 2734 animabus
2788 2678 2912 2734 suis
2944 2678 3005 2733 in
3036 2678 3430 2751 captivitatem
3460 2679 3616 2736 deci-

1966 2768 2196 2823 derunt.
2224 2767 2343 2822 Rex
2388 2783 2523 2822 vero
2569 2766 2847 2839 Assyrius
2874 2766 2968 2822 vix
3013 2771 3153 2822 tunc
3200 2766 3439 2823 exitium
3470 2767 3618 2824 vita-

1965 2857 2076 2924 vit;
2104 2855 2371 2912 videlicet
2414 2859 2478 2910 ut
2521 2855 2650 2926 eius
2694 2854 2986 2923 Numinis,
3025 2855 3181 2926 quod
3231 2855 3618 2929 blasphemiis

1966 2945 2217 3013 laeserat,
2256 2944 2376 2998 vim
2430 2947 2799 3016 agnosceret;
2850 2947 2917 2999 ut
2961 2943 3287 3017 ignominia
3330 2948 3617 3018 tanquam

1966 3039 2125 3090 veste
2153 3032 2554 3100 oblimaretur,
2568 3035 2625 3087 et
2646 3032 2823 3087 facies
2852 3034 2978 3103 ejus
3008 3032 3230 3105 pudore
3259 3033 3614 3103 rubesceret,

1968 3129 2143 3195 atque
2174 3122 2256 3178 ita
2279 3121 2351 3177 ab
2374 3119 2651 3177 omnibus
2680 3119 3022 3177 exsibilatus
3042 3120 3287 3176 Niniven
3307 3127 3620 3179 revertere-

1970 3217 2085 3268 tur.
2119 3212 2422 3266 Postremo
2451 3202 2648 3265 tamen
2678 3226 2713 3265 a
2750 3210 2875 3266 suis
2905 3209 3105 3266 liberis
3133 3210 3501 3283 interﬁcitur,
3534 3212 3620 3267 di-

1969 3318 2117 3375 gnas
2146 3298 2391 3355 crimine
2421 3315 2623 3371 poenas
2668 3303 2861 3371 luens,
2900 3303 3208 3373 propterea
3254 3301 3412 3372 quod
3457 3300 3620 3357 blas-

209 3386 371 3445 λάϐοι
412 3396 513 3458 τῆς
558 3392 657 3442 τοῦ
710 3384 1214 3463 βλασφημουμένου
1265 3382 1564 3459 δυνάμεως,
1597 3384 1744 3447 ὅπως
1797 3383 1855 3439 ἃν

1970 3388 2235 3462 phemias
2265 3388 2543 3443 adversus
2573 3386 2761 3443 Deum
2803 3395 3121 3444 creatorem
3147 3388 3365 3445 furiose
3390 3394 3618 3446 eructa-

206 3479 473 3556 αἰσχύνην
503 3472 861 3554 περιϐάλοιτο
920 3477 993 3538 ὡς
1048 3472 1273 3548 ἔνδυμα,
1301 3474 1390 3529 καὶ
1450 3474 1668 3548 ἀτιμίας
1719 3481 1861 3545 πλη-

206 3569 406 3644 ρωθείη
470 3566 534 3621 τὸ
589 3565 911 3642 πρόσωπον²
957 3565 1047 3619 καὶ
1104 3562 1547 3637 κατεγνωσμένος
1596 3565 1695 3632 τὴν
1753 3567 1860 3617 τῶν

204 3658 504 3711 Νινευϊτῶν
536 3648 837 3708 καταλάϐοι
862 3672 874 3685 ’
926 3650 1144 3727 ὕστερον
1176 3651 1323 3725 παρά
1362 3654 1467 3704 τῶν
1518 3650 1684 3704 αὐτοῦ
1733 3648 1860 3703 παί-

204 3743 310 3801 δων
359 3743 830 3820 κατασφάττεται·
881 3740 1029 3811 ἀξίαν
1086 3738 1354 3816 τιμωρίαν
1410 3736 1557 3811 δοὺς,
1591 3739 1665 3800 ὡς
1729 3739 1863 3812 μετὰ

211 3832 575 3913 βλασφημίας
634 3831 883 3904 ἐκμανεὶς
939 3830 1075 3884 κατά
1128 3827 1224 3883 τοὺ
1280 3828 1649 3898 πεποιηκότος
1707 3831 1859 3883 Θεοῦ.

208 3922 477 3985 Βασιλεὺς
535 3917 798 3981 Ἰουδαίας
849 3920 916 3987 ἦν
967 3919 995 3972 6
1053 3918 1315 3994 Ἰωσαφὰτ
1346 3918 1459 3991 (52)
1490 3915 1715 3973 πολλῶν
1773 3917 1863 3971 καὶ

210 4010 492 4092 διαφόρων
579 4009 740 4064 ἐθνῶν
827 4007 1304 4085 συμφωνησάντων
1377 4007 1495 4060 κατ’
1569 4006 1752 4078 αὐτοῦ,
1812 4006 1864 4076 ἐξ

208 4102 451 4179 ἀνάγκης
512 4097 601 4154 καί
656 4097 816 4159 αὐτὸς
886 4096 1021 4171 μετά
1076 4092 1313 4164 σπουδῆς
1363 4092 1671 4168 ἡτοιμάσθη
1730 4095 1867 4168 πρὸς

203 4191 603 4268 ἀντιμάχησιν,
642 4185 987 4262 συναθροίσας
1042 4185 1132 4239 καὶ
1190 4182 1527 4246 καθοπλίσας
1580 4184 1657 4246 ὡς
1709 4182 1866 4258 ἔπρε-

198 4303 264 4337 πε
314 4282 412 4336 τὸν
478 4278 678 4333 οἰκεῖον
728 4274 879 4348 λαὸν,
912 4274 1002 4329 καὶ
1045 4274 1112 4328 τὰ
1156 4280 1259 4343 τῆς
1297 4271 1611 4346 πολεμικῆς
1638 4272 1863 4328 καθόσον

198 4372 263 4440 ἦν
318 4368 556 4426 δυνατὸν
613 4363 1047 4442 προδιαθέμενος
1128 4363 1337 4437 ἄριστα.
1400 4359 1555 4430 Πλὴν
1615 4358 1737 4416 οὔτε
1789 4366 1868 4433 τῷ

196 4458 406 4530 πλήθει
466 4461 577 4511 τῶν
631 4451 1023 4528 πολεμούντων
1056 4453 1170 4525 (53)
1225 4449 1539 4527 ἐθάῤῥησεν,
1571 4447 1694 4505 οὔτε
1750 4456 1866 4512 τοῖς

199 4548 426 4616 ὅπλοις,
462 4541 590 4599 οὕτε
631 4547 704 4617 τῇ
752 4542 890 4596 κατὰ
932 4540 1024 4595 τὸν
1075 4538 1322 4612 πόλεμον
1372 4538 1666 4615 ἐμπειρίᾳο
1723 4538 1870 4595 ἀλλὰ

204 4637 277 4700 εἷς
315 4637 497 4711 μόνον
529 4633 620 4688 τὸν
670 4630 924 4708 κραταιὸν
979 4628 1070 4684 καὶ
1134 4630 1333 4703 βοηθὸν
1390 4628 1481 4683 καὶ
1537 4626 1869 4683 παντοδύνα-

1966 3482 2143 3533 verat.
2183 3476 2396 3532 Judaaaa
2445 3492 2546 3531 rex
2590 3476 2968 3548 Josaphatus,
3002 3476 3205 3533 multis
3252 3476 3618 3551 diversisque

1969 3565 2202 3639 populis
2232 3565 2510 3621 adversus
2538 3581 2666 3620 eam
2697 3565 3195 3637 conspirantihus,
3225 3565 3354 3639 ipse
3384 3583 3618 3640 quoque

1970 3654 2315 3711 necessitate
2351 3657 2589 3709 coactus
2636 3652 2747 3708 fuit
2792 3654 2864 3709 ad
2913 3654 3234 3726 parandam
3266 3654 3470 3712 sedulo
3515 3656 3615 3712 de-

1971 3743 2316 3809 fensionem,
2349 3740 2633 3814 populum
2668 3758 2843 3797 suum
2873 3727 3289 3800 conscribendo
3317 3744 3618 3817 armisque

1970 3830 2336 3901 instruendo,
2367 3846 2610 3903 remque
2643 3829 2911 3886 bellicam
2960 3848 3064 3903 pro
3117 3832 3284 3905 copia
3312 3837 3370 3889 et
3390 3832 3616 3890 viribus

1974 3919 2357 3993 disponendo.
2400 3919 2456 3974 Is
2492 3922 2688 3974 tamen
2737 3934 2926 3990 neque
2971 3919 3323 3977 bellatorum
3369 3937 3616 3980 numero

1975 4008 2324 4079 confidebat,
2357 4022 2546 4079 neque
2577 4007 2781 4075 armis,
2807 4024 2997 4080 neque
3025 4009 3234 4082 peritia
3260 4009 3497 4082 bellica;
3528 4028 3618 4068 ve-

1974 4115 2107 4155 rum
2139 4098 2307 4154 unice
2338 4098 2409 4152 ad
2448 4097 2656 4152 fortem
2702 4101 2760 4153 et
2802 4097 3203 4155 auxiliatorem
3251 4105 3309 4156 et
3352 4101 3619 4175 omnipo-

1974 4192 2198 4244 tentem
2227 4187 2412 4243 Deum
2442 4185 2841 4258 confugiebat;
2874 4187 3120 4260 ideoque
3139 4189 3420 4260 jejunans
3441 4194 3500 4246 et
3534 4190 3624 4247 la-

1976 4293 2248 4350 crymans
2267 4278 2397 4331 tum
2422 4291 2519 4331 rex
2539 4282 2663 4331 tum
2684 4278 2931 4333 cunctus
2951 4277 3204 4349 populus
3223 4278 3276 4334 ei
3296 4279 3619 4350 subjectus,

1976 4370 2291 4440 postquam
2321 4369 2507 4420 Deum
2537 4363 2649 4420 sibi
2690 4364 3096 4437 conciliarunt,
3121 4367 3195 4422 ad
3237 4366 3456 4423 bellum
3481 4384 3622 4440 pro-

1976 4454 2164 4529 gressi
2195 4458 2353 4522 sunt,
2377 4457 2433 4509 et
2478 4452 2801 4508 collectitiaa
2831 4453 3091 4510 hostium
3137 4454 3502 4511 multitudini
3527 4472 3625 4513 oc-

1979 4547 2308 4600 currerunt.
2331 4541 2480 4606 Quid
2509 4541 2682 4597 inde?
2708 4541 3066 4614 Josaphatus
3094 4559 3195 4599 rex
3220 4542 3447 4601 excelso
3476 4560 3625 4617 quo-

1979 4634 2115 4689 dam
2147 4633 2208 4687 in
2238 4630 2363 4687 loco
2394 4647 2529 4686 cum
2560 4630 2687 4686 suis
2717 4630 2901 4703 copiis
2930 4631 3219 4702 constitit;
3252 4633 3493 4690 Idumaei
3521 4650 3628 4690 au-

207 4748 302 4799 μον
336 4726 477 4782 Θεὸν
510 4721 874 4801 καταφυγών·
926 4718 1016 4773 καὶ
1065 4715 1154 4773 διὰ
1181 4718 1429 4789 νηστείας
1476 4715 1567 4772 καί
1621 4714 1860 4794 δακρύων

1978 4725 2098 4777 tem
2130 4738 2165 4776 a
2194 4719 2466 4776 Moabitis
2510 4722 2684 4790 atque
2712 4718 3067 4775 Ammanitis
3115 4720 3257 4776 caedi
3304 4726 3628 4794 cmperunt.

202 4816 232 4870 ὅ
257 4837 317 4871 τε
352 4809 620 4891 βασιλεὺς
653 4810 742 4865 καὶ
774 4810 802 4863 6
854 4808 942 4863 ὑπ’
972 4806 1131 4861 αὐτὸν
1160 4806 1298 4868 ἅπας
1359 4804 1491 4869 λαὸς
1547 4808 1871 4878 ποιήσαντες

203 4906 432 4978 εὐμενῆ,
468 4900 645 4962 οὕτως
684 4898 850 4968 ἦλθεν
902 4897 980 4959 εἰς
1024 4895 1268 4969 πόλεμον
1325 4896 1416 4951 καὶ
1462 4896 1872 4973 ἀντιπαράταξιν

200 4995 296 5062 τῆς
351 4988 718 5064 πολλαχόθεν
792 4984 1151 5063 συναχθείσης
1210 4983 1418 5054 ἐκείνης
1488 4991 1757 5061 στρατιᾶς.
1818 4991 1880 5055 Τί

203 5084 255 5137 τὸ
318 5082 614 5148 ἐντεῦθεν;
676 5078 734 5130 '0
795 5075 889 5149 μὶν
950 5071 1206 5149 βασιλεὺς
1264 5074 1528 5151 Ἰωσαφὰτ
1589 5073 1677 5128 ἐπί
1732 5094 1880 5134 τινος

205 5171 434 5245 ὑψηλοῦ
512 5167 602 5223 καὶ
685 5165 961 5240 μετεώρου
1033 5162 1204 5217 τόπου
1281 5161 1595 5237 συνάγεται’
1656 5163 1747 5217 καὶ
1815 5164 1883 5217 τὰ

198 5266 304 5315 τῶν
400 5256 741 5314 ὑπεναντίων
817 5252 1193 5331 στρατεύματα
1259 5254 1375 5306 κατ’
1422 5250 1689 5323 ἀλλήλων
1768 5255 1882 5327 μεθ’

204 5352 392 5424 ὁρμῆς
454 5347 744 5425 φέρονται·
806 5344 898 5399 καὶ
954 5340 1250 5415 Ἰδουμαῖοι
1323 5341 1418 5415 μὲν
1489 5342 1592 5396 ὑπὸ
1654 5338 1883 5398 Μωαϐι-

201 5444 308 5494 τῶν
336 5437 442 5494 καὶ
486 5438 837 5509 Ἀμμανιτῶν
884 5451 1204 5510 φονευονται
1251 5430 1551 5507 πρότερον·
1606 5429 1772 5485 πάλιν
1828 5428 1885 5484 δὲ

205 5527 411 5604 μικρὸν
471 5522 692 5599 ὕστερον
748 5520 913 5599 ἄμφω
986 5524 1154 5574 ταῦτα
1208 5519 1276 5573 τὰ
1324 5516 1452 5594 γένη
1508 5520 1887 5575 κατακτείνον-

202 5638 289 5672 tu:
324 5617 423 5672 ὑπ’
480 5611 746 5684 ἀλλήλων
769 5632 782 5645 ·
814 5609 905 5665 καὶ
935 5610 963 5664 6
1001 5606 1253 5683 ιΒασιλεὺς
1286 5608 1421 5682 μετά
1449 5612 1549 5663 τοῦ
1607 5608 1695 5664 ὑπῗ
1727 5608 1885 5664 αὐτὸν

278 5723 404 5798 (51)
435 5720 517 5798 I_Y
536 5725 852 5798 _Reg.__xxx;
883 5719 976 5774 Isa
1004 5732 1219 5773 xxxvn.

285 5790 413 5870 (52)
450 5792 507 5851 ΙΙ
534 5790 790 5864 Paralip.
819 5807 913 5847 xx.

562 5919 829 5985 ΡΑπιοι..
873 5917 989 5984 Gn.
1029 5915 1265 5983 CXLII.

1985 4809 2197 4866 Deinde
2227 4807 2496 4864 similiter
2540 4806 2602 4862 hi
2655 4808 2770 4863 duo
2810 4808 3093 4879 postremi
3124 4807 3324 4881 populi
3370 4810 3523 4867 inter
3569 4828 3633 4868 se

1987 4897 2287 4971 digladiati
2321 4900 2460 4952 sunt
2506 4899 2682 4967 atque
2718 4894 3075 4952 occiderunt.
3108 4896 3229 4954 Rex
3269 4903 3465 4955 autem
3495 4916 3632 4957 cum

1988 4986 2222 5060 proprio
2252 4984 2509 5041 exercitu
2548 4984 2608 5038 in
2654 4983 2896 5039 sublimi
2943 4985 3183 5056 specula
3211 5003 3275 5043 se
3303 4989 3632 5059 continens,

1989 5074 2163 5132 caedis
2191 5073 2421 5130 hostilis
2452 5073 2674 5129 otiosus
2703 5077 2991 5144 spectator
3018 5079 3165 5147 erat,
3188 5076 3330 5132 dum
3364 5077 3639 5135 universa

1990 5164 2447 5236 alienigenarum
2501 5160 2817 5218 multitudo
2882 5164 3095 5235 partim
3162 5165 3449 5237 captivata
3503 5168 3636 5236 fuit,

1992 5254 2206 5326 partim
2252 5251 2462 5307 occisa.
2495 5251 2645 5305 Tum
2687 5251 2909 5306 auctori
2937 5252 3338 5325 prodigiorum
3367 5255 3505 5324 Deo,
3537 5256 3643 5329 qui

1992 5343 2167 5398 unica
2194 5339 2513 5397 voluntatis
2539 5340 2593 5395 vi
2641 5341 2840 5396 omnia
2883 5341 3127 5414 peragit,
3151 5342 3367 5415 quique
3412 5347 3641 5401 tantam

1992 5430 2295 5487 victoriam
2354 5428 2842 5501 triumphumque
2892 5430 3262 5487 referendum
3318 5438 3643 5503 curaverat,

1994 5519 2267 5576 concordi
2314 5518 2470 5590 regis
2518 5517 2892 5591 universique
2926 5520 3212 5577 exercitus
3258 5537 3395 5578 voce
3444 5524 3642 5594 gratia

1996 5607 2303 5683 persolutis
2332 5609 2473 5664 sunt
2508 5606 2882 5681 hymnusque
2912 5608 3102 5667 dictus
3136 5626 3149 5667 :
3184 5627 3322 5668 nam
3370 5610 3499 5670 sine
3526 5611 3645 5673 ullo

2066 5715 2178 5794 (53)
2209 5713 2386 5773 Codd.
2418 5710 2725 5793 πολεμίων.

3251 5916 3331 6000 31
