4096 6466
472 485 593 544 651

1731 481 2152 542 NICEPHORI
2196 480 2633 541 BLEMMIDE

3764 480 3870 552 6.5.2

481 613 750 670 conﬂictu
775 610 983 668 bellico
1012 616 1133 668 tam
1165 612 1395 685 insigne
1422 612 1752 684 trophaaum
1782 629 1881 667 rex
1910 612 2111 668 consti-

2240 609 2638 685 στρατεύματος
2692 608 2798 664 ἀπὸ
2853 615 3140 686 περιωπῆς
3187 609 3277 663 καὶ
3332 607 3502 683 ὕψους
3556 608 3657 677 τῆν
3714 609 3871 685 παρά-

478 703 621 770 tuit;
654 700 736 757 ita
766 706 831 758 ut
858 700 1020 756 locus
1050 702 1250 769 etiam,
1276 701 1336 756 in
1367 717 1483 773 quo
1527 706 1648 756 tam
1693 700 1962 757 mirabile
1992 701 2129 756 faci-

478 807 594 846 nus
614 793 907 862 patratum
935 790 1047 844 fuit
1062 788 1513 845 eucharisticam
1536 790 1855 861 quamdam
1881 788 2132 863 appella-

474 869 697 937 tionem
744 878 1076 934 adsciverit.
1108 882 1241 933 Haec
1288 878 1519 951 egregia
1561 880 1711 934 tacta
1749 883 1924 951 atque
1953 878 2129 934 victo-

474 967 596 1033 riis,
612 967 835 1040 absque
853 968 1030 1023 etiam
1057 968 1472 1037 decertatione,
1497 967 1849 1040 contingunt
1879 967 1999 1023 illis
2030 967 2130 1039 qui

475 1056 706 1112 ﬁrmam
728 1056 1277 1128 indeﬁcienteinque
1299 1056 1357 1111 in
1380 1057 1495 1112 Deo
1519 1073 1685 1125 spem
1714 1057 2128 1112 fundaverant.

478 1145 546 1201 Hi
605 1150 747 1201 sunt
804 1146 1029 1200 fructus
1083 1146 1211 1200 vitas
1261 1150 1473 1200 sancta:
1534 1146 1766 1217 Deoque
1825 1144 2128 1217 placentis.

475 1235 659 1300 Quem
690 1234 847 1289 enim
880 1234 1011 1305 quis
1055 1233 1327 1299 delectat,
1368 1235 1442 1289 ab
1475 1236 1675 1289 eodem
1709 1234 1967 1289 vicissim
2000 1233 2127 1289 dili-

475 1324 652 1397 gitur.
679 1325 746 1378 Et
780 1323 875 1378 ille
906 1324 1143 1394 quidem
1187 1325 1258 1378 ab
1303 1328 1536 1379 amante
1568 1324 1815 1378 ﬁdenter
1846 1325 2003 1394 petit.
2038 1322 2131 1378 hic

476 1418 765 1486 petentem
801 1430 913 1467 non
956 1413 1177 1483 respuit
1208 1429 1395 1482 neque
1424 1414 1652 1467 tristem
1684 1413 1951 1467 dimittit.
1984 1412 2129 1467 Con-

472 1502 670 1558 trariis
702 1501 995 1558 contraria
1045 1502 1337 1557 accidunt.
1365 1501 1551 1573 Igitur
1594 1501 1813 1566 Israeli,
1846 1502 2127 1572 quamdiu

473 1591 679 1645 divinae
719 1590 834 1662 legi
883 1590 1145 1662 parebat,
1178 1590 1596 1662 prosperitates
1626 1589 1993 1661 victoriaque
2022 1591 2129 1645 ob-

470 1679 813 1748 veniebant;
847 1679 1109 1752 peccanti
1160 1683 1378 1746 autem,
1410 1678 1716 1734 calamitas
1752 1678 1813 1734 in
1852 1684 2128 1751 promptu

472 1772 615 1825 erat.
674 1768 893 1825 Revera
958 1767 1423 1840 quotiescunque
1478 1767 1661 1822 Deum
1720 1768 1814 1839 pie
1879 1767 2128 1837 colebat,

472 1856 614 1913 ditio
668 1857 797 1927 ejus
843 1857 1109 1927 finesque
1157 1855 1623 1929 protelabantur,
1677 1856 1877 1911 hostes
1928 1856 1979 1911 ei
2028 1856 2127 1912 tie-

472 1946 615 2001 bant
653 1945 910 2015 obnoxii,
943 1945 1160 2000 mcnnia
1206 1944 1400 2000 subito
1452 1946 1993 2016 prosternebantur,
2028 1962 2126 1999 ur-

472 2035 574 2090 bes
606 2033 820 2107 raptim
857 2034 1262 2106 capiebantur,
1294 2034 1533 2106 agmina
1575 2034 1909 2090 adversaria
1936 2033 2128 2089 conci-

471 2122 783 2190 debantur,
812 2122 1035 2194 grando
1064 2120 1344 2178 violenter
1391 2119 1602 2194 illapsa
1649 2122 1849 2178 hostes
1880 2127 2127 2179 exterre-

471 2212 592 2276 bat,
616 2210 701 2267 sol
732 2210 1037 2267 restitabat
1065 2210 1340 2283 diemque
1369 2210 1753 2282 producebat,
1776 2216 1841 2266 ut
1869 2211 2128 2267 hostium

477 2299 865 2356 internecioni
894 2300 1266 2357 conﬁcienda
1297 2300 1613 2371 sufﬁceret,
1636 2300 1782 2355 duce
1818 2301 1954 2355 Jesu
1986 2300 2129 2363 Navi

472 2389 613 2445 ﬁlio.
684 2388 965 2445 Praeterea
1025 2389 1268 2445 trecenti
1336 2388 1434 2460 qui
1492 2388 1821 2444 Gedeonem
1887 2389 2128 2445 comita-

468 2478 687 2535 bantur
739 2478 870 2547 viri,
902 2478 1121 2550 quique
1174 2476 1352 2533 veluti
1410 2475 1785 2548 praelibantes
1843 2494 1909 2533 ac
1967 2493 2127 2533 more

470 2566 794 2623 catulorum
837 2567 1049 2639 raptim
1082 2566 1152 2621 de
1193 2566 1435 2622 ﬂumine
1465 2565 1857 2634 lambuerant,
1880 2566 2124 2621 totidem

467 2656 693 2727 lagenis
724 2673 858 2712 cum
898 2654 1272 2728 lampadibus
1322 2660 1377 2710 et
1425 2654 1585 2710 tubis
1633 2655 1903 2709 instructi
1936 2654 2126 2710 multa

466 2745 727 2800 hostium
795 2743 981 2800 millia
1047 2747 1566 2816 consumpserunt.
1631 2745 1775 2799 Item
1835 2745 1946 2798 sub
2006 2761 2125 2799 una

467 2850 647 2889 manu
679 2836 976 2906 aratrique
1000 2832 1310 2911 manubrio
1334 2831 1588 2889 sexcenti
1607 2832 1975 2901 ceciderunt;
1999 2850 2123 2887 rur-

468 2939 691 2995 susque
736 2921 1081 2995 Sampsonis
1128 2938 1309 2978 manu
1358 2921 1625 2994 asinique
1678 2920 1916 2977 maxilla
1964 2920 2123 2978 mille

472 3011 743 3068 homines
774 3011 872 3067 icti
906 3011 1222 3084 perierunt.
1255 3010 1364 3066 Sed
1396 3010 1552 3066 enim
1602 3009 1737 3083 quis
1787 3013 2121 3082 temporum

465 3097 702 3154 illorum
762 3099 1176 3171 prosperitates
1235 3114 1473 3154 narrare
1521 3098 1745 3170 queat?
1791 3100 1927 3170 quis
1972 3098 2118 3155 cele-

465 3187 596 3243 bria
652 3188 822 3256 facta,
882 3188 1220 3243 morborum
1274 3191 1331 3243 et
1388 3187 1664 3243 mortium
1722 3186 2117 3260 depulsioncs,

466 3277 945 3347 incrementaque
984 3292 1273 3332 annorum
1334 3277 1404 3332 ad
1463 3276 1591 3331 vitas
1641 3276 2116 3349 propagationem

468 3364 791 3422 concessa?
844 3366 1221 3421 manifestum
1290 3364 1430 3421 solis
1486 3381 1849 3437 regressum,
1917 3364 1999 3421 ita
2052 3351 2187 3422 utC

467 3455 831 3511 diuturniore
893 3453 1042 3510 lucis
1099 3455 1405 3525 praesentia
1460 3453 1754 3526 longiores
1822 3454 1950 3510 dies
2007 3456 2113 3511 ﬁe-

465 3542 630 3598 rent?
681 3543 901 3599 ﬂumen
947 3560 1327 3613 suspensum,
1375 3559 1582 3616 rupem
1629 3560 1814 3615 aquas
1864 3543 2110 3600 funden-

459 3634 579 3686 tem
638 3636 1033 3705 stagnumque
1086 3633 1455 3705 gignentem;
1508 3632 1837 3688 coturnices
1880 3632 2110 3690 coalitus

454 3721 764 3791 projectas,
788 3721 1067 3776 imbrium
1117 3721 1253 3788 ritu,
1288 3737 1360 3776 ne
1408 3720 1728 3776 israelitica
1757 3720 1923 3792 plebs
1951 3721 2107 3777 victu

454 3813 712 3879 careret;
770 3809 1134 3882 Erythraeum
1202 3826 1363 3866 mare
1424 3810 1710 3880 divisum,
1770 3810 2105 3867 Iudaeorum

451 3898 677 3971 absque
693 3897 951 3970 periculo
969 3899 1283 3955 transitum
1301 3918 1314 3967 ;
1335 3899 1735 3972 Egyptiorum
1755 3916 2106 3972 persequen-

450 3988 598 4042 tium
631 3988 1036 4060 naufragium;
1070 3989 1252 4061 igneaa
1281 3988 1569 4044 columna:
1601 3987 1893 4061 nubisque
1925 3989 2103 4045 duca-

447 4078 608 4145 tum;
644 4076 872 4149 tEgypti
919 4076 1122 4149 plagas
1157 4093 1169 4131 :
1203 4076 1464 4148 quinque
1494 4080 1551 4132 et
1595 4076 1965 4149 septuaginta
1994 4077 2102 4134 ho-

447 4164 678 4220 minum
729 4165 913 4219 turba
973 4164 1402 4220 incrementum
1461 4168 1807 4229 tantum,ut
1857 4165 1917 4219 in
1971 4183 2101 4222 sex-

445 4258 615 4309 centa
644 4254 976 4309 animarum
1023 4252 1227 4320 millia,
1261 4258 1436 4324 atque
1464 4253 1639 4308 etiam
1692 4254 1866 4320 ultra,
1897 4254 2096 4311 Jacobi

443 4340 626 4413 stirps
681 4340 1022 4408 excreverit;
1074 4357 1415 4412 quanquam
1469 4341 1796 4397 innumeris
1841 4342 2097 4414 adpetita

441 4429 696 4496 insidiis,
752 4434 817 4484 ut
869 4428 1106 4484 illorum
1162 4429 1411 4485 historia
1459 4427 1802 4501 singillatim
1852 4431 2091 4487 demon-

437 4522 603 4575 strat.
654 4518 919 4574 Profecto
975 4517 1071 4572 Dei
1127 4517 1430 4584 beneﬁcia,
1463 4534 1601 4591 erga
1657 4517 1787 4574 illos
1820 4519 1920 4591 qui
1977 4519 2090 4593 legi

433 4609 564 4680 ejus
607 4608 1039 4680 obtemperant,
1074 4606 1189 4661 vim
1242 4607 1529 4662 facundiae
1579 4610 1915 4680 naturaeque
1962 4610 2088 4664 vin-

2242 699 2387 768 ταξιν
2452 696 2621 773 ἔχων,
2653 694 2850 752 ἔϐλεπε
2909 697 3071 769 μόνον
3129 697 3223 752 τὰς
3278 701 3386 751 τῶν
3434 694 3715 770 πολεμίων
3749 716 3869 775 σφα-

2238 788 2358 863 γάς,
2388 789 2586 849 παντὸς
2631 792 2723 841 νοῦ
2770 785 3018 858 πλήθους
3072 791 3175 841 τῶν
3235 784 3568 865 ἀλλοφύλων
3629 785 3682 841 ἐν
3741 786 3869 860 ἠμέ-

2241 898 2359 952 ραις
2414 877 2587 953 τρισὶν
2673 875 3212 952 αἰχμαλωτισθέντας
3269 876 3359 929 καὶ
3416 874 3783 953 φονευθέντος.
3824 878 3875 931 '0

2241 963 2299 1020 δὲ
2325 970 2432 1020 τῶν
2468 968 2756 1039 θαυμάτων
2788 966 2941 1037 Θεὸς,
2974 966 3003 1019 ὁ
3034 964 3206 1020 πάντα
3263 964 3415 1037 μόνῳ
3460 969 3539 1036 τῷ
3592 964 3872 1040 βούλεσθαι

2240 1055 2579 1127 οἰκονομῶν,
2628 1055 2718 1109 καὶ
2758 1056 2857 1123 τήν
2906 1054 3170 1125 τοσαύτην
3225 1053 3621 1129 τροπαιουχίαν
3673 1054 3762 1109 καὶ
3809 1054 3878 1108 νί-

2240 1165 2340 1212 κην
2373 1140 2761 1214 ἐπευδοκήσας,
2798 1148 2896 1215 μιᾷ
2924 1143 3143 1219 γλώττῃ
3192 1147 3289 1197 τοῦ
3337 1141 3605 1218 βασιλέως
3653 1141 3741 1197 καὶ
3788 1145 3876 1213 τῆς

2240 1239 2492 1308 στρατιᾶς
2560 1231 2769 1302 ἀπάσης
2844 1234 2942 1301 τῆν
3021 1231 3365 1307 εὐχαριστίαν
3434 1225 3596 1286 ἔλαϐε
3650 1232 3742 1286 xui
3792 1232 3875 1287 τὸν

2241 1321 2449 1393 ὕμνον·
2512 1319 2636 1375 ἄνευ
2711 1322 2811 1396 γὰρ
2884 1319 3193 1393 πολεμικῆς
3252 1320 3562 1394 συμμίξεως
3619 1321 3683 1375 τὸ
3755 1321 3879 1398 μέγα

2239 1415 2399 1464 τοῦτο
2429 1411 2686 1481 τρόπαιον
2729 1411 2756 1463 ὁ
2810 1408 3062 1485 βασιλεὺς
3113 1408 3330 1480 ἔστησεν
3357 1430 3370 1441 ο
3422 1409 3559 1465 ὥστε
3588 1409 3677 1464 xui
3708 1411 3738 1464 ὁ
3767 1411 3881 1486 τρό-

2237 1519 2339 1559 πος
2399 1496 2520 1552 ἔνθα
2593 1498 2655 1551 τὸ
2740 1500 3182 1569 θαυμασιώτατον
3264 1494 3416 1575 ἔργον
3501 1497 3876 1575 πεπλήρωται,

2240 1586 2591 1662 ἐκληρώσατο
2637 1587 2735 1655 τήν
2783 1590 2884 1656 τῆς
2942 1587 3194 1662 εὐλογίας
3247 1586 3556 1659 ἐπωνυμίαν
3768 1593 3877 1642 Τοι-

2238 1675 2399 1737 αύτας
2452 1676 2720 1750 ἀριστείας
2750 1675 2839 1730 καὶ
2895 1675 3043 1738 νίκας
3100 1674 3224 1730 ἄνευ
3264 1675 3576 1749 πολεμικῆς
3632 1682 3874 1731 ποιοῦσιν

2239 1765 2290 1818 οἱ
2339 1759 2557 1838 βεϐαίαν
2614 1762 2811 1820 ἐλπίδα
2856 1765 2946 1819 καὶ
2995 1763 3193 1834 ἀκλινῆ
3235 1766 3373 1843 πρὸς
3419 1766 3512 1819 τὸν
3561 1766 3689 1822 Θεὸν
3725 1762 3877 1840 ἔχον-

2234 1872 2364 1914 τες·
2419 1854 2615 1915 ταύτας
2666 1851 2724 1908 δὲ
2770 1855 3018 1930 προξενεῖ
3069 1853 3187 1929 βίος
3230 1852 3425 1927 σεμνὰς
3470 1853 3560 1909 καὶ
3601 1853 3879 1933 θεάρεστος

2237 1941 2457 2017 ἀγωγή·
2508 1943 2567 1996 ’ὀν
2610 1944 2711 2018 γὰρ
2761 1942 3028 2020 εὐφραίνει
3076 1964 3182 2013 τις,
3239 1943 3329 1997 καὶ
3384 1944 3474 1997 ὑπ’
3528 1942 3694 1998 αὐτοῦ
3755 1943 3881 1999 πάν-

2237 2052 2344 2092 τως
2374 2030 2640 2108 φιλεῖται·
2697 2029 2813 2107 ἔχει
2853 2028 2910 2087 δὲ
2936 2031 3026 2086 καὶ
3056 2031 3253 2108 θάῤῥος
3292 2032 3428 2108 πρὸς
3457 2032 3550 2087 τὸν
3577 2032 3845 2110 φιλοῦντα
3866 2055 3879 2067 ·

2238 2119 2267 2173 ὁ
2324 2116 2383 2173 δὲ
2430 2118 2529 2174 οὐκ
2592 2118 3001 2197 ἀποστρέφεται,
3056 2117 3183 2175 οὐδὲ
3261 2119 3449 2175 λυπῶν
3526 2120 3879 2195 ἀποπέμπει·

2238 2203 2394 2272 εἴωθε
2451 2205 2509 2263 δὲ
2564 2208 2629 2263 τά
2684 2208 2893 2264 ἐναντία
2941 2214 3060 2271 τοῖς
3117 2208 3381 2271 ἐναντίοις
3415 2205 3758 2284 συμϐαίνειν.
3793 2211 3885 2265 Διά

2233 2300 2396 2350 τοῦτο
2452 2296 2542 2351 καὶ
2597 2301 2676 2369 τῷ
2724 2294 2940 2372 Ἰσραήλ
2999 2301 3351 2375 κατορθοῦντι
3411 2298 3505 2371 μὶν
3548 2297 3678 2361 τοὺς
3708 2300 3884 2361 θείους

2236 2385 2441 2459 νόμους
2496 2385 2715 2462 ὑπῆρχε
2762 2387 2825 2441 τὸ
2871 2387 3270 2463 κατορθώματα
3325 2387 3414 2441 καὶ
3466 2385 3619 2450 νίκας
3665 2395 3884 2443 ποιεῖν·

2234 2473 2511 2538 ἀθετοῦντι
2558 2472 2616 2529 δὲ
2652 2475 2740 2529 καὶ
2786 2469 3171 2551 παραϐαίνοντι
3206 2474 3455 2548 τούτους,
3496 2476 3561 2532 τὸ
3607 2472 3886 2533 καταϐάλ-

2236 2560 2450 2626 λεσθαι·
2502 2561 2591 2618 ὅτε
2643 2565 2735 2637 μὲν
2785 2564 2885 2641 γὰρ
2950 2564 3041 2618 τὸν
3096 2565 3223 2619 Θεὸν
3277 2564 3531 2637 ἐξεζήτει,
3574 2566 3642 2620 τὰ
3684 2567 3885 2623 τούτου

2233 2651 2597 2727 σχοινίσματα
2672 2652 2761 2707 καὶ
2830 2653 2898 2707 τά
2969 2652 3092 2728 ὅρια
3150 2653 3498 2725 ἐπλατύνετο,
3556 2656 3885 2732 κατάσχεσις

2231 2745 2338 2794 τῶν
2399 2738 2708 2818 ἀλλοτρίων
2758 2739 2990 2808 ἐδίδοτο,
3036 2741 3199 2819 τείχη
3249 2738 3651 2799 κατεϐάλλοντο
3701 2744 3879 2824 ἐξαίφ-

2230 2850 2345 2899 νης,
2388 2827 2580 2891 πόλεις
2632 2830 2872 2903 ἐτοίμως
2930 2830 3249 2900 ἡλίσκοντο,
3299 2831 3569 2902 συντάξεις
3624 2837 3736 2888 τῶν
3798 2834 3881 2889 ἐθ-

2229 2922 2331 2972 νῶν
2389 2918 2797 2992 συνεκόπτοντο,
2849 2919 3065 2995 χάλαζα
3106 2921 3460 2993 τινασσομένη
3511 2922 3646 2993 μετά
3697 2922 3876 2997 βιαίας

2232 3006 2415 3083 ῥύμης
2460 3027 2519 3061 τε
2559 3008 2648 3062 καὶ
2692 3009 2873 3084 ὁρμῆς
2937 3007 3064 3070 τοὺς
3128 3007 3432 3083 πολεμίους
3490 3004 3733 3087 ἐξεφόϐει
3788 3011 3877 3065 καί

2230 3094 2648 3173 συνετάρασσεν·
2708 3096 2870 3166 ἥλιος
2919 3096 3106 3153 ’ίστατο
3162 3101 3259 3153 τοῦ
3336 3097 3542 3174 δρόμου
3618 3099 3709 3154 καὶ
3777 3102 3874 3169 τὴν

2227 3183 2434 3259 ἡμέραν
2481 3190 2898 3263 παρακατεῖχεν,
2930 3185 3006 3248 εἷς
3055 3185 3299 3256 παντελῆ
3355 3184 3730 3261 ἐξολόθρευσιν
3789 3186 3879 3243 καὶ

2228 3273 2527 3350 ἀφανισμὸν
2581 3279 2688 3328 τῶν
2743 3273 2979 3350 ἐχθρῶν,
3036 3276 3215 3346 Ἰησοῦ
3270 3279 3368 3328 τοῦ
3427 3281 3575 3345 Ναυῆ
3634 3296 3874 3353 στρατη-

2226 3368 2482 3437 γοῦντος·
2522 3364 2851 3440 τριακοσίοις
2883 3362 3105 3441 ἀνδράσι
3149 3369 3267 3427 τοῖς
3324 3362 3557 3435 κυνηδὸν
3614 3366 3721 3420 ἀπὸ
3778 3368 3881 3421 τοῦ

2221 3457 2472 3525 ποταμοῦ
2517 3451 2732 3527 λείψασι
2778 3453 2867 3507 καὶ
2908 3452 3021 3507 οῖον
3058 3454 3172 3525 μεθ’
3215 3453 3463 3528 ἁρπαγῆς
3514 3450 3765 3509 ἐκπιοῦσι
3812 3454 3876 3509 τὸ

2220 3538 2367 3615 ὕδωρ
2418 3541 2508 3595 καὶ
2561 3542 2694 3615 μετά
2738 3546 2835 3597 τοῦ
2884 3539 3088 3596 Γεδεὼν
3139 3542 3564 3617 εὑρισκομένοις,
3602 3542 3695 3597 καῖ
3747 3563 3877 3598 τοσ-

2222 3629 2409 3691 αύταις
2463 3627 2672 3706 ὑδρίαις
2733 3630 2810 3693 ὡς
2874 3629 3113 3706 ἀγγείοις
3184 3628 3520 3707 ὀστρακίνοις
3575 3631 3667 3685 καὶ
3722 3629 3878 3706 λαμ-

2216 3717 2346 3772 πάσι
2374 3718 2464 3773 καὶ
2498 3717 2774 3795 σάλπιγξι,
2807 3716 3065 3796 μυριάδες
3119 3718 3404 3792 πολεμίων
3465 3717 3873 3799 διεφθείροντο·

2216 3803 2437 3880 δυνάμει
2480 3828 2541 3862 τε
2591 3814 2718 3882 μιᾶς
2766 3809 2954 3885 χειρὸς
3000 3807 3052 3862 ἐν
3102 3804 3231 3863 ποδὶ
3282 3808 3517 3886 ἀρότρου
3592 3809 3875 3880 ἑξακόσιοι

2214 3892 2459 3954 ἔπιπτον.
2491 3894 2661 3951 Πάλιν
2696 3895 2753 3951 δὲ
2780 3901 2849 3970 τῇ
2878 3902 2976 3952 τοῦ
3008 3898 3250 3971 Σαμψὼν
3282 3898 3430 3973 χειρὶ
3459 3895 3551 3954 διὰ
3606 3899 3877 3976 σιαγόνος

2211 3985 2299 4040 καί
2355 3992 2580 4062 παρειᾶς
2641 3982 2767 4041 ὅνου
2821 3987 3222 4042 κατεκτείνοντο
3290 3985 3489 4063 χίλιοι.
3552 3985 3735 4045 Ἀλλὰ
3786 3988 3876 4051 τίς

2211 4073 2271 4130 ἂν
2322 4074 2487 4130 εἰπεῖν
2549 4075 2798 4147 δυνηθείη
2848 4077 2943 4138 τὰς
3010 4074 3262 4138 εὐκολίας
3307 4080 3415 4131 τῶν
3467 4075 3686 4154 χρόνων
3734 4079 3878 4133 ἐκει-

2207 4183 2349 4234 νων;
2398 4164 2493 4227 τὰς
2539 4162 2798 4239 εὐδοξίας,
2847 4166 2938 4226 τὰς
2994 4170 3102 4221 τῶν
3159 4163 3479 4238 νοσημάτων
3545 4166 3638 4220 xui
3700 4167 3877 4221 θανά-

2205 4272 2312 4305 των
2370 4253 2673 4331 ἀποφυγὰς,
2718 4255 2814 4316 τὰς
2871 4252 3188 4325 ἐπαυξήσεις
3240 4253 3331 4309 xui
3386 4257 3706 4330 προσθήκας
3758 4260 3873 4311 τῶν

2206 4339 2460 4396 ἐνιαυτῶν
2522 4341 2599 4405 εἷς
2653 4343 2974 4419 παρέκτασιν
3025 4345 3126 4413 τῆς
3195 4345 3377 4412 (cuiq;
3428 4340 3884 4419 προδηλουμένῃ

2203 4427 2370 4498 ἡλίου
2424 4430 2758 4511 ἀναστροφῇ,
2788 4432 2878 4487 καὶ
2931 4430 3146 4487 πλείονι
3203 4430 3469 4508 παρουσίᾳ
3516 4433 3701 4509 φωτὸς
3762 4454 3878 4505 μα·-

2201 4518 2471 4595 κροτέρων
2522 4520 2821 4595 γινομένων
2870 4526 2979 4576 τῶν
3028 4523 3251 4597 ἡμερῶν
3279 4542 3293 4554 ·
3342 4520 3621 4591 ἀνακοπὴν
3676 4542 3871 4577 ποτα-

2204 4612 2329 4679 μοῦ,
2386 4610 2584 4686 πέτραν
2659 4607 2804 4686 ὕδωρ
2882 4605 3247 4680 ἐκϐλύζουσαν
3329 4610 3404 4672 ὡς
3486 4609 3578 4665 xui
3650 4607 3877 4683 λίμναν

432 4701 595 4753 cunt.
618 4697 660 4752 E
684 4696 975 4753 contrario
1006 4694 1045 4749 ii
1067 4696 1167 4767 qui
1198 4694 1486 4751 herilibus
1510 4695 1608 4751 Dei
1632 4696 1926 4752 mandatis
1953 4714 2086 4753 cum

2221 4703 2400 4753 ποιεῖν·
2488 4698 2903 4776 ὀρτυγομήτραν
2985 4698 3271 4774 οὐρανόθεν
3350 4698 3881 4773 καταπεμπομὲνην

432 4790 771 4858 contemptu
805 4788 1154 4857 repugnant.
1181 4784 1413 4856 magnis
1460 4783 1771 4856 suppliciis
1811 4784 2087 4841 irretiun-

428 4879 545 4946 tur,
572 4874 807 4930 rabidos
832 4873 1055 4930 scilicet
1075 4878 1499 4929 venenatorum
1530 4873 1911 4945 serpentium,
1937 4891 2090 4929 scor-

429 4963 661 5035 piorum
710 4967 767 5018 et
820 4964 1117 5035 aspidum,
1151 4978 1386 5018 morsus
1444 4963 1860 5033 experiuntur;
1921 4968 2084 5019 terra

431 5051 691 5106 hiatibus
723 5053 983 5124 absorpti
1030 5051 1261 5107 aeternis
1302 5050 1551 5106 vinculis
1582 5052 1642 5106 in
1673 5051 1964 5123 profundo
1996 5069 2085 5108 re-

431 5140 720 5204 tinentur;
780 5140 1129 5195 fulminibus
1170 5140 1617 5195 inﬂammantur
1670 5140 1808 5195 freni
1867 5142 1981 5195 ritu
2018 5158 2083 5197 ac

430 5228 834 5295 cinerescunt;
865 5228 1058 5285 clades
1090 5230 1377 5301 fugaeque
1416 5228 1679 5300 insignes
1711 5229 1783 5284 ab
1814 5228 2082 5286 hostibus

427 5316 864 5391 perpetiuntur;
899 5318 1072 5373 urbes
1118 5335 1257 5373 suas
1300 5334 1532 5373 eversas
1560 5317 1781 5385 vident,
1813 5335 2079 5374 necessa-

425 5407 543 5462 rios
574 5407 632 5460 in
666 5406 1005 5462 servitutem
1038 5406 1296 5475 abactos,
1318 5405 1473 5461 bella
1520 5406 1711 5461 civilia
1740 5411 1797 5461 et
1826 5406 2079 5466 interne-

422 5496 641 5553 ciones.
675 5495 923 5565 Insuper
968 5493 1299 5565 pluviarum
1333 5495 1580 5566 penuria
1626 5500 1990 5561 exarescunt,
2022 5501 2080 5552 et

417 5600 693 5659 agrorum
753 5581 1063 5639 sterilitate
1120 5600 1186 5639 ac
1239 5583 1394 5640 fame
1444 5584 1858 5640 conﬁciuntur.
1891 5584 2076 5642 Multo

2197 4785 2271 4847 ὡς
2327 4786 2495 4855 ὑετὸν,
2552 4786 2643 4841 καὶ
2699 4788 2792 4842 τὸν
2853 4784 3247 4863 Ἰσραηλιτικὸν
3321 4784 3453 4841 λαὸν
3507 4786 3874 4867 τρέφουσαν·

2198 4874 2453 4949 Ἐρυθρᾶς
2501 4874 2774 4945 θαλάσσης
2821 4872 3102 4951 διαίρεσιν,
3144 4875 3233 4931 καὶ
3280 4877 3379 4945 τήν
3427 4880 3535 4930 τῶν
3570 4874 3873 4934 Ἰουδαίων

2195 4960 2315 5016 ἄνευ
2371 4960 2621 5017 κινδύνου
2674 4961 3078 5039 διαπεραίωσιν,
3134 4964 3223 5017 καὶ
3292 4964 3392 5031 τήν
3461 4967 3569 5017 τῶν
3641 4964 3875 5040 Αίγυπ-

2192 5050 2321 5105 τίων
2379 5049 2687 5107 διωκόντων
2744 5051 3191 5106 καταπόντωσιν·
3247 5050 3446 5108 στύλου
3514 5052 3694 5128 πυρὸς
3773 5055 3879 5111 καὶ

2190 5137 2423 5217 νεφέλης
2491 5137 3002 5216 προκαθοδήγησιν·
3086 5139 3363 5214 Αἰγύπτου
3447 5136 3674 5214 πληγὰς
3772 5146 3878 5198 καὶ

2194 5230 2497 5303 μάστιγας·
2540 5230 2639 5297 τήν
2687 5227 2738 5298 ἐξ
2782 5228 3081 5304 ἀνθρώπων
3108 5229 3267 5282 πέντε
3313 5227 3402 5282 καὶ
3459 5223 3880 5301 ἑϐδομήκοντα

2190 5315 2429 5372 ἐπίδοσιν
2460 5320 2547 5371 xui
2579 5314 2842 5392 διαδοχὴν
2898 5317 3031 5389 μετά
3079 5316 3347 5387 πλήθους,
3379 5321 3475 5371 τοῦ
3517 5317 3747 5392 γένους,
3789 5322 3877 5384 ὡς

2188 5405 2265 5469 εἷς
2320 5406 2592 5476 ἑξακοσίας
2651 5403 2910 5481 χιλιάδας
2978 5404 3067 5460 καὶ
3143 5405 3388 5461 ἐπέκεινα
3470 5414 3877 5483 προχωρῆσαι

2184 5494 2351 5564 αὐτὴν
2402 5494 2461 5549 ἐκ
2500 5498 2598 5564 τῆς
2645 5496 2801 5571 ῥίζης
2848 5499 2946 5549 τοῦ
2977 5490 3201 5549 Ἰακώϐ·
3252 5495 3342 5550 καὶ
3398 5500 3567 5550 ταῦτα
3617 5500 3881 5575 μυρίαις

2184 5582 2684 5660 περικυκλουμὲνου
2734 5578 3072 5657 ἐπιϐουλαῖς,
3106 5584 3179 5646 ὡς
3225 5584 3361 5639 κατά
3412 5582 3575 5660 μέρος
3623 5587 3663 5655 ἡ
3725 5608 3879 5667 περ.

489 5768 602 5849 (54)
630 5767 681 5826 ΙΙ
708 5763 959 5841 Paralip.
989 5780 1082 5837 xx,
1113 5763 1221 5821 26:
1251 5765 1697 5839 Vocaveruntque
1727 5764 1907 5822 locum
1935 5766 2099 5823 illum
2134 5765 2342 5824 Vallem
2371 5764 2781 5824 Benedictionis
2805 5781 2977 5840 usque
3003 5766 3067 5822 in
3088 5774 3424 5839 praesentem
3453 5765 3619 5826 diem.

4093 5630 4096 5745 4

4094 5822 4096 5888 ι
