4096 6444
269 580 446 636 αὐτῶν
504 582 717 659 ἱστορία
775 580 987 653 δηλοῖ.

268 669 571 747 εὐεργεσίαι
624 670 701 733 εἷς
749 669 876 733 τοὺς
928 668 1293 748 φυλάσσοντας
1337 672 1435 730 τὰς
1494 669 1658 724 αὐτοῦ
1707 669 1927 730 ἐντολὰς

267 763 459 814 νικῶσι
503 760 593 814 καὶ
645 758 848 835 λόγους
896 760 987 814 καὶ
1038 759 1246 837 φύσεως
1299 757 1545 832 δύναμιν*
1597 758 1777 834 ὥσπερ
1824 760 1928 814 πά-

269 846 358 903 λιν
418 850 472 903 o't
552 848 937 925 ἐκτρεπόμενοι
1016 849 1121 903 ἀπὸ
1194 854 1301 903 τῶν
1361 846 1690 903 δεσποτικῶν
1770 846 1926 911 θείων

268 940 614 1014 προστάξεων
648 984 662 1011 ,
725 937 814 992 καὶ
870 938 1273 1016 καταφρονηταὶ
1344 936 1551 992 τούτων
1607 935 1927 1013 γινόμενοι,

276 1026 538 1103 μεγάλοις
614 1024 813 1088 δεινοῖς
889 1026 1286 1103 περιέπιπτον·
1347 1024 1607 1102 χολέραις
1668 1022 1929 1096 δηλονότι

269 1115 361 1171 καὶ
389 1116 650 1191 τρώσεσιν
685 1111 924 1172 ἰοϐόλων
970 1111 1169 1194 ὄφεων,
1220 1114 1492 1190 σκορπίων
1541 1136 1601 1170 τε
1645 1114 1735 1169 καὶ
1765 1111 1925 1169 ἀσπί-

270 1202 402 1260 δων·
436 1202 583 1262 ἀλλά
618 1205 708 1260 καὶ
755 1205 863 1260 ἀπὸ
913 1209 1149 1279 σεισμῶν
1200 1211 1307 1280 γῆς
1355 1204 1658 1280 συγχώσεις
1706 1202 1797 1257 καὶ
1846 1199 1927 1256 δε-

266 1292 441 1366 σμοὺς
498 1291 759 1370 ἀφίκτους
806 1291 858 1347 έν
916 1287 1174 1355 ἀϐύσσοις
1234 1291 1523 1366 ὑπέμενον,
1573 1290 1664 1346 καὶ
1709 1289 1923 1367 ἐμπρη-

264 1381 441 1455 σμοὺς
500 1381 609 1437 ἀπὸ
665 1386 938 1459 κεραυνῶν
1019 1379 1332 1461 φλογώδεις
1406 1381 1496 1435 καὶ
1573 1380 1926 1457 ἐκτεφρώσεις

262 1466 424 1541 δίκην
483 1475 772 1548 κονιορτοῦ
805 1514 820 1539 ,
874 1471 1078 1546 τροπὰς
1137 1470 1189 1541 ἐξ
1243 1469 1493 1546 ἐχθρῶν,
1552 1470 1642 1524 καὶ
1692 1470 1925 1530 πτώσεις

261 1553 722 1633 διαϐεϐοημένας·
779 1555 857 1614 ἔτι
912 1556 970 1613 δὲ
999 1557 1215 1614 πόλεων
1269 1557 1647 1633 έκπορθήσεις,
1699 1562 1805 1612 τῶν
1840 1558 1922 1611 οἱ-

260 1648 424 1704 κείων
483 1644 959 1724 ἀνδραποδισμοὺς
1013 1648 1103 1703 καὶ
1157 1647 1457 1723 ἀπαγωγὰς
1514 1646 1603 1701 καὶ
1658 1642 1923 1701 καταδου-

1592 451 1696 512 DE
1740 450 1972 512 REGIS
2017 450 2374 514 OFFICIIS.

1046 584 1252 643 Ὄντως
1307 583 1363 635 αἱ
1431 582 1578 657 παρά
1628 585 1727 636 τοῦ
1784 584 1917 637 Θεοῦ

2036 598 2170 638 vero
2200 583 2388 656 magis
2413 584 2633 642 eisdem
2663 588 2831 642 nocet
2875 585 3157 658 pestilens
3206 602 3322 653 aer,
3384 589 3441 642 et
3496 585 3682 644 malo-

3564 455 3684 516 εει
3714 436 3718 445 ⁴

2038 690 2167 727 rum
2191 673 2505 744 spirituum
2527 673 2809 731 molestiae
2832 674 3004 730 modo
3035 672 3535 747 strangulantium
3558 691 3686 733 mo-

2040 763 2111 817 do
2133 762 2301 818 aliter
2328 764 2785 820 excruciantium
2811 782 2823 832 ;
2857 763 3019 837 lepra
3045 762 3451 837 paralysisque
3498 781 3687 821 mem-

2038 851 2301 918 brorum,
2323 852 2613 908 viscerum
2638 851 2978 925 putredines
3007 868 3075 908 ac
3100 852 3504 922 lacerationes,
3554 868 3689 910 acu-

2037 939 2404 996 tissimorum
2427 941 2680 1014 denique
2709 940 2978 997 dolorum
3008 941 3303 998 cumulus.
3336 943 3686 1015 Quanquam

2037 1028 2172 1100 quis
2203 1029 2442 1084 demum
2471 1033 2812 1101 percenseat
2837 1033 3307 1102 contemptorum
3345 1029 3450 1087 Dei
3480 1046 3686 1103 poenas

2036 1121 2211 1189 atque
2242 1116 2533 1191 supplicia
2560 1121 2618 1173 et
2645 1118 2890 1175 diversis
2919 1118 3286 1192 temporibus
3329 1117 3507 1174 exitia
3524 1117 3553 1172 ?
3580 1117 3687 1174 Ce-

2034 1206 2304 1278 teroquin
2335 1223 2463 1278 quae
2493 1210 2627 1279 post
2680 1206 2861 1279 hujus
2914 1207 3043 1262 vitai
3101 1207 3322 1263 exitum
3365 1211 3688 1281 supersunt

2034 1294 2354 1367 ergastula,
2411 1310 2481 1351 ea
2530 1295 2716 1352 multo
2774 1296 3070 1369 pradictis
3126 1296 3315 1369 poenis
3345 1294 3684 1353 molestiora

2035 1384 2278 1453 scimus,
2312 1388 2605 1457 quatenus
2654 1383 2937 1441 nimirum
2986 1388 3267 1458 perpetua
3324 1388 3464 1442 sunt
3509 1388 3685 1459 atque

2032 1472 2293 1530 immotis
2322 1472 2596 1529 claustris
2645 1473 2940 1530 conclusa.
2985 1474 3134 1531 Nam
3184 1473 3245 1530 in
3301 1473 3417 1531 ista
3444 1474 3684 1531 demum

2032 1562 2355 1618 aeternitate
2398 1579 2703 1619 summum
2760 1562 2984 1619 malum
3038 1566 3326 1620 versatur.
3383 1562 3558 1635 Atqui
3611 1562 3685 1620 ad

2032 1654 2247 1706 aeterna
2273 1650 2412 1707 illuc
2466 1650 2786 1724 ergastula,
2844 1651 2907 1706 hi
2964 1651 3065 1723 qui
3120 1650 3180 1707 in
3233 1655 3520 1724 praesente
3567 1651 3688 1708 vita

263 1734 467 1798 λώσεις
500 1782 515 1809 ,
576 1734 877 1815 ἐμφυλίους
955 1735 1135 1813 μάχας
1199 1757 1261 1791 τε
1328 1737 1417 1791 καὶ
1470 1736 1676 1815 σφαγάς
1710 1757 1723 1769 ·
1783 1733 1923 1811 πρδς

2033 1754 2146 1795 non
2178 1738 2984 1810 resipiscuut,amandantur,
3014 1738 3385 1795 intoleranda
3432 1738 3683 1812 ignomi-

260 1824 481 1886 τούτοις
554 1820 882 1903 ἀνομϐρίαις
955 1825 1401 1902 κατεξηραίνοντο
1435 1870 1449 1895 ,
1507 1824 1595 1880 καὶ
1673 1823 1922 1902 ἀφορίαις

2033 1827 2128 1883 nia
2155 1826 2366 1883 obruti.
2401 1827 2614 1883 Contra
2644 1827 2684 1881 ii
2716 1826 2820 1898 qui
2848 1827 2921 1883 ad
2951 1831 3134 1883 Deum
3165 1827 3488 1900 respiciunt
3508 1844 3681 1884 suos-

262 1918 489 1990 καρπῶν
522 1960 537 1986 ,
597 1914 688 1968 καὶ
766 1912 958 1987 λιμοῖς
1015 1916 1379 1984 κατετήκοντο
1414 1932 1427 1943 ⁴

270 2001 485 2077 μᾶλλον
532 2001 727 2065 αὐτοὺς
771 2003 861 2057 καὶ
911 2003 1080 2078 ἀέρων
1131 2003 1349 2080 φθοραὶ,
1382 2002 1431 2075 ἐξ
1464 2003 1537 2057 ὧν
1587 2003 1675 2057 καὶ
1708 2002 1920 2077 λοιμώ-

267 2090 383 2155 δεις
440 2090 823 2148 ἀποτίκτονται
881 2091 1030 2146 νόσοι
1105 2092 1195 2147 καὶ
1255 2086 1533 2166 συντριϐαὶ
1604 2097 1871 2167 σωμάτων
1904 2140 1918 2166 ,

267 2178 573 2255 δαιμονίων
637 2181 729 2237 καὶ
816 2185 1070 2256 πονηρῶν
1146 2179 1467 2253 πνευμάτων
1546 2178 1924 2257 διενοχλήσεις

264 2270 482 2340 έπίεζον
542 2268 733 2334 δεινῶς
782 2269 1196 2346 ἀποπνιγόντων
1243 2291 1303 2325 τε
1339 2269 1428 2324 καὶ
1478 2265 1918 2346 στρεϐλούντων·

265 2359 466 2436 λέπραι
525 2359 617 2415 καὶ
675 2359 857 2437 ἀργίαι
920 2357 1125 2432 μελῶν,
1184 2355 1515 2435 σπλάγχνων
1582 2360 1774 2432 σήψεις
1831 2361 1922 2415 καὶ

260 2443 635 2525 διαϐρώσεις,
695 2448 784 2503 καὶ
844 2445 1028 2503 ὀδύναι
1109 2447 1242 2521 μετὰ
1310 2445 1529 2517 πολλῆς
1589 2444 1921 2523 δριμύτητος

254 2536 629 2608 πλήττουσαι,
693 2534 873 2612 ὥσπερ
935 2536 1078 2610 ὁμοῦ
1135 2533 1556 2610 συνδραμοῦσαι.
1616 2534 1794 2591 Ἀλλά
1837 2537 1921 2600 τίς

258 2625 322 2680 ἂν
355 2622 612 2695 δυνηθείη
648 2624 975 2698 ἀπαριθμεῖν
1024 2629 1132 2679 τῶν
1181 2628 1604 2703 καταφρονητῶν
1647 2629 1781 2680 Θεοῦ
1828 2626 1923 2687 τὰς

258 2714 459 2776 ποινάς
515 2735 575 2768 τε
633 2712 723 2767 καὶ
776 2712 1047 2788 τιμωρίας
1082 2760 1096 2785 ,
1155 2714 1244 2767 καὶ
1295 2712 1423 2775 τοὺς
1481 2713 1618 2768 κατά
1673 2715 1919 2786 καιρικὰς

257 2800 555 2877 περιόδους
600 2800 932 2880 ἀφανισμούς
967 2821 981 2872 ;
1011 2803 1087 2855 Τὰ
1136 2799 1193 2856 δὲ
1246 2802 1381 2875 μετά
1425 2803 1523 2870 τήν
1570 2806 1669 2856 τοῦ
1715 2802 1918 2878 παρόν-

259 2914 361 2954 τος
397 2891 521 2967 βίου
549 2889 809 2960 τελευτὴν
851 2888 1211 2967 δικαιωτήρια
1259 2890 1311 2944 ἐν
1354 2895 1433 2963 τῷ
1473 2888 1734 2963 μέλλοντι
1786 2893 1922 2946 κατὰ

262 2980 413 3036 πολὺ
466 2984 575 3035 τῶν
632 2979 935 3053 εἰρημένων
988 2980 1091 3033 εἰσὶ
1149 2978 1512 3054 λυπηρότερα·
1572 2979 1685 3052 ὅσῳ
1725 2980 1814 3034 καὶ
1857 2981 1921 3036 τὸ

268 3068 520 3141 διηνεκὶς
577 3068 666 3123 καὶ
730 3067 956 3141 μόνιμον
1014 3069 1104 3123 καὶ
1158 3068 1427 3122 ἄπαυστον
1488 3063 1699 3144 ἔχουσι·
1758 3073 1920 3125 τοῦτο

269 3160 379 3235 γάρ
435 3157 544 3213 ἐστι
601 3158 666 3211 τὸ
719 3158 1013 3213 κάκιστον·
1072 3156 1299 3219 ἐκείνοις
1346 3158 1449 3232 γὰρ
1504 3162 1623 3219 τοῖς
1680 3157 1922 3222 αἰωνίοις

260 3245 655 3321 κολαστηρίοις
686 3247 739 3300 οἱ
781 3247 858 3320 μὴ
891 3245 942 3301 έν
989 3249 1060 3319 τῇ
1107 3245 1351 3322 παρούσῃ
1404 3250 1518 3320 ζωῇ
1570 3245 1920 3326 ἐπιστρέφονη

260 3356 353 3399 τες
421 3334 877 3412 παραπέμπονται
913 3380 928 3406 ,

261 3423 665 3501 κληρούμενοι·
698 3425 750 3478 οἱ
801 3422 857 3479 δέ
904 3445 967 3498 γε
1013 3425 1150 3501 πρὸς
1194 3424 1286 3479 τὸν
1318 3424 1516 3501 Κύριον
1571 3420 1920 3481 ἀποϐλέπον-

1489 1912 1680 1977 συνέθλ
1691 1910 1804 1968 ιϐον
1862 1911 1919 1968 δὲ

2033 1933 2141 1988 que
2165 1920 2331 1973 actus
2361 1920 2419 1972 et
2471 1916 2854 1989 cogitationes
2902 1932 3098 1973 coram
3148 1916 3248 1973 illo
3292 1921 3672 1990 componunt,

2028 2004 2138 2061 hoc
2169 2004 2404 2077 quidem
2438 2004 2499 2060 in
2529 2005 2668 2060 orbe
2687 2004 2921 2076 vitaque
2941 2004 3261 2060 laudantur
3289 2005 3362 2062 ab
3394 2005 3676 2062 omnibus

2031 2110 2098 2150 ac
2129 2092 2545 2166 suspiciuntur,
2568 2109 2857 2165 nemoque
2877 2096 2966 2149 est
2995 2092 3098 2165 qui
3127 2093 3201 2149 de
3249 2092 3366 2150 illis
3395 2093 3679 2151 honoriﬁ-

2032 2198 2160 2239 cam
2217 2182 2833 2239 commemorationem
2890 2198 3008 2237 non
3064 2182 3274 2251 faciat;
3320 2183 3680 2240 conscientia

2031 2271 2284 2345 denique
2316 2276 2471 2327 recte
2499 2271 2786 2327 factorum
2815 2287 3037 2344 speque
3078 2270 3364 2328 mercedis
3411 2271 3678 2330 animum

2031 2366 2289 2418 erectum
2317 2360 2633 2431 laetumque
2663 2364 2895 2432 gerunt.
2926 2360 3074 2416 Nam
3127 2359 3387 2418 calestia
3439 2361 3682 2434 quidem

2033 2448 2539 2523 supermundialia
2570 2449 2809 2522 praemia
2825 2465 3094 2521 quaenam
3115 2448 3319 2523 lingua
3337 2449 3645 2523 eloquetur
3659 2449 3688 2506 τ

2033 2540 2166 2613 quis
2196 2538 2403 2595 oculus
2433 2537 2623 2594 vidit?
2672 2554 2942 2604 quaenam
2984 2538 3144 2595 auris
3200 2538 3440 2607 audivit,
3495 2537 3585 2596 vel
3621 2539 3685 2595 in

2032 2629 2344 2700 cujusnam
2378 2626 2638 2683 hominis
2670 2642 2770 2682 cor
2799 2627 3208 2683 ascenderunt.
3234 2627 3685 2700 Incomprehen-

2030 2716 2221 2773 sibilis
2246 2721 2336 2773 est
2364 2715 2548 2771 cuivis
2576 2714 2826 2783 homini,
2849 2718 3085 2787 propter
3105 2732 3275 2772 suam
3322 2715 3682 2789 magnitudi-

2030 2822 2187 2874 nem,
2220 2807 2424 2877 parata
2452 2803 2571 2859 illis
2600 2802 2920 2872 beatitudo,
2952 2803 3249 2876 splendor,
3279 2804 3585 2877 gaudium,
3616 2808 3676 2861 et

2029 2895 2235 2968 gloria,
2268 2893 2369 2966 qui
2400 2897 2583 2949 Deum
2629 2895 2749 2948 toto
2797 2907 2868 2947 ex
2921 2892 3117 2948 animo
3164 2891 3439 2966 diligunt.
3479 2893 3675 2965 Siquis

2030 3000 2166 3057 ergo
2198 2987 2423 3039 tantam
2455 2981 2797 3055 dignitatem
2856 2980 3387 3054 excelsitatemque,
3419 2986 3674 3039 tantam-

2030 3089 2143 3145 que
2173 3073 2461 3129 bonorum
2488 3070 2715 3143 copiam
2746 3074 2982 3142 propter
3006 3070 3249 3127 insanas
3270 3071 3557 3143 quaedam
3574 3086 3675 3128 cu-

2030 3162 2307 3235 piditates
2339 3159 2744 3230 desideriaque
2765 3157 2969 3230 abjicit
2991 3175 3006 3227 ;
3032 3157 3415 3231 vicissimque
3460 3158 3676 3233 gravis-

2030 3252 2245 3308 simam
2304 3248 2690 3322 ignominiam
2749 3251 2808 3303 et
2863 3247 3118 3303 dedecus
3173 3263 3311 3305 cum
3365 3247 3678 3305 intoleran-

987 3334 1402 3408 ἀνυπομόνητον
1477 3338 1578 3406 τήν
1651 3335 1917 3413 αἶ’σχύνην

2033 3340 2124 3396 dis
2176 3338 2478 3395 doloribus
2534 3336 2647 3393 sibi
2704 3335 2945 3409 deligit;
3003 3352 3198 3393 nonne
3253 3336 3350 3392 hic
3379 3353 3678 3394 summam

2027 3445 2197 3486 suam
2228 3426 2542 3484 stultitiam
2573 3424 3047 3496 dementiamque
3075 3425 3487 3482 demonstrat?

260 3535 376 3587 τες,
433 3514 526 3569 καὶ
581 3513 677 3575 τὰς
736 3513 937 3568 ἑαυτῶν
995 3513 1213 3588 πράξεις
1268 3512 1357 3567 καὶ
1411 3514 1479 3568 τὰ
1536 3511 1877 3589 διανοήματα
1930 3514 2233 3594 ἔμπροσθεν
2285 3513 2522 3578 τιθέντες
2578 3512 2763 3584 αὐτοῦ,
2821 3510 2872 3565 ἐν
2936 3511 3029 3585 μὲν
3086 3515 3166 3584 τῷ
3212 3510 3404 3587 κόσμῳ
3429 3513 3520 3568 καὶ
3566 3517 3674 3586 τῷ-

263 3600 321 3658 δε
349 3606 428 3675 τῷ
483 3602 591 3678 βίῳ
647 3598 834 3677 ἔχουσι
891 3603 953 3656 τὸ
1009 3602 1154 3678 παρά
1209 3603 1424 3657 πάντων
1485 3601 1810 3667 ἐπαινεῖσθαί
1864 3627 1924 3661 τε
1977 3607 2067 3661 καὶ
2124 3604 2506 3678 θαυμάζεσθαι,
2561 3602 2625 3656 τὸ
2677 3599 2729 3656 ἐν
2756 3605 2876 3663 ταῖς
2931 3599 3226 3678 εὐφημίαις
3274 3604 3494 3677 μνήμην
3528 3599 3675 3679 ἔχειν

258 3688 353 3746 διὰ
406 3690 627 3762 παντὸς,
685 3691 749 3745 τὸ
803 3691 940 3745 κατά
991 3695 1115 3745 νοῦν
1175 3690 1504 3768 εὐφροσύνην
1559 3691 1705 3768 ἔχειν
1766 3694 1855 3749 καὶ
1902 3692 2104 3765 ἡδονὴν
2140 3738 2153 3763 ,
2215 3692 2265 3765 ἐξ
2324 3691 2500 3747 αὐτῶν
2555 3694 2663 3745 τῶν
2722 3684 2896 3765 ἔργων
2948 3690 3021 3743 ῶν
3068 3690 3412 3766 πράττουσι,
3468 3691 3559 3746 καὶ
3617 3689 3678 3747 έκ

254 3782 361 3848 τῆς
418 3776 648 3841 ἐλπίδος
702 3783 806 3833 τῶν
865 3773 1136 3852 αμοιϐῶν.
1197 3778 1343 3833 Αὐτά
1392 3776 1450 3833 δὲ
1498 3781 1566 3833 τὰ
1624 3780 1962 3854 ὑπερκόσμια
2015 3779 2105 3836 καί
2163 3780 2359 3834 αἰώνια
2410 3773 2618 3833 ἔπαθλα
2669 3776 2800 3832 ποία
2852 3774 3075 3854 γλῶσσα
3141 3777 3354 3854 ἷσγύσει
3406 3777 3680 3855 διηγήσα-

258 3870 436 3938 σθαι;
498 3872 666 3930 1Ιοῖος
727 3867 1010 3946 ὀφθαλμὸς
1069 3867 1318 3923 ἐθεάσατο
1369 3888 1382 3936 ;
1442 3873 1606 3923 Ποῖον
1666 3869 1758 3931 οὗς
1811 3868 2039 3939 ἤκουσεν
2092 3890 2105 3939 ;
2166 3868 2254 3924 ἐπὶ
2305 3868 2452 3930 τίνος
2522 3867 2807 3942 ἀνθρώπου
2885 3863 3109 3942 καρδίαν
3166 3862 3329 3935 ἀνέϐη
3377 3886 3391 3936 ;
3448 3866 3677 3926 Ἀκατά-

260 3956 480 4028 ληπτός
536 3956 678 4011 ἐστιν
735 3956 1004 4034 ἀνθρώπῳ
1054 3957 1215 4012 παντὶ
1274 3954 1362 4011 διὰ
1416 3958 1515 4027 τὴν
1577 3952 1886 4031 ὑπερϐολὴν
1943 3961 1978 4028 ἡ
2039 3958 2440 4036 εὐτρεπισθεῖσα
2492 3954 2791 4019 ἀπόλαυσις
2841 3960 2960 4018 τοῖς
3032 3954 3083 4025 ἐξ
3141 3954 3279 4026 ὅλης
3343 3959 3528 4032 ψυχῆς
3583 3957 3677 4011 τὸν

261 4046 399 4103 Θεὸν
453 4045 782 4121 ἀγαπήσασι,
840 4045 930 4100 καὶ
985 4047 1021 4115 ἡ
1084 4044 1432 4121 λαμπρότης,
1486 4045 1602 4100 καὶ·
1631 4048 1666 4115 ἡ
1726 4044 2047 4123 ἀγαλλίασις
2102 4048 2193 4102 καὶ
2242 4049 2277 4117 ἡ
2310 4042 2455 4115 δόξα.
2515 4046 2571 4099 Ὁ
2626 4044 2804 4099 τοίνυν
2860 4043 3128 4113 τοσαύτην
3182 4042 3420 4115 εὐδοξίαν
3467 4045 3558 4100 καὶ
3588 4044 3677 4101 εὕ-

260 4133 472 4206 κλειαν,
527 4133 618 4188 καὶ
674 4133 946 4189 τοσούτων
1007 4135 1216 4211 ἀγαθῶν
1272 4132 1482 4203 πλῆθος
1539 4132 1864 4190 ἀποδιώκων
1923 4132 2013 4190 διὰ
2074 4136 2300 4210 ματαίαν
2337 4132 2623 4207 ἐπιθυμίαν
2682 4132 2773 4188 καὶ
2830 4128 3153 4208 ὅρεξιν,,τὴν
3213 4130 3272 4188 δὲ
3320 4130 3521 4204 διπλῆν
3552 4131 3679 4189 ἀδο-

264 4224 383 4293 ξίαν
440 4222 530 4277 καὶ
584 4222 801 4296 ἀτιμίαν
861 4222 997 4295 μετὰ
1047 4226 1157 4277 τῶν
1205 4222 1539 4278 ἀνυποίστων
1610 4221 1887 4300 ὀδυνηρῶν
1947 4223 2159 4280 ἐκείνων
2217 4218 2631 4297 ἀντιλαμϐάνων
2670 4267 2684 4294 ,
2742 4221 2919 4293 πόσης
2976 4219 3206 4297 ἀλογίας
3279 4222 3370 4277 καί
3442 4222 3679 4299 ἀφροσύ-

260 4332 364 4382 νης
396 4310 634 4387 κρίνεται
666 4308 809 4381 ἄξιος
845 4330 859 4381 ;

338 4401 427 4476 ιγ’.
462 4398 651 4454 Καίτοι
681 4420 742 4475 γε
796 4397 986 4455 πλεῖον
1045 4400 1259 4476 εὑρήσει
1315 4420 1399 4463 τις
1456 4398 1507 4454 ὲν
1557 4404 1636 4473 τῷ
1693 4400 1919 4477 παρόντι

2099 4404 2246 4460 ΧΙΙΙ.
2280 4404 2394 4460 Rea:
2421 4406 2610 4460 caveat
2636 4418 2673 4459 a
2702 4403 2853 4458 mala
2905 4403 3079 4474 fama.
3147 4400 3299 4466 Quin
3352 4401 3497 4457 adeo
3545 4401 3680 4458 vitae

269 4487 378 4563 βίῳ
406 4488 470 4542 τὸ
498 4486 761 4559 ἀνήδονον
787 4493 885 4545 τοῦ
933 4490 1301 4563 νομιζομένου
1349 4485 1532 4561 ἡδέος,
1582 4487 1704 4543 ὅταν
1738 4490 1765 4543 ὁ
1794 4494 1922 4552 νοῦς

268 4578 373 4632 ἀπὸ
419 4582 526 4632 τῶν
586 4578 772 4633 παθῶν
825 4576 1033 4654 ἀχλύος
1081 4576 1383 4654 καθαρεύσῃ
1438 4582 1620 4641 ποσῶς
1649 4580 1780 4653 (55),
1832 4579 1922 4633 καὶ

265 4665 513 4743 γνωρίσῃ
581 4666 770 4721 ἑαυτὸν
828 4665 881 4722 ἐν
928 4672 1046 4729 τοῖς
1106 4664 1409 4743 ῥυπάςμασι
1465 4668 1555 4721 καὶ
1614 4665 1921 4740 μολυσμοῖς

261 4753 733 4829 κατακυλιόμενον
783 4762 885 4824 τῆς
936 4753 1210 4828 ἐμπαθοῦς
1270 4752 1572 4829 ἀσελγείας,
1630 4755 1720 4809 καὶ
1779 4755 1925 4829 παρὰ

256 4848 378 4899 τῶν
429 4841 701 4898 πλειύνων
759 4841 836 4905 εἷς
886 4843 1183 4920 παροιμίαν
1239 4844 1323 4915 τὸ,
1382 4844 1473 4905 Ὗς
1530 4842 1580 4897 ἐν
1646 4838 1922 4919 βορϐόρῳ,

256 4931 699 5007 περισυράμενον
756 4930 847 4986 καὶ
903 4928 1349 5007 καταγελώμενον
1392 4975 1405 4988 .
1468 4932 1810 5005 Γινώσκομεν
1868 4929 1926 4986 δὲ

256 5023 360 5076 τὸν
426 5018 827 5097 κεκρατημένον
907 5018 958 5074 έν
1016 5025 1133 5082 τοῖς
1206 5020 1479 5082 τοιούτοις
1557 5020 1927 5076 ὑποπτεύοντα

255 5108 591 5185 προχείρως
620 5108 749 5171 τοὺς
785 5109 860 5181 μὴ
908 5107 1191 5171 τοιούτους
1246 5108 1432 5178 αὐτοῦ,
1488 5108 1578 5163 καὶ
1630 5108 1772 5163 οὕτω
1827 5110 1925 5176 τὴν

252 5201 446 5269 κακήν
490 5197 692 5269 ταύτην
746 5196 977 5272 ὑποψίαν
1023 5195 1313 5270 αὐξάνοντα
1346 5220 1359 5232 ·
1412 5198 1546 5253 ποτε
1596 5198 1689 5271 μὲν
1737 5196 1926 5268 ἐξαπα-

250 5290 517 5363 τώμενον
574 5287 627 5358 έξ
682 5286 937 5348 ἀπονοίας
986 5285 1277 5362 ἀλογίστου
1336 5288 1425 5342 καὶ
1484 5284 1736 5364 ἀφρονος,
1795 5288 1929 5342 ποτὲ

252 5377 321 5435 δὲ
352 5377 451 5432 καὶ
484 5376 546 5431 ἐκ
601 5373 812 5447 ψευδῶν
873 5374 1055 5451 λόγων
1113 5375 1163 5446 ἐξ
1214 5374 1468 5438 ὑπονοίας
1522 5380 1686 5430 τινῶν
1735 5374 1925 5451 βασκά-

250 5489 377 5524 νων
416 5466 811 5543 παρασυρέντα·
864 5460 1016 5519 οὐδὲν
1062 5464 1165 5541 γὰρ
1215 5463 1387 5528 οὕτως
1440 5463 1648 5539 ἀνοίγει
1696 5466 1795 5534 τὴν
1827 5484 1929 5518 πα-

256 5552 547 5639 ρείοδυσιν
604 5555 707 5623 τῆς
762 5551 1138 5632 συκοφαντίας,
1197 5552 1271 5617 ὡς
1330 5555 1367 5625 ἡ
1422 5555 1522 5624 τῆς
1569 5549 1926 5628 συνειδήσεως

350 5733 473 5813 (55)
500 5733 594 5792 Ita
622 5732 750 5792 cod.

2032 4509 2264 4565 quoque
2276 4492 2456 4563 hujus
2470 4491 2652 4547 multo
2668 4490 3155 4547 abundantiorem
3175 4489 3476 4546 tristitiam
3498 4505 3679 4562 quam

2031 4581 2378 4637 suavitatem
2409 4594 2724 4653 agnoscere
2780 4578 2998 4651 licebit,
3059 4578 3110 4634 si
3167 4578 3402 4649 quando
3445 4579 3679 4634 animus

2032 4668 2331 4742 paulisper
2384 4666 2890 4741 perturbationum
2944 4665 3255 4740 caliginem
3313 4666 3679 4735 absterserit,

2033 4774 2212 4830 seque
2232 4758 2292 4813 in
2314 4755 2681 4829 sterquilinio
2712 4754 3102 4827 sordibusque
3150 4759 3481 4812 versantem
3508 4770 3684 4828 agno-

2030 4847 2178 4903 verit
2223 4846 2468 4903 luxurize
2492 4844 2956 4917 intemperantis,
3017 4844 3394 4916 derisumque
3422 4849 3480 4901 et
3506 4860 3680 4918 expo-

2034 4936 2215 4991 situm
2246 4935 2331 4990 illi
2354 4933 2514 5007 vulgi
2544 4933 2867 5005 proverbio,
2899 4933 3012 4989 Sus
3040 4932 3101 4988 in
3159 4949 3343 4989 coeno.
3390 4933 3543 4990 Sane
3571 4951 3681 4991 no-

2032 5026 2226 5081 vimus
2255 5024 2423 5080 facile
2453 5022 2711 5079 accidere
2736 5025 2803 5077 ut
2848 5021 2949 5093 qui
3004 5021 3346 5091 hujusmodi
3389 5021 3685 5079 illecebris

2035 5114 2270 5170 deditus
2300 5113 2494 5179 fuerit,
2528 5112 2599 5168 de
2630 5110 2761 5167 aliis
2793 5126 3026 5182 quoque
3057 5109 3157 5183 qui
3189 5110 3358 5168 aliter
3383 5112 3585 5168 vivunt
3600 5112 3686 5168 in-

2029 5202 2256 5274 juriose
2286 5200 2654 5273 suspicetur;
2688 5202 2864 5270 atque
2893 5197 2979 5254 ita
3033 5197 3251 5255 malam
3299 5198 3689 5257 existimatio-

2038 5307 2171 5347 nem
2195 5288 2537 5363 propagari:
2570 5292 2631 5344 et
2659 5289 2832 5343 modo
2861 5286 3100 5359 quidem
3132 5304 3336 5361 reapse
3384 5289 3686 5346 hominem

2039 5378 2351 5451 fragilitate
2394 5376 2630 5449 propria
2674 5375 2999 5447 vitioseque
3056 5375 3251 5432 animo
3306 5376 3460 5446 labi;
3512 5377 3685 5434 modo

2036 5471 2232 5523 tamen
2265 5465 2428 5522 falsis
2471 5464 2648 5520 etiam
2697 5464 3034 5522 rumoribus
3086 5465 3380 5523 immerito
3435 5466 3685 5523 traduci.

2037 5553 2196 5615 Nihil
2209 5553 2365 5613 enim
2393 5556 2697 5628 tantopere
2724 5552 2880 5611 viam
2912 5551 3223 5614 calumnia
3243 5555 3477 5628 sternit,
3504 5571 3687 5633 quam
