4096 6472
385 509 502 568 655

1634 491 2056 554 NICEPHOBI
2101 490 2537 552 BLEMMIDE

3669 491 3793 552 656

386 637 762 712 praejudicata
790 633 1062 688 vitiorum
1090 628 1460 685 conscientia.
1493 626 1708 681 Verum
1768 624 1864 679 ille
1909 640 2017 691 rex,

2141 619 2227 674 ἐπὶ
2285 628 2398 683 τοῖς
2453 627 2639 684 κακοῖς
2698 622 3157 698 προκατάγνωσις.
3221 620 3376 678 Ἀλλ’
3433 622 3461 676 6
3508 622 3787 698 βασιλεὺς,

386 729 486 799 qui
513 742 691 781 vanas
721 722 1070 794 cupiditates
1115 720 1274 773 freno
1325 720 1564 781 coercet,
1626 720 1803 786 caput
1851 730 2026 768 suum

385 819 716 873 constanter
749 814 804 867 in
836 811 1044 866 caelum
1076 823 1262 880 usque
1294 805 1591 862 sublatum
1651 807 1830 869 tenet,
1881 819 2026 856 sua-

385 923 499 977 que
528 903 830 975 dignitatis
861 904 917 955 et
949 899 1145 969 gloriae
1176 895 1583 951 celsitudinem
1629 892 2026 961 splendorem-

386 1012 500 1067 que
529 991 954 1062 contemplans,
989 987 1330 1042 mendacem
1387 982 1652 1054 quemvis
1685 996 2025 1036 sermuncu-

386 1085 507 1140 lum
532 1082 691 1139 ﬂocci
723 1080 880 1145 facit,
913 1077 1091 1133 nullis
1140 1073 1475 1130 scurrilium
1506 1071 1811 1125 hominum
1854 1069 2027 1139 nugis

386 1190 587 1229 aurem
638 1172 872 1244 prebet,
919 1168 1055 1238 quia
1098 1163 1243 1218 nihil
1277 1164 1336 1217 in
1368 1179 1428 1216 se
1461 1159 1910 1232 reprehensione
1940 1157 2029 1210 di-

385 1280 567 1336 gnum
621 1259 904 1332 agnoscit.
952 1255 1133 1312 Sicuti
1179 1252 1334 1306 enim
1368 1250 1462 1304 ille
1510 1248 1609 1320 qui
1647 1246 2028 1318 vituperanda

383 1369 559 1426 opera
586 1353 828 1416 exercet,
861 1363 929 1402 ex
986 1341 1299 1413 semetipso
1353 1337 1739 1410 ignominiam
1791 1335 2024 1401 haurit;

383 1425 465 1499 ita
490 1441 589 1513 qui
611 1436 982 1495 laudabiliter
1010 1432 1168 1496 vivit,
1193 1432 1318 1500 jam
1353 1429 1476 1499 ipse
1507 1443 1609 1499 per
1666 1442 1727 1480 se
1777 1425 2024 1478 honora-

385 1512 650 1588 tissimus
671 1533 780 1595 est,
805 1524 1034 1582 etiamsi
1065 1537 1198 1576 eum
1232 1517 1487 1574 sexcenti
1549 1514 1747 1570 stultis
1779 1512 2026 1567 maledi-

382 1621 491 1676 ctis
513 1621 868 1692 oppugnent.
889 1612 1050 1679 Quod
1082 1611 1130 1664 si
1153 1610 1298 1665 forte
1327 1611 1492 1662 actus
1531 1603 1743 1675 aliquis
1789 1602 2027 1656 damna-

383 1711 520 1766 bilis
551 1690 742 1775 fuerit,
775 1707 824 1760 is
856 1701 1059 1759 sedulo
1112 1696 1492 1768 corrigendos
1548 1697 1673 1757 est;
1725 1690 2025 1760 multoque

385 1798 710 1872 impensius
742 1810 919 1866 quam
953 1787 1198 1861 Aigyptii
1216 1785 1500 1848 solebant,
1535 1781 1689 1853 apud
1722 1796 1868 1851 quos
1898 1778 2023 1833 ani-

384 1904 613 1945 marum
648 1865 1022 1958 purgationes
1061 1878 1119 1932 in
1149 1890 1308 1930 more
1339 1872 1540 1944 posita:
1569 1875 1756 1925 erant.
1789 1867 1887 1922 Sin
1921 1865 2024 1920 ali-

384 1985 586 2034 terres
615 1956 710 2041 sit,
744 1970 1119 2028 maledictum
1151 1964 1386 2036 quidem
1437 1978 1540 2016 ceu
1599 1959 1884 2013 furiosum
1919 1956 2022 2009 ali-
2055 2000 2101 2064 B

387 2085 561 2139 quem
611 2061 1050 2133 despiciendum
1097 2071 1245 2119 esse,
1303 2057 1467 2106 vetus
1529 2048 1878 2119 sapiensque
1937 2045 2024 2098 lex

386 2135 601 2212 monet.
636 2154 781 2210 Nam
815 2148 912 2220 qui
942 2146 1090 2201 clam
1123 2149 1296 2214 atque
1327 2142 1383 2195 in
1429 2137 1659 2209 angulis
1709 2135 2021 2201 maledicit,

379 2246 524 2302 nihil
551 2245 600 2300 ei
626 2239 853 2297 nocebit
875 2237 973 2309 qui
1005 2235 1076 2290 ab
1103 2231 1376 2287 omnibus
1430 2245 1544 2282 uno
1598 2243 1693 2280 ore
1726 2224 2018 2278 laudatur.

379 2334 540 2398 Quod
573 2333 620 2388 si
655 2331 798 2385 forte
821 2326 986 2381 dolor
1003 2323 1216 2393 aliquis
1248 2317 1514 2374 maledici
1549 2315 1808 2384 linguam
1841 2313 2018 2379 acuit,

383 2440 522 2479 sane
553 2419 782 2493 expedit
813 2416 894 2471 rei
953 2413 1207 2469 radicem
1265 2406 1641 2463 exscindere:
1703 2419 1817 2474 quo
1866 2402 2018 2455 facto

377 2529 614 2585 germen
639 2522 870 2581 quoque
901 2516 1230 2560 exarescere
1263 2513 1430 2552 nemo
1485 2511 1596 2549 non
1655 2491 1892 2546 videbit.
1926 2489 2018 2544 Sic

374 2579 529 2658 enim
560 2618 620 2656 se
652 2579 834 2670 gessit
877 2593 1181 2662 Philippus
1226 2604 1340 2641 rex.
1375 2585 1519 2638 Nam
1551 2598 1685 2638 cum
1715 2579 2018 2635 Parmenio

375 2691 528 2763 apud
576 2669 710 2745 eum
770 2685 1070 2741 accusaret
1115 2678 1458 2733 Nicanorem
1518 2671 1637 2741 regi
1672 2669 2017 2724 maledicere

375 2757 633 2844 solitum,
658 2774 960 2845 Philippus
984 2769 1061 2824 rei
1094 2781 1330 2822 causam
1374 2765 1643 2818 accurate
1671 2757 1976 2830 vestigavit
1999 2773 2012 2810 :

373 2884 625 2939 cumque
673 2863 1052 2932 comperisset
1080 2857 1421 2911 Nicanorem
1468 2853 1725 2922 egestatc
1755 2863 1821 2902 ac
1865 2847 2016 2902 fame

373 2935 580 3031 premi,
614 2956 804 3010 lautas
834 2949 1070 3005 divitias
1101 2946 1158 2999 in
1193 2940 1543 2998 maledicum
1594 2935 1887 3000 contulit;
1914 2935 2015 3007 qui

371 3025 578 3103 deinde
596 3041 874 3100 laudandi
897 3033 1325 3104 extollendique
1347 3026 1732 3084 benefactoris
1763 3025 1855 3080 sui
1879 3025 2016 3080 nul-

367 3137 492 3193 lum
540 3137 715 3190 ﬁnem
748 3129 1026 3186 faciebat:
1063 3141 1178 3195 qua
1227 3138 1286 3176 re
1318 3119 1551 3190 cognita
1579 3133 1699 3186 rex,
1734 3132 1834 3187 per
1865 3131 2014 3186 prae-

373 3241 577 3282 conem
600 3221 745 3279 edici
769 3217 1001 3292 publice
1021 3215 1080 3269 in
1106 3211 1327 3267 ditione
1349 3225 1456 3264 sua
1476 3205 1656 3277 jussit
1681 3223 1694 3272 ;
1728 3204 2012 3259 nimirum

371 3315 663 3389 principes
694 3291 820 3366 tum
842 3307 1085 3362 laudum
1109 3307 1236 3356 tum
1258 3298 1435 3354 etiam
1467 3294 1910 3350 maledictorum
1932 3291 2010 3348 si-

2139 712 2482 785 αυτοκρατωρ
2541 718 2646 766 τῶν
2724 711 3028 788 ἀλογίστων
3107 713 3316 787 ὁρμῶν,
3375 713 3473 780 την
3542 714 3789 791 κεφαλὴν

2138 798 2250 874 έχει
2311 799 2701 876 ἐστηριγμένην
2759 801 2810 856 έν
2870 801 3102 876 οὐρανῷ·
3165 801 3252 855 καὶ
3312 802 3372 855 τὸ
3425 801 3636 874 ὑψηλὸν
3685 806 3787 872 τῆς

2138 891 2328 944 ἑαυτοῦ
2409 898 2577 962 τιμῆς
2650 891 2736 944 καὶ
2813 891 2982 962 ἀξίας,
3043 890 3132 944 καὶ
3202 889 3591 964 λαμπρότητος
3654 891 3787 965 βλέ-

2137 1000 2292 1048 πων,
2344 981 2539 1040 παντὸς
2583 977 2753 1052 ψευδῆ
2805 981 2892 1033 καὶ
2952 979 3148 1051 μάταια
3194 978 3472 1053 λέγοντος,
3524 977 3785 1053 οὐδαμῶς

2137 1067 2524 1144 ἐπιστρέφεται·
2576 1069 2751 1137 πάσης
2809 1068 3071 1144 ρλυαρίας
3122 1065 3369 1130 οὖδόλως
3417 1068 3622 1141 ἀκούει,
3675 1091 3788 1142 μη-

3359 1155 3506 1231 ὥπερ
3583 1159 3687 1233 γαρ
3755 1160 3786 1213 6

2404 1243 2607 1320 ὕϐρεως
2663 1245 2793 1320 ἔργα
2849 1246 3095 1319 πράττων
3158 1247 3245 1323 ἀφ’
3302 1246 3491 1300 ἑαυτοῦ
3550 1243 3666 1322 ἔχει
3723 1249 3789 1302 τὸ

2138 1156 2489 1230 δὶνέπίψογον
2567 1158 2846 1230 γινώσκων
2923 1157 2998 1217 εἷς
3069 1157 3251 1211 ἔαυτόν
3291 1179 3302 1190 ·

2134 1268 2200 1299 τα
2248 1268 2345 1314 της

2138 1334 2355 1407 ἄτιμον,
2389 1335 2561 1396 οὕτως
2594 1336 2621 1388 6
2669 1335 2734 1388 τά
2783 1334 3002 1389 ἐπαίνου
3054 1333 3171 1404 ἄξια
3219 1339 3390 1388 ποιῶν
3427 1333 3637 1398 οἴκοθέν
3671 1336 3792 1390 ἐστι

2135 1425 2466 1496 τιμιώτατος
2502 1470 2514 1494 ,
2570 1423 2666 1477 κᾶν
2722 1425 2906 1499 μυρίοι
2972 1424 3210 1496 ματαίως
3286 1419 3603 1498 ἐξυϐρίζωσι
3667 1427 3791 1480 κατ’

2136 1513 2319 1567 αὐτοῦ.
2377 1513 2439 1566 Εἰ
2504 1514 2598 1585 μὲν
2652 1514 2713 1566 τὸ
2771 1511 2924 1588 ἔργον
2979 1514 3368 1588 καταγνώσεως
3418 1511 3556 1568 ἐστιν
3613 1515 3788 1586 ἄξιον,

2135 1601 2494 1673 ἐπιμελητέον
2568 1602 2709 1675 πάσῃ
2794 1600 3002 1675 σπουδῇ
3088 1600 3478 1676 διορθώσασθαι
3563 1608 3725 1658 τοῦτο
3771 1623 3787 1636 ·

2135 1688 2332 1760 πολλῷ
2365 1688 2576 1761 μᾶλλον
2632 1693 2757 1766 παρ’
2789 1692 2817 1744 ὃ
2851 1691 3160 1765 Αἰγύπτιοι,
3211 1693 3326 1745 καθ’
3357 1690 3450 1752 οὕς
3494 1691 3641 1766 εἶχον
3676 1692 3790 1747 ἀπὸ

2135 1779 2417 1847 συνηθείας
2490 1785 2664 1832 ποιεῖν
2737 1779 3046 1855 καθαρμοὺς
3105 1785 3210 1833 τῶν
3268 1783 3460 1854 ψυχῶν
3737 1781 3790 1836 εἰ

2135 1865 2180 1921 δ’
2213 1868 2324 1938 οὖν,
2372 1866 2495 1922 ἀλλ’
2528 1870 2554 1922 6
2605 1867 2861 1945 φλυαρων
2908 1869 2982 1930 ὡς
3039 1869 3365 1941 μαινόμενος
3413 1868 3560 1938 ἄξιος
3609 1889 3789 1944 παρα-

2135 1952 2447 2018 ϐλέπεσθαι·
2496 1956 2699 2031 ἀρχαία
2744 1957 2833 2011 καὶ
2881 1960 3141 2034 νουνεχῆς
3193 1957 3303 2012 ἐστι
3350 1962 3509 2011 τνῦτο
3553 1961 3786 2030 νομοθε-

2136 2047 2238 2099 σῖα·
2293 2043 2444 2099 οὐδὲν
2491 2048 2590 2120 γὰρ
2636 2044 2886 2120 βλάψειεν
2938 2048 2964 2100 ὁ
3009 2046 3059 2100 έν
3105 2041 3431 2119 παραϐύστῳ
3479 2047 3568 2102 καὶ
3615 2048 3791 2123 γωνίᾳ

2137 2129 2373 2208 ὑϐρίζων
2447 2134 2538 2186 τὸν
2616 2134 2720 2187 ὑπὸ
2778 2134 2991 2188 πάντων
3036 2135 3110 2195 ὡς
3189 2135 3276 2211 ἀφ’
3338 2134 3453 2196 ἐνὸς
3509 2135 3786 2208 στόματος

2137 2221 2149 2234 «ι
2210 2191 2217 2208 ⁸
2282 2191 2295 2200 ν
3097 2191 3107 2195 1
3236 2193 3245 2211 ⁸
3441 2191 3451 2196 ⁷
3613 2191 3621 2208 ⁵
3769 2191 3785 2198 ’

2134 2223 2536 2293 επαινούμενον.
2572 2223 2633 2276 Εἰ
2667 2220 2713 2276 6'
2758 2220 2888 2285 ἴσως
2934 2223 3023 2276 καὶ
3075 2221 3221 2291 λύπη
3273 2245 3355 2285 τις
3402 2225 3502 2292 τὴν
3549 2226 3654 2279 ἀπὸ
3685 2230 3790 2279 τοῦ

2134 2307 2447 2385 ὑϐρίζοντος
2497 2309 2774 2386 λοιδορίαν
2832 2311 3083 2385 ἐγέννησε
3117 2359 3130 2381 ,
3207 2312 3350 2384 ἄξιον
3405 2311 3629 2386 ἐκκόψαι
3683 2317 3794 2382 τήν

2132 2401 2300 2475 ῥίζαν.
2359 2401 2446 2454 καὶ
2497 2407 2600 2454 πᾶς
2648 2422 2729 2460 τις
2779 2401 2834 2454 ἂν
2890 2399 2992 2455 ἴδοι
3053 2401 3264 2476 ταχέως
3319 2404 3790 2476 συναπομαραινό-

2132 2489 2401 2560 μενονκαῖ
2440 2489 2502 2542 τὸ
2540 2486 2850 2562 βλάστημα.
2895 2493 3121 2561 Ὅμοιον
3171 2492 3272 2565 γαρ
3323 2491 3409 2544 καὶ
3443 2491 3470 2544 6
3527 2491 3789 2566 βασιλεὺς

2129 2577 2350 2649 ἐποίησε
2407 2576 2705 2640 Φίλιππος·
2759 2577 2872 2632 ἐπεὶ
2933 2581 3034 2654 γὰρ
3093 2580 3121 2633 6
3171 2580 3491 2654 Παρμενίων
3539 2584 3786 2656 κατήγο-

2129 2687 2220 2742 ρος
2252 2665 2452 2742 ἐγένετο
2501 2667 2635 2740 πρὸς
2683 2667 2840 2720 αὑτὸν
2892 2667 2966 2728 ὡς
3016 2667 3043 2720 6
3075 2669 3325 2743 Νικάνωρ
3377 2663 3618 2744 ἐξύϐρισε
3662 2672 3788 2724 κατ’

2126 2757 2310 2828 αὐτοῦ,
2345 2751 2582 2832 ἀκριϐῶς
2617 2757 2644 2809 ὁ
2675 2755 2954 2817 Φίλιππος
3007 2755 3396 2834 ἀνεψηλάφησε
3435 2759 3532 2826 τὴν
3580 2759 3780 2814 αἰτίαν·

2124 2845 2213 2900 καὶ
2243 2847 2340 2913 τὴν
2388 2850 2486 2900 τοῦ
2543 2844 2854 2921 Νικάνωρπ
2895 2845 3000 2899 ἀπὸ
3060 2844 3229 2918 λιμοῦ
3277 2843 3479 2901 ἔνδειαν
3524 2848 3613 2902 καὶ
3661 2851 3782 2904 στέ-

2126 2955 2280 3010 ρησιν
2341 2934 2614 3007 εὑρηκὼς,
2673 2930 2900 3007 εὔπορον
2960 2934 3046 2988 καὶ
3103 2933 3366 2990 πλούσιον
3423 2935 3516 2990 τὸν
3577 2934 3787 3010 δυσφη-

2129 3028 2331 3095 μοῦντα
2387 3020 2655 3093 ἀπέδειξεν
2687 3066 2700 3078 .
2755 3023 2812 3075 Ὀ
2864 3020 2921 3076 δὲ
2992 3019 3173 3078 ἔκτοτε
3231 3023 3330 3078 οὑκ
3400 3023 3624 3080 ἐπαύετο
3684 2995 3779 3082 "rev

2125 3113 2406 3188 εὐεργέτην
2478 3111 2859 3184 ἀποσεμνύνων
2929 3112 3019 3166 καὶ
3101 3111 3388 3181 ἐκθειάζων
3446 3133 3459 3146 ·
3539 3115 3786 3187 μαθόντα

2125 3199 2181 3256 δὲ
2234 3206 2398 3255 τοῦτο
2451 3202 2540 3255 τὸν
2607 3198 2851 3274 βασιλέα,
2913 3203 3123 3277 κήρυκα
3180 3200 3390 3275 πέμψαι
3444 3202 3533 3256 καὶ
3579 3201 3784 3277 διαφη-

2128 3289 2277 3363 μίσαι
2308 3290 2397 3344 καὶ
2431 3288 2600 3359 δῆλον
2653 3297 2878 3359 ποιῆσαι
2919 3290 3056 3366 πρὸς
3105 3292 3340 3352 ἅπαντας
3388 3290 3516 3354 τοὺς
3565 3269 3786 3350 1316:16-

368 3367 554 3460 bimet
582 3405 846 3457 auctores
878 3394 1021 3449 ﬁeri.
1067 3391 1333 3461 Namque
1388 3385 1728 3440 Nicanorem
1761 3397 2010 3454 egenum

2129 3382 2234 3450 τὸν,
2294 3380 2378 3433 ’ὁτι
2435 3379 2486 3433 οἱ
2537 3375 2799 3454 ἄρχοντές
2854 3378 2984 3434 εἰσιν
3044 3376 3208 3433 αἷίτιοι
3264 3380 3474 3441 ἑαυτοῖς
3521 3381 3612 3435 καὶ
3667 3387 3781 3438 τῶν

371 3498 546 3566 atque
577 3487 908 3546 famelicum
941 3479 1238 3537 beneficiis
1282 3474 1592 3532 cumulans
1638 3489 1707 3528 ex
1735 3471 2017 3526 obtrecta-

372 3560 496 3639 tore
519 3574 1014 3638 ferventissimum
1035 3569 1397 3625 laudatorem
1420 3563 1511 3618 sui
1543 3563 1832 3617 effecerat.
1854 3560 2014 3624 Quod

375 3672 422 3728 si
457 3672 601 3725 forte
632 3664 965 3738 improbum
1023 3657 1244 3729 aliquid
1303 3655 1374 3710 ad
1416 3652 1570 3737 regis
1628 3666 1798 3705 aures
1846 3649 2016 3704 deve-

376 3762 519 3827 niat,
578 3775 684 3830 par
717 3734 827 3810 iest
883 3753 953 3808 de
1011 3747 1110 3804 illo
1165 3734 1592 3815 diligentiorem
1641 3737 2019 3810 quaestionem

375 3827 642 3915 institui;
701 3859 876 3914 reque
935 3839 1249 3910 comperta,
1331 3834 1666 3904 peccantem
1735 3827 2021 3899 corrigere

375 3941 602 4012 oportet
628 3952 743 3991 non
774 3931 1172 3994 inclementer,
1205 3927 1269 3978 ut
1298 3937 1369 3978 ne
1402 3935 1573 3992 pcnna
1620 3917 1894 3971 meritum
1923 3932 2018 3972 ex-

375 4003 560 4085 cedat.
594 4026 655 4080 Id
711 4022 866 4079 enim
923 4017 1010 4074 vel
1060 4013 1311 4070 maxime
1365 4025 1560 4081 regem
1616 4007 1797 4062 decet.
1850 4003 2019 4059 Multi

375 4117 531 4174 enim
552 4112 830 4186 injuriam
862 4107 1164 4182 patiuntur
1184 4102 1256 4157 ab
1288 4096 1688 4156 accusantium
1713 4093 2018 4150 fraudibus

374 4213 433 4264 et
461 4183 830 4265 commentis,
861 4199 1004 4254 dum
1063 4189 1502 4248 mendaciorum
1559 4186 1797 4240 obtentu
1835 4183 2019 4253 judex

374 4288 908 4368 decipiturzveluti
959 4285 998 4339 ii
1047 4282 1146 4355 qui
1198 4294 1386 4350 neque
1442 4273 1796 4346 explorando
1829 4288 2018 4343 neque

372 4361 529 4459 lydio
562 4381 754 4454 lapide
800 4377 1052 4434 colorem
1095 4386 1270 4459 aaneor
1302 4365 1538 4422 metallo
1587 4364 1876 4431 deterunt,
1912 4361 2013 4417 fal-

370 4451 576 4530 luntur
605 4451 756 4543 saepe
799 4471 974 4538 atque
1028 4458 1419 4517 adulterinam
1479 4452 1784 4509 materiam
1829 4451 2016 4506 instar

371 4564 496 4621 auri
528 4541 834 4634 reputant:
872 4549 1136 4610 nonnulli
1166 4549 1342 4604 etiam
1396 4542 1748 4599 vilissimum
1797 4541 2012 4595 vitrum

371 4628 614 4727 gemmae
672 4647 867 4704 nitidae
925 4640 1308 4715 pretiosaeque
1383 4633 1508 4688 loco
1576 4630 1812 4696 habent,
1873 4628 2014 4700 quia

2126 3468 2353 3523 ἐπαίνων
2402 3467 2490 3522 καὶ
2521 3471 2627 3521 τῶν
2675 3464 2967 3542 λοιδοριῶν
3018 3470 3150 3541 (57)·
3204 3469 3496 3540 εὐποιήσας
3545 3471 3650 3546 γὰρ
3690 3473 3786 3527 τὸν

2126 3558 2432 3633 Νικάνωρα,
2495 3553 2688 3618 ἐνδεῶς
2745 3552 2963 3631 ἔχοντα,
3022 3556 3097 3618 ὠς
3155 3555 3386 3632 εἷ’ρηται,
3429 3557 3519 3612 καὶ
3567 3558 3786 3632 λιμώτ-

2125 3667 2286 3700 τοντα
2317 3691 2332 3717 ,
2390 3645 2479 3699 καὶ
2547 3642 2637 3699 διὰ
2701 3650 2860 3700 τοῦτο
2937 3643 3323 3723 δυσφημοῢντα
3368 3691 3383 3718 ,
3446 3648 3786 3724 θερμότατον

2130 3735 2412 3804 ἐπαινέτην
2461 3735 2595 3806 μετά
2634 3738 2795 3789 τοῦτο
2853 3734 3148 3804 πεποίηκεν
3212 3737 3422 3793 ἑαυτοῦ.
3454 3737 3518 3791 Εἰ
3565 3735 3612 3791 δ’
3643 3736 3783 3803 ἴσως

2129 3823 2366 3899 πονηρόν
2430 3822 2538 3877 ἐστι
2592 3823 2653 3877 τὸ
2708 3821 3193 3899 διαγγελλόμενον,
3253 3825 3401 3895 ἀξιον
3465 3823 3784 3901 ἐξακριϐοῦ-

2130 3915 2248 3967 σθαι
2315 3912 2404 3966 καὶ
2481 3910 2749 3988 διερευνᾷν
2829 3911 2958 3967 αὐτὸ
3034 3911 3271 3986 μάλιστα
3320 3933 3333 3946 ·
3395 3913 3483 3969 καὶ
3542 3922 3786 3994 φανεροῦ

2126 4007 2223 4056 τοῦ
2277 4002 2638 4074 τολμήματος
2676 3993 3003 4075 γινομένου(
3037 4003 3385 4081 σωφρονίζειν
3447 4005 3583 4077 μετά
3638 4025 3793 4081 χρη-

2128 4091 2389 4159 στότητος
2427 4090 2514 4144 καὶ
2548 4089 2646 4144 οὐκ
2676 4085 2776 4162 ἔξω
2799 4095 2898 4144 τοῦ
2946 4090 3245 4166 πρέποντος
3277 4091 3408 4167 ὅρου
3451 4092 3541 4148 τὸν
3593 4093 3793 4168 πλημ-

2130 4178 2443 4251 μελήσαντα
2475 4200 2488 4213 ·
2548 4179 2664 4233 ἐπεὶ
2719 4183 2881 4234 τοῦτο
2949 4179 3155 4253 κόσμος
3229 4181 3338 4236 ἐστῖ
3414 4178 3790 4260 διαφερόντως

2124 4269 2342 4344 πρέπων
2397 4272 2476 4340 τῷ
2537 4265 2794 4343 βασιλεῖ.
2855 4266 3068 4324 Πολλοὶ
3125 4267 3184 4324 δὲ
3239 4269 3562 4326 πεπόνθασιν
3618 4269 3786 4329 ἄδικα

2123 4358 2269 4434 παρᾶ
2297 4361 2402 4411 τῶν
2437 4352 2861 4411 ὑποϐαλλόντων
2909 4355 3255 4435 ῥᾳδιουργίας
3284 4359 3374 4414 καὶ
3423 4357 3783 4434 δυλιότητας,

2120 4451 2189 4521 τῇ
2218 4451 2314 4501 τοῦ
2351 4443 2581 4520 ψεύδους
2634 4445 2953 4521 ἐπικαλύψει
3001 4447 3361 4522 ἀπατωμένου
3407 4453 3505 4504 τοῦ
3557 4451 3781 4525 κρίνον-

2118 4556 2234 4599 τος·
2265 4537 2444 4609 ὥσπερ
2475 4537 2528 4590 οἳ
2561 4537 2636 4609 μὴ
2685 4539 2753 4610 τῇ
2808 4537 3021 4611 βασάνῳ
3057 4538 3148 4592 καὶ
3198 4542 3267 4612 τῇ
3318 4535 3480 4611 λυδίᾳ
3525 4538 3663 4610 λίθῳ
3705 4541 3782 4595 τὰ

2123 4626 2226 4680 ὑπὸ
2281 4632 2380 4694 τῆς
2425 4629 2522 4679 τοῦ
2571 4623 2786 4700 χαλκοῦ
2847 4627 3022 4704 βαφῆς
3072 4622 3498 4703 παρατρίϐοντες
3537 4649 3782 4684 κατασο-

371 4713 609 4813 spurius
640 4735 905 4793 videlicet
927 4713 1300 4797 ‘fucatusque
1357 4721 1514 4778 color
1554 4719 1744 4774 visum
1775 4722 2008 4789 pertur-

2129 4714 2364 4813 ρίζονται
2398 4713 2708 4813 πολλάκις,.
2739 4713 2829 4768 καὶ
2877 4716 2976 4784 τὴν
3025 4717 3416 4790 νενοθευμένην
3463 4716 3603 4788 ὕλην
3645 4739 3784 4796 φαν-

369 4804 487 4897 bat,
518 4827 605 4884 vel
652 4826 1020 4896 inexpertum
1070 4818 1316 4871 fortasse
1370 4809 1458 4865 vel
1513 4807 1876 4862 incuriosum
1919 4804 2010 4860 vel

368 4892 544 4973 etiam
600 4892 939 4970 inﬁrmitate
997 4905 1194 4976 aliqua
1271 4901 1653 4957 laborantem.
1733 4892 2015 4950 Similiter

369 5006 739 5062 mendacium
799 5000 996 5056 dolose
1051 4995 1364 5065 objectum,
1441 4986 1743 5059 perturbat
1791 4982 2012 5054 judicis

369 5099 646 5164 mentem,
678 5091 764 5147 vel
796 5089 932 5162 quia
977 5087 1026 5141 is
1073 5081 1384 5154 imperitus
1438 5081 1546 5142 est,
1606 5073 1694 5129 vel
1746 5073 1884 5144 quia
1915 5088 2010 5126 so-

365 5161 638 5240 corditer'
671 5161 1110 5251 vestigationem
1159 5169 1394 5234 omittit,
1451 5165 1538 5220 vel
1571 5163 1710 5235 quia
1759 5161 2011 5232 denique

368 5275 452 5328 ira
480 5274 810 5329 commotus
840 5271 930 5321 est
975 5265 1046 5319 ob
1097 5258 1273 5316 delati
1331 5254 1594 5312 criminis
1623 5251 2006 5307 atrocitatem.

363 5363 526 5428 Quod
559 5362 607 5417 si
630 5358 749 5427 ille,
784 5354 885 5428 qui
917 5370 1050 5408 reus
1080 5347 1395 5422 peragitur,
1441 5342 1671 5415 jamdiu
1700 5344 2008 5411 suspectus

435 5524 548 5592 (56)
578 5521 731 5592 Num
763 5511 1208 5592 intelligendum
1241 5512 1331 5589 est
1359 5505 1690 5592 animarum
1718 5499 2006 5592 judicium

361 5573 545 5668 qu‘od’
577 5573 746 5647 nobis
806 5573 1027 5659 passivm
1084 5580 1284 5664 papyri
1359 5573 1679 5633 exhibent?
1737 5574 2009 5698 iCorpora

361 5669 598 5698 ,ηιιιιητη
646 5659 931 5698 λιπηυηιίηςι
991 5655 1312 5698 αφηίςςιπηθ
1369 5662 1616 5698 nni-gare
1671 5661 1734 5698 so
1764 5645 1896 5698 itos.
1928 5642 2008 5696 ait

404 5642 931 5736 utderrivzi—Eg—ypftios
991 5642 1312 5736 sapissime
1369 5662 1616 5736 purgare
1671 5642 2008 5736 so‘litos’uait

404 5685 602 5723 umem
633 5685 931 5735 mgypuun
991 5685 1312 5736 δωῌιῠδιωῠ
1370 5685 1616 5730 γυιοδαιυ
1671 5685 1896 5713 υνιιννυ,
1928 5685 2008 5696 ι...

358 5685 647 5797 %iodorus
679 5753 718 5803 ι,
749 5733 830 5805 8.)
861 5731 970 5805 De_
998 5741 1213 5805 animae
1247 5718 1702 5805 purgationibus
1723 5715 2008 5805 legendus

356 5785 829 5890 gst'ISo-r‘phvriu—s'
859 5785 918 5859 in
940 5785 1270 5867 Sententiis;
1303 5785 1431 5851 tuin
1463 5790 1639 5848 etiam
1668 5787 1729 5843 in
1761 5785 2008 5861 epistola

2119 4806 2365 4873 τάξονται
2415 4803 2490 4865 ὡς
2538 4802 2760 4878 χρυσόν·
2813 4805 2956 4867 τινες
3013 4802 3069 4860 δὲ
3126 4807 3214 4860 καὶ
3273 4803 3574 4880 οὐδαμινὴν
3609 4807 3778 4862 ὖελον

2123 4887 2569 4965 ὑπολαμϐάνουσι
2602 4891 2756 4956 λίθον
2799 4893 2984 4965 τιμίαν
3029 4894 3116 4948 καὶ
3158 4896 3416 4971 καθαράν,
3463 4900 3562 4950 τοῦ
3611 4896 3778 4952 νόθου

2120 4981 2208 5036 καὶ
2269 4981 2586 5058 έξωτερικοῦ
2652 4982 2950 5056 χρώματος
3025 4985 3122 5052 τὴν
3183 4985 3381 5060 ὁρατὴν
3438 4985 3776 5060 συγχέοντος

2122 5069 2367 5144 δύναμιν,
2429 5071 2464 5139 ἢ
2521 5071 2595 5144 μὴ
2654 5071 3071 5147 πεπειραμένην,
3130 5073 3165 5141 ἢ
3222 5073 3296 5146 μὴ
3340 5075 3783 5149 περιεργασαμέ-

2118 5159 2300 5231 νην,ἢ
2344 5159 2432 5213 καὶ
2483 5160 2854 5235 ἀσθενεστέραν
2907 5159 3037 5223 ἴσως
3089 5161 3191 5215 ὑπό
3236 5183 3384 5224 τινος
3427 5161 3634 5226 πάθους
3688 5185 3784 5239 γε·

2119 5249 2422 5324 γενημὲνην
2484 5267 2496 5278 ·
2556 5247 2698 5302 οὕτω
2769 5245 2836 5316 δὴ
2910 5250 2998 5303 καὶ
3074 5246 3268 5322 ψεῦδος
3349 5253 3775 5307 κατασκευασθὲν

2123 5339 2256 5410 μετά
2289 5338 2564 5412 μηχανῆς,
2609 5336 2830 5411 συγχέει
2883 5339 2972 5391 τὸν
3009 5337 3294 5414 λογισμὸν,
3333 5340 3368 5408 ἢ
3398 5337 3467 5394 δι’
3497 5339 3773 5416 ἀπειρίαν,

2117 5500 2190 5555 ad
2217 5497 2548 5554 Marcellam
2581 5515 2615 5553 a
2645 5513 2736 5554 me
2765 5499 3076 5556 Mediolani
3105 5501 3282 5557 edita.

2186 5572 2299 5652 (57)
2327 5571 2474 5652 Ιέρεθ
2503 5569 2882 5652 Plutarchum
2937 5573 3201 5652 Apophth.
3261 5573 3584 5652 εει-Βεὼρ
3619 5575 3776 5652 tom.

2115 5643 2214 5724 Y1,
2245 5660 2300 5714 p.
2334 5643 2594 5724 776,nqui
2647 5645 2842 5724 tamen
2900 5649 3299 5701 accusatorem
3357 5645 3497 5702 dicit
3543 5644 3771 5720 Smicy-

2115 5713 2294 5786 thum,
2325 5729 2440 5770 non
2451 5713 2898 5773 Parmenionem.
