4096 6416
337 405 454 471 657

1190 407 1296 471 DE
1339 406 1571 471 REGIS
1617 404 1970 469 OFFlGlIS.
2002 440 2081 453 —
2107 405 2418 469 TEXTUS
2467 406 2891 471 GENUINUS.

3630 403 3748 464 658

334 538 373 608 ἢ
433 536 503 594 δι’
564 535 824 612 ἀμέλειαν
906 539 1009 608 τήν
1092 534 1289 615 ἀκριϐῆ
1380 538 1613 610 ἐξέτασιν
1699 537 1979 613 παραιτού-

2108 540 2306 611 fuerit,
2339 545 2514 612 atque
2562 539 2707 597 alias
2754 540 2928 597 etiam
2979 540 3051 597 de
3097 556 3158 596 re
3208 540 3389 597 simili
3419 544 3751 609 accusatus,

341 648 521 701 μενον,
554 628 591 697 ἢ
618 629 1012 705 τεταραγμένον
1046 629 1148 683 ὑπὸ
1179 630 1355 701 θυμοῦ
1385 627 1475 682 καὶ
1522 626 1695 703 ὀργῆς
1753 624 1842 681 διὰ
1894 625 1988 700 μέ-

335 737 544 793 γιστον,
590 712 871 791 ἔγκλημα.
923 716 991 772 Ei’
1036 715 1094 772 δὲ
1135 717 1199 772 τὸ
1233 716 1705 793 κατηγορούμενόν
1749 716 1890 771 ἐστιν
1938 713 1990 768 έν

337 805 545 880 ὑποψίᾳ
573 803 664 861 xui
690 804 892 862 ἄλλοτέ
919 827 1052 862 ποτε
1078 807 1140 861 τὸ
1169 811 1416 861 τοιοῦτον
1447 805 1740 882 πρόσωπον
1767 804 1854 859 ἐπὶ
1874 808 1991 866 τοῖς

335 894 559 968 ὁμοίοις
614 892 811 973 ἔφθασε
864 898 1337 972 κατηγορηθῆναι,
1389 893 1425 964 ἢ
1476 894 1567 950 καὶ
1617 896 1645 949 ὁ
1685 896 1991 969 κατήγορος

333 984 547 1046 εὐνοίας
592 985 681 1040 xui
740 982 1001 1056 ἀληθείας
1064 985 1320 1055 κέκτηται
1370 981 1550 1057 δόξαν,
1602 982 1776 1045 πολύς
1850 981 1989 1036 ἐστιν

332 1073 573 1129 ἐντεῦθεν
626 1075 655 1129 6
711 1072 979 1137 κίνδυνος.
1032 1073 1207 1131 Ἀλλά
1277 1074 1484 1129 τούτων
1542 1071 1788 1128 ἁπάντων
1849 1072 1992 1144 ὁμοῦ

330 1161 701 1227 συνελθόντων
755 1164 845 1218 xui
909 1164 984 1237 μὴ
1047 1160 1382 1234 δυνηθέντων
1435 1159 1839 1239 παρασαλεῦσαι
1888 1165 1988 1229 τῆς

2099 628 2190 686 vel
2220 629 2269 685 si
2304 634 2611 685 accusator
2639 630 2944 687 benivolus
2974 647 3264 702 veraxque
3303 629 3579 701 creditur,
3609 634 3752 685 tunc

2102 734 2243 773 sane
2292 719 2596 791 negotium
2646 719 3033 792 periculosius
3082 723 3189 775 est.
3241 718 3658 775 Nihilomunus
3699 718 3749 775 si

2101 805 2312 863 borum
2345 808 2613 864 omnium
2661 825 2948 865 concursu
2991 809 3174 879 judex
3204 826 3238 864 a
3279 809 3568 865 sententia
3595 812 3751 866 recta

2100 896 2353 952 inflexus
2382 913 2499 952 non
2549 898 2743 970 fuerit,
2796 902 2938 953 tunc
2993 898 3285 954 enimvero
3330 897 3521 969 palam
3552 898 3652 953 ﬁet
3680 914 3747 953 ac

2103 984 2494 1040 celebrabitur
2522 988 2737 1042 mentis
2758 987 2887 1057 ejus
2908 986 3197 1059 sapientia
3222 990 3396 1058 atque
3417 987 3747 1044 constantia

2102 1071 2356 1128 summis
2379 1072 2597 1129 viribus
2619 1074 2787 1142 fulta,
2810 1073 3188 1145 veritatisque
3211 1073 3473 1129 studium
3499 1088 3743 1145 genero-

2100 1178 2234 1216 sum
2264 1166 2321 1218 et
2348 1161 2469 1218 viro
2499 1162 2765 1233 dignum.

331 1250 502 1328 ὀρθῆς
560 1251 787 1328 κρίσεως
825 1252 917 1307 τὸν
966 1254 1177 1330 κριτὴν,
1222 1253 1357 1308 κατά
1400 1256 1591 1307 τοῦτον
1640 1252 1731 1306 τὸν
1785 1248 1986 1325 τρόπον
2036 1247 2240 1323 γίνεται
2285 1249 2507 1327 φανερὸν
2557 1251 2646 1304 καὶ
2697 1250 3021 1324 θαυμάζεται
3066 1257 3167 1320 τῆς
3206 1249 3401 1305 τούτου
3432 1254 3745 1328 φρονήσεως

325 1341 391 1396 τὸ
423 1341 640 1417 στερεὸν
663 1341 753 1395 καὶ
787 1338 999 1416 ἑδραῖον
1026 1340 1117 1396 καὶ
1138 1340 1613 1418 κατωχυρωμένον
1639 1339 1729 1394 καὶ
1765 1334 2001 1415 βεϐηκὸς
2029 1338 2118 1391 xui
2149 1339 2284 1393 κατὰ
2313 1338 2569 1409 ἀλήθειαν
2600 1337 2843 1414 ἀνδρικὸν
2875 1340 2963 1394 καὶ
2994 1345 3260 1414 γενναῖον.

403 1426 489 1486 ιδ’.
519 1433 696 1483 Ταῦτα
753 1429 781 1484 6
839 1430 974 1503 μετά
1026 1428 1244 1499 πολλῆς
1304 1429 1516 1492 εὐνοίας
1575 1428 1988 1502 συντεθειμένος

327 1518 458 1593 παρ’
498 1516 635 1592 ἐμοῦ
690 1516 853 1594 λόγος
901 1518 1061 1581 οὗτος
1108 1520 1137 1573 ὁ
1181 1519 1462 1594 πενιχρὸς,
1496 1516 1678 1594 ὥσπερ
1737 1514 1878 1572 ἄλλο
1933 1538 1986 1571 τι

329 1606 520 1682 χρέος,
595 1607 890 1685 προσφέρει
970 1612 1049 1680 τῷ
1137 1607 1390 1684 βασιλεῖ·
1476 1607 1656 1661 πίστιν
1746 1606 1984 1661 ἐντεῦθεν

330 1692 517 1758 διδοὺς
572 1696 663 1751 καὶ
719 1694 1102 1775 πληροφορίαν
1161 1703 1261 1766 τῆς
1315 1694 1584 1772 ἡμετέρας
1659 1696 1987 1775 ἀκραιφνοῦς

325 1785 419 1838 καὶ
490 1790 730 1862 καθαρᾶς
808 1787 943 1859 μετά
1015 1787 1384 1863 προαιρέσεως
1460 1783 1710 1847 δουλείας
1765 1807 1825 1841 τε
1893 1785 1984 1840 xui

330 1874 648 1949 ὑποταγῆς·
698 1875 788 1929 καὶ
840 1876 868 1929 ὁ
925 1874 1181 1951 βασιλεὺς
1237 1872 1414 1945 ἡδέως
1480 1874 1571 1929 xui
1638 1872 1845 1951 ἱλαρῶς
1893 1873 1983 1928 καὶ

328 1962 573 2036 εὐμενῶς
629 1962 788 2019 αὐτὸν
846 1961 1300 2040 προσδεξάμενος,
1331 1965 1400 2019 τά
1453 1963 1732 2041 κρείττονα
1790 1961 1849 2018 δὲ
1892 1962 1981 2018 καὶ

2169 1429 2312 1484 XIV.
2350 1429 2653 1486 Conclusio.
2679 1432 2838 1486 Hanc
2859 1447 2964 1503 ego
2981 1430 3398 1503 pauperculam
3422 1431 3743 1487 orationem
3848 1440 3853 1445 '

2096 1535 2232 1574 cum
2263 1518 2452 1575 multa
2483 1520 2667 1575 animi
2695 1520 3095 1577 benivolenria
3121 1520 3531 1592 compositam,
3558 1521 3746 1577 instar

2089 1604 2275 1663 ’debiti
2304 1608 2533 1675 tributi,
2585 1609 2706 1681 regi
2762 1609 2960 1676 oﬁ'ero,
3018 1613 3086 1664 ut
3136 1609 3305 1664 ﬁdele
3335 1610 3742 1666 testimonium

2093 1695 2173 1752 sit
2203 1696 2411 1752 sinceae
2442 1714 2581 1753 meae
2608 1714 2885 1771 puraeque
2931 1698 3159 1755 volente
3190 1699 3387 1754 animo
3416 1697 3741 1755 devotionis

2094 1802 2161 1840 ac
2192 1786 2514 1842 servitutis.
2576 1789 2761 1853 Quam
2810 1788 2909 1843 ubi
2968 1804 3067 1843 rex
3110 1787 3359 1843 libenter
3413 1786 3544 1844 laeto
3572 1787 3735 1844 vultu

2092 1874 2480 1947 benivoloque
2538 1876 2735 1932 animo
2794 1877 3104 1949 exceperit,
3150 1880 3278 1933 tum
3337 1876 3453 1933 alia
3501 1876 3742 1934 meliora

2092 1969 2149 2020 et
2176 1964 2347 2037 plura
2376 1965 2451 2020 ab
2479 1965 2898 2022 eruditioribus
2919 1966 3514 2038 prudentioribusque
3535 1967 3737 2038 exqui-

324 2050 555 2107 πλείονα
610 2054 757 2130 παρά
809 2057 916 2109 τῶν
995 2051 1453 2130 έλλογιμωτέρων
1511 2054 1604 2109 καὶ
1661 2051 1979 2131 σοφωτέρων

2092 2054 2328 2122 siverit;
2375 2053 2562 2111 facere
2611 2072 2727 2111 non
2785 2056 3022 2128 poterit,
3080 2056 3219 2128 quid
3269 2073 3338 2112 ea
3382 2060 3628 2128 reponat
3673 2056 3733 2111 in

325 2140 655 2212 ἀπαιτήσας,
717 2139 921 2197 δίκαιον
985 2141 1347 2214 ἀπαραίτητον
1408 2138 1524 2217 ἔχει
1592 2140 1819 2196 ἐνθεῖναι
1886 2141 1975 2195 καὶ

327 2226 561 2307 φυλάξαι
591 2229 726 2285 αὐτά
754 2230 806 2285 έν
836 2236 917 2303 τῷ
954 2231 1166 2304 ταμείῳ
1214 2238 1314 2300 νῆς
1356 2234 1564 2306 ψυχῆς,
1591 2230 1681 2285 καὶ
1730 2229 1977 2306 κατέχειν

322 2318 418 2374 καὶ
498 2326 778 2396 συντηρεῖν
856 2318 1029 2375 ἄσυλα
1106 2321 1196 2375 καὶ
1270 2319 1653 2394 ἀμετακίνητα,
1723 2317 1978 2398 ἀσφαλῶς

322 2408 418 2463 καὶ
467 2407 648 2471 καλῶς
707 2407 1025 2485 συγκλείσας
1080 2410 1170 2464 καὶ
1228 2409 1603 2487 ἁρμοσάμενος
1656 2409 1752 2472 τὰς
1813 2409 1977 2485 θύρας

324 2495 522 2568 αὐτῆς,
553 2497 643 2551 καὶ
681 2495 955 2573 κλείθροις
1003 2498 1093 2553 xui
1145 2498 1381 2574 μοχλοῖς
1427 2499 1674 2576 ἰσχυροῖς
1728 2498 1977 2575 στηρίξας

330 2586 448 2659 μετ’
507 2585 823 2662 ἀσφαλείας,
880 2588 969 2642 xui
1052 2585 1294 2666 φύλακας
1350 2587 1708 2650 ἀνυστάκτους
1764 2609 1824 2642 τε
1884 2586 1974 2642 καὶ

331 2673 644 2750 ἀγρύπνους
732 2675 1025 2747 ἐπιστήσας
1104 2677 1326 2739 αὐτοῖς·
1397 2678 1487 2732 καὶ
1562 2677 1706 2732 οὕτω
1780 2675 1972 2732 λοιπὸν

324 2763 659 2841 θησαυρίσας
705 2763 943 2821 πλοῦτον
998 2764 1287 2842 βασιλικῆς
1339 2766 1762 2843 μεγαλειότητος
1805 2766 1972 2839 ἄξιον,

321 2853 415 2908 καὶ
493 2852 924 2931 μεγαλοπρεπῶς
987 2855 1079 2910 καὶ
1146 2855 1617 2932 αὐτοκρατορικῶς
1679 2855 1972 2912 ἀπολαύων

319 2941 510 3015 αὐτοῦ,
566 2941 774 3021 ὀφείλει
829 2940 1175 3016 μεταδιδόναι
1229 2943 1541 3021 φιλοτίμως
1590 2946 1681 3000 καὶ
1730 2943 1976 3020 δαψιλῶς

320 3037 456 3086 πᾶσι
501 3036 619 3093 τοῖς
681 3032 1046 3107 ἀρχομένοις⁸
1083 3031 1154 3088 ἵν’
1199 3033 1372 3097 οὕτως
1420 3033 1683 3105 αὐξάνωσι
1729 3034 1976 3091 τάηκαλά

318 3120 414 3175 xui
445 3119 852 3193 πληθύνωνται,
882 3122 971 3176 καὶ
1030 3121 1120 3200 ἀφ’
1145 3122 1327 3195 ἑτέρου
1376 3122 1451 3185 εἷς
1495 3120 1678 3200 ἕτερον
1730 3122 1976 3179 διαδόσι-

324 3229 404 3283 μα
452 3210 750 3285 γίνωνται’
808 3209 1021 3273 πάντως
1069 3210 1146 3274 εἷς
1192 3208 1537 3288 παράδειγμα
1601 3213 1690 3268 καὶ
1744 3213 1972 3290 ἀρχέτυ-

316 3319 425 3353 πον
489 3297 803 3373 βλεπόντων
873 3300 965 3354 τὸν
1047 3299 1272 3375 βασιλέα
1341 3300 1483 3356 οὕτω
1537 3303 1971 3376 κεκοσμημένον,

317 3387 413 3443 xui
471 3382 616 3465 ἔργῳ
687 3387 777 3443 xui
858 3386 1008 3464 λόγῳ
1081 3394 1429 3463 παριστῶντα
1499 3391 1590 3445 καὶ
1663 3388 1975 3446 δεικνύοντα

315 3477 511 3533 ἑαυτὸν
568 3478 862 3554 εὑράμενον
914 3478 1015 3547 τὴν
1085 3478 1375 3555 κρατίστην
1433 3478 1523 3534 καὶ
1599 3478 1971 3551 ἀληθεστάτην

312 3564 693 3641 εὐδαιμονίαν,
721 3565 814 3621 καὶ
867 3567 969 3636 τήν
1022 3565 1385 3641 ἀποκειμένην
1444 3568 1551 3623 ἀπὸ
1605 3568 1806 3638 ταύτης
1853 3569 1971 3623 ἀτε-

309 3654 584 3727 λεύτητον
614 3655 707 3711 καὶ
738 3654 956 3711 αἰωνίαν
993 3655 1390 3731 μακαριότητα.

889 4051 1945 4181 ΝΙΚΗΦΟΡΟΥ

2089 2143 2273 2199 animi
2305 2160 2442 2199 arca
2471 2148 2649 2216 atque
2679 2144 2994 2216 custodiat,
3042 2150 3216 2217 atque
3246 2146 3318 2201 ab
3350 2145 3507 2200 omni
3536 2145 3734 2217 direp-

2083 2232 2242 2287 tione
2280 2237 2569 2305 protegat,
2589 2233 2863 2290 claustris
2892 2236 3021 2305 ejus
3050 2233 3279 2307 egregie
3310 2235 3616 2303 obseratis,
3643 2250 3732 2290 se-

2084 2320 2168 2376 ris
2194 2321 2519 2394 validisque
2565 2322 2826 2378 vectibus
2858 2324 2928 2379 ad
2974 2322 3260 2379 cautelam
3300 2323 3601 2391 adhibitis,
3633 2324 3723 2378 vi-

2084 2410 2302 2482 gilibus
2333 2413 2584 2485 denique
2608 2414 2954 2469 custodibus
2976 2415 3143 2485 juxta
3173 2413 3610 2485 positis.Atque
3641 2414 3725 2469 ita

2084 2517 2257 2557 omne
2286 2519 2463 2575 opum
2495 2518 2679 2575 genus
2711 2502 2868 2577 regia
2892 2503 3298 2576 magnitudine
3317 2503 3561 2575 dignum
3593 2520 3725 2559 con—

2083 2607 2311 2662 gerens,
2346 2608 2529 2664 eoque
2560 2592 2861 2666 splendide
2892 2597 2951 2648 et
3002 2592 3273 2664 regaliter
3312 2596 3502 2665 utens,
3530 2596 3724 2664 partes

2084 2680 2214 2751 ejus
2244 2680 2566 2737 liberaliter
2596 2686 2770 2754 atque
2800 2681 3029 2753 copiose
3058 2681 3119 2736 in
3151 2682 3445 2753 subjectos
3476 2681 3724 2754 populos

2084 2767 2381 2837 effundet;
2417 2774 2482 2825 ut
2510 2770 2595 2826 sic
2643 2771 2799 2826 bona
2827 2786 3038 2842 magno
3083 2786 3329 2825 numero
3360 2771 3723 2842 proveniant,

2081 2857 2459 2929 vicissimque
2488 2863 2545 2915 et
2564 2876 2631 2915 ex
2661 2859 2865 2915 ordine
2887 2862 3319 2931 propagantur;
3349 2860 3492 2914 dum
3521 2876 3725 2915 omnes

2084 2946 2305 3002 scilicet
2334 2947 2405 3003 ad
2439 2948 2523 3003 sic
2551 2952 2895 3003 exornatum
2945 2963 3160 3020 regem,
3208 2952 3490 3020 tanquam
3533 2949 3607 3004 ad
3636 2965 3728 3005 ex-

2083 3034 2309 3108 emplar
2339 3036 2856 3109 archetypumque,
2891 3040 3256 3109 respectant;
3290 3038 3362 3092 ad
3382 3053 3597 3109 regem,
3631 3037 3725 3091 in-

2085 3126 2392 3197 quam,qui
2424 3126 2595 3182 iactis
2646 3127 2958 3198 verbisque
3005 3127 3385 3194 demonstret,
3428 3142 3725 3182 summam

2083 3231 2146 3271 se
2191 3214 2681 3286 verissimamque
2736 3219 2861 3270 tum
2912 3214 3217 3286 praesentis
3273 3214 3556 3287 temporis
3601 3215 3724 3270 feli-

2084 3302 2321 3359 citatem
2379 3320 2508 3359 esse
2564 3303 2883 3375 adeptum;
2943 3308 3070 3358 tum
3128 3302 3305 3358 etiam
3362 3302 3545 3374 illam,
3599 3320 3726 3375 quze

2084 3407 2192 3448 nos
2221 3391 2430 3447 deinde
2486 3396 2703 3463 manet,
2762 3407 3076 3464 perennem
3134 3390 3260 3448 sine
3318 3392 3433 3447 ﬁne
3474 3391 3726 3447 beatitu-

2084 3481 2282 3537 dinem
2295 3523 2307 3536 .

2079 4051 3165 4180 ΒΛΕΜΜΥΔΟΥ

1420 4287 1639 4337 ΛΟΓΟΣ
1679 4288 1765 4336 ΟΣ
1805 4284 2180 4341 ΕΙΙΕΣΤΑΛΗ
2217 4289 2302 4363 Τῼ
2340 4285 2619 4340 ΒΑΣΙΛΕΙ

1016 4458 1682 4557 ΒΑΣΙΛΙΚΟΣ
1763 4460 2312 4557 ΚΛΗΘΕΙΣ
2395 4442 3038 4556 ΑΝΔΡΙΑΣ”.

389 4765 454 4819 α’.
488 4764 675 4837 Νόμος
707 4764 945 4840 ἀρχῆθεν
977 4758 1294 4836 συμϐαίνων
1340 4767 1457 4825 τοῖς
1504 4762 1784 4839 πράγμασι
1841 4763 1970 4827 τοὺς
1999 4768 2048 4833 D
2086 4761 2505 4841 παρασκευάζειν
2595 4761 2851 4841 ἀσφαλῶς
2933 4770 3221 4832 κεκτῆσθαι
3304 4764 3372 4817 τά
3447 4760 3577 4837 ἴδια,
3650 4770 3730 4838 τῷ

318 4852 602 4923 ὑπηκόους
662 4851 925 4931 εἰσφέρειν
977 4856 1057 4925 τῷ
1140 4852 1393 4928 βασιλεῖ’
1452 4853 1542 4907 καὶ
1597 4858 1759 4908 τοῦτο
1805 4854 1980 4932 σφίσιν

316 4942 507 5005 αὐτοῖς
552 4942 623 4997 τὰ
673 4939 911 5016 μάλιστα
954 4940 1240 4998 συντελεῖο
1289 4941 1380 4996 xui
1431 4940 1493 4996 οὐ
1539 4943 1646 5015 μὴν
1679 4940 1865 5005 ἄλλως
1896 4941 1979 4998 έκ-

317 5029 573 5089 τελοῖντο
604 5030 673 5085 τὰ
701 5027 890 5086 δέοντα
913 5049 928 5063 ’
976 5034 1056 5102 τῷ
1097 5030 1192 5104 μὲν
1220 5030 1323 5107 γὰρ
1352 5033 1390 5100 ἡ
1417 5034 1526 5085 τῶν
1572 5029 1716 5085 ὅλων
1764 5031 1978 5104 ἐπιτρο-

321 5122 430 5194 πὴ,
461 5119 645 5193 τούτῳ
708 5116 776 5188 δὴ
833 5118 985 5189 καὶή
1017 5118 1285 5197 πρόνοια·
1342 5120 1435 5175 τὸν
1486 5117 1544 5175 δὲ
1594 5120 1787 5193 μηκέτι
1838 5118 1975 5176 ἴδιον

316 5207 547 5288 ἔχοντα,
579 5212 688 5264 τῶν
736 5205 991 5282 ἰδιωτῶν,
1024 5208 1242 5286 ἐπείπερ
1291 5208 1570 5286 ἐξῄρηται,
1601 5210 1780 5284 χρεὼν
1830 5206 1975 5287 ἔχειν

318 5300 382 5356 ἐκ
427 5302 540 5354 τῶν
591 5301 791 5352 κοινῶν
847 5296 980 5375 ὑπὲρ
1025 5302 1122 5353 τοῦ
1170 5303 1376 5371 κοινοῦ,
1408 5298 1499 5354 καὶ
1535 5298 1604 5352 τὰ
1653 5297 1864 5354 πάντων
1896 5299 1978 5353 οἷ-

317 5392 604 5453 κειοῦσθαι
658 5387 793 5460 μετὰ
836 5390 945 5441 τῶν
992 5386 1204 5443 πάντων
1232 5410 1244 5423 ·
1304 5386 1394 5443 καὶ
1446 5385 1589 5443 οὕτω
1634 5386 1762 5451 τοὺς
1812 5385 1979 5451 ἰδίους

393 5550 478 5623 (1)
504 5547 646 5605 God.
675 5540 1023 5619 συνεισάγων.

2092 4849 2394 4908 συνδιδόναι
2458 4853 2547 4908 xui
2611 4855 2930 4928 συναρήγείν
3001 4850 3297 4924 ἀλλήλοις,
3345 4852 3434 4906 xui
3479 4853 3542 4907 τὸ
3590 4874 3727 4925 συμ-

2086 4943 2214 5020 φυὲς
2262 4942 2321 4997 ἐκ
2367 4943 2563 5004 παντὸς
2602 4941 2807 5018 τρόπου
2854 4946 3038 5017 τηρεῖν
3085 4941 3158 5003 ὡς
3205 4940 3257 4995 έν
3291 4939 3605 5013 ὁλομελείᾳ,
3637 4944 3727 4998 καὶ

2088 5028 2444 5086 ἀδιάσπαστοι
2478 5053 2489 5066 ·
2551 5026 2694 5086 οὕτω
2727 5028 2792 5100 δὴ
2825 5031 2915 5084 καὶ
2971 5031 3111 5099 ζώου
3169 5034 3329 5101 σῶμα
3384 5027 3731 5107 δυσκαταγώ-

2085 5141 2289 5188 νιστον,
2338 5120 2552 5175 πάντων
2606 5118 2786 5194 μελῶν
2835 5118 2924 5173 xui
2974 5123 3150 5195 μερῶν
3200 5118 3465 5198 ἀκραιφνῆ
3516 5141 3727 5175 συνεισ-

2087 5209 2330 5285 αγόντων
2390 5212 2466 5283 (1)
2519 5209 2588 5263 τὰ
2643 5213 2789 5287 σφῶν
2845 5208 3020 5263 αὐτῶν
3080 5206 3452 5284 ἐνεργήματα·
3510 5214 3590 5281 τῷ
3641 5231 3725 5265 τοι

2086 5298 2176 5353 καὶ
2212 5296 2464 5374 βασιλεὺς
2492 5295 2703 5376 κεφαλὴ
2741 5301 2849 5352 τῶν
2902 5297 3157 5367 ὑπηκόων
3188 5298 3225 5366 ἢ
3256 5301 3380 5360 νοῦς
3437 5299 3728 5372 καθεστὼς,

2088 5386 2208 5464 ἔχοι
2256 5386 2314 5442 ἂν
2371 5384 2595 5450 δικαίως
2644 5386 2884 5442 ἀπαιτεῖν
2936 5385 2986 5457 ἐξ
3044 5385 3291 5441 ἀπάντων
3343 5384 3730 5460 καταλληλους

395 5695 423 5719 '
454 5689 650 5750 Recole
673 5687 951 5746 monitum
974 5685 1155 5760 priori
1182 5684 1353 5759 hujus
1377 5686 1654 5747 orationis
1679 5685 1995 5760 sumpturi
2015 5686 2337 5760 prxﬁxum.
