4096 6456
4 0 448 23 —mm—-—

172 42 181 43 κ
214 38 337 45 _._...r_.-

626 20 849 30 Ακνπ-π,κ
910 28 917 30 ε

800 42 813 45 -
846 40 897 45 ..μ-
934 34 1347 47 ην-.-κ-ψρ-..ι--κελ

348 457 471 520 659

1594 457 2017 522 NICEPHORI
2060 456 2504 523 BLEMMIDIE

3632 456 3756 521 660

342 590 444 651 τὰς
496 587 773 667 εἰσφοράς·
821 588 913 645 καὶ
976 593 1137 645 τοῦτο
1204 587 1333 667 δρᾷν
1396 590 1472 653 εἷς
1523 593 1849 667 συντήρησιν
1898 596 1998 659 τῆς
2025 592 2079 658 Α
2110 590 2605 667 αἷχμάλωτεύσας·
2666 590 2782 647 ἐπεί
2838 589 2925 647 τοί
2977 612 3038 668 γε
3095 590 3233 668 μέγα
3286 590 3476 653 πένθος
3525 595 3646 652 τοῖς
3694 611 3759 666 γε

359 676 632 749 ὁλότητος
658 697 672 711 ⁸
704 677 832 740 τοὺς
867 679 961 751 μὶν
995 677 1086 733 οὗν
1110 680 1234 755 περὶ
1262 679 1359 742 τὰς
1384 679 1517 743 ὕλας
1566 679 1787 756 ἠσχολη
1801 679 1995 753 μένους

346 765 406 822 εὖ
458 766 519 821 ἂν
578 766 702 844 ἔχοι
756 769 1138 843 προσήκουσαν
1198 773 1306 823 τῶν
1371 769 1628 845 ἐργασιῶν
1691 769 1997 846 εἰσπράττε-

349 856 472 911 σθαι
525 856 623 924 τὴν
655 855 1001 932 ἀπόμοιραν*
1060 858 1095 926 ἢ
1143 858 1248 931 μὴν
1313 856 1850 933 ἀπαλλαττομένους
1905 859 1996 914 καὶ

347 944 792 1021 καθαρμόζοντας
847 947 983 1022 πρὸς
1040 947 1140 1015 τὴν
1194 947 1370 1023 κρίσιν
1427 952 1525 1001 τοῦ
1596 948 1994 1026 ὑπερέχοντος”

347 1032 480 1090 τοὺς
513 1031 572 1090 δὲ
614 1033 739 1109 περὶ
787 1032 954 1111 λόγον
1002 1034 1399 1098 ἐσπουδακότας
1441 1038 1529 1091 καὶ
1584 1040 1682 1106 τὴν
1739 1036 1998 1108 ἀλήθειαν

353 1124 445 1178 τὸν
478 1123 661 1194 ἀληθῆ
694 1121 865 1199 λόγον
898 1124 1184 1202 εἰσφέρειν,
1216 1124 1386 1203 φόρου
1425 1126 1622 1188 παντὸς
1669 1127 1851 1203 ἐτέρου
1902 1124 1998 1180 λυ-

354 1210 743 1289 σιτελέστερον,
804 1213 916 1287 ὅσῳ
996 1216 1086 1268 καὶ
1140 1214 1204 1269 τὸ
1255 1213 1578 1288 σπούδασμα
1648 1221 1753 1270 τῶν
1814 1213 1999 1271 ἄλλων

351 1302 541 1363 ἅπλῶς
619 1303 950 1379 ὑπερέκεινα.
1007 1307 1305 1379 Τοιγαροῦν
1380 1304 1425 1358 εἰ
1500 1306 1715 1360 πάντων
1790 1305 2004 1377 ἀνθρώ-

351 1410 467 1446 πων
550 1390 831 1467 ὑπερτερεῖ
902 1389 1178 1466 βασιλεὺς,
1237 1395 1271 1461 ἡ
1332 1391 1630 1470 φιλοσοφία
1709 1391 1765 1448 δὲ
1821 1398 2007 1449 πασῶν

353 1479 670 1552 ἐπιστημῶν
730 1480 872 1552 ὁμοῦ
928 1479 1016 1535 καὶ
1072 1485 1304 1555 τεχνῶν,
1331 1480 1382 1535 τί
1434 1480 1492 1536 ἂν
1546 1479 1629 1553 εἴη
1682 1482 2006 1561 φιλοσοφίας

357 1565 540 1643 δώρου
573 1572 654 1639 τῷ
705 1565 923 1642 βασιλεῖ
978 1565 1422 1644 πρεπωδέστερον
1454 1588 1468 1638 ;
1502 1568 1556 1624 εἷ’
1601 1591 1665 1644 γε
1708 1573 1775 1624 τά
1824 1570 2011 1645 ὑπερέ-

356 1676 531 1733 χοντα
584 1662 703 1719 τοῖς
776 1656 1123 1733 ὑπερέχουσι,
1170 1657 1259 1711 καὶ
1305 1658 1360 1712 αἱ
1408 1657 1651 1734 ἀπαρχαὶ
1697 1664 1814 1721 τοῖς
1864 1659 2010 1735 ἐξάρ-

366 1765 530 1821 χουσι
558 1763 571 1778 ⁶
634 1745 883 1823 βασιλεία
940 1747 1034 1820 μὶν
1088 1743 1180 1801 οὖν
1255 1746 1504 1816 εἰκονίζει
1578 1748 1776 1823 κράτος
1851 1753 2005 1820 Θεοῦ,

366 1834 664 1914 φιλοσοφία
707 1832 765 1890 δὲ
806 1835 993 1913 σοφίαν
1040 1835 1132 1889 καὶ
1182 1836 1433 1911 πρόνοιαν
1479 1841 1648 1892 Θεοῦ’
1702 1835 1901 1915 ἄσοφον
1952 1836 2010 1892 δὲ

360 1923 560 2000 κράτος
600 1923 689 1979 καί
738 1924 996 2001 προνοίας
1043 1922 1163 1979 ἄνευ
1209 1924 1400 2002 πόῤῥω
1447 1930 1618 1981 Θεοῦ·
1671 1924 1754 1982 διὸ
1799 1928 1866 1981 τὰ
1910 1934 2009 1997 τῆς

364 2012 689 2092 φιλοσοφίας
757 2013 1009 2088 νοήματά
1059 2035 1119 2068 τε
1172 2014 1261 2068 καὶ
1328 2015 1621 2090 πράγματα
1664 2020 1745 2088 τῷ
1795 2016 2009 2092 βασιλεῖ

358 2101 682 2173 καθέστηκεν
713 2102 1033 2179 οἰκειότερα.

433 2192 503 2265 β’.
535 2195 761 2265 Πρῶτον
842 2192 937 2264 μὲν
1009 2188 1099 2247 οὗν
1161 2189 1216 2245 εἷ’
1253 2212 1313 2267 γε
1369 2194 1805 2268 συνεπτυγμένος
1880 2193 2008 2269 ὅρος

355 2278 620 2354 τοῦνομα,
649 2285 793 2337 τοῦτ’
849 2277 1073 2356 εὔλογον
1136 2280 1450 2355 ἀναπτύξαι,
1498 2283 1779 2347 κάντεῦθεν
1834 2280 2008 2352 δῆλον

356 2369 538 2427 θέσθαι
588 2389 644 2423 τι
704 2369 981 2445 βασιλεύς.
1037 2371 1187 2425 Ἔστι
1263 2370 1444 2425 τοίνυν
1520 2370 1774 2447 βασιλεὺς
1856 2372 2009 2447 βάσις

362 2460 540 2517 λαοῦ*
593 2459 657 2512 τὸ
709 2458 812 2535 γὰρ
862 2458 1038 2520 ἀσινὲς
1098 2458 1161 2513 ού
1217 2460 1332 2513 κατ’
1386 2456 1671 2535 ἄνθρωπον
1748 2462 1882 2535 πρὸς
1948 2463 2011 2515 τὸ

365 2546 568 2604 δεῖσθαι
617 2548 940 2622 προσθήκης
983 2568 1042 2602 τε
1088 2547 1178 2601 καὶ
1222 2554 1432 2621 τροπῆς
1462 2570 1474 2582 ·
1532 2550 1568 2617 ἡ
1627 2546 1685 2604 δέ
1742 2570 1804 2624 γε
1859 2550 2012 2625 βάσις

367 2635 696 2712 στεῤῥοτάτη
727 2635 957 2713 πέφυκεν
1005 2636 1137 2691 εἶναι
1187 2640 1296 2691 τῶν
1347 2636 1429 2691 ἐπ’
1482 2636 1674 2707 αὐτῆς,
1711 2640 1785 2711 μή
1839 2660 2013 2692 κατει-

370 2712 739 2801 ρωνευομένην
814 2712 963 2797 μηδ’
1049 2724 1548 2803 ἀντιπεφρασμένην
1630 2728 1729 2795 τὴν
1813 2726 2009 2797 κλῆσιν

372 2815 627 2893 φέρουσα.
656 2817 783 2876 Πῶς
815 2810 907 2868 οῦν
955 2834 1038 2877 τις
1087 2813 1400 2886 ἐπιθυμίαις
1443 2814 1692 2877 ἐκτόποις
1734 2817 1770 2885 ἢ
1820 2817 2013 2890 θυμοῖς

373 2902 599 2977 ἀλόγοις
649 2901 1146 2977 περικλονούμενος
1203 2902 1355 2979 βάσις
1401 2901 1460 2957 ἂν
1514 2902 1595 2974 εἷή
1660 2902 1835 2974 λαοῦ;
1889 2927 2011 2978 μεν-

370 2996 523 3068 οῦνγε
590 2988 854 3068 τάραχος,
922 2994 1266 3068 περιτροπή·
1324 2990 1554 3061 κάπειδὴ
1625 2993 1714 3048 καὶ
1792 2996 2012 3067 σκοπὸς,

371 3077 678 3156 ὑπόδειγμα
705 3080 943 3155 πονηρὸν
974 3084 1072 3134 τοῦ
1102 3078 1362 3156 ἄρχεσθαι
1409 3079 1680 3156 λαχόντος
1736 3083 1871 3155 πρὸς
1915 3085 2015 3152 τὴν

367 3168 690 3243 ἐξομοίωσιν
737 3166 1178 3237 ἐπισπεύδοντος,
1229 3170 1341 3245 χρὴ
1391 3167 1584 3224 λοιπὸν
1636 3171 1729 3226 τὸν
1791 3171 2015 3247 βασιλέα

366 3253 783 3335 προϐασιλεύειν
828 3262 937 3313 τῶν
988 3257 1039 3313 ἐν
1087 3257 1251 3330 αὐτῷ,
1286 3259 1375 3312 καὶ
1426 3259 1569 3314 οὕτω
1621 3257 1686 3329 δὴ
1733 3265 1840 3314 τῶν
1891 3262 2015 3336 περὶ

364 3326 541 3403 αὑτῶν
565 3368 627 3402 τε
653 3345 746 3401 καί
785 3352 893 3401 τῶν
947 3345 1117 3409 ἐκτός.
1301 3345 1358 3401 δέ
1399 3368 1462 3422 γε
1514 3354 1640 3421 μιᾶς
1676 3326 1867 3412 *οἰκίας
1918 3326 2017 3405 οὑκ
2045 3326 2089 3394 C

366 3435 663 3512 ἰσχύσαντα
716 3443 818 3505 τῆς
888 3432 1033 3490 ἔνδον
1093 3442 1441 3512 κατακρατεῖν
1502 3436 1719 3492 πολλοῦ
1782 3437 1840 3492 ἂν
1904 3437 2013 3494 δέοι

365 3523 594 3581 πολλῶν
643 3523 1056 3600 ἀναγορεύεσθαι
1112 3524 1329 3581 πόλεων
1395 3523 1643 3600 ἀψευδῶς
1688 3526 2015 3602 αὐτοκράτο-

369 3635 453 3691 ρα.
486 3612 557 3668 Τὸ
617 3613 711 3687 μὲν
771 3611 863 3669 οῦν
919 3610 1332 3687 ἀνδραποδῶδες
1380 3615 1471 3669 καὶ
1521 3612 1712 3691 λίχνον
1758 3617 1881 3692 περί
1920 3618 2017 3680 τὰς

371 3701 655 3778 αἰσχίστας
714 3706 819 3757 τῶν
866 3698 1075 3771 ἡδονῶν
1135 3701 1269 3772 ὅσης
1331 3703 1626 3778 ὑπεροψίας
1678 3701 1845 3774 ἄξιον,
1877 3704 2014 3759 ὅσων

364 3791 854 3866 ἀποτροπιασμῶν,
920 3791 1057 3867 πρὸς
1132 3790 1400 3861 τοσαύτης
1471 3789 1806 3861 δεσποτείας,
1882 3795 2016 3870 πρὸς

361 3876 699 3950 τηλικαύτης
725 3886 929 3953 τιμῆς;
959 3880 1041 3941 τίς
1090 3881 1194 3955 γὰρ
1248 3880 1347 3934 οὐκ
1397 3880 1456 3935 ἂν
1508 3879 1898 3956 ἐγκαλύψαιτο,
1928 3882 2018 3937 καὶ

368 3967 532 4040 μόνον
620 3964 1041 4041 διανοησάμενος
1141 3968 1429 4044 βασιλικῆς
1515 3970 1845 4043 σεμνότητος
1930 3973 2017 4026 καὶ

364 4056 644 4127 θειότητος
700 4052 917 4112 ὄλισθον
977 4058 1054 4119 εἰς
1113 4057 1488 4133 αἰσχρότατα;
1546 4059 1753 4113 τούτων
1806 4058 1872 4129 δὴ
1924 4082 2022 4115 πα-

365 4145 634 4221 σχόντων,
680 4147 733 4201 οἱ
777 4146 915 4223 πρὸς
962 4153 1063 4216 τῆς
1117 4146 1322 4220 Κίρκης
1375 4146 1694 4222 ἡλόγωνται
1742 4149 1804 4203 τὸ
1854 4150 2023 4211 πάθος

366 4236 431 4290 τὸ
486 4235 833 4309 ἀτιμότατον,
889 4236 942 4290 οἳ
992 4236 1190 4313 κάπροι
1249 4236 1339 4290 καὶ
1396 4235 1552 4299 κύνες
1610 4237 1660 4308 ἐξ
1719 4238 2020 4314 ἀνθρώπων

366 4324 713 4400 γεγένηνται’
754 4323 818 4379 τὸ
874 4325 968 4398 μὲν
1011 4325 1085 4386 ὡς
1128 4330 1207 4395 τῷ
1258 4320 1512 4400 βορϐόρῳ
1540 4328 1637 4394 τῆς
1696 4323 2025 4395 ἡδυπαθείας

372 4410 880 4487 ἐγκαλινδούμενοι,
935 4411 997 4467 τὸ
1056 4410 1102 4467 δ’
1160 4414 1235 4475 ὡς
1294 4411 1597 4475 λυσσῶντες
1666 4420 1746 4486 τῷ
1822 4412 2021 4491 ἐρωτιο

376 4499 593 4578 βασιλεῖ
643 4499 691 4556 δ’
738 4501 799 4556 ἂν
854 4501 1168 4575 ἐπιπρεπὲς,
1222 4502 1480 4576 ἐρμαῖκὸν
1531 4500 1641 4575 μῶ)
1658 4525 1708 4575 υ,
1741 4506 2022 4581 φάρμακον

373 4589 617 4668 λογικὸν,
650 4588 789 4665 πρὸς
832 4592 930 4652 τὰς
972 4597 1072 4659 τῆς
1133 4588 1336 4660 ἡδονῆς
1392 4590 1649 4664 γοητείας
1709 4592 2020 4655 ἀντιπαθές·

2103 682 2226 732 νοῦν
2257 676 2444 755 ἔχουσι
2484 686 2838 756 περιορᾶσθαι
2900 678 3115 755 βασιλεῖ
3161 679 3262 747 τὴν
3310 678 3475 746 αὑτὴν
3523 678 3760 751 κληρου-

2105 768 2233 842 χίαν
2284 767 2668 844 αἰχμάλωτον.
2702 768 2765 823 Εἰ
2816 765 2872 823 δέ
2921 789 3004 823 τοι
3049 767 3139 822 καὶ
3169 767 3327 830 αὐτὸς
3376 767 3537 821 πάθοι
3572 771 3758 822 τοιοῦ-

2104 877 2219 928 τον,
2269 858 2426 912 ποίαν
2478 858 2585 933 οὐχ
2634 852 2943 934 ὑπερϐαίνει
3014 855 3298 933 βαρυαλγῆ
3345 857 3666 933 συμφοράν;
3717 855 3755 924 ἢ

2106 951 2264 999 ποῖον
2298 948 2455 1009 οῦτος
2485 947 2547 1001 τὸ
2576 952 2820 1021 γενναῖον
2855 943 3143 1018 ἐνδείξαιτο
3172 945 3309 1021 πρὸς
3342 944 3632 1000 ἀντίπαλον
3664 943 3761 999 καὶ

2109 1032 2356 1109 ἀνδρικὸν
2391 1038 2418 1090 ὁ
2454 1037 2527 1110 μή
2579 1036 2714 1110 πρὸς
2763 1035 3113 1090 ἐπανάστασιν
3158 1032 3281 1110 ἄτερ
3331 1031 3597 1110 δοράτων,
3631 1035 3758 1110 ἄτερ

2109 1127 2273 1199 ξιφῶν
2308 1124 2420 1180 ὠκὺ
2450 1126 2764 1197 παυομένην
2798 1124 3175 1194 ἀνθεστηκώς;
3211 1123 3355 1179 ἀλλᾶ
3388 1122 3763 1196 μαλακιζόμε-

2108 1213 2200 1275 νός
2227 1236 2285 1269 τε
2331 1215 2420 1268 καὶ
2468 1213 2861 1287 θηλυνόμενος,
2890 1213 2981 1269 καὶ
3030 1212 3369 1288 αύθαιρέτοις
3423 1212 3764 1288 ἐμπαιγμοῖς

2111 1300 2546 1377 προδιδόμενος;
2596 1303 2700 1357 Κᾶν
2750 1304 2825 1374 μή
2877 1323 2957 1363 τις
3003 1302 3176 1376 ὁρῴη,
3220 1302 3320 1369 τὴν
3370 1299 3631 1371 ἀλήθειαν
3696 1302 3762 1357 ού

2114 1390 2461 1470 διαφυγγάνει
2506 1394 2595 1447 καὶ
2628 1393 2726 1461 τῆν
2761 1388 3095 1461 συνείδησιν·
3146 1390 3236 1445 καὶ
3284 1390 3391 1467 πρό
3440 1412 3504 1465 γε
3548 1391 3761 1445 τούτων

2112 1483 2176 1536 τὸ
2226 1481 2565 1551 τηλεπόπον
2626 1478 2781 1555 ὄμμα
2826 1480 2915 1535 καὶ
2963 1478 3272 1556 πανδερκές,
3330 1481 3393 1535 τὸ
3436 1482 3504 1535 τὰ
3551 1480 3765 1557 λαθρη-

2117 1568 2207 1625 δὸν
2262 1570 2618 1644 τολμώμενα,
2671 1570 2759 1625 καὶ
2805 1574 3132 1624 κατοπτεῦον
3183 1564 3424 1645 ἀκριϐῶς
3471 1567 3587 1624 οὐδ’
3635 1569 3768 1623 ὅσον

2118 1660 2306 1731 εἰπεῖν,
2359 1659 2448 1713 καὶ
2496 1660 2565 1714 τὰ
2619 1662 2717 1727 τῆς
2750 1657 3014 1733 αἰσχύνης
3071 1657 3305 1713 ἐναντίον
3352 1658 3516 1712 αὐτοῦ
3564 1657 3772 1713 τελού-

2121 1769 2254 1821 μενα
2330 1746 2769 1821 μυσαττόμενον·
2827 1745 2963 1801 ὅπου
3011 1768 3070 1821 γε
3126 1747 3215 1801 καὶ
3290 1747 3599 1822 ἀνθρώποις
3667 1746 3774 1801 οὐκ

2119 1834 2299 1907 ἄδηλα
2342 1837 2409 1891 τά
2451 1834 2655 1906 πολλὰ,
2707 1836 2797 1890 καὶ
2845 1839 3276 1907 καταμωκῶνται
3334 1837 3424 1889 καὶ
3469 1832 3775 1908 διακωμῳ-

2039 1962 2086 2026 Β
2120 1922 2270 1980 δοῦσι
2318 1925 2407 1980 καὶ
2454 1924 2804 1995 ἐκθειάζουσι,
2850 1922 2941 1978 καί
2992 1923 3067 1985 εἰς
3128 1920 3481 1993 αἶ’ωνίζουσαν
3536 1926 3769 1997 μνήμην

2113 2016 2213 2083 τῆν
2244 2014 2369 2089 περὶ
2398 2014 2465 2069 τὰ
2489 2014 2633 2069 καλά
2678 2010 2919 2080 σπουδῆν
2966 2011 3141 2066 αὐτῶν
3193 2015 3636 2085 παραπέμπουσι.
3670 2015 3775 2070 Βα-

2118 2101 2299 2165 σιλεὺς
2326 2102 2608 2173 Ἐλλήνων
2644 2098 2995 2178 Ἀλέξανδρος
3027 2102 3356 2171 ἡττηθέντος
3406 2102 3628 2177 Δαρείου
3677 2103 3773 2157 καὶ

2115 2197 2223 2248 τῶν
2286 2192 2488 2247 ἐκείνου
2539 2193 2843 2268 θυγατέρων
2912 2191 3309 2267 προσηγμένων
3380 2191 3526 2264 αύτῷ
3606 2191 3773 2267 γέρας

2119 2279 2418 2337 ἀπόλεκτον
2498 2279 2587 2335 διὰ
2658 2279 2902 2341 κάλλους
2981 2280 3259 2356 ὑπεροχὴν
3329 2280 3391 2335 οὐ
3451 2278 3774 2353 κατεδέξατο

2117 2371 2336 2432 ταύταις
2396 2372 2472 2443 (2)
2527 2367 2595 2439 δὴ
2653 2367 2967 2444 προσιδεῖν
3026 2370 3253 2446 αἰσχρὸν
3330 2369 3463 2425 εἶναι
3532 2371 3779 2447 φάμενος

2120 2457 2314 2536 ἄνδρας
2380 2461 2701 2530 νικήσαντας
2756 2462 2857 2515 ὑπὸ
2913 2466 3175 2538 γυναικῶν
3223 2461 3566 2529 ἡττηθῆναι·
3610 2460 3675 2513 τὸ
3727 2456 3782 2513 δ’

2121 2548 2250 2603 αὐτὸ
2298 2549 2386 2602 καὶ
2437 2552 2611 2624 Κῦρος
2668 2550 2884 2624 πρώην,
2917 2552 2946 2605 ὁ
2998 2554 3217 2626 Περσῶν
3278 2545 3628 2623 αὐτοκράτωρ
3677 2548 3778 2602 καὶ

2122 2634 2359 2707 Μήδων·
2394 2636 2507 2691 ἐπεὶ
2538 2638 2642 2712 γὰρ
2672 2638 2989 2714 ’Δσσυρίους
3039 2640 3128 2695 καὶ
3185 2637 3312 2699 τοὺς
3360 2636 3576 2692 ἐκείνων
3629 2657 3776 2710 συμ-

2125 2725 2339 2801 μάχους
2388 2726 2859 2800 κατετροπώσατο,
2893 2729 2982 2782 καὶ
3022 2731 3057 2797 ἡ
3086 2729 3321 2791 Πάνθεια
3364 2730 3473 2781 τῶν
3523 2724 3774 2779 Σουσίων

2121 2817 2156 2883 ἡ
2192 2812 2409 2889 βασιλὶς
2437 2813 2649 2869 πάντων
2702 2815 2848 2887 αύτῷ
2897 2815 3151 2895 λαφύρων
3201 2815 3432 2889 ἐξῄρητο
3480 2814 3625 2889 παρά
3669 2819 3775 2869 τοῦ

2122 2907 2373 2977 στρατοῦ,
2421 2902 2510 2957 καὶ
2558 2904 2625 2972 ἦν
2678 2898 3081 2977 διαϐεϐοημένη
3139 2905 3202 2959 τὸ
3245 2901 3387 2965 εἶδος
3433 2903 3509 2964 ὡς
3558 2900 3772 2978 ἀπαρά-

2127 2989 2330 3064 μιλλος
2384 2994 2482 3061 τῆς
2542 2992 2720 3055 Ἀσίας
2802 2994 3111 3070 ἀπανταχῆ,
3169 2991 3386 3062 πολλῆς
3450 2993 3544 3065 μὶν
3599 2991 3774 3061 αὐτὴν

2125 3079 2442 3152 ἐπιμελείας
2498 3080 2744 3152 ἠξίωσεν,
2787 3083 3080 3159 ἑωρακέναι
3130 3082 3176 3137 δ’
3224 3081 3373 3143 ὅλως
3422 3082 3530 3156 οὐχ
3583 3080 3777 3156 ᾑρετί-

2126 3187 2287 3224 σατο’
2346 3168 2587 3244 φύλακας
2657 3170 3035 3248 σωφροσύνης,
3088 3172 3187 3226 οὐκ
3250 3166 3601 3241 ἐπιϐούλους,
3652 3169 3783 3245 κρί-

2124 3278 2217 3319 νας
2250 3257 2530 3321 εἶναιτοὺς
2567 3258 2828 3334 βασιλεῖς,
2865 3258 2953 3315 διά
2978 3282 3039 3315 τε
3067 3261 3129 3315 τὸ
3158 3261 3258 3330 τῆς
3311 3259 3457 3330 ἀξίας
3517 3256 3780 3332 θεοειδὶς,

2126 3347 2215 3402 καὶ
2246 3346 2327 3401 ὅτι
2380 3348 2699 3424 σωφροσύνη
2749 3350 2838 3403 καὶ
2885 3346 3106 3425 ἀνδρίας
3153 3350 3242 3404 καὶ
3293 3350 3605 3427 φρονήσεως
3650 3369 3783 3401 συν-

2126 3438 2270 3511 οχή·
2320 3438 2383 3491 τὸ
2429 3439 2530 3512 γὰρ
2563 3434 2869 3493 ἐκδεδόσθαι
2920 3438 3060 3514 πρὸς
3108 3437 3310 3514 ἔρωτας
3356 3438 3445 3492 καὶ
3493 3438 3628 3511 πρὸς
3682 3460 3786 3513 γυ·-

2124 3531 2309 3587 ναῖκας
2366 3525 2673 3601 κεχηνέναι,
2736 3527 2827 3581 καὶ
2886 3527 2961 3588 ὡς
3038 3524 3128 3582 διὰ
3202 3522 3457 3605 φορϐειᾶς
3528 3523 3791 3581 ἕλκεσθαι

2125 3615 2260 3689 πρὸς
2307 3615 2375 3668 τὰ
2422 3611 2697 3689 αἶ’σχιστα,
2729 3615 2819 3670 καὶ
2867 3612 3083 3677 δειλοὺς
3134 3616 3224 3670 καὶ
3275 3613 3507 3692 ἄφρονας
3555 3614 3797 3691 ἀπεργά-

2130 3708 2305 3771 ζεται·
2351 3703 2445 3757 κᾶν
2499 3704 2527 3757 ὁ
2577 3703 2720 3758 οὕτω
2778 3700 2920 3779 ἔχων
2976 3705 3230 3782 σφριγῴη
3278 3704 3342 3758 τὸ
3389 3708 3569 3775 σῶμα,
3606 3705 3791 3781 ψοφο-

2129 3788 2256 3860 δεὴς
2311 3791 2401 3845 καὶ
2458 3792 2655 3853 παντὸς
2710 3791 3109 3868 κάχεκτοῦντος
3178 3790 3531 3867 ἀλλοιότερον
3583 3789 3794 3847 διακεί-

2133 3900 2308 3952 μενος,
2361 3877 2548 3949 ἐπειδή
2601 3880 2694 3935 τὸν
2753 3880 2909 3935 τόνον
2968 3889 3071 3951 τῆς
3130 3884 3317 3956 ψυχῆς
3367 3879 3791 3957 παραλέλυται·

2127 3968 2216 4022 καὶ
2249 3966 2402 4030 εἷ’τις
2431 3966 2491 4022 ἂν
2520 3969 2620 4037 τήν
2658 3973 2764 4022 τῶν
2817 3966 3247 4043 θρυλλουμένων
3296 3972 3610 4045 ἡγεμονιῶν
3662 3990 3795 4024 σκο-

2129 4056 2261 4125 ποίη
2322 4054 2636 4129 κατάλυσιν,
2684 4057 2788 4111 ὑπὸ
2843 4065 2947 4127 τῆς
3004 4059 3268 4129 συνούσης
3328 4058 3513 4119 αὐταῖς
3565 4058 3793 4133 εὑρήσει

2132 4144 2382 4221 λαγνείας
2462 4143 2918 4222 ἐξειργασμένην
2990 4145 3183 4202 αὐτίκα
3250 4146 3351 4222 γὰρ
3411 4147 3439 4200 ὁ
3498 4145 3795 4221 Ἀσσύριος

2134 4230 2567 4308 Σαρδανάπαλος
2617 4234 2776 4288 πόθεν
2824 4234 3013 4309 εὕρατο
3059 4235 3159 4302 τῆν
3209 4235 3405 4310 πυρὰν,
3438 4234 3527 4289 καὶ
3569 4234 3644 4295 εἷς
3695 4234 3795 4289 τὸν

2133 4319 2318 4390 Μῆδον
2377 4323 2644 4397 ’Δρσάκην
2698 4324 2798 4392 τῆν
2876 4320 3184 4378 δυναστείαν
3247 4323 3641 4394 ἀπετινάξατο;
3699 4324 3796 4377 καὶ

2131 4415 2297 4465 ταῦτα
2366 4412 2518 4483 πόσῳ
2594 4410 2822 4483 πλούτῳ
2901 4412 3143 4487 βρίθων;
3210 4412 3377 4466 πόσον
3452 4412 3796 4488 ἐπαγόμενος

2134 4500 2482 4574 στράτευμα;
2544 4500 2762 4562 πάντως
2821 4498 2882 4554 ἐκ
2931 4506 3029 4554 τοῦ
3088 4506 3405 4565 έκκεκαῦθαι
3457 4507 3576 4563 ταῖς
3603 4501 3801 4564 ἐπιθυ-

2139 4586 2288 4658 μίαις
2338 4587 2505 4641 αὐτοῦ
2543 4589 2746 4649 πάντας
2780 4587 2840 4642 ἐκ
2866 4590 2965 4657 τῆς
3015 4588 3215 4650 οἰκείας
3268 4588 3605 4660 θηλύτητος,
3635 4589 3671 4658 ἢ
3699 4589 3797 4644 καὶ

374 4676 484 4751 ἤδη
520 4677 578 4735 δὲ
606 4678 698 4734 καὶ
730 4678 881 4757 ξίφος
915 4678 1282 4756 ἀμφίστομον,
1316 4678 1460 4752 ὀξεῖα
1487 4681 1635 4753 τομὴ
1685 4677 2025 4754 διακρίσεως,
2054 4691 2103 4757 D
2135 4675 2226 4729 τὸν
2320 4675 2542 4751 στρατὸν
2617 4674 2893 4752 ἐξήνδρισε
2968 4676 3245 4748 παθούσης
3323 4678 3427 4753 γὰρ
3505 4676 3797 4752 κατάκρως

372 4766 663 4845 διαιροῦσα
692 4767 755 4824 τὰ
786 4773 1030 4844 κρεῖττον
1062 4768 1215 4830 εὐθὺς
1257 4768 1317 4823 ἐκ
1362 4772 1461 4823 τοῦ
1508 4768 1760 4843 χείρονος
1786 4791 1797 4803 ·
1832 4770 1920 4824 καὶ
1967 4771 2031 4826 τὸ

382 4858 475 4930 μὲν
508 4857 811 4933 αἱρουμένη
854 4857 945 4912 καὶ
996 4861 1314 4924 συνιστῶσα,
1345 4861 1444 4911 τοῦ
1493 4854 1550 4911 δέ
1597 4859 2025 4934 κατατρέχουσα.

369 4943 583 5008 τούτοις
616 4948 721 5022 γὰρ
750 4944 847 5001 καῖ
894 4946 985 5001 τὸν
1042 4945 1305 5020 Λαερτίου
1349 4946 1477 5021 φασὶ
1530 4946 1605 5018 μὴ
1658 4946 1817 5018 μόνον
1866 4946 2024 5000 αὑτὸν

376 5031 794 5107 διατετηρῆσθαι
856 5041 975 5097 ταῖς
1018 5041 1117 5104 τῆς
1164 5034 1368 5110 Κίρκης
1424 5035 1764 5110 μαγγανείαις
1810 5033 2025 5089 ἀνάλω-

373 5142 487 5193 τον,
518 5120 663 5177 ἀλλά
717 5123 807 5177 καὶ
854 5123 981 5187 τοὺς
1033 5121 1342 5185 ἑαλωκότας
1387 5128 1495 5177 τῶν
1554 5124 1775 5198 ἑταίρων
1829 5123 2024 5179 ἐπανα-

377 5209 633 5267 σώσαθαι.
690 5210 844 5266 Οὕτω
899 5213 989 5266 καὶ
1051 5210 1277 5287 βασιλέα
1335 5214 1447 5289 χρὴ
1513 5214 1586 5284 μὴ
1648 5212 1813 5285 μόνον
1869 5213 2027 5267 αὑτὸν

380 5295 695 5353 ἀδούλωτον
767 5296 1205 5377 διαπεφύλάχθαι
1260 5306 1380 5362 ταῖς
1434 5297 1681 5371 ἡδοναῖς,
1736 5298 1881 5354 ἀλλὰ
1935 5301 2025 5355 καὶ

374 5385 501 5448 τοὺς
531 5382 973 5460 δεδουλωμένους
1002 5386 1311 5463 ἐλευθεροῦν
1343 5390 1432 5442 καὶ
1464 5386 1618 5462 λόγῳ
1649 5389 1739 5443 καὶ
1773 5388 2025 5463 ὑποδείγ-

381 5496 531 5549 ματι,
592 5475 681 5529 καὶ
738 5474 979 5529 παιάνων
1048 5476 1206 5552 ἱερῶν
1266 5475 1468 5531 ἐπαΐειν
1534 5475 1854 5538 διαπαντός·
1906 5478 2026 5531 ἀνέ-

379 5558 482 5633 ϐης
542 5562 617 5623 εἰς
673 5563 809 5638 ὕψος
866 5564 1219 5643 σωφροσύνης
1276 5564 1661 5640 αἰχμαλωσίαν
1714 5570 1793 5637 τῷ
1842 5566 2027 5641 ἀγαθῷ

455 5745 534 5819 (2)
569 5745 658 5801 Ita
684 5745 823 5803 Cod.

2137 4772 2239 4833 τῆς
2288 4762 2552 4842 κεφαλῆς,
2596 4765 2659 4819 τὸ
2714 4767 3059 4838 συνημμένον
3103 4770 3264 4839 σῶμα
3306 4766 3389 4827 τίς
3445 4766 3673 4841 μηχανὴ
3710 4766 3793 4838 μή

2137 4853 2315 4925 πάθῃς
2353 4856 2497 4915 Ἕως
2562 4853 2656 4926 μὶν
2718 4852 2809 4909 οῦν
2858 4855 3178 4933 σωφροσύνῃ
3224 4852 3606 4927 καλώπλιστο,
3654 4875 3798 4929 κρα-

2134 4942 2285 5002 ταιὸς
2342 4942 2433 5011 ἦν,
2482 4936 2834 5015 ἀπρόϐλητος
2884 4944 2976 5013 ἦν,
3025 4942 3219 5004 πάντες
3276 4940 3437 4997 αὐτὸν
3494 4938 3795 5015 ἐδεδίεσαν,

2136 5031 2329 5092 πάντες
2385 5029 2542 5084 αὐτὸν
2602 5030 2952 5108 ἐπεφρίκεσαν
2986 5053 2997 5065 ·
3048 5031 3135 5109 ἀφ’
3181 5031 3244 5085 οὗ
3302 5028 3359 5085 δὲ
3404 5030 3607 5099 ταύτην
3658 5031 3800 5086 ἀπε-

2138 5119 2450 5189 σκευάσατο,
2501 5118 2591 5173 καὶ
2648 5125 2767 5181 ταῖς
2823 5116 3047 5188 ἡδοναῖς
3098 5119 3316 5174 ἀνέπεσε
3370 5119 3459 5174 καὶ
3516 5118 3798 5191 ὑπτίασεν,

2138 5205 2245 5261 ἔδει
2299 5208 2445 5270 τίνος
2508 5209 2628 5278 ἑξῆς
2680 5207 2819 5262 ὥστε
2865 5208 2956 5263 καὶ
3013 5214 3434 5272 καταπατεῖσθαι
3485 5208 3803 5279 λοιπόν;ἢ

2135 5296 2398 5358 Βελεσῦος
2450 5295 2975 5372 χρησμολογοῦντος
3024 5298 3113 5352 καὶ
3160 5303 3258 5353 τοῦ
3307 5297 3802 5367 λακτίζοντοςς,’0

2137 5382 2180 5438 δ’
2232 5384 2560 5458 Ἀστυάγους
2613 5392 2836 5461 Δαρεῖος
2884 5386 3083 5448 ὁπόσος
3132 5387 3222 5457 ἦν,
3271 5387 3331 5447 ὃς
3377 5388 3476 5455 τήν
3528 5381 3803 5443 Βαϐυλω-

2134 5474 2261 5527 νίων
2324 5475 2396 5535 ὡς
2453 5474 2503 5528 ἐν
2567 5474 2883 5549 ἀθυρματίῳ
2950 5475 3053 5529 τινὶ
3111 5475 3201 5529 καὶ
3260 5473 3451 5546 παιδιᾷ
3507 5474 3803 5548 σύμπασαν

2136 5559 2471 5634 ἐξηλάπαξε;
2530 5559 2681 5630 Πλῆν
2754 5560 2899 5617 ἀλλὰ
2972 5562 3061 5615 καί
3142 5562 3302 5625 οὗτος
3360 5564 3449 5618 καὶ
3510 5563 3799 5638 βασιλείας
