4096 6428
339 425 454 488 661

1197 427 1301 490 DE
1344 427 1572 491 REGIS
1616 426 1969 490 OFFICIIS.
2006 455 2081 470 -
2112 425 2424 489 TEXTUS
2472 424 2896 489 GENUINUS.

3631 423 3750 487 662

342 556 677 643 ἀπεστέρητο
717 557 807 614 καὶ
855 562 1002 629 ζωῆς
1058 556 1148 615 διὰ
1203 561 1301 629 τήν
1362 559 1768 636 έπεισαχθεῖσαν
1828 557 1986 614 ἀσέλ-
2017 562 2071 627 Α
2102 563 2347 633 πυγμαῖς
2378 555 2624 629 ἔπληξεν,
2658 556 2846 633 ἀλόγῳ
2876 556 3033 629 θυμῷ
3084 553 3487 633 χαριζόμενοςο
3540 554 3745 613 ἀντιτέ-
3790 630 3795 634 δ

338 667 508 721 γειαν,
558 644 652 702 τὸν
712 648 924 724 Πέρσην
986 651 1155 724 Κῦρον
1230 648 1337 725 οὐχ
1397 648 1688 721 ὑπομείνας
1738 649 1829 703 τὸν
1888 648 1991 702 σώ-

338 755 527 813 φρονα.
589 735 652 789 Τί
712 733 769 791 δὲ
825 736 1041 793 καθεῖλε
1109 738 1199 792 τὸν
1257 738 1531 812 Ἀρσάμου
1603 741 1843 812 Δαρεῖον,
1898 736 1989 790 καὶ

335 830 508 879 πᾶσαν
542 830 761 901 Περσῶν
807 823 1069 880 κατέλυσε
1117 827 1215 896 τὴν
1266 826 1484 902 ἀρχήν,
1519 824 1626 901 οὐχ
1654 828 1689 895 ἡ
1720 824 1843 901 περὶ
1889 825 1986 886 τάς

335 911 547 990 φαύλας
606 912 809 989 ὀρέξεις
855 913 998 991 ῥοπὴ
1048 914 1138 968 καὶ
1186 917 1249 969 τὸ
1296 913 1562 991 ἀκρατές;
1593 916 1682 969 καὶ
1733 911 1826 968 ’ίνα
1879 917 1986 968 τῶν

331 1000 527 1078 πόρρω
574 999 664 1056 διὰ
700 1002 763 1056 τὸ
793 1002 1005 1073 πλῆθος
1057 1002 1334 1081 ἀφέμενοι,
1365 1008 1472 1057 τῶν
1524 1001 1802 1079 ἐγγυτάτω
1849 1024 1986 1076 μνη-

330 1089 608 1163 σθείημεν,
666 1090 717 1145 τί
770 1092 833 1146 τὸ
888 1091 1154 1167 ἡμέτερον
1222 1092 1510 1168 ἀνάκτορον
1586 1095 1980 1168 παρεστήσατο,

327 1180 430 1247 τὴν
489 1180 708 1234 ἁπασῶν
759 1183 867 1234 τῶν
933 1178 1149 1236 πόλεων
1207 1181 1679 1257 κρατιστεύουσαν,
1734 1181 1824 1236 καὶ
1870 1186 1979 1236 τῶν

327 1266 582 1344 ἀῤῥήτων
661 1264 843 1322 δεινῶν
910 1270 1008 1338 τὴν
1086 1269 1411 1343 οἰκουμένην
1492 1269 1835 1340 ἀνέπλησεν;
1894 1269 1979 1346 ἆρ’

324 1355 435 1431 οὐχ
465 1358 500 1427 ἡ
530 1360 639 1411 τῶν
689 1355 995 1433 προμάχων
1046 1357 1338 1435 ἐπίρῥητος
1394 1359 1592 1434 βιοτή;
1643 1358 1704 1413 τὸ
1754 1358 1975 1429 ἀξιοζή-

323 1442 503 1499 λωτον
565 1443 905 1519 σπούδασμα,
954 1448 1043 1501 καὶ
1099 1447 1162 1502 τὸ
1219 1446 1457 1511 ἐντεῦθεν
1514 1445 1973 1524 διακεχαυνῶσθαι

320 1535 464 1608 πρὸς
494 1540 667 1588 πᾶσαν
718 1533 995 1605 ἔνστασινς
1031 1532 1155 1591 οὐδὲ
1198 1537 1301 1613 γάρ
1349 1534 1530 1611 ἕτερον
1578 1534 1731 1591 οὐδὲν
1777 1534 1972 1613 ἄνδρας

322 1622 401 1684 εἷς
453 1628 711 1699 γυναῖκας
757 1619 1002 1698 ἀμείϐειν
1059 1622 1223 1698 οἶδεν,
1256 1626 1330 1687 ὡς
1380 1629 1415 1695 ἡ
1461 1627 1597 1701 πρὸς
1653 1626 1813 1688 αὐτάς
1876 1626 1973 1699 ἐμ-

319 1713 505 1781 παθὴς
555 1713 743 1788 σχέσις
795 1714 883 1767 καὶ
942 1712 1219 1787 ἐμμανής·
1276 1711 1428 1769 οὐδὲν
1472 1712 1653 1791 ἕτερον
1710 1712 1971 1777 δυσαλέας

324 1805 475 1870 ζωῆς
506 1802 594 1856 καὶ
630 1800 985 1879 μαχλοσύνης
1026 1803 1114 1858 καὶ
1164 1808 1323 1876 σῶμα
1380 1806 1570 1880 σαθροῖ
1623 1803 1712 1858 καὶ
1746 1806 1931 1880 ψυχήν
1954 1826 1967 1839 σ

2097 667 2312 719 τυπται,
2363 645 2818 716 ἀντιπέπληκται,
2867 644 3002 721 ῥίγει
3050 646 3240 721 τυχὸν,
3295 650 3524 721 πυρετῷ,
3577 666 3743 724 κεφα-

2100 735 2203 804 λῆς
2271 733 2443 811 ἄλγει,
2488 732 2888 810 καρδιωγμοῖς,
2937 740 3254 807 τηνεσμοῖς,
3315 734 3516 811 ἑτέροις
3590 735 3741 790 ἀνια-

2099 830 2240 900 ροῖς·
2297 824 2374 879 ὅτ’
2423 823 2521 879 οὐκ
2570 820 2790 898 ἔμελλε,
2818 821 3007 877 πλεῖόν
3060 844 3112 876 τι
3176 820 3415 896 δέδρακε,
3452 823 3643 880 πλεῖόν
3688 846 3743 879 τι

2093 914 2384 969 πεπόνθειο
2436 913 2482 969 εἷ
2534 910 2579 967 δ’
2631 912 2693 967 οὐ
2738 913 2885 988 παρά
2933 909 3104 973 πόδας
3161 912 3319 966 παντὶ
3366 913 3547 985 ποινὰ,
3606 914 3743 969 κατά

2092 1002 2316 1079 καιροὺς
2375 1002 2467 1065 οὓς
2526 1000 2625 1056 οὒκ
2689 999 2924 1055 εἷ’σεται·
2991 1006 3253 1077 μαρτυρεῖ
3322 1003 3458 1078 πρὸς
3535 1002 3739 1079 ἑτέροις

2092 1091 2326 1154 πολλοῖς
2358 1093 2385 1146 6
2420 1093 2550 1167 ὑπὲρ
2579 1096 2687 1145 τῶν
2720 1085 3075 1144 Γαϐαωνιτῶν
3106 1089 3291 1163 λιμὸς,
3326 1090 3402 1153 ὡς
3441 1090 3492 1145 έν
3544 1091 3739 1155 ἄλλοις

2090 1181 2369 1242 πταίοντες
2415 1185 2649 1255 καιροῖς,
2708 1178 2760 1233 έν
2813 1177 3005 1240 ἄλλοις
3058 1174 3539 1252 ἀπολαμϐάνομεν.
3587 1184 3641 1233 ‘0
3692 1172 3739 1235 δ’

2090 1270 2339 1326 ἐνταυθοῖ
2383 1270 2449 1324 τά
2495 1268 2667 1323 πάντα
2732 1264 3101 1344 παραδραμὼν
3171 1267 3497 1343 βιαιοτέροις
3546 1268 3606 1323 ἂν
3658 1267 3741 1345 έγ-

2085 1358 2276 1436 κύρσοι
2308 1357 2395 1412 καὶ
2440 1355 2835 1430 μονιμωτέροις
2886 1353 2938 1408 ἐν
2986 1360 3065 1427 τῷ
3105 1353 3250 1410 τέλει
3300 1352 3519 1417 δεινοῖς.
3553 1356 3624 1410 Τὸ
3682 1353 3740 1411 δέ

2085 1468 2150 1523 γε
2204 1453 2475 1521 μισεῖσθαι
2505 1445 2594 1499 καὶ
2643 1445 2963 1506 ἀπευκταῖος
3022 1444 3154 1498 εἶναι
3213 1443 3302 1498 καὶ
3359 1444 3731 1520 ἀποτρόπαιος

2083 1538 2433 1613 καρπώσαιτο
2482 1535 2572 1589 καὶ
2626 1532 2701 1589 ἔτι
2752 1534 2954 1609 περιών
2983 1551 2993 1561 ·
3026 1533 3123 1588 κᾶν
3166 1532 3264 1588 οὐκ
3308 1532 3385 1595 εἷς
3436 1533 3739 1610 τούμφανὲς

2083 1625 2173 1681 διὰ
2204 1624 2343 1694 δέος,
2375 1624 2498 1680 ἀλλ’
2528 1624 2580 1678 ἐν
2615 1621 2847 1678 διαθέσει
2899 1626 3085 1697 ψυχῆς
3139 1621 3259 1697 ῥίζῃ
3308 1628 3563 1697 πονηρῶν
3615 1621 3733 1677 δια-

2084 1715 2402 1792 λογισμῶν’
2446 1712 2558 1787 ὅσῳ
2591 1710 2647 1767 δὲ
2696 1712 2954 1788 κρείττων
3004 1711 3215 1784 αἱρετὸς
3265 1712 3486 1786 ἡγεμὼν
3541 1709 3630 1766 διὰ
3670 1713 3735 1767 τὸ

2080 1805 2347 1881 χρηστὸν,
2377 1808 2474 1858 τοῦ
2506 1797 2742 1880 φοϐεροῦ
2800 1798 2889 1855 διὰ
2923 1801 2987 1855 τὸ
3034 1798 3355 1855 κολαστικόν
3385 1823 3396 1833 ·
3449 1800 3581 1875 ὑπὲρ
3630 1802 3726 1873 μὲν

319 1889 642 1968 σωφροσύνη
696 1890 927 1967 ῥώννυσι
977 1895 1155 1965 σῶμα,
1206 1893 1523 1971 σωφροσύνη
1574 1898 1824 1970 κραταιοῖ
1868 1895 1967 1963 τήν
2002 1930 2051 1995 Β
2078 1894 2179 1971 γάρ
2209 1898 2306 1948 τοῦ
2337 1892 2603 1968 προτέρου
2634 1886 2805 1970 φόϐος
2834 1888 3031 1963 πολὺς,
3064 1890 3252 1965 αἱρετή
3287 1886 3460 1943 δὲκαὶ
3514 1888 3729 1963 μᾶλλον

331 1976 1181 1995 ...ειμςν
1378 1979 1485 1995 ,κ
1628 1980 1639 1995 .
1912 1983 1937 1995 ..
2150 1980 2382 1995 _...
2561 1976 3055 1995 ,κ,....,ςκ,
3212 1978 3350 1995 κς,
3562 1980 3704 1995 ,-

316 1980 539 2054 ψυχήν·
590 1978 857 2035 ἀκολασία
905 1976 963 2035 δὲ
1007 1980 1097 2035 καὶ
1150 1978 1315 2059 ἄμφω
1375 1979 1822 2056 διαλυμαίνεται·
1874 1983 1969 2038 κᾶν

319 2066 480 2140 ὑγεία
520 2089 605 2130 τις
656 2066 707 2139 ἐξ
755 2066 959 2139 ἡδονῆς
1010 2073 1089 2141 τῷ
1135 2064 1714 2144 καταϐεϐλακευμένῳ,
1743 2070 1840 2126 κᾶν
1884 2069 1977 2125 εὐ-

314 2155 513 2232 σαρκία
568 2156 877 2231 νομίζοιτο,
935 2162 1042 2212 τῶν
1104 2155 1399 2221 Ἀδώνιδος
1456 2160 1647 2230 κήπων
1709 2157 1863 2214 οὐδέν
1922 2181 1974 2214 τι

315 2242 735 2322 διενηνόχατον,
795 2245 951 2322 οἵπερ
1001 2245 1085 2301 ἐπ’
1137 2245 1413 2323 ὀστράκων
1457 2246 1775 2319 τεθηλότες,
1807 2248 1976 2305 πλέον

312 2333 412 2388 τὸν
468 2331 646 2409 γέλων
706 2334 966 2390 συνίστων
1024 2340 1144 2398 τοῖς
1200 2334 1477 2412 ἐνορῶσιν,
1532 2338 1568 2407 ἢ
1624 2338 1688 2392 τὸ
1740 2336 1973 2409 τεθηλὸς

316 2423 557 2486 ἑαυτοῖς.
590 2426 690 2478 Οἴα
720 2421 778 2478 δὲ
816 2428 924 2479 τῶν
969 2427 1067 2493 τῆς
1116 2422 1390 2500 Κύπριδος
1446 2426 1514 2480 τά
1565 2424 1973 2500 σπουδάσματα,

311 2515 442 2566 τοῖα
491 2511 581 2567 καὶ
631 2513 699 2567 τά
742 2520 845 2582 τῆς
903 2512 1104 2584 εὐεξίας
1152 2512 1365 2577 αὐτοῖς’
1430 2514 1653 2590 ὀνείρων
1712 2517 1971 2570 ἀποσκιά-

324 2620 544 2674 σματα·
592 2602 656 2656 τὸ
683 2608 786 2672 τῆς
821 2605 965 2671 ζωῆς
995 2604 1097 2678 γὰρ
1142 2601 1434 2681 κεφάλαιον
1481 2611 1584 2674 τῆς
1633 2604 1973 2678 ἀνθρωπίνης

324 2686 627 2768 διέφθορεν,
687 2691 716 2744 6
765 2693 862 2760 τῆς
935 2689 1152 2768 ἀνδρίας
1226 2690 1488 2765 θέμεθλος
1563 2692 1972 2769 ἀνατέτραπται,

322 2778 586 2856 φρόνησις
647 2778 724 2842 εἷς
770 2780 833 2835 τὸ
884 2778 1052 2854 μηδὲν
1106 2778 1325 2851 εἰδέναι,
1360 2779 1489 2854 μηδ’
1535 2782 1609 2844 ὡς
1661 2782 1759 2837 οὐκ
1807 2780 1970 2854 ἴσασι,

318 2869 644 2943 περιέστηκε
668 2888 680 2899 ·
721 2869 787 2923 τὰ
818 2865 875 2923 δὲ
902 2876 1004 2939 τῆς
1036 2868 1333 2946 εὐκληρίας
1364 2868 1470 2941 ὕλη
1524 2870 1688 2943 μόνη,
1719 2871 1971 2948 τεχνίτου

322 2954 631 3020 λείποντος.
684 2957 802 3028 εἰκῆ
855 2959 1147 3036 φερομένη,
1180 2958 1269 3014 καὶ
1321 2958 1662 3015 ἀποτελοῦσα
1695 2961 1759 3015 τὸ
1795 2962 1971 3024 καθὼς

316 3042 518 3121 ἔτυχε·
580 3043 668 3101 διὰ
720 3051 889 3101 ταῦτα
950 3051 1058 3103 τῶν
1131 3048 1567 3124 ἀναγκαιοτάτων
1623 3054 1703 3122 τῷ
1762 3049 1975 3125 βασιλεῖ

323 3133 631 3208 βασιλεύειν
655 3140 764 3190 τῶν
798 3133 1034 3206 ἡδονῶν.

389 3230 457 3300 γ’.
488 3225 559 3279 Τὸ
590 3221 636 3279 δ’
670 3223 891 3301 ὀργίλον
923 3224 1013 3279 καὶ
1070 3226 1311 3299 μεμηνὸς
1359 3225 1675 3306 ἀπερῥίφθω
1725 3227 1970 3301 λῃσταῖς,

2083 1988 2181 2037 τοῦ
2239 1980 2492 2056 δευτέρου
2551 1979 2864 2056 ἀπαλλαγή.
2894 1979 2953 2032 Τί
3010 1976 3067 2034 δὲ
3122 1979 3235 2055 χρὴ
3295 1978 3469 2054 λέγειν
3518 1980 3585 2032 τὰ
3632 1983 3735 2050 τῆς

2085 2071 2504 2148 ἀσχημοσύνης,
2546 2068 2600 2126 εἷ’
2641 2071 2761 2124 ποτ’
2820 2068 2878 2124 ἂν
2938 2064 3065 2129 ἴσως
3124 2068 3185 2123 έκ
3237 2072 3334 2122 τοῦ
3380 2069 3455 2141 μὴ
3510 2068 3737 2133 συνειθί-

2086 2163 2202 2216 σθαι
2258 2163 2356 2231 τὴν
2414 2160 2623 2235 ἐποχὴν
2680 2162 2778 2214 τοῦ
2837 2162 3012 2231 θυμοῦ
3071 2157 3275 2233 μακρὸν
3310 2152 3573 2233 ὑπερϐαίη
3604 2158 3733 2220 τοὺς

2086 2248 2247 2326 ὅρους
2304 2249 2464 2312 αὐτὸς
2524 2250 2669 2322 παρά
2712 2249 2810 2317 τήν
2880 2251 2977 2301 τοῦ
3052 2245 3355 2321 πάσχοντος
3420 2244 3683 2321 βούλησιν
3718 2269 3731 2283 ·

2084 2339 2211 2393 ἐπάν
2241 2338 2305 2392 τὸ
2336 2338 2460 2413 περὶ
2489 2338 2588 2407 τὴν
2620 2335 2784 2410 κάραν
2827 2338 2966 2408 αἷμα
3006 2332 3288 2412 παφλάζον
3336 2332 3583 2413 σφοδρῶς
3638 2336 3728 2390 καὶ

2083 2428 2522 2499 ἀνακυκώμενον,
2565 2427 2702 2480 κατά
2771 2423 2991 2494 πολλὴν
3052 2424 3280 2501 ἐρημίαν
3338 2429 3436 2479 τοῦ
3485 2427 3734 2480 κατευνά-

2087 2522 2269 2586 ζοντος
2323 2517 2414 2571 καὶ
2459 2513 2924 2576 καταστέλλοντος
2975 2513 3265 2590 λογισμοῦ,
3324 2514 3418 2568 κάν
3468 2520 3585 2576 τοῖς
3634 2514 3731 2591 ἀγ-

2083 2606 2251 2682 γείοις
2283 2606 2685 2677 συνωθούμενον
2748 2603 2890 2657 οὕτω
2944 2600 3010 2672 δὴ
3071 2602 3160 2657 καὶ
3215 2603 3726 2679 στενοχωρούμενον

2080 2696 2336 2771 ταράττοι
2392 2695 2481 2749 καὶ
2541 2692 2867 2770 παρακινοίη
2926 2692 3018 2746 τὸν
3083 2691 3455 2768 ὀργιζόμενον,
3498 2692 3635 2769 πρός
3674 2713 3731 2748 τε

2080 2786 2179 2854 τὴν
2212 2782 2515 2862 ἐπιφάνειαν
2569 2781 2735 2851 αὐτὴν
2793 2780 3131 2857 βιαζόμενον,
3162 2781 3225 2835 τὸ
3286 2782 3379 2853 μὲν
3438 2780 3729 2856 πρόσωπον

2083 2870 2353 2946 διῳδηκὸς
2384 2871 2629 2941 ἐκτελοίη
2670 2869 2803 2943 μετά
2846 2891 2993 2931 τινος
3054 2867 3303 2931 ἀναιδοῦς
3358 2868 3578 2946 έρύθους
3636 2870 3729 2925 καὶ

2080 2960 2471 3031 πελιδνότητος
2526 2961 2617 3015 καὶ
2669 2958 2927 3028 ποικίλης
2984 2956 3464 3033 περικλονήσεως·
3521 2957 3651 3021 τοὺς
3683 2957 3730 3015 δ’

2084 3049 2401 3130 ὀφθαλμοὺς
2431 3047 2675 3125 ἄντικρυς
2727 3047 2987 3124 ἄνθρακας
3036 3046 3394 3123 ἀπεργάζοιτο
3438 3048 3526 3102 καὶ
3578 3046 3726 3109 ο⁹ίους

2079 3140 2207 3203 τοὺς
2281 3137 2585 3216 δρακόντων
2664 3136 2956 3211 ἀκούομεν,
3015 3137 3190 3191 πυκνά
3261 3131 3722 3213 περιστροϐουμέ-

2080 3251 2204 3292 νους
2280 3229 2368 3284 καὶ
2443 3224 2850 3287 ἀναπάλλοντας
2912 3226 3000 3280 καὶ
3047 3226 3142 3287 τὰς
3200 3224 3400 3286 οἰκείας
3452 3221 3613 3301 ἕδρας
3662 3224 3724 3280 οὐ

319 3298 568 3367 ὧνήκατά
600 3298 711 3382 τὴν
745 3298 842 3369 τοῦ
886 3308 1064 3391 ὄφεως
1104 3313 1371 3386 ὁμοίωσιν
1403 3317 1431 3370 6
1713 3298 1787 3371 ὧν
1836 3298 1971 3373 κατά
2001 3298 2043 3364 C
2082 3320 2390 3394 στέγοντας·
2441 3320 2476 3386 ἡ
2527 3317 2676 3391 φωνή
2711 3312 2757 3369 δ’
2808 3313 3192 3389 ὑπερτείνοιτο,
3226 3313 3316 3367 καὶ
3352 3314 3380 3366 6
3415 3298 3580 3389 λόγος
3628 3312 3729 3367 οὐκ

314 3401 420 3469 τήν
482 3398 804 3475 δαιμονικὴν
870 3402 1271 3476 μισανθρωπίαν
1328 3404 1392 3458 τὸ
1445 3403 1685 3475 ἀπηνές·
1729 3409 1810 3478 τῷ
1855 3408 1971 3461 καθ’

318 3489 586 3562 ὁμοίωσιν
616 3492 926 3568 τεταγμένῳ
972 3496 1105 3547 Θεοῦ
1149 3492 1239 3547 καὶ
1287 3496 1385 3547 τοῖ’)
1431 3491 1752 3567 πλάσματος
1804 3494 1970 3551 αὐτοῦ

318 3578 734 3652 πεπιστευμένῳ
777 3581 877 3648 τήν
928 3577 1267 3653 ἐπιμέλειαν,
1310 3581 1373 3636 τὸ
1422 3579 1663 3656 γαληνὸν
1719 3604 1968 3661 προσηρ-

322 3667 511 3741 μόσθω
557 3667 649 3723 καὶ
694 3667 926 3744 ἥμερον,
974 3669 1034 3723 τὸ
1095 3668 1327 3732 ἐπιεικὲς
1391 3670 1481 3724 καὶ
1542 3668 1925 3748 φιλάνθρωπον
1954 3696 1965 3707 ·

315 3754 490 3812 εἰδότι
544 3754 731 3819 καλῶς
785 3756 868 3812 ὅτι
923 3758 988 3812 τὸ
1042 3757 1351 3834 ἀρχόμενον
1420 3761 1687 3837 συγγενὲς,
1742 3762 1830 3816 καὶ
1892 3763 1966 3825 ὡς

313 3846 507 3901 ἑαυτὸν
557 3845 889 3922 περιέποντι,
937 3849 1045 3901 τῶν
1098 3845 1448 3923 ὑγιαινόντων
1496 3849 1965 3925 προμηθουμένῳ,

309 3933 444 3997 τοὺς
498 3932 921 4011 ιάῥρωστοῦντας
991 3932 1456 4009 έπισκεπτομένῳ,
1514 3936 1602 3991 καὶ
1683 3939 1965 4015 θεραπείας

312 4023 555 4094 ἀξιοῦντι
604 4025 702 4092 τῆς
758 4022 1084 4099 κρείττονος,
1122 4021 1442 4099 μαλάγματι
1499 4026 1594 4097 μὲν
1644 4027 1720 4088 ὡς
1771 4025 1963 4083 ἐπίπαν

308 4112 401 4167 καὶ
433 4109 793 4186 καταδέσμοις
821 4130 833 4143 ’
882 4113 1017 4168 ποτὲ
1049 4109 1107 4167 δὲ
1152 4112 1242 4167 καὶ
1287 4113 1424 4168 κατά
1463 4111 1683 4184 πολλὴν
1733 4115 1966 4193 ἀνάγκην

310 4201 744 4280 προσφερομένῳ
820 4200 909 4255 καὶ
968 4200 1385 4278 αὐστηρότερον,
1444 4198 1592 4280 εἷ’περ
1669 4206 1803 4278 μετά
1867 4227 1964 4261 συ-

310 4292 451 4365 χνήν
481 4290 575 4345 καὶ
603 4292 917 4367 παρήγορον
951 4290 1171 4365 ἀγωγὴν
1222 4290 1372 4367 ὁρῴη
1404 4292 1504 4360 τήν
1560 4291 1716 4347 νόσον
1777 4293 1963 4371 ἀγρίαν

309 4399 371 4433 τε
419 4378 509 4433 καὶ
571 4375 961 4434 δυσκάθεκτονο
1022 4378 1099 4441 ὡς
1183 4379 1366 4452 μέντοι
1445 4378 1631 4445 μέλεσι
1713 4383 1961 4457 γνησίοις

314 4463 743 4540 συνοδυνωμένῳ
770 4470 890 4529 τοῖς
927 4465 1230 4542 πάσχουσιν
1257 4486 1269 4497 ·
1322 4467 1465 4523 οὕτω
1511 4490 1593 4530 τις
1645 4470 1722 4532 εἷς
1773 4472 1958 4528 ἑαυτὸν

313 4554 464 4611 ἕλκει
521 4554 648 4616 τοὺς
714 4554 1031 4631 οὶκτιρμοὺς
1085 4560 1183 4610 τοῦ
1249 4562 1416 4611 Θεοῦ*
1481 4557 1624 4612 οὕτω
1685 4560 1959 4635 βασιλείαν

2081 3404 2319 3480 εὔσημος
2390 3399 2651 3479 ἀκριϐῶς,
2712 3404 2846 3457 ἅπαν
2906 3423 2964 3458 τε
3012 3400 3074 3456 τὸ
3146 3407 3304 3475 σῶμα
3366 3401 3725 3478 σπαράττοιτο

2078 3497 2168 3552 καὶ
2225 3495 2468 3556 ἀτάκτως
2523 3492 2670 3563 ᾅττοι
2717 3492 2806 3547 καὶ
2876 3492 3266 3570 παραφέροιτο,
3323 3495 3404 3563 τῷ
3456 3490 3721 3565 πνεύματι

2076 3594 2175 3655 τῆς
2219 3585 2386 3661 ὀργῆς
2439 3581 2823 3658 ἐνεργούμενον
2853 3603 2864 3614 ·
2917 3580 3079 3635 ὁποία
3122 3579 3246 3635 τότε
3295 3582 3481 3655 ψυχῆς
3531 3580 3719 3658 φανείη

2077 3676 2436 3741 κατάστασις;
2497 3668 2667 3733 ὅντως
2727 3671 2859 3745 ἀνὴρ
2929 3667 3190 3741 θυμώδης
3245 3667 3344 3722 οὐκ
3400 3667 3719 3743 εὐσχήμων,

2079 3764 2356 3839 εὐστόχως
2414 3758 2661 3837 εἶ’ρηται’
2714 3757 2800 3813 διὸ
2849 3759 2937 3813 καὶ
2999 3756 3119 3813 λίαν
3179 3754 3385 3827 ἀπᾷδον
3438 3762 3599 3812 τοῦτο
3654 3758 3717 3812 τὸ

2075 3854 2245 3914 πάθος
2273 3855 2341 3925 τῇ
2379 3849 2636 3927 βασιλικῇ
2667 3845 3013 3920 κοσμιότητι.

2148 3939 2211 3999 δ’.
2246 3944 2403 3996 Λαῶν
2434 3940 2775 4012 κοσμήτορες
2810 3937 2861 3991 οἱ
2915 3934 3171 4011 βασιλεῖς
3214 3933 3444 3991 ἔκπαλαι
3491 3932 3721 4005 κέκλην-

2071 4052 2159 4088 ται
2189 4029 2278 4085 καὶ
2321 4027 2574 4101 ποιμένες
2606 4025 2752 4082 λαῶν
2776 4047 2788 4059 ·
2838 4026 2867 4078 6
2913 4024 3087 4079 τοίνυν
3141 4023 3305 4085 λαοὺς
3334 4019 3720 4100 προϐεϐλημέ-

2071 4143 2159 4183 νος
2203 4124 2450 4193 κοσμεῖν,
2508 4117 2584 4178 ὡς
2633 4115 2902 4190 στατηγὸς
2950 4113 3001 4168 έν
3051 4119 3167 4175 ταῖς
3223 4112 3596 4190 παρατάξεσιν,
3644 4114 3718 4175 ὡς

2072 4214 2289 4286 πρῶτος
2343 4206 2569 4282 ἡγεμὼν
2615 4204 2703 4259 καὶ
2751 4201 3047 4271 παιδευτὴς
3091 4202 3141 4257 ἐν
3184 4206 3300 4263 τοῖς
3349 4199 3555 4273 ἤθεσιν,
3590 4199 3750 4256 ὅσον¹

2072 4295 2218 4375 ἔχειν
2265 4295 2426 4358 αὐτὸς
2475 4293 2679 4373 ὀφείλει
2733 4293 2796 4347 τὸ
2853 4290 3120 4365 κόσμιον;
3171 4289 3294 4345 ὅσον
3343 4287 3402 4344 δὲ
3456 4288 3591 4365 πρὸς
3648 4290 3717 4344 τά

2069 4389 2298 4462 ποίμνια
2362 4385 2425 4440 τὸ
2488 4380 2851 4455 κηδεμονικὸν
2899 4382 2927 4434 6
2974 4382 3207 4453 ποιμὴν,
3268 4376 3410 4456 ἄγων
3471 4379 3565 4450 μὲν
3626 4377 3713 4432 ἐπὶ

2068 4477 2240 4549 νομάς
2297 4473 2517 4549 ἀγαθάς,
2577 4469 2731 4541 αὐλῷ
2781 4466 2839 4524 δὲ
2898 4467 3110 4545 τέρπων
3180 4468 3268 4522 καὶ
3336 4466 3545 4543 σύριγγι
3622 4466 3711 4521 καὶ

2070 4564 2269 4639 ᾠδαῖς·
2330 4562 2392 4616 οὐ
2462 4558 2697 4631 δεσμῶν,
2759 4558 2821 4612 οὐ
2900 4552 3195 4631 στρεϐλῶν,
3253 4555 3315 4609 οὐ
3386 4553 3709 4624 καταικίζων

317 4643 651 4701 ὀκατάλυτον
711 4645 885 4717 ἑαυτῷ
946 4645 1444 4721 πρσμνηστεύεται⁶
1494 4646 1637 4702 οὕτω
1692 4649 2034 4729 κάνταῦθαΙ)
2068 4658 2286 4732 μικραῖς
2353 4649 2649 4727 προφάσεσι
2680 4668 2691 4681 ·
2748 4651 2914 4700 ταῦτα
2960 4647 3066 4721 γὰρ
3114 4644 3175 4700 οὐ
3223 4642 3395 4699 καλοῦ
3424 4642 3708 4717 ποιμένος,

312 4739 442 4789 πᾶσι
501 4732 765 4812 φιλεῖται,
812 4738 969 4788 πᾶσιν
1046 4733 1323 4810 ἑκασταχῆ
1394 4733 1724 4811 περιᾴδεται,
1784 4736 1960 4795 διακε-

308 4820 565 4899 κραγόσιν
597 4839 612 4891 ;
646 4822 703 4874 Ὀ
760 4818 1213 4898 σωφρονέσνατος,
1270 4822 1297 4875 6
1355 4821 1679 4896 πραότατος,
1735 4826 1763 4879 6
1824 4827 1955 4904 ἀφο-

313 4908 605 4983 μοιότατος
664 4913 800 4982 Θεῷ.
855 4909 925 4964 Τὸ
984 4906 1042 4964 δὲ
1096 4909 1293 4987 σάρκας
1360 4911 1653 4988 ἀνθρώπων
1710 4915 1955 4986 καταξαί-

305 5019 414 5053 νειν
445 4995 518 5053 δι’
549 4994 789 5075 ἀμυδρόν
838 5018 894 5052 τι
922 4994 1319 5072 πλημμέλημα
1370 5006 1470 5056 τοῦ
1525 5003 1817 5068 κατεσθίειν
1866 5002 1956 5060 διὰ

308 5086 504 5160 μανίαν
539 5084 761 5149 ἑαυτοὺς
793 5085 854 5141 οὐ
899 5084 1165 5160 πάμπολυ
1215 5085 1529 5166 διενήνοχεν
1557 5112 1569 5125 ·
1621 5091 1799 5169 ὥσπερ
1848 5094 1950 5171 γάρ

304 5176 417 5233 ἐκεῖ
471 5178 571 5247 τῆς
615 5180 725 5231 τῶν
777 5173 982 5231 ὀδυνῶν
1034 5175 1334 5247 αἰσθήσεως
1373 5180 1410 5248 ἡ
1459 5180 1600 5257 φορά
1644 5188 1743 5251 τῆς
1790 5182 1951 5238 νόσου

300 5270 649 5342 κατακρατεῖ,
699 5262 1097 5341 παραπλησίως
1164 5265 1430 5321 κάνταῦθα
1479 5267 1605 5331 τοὺς
1663 5269 1948 5348 ὀργιζομέ-

302 5376 432 5418 νους
471 5355 540 5410 τὸ
581 5358 681 5410 τοῦ
723 5356 898 5429 θυμοῦ
957 5350 1258 5426 διατίθησιν
1311 5355 1696 5433 ἀκατάσχετον,
1748 5361 1835 5415 καὶ
1886 5361 1949 5417 ού

308 5444 558 5516 μεθίησιν
593 5442 814 5515 ἐννοεῖν,
846 5441 971 5497 ὅσον
1028 5442 1088 5497 ἃν
1138 5444 1372 5514 ἠνιῶντο
1420 5445 1721 5523 πάσχοντες
1762 5449 1946 5505 οὗτοι·

304 5533 395 5588 καὶ
425 5533 513 5589 ὅτι
559 5539 663 5603 τῆς
710 5532 875 5602 αὐτῆς
928 5531 1111 5594 οὐσίας
1160 5534 1189 5587 ὁ
1235 5530 1668 5611 τιμωρούμενος,
1700 5538 1788 5592 καὶ
1832 5539 1945 5594 οἷον

308 5618 455 5698 φέρει
513 5621 579 5676 τὸ
641 5618 837 5698 ἄλγος·
896 5619 985 5674 καὶ
1061 5618 1177 5676 θ’ίαν
1234 5623 1263 5676 ὁ
1313 5626 1600 5697 συμπαθὴς
1682 5624 1948 5699 δεσπότης

313 5708 505 5787 ἰπάγει
562 5711 663 5780 τήν
740 5705 986 5783 ἄμυναν·
1044 5707 1203 5784 ἔτυψέ
1256 5732 1340 5774 τις
1395 5712 1657 5790 ῥοπάλοις
1714 5721 1944 5792 πικρῶς,

2069 4742 2194 4799 οὐδὲ
2246 4741 2451 4804 τιθέναι
2502 4737 2601 4805 τὴν
2661 4736 2844 4811 ψυχὴν
2906 4735 3037 4811 ὑπὲρ
3079 4740 3180 4803 τῆς
3227 4732 3467 4806 ποίμνης
3513 4752 3711 4786 πεπαι-

2069 4831 2346 4907 δευμένου.
2377 4827 2447 4882 Τό
2506 4847 2569 4900 γε
2629 4825 2736 4898 μὴν
2790 4823 2923 4878 κάπὶ
2979 4828 3047 4897 τῇ
3106 4826 3210 4877 τῶν
3260 4820 3538 4897 ἀγομένων
3587 4820 3709 4897 τέρ-

2064 4924 2252 4977 πεσθαι
2314 4910 2572 4990 συντριϐῇ
2622 4917 2729 4967 τῶν
2781 4919 2881 4982 τῆς
2922 4911 3085 4980 αὐτῆς
3128 4911 3336 4990 φύσεως
3365 4908 3708 4983 ἠξιωμένων,

2061 5010 2151 5064 καὶ
2210 5013 2327 5068 τοῖς
2384 5006 2579 5081 ἑτέρων
2632 5000 2905 5077 ἀλγεινοῖς
2965 4996 3271 5077 ἐφήδεσθαι,
3329 5005 3429 5068 τῆς
3482 4996 3710 5075 Ἐχέτου

2061 5094 2358 5175 θηριωδίας
2431 5092 2521 5149 καὶ
2599 5089 2946 5163 ἰταμότητος.
3020 5088 3322 5175 Σέσωστρις
3386 5085 3709 5175 ,Αἰγυπτίων

2060 5173 2149 5240 καὶ
2208 5181 2501 5259 Ἀσσυρίων
2572 5176 2854 5249 δυνάστης,
2917 5174 3171 5252 βασιλέας
3231 5174 3494 5248 ὑποτάξας
3562 5173 3705 5231 πολ-

2060 5272 2212 5346 λοὺς,
2261 5272 2470 5343 κόσμου
2523 5267 2626 5342 γὰρ
2683 5267 2962 5342 κατῆρξεν,
3003 5264 3048 5320 εἷ
3111 5266 3185 5338 μή
3244 5263 3590 5335 παντὸς,τοῦ
3644 5283 3707 5340 γε

2057 5362 2331 5430 πλείονος,
2394 5360 2591 5431 ἅρματι
2674 5355 2765 5429 μὲν
2824 5354 3017 5417 αὐτοὺς
3091 5354 3378 5429 ὑπεζεύγνυ
3437 5352 3701 5428 λαμπρῷ,

2060 5451 2128 5507 δι’
2164 5450 2337 5507 αὐτῶν
2391 5446 2436 5503 δ’
2470 5440 2757 5501 ἐπιϐαίνων
2817 5442 3396 5522 πεφρονηματισμένος
3455 5441 3542 5498 καί
3598 5463 3700 5516 γη-

2057 5542 2314 5602 θόσυνος·
2365 5538 2453 5592 καὶ
2512 5534 2660 5596 τινός
2707 5554 2839 5587 ποτε
2884 5538 2992 5587 τῶν
3048 5530 3456 5607 ὑπεζευγμένων
3518 5529 3702 5606 βράδι-

2057 5652 2179 5685 στον
2228 5629 2316 5683 καὶ
2373 5624 2809 5697 ἀνακεκομμένον
2882 5619 3217 5698 βαδίσαντος,
3261 5620 3322 5675 Τί
3368 5617 3507 5689 δῆτα
3566 5616 3698 5692 μέλ-

2058 5719 2195 5792 λεις,
2230 5719 2457 5794 ἀνήρετο
2482 5733 2496 5785 ;
2525 5712 2615 5768 καὶ
2646 5712 2728 5785 ὃς,
2760 5713 2879 5766 Ὅτι
2907 5712 3001 5774 τὰς
3030 5714 3138 5767 τῶν
3167 5714 3409 5788 τροχῶν,
3433 5707 3694 5785 ἐπήγαγε,
