4096 6472
328 375 454 443 663

1585 371 2008 435 NICEPHORI
2050 371 2491 434 BLEMMIDIE

3615 374 3740 435 664

337 505 577 584 στροφὰς
645 508 903 581 καθορῶ’
954 502 1130 566 συνεὶς
1197 501 1288 559 οῦν
1339 503 1368 558 6
1413 503 1709 580 Αἲγύπτιος
1765 504 1830 558 τὸ
1883 511 1984 572 τῆς
2012 500 2224 578 Αᾶἱγαν
2295 509 2374 575 τῷ
2446 503 2660 579 βασιλεῖ
2740 504 2830 558 καὶ
2913 502 3287 578 ἀνάρμοστος*
3339 500 3566 579 τέτταρα
3634 504 3738 580 γὰρ

333 596 513 672 τύχης
569 597 795 649 ἄστατον
855 591 1233 665 ὑποδηλωθὲν,
1283 593 1580 669 πραότερος
1636 598 1732 646 τοῦ
1783 593 1981 649 λοιποῦ

328 684 422 742 καὶ
475 682 909 758 συμπαθέστερος
957 683 1046 751 ἦν.
1096 684 1277 757 Ἱέρων
1326 681 1383 737 δὲ
1446 683 1813 758 Συρακούσιος
1878 683 1985 758 οὐχ

331 774 564 832 ἑκόντων
615 770 986 848 ἡγεμονεύσας
1031 776 1139 825 τῶν
1178 769 1441 841 Σικελῶν,
1475 768 1660 826 οὔτινα
1700 777 1806 826 τῶν
1856 772 1982 846 πρὶν

334 861 862 935 ἀντικαθισταμένων
927 861 1062 933 μετά
1114 861 1214 928 τήν
1288 860 1587 935 ἡγητορίαν
1667 860 1981 931 λελύπηκε-

337 950 552 1026 μᾶλλον
597 951 692 1023 μὲν
717 950 809 1004 οὖν
838 947 895 1004 εὖ
926 948 1100 1004 ἐποίει
1130 955 1233 1003 πᾶν
1262 950 1325 1003 τὸ
1366 950 1581 1018 πλῆθος
1626 947 1715 1003 διά
1762 952 1983 1019 παντὸς,

334 1043 426 1097 οἷα
480 1041 663 1116 πατὴρ
723 1038 913 1111 ἱλαρὸς
972 1036 1182 1111 ἑκάστῳ
1224 1035 1292 1105 δὴ
1344 1039 1773 1115 προφερόμενος.
1806 1042 1983 1095 ’Έτεσι

334 1127 394 1186 δὶ
439 1128 704 1206 κατάρξας
749 1126 997 1203 τέσσαρσι
1047 1128 1185 1203 πρὸς
1233 1130 1587 1198 πεντήκοντα,
1766 1125 1983 1201 πατρίδι

340 1221 435 1294 μὲν
488 1220 589 1287 τὴν
636 1217 882 1293 εἰρήνην,
926 1218 1099 1288 ἑαυτῷ
1155 1213 1212 1270 δὲ
1259 1218 1359 1284 τὴν
1406 1218 1585 1293 ἀρχὴν
1638 1216 1983 1271 ἀστασίαστον

335 1311 508 1379 πάντη
591 1304 998 1382 διατετήρηκεν.
1059 1301 1529 1378 Ἐπιϐαλλόμενος
1603 1304 1661 1359 δέ
1714 1304 1985 1369 πολλάκις

339 1398 630 1461 ἀποθέσθαι
671 1396 774 1463 τήν
825 1391 1154 1465 δυναστείαν,
1197 1398 1352 1467 κοινῇ
1399 1399 1496 1448 τοῦ
1544 1393 1788 1465 πλήθους
1842 1396 1984 1448 ἀντι-

340 1481 567 1556 ϐολήσει
631 1482 1063 1539 διακεκώλυταιο
1115 1488 1372 1537 τοσοῦτον
1433 1483 1689 1559 ἐράσμιος
1752 1484 1984 1560 ἐγεγόνει

337 1580 456 1637 τοῖς
522 1573 876 1650 ἀρχομένοις,
927 1574 1414 1650 σωφρονικώτατος
1475 1570 1567 1643 ὢν,
1636 1573 1987 1649 εὐεργετικώ-

336 1685 524 1731 τατος,
558 1660 635 1718 ἔτι
673 1662 886 1737 μᾶλλον
931 1662 1309 1738 ἡμερώτατος.
1341 1667 1446 1715 Τοῦ
1478 1660 1524 1716 δ’
1564 1662 1726 1717 αὐτοῦ
1781 1664 1988 1739 τρόπου

337 1753 431 1809 καὶ
488 1751 764 1824 Ἄλκιμος
836 1752 905 1821 ἧν
965 1752 994 1805 6
1052 1749 1262 1813 Λυδός*
1322 1750 1438 1805 ὅθεν
1500 1751 1551 1805 έν
1609 1751 1824 1827 γαλήνῃ
1897 1755 1987 1808 καὶ

2089 682 2153 736 τὸ
2241 683 2605 757 μικροπρεπὲς
2688 681 2738 736 έν

2091 590 2326 646 ἐντεῦθεν
2384 592 2765 647 ἀποκυίσκεται
2822 593 3038 668 τέρατα,
3098 594 3161 647 16
3215 591 3584 667 ἀνελεύθερον,
3647 594 3740 647 καὶ

2824 687 2942 743 ταῖς
3026 680 3226 750 δόσεσι,
3279 683 3342 735 τὸ
3407 679 3737 752 καπηλικὸν,

2093 773 2184 826 καὶ
2267 772 2329 826 τὸ
2412 772 2794 827 πλεονεκτικὸν
2870 771 2920 825 έν
2998 779 3118 833 ταῖς
3195 771 3427 845 λήψεσι·
3503 773 3566 826 16
3644 772 3740 843 μὶν

2093 862 2194 936 γάρ
2257 858 2386 933 μηδ’
2445 861 2591 924 ὅλως
2640 862 2674 930 ἢ
2727 860 2947 937 ὀλίγους
3008 862 3093 915 καὶ
3159 857 3532 936 βεϐιασμένως
3588 862 3743 936 εὐερ-

2093 957 2264 1024 γετεῖν
2326 948 2609 1005 δουλικόνδ
2656 948 2853 1012 δοῦλος
2909 951 3013 1025 γὰρ
3069 950 3130 1005 οὐ
3181 948 3423 1019 δίδωσιν,
3453 953 3488 1018 ἢ
3528 948 3743 1026 ὀλίγοις

2095 1036 2244 1112 εἴπερ
2328 1035 2656 1110 ἐκϐιασθείη,
2715 1040 2804 1093 καὶ
2878 1040 3091 1101 τούτοις
3175 1038 3422 1094 κλέπτων
3502 1041 3571 1094 τά
3643 1044 3745 1094 τοῦ

2095 1125 2389 1182 δεσπότου*
2451 1133 2570 1189 πῶς
2616 1129 2719 1203 γάρ
2768 1126 2954 1189 ἄλλως
2986 1130 3014 1181 6
3051 1125 3220 1200 μηδὲν
3269 1125 3434 1203 ἔχων,
3469 1127 3559 1181 καὶ
3612 1127 3745 1183 αὐτὸ

2092 1217 2155 1270 τὸ
2232 1221 2392 1288 σῶμα
2467 1214 2994 1292 δεδιαπεπραμένος;
3055 1217 3134 1273 Τὸ
3210 1213 3267 1270 δὲ
3332 1216 3566 1278 πολλοῖς
3646 1218 3744 1289 μὲν

2096 1303 2403 1381 δωρεῖσθαι,
2463 1308 2838 1383 πεφεισμένως
2898 1304 2955 1359 δέ
3021 1325 3084 1380 γε
3147 1305 3237 1359 καὶ
3294 1310 3591 1380 πενιχρῶς,
3652 1308 3745 1360 καὶ

2100 1395 2335 1467 μάλιστα
2388 1402 2506 1457 τοῖς
2573 1396 2740 1466 ἀξίοις
2794 1392 3030 1465 πολλοῦ,
3083 1395 3230 1448 τοῦτ’
3286 1393 3538 1455 εὐτελοῦς
3594 1415 3745 1455 τινος

2095 1484 2185 1539 καὶ
2242 1489 2459 1560 μικροῦ,
2500 1486 2576 1556 μή
2642 1484 2846 1556 μέντοι,
2901 1488 2998 1537 τοῦ
3046 1484 3259 1537 πάντων
3322 1484 3746 1558 ὑπερτεροῦντος

2096 1573 2184 1628 καὶ
2237 1573 2635 1649 ὑπερέχοντος⁶
2667 1573 2731 1627 τὸ
2784 1570 2831 1626 δ’
2879 1572 3065 1634 αὐτοῖς
3121 1573 3497 1647 χαμαιζήλοις
3539 1573 3751 1648 συμφέ-

2099 1664 2279 1738 ρεσθαι
2339 1662 2649 1739 πφάγμασι,
2704 1662 2794 1716 καὶ
2856 1660 2983 1722 τοὺς
3060 1658 3366 1722 ἰδιωτικοὺς
3438 1659 3751 1735 πορισμοὺς

2103 1746 2481 1823 μεταδιδάξειν
2557 1752 2631 1812 εἰς
2704 1752 2768 1805 τὸ
2844 1748 3134 1823 δημόσιον,
3192 1754 3467 1825 μηχαναῖς
3527 1749 3587 1803 τέ
3634 1770 3750 1803 τισι

342 1842 573 1921 ἀφθονίᾳ
626 1841 689 1896 τὸ
749 1841 988 1911 ὑπήκοον
1051 1842 1202 1916 βιοῦν
1262 1841 1683 1916 παρεσκεύασεν·
1742 1843 1875 1896 έπτά
1931 1840 1987 1897 δὲ
2018 1869 2067 1935 Β
2098 1841 2546 1917 κατασοφίζεσθαι
2616 1840 2703 1894 καὶ
2781 1837 3075 1915 περισυλᾷν
3140 1840 3203 1893 τὸ
3263 1838 3526 1908 ὑπήκοον,
3585 1842 3752 1892 τοῦτο

344 1929 749 2003 διεληλυθότων
825 1929 959 1984 έτῶν
1037 1929 1387 1984 έθεοκλύτουν
1446 1931 1498 1983 οἳ
1565 1930 1691 1985 λαοὶ
1746 1934 1986 2007 παγγενῆ

346 2019 614 2081 συνιόντες
644 2018 733 2073 καὶ
780 2015 1056 2091 πανδημεὶ
1108 2018 1199 2072 τὸν
1256 2018 1438 2093 βίοτον
1489 2019 1874 2073 έπεκτείνεσθαι
1916 2025 1997 2091 τῷ

350 2112 497 2186 σφῶν
529 2106 703 2162 αὐτῶν
741 2105 957 2183 βασιλεῖ
979 2126 992 2137 ·
1047 2106 1137 2161 καὶ
1166 2108 1233 2175 ἦν
1282 2111 1448 2161 τοῦτο
1472 2128 1485 2140 ·
1541 2107 1630 2162 καὶ
1663 2107 1935 2177 πολυετὴς
1969 2110 1997 2163 6

346 2196 626 2271 Ἄλκιμος
682 2196 943 2271 γεγονὼς,
978 2194 1268 2268 εὐημερίαν
1321 2196 1415 2268 μέν
1466 2202 1545 2267 τῷ
1599 2196 1721 2253 τότε
1780 2196 1998 2269 Λυδοῖς,

353 2288 529 2359 ἑαυτῷ
583 2283 631 2341 δ’
688 2283 863 2358 ὄνομα
915 2284 1005 2339 καὶ
1057 2281 1162 2347 ’έως
1223 2282 1380 2360 δεῦρο
1436 2284 1580 2339 πολὺ
1643 2287 1732 2340 καὶ
1784 2286 1998 2341 κλεινὸν

362 2373 774 2431 καταλέλοιπεν.
835 2374 1068 2428 Ἐπαινῶ
1139 2373 1266 2428 105:
1341 2375 1757 2450 προγενέστερον
1840 2371 1999 2451 βεϐα-

364 2461 684 2525 σιλευκότας
729 2462 1040 2535 Ῥωμαίων,
1071 2462 1153 2516 ὅτι
1199 2464 1284 2534 τὸ,
1333 2464 1395 2517 Ἡ
1446 2462 1760 2537 γαληνότης
1816 2467 2000 2537 ἡμῶν,

362 2558 523 2607 πᾶσιν
579 2551 751 2606 αὐτῶν
809 2549 1073 2614 ένετίθουν
1133 2557 1248 2611 τοῖς
1305 2549 1679 2627 διατάγμασιν,
1734 2553 1851 2608 ἀντὶ
1906 2559 2004 2608 τοῦ

361 2640 610 2719 γράφειν,
640 2642 703 2696 Ἦ
736 2637 984 2716 βασιλεία
1017 2661 1121 2713 μου
1144 2658 1157 2671 ·
1210 2638 1503 2710 δηλοῦντες
1533 2642 1615 2695 ὅτι
1654 2643 1718 2697 τὸ
1764 2642 2001 2717 γαληνόν

359 2751 420 2786 τε
447 2731 538 2784 καὶ
568 2729 773 2805 ἥμερον
824 2728 1211 2807 ἆφωσιωμένον
1261 2734 1341 2801 τῷ
1392 2730 1607 2805 βασιλεῖ
1662 2733 1752 2786 καὶ
1802 2732 2002 2808 ἐξαίρε-

359 2839 477 2889 τον,
502 2818 592 2873 καὶ
624 2818 757 2893 ὑπὲρ
787 2817 955 2886 αὐτὴν
985 2818 1084 2885 τήν
1118 2815 1419 2893 ἁλουργίδα
1464 2820 1554 2873 καὶ
1600 2820 1664 2874 τὸ
1721 2818 1966 2893 διάδημα
1987 2839 2000 2851 ·

358 2908 429 2962 τά
488 2909 582 2980 μὲν
633 2907 735 2982 γὰρ
778 2905 868 2959 καὶ
912 2904 1162 2980 τύραννοι
1210 2908 1609 2984 σφετερίζονται
1636 2928 1649 2941 ·
1692 2908 2004 2984 γαληνότης

362 2992 422 3051 δὲ
453 2995 743 3071 βασιλικῆς
773 2994 919 3065 ἀξίας
958 2994 1049 3049 καὶ
1101 2995 1272 3068 μόνης
1331 2996 1526 3051 ἀσυλόν
1569 3019 1621 3052 τι
1665 3006 1861 3072 χρῆμα
1915 2999 2004 3053 καὶ

362 3085 712 3163 ἀναφαίρετον
739 3102 752 3114 ·
804 3082 889 3139 διὸ
919 3082 1125 3140 πολλοὶ
1152 3090 1259 3139 τῶν
1290 3085 1459 3140 πάλαι
1512 3086 1777 3162 βασιλέων
1824 3087 2004 3165 ἔργοις

357 3196 418 3230 τε
468 3173 558 3229 καὶ
608 3171 799 3248 λόγοις
845 3171 1247 3251 ἐφιλοσόφησαν
1296 3175 1420 3251 περὶ
1465 3175 1666 3246 ταύτης
1721 3184 1822 3245 τῆς
1882 3179 2003 3252 ἀρε-

357 3270 493 3333 τῆςο
535 3262 635 3317 οὐκ
677 3260 899 3319 ἔλαττον
934 3259 991 3317 δὲ
1013 3267 1121 3317 τῶν
1154 3261 1339 3318 ἄλλων
1382 3265 1411 3318 6
1454 3265 1587 3336 μετά
1631 3266 1866 3341 Νερούαν
1911 3268 2001 3321 τὸν

358 3353 547 3427 πράως
605 3350 694 3406 καὶ
753 3356 932 3429 σοφῶς
995 3351 1085 3406 καὶ
1160 3351 1318 3406 αὐτὸν
1406 3348 1846 3428 βεϐασιλευκότα,
1903 3358 2003 3425 τήν

358 3440 779 3517 αὐτοκρατορίαν
836 3441 1309 3516 περιζωσάμενος·
1371 3442 1528 3504 οὗτος
1591 3445 1692 3518 γάρ
1747 3450 2002 3498 τοσοῦτον

360 3530 565 3606 ἔσχηκε
592 3530 656 3585 τὸ
699 3535 869 3605 πρᾶον
921 3529 1010 3583 καὶ
1062 3529 1364 3607 φίλοικτον,
1397 3531 1473 3593 ὡς
1521 3533 1611 3586 καὶ
1660 3533 2003 3608 συγκάμπτε-

359 3620 479 3673 σθαι
530 3616 687 3672 παντὶ
746 3614 1078 3690 λυπουμένῳ
1133 3617 1225 3672 καὶ
1284 3618 1596 3694 συναλγεῖν
1640 3622 1775 3695 πρὸς
1808 3619 1867 3675 δὲ
1916 3622 2005 3676 καὶ

357 3705 680 3780 τωθασμοὺς
739 3706 915 3782 φέρειν
972 3706 1062 3760 καὶ
1119 3706 1478 3777 ἀνεξικακεῖν’
1539 3705 1646 3763 δεῖν
1708 3710 2006 3780 ἐξισοῦσθαι

362 3794 539 3870 λέγων
574 3794 666 3848 τὸν
724 3793 948 3869 βασιλέα
1008 3799 1086 3866 τῷ
1133 3801 1267 3867 Θεῷ,
1323 3796 1411 3851 καὶ
1455 3795 1856 3871 πλημμελειῶν
1916 3800 2005 3853 καὶ

360 3882 708 3956 σκωμμάτων
768 3882 1101 3958 ἀντέχεσθαι.
1163 3884 1222 3937 Τί
1281 3882 1371 3939 οῦν
1432 3886 1605 3963 ἀπῆγε
1659 3895 1759 3957 τῆς
1813 3888 2006 3943 τοσαύ-

358 3994 462 4043 της
546 3970 965 4047 χρηστότητος;
1045 3974 1374 4048 συγγνώμην
1458 3979 1566 4029 τῶν
1650 3977 2008 4052 ἠγνοημένων

363 4056 554 4137 εὕρατο
602 4059 693 4113 καὶ
741 4054 1120 4132 ἠσεϐημένων,
1150 4062 1214 4115 τὸ
1273 4062 1550 4137 μέγιστον,
1587 4065 1687 4119 ὑπὸ
1745 4062 2005 4141 πρεσϐευ-

359 4153 430 4222 τῇ
484 4153 564 4221 τῷ
614 4145 814 4219 πολλῷ
874 4149 1191 4225 Γρηγορίῳ,
1224 4150 1286 4203 οὗ
1340 4152 1367 4204 ὁ
1428 4149 1724 4228 διάλογος⁶
1787 4156 1850 4208 οὗ
1902 4156 2007 4231 γὰρ

361 4239 568 4312 ἑτέροις
619 4236 889 4311 μετέδωκε
936 4234 1201 4312 δαψιλῶς,
1230 4239 1426 4294 τούτου
1480 4243 1614 4313 μετὰ
1659 4240 1818 4304 τέλος
1864 4244 2005 4315 ἀπη-

362 4324 555 4382 λαυσεν
633 4324 1053 4400 δαψιλέστερον·
1106 4324 1278 4397 δείξας
1353 4329 1416 4382 τὸ
1480 4332 1775 4403 συμπαθὲς,
1837 4331 2006 4408 εὐχῆς

361 4413 573 4472 δικαίου
657 4415 1066 4492 συναρηγούσης
1099 4462 1113 4487 ,
1198 4412 1440 4479 ἀσεϐείας
1517 4418 1955 4497 ἐπικρατέστερον
1991 4466 2005 4479 .

360 4508 481 4560 ’Ότι
511 4503 570 4560 δὲ
598 4505 688 4560 καὶ
728 4503 1050 4582 σωφροσύνῃ
1094 4505 1430 4580 κεκόσμητο,
1462 4505 1774 4583 πρόδηλον·
1830 4510 2005 4586 χωρὶς

2103 1927 2442 1999 καπηλικόν·
2474 1929 2539 1983 τὸ
2587 1926 2913 2006 φορολογεῖν
2964 1926 3023 1982 δὲ
3069 1929 3207 2001 πέρα
3252 1932 3348 1982 τοῦ
3394 1925 3608 1989 δέοντος
3655 1928 3752 1981 καὶ

2104 2018 2435 2093 παραλόγως
2484 2016 2870 2092 δασμολογεῖν,
2900 2019 2935 2087 ἦ
2967 2018 3056 2071 καὶ
3103 2017 3261 2071 παντὶ
3304 2015 3494 2091 τρόπῳ
3541 2014 3761 2085 νηλεῶς

2108 2107 2430 2176 έκλωπίζειν
2458 2106 2587 2168 τοὺς
2622 2108 2725 2161 ὑπὸ
2772 2112 2932 2182 χεῖρα
2987 2106 3076 2161 καὶ
3130 2104 3482 2181 τραχηλίζειν
3542 2105 3761 2180 ἀπηρυ-

2110 2196 2439 2271 θριασμένης
2493 2195 2806 2265 πλεονεξίας
2867 2195 3033 2250 ἐστίν·
3095 2194 3210 2249 ὅθεν
3263 2195 3363 2263 τήν
3424 2196 3523 2262 τῆς
3592 2192 3757 2269 φιλο-

2110 2286 2424 2362 χρηματίας
2507 2286 2766 2355 κακίστην
2846 2286 3022 2353 νόσον,
3081 2286 3158 2345 ὡς
3237 2286 3300 2337 τὸ
3381 2290 3481 2352 τῆς
3567 2286 3759 2357 ψυχῆς

2112 2376 2433 2451 ἀχρειοῦσαν
2489 2372 2720 2444 κάλλος,
2761 2375 2835 2435 ὡς
2889 2373 3054 2441 αὐτὴν
3110 2374 3207 2441 τὴν
3267 2372 3445 2447 ἀρχὴν
3506 2371 3761 2445 ἀκρωτη-

2507 2285 2766 2355 κακίστην
2846 2285 3022 2353 νόσον,
3081 2284 3158 2345 ὡς
3237 2283 3300 2337 τὸ
3381 2290 3481 2352 τῆς

2115 2467 2422 2542 ριάζουσαν,
2509 2462 2908 2538 ἀποστυγητέον
2996 2462 3100 2536 ὅλῃ
3182 2459 3422 2534 σπουδῇ⁶
3497 2461 3763 2531 τοιαύτην

2112 2550 2212 2630 γ’ἀρ
2302 2553 2576 2629 ὀλέτειραν
2664 2551 2823 2606 οὖσαν
2897 2557 3005 2606 τῶν
3083 2553 3292 2625 ἀγαθῶν
3364 2550 3599 2626 Περσεὺς
3668 2549 3765 2604 καὶ

2114 2645 2127 2664 ,
2226 2642 2236 2663 ι
2344 2640 2367 2659 δ
2722 2648 2743 2657 -
2987 2638 3041 2659 κ,
3360 2640 3374 2657 ς
3710 2639 3721 2656 ι

2132 2641 2468 2718 Δλεξσνορος
2529 2641 2770 2717 βασιλεις
2827 2643 3176 2712 Μακεοονων,
3232 2641 3258 2694 ὃ
3321 2661 3414 2713 μεν
3473 2660 3761 2715 προσηκά-

2118 2752 2300 2805 μενος,
2329 2730 2419 2785 καὶ
2476 2730 2796 2805 συμμαχίας
2851 2731 3122 2803 ἠρήμωτο
3174 2729 3264 2783 καὶ
3310 2732 3510 2800 τιμῶν,
3541 2728 3630 2782 καὶ
3668 2748 3766 2782 κα-

2112 2820 2418 2895 θῃρημένος
2494 2820 2597 2873 ὑπὸ
2662 2818 2970 2891 Ῥωμαίων,
3027 2818 3118 2872 καὶ
3198 2815 3418 2891 δέσμιος
3499 2816 3762 2892 ἠγμένος,

2116 2906 2303 2981 λάκκῳ
2386 2905 2615 2985 ζοφώδει
2680 2908 2813 2981 μετά
2860 2913 2969 2961 τῶν
3024 2906 3327 2983 χρημάτων
3387 2907 3759 2982 έγκαθεῖρκτο,

2113 2999 2203 3054 καὶ
2263 2999 2363 3067 τὴν
2437 2998 2627 3051 ἑαυτοῦ
2704 2997 2847 3065 ζωήν
2898 2996 3104 3059 ἀθλίως
3164 2996 3307 3050 οὕτω
3364 2996 3719 3071 κατέστρεψεν
3750 3018 3762 3029 ’

2115 3089 2311 3148 ἱκανῶς
2355 3108 2414 3141 τε
2459 3093 2560 3155 τῆς
2611 3080 3032 3163 φρενοϐλαϐείας
3078 3090 3158 3156 τῷ
3199 3084 3323 3139 τότε
3356 3085 3763 3157 μυκτηρισθεὴ,

2115 3177 2205 3232 καὶ
2237 3176 2311 3238 εἷς
2344 3174 2420 3231 ἔτι
2461 3173 2783 3250 χλευάζεται
2833 3176 2978 3249 παρά
3022 3178 3129 3228 τῶν
3182 3172 3402 3228 εἰδότων
3450 3174 3540 3227 καὶ
3588 3172 3771 3228 ταλα-

2116 3268 2345 3335 νίζεταιο
2405 3264 2661 3340 κρείττων
2721 3261 2778 3317 δὲ
2832 3269 2931 3317 τοῦ
2986 3265 3191 3324 πάθους
3257 3259 3608 3339 Ἀλέξανδρος
3666 3284 3766 3337 γε-

2115 3358 2314 3431 γονὼς,
2367 3354 2456 3409 καὶ
2515 3348 2861 3424 ἀποσοϐησας
2915 3352 3004 3406 καὶ
3062 3349 3558 3424 ἀποδιοπομπήσας
3611 3352 3770 3420 αὐτὸ,

2120 3449 2317 3519 μικροῦ
2375 3441 2483 3498 δεῖν
2537 3443 2747 3513 ἀπάσης
2807 3440 3135 3514 οἷ’κουμένης
3169 3440 3220 3495 έν
3258 3442 3455 3516 βραχεῖ
3509 3441 3771 3514 κατεκρά-

2114 3550 2302 3603 τησεν·
2344 3531 2651 3607 θησαυροὺς
2708 3531 2811 3605 γάρ
2870 3530 3029 3590 0510:
3086 3527 3213 3590 τοὺς
3269 3528 3464 3606 φίλους
3518 3528 3769 3604 ἡγούμε-

2114 3642 2226 3691 νος,
2285 3621 2371 3698 ὑφ’
2438 3622 2510 3673 ὧν
2567 3618 2658 3674 καὶ
2726 3618 3109 3686 συνασπίζοιτο
3164 3618 3254 3671 καὶ
3308 3615 3608 3687 δοξάζοιτο,
3662 3620 3772 3687 τῆς

2117 3711 2339 3785 ἀρίστης
2386 3709 2605 3781 ἀπηύρα
2659 3708 2908 3783 κρίσεως,
2962 3707 3092 3781 ὑπὲρ
3152 3705 3311 3768 ὅσους
3362 3705 3616 3781 βασιλέας
3668 3728 3769 3778 με-

2114 3798 2417 3876 γαλυνθείς.
2449 3796 2657 3865 Ταύτης
2713 3804 2815 3865 τῆς
2867 3797 3096 3869 γνώμης
3149 3794 3237 3849 καὶ
3294 3800 3466 3870 Κῦρος
3531 3793 3772 3870 ἐτύγχα-

2116 3910 2191 3955 νε,
2223 3888 2312 3941 καὶ
2369 3886 2541 3941 πάντα
2602 3883 2783 3947 διδοὺς
2842 3890 2958 3945 τοῖς
3018 3881 3323 3961 φίλοις,τά
3368 3884 3581 3938 πάντων
3616 3879 3768 3959 ἔχειν

2117 3976 2369 4049 ἐνόμιζε·
2423 3976 2514 4029 καὶ
2590 3973 2896 4042 πλουτίζων
2966 3972 3090 4033 νοῦς
3156 3971 3319 4026 αὐτοῦ
3374 3972 3463 4026 καὶ
3520 3976 3771 4045 κοσμῶν,

2116 4066 2276 4127 αὐτὸς
2326 4062 2601 4139 ἡγάλλετό
2651 4084 2709 4117 τε
2750 4061 2839 4117 καί
2886 4059 3269 4140 έφαιδρύνετο·
3328 4060 3418 4115 καί
3458 4082 3592 4115 ποτε
3642 4068 3772 4136 παρ’

2116 4155 2289 4208 αὐτῶν
2352 4151 2737 4228 ἠρωτημένος,
2798 4150 2875 4205 Σὺ
2935 4148 3011 4221 δὲ,
3072 4155 3229 4225 Κῦρε,
3288 4150 3419 4204 πότε
3466 4151 3771 4222 κοσμήσεις

2116 4243 2347 4311 σαυτόν;
2381 4243 2501 4318 Ἆρ’
2527 4241 2626 4295 οὐκ
2681 4240 2910 4316 ἐξόχως,
2969 4236 3092 4317 ἔφη,
3138 4238 3511 4311 κεκόσμημαι,
3562 4238 3771 4301 πάντας

2118 4333 2258 4405 ὑμᾶς
2316 4330 2763 4404 κεκοσμημένους
2817 4330 2958 4405 ὁρῶν
2988 4348 3002 4398 ;
3036 4329 3169 4403 Παρ³
3217 4325 3401 4383 ἄλλων
3456 4324 3533 4396 δὲ,
3568 4328 3666 4381 Διά
3713 4328 3769 4382 τί

2116 4420 2179 4474 οὐ
2252 4419 2548 4487 πλουτεῖς;
2603 4419 2657 4472 τί
2732 4415 2778 4472 δ’
2840 4415 3090 4493 εἷ’ρηκεν;
3153 4414 3273 4490 Οὐχ
3348 4410 3771 4491 ὑπερϐαλόντως

2116 4506 2358 4579 πλουτῶ,
2417 4507 2544 4570 τοὺς
2616 4506 2783 4581 ἐμοὺς
2855 4505 3057 4568 πάντας
3132 4504 3503 4566 πλουτοῦντας
3558 4502 3770 4573 εἶδώς;

359 4593 462 4671 γὰρ
516 4591 720 4664 ταύτης
779 4590 956 4655 οὐδεὶς
1014 4593 1106 4647 τὸν
1163 4593 1384 4668 Κύριον,
1417 4595 1512 4649 κᾶν
1545 4591 1815 4668 εὐσεϐοίη,
1847 4598 2006 4652 κατό-
2039 4602 2085 4666 D
2117 4598 2286 4659 Οὗτος
2354 4598 2534 4671 πατὴρ
2610 4595 2856 4650 ἐκαλεῖτο
2930 4592 3020 4649 διὰ
3072 4595 3135 4649 τὸ
3192 4593 3489 4666 συμπαθές,
3546 4592 3635 4648 καὶ
3704 4594 3769 4647 τὸ

361 4685 543 4757 ψωτσ,
577 4682 671 4737 κᾶν
720 4687 841 4745 ταῖς
887 4679 1086 4745 ἄλλαις
1134 4681 1353 4758 λέγοιτο
1399 4690 1572 4758 κομᾷν
1622 4686 1832 4761 ἀρεταῖς
1861 4705 1873 4717 ·
1918 4688 2007 4741 καὶ

360 4773 465 4849 γάρ
507 4767 678 4832 ὅντως
721 4768 835 4825 οὐδ’
880 4767 1020 4826 ἔστιν
1068 4771 1264 4847 ἀρετὴν
1317 4770 1571 4845 οὐδεμίαν
1623 4773 1745 4828 ἄνευ
1799 4797 2008 4853 σωφρο-

363 4858 528 4929 σύνης
589 4860 761 4935 εὑρεῖν
819 4859 1142 4915 ἀνόθευτον·
1202 4858 1448 4937 ἀνδρεῖος
1506 4864 1606 4937 γάρ
1664 4868 1781 4925 πῶς
1840 4865 1868 4918 6
1930 4866 2005 4938 μὴ

360 4949 498 5003 κατὰ
559 4947 823 5025 σαρκίνων
892 4950 1079 5024 ὁρμων
1157 4947 1581 5026 ἀνδριζόμενος;
1642 4953 1697 5004 Ὁ
1746 4950 1793 5006 δ’
1847 4953 2005 5008 αὐτὸν

363 5034 562 5092 ἀδικῶν
614 5037 705 5091 καὶ
758 5038 875 5111 μεθ’
927 5040 993 5106 ἧς
1077 5039 1400 5114 ἀσελγαίνει,
1459 5045 1576 5101 πῶς
1636 5038 1881 5110 δίκαιος;
1939 5044 2007 5097 Ἢ

359 5126 519 5181 ποίαν
607 5124 806 5203 αὐχοίη
891 5126 1150 5203 φρόνησιν
1207 5128 1235 5181 ὁ
1296 5129 1371 5201 μὴ
1441 5129 1504 5183 τὸ
1581 5130 1740 5207 φέρον
1823 5127 2005 5201 ὄνησιν

362 5215 537 5286 ἑαυτῷ
591 5216 690 5284 τὴν
738 5215 1038 5291 ὑπερτάτην
1090 5214 1349 5279 συνειδώς
1377 5238 1435 5272 τε
1471 5218 1560 5272 καὶ
1610 5216 2003 5295 ἐκλεγόμενος

362 5302 508 5380 λέγω
568 5300 627 5358 δὲ
681 5304 773 5359 τὸν
832 5304 1127 5379 ἁγιασμόνα
1184 5304 1329 5361 ἀλλά
1389 5307 1479 5361 τὸν
1537 5307 1786 5382 ἡγεμόνα
1839 5330 2002 5364 κατα-

360 5390 729 5470 δουλαγωγῶν
812 5398 932 5455 ταῖς
1034 5393 1350 5471 ἀκαθάρτοις
1432 5396 1656 5472 ὀρέξεσι,
1738 5398 1827 5451 καὶ
1907 5404 2004 5453 τοῦ

359 5482 661 5558 ἀκροτάτου
716 5487 824 5538 τῶν
886 5480 1083 5559 ἐφετῶν
1146 5483 1454 5557 ἀποστερῶν
1508 5483 1717 5554 έαυτὸν,
1771 5483 1858 5540 διὰ
1903 5486 2001 5554 τήν

361 5571 637 5649 ἐξάγιστον
671 5570 899 5645 ἡδονήν.

430 5665 505 5720 E'.
537 5663 688 5718 Ἐστι
743 5659 800 5717 δὲ
845 5658 936 5716 καί
976 5661 1004 5715 6
1033 5664 1140 5717 τῶν
1200 5660 1503 5735 χρημάτων
1563 5663 1701 5740 ἔρως
1757 5664 2001 5740 ἀπρεπής

2119 4686 2292 4739 πάντα
2346 4685 2552 4759 τάγαθά
2612 4686 2955 4758 μηχανᾶσθαι
3012 4689 3129 4745 τοῖς
3180 4682 3268 4736 ὑπ’
3326 4682 3484 4736 αὐτόν
3516 4700 3529 4712 ·
3582 4681 3769 4757 ὥσπερ

2116 4772 2180 4828 αῦ
2212 4775 2239 4827 ὁ
2272 4769 2564 4847 Καμϐύσης
2598 4772 2687 4827 διά
2714 4774 2776 4826 τὸ
2806 4771 3049 4847 χαλεπὸν
3097 4770 3188 4824 καὶ
3246 4769 3513 4845 ὀλίγωρον
3574 4767 3771 4824 δεσπό-

2116 4884 2215 4932 της
2266 4862 2480 4937 πικρός.
2541 4863 2597 4915 Ὁ
2652 4859 2709 4916 δέ
2763 4882 2826 4935 γε
2884 4865 3127 4935 Δαρεῖος,
3160 4856 3249 4913 διὰ
3302 4859 3365 4913 τὸ
3423 4856 3770 4936 φιλοκερδὲς,

2119 4949 2298 5006 διὰτὸ
2341 4949 2767 5027 χυδαιότροπον,
2801 4948 2889 5005 διά
2934 4950 2995 5003 16
3057 4953 3356 5021 μετακινεῖν
3415 4947 3506 5001 καὶ
3567 4948 3771 5003 ὑπονο-

2119 5040 2290 5104 θεύειν
2342 5044 2409 5095 τά
2458 5042 2773 5115 πράγματα,
2833 5035 3106 5107 κάπηλος.
3141 5035 3295 5094 Ἀλλ’
3356 5034 3773 5109 Ἐπαμινώνδας

2117 5125 2368 5198 Θηϐαίων
2420 5128 2724 5204 στρατηγῦς
2775 5128 2947 5189 οὕτως
3001 5127 3159 5191 έτίθει
3206 5127 3306 5195 τὴν
3352 5125 3609 5196 τοιαύτην
3653 5124 3772 5181 λώ-

2117 5212 2220 5288 ϐην
2270 5217 2322 5273 ἐν
2379 5216 2718 5294 βδελυκτοῖς,
2781 5216 2908 5271 ὥστ’
2966 5212 3153 5283 ἐπειδή
3193 5234 3326 5268 ποτε
3377 5212 3590 5269 κατεῖδέ
3646 5236 3775 5270 τινα

2116 5313 2224 5362 τῶν
2288 5309 2634 5363 ὑπασπιστῶν
2708 5304 3080 5382 αἰχμαλώτων
3163 5301 3482 5379 δεδεγμένον
3571 5302 3769 5380 λύτρα,

2114 5397 2213 5465 τήν
2247 5394 2447 5451 ἀσπίδα
2493 5392 2677 5452 λαϐὼν
2736 5396 2992 5451 ἀπώσατο
3042 5398 3232 5448 τοῦτον
3289 5398 3387 5448 τοῦ
3440 5394 3723 5467 τάγματος
3752 5413 3768 5427 ο

2115 5486 2296 5559 Ἐμοὶ,
2356 5488 2614 5564 φάμενος,
2673 5483 2874 5546 ἀπόδος
2930 5484 3029 5552 τὴν
3089 5481 3304 5554 ἀσπίδα,
3350 5483 3411 5536 σὸ
3468 5479 3526 5537 δὲ
3579 5503 3767 5553 γαπη-

2118 5581 2265 5629 λεῖον
2344 5575 2628 5646 ἐξώνησαι.
2689 5576 2832 5651 Πρὸς
2905 5570 2961 5627 δέ
3035 5593 3098 5648 γε
3170 5573 3395 5627 Κάτωνα
3471 5570 3763 5643 Ῥωμαίων

2114 5665 2415 5741 στρατηγὸν
2476 5666 2528 5719 οἱ
2577 5668 2683 5720 τῶν
2744 5666 3016 5741 Βρετανῶν
3079 5660 3209 5737 ὑπὲρ
3297 5659 3482 5739 φιλίας
3535 5658 3766 5736 διαπρε-
