4096 6422
386 395 504 463 665

1236 390 1341 453 DE
1385 386 1618 451 REGIS
1662 382 2015 450 OFFICIIS.
2048 411 2128 430 —
2155 381 2463 447 TEXTUS
2510 382 2936 449 GENUINUS.

3666 376 3784 444 666

388 523 738 599 σϐευσάμενοι
794 521 1058 599 βααιλεῖς,
1099 518 1204 584 ἕως
1251 522 1355 597 γὰρ
1401 519 1660 574 κάκείνων
1717 521 1752 587 ἡ
1795 521 1892 571 τοῦ
1941 516 2032 570 ἆν-
2060 520 2115 583 Α
2144 517 2278 593 πρὸς
2329 514 2473 573 ἄλλα
2517 522 2622 573 τῶν
2683 515 2915 593 γελοίων
2973 515 3322 583 καθέλκοντά·
3381 516 3444 573 τὸ
3493 512 3537 572 δ’
3583 514 3788 583 ἀθλιώ-

391 613 517 692 δρὸς
576 610 864 691 ἐπεφθάκει
924 615 1108 692 φήμη,
1166 610 1255 665 καὶ
1303 613 1510 685 χρυσοῦ
1573 608 1751 681 μακρά
1804 604 2037 661 τάλαννα
2142 628 2294 680 τερον
2329 605 2442 662 οὐδ’
2472 606 2610 663 οἶδεν
2646 610 2673 663 6
2719 607 3181 682 κατειλημμένος,
3233 610 3288 662 οἷ
3331 612 3500 663 κακοῦ
3547 607 3783 685 γέγονεν·

390 703 826 781 διαπεπόμφασιν
889 701 964 764 είς
1020 706 1213 755 τοῦτο·
1276 699 1365 753 καὶ
1423 699 1483 759 ’ὸς
1539 699 1636 765 τὴν
1703 696 1796 769 μὲν
1852 694 2034 772 φιλίαν

388 793 721 869 ὡμολόγησε
785 793 875 846 καὶ
952 790 1216 866 ἐκύρωσεν
1272 807 1285 820 ·
1360 789 1450 843 τὸν
1512 784 1570 841 δὲ
1643 786 1845 861 χρυσὸν
1906 785 2034 839 ἀπε-

387 884 660 956 πέμψατο·
714 881 841 943 τοὺς
903 878 1131 941 δούλους
1192 878 1357 933 εἰπὼν
1416 877 1548 931 εἶναι
1604 880 1710 930 τῶν
1771 875 2034 943 ὠνητῶν·

386 973 516 1034 τοὺς
576 970 632 1026 δέ
689 991 753 1045 γε
809 969 1007 1047 φίλους
1064 972 1172 1022 τῶν
1229 968 1476 1041 αἱρετῶν-
1527 969 1785 1019 τοσοῦτον
1833 960 1898 1032 δὴ
1948 962 2037 1017 καὶ

388 1062 546 1123 0610:
602 1066 700 1115 106
755 1063 861 1114 τῶν
918 1058 1223 1134 χρημάτων
1271 1056 1769 1129 κατεστρατήγησεν
1817 1048 2035 1128 ἔρωνος.

384 1149 591 1205 Ὁπόσα
640 1147 685 1203 δ’
736 1144 900 1225 ἄμφω
943 1146 1033 1200 καὶ
1087 1143 1175 1200 διὰ
1218 1142 1418 1212 ταύτην
1468 1144 1567 1211 τήν
1606 1139 1713 1212 ἕξιν
1757 1143 2040 1217 κατωρθω-

386 1239 569 1309 κιίτην
620 1239 699 1292 τὼ
752 1237 1057 1313 στρατηγὼ,
1113 1232 1431 1289 δεικνύντων
1481 1229 1645 1287 ἄλλοι
1678 1276 1692 1300 ,
1738 1233 1836 1298 τῆς
1896 1229 2039 1285 ἷστο-

391 1327 513 1404 ρίας
597 1320 1080 1397 ἀπολαμϐάνοντες
1131 1342 1143 1356 ⁸
1202 1324 1269 1377 τὰ
1346 1323 1446 1398 γὰρ
1533 1316 1874 1395 Ἀλεξάνδρῳ
1950 1318 2040 1372 καὶ

388 1414 553 1489 Κύρῳ
610 1413 713 1469 καὶκ
757 1415 892 1489 πρὸς
940 1412 1143 1483 ταύτης
1201 1409 1614 1487 ἐξειργασμένα,
1667 1412 1873 1483 πυρσοῦ
1926 1404 2041 1460 δια-

389 1504 567 1582 φαίνει
617 1500 1019 1580 λαμπρότερον,
1083 1503 1164 1563 οἷς
1218 1502 1292 1574 μὴ
1348 1505 1428 1572 τῷ
1470 1502 1570 1568 τῆς
1621 1495 1858 1559 διανοίας
1892 1496 2044 1550 ὀπτι-

390 1598 473 1665 κῷ
533 1592 816 1668 ῥᾳσῖιώνης
894 1591 1209 1668 ἀμαύρωσις
1275 1588 1592 1663 έπικέχυται
1626 1609 1638 1621 ·
1696 1586 1786 1641 καὶ
1857 1585 2044 1640 οὔποτ’

390 1681 456 1738 ἂν
512 1676 785 1753 ἀποσϐαίη
822 1726 836 1751 ,
896 1685 992 1736 τοῦ
1066 1680 1230 1750 ἡλίου
1299 1678 1473 1754 χθόνα
1537 1674 1991 1750 περιαυγάζοντος
2026 1692 2038 1706 ·

393 1769 484 1826 καὶ
516 1768 625 1841 ὅπη
660 1768 705 1825 δ’
758 1768 903 1845 ἄλλῃ
952 1771 1019 1825 τὰ
1071 1769 1197 1846 τρία
1243 1773 1409 1823 ταῦτα
1464 1765 1787 1838 συνέλθοιεν,
1829 1764 1892 1819 τὸ
1938 1767 2042 1817 σῶ-

2144 696 2289 753 ἀλλά
2317 696 2723 771 πεπωρωμένος
2754 697 2961 777 πέφηνε
2987 697 3075 752 καὶ
3107 696 3446 768 ἀναίσθητος.

2217 793 2279 849 ς’.
2312 787 2461 841 Ἔστι
2514 784 2560 840 δ’
2611 786 2781 842 ἐνίοτε
2825 787 2915 843 καὶ
2962 792 3030 862 τῇ
3079 792 3332 866 συμφορᾷ
3373 787 3783 862 βρενθυόμενος,

2143 875 2233 929 καὶ
2266 873 2419 945 δόξαν
2450 877 2548 945 τὴν
2587 876 2849 952 αἰσχύνην
2898 876 3224 953 ἡγούμενος,
3270 876 3335 931 Εἰ
3385 873 3442 931 δὲ
3477 875 3566 931 καὶ
3619 874 3784 931 κόλα-

2146 985 2233 1026 κες
2306 964 2615 1040 ἐπίτριπτοι
2681 964 3010 1028 θωπεύοντες
3079 964 3297 1041 τύχοιεν
3366 965 3456 1020 καὶ
3512 968 3789 1039 καταψῶν-

2146 1075 2233 1115 τες
2289 1053 2446 1108 αὐτὸν
2504 1053 2594 1108 καί
2651 1054 2937 1119 σαίνοντες,
2998 1054 3323 1128 ένασμενίζει
3381 1054 3595 1117 τούτοις
3643 1055 3679 1124 ἢ
3712 1056 3790 1129 (4)

2148 1140 2356 1220 φίλοις,
2393 1144 2467 1215 μή
2522 1144 2756 1219 ξυνορῶν
2805 1142 2868 1198 16
2918 1141 3192 1222 διάφορον·
3245 1143 3326 1199 6'1:
3372 1141 3538 1214 κόλαξ
3591 1144 3682 1217 μὲν
3730 1142 3790 1199 ἐκ

2147 1232 2344 1294 παντὸς
2398 1231 2603 1307 τρόπου
2658 1234 2720 1287 τὸ
2775 1231 2880 1303 ἡδὺ
2926 1233 3227 1310 καρυκεύει,
3276 1233 3371 1288 κᾶν
3422 1230 3784 1310 δηλητήριον·

2150 1319 2309 1401 φίλος
2341 1319 2398 1376 δὲ
2427 1322 2488 1376 τὸ
2519 1321 2795 1400 έπωφελὲς
2844 1322 3182 1398 ἀγωνίζεται,
3228 1322 3323 1377 κᾶν
3373 1323 3508 1399 πρὸς
3549 1322 3785 1399 ἀνάγκην

2151 1412 2320 1482 ἀνιῲη
2376 1412 2475 1480 τήν
2536 1408 2804 1482 αἴσθησιν·
2862 1413 2952 1467 καὶ
3003 1413 3031 1466 6
3067 1412 3162 1485 μὲν
3214 1409 3367 1473 ὅλαις
3420 1412 3598 1482 ἡνίαις
3653 1412 3790 1488 πρὸς

2155 1500 2316 1573 μόνον
2374 1499 2590 1577 φέρεται
2636 1500 2698 1555 τὸ
2746 1496 2953 1556 λαϐεῖν·
3005 1502 3033 1556 6
3065 1498 3110 1555 δ’
3159 1501 3290 1577 ὑπὲρ
3337 1505 3434 1556 τοῦ
3485 1504 3564 1573 τῷ
3601 1498 3794 1578 πεφιλ-

2156 1587 2301 1660 μένῳ
2356 1588 2718 1661 συνοίσοντος,
2775 1587 2865 1643 καὶ
2922 1587 3088 1657 αὐτὴν
3145 1585 3389 1664 προΐεται
3444 1588 3544 1656 τὴν
3601 1590 3745 1658 ζωήν
3776 1605 3789 1618 ·

2150 1676 2240 1732 καὶ
2280 1675 2361 1731 6'1:
2417 1675 2646 1740 κόλακες
2709 1677 2801 1751 μὲν
2859 1678 3079 1753 χείρους
3132 1677 3401 1752 κοράκων·
3452 1678 3480 1731 6
3530 1673 3589 1731 δὲ
3634 1675 3794 1755 φίλος

2152 1763 2322 1829 ἄλλος
2368 1766 2548 1829 αὐτός.
2591 1771 2743 1821 ’Ἐστι
2807 1768 2899 1841 μὲν
2951 1767 3042 1822 οὖν
3070 1767 3134 1822 τὸ
3186 1764 3544 1839 ἐκλελυμένον
3586 1764 3791 1820 τούτων

396 1881 555 1939 φρον,
585 1861 647 1915 τὸ
675 1856 865 1930 ἤπιον,
892 1861 955 1914 τὸ
1002 1858 1318 1937 φιλότιμον,
1362 1856 1470 1912 ἐκεῖ
1517 1855 1607 1911 καὶ
1653 1857 1714 1910 τὸ
1746 1852 2041 1931 ἀριστεύειν
2073 1885 2123 1951 Β
2151 1854 2434 1933 παραίτιον
2475 1859 2581 1909 τῶν
2632 1853 2842 1910 δεινῶν·
2894 1854 3057 1911 αὐτοῦ
3107 1853 3165 1910 δέ
3210 1853 3480 1917 πολλάκις
3524 1855 3586 1910 τὸ
3635 1856 3795 1930 ὑπερ-

394 1948 485 2003 καὶ
556 1949 620 2003 τὸ
673 1947 1012 2017 κλεῖζεσθαι.
1076 1944 1411 2025 Σωφροσύνη
1493 1944 1585 2017 μὶν
1658 1945 1758 2020 γὰρ
1828 1939 2044 2018 ἀνδρίας

407 2034 680 2110 παίδευμα
736 2038 826 2091 καὶ
881 2036 1166 2109 μελέτημα
1196 2083 1211 2109 ,
1266 2036 1356 2089 καὶ
1401 2038 1498 2088 τοῦ
1567 2037 1671 2087 τῶν
1736 2031 2052 2103 ἀνθισταμέ-

403 2145 512 2180 νων
568 2120 1013 2199 κατεπεμϐαίνειν
1055 2124 1144 2179 καὶ
1198 2127 1362 2194 ἡττᾷν
1423 2121 1617 2184 αὐτοὺς
1665 2121 1753 2176 καὶ
1790 2124 2048 2194 τροποῦν·

402 2214 650 2290 πραότης
693 2211 750 2269 δὲ
803 2214 893 2268 καὶ
950 2213 1013 2268 τὸ
1069 2211 1370 2283 ἀνεξίκακον
1417 2209 1701 2287 καρτερίας
1741 2208 1829 2264 καὶ
1884 2229 2047 2283 μεγα-

403 2302 678 2379 λοψυχίας
730 2304 1029 2378 γυμνάσιον
1079 2301 1167 2355 καὶ
1217 2299 1528 2376 στερρότης·
1575 2299 1687 2371 ἅμα
1736 2295 1793 2353 δὲ
1833 2297 1923 2352 καὶ
1952 2304 2051 2367 τῆς

400 2393 550 2468 παρὰ
604 2393 819 2446 πάντων
881 2397 1111 2467 στοργῆς
1188 2391 1335 2464 ἀρχὴ
1409 2389 1499 2443 καὶ
1569 2387 1792 2465 κρηπίς·
1870 2389 1933 2443 τὸ
2005 2385 2054 2442 δ’

401 2480 733 2557 εὐεργετικὸν
793 2479 884 2535 καὶ
941 2482 1037 2542 τὰς
1092 2482 1198 2534 τῶν
1250 2477 1558 2553 συμμάχων
1615 2482 1802 2553 ’χεῖρας
1847 2482 2050 2555 νευροῖ,

397 2570 530 2642 καὶ,
588 2569 718 2632 τοὺς
764 2573 875 2625 τῶν
935 2569 1250 2643 ἀντιμάχων
1309 2566 1538 2643 αὐχένας
1595 2564 1788 2639 κλίνει,
1845 2567 1933 2622 καὶ
1989 2568 2051 2622 τὸ

401 2661 602 2715 οἰκεῖον
663 2658 855 2735 ἐχυροῖ
889 2702 902 2727 ,
960 2658 1050 2713 καὶ
1082 2656 1170 2711 ’τὰ
1227 2654 1518 2731 ἀλλότριον
1578 2656 1860 2710 ὑποτάττει
1897 2700 1911 2725 ,
1962 2656 2053 2711 καῖ

401 2750 620 2803 πάντων
674 2746 876 2822 ἀνοίγεϊ
922 2745 1098 2818 στόμα
1132 2787 1147 2813 ,
1194 2750 1366 2800 πᾶσαν
1421 2743 1668 2820 γλῶσσαν
1705 2746 1859 2821 θήγει
1914 2745 2051 2822 πρὸς

403 2832 643 2893 ἔπαινον·
705 2834 845 2890 ὥστε
899 2834 989 2889 καὶ
1045 2833 1202 2904 νίκης
1257 2831 1346 2888 καί
1406 2832 1565 2904 δόξης
1624 2834 1765 2906 ὁμοῦ
1818 2835 1885 2889 τὰ
1927 2832 2054 2890 διει-

405 2922 669 2998 λημμένα
709 2923 1146 2997 ποριστικιίπατα
1180 2941 1194 2955 ·
1256 2922 1408 3001 φύσει
1464 2924 1565 2999 γὰρ
1622 2924 1846 2994 νικητὴν
1902 2920 2051 2979 ἔνδο-

406 3014 490 3086 ξόν
570 3035 631 3068 τε
705 3012 859 3092 φύσει
935 3011 1027 3067 τὸν
1103 3011 1502 3088 κατωρθωκότα
1583 3012 2005 3086 προαπετέλεσεν
2038 3036 2051 3049 ·

410 3104 616 3178 μήποτ’
673 3102 764 3156 οῦν
827 3101 1000 3178 ὀρθῶς
1056 3102 1204 3156 ταῦτ’
1260 3100 1320 3155 ἂν
1384 3100 1599 3177 λέγοιτο
1654 3099 1806 3173 μῆλα
1850 3101 2055 3178 χρύσεα

404 3193 543 3268 πρὸς
606 3188 937 3267 ἩρκποΛέους
1013 3189 1333 3268 ἀφῃρημένα
1401 3195 1506 3244 τῶν
1579 3187 1906 3266 Ἑσπερίδων
1967 3191 2053 3246 ἐπὶ

2158 1947 2362 2024 ήφανον
2401 1989 2413 2002 .
2466 1945 2560 2000 Διὸ
2599 1944 2688 1999 καὶ
2736 1945 2825 1999 τὸν
2875 1944 3154 2021 Κορίνθιον
3202 1943 3482 1999 Ἱππόνουν
3537 1944 3668 2019 μετὰ
3712 1943 3795 1998 νί-

2158 2057 2257 2098 κας
2289 2034 2413 2097 ὅσας
2455 2033 2759 2111 ἱστόρηται,
2817 2035 2915 2103 τὴν
2972 2038 3079 2090 τῶν
3132 2033 3346 2111 ἀρκύων
3402 2041 3504 2105 τῆς
3562 2033 3797 2096 Ἀντείας

2161 2123 2424 2197 ἐξάλυξιν,
2475 2129 2581 2179 τῶν
2641 2122 2837 2179 ἀδίκων
2898 2123 3114 2199 ἐρώτων
3171 2124 3261 2178 καὶ
3310 2122 3649 2198 ἀδικωτέρων
3688 2124 3802 2178 ἐπι-

2160 2209 2397 2285 ϐουλῶν,
2428 2214 2527 2282 τὴν
2554 2217 2660 2275 τῶν
2697 2211 2988 2286 Σολύμων,
3028 2217 3135 2268 τῶν
3188 2212 3499 2287 Ἀμαζόνων
3544 2216 3645 2283 τῆς
3689 2217 3796 2268 τῶν

2160 2302 2531 2379 ἀκμαιοτέρων
2582 2300 2795 2377 ἐνέδρας
2854 2303 3062 2357 Λυκίων
3122 2301 3565 2376 καταπολέμησιν
3613 2346 3627 2371 ,
3684 2301 3798 2358 ἐπεὶ

2159 2392 2248 2447 καὶ
2287 2392 2376 2447 τὸν
2428 2391 2613 2466 αἰθέρα
2660 2388 2947 2461 διαπτῆναι
2987 2396 3065 2464 τῷ
3122 2393 3362 2467 Πηγάσῳ
3420 2392 3795 2463 νεανιεύσοιτο,

2158 2480 2547 2557 κατενηνέχθαι
2590 2475 2876 2557 κύμϐαχον
2910 2526 2923 2552 ,
2971 2480 3061 2535 καὶ
3118 2485 3473 2557 πεπηρῶσθαι
3554 2483 3647 2555 μὲν
3702 2481 3798 2543 τὰς

2161 2564 2336 2644 ὄψεις,
2386 2571 2610 2625 ἀλᾶσθαι
2660 2567 2717 2624 δὲ
2757 2570 2893 2625 κατᾶ
2933 2568 3116 2625 πεδίον
3167 2567 3387 2641 ἀλήϊον,
3442 2572 3516 2643 μή
3567 2590 3800 2647 τετυχη-

2160 2659 2293 2714 κότα
2344 2658 2479 2720 τέως
2526 2663 2891 2735 χειραγωγοῦ·
2950 2657 3348 2735 παραπλησίως
3406 2656 3509 2735 ἄρα
3559 2659 3649 2714 καὶ
3675 2662 3803 2735 γαῦ-

2164 2769 2256 2825 ρος
2291 2748 2400 2803 καὶ
2454 2745 2665 2817 ἀλαζὼν
2716 2747 3002 2821 λογισμὸς,
3062 2747 3108 2802 εἷ
3166 2749 3255 2803 καὶ
3311 2751 3411 2817 τῆς
3460 2750 3705 2819 ἀντώσης
3746 2748 3797 2804 ἐν

2163 2840 2360 2914 ἀρχαῖς
2433 2835 2723 2910 μαλθακῶς
2799 2833 2998 2906 ἡδονῆς
3071 2836 3405 2913 περιγένοιτο
3480 2836 3741 2913 πρότερον
3785 2885 3798 2910 ,

2163 2921 2347 2981 ἔπειτα
2385 2923 2443 2980 δὲ
2483 2925 2572 2980 καὶ
2615 2925 2780 2994 αὐτὴν
2826 2927 2923 2994 τήν
2970 2927 3292 2999 μεσαιτάτην
3335 2925 3538 2997 ταύτης
3584 2926 3804 3005 φλόγω-

2164 3037 2243 3070 σιν
2275 3012 2636 3084 κστασϐέσειε,
2666 3016 2765 3085 τήν
2809 3035 2868 3069 τε
2906 3019 3004 3069 τοῦ
3054 3019 3228 3088 θυμοῦ
3274 3016 3560 3089 προτομὴν
3601 3014 3802 3087 ἀνέλοι,

2163 3103 2252 3159 καὶ
2306 3104 2397 3158 τὸν
2451 3110 2550 3172 τῆς
2604 3102 3062 3179 χρηματομανίας
3119 3102 3281 3158 ὁλκὸν
3343 3104 3659 3177 ἀποτάμοι,
3717 3103 3807 3158 σύ-

2164 3214 2344 3248 στασιν
2403 3194 2492 3246 καὶ
2552 3190 2785 3268 λόχησιν
2845 3190 3057 3265 ἐμπαθῆ
3127 3196 3206 3264 τῷ
3264 3191 3560 3269 ὑπερῆρθαι
3628 3193 3806 3262 πάσης

403 3253 503 3336 τόῦ
534 3253 854 3351 Ἄτλαντος,
903 3280 994 3334 τὸν
1044 3253 1471 3357 έκάτογκέφαλον
1525 3277 1614 3333 ὅτε
1659 3253 1937 3358 δὴιπέφνε
1963 3280 2053 3335 καὶ
2086 3253 2129 3321 C
2168 3281 2523 3358 χαμαιζήλου
2582 3253 2817 3356 σχέσεως
2877 3253 3374 3357 ,τροπωσάμενσςλι
3484 3253 3594 3354 -μή
3671 3253 3808 3356 πρὸς

403 3367 819 3447 ποικιλόφωνον
848 3365 1114 3442 δράκοντα
1162 3372 1260 3423 τοῦ
1305 3367 1636 3440 Ἀθύμαντος
1687 3370 1807 3441 (3);
1860 3368 1915 3422 εὗ
1954 3370 2058 3445 γὰρ

406 3457 468 3512 ἂν
518 3453 641 3532 ἔχοι
694 3461 773 3528 τῷ
810 3460 1002 3533 χρυσῷ
1044 3456 1142 3524 τὴν
1195 3453 1350 3526 δόξαν
1398 3455 1823 3528 ἐξεικονίζεσθαι·
1873 3457 1964 3512 τὸν
2013 3455 2060 3512 δ’

405 3546 710 3602 ἀλλόκοτον
761 3543 1026 3621 δράκοντα
1067 3545 1156 3599 καὶ
1202 3542 1480 3622 τερατώδη
1531 3545 1669 3619 πρὸς
1707 3545 1769 3599 τὸ
1796 3553 1897 3615 τῆς
1931 3546 2060 3624 φαύ-

406 3636 513 3706 λης
591 3634 816 3709 ὀρέξεως
876 3633 1229 3711 πολύτροπον
1293 3629 1719 3707 έκλαμϐάνεσθαι
1755 3679 1768 3692 .
1834 3642 2060 3713 Τοιγαρ-

407 3729 500 3780 οῦν
532 3725 561 3779 6
591 3728 753 3779 10610
804 3725 1165 3800 κατηργηκὼς
1212 3723 1303 3778 καὶ
1350 3725 1466 3778 οἷον
1512 3723 1841 3794 ἀπεκτονὼς,
1885 3723 2061 3798 ἤρατο

406 3812 569 3875 κλέος
625 3807 894 3889 βραϐείων
934 3817 1121 3889 τριῶν,
1170 3810 1371 3882 ἡδονὴν
1399 3859 1413 3885 ,
1466 3812 1656 3889 ὀργήν,
1697 3811 1871 3890 ἔρωτα
1916 3833 2060 3890 χρη-

411 3901 597 3975 μάτων
624 3900 943 3971 νενικηκώς.
998 3902 1181 3957 Ταῦτα
1226 3896 1273 3954 δ’
1314 3899 1388 3961 ὡς
1435 3901 1503 3953 τά
1544 3897 1732 3955 πολλὰ
1765 3906 1882 3962 ταῖς
1913 3901 2064 3956 ἑσπε-

406 3989 517 4067 ρίσι
556 3988 880 4067 φυλάττεται
938 3989 1167 4064 βιοταῖς,
1229 3987 1280 4042 έν
1339 3990 1424 4050 αἷς
1468 3987 1499 4043 6'
1545 3988 1750 4051 ’Δτλας
1796 3987 2061 4066 λογισμὸς

403 4078 497 4134 καὶ
550 4074 852 4139 ἀνένδοτος·
905 4079 933 4132 6
985 4076 1031 4132 δ’
1075 4078 1141 4132 αὗ
1170 4079 1233 4132 τὸ
1278 4076 1487 4132 τέλειον
1529 4076 1882 4157 προειληφὼς
1926 4079 2060 4156 χρό-

402 4189 533 4229 νους
593 4166 645 4222 έν
706 4166 883 4243 ὀλίγῳ
939 4165 1294 4243 πεπληρώκει
1358 4167 1625 4243 μακρούς·
1684 4168 1774 4222 καὶ
1824 4189 2063 4247 τρισαρι-

405 4256 563 4319 στεῦς
616 4255 1045 4330 ἀξιοθαύμαστος
1121 4253 1486 4311 ἀναδέδεικται
1563 4257 1630 4311 τὰ
1686 4259 1873 4333 γήρως
1933 4280 2059 4314 κατ-

407 4346 706 4422 ορθώματα
786 4346 1161 4422 προηρπακὼς
1236 4343 1287 4400 ἐν
1355 4345 1569 4416 νεότητι
1601 4363 1614 4376 ·
1666 4346 1756 4401 καὶ
1829 4348 1891 4401 τὸ
1962 4355 2063 4418 τῆς

404 4435 694 4512 ναρκώσης
787 4438 974 4511 ψυχῆς
1039 4432 1291 4489 ποικίλον
1385 4433 1574 4510 θηρίον
1649 4434 1933 4512 ἀνῃρηκὼς
2007 4438 2059 4492 ἐν

410 4520 622 4597 σπουδῇ
649 4529 750 4593 τῆς
798 4521 1131 4599 παρειμένης
1179 4523 1304 4598 περὶ
1350 4521 1447 4584 τὰς
1497 4520 1759 4599 ἐλλόγους
1809 4525 2063 4581 καὶκατὰ

2173 3369 2313 3443 μόνα
2339 3370 2405 3423 τὰ
2434 3366 2613 3445 φαῦλα
2666 3368 2816 3446 φέροι
2847 3368 2909 3423 τὸ
2963 3369 3342 3444 ὑπεροπτικὸν,
3392 3366 3518 3425 ἀλλ’
3566 3365 3673 3440 ἤδη
3721 3368 3810 3424 καὶ

2168 3457 2305 3533 πρὸς
2354 3457 2423 3513 τὰ
2475 3456 2703 3534 κρείττω
2760 3457 2849 3512 καὶ
2903 3454 3233 3531 ὑψηλότερα,
3283 3461 3380 3512 τοῦ
3427 3478 3486 3513 τε
3524 3456 3809 3514 συντείνειν

2171 3548 2355 3603 ἑαυτὸν
2400 3547 2477 3609 εἷς
2506 3547 2568 3601 16
2619 3544 2734 3601 δέον
2777 3547 3287 3625 καταπεφρονηκὼς,
3335 3546 3425 3601 καὶ
3474 3542 3811 3620 συμϐουλίας

2169 3641 2463 3711 νουνεχοῦς
2516 3637 2703 3712 ἑτέρου
2755 3633 3077 3709 καταμελῶν
3105 3681 3119 3703 ,
3167 3636 3301 3711 πρὸς
3341 3635 3404 3690 τὸ
3446 3640 3659 3711 πρῶτον
3712 3658 3809 3692 κα-

2168 3720 2499 3781 ταϐάλλεται
2555 3728 2773 3798 πτῶμα·
2831 3724 2921 3779 καὶ
2974 3725 3036 3779 τὸ
3090 3721 3417 3801 διακριτικὸν
3474 3724 3809 3805 ἐκτετυφλω-

2175 3814 2375 3888 μένος,
2429 3811 2633 3887 ἕρημος
2690 3813 2952 3869 πλανᾶται
3009 3811 3210 3876 παντὸς
3267 3811 3469 3890 ὁδηγοῦ
3503 3861 3517 3886 ,
3578 3813 3811 3888 μηδενὸς

2172 3901 2372 3959 ἐπαΐων
2421 3902 2722 3979 χρησίμου·
2770 3903 3090 3976 πνευμάτων
3126 3900 3183 3957 δὲ
3211 3902 3300 3958 καὶ
3339 3904 3594 3977 κυμάτων
3626 3899 3809 3980 ὄχλῳ,

2172 3991 2437 4054 διακένοις
2467 3990 2732 4067 ταράχοις
2780 3986 3312 4068 περιϐομϐούμενος,
3354 3991 3389 4062 ἢ
3438 3997 3518 4064 τῷ
3542 3999 3644 4062 τῆς
3689 3993 3811 4047 ἀτα-

2170 4079 2389 4143 σθαλίας
2484 4080 2707 4156 πελάγει
2808 4084 3233 4135 καταποντοῦται
3295 4126 3309 4151 ,
3406 4080 3810 4159 πτεροῤῥυήσας

2172 4169 2352 4244 ὥσπερ
2410 4172 2623 4246 Ἴκαρος
2681 4172 2778 4244 (5),
2836 4174 2915 4242 τῷ
2968 4169 3106 4246 πέρα
3151 4175 3249 4224 τοῦ
3309 4170 3509 4247 μέτρου
3556 4169 3811 4246 πτερύξα-

2171 4260 2309 4332 σθαι,
2368 4259 2457 4314 καὶ
2530 4263 2637 4313 τῶν
2713 4256 2958 4328 ἡλιακῶν
3017 4257 3424 4334 ἀμαρυγμάτων
3480 4260 3812 4335 κατεπαρθῆ-

2170 4369 2277 4403 ναι·
2333 4347 2460 4411 τοὺς
2519 4348 2622 4422 γὰρ
2703 4346 3034 4410 Αυκαονίτας
3110 4347 3399 4422 παρίημι,
3449 4347 3808 4424 κεραυνουμέ-

2169 4459 2294 4501 νους
2350 4436 2443 4492 σὺν
2495 4442 2575 4510 τῷ
2631 4441 2775 4515 σφῶν
2833 4436 3005 4492 αὐτῶν
3064 4436 3341 4513 ἀρχηγέτῃ
3394 4437 3484 4492 καὶ
3538 4443 3639 4508 τῆς
3677 4437 3810 4491 ἀπο-

2169 4528 2315 4589 νοίας
2361 4526 2450 4581 καὶ
2496 4529 2596 4595 τῆς
2651 4525 2931 4601 γενέσεως·
2982 4525 3073 4580 καὶ
3102 4524 3195 4580 τὸν
3245 4525 3350 4580 ἀπὸ
3411 4524 3614 4602 βύρσης
3653 4526 3811 4601 βρον-

410 4612 571 4692 φύσιν
622 4612 826 4687 ὁρμάς·
886 4608 957 4665 δι’
1014 4611 1087 4665 ὧν
1148 4608 1250 4688 ἄρα
1306 4608 1548 4689 λοφῶσιν
1602 4613 1658 4666 αἱ
1712 4615 1858 4690 παρὰ
1905 4614 2058 4692 φύσιν
2091 4622 2139 4689 D
2169 4621 2347 4689 τῶντα
2404 4614 2706 4689 Σαλμωνέα
2758 4614 2921 4669 ταυτὸ
2976 4612 3274 4690 πάσχοντα·
3334 4613 3424 4669 καὶ
3477 4614 3577 4683 τήν
3623 4615 3811 4683 καινὴν

408 4702 498 4758 καὶ
530 4702 750 4776 ἄλογοι·
798 4705 878 4773 τῷ
928 4702 1033 4777 γὰρ
1084 4699 1383 4774 ἆνημμένῳ
1429 4700 1518 4754 καὶ
1550 4701 1784 4774 συντόνῳ
1831 4707 1927 4757 τοῦ
1956 4725 2058 4760 κα-

411 4791 715 4867 θηγεμόνος
773 4787 1088 4868 διαπὲφρικε
1128 4790 1191 4844 τὸ
1247 4784 1562 4868 ἀλλόφυλον
1620 4790 1708 4845 καὶ
1757 4790 2002 4868 ἀπέψυχε
2035 4839 2048 4852 .

407 4880 497 4935 καὶ
557 4880 757 4954 πάσχει
815 4875 983 4933 πλέον
1036 4878 1071 4947 ἢ
1118 4875 1395 4934 κνώδαλον
1457 4877 1516 4933 ἐκ
1546 4876 1763 4943 λέοντος
1811 4881 2052 4958 ὠρυγῆς·

408 4968 590 5045 ὥσπερ
659 4973 740 5040 τῷ
814 4964 1273 5043 διακεχαυνῶσθαι
1346 4967 1435 5022 καὶ
1510 4972 1724 5042 πνεῦμα
1776 4970 2054 5027 πεπτωκέ-

403 5078 490 5113 ναι
543 5057 635 5112 καὶ
691 5059 952 5134 νήγρετον
1001 5055 1406 5112 καθυπνωκέναι
1452 5057 1543 5111 τὸν
1604 5057 1867 5134 ἷσχυρὸν,
1928 5061 2054 5115 ἀνα-

408 5150 751 5221 ζωπυροῦται
808 5147 876 5201 τά
934 5146 1100 5216 πάθη,
1158 5146 1248 5200 καὶ
1301 5145 1760 5222 ἄποθρασύνεται,
1808 5148 1898 5202 καὶ
1953 5170 2054 5204 πα-

408 5234 713 5314 ρειληφότα
791 5239 983 5290 τοῦτον
1065 5234 1167 5289 ὑπὸ
1243 5232 1449 5290 Δαλιδᾶ
1521 5242 1621 5305 τῆς
1696 5234 2057 5313 ᾐρετισμένης

402 5326 657 5381 συνοίκου
740 5321 1012 5401 νωχελίας
1061 5370 1077 5398 ,
1147 5322 1583 5399 ἀποκεκαρμένον
1667 5325 1767 5394 τήν
1844 5326 2050 5381 σύνεσιν

404 5414 665 5494 ἐκτυφλοῖ
695 5459 710 5484 ,
762 5413 854 5469 καὶ
913 5411 1057 5468 οὕτω
1115 5411 1380 5482 διαπαίζει
1436 5410 1743 5477 πολυειδῶς
1780 5460 1794 5487 ,
1848 5412 2048 5473 ἄλλοτε

502 5615 558 5686 3)
585 5614 675 5670 Ita
703 5613 830 5686 cod.
864 5613 1020 5686 Fort,
1053 5611 1411 5686 Ἀθάμαντος.

502 5615 537 5669 3
585 5615 675 5670 Ita
703 5615 830 5670 cod.
864 5615 1018 5670 Fort.
1053 5615 1090 5669 ἰε

480 5615 562 5758 ίῦ
586 5689 677 5743 Ita
696 5685 821 5743 00d.
856 5702 960 5758 pro
992 5682 1090 5746 ὡς.

2168 4703 2330 4761 πόλιν
2385 4703 2834 4782 ἐξαφανιζομένην
2895 4703 2987 4757 σὺν
3043 4708 3161 4765 τοῖς
3208 4702 3509 4779 οἰκήτορσι·
3559 4702 3810 4766 καὶτοὺς

2163 4791 2467 4865 Ἀλωάδας,
2525 4793 2615 4847 καὶ
2665 4794 2764 4862 τήν
2827 4793 2913 4847 ὑπ’
2970 4789 3237 4863 ἀλλήλων
3293 4796 3497 4846 πτῶσιν
3543 4791 3715 4847 αὐτῶν
3762 4792 3813 4847 ἐν

2162 4888 2232 4958 τῇ
2290 4886 2385 4959 γῇ,
2444 4881 2569 4957 πρὶν
2628 4883 2822 4935 Ὄσσαν
2884 4879 2966 4936 ἐπ’
3024 4879 3308 4954 Ὄλυμπον
3369 4879 3574 4950 θέντας,
3628 4881 3714 4936 ἐπὶ
3765 4867 3814 4936 δ’

2164 4974 2357 5028 Ὀσσαν
2413 4971 2477 5026 16
2534 4967 2746 5040 Πήλιον
2804 4969 3155 5048 ἀναφοιτῆσαι
3212 4968 3348 5044 πρὸς
3404 4969 3662 5046 οὐρανόν.
3719 4971 3811 5026 καὶ

2162 5062 2257 5125 τὰς
2315 5059 2487 5123 ἄλλας
2543 5061 2643 5128 τῆς
2721 5059 3083 5137 ὑπερηφανίας
3146 5059 3321 5135 ὁρμὰς
3376 5059 3466 5113 καὶ
3522 5080 3812 5136 καταστρο-

2166 5150 2284 5230 φάς.
2345 5147 2689 5226 Πορρωτάτω
2738 5148 2915 5203 τοίνυν
2972 5147 3303 5224 ἐξοριστέον,
3362 5146 3477 5203 ἐπεὶ
3530 5144 3808 5221 καταϐλη-

2164 5241 2333 5311 τικὸν,
2385 5239 2447 5294 τὸ
2498 5237 2765 5312 μετέωρον
2813 5236 3088 5315 φρόνημα·
3140 5237 3589 5314 προσοικειωτέον
3645 5235 3703 5293 δὲ
3749 5241 3810 5294 τὸ

2170 5328 2408 5407 μέτριον,
2468 5327 2550 5382 6'1:
2616 5321 2848 5401 βεϐηκὸς
2903 5326 2992 5380 καὶ
3053 5324 3347 5404 ὑπερείδειν
3409 5324 3571 5390 εἶδός·
3619 5325 3808 5397 καὶδή

2165 5422 2232 5493 τῇ
2288 5422 2387 5473 τοῦ
2448 5415 2613 5493 λόγου
2660 5414 3060 5491 συναρμοπέον
3098 5420 3256 5490 τιμῇ,
3306 5415 3395 5471 καὶ
3444 5417 3545 5487 τὴν
3585 5416 3805 5495 ἀρίστην

2235 5612 2314 5685 (5)
2343 5613 2480 5670 Cod.
2506 5608 2735 5688 Ἰκάριος
