4096 6424
254 537 455 607 ⁸εαύτην
529 534 779 612 συζυγίαν
854 533 892 607 ἤ
968 535 1235 616 συμφυΐαν
1270 584 1283 609 ,

257 622 433 702 ἅρπην
494 624 876 702 παραληπτέον
930 628 1030 696 τὴν
1083 629 1403 702 Ἑρμαϊκήν·
1465 626 1533 683 δι’
1588 632 1654 697 ἧς
1704 629 1731 682 6
1782 625 1896 691 δῖος

256 715 512 790 Περσεὺς,
562 717 590 770 6
629 717 814 791 νοερὸς
862 717 997 792 ἀνὴρ
1052 718 1141 772 καὶ
1190 719 1323 773 κατά
1366 720 1463 787 τῆς
1523 718 1746 794 ἀλογίας
1795 739 1896 773 πο-

255 802 501 876 λεμικὸς,
535 804 595 859 ού
643 802 778 874 δῆτα
835 807 959 879 μίαν
1010 804 1069 861 ἐκ
1110 811 1216 860 τῶν
1265 811 1449 880 τριῶν,
1482 804 1608 861 ἀλλ’
1639 805 1770 869 ὅλας
1801 808 1895 869 τὰς

250 892 538 967 εἰρημένας
582 899 729 968 τρεῖς
778 894 1128 971 Γοργονείους
1181 903 1281 964 τῆς
1327 902 1615 972 μοχθηρᾶς
1668 896 1893 971 ὀρέξεως

250 980 596 1055 ἐκτετμηκὼς
655 981 892 1060 κεφαλὰς
923 1030 936 1055 ,
994 982 1160 1046 πάθος
1230 986 1365 1039 ἅπαν
1422 985 1847 1059 καταγωνίσοιτο
1877 1031 1891 1054 ,

247 1074 325 1143 τῷ
381 1070 673 1147 ἑωρακέναι
728 1072 823 1134 τάς
880 1072 1173 1150 κορυφαίας
1230 1073 1461 1145 ἐκτομάς
1515 1073 1890 1146 ἀπολιθωθέν,

240 1158 329 1213 καὶ
374 1158 518 1221 ὅλως
571 1166 755 1233 μεῖναν
802 1160 1071 1236 ἄπρακτον
1124 1162 1215 1217 καὶ
1273 1162 1553 1232 ἀκίνητον.
1607 1169 1776 1217 T0610
1826 1161 1884 1219 66

244 1248 306 1303 16
357 1248 681 1326 μετριόφρον
728 1248 815 1305 καί
864 1252 1080 1327 ἄτυφον,
1131 1252 1219 1306 καὶ
1267 1257 1373 1327 πῦρ
1424 1250 1564 1306 οἶδεν
1613 1253 1640 1306 6
1690 1252 1878 1326 λόγος,

242 1336 330 1390 τὸν
366 1333 677 1411 ἐπηρμένην
712 1334 831 1417 ὅφιν
880 1346 1300 1416 καταπιμπρῶν,
1339 1340 1427 1396 καὶ
1476 1343 1575 1409 τὴν
1626 1341 1675 1411 ἐξ
1726 1341 1889 1396 αὑτοῦ

240 1425 605 1500 γεγενημένην
638 1425 824 1503 ὕδραν,
857 1429 955 1497 τήν
1011 1427 1368 1505 πολύμορφον
1426 1430 1638 1498 κακίαν,
1686 1428 1892 1493 τελέως

243 1512 569 1589 ἐξαναιροῦν,
634 1517 767 1589 μετά
821 1524 923 1586 τῆς
983 1518 1147 1594 ὀρθῆς
1202 1518 1486 1594 γενόμενον
1545 1519 1794 1595 κρίσεως·
1850 1522 1884 1588 ἡ

248 1603 473 1679 μὲνγὰρ
526 1603 769 1676 ἐκτέμνει
822 1607 921 1675 τὴν
981 1608 1323 1683 μοχθηρίαν,
1380 1609 1442 1662 τὸ
1501 1605 1558 1663 66
1611 1609 1704 1669 τὰς
1753 1609 1887 1662 ἀπο-

242 1690 425 1769 φύσεις
459 1692 519 1747 ού
569 1700 861 1770 συγχωρεῖ·
910 1700 1071 1751 τοῦτο
1119 1696 1208 1750 καὶ
1258 1695 1509 1771 λαμπρὸν
1561 1696 1754 1773 ὄχημα
1800 1698 1889 1752 καὶ

243 1777 408 1843 ὅντως
460 1782 741 1857 βασιλικόν
769 1803 782 1816 ·
828 1785 903 1846 ὡς
954 1784 1087 1862 φλὸξ
1143 1786 1235 1859 μὲν
1283 1786 1602 1855 ὑπαντιάζον
1639 1793 1753 1849 τοῖς
1808 1787 1891 1841 ἀν-

1502 401 1924 467 NICEPIIORI
1965 398 2406 471 BLEMMIDIE

1357 540 1458 607 τὴν
1530 535 1893 611 ἀδαμαντίνην
1924 537 1981 605 Α
2010 544 2164 611 σμῶν
2195 538 2598 615 ἀλλοιουμένου
2626 544 2724 596 106
2769 536 3037 596 δεκτικοῦ.
3079 541 3160 611 τῷ
3205 534 3262 594 66
3289 535 3445 611 καλῷ
3491 538 3661 614 κάγα-

3530 405 3656 471 668

2008 632 2085 699 θῷ
2140 630 2208 682 τά
2293 627 2546 704 βέλτιστα
2629 629 2717 684 καὶ
2776 627 3172 703 προσαρμάτων
3247 628 3336 682 καὶ
3411 625 3658 702 ἡδυσμά-

2003 739 2134 789 των,
2169 719 2253 780 οἷς
2284 718 2490 795 χαίρει,
2523 720 2603 781 οἷς
2659 718 2879 789 εύεκτεῖ,
2933 719 3007 771 ὧν
3050 719 3174 772 ἄνευ
3202 717 3291 772 καὶ
3342 716 3406 771 τὸ
3436 717 3570 772 εἶναι
3601 718 3657 773 οἱ

2011 808 2084 879 μὴ
2139 806 2271 861 εἶναι
2320 808 2654 883 λεγόγισται·
2701 807 2886 881 νοερὸς
2957 806 3060 883 γάρ
3112 803 3243 868 ὅλος
3285 808 3650 880 καθεστηκὼς,

2005 901 2129 950 νοῦν
2161 897 2371 975 τρέφειν
2404 897 2492 951 καὶ
2544 895 2695 966 ἧδειν
2746 896 3061 967 ἐσπούδακε,
3112 896 3202 950 καὶ
3249 894 3392 950 οὕτω
3437 896 3656 972 κέκρικε

2010 988 2127 1057 ζῇν,
2154 985 2243 1038 καὶ
2290 984 2546 1061 ὑπέρευγέ
2580 989 2692 1059 ζῇν.
2726 986 2782 1037 Ὀ
2831 982 2888 1039 66
2936 982 3099 1061 λόγος
3144 984 3508 1056 ἐπικοσμείτω
3555 984 3650 1038 τὸν

2012 1072 2290 1146 βασιλικόν
2336 1072 2636 1150 ’ἀνδριάντα
2709 1075 2844 1150 πρὸς
2893 1075 2992 1142 τὴν
3064 1078 3161 1128 106
3212 1071 3654 1149 παραδείγματος

2007 1162 2387 1234 έπικόσμησιν.
2450 1164 2938 1239 Ἀριπρεπέστατος
2997 1159 3055 1217 66
3109 1162 3316 1233 κόσμος
3370 1161 3603 1231 ἀλήθεια
3634 1181 3649 1193 ⁶

2001 1250 2201 1321 ταύτην
2249 1247 2720 1327 περιϐεϐλημένος
2767 1252 2795 1306 6
2846 1250 3210 1324 ὑψηλότατος,
3260 1247 3372 1305 ἐπεὶ
3404 1255 3515 1327 φῶς
3545 1256 3651 1304 πᾶ.-

2000 1361 2081 1394 σιν
2141 1338 2406 1417 ἐπιφανὴς
2460 1340 2547 1394 καὶ
2607 1335 2969 1415 περίϐλεπτος
3003 1359 3015 1370 ·
3077 1340 3280 1401 πάντας
3354 1340 3454 1415 γάρ
3531 1338 3650 1393 ἐπι-

2000 1427 2214 1506 στρέφει
2269 1430 2403 1504 πρὸς
2459 1428 2665 1483 ἑαυτόν·
2726 1426 2779 1483 εἶ’
2827 1449 2888 1504 γε
2947 1429 3054 1501 μὴν
3108 1428 3200 1482 τὸν
3264 1432 3361 1482 106
3417 1424 3650 1501 ψεύδους

2000 1515 2291 1573 ύποδύοιτο
2345 1518 2557 1589 σκότον,
2609 1514 2730 1592 ἔχοι
2779 1517 2837 1571 ἃν
2893 1516 2979 1571 ἐπὶ
3030 1538 3093 1571 το
3123 1516 3439 1592 περίοπτον·
3491 1515 3543 1570 εἶ’
3572 1517 3650 1588 μὴ

2000 1606 2184 1661 καθότι
2258 1608 2468 1684 ζοφόεις
2548 1606 2854 1682 ὑπέρκειται
2928 1611 3043 1668 τοῖς
3123 1606 3315 1682 ἐτέρων
3388 1606 3651 1681 ἀγασμοῖς

1999 1696 2538 1771 παραθεωρούμενος,
2595 1694 2776 1771 ὥσπερ
2833 1694 2922 1749 καὶ
2976 1694 3142 1769 μέλαν
3192 1695 3351 1773 νέφος
3411 1695 3648 1769 ἑτερογε-

1998 1789 2123 1846 νοῦς
2180 1806 2329 1847 τινος
2378 1784 2621 1861 φαύσεως
2670 1785 3124 1860 προσκεχυμένης
3188 1787 3268 1856 τῷ
3313 1782 3649 1859 περιέχοντι·

238 1864 590 1925 τιόαίνυυσιν·
652 1870 809 1926 αὑτὸν
882 1870 939 1928 66
1012 1874 1101 1928 16v
1173 1868 1441 1945 ἀναϐάτην
1507 1874 1607 1929 οὑκ
1662 1875 1886 1951 ἀπορῥι-
1918 1878 2280 1974 Βτοιγαροῦν
2344 1872 2659 1937 ἐπισειέσθω
2728 1877 2804 1944 τῷ
2855 1870 3041 1947 ψεύδει
3096 1870 3338 1933 Τενέδιος
3394 1870 3649 1942 πέλεκυς,

239 1962 405 2012 πτοῦν
464 1958 538 2020 ὡς
597 1959 870 2015 Φαέθοντα
928 1958 1016 2015 διὰ
1066 1961 1128 2016 τὸ
1174 1959 1513 2039 ἀνέδραστον,
1565 1961 1711 2018 ἀλλά
1755 1958 2067 2037 μετά”’ίν’
2152 1960 2625 2035 ἐκδειμαινόμενον
2707 1960 3098 2017 ὑποστέλλοιτο
3130 2005 3147 2032 ,
3206 1962 3304 2031 τὴν
3379 1959 3648 2035 ἀναίρεσιν

240 2044 458 2116 πολλῆς
510 2054 610 2117 τῆς
670 2048 961 2127 ἀσφαλείας
1027 2050 1287 2129 ἀναφέρον
1342 2052 1478 2128 πρὸς
1536 2052 1670 2126 ὕψος
1730 2052 1888 2127 ούρα-

238 2155 373 2205 νιον,
402 2137 492 2190 καὶ
550 2134 812 2208 διάδηλον
851 2135 955 2200 ἕως
1013 2139 1189 2194 αὑτῶν
1244 2146 1351 2195 τῶν
1410 2148 1511 2211 τῆς
1557 2142 1887 2214 οἰκουμενης

238 2224 486 2301 περάτων
538 2226 994 2303 ἀπεργαζόμενον·
1044 2230 1180 2302 πρὸς
1239 2231 1297 2284 ’ὀν
1356 2230 1444 2285 καὶ
1506 2229 1885 2306 μεγαληγορία

238 2317 554 2393 προφητικὴ
611 2313 954 2394 διακέκραγεν
990 2361 1004 2385 ,
1052 2324 1287 2396 Ἔφαναν
1351 2320 1404 2374 αἱ
1462 2319 1727 2396 ἀστραπαί
1785 2342 1883 2375 σου

235 2406 306 2476 τῇ
352 2402 663 2479 οἰκουμένῃ·
722 2410 826 2467 πᾶς
878 2406 1155 2482 ἄνθρωπος
1208 2405 1400 2483 ἱλαρὸς
1458 2405 1565 2462 εἶδε
1615 2408 1705 2463 καὶ
1765 2407 1883 2463 ἐσα-

238 2490 401 2562 λεύθη
482 2492 572 2547 καὶ
640 2492 1085 2565 καταπέπληκται
1141 2515 1154 2527 ·
1236 2496 1491 2572 βασιλεὺς
1566 2497 1666 2573 γάρ
1751 2499 1885 2571 μετά

237 2584 347 2635 τῶν
410 2578 595 2636 ἄλλων
648 2580 941 2657 βασιλικῶν
990 2583 1172 2639 καλῶν
1236 2591 1637 2664 μετριοφρονῶν
1696 2586 1769 2662 (τί
1818 2587 1885 2640 τά

236 2667 423 2724 πολλά
446 2672 557 2746 χρὴ
591 2668 771 2746 λέγειν
803 2691 816 2741 ;
851 2673 867 2745 )
899 2672 1057 2727 αὑτὸν
1110 2674 1408 2750 ὑπογράφει
1458 2676 1549 2729 τὸν
1594 2674 1885 2731 κεκλικότα

235 2756 365 2820 τοὺς
391 2757 672 2834 οὐρανοὺς,
702 2761 792 2814 καὶ
839 2754 1250 2833 καταϐεϐηκότα
1301 2764 1467 2839 μέχρι
1514 2761 1715 2818 δούλου
1750 2783 1883 2840 μορ-

240 2849 370 2925 φῆς,
397 2848 488 2901 τὸν
538 2847 765 2924 βασιλέα
809 2852 909 2918 τῆς
948 2847 1129 2920 δόξης·
1182 2853 1228 2923 ᾧ
1274 2856 1381 2906 τῶν
1433 2851 1665 2907 αἷωνίων
1694 2849 1881 2906 πυλῶν

238 2935 493 3011 ἀρθεισῶν
553 2935 801 3013 ὑπεράνω
855 2939 1032 3009 πάσης
1089 2939 1270 3015 ἀρχῆς
1325 2941 1690 3016 ὑπερκοσμίου
1753 2941 1887 3013 μετά

238 3026 488 3097 σώματος
542 3027 577 3095 ἡ
639 3021 913 3089 ἀνάϐασις·
969 3026 1094 3083 ἀλλ’
1151 3028 1180 3083 ὅ
1236 3051 1298 3104 γε
1348 3030 1447 3098 τήν
1498 3029 1661 3084 αὑτοῦ
1691 3029 1885 3107 ζφέρων

239 3114 518 3192 μόρφωσιν
577 3112 971 3179 θεοειδέστατος
1036 3115 1310 3192 βασιλεὺς,
1371 3119 1452 3180 οἷς
1487 3119 1550 3173 τὸ
1602 3116 1880 3194 βασιλικὸν

235 3201 590 3260 διαδείκνυται
633 3202 841 3267 κάλλος
876 3252 889 3276 ,
951 3205 1271 3284 ἐπεντρυφᾷ.
1328 3208 1410 3269 οἷς
1466 3206 1530 3262 τὸ
1587 3204 1879 3279 ἀλλότριον

235 3293 429 3370 αἶσχος
488 3292 912 3370 ἀπορῥαπίζεται
946 3342 961 3367 ,
1019 3295 1242 3371 γέγηθεν
1276 3318 1287 3330 ·

237 3383 384 3458 παρά
455 3390 555 3451 τῆς
634 3381 903 3459 ἐναργείας
981 3380 1410 3459 δεδιδαγμένος·
1473 3383 1553 3439 ὅτι
1631 3385 1732 3460 γάρ
1787 3382 1883 3438 κᾶν

240 3472 434 3545 ἀρετῆς
480 3471 570 3525 καὶ
620 3469 752 3548 ὑπὲρ
800 3473 891 3526 τὸν
941 3467 1203 3545 ᾀδόμενον
1250 3470 1665 3528 Πολυκλείτειον
1707 3474 1882 3551 πέφη-

238 3580 319 3613 νεν
370 3559 724 3635 ὡραιότατος,
774 3558 1066 3636 ἀγάλλεται
1118 3559 1255 3630 δῆτα
1304 3563 1394 3617 καὶ
1452 3563 1832 3640 ἀμφοτέρωθεν
1867 3608 1881 3633 ,

240 3647 300 3702 ἔκ
328 3669 387 3702 τε
415 3651 511 3717 τῆς
547 3653 655 3703 τῶν
707 3648 920 3703 οἰκείων
968 3648 1335 3726 προσλήψεως
1377 3651 1467 3705 καὶ
1516 3650 1883 3727 ἀναρρήσεως,

241 3732 302 3791 ἔκ
329 3756 388 3791 τε
414 3743 517 3806 τῆς
562 3742 669 3791 τῶν
723 3736 1002 3794 ἀνοικείων
1048 3738 1352 3801 ἀποθέσεως
1398 3739 1488 3793 καὶ
1536 3739 1839 3816 φαυλίσεως
1869 3761 1883 3773 ·

242 3823 428 3901 ὥσπερ
474 3825 579 3901 γὰρ
624 3826 686 3880 τὸ
749 3826 972 3905 φίλτρον
1018 3827 1108 3882 καὶ
1156 3829 1430 3905 προσφυὲς
1480 3827 1889 3904 ἐγκωμιαζόμε-

240 3934 331 3969 νον
381 3915 647 3989 γάννυσιν,
703 3916 846 3970 οὕτω
897 3914 1377 3989 στηλιτευόμενον,
1434 3918 1497 3972 τὸ
1555 3915 1747 3992 ἐχθρὸν
1796 3917 1887 3971 καὶ

254 3997 560 4076 ἀξύμϐατον
605 4003 664 4059 ἐκ
710 4009 820 4060 τῶν
870 4004 1118 4059 ἐναντίων
1163 4003 1251 4059 διὰ
1292 4010 1398 4061 τῶν
1444 4004 1717 4075 ἐναντίων,
1767 4027 1886 4060 συν-

247 4113 343 4169 αγο
352 4092 518 4165 μένης
554 4097 679 4166 μιᾶς
713 4092 1071 4163 οἰκειότητος.

316 4182 377 4250 ζ’.
411 4178 565 4237 Ἀλλ’
611 4177 765 4236 οὐδὲν
813 4186 892 4254 τῷ
941 4179 1216 4256 σπουδαίῳ
1256 4190 1356 4253 τῆς
1407 4179 1576 4246 ὅντως
1620 4182 1892 4255 ἠδύτητος

245 4268 612 4347 οἶκειότερον·
664 4267 701 4339 ἤ
766 4268 978 4342 μᾶλλον
1038 4269 1415 4346 ἐξαναιρέσεως
1470 4275 1569 4341 τῆς
1623 4270 1892 4344 δοκούσης

247 4357 307 4413 ἐκ
363 4358 564 4431 πόνων,
624 4356 677 4429 ἐξ
732 4355 980 4435 ἱδρώτων
1015 4404 1029 4430 ,
1088 4358 1148 4413 ἐκ
1207 4358 1328 4434 βίας
1382 4360 1584 4438 πέφυκε
1638 4360 1894 4428 γίνεσθαι⁹

246 4452 344 4503 106
418 4452 693 4524 καρτερεῖν
768 4444 1054 4503 συνειδέναι
1128 4449 1228 4517 τὴν
1300 4453 1406 4502 τῶν
1491 4450 1897 4525 καρτερούντων

250 4537 466 4614 πικρίαν
546 4537 848 4614 ἐξαίροντος
900 4556 913 4568 ·
969 4537 1055 4591 καὶ
1136 4542 1233 4591 106
1308 4540 1715 4613 καθυπερτερεῖν
1797 4541 1895 4608 τήν

237 4629 735 4703 καθυπερτεροῦσαν
824 4627 1110 4702 χαρμονὴν
1198 4626 1627 4705 συνεισφέροντος
1680 4647 1693 4660 ·

244 4736 341 4785 την
400 4716 533 4771 ποτὲ
586 4714 675 4769 καὶ
740 4716 1132 4790 καταγνώσεως
1212 4713 1359 4786 λύπη
1432 4715 1784 4792 προὺξένησεν
1855 4717 1892 4788 ἤ

244 4802 370 4865 τοὺς
429 4803 588 4879 ὅρους
647 4803 753 4880 οὐχ
811 4798 1210 4880 ὑπερϐέϐηκεν,
1270 4802 1395 4859 ούδὶ
1450 4806 1585 4879 πρὸς
1642 4807 1887 4880 κρημνὸν

244 4890 523 4962 ἐξώκειλεν
580 4893 958 4967 ἀπογνώσεως·
1017 4892 1131 4947 ἐπεὶ
1174 4893 1263 4948 καὶ
1312 4894 1376 4948 τά
1432 4895 1725 4966 καθαρτικά
1777 4900 1885 4950 τῶν

246 4979 543 5059 φαρμάκων
598 4979 881 5055 πολεμίως
938 4982 1033 5054 μὲν
1094 4980 1209 5058 ἔχει
1268 4983 1405 5059 πρὸς
1459 4983 1523 5037 τὸ
1579 4988 1738 5056 σῶμα
1792 4988 1889 5039 106

251 5070 393 5139 ζώου
426 5087 439 5100 ·
495 5069 594 5138 τὴν
667 5067 724 5124 δέ
798 5092 859 5147 γε
928 5072 1216 5147 μοχθηράν
1284 5070 1635 5144 ἐπισπώμενα
1698 5071 1837 5143 ὕλην
1872 5117 1888 5144 ,

250 5158 431 5233 ὑγείας
488 5157 745 5231 παραίτια
798 5159 1050 5234 γίνεται,
1112 5159 1235 5214 ὅταν
1296 5160 1403 5235 οὑχ
1452 5156 1714 5237 ὑπερϐαίη
1762 5160 1891 5225 τοὺς

248 5245 409 5322 ὅρους
466 5247 500 5314 ἡ
558 5246 835 5322 κάθαρσις,
895 5248 1019 5302 οὐδὲ
1071 5248 1437 5324 συνεκκριθείη
1489 5251 1552 5305 τὸ
1607 5251 1888 5327 ἀναγκαῖον

249 5333 326 5397 εἷς
358 5333 628 5390 σύστασιν·
680 5332 875 5396 αλλοις
932 5336 1025 5408 μὲν
1074 5337 1165 5389 οὖν
1223 5338 1376 5391 ταυτὶ
1416 5340 1678 5414 καθάρσια
1725 5340 1894 5415 τυχὸν

247 5421 284 5493 ἤ
316 5422 407 5503 καί
440 5419 731 5494 ἀντίδοτοι,
761 5428 877 5484 τοῖς
932 5424 1007 5496 μή
1057 5425 1191 5500 πρὸς
1222 5426 1284 5480 τὸ
1333 5423 1560 5502 ἔσχατον
1595 5425 1892 5498 ἐληλακόσι

247 5519 348 5582 τῆς
377 5512 539 5567 νόσου
586 5512 674 5567 καὶ
718 5508 1021 5574 πάνδεινον·
1073 5512 1210 5568 ὥστε
1258 5512 1397 5587 μηδὲ
1433 5515 1748 5588 προσίεσθαι
1792 5524 1892 5586 τῆς

252 5601 609 5673 πολιότητος
668 5600 1215 5677 ἀπορῥιπνουμένης,
1274 5600 1363 5656 διὰ
1415 5608 1532 5659 τῶκ
1586 5626 1897 5681 κατηγορη-

254 5692 437 5766 μάτων
470 5690 659 5763 αύτῆς·
719 5688 810 5746 καὶ
866 5691 1003 5767 πρὸς
1059 5690 1123 5746 τὸ
1181 5689 1330 5756 εύθές
1387 5688 1475 5747 διὰ
1516 5698 1622 5750 τῶν
1666 5694 1897 5773 εὐφημι-

1349 3293 1405 3351 εὗ
1483 3293 1604 3350 οἶδα
1671 3300 1832 3350 τοῦτο
1865 3342 1879 3366 ,
1913 3275 1957 3343 C
1994 3318 2183 3352 πιστον

2001 2054 2366 2129 ὑφορώμενον·
2425 2049 2461 2120 ἤ
2527 2052 2705 2127 μακρά
2763 2052 2998 2127 γραμμὴ
3053 2050 3142 2105 καὶ
3197 2049 3432 2123 μέλαινα
3472 2053 3654 2127 ψῆφος

1996 2140 2348 2217 κληρούσθων
2406 2138 2441 2209 ἧ
2497 2142 2604 2213 μὴν
2661 2140 2973 2218 ἐκφοίτησις
3028 2139 3080 2202 ἐς
3140 2139 3497 2214 Κυνόσαργες,
3533 2139 3648 2193 οἷον

1999 2229 2056 2285 δὲ
2102 2228 2557 2305 πεπαῤῥησιάσθω
2598 2227 2660 2281 τὸ
2713 2224 2959 2300 ἀψευδές·
3016 2224 3134 2294 ἤτω
3185 2223 3243 2280 66
3289 2222 3661 2301 περισπούδα-

1998 2341 2141 2390 στον,
2201 2318 2290 2373 καὶ
2341 2316 2403 2372 16
2461 2319 2651 2371 θᾶττον
2710 2315 2947 2370 ἀνύττειν
3005 2315 3072 2369 τά
3123 2313 3654 2390 ἐπηγγελμένα,τοῦ

1997 2405 2446 2483 ἐπαγγέλλεσθαι·
2509 2406 2572 2459 τὸ
2631 2405 2725 2478 μὶν
2785 2405 2888 2480 γάρ
2956 2401 3160 2477 μέλλον
3213 2402 3300 2458 ἐπὶ
3365 2401 3543 2478 βραχὺ
3594 2402 3658 2458 τὸ

1993 2497 2450 2573 περιεσκεμμένον
2515 2491 2758 2563 δηδοοῖ·
2837 2493 3014 2554 καθὼς
3092 2492 3157 2546 αὑ
3236 2491 3323 2546 ἐπὶ
3394 2493 3657 2564 μήκιστον

1996 2585 2342 2662 Πυρρωνείου
2394 2583 2585 2659 μόριον
2628 2582 2858 2657 ἐποχῆς.
2905 2580 2968 2636 EI
3020 2578 3066 2636 δ’
3108 2578 3260 2643 αὖθις
3311 2579 3508 2651 ὑπέστη
3564 2581 3642 2653 μὴ

1993 2680 2338 2750 παραχρῆμα
2390 2671 2720 2748 περαίνοιτο,
2778 2667 2895 2731 πῶς
2955 2668 3053 2725 οὐκ
3104 2668 3163 2723 ἂν
3222 2669 3531 2746 ὑπεμφήναι
3577 2669 3643 2724 16

1991 2770 2091 2833 τῆς
2147 2763 2378 2838 γνώμης
2430 2767 2531 2829 τῆς
2592 2760 2726 2832 μετά
2778 2760 2877 2827 τὴν
2931 2758 3105 2832 κρίσιν
3159 2756 3648 2835 ἀμφιῤῥεπέςςῐῐὶ

1995 2850 2053 2907 66
2080 2852 2169 2907 καὶ
2203 2849 2539 2906 διαπίπτοιεν
2591 2850 2665 2910 εἷς
2709 2847 2886 2919 τέλος,
2938 2843 3110 2909 ὅντως
3157 2846 3287 2901 αύνὸ
3323 2848 3388 2901 τὸ
3415 2851 3511 2901 τοῦ
3545 2846 3647 2902 λο-

1994 2945 2196 3017 γισμοῦ
2248 2940 2443 3016 βάθρον
2490 2939 2943 3013 ὑποσεσάθρωται·
2993 2940 3160 2991 τοῦτο
3207 2933 3266 2990 66
3306 2941 3403 2991 106
3449 2957 3646 3013 προκε-

1993 3031 2249 3107 κριμένου
2298 3029 2511 3083 πάντων
2556 3026 2680 3081 ὅσον
2730 3026 2962 3099 ἀνάξιον·
2994 3026 3040 3098 ᾧ
3098 3022 3265 3098 μηδὲν
3311 3026 3427 3079 κατ’
3476 3024 3645 3101 ἀνάγ-

1990 3141 2091 3190 κην
2142 3119 2203 3173 τὸ
2252 3116 2619 3192 παλινάγρετα
2666 3114 2844 3190 λέγειν
2882 3133 2895 3146 ·
2948 3115 2994 3186 ᾧ
3040 3110 3186 3168 πολὺ
3233 3112 3297 3167 τό
3343 3113 3541 3190 κράτος
3581 3113 3648 3167 τὸ

1994 3206 2275 3281 ἀνεμώλια
2327 3207 2528 3281 βάζειν.
2580 3203 2747 3259 Πόθεν
2799 3201 2857 3258 66
2904 3207 2983 3275 τῷ
3032 3202 3357 3278 ὑπερέχοντι
3397 3201 3459 3256 16
3495 3201 3644 3272 ἀξιό-

2237 3315 2250 3365 ;
2302 3293 2338 3364 ἤ
2382 3294 2543 3358 πόθεν
2596 3294 2659 3349 τὸ
2695 3297 2804 3347 τῶν
2853 3290 3031 3367 λόγων
3082 3289 3316 3370 ἀσφαλὲς
3364 3288 3649 3346 έκπαιδευ-

1992 3385 2109 3455 θείη
2158 3386 2220 3440 τὸ
2271 3378 2641 3460 ὑπερϐεϐηκός
2674 3401 2687 3451 ;
2722 3382 2807 3435 Ἐν
2858 3378 3064 3454 ὑποψίᾳ
3115 3380 3251 3454 πρὸς
3311 3377 3597 3451 ἀλλήλους
3631 3426 3648 3452 ,

1995 3473 2181 3550 ἅρχων
2233 3494 2291 3527 τε
2346 3472 2436 3527 καὶ
2485 3471 2813 3548 ἀρχόμενος,
2873 3468 2925 3524 ἐν
2975 3468 3236 3545 συγχύσει
3281 3469 3345 3523 τὸ
3373 3474 3475 3523 πᾶν
3512 3470 3651 3524 κατὰ

1992 3565 2055 3618 τὸ
2088 3557 2511 3635 Ἐμπεδόκλειον
2547 3565 2794 3638 σφαῖρον,
2835 3558 2925 3613 καὶ
2972 3558 3072 3627 τὴν
3102 3561 3199 3613 106
3237 3555 3448 3620 νείκους
3482 3559 3651 3629 ἡττη-

2000 3651 2164 3726 μένην
2225 3650 2431 3729 φιλίαν.
2496 3646 2565 3703 δι’
2619 3645 2686 3717 ἤν
2741 3648 2770 3701 ὁ
2817 3647 2989 3723 πκρὸς
3046 3646 3333 3719 ἐκθέμενος
3391 3644 3510 3717 ἄξια
3564 3651 3646 3719 τῷ

1996 3740 2126 3817 πυρὶ
2161 3737 2456 3810 πεσιλωτο,
2483 3735 2555 3791 τίν’
2603 3738 2743 3809 ὁμοῦ
2788 3737 3007 3813 γένηται
3056 3737 3319 3811 χρήματα
3365 3735 3539 3790 πάντα
3585 3735 3647 3791 τό

1995 3852 2055 3907 γε
2094 3828 2221 3884 αὑτὸ
2276 3826 2364 3882 διά
2392 3833 2493 3896 τῆς
2539 3825 2849 3886 ἀναλύσεως
2899 3824 2950 3879 ἐν
3002 3825 3208 3893 κινήσει
3247 3822 3311 3878 16
3338 3829 3465 3897 πᾶν,
3512 3826 3653 3879 κατά

1996 3919 2087 3973 τὸν
2137 3914 2493 3994 Ἡρακλείτου
2523 3914 2693 3989 λόγον
2737 3914 2830 3968 τὸν
2877 3911 3120 3968 ἄστατον·
3173 3912 3218 3983 ᾧ
3264 3912 3363 3982 τήν
3406 3911 3645 3968 ἐναντίαν

1999 4008 2028 4062 ὁ
2059 4004 2313 4077 ἀκίνητος
2362 4002 2619 4079 ἐτράπετο
2668 4003 2871 4074 Ζήνων·
2921 4000 3011 4056 καὶ
3058 4003 3176 4062 πῶς
3226 3999 3304 4062 εἷς
3349 4004 3511 4055 10610
3559 4022 3650 4056 κε-

1998 4096 2236 4166 κίνηται,
2296 4098 2413 4155 πῶς
2472 4089 2518 4147 δ’
2576 4091 2771 4160 ἐκεῖνο,
2830 4083 3022 4159 ἔστησε
3067 4089 3131 4144 16
3180 4086 3383 4164 δόγμα,
3433 4089 3523 4145 καὶ
3552 4091 3650 4159 τὴν

2003 4183 2279 4257 ὑπόληψιν
2311 4181 2361 4237 ἐν
2396 4179 2615 4251 δοκήσει
2654 4179 2716 4234 16
2762 4184 2887 4249 πᾶν,
2941 4178 3016 4241 ὡς
3064 4173 3406 4253 Δημόκριτος
3456 4179 3485 4233 6
3519 4178 3654 4252 μετά

2002 4273 2176 4329 αὐτῶν
2235 4270 2572 4348 ληρημάτων
2623 4268 2723 4324 οὑκ
2754 4264 2847 4322 ὤν·
2894 4266 2946 4339 ἐξ
3002 4268 3076 4322 ὧν
3132 4266 3502 4338 κατεσκεύαζε,
3560 4265 3652 4321 καὶ

2003 4363 2169 4418 πάλιν
2200 4360 2357 4434 νόμῳ
2395 4360 2586 4436 χροιὴ,
2637 4357 2848 4431 μᾶλλον
2895 4354 2953 4411 66
2995 4359 3192 4432 γνῶσις
3237 4355 3326 4410 καὶ
3365 4354 3531 4429 λόγος
3558 4353 3650 4409 καὶ

2007 4451 2308 4525 ἅνθρωπος·
2372 4450 2492 4523 ἐτεῇ
2548 4445 2605 4502 66
2658 4445 2808 4501 κενόν
2840 4466 2852 4477 ·
2912 4442 3322 4520 ἁρμοδιώτατον
3400 4441 3503 4520 ἄρα
3554 4442 3651 4497 κό-

2008 4564 2118 4615 σμη
2133 4562 2207 4613 μα
2232 4544 2311 4611 τῷ
2339 4541 2625 4615 κρατοῦντι
2670 4536 2732 4590 τὸ
2777 4532 3153 4604 ἀληθευτικόν·
3198 4534 3332 4609 πρὸς
3366 4530 3423 4587 66
3466 4530 3556 4587 καὶ
3585 4532 3648 4587 16

1762 4628 1897 4684 ταύ-
1925 4642 1974 4707 D
2003 4634 2112 4687 τῶν
2169 4628 2431 4698 αἰτήσεων
2500 4624 2743 4700 εὐλόγως
2819 4624 3072 4700 ἠγμένων
3138 4620 3597 4697 ἀποπληρωτικόν
3634 4642 3648 4655 ·

2004 4719 2183 4793 ὥσπερ
2243 4715 2308 4771 αὖ
2362 4715 2425 4770 16
2480 4719 2589 4770 τῶν
2642 4711 2830 4774 ἄλλως
2891 4710 3133 4789 ἐχουσῶν
3204 4709 3596 4788 ἀποτρεπτικόν
3632 4729 3647 4742 ·

1997 4803 2086 4860 καί
2135 4808 2303 4859 ταῦτα
2354 4804 2452 4871 τήν
2509 4800 2795 4878 ταχίστην,
2845 4799 2935 4854 καὶ
3000 4799 3115 4873 μετ’
3171 4796 3521 4873 ἐπειγωλῆς·
3585 4796 3647 4854 οὑ

2003 4896 2110 4967 μὴν
2151 4890 2330 4948 ἐατέον
2382 4889 2510 4952 τοὺς
2562 4887 3104 4966 προσπεφοιτηκότας
3155 4883 3649 4964 χρονοτριϐοὖντας

1997 4982 2322 5051 πιέζεσθαι·
2380 4984 2542 5035 τοῦτο
2623 4979 2723 5054 γὰρ
2780 4976 2971 5054 πόρρω
3040 4973 3371 5051 κηδεμονίας
3434 4974 3648 5053 βασιλι-

1997 5093 2065 5141 κη
2077 5093 2121 5134 ς.

2072 5161 2143 5229 η’.
2178 5159 2335 5214 Ἰτέον
2374 5158 2438 5211 16
2483 5154 2677 5210 λοιπὸν
2726 5153 2815 5210 ἐπὶ
2856 5155 2925 5209 τά
2972 5155 3243 5231 γυμνάσια
3279 5154 3343 5209 τὸ
3389 5175 3651 5232 στρατιω-

1999 5248 2171 5303 τικόν·
2226 5246 2493 5317 ἀλείπτης
2540 5242 2599 5299 66
2643 5243 2734 5299 καὶ
2782 5241 3077 5313 παιδευτὴς
3126 5244 3476 5318 προηγείσθω
3518 5244 3656 5300 κατά

2002 5336 2165 5414 λόγον
2219 5337 2246 5390 6
2292 5336 2540 5410 ἡγεμών·
2590 5333 2653 5387 16
2700 5333 2803 5409 γάρ
2847 5330 3181 5409 ἀγύμναστον
3231 5329 3389 5395 ἀδαές
3445 5354 3505 5387 τε
3559 5332 3649 5388 καὶ

2004 5424 2366 5502 ἀκαρτέρητον
2406 5446 2418 5459 ·
2482 5421 2680 5496 μελέτῃ
2752 5419 2810 5477 66
2881 5421 2970 5476 καὶ
3029 5421 3250 5493 ἀσκήσει
3314 5421 3403 5476 καὶ
3460 5423 3654 5498 πρᾶξις

2002 5514 2094 5571 καὶ
2152 5513 2317 5590 τέχνη
2372 5512 2732 5589 κρατύνεται·
2789 5510 2879 5565 καὶ
2935 5508 3118 5572 καλῶς
3172 5506 3383 5588 εἷ’ρηται
3414 5556 3429 5583 ,
3479 5508 3651 5573 Φύσις

2004 5601 2150 5673 ἄλλη
2208 5604 2271 5657 τὸ
2322 5598 2478 5664 ἔθος·
2539 5599 2755 5677 ἐπείπερ
2813 5600 2864 5653 οἱ
2924 5600 3147 5675 μοχθεῖν
3208 5598 3502 5674 εἰθισμένοι
3556 5597 3648 5653 καὶ

2001 5692 2325 5767 τληπαθεῖν,
2356 5690 2451 5747 κᾶν
2498 5688 2728 5767 γεραιοὶ,
2783 5692 2892 5744 τῶν
2937 5686 3183 5762 ἀκμαίων
3231 5692 3338 5745 τῶν
3388 5688 3647 5745 εύσθενῶν
