4096 6406
433 430 549 497 669

1281 436 1384 499 DE
1425 436 1660 501 REGIS
1705 430 2061 500 OFFICIIS.
2093 466 2173 480 -—
2197 430 2510 502 TEXTUS
2555 436 2979 503 GENUINUS.

3714 418 3835 498 610

433 565 711 636 ἀσυνήθων
771 567 1223 644 φερεπονώτεροι.
1266 567 1365 622 Καὶ
1427 574 1786 643 μαρτυροῦσιν
1845 568 1898 621 οἱ
1950 565 2076 641 περὶ
2105 566 2160 634 Α
2192 564 2368 642 λόγων
2447 569 2538 623 καὶ
2628 568 2813 642 νόμων
2901 565 3100 641 μελέτῃ
3188 563 3532 641 πεζομαχίας
3613 585 3672 621 τε
3743 554 3833 621 καὶ

431 653 527 716 τὰς
585 651 903 727 οἰκοδομίας
955 656 1044 711 καὶ
1104 655 1444 734 φυτηκομίας
1495 657 1963 733 ἐξυπουργοῢντες,
1995 657 2077 717 οἷς

434 740 586 819 ἔργον
614 743 677 798 τὸ
710 743 961 799 σκάπτειν
1009 746 1099 801 καὶ
1136 746 1200 800 τὸ
1244 745 1573 824 ἀχθοφορεῖν
1601 765 1614 778 ·
1676 745 1819 801 οὕτω
1862 745 1951 800 καὶ
1994 747 2082 799 ἰπ-

434 833 690 900 πάζεσθαι
721 834 1135 909 προειθισμένος
1188 855 1272 896 τις
1322 836 1435 909 ἅμα
1481 833 1539 890 δὲ
1590 834 1679 889 καὶ
1722 834 2077 912 ὁπλοφορεῖν,

439 920 675 997 στεῤῥῶς
704 942 764 976 τε
819 922 1065 998 κατέχειν
1123 922 1335 999 αἰχμήν
1364 925 1399 994 ἢ
1434 925 1727 1002 φάσγανον,
1755 923 1845 978 καὶ
1901 921 2078 993 πλήτ-

434 1031 543 1065 τειν
575 1010 801 1085 καιρίως
832 1012 922 1066 καὶ
951 1017 1210 1074 νεανικῶς
1244 1012 1334 1067 καὶ
1398 1013 1505 1089 βῶν
1564 1011 1798 1082 ἀζάλέην
1856 1008 1945 1081 ἡδ’
1994 1010 2082 1066 ἐπὶ

437 1097 581 1173 δεξιά
635 1105 822 1174 νωμᾷν
881 1098 969 1171 ἠδ’
1025 1099 1108 1155 ἐπ’
1162 1101 1417 1177 ἀριστερὰ
1474 1100 1798 1180 προσφόρως
1847 1100 1936 1155 καὶ
1986 1101 2082 1154 ἀσ-

434 1184 649 1265 φαλῶς,
701 1185 889 1243 οὔποτ’
944 1188 1003 1243 ἂν
1058 1187 1325 1263 ἀδόκιμος
1377 1190 1427 1244 ἐν
1476 1195 1595 1252 ταῖς
1645 1191 1780 1244 κατά
1833 1187 2080 1260 πόλεμον

434 1271 765 1349 ξυμϐολαῖς·
827 1275 973 1333 ἀλλά
1021 1276 1110 1331 καὶ
1180 1277 1405 1333 πολλῶν
1484 1277 1886 1354 σθεναρωτέρων
1951 1278 2084 1350 μετᾶ

426 1372 530 1434 τῆς
562 1365 810 1442 ἀπειρίας
842 1364 1282 1442 ἐπικρατέστερος
1309 1385 1322 1398 ·
1373 1367 1435 1421 τό
1489 1387 1553 1441 γε
1612 1368 1719 1439 μὴν
1751 1367 1849 1435 τὴν
1886 1367 2079 1442 μικρὰν

431 1452 760 1532 ὑφαρπάζειν
837 1460 1064 1533 σφαῖραν
1135 1453 1224 1509 διὰ
1275 1460 1373 1509 τοῦ
1433 1453 1603 1525 δίνου,
1661 1455 1749 1510 καὶ
1803 1454 2078 1530 περιάγειν

426 1543 518 1598 καὶ
597 1544 939 1618 μετεωρίζειν
1014 1565 1105 1598 και
1182 1539 1591 1616 ἀπολαμϐάνειν
1665 1543 1716 1599 ἐν
1774 1541 1936 1615 δεξιᾷ,
1990 1543 2081 1598 καὶ

424 1629 607 1689 τᾶλλα
660 1637 766 1686 τῶν
827 1632 1175 1709 ἀθυρμάτων,
1235 1633 1336 1688 οὐκ
1411 1630 1514 1688 οἶδ’
1571 1632 1768 1688 ὁπόσον
1827 1633 1887 1687 ἂν
1944 1633 2079 1707 πρὸς

430 1719 783 1799 ὁπλομαχίαν
820 1717 1213 1796 συμϐάλοιντο,
1244 1722 1333 1777 καὶ
1365 1720 1793 1795 ἀντιπολέμησιν
1841 1721 2082 1798 γενναίαν

426 1811 519 1866 καὶ
551 1808 807 1886 ἀνδρικήν
833 1832 844 1845 ·
898 1810 943 1865 εἷ
972 1810 1061 1865 καὶ
1093 1809 1390 1882 τηνάλλως
1449 1810 1682 1866 ἐντεῦθεν
1737 1811 2077 1888 αίτιολογοίη

2189 656 2497 732 ναυμαχίας
2579 657 2669 712 τὸν
2759 656 2875 733 βίον
2961 653 3323 732 διῃρηκότας·
3420 653 3472 727 ἐξ
3553 655 3626 709 ὧν
3715 651 3832 711 διά-

2189 763 2337 797 νοιαν
2426 743 2749 816 ἐσύνετισαν,
2830 741 3078 820 γλῶσσαν
3166 739 3502 815 ἐπαίδευσαν,
3580 741 3834 817 εὐνομίαν

2192 831 2508 907 ἐξήσκησαν,
2584 832 2882 909 ἐλευθερίαν
2977 831 3265 910 ἐφύλαξαν,
3340 830 3513 894 νίκαις
3609 837 3833 897 πυκναῖς

2192 919 2664 996 ἐλαμπρύνθησαν,
2750 921 3042 995 ἀριστείαις
3127 918 3365 984 πολλαῖς
3443 920 3793 993 ἐκλεῖσθησαν
3823 943 3836 957 ·

2193 1015 2412 1084 Δαρεῖον
2505 1011 2597 1083 μὲν
2682 1004 2943 1087 πρότερον
3018 1011 3109 1066 τὸν
3186 1010 3480 1066 Ὑστάσπου
3555 1009 3671 1066 υἱέα
3748 1010 3841 1066 καὶ

2191 1097 2397 1172 Ξέρξου
2442 1100 2659 1175 γενέτην
2713 1100 3057 1176 κατῄσχυναν
3116 1099 3281 1155 ὁπότε
3326 1106 3439 1154 κατ’
3486 1099 3661 1156 αὐτῶν
3713 1098 3837 1155 ἐπε-

2191 1186 2397 1265 πόμφει
2430 1189 2585 1243 Δάτιν
2635 1189 2723 1243 καὶ
2780 1190 3173 1265 ’Δρταφέρνην,
3231 1188 3493 1265 μυριάδας
3548 1190 3844 1265 τριάκοντα

2193 1281 2422 1352 στρατοῦ
2492 1282 2758 1354 Περσικοῦ
2817 1277 3230 1355 τροπωσάμενοι
3309 1278 3434 1354 περὶ
3517 1280 3839 1353 Μαραθῶνα,

2193 1365 2437 1441 χιλιάσιν
2520 1365 2670 1422 ἐννέα
2745 1367 2833 1421 καὶ
2892 1367 3183 1423 Πλαταιέσι
3243 1367 3478 1442 χιλίοις,
3536 1365 3842 1424 Μιλτιάδου

2197 1456 2291 1527 μὶν
2341 1455 2429 1509 καὶ
2481 1454 2765 1527 Στησίλεω
2812 1455 3283 1533 στρατηγούντων,
3326 1454 3416 1511 καί
3473 1455 3839 1533 Καλλιμάχου

2194 1540 2252 1597 δὲ
2320 1543 2410 1598 καὶ
2482 1544 2831 1620 Κυναιγείρου
2905 1542 3447 1620 πολεμαρχούντων·
3506 1543 3722 1620 ὕστερον
3782 1542 3841 1600 δὲ

2190 1631 2281 1686 καὶ
2327 1639 2428 1701 τῆς
2483 1630 2662 1704 ἄλλης
2717 1632 3120 1709 συμμαχούσης
3168 1630 3457 1699 Ἑλλάδος,
3488 1632 3578 1687 τὸν
3628 1632 3836 1708 Ξέρξην

2190 1720 2629 1796 κατηγωνίσαντο
2656 1743 2669 1755 ·
2718 1722 2808 1775 καὶ
2853 1722 2881 1776 6
2930 1719 3055 1797 πρίν
3120 1719 3326 1797 ἄμετρα
3376 1718 3698 1795 κομπάζων,
3748 1722 3840 1777 καὶ

2193 1815 2442 1885 στοιχεῖα
2476 1815 2795 1884 μετακινῶν,
2823 1808 3049 1885 ἤπειρον
3095 1809 3373 1875 θαλαττῶν
3426 1811 3516 1865 καὶ
3576 1810 3840 1875 θάλατταν

426 1920 508 1961 τις
537 1900 600 1955 τὸ
632 1899 684 1954 ἐν
736 1889 1007 1973 πολέμοις
1060 1899 1380 1971 εὐκίνητον·
1439 1901 1595 1963 οὗτος
1630 1898 1674 1954 δ’
1725 1901 1784 1955 ἂν
1840 1899 1931 1955 καὶ
1978 1901 2077 1969 τήν
2112 1938 2160 2004 Β
2193 1901 2458 1975 ήπειρῶν,
2500 1898 2590 1953 καὶ
2654 1900 2728 1971 μή
2788 1898 3115 1972 πειθομένην
3180 1898 3450 1972 μαστίζων
3503 1901 3699 1965 τεκαὶ
3755 1897 3841 1955 δε-

582 1984 627 2004 rh
864 1987 883 2004 κ
921 1989 965 2004 οι
1270 1989 1285 2004 ι
1409 1987 1448 2004 9‘
1640 1985 1664 2004 ﬁ
1703 1990 1716 2004 \
1819 1990 1831 2004 ι
1925 1988 1938 2004 ς
2044 1989 2054 2004 Ι
2275 1992 2302 2001 ~
2462 1994 2489 2004 συ
2585 1986 2600 2004 9
2685 1987 2707 2004 \
2769 1987 2811 2004 ιο
2901 1990 2912 2004 I
3039 1987 3054 2004 \
3261 1989 3272 2004 1
3641 1992 3669 2002 ιι-
3787 1988 3802 2004 ε

429 1984 663 2065 χυτρίδα
718 1987 1137 2064 προσλήψαιτο·
1198 1989 1288 2043 καὶ
1352 1987 1589 2062 μάλιστα
1637 1985 1726 2044 διὰ
1770 1990 1869 2058 την
1915 1988 2081 2066 ἀμφί-

428 2072 580 2133 ϐασιν
612 2077 648 2146 ἢ
709 2077 798 2132 καὶ
846 2078 910 2132 τὸ
966 2075 1351 2149 ἀσκωλιάζειν,
1399 2077 1537 2133 ὥστε
1592 2079 1727 2132 κατά
1765 2077 1893 2140 τοὺς
1953 2076 2079 2154 δρό-

431 2188 568 2240 μους
599 2166 763 2235 ἢτάς
818 2164 1001 2229 ἅλσεις
1065 2167 1140 2239 μὴ
1203 2164 1558 2222 ὀλισθαίνειν·
1608 2168 1875 2222 κάνταῦθα
1934 2165 2084 2238 δοίη-

432 2277 553 2327 μεν,
587 2253 710 2309 ἀλλ’
736 2255 767 2309 ’ὁ
800 2255 1215 2331 προεὸρήκαμεν
1253 2255 1702 2333 προφερέστερον,
1737 2254 1790 2311 εἷ’
1831 2278 1892 2333 γε
1948 2259 2083 2329 μετά

424 2347 524 2413 τῆς
569 2343 871 2414 εὐκινησίας
925 2343 1016 2398 καὶ
1062 2349 1233 2398 πᾶσαν
1295 2341 1473 2415 ἄλλην
1534 2342 1869 2400 ἐκπαιδεύσει
1920 2344 2081 2419 μέθο-

429 2431 521 2488 δον
584 2434 724 2505 ὁμοῦ
779 2432 870 2487 καὶ
925 2431 1208 2509 καρτερίαν
1247 2431 1583 2506 πολεμικήν.
1617 2430 1753 2487 Οὐδὲ
1796 2435 1859 2489 τὸ
1916 2432 2081 2489 διττὼ

432 2520 575 2585 λίθω
623 2526 811 2598 χεροῖν
870 2520 1075 2599 ἀμφοῖν
1133 2519 1611 2596 διαμερισάμενον,
1668 2521 1759 2577 καὶ
1814 2523 2078 2599 πρότερον

430 2609 612 2686 ὥσπερ
666 2610 754 2665 ἐπὶ
805 2612 1075 2686 τρυτάνης
1134 2611 1281 2666 αὐτὼ
1336 2608 1766 2667 ταλαντεύσαντα
1803 2613 1892 2667 καὶ
1928 2618 2082 2687 ζυγο-

430 2701 769 2770 στατήσαντα
824 2700 915 2754 καὶ
975 2699 1068 2754 σὺν
1117 2699 1301 2755 αὐτοῖν
1360 2700 1440 2754 τὼ
1500 2701 1632 2777 χέρε
1677 2696 1867 2777 πρόσω
1903 2723 1962 2757 τε
1988 2702 2081 2756 καὶ

434 2787 611 2843 ὀπίσω
665 2790 1014 2862 νωμήσαντα,
1047 2789 1137 2843 καὶ
1182 2790 1246 2844 τὸ
1295 2787 1490 2844 λοιπὸν
1546 2792 1940 2866 συγκινήσαντα
1990 2789 2079 2846 καί

431 2878 904 2953 περικλονήσαντα
985 2882 1164 2951 σῶμα,
1228 2879 1362 2951 μετὰ
1434 2878 1702 2950 τοσαύτης
1759 2878 2082 2953 μελλήσεως

429 2963 693 3029 ἅλλεσθαι
748 2965 840 3019 καὶ
889 2965 1239 3044 ἐφάλλεσθαι,
1271 2969 1551 3042 χρήσιμον
1601 2967 1655 3030 ἐς
1707 2966 1890 3025 πολύ·
1946 2968 2082 3042 μᾶλ-

433 3053 528 3110 λον
574 3054 667 3127 μὲν
715 3054 807 3107 οὖν
852 3053 980 3116 τοὺς
1035 3056 1149 3126 μεθ’
1194 3052 1381 3109 ὅπλων
1444 3052 1684 3130 δρόμους
1742 3057 1831 3112 καὶ
1889 3059 1984 3121 τὰς
2028 3058 2080 3129 ἐξ

428 3143 605 3197 αὐτῶν
651 3142 741 3198 καὶ
801 3143 916 3215 μετ’
943 3142 1119 3198 αὐτῶν
1179 3141 1362 3207 ἅλσεις
1412 3146 1786 3221 προαιρετέον,
1833 3146 1923 3201 καὶ
1978 3147 2078 3216 τὴν

426 3229 611 3300 πάλην
669 3229 758 3286 καί
812 3230 939 3293 τοὺς
988 3232 1370 3305 ἀκοντισμοὺς,
1400 3232 1466 3287 τὸ
1512 3238 1619 3288 τῶν
1669 3233 1856 3289 ὅπλων
1906 3231 2079 3311 ἄχθος

2192 1992 2370 2061 σμῶν,
2421 1994 2523 2057 τῆς
2582 1986 2912 2060 ἐκπληξίαςί
2966 1987 3055 2042 καὶ
3127 1989 3355 2063 τειχέων
3434 1992 3672 2062 περιοχῇ
3747 1988 3839 2043 τὸν

2191 2077 2414 2153 στρατὸν
2469 2077 2542 2139 ὡς
2603 2074 2849 2150 μεδίμνῳ
2902 2081 3109 2153 μετρῶν
3161 2074 3340 2131 διὰτὸ
3370 2073 3718 2150 δυσάριθμον,
3751 2098 3820 2133 κα

2189 2164 2470 2239 ποταμοὺς
2557 2165 2936 2241 ἀποξηραίνων
2996 2164 3047 2220 ἐν
3103 2170 3183 2238 τῷ
3238 2165 3365 2227 τοὺς
3412 2163 3620 2228 ἵππους
3675 2164 3839 2221 αὐτοῦ

2192 2252 2553 2332 διερχομένου
2627 2255 2901 2329 κύψαντας
2969 2252 3115 2331 ὕδωρ
3167 2259 3333 2324 πιεῖν,
3388 2246 3462 2317 ὧς
3521 2253 3572 2309 ἐν
3625 2255 3841 2332 Φρυγίᾳ

2187 2344 2279 2398 τὸν
2328 2340 2706 2420 Σκάμανδρον,
2758 2343 2810 2399 ἐν
2862 2343 3127 2415 Θετταλίᾳ
3172 2344 3266 2406 τὸς
3313 2343 3561 2414 Πηνειὸν,
3613 2344 3664 2399 ἐν
3714 2346 3836 2401 Ἀτ-

2187 2437 2314 2507 τικῇ
2367 2434 2460 2488 τὸν
2522 2432 2775 2503 Ἰλισσὸν,
2824 2435 2929 2489 κάκ
2980 2441 3082 2503 τῆς
3127 2438 3236 2489 τῶν
3295 2433 3469 2510 βελῶν
3530 2432 3839 2513 έπαφέσεως

2190 2521 2553 2598 ἀποκρύπτων
2603 2522 2695 2577 τὸν
2754 2519 2939 2594 ἥλιον,
2978 2522 3140 2596 μόλις
3196 2521 3256 2577 ἐκ
3304 2521 3614 2598 Στρυμόνος
3647 2522 3699 2577 ἐν
3740 2525 3839 2592 νηῒ

2195 2616 2293 2685 μιᾷ
2345 2609 2654 2682 διεσώζετο,
2705 2614 2801 2675 τὰς
2860 2616 2966 2667 τῶν
3026 2610 3330 2683 Ἀθηναίων
3390 2617 3580 2689 χεῖρας
3630 2611 3841 2687 ἀγωνίᾳ

2193 2699 2406 2775 μεγάλῃ
2460 2700 2550 2755 καὶ
2606 2698 2806 2773 πολλῷ
2855 2701 3085 2774 καμάτῳ
3143 2697 3442 2780 διεκφυγών
3469 2722 3482 2735 ·
3517 2700 3567 2756 ἐν
3600 2699 3841 2776 θαλάσσῃ

2189 2789 2251 2844 τὸ
2300 2793 2516 2866 πρῶτον
2566 2789 2690 2866 περὶ
2722 2791 2983 2845 Ἀττικῶν
3028 2787 3240 2845 πλοίων
3291 2791 3433 2863 ὁμοῦ
3479 2789 3571 2844 καὶ
3619 2810 3841 2863 συμμα-

2189 2883 2361 2953 χικῶν
2401 2877 2499 2952 (6),
2560 2878 2693 2932 ἑπτὰ
2750 2874 2806 2932 δὲ
2861 2878 2997 2954 πρὸς
3051 2874 3344 2941 διακοσίοις
3403 2878 3494 2954 κρὶ
3540 2875 3838 2953 δισχιλίοις

2187 2970 2293 3021 τῶν
2352 2971 2629 3042 Περσικῶν
2660 2985 2672 2996 ⁸
2733 2963 2919 3022 ἔπειτα
2986 2968 3123 3022 κατά
3183 2968 3284 3037 τήν
3355 2965 3582 3044 ἤπειρον
3649 2966 3838 3023 τέλεον

2189 3054 2467 3127 ἡττηθεὶς,
2522 3056 2616 3110 ’καὶ
2691 3055 2786 3117 τὰς
2859 3056 3208 3118 πεντακοσίας
3282 3060 3380 3111 τοῦ
3441 3054 3691 3133 μαχίμου
3748 3053 3839 3110 καὶ

2189 3143 2485 3218 ἀπομάχου
2516 3142 2653 3200 λαοῦ
2698 3144 3025 3217 μυριοστύας
3075 3138 3391 3217 ἀποϐαλὼν,
3422 3147 3530 3199 τῶν
3584 3144 3679 3218 μὲν
3730 3165 3837 3199 πο-

2190 3230 2348 3306 λέμῳ
2397 3229 2818 3310 διαφθαρέντων,
2870 3236 2976 3287 τῶν
3029 3228 3086 3287 δὲ
3143 3229 3295 3306 λιμῷ
3350 3233 3439 3287 καὶ
3494 3230 3644 3309 κρύει
3702 3233 3839 3288 κατὰ

430 3322 476 3375 εἱ
527 3320 643 3375 οἷόν
682 3341 742 3375 τε
783 3320 1118 3397 πανταχόθεν
1179 3323 1671 3400 συμπεριφέροντα,
1718 3322 1810 3378 τόν
1866 3304 2079 3399 γεηκυ-
2111 3304 2154 3373 C
2188 3304 2287 3389 τὴν
2324 3304 2513 3399 φυγήν
2544 3340 2556 3353 ⁸
2596 3304 2715 3375 νοῦκ
2772 3318 2892 3376 οἶδα
2949 3319 3108 3376 τίνων
3167 3304 3266 3391 τῆν
3308 3304 3541 3396 Περσίδα
3596 3321 3838 3399 ἑωρακό-

427 3406 693 3485 διάνειραν
760 3408 850 3487 ἀφ’
907 3410 1099 3464 ἑαυτοῦ
1164 3410 1352 3485 μάχην
1413 3411 1780 3486 γνωσόμενον,
1839 3413 1927 3467 καὶ
1973 3418 2079 3468 τῶν

431 3497 566 3577 ἀμφ’
595 3496 776 3552 αὐτόν.
813 3497 1159 3553 Ἐκύκλωσάν
1214 3518 1346 3554 ποτε
1404 3495 1677 3576 Βάρϐαροι
1734 3501 2079 3574 Ῥωμαίους·

430 3587 484 3641 οἳ
539 3585 595 3641 δὲ
652 3587 714 3640 τὸ
769 3585 1024 3642 πλαίσιον
1086 3586 1341 3650 λύσαντες
1402 3588 1456 3651 ἐς
1511 3588 1747 3667 λόχους,
1790 3589 2082 3667 περιέσχον

431 3675 750 3748 ἐξαπιναίως
823 3674 949 3738 τοὺς
1025 3675 1418 3752 περιέχοντας·
1476 3679 1568 3732 καὶ
1651 3676 2081 3754 συγκλείσαντες,

432 3765 783 3837 ἀκοντισμοῖς
817 3761 1176 3841 διεχρήσαντο
1196 3784 1209 3797 ·
1264 3764 1721 3842 προμεμελέτητο
1751 3766 1851 3842 γὰρ
1898 3766 2082 3823 αὐτοῖς

429 3852 521 3908 καί
548 3854 611 3907 τὸ
641 3852 932 3923 ἀκοντίζειν
964 3853 1056 3908 καὶ
1101 3853 1165 3908 τὸ
1220 3854 1332 3926 μεθ’
1363 3852 1551 3909 ὅπλων
1611 3854 1934 3924 ὶππάζεσθαι
1994 3856 2084 3910 καὶ

426 3941 822 4018 ταχυδρομεῖν,
872 3942 963 3997 καὶ
1017 3943 1080 3997 τὸ
1134 3941 1573 4021 εύπερίστροφον,
1621 3943 1711 3998 καὶ
1764 3942 1914 4006 ὅπως
1971 3945 2083 4020 χρὴ

431 4027 840 4107 διαπεφευγέναι
922 4029 1215 4100 κύκλωσιν,
1268 4031 1360 4085 καὶ
1448 4029 1595 4092 ὅπως
1679 4029 2083 4089 κυκλώσασθαι.

432 4118 648 4189 Μελέτη
708 4117 765 4174 δέ
809 4140 896 4174 τοι
953 4124 1058 4174 πᾶν
1114 4117 1268 4195 ἔργον
1328 4116 1554 4197 ὀφέλλει
1594 4120 1683 4174 καὶ
1719 4119 1965 4197 βελτιοῖ·
2001 4119 2087 4175 διὸ

430 4212 538 4263 τῶν
573 4207 1005 4285 ἀναγκαιοτάτων
1065 4207 1549 4283 προγεγυμνάσθαι
1603 4214 1732 4264 πᾶσι
1782 4215 1898 4271 τοῖς
1951 4209 2088 4265 κατά

430 4296 703 4370 πόλεμον,
752 4297 843 4352 καὶ
903 4297 979 4370 μὴ
1034 4298 1281 4372 συνάγειν
1342 4294 1425 4351 ἐπ’
1472 4296 1602 4351 αὐτὸ
1655 4296 1802 4368 τάξιν
1864 4298 2084 4375 ἀρεϊκήν

431 4386 523 4441 καὶ
582 4383 1009 4461 προπαίδευσιν·
1070 4383 1196 4440 ἀλλ’
1253 4383 1433 4461 ὥσπερ
1514 4383 1885 4463 κεφαλισμούς
1942 4406 2088 4448 τινας

435 4476 533 4537 τὰς
610 4476 975 4550 προασκήσεις
1056 4473 1286 4548 ἀρίστως
1362 4471 1877 4548 προεκδιδάσκεσθαι
1949 4477 2085 4551 πρὸς

443 4563 546 4640 εὖχ
577 4561 826 4641 ρεστέραν
852 4567 960 4617 τῶν
996 4562 1260 4637 μειζόνων
1292 4561 1647 4636 κατόρθωσιν.

2191 3430 2337 3465 των·
2394 3414 2619 3464 τοιαῦτα
2671 3414 2849 3464 ποιεῖν
2900 3407 3014 3465 οἶδε
3068 3409 3474 3487 προμελέτησις
3531 3410 3620 3465 καὶ
3674 3430 3839 3486 προε-

2193 3498 2383 3572 θισμὸς
2417 3492 2590 3574 ἔργων
2642 3497 2895 3575 ἀρεϊκῶν,
2925 3503 3024 3553 τοῦ
3078 3495 3251 3574 λόγου
3312 3503 3692 3576 συνεργοῦντος
3748 3500 3841 3554 καὶ

2193 3589 2548 3649 συνιστῶντος
2575 3587 2643 3641 τὰ
2669 3586 2920 3664 τρόπαια.

2268 3676 2317 3732 ι’.
2349 3676 2421 3730 Τὸ
2460 3676 2671 3730 πάντων
2736 3677 2987 3752 μέγιστον
3046 3675 3099 3730 ἐν
3143 3681 3261 3738 ταῖς
3307 3675 3526 3752 πράξεσι
3579 3676 3670 3731 καὶ
3717 3676 3841 3732 ἀνυ-

2194 3764 2501 3836 σιμώτατον
2556 3765 2631 3837 μὴ
2686 3763 2893 3819 τούτων
2950 3763 3125 3819 αὐτῶν
3196 3764 3247 3819 ἐν
3305 3769 3386 3837 τῷ
3440 3766 3835 3840 παρασκευάζε-

2195 3854 2313 3908 σθαι
2370 3848 2717 3929 κατατρίϐειν
2774 3852 2867 3908 τὸν
2915 3852 3102 3929 καιρὸν
3163 3853 3251 3908 καὶ
3302 3855 3651 3927 ἀναισιμοῦν·
3715 3846 3843 3926 μηδ’

2195 3941 2247 3996 ἐν
2304 3946 2419 4004 τοῖς
2480 3940 2875 4018 ἐπιχειρήμασι
2938 3939 3317 4016 μελλονικιᾷν,
3348 3944 3385 4013 ἢ
3432 3943 3521 3999 καὶ
3576 3941 3843 4019 σχολαιό-

2194 4049 2346 4103 τερον
2405 4029 2606 4106 βαίνειν
2663 4028 2800 4107 πρὸς
2830 4029 2895 4086 τὸ
2922 4029 3148 4100 καλοὺν,
3177 4032 3214 4101 ἢ
3244 4031 3335 4087 καὶ
3384 4029 3688 4107 Χαρινάδου
3732 4051 3840 4086 νω-

2195 4121 2478 4195 θέστερον·
2540 4117 2686 4175 ἀλλά
2759 4121 3198 4197 προητοιμάσθαι
3277 4120 3372 4193 μὶν
3429 4120 3506 4182 είς
3560 4120 3698 4176 ἅπαν

2196 4205 2652 4284 προσδοκώμενον
2686 4256 2702 4282 ,
2785 4209 3000 4263 πάντων
3110 4207 3493 4287 φυλακτηρίων
3526 4256 3543 4283 ,
3627 4208 3838 4264 πάντων

2195 4297 2542 4374 ἀμυντηρίων
2600 4299 3179 4374 προηυτρεπισμένων,
3237 4298 3459 4371 εἰρήνης
3517 4293 3706 4369 οὔσης,
3766 4296 3842 4353 εἰ·
3949 4364 3951 4367 ι

2197 4388 2368 4462 ρήνης
2400 4385 2766 4459 ἐλπιζομένης
2789 4408 2802 4421 ·
2846 4386 2975 4441 ἐπάν
3009 4383 3067 4441 δέ
3093 4406 3146 4440 τι
3188 4387 3377 4465 φανείη
3425 4390 3533 4441 τῶν
3587 4384 3840 4460 δεόντων,

2193 4475 2229 4544 ἢ
2278 4475 2414 4548 πρὸς
2474 4477 2675 4530 ἑαυτῶν
2738 4474 3073 4531 λυσιτέλειαν
3128 4475 3164 4544 ἢ
3223 4476 3357 4549 πρὸς
3408 4474 3653 4531 ἐναντίων
3713 4473 3844 4547 ἐπή-

2197 4585 2363 4641 ρειαν,
2398 4561 2592 4641 αἶ’φνης
2635 4565 2724 4619 καὶ
2774 4565 3094 4626 ἀνυπόπτως
3136 4564 3340 4620 ἐπιέναι
3388 4565 3566 4641 χρεὼν
3611 4564 3735 4620 ὅσον
3779 4565 3842 4620 τὸ

512 4654 578 4710 θ’.
606 4652 674 4707 Εἰ
706 4649 764 4707 δὶ
791 4651 880 4707 καὶ
926 4654 1025 4721 τῆς
1076 4652 1212 4707 κατᾶ
1267 4649 1533 4707 θάλατταν
1593 4651 1877 4727 ἐμπειριας
1933 4673 2084 4708 τετο-
2116 4673 2162 4738 D
2192 4655 2292 4722 τῆς
2351 4652 2573 4728 ἰσχύος·
2632 4652 2755 4723 ὀξὺς
2798 4654 2899 4729 γὰρ
2932 4654 2960 4708 6
2990 4653 3191 4729 χρόνος
3248 4653 3337 4708 καὶ
3392 4652 3493 4708 οὐκ
3544 4651 3603 4708 ἃν
3658 4650 3839 4708 οὐδενὶ

438 4740 672 4818 χηκέναι
727 4740 938 4816 καιρὸς,
1003 4738 1144 4814 μηδὲ
1197 4739 1400 4811 ταύτην
1459 4741 1857 4817 παραιτητέον·
1915 4742 2085 4819 κάρτα
2193 4739 2569 4819 καταληφθείη
2630 4738 3024 4818 παραδραμὼν,
3059 4738 3174 4797 οὐδ’
3218 4742 3265 4797 εἰ
3312 4748 3472 4812 Ζῆτις
3512 4741 3839 4805 καίΚάλαϊς

434 4832 537 4906 γὰρ
596 4825 905 4907 εὔχρηστος
952 4830 1086 4906 πρὸδ
1141 4830 1205 4884 τὸ
1262 4833 1560 4905 ναυμαχεῖν
1623 4829 1697 4891 ὡς
1750 4828 1838 4885 ἐπὶ
1885 4830 2084 4906 πέτρας

432 4925 533 4989 τῆς
586 4919 723 4981 νεὼς
782 4918 970 4973 ἱστᾶσα
997 4919 1088 4973 τὸν
1122 4916 1356 4989 ὁπλίτην
1413 4915 1767 4991 ἀκράδαντον,
1799 4919 1912 4972 οἷον
1970 4915 2084 4973 ἓτε-

433 5028 526 5085 ρον
579 5004 868 5087 Εὔφημον,
914 5007 1196 5082 πάσχοντα
1252 5003 1420 5081 μηδὲν
1480 5006 1540 5061 ἐκ
1593 5011 1701 5061 τῶν
1754 5004 2082 5080 κλυδασμῶν

439 5094 642 5168 ἀηδές·
706 5096 859 5169 ὅμως
910 5095 994 5151 τοί
1044 5116 1108 5171 γε
1169 5097 1242 5168 μὴ
1299 5094 1717 5171 πεπειραμένος,
1748 5094 1844 5149 κᾶν
1896 5093 2084 5159 ἄλλως

430 5176 869 5262 ἀκαταγώνιστος
923 5186 1205 5261 μαχητὴς,
1252 5183 1312 5240 ἐκ
1355 5184 1581 5258 πρώτης
1643 5184 1948 5257 ἡττημένος
1998 5184 2084 5239 εὑ-

435 5276 674 5352 ρίσκεται
702 5269 1060 5353 προσϐολῆς·
1119 5273 1181 5328 ού
1228 5275 1331 5349 γὰρ
1377 5273 1491 5335 οἷός
1540 5273 1598 5328 τέ
1647 5271 1757 5327 ἐστι
1799 5277 1915 5334 τοῖς
1969 5271 2083 5328 ἐνα·

430 5361 575 5426 λίοις
624 5364 952 5441 ἀντιμάχοις
998 5362 1490 5435 ἀντικαθίστασθαι,
1521 5369 1622 5431 τῆς
1675 5363 1934 5438 τριήρους
1987 5382 2081 5416 σα-

430 5451 759 5527 λευομένης,
816 5455 1069 5521 ναυτιῶν,
1129 5449 1475 5525 σκοτοδινῶν,
1529 5451 1624 5514 τὰς
1692 5452 1872 5528 βάσεις
1927 5470 2079 5527 περι-

425 5537 799 5619 τρεπόμενον·
859 5540 1056 5617 ἐξαίρω
1137 5545 1245 5595 τῶν
1321 5539 1624 5611 ’Δθηναίων
1700 5538 1828 5601 τοὺς
1907 5536 2077 5595 πάλαι

2195 4830 2552 4906 ἐπετρεχέτην
2608 4831 2689 4885 τὼ
2744 4831 2847 4885 υἱὼ
2894 4829 3094 4908 Βορέου
3140 4852 3220 4885 τω
3265 4831 3565 4905 πτερωτώ·
3627 4829 3835 4886 Λύσιπ-

2192 4939 2294 4980 πος
2323 4918 2440 4972 ὅθεν
2470 4920 2499 4973 6
2530 4919 2830 4982 Σικυώνιος
2859 4919 2891 4973 ὅ
2915 4939 2967 4972 τι
2998 4920 3131 4974 ποτέ
3159 4918 3299 4974 ἐστιν
3334 4920 3362 4973 6
3405 4919 3604 4996 χρόνος
3652 4918 3841 4981 καλῶς

2194 5002 2689 5086 συμϐολογραφῶν,
2720 5007 2903 5086 γωφὸν
2947 5007 3106 5063 αὐτὸν
3165 5005 3587 5085 ἠγαλμάτωσεν,
3622 5008 3844 5073 ὀπισθο-

2193 5094 2469 5175 φάλακρον
2555 5093 2867 5172 πτερόποδά
2914 5118 2993 5169 τε,
3050 5095 3182 5151 κάπὶ
3256 5096 3485 5175 σφαίρας
3547 5092 3841 5174 βεϐηκότα,

2197 5185 2469 5260 μάχαιράν
2527 5206 2634 5239 τινι
2692 5183 2829 5261 πρὸς
2886 5186 2949 5240 τὸ
3009 5185 3235 5240 κατόπιν
3308 5186 3598 5261 ὀρέγοντα·
3662 5183 3847 5256 δηλῶν

2193 5273 2429 5329 ἐντεῦθεν
2485 5272 2560 5335 ὡς
2619 5271 2721 5328 οὐκ
2772 5273 2832 5328 ἂν
2891 5272 3242 5353 ἐπιστραφείη
3301 5273 3664 5349 καλούμενος,
3702 5271 3844 5330 διότι

2190 5363 2562 5441 κεκώφευκεν·
2616 5358 2739 5417 οὔτε
2764 5383 2845 5425 τις
2874 5361 3034 5418 αὐτὸν
3087 5361 3148 5418 ἐκ
3199 5367 3308 5418 τῶν
3367 5361 3541 5420 ὀπίσω
3596 5383 3841 5439 παρακα-

2190 5450 2384 5528 τάσχοι
2439 5448 2799 5528 δεδραγμένος
2856 5458 2957 5521 τῆς
3009 5451 3225 5525 κόμης·
3255 5453 3317 5508 τὸ
3344 5453 3447 5530 γὰρ
3508 5450 3840 5530 ὀπισθόκρα-

2189 5561 2280 5595 νον
2334 5537 2716 5614 κατεψίλωτο·
2774 5543 2894 5603 πῶς
2954 5537 3012 5594 δὲ
3066 5541 3156 5596 καὶ
3213 5538 3360 5604 ὅλως
3417 5537 3839 5618 παραδραμόντα

450 5728 451 5731 ‘
498 5722 578 5796 (6)
601 5721 929 5780 Numerum
956 5722 1195 5780 navium
1225 5720 1558 5779 Graecarum
1586 5719 1771 5778 habes
1799 5719 1860 5777 in
1892 5719 2268 5793 metaphrasi.
