4096 6410
236 350 353 415 671

1487 356 1913 423 NICEPHORI
1955 356 2395 423 BLEMMIDIE

3520 363 3644 425 672

234 506 320 550 τις
361 484 756 563 καταλήψαιτο,
794 486 887 544 τὸν
934 487 1269 562 ὀξυκινησίαν
1325 490 1590 563 τοσαύτην
1647 493 1878 569 φέροντα
1907 497 1962 560 Α
1992 490 2262 562 ἐξελόντες
2358 487 2567 568 βίϐλωι
2655 491 2719 547 τὸ
2797 490 2989 547 λοιπὸν
3076 497 3179 563 τῆς
3275 492 3637 572 ὑπογραφῆς·

235 577 339 632 κάκ
392 581 498 632 τῶν
555 575 738 632 ποδῶν
798 579 901 633 κάκ
954 586 1054 649 τῆς
1116 580 1359 656 βάσεως;
1420 581 1690 660 ῥομφαίαν
1752 585 1884 638 σπά-

237 685 389 721 σαιτο
446 665 646 737 λύπης,
706 666 845 722 ὥστε
904 670 1072 741 θυμὸν
1127 670 1384 743 ἀμύσσειν
1438 671 1466 726 6
1520 679 1621 742 τῆς
1682 672 1880 745 ζημίας

236 753 573 827 αἰσθόμενος.
607 751 854 819 ’Δννίὸας
904 758 1165 836 Ἀφρικῆς
1217 761 1307 814 καὶ
1366 758 1658 831 Σικελικῆς
1719 782 1879 837 στρα-

235 848 353 905 τιᾶς
438 844 711 920 ἀρχηγὸς,
799 844 984 917 ἐπειδὴ
1073 849 1337 921 Ῥωμαῖοι
1422 852 1557 905 κατά
1638 848 1878 906 Σικελῶν

235 930 611 1009 ἐξορμήσειαν,
666 936 963 1012 προφθάνει
1014 937 1114 1006 τὴν
1176 935 1392 1014 ἔφοδον,
1453 939 1540 993 καὶ
1604 941 1700 1002 τὰς
1774 944 1882 994 τῶν

235 1020 480 1077 Ἀλπίων
516 1021 684 1099 ὀρέων
726 1021 1051 1101 διακαθάρας
1103 1021 1357 1099 ἀϐάτους,
1392 1024 1462 1082 δι’
1516 1027 1688 1083 αὐτῶν
1744 1030 1881 1105 πρὸς

235 1109 465 1166 Ἰταλίαν
520 1118 716 1187 χωρεῖ,
769 1113 858 1169 καὶ
918 1111 1190 1193 διαφόρως
1243 1116 1536 1190 Ῥωμαίοις
1609 1116 1880 1188 ἀντιταξά-

238 1221 418 1273 μενος,
451 1198 725 1280 διαφόρως
754 1202 947 1266 αὐτοὺς
996 1203 1211 1275 ἐκνικᾷ·
1264 1205 1421 1267 τέλος
1466 1204 1589 1261 ὅσον
1646 1206 1763 1260 οἷόν
1823 1227 1881 1261 τε

234 1287 451 1359 πλῆθος
520 1292 800 1366 ἠθροικόσι
879 1291 968 1348 καί
1040 1288 1523 1369 παρεμϐεϐληκόσι
1591 1297 1727 1350 κατά
1782 1302 1881 1350 Κα-

236 1376 461 1456 λαυρίαν
491 1379 808 1453 ἐπεισρυείς,
842 1384 1063 1437 ἄπιστον
1109 1382 1295 1459 ἐπάγει
1332 1384 1424 1439 τὸν
1475 1382 1699 1461 ὄλεθρον
1722 1407 1734 1419 ·
1788 1383 1877 1439 λέ-

236 1489 385 1543 γεται
442 1471 544 1546 γάρ
593 1469 718 1532 τοὺς
773 1475 880 1527 τῶν
939 1472 1290 1547 ἀνῃρημένων
1351 1471 1673 1536 δακτυλίους
1734 1472 1880 1547 μεδί-

239 1578 396 1629 μνοις
454 1556 909 1634 ἐκμεμετρῆσθαι,
953 1560 1048 1622 τάς
1104 1580 1163 1615 τε
1218 1560 1489 1634 Ῥωμαίας
1545 1561 1603 1615 ἐκ
1658 1560 1877 1617 λειπαν-

236 1643 385 1719 δρίας
467 1642 767 1723 Βαρϐάροις
868 1650 1236 1722 συνῳκηκέναι
1321 1651 1409 1705 καὶ
1494 1647 1876 1723 ἀνδραπόδοις.

234 1733 392 1792 Ἀλλ’
422 1737 740 1799 ὁτοσοῦτος
795 1739 1024 1809 νικητής
1076 1737 1294 1815 ἐπάρσει
1352 1740 1443 1795 καὶ
1486 1744 1664 1819 τρυφῇ
1720 1760 1880 1794 κατα-

235 1826 556 1899 χαυνωθεὶς,
602 1825 694 1881 καὶ
749 1831 847 1881 τοῦ
901 1825 1060 1891 τέλος
1114 1827 1370 1893 ἐπιθεῖναι
1426 1833 1494 1903 τῇ
1545 1829 1730 1906 πράξει
1787 1829 1876 1883 καὶ
1906 1863 1955 1929 Β

234 1912 653 1989 παραλήψεσθαι
706 1916 806 1985 τήν
838 1917 1058 1989 Ῥώμην
1111 1917 1201 1971 καὶ
1243 1917 1578 1993 κατασκάψαι
1623 1920 1723 1988 τὴν
1757 1915 1876 1972 ἄνε-

235 2023 317 2056 σιν
369 2002 744 2077 ἀνθελόμενος,
804 2002 1020 2078 ὕστερον
1082 2006 1185 2061 ὑπὸ
1243 2006 1567 2076 Σκηπίωνος
1651 2028 1878 2083 στρατη-

235 2095 339 2166 γοῦ
392 2091 675 2164 Ῥωμαίων
723 2090 1080 2150 κατεδιώκετο
1101 2117 1113 2129 ·
1173 2095 1263 2150 καὶ
1295 2097 1468 2173 φυγὰς
1497 2098 1596 2165 τήν
1630 2096 1875 2153 Βιθυνίαν

234 2180 602 2258 κατειληφὼς,
676 2178 1004 2259 δηλητηρίῳ
1085 2186 1175 2240 τὸν
1261 2186 1377 2262 βίον
1465 2184 1875 2260 μετήλλαττεν·

235 2266 397 2325 ἄλλοι
434 2291 493 2325 τε
549 2268 735 2333 ἄλλως
785 2277 881 2326 τοῦ
929 2279 1121 2349 καιροῦ
1176 2273 1672 2349 καταμελήσαντες,
1723 2273 1875 2331 ἐδυσ-

235 2358 499 2436 φόρησαν.
534 2359 829 2415 Σπευστέον
872 2361 963 2416 οὗν
992 2362 1085 2417 τὸν
1137 2360 1345 2427 εὔθετον
1394 2364 1646 2440 ἁρπάζειν
1705 2366 1878 2435 ἀπην-

234 2446 441 2517 τηκότα
494 2448 704 2522 καιρὸν,
762 2450 852 2504 καὶ
920 2451 996 2523 μὴ
1072 2452 1321 2527 προϊέναι
1371 2458 1743 2530 παραχωρεῖν,
1800 2458 1879 2525 τῷ

232 2540 531 2607 τηνικαῦτα
580 2542 758 2607 ζητεῖν
816 2538 1148 2595 συντείνοντα
1201 2541 1291 2595 καὶ
1350 2542 1658 2615 οἰκονομεῖν
1715 2542 1750 2611 ἢ
1800 2546 1880 2614 τῷ

234 2623 591 2700 νωθρεύεσθαί
643 2648 704 2682 τε
756 2627 847 2682 καὶ
904 2623 1320 2704 ἀναϐάλλεσθαι,
1378 2630 1467 2686 καὶ
1525 2630 1701 2708 τύχην
1756 2631 1880 2685 ἀνα-

240 2716 417 2787 μένειν
468 2714 765 2792 αὐτουργὸν
794 2721 900 2772 τῶν
942 2717 1416 2792 ἀποτελεσμάτων,
1448 2719 1572 2776 ἀλλ’
1620 2720 1720 2775 οὐκ
1768 2720 1880 2775 ἐπι-

236 2803 453 2875 στήμην
510 2805 917 2881 κατορθωτικὴν
944 2810 1052 2860 τῶν
1098 2807 1389 2882 χρησίμων
1438 2803 1879 2884 προϐάλλεσθαιτ

236 2890 325 2946 καὶ
378 2888 719 2967 κυϐερνήτης
780 2895 881 2971 γὰρ
941 2895 1158 2971 ἄριστος
1214 2896 1415 2960 ἐκεῖνός
1473 2896 1635 2969 ἐστιν,
1696 2898 1756 2960 ’ὸς
1817 2896 1880 2951 οὐ

230 2984 410 3042 κακῶς
463 2982 556 3036 τὸν
638 2979 1002 3057 διαπλοῖσμὸν
1083 2985 1497 3061 παραπόλλυσιν
1554 2983 1835 3062 ,εὔκαιρον
1865 3009 1877 3021 ·

234 3070 382 3147 ᾦπερ
416 3066 472 3125 εὗ
512 3065 630 3146 ἔχει
678 3071 744 3126 τὰ
772 3069 1039 3146 πηδάλια,
1061 3077 1130 3129 τὰ
1188 3075 1347 3147 ἰστία,
1378 3076 1446 3130 τὰ
1501 3075 1759 3152 πρότονα,
1789 3075 1879 3131 καὶ

233 3156 288 3213 εἷ’
309 3181 363 3214 τι
393 3157 534 3214 ἄλλο
562 3160 701 3237 πρὸς
742 3163 1106 3238 καταρτισμὸν
1155 3170 1257 3233 τῆς
1304 3165 1460 3236 νεὼς,
1489 3164 1736 3239 γαλήνης
1790 3161 1880 3220 οὕ-

1993 580 2063 636 ἐῶ
2095 584 2199 658 γὰρ
2234 582 2402 638 εἰπεῖν
2434 582 2507 643 ὡς
2554 585 2622 656 τῇ
2674 581 2826 661 φύσει
2883 578 3158 644 πολλάκις
3212 583 3303 637 καὶ
3355 584 3642 660 ἀντιπράτ-

1988 691 2191 739 τουσιν,
2248 672 2535 747 ἀκέστορες
2598 672 2692 744 μὶν
2747 668 3026 744 οὐδαμῶς,
3072 672 3347 748 ἀναιρέται
3391 670 3449 727 δὲ
3496 672 3638 746 μᾶλ-

1993 759 2087 815 λον
2123 760 2494 835 εὑρισκόμενοι
2527 760 2616 814 καὶ
2649 759 3025 836 βροτολοιγοί·
3074 759 3203 822 τοὺς
3252 757 3299 815 δ’
3340 760 3641 835 ἐπιστήμο-

1989 868 2082 909 νας
2143 847 2485 922 ἐκμιμεῖσθαι
2543 849 2631 904 καὶ
2686 854 2986 925 νουνεχεῖς,
3019 848 3101 904 ὅτι
3155 848 3434 912 λυσιτελές
3462 871 3520 905 τε
3547 851 3638 905 καὶ

1988 937 2201 1010 τίμιον·
2262 938 2314 993 οἰ
2371 939 2462 993 τὸν
2519 939 2707 1012 καιρὸν
2785 936 2989 1001 εἰδότες
3071 936 3191 1009 ὀξὺν
3265 940 3401 1012 μετά
3458 941 3639 1011 πάσης

1983 1024 2223 1081 ’ίστανται
2271 1034 2373 1096 τῆς
2419 1026 2731 1100 έτοιμασίας
2779 1026 2868 1082 ἐπὶ
2930 1034 3034 1096 τῆς
3096 1027 3393 1106 ἀφετηρίας
3437 1028 3635 1098 αὐτῆς·

1989 1115 2067 1177 ὡς
2116 1114 2166 1170 ἐν
2225 1115 2415 1192 ἀκαρεῖ
2469 1117 2533 1171 τὸ
2589 1114 2758 1192 παρὸν
2818 1116 3015 1192 ἀγαθὸν
3072 1113 3412 1189 διασώσειαν,
3443 1117 3640 1173 ἀνακα-

1989 1202 2237 1260 λέσοιντό
2268 1226 2327 1260 τε
2353 1206 2417 1260 τὸ
2461 1207 2537 1278 μή
2589 1205 2787 1281 παρόν·
2840 1204 2901 1259 οὐ
2947 1207 3011 1260 τὸ
3061 1203 3307 1280 εὔκαιρον
3357 1206 3642 1283 παραπέμ-

1989 1315 2203 1362 ποντες,
2237 1292 2363 1349 ἀλλ’
2395 1294 2446 1365 ἐξ
2478 1296 2552 1349 ὧν
2607 1295 2918 1371 ἐργάζοντες
2968 1293 3466 1372 παρακαλούμενοι,
3503 1296 3642 1369 μᾶλ-

1989 1382 2086 1439 λον
2120 1380 2166 1437 δ’
2193 1380 2444 1445 ἕλκοντες
2464 1405 2476 1417 ·
2505 1380 2601 1439 εἴτ’
2631 1383 2946 1462 ἐφεστηκότι
2978 1385 3115 1460 πρὸς
3146 1382 3392 1460 ἐργασίαν
3436 1382 3639 1460 βελτίῳ

1989 1473 2313 1548 χρώμενοι·
2363 1474 2590 1545 πάμπαν
2623 1472 2924 1547 ἀμελλητὶ,
2961 1475 3079 1546 μεθ’
3107 1472 3242 1543 ὅσης
3298 1475 3636 1551 ἠπειγμένης

1990 1563 2169 1636 ὁρμῆς
2204 1561 2325 1617 εἶεν.

2062 1651 2163 1707 ΙΔ’.
2200 1650 2574 1712 Δικασπόλους
2604 1648 2662 1706 δὲ
2680 1650 2771 1706 καὶ
2803 1649 3179 1727 ἀγορανόμους
3230 1648 3432 1723 δήμοις
3483 1652 3639 1728 ἐγκα-

1988 1738 2272 1795 ταστατέον
2304 1739 2395 1794 καὶ
2425 1738 2648 1795 πόλεσιν
2677 1739 2786 1815 οὐχ
2814 1740 3037 1809 ἡπάτων
3097 1735 3413 1815 ἀνδρομέων
3471 1739 3640 1819 ἐμφο-

1992 1828 2283 1904 ρουμένους
2341 1828 2417 1891 ὡς
2464 1832 2571 1883 τῶν
2613 1828 2955 1904 Προμηθέως
3002 1827 3251 1904 λέγουσιν
3291 1828 3447 1901 ἐντῷ
3504 1836 3641 1885 Σκυ-

1987 1922 2123 1990 θικῷ
2163 1918 2432 1991 Καυκάσῳ
2478 1918 2572 1973 τὸν
2622 1917 2795 1989 ἀετὸν,
2828 1914 3163 1995 κεκλοφότος
3219 1918 3284 1972 τὸ
3309 1922 3448 1994 πῦρ’
3492 1917 3640 1974 ἀλλὰ

1985 2009 2085 2075 τήν
2156 2007 2442 2084 ἀλόγιστον
2525 2006 2813 2078 ἐπιθυμίαν
2887 2005 3265 2079 ἐκκόπτοντας,
3322 2005 3638 2079 πλεονεξίαν

1987 2095 2315 2173 ἐξαίροντας,
2376 2093 2724 2165 δικαιοσύνην
2782 2094 3144 2172 εἰσφέροντας,
3204 2095 3441 2167 εὐταξίαν
3516 2118 3643 2151 παι-

1987 2183 2256 2257 δεύοντας,
2287 2191 2458 2240 πᾶσαν
2520 2186 2720 2240 ἄτοπον
2774 2186 2963 2262 πρᾶξιν
3016 2184 3372 2258 κολάζοντας,
3405 2185 3542 2261 πρὸς
3573 2188 3639 2242 τὸ

1987 2272 2213 2348 ἔννομον
2288 2274 2729 2337 ἀποσκοποῦντας
2794 2274 2884 2329 καὶ
2941 2271 3318 2350 διορθωτικὸν,
3379 2273 3442 2329 οὐ
3496 2277 3638 2350 πρὸς

1985 2363 2290 2441 χρημάτων
2356 2361 2670 2440 παράνομον
2729 2362 3025 2440 ἀθροισμὸν
3074 2363 3165 2417 καὶ
3232 2361 3479 2437 λῃστείαν
3537 2369 3636 2418 τοῦ

1985 2452 2387 2526 πολιτεύματος
2414 2470 2427 2483 ⁸
2487 2450 2682 2528 ἄνδρας
2742 2453 2945 2506 συνέσει
2976 2456 3083 2506 τῶν
3115 2450 3342 2508 πολλῶν
3405 2452 3635 2531 ὑπερφέ-

1988 2563 2206 2618 ροντας·
2263 2541 2325 2597 οὐ
2373 2543 2510 2597 κατά
2551 2536 2815 2617 Κόροιϐον
2862 2535 3017 2604 ὄντας
3065 2540 3157 2596 καὶ
3209 2541 3513 2618 Μαργίτην,
3544 2543 3638 2596 καὶ

1987 2629 2319 2702 Μελιτίδην·
2380 2632 2455 2685 ὧν
2515 2630 2543 2685 6
2602 2630 2699 2703 μὲν
2755 2630 2884 2692 τοὺς
2945 2629 3220 2707 ῥηγμῖνας
3279 2634 3636 2706 περινοστῶν,

1988 2720 2210 2796 ἠρίθμει
2267 2722 2336 2775 τὰ
2390 2718 2627 2792 κύματα,
2685 2718 2776 2773 καὶ
2837 2719 3006 2794 μέχρι
3078 2723 3245 2795 τριῶν
3300 2713 3635 2794 προϐαίνων,

1991 2810 2290 2878 ὑπενόστει,
2345 2809 2589 2884 προϊέναι
2655 2809 2958 2883 περαιτέρω
3017 2808 3094 2881 μὴ
3151 2806 3439 2883 ἐγνωκώς·
3501 2808 3529 2862 6
3592 2804 3640 2862 δ’

1990 2899 2239 2972 ἐκμαθεῖν
2290 2898 2548 2973 ἀνηρώτα
2575 2896 2661 2959 τίς
2693 2896 2744 2967 ἐξ
2794 2895 2998 2975 ἀμφοῖν
3046 2900 3163 2951 τοῖν
3223 2896 3430 2970 γονέοιν
3489 2895 3642 2971 ἐγκυο

1993 2989 2235 3061 μονήσας
2266 2986 2424 3042 αὐτὸν
2456 2986 2739 3041 ἀπέτεκεν·
2795 2986 2824 3040 ὁ
2865 2983 2913 3040 δ’
2965 2984 3208 3057 ὕστατος,
3242 2983 3305 3039 οὐ
3352 2984 3642 3059 παρθενίαν

1986 3081 2186 3150 τιμῶν,
2219 3076 2327 3152 οὐχ
2359 3075 2596 3152 ἁγνεύειν
2628 3075 3035 3150 προῃρημένος,
3066 3078 3136 3148 τῇ
3188 3077 3400 3149 γαμετῇ
3449 3072 3640 3129 συνελ-

1990 3169 2097 3222 θεῖν
2132 3164 2232 3221 οὐκ
2262 3165 2524 3236 ἐπείθετο,
2552 3161 2782 3219 δεδιέναι
2815 3161 2992 3239 λέγων
3029 3163 3106 3235 μὴ
3136 3163 3273 3238 πρὸς
3313 3169 3416 3231 τῆς
3464 3183 3641 3238 γεινα-

232 3269 353 3320 σης,
385 3229 792 3326 αἰθρίαςΙΟὕσης
823 3272 836 3286 ·
962 3229 1021 3307 τέ
1066 3229 1231 3327 νῆψις
1261 3229 1521 3328 ἔμμονος,
1552 3229 1642 3309 καί
1690 3229 1753 3308 τὸ
1784 3252 1879 3328 ἐμ·
1908 3229 1951 3296 C
1994 3255 2156 3331 μένης
2204 3254 2372 3323 αὐτὴν
2420 3229 2705 3328 ἐγκληθεὶς
2738 3229 2913 3329 ὑφέξεί
2939 3229 3219 3320 δίκαςντῆς
3246 3229 3605 3312 συνελεύσεως
3626 3271 3640 3285 ·

236 3338 497 3413 μέριμνον
530 3334 798 3394 ἄπαυστον
827 3362 840 3374 ·
899 3339 1048 3403 ὅπως
1079 3341 1138 3396 ἂν
1173 3342 1219 3396 εἰ
1266 3342 1562 3419 προκύψειε
1611 3345 1879 3419 καταιγὶς,

235 3427 282 3481 εἰ
339 3423 555 3483 κλύδων
615 3426 902 3505 ἐγείροιτο,
933 3431 1263 3507 παραυτὸθεν
1316 3432 1729 3503 ἀντικατασταίη
1791 3434 1881 3489 καὶ

236 3515 599 3591 περιγένοιτο,
631 3518 721 3573 καὶ
768 3519 903 3595 πρὸς
949 3519 1185 3596 ἀγαθοὺς
1242 3522 1441 3597 ἀγάγοι
1499 3521 1725 3596 λιμένας
1780 3525 1880 3593 τήν

234 3609 389 3659 ναῦν·
423 3603 454 3659 6'
482 3626 545 3681 γε
577 3608 685 3679 μὴν
713 3612 818 3662 τῶν
844 3615 947 3677 τῆς
975 3610 1110 3672 νεὼς
1157 3608 1477 3680 ἐπιτηδείων
1537 3611 1879 3686 καταμελῶν,

236 3694 273 3763 ἢ
299 3693 391 3748 τὸν
421 3700 524 3763 τῆς
554 3693 813 3759 εὐπλοίας
842 3699 1027 3773 καιρὸν
1061 3698 1178 3769 εἰκῆ
1212 3699 1557 3777 προϊέμενος,
1586 3701 1676 3756 καὶ
1735 3700 1882 3765 δλως

239 3779 300 3836 ἐκ
329 3781 611 3859 ῥᾳστώνης
645 3783 962 3856 ὑποσκάζων
990 3788 1127 3863 πρὸς
1171 3788 1232 3843 τὸ
1279 3787 1438 3865 ἔργον
1486 3789 1578 3845 καὶ
1627 3787 1882 3861 δυσκινη-

236 3874 369 3941 τῶν,
401 3874 828 3942 καταποντιστὴς
888 3872 1100 3948 μᾶλλον
1140 3876 1176 3947 ἢ
1206 3871 1541 3954 κυϐερνήτης
1588 3878 1735 3933 ἐστί·
1793 3872 1885 3934 καὶ

238 3960 285 4015 εἰ
317 3956 604 4031 διασωθείη
635 3965 732 4017 τοῦ
761 3962 1030 4040 πελάγους
1074 3966 1163 4021 καὶ
1209 3965 1467 4042 κρείττων
1521 3965 1712 4045 ὀφθείη
1775 3971 1882 4030 τῶν

237 4047 494 4123 κυμάτων
552 4053 587 4120 ἡ
644 4056 791 4118 ναῦς,
833 4055 979 4109 τοῦθ’
1037 4054 1114 4117 ὡς
1164 4050 1359 4132 ἔτυχε·
1408 4055 1499 4112 καὶ
1572 4057 1768 4111 τούτου
1829 4053 1888 4111 δὲ

237 4139 301 4193 τὸ
333 4136 390 4193 εὗ
419 4142 454 4209 ἡ
504 4143 602 4194 τοῦ
658 4147 1058 4219 ναυαρχοῦντος
1117 4144 1491 4221 εἰκαιοτροπία
1541 4146 1679 4221 πρὸς
1734 4146 1888 4201 τούν-

239 4227 419 4283 αντίον
480 4230 880 4303 μετεσκεύασεν.
938 4230 1012 4286 Οὐ
1066 4234 1180 4309 χρὴ
1235 4234 1416 4289 τοίνυν
1479 4231 1604 4289 οὐδὲ
1647 4236 1737 4290 τὸν
1798 4234 1890 4312 ἀρ-

240 4319 419 4394 χηγὸν
448 4317 833 4396 ἀπαρασκεύως
881 4318 1024 4397 ἔχειν
1078 4323 1115 4391 ἢ
1162 4320 1450 4399 νωχελῶς,
1482 4321 1629 4379 ἀλλὰ
1682 4345 1886 4400 κατηρ-

238 4408 492 4481 τισμένον
527 4408 579 4464 ἐν
608 4414 724 4471 τοῖς
779 4407 956 4487 ἔργοις
1012 4412 1177 4466 ἅπασι
1228 4419 1330 4482 τῆς
1384 4412 1589 4489 ἀρχῆς,
1621 4412 1762 4469 ὠκὺν
1818 4414 1888 4469 εἶ-

241 4517 349 4569 ναι,
399 4498 602 4567 πτηνὸν
665 4496 823 4567 εἰναι,
872 4497 1085 4577 φθάνειν
1132 4499 1328 4576 ἀερίως
1386 4498 1464 4563 εἰ¹ς
1517 4522 1578 4556 τε
1630 4503 1729 4571 τὴν
1778 4506 1888 4557 τῶν

1990 3341 2110 3399 εὕτε
2169 3345 2276 3417 μὴν
2329 3340 2388 3397 ἐκ
2429 3339 2724 3418 διαμέορου
2778 3342 3039 3414 Κάκκους,
3069 3337 3442 3411 Αὐτολύκους,
3474 3338 3646 3415 Εὐρυ-

1990 3427 2209 3503 ϐάτους,
2243 3430 2306 3485 ἐκ
2331 3436 2439 3486 τῶν
2473 3428 2648 3485 ὀπίσω
2677 3427 3043 3503 ποιουμένους
3074 3427 3126 3483 ἐν
3169 3433 3291 3491 ταῖς
3343 3431 3489 3505 σφῶν
3547 3427 3643 3482 αὐ-

1988 3526 2095 3578 τῶν
2129 3517 2450 3583 καταδύσεις
2478 3521 2577 3589 τὴν
2607 3524 2716 3575 τῶν
2762 3516 3202 3591 κλωπευομένων
3257 3519 3410 3587 ζώων
3462 3516 3646 3572 ὑπείσ-

1992 3609 2163 3681 δυσιν,
2210 3608 2350 3665 ὥστε
2398 3606 2576 3665 δοκεῖν
2634 3608 2826 3682 ἐξιέναι
2890 3605 3104 3681 μᾶλλον
3149 3605 3217 3661 τὰ
3272 3605 3639 3683 εἰσαγόμενα·

1996 3697 2475 3777 μεταχρωννύντας
2502 3718 2563 3753 τε
2589 3697 2680 3753 καὶ
2741 3690 3191 3771 μεταμείῶντας,
3222 3696 3313 3751 καὶ
3369 3694 3647 3760 ποικίλως

1990 3789 2512 3866 παρακρουομένους
2566 3786 2694 3849 τοὺς
2748 3782 3004 3861 ἔχοντας·
3057 3783 3536 3862 ἀναῤῥιχωμένους
3585 3806 3646 3840 τε

1990 3878 2082 3934 καὶ
2133 3871 2652 3955 κρημνοϐατοῦντας
2702 3874 2785 3930 ἐπ’
2833 3869 2985 3949 ὄψεσι
3033 3877 3142 3930 τῶν
3187 3872 3523 3950 τηρούντων,
3554 3873 3645 3928 καὶ

1995 3966 2149 4039 δίκην
2199 3964 2410 4038 ἀέλλης
2459 3963 2966 4041 ἐκδραπετεύοντας,
2999 3961 3451 4028 διαλανθάνοντας
3478 3961 3647 4041 ἀφαν-

1992 4055 2314 4130 τουμένους,
2363 4051 2671 4115 πολυειδῶς
2717 4051 2782 4108 αὖ
2828 4050 3359 4125 ἐξαλλαττομένους·
3417 4051 3495 4113 ὡς
3541 4057 3648 4121 Νη-

1996 4145 2118 4221 ρεύς
2166 4165 2249 4207 τις
2280 4144 2314 4214 ἢ
2349 4143 2754 4220 Περικλύμενος
2781 4142 2818 4211 ἢ
2850 4140 3105 4216 Πρωτεὺς
3137 4142 3166 4196 6
3212 4138 3511 4217 Αἰγύπτιος
3560 4161 3650 4194 σο-

1996 4236 2189 4314 φιστής
2214 4251 2228 4264 ·
2279 4233 2342 4288 οὗ
2371 4233 2462 4288 καὶ
2489 4233 2589 4300 τὴν
2616 4232 2753 4309 πρὸς
2782 4227 3055 4307 Αἴγυπτον
3086 4228 3147 4286 ἐκ
3192 4228 3495 4301 Παλλήνης
3544 4231 3647 4298 τῆς

1996 4328 2267 4398 Θρᾳκικῆς
2288 4320 2731 4392 παλιννόστησιν,
2765 4319 2816 4375 ἐν
2849 4320 3095 4396 χάσμασι
3127 4318 3219 4374 καὶ
3263 4322 3468 4393 μυχοῖς
3519 4317 3649 4372 ὑπο-

1995 4411 2238 4474 ποντίοις
2284 4408 2834 4488 παραδοξοποιοῦσιν,
2887 4408 2964 4470 ὡς
3036 4403 3445 4483 ἀδιάγνωστον·
3496 4404 3647 4460 ἀλλὰ

1994 4503 2058 4557 τὸ
2084 4496 2271 4573 εὔηθες
2307 4497 2689 4560 ἐκκεκλικότας
2723 4496 2813 4553 καὶ
2870 4496 3112 4572 πονηρὸν
3172 4495 3225 4550 ἐν
3281 4498 3479 4567 ταυτῷ,
3509 4514 3647 4572 φρο-

242 4585 553 4662 προσόντων
608 4584 990 4663 ὑπερμάχησιν
1049 4589 1140 4644 καὶ
1197 4591 1547 4664 συντήρησιν,
1579 4587 1654 4654 εἴς
1684 4611 1743 4646 τε
1787 4592 1886 4660 τήν
1916 4596 1966 4663 D
1994 4592 2145 4662 νήσει
2186 4590 2555 4663 κεκοσμῆσθαι
2589 4586 2797 4642 δίκαιον
2828 4584 2956 4649 τοὺς
3014 4589 3120 4640 τῶν
3175 4579 3362 4640 ἄλλων
3421 4582 3647 4654 ἐπισκη-

240 4678 348 4729 τῶν
410 4678 485 4747 μὴ
540 4675 855 4751 προσόντων
910 4679 1078 4753 θήραν
1136 4679 1225 4733 καὶ
1287 4678 1623 4753 πρόσληψιν,
1661 4680 1750 4735 καὶ
1808 4683 1883 4754 μὴ
1997 4686 2243 4755 πτῆρας·
2290 4677 2433 4733 οὕτω
2461 4679 2565 4755 γάρ
2612 4681 2721 4732 τῶν
2763 4682 2866 4746 τῆς
2915 4673 3224 4752 ἀφροσύνης
3270 4669 3439 4750 ἔργων
3482 4670 3650 4729 ἐλαυ-

241 4769 359 4825 τοῖς
421 4768 526 4819 τῶν
612 4762 1032 4835 ’Δσκληπιαδῶν
1116 4765 1406 4840 ἀμεθόδοις
1494 4766 1745 4841 ἐοικέναι,
1798 4770 1888 4824 καὶ
1996 4767 2262 4842 νομένων,
2324 4766 2587 4839 εὐκοσμία
2661 4769 2742 4838 τῷ
2817 4762 3021 4835 πλήθει
3086 4761 3335 4838 προσείη,
3373 4760 3465 4817 καὶ
3521 4759 3649 4832 δόξα

244 4849 677 4928 φρενολήπτοις·
711 4854 785 4909 ὧν
838 4854 890 4908 οἱ
941 4851 1179 4930 δεύτεροι
1234 4857 1352 4911 κατ’
1406 4856 1571 4927 αὐτὴν
1631 4859 1731 4927 τήν
1789 4865 1891 4928 τῆς

244 4939 481 5014 ἀνάγκης
541 4941 723 5015 ἀκμὴν
778 4943 847 4997 τὰ
901 4942 1160 5022 φάρμακα
1206 4945 1521 5020 πορίζεσθαι
1555 4946 1884 5022 βούλονται·

245 5029 335 5086 καὶ
371 5029 446 5101 μὴ
481 5030 813 5105 εὑρίσκοντες
862 5028 1014 5105 ἴσως,
1050 5032 1330 5112 ὑφαίνουσι
1365 5032 1573 5111 λήρους
1625 5034 1885 5110 μακροὺς,

243 5114 412 5194 Εἴπερ
460 5117 526 5187 ἦν
576 5122 713 5192 ἡμῖν
755 5118 875 5176 τοδὶ
922 5123 984 5177 τὸ
1032 5120 1395 5200 ἀλεξιτήριον,
1428 5123 1696 5201 λέγοντες,
1729 5126 1797 5194 ἧν
1829 5125 1888 5179 ἂν

246 5210 383 5282 ἡμῖν
439 5208 697 5283 κάρτιστα
747 5211 882 5285 πρὸς
945 5212 1044 5279 τῆν
1121 5216 1311 5267 νοῦσον
1399 5213 1885 5290 ἀνταγωνίσασθαι·

242 5298 307 5353 τὸ
344 5296 438 5371 μὲν
490 5298 595 5374 γὰρ
654 5294 931 5372 δυνάμεως
983 5300 1135 5364 τοίας
1182 5300 1502 5379 τετύχηκεν,
1534 5304 1570 5372 ἡ
1629 5300 1687 5357 δὲ
1741 5303 1891 5366 τοίας

248 5384 570 5464 δυσκρασίας
676 5385 949 5465 ἐξέθορεν·
1037 5390 1089 5445 οἰ
1178 5390 1366 5447 λοιποὶ
1448 5396 1517 5467 τῇ
1593 5392 1746 5472 φύσει
1827 5394 1891 5449 τὸ

247 5481 353 5532 πᾶν
429 5475 826 5553 ἐπιῤῥιπτοῦσι,
887 5477 1109 5535 ἐτώσιον
1187 5478 1357 5556 ἄχθος
1433 5480 1890 5562 ἐπὶπεφορτισμέ-

246 5586 331 5621 νοι
384 5570 500 5628 τοῖς
557 5566 890 5641 κάμνουσιν·
924 5566 971 5622 εἰ
1021 5569 1110 5624 καί
1147 5590 1232 5632 τις
1289 5570 1509 5644 αἰτιῷτο
1562 5578 1666 5643 τῆς
1721 5572 1891 5648 ἀπρα-

247 5653 384 5730 ξίας,
443 5655 652 5736 φύσεως
700 5655 833 5713 εἷναί
904 5678 1061 5739 φασιν
1137 5658 1426 5740 ὑπουργοὶ,
1482 5665 1590 5719 τῶν
1675 5660 1891 5719 οἰκείων

2003 4856 2233 4933 μεγίστη
2275 4860 2355 4928 τῷ
2398 4854 2651 4911 τοιούτου
2700 4851 2838 4908 λαοῦ
2888 4848 3227 4929 βασιλεύοντι
3253 4868 3267 4882 ’
3323 4849 3604 4911 τοιούτους
3630 4870 3645 4885 ·

2000 4947 2135 5002 εἶναι
2190 4946 2457 5023 προσήκει
2514 4942 2643 5006 τοὺς
2696 4941 2976 5013 διαιτητὰς
3032 4940 3122 4995 καὶ
3196 4938 3326 5001 τοὺς
3394 4938 3647 5018 ἐφόρους,

2001 5036 2114 5098 οἷος
2174 5035 2203 5088 6
2254 5034 2437 5110 ’Δραψ
2512 5031 2758 5101 Γουνεὺς,
2813 5027 3056 5108 Κέφαλος
3112 5028 3141 5082 6
3189 5027 3241 5099 ἐξ
3285 5025 3505 5083 Ἰταλῶν
3571 5026 3647 5089 εἰς

2000 5124 2227 5195 Ἀθήνας
2285 5120 2801 5200 πολιτογραφηθεὶς,
2851 5115 3207 5196 Ἀριστείδης,
3260 5118 3351 5173 καὶ
3401 5118 3648 5195 Ἀριστο-

2002 5218 2140 5291 φῶν,
2175 5211 2478 5282 Ἀθηναίων
2511 5210 2807 5287 ἰθαγενεῖς·
2854 5206 3081 5271 Γουνεὺς
3116 5207 3211 5282 μὲν
3257 5207 3359 5285 γὰρ
3409 5205 3649 5281 ἐννομώ-

1998 5323 2157 5365 τατος
2213 5298 2286 5357 ὣν
2344 5299 2599 5370 δικαστὴς
2653 5298 2743 5354 καὶ
2798 5296 3111 5368 πλεονεξίαν
3182 5301 3354 5352 πᾶσαν
3411 5295 3645 5352 ἀποστυ-

1999 5396 2132 5469 γῶν,
2162 5390 2251 5447 καὶ
2303 5388 2432 5453 τοὺς
2482 5390 2830 5467 ἁρπακτῆρας
2886 5385 3156 5463 αἰσχύνων
3206 5385 3643 5462 τιμωρούμενος,

2000 5479 2187 5552 ἐπειδή
2247 5499 2380 5537 ποτε
2429 5472 2769 5534 Βαϐυλώνιοι
2818 5474 2908 5532 καὶ
2978 5475 3228 5539 Φοίνικες
3283 5474 3643 5547 στασιάσειαν,

1998 5569 2123 5640 ἥκει
2168 5570 2303 5646 πρὸς
2357 5566 2553 5630 αὐτοὺς
2606 5565 2958 5645 ἐγκέλευστος
3007 5565 3111 5621 ὑπὸ
3154 5560 3561 5641 Σεμιράμιδος·
3611 5565 3640 5619 6

2001 5658 2060 5718 δὲ
2107 5658 2228 5719 λύει
2275 5659 2376 5730 τὴν
2425 5658 2607 5715 στάσιν
2656 5654 2862 5737 ὀφθεὶς,
2906 5654 2998 5712 καὶ
3049 5652 3521 5713 ἀποκαταλλάττει
3572 5653 3643 5709 τδι
