4096 6442
391 468 510 569 673

1234 502 1339 564 DE
1381 500 1613 564 REGIS
1657 498 2017 562 OFFICIIS.
2048 528 2126 545 -—
2151 496 2470 561 TEXTUS
2516 498 2942 561 GENUINUS.

3672 505 3792 564 674

390 637 543 715 γένη,
572 638 653 708 τῷ
677 632 867 712 τρόπῳ
914 629 1229 695 καταιδέσας
1274 631 1402 694 τοὺς
1450 629 1850 701 στασιάζοντας.
1880 632 2033 706 Ἀρι·
2064 630 2122 699 Α
2151 648 2254 704 χας
2287 629 2376 684 καὶ
2406 627 2769 705 πολιτάρχας,
2802 627 2982 693 τοίους
3011 630 3048 699 ἢ
3094 629 3274 694 τοίους
3324 631 3593 704 ἐξᾴδεσθαι
3625 655 3794 712 προσ-

396 723 609 796 στείδης
662 721 721 779 δὲ
764 721 1220 797 κατακρινόμενος
1274 720 1714 796 ἐξοστρακισμὸν,
1773 717 1863 773 καὶ
1911 738 2042 773 πυν-

398 813 694 887 θανόμενος
722 810 775 866 τί
804 811 862 865 ἂν
912 809 1140 879 λυποίη,
1186 808 1406 872 Δίκαιος
1454 808 1505 863 εἴ
1546 805 1764 863 πολλοῦ
1809 808 2042 868 καὶτοῖς

397 900 613 959 πλείοσι
672 897 1042 976 δύσχρηστος,
1097 894 1316 966 ἤκουεν·
1379 896 1522 953 οὕτω
1572 897 1623 952 ἐν
1672 895 1859 971 Ῥώμῃ
1889 896 2043 970 Μάρ-

400 1012 518 1054 κιος
576 989 903 1064 στρατηγὸς,
960 988 1019 1042 ὃν
1076 983 1167 1041 διὰ
1221 983 1586 1057 δικαιοσύνην,
1644 987 1742 1054 τῆς
1788 981 2046 1060 πατρίδος

401 1077 811 1152 ἐξελαυνόμενον
843 1071 1054 1141 ἐπένθει
1110 1075 1204 1148 μὲν
1236 1077 1272 1145 ἡ
1303 1073 1489 1143 πόλις,
1523 1073 1684 1136 αὐτὸς
1723 1070 1770 1128 δ’
1816 1075 1879 1142 ἦν
1912 1072 2043 1129 ἀλυ-

401 1170 530 1240 πής,
578 1168 671 1223 καὶ
699 1172 800 1236 τῆς
844 1162 1048 1227 οἰκείας
1106 1163 1464 1241 στερρότητος
1513 1159 1638 1218 ούδέ
1681 1183 1736 1217 τι
1782 1159 2044 1237 παρέκλι-

399 1279 482 1313 νεν
514 1275 527 1288 ·
587 1253 835 1334 Κέφαλος
907 1257 1104 1329 μικροῦ
1173 1250 1281 1308 δεῖν
1360 1249 1746 1326 διαμεμενήκει
1820 1250 2044 1324 πάμπαν

403 1343 756 1422 ἀνέγκλητος,
788 1343 835 1398 εί
870 1342 947 1415 μὴ
991 1342 1341 1421 ψηφίσματος
1394 1335 1837 1418 ἀπροϐουλεύτου
1889 1360 2047 1394 συκο-

402 1432 595 1513 φαντία
650 1428 1077 1508 παρεισδεδύκει,
1133 1428 1301 1504 μηδὲν
1364 1428 1589 1506 ἔχοντος
1644 1428 2051 1503 ἐπιμέμψασθαι

399 1528 481 1597 τῷ
533 1519 686 1599 ἀνδρὶ
764 1519 1014 1596 μηδενός·
1072 1521 1408 1598 Ἀριστοφῶν
1477 1516 1536 1574 δὲ
1587 1517 1894 1574 τούναντίον
1964 1514 2053 1571 διὰ

406 1610 531 1689 βίου
584 1609 1061 1686 κατηγορούμενος
1093 1626 1106 1640 ·
1162 1608 1227 1664 τὸ
1282 1607 1386 1683 γὰρ
1443 1606 1605 1662 αὐτοῦ
1683 1605 2053 1680 μισοπόνηρον

401 1700 534 1763 τοὺς
590 1696 1165 1772 ἀντιπολιτευομένους
1228 1695 1417 1752 νύττον
1475 1695 1575 1751 οὐκ
1638 1689 2050 1768 ἀπημϐλύνετο·

404 1789 554 1859 πλὴν
586 1785 735 1844 ἀλλὰ
778 1788 878 1856 τὴν
931 1790 1158 1842 νικῶσαν
1214 1785 1644 1860 ἀπενηνεγμένος
1702 1783 1844 1858 ἐξῄει
1903 1781 2054 1839 δικα-

408 1877 634 1954 στηρίου
688 1875 917 1939 παντός.
969 1874 1037 1930 Εἴ
1092 1872 1150 1930 δὲ
1206 1870 1462 1950 δυσχερὲς
1518 1872 1799 1934 τοιούτους
1858 1869 2052 1950 ἄνδρας

2154 719 2307 781 όντας
2338 722 2406 792 τῇ
2438 719 2627 794 πρώτῃ
2656 719 2824 795 ἀρχῇ·
2877 719 2965 774 καὶ
3012 719 3177 775 πόσον
3221 720 3298 783 εἷς
3347 722 3512 794 αὐτήν
3555 723 3790 789 ἐντεῦθεν

2155 802 2521 876 διαϐιϐάζεται
2555 809 2629 881 μή
2668 808 2828 880 μόνον
2862 807 2937 870 είς
2982 809 3081 877 τήν
3131 808 3343 881 πληθὺν
3372 811 3436 866 τὸ
3483 818 3726 868 συνοῖσον
3753 811 3791 884 ἤ

2151 896 2215 951 τὸ
2265 894 2610 969 λυμαντικόν·
2662 895 2779 959 ὅθεν
2837 897 2938 972 γὰρ
2998 897 3252 973 ἀπῴχετο
3311 897 3499 975 λόγος,
3557 900 3669 957 ἐκεῖ
3703 902 3795 958 καὶ

2155 986 2314 1064 φήμη
2346 983 2435 1040 καὶ
2467 982 2650 1061 δρᾶσις
2696 992 2798 1054 τῆς
2847 983 3068 1061 ἀλογίας
3118 985 3421 1062 ἐνέσκηψεν·
3473 988 3591 1054 ὅθεν
3632 991 3794 1068 ἀρετὴ

2156 1072 2516 1143 ἀπελήλαται,
2572 1073 2632 1128 τὸ
2679 1079 2776 1142 τῆς
2822 1073 3012 1136 κακίας
3068 1072 3224 1150 ἔργον
3276 1073 3602 1152 διάγδουπον
3652 1080 3797 1136 ἐπει-

2159 1161 2436 1217 σπέπαικε·
2462 1161 2515 1216 τί
2573 1159 2662 1215 οὖν
2726 1160 2976 1236 μέγιστον
3034 1163 3125 1218 καὶ
3180 1161 3401 1233 ἥδιστον
3445 1164 3658 1245 ἐκφανεῖ
3696 1170 3796 1239 τήν

2158 1247 2472 1325 προύχοντα
2504 1269 2519 1319 ;
2550 1250 2624 1306 Τὸ
2672 1247 2968 1326 λογιότητα
3014 1251 3103 1306 καὶ
3159 1249 3325 1322 ἤθους
3371 1255 3675 1328 σεμνότητα
3712 1278 3799 1312 κε-

2158 1339 2422 1414 κτημένον
2480 1339 2594 1413 ἅμα
2640 1338 2728 1393 καὶ
2789 1340 2912 1415 περὶ
2970 1338 3186 1396 πολλοῦ
3230 1341 3504 1416 τιθέμενον
3556 1345 3798 1416 ἐξακούε-

2158 1442 2299 1500 σθαι,
2327 1426 2364 1499 ἤ
2410 1424 2714 1500 τοῦμπαλιν
2765 1428 3027 1502 ἀμουσίαν
3075 1429 3163 1484 καὶ
3213 1425 3539 1508 ἀϐελτὴρίαν
3587 1436 3805 1490 είσοικι-

2163 1519 2386 1592 ζόμενον
2446 1517 2534 1572 καὶ
2585 1521 2829 1590 τιμῶντα
2885 1515 3304 1597 διαφημίζεσθαι
3338 1540 3350 1553 ⁸
3406 1522 3469 1576 τὸ
3520 1522 3619 1599 γὰρ
3695 1529 3800 1579 τῶν

2159 1605 2600 1680 πεπαιδευμένων
2658 1606 2884 1682 ὑπεροᾷν
2942 1608 3032 1662 καὶ
3088 1610 3215 1671 τοὺς
3263 1610 3615 1689 ἀποφωλίους
3663 1634 3798 1691 προ-

2163 1696 2363 1751 σίεσθαι
2392 1694 2483 1750 καὶ
2531 1695 2759 1769 ἀνυψοῦν
2808 1694 2862 1751 τί
2911 1692 3051 1752 ἀλλο
3083 1696 3222 1753 ἐστὶν
3274 1696 3312 1769 ἤ
3341 1699 3529 1755 κακίαν
3576 1700 3800 1778 ἐξαίρειν

2161 1787 2250 1841 καὶ
2312 1784 2504 1860 ἀρετὴν
2566 1783 2960 1859 ἀποτρέπεσθαι
2993 1804 3006 1854 ;
3039 1786 3329 1858 θαυμάζειν
3381 1786 3607 1863 ἀλογίαν
3642 1836 3657 1861 ,
3713 1790 3804 1845 καὶ

2163 1872 2325 1948 λόγον
2358 1870 2795 1945 ἀποδιοπομπεῖν
2828 1873 2943 1942 ;·Τὸ
2993 1871 3037 1928 δ’
3085 1873 3227 1929 οὕτω
3273 1874 3451 1950 κρίνον
3494 1876 3805 1954 ὁμολογου-

410 1964 744 2044 εὑρίσκεσθαι
773 1969 887 2037 νῦν,
940 1964 1069 2020 ἀλλ’
1098 1962 1180 2018 ὅτι
1214 1966 1682 2040 περιφρονοῦνται,
1732 1962 1961 2038 πονηροὶ
2007 1960 2053 2016 δ’
2082 2002 2131 2068 Β
2166 1962 2340 2036 μένως
2377 1962 2510 2036 μετά
2544 1967 2639 2017 τοῦ
2681 1962 2929 2033 πλήθους
2976 1963 3065 2018 καὶ
3112 1970 3213 2033 τῆς
3260 1965 3571 2040 συστοιχίας
3622 1966 3808 2022 αὐτοῦ·

410 2051 619 2068 ,κρυ
1014 2052 1026 2068 ,
1328 2057 1355 2068 η
1489 2051 1505 2068 ι
1649 2049 1748 2068 κ..
1866 2051 1879 2068 ι
2166 2050 2384 2068 μ.-
2650 2050 2661 2068 ,
2948 2051 2997 2068 ,η
3210 2051 3709 2068 ,ςκςςνκ

408 2051 712 2110 ἐπιδιδόασι
769 2052 1187 2129 προκρινόμενοι
1222 2071 1235 2084 °
1285 2057 1387 2107 πᾶν
1445 2051 1545 2128 γὰρ
1603 2049 1665 2106 τὸ
1721 2051 2049 2124 ζητούμενον
2082 2049 2131 2068 ⁵³
2163 2050 2252 2107 διὰ
2289 2055 2456 2107 ταῦτα
2502 2050 2836 2128 ποριόπτους
2891 2051 3088 2107 τιθέναι
3141 2051 3268 2116 τοὺς
3335 2053 3557 2119 ἐσθλοὺς
3614 2053 3809 2132 ἄνδρας

408 2143 500 2199 καὶ
529 2143 839 2217 τιμώμενον
880 2139 1024 2215 αὔξει
1074 2142 1165 2197 καὶ
1222 2139 1666 2218 παῤῥησιάζεται’
1717 2140 1779 2195 τὸ
1825 2137 1870 2193 δ’
1918 2140 2051 2213 ἀμε-

409 2231 678 2305 λούμενον
757 2229 994 2308 φθινύθει
1066 2231 1157 2285 καὶ
1214 2229 1614 2305 ἀποκρύπτεται
1658 2247 1674 2265 ·
1729 2228 1890 2283 πόθεν
1950 2228 2053 2305 γάρ

410 2318 644 2385 ἄλλοθεν
679 2321 708 2375 ὁ
736 2317 914 2381 πολὺς
952 2318 1116 2395 λόγος
1171 2312 1379 2387 ἀπέσϐη
1428 2324 1553 2394 παρ’
1598 2319 1756 2391 ἡμῖν,
1785 2317 1875 2372 καὶ
1900 2320 1936 2387 ἡ
1967 2339 2055 2372 κο-

410 2410 644 2485 σμιότης
674 2407 925 2488 διέφθορε
964 2412 1074 2463 τῶν
1118 2409 1285 2479 ἠθῶν,
1316 2407 1353 2476 ἢ
1383 2408 1598 2470 πάντως
1647 2405 1706 2461 ἐκ
1732 2413 1835 2477 τῆς
1879 2406 2052 2461 αὐτῶν

2161 2140 2595 2217 ἀναγκαιότατον·
2622 2138 2692 2194 τἔν’
2723 2142 2751 2195 ὁ
2797 2146 2958 2196 τοῦτο
3006 2139 3147 2219 δρῶν
3196 2139 3342 2217 αἶ’ροι
3375 2142 3469 2215 μὲν
3517 2143 3681 2214 ζῆλον
3718 2142 3805 2221 ἕρ-

2160 2252 2268 2305 γων
2327 2227 2630 2284 σπουδαίων
2687 2228 2922 2292 πολλοῖς
2954 2277 2970 2305 ,
3028 2228 3173 2307 αἶ’ροι
3234 2228 3291 2286 δὲ
3346 2228 3506 2293 κῦδος
3582 2230 3807 2288 ἄσπετον

2163 2320 2355 2391 ἑαυτῷ.

2238 2408 2326 2483 ιβ’.
2385 2407 2685 2486 Κεφάλαιον
2752 2412 2861 2463 τῶν
2937 2407 3146 2483 ἀγαθων
3206 2408 3459 2477 ἀτενίζειν
3535 2408 3618 2464 ἀεὶ
3669 2411 3805 2487 πρὸς

412 2502 775 2572 ἀποπομπῆς,
836 2497 896 2553 ἐκ
939 2503 1040 2567 τῆς
1091 2501 1198 2552 τῶν
1258 2495 1505 2551 ἐναντίων
1561 2494 1844 2572 έπιλογῆς,
1904 2494 1954 2550 ἔν
1999 2517 2059 2551 τε
2164 2497 2255 2552 τὸν
2289 2496 2507 2574 Κύριον,
2562 2496 2652 2551 καὶ
2705 2496 2918 2573 τρέχειν
2975 2497 3067 2570 μὲν
3116 2497 3204 2551 καὶ
3251 2495 3562 2571 οἰκοδομεῖν
3593 2499 3682 2554 καὶ
3708 2521 3807 2577 φυ-

408 2595 527 2652 τοῖς
582 2587 892 2650 πολιτικοῖς
941 2585 994 2643 ἔν
1041 2607 1103 2642 τε
1148 2590 1267 2649 τοῖς
1311 2590 1697 2659 πνευματικοῖς
1741 2585 2056 2659 ἀξιώμασι;

409 2678 503 2735 καὶ
535 2676 635 2734 οὐκ
658 2676 918 2753 έγνωσται
968 2673 1134 2731 πόσον
1181 2674 1257 2737 εἷς
1308 2670 1546 2745 εὐδοξίαν
1593 2675 1629 2744 ἢ
1664 2670 1873 2744 ἀδοξίαν
1927 2696 2061 2748 συμ-

413 2763 680 2824 ϐάλλεται
731 2767 796 2822 τὸ
851 2764 1189 2842 στρατηγοὺς
1246 2764 1336 2819 καὶ
1389 2762 1700 2841 πραίτωρας
1745 2763 1835 2819 καὶ
1885 2763 2063 2841 ἱεράρ-

2170 2584 2383 2642 λάσσειν
2414 2591 2531 2649 καθ’
2582 2583 2718 2657 ὅλην
2769 2585 3112 2661 ἀνθρωπίνην
3165 2586 3345 2662 ἰσχύν
3390 2584 3617 2661 ἀμελεῖν
3660 2582 3807 2651 ὅλως

2167 2672 2529 2752 γὰρ,εὕηθες.
2611 2720 2625 2733 .
2706 2721 2719 2733 .
2804 2719 2817 2732 .
2896 2718 2910 2733 .
2989 2720 3005 2734 .
3085 2718 3096 2730 .
