4096 6410
319 404 436 466 6⁸75
1571 399 1995 462 NICEPHORI
2042 398 2478 462 BLEMMID/E
3595 408 3720 468 676

565 692 1962 864 ΝΙΚΗΦΟΡΟΥ
2080 694 3472 866 ΒΛΕΜΜΙΔΟΥ

919 989 2079 1118 ΕΙΣΑΓΩΓΙΚΗΣ
2181 991 3113 1121 ΕΠΙΤΟΜΗΣ

1794 1232 2106 1290 ΒΙΒΛΙΟΝ
2157 1206 2225 1290 Ᾰ.

741 1365 3277 1659 ΕΠΙΤΟΜΗ-ΛΟΓΙΚΗΣ,

600 1739 3415 2004 NICEPHORI—BLEMMID/E

1080 2091 1906 2188 EPITOMES
2013 2091 2932 2188 ISAGOGIC/E

1494 2266 1886 2352 LIBER
1985 2267 2520 2354 PRIMUS.

921 2421 3074 2763 EPITOMELOGIGA.

619 2868 1338 2971 JOANNIS
1429 2869 2298 2970 WEGBLINI
2385 2866 3370 2968 AUGUSTANI

1486 3067 1863 3127 EPISTULA
1910 3065 2521 3128 NUNCUPATORIA

320 534 2758 566 Μ

907 3225 1124 3286 Textuz'
1147 3224 1370 3302 Graeco,
1405 3245 1559 3287 anno
1591 3227 1744 3287 1605
1775 3227 2054 3304 Augusta
2099 3224 2528 3286 Vc’ndelc'corum
2555 3223 2727 3297 edito,
2759 3225 3084 3303 praemissa.

381 3385 778 3450 Nobilissimo
821 3391 884 3445 et
924 3385 1310 3464 amplissimo
1351 3386 1506 3458 viro,
1554 3385 1806 3464 pietate,
1854 3384 2189 3464 prudentia
2231 3390 2291 3443 et
2333 3383 2620 3443 doctrina
2662 3383 3138 3462 spectatissimo,
3184 3385 3255 3443 D.
3293 3383 3684 3445 Wosrcsneo

301 3472 439 3530 Duo
482 3470 546 3527 in
593 3465 877 3526 Hammel
919 3473 982 3526 et
1021 3466 1355 3538 Ainhofeu,
1403 3467 1728 3544 reipublic.
1774 3469 2154 3542 Augustanee
2220 3464 2472 3542 patritio
2533 3470 2596 3523 et
2655 3464 2949 3544 senatori,
3017 3464 3683 3544 aceecclesiaeribidem

300 3547 677 3685 evangeliﬁae
721 3546 1018 3620 curatori,
1065 3547 1333 3624 novique
1376 3542 1619 3624 collegii
1661 3546 2173 3617 administratori,
2222 3544 2487 3604 Domino
2549 3562 2662 3603 suo
2723 3543 3064 3622 plurimum
3108 3542 3498 3620 honorando,
3546 3562 3686 3623 gra-

306 3631 460 3685 tiam
507 3645 545 3685 a
639 3644 736 3685 eo.

306 3631 460 3690 tiam
507 3645 545 3686 a
584 3631 736 3686 Deo.

386 3707 691 3769 Omnibus
733 3705 1094 3764 hominibus
1153 3724 1308 3766 sana
1379 3712 1585 3765 mente
1647 3704 1945 3784 praeditis,
2007 3703 2391 3764 nobilissime
2452 3708 2514 3762 et
2573 3701 2955 3784 amplissime
3015 3703 3131 3784 vir,
3195 3702 3448 3762 domine
3492 3701 3689 3782 pluri-

309 3805 484 3847 mum
530 3785 921 3857 honorande,
966 3785 1028 3844 in
1075 3785 1274 3864 primo
1318 3793 1459 3846 ortu
1503 3783 1760 3845 insitum
1823 3792 1915 3845 est
1975 3803 2012 3843 a
2075 3785 2397 3844 conditore
2455 3785 2584 3843 Deo
2645 3783 2886 3860 optimo
2920 3783 3222 3864 hmaximo
3267 3788 3692 3864 utenonitan-

309 3875 443 3927 tum
486 3883 669 3926 voces
710 3865 1022 3944 simplices
1075 3862 1191 3945 pro
1252 3884 1460 3926 rerum
1524 3866 2016 3944 signiﬁcatarum
2078 3871 2306 3925 natura
2347 3882 2396 3945 a7
2447 3883 2512 3923 se
2571 3864 2838 3945 invicem
2899 3862 3269 3945 discernere,
3335 3862 3692 3945 definiendo

303 3947 646 4017 declarare,
694 3943 1028 4005 dividendo
1071 3943 1382 4024 explicare
1426 3965 1440 4020 ;
1505 3943 1613 4005 sed
1661 3946 1847 4006 etiam
1910 3947 2073 4004 inter
2133 3963 2197 4005 se
2260 3944 2643 4022 conjungere
2703 3944 3076 4024 affirmando
3131 3950 3192 4002 et
3234 3961 3379 4024 airse
3420 3943 3689 4004 invicem

305 4028 664 4106 disjungere
712 4026 1012 4106 negando
1061 4043 1074 4098 ;
1139 4023 1271 4086 tum
1317 4027 1396 4086 ab
1460 4044 1585 4085 una
1647 4025 2075 4086 enuntiatione
2137 4025 2214 4085 ad
2277 4025 2464 4084 aliam
2511 4023 2955 4106 ratiocinando
3022 4023 3334 4106 progredi,
3399 4031 3461 4084 et
3525 4025 3694 4106 ultro

305 4103 588 4186 citroque
631 4105 825 4165 veluti
888 4106 1254 4178 discurrere,
1300 4106 1716 4186 syllogismos
1785 4112 1848 4166 et
1890 4107 2045 4165 alias
2105 4104 2723 4186 argumentationum
2784 4104 3018 4162 formas
3079 4103 3397 4186 conﬁcere
3443 4121 3516 4163 ac
3578 4103 3690 4164 de-

305 4183 506 4267 nique
565 4187 681 4246 has
739 4187 816 4245 ad
874 4186 1066 4246 totius
1126 4183 1392 4264 alicujus
1450 4186 1802 4264 systematis
1864 4187 1992 4245 sive
2053 4186 2344 4267 corporis
2391 4183 2920 4267 constructionem
2964 4189 3163 4267 __certa
3234 4183 3509 4267 quadam
3568 4201 3692 4244 me-

306 4263 501 4328 thodo
545 4267 876 4344 disponere
935 4273 998 4326 et
1054 4263 1494 4344 coagmentare
1560 4268 1820 4344 possint.
1868 4268 2016 4337 Quae
2078 4265 2383 4325 naturalis
2430 4271 2524 4325 est
2565 4265 2768 4341 logica
2796 4263 3102 4344 omnibus
3144 4263 3504 4323 hominibus
3546 4281 3689 4344 cum

304 4348 567 4409 rationis
627 4343 930 4406 beneﬂcio
993 4343 1390 4418 communis;
1457 4343 1583 4424 qua
1643 4349 1830 4406 etiam
1895 4365 1932 4406 a
1990 4363 2054 4406 se
2114 4346 2380 4405 invicem
2439 4352 2684 4404 tantum
2746 4343 3066 4424 differunt,
3113 4349 3421 4422 quantum
3466 4343 3691 4424 mentis

305 4428 613 4499 acumine,
682 4426 1127 4507 perspicientia
1206 4433 1269 4487 et
1329 4422 1672 4504 sagacitate
1744 4427 1850 4485 alii
1919 4425 2058 4507 aliis
2127 4426 2834 4507 antecellu_nt._Verum_
2905 4423 3225 4507 enimvero
3296 4442 3438 4507 cum
3506 4422 3688 4501 lapsu

303 4503 849 4588 protoplastorum
897 4507 1008 4566 illa
1059 4507 1286 4588 mentis
1347 4503 1680 4567 concreata
1743 4506 2089 4566 acrimonia
2131 4513 2193 4588 et
2235 4505 2702 4588 perspicacitas,
2747 4503 3032 4588 celeritas
3074 4509 3136 4564 et
3182 4505 3519 4588 dexteritas
3561 4521 3692 4588 non

301 4583 550 4649 tantum
593 4589 657 4647 in
703 4588 889 4647 rebus
931 4587 1363 4666 spiritualibus
1419 4588 1627 4664 quoad
1696 4605 1911 4646 verum
1975 4593 2036 4646 et
2096 4583 2436 4646 salutarem
2480 4585 2713 4666 Deiﬁet
2755 4585 3196 4666 mysteriorum
3238 4585 3434 4666 ipsius
3478 4583 3695 4660 cogni-

302 4670 537 4730 tionem
609 4686 866 4747 prorsus
927 4665 1009 4728 sit
1067 4669 1318 4740 amissa,
1379 4668 1488 4727 sed
1549 4668 1736 4727 etiam
1801 4667 2316 4747 inenaturalibus
2369 4672 2464 4747 et,
2495 4665 2794 4747 civilibus
2840 4665 3108 4747 multum
3174 4665 3574 4747 labefactata,
3625 4675 3699 4724 ut

297 4751 433 4827 jam
508 4743 796 4808 homines
864 4749 1094 4826 partim
1167 4747 1718 4828 apprehendendo,
1794 4745 2146 4828 definiendo
2186 4753 2279 4828 Aet
2347 4744 2680 4828 dividendo
2750 4744 3384 4828 si_mplicia,_partim
3430 4743 3695 4828 conjun-

302 4824 511 4906 gendo
582 4835 644 4888 et
713 4824 1128 4907 disjungendo
1200 4824 1439 4898 eadem,
1515 4828 1741 4906 partim
1816 4826 2247 4887 ratiocinando
2317 4834 2379 4887 et
2446 4824 2888 4907 discurrendo,
2961 4825 3191 4907 partim
3263 4824 3692 4907 connectendo

305 4905 366 4968 et
435 4905 824 4986 disponendo
881 4905 1048 4988 saepe
1107 4915 1170 4970 et
1231 4909 1445 4988 multis
1505 4905 1706 4966 modis
1766 4907 2112 4968 aberrent:
2179 4907 2326 4966 hinc
2386 4906 2543 4966 adeo
2604 4905 2861 4988 quidam
2922 4905 3061 4964 aliis
3116 4905 3587 4988 ingeniosiores
3633 4909 3695 4964 et

307 4985 794 5067 perspicaciores
847 4985 1037 5068 longo
1101 5009 1214 5050 usu
1279 4995 1340 5049 et
1395 4987 2026 5068 observationecum
2090 4987 2344 5068 pr0pria
2405 4993 2548 5068 tum
2602 4985 2867 5044 aliorum
2903 4991 3126 5068 _eertas
3192 4987 3496 5064 quasdam
3539 4985 3691 5068 sim-

357 5063 566 5128 licrum
626 5086 849 5128 vocum
911 5063 1138 5130 classes
1199 5076 1260 5129 et
1321 5067 1682 5128 earumdem
1744 5067 1979 5145 logicas
2039 5063 2469 5127 distinctiones
2531 5066 2708 5144 (quas
2755 5063 3240 5144 praedicamenta
3281 5071 3342 5126 et
3387 5065 3692 5144 praedica-

357 5088 566 5128 ncium
626 5088 849 5128 vocum
911 5088 1138 5130 classes
1199 5088 1260 5129 et
1321 5088 1682 5128 earumdem
1744 5088 1979 5145 logicas
2039 5088 2469 5127 uisuncuones
2531 5088 2708 5144 {quas
2755 5088 3240 5144 preemcamenra
3281 5088 3342 5126 et
3387 5088 3691 5144 praedica-

307 5088 460 5208 gilia
529 5152 781 5226 vocant)
853 5149 1308 5220 deﬁnitionum,
1383 5149 1796 5219 divisionum,
1874 5148 2376 5227 propositionum
2447 5151 2535 5227 ete
2577 5145 3123 5227 praedicationum,
3195 5153 3328 5206 tum
3401 5145 3691 5227 syllogis-

307 5246 553 5288 morum
621 5245 694 5286 ac
754 5225 1016 5288 aliarum
1084 5229 1700 5305 argumentationum
1761 5225 2314 5288 adhtec‘locorum
2371 5225 2574 5286 omnis
2634 5225 2879 5303 generis
2939 5231 3002 5285 et
3044 5227 3314 5305 denique
3359 5225 3694 5305 methodo-

304 5328 440 5368 rum
487 5325 743 5384 genera,
789 5309 1044 5379 formas,
1091 5303 1472 5370 differentias
1534 5313 1967 5384 exceptarunt,
2032 5310 2340 5385 certisque
2401 5305 2640 5384 legibus
2698 5305 3141 5365 astrinxerunt.
3209 5303 3284 5367 Et
3339 5305 3476 5365 haec
3538 5303 3692 5385 arti-

302 5389 525 5450 ﬁcialis
572 5387 1066 5468 logicadicitur,
1112 5391 1280 5468 quod
1325 5388 1508 5449 certis
1552 5388 1925 5464 quibusdam
1975 5384 2298 5466 praeceptis
2339 5387 2417 5446 ad
2463 5404 2655 5445 unum
2701 5385 2890 5444 finem
2949 5385 3237 5468 humano
3289 5385 3503 5468 generi
3561 5384 3690 5468 uti-

303 5471 426 5530 lem
499 5467 930 5546 spectantibus
999 5470 1061 5528 in
1133 5465 1399 5529 l‘ormam
1468 5471 1620 5527 artis
1690 5469 1942 5528 redacta
1980 5465 2101 5528 sit.
2174 5465 2544 5546 Quanquam
2615 5471 2824 5525 autem
2896 5467 3091 5544 aliqui
3162 5467 3350 5527 etiam
3394 5465 3528 5546 sine
3570 5465 3688 5546 hae

305 5557 441 5611 arte
483 5543 690 5627 logica
751 5549 979 5608 eruditi
1040 5555 1102 5608 et
1157 5550 1220 5609 in
1283 5567 1397 5609 sua
1457 5549 1754 5608 facultate
1814 5554 2185 5627 praestantes
2245 5543 2879 5627 viri—reperiantur;
2946 5543 3039 5606 illi
3108 5553 3346 5627 tamen,
3383 5543 3692 5627 quidquid

308 5623 928 5703 habentwdoctrinaa,
993 5629 1326 5706 singularis
1383 5629 1617 5704 ingenii
1677 5623 1980 5690 beneﬁcio
2050 5628 2366 5691 consecuti
2442 5623 2644 5686 sunt:
2710 5626 2897 5704 quale
2955 5644 3098 5687 cum
3159 5623 3453 5689 omnibus
3514 5623 3688 5686 haud

305 5709 663 5791 contigerit,
707 5711 948 5774 caeteris
1006 5709 1143 5772 haec
1182 5728 1284 5773 ars
1324 5708 1531 5790 logica
1588 5707 1886 5773 discenda
1927 5715 1989 5774 et
2030 5708 2400 5782 exercenda,
2445 5725 2519 5768 ac
2558 5706 2649 5767 ita
2688 5711 2918 5768 natura
2958 5707 3320 5788 adjuvanda
3360 5712 3477 5770 est.
3525 5707 3683 5770 Cum
