4096 6420
353 439 471 504 677
1052 435 1399 498 EPITOME
1443 438 1751 500 LOGlCA.
1784 469 1863 482 —
1889 436 2111 497 JOAN.
2158 434 2547 498 WEGELINI
2595 435 3040 498 PREFATIO.
3631 437 3753 510 678;

358 567 669 648 imprimis
725 568 820 630 illi
878 569 985 648 qui
1043 587 1141 629 res
1196 569 1329 630 sine
1386 569 1593 648 logica
1651 569 1876 637 sciunt,
1945 574 2012 629 ut
2053 568 2393 647 plurimum
2448 568 2526 628 de
2587 567 2710 628 illis
2769 568 3078 629 duntaxat
3136 569 3392 630 confuse
3444 571 3614 648 quod
3657 571 3746 632 ita

359 650 502 724 sint,
566 668 696 710 non
758 648 945 709 etiam
1009 650 1296 710 distincte
1357 667 1467 710 cur
1527 651 1614 711 ita
1672 650 1796 710 sint
1856 649 2175 728 cognitum
2239 650 2557 708 habeant:
2619 654 2681 708 et
2750 649 3013 727 proinde
3056 650 3119 708 in
3163 668 3276 709 sua
3317 651 3742 729 qualicunque

361 731 621 790 scientia
673 748 1104 808 saepenumero
1164 731 1595 791 inconstantes
1658 732 1801 802 sint,
1867 737 1930 789 et
1990 730 2156 789 facili
2216 729 2432 789 labore
2493 729 2572 788 ad
2636 729 2790 788 alias
2843 729 3170 808 opiniones
3214 730 3439 790 adduci
3483 739 3743 809 queant.

364 811 525 882 Quin
587 815 650 870 et
711 810 830 870 hoc
885 811 1093 889 ipsum
1159 812 1418 883 scilicet,
1485 811 1652 890 quod
1716 811 1916 870 sciant
1971 809 2228 890 aliquid,
2292 813 2447 869 scire
2520 828 2645 869 non
2691 815 2951 887 possunt
2994 811 3126 869 sine
3169 811 3396 888 logica,
3445 829 3571 888 qua
3613 814 3748 872 sola

361 909 475 971 per
517 890 919 950 reﬂexionem
977 892 1314 969 quamdam
1374 893 1600 951 mentis
1660 891 1739 950 ad
1775 908 2050 971 rnormas
2113 889 2346 971 logicas
2408 908 2550 950 vere
2610 890 2848 967 aliquid
2911 908 3024 950 nos
3085 890 3239 950 scire
3283 891 3534 951 scimus.
3567 893 3742 952 Sicut

365 970 531 1032 enim
578 971 730 1030 artis
777 971 1044 1030 nauticae
1085 971 1384 1049 imperiti,
1427 973 1542 1030 etsi
1581 970 1899 1031 interdum
1943 975 2108 1029 recte
2141 970 2466 1051 navigent,
2513 972 2634 1030 hoc
2675 971 2881 1047 ipsum
2944 979 3154 1030 tamen
3216 971 3529 1048 ignorant,
3594 973 3745 1051 quia

362 1051 646 1111 tabulam
692 1051 783 1110 uti
825 1070 1093 1112 norman
1139 1071 1264 1111 non
1310 1052 1695 1130 respiciunt:
1745 1051 1964 1111 eodem
2011 1049 2198 1109 modo
2258 1050 2531 1127 imperiti
2591 1051 2810 1127 logica:
2858 1051 3027 1122 artis,
3097 1052 3344 1110 tametsi
3387 1049 3743 1112 sciant—ali-

367 1131 539 1210 quid,
589 1131 711 1191 hoc
752 1132 957 1210 ipsum
1002 1138 1212 1192 tamen
1257 1151 1322 1192 se
1365 1133 1520 1193 scire
1563 1150 1729 1210 saepe
1773 1150 1898 1190 non
1944 1130 2195 1202 sciunt;
2262 1137 2595 1209 propterea
2656 1131 2822 1208 quod
2882 1131 3204 1190 scientiam
3248 1150 3425 1191 suam
3472 1137 3606 1193 arte
3664 1133 3750 1193 lo-

365 1214 504 1292 gica
547 1212 875 1290 explorare
917 1218 1370 1292 nonpossunt.
1784 1291 1830 1292 77
1888 1289 1899 1292 _
1950 1290 1986 1292 μ
2068 1290 2079 1292 _
2179 1291 2187 1292 ί
2506 1290 2513 1292 _
2660 1291 2669 1292 γ
2756 1289 2767 1292 _
2910 1289 2919 1292 Α
2970 1290 2981 1292 Α
3144 1289 3159 1292 Α
3215 1291 3221 1292 7
3590 1244 3592 1246 '

449 1294 601 1364 Quae
630 1289 784 1351 "cum
815 1292 902 1352 ita
945 1311 1007 1351 se
1052 1289 1351 1365 habeant,
1401 1299 1459 1352 et
1503 1292 1637 1353 haec
1680 1289 2024 1350 artiﬁcialis
2060 1290 2426 1370 logicapro
2469 1289 2774 1370 singulari
2815 1289 2926 1350 Dei
2968 1289 3269 1350 beneﬂcio
3326 1292 3748 1368 agnoscenda,

369 1378 430 1433 et
470 1372 735 1451 proinde
781 1391 906 1432 non
968 1373 1426 1432 contemnenda
1483 1381 1592 1433 aut
1646 1369 2139 1451 intermittenda,
2201 1369 2309 1429 sed
2360 1371 2575 1449 magni
2638 1371 2922 1431 facienda
2978 1378 3039 1430 et
3080 1371 3144 1430 in
3189 1371 3416 1431 scholis
3459 1371 3758 1433 discenda

371 1450 511 1528 esti;
559 1453 640 1512 ab
680 1453 792 1512 illo
852 1453 1162 1530 imprimis
1233 1453 1341 1532 qui
1401 1471 1540 1514 eam
1604 1453 1838 1530 optime
1901 1450 2194 1532 tradidit.
2241 1451 2379 1532 Qui
2417 1453 2669 1530 quidem
2714 1458 2826 1522 est,
2879 1451 3196 1511 communi
3237 1451 3428 1512 etiam
3471 1454 3756 1512 omnium

371 1533 656 1610 gentium
719 1551 1045 1607 consensu,
1114 1530 1485 1593 miraculum
1546 1532 1704 1592 illud
1766 1537 2029 1600 naturae,
2076 1530 2501 1612 Aristoteles:
2573 1532 2682 1610 qui
2742 1533 2930 1591 etiam
2997 1532 3233 1609 primus
3289 1533 3572 1593 omnium
3626 1532 3763 1612 phi-

373 1613 782 1692 losophorum
857 1620 1055 1674 artem
1126 1613 1292 1673 hanc
1361 1613 1811 1691 perfectissime
1880 1611 2141 1686 invenit,
2213 1611 2623 1690 conscripsit,
2697 1613 2928 1692 docuit.
2964 1612 3154 1692 iCum
3223 1613 3415 1688 enim,
3489 1619 3558 1673 ut
3624 1611 3760 1692 ipse

367 1691 578 1772 inquit
632 1693 1068 1772 philosophus,
1132 1695 1272 1753 alite
1329 1699 1494 1754 artes
1555 1692 1905 1771 antiquitus
1971 1692 2244 1751 inventae
2304 1692 2599 1770 primum,
2663 1698 2726 1752 et
2793 1691 3020 1772 deinde
3081 1697 3438 1770 temporum
3489 1691 3758 1754 decursu

373 1771 676 1854 paulatim
720 1771 922 1834 auctae
965 1781 1026 1834 et
1068 1777 1362 1853 perfectae
1403 1774 1638 1833 fuerint
1673 1791 1686 1846 ;
1733 1775 1874 1832 aliae
1918 1790 2309 1854 veroinuper
2349 1772 2621 1832 inventae
2666 1771 3048 1854 necuadhuc
3087 1779 3303 1854 auctae
3340 1773 3509 1854 adeo
3570 1781 3759 1852 atque

375 1851 671 1933 perfectae
741 1854 886 1927 sint,
951 1851 1522 1915 sed—absolvendas:
1582 1859 1886 1933 restent;
1921 1870 2022 1912 ars
2081 1853 2286 1930 logica
2345 1870 2459 1912 nec
2520 1872 2558 1912 a
2617 1852 2931 1912 veteribus
2996 1851 3384 1932 philosophis
3444 1855 3592 1914 olim
3648 1851 3760 1914 nec

375 1932 576 2013 nuper
619 1933 699 1994 ab
741 1934 817 1994 iis
860 1936 969 2012 qui
1011 1935 1177 1995 circa
1213 1934 1497 1995 Aristolis
1540 1939 1789 1994 aetatem
1834 1932 2146 2013 vixerunt,
2179 1933 2468 2013 inventa,
2516 1934 2746 1992 nedum
2801 1933 3077 2010 perfecta
3142 1939 3204 1992 et
3265 1934 3556 1994 absoluta
3619 1935 3758 1994 fuit.

375 2012 751 2106 Quanquam
788 2015 988 2106 ‘enim
1058 2015 1274 2106 negari
1314 2034 1486 2106 Anon.
1533 2019 1759 2106 potest,
1797 2012 1985 2106 .quin
2056 2012 2474 2106 Pythagoras,
2521 2015 2725 2106 ‘Zepon
2779 2013 3070 2106 iii-[eatea
3111 2018 3411 2106 Socrates
3438 2021 3530 2106 .et.
3564 2014 3762 2106 Plato,

375 2095 582 2173 logica
624 2094 916 2174 quaedam
960 2095 1333 2156 tradiderint
1365 2113 1379 2168 ;
1427 2100 1496 2155 ut
1536 2093 1844 2173 imprimis
1887 2094 2173 2153 Socrates
2202 2093 2281 2174 ab
2313 2093 2578 2153 artificio
2611 2093 2989 2153 deﬁnitionis
3019 2098 3080 2152 et
3107 2093 3487 2154 inductionis
3513 2094 3768 2155 invento

378 2174 909 2247 commendatur;
957 2175 1172 2235 nullus.
1209 2181 1422 2236 tamen
1464 2193 1679 2235 eorum
1728 2179 1922 2234 totam
1954 2177 2151 2232 artem
2197 2173 2466 2250 logicam
2513 2174 2694 2233 certis
2724 2174 3071 2233 canonibus
3114 2175 3477 2252 complexus
3520 2180 3634 2235 est.
3683 2175 3772 2236 Si-

382 2261 487 2315 cut
528 2259 741 2315 autem
791 2255 899 2334 qui
941 2255 1019 2315 ad
1064 2256 1320 2316 domum
1365 2255 1642 2334 aliquam
1685 2253 2096 2314 extruendam
2140 2252 2313 2329 ligna
2354 2254 2613 2332 aliquot,
2663 2259 2774 2314 aut
2815 2254 3078 2331 lapides,
3127 2259 3237 2314 aut
3279 2261 3587 2316 cmmenta
3628 2273 3773 2315 con-

379 2335 610 2403 ferunt,
659 2353 787 2395 non
831 2339 1165 2415 propterea
1206 2333 2371 2415 domum’construere,imulto_minus
2413 2336 2609 2394 totam
2654 2333 3278 2415 absolvisseidicendi
3319 2342 3486 2406 sunt,
3534 2335 3622 2394 sic
3651 2352 3768 2396 nec

381 2415 492 2489 illi,
542 2415 658 2475 etsi
699 2413 879 2477 utilia
920 2413 1210 2494 quaedam
1253 2421 1569 2494 praecepta
1609 2415 1814 2492 logica
1855 2414 2000 2472 hinc
2050 2413 2195 2494 inde
2253 2413 2672 2486 inculcarunt,
2736 2419 2932 2473 artem
2999 2414 3266 2492 logicam
3327 2415 3768 2494 conscripsisse

385 2503 445 2556 et
489 2495 818 2573 perfecisse
862 2493 1125 2574 putandi
1168 2493 1333 2556 sunt.
1382 2493 1505 2556 Sed
1549 2502 1612 2556 et
1651 2496 1785 2573 ipse
1828 2493 2248 2571 Philosophus
2279 2494 2550 2572 allegato
2583 2495 2718 2555 loco
2748 2496 2978 2554 fatetur
3007 2500 3134 2572 jam
3166 2501 3310 2554 ante
3342 2515 3454 2556 sua
3485 2493 3769 2574 tempora

388 2576 717 2649 exstitisse,
764 2578 870 2655 qui
914 2576 1228 2636 orationes
1289 2577 1368 2635 ad
1410 2575 1925 2653 interrogandum
1989 2581 2168 2650 aptas
2230 2575 2622 2634 tradiderunt
2679 2575 3085 2648 ediscendas;
3153 2594 3258 2635 eos
3321 2577 3615 2636 nimirum
3659 2576 3768 2655 qui

389 2674 461 2716 ex
532 2655 817 2733 litigiosis
877 2656 1405 2734 disputationibus
1467 2663 1776 2734 quaestum
1845 2656 2183 2714 fecerunt:
2260 2673 2474 2715 verum
2537 2655 2725 2714 etiam
2799 2655 2984 2714 simul
3074 2655 3371 2728 afﬁrmat,
3435 2657 3770 2716 institutio-

389 2754 529 2796 nem
574 2754 790 2796 earum
833 2737 1077 2813 Gorgiae
1119 2736 1388 2796 similem
1434 2736 1641 2807 fuisse,
1690 2741 1759 2816 ut
1799 2734 1908 2812 qui
1948 2734 2470 2816 interrogationes
2512 2735 2588 2795 de
2638 2735 2712 2794 iis
2773 2735 2958 2795 rebus
3021 2753 3163 2816 quae
3206 2755 3371 2814 saepe
3427 2737 3492 2795 in
3553 2737 3768 2816 dispu-

389 2817 690 2876 tationem
734 2817 993 2877 veniunt
1035 2817 1468 2896 proponendo,
1517 2835 1642 2875 non
1686 2815 1887 2894 ipsam
1931 2820 2152 2896 artem,
2218 2815 2325 2874 sed
2384 2820 2626 2874 tantum
2699 2833 2774 2875 ea
2833 2833 2973 2892 quae
3034 2815 3114 2874 ab
3177 2821 3310 2876 arte
3373 2815 3770 2894 proficiscun-

389 2903 488 2957 tur
531 2896 953 2970 tradiderint;
1004 2895 1261 2975 perinde
1304 2915 1376 2958 ac
1419 2897 1470 2956 si
1511 2895 1652 2974 quis
1694 2896 1898 2955 omnis
1928 2895 2173 2971 generis
2215 2899 2780 2955 calceamentorum
2843 2895 3087 2974 copiam
3144 2898 3594 2975 suppeditaret,
3659 2898 3766 2957 sed

388 2975 693 3037 rationem
759 2974 1290 3037 conficiendorum
1347 2995 1475 3037 non
1536 2977 1832 3049 doceret;
1900 2974 2008 3053 qui
2066 2975 2388 3053 prodesset
2447 2976 2723 3054 quidem,
2788 2976 2894 3036 sed
2938 2982 3148 3036 tamen
3211 2974 3408 3036 artem
3467 2978 3769 3038 satoriam

389 3056 671 3117 docuisse
731 3056 852 3118 dici
921 3075 1050 3117 non
1107 3063 1337 3136 posset.
1399 3056 1760 3117 Aristoteles
1818 3056 2031 3136 igitur,
2070 3057 2218 3114 artis
2278 3055 2499 3134 logica:
2562 3057 2798 3134 primus
2857 3055 3024 3116 inter
3083 3056 3491 3136 philosophos
3545 3058 3766 3118 inven-

387 3143 505 3208 tor,
552 3136 836 3197 excultor
877 3143 940 3198 et
983 3134 1281 3215 magister
1313 3136 1457 3216 jure
1499 3137 1738 3216 Optimo
1782 3134 2144 3213 agnoscitur
2197 3142 2260 3195 et
2311 3137 2707 3214 praedicatur.
2773 3137 2901 3196 Etsi
2947 3141 3157 3196 autem
3217 3134 3522 3214 Diogenes
3579 3140 3765 3198 Laer-

389 3218 509 3276 tius
571 3217 784 3297 plures
845 3217 924 3276 ab
983 3218 1120 3296 ipso
1182 3218 1376 3278 libros
1430 3218 1666 3295 logicos
1727 3217 2044 3297 confectos
2103 3220 2182 3297 et,
2225 3216 2426 3276 editos
2487 3222 2937 3276 commemorat
3005 3235 3195 3295 quam
3237 3217 3426 3278 hodie
3466 3219 3532 3277 in
3573 3217 3769 3296 ipsius

390 3295 618 3376 Logica
661 3298 788 3358 sive
832 3295 1081 3376 Organo
1125 3299 1493 3376 reperimus,
1539 3298 1606 3357 hi
1653 3303 1864 3357 tamen
1893 3296 2036 3373 ipsi,
2082 3295 2190 3374 qui
2233 3297 2443 3356 divino
2487 3297 2789 3357 beneﬁcio
2832 3297 3133 3357 hactenus
3189 3298 3538 3358 conservati
3598 3295 3767 3374 sunt,

390 3377 580 3438 totius
649 3379 801 3437 artis
880 3375 1102 3454 logicae
1186 3375 1525 3438 maximam
1611 3383 1854 3456 partem
1938 3377 2363 3436 saluberrimis
2461 3377 2790 3456 praeceptis
2881 3375 3399 3457 comprehensam
3496 3378 3770 3456 optimo-

389 3476 508 3535 que
577 3457 795 3518 ordine
865 3457 1170 3534 digestam
1242 3457 1583 3518 continent.
1672 3458 1850 3528 Quod
1920 3475 2069 3516 vero
2143 3475 2181 3516 a
2261 3457 2636 3534 quibusdam
2705 3458 2770 3517 in
2853 3457 3023 3518 hisce
3092 3459 3440 3519 Aristotelis
3509 3458 3770 3536 reliquis

386 3537 561 3597 libris
615 3538 834 3618 logicis
893 3537 1148 3598 uberior
1186 3538 1756 3618 rhypotheticorum
1827 3536 2330 3614 syllogismorum
2397 3544 2459 3618 et
2527 3539 2793 3598 aliarum
2863 3538 3354 3618 compositarum
3425 3557 3767 3616 argumen-

387 3619 720 3688 tationum,
794 3617 1111 3679 divisionis
1179 3617 1329 3678 item
1393 3637 1465 3678 ac
1533 3618 1802 3696 denique
1873 3618 2314 3678 methodornm
2383 3617 2670 3678 doctrina
2738 3617 3150 3690 desideratur,
3219 3618 3496 3679 defectus
3537 3619 3642 3678 ille
3686 3637 3763 3679 ex

387 3697 523 3758 aliis
581 3697 647 3757 in
710 3697 831 3758 hoc
891 3716 1118 3775 genere
1169 3698 1612 3776 praestantibus
1672 3697 1908 3775 logicis,
1975 3697 2083 3775 qui
2149 3697 2419 3757 inventis
2478 3698 2880 3758 Aristotelicis
2947 3699 3129 3758 facile
3187 3699 3425 3777 aliquid
3494 3698 3766 3777 amplius

386 3778 616 3858 addere
679 3785 1040 3857 potuerunt,
1107 3777 1500 3858 compensari
1560 3785 1786 3857 potest.
1851 3777 2244 3856 Quapropter
2304 3779 2477 3838 omni
2537 3778 2721 3838 laude
2783 3778 3132 3856 dignissimi
3191 3787 3335 3840 sunt
3393 3779 3765 3858 interpretes

387 3857 641 3939 Arabes,
719 3858 941 3931 Graeci,
1017 3857 1255 3930 Latini,
1310 3859 1418 3937 qui
1488 3876 1628 3918 cum
1699 3859 1823 3918 alia
1893 3858 2243 3939 Aristotelis
2311 3860 2565 3937 scripta,
2623 3865 2754 3917 tum
2801 3861 2988 3918 etiam
3032 3858 3256 3936 logica,
3304 3860 3534 3939 partim
3565 3857 3766 3938 Spara-

386 3938 622 4016 phrasi,
694 3940 925 4017 partim
988 3941 1233 4016 exegesi
1294 3948 1357 3999 et
1411 3939 1641 3998 fusiore
1703 3938 2156 3999 commentario
2217 3939 2508 3998 omnibus
2556 3939 2944 4016 temporibus
2986 3938 3552 4017 explicare’conati
3595 3947 3762 3999 sunt.

388 4018 510 4098 Sed
553 4037 681 4079 non
741 4019 950 4078 minus
1009 4019 1199 4080 etiam
1243 4037 1420 4079 suam
1481 4018 1737 4078 laudem
1786 4024 2127 4090 merentur,
2186 4019 2294 4097 qui
2363 4038 2437 4078 ex
2508 4019 2726 4096 logicis
2783 4021 3127 4079 Aristotelis
3171 4021 3344 4079 libris
3387 4021 3448 4079 in
3493 4020 3760 4098 gratiam

383 4097 754 4178 discentium
825 4101 1130 4178 epitomas
1202 4105 1264 4159 et
1332 4117 1632 4178 synopses
1699 4104 2129 4171 extraxerunt,
2204 4117 2432 4176 easque
2503 4101 2599 4158 vel
2669 4100 2965 4159 continuo
3036 4100 3338 4159 orationis
3398 4097 3627 4177 genere
3671 4100 3768 4159 vel

382 4177 772 4258 dialogistico
844 4177 941 4240 vel
1011 4180 1201 4240 etiam
1260 4177 1679 4258 quaestionum
1750 4185 1812 4238 et
1880 4178 2356 4256 responsionum
2430 4181 2630 4239 forma
2691 4179 3100 4238 adornarunt.
3175 4181 3449 4251 Quarum
3512 4179 3767 4257 quidem

382 4257 517 4318 aliis
560 4258 806 4319 saeculis
849 4259 1071 4338 major,
1119 4259 1257 4318 aliis
1292 4257 1558 4331 minor;
1606 4260 1713 4318 sed
1759 4266 2007 4338 patrum
2051 4265 2114 4319 et
2164 4276 2423 4319 avorum
2484 4259 2766 4337 proxime
2814 4260 3129 4337 praeterito
3194 4261 3467 4320 maxima
3526 4260 3642 4318 fuit
3703 4265 3767 4320 et

384 4338 571 4398 etiam
643 4357 808 4400 nunc
878 4347 972 4400 est
1042 4341 1271 4418 copia;
1345 4339 1422 4401 de
1492 4339 1720 4416 quibus
1791 4339 2056 4399 aliorum
2128 4346 2258 4400 esto
2295 4339 2624 4418 judicium.
2672 4341 2750 4399 Et
2801 4347 2969 4399 certo
3016 4359 3140 4400 non
3184 4341 3268 4400 ita
3317 4340 3469 4399 mihi
3511 4339 3764 4399 difﬁcile

383 4419 600 4480 fuisset
667 4420 766 4479 vel
835 4437 911 4480 ex
980 4422 1231 4498 Organo
1303 4419 1650 4480 Aristotelis
1719 4419 1816 4479 vel
1888 4419 2240 4479 liberiorem
2306 4419 2672 4480 methodum
2730 4421 3016 4497 sequenti
3058 4438 3184 4480 non
3228 4440 3303 4480 ex
3373 4439 3446 4480 eo
3490 4426 3760 4492 tantum,

387 4499 495 4580 sed
561 4498 750 4560 etiam
821 4518 896 4560 ex
965 4500 1410 4580 interpretibus
1480 4506 1555 4580 et?
1597 4499 1736 4558 aliis
1794 4499 2152 4559 auctoribus
2207 4500 2425 4577 logicis
2479 4500 2667 4559 talem
2727 4501 3003 4578 aliquam
3061 4501 3377 4578 synopsim
3445 4499 3759 4580 colligere.

384 4579 503 4640 Sed
566 4598 708 4639 cum
772 4579 836 4639 in
898 4586 1076 4641 tanta
1137 4581 1442 4641 librorum
1505 4579 1887 4658 ejuscemodi
1951 4580 2369 4640 recentiorum
2440 4581 2621 4654 copia
2689 4598 3216 4657 supervacaneam
3287 4579 3758 4658 quodammodo

383 4677 584 4720 meam
659 4678 920 4739 operam
990 4662 1267 4720 futuram
1338 4659 1838 4732 existimassem;
1921 4665 1984 4719 et
2053 4678 2198 4719 vero
2289 4661 2855 4738 manuscriptorum
2953 4659 3371 4737 quorumdam
3458 4659 3762 4719 librorum

383 4747 661 4820 veterum
753 4742 915 4820 typis
1004 4760 1327 4819 nunquam
1418 4758 1788 4801 excusorum
1881 4741 2272 4800 occasionem
2371 4742 2434 4798 in
2520 4739 3003 4800 instructissima
3089 4741 3449 4818 reipublicae
3538 4746 3764 4800 nostrae

381 4818 961 4881 bibliotheca‘mihi
1003 4818 1283 4882 oblatam
1330 4820 1650 4881 viderem:
1700 4819 1823 4879 huc
1866 4822 2145 4881 animum
2194 4820 2400 4898 potius
2443 4820 2719 4898 applicui
2763 4826 2830 4878 ut
2873 4839 2944 4879 ex
2990 4838 3064 4879 ea
3123 4821 3278 4880 tales
3320 4822 3563 4898 aliquot
3621 4838 3764 4880 cum

385 4900 776 4978 antiquitatis
818 4908 881 4962 et
922 4903 1224 4962 doctrinm
1267 4919 1457 4962 causa
1499 4901 1820 4979 gratiores,
1888 4907 2020 4959 tum
2083 4900 2404 4979 jnventuti
2459 4901 2846 4961 scholasticae
2911 4900 3063 4959 mihi
3122 4901 3471 4961 commissae
3531 4918 3759 4960 conve-

384 4980 723 5042 nientiores
785 4988 847 5041 et
910 4983 1188 5043 utiliores
1255 5000 1538 5042 eruerem
1601 4987 1664 5041 et
1725 4981 2215 5059 proferrem,~in
2292 4981 2573 5040 Latinam
2645 4981 2923 5058 linguam
2993 4988 3420 5041 converterem
3491 4985 3554 5040 et
3594 4998 3763 5040 com-

386 5062 706 5122 mentariis
748 5061 812 5121 in
875 5062 1150 5122 tironum
1215 5081 1395 5122 usum
1457 5062 1864 5122 declararem.
1930 5062 2140 5131 Qualis
2201 5061 2390 5121 etiam
2454 5069 2547 5120 est
2607 5061 2742 5120 haec
2805 5059 3136 5138 Nicephori
3191 5060 3550 5121 Biemmidae
3615 5061 3763 5139 Epi-

383 5145 547 5202 tome
593 5141 816 5220 logica,
865 5161 1053 5221 quam
1102 5161 1179 5204 ex
1222 5151 1495 5221 quatuor
1539 5142 1978 5219 manuscriplis
2021 5142 2338 5202 codicibus
2398 5141 2795 5201 bibliothecae
2859 5148 3086 5201 nostrae
3148 5143 3414 5218 publica:
3474 5141 3637 5200 inter
3698 5159 3763 5203 se

383 5221 628 5302 collatis
671 5223 911 5302 optima
954 5223 1076 5284 fide
1119 5223 1438 5301 descripsi,
1487 5223 1770 5282 Latinam
1816 5222 1955 5294 feci,
2002 5227 2063 5281 et
2105 5222 2356 5282 scholiis
2401 5240 2540 5280 cum
2587 5221 2910 5298 analytii-is
2963 5227 3094 5280 tum
3156 5221 3761 5302 exegeticisﬁpriva-

385 5301 490 5360 tim
563 5301 897 5371 declaravi,
973 5310 1036 5363 et
1091 5303 1227 5382 jam
1297 5305 1485 5363 etiam
1556 5303 1634 5361 ad
1696 5321 2094 5362 communem
2147 5303 2428 5362 omnium
2475 5302 2582 5379 qui
2628 5302 2717 5360 uti
2759 5302 2979 5360 volunt
3020 5309 3082 5361 et
3127 5310 3387 5380 possunt
3431 5301 3766 5382 utilitatem

380 5383 587 5442 Graece
631 5385 870 5461 primus
913 5385 1052 5444 edo.
1102 5388 1250 5456 Quae
1295 5402 1444 5444 sane
1487 5383 1686 5442 tribus
1730 5383 2041 5460 praecipue
2086 5383 2162 5442 de
2205 5382 2408 5442 causis
2451 5383 2634 5441 debet
2678 5382 2966 5441 omnibus
3008 5383 3468 5460 antiquioribus
3511 5387 3572 5441 et
3613 5381 3761 5441 soli-

380 5462 570 5522 dioris
640 5469 702 5523 et
771 5465 1122 5526 sincerioris
1192 5463 1608 5543 philosophiae
1697 5464 1988 5523 studiosis
2074 5481 2206 5523 esse
2287 5461 2943 5543 commendatissima,
3002 5463 3300 5543 Primum
3381 5463 3548 5522 enim
3637 5479 3765 5543 non

381 5545 622 5602 tantum
688 5561 1086 5606 communem
1152 5541 1368 5623 logicaa
1437 5541 1680 5623 partem
1739 5544 2118 5616 universam,
2183 5562 2322 5622 quae
2385 5548 2477 5602 est
2520 5543 2613 5623 de
2659 5542 3181 5620 praedicabilibus,
3232 5541 3762 5623 praedicamentis,

373 5621 1374 5705 propositionibus,syllogismis
1408 5621 1457 5697 ;‘
1496 5624 1606 5705 sed
1664 5624 1852 5705 etiam
1922 5621 2273 5705 doctrinam
2344 5622 2724 5705 deﬁnitionis
2791 5621 3610 5705 et_divisionis’,ﬂitemque
3679 5621 3756 5682 de

375 5641 934 5765 proppsinomnus,
996 5641 1421 5705 syllogismis;
1496 5641 1606 5684 seu
1664 5641 1852 5683 euam
1922 5641 2273 5684 doctrinam
2344 5641 2724 5683 aenmuoms
2791 5641 2853 5681 et
2920 5641 3263 5698 dmsioms,
3335 5641 3610 5700 itemque
3679 5641 3756 5682 ae

375 5720 488 5784 sop
541 5702 732 5785 'sti_cis
774 5703 1050 5767 elenchis
1094 5705 1188 5785 (ut
1228 5711 1501 5785 taceam_
1532 5703 1892 5785 doctissima
1949 5703 2423 5785 prolegomena)
2490 5721 2568 5763 ex
2629 5701 2942 5785 sententia
2996 5704 3348 5785 Aristotelis
3405 5700 3760 5785 perspicere

375 5781 469 5846 et'
505 5783 860 5851 methodice
925 5781 1158 5868 genere
1239 5783 1541 5850 orationis
1607 5784 1846 5867 optimo
1916 5781 2212 5868 eiplicat,
2281 5781 2624 5866 omnesque
2692 5783 2927 5866 passim
2994 5783 3332 5862 divisiones
3399 5781 3761 5865 propositas
