4096 6428
344 453 461 515 679
1587 446 2007 509 NICEPHORI
2052 447 2487 511 BLEMMleE
3617 453 3738 514 680

340 585 694 666 synopticis‘
747 580 979 666 tabulis
1048 597 1172 640 uno
1239 578 1710 666 quasi__i_ntuitu
1783 581 2255 666 conspiciendas
2323 583 2609 666 exhibet.
2676 584 2908 644 Deinde
2980 603 3128 666 vero
3203 584 3390 646 etiam
3456 585 3733 664 impera-

339 659 596 741 tori,'ut
637 663 864 723 diserte
905 663 970 720 in
1013 665 1320 739 proamio
1403 659 1630 720 dicitur
1673 668 1733 720 et
1779 659 2007 739 pagina
2050 664 2237 722 etiam
2307 668 2423 723 182
2485 664 2818 736 indicatur,
2878 665 3172 724 nimirum
3219 672 3288 725 ut
3332 685 3408 725 ex
3455 659 3730 726 historiis

338 767 461 807 non
507 745 692 805 dubie
721 741 1070 824 colligitur,
1117 741 1346 824 Joanni
1381 743 1600 824 Duca,
1665 745 2020 824 (iracorum
2087 743 2336 802 Nicano
2397 745 2688 820 rllrientis
2749 746 2914 804 enim
2978 747 3310 824 imperium
3377 754 3509 805 tum
3572 747 3734 806 divi-

332 846 470 888 sum
514 822 739 902 fuerat)
781 821 1143 904 imperatori
1187 829 1249 881 et
1290 820 1540 898 quidem
1570 822 1778 904 ipsius
1815 823 1994 899 jussu
2039 831 2182 882 ante
2227 842 2426 882 annos
2468 827 2584 884 371.)
2629 826 2873 885 circiter
2905 820 3103 903 logica
3135 828 3405 904 epitome
3436 829 3729 887 confecta

332 908 470 967 fuit.
518 906 694 976 Quod
723 900 916 985 enim
950 900 1146 985 aliqui
1178 909 1506 985 auctorem
1569 902 1755 979 hujus
1798 904 2102 985 epitomes
2147 904 2434 962 Michaeli
2499 906 2699 964 Psello
2763 900 3149 966 coaetaneum
3177 900 3470 977 “faciunt,
3536 926 3726 985 quem

329 1005 495 1048 anno
538 984 767 1066 Christi
812 984 963 1066 1057
1011 983 1600 1066 ﬂoruisseconstat,
1647 983 1964 1060 quomodo
2006 983 2143 1061 ipsa
2186 985 2458 1062 epitome
2505 986 2705 1063 logica
2748 987 2826 1045 ab
2871 988 3051 1046 annis
3111 990 3230 1047 550
3292 989 3523 1066 scripta
3558 983 3725 1047 fuis-

329 1075 444 1139 set,
492 1085 635 1126 cum
679 1064 954 1124 historiis
996 1081 1111 1140 ego
1155 1061 1485 1124 conciliare
1559 1082 1682 1122 non
1715 1143 1723 1145 _
1752 1079 2025 1145 possum,
2098 1061 2241 1141 quae
2308 1061 2626 1125 auctorem
2696 1067 2891 1144 ipsius
2961 1067 3022 1125 in
3093 1075 3376 1145 tempore
3415 1061 3728 1128 —Joannis

328 1151 515 1209 Duca
585 1146 920 1227 collocant,
979 1145 1090 1227 qui
1145 1145 1602 1227 circa‘annum
1640 1143 1890 1227 _Ghristi
1953 1146 2108 1227 1230
2169 1163 2380 1227 rerum
2441 1143 2792 1206 Gracaru’m
2859 1148 3092 1226 potitus
3154 1143 3266 1208 est.
3316 1151 3401 1206 Ac
3444 1148 3722 1227 denique

329 1235 650 1289 auctorem
721 1226 912 1285 habet
982 1223 1266 1302 Epitome
1337 1223 1470 1281 hac
1529 1222 1734 1299 logica
1805 1223 2224 1302 Nicephorum
2319 1226 2754 1295 Blemmidem,
2849 1222 3046 1286 virum
3135 1234 3196 1287 et
3281 1222 3720 1288 doctissimum

329 1316 392 1369 et
458 1305 1269 1387 religiosissimum,_cujus
1323 1303 1504 1387 apud
1551 1303 1902 1387 historicos
1973 1305 2067 1363 sui
2137 1307 2436 1383 temporis
2505 1307 2942 1367 honestissima
3033 1308 3224 1387 passit
3311 1308 3380 1366 fit
3454 1310 3722 1369 mentio.

326 1389 439 1448 Hic
479 1381 645 1448 enim
690 1405 831 1447 cum
875 1385 990 1444 sub
1031 1381 1276 1445 Joanne
1321 1386 1490 1442 Duca
1531 1381 1606 1442 de
1651 1401 1956 1444 consensu
2001 1387 2230 1444 Graca
2268 1381 2351 1444 _et
2411 1388 2646 1447 Latina
2713 1388 3002 1447 Ecclesia
3033 1381 3376 1464 'ageretur,
3439 1390 3638 1449 multa
3691 1409 3726 1450 e

328 1469 520 1529 sacris
580 1468 802 1527 litteris
860 1465 1218 1548 testimonia
1279 1464 1552 1540 collegit,
1617 1483 1758 1542 qua
1818 1465 2184 1548 Latinorum
2242 1465 2477 1548 dogma
2537 1468 3012 1528 conﬁrmarunt.
3079 1469 3191 1527 Hic
3253 1471 3566 1529 Germano
3614 1488 3724 1548 pa-

329 1548 607 1609 triarcha
647 1547 952 1608 exstincto
999 1545 1237 1628 Nicaea,
1288 1563 1412 1628 quo
1459 1548 1618 1628 post_
1639 1551 1890 1628 captam
1934 1545 2542 1628 Constantinopolim
2587 1566 2624 1606 a
2667 1549 2899 1607 Latinis
2954 1549 3129 1608 sedes
3172 1549 3281 1608 illa
3344 1545 3721 1628 aliquandiu

332 1629 634 1689 translata
677 1628 815 1700 fuit,
863 1630 1118 1705 propter
1160 1625 1539 1702 singularem
1583 1623 1932 1707 doctrinam
1991 1632 2053 1685 et
2115 1623 2409 1703 pietatem
2478 1646 2796 1688 successor
2839 1629 3281 1689 denominatus
3323 1623 3469 1701 esti
3513 1649 3720 1707 quan-

331 1728 521 1789 quam
591 1708 735 1768 vita
797 1707 1116 1789 quietioris
1177 1722 1393 1789 amore
1455 1723 1681 1764 munus
1743 1705 2025 1764 oblatum
2078 1707 2418 1789 iecusavit.
2503 1709 2612 1768 Hic
2674 1709 3082 1768 Marcesinam
3155 1710 3461 1787 pellicem,
3534 1705 3723 1787 cujus

330 1785 1190 1865 consuetudine—imperator
1259 1788 1462 1846 Ducas
1527 1804 1674 1844 usus
1742 1792 1854 1857 est,
1930 1785 2293 1862 posthabita
2365 1806 2557 1847 uxore
2639 1789 3010 1861 Alemanna,
3101 1785 3408 1849 Manfredi
3495 1785 3723 1850 Sicilia

330 1871 494 1949 regis
534 1887 767 1942 sorore,
819 1871 1023 1938 Anna,
1069 1884 1282 1946 quam,
1332 1866 1538 1942 priore
1598 1865 1868 1949 conjuge
1927 1868 2108 1949 lrene
2171 1867 2506 1949 Theodosii
2567 1870 2849 1949 Lascaris
2892 1870 3021 1929 filia
3062 1869 3376 1942 defuncta,
3426 1869 3721 1944 duxerat,

332 1947 567 2030 templo
613 1969 650 2009 a
693 1968 756 2009 se
800 1952 1113 2030 exstructo
1156 1949 1604 2030 ingressu_ram_
1643 1947 1922 2030 exclusit.
1990 1947 2176 2006 Nefas
2237 1947 2400 2006 enim
2465 1947 2794 2030 judicabat
2861 1949 3164 2009 nefariam
3229 1957 3292 2009 et
3333 1950 3722 2028 impudicam

331 2025 656 2090 mulierem
729 2028 1007 2108 profanis
1073 2034 1133 2087 et
1203 2025 1641 2108 consceleratis
1712 2026 1972 2108 pedibus
2041 2045 2323 2108 sacrum;
2360 2029 2786 2105 pavimentum
2861 2030 3101 2089 calcare
3172 2047 3314 2089 cum
3369 2025 3538 2107 prius
3582 2049 3721 2090 eam

333 2118 460 2172 tam
505 2105 954 2188 lingua'quam
994 2108 1236 2188 calamo
1282 2105 1701 2188 redarguisset
1743 2107 2019 2188 sapius;
2075 2107 2211 2188 qui
2245 2106 2433 2166 etiam
2497 2109 2648 2168 nihil
2713 2109 2790 2168 de
2852 2109 2971 2169 hoc
3032 2109 3111 2168 ab
3172 2105 3553 2188 imperatore
3598 2111 3719 2170 sibi

333 2186 826 2269 metuitfquem
899 2187 1104 2267 pellex
1177 2193 1479 2266 praetextu
1555 2186 1716 2269 lasa
1791 2186 2132 2269 majestazis
2199 2187 2619 2266 imperatoriae
2684 2190 2762 2248 ad
2825 2189 3166 2250 vindictam
3230 2186 3450 2249 contra
3511 2191 3720 2268 ipsum

331 2267 718 2343 incitaverat,
794 2269 1022 2328 frustra
1084 2274 1353 2349 tamen:
1437 2269 1606 2349 quod
1667 2267 2222 2349 ipse_imperatori
2271 2269 2521 2327 tandem
2595 2276 2916 2348 peccatum
2987 2289 3167 2328 suum
3240 2267 3586 2349 agnoscens
3658 2278 3724 2331 et

331 2351 634 2412 conﬁtens
676 2350 740 2409 in
802 2349 1119 2408 hominem
1157 2348 1399 2424 justum
1469 2352 1531 2406 et
1591 2346 1748 2407 bene
1809 2347 1885 2405 de
1947 2366 2012 2407 se
2075 2348 2364 2406 meritum
2427 2346 2610 2408 salva
2661 2351 3041 2410 conscientia
3104 2350 3257 2409 nihil
3291 2346 3523 2410 'moliri
3567 2351 3720 2412 mali

332 2451 536 2511 neque
580 2437 788 2510 posset
830 2447 1032 2506 neque
1055 2428 1281 2511 uvellet.
1331 2428 1439 2511 His
1482 2427 1777 2511 nimirum
1823 2428 1900 2487 de
1943 2428 2144 2488 causis
2188 2428 2522 2511 Nicephori
2586 2431 2947 2511 Blemmida
2993 2431 3112 2490 ista
3174 2430 3377 2507 logica
3433 2431 3723 2508 Epitome

338 2507 601 2572 chariof
643 2517 704 2571 et
746 2508 1240 2569 commendatior
1281 2507 1464 2567 nobis
1507 2526 1639 2567 esse
1683 2507 1890 2579 debet,
1936 2514 2008 2567 ut
2049 2514 2112 2568 et
2153 2508 2278 2567 alia
2321 2511 2456 2584 ejus
2498 2510 2728 2588 scripta
2794 2529 2933 2587 qua
2991 2511 3199 2570 adhuc
3253 2514 3318 2570 in
3378 2507 3720 2572 bibliothe-

331 2592 419 2652 cis
462 2591 656 2653 Italia
700 2589 1068 2669 prasertim,
1117 2595 1515 2669 asservantur
1551 2605 1564 2658 ;
1613 2588 2118 2669 exuquibusego
2160 2589 2347 2648 etiam
2393 2591 2715 2667 physicam
2774 2591 2940 2650 illius
2983 2592 3314 2669 Epitomen
3357 2591 3616 2669 triginta
3658 2597 3722 2653 et

333 2674 518 2733 unius
561 2667 1392 2751 gravissimorumhcapitum
1437 2668 1501 2727 in
1547 2667 1838 2751 manibus
1884 2667 2084 2751 habeo
2127 2675 2191 2728 et
2224 2669 2631 2751 interpretor.

411 2748 852 2823 Tibi'autem,
926 2748 1310 2810 nobilissime
1367 2754 1442 2829 iet
1510 2749 1936 2826 acceptissime
2006 2749 2123 2821 vir,
2204 2749 2458 2808 domine
2542 2749 2883 2829 plurimum
2969 2750 3360 2823 honorande,
3451 2750 3720 2828 logicam

331 2833 494 2893 hanc
560 2831 705 2892 ilius
773 2828 1466 2911 Epitomeniinscribo‘,
1541 2834 1875 2911 propterea
1944 2829 2114 2907 quod
2185 2831 2374 2889 etiam
2445 2828 2576 2911 de;
2609 2830 2780 2889 libris
2871 2829 3179 2906 ejusmodi
3248 2830 3704 2910 philosophicis

331 2919 392 2974 et
461 2912 780 2974 laboribus
824 2908 1236 2972 scholasticis
1304 2909 1531 2968 rectius
1592 2908 1876 2986 judicare
1949 2916 2172 2988 potes;
2248 2915 2317 2968 ut
2385 2910 2492 2988 qui
2555 2909 2689 2987 jam
2761 2928 2799 2968 a
2869 2912 3080 2970 multis
3150 2911 3332 2970 annis
3387 2912 3448 2970 in
3502 2908 3721 2972 nostra

331 2993 652 3074 republica
719 3011 849 3074 non
918 2997 1164 3074 tantum
1236 2996 1488 3074 senator
1554 2989 1664 3048 sed
1734 2990 1921 3049 etiam
1992 2989 2361 3049 scholarcha
2423 2991 2633 3074 fueris.
2711 2991 2965 3051 Accedit
3020 2991 3176 3074 huc,
3236 2991 3405 3068 quod
3448 3009 3590 3074 cum
3636 2992 3719 3052 ab

330 3069 489 3147 aliis,
538 3079 670 3134 tum
715 3072 778 3132 in
861 3071 1082 3150 primis
1165 3088 1203 3130 a
1284 3069 1540 3130 domino
1630 3087 1766 3129 meo
1855 3087 2068 3130 socero
2148 3076 2290 3129 tuus
2360 3088 2510 3147 erga
2581 3071 2818 3130 litteras
2889 3077 2949 3130 et
3019 3071 3366 3130 litterarum
3439 3072 3714 3132 cultores

328 3154 664 3232 singularis
692 3171 871 3213 amor
900 3151 1055 3211 mihi
1085 3150 1313 3229 sapius
1336 3150 1816 3232 commendatus
1846 3150 1983 3210 fuit.
2019 3155 2278 3232 Aecum
2310 3168 2436 3209 non
2485 3150 2574 3232 ita
2618 3150 2860 3229 pridem
2894 3151 2970 3232 in
3010 3152 3297 3232 ecclesia
3339 3153 3719 3230 evangelica

333 3229 716 3306 curvatorum,
754 3233 1126 3311 collegiique
1157 3230 1352 3290 nostri
1399 3229 1979 3290 administratorum
2027 3230 2310 3290 ordinem
2354 3231 2638 3290 omnium
2689 3231 3146 3310 approbatione
3193 3232 3425 3292 electus
3474 3229 3714 3292 fueris:

331 3316 452 3376 hac
483 3333 622 3375 mea
650 3313 1120 3392 nuncupatione
1149 3330 1276 3370 non
1308 3311 1658 3392 tantumde
1692 3329 1946 3370 munere
1992 3311 2361 3392 gravissimo
2409 3311 2644 3384 oblato,
2701 3314 2802 3390 pie
2849 3311 3180 3389 gratulari,
3240 3312 3348 3372 sed
3396 3313 3460 3371 in
3500 3313 3719 3392 primis

332 3396 521 3456 etiam
553 3411 756 3454 meam
781 3390 1292 3471 obedientiamet
1320 3390 1771 3468 subjectionem
1805 3391 2020 3451 testari
2047 3391 2238 3450 volui.
2271 3393 2474 3450 Tanta
2519 3392 2707 3451 etiam
2758 3397 2866 3450 tua
2911 3392 3263 3471 amplitudo
3319 3399 3434 3464 est,
3488 3390 3558 3452 ut
3601 3393 3716 3452 ad-

329 3493 545 3537 versus
572 3473 1100 3544 obtrectatores,si
1121 3470 1230 3550 qui
1257 3471 1698 3542 erunt,|ibrum
1731 3471 1897 3531 hunc
1927 3471 2076 3531 satis
2105 3471 2265 3531 tueri
2294 3472 2512 3550 possit.
2545 3474 2702 3532 Eum
2747 3471 2938 3549 igitur
2986 3470 3053 3532 ut
3083 3473 3146 3531 in
3196 3473 3516 3533 meliorem
3565 3492 3714 3551 par-

327 3561 455 3618 tem
485 3555 786 3616 benevole
816 3554 1101 3632 accipiat,
1138 3559 1201 3612 et
1244 3570 1341 3612 me
1371 3551 1486 3611 sibi
1518 3553 2024 3628 commendatum
2057 3552 2290 3612 habere
2320 3552 2633 3629 dignetur,
2669 3554 2973 3627 majorem
3006 3553 3070 3612 in
3103 3553 3358 3612 modum
3391 3571 3564 3630 rogo.

404 3637 629 3696 Datum
661 3635 726 3694 in
751 3635 1036 3712 collegio,
1072 3637 1367 3710 Augusta
1401 3633 1881 3708 Vindelicorum,
1932 3636 2006 3692 25
2054 3632 2432 3704 Decembris,
2458 3651 2590 3712 quo
2621 3633 2721 3692 die
2752 3632 2942 3692 Filius
2972 3633 3082 3693 Dei
3111 3638 3255 3693 ante
3309 3651 3509 3693 annos
3555 3635 3710 3692 1604

323 3721 583 3795 propter
611 3734 726 3775 nos
754 3724 816 3775 et
843 3711 1120 3774 nostram
1151 3713 1433 3795 salutem
1452 3712 1640 3795 homo
1671 3719 1855 3772 natus
1882 3719 1995 3785 est,
2031 3713 2140 3795 qui
2164 3718 2425 3795 propter
2455 3711 2619 3795 hanc
2649 3714 2849 3790 ipsam
2881 3732 3058 3772 suam
3110 3713 3498 3795 nativitatem
3554 3720 3708 3774 Am-

321 3792 616 3874 plitudini
655 3798 828 3869 Tua,
859 3795 1098 3873 totique
1127 3795 1260 3872 ejus
1288 3792 1540 3854 familia
1571 3811 1806 3854 annum
1837 3812 2070 3854 novum
2101 3793 2343 3853 felicem
2373 3811 2506 3853 esse
2535 3793 2874 3854 clementer
2902 3794 3226 3854 concedat.
3277 3795 3500 3854 Amen.

1434 3978 1772 4060 Amplitud.
1813 3980 1952 4041 Tua
1979 3980 2386 4042 observantiss.
2421 3979 2508 4040 M.
2541 3980 2637 4040 J0.
2670 3982 3062 4053 WEGELINUS,
3104 3980 3508 4060 Augustanus.

1020 4425 1565 4523 LECTORI
1626 4424 2310 4522 BENEVOLO
2383 4425 3010 4522 SALUTEM.

398 4816 559 4876 Usus
588 4833 752 4886 sum,
785 4813 982 4874 amice
1013 4815 1232 4885 lector,
1265 4818 1538 4891 quatuor
1567 4813 2009 4892 manuscriptis
2038 4813 2356 4874 codicibus
2399 4812 2795 4872 bibliotheca
2849 4816 3231 4890 Augustana
3261 4809 3325 4892 in
3357 4809 3476 4892 hac
3508 4808 3717 4887 logica

319 4893 652 4972 Nicephori
693 4895 1055 4955 Blemmida
1100 4890 1388 4972 Epito’me
1418 4893 1827 4954 describenda
1858 4890 1918 4954 et
1947 4895 2346 4954 conferenda.
2384 4893 2650 4953 Proinde
2681 4911 2818 4952 eam
2850 4911 2925 4952 ex
2957 4899 3175 4952 mutua
3204 4890 3539 4972 collatione
3569 4908 3715 4972 per:

316 4971 636 5034 fectiorem
669 4975 809 5045 edo,
858 4994 1046 5054 quam
1091 4971 1362 5034 in’nullo
1389 4980 1482 5033 est
1513 4974 1898 5051 singulorum
1949 4974 2224 5034 illorum.
2279 4973 2556 5034 Subinde
2603 4974 2767 5033 enim
2817 4992 2976 5032 unus
3022 4972 3206 5032 alteri
3236 4971 3566 5054 succurrit,
3614 4971 3715 5030 vel

324 5053 556 5114 omissa
584 5051 993 5130 restituendo,
1027 5056 1126 5114 vel
1157 5072 1486 5133 perperam
1518 5056 1750 5132 scripta
1779 5055 2171 5132 corrigendo.
2207 5057 2357 5126 Qua
2389 5061 2598 5113 autem
2647 5054 2711 5112 in
2746 5071 2868 5114 uno
2916 5055 3196 5124 deerant,
3237 5051 3354 5133 sed
3403 5051 3466 5109 in
3512 5051 3711 5111 altero

315 5133 810 5211 reperiebantur,
845 5135 897 5195 si
927 5131 1179 5214 quidem
1212 5131 1291 5195 ad
1322 5131 2098 5212 sententia’integritatem
2133 5136 2442 5214 pertinere
2473 5135 2601 5193 visa
2633 5142 2800 5206 sunt,
2836 5134 3202 5212 simpliciter
3232 5131 3297 5214 in
3323 5136 3714 5214 contextum

314 5215 623 5293 assumpsi
655 5232 669 5273 :
706 5235 843 5296 qua
872 5212 1020 5296 vero
1051 5216 1200 5275 talia
1229 5220 1427 5286 erant,
1462 5221 1530 5274 ut
1558 5216 1654 5274 vel
1684 5216 1869 5274 etiam
1903 5215 2118 5275 abesse
2134 5212 2333 5292 posse
2362 5215 2745 5285 viderentur,
2778 5215 2954 5274 uncis
2985 5213 3279 5296 quadrati
3311 5212 3581 5296 formam
3613 5229 3712 5272 re-

313 5292 843 5376 prasentantibus
871 5295 1116 5356 inclusi.
1141 5297 1412 5376 Tabulas
1442 5296 1807 5376 synopticas
1833 5315 1973 5373 qua
2003 5296 2066 5355 in
2098 5296 2344 5356 duobus
2370 5296 2808 5374 manuscriptis
2831 5295 3148 5376 codicibus
3169 5293 3253 5376 ad
3268 5292 3504 5376 calcem
3529 5297 3712 5376 erant

312 5372 531 5438 omnes
559 5375 746 5436 simul
775 5375 1060 5453 adjecta,
1093 5394 1212 5454 ego
1243 5375 1369 5435 suis
1397 5372 1706 5455 capitibus
1737 5375 1815 5434 ad
1847 5372 1986 5453 qua
2019 5377 2439 5454 pertinebant,
2475 5372 2754 5436 seorsum
2787 5375 3046 5453 adjunxi
3073 5393 3087 5446 ;
3127 5381 3193 5433 ut
3239 5373 3304 5432 in
3351 5373 3476 5432 illis
3528 5372 3710 5455 quasi

312 5474 441 5518 uno
470 5456 754 5518 contuitu
785 5452 1115 5536 praecipua
1145 5452 1493 5516 divisiones
1510 5455 1572 5514 in
1605 5452 1886 5533 singulis
1916 5452 2225 5535 capitibus
2279 5457 2815 5536 conspicerentur.
2869 5452 2974 5517 Sic
3022 5473 3171 5533 ergo
3220 5460 3454 5536 tecum,
3505 5452 3704 5512 amice

312 5539 533 5613 lector,
564 5534 897 5617 Epitomen
929 5534 1388 5617 hanclogicam
1420 5536 1924 5617 eruditissimam,
1958 5534 2040 5608 et,
2074 5543 2144 5596 ut
2171 5555 2376 5616 spero,
2430 5534 2557 5596 non
2604 5536 2917 5614 ingratam
2967 5534 3363 5617 communico
3393 5552 3407 5605 ;
3460 5551 3535 5593 ex
3584 5549 3708 5610 qua

311 5619 461 5698 quid
488 5616 854 5699 promittere
885 5617 998 5677 tibi
1026 5616 1278 5699 debeas,
1311 5616 1690 5699 en_brevi_ter
1712 5617 2113 5699 singulorum
2139 5617 2799 5699 capitum,_q_ua_sunt
2846 5616 3286 5699 quadraginta,
3334 5617 3708 5693 argumenta

309 5695 548 5780 accipe.
580 5699 792 5780 Prima
816 5699 941 5759 duo
971 5698 1181 5778 capita
1208 5703 1354 5780 sunt
1381 5697 1458 5780 de
1487 5695 1852 5780 definitione
1883 5703 1944 5780 et
1974 5697 2277 5780 divisione
2303 5715 2318 5772 ;
2365 5696 2776 5780 nobilissima
2802 5697 3080 5780 profecto
3128 5696 3367 5780 capita,
3411 5700 3500 5780 et_
3523 5699 3704 5780 tanto

306 5773 508 5870 pluris
529 5779 818 5846 facienda
863 5773 1105 5862 quanto
1167 5777 1374 5840 minus
1414 5777 1493 5841 de
1536 5775 1683 5853 illis,
1732 5778 1811 5840 de
1865 5777 2169 5841 divisione
2215 5779 2281 5840 in
2329 5777 2546 5860 primis
2593 5776 2694 5861 (de
2742 5773 3103 5841 deﬁnitione
3155 5773 3324 5839 enim
3350 5775 3419 5838 in
3450 5773 3709 5856 Topicis
