4096 6426
332 430 442 488 681
1032 429 1384 491 ΕΡΙΤΟΜΕ
1427 430 1735 491 LOGICA.
1769 462 1846 474 —
1874 429 1949 489 JC

2144 428 2531 490 WEGELINI
2577 428 3018 489 PRIEFATIO.
3614 430 3728 488 682

334 561 773 642 Γ6ρ6τὶιιιι·,ιιι
801 567 1170 642 argumenta
1201 562 1609 642 suppeditat),
1642 562 1721 622 ai)
1775 562 2103 622 Aristotele
2131 561 2193 620 in
2243 563 2380 622 loco
2413 569 2504 622 est
2559 566 3036 639 pertractatum.
3073 561 3289 632 Quoad
3321 560 3607 620 ordinem
3638 566 3729 622 ta-

339 658 505 716 men,
541 641 792 710 rectius,
828 641 1243 720 meojudicio,
1276 643 1384 701 illa
1440 641 1628 720 capiti
1657 647 1732 702 25
1765 642 2334 720 subjungerentur;
2373 643 2540 719 quod
2573 644 2704 702 sine
2762 643 3128 702 deﬁnitione
3157 648 3218 701 et
3249 641 3554 701 divisione
3583 643 3726 701 doc-

339 721 508 781 trina
537 721 1032 798 praadicabilium
1065 727 1127 782 et
1155 722 1784 800 przedicamentorum
1815 723 2039 782 melius
2089 723 2248 781 tradi
2280 729 2342 782 et
2382 723 2672 801 intelligi,
2704 741 2894 800 quam
2943 721 3230 782 doctrina
3258 722 3336 782 de
3365 722 3730 782 deﬁnitione

333 807 400 881 et
429 801 732 862 divisione
761 801 893 861 sine
924 803 1423 880 praedicabilium
1454 809 1516 863 et
1568 803 2198 881 prmdicamentorum
2231 803 2586 879 cegnitione
2643 803 2942 881 explicari
2973 809 3034 862 et
3067 801 3302 881 percipi
3334 808 3560 881 potest.
3591 803 3724 861 Ab-

328 880 484 940 hinc
513 881 824 960 capitibus
857 881 1134 960 quinque
1164 883 1448 960 proxime
1478 880 1881 961 sequentibus
1911 883 2242 943 utilissima
2295 883 2582 960 quaedam
2615 880 2793 962 quasi
2827 880 3274 961 prolegOmena
3304 880 3721 960 persequitur.

327 962 488 1041 Nam
519 966 723 1040 capite
753 964 788 1021 3
823 962 898 1022 de
930 962 1396 1040 experimentis,
1432 964 1584 1022 artis
1641 969 1702 1023 et
1731 963 2004 1022 scientiae
2059 962 2448 1035 differentiis,
2482 961 2707 1023 natura
2737 970 2798 1022 et
2827 965 3068 1041 origine
3095 981 3107 1033 ;
3141 997 3219 1006 ——
3249 965 3309 1021 4.
3344 963 3419 1020 de
3449 981 3556 1022 sex
3586 961 3726 1040 phi-

322 1040 639 1122 l050phiae
671 1041 1142 1102 deﬁnitionibus
1198 1062 1235 1102 a
1261 1045 1645 1121 Pythagora,
1684 1043 1958 1114 Platone,
1992 1042 2323 1102 Aristotele
2374 1043 2642 1114 relictis;
2677 1078 2754 1086 —
2783 1046 2842 1102 5.
2874 1040 2950 1103 de
3009 1043 3407 1102 distinctione
3440 1047 3677 1109 ἐπινοίας
3711 1061 3725 1116 ;

321 1159 399 1167 ——
428 1123 486 1180 6.
528 1122 604 1182 de
638 1129 877 1200 septem
911 1122 1432 1201 philosophorum
1493 1124 1715 1190 sectis;
1750 1158 1827 1165 —
1857 1127 1916 1180 7.
1952 1123 2028 1182 de
2058 1123 2360 1182 divisione
2420 1123 2837 1201 phiIOSOphiae
2870 1125 2930 1182 in
2963 1123 3370 1182 theoreticam
3403 1130 3464 1181 et
3495 1123 3729 1200 practi-

323 1221 488 1273 cam,
519 1202 724 1279 deque
753 1203 1080 1281 utriusque
1111 1203 1556 1271 subdivisione,
1594 1211 1656 1263 et
1704 1203 2100 1265 singularum
2150 1204 2420 1280 partium
2453 1203 2719 1278 objecto,
2755 1204 2901 1275 ﬁne,
2938 1205 3178 1274 ordine,
3213 1202 3455 1261 erudite
3487 1211 3549 1262 et
3578 1202 3730 1261 scite

323 1290 547 1343 auctor
576 1282 845 1342 disserit.
880 1316 957 1325 —
989 1286 1139 1361 Cap.
1173 1286 1232 1353 8,
1265 1284 1344 1343 de
1399 1283 1769 1361 synonimis,
1803 1283 2250 1362 heteronymis,
2315 1284 2595 1352 diversis,
2631 1283 3053 1360 homonymis,
3085 1283 3503 1360 polyonymis,
3539 1301 3726 1360 paro-

321 1363 530 1441 nymis
578 1362 767 1441 (malo
823 1362 987 1424 enim
1041 1365 1252 1424 Graeca
1281 1364 1588 1424 vocabula
1615 1365 1906 1436 retinere,
1966 1381 2152 1441 quam
2188 1362 2407 1423 Latina
2439 1364 2692 1424 duriora
2747 1364 3071 1442 usurpare)
3104 1365 3272 1441 agit;
3309 1381 3450 1440 quae
3481 1362 3729 1440 singula

323 1443 568 1515 deﬁnit,
592 1449 653 1502 et
681 1461 720 1502 a
751 1460 817 1502 se
844 1443 1108 1503 invicem
1142 1443 1488 1521 distinguit,
1524 1451 1592 1504 ut
1620 1443 1792 1504 haud
1820 1444 2133 1504 immerito
2165 1443 2351 1503 trium
2409 1443 2845 1502 definitionum
2893 1445 3164 1514 illarum,
3203 1461 3343 1520 quae
3374 1442 3443 1502 in
3492 1443 3726 1520 princi-

326 1525 433 1604 pio
470 1522 637 1604 libri
672 1525 1142 1604 Categoriarum
1203 1525 1559 1604 traduntur,
1619 1524 2108 1584 commentarius
2158 1523 2277 1582 hoc
2307 1531 2497 1601 caput
2527 1523 2649 1582 dici
2710 1523 2923 1602 possit.
2964 1558 3033 1567 —
3065 1527 3212 1601 Cap.
3249 1525 3309 1594 9,
3342 1522 3419 1581 de
3451 1523 3729 1604 quinque

322 1602 585 1684 vocibus
621 1602 799 1684 (quas
853 1603 1007 1664 alias
1037 1603 1465 1684 praedicabilia
1549 1604 1896 1684 appellant)
1943 1605 2008 1664 in
2066 1622 2292 1682 genere
2323 1603 2622 1684 disputat,
2657 1621 2926 1682 quarum
2984 1621 3317 1662 numerum
3367 1603 3726 1684 quinarium

326 1683 575 1763 erudita
614 1683 916 1743 divisione
959 1683 1312 1761 investigat,
1349 1690 1410 1744 et
1460 1682 1922 1763 praedicationis
1978 1684 2402 1744 diversitatem
2433 1683 2692 1744 indicat.
2724 1717 2802 1726 —
2831 1685 2982 1761 Cap.
3019 1686 3115 1742 10.
3150 1684 3226 1743 (16
3257 1701 3486 1763 genere
3542 1688 3603 1743 et
3651 1682 3729 1742 de

326 1762 537 1844 specie
593 1769 1152 1844 seorsumitractat,
1189 1762 1516 1844 utriusque
1564 1764 1808 1824 diversa
1840 1764 2111 1844 primum
2143 1764 2511 1842 signiﬁcata,
2547 1764 2689 1824 dein
2723 1764 3117 1823 deﬁnitiones
3173 1771 3234 1823 et
3265 1762 3622 1844 divisiones,
3655 1780 3729 1822 ac

329 1843 606 1922 denique
635 1861 776 1904 cum
807 1843 1006 1904 relata
1034 1843 1158 1903 sint
1188 1843 1410 1924 (genus
1430 1844 1594 1906 enim
1628 1845 1855 1924 speciei
1887 1863 2106 1923 genus,
2136 1850 2199 1904 et
2227 1845 2462 1920 species
2501 1846 2746 1921 generis
2777 1851 2870 1904 est
2899 1843 3154 1922 species)
3188 1850 3451 1924 σχέσεως,
3490 1843 3609 1903 hoc
3639 1849 3733 1924 est

329 1924 735 1996 habitudinis,
771 1942 878 1983 seu
910 1922 1232 1984 relationis
1304 1922 1685 1985 differentias
1714 1922 2059 2002 exponens.
2092 1959 2164 1967 —
2198 1924 2348 2002 Cap.
2405 1928 2498 1992 ll,
2533 1943 2780 1983 rursum
2832 1924 2910 1983 de
2941 1943 3170 2002 genere
3226 1922 3289 1982 et
3317 1924 3522 2001 specie
3552 1929 3614 1982 et
3641 1922 3730 1981 in-

328 2023 521 2083 super
548 2005 624 2063 de
655 2003 980 2064 individuo
1007 2005 1274 2077 disserit,
1310 2005 1418 2064 ubi
1464 2023 1694 2081 genera
1723 2012 1785 2064 et
1814 2004 2049 2082 species
2080 2005 2322 2063 diverso
2359 2012 2640 2082 respectu
2699 2009 2844 2063 ante
2876 2005 3096 2075 multa,
3129 2004 3192 2062 in
3227 2003 3460 2076 multis,
3494 2009 3554 2062 et
3583 2007 3726 2081 post

328 2086 531 2145 multa
559 2083 682 2144 dici
711 2085 983 2144 ostendit
1010 2102 1022 2154 ;
1053 2086 1198 2144 dein
1229 2086 1389 2144 entis
1419 2085 1783 2145 divisionem
1840 2085 2158 2164 proponit,
2193 2103 2381 2163 quam
2413 2085 2696 2143 instituto
2728 2103 2841 2143 suo
2872 2084 3310 2144 accommodat
3341 2090 3401 2142 et
3431 2083 3605 2142 varia
3635 2084 3731 2141 in-

327 2164 572 2225 dividui
601 2164 951 2240 signiﬁcata
979 2172 1329 2224 enumerat.
1364 2200 1439 2208 —
1469 2167 1620 2244 Cap.
1655 2168 1756 2237 12,
1788 2165 2205 2224 differentiam
2258 2165 2639 2242 aggreditur,
2675 2184 2817 2241 quas
2874 2166 3172 2242 quoniam
3213 2164 3465 2244 duplex
3495 2171 3610 2235 est,
3644 2182 3734 2224 es-

329 2244 610 2306 sentialis
641 2251 703 2304 et
731 2244 1155 2315 accidentalis,
1191 2243 1586 2305 deﬁnitiones
1615 2253 1677 2305 et
1702 2245 2061 2317 divisiones,
2094 2245 2342 2323 aliaque
2373 2245 2661 2321 quaedam
2694 2245 3046 2323 adjacentia
3088 2243 3435 2321 subjungit.
3468 2277 3548 2287 —
3576 2245 3726 2322 Cap.

331 2328 432 2397 13,
466 2324 705 2404 proprii
736 2330 1010 2403 quatuor
1039 2325 1259 2386 modos
1307 2331 1371 2387 et
1403 2326 1665 2386 totidem
1698 2325 2057 2402 signiﬁdata
2085 2325 2434 2385 communis
2491 2332 2792 2397 recenset,
2827 2344 2898 2385 ac
2927 2325 3235 2403 imprimis
3265 2330 3560 2402 quartum
3593 2343 3731 2402 pro-

329 2406 453 2485 prii
470 2403 739 2485 modum
776 2404 1073 2464 declarat.
1112 2441 1189 2448 —
1217 2407 1368 2484 Cap.
1407 2409 1502 2478 14,
1536 2405 1613 2465 (16
1643 2407 1857 2466 decem
1891 2406 2221 2483 categoriis
2271 2424 2376 2466 seu
2415 2405 2915 2484 praedicamentis
2945 2405 3242 2483 explicat,
3275 2405 3599 2485 quomodo
3621 2404 3730 2463 illa

330 2483 700 2565 philosophi
727 2484 1102 2552 invenerint,
1138 2491 1200 2546 et
1228 2504 1266 2546 a
1295 2483 1360 2546 se
1389 2485 1656 2546 invicem
1687 2485 2123 2555 distinxerint;
2159 2483 2429 2563 quorum
2459 2485 2647 2545 etiam
2696 2486 2943 2563 singula
2972 2486 3202 2564 partim
3235 2484 3730 2557 deﬁnitionibus,

332 2565 567 2645 partim
599 2565 901 2645 exemplis
929 2565 1208 2645 declarat
1240 2584 1256 2638 ;
1288 2566 1598 2645 imprimis
1627 2572 1837 2626 autem
1869 2565 2066 2626 fusius
2099 2567 2218 2626 tria
2246 2565 2354 2624 illa
2402 2570 2741 2643 postrema,
2775 2565 2905 2638 ubi,
2940 2565 3215 2644 quando,
3252 2571 3314 2624 et
3335 2565 3523 2624 situm
3555 2583 3686 2624 esse
3714 2583 3729 2636 ;

331 2644 406 2705 ut
429 2644 819 2706 accusandus
849 2663 973 2704 non
1005 2644 1280 2724 sit,quod
1311 2644 1661 2725 in’speciali
1693 2647 2109 2725 explicatione
2131 2646 2208 2706 de
2236 2645 2361 2706 illis
2393 2651 2608 2724 postea
2638 2646 2794 2705 nihil
2828 2648 3033 2705 tradat
3067 2645 3445 2723 amplius.———
3475 2646 3734 2724 Cap.15,

332 2725 545 2816 adhuc
574 2725 650 2816 de
681 2725 1190 2816 praedicamentis
1215 2725 1465 2816 agit,.et
1514 2727 1578 2786 in
1595 2727 1826 2816 primis
1856 2727 2222 2816 divisionem
2253 2725 2424 2785 illam
2440 2725 3222 2816 _anteprzedicamentalem
3244 2725 3320 2784 de
3344 2743 3557 2816 et)er
3593 2743 3736 2816 quae

331 2806 430 2866 vel
460 2807 528 2865 in
560 2805 842 2882 subjecto
874 2812 1042 2874 sunt,
1067 2812 1127 2864 et
1154 2806 1232 2865 de
1259 2807 1542 2882 subjecto
1573 2807 1996 2879 dicuntur,vel
2023 2807 2397 2866 alterutrum
2421 2806 2730 2865 duntaxat
2755 2807 2852 2866 vel
2874 2812 3168 2865 neutrum
3199 2805 3739 2876 sunt,ditferentiis

337 2887 635 2964 explicat;
661 2890 807 2944 etex
834 2885 992 2945 entis
1012 2885 1316 2945 divisione
1339 2886 1968 2964 praedicamentorum
1983 2887 2288 2963 originem
2314 2892 2374 2946 et
2394 2886 2676 2945 ordinem
2698 2887 2982 2956 rimatur;
3009 2887 3176 2963 quod
3199 2886 3450 2963 quidem
3469 2885 3657 2944 etiam
3676 2884 3738 2942 in

334 2968 554 3026 decem
577 2966 1082 3043 praedicamenta,
1106 2985 1232 3026 non
1250 2972 1319 3026 ut
1347 2986 1544 3044 genus
1564 2968 1627 3025 in
1651 2968 1905 3044 species,
1924 2967 2028 3027 sed
2054 2976 2124 3026 ut
2155 2967 2527 3026 vocabulum
2548 2967 2626 3025 ab
2652 2985 2774 3026 uno
2797 2968 2892 3027 vel
2911 2967 2987 3025 ad
3015 2984 3208 3025 unum
3231 2966 3420 3024 dividi
3443 2964 3737 3036 ostendit,

338 3054 401 3106 et
431 3047 690 3123 insuper
718 3063 754 3103 a
786 3046 1295 3123 praedicabilibus
1348 3047 1837 3124 pradicamenta
1866 3047 2216 3124 distinguit.
2249 3082 2326 3090 —
2355 3052 2506 3124 Cap.
2545 3050 2640 3116 16,
2675 3049 2750 3106 (16
2809 3048 2884 3106 iis
2914 3066 3054 3124 quae
3105 3046 3526 3125 praedicantur
3556 3044 3736 3125 agit;

340 3126 857 3206 pradicationum
892 3126 1134 3206 aliquot
1204 3127 1540 3186 divisiones
1569 3128 1905 3187 enucleans
1934 3134 1996 3187 et
2056 3127 2337 3204 regulam
2396 3124 3165 3204 antepraedicamentalem
3221 3128 3490 3203 priorem
3547 3124 3737 3206 explig

340 3204 512 3278 cans,
548 3211 611 3266 et
641 3205 925 3265 undecim
962 3205 1179 3266 modos
1221 3225 1435 3266 eorum
1465 3227 1606 3284 quae
1636 3213 1783 3267 sunt
1811 3209 1874 3266 in
1905 3208 2116 3286 aliquo
2166 3226 2691 3278 commemorans,
2725 3227 2882 3286 quos
2913 3207 2989 3266 ad
3040 3206 3597 3284 praedicamentum
3629 3204 3740 3264 ubi

339 3287 608 3347 reducit.
641 3320 718 3330 —
739 3288 889 3363 Cap.
927 3288 1028 3357 17,
1062 3287 1247 3346 unius
1279 3294 1340 3347 et
1367 3287 1648 3363 ejusdem
1679 3294 1742 3348 et
1787 3287 2012 3348 diversi
2043 3288 2260 3347 modos
2291 3295 2640 3360 enumerat,
2674 3296 2737 3347 et
2789 3287 3070 3365 regulam
3104 3289 3511 3365 posteriorem
3571 3290 3742 3344 ante-

341 3366 961 3446 praedicamentalem
995 3367 1286 3444 explicat,
1344 3367 1655 3446 simulque
1688 3368 1875 3447 (quod
1933 3368 2244 3445 imprimis
2289 3368 2355 3426 in
2387 3367 2706 3445 theologia
2760 3368 2840 3427 ad
2870 3367 3204 3427 articulum
3236 3368 3312 3427 de
3345 3365 3741 3447 hypostatica

340 3445 613 3507 duarum
645 3454 1010 3506 naturarum
1045 3447 1108 3506 in
1140 3447 1385 3507 Christo
1443 3445 1674 3507 uniOne
1698 3445 1934 3508 rectius
2003 3448 2483 3522 intelligendum
2566 3448 2736 3507 haud
2786 3465 3009 3526 parum
3065 3445 3473 3508 emolumenti
3525 3445 3739 3524 habet)

341 3528 420 3587 de
451 3527 877 3607 hypostaseos,
940 3527 1296 3605 enypostati
1320 3573 1334 3600 ,
1384 3528 1742 3607 anypostati
1782 3528 2342 3606 signiﬁcationibus
2399 3528 2794 3588 determinat.
2831 3563 2907 3570 —
2939 3531 3089 3606 Cap.
3129 3533 3219 3600 19,
3256 3527 3618 3607 substantiae
3650 3526 3740 3584 di-

339 3607 643 3667 visionem
677 3624 787 3685 per
810 3606 1186 3667 intermedia
1214 3626 1449 3686 genera
1477 3606 1539 3667 et
1570 3609 1807 3686 species
1833 3609 1912 3667 ad
1949 3609 2274 3667 individua
2307 3626 2504 3685 usque
2536 3607 2974 3668 substantialis
3007 3609 3425 3686 persequitur,
3451 3606 3738 3667 tandem-

341 3705 466 3766 que
498 3687 700 3755 docet,
730 3689 960 3746 rectius
990 3706 1224 3764 genera
1255 3695 1317 3747 et
1371 3689 1607 3764 species
1638 3707 1826 3765 quam
1885 3688 2209 3747 individua
2238 3688 2603 3747 substantiae
2663 3688 3088 3766 propriissime
3146 3695 3207 3747 et
3268 3690 3467 3767 primo
3511 3694 3572 3746 et
3605 3704 3738 3745 ma-

342 3769 512 3827 xime
543 3767 921 3826 substantias
951 3767 1280 3845 appellari.
1313 3801 1390 3810 —
1419 3770 1571 3846 Cap.
1633 3771 1731 3839 20,
1765 3769 2128 3828 substantias
2186 3768 2591 3837 consectaria,
2641 3787 2781 3846 quae
2810 3769 2999 3844 vulgo
3057 3769 3312 3846 propria
3341 3767 3743 3847 appellantur

343 3852 767 3927 enumeratet
795 3847 1047 3920 evolvit,
1083 3848 1186 3907 ubi
1215 3848 1412 3908 mulla
1444 3849 1670 3926 passim
1704 3848 2156 3927 philosOphicm
2187 3849 2556 3908 eruditionis
2584 3849 2768 3926 plena
2797 3849 3133 3907 interserit.
3167 3883 3245 3892 —
3274 3852 3424 3926 Cap.
3457 3851 3558 3919 21,
3592 3865 3744 3925 qua-

347 3928 542 3988 litatis
570 3926 905 3986 divisiones
935 3934 997 3987 et
1025 3928 1480 3988 subdivisiones
1537 3926 1934 4007 persequitur
1961 3926 2053 3988 iet
2083 3929 2230 4007 quia
2261 3929 2455 4006 aliqui
2487 3936 2724 3988 motum
2783 3928 2973 3987 etiam
3005 3928 3419 4006 quantitatem
3453 3946 3584 3987 esse
3623 3946 3740 4004 pu-

349 4014 587 4077 tarunt,
623 4007 984 4087 opinionem
1014 4007 1180 4067 hanc
1208 4007 1433 4086 rejicit,
1468 4014 1530 4068 et
1577 4009 1812 4086 species
1874 4013 2080 4068 motus
2139 4009 2437 4067 divisiora
2492 4008 2788 4068 methodo
2846 4009 3202 4085 investigat.
3239 4043 3315 4051 —
3345 4010 3498 4085 Cap.
3531 4011 3629 4074 22,
3665 4009 3742 4087 (16

351 4086 840 4167 qualitateagit,
876 4107 1061 4166 quam
1095 4087 1158 4147 in
1190 4095 1459 4166 quatuor
1489 4106 1721 4166 genera
1777 4089 2017 4160 dividit,
2051 4093 2113 4148 et
2159 4089 2409 4166 singula
2441 4107 2548 4165 per
2595 4089 3020 4148 deﬁnitionem
3054 4097 3116 4149 et
3145 4089 3511 4149 divisionem
3544 4086 3742 4159 expli-

350 4174 490 4240 cat;
518 4167 733 4246 qualia
760 4169 910 4227 item
946 4173 1100 4247 quot
1131 4169 1332 4228 modis
1362 4168 1751 4246 accipiantur
1781 4169 2230 4238 determinans,
2264 4202 2342 4212 —
2371 4173 2521 4246 Cap.
2556 4171 2655 4238 23,
2692 4171 3032 4228 relatorum
3081 4168 3394 4247 duplicem
3431 4167 3742 4228 deﬁnitio-

355 4267 524 4320 nem,
551 4247 888 4308 divisiones
917 4249 1124 4307 varias
1153 4255 1216 4308 et
1243 4249 1631 4308 consectaria
1679 4249 1992 4328 proponit.
2026 4283 2103 4292 —
2133 4250 2285 4328 Cap.
2329 4252 2424 4318 24,
2463 4250 2582 4308 tria
2628 4249 3115 4326 praedicamenta
3144 4268 3352 4327 agere,
3389 4250 3518 4327 pati
3547 4254 3611 4306 et
3638 4247 3748 4305 ha-

348 4330 497 4389 bere
518 4328 754 4403 deﬁnit,
789 4328 1009 4388 dividit
1039 4335 1101 4388 et
1130 4347 1240 4406 per
1288 4329 1639 4406 adjacentia
1687 4329 1983 4408 explicat.
2017 4364 2094 4372 —
2123 4330 2274 4408 Cap.
2324 4330 2425 4401 25,
2460 4347 2600 4387 cum
2626 4330 2757 4406 jam
2792 4348 2984 4407 supra
3013 4330 3215 4408 capite
3245 4328 3488 4389 decimo
3519 4333 3743 4406 quarto

349 4410 427 4469 de
461 4408 658 4468 tribus
689 4408 1211 4486 praedicamentis,
1249 4409 1522 4487 quando,
1561 4409 1666 4468 ubi
1695 4417 1758 4470 et
1814 4411 2003 4469 situm
2050 4428 2182 4468 esse
2213 4409 2432 4485 egerit,
2468 4412 2542 4468 ad
2590 4410 2882 4488 opposita
2936 4411 3196 4483 accedit,
3230 4427 3497 4489 quorum
3528 4425 3744 4489 nume-

356 4509 493 4549 rum
528 4490 1000 4566 quaternarium
1035 4507 1146 4568 per
1173 4489 1539 4549 divisionem
1570 4489 1928 4567 investigat,
1962 4494 2024 4548 et
2074 4490 2354 4566 singulas
2383 4489 2641 4566 species,
2677 4487 2739 4547 in
2775 4490 2989 4568 primis
3037 4487 3372 4561 contraria,
3407 4487 3742 4567 privantia,

354 4576 415 4629 et
439 4569 934 4629 contradicentia
962 4570 1097 4630 fuse
1127 4569 1419 4647 explicat,
1453 4569 1707 4630 habitus
1763 4577 1825 4629 et
1853 4569 2221 4648 privationis
2253 4570 2725 4647 homonymiam
2782 4570 3018 4628 utiliter
3064 4570 3228 4630 inter
3273 4571 3398 4629 alia
3426 4570 3742 4628 evolvens.

356 4684 437 4743 —.-_
461 4651 613 4743 Cap.
647 4649 749 4741 2.6,
783 4667 930 4742 cum.
943 4649 1077 4727 jam
1109 4649 1184 4743 de
1206 4649 1670 4743 ‘modisp‘rio‘ris
1707 4650 1993 4743 .et‘simul
2023 4650 2229 4743 capite
2276 4649 2517 4742 decimo
2578 4656 2823 4743 octavo,
2851 4656 2913 4709 et
2947 4650 3260 4743 denmotus
3289 4649 3615 4743 speciebus
3645 4665 3740 4743 ca:

355 4730 482 4808 pite
512 4729 808 4789 vicesimo
836 4729 1042 4807 primo
1074 4735 1134 4789 et
1185 4729 1262 4787 de
1291 4730 1656 4807 signiﬁcatis
1704 4729 1978 4789 habendi
2035 4731 2237 4809 capite
2266 4730 2562 4789 vicesimo
2611 4735 2835 4807 quarto
2893 4730 3281 4807 explicuerit,
3319 4731 3399 4788 ad
3433 4746 3656 4788 nomen
3691 4732 3755 4785 et

354 4811 644 4880 verbum,
678 4828 820 4886 quae
850 4815 994 4869 sunt
1025 4810 1364 4886 integrales
1391 4809 1843 4869 enuntiationis
1892 4808 2129 4889 partes,
2159 4811 2441 4880 accedit;
2477 4809 2801 4887 utriusque
2859 4810 3287 4869 deﬁnitionem
3320 4829 3395 4869 ex
3427 4808 3755 4868 Aristotele

357 4889 654 4969 proponit
682 4896 745 4949 et
769 4889 1062 4968 explicat,
1087 4889 1470 4951 differentias
1527 4897 1590 4950 et
1619 4890 1954 4950 divisiones
2010 4891 2349 4968 explanat;
2385 4898 2446 4948 et
2476 4889 2621 4952 alia.
2654 4891 2716 4948 in
2776 4889 2989 4966 primis
3021 4889 3097 4949 de
3129 4890 3364 4968 duplici
3397 4889 3753 4958 verborum,

359 4977 428 5030 ut
457 4978 520 5031 et
547 4970 921 5030 substantivi
953 4970 1127 5031 verbi
1157 4980 1258 5042 est,
1295 4980 1444 5035 erat,
1487 4973 1620 5041 erit,
1654 4971 2110 5048 signiﬁcatione
2139 4989 2152 5042 ;
2178 4972 2254 5030 de
2286 4971 2548 5029 veritate
2579 4970 2725 5029 item
2750 4978 2813 5028 et
2844 4971 3112 5029 falsitate
3143 4970 3466 5039 orationis,
3501 4974 3757 5027 venuste

356 5058 420 5112 et
447 5051 692 5111 erudite
722 5050 1022 5128 disputat.
1057 5085 1135 5094 ——
1165 5051 1316 5128 Cap.
1379 5053 1475 5122 27,
1512 5047 1860 5111 orationem
1894 5051 2131 5119 deﬁnit,
2167 5057 2228 5110 et
2277 5051 2338 5108 in
2399 5050 2673 5127 quinque
2727 5051 2984 5126 species,
3024 5050 3394 5120 vocativam,
3429 5047 3755 5128 imperati-

356 5149 527 5204 vam,
560 5127 1100 5208 interrogativam,
1135 5127 1480 5209 optativam
1514 5137 1578 5191 et
1622 5131 2075 5191 enuntiativam
2107 5130 2363 5202 dividit;
2399 5139 2461 5188 et
2514 5129 2900 5205 singularum
2934 5130 3278 5208 specierum
3341 5127 3757 5209 originemab

359 5212 589 5272 animae
623 5210 916 5289 potentiis
945 5208 1378 5290 philosophice
1409 5212 1713 5283 rimatur;
1751 5230 1895 5270 mox
1925 5211 2421 5272 enuntiationem
2469 5210 2532 5268 in
2561 5210 3040 5269 atﬁrmationem
3073 5217 3134 5268 et
3163 5211 3558 5287 negationem
3608 5208 3762 5290 divi-

358 5292 473 5362 dit,
509 5309 582 5352 ex
619 5288 849 5369 quibus
877 5288 1512 5370 oppositio'efﬁcitur,
1547 5309 1737 5368 quam
1766 5291 1984 5352 itidem
2033 5291 2252 5351 deﬁnit
2281 5295 2342 5350 et
2385 5290 2631 5370 duobus
2663 5291 2862 5349 modis
2894 5291 3030 5350 ﬁeri
3059 5292 3364 5362 ostendit;
3399 5291 3596 5350 donec
3637 5288 3763 5347 alia

361 5390 530 5432 nova
559 5371 863 5431 divisione
894 5369 1350 5450 propositiones
1379 5372 1619 5431 dividat
1644 5371 1710 5431 in
1768 5390 1871 5432 eas
1901 5390 2041 5449 quas
2073 5372 2205 5431 solo
2261 5369 2542 5447 subjecto
2574 5377 2636 5429 et
2666 5371 3025 5448 praedicato,
3065 5379 3128 5431 et
3156 5371 3219 5430 in
3264 5390 3369 5432 eas
3397 5390 3537 5447 quae
3569 5373 3759 5429 etiam

361 5452 550 5513 tertio
576 5452 1026 5529 appraedicato,
1062 5457 1124 5511 et
1151 5452 1214 5512 in
1247 5471 1353 5512 eas
1383 5471 1522 5530 quae
1552 5453 1808 5529 insuper
1840 5453 2024 5510 modo
2053 5457 2380 5522 constant;
2417 5455 2478 5508 et
2507 5450 2778 5525 denique
2809 5451 2886 5510 de
2919 5471 3042 5510 una
3075 5461 3134 5511 et
3169 5451 3499 5529 multiplici
3531 5467 3764 5528 propo-

361 5534 591 5594 sitione
640 5533 899 5609 aliisque
933 5531 1011 5592 ad
1045 5534 1535 5610 propositionem
1592 5532 2049 5611 pertinentibus
2079 5532 2346 5592 disserit.
2381 5566 2456 5574 -—
2488 5531 2636 5609 Cap.
2673 5535 2771 5596 28,
2807 5534 2883 5590 (16
2937 5533 3134 5591 tribus
3169 5535 3443 5591 materiis
3477 5531 3763 5608 proposi-

368 5615 640 5680 tionum,
676 5613 1044 5684 necessaria,
1078 5613 1448 5690 impossibili
1507 5619 1568 5671 et
1626 5612 2026 5690 contingente
2083 5611 2377 5690 explicat,
2411 5630 2567 5689 quas
2625 5613 2893 5689 primum
2928 5632 2964 5672 a
3023 5613 3220 5689 modis
3272 5612 3767 5690 propesitionum

367 5693 669 5754 discernit
699 5697 761 5752 et
816 5693 1040 5752 deinde
1089 5694 1554 5770 contingentem
1605 5695 1930 5752 materiam
1976 5693 2039 5752 in
2071 5694 2448 5768 ἐκϐεϐηκυῖαν,
2481 5694 2543 5751 id
2568 5699 2678 5759 est,
2714 5711 2929 5751 eorum
2983 5713 3122 5771 qua:
3155 5701 3520 5760 evenerunt,
3555 5697 3616 5750 et
3671 5708 3774 5749 eo-

371 5793 512 5838 rum
541 5791 687 5854 qute
717 5772 925 5842 adhuc
955 5775 1166 5835 futura
1192 5780 1358 5846 sunt,
1394 5774 1514 5835 hoc
1545 5779 1661 5851 est,
1696 5773 1946 5855 proprie
2003 5773 2471 5852 contingentem
2524 5773 2783 5835 dividit:
2812 5774 2957 5834 hinc
2986 5775 3065 5834 ad
3095 5775 3555 5860 propositiones
3586 5776 3648 5832 et
3679 5773 3769 5830 in-

696 5908 960 5970 PATROL.
1009 5908 1118 5972 Gn.
1167 5908 1430 5973 CXLIII.
3417 5907 3494 5967 22
