4096 6454
457 466 576 524 683
1707 466 2068 526 NICEPHOI

2238 466 2610 527 bEMMlD/E
3739 470 3855 528 684

457 599 752 659 deﬁnitas
781 598 1041 680 accedit,
1074 616 1212 656 mox
1239 598 1416 680 signa
1447 606 1796 680 enumerat,
1855 598 2093 680 deﬁnit,
2128 598 2392 658 dividit:
2427 601 2506 659 ad
2539 600 2672 660 hzec
2729 600 3018 661 definitas
3057 600 3119 660 in
3155 600 3537 662 universales
3569 607 3632 661 et
3654 601 3853 680 parti—

457 682 698 740 culares
727 679 1106 748 subdividit;
1141 685 1329 756 atque
1363 678 1506 738 inde
1537 681 1898 752 contrarias,
1954 679 2441 749 subcontrarias,
2477 681 3014 750 contradictorias,
3050 681 3444 741 subalternas
3479 678 3854 760 propositio-

456 779 567 820 nes
596 760 992 826 determinat,
1025 767 1086 816 et
1116 760 1433 835 quomodo
1466 760 1672 836 quoad
1701 778 1914 819 verum
1949 767 2010 819 et
2044 760 2266 818 falsum
2316 761 2382 819 in
2414 763 2586 820 omni
2622 762 2884 821 materia
2915 780 2980 820 se
3008 761 3301 832 habeant,
3338 761 3572 822 indicat
3603 784 3616 822 :
3652 763 3854 823 donec

453 840 708 900 tandem
745 839 1244 921 propositionum
1278 844 1518 921 modos,
1555 841 1996 921 necessarium,
2023 839 2408 917 impossibile
2441 848 2503 900 et
2533 843 2902 918 contingens
2933 842 3178 901 dividit.
3212 875 3290 886 —
3318 845 3467 921 Cap.
3505 844 3601 915 29,
3638 842 3854 903 indeﬁ-

453 921 615 980 nitas
648 921 1102 1001 propositiones
1131 919 1445 1001 describit,
1478 926 1540 978 et
1568 919 1976 1001 afﬁrmativas
2007 921 2508 997 particularibus,
2547 923 2870 998 negativas
2899 922 3084 982 modo
3115 919 3622 1001 particularibus,
3658 923 3853 984 modo

453 1000 909 1082 universalibus
940 1000 1151 1082 (idque
1174 1000 1430 1082 saepius)
1462 1000 1866 1082 requipollere
1897 1001 2203 1060 ostendit:
2240 1001 2440 1082 sedet
2469 1003 2782 1074 definitae,
2817 1000 3176 1061 indefinitas
3223 1008 3284 1062 et
3330 1003 3680 1080 singulares
3713 1022 3856 1082 pro-

452 1081 792 1160 positiones
821 1081 1140 1158 quomodo
1168 1081 1231 1138 in
1265 1081 1658 1158 oppositione
1716 1088 2003 1158 respectu
2037 1082 2166 1140 veri
2195 1088 2256 1140 et
2290 1081 2426 1141 falsi
2458 1101 2523 1142 se
2581 1083 2882 1155 habeant,
2915 1083 3231 1146 declarat:
3266 1083 3517 1142 interim
3551 1081 3738 1143 etiam
3777 1085 3854 1143 de

451 1162 512 1220 vi
542 1168 604 1221 et
634 1181 748 1220 usu
779 1161 1027 1220 articuli
1077 1163 1433 1220 Graecorum
1467 1162 1755 1237 quaedam
1811 1161 2016 1221 obiter
2062 1161 2393 1239 inijiciens.
2425 1197 2500 1205 —
2531 1163 2678 1240 Cap.
2717 1167 2815 1232 30,
2863 1163 2940 1222 de
2972 1162 3393 1222 afﬁrmatione
3423 1172 3485 1222 et
3515 1164 3853 1240 negatione

451 1243 604 1322 agit,
636 1241 701 1300 in
731 1241 934 1319 specie
963 1241 1298 1301 ostendens
1351 1243 1667 1322 quomodo
1699 1242 1760 1299 in
1800 1243 2032 1322 omnis
2052 1244 2299 1322 generis
2359 1243 2890 1321 propositionibus
2947 1243 3196 1320 negatio
3230 1243 3516 1302 facienda
3543 1244 3662 1316 sit;
3694 1245 3851 1322 quid

450 1321 598 1404 item
632 1322 711 1382 sit
739 1322 1078 1404 afﬁrmatio
1108 1339 1185 1404 ex
1225 1321 1728 1404 transpositione,
1752 1329 1826 1404 et
1856 1340 1967 1404 cur
2021 1321 2109 1379 ita
2138 1321 2318 1404 dicta
2333 1325 2430 1394 sit,
2466 1329 2529 1383 et
2583 1323 2902 1400 quomodo
2934 1323 3043 1383 fiat
3070 1345 3086 1398 ;
3117 1329 3429 1404 quatenus
3456 1321 3853 1404 insuper’no-

453 1402 716 1484 minaet
745 1402 958 1484 verba,
984 1402 1305 1484 particula
1327 1402 1594 1477 negandi
1627 1408 1688 1460 et
1717 1401 1891 1478 signa
1927 1403 1987 1460 in
2022 1402 2553 1484 propositionibus
2592 1404 2972 1484 transposita
3001 1401 3166 1463 idem
3196 1403 3548 1479 signiﬁcent
3572 1423 3586 1474 ;
3606 1401 3854 1484 quibus

450 1483 746 1542 omnibus
776 1483 1056 1563 regulam
1090 1481 1358 1563 subjicit,
1381 1500 1522 1563 qua
1553 1488 2002 1558 consequentes
2037 1482 2493 1560 propositiones
2522 1481 2900 1544 efﬁciantur.
2933 1520 3006 1527 —
3037 1485 3186 1561 Cap.
3219 1486 3322 1554 3t,
3353 1481 3854 1563 deﬁnitio'syllo-

449 1564 655 1640 gismi,
696 1582 837 1621 mox
868 1562 1094 1643 divisior
1121 1562 1181 1643 in
1215 1561 1561 1638 simplicem
1621 1568 1682 1620 et
1711 1563 2153 1643 compositum,
2189 1563 2511 1641 utriusque
2561 1564 2708 1622 item
2771 1564 3038 1640 majores
3069 1570 3130 1624 et
3163 1564 3434 1623 minores
3463 1561 3848 1643 propositio-

449 1663 582 1716 nes,
614 1645 889 1722 itemque
921 1642 1170 1702 termini
1201 1648 1264 1701 et
1292 1643 1657 1701 eorumdem
1690 1642 1937 1701 affectio
1964 1661 1978 1716 ;
2015 1642 2161 1702 hinc
2183 1643 2490 1722 principia
2511 1645 2834 1717 canonica,
2859 1645 2923 1704 in
2946 1651 3080 1706 toto
3103 1663 3264 1718 esse,
3298 1651 3360 1704 et
3387 1645 3512 1704 dici
3541 1642 3617 1704 de
3649 1647 3851 1721 omni,

449 1730 596 1797 etc.,
627 1730 690 1784 et
721 1721 952 1801 regulae
983 1721 1304 1800 generales
1333 1723 1410 1782 de
1441 1722 1612 1800 puris
1644 1722 2128 1800 particularibus
2159 1731 2219 1782 et
2249 1723 2556 1800 negativis
2587 1725 2676 1783 nil
2706 1725 3222 1786 concludentibus
3251 1743 3265 1795 ;
3299 1725 3374 1784 de
3405 1727 3850 1787 consecutione

449 1804 596 1864 item
633 1803 1050 1864 conclusionis
1080 1803 1158 1862 ad
1192 1802 1587 1884 deteriorem
1622 1810 1863 1884 partem
1925 1811 2363 1881 proponuntur
2394 1812 2456 1863 et
2511 1806 2941 1882 explicantur:
2977 1805 3206 1884 quibus
3261 1805 3554 1866 omnibus
3585 1808 3844 1866 tandem

449 1885 753 1957 doctrina,
790 1885 881 1965 de,
921 1883 1328 1965 conversione
1378 1883 1905 1965 propositionum,
1936 1885 2362 1960 contingente,
2396 1885 2688 1962 simplici,
2716 1904 2828 1963 per
2881 1883 3500 1964 contrapositionem,
3544 1887 3854 1965 exemplis

449 1965 763 2024 illustrata
793 1962 1141 2040 subjicitur.
1168 1997 1245 2006 ——
1274 1966 1426 2041 Cap.
1461 1966 1560 2036 32,
1594 1963 1876 2044 docetur,
1911 1967 2228 2041 quomodo
2277 1965 2461 2024 medii
2519 1962 2770 2025 termini
2829 1967 3070 2026 variata
3099 1962 3428 2044 dispositio
3459 1972 3583 2026 tres
3614 1962 3853 2043 ﬁguras

447 2045 862 2123 syllogisticas
891 2044 1122 2103 efficiat
1152 2049 1215 2101 et
1275 2049 1453 2124 quot,
1486 2043 1749 2121 singula),
1784 2045 2022 2113 modos,
2079 2063 2217 2122 qua:
2253 2046 2397 2104 item
2459 2064 2599 2103 cum
2631 2047 2769 2105 aliis
2824 2047 3183 2105 communia
3211 2053 3271 2105 et
3302 2047 3420 2106 sibi
3449 2048 3705 2124 propria
3736 2047 3852 2106 ha-

449 2125 641 2184 beant
669 2125 1063 2203 adjacentia;
1097 2130 1159 2184 et
1187 2141 1315 2205 quo
1347 2123 1566 2182 ordine
1598 2143 1847 2201 quaque
1877 2143 1952 2183 ex
1983 2142 2169 2184 causa
2201 2125 2286 2184 sic
2315 2133 2742 2185 numerentur.
2778 2160 2853 2168 ——
2884 2129 3032 2204 Cap.
3067 2127 3168 2197 33,
3203 2126 3422 2205 prima;
3454 2123 3672 2203 ﬁgurae
3707 2146 3846 2187 mo-

447 2206 562 2266 dos
590 2215 863 2284 quatuor
892 2204 1310 2283 syllogisticoe
1355 2205 1656 2279 exemplis
1687 2205 1965 2263 declarat
1994 2213 2056 2264 et
2085 2205 2272 2264 unius
2302 2206 2647 2283 asyllogisti
2707 2204 3222 2285 inconsequentia
3249 2213 3619 2266 cmterorum
3650 2209 3846 2269 etiam

443 2287 852 2346 vitiositatern
910 2285 1204 2345 ostendit.
1239 2318 1316 2326 —
1347 2288 1504 2366 Cap.
1532 2287 1631 2356 34,
1662 2285 2046 2366 secundaeet
2077 2287 2275 2366 tertiae
2309 2285 2526 2363 ﬁgurae
2570 2285 2799 2366 modos
2841 2287 3256 2364 syllogisticos
3312 2287 3616 2366 exemplis
3664 2288 3847 2348 illus-

443 2373 589 2438 trat,
622 2373 685 2426 et
714 2386 840 2426 uno
870 2367 1193 2447 alteroque
1216 2363 1608 2447 assyllogisto
1639 2365 1843 2447 docet,
1868 2365 2018 2443 quid
2048 2365 2235 2425 etiam
2267 2367 2344 2425 de
2373 2365 2614 2426 czeteris
2636 2363 3048 2443 judicandum
3081 2367 3181 2428 sit.
3217 2403 3294 2410 —
3325 2368 3476 2446 Cap.
3500 2363 3611 2440 ⁷35,
3644 2368 3844 2447 syllo-

438 2447 674 2524 gismos
702 2446 922 2505 dividit
951 2446 1011 2504 in
1048 2447 1354 2526 perfectos
1384 2455 1444 2526 et
1476 2446 1893 2522 imperfectos,
1927 2447 2232 2524 docetque
2263 2447 2580 2523 quomodo
2638 2448 2928 2506 secundae
2974 2454 3035 2507 et
3065 2448 3262 2507 tertiw
3295 2448 3512 2525 ﬁguras
3542 2446 3840 2526 syllogis-

439 2527 525 2607 mi
555 2534 624 2587 ut
656 2527 1004 2605 imperfecti
1027 2527 1102 2584 ad
1139 2525 1354 2603 prima:
1386 2525 1601 2601 figuras
1635 2527 1876 2592 modos,
1911 2532 1980 2584 ut
2037 2529 2345 2603 perfectos
2395 2527 2630 2594 reduci,
2667 2527 2761 2586 vel
2815 2527 3000 2587 etiam
3034 2527 3411 2588 abductione
3445 2527 3524 2587 ad
3546 2525 3845 2607 impossi-

434 2605 561 2667 bile
594 2608 950 2667 conﬁrmari
986 2607 1245 2684 possint.
1279 2640 1359 2688 ᾖ
1405 2607 1552 2683 Cap.
1592 2607 1689 2688 3t},
1723 2607 2230 2688 syllogismorum
2287 2607 2840 2685 hypotheticorum
2901 2615 3112 2686 partes
3143 2615 3203 2667 et
3242 2609 3480 2686 species
3511 2605 3841 2688 persequi-

435 2692 558 2746 tur.
595 2721 664 2731 —
699 2690 848 2766 Cap.
884 2689 986 2758 3'7,
1018 2705 1124 2746 sex
1183 2686 1572 2762 sophismata
1620 2687 1689 2766 in
1736 2687 2030 2745 dictione.
2065 2721 2142 2729 —
2174 2689 2325 2765 Cap.
2358 2691 2457 2759 38,
2517 2695 2754 2766 septem
2811 2695 2989 2748 extra
3039 2688 3374 2748 dictionem
3427 2686 3733 2749 declarat;
3761 2724 3843 2734 —

435 2707 558 2746 tur.
595 2721 664 2731 —
699 2707 782 2748 ua
836 2734 848 2745 .
884 2707 986 2758 σι,
1018 2707 1124 2746 sex
1183 2707 1572 2762 sopmsmata
1627 2707 1689 2744 ιη
1736 2707 2030 2745 uicuone.
2065 2721 2142 2729 —
2174 2707 2325 2765 Cap.
2358 2707 2457 2759 όό,
2517 2707 2754 2766 septem
2811 2707 2989 2748 extra
3039 2707 3374 2748 dictionem
3427 2707 3733 2749 declarat.
3761 2724 3843 2734 —

435 2768 585 2846 Cap.
615 2769 717 2839 39,
752 2707 1081 2828 efenchum
1115 2766 1337 2826 deﬁnit
1374 2772 1435 2825 et
1465 2765 1759 2844 explicat,
1803 2767 2138 2826 ostendens
2184 2767 2443 2845 insuper
2471 2768 2790 2845 quomodo
2821 2768 2899 2828 ad
2926 2768 3170 2828 elencbi
3201 2769 3666 2846 ignorationem
3701 2788 3844 2830 om-

434 2845 542 2907 nes
572 2845 979 2927 paralogismi
1010 2846 1221 2906 reduci
1262 2851 1517 2928 queant.
1552 2881 1625 2888 —
1654 2848 1783 2924 Cap
1839 2851 1937 2918 40,
1971 2848 2047 2907 de
2105 2848 2640 2925 propositionibus
2701 2848 3024 2927 privativis
3054 2856 3117 2909 et
3179 2845 3572 2928 transpositis
3592 2851 3846 2911 erudita

433 2929 722 3010 quaedam
755 2932 1041 3010 annotat,
1073 2944 1145 2987 ac
1174 2927 1443 3003 denique
1475 2945 1627 3010 cum
1642 2928 2153 3010 syllogismorum
2185 2929 2680 3006 categoricorum
2713 2934 2773 2989 et
2805 2927 3371 3008 hypotheticorum’
3397 2936 3529 2990 tum
3587 2931 3843 3010 sophis—

433 3009 699 3069 ticorum
731 3007 1135 3069 elenchorum
1172 3025 1503 3066 numerum
1537 3007 1796 3084 colligit.

518 3089 740 3162 Habes,
773 3089 972 3149 amice
1001 3089 1216 3160 lector,
1253 3087 1528 3166 capitum
1560 3088 1954 3164 singulorum
1987 3095 2382 3166 argumenta,
2418 3107 2556 3167 quas
2587 3095 2881 3150 accurate
2911 3095 2976 3149 et
3005 3088 3332 3168 perspicue
3363 3095 3426 3150 et
3454 3089 3846 3151 sufﬁcienter

433 3169 498 3230 in
549 3170 687 3249 ipso
717 3169 880 3229 libro
935 3168 1352 3247 explicantur.
1394 3168 1572 3249 Quod
1601 3168 1653 3227 si
1683 3187 1884 3227 meam
1917 3187 2174 3246 operam
2207 3169 2336 3249 tibi
2375 3174 2619 3247 gratam
2652 3170 2784 3229 fore
2841 3168 3235 3243 intellexero,
3269 3170 3422 3230 alias
3486 3171 3675 3231 etiam
3708 3189 3846 3232 ver-

434 3247 674 3311 sionem
708 3267 913 3311 meam
947 3249 1234 3309 Latinam
1265 3247 1652 3325 recognitam
1685 3254 1888 3308 tecum
1923 3247 2426 3310 communicabo.
2465 3251 2629 3310 Bene
2657 3250 2795 3310 vale
2825 3256 2886 3310 et
2913 3250 3076 3310 fave.

738 3670 1473 3772 JOANNIS
1561 3669 2436 3769 WBGBLINK
2537 3665 3522 3769 AUGUSTANI

1612 3920 1994 3980 EPlSTOLA
2036 3919 2655 3982 NUNCUPATORIA

1020 4136 1075 4198 Τ
1070 4135 1240 4196 exluz'
1265 4134 1476 4196 Latino
1505 4133 1762 4212 [κυφαὶ-«τε,
1797 4151 1950 4192 αηηο
1987 4134 2163 4200 1607,
2195 4132 2480 4211 Augusta
2522 4131 2630 4191 Vin

1624 4133 1762 4204 rica},
1797 4151 1950 4192 anno
1987 4134 2163 4200 1607,
2195 4132 2480 4211 Augusta
2522 4129 2744 4192 Vz'ndel.
2779 4129 2934 4191 edito
2961 4130 3241 4212 praeﬁxa.

505 4513 917 4580 Nobilissimis
947 4518 1009 4572 et
1037 4509 1437 4589 amplissimis
1486 4509 1631 4567 viris
1661 4509 1868 4568 Marco
1900 4507 2152 4589 Velsero
2177 4513 2245 4589 et
2273 4507 2504 4589 Joanni
2547 4507 2785 4589 Jacobo
2819 4506 3188 4579 Remboldo,
3221 4509 3385 4585 Aug.
3421 4507 3669 4568 Vindel.
3704 4511 3838 4570 Du-

424 4598 685 4660 umviris
714 4597 990 4675 praefect.
1025 4587 1598 4675 septemvirumque
1621 4589 1905 4675 collegio.
1941 4588 2222 4675 Dominis
2255 4588 2335 4666 pl.
2369 4587 2794 4675 observandis.
2829 4591 2892 4675 8ἶ
3026 4589 3100 4647 D.

508 4667 845 4755 Nicephori
873 4667 1260 4755 Blemmidas,
1296 4671 1402 4748 qui
1439 4671 1620 4747 plura
1649 4687 1789 4755 cum
1849 4669 1913 4727 in
1946 4668 2266 4755 theologia
2299 4675 2428 4726 tum
2477 4668 2547 4755 in
2583 4668 2984 4755 philosophia
3013 4667 3262 4745 scripsit
3294 4672 3442 4755 ante
3473 4686 3675 4755 annos
3706 4670 3834 4729 cir-

426 4759 579 4818 citer
607 4747 918 4817 trecentos
948 4747 1351 4831 septuaginta
1381 4759 1642 4831 septem,
1678 4750 2008 4825 Epitomen
2035 4749 2301 4831 logicam
2336 4756 2399 4806 et
2433 4747 2776 4831 physicam,
2800 4749 3070 4831 Craacee
3101 4748 3546 4831 manuscriptis
3570 4749 3744 4831 inter
3769 4768 3834 4810 se

426 4839 671 4899 collatis
702 4851 975 4914 quatuor
1005 4825 1325 4892 codicibus
1356 4825 1751 4889 bibliothecae
1788 4836 2004 4888 vestrze
2037 4829 2328 4914 publicae,
2360 4829 2732 4888 nobilissimi
2763 4833 2824 4888 et
2845 4829 3213 4914 amplissimi
3242 4830 3381 4901 viri,
3415 4825 3655 4888 domini
3689 4830 3833 4914 plu-

425 4920 652 4977 rimum
686 4909 1083 4986 observandi,
1149 4914 1389 4991 primus
1439 4930 1554 4988 ego
1611 4928 1777 4968 anno
1829 4917 1969 4988 post
2011 4909 2339 4991 Christum
2378 4916 2615 4991 natum
2673 4927 2863 4986 supra
2915 4909 3309 4991 millesimum
3345 4913 3829 4991 _sexcentesimo

424 4999 645 5076 quinto
675 4999 838 5074 typis
871 4996 971 5054 hic
1003 4988 1430 5076 excutiendam
1464 4991 1710 5076 curavi,
1734 4996 1794 5049 et
1823 4993 1885 5048 in
1921 4988 2470 5076 publicumemisi.
2509 4991 2704 5076 _Anno
2732 4996 3029 5076 sequente
3063 4989 3264 5066 primo
3293 4988 3694 5076 PhysicamAa
3727 5009 3830 5076 me

426 5069 642 5138 Latine
670 5069 913 5136 versam
947 5087 1009 5135 et
1034 5075 1204 5133 brevi
1238 5073 1478 5150 anaiysi
1510 5072 1901 5145 singulorum
1936 5072 2210 5146 capitum
2243 5069 2307 5126 in
2341 5070 2620 5150 membra
2686 5069 3237 5150 membrorumque
3286 5071 3700 5147 argumentis,
3732 5071 3829 5130 al-

421 5159 842 5236 legationibus
872 5157 1018 5215 item
1056 5154 1596 5236 marginalibuset
1628 5151 1792 5209 notis
1849 5151 2079 5236 alicubi
2107 5156 2352 5209 auctam
2388 5157 2449 5208 et
2471 5149 2848 5236 illustratam
2883 5149 3081 5236 edidi.~
3105 5153 3277 5208 Hanc
3307 5151 3495 5209 etiam
3529 5150 3828 5236 Logicam

423 5231 672 5317 profero
703 5238 1075 5317 eademque
1109 5233 1667 5317 antea-Physicatn
1697 5231 2442 5317 operastudioquemeo.
2476 5234 2632 5289 Nam
2665 5237 2728 5290 et
2756 5248 2891 5317 eam
2932 5248 3018 5317 ex_
3041 5232 3254 5290 Graeco
3287 5249 3575 5317 sermone
3606 5232 3670 5291 in
3701 5234 3829 5292 La-

419 5310 622 5379 tinum
657 5310 1065 5387 transtuli,'et
1120 5314 1368 5392 singula
1399 5313 1683 5390 capitain
1719 5311 2001 5370 membra
2042 5310 2290 5392 resolvi,
2326 5310 2670 5392 eademque
2726 5310 3055 5392 succinctis
3106 5310 3494 5392 argumentis
3525 5329 3816 5388 compre-

415 5399 610 5461 hendi
641 5403 702 5457 et
731 5395 1102 5466 Aristotelis,
1135 5391 1548 5472 interpretum
1601 5393 1757 5468 ejus,
1792 5393 2068 5472 itemque
2115 5391 2383 5472 aliorum
2444 5391 2967 5472 philosophorum
2999 5391 3507 5472 probatorumet
3538 5409 3828 5452 meorum

415 5481 480 5542 in
514 5477 882 5558 Gregorium
915 5470 1411 5558 Aneponymum
1437 5473 1815 5558 scholiorum
1872 5470 2303 5558 notationibus
2322 5471 2395 5558 in
2453 5471 2801 5558 marginem
2853 5470 3122 5558 rejectis,
3156 5471 3386 5558 passim
3406 5471 3827 5558 .locupletarvi.

415 5550 951 5623 Commentarium
999 5550 1196 5616 etiam
1249 5554 1747 5625 luculentiorem,
1785 5570 1970 5630 quem
2025 5551 2159 5630 jam
2192 5553 2549 5612 confectum
2612 5551 2836 5620 habeo,
2870 5551 3272 5624 addidissem,
3306 5550 3425 5611 nisi
3447 5550 3586 5630 jam
3639 5557 3832 5614 antea.

413 5642 479 5704 in
513 5643 630 5700 hac
663 5638 924 5699 materia
955 5635 1192 5714 aliquid
1225 5635 1388 5693 foras
1420 5634 1748 5693 dedissem.
1781 5639 1842 5692 et
1867 5651 2074 5711 operte
2103 5632 2574 5711 typographicee
2606 5632 2830 5714 partim
2868 5631 3022 5714 mihi
3053 5631 3643 5714 sumptusifacienti,
3678 5649 3828 5714 par-

413 5725 528 5784 tim
559 5720 831 5800 emptori
861 5712 1445 5800 plurisvcon‘stllurze
1502 5717 1785 5800 fuissent,
1817 5721 1884 5800 et
1934 5732 2043 5800 per
2068 5732 2134 5800 s_e
2161 5714 2348 5800 etiam
2380 5712 2840 5800 ipsam_et__hzec
2874 5713 3101 5800 Logica
3130 5713 3218 5800 sic
3249 5712 3450 5800 facilis
3469 5719 3542 5800 _et
3569 5713 3822 5800 perspi-

415 5821 535 5868 cua
564 5791 745 5882 foret,
780 5791 958 5863 ut'ab
989 5797 1065 5859 iis
1095 5796 1205 5877 qui
1234 5795 1557 5878 aliquanto
1604 5791 1965 5872 diligentius
1990 5793 2056 5854 in
2090 5793 2464 5872 Logicorum
2505 5791 2735 5854 scholis
2791 5793 3024 5854 versati
3052 5798 3223 5870 sunt,
3255 5793 3411 5855 citra
3467 5791 3824 5872 longiorem
