4096 6418
1655 448 2002 513 EPITOME
2044 448 2353 551 LOQICA.

3551 449 3670 514 690

262 577 380 637 νέοι
453 573 533 635 ἔτι
590 572 742 644 ὄντες
805 577 895 637 καί
964 580 1100 657 πρὸς
1170 578 1493 661 φιλοσοφίαν
1568 582 1913 660 εἴσαγωγικοὶ

2043 585 2199 643 renili
2230 590 2414 656 astate,
2447 603 2582 644 cum
2614 585 2807 644 adhuc
2837 587 2910 644 ad
2941 586 3374 661 philosophiam
3405 586 3670 644 introdu-

263 669 359 725 καὶ
413 667 842 743 ἀνεπιστήμονες
887 670 1094 744 (ὁποῖοι
1142 670 1230 726 καὶ
1283 670 1360 734 είς
1407 672 1469 726 τὸ
1529 670 1651 744 ἑξῆς
1704 671 1765 727 ἐκ
1818 679 1917 742 τῆς

263 757 567 836 συντρόφου
625 757 887 835 ῥᾳθυμίας
934 758 1025 814 καὶ
1086 759 1348 836 ῥυπαρίας
1414 758 1778 836 διεμείναμεν)
1834 761 1918 817 ἐκ·

265 844 600 921 δεδώκαμεν,
633 846 775 903 οὕτω
804 849 1313 925 προοιμιασάμενοι.

344 937 396 1012 β.
428 934 711 1000 Βασιλείας
764 937 855 993 καὶ
906 935 1234 1016 φιλοσοφίας
1284 937 1428 995 πολὺ
1475 940 1538 995 τὸ
1585 941 1830 1016 συγγενές
1858 962 1918 995 τε

263 1024 359 1081 καί
413 1024 802 1102 ὁμοιότροπον.
858 1027 958 1081 Καὶ
1010 1025 1176 1106 ἄμφω
1230 1030 1330 1105 γὰρ
1386 1029 1449 1084 τὸ
1495 1030 1785 1105 μεγαλεῖον
1816 1037 1916 1099 τῆς

266 1114 529 1192 θεαρχίας
586 1115 959 1187 ἐξεικονίζοοσι
1001 1163 1016 1190 ,
1073 1117 1165 1172 καὶ
1235 1118 1326 1173 τὸν
1397 1115 1509 1173 ἴσον
1579 1119 1915 1194 προτίθενται

263 1204 468 1259 σκοπὸν
528 1204 762 1268 ἒαοταῖς·
820 1208 856 1274 ἡ
921 1205 1016 1278 μὲν
1069 1210 1178 1261 τῶν
1225 1207 1386 1277 ἀξιῶν
1438 1207 1797 1283 ὑπερέχουσα,
1826 1208 1916 1263 καὶ

261 1298 389 1357 ταῖς
438 1293 638 1371 ἀρχαῖς
688 1292 1075 1350 ἐπιτάττουσαο
1119 1297 1154 1365 ἡ
1206 1293 1264 1350 δὲ
1338 1300 1444 1350 τῶν
1502 1301 1713 1373 τεχνῶν
1774 1298 1918 1373 ἐξάρ-

267 1402 451 1459 χουσα
493 1383 583 1437 καὶ
634 1386 742 1438 τῶν
775 1381 1115 1456 ἐπιστημῶν,
1160 1384 1249 1440 καὶ
1295 1391 1665 1459 νομοθετοῦσα
1698 1386 1916 1449 ταύταις

268 1474 526 1546 ἁπάσαις,
574 1472 665 1527 καὶ
737 1471 1054 1546 καλουμένη
1115 1470 1205 1529 διὰ
1258 1479 1425 1530 ταῦτα
1478 1476 1647 1551 τέχνη
1716 1482 1921 1553 τεχνῶν

264 1562 360 1616 καὶ
418 1560 695 1634 ἐπιστήμη
755 1561 1109 1635 ἐπιστημῶν·
1165 1560 1346 1639 ὥσπερ
1403 1565 1439 1632 ἡ
1502 1562 1748 1639 βασιλεία
1810 1569 1917 1619 τῶν

267 1648 434 1720 ἀξιῶν
464 1648 584 1720 ἀξία
610 1649 700 1704 καὶ
726 1649 973 1727 ὑπεροχὴ
1002 1654 1109 1704 τῶν
1143 1651 1447 1727 ὑπεροχῶν.

342 1827 408 1901 γ’.
442 1824 726 1889 Βασιλείας
774 1823 865 1881 οὖν
913 1828 1005 1882 καὶ
1055 1826 1381 1907 φιλοσοφίας
1431 1828 1800 1895 συνελθουσῶν
1832 1832 1918 1887 τέ-

268 1912 421 1970 λειον
475 1915 711 1971 τὸ’κατ’
758 1915 939 1971 εἷ’κόνα
983 1917 1127 1972 Θείαν
1186 1919 1644 1995 χαρακτηρίζεται
1688 1922 1779 1976 καὶ
1829 1922 1919 1976 ἀν-
1950 1958 1999 2023 Β

334 2000 360 2023 δ
388 2004 407 2023 \
516 2004 533 2023 ι
632 2002 705 2023 ,δί
810 2005 825 2023 Ὦ
862 2006 888 2023 Α
952 2006 963 2023 ﬂ
1172 2007 1187 2023 \
1255 2007 1270 2023 Ὦ
1421 2008 1436 2023 \
1532 2009 1546 2023 ς
1635 2006 1660 2023 Α
1699 2008 1711 2023 1

272 2000 469 2072 ενδεὲς,
502 2004 578 2067 ὡς
629 2002 742 2074 ἐξὸν
801 2005 1084 2082 ἀνθρώπῳ,
1131 2007 1194 2061 τὸ
1245 2007 1473 2083 ἀρχικὸν
1521 2006 1919 2068 ἀποδείκνυται.

271 2092 559 2148 κάντεῦθεν
632 2091 832 2163 εύζωΐα
904 2094 994 2148 καὶ
1069 2093 1335 2170 εὐπραγία
1399 2102 1518 2160 τοῖς
1592 2097 1924 2174 ἀρχομένοις

269 2179 503 2252 πολλή’
553 2183 731 2245 καθώς
775 2203 882 2237 που
928 2181 1020 2238 καί
1064 2204 1149 2246 τις
1200 2185 1366 2261 μέγας
1415 2183 1713 2265 φιλόσοφος
1764 2188 1927 2262 ἐγνω-

277 2270 538 2343 μάτευσεν
570 2268 780 2347 ἄριστα,
830 2270 952 2327 τότε
997 2292 1125 2335 τους
1176 2273 1448 2344 ὑπηκόους
1494 2275 1550 2330 εὗ
1602 2272 1746 2352 ἔχειν
1789 2277 1924 2332 ἀπο-

276 2358 611 2436 φηνάμενος,
670 2357 762 2416 ὅτε
820 2359 1092 2435 βασιλεύει
1152 2359 1449 2441 φιλόσοφος
1480 2410 1495 2437 ,
1551 2361 1589 2433 ἤ
1640 2363 1928 2445 φιλοσοφεῖ

277 2447 559 2523 βασιλεύς.

345 2714 410 2772 δ’.
444 2716 544 2775 Καὶ
594 2715 665 2772 ἵν’
724 2714 861 2773 εἷ’πω
922 2716 1206 2793 συντόμως
1258 2721 1318 2775 τὸ
1372 2727 1499 2794 πᾶν,
1559 2721 1659 2778 ούκ
1703 2722 1843 2779 ἄλλο
1874 2746 1928 2779 τι

274 2804 393 2862 ἐστὶ
430 2806 496 2862 τὸ
547 2806 849 2883 βασιλεύειν
900 2805 1341 2882 ἐπιστημονικῶς
1381 2807 1419 2879 ἤ
1467 2817 1569 2880 τῆς
1623 2821 1925 2887 πρακτικῆς

277 2895 609 2974 φιλοσοφίας
663 2895 793 2952 αὐτὸ
846 2896 909 2951 τὸ
969 2896 1287 2974 ἀκρότατον.
1350 2900 1430 2954 Ἐν
1473 2898 1617 2973 αὐτῷ
1663 2902 1766 2979 γὰρ
1791 2902 1929 2957 ἅπαν

271 2985 339 3040 τὸ
393 2985 741 3058 νομοθετικόν
799 3007 860 3041 τε
914 2985 1004 3042 καὶ
1063 2985 1368 3043 δικαστικόν
1399 3030 1411 3043 .
1470 2989 1534 3043 Εἰ
1593 2988 1651 3045 δὲ
1717 2996 1877 3046 τοῦτο
1910 3039 1927 3054 ,

278 3075 421 3146 μετὰ
446 3078 544 3129 τοῦ
602 3079 939 3151 θεωρητικοῦ
994 3096 1055 3130 τε
1103 3077 1195 3130 καὶ
1252 3074 1477 3152 λογικοῦ
1524 3079 1614 3133 καὶ
1664 3079 1716 3135 ἐν
1755 3082 1928 3157 πράγ-

283 3183 416 3236 μασι
470 3163 561 3218 καὶ
617 3160 856 3239 δόγμασι
916 3164 1214 3239 βασιλικῶς
1295 3165 1637 3238 ἐπιστατήσει
1694 3169 1722 3223 ὁ
1782 3170 1930 3245 βασι-

278 3251 437 3314 λεύς
492 3250 582 3307 καί
627 3253 693 3308 τὸ
745 3253 1106 3328 προνοητικὸν
1164 3254 1253 3310 καὶ
1312 3251 1782 3331 διακυϐερνητικὸν
1837 3259 1924 3314 καθ

2024 693 2291 733 ceremur
2318 681 2376 733 et
2405 677 2593 752 ignari
2624 694 2889 734 essemus
2917 677 3144 750 (quales
3174 678 3350 734 etiam
3393 678 3668 750 deinceps

2026 781 2095 821 ex
2122 766 2294 822 solita
2332 765 2674 823 remissione
2704 771 2761 823 et
2788 766 3056 839 squalore
3102 766 3555 839 permansimus)
3586 767 3669 824 sic

2026 855 2248 927 praefati
2278 856 2593 912 edidimus.

2097 949 2153 999 2.
2187 944 2373 1016 Regni
2417 949 2474 1001 et
2522 945 2902 1018 philosophiae
2947 945 3135 1003 multa
3187 949 3277 1001 est
3321 945 3591 1018 cognatio
3614 947 3674 1001 et

2027 1033 2447 1089 convenientia.
2496 1035 2680 1090 Ambo
2726 1034 2883 1090 enim
2923 1033 3103 1090 divini
3133 1033 3363 1106 imperii
3394 1035 3670 1105 majesta-

2025 1124 2144 1176 tem
2188 1122 2354 1193 quasi
2403 1122 2463 1177 in
2511 1122 2701 1195 efﬁgie
2748 1118 3190 1195 repraesentant,
3218 1126 3275 1177 et
3303 1138 3503 1194 parem
3552 1121 3664 1177 sibi

2027 1226 2269 1282 scopum
2301 1214 2669 1283 pr0ponunt;
2701 1226 2835 1266 cum
2858 1209 3002 1266 illud
3027 1209 3263 1282 quidem
3286 1209 3672 1282 dignitatibus

2028 1299 2336 1354 antecedat
2365 1303 2421 1354 et
2450 1300 2839 1371 potestatibus
2870 1299 3122 1371 imperet
3151 1314 3166 1358 :
3198 1298 3319 1354 haac
3349 1303 3545 1354 autem
3577 1314 3676 1355 ar-

2025 1386 2186 1442 tibus
2215 1391 2273 1443 et
2300 1387 2561 1444 scientiis
2592 1405 2724 1443 cum
2759 1388 3003 1460 imperio
3035 1387 3253 1460 praesit,
3286 1386 3497 1459 hisque
3544 1403 3670 1443 om-

2028 1474 2203 1531 nibus
2258 1475 2416 1549 leges
2470 1477 2840 1548 praascribat;
2895 1493 2962 1532 ac
3018 1477 3092 1533 ob
3143 1476 3201 1532 id
3246 1493 3342 1533 ars
3373 1475 3587 1531 artium
3619 1478 3676 1531 et

2029 1565 2274 1620 scientia
2303 1564 2681 1621 scientiarum
2704 1569 2971 1633 vocetur;
2996 1569 3054 1621 et
3074 1565 3569 1637 quemadmodum
3592 1581 3676 1620 re-

2029 1670 2213 1725 gnum
2242 1653 2500 1727 dignitas
2525 1655 2880 1727 dignitatum
2922 1657 2980 1710 et
3025 1653 3478 1711 eminentiarum
3524 1655 3675 1711 emi-

2029 1742 2249 1799 nentia.

2099 1834 2152 1887 3.
2183 1832 2426 1896 Quando
2453 1832 2695 1905 proinde
2726 1849 2973 1905 regnum
3022 1835 3080 1888 et
3127 1830 3495 1905 philosophia
3523 1830 3672 1889 coie-

2030 1920 2169 1987 rint,
2220 1924 2348 1977 tum
2397 1921 2676 1995 imaginis
2724 1921 2930 1977 divina:
2979 1919 3256 1993 perfectio
3305 1919 3672 1993 exprimitur,

2033 2009 2343 2080 omnisque
2373 2009 2708 2082 indigentiae
2737 2011 3264 2083 expers,quantum
3296 2012 3353 2064 et
3383 2012 3674 2081 quatenus

2033 2097 2258 2154 homini
2315 2098 2650 2172 contingere
2696 2099 2744 2154 8
2795 2101 3005 2171 potest,
3062 2097 3376 2169 imperium
3432 2097 3675 2153 demon-

2035 2189 2278 2253 stratur,
2311 2190 2486 2259 atque
2528 2187 2667 2242 hinc
2713 2188 2888 2243 etiam
2937 2187 3008 2242 ad
3061 2185 3328 2242 subditos
3374 2186 3676 2242 beatitudo

2034 2276 2161 2332 vitae
2202 2280 2259 2332 et
2287 2292 2480 2332 rerum
2512 2276 2901 2349 regendarum
2950 2275 3312 2349 prosperitas
3360 2275 3675 2332 derivatur.

2036 2366 2542 2432 Quemadmodum
2573 2365 2748 2421 etiam
2784 2363 2998 2421 alicubi
3022 2379 3273 2435 magnus
3294 2363 3535 2435 quidam
3556 2363 3682 2436 phi-

2034 2452 2318 2526 losophus
2366 2452 2585 2526 optime
2632 2453 2879 2520 censuit,
2930 2453 3032 2524 qui
3080 2451 3502 2525 pronuntiavit,
3539 2455 3682 2508 tunc

2036 2543 2182 2598 bene
2211 2558 2346 2598 cum
2376 2542 2629 2598 subditis
2661 2546 2857 2599 actum
2906 2541 2999 2613 iri,
3043 2558 3178 2598 cum
3227 2541 3377 2614 regit
3422 2540 3678 2614 philoso-

2038 2631 2193 2704 phus
2225 2636 2329 2687 aut
2361 2646 2462 2687 rex
2490 2630 2956 2704 philosophatur.

2114 2724 2166 2776 4.
2198 2722 2406 2792 Atque,
2439 2724 2505 2775 ut
2532 2719 2785 2776 breviter
2812 2735 2935 2775 rem
2966 2734 3198 2775 omnem
3241 2718 3455 2786 dicam,
3489 2717 3678 2775 scien-

2036 2815 2128 2866 ter
2156 2825 2352 2883 regers
2382 2808 2526 2865 nihil
2557 2812 2645 2864 est
2673 2808 2828 2864 aliud
2864 2824 3042 2880 quam
3070 2807 3267 2863 activae
3298 2805 3679 2880 philosophia

2037 2914 2340 2955 summum
2374 2896 2694 2970 fastigium.
2744 2901 2810 2951 In
2854 2896 2985 2969 ipsa
3033 2896 3190 2951 enim
3239 2895 3432 2952 omnis
3482 2895 3678 2969 legum

2038 2986 2408 3044 ferendarum
2458 2989 2517 3041 et
2565 2985 2926 3057 judiciorum
2986 2984 3132 3043 ratio
3178 2984 3463 3041 consistit.
3514 2985 3678 3051 Quod

2037 3093 2172 3133 cum
2204 3075 2286 3132 ita
2314 3075 2408 3147 sit,
2430 3078 2767 3147 comparata
2795 3073 3036 3146 insuper
3054 3077 3113 3129 et
3141 3071 3601 3145 contemplativa:
3623 3077 3682 3129 et

2038 3164 2344 3221 rationalis
2394 3163 2777 3236 philosOphiss
2821 3161 3169 3235 cognitione,
3202 3177 3303 3217 rex
3331 3164 3398 3215 ut
3425 3176 3561 3233 rege
3588 3160 3677 3216 di-

2038 3270 2219 3327 gnum
2252 3257 2341 3309 est
2367 3256 2424 3308 et
2452 3252 2675 3324 agendo
2705 3255 2764 3307 et
2790 3249 3151 3306 decernendo
3198 3247 3428 3322 praeerit
3455 3252 3514 3304 et
3541 3264 3679 3320 pro-

274 3339 430 3403 ὅλως
477 3341 537 3395 τὸ
577 3325 922 3397 παιδευτικὸν
974 3339 1257 3414 ἐνδείξεται
1305 3325 1629 3422 πανταχοῦ,
1670 3346 1757 3401 καὶ
1807 3347 1923 3410 θεός

2043 3325 2349 3398 fidentiam
2396 3358 2461 3396 ac
2512 3340 2877 3414 gubernandi
2907 3338 3306 3395 dexteritatem
3338 3341 3398 3393 et
3421 3353 3524 3410 per
3552 3354 3675 3394 om-

267 3450 359 3491 τις
390 3426 563 3493 ἄλλος
588 3428 680 3485 ἐπὶ
721 3437 823 3508 γῆς
871 3431 1239 3508 εὑρεθήσεται,
1274 3433 1407 3507 μετά
1450 3441 1549 3504 τῆς
1595 3440 1702 3490 τῶν
1754 3431 1922 3492 ὄντων

269 3519 529 3595 γνώσεως
584 3517 885 3583 ἀκωλύτως
936 3525 1043 3576 τῶν
1091 3520 1515 3597 καταδεεστέρων
1557 3523 1923 3599 ἐπιμελούμε-

263 3630 382 3670 νος.

341 3813 403 3869 ε’.
433 3812 591 3867 Ταῦτ’
622 3808 716 3866 οῦν
741 3811 770 3867 ὑ
801 3811 933 3886 ἐμὸς
979 3811 1328 3890 αὐτοκράτωρ
1370 3812 1551 3889 εἰδὼς,
1593 3814 1676 3870 ὅτι
1703 3812 1922 3885 πολλὴν

268 3900 399 3976 περὶ
477 3898 805 3980 φιλοσοφίαν
878 3898 1083 3977 εἰσάγει
1143 3901 1383 3973 σπουδήν
1414 3946 1428 3971 ,
1485 3910 1602 3967 τοῖς
1678 3911 1925 3983 φυσικοῖς

266 3989 716 4063 πλεονεκτήμασι
762 3991 862 4060 τὴν
909 3991 1034 4067 περὶ
1096 3993 1165 4047 τά
1211 3990 1478 4049 κάλλιστα
1527 3993 1759 4067 μελέτην
1810 3994 1924 4049 ἐπι-

269 4081 583 4148 συνάπτων,
642 4079 693 4151 ἐξ
748 4081 822 4134 ὧν
869 4081 1011 4155 ὁμοῦ
1065 4081 1299 4161 πέφυκεν
1361 4081 1591 4146 ἐντελῶς
1635 4086 1927 4162 κατορθοῦ-

269 4170 394 4224 σθαι
421 4174 528 4223 πᾶν
561 4163 717 4245 ἔργον
741 4168 950 4244 τίμιον.

343 4380 409 4438 ς’.
459 4372 608 4428 Ἐπεὶ
659 4369 718 4427 δὲ
757 4374 847 4428 καὶ
898 4375 1046 4447 ἡμᾶς
1094 4372 1221 4436 τοὺς
1272 4373 1501 4450 μικροὺς
1563 4372 1756 4451 μικράν
1810 4395 1928 4430 τινα

272 4461 366 4518 καὶ
414 4460 715 4538 πρόχειρον
764 4461 911 4534 αύτῷ
959 4467 1371 4537 συνεισενεγκεῖν
1424 4468 1521 4517 τοῦ
1577 4461 1924 4537 σπουδάσμα-

272 4572 371 4613 τος
422 4547 702 4606 ἐκέλευσεν
748 4550 1026 4627 ἀφορμὴν,
1079 4549 1525 4627 ἀποπληροῦντες
1580 4553 1678 4621 τήν
1740 4552 1925 4608 κέλευ-

274 4660 361 4695 σιν
412 4637 544 4702 τοὺς
601 4630 1065 4715 ὑποτεταγμένους
1138 4638 1462 4715 εἰσαγωγοὺς
1522 4639 1575 4696 ἐν
1626 4641 1924 4720 φιλοσοφίᾳ

273 4729 396 4784 κατ’
450 4726 721 4802 ἐπιτομὴν
785 4726 1133 4801 συνετάξαμεν
1211 4726 1436 4804 ὀλίγους
1506 4730 1924 4805 ὑπομνηματισ-

281 4815 442 4893 μ-οός.

354 4939 416 5003 ζ.
447 4936 605 4998 Ὅθεν
637 4929 694 4987 εἷ’
732 4953 816 4996 τις
864 4937 976 4988 τῶν
1021 4932 1398 5008 ἐπιστημόνων
1444 4934 1508 4990 τὸ
1556 4937 1727 5012 παρὸν
1772 4936 1927 5014 ἐπέρ-

278 5043 447 5101 χοιτο
502 5019 898 5097 συνταγμάτων
947 5023 1022 5096 μή
1074 5023 1211 5099 πρὸς
1266 5024 1329 5079 τὸ
1390 5030 1490 5093 τῆς
1544 5024 1927 5099 ὑπομνηματί-

275 5133 415 5175 σεως
473 5107 838 5185 ἀμεθόδευτον
883 5109 974 5165 καὶ
1044 5111 1105 5166 τὸ
1154 5114 1262 5166 τῶν
1335 5111 1657 5168 ἐπιστασιῶν
1716 5115 1932 5169 ἀκατευ-

277 5201 555 5278 στόχητον
611 5199 833 5278 ἀφορῶν
885 5198 1202 5276 ὀργιζέσθω.
1264 5202 1362 5256 Καὶ
1419 5203 1523 5279 γὰρ
1579 5203 1608 5258 ὃ
1668 5200 1929 5275 δέδοται,

276 5295 440 5346 τοῦτο
470 5288 562 5344 καὶ
594 5285 809 5366 εἴρηται
856 5288 945 5343 καὶ
995 5290 1071 5352 ὡς
1119 5286 1351 5347 δέδοται.
1396 5294 1461 5344 "O
1501 5289 1559 5347 δὲ
1607 5295 1642 5361 ἡ
1688 5292 1931 5355 σύνοικος

185 5443 191 5446 ν
282 5379 517 5453 ἀμέλεια
600 5377 689 5433 καὶ
785 5379 821 5447 ἡ
912 5377 1203 5452 ἀκαθαρσία
1288 5381 1478 5458 φθάσαι
1563 5380 1931 5436 κεκωλύκασιν

2036 3430 2134 3487 nia
2163 3429 2550 3486 eruditionem
2581 3429 2800 3500 ubique
2831 3428 3121 3494 ostendet,
3170 3431 3228 3483 et
3264 3425 3410 3482 alter
3438 3424 3680 3499 quidam

2036 3520 2095 3574 in
2143 3525 2299 3576 terra
2346 3520 2491 3574 deus
2539 3517 3028 3589 deprehendetur,
3060 3521 3126 3573 ut
3155 3515 3257 3588 qui
3288 3532 3423 3572 cum
3453 3514 3680 3572 entium

2037 3606 2366 3682 cognitione
2391 3607 2539 3662 citra
2581 3605 3071 3678 impedimentum
3119 3605 3297 3661 etiam
3333 3603 3679 3660 inferiorum

2034 3711 2231 3751 rerum
2263 3711 2462 3752 curam
2493 3693 2796 3766 suscipiat.

2103 3802 2158 3856 5.
2192 3800 2323 3857 Haec
2347 3800 2528 3872 igitur
2556 3816 2690 3855 cum
2724 3798 2900 3856 sciret
2927 3799 3243 3871 imperator
3271 3814 3459 3867 meus,
3492 3797 3676 3854 maxi-

2036 3906 2133 3946 ma
2161 3891 2232 3945 ad
2267 3888 2697 3962 philosophiam
2746 3887 3034 3944 incumbit
3088 3886 3411 3959 diligentia,
3444 3890 3502 3942 et
3543 3901 3679 3943 cum

2035 3978 2449 4035 excellentibus
2480 3981 2699 4033 naturas
2730 3976 2955 4033 notitiis
2975 3975 3326 4048 optimorum
3348 3976 3677 4032 studiorum

2035 4067 2502 4124 exercitationem
2564 4065 2889 4137 conjungit,
2950 4064 3166 4137 quibus
3226 4063 3403 4121 simul
3455 4062 3680 4135 junctis

2035 4173 2209 4213 omne
2238 4156 2552 4212 honestum
2601 4171 2748 4227 opus
2796 4159 2847 4210 ,ι
2895 4158 2954 4210 et
2998 4153 3300 4227 negotium
3344 4152 3593 4226 perfecte
3621 4155 3680 4209 et

2035 4262 2173 4302 cum
2201 4244 2376 4302 laude
2404 4243 2805 4300 administrari
2835 4242 3153 4299 consuevit.

2106 4362 2160 4416 6.
2193 4359 2479 4424 Quoniam
2533 4363 2729 4415 autem
2776 4358 2951 4414 etiam
2999 4374 3105 4413 nos
3151 4357 3431 4413 tenuitate
3478 4360 3681 4412 nostra

2038 4450 2312 4524 exiguum
2346 4449 2587 4521 aliquod
2617 4453 2675 4505 et
2702 4446 2869 4504 facile
2900 4446 3012 4503 sibi
3035 4446 3220 4518 jussit
3247 4446 3450 4502 afferre
3500 4461 3676 4516 opus-

2035 4539 2151 4595 culi
2184 4538 2549 4605 subsidium;
2578 4541 2642 4593 ut
2671 4537 2946 4592 mandato
2972 4536 3101 4607 ejus
3130 4549 3494 4607 pararemus,
3537 4534 3676 4590 sub-

2029 4630 2221 4700 jectas
2251 4628 2310 4683 in
2343 4626 2775 4699 philosophiam
2807 4623 3273 4697 compendiarias
3300 4621 3678 4679 introductio-

2041 4734 2168 4789 nes,
2194 4717 2435 4789 exiguos
2465 4713 2940 4781 commentarios,
2971 4711 3434 4785 composuimus.

2105 4944 2163 4995 7.
2196 4941 2383 5006 Quare
2425 4938 2475 4994 si
2516 4938 2649 5010 quis
2698 4938 3001 4993 doctorum
3048 4936 3108 4991 in
3157 4952 3415 5008 praesens
3461 4935 3680 4993 incidet

2039 5029 2413 5102 opusculum,
2436 5043 2508 5083 ne
2528 5027 2601 5082 ad
2634 5023 3140 5082 commentationis
3168 5023 3679 5096 indispositionem

2041 5124 2099 5174 et
2153 5120 2570 5190 praeceptorum
2646 5114 2847 5170 minus
2906 5117 3238 5169 accuratam
3291 5112 3683 5186 solertemque

2044 5203 2444 5261 dexteritatem
2479 5201 2795 5274 respiciens
2824 5202 3130 5257 irascatur.
3162 5202 3325 5268 Quod
3372 5200 3529 5257 enim
3580 5202 3681 5259 da-

2040 5298 2167 5349 tum
2217 5298 2325 5360 est,
2359 5293 2416 5348 id
2459 5292 2634 5348 etiam
2684 5291 2904 5346 dictum
2952 5295 3060 5362 est,
3111 5294 3170 5346 et
3216 5294 3283 5346 ut
3326 5290 3530 5347 datum
3572 5296 3681 5348 est.

2047 5384 2206 5450 Quod
2242 5392 2436 5438 autem
2488 5380 2843 5454 negligentia
2882 5380 3051 5436 nobis
3099 5379 3404 5436 familiaris
3435 5385 3492 5437 et
3522 5381 3681 5437 inex-

283 5470 457 5541 ἡμᾶς,
517 5466 579 5522 ἐκ
628 5474 730 5536 τῆς
781 5463 1212 5529 πλουτοδότιδος
1265 5467 1590 5548 φιλοσοφίας
1645 5470 1923 5548 εἰσφερέτιι

2047 5472 2279 5546 purgati
2315 5471 2496 5527 animi
2527 5470 2823 5526 crassities
2868 5469 3099 5541 assequi
3145 5469 3586 5541 prohibuerunt,
3618 5487 3686 5526 ex

285 5558 413 5635 παρ’
465 5557 661 5611 ἑαυτοῦ
708 5556 738 5610 ὁ
781 5555 1086 5629 ἠξιωμένος
1136 5553 1343 5628 λαϐεῖν,
1390 5565 1491 5628 τῆς
1546 5580 1606 5613 τε
1650 5559 1935 5630 ἀνεπιστη-

293 5647 532 5721 μοσύνης
562 5644 976 5722 συγγινωσκέτω
1003 5647 1159 5719 ἡμῖν.

2044 5560 2459 5618 liberalissimo
2508 5558 2889 5632 philosophias
2920 5574 3074 5631 penu
3107 5557 3258 5614 ultro
3289 5558 3427 5626 huc,
3457 5558 3556 5630 qui
3585 5575 3685 5614 cu-

2049 5651 2134 5724 pit
2161 5649 2678 5719 auferre,atferat,e
2697 5651 2935 5705 tnostrse
2965 5646 3307 5721 ignorantiae
3330 5646 3561 5704 veniam
3582 5645 3690 5704 im-

2045 5738 2278 5813 pertint.
